3950 6156
497 293 633 350 1175

1694 290 1752 345 5.
1788 288 2114 345 GREGORII
2155 287 2446 343 NYSSENI

3636 286 3778 339 “76

499 426 617 464 cum
652 407 760 462 Deo
791 406 1228 476 eolloquebatur,
1249 406 1599 477 splendidam
1652 405 1846 462 faciem
1877 407 2068 461 habuit

2186 424 2362 470 ιατος.
2400 405 2473 458 Τὸ
2512 403 2789 475 εἰρηκέναι
2824 406 2873 454 ἑὲ
2919 403 3010 454 τὸν
3055 400 3322 470 θεόφρονα
3363 398 3651 470 Συμεῶνα
3700 402 3776 462 εἰς

496 511 549 558 ct
576 502 938 556 illmninatam
963 501 1007 530 ⁶⁰
1042 517 1055 554 :
1093 499 1167 553 ita
1190 500 1354 554 etiam
1383 499 1509 556 illos
1539 501 1691 570 ipsos
1709 516 1832 556 cum
1857 500 2066 563 divino,

494 590 640 664 quod
690 591 986 642 humanam
1046 597 1302 643 naturam
1353 590 1692 659 assumpsit,
1736 589 1941 664 lumine
1975 604 2072 658 per

497 661 657 737 Iidem
707 693 1038 750 congressos
1076 687 1156 755 et.
1180 678 1383 733 virtute
1431 679 1662 747 spiritus
1707 661 2071 744 illuminatos,

497 787 762 842 vetusque
805 772 1173 826 velamentum
1203 770 1566 839 deponentes,
1601 778 1657 824 et
1700 772 1888 826 eadem
1933 770 2072 824 ima-

495 869 619 939 gine
643 881 703 919 se
730 864 797 918 de
828 864 1001 934 gloria
1029 864 1083 917 in
1105 863 1336 933 gloriam
1364 861 1848 929 transformantes,
1881 879 2073 934 quem-

495 956 790 1011 admodum
824 954 981 1023 quasi
1035 952 1245 1022 Spiritu
1291 953 1508 1009 Domini
1565 956 1864 1026 Apostolus
1913 954 2070 1017 ait“,

495 1049 666 1119 gloria
701 1056 867 1117 atque
916 1045 1214 1116 splendore
1244 1046 1898 1118 prwditOS'apparituros
1927 1063 2071 1103 esse.

492 1141 668 1195 Porro
712 1138 860 1208 quod
906 1138 1128 1192 divinus
1174 1135 1396 1193 Simeon
1442 1137 1619 1205 dixit,
1669 1140 1725 1193 in
1766 1140 1984 1194 ruinam
2019 1148 2075 1194 ct

493 1233 961 1288 resurrectionem
992 1229 1289 1284 multorum
1322 1229 1376 1283 in
1401 1229 1570 1286 Israel
1603 1232 1894 1288 Dominum
1927 1237 2075 1302 posi-

493 1337 613 1380 tum
651 1340 776 1380 esse
796 1323 866 1388 δ’,
913 1322 1156 1378 ostendit
1185 1322 1302 1392 ipsa
1340 1308 1725 1380 convenientia
1772 1325 2075 1380 sententia-

494 1433 616 1471 rum
649 1433 772 1472 cum
805 1417 892 1482 iis,
928 1430 1049 1486 quae
1078 1416 1360 1485 prOphetaa
1379 1416 1770 1484 prodiderunt,
1813 1431 1983 1470 unum
2017 1425 2074 1471 et

493 1509 744 1565 eumdem
768 1507 936 1562 Deum
964 1517 1127 1578 atque
1149 1507 1516 1578 legislatoreni
1546 1515 1662 1563 tum
1686 1509 1740 1562 in
1773 1510 2074 1580 prophetis,

495 1610 611 1654 tum
648 1601 703 1653 in
742 1598 893 1653 Novo
918 1596 1277 1654 Testamento
1319 1597 1562 1652 locutum
1594 1613 1738 1655 esse.
1771 1598 1908 1653 Nam
1939 1600 2077 1669 lapi-

495 1691 620 1744 dem
661 1688 973 1744 oﬂ‘endicnli
1017 1696 1073 1743 et
1107 1695 1318 1757 petram
1359 1687 1606 1742 scandali
1659 1690 1713 1743 in
1753 1705 1919 1744 causa
1961 1690 2079 1748 fore

2175 501 2380 553 πτῶσιν
2414 499 2505 551 καὶ
2525 499 2822 552 ἀνάστασιν
2849 493 3057 548 πολλῶν
3085 497 3141 547 ὲν
3167 492 3245 563 τῷ
3289 492 3522 563 Ἰσραὴλ
3552 493 3776 544 κεῖσθαι

2172 592 2264 645 τὸν
2286 589 2763 661 Κύριον,δείκνυσι
2792 592 2858 660 τῇ
2888 588 3158 658 συμϐάσει
3183 585 3293 639 τῶν
3309 584 3617 654 νοημάτων
3644 585 3778 654 πρὸς

2174 683 2242 736 τὰ
2267 680 2582 753 προφητικὰ
2619 679 3012 750 διαγγέλματα,
3047 678 3144 732 ἕνα
3173 678 3266 730 καὶ
3304 676 3398 730 τὸν
3432 675 3609 729 αὑτὸν
3647 675 3775 728 Θεὸν

2174 790 2234 826 τε
2263 773 2358 827 καὶ
2378 773 2674 843 νομοθέτην
2705 772 2761 825 έν
2780 789 2838 824 τε
2868 771 3175 844 προφήταις
3208 769 3303 823 καὶ
3331 771 3399 840 τῇ
3433 771 3621 839 Καινῇ
3655 771 3777 821 Δια-

2177 865 2319 938 θήκη
2347 867 2723 936 λελαληκέναι.
2752 865 2856 919 Τὸν
2891 863 2999 935 γὰρ
3026 863 3170 916 λίθον
3195 862 3290 915 τοῦ
3333 863 3775 932 προσκόμματος

2177 960 2270 1012 καὶ
2316 960 2410 1012 τοῦ
2441 958 2737 1013 σκανδάλου
2765 959 2862 1028 τὴν
2887 959 3092 1027 πέτραν
3117 956 3295 1009 αἰτίαν
3323 954 3419 1008 τοῦ
3454 954 3536 1025 μὴ
3584 972 3774 1007 καται-

2179 1051 2572 1123 σχυνθήσεσθαι
2605 1053 2732 1114 τοὺς
2762 1053 2848 1104 ἐπ’
2876 1051 3038 1104 αὑτὸν
3078 1049 3460 1112 πιστεύοντας,
3491 1052 3523 1101 6
3559 1065 3775 1119 προφη-

2177 1145 2329 1208 τικὸς
2353 1145 2671 1217 διηγόρευσε
2703 1144 2878 1212 λόγος.
2915 1143 3123 1197 Οὐκοῦν
3154 1142 3362 1205 πτῶσις
3389 1142 3494 1210 μὲν
3515 1139 3638 1193 ἐστι
3669 1143 3774 1204 τοῖς

2177 1231 2256 1307 τῷ
2283 1237 2525 1307 ταπεινῷ
2559 1236 2662 1307 τῆς
2696 1236 2898 1307 σαρκὸς
2930 1235 2988 1302 ἐξ
3021 1234 3276 1296 ἀπιστίας
3307 1233 3774 1304 προσπταίουσιν·

2180 1329 2472 1391 ἀνάστασις
2497 1328 2575 1394 δὲ,
2631 1330 2744 1391 τοῖς
2769 1327 2832 1380 τὸ
2863 1326 3089 1398 στερρὸν
3125 1327 3220 1396 τῆς
3265 1325 3419 1390 θείας
3460 1324 3778 1392 οἰκονομίας

2179 1421 2568 1489 ὲπεγνωκόσιν.
2609 1419 2768 1474 Ἀλλὰ
2815 1420 2910 1473 καὶ
2943 1420 3110 1490 αὐτῆς
3140 1420 3240 1491 τῆς
3278 1417 3562 1471 Θεοτόκου
3605 1417 3779 1487 ψυχῆς

2182 1513 2458 1584 ῥομφαίαν
2490 1511 2798 1584 διελαθῆναι
2822 1513 3016 1581 λέγων,
3047 1495 3232 1582 σαφῶς
3254 1511 3317 1564 τὸ
3355 1512 3417 1564 ὲν
3442 1509 3528 1581 τῷ
3563 1508 3778 1579 σταυρῴ

2183 1603 2519 1676 προφητεύει
2547 1604 2738 1667 πάθος.
2767 1604 2891 1668 Τοῖς
2913 1603 3022 1676 γὰρ
3047 1603 3105 1670 ἐξ
3129 1603 3298 1672 αὐτῆς
3326 1602 3431 1672 τῆς
3465 1601 3775 1673 παραδόξου

2185 1697 2497 1769 συλλήψεως
2534 1697 2694 1770 μέχρι
2723 1696 2816 1751 τοῦ
2847 1696 2988 1750 κατὰ
3045 1694 3141 1750 τοῦ
3189 1695 3399 1758 πάθους
3427 1695 3638 1766 καιροῦ
3668 1694 3778 1747 θεον

495 1788 691 1836 utnon
722 1779 1138 1834 confundantur
1165 1779 1258 1849 qui
1286 1779 1342 1832 in
1375 1778 1529 1833 illum
1557 1781 1808 1848 credant,
1841 1786 2077 1854 prophe-

2186 1760 2411 1861 πρεπῶς
2446 1760 2715 1852 είςΙαύτὸν
2749 1788 3060 1861 εἰρημένοις
3088 1806 3146 1842 τε
3191 1789 3285 1842 καὶ
3329 1760 3775 1858 πεπραγμένοις.

497 1874 642 1928 ticus
667 1887 849 1928 sermo
879 1871 1016 1927 dixit
1036 1870 1102 1924 ⁸³.
1140 1868 1312 1940 Igitur
1337 1871 1494 1925 ruina
1514 1872 1734 1941 quidem
1756 1881 1842 1928 est
1873 1875 1964 1939 iis,
1982 1876 2076 1946 qui

494 1975 722 2036 propter
757 1963 1197 2019 incredulitatem
1243 1961 1556 2018 humilitate
1592 1967 1780 2019 carnis
1809 1966 1960 2022 illius
1993 1967 2078 2021 οίο

496 2053 802 2109 l'enduntur
831 2070 844 2106 :
878 2052 1215 2108 resurrectio
1255 2066 1386 2105 vero
1417 2051 1505 2116 iis,
1548 2054 1642 2123 qui
1673 2056 2074 2113 ﬁrmitudinem

497 2147 698 2202 divina:
723 2146 1104 2216 dispositionis
1130 2152 1183 2199 et
1205 2142 1708 2203 administrationis
1730 2151 2074 2220 agnoverint.

502 2240 650 2306 Quin
680 2239 857 2310 etiam;
889 2253 1014 2293 cum
1049 2239 1186 2294 dixit
1217 2240 1335 2296 fore
1366 2250 1426 2296 ut
1463 2243 1638 2313 ipsius
1675 2241 1924 2312 Deiparae
1956 2245 2077 2299 ani-

414 2390 433 2408 .
497 2347 644 2386 mam
685 2331 903 2402 gladius
952 2333 1406 2401 pertransiret“,
1442 2341 1628 2402 aperte
1655 2334 1905 2404 prazdicit
1933 2350 2076 2400 eam,

497 2441 622 2496 qua:
653 2424 754 2480 fuit
779 2425 838 2478 in
863 2439 1034 2480 cruce
1063 2426 1403 2495 passionem.
1433 2425 1571 2482 Nam
1598 2442 1724 2482 cum
1747 2427 1816 2482 ob
1836 2443 1922 2493 ea,
1957 2445 2080 2499 quae

498 2520 570 2574 ab
602 2519 693 2572 illa
725 2533 868 2573 nova
914 2526 1083 2588 atque
1114 2519 1365 2574 inaudita
1405 2522 1768 2591 conceptione
1803 2537 1979 2594 usque
2009 2521 2078 2576 ad

500 2622 720 2682 tempus
771 2611 1032 2681 supplicii
1066 2611 1335 2668 divinitus
1381 2613 1449 2668 de
1487 2627 1554 2669 eo
1601 2622 1715 2668 tum
1758 2613 1904 2669 dicta
1961 2622 2078 2669 tum

497 2708 644 2762 facta
673 2713 852 2772 erant,
891 2721 1059 2760 unum
1092 2706 1251 2776 quasi
1284 2714 1611 2776 perpetuum
1649 2715 1702 2761 et
1734 2706 2078 2761 individuum

497 2813 724 2868 corpus,
753 2797 1134 2854 sublimiorem
1154 2797 1431 2881 *videlicet
1470 2812 1537 2852 ac
1571 2798 1851 2868 majestati
1877 2797 2081 2852 divina:

498 2891 1006 2945 eonvenientiorem
1033 2889 1102 2944 de
1129 2904 1194 2944 eo
1221 2889 1455 2960 Deipara
1479 2890 1705 2945 haberet
1739 2891 2076 2959 opinionem,

498 2983 660 3053 quasi
717 2982 1019 3037 sectionem
1069 2980 1367 3052 quamdam
1414 2998 1534 3037 eam
1585 2997 1902 3053 perpessam
1955 3000 2080 3041 esse

2179 1880 2239 1934 ἓν
2283 1879 2469 1953 ὥσπερ
2509 1881 2575 1934 ἂν
2615 1881 2947 1952 ἀδιὰτμητον
2985 1880 3164 1951 σῶμα,
3195 1879 3550 1951 ὑψηλοτέραν
3593 1897 3655 1932 τε
3689 1880 3776 1931 καὶ

2181 1973 2656 2045 θεοπρεπεστέραν
2704 1975 2833 2043 περὶ
2880 1972 3046 2027 αὑτοῦ
3090 1971 3324 2043 ἐχούσης
3359 1971 3468 2041 τῆς
3505 1971 3774 2023 Θεοτόκου

2181 2065 2449 2137 ὑπόληψιν
2475 2106 2490 2129 ,
2560 2065 2734 2136 τομὴν
2784 2064 2971 2134 ὥσπερ
3037 2062 3161 2116 τινὰ
3209 2060 3551 2116 πεπονθέναι
3607 2062 3777 2130 αὐτὴν

2179 2156 2534 2226 νομιούμεθα,
2563 2157 2622 2210 ὲν
2646 2155 2724 2226 τῷ
2746 2155 2917 2225 ἀδόξῳ
2949 2155 3048 2225 τῆς
3079 2152 3464 2224 σταυρώσεως,
3501 2154 3558 2206 εἱ
3594 2153 3692 2206 καὶ
3721 2153 3780 2204 τὺ

2178 2247 2277 2318 τῆς
2308 2248 2660 2310 ἀναστάσεως
2690 2247 2876 2317 θαῦμα
2909 2244 3236 2300 συνούλωσιν
3269 2245 3517 2315 παντελῆ
3559 2246 3660 2316 τῆς
3695 2260 3780 2296 το-

2185 2339 2292 2408 μῆς
2322 2338 2720 2409 ἀπειργάσατο.
2765 2337 2903 2390 Ἀλλ’
2934 2337 3052 2390 οὐδὲ
3083 2337 3250 2407 μόνην
3281 2335 3456 2406 αὐτὴν
3487 2335 3574 2405 τῷ
3607 2334 3780 2386 τοιού-
3857 2389 3872 2411 ι

2179 2448 2257 2500 τῳ
2294 2431 2451 2485 πάθει
2471 2431 2790 2503 ἐνσχεθῆναι
2822 2430 3097 2502 σημαίνει,
3137 2429 3251 2483 ἀλλ’
3275 2431 3340 2482 ὲκ
3385 2426 3610 2482 πολλῶν
3647 2444 3782 2498 καρ-

2181 2521 2308 2575 διῶν
2355 2521 2740 2594 διαλογισμοὺς
2771 2521 3101 2594 ἀμφιϐολίας
3141 2538 3200 2573 τε
3227 2521 3321 2575 καὶ
3341 2520 3620 2590 διχονοίας
3646 2520 3783 2571 ἀναο

2184 2615 2420 2686 φανῆναι
2451 2615 2709 2688 προλέγει
2735 2632 2750 2647 ⁸
2809 2617 2883 2679 ὡς
2915 2616 2980 2670 ἂν
3014 2617 3072 2668 ὲν
3104 2614 3183 2685 τῷ
3230 2613 3470 2684 διαφόρῳ
3508 2612 3624 2665 τῶν
3652 2613 3783 2682 περὶ

2182 2708 2348 2761 αὐτοῦ
2380 2709 2725 2779 ύπολήψεων,
2761 2711 2833 2780 μή
2863 2726 2985 2761 τινα
3014 2707 3202 2762 κλόνον
3228 2706 3380 2776 σχοίη
3410 2709 3443 2777 ἡ
3470 2705 3783 2775 Θεομὴτωρ

2183 2799 2483 2871 Παρθένος.
2531 2799 2745 2871 Ἐπειδὴ
2773 2799 2830 2852 δὲ
2867 2801 2902 2870 ἡ
2930 2798 3202 2868 προφῆτις
3232 2798 3398 2849 ’Ἅννα
3427 2799 3491 2848 ὲκ
3527 2794 3629 2847 τοῦ
3684 2796 3785 2864 γῆ·

2187 2908 2295 2962 ρως
2330 2891 2560 2962 ἁδρανές
2587 2909 2640 2944 τι
2672 2892 2765 2944 καὶ
2807 2891 2870 2945 ού
2920 2891 3041 2944 λίαν
3086 2889 3411 2954 ἐξακουστὸν
3451 2887 3780 2955 φθέγγεται,

2183 2981 2300 3035 ἀλλ’
2320 2982 2442 3035 οὐδὲ
2473 2983 2533 3034 τὸ
2563 2983 2765 3053 ὑψηλὸν
2790 2981 3120 3051 Εὐαγγέλιον
3139 2978 3414 3043 αύτολεξεὶ
3434 2979 3500 3032 τὰ
3518 2979 3582 3044 ἐξ
3609 2978 3782 3045 αὐτῆς

498 3073 948 3131 existimabimus
984 3089 1080 3143 per
1115 3074 1538 3145 ignominiosam
1574 3075 1727 3128 illam
1764 3075 2077 3132 cruciﬁxio-

2186 3075 2445 3145 λεχθέντα
2475 3077 2788 3147 παρήγαγε·
2815 3077 3031 3146 πρῶτον
3051 3074 3150 3145 μὲν
3175 3076 3239 3127 ὲκ
3254 3071 3346 3126 τοῦ
3381 3070 3782 3140 εὐαγγελιστοῦ

498 3180 666 3232 nem,
736 3165 840 3220 etsi
895 3163 1325 3218 resurrectionis
1384 3163 1716 3218 miraculum
1779 3165 2079 3220 sectionem

498 3259 662 3330 plena
699 3267 864 3332 atque
899 3255 1141 3327 perfecta
1201 3257 1361 3326 quasi
1402 3256 1662 3311 cicatrice
1719 3257 1956 3312 obducta
1991 3275 2081 3313 sa-

497 3351 672 3405 navit.
706 3349 814 3404 Sed
841 3363 942 3404 nec
976 3348 1150 3402 solam
1181 3346 1405 3417 quidem
1437 3347 1591 3401 illam
1617 3346 1894 3415 ejusmodi
1924 3348 2082 3403 casui

2191 3167 2515 3238 πυθώμεθα,
2539 3169 2624 3231 τίς
2657 3186 2714 3223 τε
2746 3169 2840 3222 καὶ
2861 3167 3026 3220 πόθεν
3049 3167 3185 3239 α’ύτη
3211 3165 3541 3236 καθέστηκε,
3571 3164 3671 3217 καὶ
3691 3165 3784 3216 ἐπὶ

2187 3260 2364 3324 ποίοις
2392 3260 2487 3314 καὶ
2522 3262 2654 3314 πότε
2682 3259 2760 3330 τῷ
2795 3258 2924 3331 ἱερῷ
2947 3258 3268 3330 ἐφέστηκεν,
3297 3252 3454 3320 αὖθίς
3499 3273 3564 3308 τε
3619 3255 3785 3308 τξνων

2187 3350 2341 3420 ἔλεγε
2376 3352 2617 3406 διάνοιαν
2651 3352 3049 3422 ἐρευνήσωμεν.

500 3455 667 3518 atque
715 3443 992 3499 affectioni
1052 3444 1334 3514 alligatum
1379 3442 1447 3496 iri
1501 3447 1555 3497 et
1609 3442 1906 3496 obnoxiam
1957 3443 2077 3499 fore
2116 3447 2414 3517 signiﬁcat,
2444 3447 2542 3502 sed
2571 3445 2817 3501 futurum
2844 3446 3010 3501 etiam
3037 3444 3304 3517 pratdicit,
3377 3451 3438 3498 ut
3495 3458 3566 3498 ex
3593 3441 3783 3497 multis

499 3543 766 3598 cordibus
825 3540 1192 3611 cogitationes
1245 3539 1552 3609 ambiguae,
1603 3537 1987 3595 discordantes
2032 3547 2086 3595 et
2162 3542 2437 3613 ancipites
2491 3543 3016 3611 manifestarentur;
3070 3559 3141 3598 ne
3190 3542 3247 3596 in
3329 3540 3660 3595 diversitate
3720 3539 3784 3590 de

499 3634 594 3689 illo
625 3633 948 3704 opinionum
989 3631 1158 3703 Virgo
1200 3631 1294 3687 Dei
1345 3633 1582 3702 genitrix
1621 3634 1806 3703 aliquo
1841 3635 2005 3690 modo
2043 3639 2481 3707 perturbaretur.
2524 3639 2800 3707 Quoniam
2862 3647 3045 3696 autem
3083 3639 3242 3693 Anna
3275 3636 3634 3709 pr0phetissa
3675 3648 3785 3703 prae

502 3735 784 3784 senectute
821 3727 964 3782 exile
1000 3726 1265 3797 quiddam
1299 3727 1565 3795 loquitur,
1599 3727 1745 3798 quod
1778 3729 1941 3783 etiam
1964 3746 2075 3786 non
2117 3733 2410 3791 admodum
2469 3737 2621 3792 clare
2669 3735 2926 3792 exaudiri
2991 3744 3209 3806 potest,
3282 3750 3346 3788 ae
3397 3749 3468 3788 ne
3545 3731 3784 3786 sublime

502 3821 727 3889 quidem
775 3818 1130 3888 Evangelium
1200 3815 1270 3870 ad
1305 3817 1534 3871 verbum
1581 3819 1863 3874 memoria:
1925 3823 2170 3892 prodidit
2210 3839 2275 3879 ea
2312 3841 2436 3897 qua:
2466 3826 2707 3893 dixerit,
2757 3829 2994 3898 primum
3054 3827 3274 3899 quidem
3330 3827 3396 3882 ab
3435 3827 3784 3898 evangelista

502 3915 856 3973 seiscitemur
903 3925 1155 3980 quamam
1209 3915 1262 3962 et
1298 3908 1446 3963 unde
1481 3909 1600 3979 ipsa
1635 3909 1842 3996 fuerit,
1909 3913 2141 3984 cuju5ve
2216 3919 2295 3971 rei
2348 3919 2525 3990 gratia
2583 3927 2637 3973 et
2686 3919 2906 3990 quando
2959 3922 3016 3976 in
3060 3919 3321 3990 templum
3373 3923 3782 3988 supervenerit.

501 4004 702 4060 deinde
736 4015 984 4070 quaenam
1026 3998 1193 4052 fuerit
1223 4012 1440 4064 eorum,
1480 4015 1601 4068 qua:
1624 4000 1847 4070 dixerit,
1877 4007 2178 4075 sententia,
2212 4017 2579 4067 scrutemur.‘

573 4096 664 4148 Ait
688 4095 854 4163 igitur
889 4093 1081 4147 beatus
1107 4091 1284 4147 Lucas
1313 4111 1325 4146 :
1360 4092 1496 4148 Erat
1538 4094 1694 4150 Anna
1726 4101 2086 4166 prophetissa,

508 4188 619 4243 ﬁlia
643 4185 956 4249 Phanuelis,
988 4185 1051 4238 de
1099 4184 1240 4238 tribu
1269 4184 1422 4239 Aser.
1486 4186 1616 4242 Ηιτο
1670 4199 1826 4245 (etate
1863 4190 2089 4246 multum

502 4289 750 4354 provecta
781 4287 917 4342 erat,
954 4294 1014 4331 ac
1046 4278 1251 4331 vixerat
1279 4294 1396 4331 cum
1422 4279 1532 4334 viro
1561 4297 1656 4336 suo
1695 4299 1862 4338 annos
1894 4295 2090 4352 septem

505 4393 537 4428 a
575 4373 879 4444 virginitate
899 4387 998 4423 sua
1021 4386 1038 4422 :
1062 4378 1111 4424 et
1142 4369 1254 4425 lucc
1281 4373 1440 4426 vidua
1468 4380 1582 4426 erat
1608 4384 1949 4432 annos.nata
1985 4377 2090 4430 cir-

504 4468 634 4520 citer
665 4464 934 4534 octoginta
965 4467 1216 4534 quatuor,
1248 4480 1364 4532 qua:
1390 4480 1494 4518 non
1523 4465 1827 4521 discedebat
1863 4469 1926 4523 de
1959 4479 2091 4522 tem—

503 4561 611 4628 pio,
639 4556 865 4628 jejuniis
903 4564 951 4610 et
995 4555 1452 4622 deprecationibus
1489 4555 1655 4608 Deum
1695 4557 1869 4612 colens
1912 4569 2086 4613 noctes
2122 4555 2164 4609 D

507 4663 664 4721 atque
697 4649 830 4715 dies,
863 4658 912 4702 et
940 4647 1049 4702 [uec
1076 4648 1130 4701 in
1160 4647 1282 4716 ipsa
1320 4647 1455 4700 hora
1480 4658 1636 4716 atque
1687 4649 1913 4702 articulo
1951 4660 2086 4704 tem-

505 4746 652 4814 poris
703 4743 1075 4812 superveniens
1132 4757 1314 4794 coram
1379 4742 1733 4810 conﬁtebatur
1783 4744 2090 4813 gratiasque

507 4837 616 4890 Deo
644 4833 901 4903 agebat,et
941 4829 1251 4900 loquebatur
1278 4829 1340 4884 de
1365 4831 1460 4884 illo
1504 4832 1747 4886 omnibus
1787 4833 1878 4902 qui
1909 4848 2092 4900 exspe-

506 4927 725 4983 ctabant
749 4925 1156 4993 redemptionem
1183 4923 1238 4977 in
1262 4921 1566 4978 Jerusalem
1580 4923 1647 4978 ⁸⁸.
1675 4924 1816 4990 Quid
1844 4926 1945 4981 sibi
1977 4926 2098 4982 vult

507 5019 653 5089 quod
691 5031 799 5072 tam
835 5023 1155 5071 accuratam
1187 5029 1251 5069 ac
1275 5017 1491 5086 plenam
1521 5016 1588 5072 de
1608 5017 1712 5071 bac
1738 5017 2088 5087 prophetissa

507 5112 885 5168 narrationem
921 5107 1262 5180 evangelista
1311 5108 1556 5162 instituit
1621 5119 1787 5179 atque
1836 5111 2086 5180 exponit,

507 5213 571 5260 ut
597 5204 761 5259 etiam
791 5201 963 5272 patris
989 5199 1110 5269 ejus
1149 5214 1216 5254 ac
1239 5198 1437 5264 tribus,
1461 5205 1626 5268 atque
1655 5214 1846 5254 earum
1881 5215 2086 5265 rerum,

505 5315 630 5370 qua:
659 5297 727 5352 de
756 5297 977 5351 nemine
1015 5293 1406 5364 propemodum
1435 5292 1544 5348 alio
1568 5293 1844 5348 memoria:
1874 5293 2090 5362 prodita

506 5391 882 5460 reperiuntur,
915 5386 1253 5442 mentionem
1285 5383 1449 5439 faciat
1476 5384 1500 5436 ?
1539 5385 1617 5438 Ae
1649 5399 1829 5438 veram
1865 5383 2084 5454 quidem

509 5484 672 5554 hujus
707 5483 786 5536 rei
817 5481 1088 5535 rationem
1125 5477 1242 5548 ipse
1280 5485 1598 5538 sanctorum
1650 5475 1795 5532 Deus
1844 5478 2086 5543 noverit,

581 5685 625 5716 "
678 5681 1178 5747 Exod.xxx1v,29,
1215 5679 1305 5736 30.
1388 5681 1431 5712 ’δι
1472 5679 1512 5733 ll
1553 5681 1678 5733 Cor.
1734 5697 1816 5747 tu,
1862 5681 1940 5736 18.

511 5753 564 5823 6,
605 5755 657 5816 8.
692 5756 769 5784 ’⁸⁵
806 5753 938 5812 Luc.
975 5771 1042 5819 ιι,
1085 5753 1174 5805 55.
1256 5753 1298 5783 ⁵⁵
1345 5751 1472 5808 ibid.
1515 5752 1602 5815 56,
1636 5750 1723 5806 58.

2066 5685 2113 5718 ⁸³
2143 5683 2276 5742 Luc.
2311 5700 2370 5752 ιι,
2412 5686 2499 5741 5i.

2267 4105 2403 4176 Φησὶ
2422 4106 2599 4159 τοίνυν
2629 4107 2657 4158 6
2699 4105 2964 4178 μακάριος
2995 4105 3208 4170 Λουκᾶς
3227 4146 3240 4170 ,
3269 4104 3344 4169 ὡς
3376 4100 3501 4160 Ἦν
3525 4108 3714 4161 Ἅννα
3746 4109 3782 4175 ὴ

2197 4196 2493 4265 προφῆτις
2539 4196 2800 4266 θυγάτηρ
2849 4196 3134 4266 Φανουὴλ
3177 4198 3245 4250 ἐκ
3287 4197 3497 4267 φυλῆς
3549 4199 3742 4268 Ἀσήρ
3768 4217 3783 4230 ο

2197 4287 2349 4355 αὕτη
2397 4288 2797 4357 προϐεϐηκυῖα
2843 4289 2912 4343 ἐν
2958 4288 3209 4359 ’ἡμέραις
3246 4290 3509 4356 πολλαῖς
3544 4290 3784 4360 ζήσασα

2191 4379 2341 4447 μετὰ
2366 4378 2584 4447 ἀνδρὸς
2611 4380 2716 4449 ἔτη
2740 4380 2889 4434 ἑπτὰ
2916 4381 3036 4434 ἀπὸ
3063 4380 3173 4449 τῆς
3210 4381 3538 4449 παρθενίας
3560 4381 3748 4450 αὐτῆς
3767 4400 3779 4411 ·

2198 4472 2469 4541 καὶαὺτὴ
2510 4473 2667 4543 χήρα
2711 4475 2791 4542 ὡς
2830 4475 2981 4528 ἑτῶν
3006 4474 3380 4545 ὀγδοήκοντα
3426 4475 3779 4545 τεσσάρων·

2195 4563 2232 4632 ’ἢ
2289 4567 2402 4618 οὐκ
2449 4566 2744 4634 ἀφίστατο
2800 4567 2920 4622 ἀπὸ
2959 4567 3066 4621 τοῦ
3104 4567 3289 4636 ἱεροῦ,
3322 4568 3644 4635 νηστείαις
3689 4547 3806 4624 ira):

2193 4657 2443 4723 δεήσεσι
2461 4661 2840 4727 λατρεύουσα
2861 4661 3051 4714 νύκτα
3080 4660 3179 4713 καὶ
3199 4658 3452 4729 ἡμέραν
3487 4658 3588 4712 καί
3613 4657 3803 4726 αὕτη.ἶ

2193 4750 2348 4818 αὐτῇ
2366 4750 2439 4818 τῇ
2458 4749 2575 4818 ὥρᾳ
2603 4750 2926 4818 ἐπιστᾶσα,
2949 4749 3423 4820 ἀνθωμολογεῖτο
3441 4749 3525 4815 τῷ
3546 4749 3676 4815 Θεῷ
3695 4753 3782 4804 καὶ

2193 4840 2399 4894 ἐλάλει
2430 4841 2564 4910 περὶ
2591 4843 2779 4898 αὐτοῦ
2811 4840 2960 4899 πᾶσι
2985 4843 3111 4909 τοῖς
3139 4843 3654 4912 προσδεχομένοις
3683 4844 3784 4898 ,ἰύ-

2195 4948 2416 5000 τρωσιν
2472 4934 2541 4987 ἐν
2599 4934 3007 5004 Ἰερουσαλήμ.
3040 4935 3135 4999 Τίς
3159 4937 3187 4988 6
3215 4935 3372 5004 λόγος
3403 4935 3501 4988 τοῦ
3529 4936 3783 5004 τοιαύτην

2195 5016 2398 5094 ἀκριϐῆ
2424 5025 2523 5093 τὴν
2548 5025 2801 5095 περὶτῆς
2830 5026 3164 5097 προφῆτιδος
3198 5025 3404 5097 ταύτης
3434 5026 3531 5079 τὸν
3567 5027 3785 5095 £6177:-

2193 5114 2382 5186 λιστὴν
2409 5115 2742 5186 ποιήσασθαι
2768 5116 2868 5188 τὴν
2897 5118 3201 5189 ἀφήγησιν,
3233 5117 3376 5171 ὥστε
3406 5118 3506 5170 καὶ
3537 5118 3636 5172 τὸν
3662 5117 3784 5172 ταύ-

2191 5223 2293 5276 της
2315 5207 2547 5278 πατέρα,
2573 5208 2666 5260 καὶ
2698 5206 2796 5278 τὴν
2828 5207 3002 5278 φυλὴν
3035 5211 3093 5261 έν
3117 5209 3410 5279 ὲπιμνήσει
3433 5210 3782 5281 ποιήσασθαι,

2193 5294 2287 5348 καὶ
2305 5293 2442 5366 ὅπερ
2459 5296 2545 5347 ἐπ’
2562 5295 2737 5349 οὐδενὶ
2755 5296 2926 5368 ἑτέρῳ
2949 5297 3131 5369 σχεδὸν
3156 5299 3341 5369 ίστορη
3350 5297 3516 5369 μένον
3539 5299 3604 5352 εὖ
3614 5312 3784 5370 ρηταις

2195 5385 2299 5438 Τὸν
2328 5387 2426 5457 μὲν
2461 5387 2590 5458 περὶ
2628 5386 2820 5440 τούτου
2869 5388 3072 5460 ἀκριϐῆ
3103 5388 3260 5457 λόγον
3294 5389 3456 5458 μόνος
3508 5391 3580 5444 ἂν
3630 5390 3784 5459 εἰδείη

2193 5477 2354 5543 αὐτὸς
2387 5479 2415 5531 6
2443 5477 2550 5534 τῶν
2598 5481 2769 5548 ἁγίων
2811 5479 2963 5546 Θεὸς,
3001 5481 3093 5535 καὶ
3137 5481 3186 5533 οἱ
3233 5484 3300 5552 τῇ
3331 5482 3501 5535 αὑτοῦ
3532 5485 3785 5552 ἐπιπνοίᾳ

2599 5687 2646 5719 ⁸³
2675 5685 2789 5745 lsa.
2823 5702 2967 5755 κως,
3013 5687 3080 5757 6;
3116 5705 3312 5754 xxvm,
3353 5687 3450 5755 l6;
3491 5687 3695 5745 lPetr.
3722 5700 3780 5753 It,
