3950 6156
318 337 454 392 H77

1435 342 1526 397 DE
1562 341 1884 400 OCCURSU
1959 338 2225 408 DOMINI,
2267 339 2427 396 ETC.

3413 329 3555 385 H78

314 461 590 533 Πνεύματι
621 461 799 514 λαλεῖν
828 460 970 515 κατὰ
1003 462 1092 516 τὸν
1138 462 1280 517 θεῖον
1322 462 1642 516 Ἀπόστολον
1674 461 1884 515 δεδιδαο

1991 468 2040 516 ει
2066 461 2159 528 qui
2185 459 2307 529 ejus
2349 456 2708 528 inspiratione
2761 462 2814 509 et
2843 453 3106 509 instinctu
3145 449 3384 519 Spiritus
3438 448 3559 518 ejus

313 555 504 624 γμένοι
535 554 806 624 μυστήρια
831 571 845 586 ·
873 554 1015 608 κατὰ
1033 555 1088 608 δὲ
1117 557 1176 608 τὸ
1203 557 1336 626 ἡμῖν
1373 555 1611 624 ἐφικτὸν,
1645 555 1740 608 καὶ
1766 554 1888 606 ἑτέ-

319 661 416 712 ρας
446 645 564 696 κατ’
596 645 769 696 έκεῖνο
819 644 1012 715 καιροῦ
1055 648 1121 714 τῇ
1173 645 1417 715 μακαρία
1443 644 1616 718 ταύτῃ
1657 642 1890 696 συνωνύ-

319 752 452 804 μους
476 735 741 806 ὑπάρχειν
765 736 966 806 φαμὲν,
994 738 1089 790 καὶ
1123 737 1233 790 τῶν
1261 738 1440 790 αὑτῶν
1467 737 1648 808 ἐκείνῃ
1670 736 1888 806 ἔχεσθαι

316 825 474 896 ἱερῶν
509 826 958 897 σπουδασμάτων,
990 828 1084 881 τοῦ
1122 829 1178 880 ἐν
1207 827 1482 897 νηστείαις
1526 829 1619 880 καὶ
1652 843 1888 898 προσευ-

313 920 435 986 χαῖς
470 921 919 989 προσκαρτερεῖν.
964 919 1105 989 Πρὸς
1157 915 1250 971 οὖν
1280 919 1341 971 τὸ
1385 919 1632 987 εὑκρινὲς
1663 914 1797 972 εἶναι
1827 917 1889 970 τὸ

313 1007 517 1078 ταύτης
573 1008 882 1078 πρόσωπον,
924 1012 990 1080 τῇ
1035 1007 1128 1062 τοῦ
1161 1010 1364 1080 πατρὸς
1399 1010 1571 1078 αὑτῆς
1598 1011 1889 1080 ὲπιμνήσει

316 1098 410 1152 καὶ
461 1099 561 1169 τῆς
607 1100 780 1170 φυλῆς
829 1100 891 1154 τὸ
946 1100 1073 1154 ίδιον
1127 1101 1580 1172 προσεγράψατο·
1632 1101 1888 1171 μεγάλοις

312 1191 368 1244 δὲ
403 1192 569 1261 αὐτὴν
615 1192 909 1262 ἐγκωμίοις
943 1192 1225 1263 ἐστέψατο,
1269 1193 1362 1246 καὶ
1399 1193 1613 1255 πάντως
1643 1193 1703 1245 τὸ
1735 1192 1888 1264 παρὰ

313 1285 423 1345 τοῖς
451 1281 738 1335 ἀκούουσιν
787 1283 1096 1347 ἀξιόπιστον
1129 1283 1360 1354 ἔχουσιν,
1389 1280 1468 1347 οἷς
1491 1286 1584 1339 καὶ
1626 1285 1755 1356 περὶ
1789 1284 1882 1338 τοῦ

313 1376 518 1446 Κυρίου
551 1376 838 1444 διελέγετο.
890 1377 1027 1430 Ἀλλ’
1068 1378 1279 1449 ἐπειδὴ,
1329 1379 1404 1444 ὡς
1439 1381 1672 1450 εἴρηται,
1700 1381 1762 1432 τὸ
1793 1379 1885 1433 τοῦ

313 1464 470 1532 λόγου
519 1465 845 1536 διηχημένον
893 1468 986 1520 καὶ
1037 1467 1417 1538 μεγαλόφωνον
1449 1468 1552 1522 ὑπὸ
1579 1467 1674 1521 τοῦ
1701 1470 1888 1540 γήρως

313 1553 610 1624 ἀφῄρηται,
644 1553 870 1625 πλησίον
886 1555 1054 1625 αὐτῆς
1085 1556 1273 1628 ῶσπερ
1301 1557 1393 1610 τοῦ
1419 1558 1684 1628 στόματος
1707 1558 1768 1611 τὸ
1793 1555 1888 1622 οὖς

313 1645 408 1716 τῆς
437 1646 670 1709 διανοίας
703 1646 978 1717 ἐνθέμενοι
1007 1648 1094 1701 διὰ
1123 1647 1222 1718 τῆς
1260 1649 1542 1721 παρούσης
1577 1650 1887 1713 ὑποθέσεως

313 1737 558 1808 ἐρεύνης,
603 1737 798 1805 ἴδωμεν
835 1738 1010 1802 τίκα).
1041 1738 1177 1808 αὕτη
1213 1739 1481 1814 διελέγετο
1517 1742 1630 1803 τοῖς
1659 1739 1756 1811 τὴν
1793 1741 1885 1793 λύ-

311 1807 510 1900 τρωσιν
531 1829 982 1900 προσδεχομένοις
1007 1830 1064 1883 ἐν
1103 1807 1480 1902 Ἰερουσαλήμ.
1511 1831 1668 1884 Κατὰ
1691 1807 1799 1903 γάρ
1826 1831 1886 1884 τὸ
1917 1807 1959 1862 Β

311 1921 406 1989 τῆς
429 1922 635 1979 ἑννοίας
655 1921 942 1973 ἀκόλουθον
972 1921 1036 1973 ὲκ
1053 1920 1160 1974 τῶν
1188 1921 1541 1992 προφητικῶν
1575 1923 1768 1990 λόγων,
1790 1922 1888 1992 τὴν

309 2012 440 2083 περὶ
471 2012 564 2065 τοῦ
614 2013 816 2082 Κυρίου
876 2015 1108 2066 ἐποιεῖτο
1137 2013 1369 2076 διάλεξιν
1389 2030 1403 2044 ·
1435 2014 1558 2066 ἐπεὶ
1585 2015 1678 2068 καὶ
1718 2006 1884 2081 οὗτοι,

311 2103 446 2172 πρὸς
475 2102 568 2166 οὓς
587 2101 758 2156 ταῦτα
794 2102 974 2156 λαλεῖν
997 2104 1173 2174 αὑτὴν
1201 2103 1263 2156 τὸ
1293 2103 1626 2172 Εὑαγγέλιον
1664 2103 1884 2174 ἔφησεν,

311 2195 524 2256 πάντως
548 2197 611 2247 ἐκ
639 2193 742 2246 τῶν
773 2196 828 2248 ὲν
853 2195 962 2256 τοῖς
993 2195 1296 2264 προφήταις
1316 2195 1699 2264 ἐκφερομένων
1729 2197 1888 2249 θείων

310 2282 573 2352 χρησμῶν
608 2283 1000 2354 προσδέχεσθαι
1033 2283 1302 2355 λύτρωσιν
1325 2285 1728 2356 μεμαθήκασιν.
1749 2286 1888 2338 Πάν-

307 2391 417 2437 τως
446 2375 581 2446 αὑτῇ
615 2377 899 2446 πρόχειρος
934 2378 1011 2439 εἰς
1051 2377 1372 2447 ὑπογραφὴν
1398 2377 1492 2430 τοῦ
1530 2379 1827 2449 μυστήριου
1859 2380 1888 2430 ὀ

309 2466 402 2519 τος
428 2469 659 2537 μεγάλου
688 2467 906 2520 Ἡσαΐου
928 2469 1084 2536 λόγος
1105 2471 1407 2540 καθέστηκε
1425 2485 1438 2500 ⁸
1461 2469 1706 2524 Παιδίον
1720 2471 1887 2540 ἐγεν-

311 2555 462 2624 νήθη
489 2557 653 2624 ἡμῖν,
678 2557 807 2623 υίὸς
855 2558 952 2611 καὶ
975 2559 1154 2626 ἐδόθη
1185 2560 1348 2629 ἡμῖν,
1373 2556 1446 2616 οὗ
1470 2561 1509 2629 η
1548 2561 1704 2630 ἁρχὴ
1733 2562 1890 2630 ἐτενο

310 2646 462 2714 νήθη
480 2648 576 2701 ἐπὶ
594 2648 700 2702 τοῦ
721 2648 881 2718 ὤμου
893 2651 1100 2716 αὑτοῦ,
1119 2652 1216 2703 καί
1236 2651 1324 2705 ὅτι
1342 2652 1601 2706 καλεῖται
1619 2653 1685 2706 τὸ
1703 2653 1889 2723 ὄνομα

308 2739 493 2792 αὑτοῦ
517 2740 786 2809 μεγάλης
805 2742 1047 2811 ,ϐουλῆς
1079 2745 1374 2813 Ἄγγελος.
1407 2744 1517 2797 Καὶ
1541 2744 1669 2814 μὴν,
1707 2745 1887 2798 Φωτί-

310 2821 429 2884 ζου,
465 2823 733 2892 φωτίζου,
765 2825 1176 2894 Ἰερουσαλήμο
1205 2827 1335 2894 ἣκει
1364 2827 1472 2896 γάρ
1502 2843 1617 2880 σου
1644 2827 1710 2880 τὸ
1739 2827 1883 2896 φῶς,

309 2914 406 2966 καὶ
434 2917 470 2982 ἠ
494 2915 642 2978 δόξα
673 2917 889 2983 Κυρίου
915 2916 1011 2969 ἐπὶ
1033 2919 1107 2970 σὲ
1130 2917 1558 2972 ἀνατέταλκεν.
1588 2919 1697 2972 Καὶ
1725 2918 1888 2971 Δαυῒδ

308 3008 336 3059 ὁ
376 3006 546 3076 μέγας
569 3009 876 3078 παρήγετο·
918 3009 1123 3075 Ἔλεος
1162 3011 1260 3063 καὶ
1310 3009 1557 3077 ἀλήθεια
1585 3011 1888 3079 συνήντη-

273 3086 448 3159 ~(rem,
487 3097 839 3165 δικαιοσύνη
879 3098 976 3150 καὶ
1024 3099 1232 3168 εἰρήνη
1273 3101 1721 3169 κατεφίλησανο
1767 3102 1884 3165 καὶ,

310 3187 579 3240 Εἵδοσαν
617 3188 812 3242 πάντα
841 3189 913 3243 τὰ
942 3189 1166 3258 πέρατα
1211 3190 1318 3259 τῆς
1356 3191 1467 3261 γῆς
1491 3192 1556 3244 τὸ
1593 3191 1888 3260 σωτήριον

308 3279 414 3333 τοῦ
454 3281 600 3334 Θεοῦ
651 3279 835 3349 ἡμῶν.
878 3283 986 3335 Καὶ
1037 3283 1380 3346 ὲνδεικτικῶς
1432 3286 1510 3346 είς
1539 3285 1698 3338 αὑτόν
1722 3302 1736 3316 ο
1768 3286 1888 3352 Πρὸ

309 3372 414 3424 τοῦ
436 3372 612 3439 ἡλίου
640 3371 897 3442 διαμένει
917 3373 979 3426 τὸ
1008 3372 1193 3443 ὄνομα
1221 3374 1428 3437 αὑτοῦ,
1451 3375 1544 3428 καί
1570 3375 1888 3444 ἐνευλογη-

309 3462 595 3529 θήσονται
612 3465 682 3517 ἐν
705 3464 865 3530 αὐτῷ
885 3464 1074 3519 πᾶσαι
1101 3469 1161 3519 αἱ
1185 3465 1372 3536 φυλαί
1397 3465 1507 3534 τῆς
1529 3465 1664 3535 γῆς.
1701 3467 1887 3520 Πάντα

309 3554 376 3608 τὰ
407 3553 533 3624 ἔθνη
567 3555 923 3626 μακαριοῦσιν
961 3558 1142 3624 αὑτὸν,
1183 3559 1276 3614 καὶ
1317 3557 1688 3611 δουλεύσουσιν
1737 3557 1886 3628 αὑτῷ

310 3647 404 3700 καὶ
451 3649 915 3720 προσκυνήσουσιν
962 3649 1140 3720 αὐτῷ’
1177 3652 1271 3703 καὶ
1303 3653 1384 3704 ὅτι
1414 3649 1730 3719 Ἐγνώρισε
1772 3653 1888 3704 Κύ-

302 3755 433 3806 ριος
469 3738 536 3790 τὸ
576 3741 874 3807 σωτήριον
903 3741 1089 3794 αὑτοῦ
1123 3744 1234 3804 τοῖς
1277 3743 1410 3804 υἱοῖς
1444 3742 1678 3812 Ἰσραήλ.
1722 3737 1888 3806 Αὖθίς

307 3845 367 3880 τε
397 3829 429 3898 ἡ
463 3829 622 3900 τιμία
652 3832 744 3882 καὶ
791 3831 1210 3902 ἀγγελοπεπρὴς
1259 3831 1352 3884 τοῦ
1401 3833 1564 3902 σοφοῦ
1604 3833 1885 3903 Μαλαχίου

310 3922 460 3992 φωνή
484 3939 495 3950 ·
533 3920 685 3974 Ἰδοὺ
713 3920 827 3990 ἐγὼ
856 3923 1171 3976 ἀποστελῶ
1199 3923 1305 3977 τὸν
1340 3923 1596 3993 ἄγγελόν
1617 3941 1760 3992 μου,
1788 3923 1888 3977 καὶ

308 4011 606 4080 ἑτοιμάσει
637 4011 780 4066 ὁδὸν
805 4013 918 4082 πρὸ
955 4015 1273 4081 προσώπου
1302 4032 1435 4069 σου·
1472 4016 1567 4069 καὶ
1595 4016 1886 4084 ἐξαίφνης

310 4102 444 4170 ἥξει
477 4105 562 4168 εὶς
590 4103 698 4156 τὸν
739 4104 889 4156 ναὸν
927 4105 1112 4159 αὑτοῦ
1143 4107 1380 4174 Κύριος,
1423 4106 1523 4161 καὶ
1561 4110 1593 4161 ό
1631 4105 1886 4176 ἄγγελος

308 4199 434 4268 τῆς,
447 4200 754 4270 διαθήκης,
787 4201 858 4255 ὃν
881 4203 1052 4271 ὑμεῖς
1076 4202 1298 4258 θέλετε.

381 4493 491 4547 Καὶ
515 4493 694 4557 ἄλλοις
724 4491 943 4547 ἄλλοθεν
987 4511 1338 4565 προφητικων
1378 4493 1572 4564 λογίῶν
1605 4500 1886 4566 μυστικοῖς

312 4583 496 4638 ἄνθεσι
558 4585 620 4638 τὸ
658 4585 904 4654 θεολόγον
939 4587 1032 4640 καὶ
1077 4587 1345 4657 μακάριον
1371 4587 1565 4656 στέφος
1602 4588 1884 4655 ἐπλέξατο,

312 4677 529 4730 ἀσθενεῖ
561 4679 658 4748 μὲν
704 4681 785 4731 ἔτι
818 4679 912 4733 καὶ
960 4680 1254 4750 ὑποτρόμῳ
1294 4680 1455 4749 χειρὶ,
1485 4679 1559 4742 ὡς
1588 4680 1652 4750 δὴ
1693 4680 1889 4751 προσε-

313 4768 510 4836 6ηκυῖα
563 4770 620 4822 ὲν
657 4769 890 4838 ἡμέραις
940 4770 1179 4832 πολλαῖς.
1227 4771 1301 4822 Οὑ
1332 4769 1441 4841 γάρ
1481 4787 1584 4822 που
1627 4771 1887 4841 ὲχωρεῖτο

312 4861 431 4913 τότε
463 4861 572 4922 τοῖς
601 4860 888 4915 ἀκούουσιν
930 4863 964 4932 ή
992 4861 1100 4914 τῶν
1147 4862 1366 4933 ὑψηλῶν
1401 4863 1529 4933 περὶ
1553 4861 1646 4914 τοῦ
1678 4863 1886 4935 Κυρίου

312 4950 598 5021 νοημάτων
617 4951 908 5020 ἀφήγησις,
944 4952 1032 5004 ὅτε
1066 4952 1159 5006 καὶ
1192 4955 1330 5022 μετὰ
1358 4954 1455 5024 τήν
1484 4953 1750 5023 τοσαύτην
1778 4953 1887 5007 τῶν

261 5040 264 5043 ’
313 5044 556 5115 σημείων
576 5042 832 5106 ἐπίδειξιν
861 5043 954 5096 καὶ
982 5043 1088 5096 τῶν
1114 5043 1310 5098 ἐνθέων
1345 5045 1659 5115 μυστηρίων
1684 5046 1890 5124 ἀνακή-

316 5134 465 5203 ρυξιν
517 5133 546 5184 ὁ
584 5131 693 5186 τῶν
722 5132 821 5202 τῆς
855 5133 1044 5200 σοφίας
1076 5133 1168 5184 καὶ
1199 5133 1297 5202 τῆς
1317 5134 1570 5202 γνώσεως
1593 5133 1883 5206 θησαυρῶν

309 5227 507 5297 ταμίας
531 5225 764 5298 Χριστὸς
795 5228 906 5287 τοῖς
936 5224 1126 5278 ἑαυτοῦ
1154 5223 1304 5293 ἔλεγε
1329 5226 1596 5296 μαθηταῖς
1621 5244 1634 5257 ·
1677 5227 1884 5282 Πολλὰ

309 5318 453 5389 ὑμῖν
481 5319 598 5387 ἔχω
656 5317 948 5386 λαλῆσαι,
990 5317 1128 5370 ἀλλ’
1164 5319 1233 5370 οὐ
1272 5317 1535 5373 δύνασθε
1557 5319 1884 5383 βαστάζειν

309 5408 460 5477 ἄρτι.
483 5410 670 5481 Ὅμως
685 5411 733 5462 εί
761 5409 852 5462 καὶ
878 5405 1134 5477 ἀμυδρῶς
1157 5408 1190 5478 ή
1219 5407 1460 5478 γηραλέα
1489 5409 1581 5462 καὶ
1611 5408 1883 5479 προφῆτις

309 5499 401 5554 τὸν
425 5501 556 5571 περὶ
581 5498 676 5552 τοῦ
708 5498 912 5570 Κυρίου
945 5498 1236 5568 ἐποιήσατο
1264 5497 1442 5567 λόγον,
1476 5499 1552 5562 ὡς
1583 5499 1677 5552 τοῦ
1713 5499 1878 5569 νόμου

391 5698 438 5732 ³⁸
468 5701 487 5754 1
519 5700 646 5756 Cor.
680 5715 789 5760 xw,
812 5698 866 5752 Ξ.
946 5700 987 5731 ⁸⁷
1011 5701 1112 5754 lsa.
1148 5717 1220 5765 Ix,
1255 5700 1306 5753 6.
1387 5699 1428 5729 ³³
1455 5697 1558 5753 lsa.
1597 5715 1684 5763 LX,
1715 5701 1768 5754 l.

316 5772 402 5839 l7,
435 5771 514 5825 ll.
592 5772 635 5802 ⁸³
666 5768 810 5825 Psal.
836 5784 1014 5837 ‘xcvn,
1043 5769 1099 5838 2,
1127 5771 1178 5824 5.

1862 5700 1902 5731 "9
1927 5699 2070 5752 Psal.
2109 5714 2338 5760 Lxxxw,
2376 5699 2460 5755 Η.

1293 5769 1337 5800 ⁵³
1367 5767 1595 5826 Malach.
1637 5786 1718 5835 ιιι,
1761 5770 1811 5823 8.
1893 5771 1935 5838 ἳδ
1965 5767 2125 5824 Joan.
2156 5785 2266 5837 xvr,
2303 5770 2389 5826 1&2.

1992 550 2251 622 mysteria
2284 551 2456 620 loqui,
2477 558 2538 604 ut
2569 548 2790 603 divinus
2816 544 2993 614 inquit
3022 543 3316 613 Apostolus
3335 541 3401 605 “,
3433 540 3562 594 edo-

1989 641 2062 694 cti
2102 647 2272 695 sunt:
2310 647 2591 710 quatenus
2627 646 2807 692 autem
2845 651 2946 692 nos
2992 634 3307 705 conjectura
3342 631 3559 701 assequi

1988 729 2294 802 potuimus,
2340 731 2503 785 etiam
2556 731 2692 784 alias
2749 729 2804 782 in
2872 728 2965 781 illo
3019 734 3266 794 tempore
3325 722 3561 778 dicimus

1988 822 2238 892 ejusdem
2272 836 2396 876 cum
2426 822 2586 876 beata
2627 821 2729 874 hac
2759 817 2998 874 nominis
3025 816 3220 878 fuisse,
3244 829 3365 884 qua:
3398 813 3560 867 etiam

1989 913 2222 978 eisdem,
2254 913 2460 982 quibus
2518 911 2632 975 illa,
2665 911 2840 966 sacris
2895 908 3114 970 studiis,
3147 912 3206 960 ut
3254 905 3305 958 in
3339 903 3564 974 jejuniis

1989 1013 2045 1060 et
2097 1005 2449 1060 orationibus
2501 1004 2732 1058 assidue
2781 1007 3218 1071 perseverarent,
3263 997 3459 1051 deditae
3509 1002 3565 1049 et

1989 1092 2219 1148 addicite
2263 1101 2475 1150 essent.
2526 1093 2600 1148 Ut
2636 1092 2808 1162 igitur
2858 1098 3008 1145 certa
3055 1096 3200 1144 esset
3229 1096 3283 1143 et
3339 1086 3410 1141 ab
3441 1085 3564 1138 aliis

1989 1186 2234 1242 discerni
2263 1185 2426 1242 facile
2470 1193 2658 1256 posset
2706 1185 2875 1254 hujus
2906 1197 3165 1255 persona,
3217 1180 3390 1251 patris
3442 1178 3563 1247 ejus

1987 1279 2257 1334 mentioni
2287 1280 2452 1334 etiam
2505 1279 2784 1350 propriam
2821 1277 2970 1332 illius
3013 1275 3214 1330 tribum
3267 1271 3562 1340 ascripsit:

1990 1385 2056 1425 ac
2091 1371 2305 1441 magnis
2329 1371 2608 1434 laudibus,
2639 1385 2759 1440 qua:
2791 1383 3019 1440 prorsus
3045 1367 3209 1422 etiam
3244 1364 3387 1434 apud
3411 1363 3567 1417 audi—

1991 1469 2161 1526 tores,
2193 1462 2262 1516 iis
2298 1476 2423 1531 quae
2448 1461 2516 1516 de
2545 1459 2780 1516 Domino
2807 1472 3026 1530 quoque
3065 1455 3308 1520 dicebat,
3343 1453 3453 1507 vim
3503 1451 3567 1504 ﬁ-

1990 1552 2077 1608 dei
2107 1553 2373 1609 l‘aciendae
2401 1554 2682 1618 haberent,
2713 1568 2833 1607 eam
2869 1550 3113 1607 cumulat
3143 1557 3196 1604 et
3225 1555 3406 1602 ornat.
3457 1545 3565 1600 Sed

1991 1645 2277 1712 quoniam,
2311 1653 2372 1699 ut
2423 1645 2635 1699 dictum
2682 1652 2787 1706 est,
2826 1651 3085 1698 senectus
3142 1639 3375 1695 orationi
3414 1637 3566 1691 vocis

1989 1731 2382 1787 claritudinem
2415 1743 2472 1788 et
2504 1734 2873 1787 resonantiam
2914 1731 3139 1793 ademit,
3186 1729 3411 1798 propius
3445 1727 3566 1794 ejus

1989 1824 2147 1894 quasi
2175 1823 2258 1878 ori
2291 1825 2491 1880 mentis
2522 1839 2712 1879 aurem
2750 1823 3128 1885 admoventes,
3166 1837 3261 1890 per
3291 1835 3411 1874 eam
3444 1833 3566 1889 quas

1990 1916 2248 1985 praesenti
2281 1916 2512 1970 inhaaret
2548 1925 2602 1970 et
2634 1915 2801 1970 insita
2849 1923 2934 1969 est
2981 1920 3324 1984 argumento,
3358 1918 3568 1964 scruta-

1990 2008 2220 2072 tionem,
2254 2007 2536 2062 videamus
2567 2006 2833 2076 quidnam
2873 2006 3038 2061 etiam
3075 2006 3189 2060 haec
3229 2004 3437 2058 diceret
3473 2001 3562 2063 iis,

1989 2101 2084 2170 qui
2106 2099 2474 2171 Jerosolymis
2503 2099 2894 2170 exspectabant
2927 2097 3379 2167 redemptionem.
3405 2092 3562 2159 Nam,

1991 2200 2154 2262 prout
2184 2200 2618 2248 consentaneum
2651 2207 2717 2247 ac
2746 2203 2846 2260 par
2885 2197 2971 2245 est
3027 2189 3292 2253 cogitare,
3327 2201 3396 2240 ex
3427 2185 3566 2240 scri-

1989 2283 2099 2353 ptis
2129 2285 2518 2353 prophetarum
2545 2285 2616 2340 de
2653 2284 2888 2338 Domino
2919 2280 3086 2337 verba
3117 2279 3355 2333 faciebat
3383 2295 3396 2330 :
3429 2291 3566 2347 quo-

1988 2372 2136 2426 niam
2167 2379 2220 2427 et
2253 2372 2355 2438 illi,
2385 2373 2453 2428 ad
2489 2388 2632 2444 quos
2680 2373 2798 2428 haec
2847 2371 2965 2427 eam
3013 2371 3162 2440 loqui
3214 2367 3564 2437 Evangelium

1988 2464 2148 2528 dixit,
2183 2480 2412 2535 prorsus
2443 2482 2512 2521 ex
2555 2465 2760 2522 divinis
2807 2464 3048 2520 oraculis
3095 2476 3215 2532 quae
3257 2466 3477 2516 exstant
3511 2457 3566 2512 in

1987 2555 2310 2623 prophetis,
2360 2553 2676 2610 didicerant
2730 2554 3163 2624 redemptionem
3221 2558 3562 2620 exspectare.

1987 2644 2228 2702 Prorsus
2260 2646 2326 2701 ad
2375 2645 2807 2702 describendum
2854 2647 3174 2718 mysterium
3210 2646 3267 2700 in
3311 2650 3566 2714 promptu

1987 2737 2182 2792 habuit
2239 2738 2422 2808 magni
2466 2737 2624 2794 Isaiae
2652 2739 2859 2794 verba:
2906 2738 3048 2792 Puer
3080 2745 3236 2791 natus
3277 2745 3356 2790 est
3393 2733 3564 2798 nobis,

1988 2830 2136 2900 ﬁlius
2159 2830 2320 2884 etiam
2344 2830 2505 2885 datus
2532 2839 2612 2885 est
2647 2830 2817 2894 nobis,
2845 2831 2996 2900 cujus
3031 2829 3308 2900 imperium
3337 2827 3442 2896 fuit
3475 2844 3566 2880 su-

1987 2935 2078 2982 per
2105 2919 2385 2973 humerum
2443 2921 2583 2990 ejus,
2633 2930 2682 2974 et
2730 2932 2950 2976 vocatur
2977 2935 3162 2973 nomen
3214 2917 3351 2986 ejus,
3388 2917 3568 2988 magni

1988 3009 2198 3062 consilii
2217 3008 2452 3064 Nuntius
2472 3011 2539 3064 ⁸⁷.
2555 3010 2707 3065 Adde
2730 3011 2816 3065 his
2839 3033 2851 3066 :
2881 3009 3214 3073 “luminare,
3240 3009 3564 3071 illuminare,

1989 3100 2289 3156 Jerusalem
2321 3118 2339 3156 :
2374 3104 2510 3157 venit
2553 3105 2694 3158 enim
2731 3105 2907 3158 lumen
2952 3113 3101 3158 tuum
3123 3115 3143 3155 :
3176 3113 3226 3156 et
3264 3103 3434 3173 gloria
3457 3101 3568 3156 Do-

1992 3195 2122 3247 mini
2151 3211 2307 3264 super
2358 3205 2405 3250 te
2437 3206 2622 3250 exorta
2655 3206 2732 3251 est
2768 3197 2836 3250 δδ.
2880 3195 3056 3250 Etiam
3103 3210 3339 3265 magnus
3397 3193 3567 3260 David

1989 3286 2404 3355 producebatur
2433 3305 2446 3340 :
2483 3286 2860 3342 Misericordia
2899 3297 2948 3341 et
2979 3288 3173 3341 veritas
3225 3286 3328 3339 sibi
3359 3283 3566 3338 obviam

1989 3385 2259 3442 venerunt,
2283 3377 2501 3446 justitia
2530 3386 2578 3432 et
2610 3393 2717 3446 pax
2739 3394 2849 3431 sese
2871 3387 3050 3430 mutuo
3077 3376 3332 3431 osculata:
3351 3385 3474 3429 sunt
3495 3375 3564 3440 ⁶⁹;

1990 3475 2066 3534 et,
2108 3465 2358 3521 Viderunt
2386 3483 2564 3522 omnes
2587 3467 2719 3537 ﬁnes
2742 3477 2894 3521 terrw
2916 3467 3155 3520 salutare
3173 3465 3270 3520 Dei
3299 3466 3469 3520 nostri
3495 3464 3564 3520 ⁵⁸.

1991 3559 2070 3612 Ac
2101 3559 2400 3613 indicative
2424 3557 2494 3613 de
2529 3573 2596 3613 eo
2624 3576 2638 3612 :
2672 3557 2810 3612 Ante
2839 3559 3024 3622 solem,
3052 3558 3253 3628 inquit,
3295 3569 3566 3626 permanet

1991 3667 2176 3704 nomen
2226 3653 2375 3719 ejus,
2423 3667 2484 3702 ac
2539 3651 2908 3705 benedicentur
2955 3653 3008 3705 in
3061 3668 3120 3705 eo
3167 3667 3346 3706 omnes
3398 3652 3567 3706 tribus

1990 3751 2164 3797 terra.
2214 3741 2404 3797 Omnes
2452 3750 2625 3812 gentes
2683 3741 2890 3794 beatum
2933 3758 3051 3797 eum
3100 3743 3310 3810 dicent,
3358 3757 3405 3799 et
3456 3762 3568 3799 ser-

1991 3835 2126 3888 vient
2177 3835 2266 3901 ei,
2324 3845 2375 3888 et
2421 3834 2719 3889 adorabunt
2775 3851 2894 3888 eum
2931 3836 3013 3900 ⁸¹;
3058 3843 3144 3900 et,
3197 3835 3400 3891 Notam
3443 3839 3570 3908 fecit

1991 3924 2250 3982 Dominus
2303 3928 2543 3982 salutare
2579 3944 2734 3982 suum
2785 3927 2914 3984 ﬁliis
2971 3929 3137 3985 Israel
3194 3930 3262 3984 ⁸¹.
3297 3929 3567 3989 Praeterea

1992 4019 2236 4089 pretiosa
2266 4029 2321 4075 et
2347 4021 2600 4091 angelica
2643 4021 2910 4090 sapientis
2948 4019 3232 4077 Malachim
3253 4039 3356 4078 vox
3387 4026 3569 4095 profe-

1993 4110 2255 4166 rebatur:
2290 4111 2422 4166 Ecce
2467 4129 2560 4184 ego
2606 4114 2818 4167 mittam
2861 4115 3104 4169 nuntium
3142 4131 3337 4180 meum,
3382 4125 3435 4171 et
3471 4133 3569 4186 pa-

1993 4199 2136 4253 rabit
2167 4202 2306 4254 viam
2345 4212 2468 4256 ante
2510 4203 2703 4271 faciem
2738 4214 2918 4269 tuam,
2971 4214 3024 4260 et
3084 4216 3292 4276 repente
3325 4210 3490 4263 veniet
3515 4209 3569 4272 in

2003 4293 2250 4362 templum
2272 4311 2426 4349 suum
2463 4295 2744 4364 Dominus,
2775 4299 3067 4354 et'nuntius
3088 4302 3390 4355 testamenti
3417 4317 3568 4371 quem

1919 4366 1966 4421 D
1994 4400 2081 4438 vos
2116 4385 2272 4441 vultis
2297 4386 2362 4441 ⁵³.

2063 4476 2242 4547 Atque
2272 4478 2396 4534 aliis
2427 4478 2651 4536 aliunde
2700 4482 2937 4552 sumptis
2994 4480 3249 4551 mysticis
3283 4479 3566 4550 propheti-

1995 4585 2184 4627 corum
2214 4573 2566 4629 oraculorum
2587 4572 2842 4639 ﬂoribus,
2864 4587 3127 4629 coronam
3156 4572 3307 4628 illam
3326 4573 3564 4639 beatam,

1994 4679 2101 4733 qua
2135 4663 2375 4720 divinam
2432 4673 2687 4720 naturam
2721 4663 3079 4734 explicabat,
3137 4663 3303 4720 debili
3343 4665 3566 4735 quidem

1991 4757 2173 4811 adhuc
2197 4769 2250 4812 et
2283 4755 2640 4812 tremebunda
2684 4770 2874 4823 manu,
2903 4765 3090 4828 utpote
3141 4758 3375 4812 multum
3407 4766 3569 4813 aetate

1990 4856 2272 4918 provecta,
2314 4849 2507 4903 nexuit
2531 4855 2587 4904 et
2619 4848 2994 4903 concinnavit.
3037 4848 3193 4904 Tunc
3223 4851 3369 4905 enim
3425 4850 3567 4906 forte

1990 4954 2190 5009 capere
2231 4954 2341 4993 non
2375 4947 2632 5010 poterant
2664 4941 2951 4996 auditores
3006 4941 3328 4996 sublimium
3361 4942 3429 4997 de
3459 4941 3566 4997 Do-

1990 5033 2140 5087 mino
2199 5035 2601 5088 sententiarum
2651 5035 3024 5089 narrationem
3053 5076 3070 5100 ,
3128 5035 3350 5105 quando
3400 5035 3564 5090 etiam

1990 5133 2116 5195 post
2143 5131 2223 5178 tot
2252 5125 2538 5194 signorum
2565 5125 2884 5192 editionem,
2913 5140 2978 5181 ac
3013 5125 3326 5182 divinorum
3360 5135 3564 5198 myste-

1989 5218 2200 5273 riorum
2259 5217 2708 5288 praedicationem
2756 5217 3040 5286 sapientia:
3088 5225 3256 5288 atque
3321 5217 3565 5274 scientiae

1990 5313 2378 5368 thesaurorum
2425 5311 2777 5382 dispensator
2812 5311 3067 5366 Christus
3111 5311 3228 5367 suis
3274 5311 3567 5382 discipulis

1989 5405 2248 5460 dicebat:
2289 5403 2471 5459 Multa
2510 5405 2672 5458 habeo
2711 5420 2827 5474 qua:
2865 5403 3010 5458 vobis
3063 5403 3275 5474 loquar,
3334 5402 3425 5458 sed
3459 5420 3564 5459 non

1987 5500 2208 5568 potestis
2231 5515 2368 5554 nunc
2402 5505 2614 5568 portare
2644 5497 2709 5551 “.
2739 5495 2845 5552 Sed
2880 5495 3044 5552 etiam
3077 5495 3123 5552 si
3157 5495 3393 5552 obscure
3425 5511 3564 5552 anus

2557 5700 2602 5732 '°
2633 5697 2779 5754 Psal.
2810 5713 2973 5765 xcvu,
3003 5699 3055 5753 3.
3154 5697 3195 5730 "
3239 5694 3381 5751 l’sal.
3411 5709 3557 5758 usi,
