3950 6156
1909 607 2061 664 Νονο

479 667 836 727 Testamento
866 676 1077 732 cessit:
1115 695 1496 743 verumtamen
1557 707 1669 746 non
1704 693 1913 754 inutilis
1972 701 2060 755 in-

480 761 861 832 telligentibus
900 769 1248 831 auditoribus
1295 779 1418 848 ejus
1478 788 1872 846 sermocinatio
1929 792 2053 858 fuit,

471 854 933 920 quemadmodum
962 876 1065 918 nec
1093 880 1182 930 ea,
1218 883 1340 938 quae
1371 886 1403 925 a
1434 872 1577 947 Lege
1605 893 1702 948 per
1742 883 1966 941 lllllbl'as
2003 897 2057 942 et

470 945 765 1015 aenigmata
821 953 1231 1028 verborumque
1290 945 1579 1024 involucra
1641 971 1832 1042 ﬁebat,
1869 981 2054 1050 magni

469 1040 722 1107 mysterii
749 1046 1220 1117 prasigniﬁcatio.
1256 1053 1455 1114 Venite
1474 1060 1661 1133 igitur,
1694 1081 1793 1123 vos
1819 1040 2054 1142 quoque

470 1136 656 1196 patres
689 1141 744 1188 et
773 1134 976 1194 tratres
998 1143 1340 1213 spirituales,
1375 1152 1470 1221 qui
1522 1153 1642 1210 dies
1693 1134 1867 1217 festos
1903 1134 2051 1219 cele-

467 1223 630 1280 brar'e
655 1233 710 1280 et
742 1229 957 1298 epulari
990 1232 1266 1294 didicistis
1311 1241 1368 1298 in
1432 1247 1677 1305 novitate
1709 1252 1940 1321 spiritus
1995 1265 2051 1312 et

465 1327 578 1368 non
608 1332 706 1386 per
737 1319 932 1379 littera:
985 1335 1336 1399 vetustatem,
1383 1336 1479 1407 qui
1525 1338 1584 1393 in
1622 1319 1830 1414 azymis
1865 1347 2050 1404 since-

464 1405 647 1464 ritatis
680 1419 734 1465 et
761 1415 1010 1474 veritatis
1070 1423 1379 1492 pretiosum
1402 1405 1463 1484 et
1513 1405 1793 1489 viviﬁc'um
1830 1435 2044 1495 Pascha

463 1501 702 1558 victimae
727 1506 935 1566 Christi
971 1513 1257 1573 celebrare
1289 1520 1544 1580 debetis:
1588 1527 1684 1596 qui
1735 1527 1920 1585 divina
1957 1547 2046 1588 re-

463 1597 816 1660 generatione
866 1606 1013 1660 sacri
1057 1605 1416 1678 baptismatis
1452 1625 1692 1672 veterem
1740 1619 2042 1692 hominem,

462 1686 560 1752 qui
595 1687 754 1756 juxta
794 1696 1284 1767 concupiscentias
1321 1703 1698 1768 fraudulentas
1723 1728 2043 1787 corrumpe-

462 1776 647 1842 batur,
687 1779 1048 1855 deposuistis,
1097 1797 1152 1846 et
1204 1808 1430 1863 novum,
1465 1801 1560 1869 qui
1617 1815 1918 1862 renovatur
1950 1776 2043 1866 .ad
2075 1778 2116 1834 Β

463 1868 798 1936 agnitionem
859 1875 1019 1945 juxta
1082 1880 1379 1955 imaginem
1412 1868 1713 1962 Creatoris,
1755 1897 2038 1970 induistis,

475 1957 652 2015 Venite
675 1964 1002 2023 exsultemus
1033 1969 1288 2040 Domino,
1327 1979 1621 2047 jubilemus
1653 1985 1764 2042 Deo
1809 1991 2041 2049 salutari

456 2060 660 2108 nostro.
691 2054 952 2118 Dicamus
992 2062 1151 2131 illud,
1189 2067 1369 2135 Quam
1409 2077 1678 2134 terribilia
1723 2097 1884 2150 opera
1923 2095 2036 2154 tua,

459 2143 706 2212 Domine,
738 2150 842 2206 etsi
876 2152 933 2207 in
979 2157 1333 2219 multitudine
1366 2168 1629 2235 potentiae
1673 2143 1779 2229 tua:
1825 2176 2038 2235 inimici

455 2235 532 2289 tui
567 2235 816 2297 frustrati
873 2257 1026 2312 sunt,
1085 2263 1281 2322 sponte
1341 2273 1440 2312 sua
1471 2259 1543 2315 ad
1601 2261 1850 2321 divinum
1881 2274 2034 2325 tuum

454 2328 662 2395 lumen,
693 2333 840 2403 quod
879 2339 1087 2395 mundo
1113 2347 1402 2414 apparuit,
1450 2351 1643 2408 oculos
1694 2356 2033 2418 claudentes.

453 2418 888 2495 Praoccupemus
938 2429 1132 2500 faciem
1189 2437 1306 2507 ejus
1365 2441 1421 2496 in
1470 2446 1820 2517 confessione,
1875 2463 1922 2508 et
1978 2457 2036 2509 in

449 2513 670 2580 psalmis
676 2516 1065 2586 jubilemus.ei.
1080 2524 1387 2589 ()ﬂ'eramus
1409 2513 1628 2606 semper
1658 2539 1771 2597 Deo
1790 2513 2026 2602 hostiam

447 2604 804 2677 laudationis,
843 2612 947 2668 hoc
1002 2623 1109 2683 est,
1149 2618 1391 2679 fructum
1449 2604 1722 2687 labiorum
1753 2636 2028 2694 conﬁten-

446 2695 582 2751 tium
615 2704 827 2758 nomini
859 2704 1004 2776 ejus,
1037 2723 1141 2765 nec
1167 2712 1566 2776 obliviscamur
1613 2723 1867 2783 beneﬁcii
1908 2731 2029 2802 ejus

445 2800 611 2857 atque
635 2796 1150 2856 communicationis
1175 2821 1189 2857 :
1219 2805 1423 2866 talibus
1443 2811 1592 2868 enim
1621 2817 1864 2876 victimis
1885 2796 2029 2880 Deus

443 2880 747 2938 delectatur
807 2895 974 2959 atque
1031 2893 1286 2962 placatur
1311 2901 1382 2966 ",
1439 2909 1502 2958 ut
1555 2909 1753 2966 sordes
1815 2918 2028 2983 peccati

441 2971 757 3042 abluamus,
797 2986 854 3034 et
904 2986 1262 3044 renovabitur
1316 2993 1464 3050 sicut
1510 3001 1712 3070 aquila;
1759 2971 2027 3074 juventus

441 3072 634 3121 nostra
663 3068 1003 3140 spiritualis:
1029 3081 1492 3148 quemadmodum
1511 3068 1677 3148 etiam
1702 3068 1847 3152 beati
1877 3100 2027 3158 senis
2055 3117 2100 3178 (ε

441 3153 752 3226 Simeonis,
785 3171 847 3218 ut
882 3180 986 3223 nos
1009 3183 1232 3243 quoque
1259 3177 1493 3244 paciﬂce
1541 3185 1855 3261 gaudioque
1901 3153 2026 3262 per:

437 3246 548 3304 fusi
577 3259 744 3322 atque
777 3254 1032 3316 hilariter
1057 3276 1184 3319 cum
1219 3265 1365 3324 bona
1401 3246 1612 3331 ﬁducia
1637 3293 1703 3334 ac
1739 3246 1840 3353 spe
1873 3246 2026 3344 sal—u-

435 3340 510 3396 tis
539 3340 606 3396 ad
639 3344 846 3404 exitum
875 3351 1002 3408 vitae
1050 3369 1368 3428 curramus,
1398 3370 1453 3420 et
1485 3382 1596 3424 non
1630 3340 1789 3426 cum.
1815 3379 2024 3447 pudore

433 3439 488 3485 et
519 3443 688 3502 metu,
731 3445 787 3494 et
845 3443 1084 3512 quodam
1118 3449 1287 3506 modo
1339 3455 1593 3516 nolentes
1643 3471 1702 3519 et
1733 3439 1890 3524 inviti
1952 3471 2019 3526 ad

432 3523 664 3581 exitium
716 3531 840 3587 vitae
893 3541 1333 3602 contendamus:
1400 3554 1867 3620 quemadmodum
1923 3565 2019 3634 qui

432 3613 577 3672 male
608 3617 715 3675 sibi
745 3626 956 3681 conscii
991 3638 1144 3698 sunt,
1189 3649 1332 3706 aegre
1364 3613 1432 3694 ac
1461 3645 1692 3702 moleste
1726 3651 1872 3722 regis
1922 3613 2020 3710 ald-

431 3720 653 3767 ventum
695 3713 899 3773 ferunt.
933 3717 1216 3781 imitemur
1260 3728 1434 3786 beatae
1480 3732 1651 3792 Anna:
1683 3739 1737 3794 in
1785 3713 2017 3814 ieiuniis

429 3805 595 3868 atque
621 3805 966 3866 orationibus
989 3817 1313 3875 continuum
1339 3823 1582 3881 studium
1611 3837 1702 3901 atq
1714 3805 2016 3908 ue'p'erpe-

425 3898 577 3946 tuam
609 3895 970 3968 diligentiam,
999 3921 1070 3961 ne
1122 3912 1354 3968 muliere
1383 3916 1689 3980 deteriores
1751 3941 1875 3984 esse
1927 3931 2013 3985 vi-

424 3983 678 4052 deamur,
711 3993 816 4046 sub
848 3997 1044 4052 umbra
1078 4000 1238 4073 Legis
1278 4012 1588 4077 praesertim
1622 4016 1860 4086 vivente,
1913 4025 2009 4081 ubi

423 4076 631 4133 talibus
663 4081 966 4143 virtutibus
1023 4093 1303 4153 clarorum
1353 4101 1638 4161 hominum
1695 4125 1824 4168 rara
1877 4127 2008 4173 sunt

420 4170 692 4240 exempla.
735 4172 939 4233 Verum
992 4198 1095 4240 nos
1127 4189 1221 4258 qui
1271 4191 1481 4251 lumine
1544 4203 1736 4268 gratiae
1768 4205 2006 4265 illustra-

419 4273 566 4326 mur,
607 4265 705 4333 qui
737 4282 867 4323 vera
893 4279 948 4327 et
985 4277 1274 4336 manifesta
1305 4300 1402 4355 spe
1433 4265 1666 4348 nitimur
1688 4303 1743 4350 et
1775 4299 2013 4369 adiuva,-

418 4365 567 4418 mur,
598 4355 691 4425 qui
725 4358 940 4418 viribus
965 4363 1206 4435 Spiritus
1241 4376 1654 4452 conﬁrmamur,
1693 4402 1762 4442 ne
1812 4388 1998 4448 disce-

415 4440 613 4500 damus
668 4463 699 4502 a
739 4454 918 4511 sacris
978 4456 1271 4530 doctrinis,
1343 4481 1406 4522 ex
1476 4475 1678 4541 quibus
1737 4466 2078 4540 salutaris”

413 4532 640 4594 habitus
673 4543 876 4600 animis
904 4548 1116 4606 innasci
1150 4563 1437 4615 consuevit
1467 4581 1481 4616 :
1531 4569 1996 4637 quemadmodum

412 4625 562 4682 illam
595 4647 815 4704 quoque
847 4643 1125 4700 memoria:
1156 4651 1432 4717 proditum
1463 4625 1602 4712 est'a
1635 4663 1842 4732 templo
1884 4683 1995 4724 non

408 4718 755 4793 discessisse,
789 4745 858 4784 ne
886 4735 1251 4804 cogitationes
1309 4755 1533 4806 nostras
1578 4753 1986 4831 circumvagani

404 4821 460 4866 et
496 4828 524 4866 a
551 4816 750 4874 timore
781 4819 876 4877 Dei
907 4825 1167 4886 aberrare
1216 4837 1487 4907 sinamus,
1541 4845 1637 4901 sed
1674 4863 1740 4904 ex
1774 4851 1895 4922 ipso
1926 4863 1980 4911 et

402 4917 503 4972 per
561 4906 744 4976 ipsum
811 4927 1008 4973 carnes
1064 4931 1288 4983 nostras
1348 4946 1412 4985 ac
1475 4950 1674 4995 sensus
1737 4953 1984 5016 DOSU'OS,

399 5000 862 5064 quemadmodum
895 5018 1052 5079 optat
1083 5014 1176 5070 ille
1223 5015 1492 5091 Propheta
1517 5027 1585 5095 ⁸⁸,
1615 5000 1980 5106 conligamus:

397 5089 704 5151 Audiamus
741 5113 1001 5171 magnum
1051 5104 1282 5166 Paulum
1338 5115 1628 5176 docentem
1661 5141 1676 5178 :
1713 5127 1985 5198 Conjunxi

398 5197 486 5236 vos
510 5186 604 5238 uni
623 5187 757 5252 viro,
780 5199 838 5243 ut
860 5195 1110 5264 virginem
1128 5211 1334 5257 castam
1355 5204 1567 5265 Christo
1588 5216 1884 5273 exhiberem
1909 5221 1978 5289 ",

395 5284 450 5329 et
488 5293 558 5334 ne
593 5277 801 5338 foedera
829 5294 884 5341 et
922 5299 1082 5358 pacta
1113 5292 1252 5360 inita
1278 5311 1405 5354 cum
1433 5300 1527 5358 illo
1560 5320 1659 5375 per
1686 5315 1980 5368 consocia-

398 5364 601 5424 tionem
633 5381 687 5427 et
737 5380 1194 5439 consuetudinem
1238 5403 1367 5444 cum
1409 5392 1534 5448 vitae.
1585 5409 1789 5456 nostra:
1822 5406 1982 5461 vitia—

395 5462 536 5521 tore,
578 5460 830 5524 faciendo
881 5484 1004 5541 quae
1057 5476 1150 5532 ille
1182 5480 1454 5552 voluerit,
1510 5488 1854 5562 negligamus
1915 5512 1981 5552 ac

395 5549 810 5614 rescindamus:
848 5563 1012 5621 etiam
1065 5567 1120 5623 in
1151 5569 1257 5626 hoc
1302 5573 1579 5636 imitantes
1621 5586 1978 5655 prophetissa:

1396 294 1453 351 S.
1495 295 1850 372 GREGORII,
1889 303 1978 358 DE
2012 303 2337 368 OCCURSU
2380 311 2636 384 DOMINI,
2680 316 2828 375 E'l'C.

3635 329 3794 386 “80

2165 521 2260 575 καὶ
2311 525 2482 592 ἐγγὺς
2537 527 2850 598 ἀφανισμοῦ
2883 532 3126 599 γεγονὸς,
3167 539 3234 606 τῇ
3275 539 3454 610 Καινῇ
3507 540 3786 614 Διαθήκῃ

2166 612 2560 686 παρεχώρησεν
2583 633 2597 646 ·
2629 617 2746 672 ἀλλ’
2774 616 2869 674 οὖν
2899 621 3000 674 οὐκ
3028 623 3324 698 ἀσυντελὴς
3355 630 3391 698 η
3415 629 3557 700 παρ’
3588 612 3782 702 αὐτῆς

2160 701 2393 769 διάλεξις
2414 710 2528 770 τοῖς
2557 713 2798 775 συνετοῖς
2822 713 3120 784 ἀκροαταῖς
3142 717 3385 786 γέγονεν,
3409 719 3612 794 ὥσπερ
3642 701 3777 778 οὐδὲ

2163 796 2195 866 ἡ
2237 797 2384 866 παρὰ
2429 799 2524 853 τοῦ
2556 800 2722 872 νόμου
2762 804 2820 856 ἐν
2863 808 3044 870 σκιαῖς
3077 809 3172 860 καὶ
3209 812 3498 883 αἰνίγμασι
3528 815 3635 868 τοῦ
3662 834 3773 886 με·

2159 889 2326 956 γάλου
2387 895 2688 963 μυστηρίου
2760 899 3238 973 προαναφώνησις.
3291 905 3453 960 Δεῦτε
3504 903 3603 962 οὖν
3666 911 3769 962 καὶ

2160 979 2338 1050 ὑμεῖς,
2373 984 2615 1056 Πατέρες
2643 987 2737 1040 καὶ
2775 988 2994 1059 ἀδελφοὶ
3035 998 3416 1066 πνευματικοὶ,
3446 1003 3500 1052 οἱ
3550 1003 3763 1072 ἑορτάο

2155 1071 2270 1136 ζειν
2298 1073 2664 1147 δεδιδαγμένοι
2687 1080 2744 1133 ἐν
2771 1083 3049 1154 καινότητι
3073 1087 3401 1157 πνεύματος,
3431 1093 3530 1144 καὶ
3554 1071 3760 1146 οὐπε-

2151 1162 2394 1238 λαιότητι
2441 1169 2786 1241 γράμματος,
2823 1175 2872 1228 οί
2905 1177 2963 1230 ἐν
3001 1177 3232 1249 ἀζύμοις
3261 1181 3620 1255 εἰλικρινείας
3655 1189 3756 1241 καὶ

2151 1256 2407 1328 ἀληθείας
2438 1261 2497 1314 τὸ
2522 1261 2704 1333 τίμιον
2742 1266 2837 1320 καὶ
2887 1265 3148 1332 ζωοποιὺν
3178 1273 3369 1344 Πάσχα
3402 1278 3509 1343 τῆς
3546 1279 3754 1344 θυσίας

2149 1353 2388 1424 Χριστοῦ
2423 1357 2699 1427 ἑορτάζειν
2744 1361 3078 1429 ὀφείλοντες·
3113 1367 3160 1418 οί
3194 1369 3258 1437 τῇ
3295 1366 3415 1439 θείᾳ
3437 1371 3754 1443 ἀναγεννήο

2150 1462 2233 1500 σει
2263 1446 2357 1500 τοῦ
2409 1447 2567 1517 ἁγίου
2623 1451 2999 1523 βαπτίσματος
3036 1457 3128 1510 τὸν
3176 1459 3405 1514 παλαιὸν
3445 1462 3750 1534 ἄνθρωπον

2147 1539 2497 1610 ἀποθέμενοι,
2541 1543 2632 1598 τὸν
2687 1546 2826 1599 κατὰ
2886 1549 2986 1613 τὰς
3036 1551 3331 1623 ἐπιθυμίας
3369 1555 3470 1626 τῆς
3522 1559 3746 1629 ἀπάτης

2145 1630 2520 1702 φθειρόμενον,
2574 1637 2669 1689 καὶ
2687 1637 2779 1692 τὸν
2815 1638 2934 1693 νέον
2961 1641 3331 1713 ἐνδυσάμενοι,
3379 1647 3475 1699 τὸν
3510 1649 3743 1703 ἀνακαι-

2144 1723 2402 1794 νούμενον
2443 1727 2520 1790 είς
2567 1727 2860 1797 ἐπίγνωσιν
2890 1735 3010 1785 κατ’
3060 1735 3242 1788 εἰκόνα
3287 1735 3380 1789 τοῦ
3421 1737 3737 1804 κτίσαντος·

2145 1815 2346 1879 Δεῦτε,
2409 1818 2910 1889 ἀγαλλιασώμεθα
2952 1821 3033 1888 τῷ
3068 1826 3284 1893 Κυρίῳ,
3328 1828 3742 1901 dludi-Iam.”

2143 1904 2226 1972 τῷ
2253 1907 2375 1974 Θεῷ
2406 1909 2487 1976 τῷ
2518 1912 2742 1982 σωτῆρι
2766 1913 2957 1984 ἡμῶν.
2977 1916 3236 1988 Είπωμεν
3269 1919 3350 1986 τὸ,
3381 1921 3483 1988 Ὠς
3511 1927 3738 1994 φοϐερὰ

2141 2000 2216 2053 τὰ
2242 2002 2386 2070 ἔργα
2413 2017 2551 2070 σου,
2579 2005 2756 2073 Κύριε
2774 2006 2796 2059 .'
2829 2009 2878 2060 εί
2906 2008 3001 2062 καί⁸
3029 2011 3086 2062 ἐν
3115 2010 3192 2082 τῷ
3219 2011 3411 2083 πλήθει
3444 2018 3551 2086 τῆς
3579 2017 3739 2072 δυνά-

2144 2091 2288 2162 μεώς
2315 2110 2409 2146 σου
2440 2097 2488 2148 οί
2517 2095 2701 2168 ἐχθροί
2740 2115 2832 2152 σου
2861 2099 3180 2169 ἐψεύσαντο,
3209 2103 3476 2170 ἑκουσίως
3510 2108 3653 2176 πρὸς
3677 2110 3737 2162 τδ

2140 2183 2309 2250 φανὲν
2331 2185 2410 2254 τῷ
2432 2186 2623 2258 κόσμῳ
2651 2189 2793 2244 θεῖόν
2825 2207 2918 2243 σου
2949 2191 3202 2260 φῶςτοὺς
3237 2193 3560 2266 ὀφθαλμοὺς
3594 2201 3734 2253 ἀπο-

2141 2272 2432 2341 μύσαντες.
2470 2279 2919 2351 Προφθάσωμεν
2949 2282 3016 2336 τὸ
3066 2285 3390 2353 πρόσωπον
3430 2292 3623 2345 αὑτοῦ
3663 2293 3735 2346 ἐν

2136 2366 2593 2439 ἐξομολογήσει,
2621 2373 2721 2426 καὶ
2743 2375 3092 2446 ἐνψαλμοῒς
3116 2380 3521 2450 ἁλαλάξωμεν
3542 2383 3728 2449 αὐτῷ.

2151 2457 2558 2534 Ἀνενέγκωμεν
2625 2465 2818 2520 θυσίαν
2861 2469 3121 2534 αἰνέσεως
3157 2472 3449 2539 διαπαντὸς
3476 2477 3557 2547 τῷ
3586 2477 3732 2548 Θεῷ,

2135 2554 2381 2611 τουτέστι
2406 2557 2618 2628 καρπὸν
2659 2560 2883 2631 χειλέων
2925 2563 3331 2634 ὁμολογούντων
3377 2567 3459 2638 τῷ
3495 2570 3736 2640 ὀνόματι

2135 2647 2322 2712 αὐτοῦ,
2355 2651 2455 2719 τῆς
2487 2667 2546 2703 τε
2599 2652 2848 2718 εὐποιίας
2889 2657 2984 2709 καὶ
3023 2659 3307 2724 κοινωνίας
3345 2660 3419 2731 μὴ
3451 2662 3739 2716 ἐπιλαθώ-

2137 2739 2317 2809 μεθαο
2369 2742 2649 2808 τοιαύταις
2696 2745 2806 2818 γὰρ
2847 2747 3061 2813 θυσίαις
3108 2752 3485 2822 εὐαρεστεῖται
3515 2755 3546 2806 ό
3588 2755 3737 2820 Θεὸς

2133 2827 2222 2882 τνα
2266 2830 2359 2884 τὸν
2417 2833 2590 2905 ῥύπον
2650 2836 2752 2908 τῆς
2799 2838 3073 2912 ἁμαρτίας
3127 2843 3562 2916 ἀπνιψὼμεθα,
3625 2853 3739 2901 καὶ

2129 2921 2649 2999 ἀνακαινισθήσεται
2687 2930 2764 2994 ὡς
2786 2931 2947 2985 ἀετοῦ
2976 2935 3010 3004 ὴ
3038 2937 3383 3006 πνευματικὴ
3410 2937 3568 3008 ἡμῶν
3596 2940 3734 2993 νεό-

2128 3032 2229 3087 της
2251 3033 2264 3046 ο
2291 3017 2541 3091 καθάπερ
2569 3021 2664 3074 καὶ
2697 3021 2790 3075 τοῦ
2840 3024 3110 3096 μακαρίου
3156 3027 3463 3098 πρεσϐύτου
3487 3031 3731 3100 Συμεῶ-

2131 3123 2241 3171 νος,
2267 3108 2354 3162 ῖνα
2385 3110 2477 3164 καὶ
2536 3113 2698 3183 ⁴ἡμεῖς
2752 3116 3045 3187 εἰρηνικῶς
3087 3136 3147 3172 τε
3185 3121 3279 3173 καὶ
3311 3124 3627 3194 περιχαρῶς
3658 3127 3733 3178 ἐν

2131 3199 2308 3272 ἀγαθῇ
2345 3202 2665 3274 πεποιθήσει
2696 3205 2790 3260 καὶ
2823 3208 3078 3280 σωτηρίῳ
3123 3209 3297 3264 ἐλπίδι
3327 3211 3463 3283 πρὸς
3492 3213 3591 3284 τὴν
3618 3213 3729 3267 τοῦ

2127 3289 2244 3362 βίου
2286 3291 2462 3358 ἔξοδον
2518 3294 2838 3369 δράμωμεν,
2898 3301 2992 3363 καὶ
3041 3302 3116 3374 μὴ
3163 3304 3280 3374 μετ’
3321 3305 3585 3377 αἰσχύνης
3619 3308 3727 3362 καὶ

2122 3382 2277 3447 δέους
2301 3383 2394 3437 τὸν
2422 3387 2666 3458 παρόντα
2683 3388 2796 3460 βίον
2818 3391 3219 3464 ύπεξέλθωμεν,
3243 3395 3335 3449 καὶ
3357 3397 3560 3467 τρόπον
3591 3399 3727 3453 τινὰ

2125 3473 2202 3546 μὴ
2239 3472 2572 3545 βουλόμενοι,
2603 3479 2855 3553 καθάπερ
2879 3484 2929 3535 οἱ
2969 3483 3182 3556 πονηρά
3203 3487 3415 3551 ἑαυτοῖς
3441 3505 3723 3558 συνεγνω-

2121 3564 2300 3632 κότες,
2354 3569 2495 3640 ἀηδῆ
2531 3588 2592 3624 τε
2631 3573 2725 3628 καί
2755 3575 3244 3648 κατεστυγημένην
3289 3576 3384 3631 τοῦ
3440 3577 3721 3649 βασιλέως

2118 3657 2218 3729 τὴν
2248 3661 2568 3717 ἐπιστασίαν
2596 3663 2801 3735 έχουσι.
2849 3668 3238 3740 Μιμησὼμεθα
3285 3672 3383 3741 τῆς
3428 3673 3719 3745 μακαρίας

2121 3749 2324 3821 Ἀννης
2352 3752 2414 3804 τὸ
2454 3753 2512 3806 ἐν
2550 3756 2827 3827 νηστείαις
2859 3777 2918 3812 τε
2952 3760 3046 3814 καὶ
3079 3765 3409 3835 προσευχαῖς
3451 3764 3716 3820 σύντονον

2117 3842 2211 3894 καὶ
2253 3843 2553 3900 ἀνένδοτον·
2605 3848 2680 3920 μὴ
2711 3852 2969 3919 γυναικὸς
3017 3855 3235 3924 χείρους
3260 3855 3584 3928 φανείημεν,
3614 3859 3713 3912 καὶ

2112 3933 2286 3988 ταῦτα
2313 3937 2415 3990 ὑπὸ
2446 3941 2544 4010 τὴν
2573 3941 2732 3996 σκιάν
2766 3944 3192 4020 πολιτευομένης
3221 3948 3314 4002 τοῦ
3347 3949 3537 4020 νόμου,
3571 3952 3707 4007 ἔνθα

2111 4028 2173 4081 τὸ
2193 4030 2250 4082 ἐν
2285 4030 2494 4097 τούτοις
2515 4034 2802 4107 εὐδόκιμον
2828 4038 3072 4092 σπάνιον.
3119 4041 3257 4094 Ἀλλ’
3291 4042 3451 4112 ἡμεῖς
3466 4043 3544 4114 τῷ
3559 4045 3704 4115 φωτὶ

2111 4123 2595 4196 καταλαμπόμενοι
2629 4129 2726 4198 τῆς
2782 4131 3023 4201 χάριτος,
3063 4133 3155 4186 καὶ
3185 4133 3263 4204 τῷ
3289 4134 3474 4205 τρανῷ
3515 4153 3573 4188 τε
3602 4137 3704 4190 καὶ

2109 4214 2476 4287 ἐκτυπωτέρῳ
2497 4217 2596 4288 τῆς
2629 4219 2842 4284 ἐλπίδος
2869 4221 3241 4294 βοηθούμενοι,
3274 4227 3368 4278 καὶ
3399 4225 3476 4297 τῷ
3503 4227 3700 4298 κράτει

2109 4303 2204 4355 τοῦ
2230 4305 2549 4376 Πνεύματος
2588 4308 3007 4380 δυναμούμενοι,
3061 4314 3136 4384 μὴ
3188 4315 3550 4386 χωρισθῶμεν
3589 4319 3700 4371 τῶν

2110 4394 2271 4464 ἱερῶν
2325 4395 2691 4468 διδαγμάτων,
2725 4400 2783 4466 ἐξ
2835 4395 2909 4455 ὧν
2940 4405 2972 4474 ή
3002 4407 3264 4475 σωτήριος
3300 4406 3412 4472 ἕξις
3440 4411 3562 4472 ταῖς
3589 4409 3697 4479 ψυ-

2254 4485 2591 4543 ἐντίκτεσθαι
2637 4491 2828 4545 εἴωθεν
2853 4510 2866 4522 °
2919 4495 3170 4568 καθάπερ
3212 4500 3443 4572 κάκείνη
3482 4502 3692 4574 ἀχώρι-

2253 4575 2392 4633 εῐναι
2434 4581 2527 4634 τοῦ
2567 4583 2714 4650 ἱεροῦ
2758 4586 3197 4659 μεμαρτύρηται,
3231 4591 3306 4660 μὴ
3339 4593 3691 4663 περιπλαζώ-

2103 4667 2241 4736 μεθα
2283 4669 2409 4734 τοὺς
2437 4670 2732 4742 λογισμοὺς
2771 4674 2878 4727 ἀπὸ
2927 4676 3020 4729 τοῦ
3071 4678 3218 4732 θείου
3255 4681 3445 4751 φόϐου,
3479 4685 3596 4738 ἀλλ’
3629 4688 3688 4754 ἐξ

2097 4757 2265 4811 αὐτοῦ
2297 4775 2356 4810 τε
2396 4760 2490 4812 καὶ
2521 4761 2579 4813 ἐν
2607 4761 2755 4832 αὐτῷ
2795 4763 2894 4828 τὰς
2922 4767 3128 4839 σάρκας
3161 4770 3317 4840 ἡμῶν
3344 4774 3439 4826 καὶ
3469 4775 3540 4827 τὰ
3559 4779 3687 4849 νοή.

2104 4865 2270 4918 ματα,
2295 4850 2438 4904 κατά
2461 4852 2560 4921 τὴν
2588 4853 2682 4906 τοῦ
2713 4857 2993 4928 προφήτου
3015 4861 3204 4933 εὐχὴν,
3247 4863 3687 4938 καθηλὼσωμεν.

2109 4942 2455 5014 Ἀκούσωμεν
2478 4946 2572 4998 τοῦ
2594 4949 2828 5016 μεγάλου
2846 4952 3058 5006 Παύλου
3083 4955 3426 5022 διδάσκοντος
3451 4959 3693 5030 ’Ἡρμο-

2094 5032 2299 5102 σάμην
2327 5035 2484 5105 ὑμᾶς
2509 5038 2598 5090 ἑνὶ
2618 5039 2792 5110 ἀνδρὶ
2821 5044 3120 5112 παρθένον
3145 5048 3340 5118 ἁγνὴν
3370 5053 3692 5123 παραστῆ-

2092 5141 2195 5180 (rat
2219 5124 2300 5190 τῷ
2318 5127 2566 5196 Χριστῷ,
2593 5132 2688 5184 καὶ
2708 5133 2783 5203 μὴ
2807 5135 2902 5198 τὰς
2926 5138 3060 5209 πρὸς
3080 5140 3242 5193 αὐτὸν
3264 5142 3541 5214 συνθήκας
3558 5146 3689 5199 ἀθε-

2090 5219 2346 5290 τήσωμεν
2390 5221 2478 5273 διὰ
2528 5222 2626 5291 τῆς
2661 5223 2798 5295 πρὸς
2842 5226 2934 5279 τὸν
2981 5227 3186 5301 φθορέα
3212 5230 3311 5300 τῆς
3342 5231 3493 5304 ζωῆς
3521 5236 3686 5306 ἡμῶν
3724 5243 3740 5256 '

2092 5312 2374 5384 ἐπιμιξίας
2415 5315 2480 5368 ἐκ
2528 5316 2621 5368 τοῦ
2667 5320 2838 5371 ποιεῖν
2865 5318 2934 5372 τὰ
2961 5321 3170 5374 ἐκείνου
3205 5323 3488 5395 θελήματα
3511 5342 3528 5358 ·
3577 5330 3683 5382 κάν

2091 5403 2265 5475 τούτῳ
2292 5406 2617 5478 μιμούμενοι
2643 5409 2742 5481 τῆς
2790 5413 3121 5484 προφήτιδος
3148 5415 3207 5467 τὸ
3237 5416 3456 5489 σῶφρόν
3489 5436 3549 5471 τε
3583 5422 3681 5474 καὶ

2093 5499 2387 5568 μονόζυγον
2409 5518 2422 5528 ·
2451 5501 2586 5555 ἀλλά
2610 5502 2751 5555 κατὰ
2765 5501 2826 5554 τὸ
2844 5505 3132 5574 πρόχειρον
3154 5505 3228 5577 μὴ
3254 5507 3678 5580 άπολειφθείητε

2088 5595 2187 5664 τῆς
2221 5597 2523 5668 μιμήσεως,
2558 5597 2670 5650 ὅσοι
2707 5599 3038 5670 μονογαμίας
3060 5599 3419 5673 ἐλύθητεριαῖ
3439 5605 3488 5656 εί
3511 5604 3676 5660 δυνα-

2103 4489 2225 4555 χαῖς

2103 4594 2227 4641 στος

468 5727 512 5760 "
551 5724 684 5787 ch.
732 5747 850 5803 xm,
892 5738 973 5794 lii.
1049 5745 1262 5805 “Psal.
1297 5767 1480 5822 cxwu,
1515 5757 1648 5813 12οπ
1716 5761 1760 5794 ⁸⁷
1804 5762 1845 5816 ΙΙ
1873 5763 2000 5823 Cor.
2045 5785 2120 5838 χι,
2152 5773 2204 5823 2.
