3950 6156
296 276 427 333 1181

1603 283 1963 346 νΑιιιοιιυιι
1998 290 2233 350 NOTAE.

3044 157 3078 194 ο

3400 305 3540 364 1182

293 398 404 462 τὸν,
443 397 580 498 πρὸς
605 398 858 472 δεύτερον
890 400 1067 473 γάμον
1095 402 1169 476 μὴ
1198 403 1410 477 ἔλθητε.
1443 405 1600 462 Οὕτω
1627 408 1736 481 τὰρ
1761 428 1830 482 μα

1941 417 2279 497 _castitatem
2335 426 2389 477 et
2423 421 2644 492 nuptias
2691 422 2886 479 unicas
2921 429 2975 478 et
3031 421 3384 494 singulares;
3442 427 3538 482 sed

295 488 629 561 καριώτερον
665 491 880 546 ἔσεσθαι
911 494 1122 559 Παῦλος
1145 496 1290 567 ὑμᾶς
1318 500 1447 571 περὶ
1467 501 1658 554 τούτου
1690 503 1830 558 διαὸε

1965 507 2129 578 juxta
2164 513 2496 568 sententiam
2537 515 2854 579 verborum,
2902 531 3024 586 qua:
3080 533 3141 573 se
3198 519 3372 587 prima
3418 520 3538 576 acie

293 581 560 636 ϐαιοῦται.
585 585 1027 658 Προσαγάγωμεν
1057 589 1148 642 καὶ
1169 592 1330 661 ἡμεῖς
1353 593 1449 645 ἐπὶ
1464 593 1525 646 τὸ
1549 593 1662 648 ἄνω
1679 594 1869 650 θυσιαο

293 675 389 742 στή
400 689 512 742 ριον
558 673 633 737 ὡς
667 673 859 744 ζεῦγος
890 679 1165 747 τρυγόνων
1194 680 1291 750 τὴν
1319 680 1420 750 τῆς
1447 682 1626 753 ψυχῆς
1653 685 1747 737 καὶ
1773 684 1867 739 τοῦ

291 760 540 831 σώματος
567 763 914 837 καθαρότητα
934 785 949 799 ·
980 768 1012 840 ἢ
1046 769 1122 834 ὡς
1147 770 1241 824 δύο
1266 774 1517 837 νεοσσοὺς
1533 776 1869 847 περιστερῶν

286 852 346 904 τὸ
379 855 720 922 προνοεῖσθαι
757 857 919 923 καλὰ,
950 860 1010 913 οὐ
1046 861 1205 931 μόνον
1235 863 1464 918 ἐνώπιον
1487 866 1713 938 Κυρίου,
1733 867 1868 921 ἀλλὰ

287 947 380 998 καὶ
407 947 637 1003 ἐνώπιον
682 950 1006 1022 ἀνθρώπων,
1053 954 1141 1009 ἵνα
1175 956 1352 1011 πάντα
1380 958 1474 1011 καὶ
1511 959 1675 1029 ἡμεῖς
1713 976 1868 1014 πνευ-

289 1038 534 1107 ματικῶς
565 1042 707 1094 κατὰ
729 1043 820 1095 τὸν
861 1043 1003 1098 θεῖον
1033 1046 1197 1115 νόμον
1225 1047 1572 1115 τελέσαντες,
1617 1051 1675 1102 ὲν
1703 1038 1866 1121 σοφία

283 1145 345 1182 τε
381 1130 477 1184 καὶ
501 1132 682 1203 χάριτι
727 1135 1148 1207 προκόπτοντες,
1182 1142 1275 1194 καὶ
1306 1143 1385 1206 είς
1430 1142 1626 1214 μέτρον
1649 1143 1865 1216 ήλικίας

283 1219 376 1273 τοῦ
403 1222 762 1294 πληρώματος
791 1227 882 1281 τοῦ
908 1230 1143 1300 Χριστοῦ
1177 1232 1492 1302 φθάνοντες,
1521 1235 1614 1288 καὶ
1643 1235 1736 1288 τὸν
1755 1236 1864 1290 ἔσω

281 1311 566 1384 ἄνθρωπον
615 1316 1000 1390 τελειούμενοι,
1049 1324 1143 1377 καὶ
1173 1325 1494 1397 Πνεῦματος
1531 1327 1685 1397 ἁγίου
1719 1331 1862 1399 γινό-

285 1419 435 1471 μενοι
490 1407 832 1479 ἐνδιαίτημα,
877 1412 1307 1486 ὑποστρέψωμεν
1358 1419 1438 1482 είς
1480 1418 1580 1490 τὴν
1625 1405 1859 1489 πατρίδα

280 1495 436 1565 ἡμῶν
461 1496 560 1567 τὴν
590 1499 866 1572 ἀληθινὴν,
885 1503 982 1573 τὴν
1004 1506 1320 1578 ἐπουράνιον
1345 1509 1718 1582 Ἰερουσαλὴμ,
1737 1514 1795 1567 ὲν

280 1589 746 1662 καταξιωθείημεν
771 1595 870 1664 τῆς
919 1603 1195 1670 μακαρίας
1232 1602 1326 1655 καὶ
1351 1602 1632 1674 διηνεκοῦς
1658 1605 1854 1678 εὐφρο-

279 1679 440 1765 σύνης
469 1699 527 1735 τε
558 1683 650 1736 καὶ
683 1683 960 1754 βασιλείας
989 1689 1281 1745 ἀπολαύειν
1307 1693 1364 1746 ὲν
1393 1693 1616 1765 Χριστῷ
1653 1695 1848 1765 Ἰησοῦ,

1970 601 2151 668 otl‘ert,
2187 620 2258 662 ne
2296 605 2569 663 deseratis
2605 608 2966 666 imitationem
3005 610 3386 680 prophetissae,
3413 613 3533 682 qni-

1969 708 2247 767 cunquea
2295 697 2674 769 singularibus
2719 701 2927 772 nuptiis
2980 703 3147 758 soluti
3210 709 3266 758 ct
3321 703 3531 758 liberati

1969 785 2151 852 estis;
2183 800 2248 841 ac
2275 786 2324 842 si
2373 786 2492 842 fieri
2540 796 2744 860 potest,
2781 790 2849 844 ad
2887 791 3165 846 secundas
3194 793 3419 862 nuptias
3469 795 3534 846 ne

1970 877 2284 933 transeatis.
2310 876 2446 932 Nam
2470 879 2544 935 ita
2567 880 2762 938 melius
2783 882 3063 938 vobiscum
3087 883 3153 936 iri
3175 883 3366 938 beatus
3390 882 3534 937 Pau-

1969 966 2073 1032 lus,
2091 971 2235 1038 quod
2255 969 2442 1024 adhoc
2462 971 2659 1025 attinet
2681 972 2982 1040 negotium,
3001 971 3306 1028 caufirmat.
3328 971 3539 1028 Odera-

1965 1073 2090 1114 mus
2113 1059 2278 1113 etiam
2329 1075 2432 1117 nos
2471 1061 2539 1116 ad
2574 1077 2835 1132 superum
2890 1063 3062 1118 altare
3126 1072 3389 1134 tanquam
3440 1081 3538 1136 par

1967 1157 2268 1214 turturum,
2299 1153 2468 1208 animi
2499 1162 2556 1209 et
2603 1155 2855 1225 corporis
2899 1155 3234 1224 puritatem:
3290 1163 3386 1210 aut
3416 1165 3537 1210 tan-

1962 1254 2128 1309 quam
2162 1239 2302 1297 duos
2331 1243 2512 1312 pullos
2542 1243 2947 1312 columbarum,
3010 1244 3383 1316 provisionem
3434 1245 3537 1301 bo-

1962 1344 2160 1385 narum
2203 1340 2298 1386 aut
2328 1332 2680 1390 honestarum
2721 1349 2928 1399 rerum,
2959 1350 3071 1390 non
3120 1335 3302 1391 solum
3348 1349 3535 1390 coram

1961 1419 2218 1488 Domino,
2252 1439 2442 1480 verum
2469 1427 2634 1481 etiam
2661 1441 2853 1484 coram
2881 1427 3224 1496 hominibus,
3278 1433 3340 1482 ut
3367 1427 3533 1482 etiam

1961 1526 2065 1568 nos
2102 1513 2380 1581 omnibus,
2417 1530 2540 1586 qua:
2573 1516 2659 1572 lex
2687 1517 2874 1572 divina
2901 1516 3236 1588 praescribit,
3267 1515 3533 1586 spiritua-

1928 1631 1931 1635 -
1962 1603 2091 1658 liter
2123 1604 2372 1660 defuncti
2407 1615 2463 1662 et
2515 1609 2788 1678 sapientia
2821 1624 2887 1664 ac.
2931 1610 3110 1681 gratia
3158 1609 3531 1681 proficientes,

1960 1705 2014 1750 et
2047 1696 2114 1751 ad
2143 1713 2465 1753 mensuram
2489 1701 2664 1767 plenae
2688 1704 2867 1757 aetatis
2888 1701 3096 1756 Christi
3126 1701 3532 1772 pervenientes,

274 1763 318 1837 ᾧ
344 1771 470 1838 δόξα
498 1775 600 1864 καὶ
627 1777 826 1864 κράτος
849 1779 945 1833 σὺν
967 1781 1046 1850 τῷ
1066 1783 1241 1854 Πατρὶ
1286 1783 1380 1838 καὶ
1406 1784 1484 1854 τῷ
1517 1763 1658 1858 ἁγίῳ
1681 1763 1822 1841 Πνεύ

1957 1795 2012 1844 et
2039 1790 2257 1846 interno
2287 1763 2510 1847 homine
2537 1792 2788 1862 perfecti,
2830 1801 2885 1849 et
2919 1763 3166 1864 Spiritus
3219 1792 3397 1849 sancti
3431 1763 3526 1846 do?

277 1873 429 1926 ματι,
463 1859 558 1914 νῦν
607 1863 700 1916 καὶ
733 1865 819 1918 ἀεὶ
853 1867 946 1920 καὶ
979 1870 1060 1933 είς
1088 1870 1213 1935 τοὺς
1244 1872 1446 1937 αίῶνας
1470 1873 1579 1928 τῶν
1614 1874 1848 1932 αἰώνων.

287 1948 481 2022 Ἀμήν.

1957 1879 2227 1934 micilium
2254 1882 2576 1950 evadentes,
2613 1891 2962 1940 revertamur
3021 1884 3078 1939 in
3137 1883 3372 1953 patriam
3433 1897 3534 1936 no-

1957 1980 2129 2026 stram
2175 1989 2386 2040 veram,
2439 1979 2720 2032 crelestem
2756 1975 3178 2047 Jerosolymam,
3211 1976 3265 2030 in
3306 1989 3417 2045 qua
3449 1974 3532 2028 di-

272 2041 363 2141 gni
406 2041 730 2141 efficiamur,
761 2049 858 2118 qui
927 2051 1089 2106 beata
1156 2061 1325 2125 atque
1398 2063 1664 2127 perpetua
1725 2057 1915 2114 laetitia
1957 2063 2202 2122 simulet
2235 2083 2406 2140 regno
2437 2067 2686 2124 fruamur
2721 2085 2819 2139 per
2861 2041 3145 2126 Christum
3167 2041 3366 2124 desum
3426 2065 3531 2121 Do-

268 2139 479 2237 minum
533 2151 806 2237 nostrum,
870 2148 957 2201 cui
997 2148 1171 2220 gloria
1221 2160 1279 2207 et
1337 2151 1654 2223 imperium,
1713 2169 1841 2210 eum
1916 2156 2080 2216 Patre
2110 2169 2165 2218 et
2196 2139 2391 2221 sancto
2426 2165 2659 2234 Spiritu,
2691 2179 2840 2222 nunc
2871 2173 2926 2222 et
2953 2180 3190 2237 semper,
3258 2170 3314 2220 et
3342 2161 3398 2216 in
3432 2177 3528 2218 sa:-

269 2233 393 2288 cula
427 2235 776 2292 sazculorum.
806 2239 999 2297 Amen.

289 2412 3490 2477 ’Μ

1219 2633 1988 2756 VARIORUM
2065 2639 2555 2758 NOTfE.
3075 2547 3082 2553 ἡ

1668 3036 1745 3094 IN
1802 3037 2070 3099 LIBRUM

816 3215 967 3308 DE
1038 3214 1649 3310 PERFECTA
1703 3218 2407 3312 CHRISTIANI
2483 3219 2932 3315 FORMA.

324 3558 540 3634 Prodiit
582 3561 638 3634 in
674 3561 991 3634 lucemhig
1030 3560 1171 3618 liber
1197 3561 1492 3634 Latinitate
1525 3560 1830 3634 donatusa
1858 3565 1902 3624 α
2005 3561 2125 3618 Col.
2172 3560 2278 3617 258
2308 3559 2386 3634 _A.
2418 3558 2506 3634 _In
2538 3561 2712 3634 vilitti.
2765 3561 2956 3634 Zinus,
3002 3561 3058 3634 in
3112 3561 3293 3618 bestia:
3321 3565 3514 3634 capite,

249 3629 416 3686 Petro
430 3629 912 3706 franc_isco_'4ino,
949 3631 1249 3706 Veronensi
1268 3632 1559 3706 canonico,
1583 3633 1827 3706 Venetiis
1934 3634 2094 3706 quasi
2125 3637 2272 3687 esset
2301 3629 2597 3706 Θηρίουκιιι
2616 3631 2865 3706 Marg._in
2890 3631 3188 3706 pitulicap.
3221 3644 3272 3688 et
3290 3629 3515 3706 qualem

251 3715 399 3756 anno
421 3702 624 3757 Christi
658 3702 817 3765 1570,
845 3711 898 3757 et
921 3712 1044 3770 post
1067 3702 1393 3770 decennium
1423 3701 1625 3755 ibidem
1655 3717 1684 3754 a
1713 3701 1826 3755 Ma-

250 3771 398 3824 ximo
440 3771 720 3840 Marguuio
754 3769 1013 3840 episcopo
1049 3769 1372 3840 Cytherensi
1394 3811 1408 3833 ,
1439 3785 1546 3824 una
1585 3787 1710 3824 cum
1739 3771 1825 3825 al-

250 3848 367 3893 tero
403 3839 639 3894 tractatu
665 3839 730 3893 ad
760 3839 1112 3894 "armenium
1142 3839 1216 3894 De
1245 3841 1464 3895 nomine
1485 3840 1822 3906 Christiano,

236 3918 302 3964 .et
325 3909 575 3980 Epistola
598 3909 664 3980 ad
691 3909 963 3972 Letoium,
996 3911 1148 3980 quasi
1174 3918 1287 3964 tum
1310 3911 1543 3980 primum
1570 3911 1825 3970 ederetur

248 3995 280 4049 e
309 3978 498 4033 Graeco
527 3981 581 4033 in
610 3978 862 4033 Latinum
887 3978 1184 4035 conversus
1212 3989 1296 4035 est
1312 3978 1463 4049 apud
1497 3979 1717 4035 Lorium
1756 3983 1824 4038 de

245 4047 448 4112 Loriis,
492 4063 579 4102 an.
623 4050 778 4103 1585.
832 4049 1028 4103 Secuta
1057 4051 1274 4104 demum
1322 4047 1407 4104 εει
1440 4049 1628 4104 Graeca
1656 4051 1823 4106 editio

246 4117 746 4188 Lugdunoa-Batava
793 4118 1148 4242 Raphelengii
1174 4161 1190 4186 ,
1221 4135 1311 4174 an.
1351 4120 1526 4185 1595,
1565 4119 1725 4186 cujus
1766 4122 1822 4175 in

246 4203 370 4242 nae.
418 4189 519 4242 179
565 4189 760 4242 lenitur
803 4189 870 4241 τὰ
913 4189 1014 4242 τῆς
1112 4190 1350 4242 φοάστου
1404 4189 1819 4242 μεγαλειότητος

244 4203 370 4258 pag.
418 4189 519 4242 179
565 4189 760 4261 legitur
803 4189 870 4241 τὰ
913 4189 1014 4259 τῆς
1074 4189 1350 4261 ἀφράστου
1403 4189 1819 4261 μεγαλειότητος

243 4261 397 4328 ἡμῖν,
436 4273 670 4328 quorum
728 4259 849 4312 loco
903 4259 1231 4326 scripsimus
1266 4259 1373 4313 col.
1406 4259 1522 4314 954
1570 4260 1609 4312 D
1652 4259 1818 4328 hujus

243 4328 620 4400 editionis,_et
661 4328 953 4400 majestatis
997 4329 1144 4382 illius
1179 4345 1296 4400 qua:
1333 4329 1593 4396 explicari
1617 4331 1816 4396 nequit,

242 4413 382 4467 non,
415 4405 471 4452 ut
530 4397 699 4453 Zinus
743 4397 1049 4464 ediderat,
1109 4407 1158 4452 et
1190 4397 1564 4454 'beatitudinis
1627 4400 1772 4454 illius
1800 4441 1814 4467 ,

243 4466 387 4540 quod
419 4467 648 4524 fortasse
682 4468 900 4540 legisset
923 4468 1022 4537 τῆς
1055 4471 1150 4540 ἀφ.
1198 4468 1597 4540 μακαριότητος
1628 4486 1642 4500 ο
1675 4466 1818 4522 Mar;

245 4539 442 4605 gunius
477 4554 713 4607 quoque,
739 4538 961 4592 tantum
987 4539 1272 4606 ine/[abitis
1302 4538 1447 4592 illius
1477 4539 1816 4594 beatitudinis

244 4608 395 4661 nobis
424 4608 795 4662 ostendentia:
827 4608 924 4662 sed
963 4612 1143 4663 verior
1175 4609 1335 4663 lectio
1373 4609 1588 4663 videtur
1621 4611 1812 4664 excusi

241 4679 448 4750 codicis
499 4678 696 4750 Graeci,
744 4682 844 4750 τῆς
885 4679 1320 4749 μεγαλειότητος,
1366 4689 1418 4733 et
1479 4679 1816 4750 paulopaute

242 4747 633 4818 μεγαλωσύνης
680 4747 812 4804 voce
875 4747 1064 4802 utitur.
1128 4747 1205 4803 At
1255 4749 1444 4817 paucis
1480 4747 1812 4818 ’interjectis

238 4817 380 4870 idem
425 4816 741 4886 Margunius
781 4818 1066 4873 nobiscum
1120 4816 1304 4880 vertit,
1359 4829 1416 4871 ut
1463 4833 1528 4872 ea;
1575 4816 1814 4874 historiis

1931 3696 2307 3774 Minotaurum
2356 3696 2609 3774 fingunt,
2638 3696 2908 3774 sed'illud
2959 3696 3515 3774 ypdcpductfortasse
3557 3747 3559 3749 ι

1927 3773 2109 3844 aptius
2158 3771 2425 3844 redderes
2450 3772 2782 3844 _utrohique,
2848 3771 3076 3844 ﬁngunt.
3115 3774 3208 3828 Sic
3254 3772 3516 3832 Israelita

1927 3839 2096 3896 Exodi
2123 3857 2270 3896 χχχιι
2298 3883 2311 3904 ,
2337 3840 2389 3902 8,
2415 3839 2714 3896 idololatrae
2737 3839 2862 3896 facti
2891 3839 3018 3896 sunt
3045 3845 3280 3900 conflato
3309 3846 3507 3903 vitulo.

1928 3911 2008 3969 De
2037 3912 2347 3967 Minotauro
2382 3909 2644 3981 Virgilius
2691 3928 2743 3966 νι
2785 3910 3002 3967 Αῐιιείά.
3031 3927 3052 3968 :

2131 4021 2182 4076 Μ
2193 4024 2463 4087 ictumque
2491 4023 2954 4095 genusprolesque
2979 4023 3225 4094 biformis

2031 4094 2368 4147 Minotaurus
2403 4095 2556 4148 inest.

1997 4185 2139 4240 Ibid.
2175 4186 2234 4239 Β.
2268 4186 2444 4252 Quam
2475 4185 2521 4239 si
2557 4185 2746 4241 hostis.
2779 4185 3193 4244 lmmutavimus
3221 4189 3388 4244 verba
3419 4189 3502 4244 in.

1925 4257 2199 4338 terpretis,
2231 4272 2390 4338 quam
2413 4256 2459 4309 si
2495 4271 2616 4337 cum
2647 4257 2899 4338 adversus
2914 4258 3363 4338 fostilcntpciem
3388 4275 3504 4338 lpu-

1919 4327 2186 4396 gnandum
2209 4325 2301 4384 sit.
2331 4334 2468 4397 tute
2489 4328 2597 4392 ipse
2624 4327 2890 4380 concidas.
2914 4325 3112 4383 Postea
3153 4325 3499 4397 Margunium

1919 4397 2290 4466 comperimus
2308 4396 2619 4465 scripsisse,
2651 4397 2784 4450 nihil
2824 4397 2972 4450 aliud
3006 4408 3081 4451 est
3111 4396 3286 4467 quam;
3303 4399 3358 4450 in
3397 4398 3505 4452 ini-

1919 4465 2313 4520 miciordincm
2358 4468 2532 4535 ipsum
2592 4467 2661 4520 ad
2694 4469 2922 4536 seipsum
2969 4465 3216 4520 discindi.
3255 4465 3504 4536 Sequen-

1918 4545 2270 4608 temquoque
2291 4537 2574 4608 periodum
2597 4539 2846 4593 eumdem
2881 4538 2935 4589 in
2969 4551 3187 4591 sensum
3212 4537 3500 4592 nobiscum

1917 4606 2177 4662 restituit.

1987 4674 2104 4731 Col.
2151 4677 2256 4732 259
2289 4676 2354 4729 Α.
2390 4676 2557 4742 Quem
2581 4677 2760 4730 series.
2793 4673 2964 4728 Antea
2998 4683 3138 4740 erat,
3187 4689 3339 4745 quem
3378 4676 3500 4745 ipsa

1915 4748 2178 4802 memoria
2210 4749 2443 4816 suggerit
2471 4746 2674 4816 ,ψιτιεί
2711 4745 2976 4816 scriptum
3010 4753 3159 4816 esset
3191 4743 3497 4814 pvﬁctc'vel

1917 4819 2104 4889 μνήμη
2171 4813 2708 4889 ριόί’ἀπαρίθμησις.
2775 4813 3092 4889 Margunius
3154 4813 3371 4884 quoque
3419 4816 3500 4871 sic

235 4887 406 4939 edocti
438 4885 666 4958 fuimus,
708 4903 816 4941 non
849 4897 909 4958 ut
937 4887 1128 4948 Zinus,
1164 4899 1225 4958 ut
1262 4903 1327 4941 ea:
1364 4889 1667 4942 litterarum
1701 4907 1812 4943 mo-
1840 4899 1890 4958 ι)
1917 4885 2098 4958 uertit,
2132 4885 2450 4958 principium
2479 4901 2660 4958 eorum
2685 4885 3499 4958 quw_men_toritertencmus,gr¢

236 4957 548 5011 numentis:
597 4959 773 5010 innuit
796 4957 1124 5028 eninrquod
1161 4957 1178 5010 1
1215 4958 1348 5028 Reg.
1383 4975 1436 5022 χ,
1468 4960 1520 5023 1,
1554 4958 1706 5014 Sauli
1729 4960 1812 5014 di-

234 5034 383 5097 etum
415 5035 500 5080 est
537 5043 566 5081 a
603 5027 859 5082 Samuele
894 5045 906 5079 :
944 5027 1102 5081 Unxit
1145 5037 1202 5097 te
1225 5027 1484 5082 Dominus
1516 5044 1675 5097 super
1702 5030 1812 5084 haz-

237 5096 519 5168 reditatem
553 5113 708 5168 suam
749 5099 803 5149 in
834 5097 1139 5166 principem.
1181 5096 1464 5168 Postremo
1508 5096 1813 5168 adiecimus

232 5181 264 5220 e
295 5165 534 5239 Cragon,
568 5167 658 5222 sed
700 5181 764 5220 ea:
801 5168 923 5239 vita
951 5168 1142 5239 testim.
1180 5167 1488 5239 habeamus,
1525 5165 1670 5239 quod
1703 5187 1806 5225 ne-

232 5251 342 5303 que
394 5237 449 5290 in
501 5236 642 5304 Zini,
692 5251 870 5307 neque
911 5237 966 5292 in
1017 5237 1284 5308 Margunii
1325 5236 1567 5295 editione
1609 5241 1813 5310 reperi-

233 5313 341 5360 ιυΓ.

303 5375 420 5430 Col.
457 5375 566 5432 255
585 5375 646 5431 C.
677 5376 982 5432 Materiam.
1027 5376 1294 5432 Addimus
1332 5378 1708 5445 inanimatam,
1743 5386 1802 5433 ut

229 5444 455 5501 Graecus
482 5447 639 5511 liber,
672 5447 897 5517 ἄψυχον,
927 5456 979 5502 et
1003 5447 1270 5516 “argum.
1299 5449 1493 5503 anima:
1515 5444 1798 5517 expertem,

229 5525 284 5569 et
315 5517 476 5586 paulo
499 5525 642 5587 post,
675 5517 813 5588 quod
845 5535 964 5572 vero
993 5517 1062 5572 ad
1087 5518 1435 5588 imitationem
1466 5528 1662 5573 natura
1684 5521 1800 5587 ipsa

231 5602 335 5658 non
375 5588 515 5655 capit
548 5603 566 5640 :
607 5587 782 5657 net1ue
823 5589 969 5643 enim
1015 5596 1250 5643 verterat
1284 5587 1453 5643 Zinus
1496 5589 1627 5643 illud
1664 5591 1798 5658 πρὸς

233 5656 462 5726 μίμησιν
485 5699 500 5722 ,
531 5658 634 5713 hoc
671 5656 755 5712 est
777 5697 791 5721 ,
826 5660 890 5712 ad
929 5674 1160 5728 quorum
1191 5659 1547 5714 imitationem
1574 5656 1798 5714 minime

231 5735 410 5795 potest
435 5737 630 5782 natura
657 5738 844 5784 nostra
868 5730 1194 5801 pertingere.

1913 4958 2002 5011 do.
2034 4953 2237 5011 Citavit
2271 4962 2431 5008 antea
2476 4969 2542 5008 ex
2586 4953 2870 5022 Apostolo,
2912 4954 3195 5009 Christum
3240 4969 3365 5010 esse
3399 4953 3494 5010 Dei

1915 5027 2172 5081 iirtutem
2203 5032 2258 5080 et
2291 5024 2639 5094 sapientiam,
2676 5022 2697 5076 l
2729 5023 2855 5078 Cor.
2891 5039 2930 5088 ι,
2963 5023 3034 5078 21
3058 5042 3075 5092 ;
3096 5025 3316 5094 singula
3346 5041 3496 5081 nunc

1916 5103 2243 5220 θχὲδῗιξϐἳ
2267 5163 2328 5217 Α.
2356 5164 2416 5219 Si
2440 5180 2660 5233 peream
2684 5179 2885 5231 pacem.
2920 5166 3037 5219 Hoc
3057 5163 3361 5218 membrum
3390 5163 3492 5218 ad—

1913 5236 2122 5306 jectum
2143 5242 2228 5288 est
2259 5249 2290 5289 e
2321 5233 2510 5306 Graseo
2545 5233 2913 5304 Lugdunensi,
2948 5235 3093 5304 quod
3120 5249 3244 5306 eum
3276 5235 3493 5306 abesset

1920 5303 1989 5361 ab
2023 5307 2314 5374 utriusque
2359 5303 2670 5374 interpretis
2727 5313 2900 5367 textu,
2952 5303 3493 5374 sententiamﬂplane

1910 5383 2250 5501 ιιιιρὲιιιὶιὶἓ.
2294 5373 2587 5431 obscuram
2627 5374 2907 5431 reddebat.
2943 5373 3122 5431 Locus
3155 5380 3241 5428 est
3285 5373 3486 5444 Ephes.

1910 5461 1971 5501 ιι.
2100 5462 2129 5501 e
2252 5484 2265 5498 .

1910 5461 1971 5513 ιι,
1994 5449 2070 5517 14
2093 5454 2154 5517 et
2176 5449 2265 5517 16.
2434 5515 2442 5517 _
2555 5515 2564 5517 _
2695 5514 2704 5517 _
2747 5515 2792 5517 __
2833 5516 2844 5517 γ
2961 5515 2971 5517 _
3249 5513 3255 5517 .

1985 5515 2120 5570 Ibid.
2170 5514 2237 5569 In
2275 5531 2380 5570 uno
2424 5515 2649 5569 homine.
2679 5514 2927 5572 Addebat
2959 5515 3231 5584 interpres
3249 5513 3268 5578 ',
3305 5513 3375 5567 ad
3401 5530 3486 5568 rc-

1907 5587 2330 5641 conciliationem
2415 5585 2692 5650 bonorum,
2759 5603 2861 5640 non
2909 5602 2996 5640 eos
3068 5584 3302 5639 videlicet
3362 5594 3486 5639 tan-

1907 5669 2038 5722 tum,
2061 5665 2192 5718 etc.,
2215 5658 2370 5724 quasi
2410 5658 2625 5726 legisset
2656 5661 2840 5710 καινὸν
2865 5656 3149 5725 ἄνθρωπον
3177 5657 3256 5717 εἰς
3290 5654 3486 5710 καταλ-

1903 5727 2072 5796 λαγὰς
2096 5726 2336 5796 ἀγαθῶν.
2358 5728 2580 5783 omissis
2601 5729 2956 5783 intermediis.
2984 5726 3325 5797 Margunium
3351 5738 3484 5796 quo-
