3950 6156
247 341 384 401 ιλιὶῦ

245 454 525 524 exemplar
541 454 764 508 viderat.
794 453 904 509 Cur
940 461 995 508 tu
1033 454 1281 523 praeteris
1306 453 1440 508 illud
1493 454 1629 523 forte
1669 452 1815 524 quod

248 523 605 582 assertionem
639 524 920 595 restringit
954 539 1018 578 ac
1058 525 1292 578 limitat?
1320 525 1485 579 Forte
1517 525 1640 578 ideo
1671 523 1817 576 hanc

249 598 503 651 voculam
534 593 865 664 prmtet'iisti,
926 600 986 648 tit
1040 597 1094 648 in
1148 595 1269 664 ipso
1319 595 1504 649 statim
1562 601 1815 664 notarunt

248 661 847 720 vestilmlo’mentiendi
885 664 1144 720 materies
1172 661 1273 720 tibi
1299 673 1631 733 suppeteret.
1690 661 1814 714 Pri-

249 752 342 790 mo
378 734 505 787 huic
541 742 636 787 tuo
685 734 987 794 mendacio,
1039 749 1109 788 ne
1160 735 1467 788 solitarium
1537 735 1631 792 sit,
1689 745 1816 785 mox

250 805 505 873 adjungis
549 804 798 858 socium:
838 819 1034 874 nempe
1083 803 1469 859 Bellarminum
1496 814 1546 857 et
1595 802 1812 874 Riclteo-

251 872 393 927 mnm
439 874 535 925 Itoc
566 888 754 943 negare
784 872 928 927 nullo
957 872 1065 929 alio
1120 884 1444 945 argumento,
1487 872 1817 945 quam_quia

252 947 330 1000 sic
370 952 595 997 censent.
632 942 712 995 An
746 944 954 996 nullum
983 942 1364 1013 argumentum
1396 942 1507 1007 est,
1538 942 1678 1012 quod
1714 958 1815 995 non

248 1018 319 1068 sit
351 1015 405 1084 in
429 1013 660 1083 Nysseni
687 1015 947 1081 operil‘us,
1003 1015 1139 1083 quod
1172 1016 1384 1084 ignotus
1439 1014 1716 1084 interpres,
1766 1021 1818 1066 et

244 1083 389 1152 quod
431 1080 570 1152 forte
609 1080 767 1136 etiam
810 1099 912 1137 non
948 1080 1244 1137 inueniatur
1287 1080 1468 1136 erce
1506 1083 1532 1136 ?
1572 1082 1655 1136 An
1704 1096 1815 1136 non

250 1155 365 1207 haec
398 1155 506 1207 tria
542 1160 861 1222 argumenta
889 1155 1072 1206 attulit
1105 1162 1157 1206 ct
1185 1154 1365 1223 attigit
1412 1152 1816 1223 Bellarminus?

251 1225 309 1277 Si
348 1223 483 1277 falsa
510 1220 794 1286 censebas,
827 1238 930 1275 cur
985 1238 1093 1276 non
1150 1220 1448 1292 refutasti?
1482 1220 1539 1276 Si
1579 1221 1814 1292 Nysseni

249 1303 355 1355 est,
384 1308 485 1346 cur
516 1307 623 1345 non
653 1300 739 1362 est
796 1300 1011 1360 recepta
1070 1293 1214 1346 inter
1266 1291 1387 1360 ejus
1421 1308 1608 1362 opera,
1652 1294 1815 1347 toties

250 1363 481 1417 Parisiis
510 1371 565 1416 et
594 1361 722 1413 alibi
751 1363 994 1415 excusa?
1024 1362 1166 1417 Ante
1218 1361 1628 1430 alititzotAinnos
1687 1376 1816 1430 pro-

252 1435 471 1487 dierunt
506 1447 571 1486 ex
598 1431 766 1501 variis
809 1431 1159 1486 liibliotbecis
1186 1432 1334 1484 varia
1367 1433 1631 1500 opuscula
1676 1431 1815 1501 Nys-

251 1503 407 1567 seni;
443 1516 508 1557 ea
538 1500 724 1554 statim
783 1510 1101 1569 repererunt
1137 1502 1500 1555 stationemin
1539 1500 1817 1556 volumine

249 1587 478 1641 operum
504 1568 756 1640 Nysseni,
787 1568 894 1624 non
927 1571 1000 1641 ita
1031 1572 1238 1640 pridem
1256 1571 1480 1625 Parisiis
1511 1571 1810 1638 publicata.

250 1640 354 1708 Qui
390 1642 467 1703 lit,
501 1641 647 1709 quod
675 1643 743 1693 ab
782 1656 928 1694 anno
964 1640 1176 1695 Domini
1208 1641 1366 1706 1551,
1395 1656 1502 1707 quo
1534 1641 1652 1694 haec
1694 1641 1812 1710 epi-

251 1713 390 1766 stola
428 1711 656 1764 Parisiis
685 1711 830 1779 typis
867 1718 952 1765 est
985 1710 1277 1779 impressa,
1316 1711 1468 1764 nullo
1495 1711 1617 1763 loco
1670 1711 1812 1764 inter

249 1797 415 1852 opera
442 1779 669 1850 Nysseni
681 1782 900 1852 conata
931 1779 1138 1852 fuerit?

322 1853 378 1904 Si
432 1848 605 1911 diras,
676 1848 946 1903 Editiones
1007 1850 1131 1903 illas
1188 1849 1352 1919 fuisse
1411 1848 1724 1918 Pontiﬁcias
1760 1856 1811 1903 et

250 1921 677 1989 Pontiﬁciorum,
747 1922 835 1989 qui
882 1920 1158 1989 epistolam
1224 1920 1359 1973 hanc
1406 1919 1813 1973 eaterminatam

250 1988 484 2058 cupiant,
529 1988 869 2060 respondeo:
908 1988 966 2042 Si
1024 1990 1137 2045 haec
1186 2001 1271 2044 est
1312 1990 1562 2060 legitima
1620 2002 1809 2060 causa,

252 2071 472 2130 propter
499 2058 661 2129 quam
696 2075 802 2113 non
839 2070 1151 2130 compareat
1176 2060 1230 2112 in
1257 2059 1590 2130 editionibns
1617 2058 1816 2130 catho-

253 2126 477 2185 licorum
516 2126 768 2191 urbium,
821 2143 922 2182 cur
967 2126 1190 2183 exsulat
1247 2130 1315 2182 ab
1368 2129 1606 2183 editione
1657 2126 1814 2182 Basi-

251 2201 421 2255 leensi
450 2201 579 2252 anni
608 2198 766 2261 i562,
795 2199 1045 2252 undecim
1073 2200 1235 2253 annis
1257 2199 1324 2251 ab
1351 2198 1589 2252 editione
1620 2197 1813 2252 Morel-

249 2271 397 2324 liana
439 2268 750 2338 publicata?
785 2268 1231 2338 Nam_exsulare,
1289 2268 1449 2322 ﬁdem
1502 2268 1635 2321 mihi
1688 2268 1814 2321 facit

252 2335 501 2409 Epitome
530 2338 878 2409 Bibliotheca!
907 2335 1278 2409 Gesnerianae.
1324 2353 1447 2407 tune
1491 2338 1811 2409 Gatalogum

252 2407 385 2463 texit
416 2410 658 2462 omnium
691 2408 838 2462 illius
876 2407 1131 2463 editionis
1164 2423 1390 2477 operum
1445 2417 1496 2461 et
1526 2408 1814 2476 Opusrulo-

251 2493 398 2543 rum,
431 2494 531 2532 nec
559 2485 742 2532 tamen
797 2477 937 2530 inter
989 2478 1079 2530 illa
1138 2478 1251 2532 lia-c
1301 2477 1532 2546 epistola
1581 2491 1812 2545 usquam

252 2550 469 2603 visitur.
507 2548 640 2614 Qua:
671 2561 860 2618 causa,
893 2561 992 2599 cur
1033 2562 1217 2618 neque
1261 2547 1501 2601 haeretici
1559 2553 1814 2618 typogra-

294 2619 346 2670 hi
377 2628 429 2672 et
452 2618 759 2687 bibliOpoIae
789 2617 1180 2685 ItulCt‘piSlttltP.
1207 2617 1387 2687 locum
1453 2618 1593 2671 inter
1647 2628 1813 2684 opera

302 2688 483 2758 ysseui
516 2686 839 2753 tribuerint;
889 2700 1013 2758 nam
1053 2687 1251 2740 editam
1313 2686 1502 2758 fuisse,
1558 2686 1814 2758 ignorare

249 2754 361 2828 non
392 2763 706 2828 potuerunt,
739 2771 862 2810 cum
894 2754 1081 2828 eodem
1113 2770 1254 2810 anno
1290 2756 1427 2828 1562
1457 2754 1655 2828 excusa
1694 2756 1812 2828 fue-

253 2828 327 2881 rit
346 2824 568 2881 Basileze
597 2830 650 2880 in
678 2834 872 2894 quarta
913 2824 1481 2896 _Magtleburgensinm
1528 2824 1813 2896 Ccnturia.

324 2898 654 2967 Deindeiuon
682 2893 879 2967 omnes
909 2893 1174 2949 Pontificii
1215 2893 1332 2950 eam
1362 2895 1610 2967 Nysseno
1658 2895 1814 2967 abju—

252 2966 457 3022 dicant.
503 2966 636 3022 Nam
677 2965 980 3019 Morellium
1033 2967 1268 3035 primum
1323 2965 1813 3035 editorein_l‘uisse

252 3035 621 3099 Pontilicium,
656 3037 839 3090 nullus
861 3033 1067 3089 dubito.
1113 3034 1217 3089 Sed
1250 3043 1302 3090 et
1327 3036 1581 3106 Aloysius
1607 3033 1812 3104 Lippo-

252 3122 449 3161 manus
478 3106 800 3161 Pontificius
864 3106 983 3174 fuit,
1024 3114 1078 3160 et
1110 3116 1288 3159 tamen
1328 3106 1469 3160 hanc
1521 3106 1809 3174 epismlam

252 3189 401 3232 tonio
444 3178 688 3233 secundo
748 3175 821 3229 De
878 3172 1012 3227 Vitis
1076 3184 1400 3237 sanctorum,
1439 3172 1812 3230 sub—nomine

248 3246 786 3318 Nysseni,intexuit,
821 3245 880 3318 si
916 3255 970 3297 tu
1015 3260 1142 3318 vera
1202 3245 1422 3318 scribis.
1453 3243 1620 3318 _Fnitﬁ
1645 3244 1810 3318 etiam

251 3313 662 3371 illustrissimus
688 3314 972 3369 Annalium
1010 3316 1245 3385 scriptor
1268 3314 1558 3377 Baronius,
1587 3313 1812 3385 Pontili-

248 3388 391 3451 cius,
432 3394 485 3441 et
516 3387 734 3455 quidem
759 3400 920 3455 quam
955 3383 1220 3450 maxime;
1252 3394 1578 3455 tamennon
1627 3383 1811 3455 diﬂite-

247 3464 340 3509 tur
378 3452 570 3526 Annali
598 3452 816 3525 quarto,
852 3457 993 3526 hanc
1018 3455 1310 3526 epistolam
1330 3470 1394 3508 ex
1422 3453 1649 3526 Nysseni
1688 3452 1811 3526 olli-

247 3527 371 3581 cina
407 3525 578 3581 fuisse
601 3522 918 3596 profectam.
941 3522 1149 3590 Qui’tit,
1172 3525 1317 3596 quod
1342 3539 1448 3578 non
1463 3522 1809 3596 obstantibus

248 3597 445 3650 horum
476 3593 727 3666 judiciis,
754 3597 1023 3666 hactenus
1047 3595 1274 3663 epistola
1306 3593 1420 3666 haec
1446 3596 1622 3666 locum
1668 3594 1811 3646 inter

248 3663 491 3738 caeteras
507 3668 739 3738 Nysseni
760 3665 1167 3738 lucubrationes
1193 3680 1300 3718 non
1337 3663 1579 3738 invenit?
1601 3665 1809 3738 Annon

248 3736 354 3790 hoc
384 3732 707 3805 argumento
753 3744 834 3805 est
870 3735 1163 3803 plurimum
1214 3748 1381 3805 super
1415 3733 1517 3786 hac
1540 3802 1549 3805 _
1576 3732 1809 3805 epistola

246 3800 471 3859 sensum
494 3820 621 3859 vero
654 3800 961 3873 propiorem
990 3818 1145 3867 esse;
1186 3813 1239 3856 et
1271 3800 1728 3873 liiuciaccidi’sse,
1750 3809 1809 3855 ut

248 3875 315 3928 ad
347 3876 488 3928 hunc
522 3872 695 3943 usque
720 3872 861 3928 diem
901 3889 932 3926 a
986 3873 1212 3941 reliquis
1254 3872 1511 3943 operibus
1558 3876 1808 3937 seiuncta

248 3946 443 4008 fuerit;
505 3942 755 4013 quamvis
786 3943 943 4013 pauci
1000 3957 1063 3995 ex
1097 3942 1520 4013 orthodoxornm
1557 3956 1805 4013 numero,

246 4030 440 4068 omnes
467 4028 596 4067 vero
632 4029 697 4066 ex
729 4012 1083 4081 sectariortun
1129 4027 1288 4081 grege
1316 4012 1442 4066 odio
1500 4012 1809 4081 peregrina-

248 4085 480 4142 tionum,
514 4099 631 4136 eam
653 4082 900 4153 Nysseno
923 4079 1258 4153 adjutlicenf.

319 4154 474 4219 Quod
499 4154 565 4207 ad
592 4148 934 4221 interpretem
977 4148 1188 4212 attinet,
1210 4165 1384 4219 neque
1413 4148 1809 4220 primuseditor

248 4223 546 4287 Morellius,
584 4238 757 4293 neque
792 4221 1035 4293 lllyricus
1068 4222 1122 4293 in
1156 4221 1414 4293 Catalogo
1443 4231 1498 4275 et
1526 4222 1579 4273 in
1617 4230 1806 4293 quarta

247 4295 551 4356 Centurio,
620 4291 864 4345 indicare
936 4291 1107 4360 potuit
1159 4291 1432 4360 quodnam
1494 4291 1807 4360 interpretis

247 4364 396 4418 illius
423 4377 615 4416 nomen
656 4371 820 4421 esset.
852 4359 1026 4429 neque
1051 4369 1106 4413 tu
1139 4359 1309 4430 potes.
1341 4361 1525 4413 Dices:
1557 4359 1682 4412 Non
1697 4376 1808 4413 esse

247 4433 532 4486 admodum
564 4433 775 4500 ﬁrmum
799 4441 1181 4500 argumentum,
1206 4441 1564 4500 sumptumex
1594 4446 1653 4483 eo
1668 4430 1805 4499 quod

247 4506 502 4570 interpres
557 4504 623 4555 sit
674 4499 902 4569 ignotus.
938 4500 1233 4553 Multarum
1280 4502 1418 4553 enim
1467 4499 1806 4552 homiliarum

248 4572 306 4625 S.
374 4573 733 4642 (.‘Itrysostomi
816 4573 1117 4642 interpretes
1174 4586 1300 4642 esse
1365 4571 1638 4642 incertos,_
1716 4585 1808 4623 nec

250 4654 420 4696 tamen
458 4639 520 4695 ab
544 4643 879 4708 interpretum
903 4641 1318 4694 incertitndinem
1340 4639 1573 4692 dubitari
1605 4639 1669 4693 de
1696 4655 1809 4692 cer-

248 4715 473 4766 titudine
509 4723 559 4765 et
603 4713 952 4782 germanitate
1025 4712 1380 4782 liomitiarum.
1460 4709 1804 4782 ltespondeo,

247 4792 306 4835 ut
336 4788 435 4835 hoc
461 4785 530 4834 ita
563 4780 670 4836 sit:
727 4790 968 4834 attamen
1000 4782 1201 4849 aliquid
1258 4781 1446 4833 saltem
1499 4780 1805 4849 argumenti

245 4854 314 4905 ab
341 4854 637 4918 interprete
671 4854 852 4919 ignoto
877 4848 1129 4903 ducitur:
1167 4851 1466 4918 prmsertim
1520 4848 1643 4902 cum
1694 4848 1808 4903 fere

245 4924 313 4974 ale
341 4923 592 4974 euntibus
620 4918 740 4973 aliis
783 4918 1009 4987 Νγδενιιὶ
1058 4924 1313 4988 operibus
1352 4920 1633 4988 liqueat,a
1680 4921 1806 4988 qui-

245 4994 347 5045 bus
380 4990 667 5043 Latinitate
692 4990 890 5042 donata
930 4988 1150 5043 fuerint.
1184 4988 1245 5042 Et
1273 4991 1317 5043 si
1350 5004 1472 5059 quae
1517 5003 1654 5042 nova
1696 5005 1805 5043 non

246 5062 319 5113 ita
348 5062 552 5130 pridem
579 5059 853 5118 exierunt,
883 5060 1083 5130 quibus
1114 5060 1318 5130 nullum
1351 5060 1661 5130 interpretis
1707 5074 1807 5113 no.

246 5127 369 5183 men
425 5131 745 5199 ascriptum,
791 5136 848 5179 ut
893 5136 1000 5199 est,
1032 5128 1246 5183 libellus
1284 5129 1347 5182 de
1396 5127 1568 5195 Fato,
1626 5137 1805 5183 oratio

245 5211 429 5251 eontra
478 5197 875 5260 Faeneratores,
933 5197 1275 5268 mihiAtamen
1307 5201 1646 5268 exploratum
1696 5207 1802 5261 est,

245 5273 370 5336 quis
393 5279 684 5337 utrumque
712 5269 1033 5337 epttsculum
1066 5265 1257 5320 Latine
1292 5265 1529 5337 verterit.
1564 5270 1703 5322 Num
1748 5279 1805 5323 tu

243 5341 410 5404 nosti,
461 5336 677 5408 quis’sit
711 5336 915 5410 auctor
953 5339 1225 5410 versionis
1286 5336 1510 5410 Latinis,
1570 5354 1691 5410 qua:
1747 5343 1804 5394 in

243 5421 439 5479 quarta
479 5405 727 5479 centuria
761 5405 1177 5479 Magdeburgica
1206 5407 1453 5461 exsistit?

314 5476 556 5548 Tertium
591 5476 902 5548 Bellarmini
929 5484 1336 5548 argumentum,
1385 5478 1527 5546 quod
1561 5478 1673 5533 haec
1699 5479 1807 5548 epi-

240 5550 379 5601 stola
414 5547 726 5601 l‘orteetiam
752 5546 939 5602 Graece
974 5563 1081 5599 non
1108 5547 1400 5599 invenitur.
1437 5547 1551 5601 Non
1574 5546 1805 5602 allirniat

241 5618 582 5685 simpliciter,
607 5633 713 5670 non
739 5616 998 5686 inveniri,
1022 5615 1117 5669 sed
1147 5616 1255 5669 ait:
1277 5615 1432 5684 forte,
1459 5618 1584 5686 quia
1610 5618 1808 5673 Bellar-

242 5684 424 5741 minus
450 5688 743 5741 editionem
784 5684 1154 5740 Morellianam
1214 5701 1322 5740 non
1383 5684 1625 5742 viderat:
1698 5704 1800 5742 nec

240 5756 441 5825 injuria
468 5757 733 5826 suspicari
762 5757 886 5825 quis
916 5763 1121 5826 posset,
1160 5755 1334 5823 ipsam
1388 5772 1604 5826 quoque
1653 5756 1800 5812 Grie-

523 5856 790 5914 Ρλτιιοι..
835 5852 951 5912 Gn.
981 5850 1197 5911 XLVI.

1580 308 1939 394 vantonun
1998 336 2227 395 noras.

3345 342 3369 396 i
3380 343 3484 399 29.6

1923 469 2042 508 eam
2081 453 2533 524 compositionem
2568 465 2691 524 esse
2719 466 2750 506 a
2786 449 3092 524 recentiore
3131 450 3305 514 fabro,
3360 468 3483 508 cum

1924 524 2010 577 vix
2038 524 2092 577 in
2128 521 2477 579 Bibliothecis
2515 523 2845 593 reperiatur.
2894 521 3488 593 lnAugustanacerte

1921 603 1975 648 et
1998 593 2281 655 Bavarica,
2310 610 2429 664 quae
2455 592 2711 663 pleraque
2737 592 2969 664 Nysseni
2990 606 3154 664 opera
3179 592 3481 652 continent.

1923 678 2030 717 non
2056 659 2376 732 comparet:
2414 659 2472 717 ut
2507 659 2700 717 ncc'ir-
2770 659 3000 715 aliarum
3022 659 3482 732 Bibliotliecarum

1921 730 2212 795 indicibus,
2241 749 2379 801 quos
2404 734 2470 787 ad
2500 735 2703 786 calcem
2729 733 2816 787 sui
2848 732 3152 800 Apparatus
3178 730 3377 797 adjecit
3419 731 3480 787 P.

1922 802 2294 859 Possevinus:
2338 819 2461 857 nam
2497 805 2640 872 quod
2674 802 3030 855 Calvinianus
3072 802 3172 854 iste
3222 803 3484 872 altaeam

1924 874 2150 944 reperiri
2174 873 2263 944 Pal
2281 874 2401 929 isiis
2437 875 2490 927 in
2518 871 2691 944 Regia
2730 871 3076 944 bibliotheca,
3103 886 3202 944 nec
3219 872 3289 922 ad
3305 871 3482 944 ﬁnem,

1922 940 2012 997 sed
2068 942 2239 997 medio
2270 944 2478 1013 corpori
2510 940 2788 1013 insértam,
2833 942 2885 994 id
2941 956 3050 1013 non
3106 940 3231 1013 ideo,
3282 940 3485 995 evincit

1922 1028 2038 1065 eam
2062 1028 2183 1083 esse
2208 1010 2453 1083 Gregorii
2483 1012 2742 1080 Nysseni:
2775 1026 2898 1083 nam
2925 1010 3085 1083 et__in
3113 1012 3303 1083 codice
3351 1027 3485 1080 qun-

1921 1083 2045 1137 dam
2084 1078 2370 1162 Bavarico,
2407 1084 2459 1137 in
2486 1078 2593 1162 quo
2625 1082 2953 1162 “complura
2982 1078 3231 1162 lfiysseni
3269 1078 3480 1143 insunt,

1922 1160 2103 1206 exstat
2132 1156 2311 1207 oratio
2341 1168 2436 1207 seu
2492 1149 2713 1207 homilia
2741 1151 2808 1205 de
2854 1149 3273 1211 Melchisedech,
3319 1166 3481 1220 quam

1921 1223 2013 1291 qui
2050 1223 2275 1292 Nysseni
2299 1239 2421 1278 esse
2449 1223 2756 1293 pertendat,
2781 1221 2827 1276 is
2850 1221 3049 1289 dignus
3100 1228 3183 1273 est
3227 1222 3321 1288 qui
3369 1221 3482 1293 bir-

1921 1289 2017 1345 eos
2060 1289 2317 1414 niulbgeat,
2378 1289 2609 1348 Moliueo
2664 1292 2907 1345 cribrum
2957 1298 3314 1359 supponente.
3375 1289 3486 1344 Nec

1921 1360 2127 1414 indicat
2209 1365 2439 1414 olineus-
2479 1371 2660 1414 utrum
2697 1360 2897 1414 Regius
2923 1360 3011 1413 ille
3039 1363 3207 1413 codex
3243 1369 3483 1412 tantum-

1920 1360 2127 1415 indieat
2152 1360 2439 1431 Molineus,
2479 1371 2660 1416 utrum
2697 1360 2897 1431 Regius
2923 1360 3011 1413 ille
3039 1363 3207 1431 eodex
3243 1369 3483 1431 tantum-

1920 1431 2095 1502 modo
2118 1430 2347 1502 Nysseni
2380 1434 2657 1488 orationes
2680 1429 2989 1502 contineat;
3023 1446 3097 1502 an
3123 1430 3264 1502 hanc
3308 1429 3481 1502 solam

1921 1501 2025 1555 sub
2056 1498 2282 1570 Nysseiii
2311 1505 2524 1557 nomine
2551 1543 2565 1566 ,
2592 1517 2658 1556 an
2687 1502 2869 1570 plures
2894 1498 3166 1570 alias.Nec
3196 1501 3309 1569 ipse
3324 1500 3481 1561 vidit,

1921 1570 2016 1625 sed
2048 1567 2117 1625 ei
2145 1574 2367 1627 alterius
2390 1574 2654 1627 relatione
2674 1567 2729 1625 id
2762 1569 2950 1625 refert.
2987 1567 3120 1635 Quis
3161 1567 3267 1623 non
3318 1571 3485 1623 mire-

1922 1648 2010 1693 tur
2040 1639 2257 1712 Molinei
2307 1643 2602 1712 ignaviam,
2651 1642 2749 1712 qui
2796 1632 3192 1712 novam'hujus
3236 1632 3521 1712 epistolte’

1921 1710 2361 1772 translationem,
2384 1714 2435 1765 in
2459 1727 2575 1764 eam
2603 1711 2811 1765 scholia
2837 1711 3124 1770 meditans,
3159 1724 3263 1761 non
3290 1710 3487 1762 adierit

1921 1779 2305 1851 bibliothecam
2329 1780 2575 1851 Regiam,
2605 1795 2730 1834 cum
2758 1778 2989 1851 Parisiis
3017 1777 3484 1851 degat,_laeillimo

1920 1849 2094 1912 aditu,
2131 1847 2773 1905 beneﬁcio'tiasauboni
2827 1847 3249 1911 bibliothecarii,
3320 1862 3481 1917 quem

1922 1918 2011 1973 hic
2041 1919 2331 1989 magniﬁce
2369 1921 2704 1989 depraedicat
2718 1936 2732 1981 ;
2767 1917 2954 1989 forsan
2975 1927 3037 1989 et
3066 1917 3137 1989 ob
3186 1918 3327 1989 hanc
3350 1932 3485 1989 cau-

1922 2001 2059 2059 sam.
2086 1987 2230 2055 quod
2262 1993 2334 2046 sit
2368 1987 2452 2046 de
2471 2003 2633 2059 grege
2662 1987 2902 2042 Molinci.
2946 1987 3017 2059 A_t
3045 1988 3265 2059 epistola
3290 1987 3482 2059 βιαίας-ἔῃ

1919 2057 2091 2112 medio
2123 2059 2333 2114 Codice.
2369 2056 2508 2126 Quid
2548 2056 2703 2113 tum?
2743 2059 2826 2111 An
2880 2056 3058 2112 medio
3117 2057 3305 2111 Codici
3350 2057 3482 2111 nihil

1920 2131 2168 2199 Spurium
2204 2131 2371 2185 inseri
2410 2138 2587 2199 potest
2608 2128 2631 2180 ?

1992 2196 2157 2268 Urget
2186 2194 2450 2255 Molinetis
2483 2200 2648 2253 etiam
2685 2196 2881 2267 stylum
2917 2213 3039 2251 cum
3067 2194 3305 2266 Gregorii
3343 2196 3483 2320 siglo

1992 2270 2243 2320 amussim
2275 2272 2649 2320 concinentem.
2684 2267 2802 2320 Oua
2829 2269 2895 2320 de
2922 2267 3134 2320 causa?
3166 2265 3301 2320 Ouia
3333 2268 3383 2320 vi
3426 2282 3483 2320 e-

1918 2265 2243 2323 examussim
2275 2272 2649 2324 concinentem.
2684 2265 2802 2333 Qua
2829 2269 2895 2322 de
2922 2267 3134 2322 causa?
3166 2265 3301 2332 Quia
3333 2265 3485 2321 vide-

1922 2345 2009 2391 tur
2034 2338 2351 2409 dissuadere
2378 2340 2868 2409 peregrinationem
2906 2336 3481 2409 llierosolyntitanam,

1919 2416 1972 2461 et
1999 2408 2104 2461 alia
2136 2408 2396 2463 nonnulla
2422 2427 2436 2472 ;
2472 2408 2588 2462 haec
2617 2409 2873 2462 nimirum
2905 2408 3040 2460 tanti
3074 2416 3396 2468 concentus,
3427 2415 3485 2461 et

1920 2485 2085 2532 tantte
2114 2479 2505 2534 convenientia:
2548 2479 2689 2532 ratio
2733 2488 2817 2532 est
2859 2492 2922 2532 ac
2953 2477 3128 2546 origo.
3166 2475 3223 2530 Si
3253 2477 3483 2546 epistola

1920 2546 2036 2600 haec
2070 2549 2527 2618 peregrinationes
2569 2555 2678 2600 tam
2706 2556 2906 2618 aperte
2952 2547 3370 2618 comprobaret.
3423 2554 3484 2600 ut

1920 2615 2483 2688 nulla—tergiversandi
2512 2629 2567 2672 et
2595 2615 2845 2672 eludendi
2871 2617 3374 2688 occasioisectariis
3405 2631 3485 2670 re-

1920 2685 2277 2759 linqueretur,
2297 2689 2411 2759 jam
2444 2690 2785 2759 stylusesset
2810 2688 2914 2759 hoc
2941 2685 3484 2759 ipsqdissimillirnus

1919 2754 2280 2828 Gregoriane;
2299 2754 2484 2828 neque
2497 2754 2808 2828 'quidquam
2830 2754 3081 2828 Gregorii
3097 2757 3305 2828 oleret._
3319 2754 3483 2828 Nunc

1921 2825 2069 2882 totus
2105 2839 2190 2883 est
2212 2825 2604 2898 Gregorianus,
2630 2825 2764 2898 quia
2796 2825 3008 2898 videtur
3037 2825 3242 2895 aliquid
3276 2826 3479 2889 dicere,

1920 2898 2063 2966 quod
2099 2898 2187 2951 isti
2220 2914 2249 2951 a
2283 2896 2546 2965 Gregorio
2589 2897 2793 2951 dictum
2853 2897 3226 2966 scriptumque
3283 2910 3482 2965 percu-

1918 2965 2096 3036 piunt.
2126 2967 2299 3037 Aptus
2323 2978 2469 3024 certe
2501 2968 2750 3022 minister
2774 2966 2877 3021 iste
2904 2965 3260 3037 Calviniauus
3287 2980 3484 3037 censor

1918 3034 2002 3092 est
2026 3038 2149 3108 styli
2173 3034 2521 3108 Gregoriani:
2547 3039 2637 3108 qui
2662 3044 2857 3108 praeter
2883 3034 3326 3108 haneepistolam
3351 3034 3484 3108 Gre-

1916 3103 2421 3177 goriti'ascriptani,
2456 3103 2758 3163 non'tmilta
2783 3104 3035 3177 Gregorii
3062 3103 3247 3159 Grazce
3282 3104 3483 3173 legisse

1918 3177 2152 3239 videtur.
2173 3176 2296 3231 cuin
2335 3192 2503 3246 pauca
2534 3176 2719 3232 Graece
2747 3183 2985 3238 exstent,
3017 3176 3134 3246 ipse
3159 3181 3339 3246 autem
3367 3190 3484 3229 ma-

1918 3244 2600 3316 nuscriptorum'codicum
2619 3255 2727 3299 tam
2754 3246 2992 3316 diligens,
3009 3245 3080 3300 sit
3103 3244 3479 3316 investigator,

1919 3324 1978 3387 ut
2007 3332 2075 3370 ne
2103 3314 2330 3382 Regium
2359 3318 2579 3387 qutdem
2600 3317 2841 3371 codicem
2862 3314 2966 3387 pro
2984 3315 3085 3369 hac
3116 3328 3215 3387 sua
3249 3314 3482 3383 epistola

1915 3385 2217 3456 inspexerit
2242 3429 2256 3451 ,
2302 3384 2412 3457 quo
2439 3389 2748 3456 exploraret
2776 3424 2791 3447 ,
2837 3384 2966 3439 nu‘m
2996 3384 3196 3457 veteris
3224 3397 3482 3457 annovte

1916 3453 2114 3512 manus
2148 3453 2417 3527 scriptura
2447 3453 2622 3527 esset;
2655 3463 2707 3527 et
2749 3471 2878 3508 ntnn
2923 3467 3013 3509 res
3044 3469 3103 3508 se
3127 3454 3197 3506 ita
3235 3453 3478 3515 haberet,

1916 3533 1976 3580 ut
2006 3542 2071 3579 ex
2103 3526 2526 3582 Bibliothecario
2561 3526 2924 3578 intellexerat.

1990 3592 2155 3666 Urget
2203 3599 2428 3678 insuper
2456 3596 2711 3678 doctrina:
2740 3593 3158 3678 siiriilitodigeiii.
3212 3590 3311 3646 Ubi
3352 3607 3480 3646 vero

1917 3661 2155 3736 unquam
2189 3667 2306 3722 suis
2335 3661 2392 3720 in
2427 3667 2687 3736 operibus
2718 3665 2991 3732 prohibuit
3020 3661 3310 3736 Nyssenns
3333 3676 3483 3736 pere-

1915 3732 2273 3804 grinationes,
2308 3748 2366 3789 ut
2397 3732 2505 3789 tam
2539 3735 2799 3788 audacter
2825 3732 3079 3788 asserere
3100 3732 3278 3801 possis
3300 3733 3355 3804 in
3382 3734 3483 3785 hac

1913 3802 2164 3874 epistola.
2203 3815 2384 3861 vestro
2415 3821 2581 3860 sensu
2618 3812 2677 3874 et
2716 3804 2994 3859 intellectu
3026 3802 3482 3874 accepta,inesse

1916 3870 2119 3928 tantam
2140 3875 2403 3930 doctrinae
2421 3873 2831 3930 similitudinem
2855 3888 2977 3927 cum
2998 3873 3222 3941 reliquis
3238 3870 3481 3940 ejusdem

1913 3942 2140 4014 Nysseni
2164 3946 2446 4015 operibus?
2465 3943 2699 3998 Tantum
2722 3945 2897 4007 abest,
2920 3952 2979 4015 ut
2997 3944 3050 3996 in
3076 3945 3198 4015 aliis
3216 3943 3335 3997 suis
3363 3955 3482 3995 mo-

1917 4013 2440 4077 numentis—doceat,
2474 4015 2724 4069 illicitum
2754 4030 2878 4069 esse
2918 4013 3348 4082 Hierosolymam
3376 4026 3482 4082 pe-

1919 4085 2215 4153 regrinari,
2236 4095 2292 4140 ut
2317 4102 2383 4141 ne
2403 4087 2455 4140 in
2478 4086 2579 4140 ista
2603 4084 2822 4154 quidem
2846 4083 3079 4154 epistola
3104 4081 3207 4136 hoc
3223 4081 3486 4154 simplici-

1916 4151 2262 4218 ter'allirmet,
2290 4165 2346 4208 ut
2371 4157 2592 4224 cepiose
2620 4151 2904 4209 ostensum
2935 4154 2988 4207 in
3024 4168 3191 4223 opere
3218 4151 3294 4208 De
3325 4166 3484 4221 pere-

1912 4224 2334 4294 grinalionibus.

2000 4295 2068 4346 At
2099 4293 2376 4364 Gregorius
2406 4294 2637 4348 meminit
2662 4295 2822 4348 etiam
2852 4295 2907 4347 in
2935 4294 3154 4362 cpistola
3191 4292 3260 4347 ad
3298 4292 3485 4364 Olym-

1913 4367 2059 4437 pium
2092 4363 2431 4434 profectionis
2454 4380 2571 4437 sua:
2602 4365 2655 4417 in
2677 4364 2958 4425 Arabiam,
2983 4365 3133 4437 cujus
3152 4373 3211 4437 et
3244 4364 3348 4416 ista
3371 4363 3483 4437 epi-

1913 4433 2054 4491 stola
2093 4433 2402 4489 mentionem
2438 4434 2588 4504 facit.
2636 4436 2804 4501 Quasi
2851 4449 2980 4488 vero
3013 4434 3347 4504 architectus
3382 4433 3482 4485 ltu-

1911 4507 2004 4577 jus
2035 4506 2281 4576 epistolae
2323 4502 2446 4577 non
2471 4507 2709 4575 potuerit
2757 4505 2953 4577 alienis
2996 4502 3198 4571 plumis
3241 4516 3363 4577 sese
3392 4515 3482 4577 or-

1913 4571 2153 4635 narefet
2190 4576 2333 4645 quod
2372 4577 2439 4630 de
2471 4571 2537 4645 se
2565 4577 2864 4645 scripserat
2888 4572 3199 4645 Nyssenns,
3245 4571 3348 4645 sibi
3381 4572 3481 4624 tri-

1914 4648 2100 4701 buere.
2136 4640 2270 4701 Num
2313 4648 2466 4702 solus
2491 4640 2773 4714 Nyssenus
2808 4643 2862 4695 in
2904 4640 3163 4694 Arabiam
3202 4640 3481 4714 profectus

1913 4716 2039 4772 est?
2074 4714 2422 4786 Evangelium
2461 4710 2740 4786 Nicodemi
2789 4727 2915 4786 non
2948 4718 3158 4786 tantum
3211 4710 3479 4786 meminit,

1911 4786 2008 4842 sed
2030 4794 2110 4839 'et
2151 4778 2413 4840 describit
2447 4783 2755 4851 passionem
2788 4781 3014 4835 Christi.
3054 4779 3190 4833 Num
3220 4778 3353 4851 ideo
3373 4796 3479 4851 non

1914 4864 1998 4911 est
2035 4848 2614 4924 psendepigraphumi
2656 4850 2843 4920 Neque
2877 4851 3239 4924 Bellarminus
3276 4848 3356 4924 vel
3387 4850 3482 4924 alii

1912 4919 2181 4994 objiciunt
2227 4919 2367 4994 lianc
2406 4919 2694 4994 epistolam
2748 4919 2857 4975 non
2895 4921 3120 4994 reperiri
3157 4920 3211 4972 in
3246 4919 3483 4994 vulgatis

1911 4987 2224 5050 codicibus:
2255 4993 2350 5047 sed
2383 4987 2556 5054 aiunt,
2591 5005 2696 5043 non
2726 4987 3115 5046 exstare-inter
3138 5003 3304 5058 opera
3340 4987 3482 5058 Nys-

1912 5065 2029 5120 seni
2076 5079 2243 5117 unum
2288 5064 2343 5116 in
2382 5063 2631 5115 volumen
2668 5073 2956 5129 congesta:
3007 5075 3132 5131 nam
3169 5056 3212 5112 si
3247 5056 3481 5129 Nysseui

1910 5145 2014 5198 est,
2033 5149 2132 5189 cur
2159 5148 2266 5186 non
2293 5147 2416 5185 cum
2443 5131 2656 5184 cameris
2684 5133 2993 5199 copulatur,
3017 5138 3141 5198 post
3174 5137 3253 5189 tot
3284 5144 3480 5199 annos,

1913 5213 2035 5274 post
2079 5217 2245 5272 Opera
2275 5201 2505 5274 Nysseni
2544 5201 2704 5255 toties
2730 5197 2900 5274 simul
2934 5197 3135 5274 excusa
3167 5207 3220 5253 et
3250 5197 3485 5274 recusa?

1911 5268 2047 5329 illud
2093 5268 2220 5327 item
2274 5268 2505 5325 mirum:
2560 5285 2669 5322 non
2719 5269 2947 5339 reperiri
2989 5270 3042 5323 in
3092 5268 3484 5339 manuscriptis

1910 5345 2195 5400 codicibus
2241 5339 2445 5396 Grzecis
2484 5337 2986 5395 illustrissimarum
3030 5349 3082 5392 et
3113 5337 3486 5392 instructissi-

1912 5428 2124 5468 marum
2158 5412 2661 5465 Bibliothecarum:
2697 5424 2824 5463 cum
2861 5409 2965 5462 alia
3008 5408 3128 5477 ejus
3159 5421 3325 5476 opera
3373 5422 3487 5462 non

1912 5485 2024 5538 sint
2052 5498 2223 5553 usque
2252 5482 2388 5553 adeo
2417 5481 2470 5533 in
2502 5479 2851 5553 Bibliothecis
2882 5477 3273 5553 infrequentia.

1986 5554 2093 5609 Sed
2126 5547 2241 5606 ais:
2284 5552 2416 5604 Ante
2457 5560 2605 5618 typos
2631 5550 2867 5602 inventos
2900 5548 3058 5618 facile
3094 5547 3260 5618 fuisse
3297 5562 3487 5618 "tona-

1912 5627 2022 5683 chis
2048 5614 2530 5688 manuscriptornm
2555 5614 3034 5687 custodibus,'quw
3065 5616 3219 5670 libuit
3248 5614 3487 5688 eradere.

1912 5696 2141 5752 Confers
2176 5687 2342 5760 igitur
2366 5690 2533 5760 hujus
2561 5688 2807 5743 raritatis
2825 5689 3057 5760 culpam
3081 5687 3136 5760 in
3166 5687 3486 5760 monachos,

1915 5768 2007 5839 qui
2041 5754 2658 5833 expunxerintﬁl’arum
2686 5754 3054 5815 consider—ate.
3080 5755 3216 5811 Nam
3247 5756 3304 5811 in
3334 5754 3488 5812 codi-

3060 5849 3135 5908 39
