3950 6156
265 378 403 434 I229

263 494 621 565 sponsionem
641 488 827 543 dil‘ﬂat.
847 488 1007 565 Addit
1029 488 1331 565 Gregorius,
1346 487 1635 547 Christum,
1650 498 1698 565 e_t
1714 504 1833 565 cum

262 557 453 619 invitat
502 558 571 613 ad
606 574 819 629 regnum
865 557 1365 629 caelorum—Matth.
1409 575 1535 618 xxv.
1568 573 1624 629 v.
1667 558 1757 621 54,
1786 568 1836 612 et

261 651 415 697 cum,-
438 630 528 697 qui
561 627 675 682 sint
696 628 853 689 beati,
885 628 1161 695 prtedicat,
1204 627 1398 682 Matth.
1425 645 1478 690 v,
1511 643 1563 679 v.
1594 628 1649 690 5,
1698 644 1838 695 pere-

259 701 591 773 grinantium
648 715 749 773 non
800 700 1113 773 meminisse.
1154 699 1362 773 adeone
1392 700 1685 773 quisquam
1727 701 1836 753 oris

259 767 338 826 cst
383 771 533 834 duri,
563 778 618 820 ut
649 770 794 821 dicat
837 767 1108 822 Christum
1152 768 1269 822 istis
1301 769 1450 829 locis,
1483 772 1545 819 de
1571 768 1697 820 solis
1722 785 1835 821 ere-

262 842 410 895 mitis
442 848 535 892 aut
576 840 760 891 ascetis
809 837 988 906 loqui?
1032 855 1099 891 an
1131 841 1307 905 potius
1348 839 1512 892 voluit
1555 835 1836 907 Gregorius

254 912 369 965 haec
402 908 604 962 Christi
628 908 778 960 rei-bu
806 907 872 959 ad
896 924 1071 962 omnes
1099 909 1212 974 pios
1242 908 1541 976 pertinere?

336 979 410 1031 Ex
449 980 555 1031 hoc
589 977 805 1051 Molinei
839 978 972 1031 ﬂatu
1003 979 1242 1032 arbitror
1287 980 1385 1034 has
1418 982 1644 1035 extundi
1674 994 1837 1051 posse

257 1048 716 1118 conscquentias.
763 1047 911 1101 Inter
957 1063 1113 1116 opera
1147 1065 1263 1118 qua:
1301 1060 1564 1112 rereenset
1594 1047 1835 1107 Christus

254 1121 495 1173 invitans
530 1126 579 1170 et
619 1119 953 1171 introdurens
984 1118 1174 1171 electos
1203 1118 1272 1171 ad
1302 1119 1695 1185 beatitudinem,
1732 1136 1836 1173 non

255 1191 480 1258 ponitur
506 1190 859 1257 peregrinatio
893 1187 1415 1310 llierosolgmitana:
1437 1205 1559 1257 ergo
1585 1208 1689 1245 non
1716 1191 1837 1244 licet

259 1258 695 1310 Hierosolumam
734 1258 1080 1310 uerearinari.
1184 1259 1295 1310 icas
1346 1268 1423 1310 tu.
1479 1260 1621 1310 Inter
1669 1275 1834 1310 onera

259 1258 695 1331 liierosolymam
734 1258 1295 1331 peregrinari-inmens
1340 1268 1423 1331 tu.
1479 1260 1621 1315 Inter
1669 1275 1834 1331 opera

258 1328 353 1399 illa
400 1344 512 1399 nou
565 1340 923 1383 enumeratur
970 1328 1156 1382 ductio
1200 1329 1408 1392 uxoris,
1456 1344 1633 1399 neque
1677 1328 1834 1386 ctnna

254 1398 626 1451 Calviniana:
672 1412 804 1467 ergo
837 1412 949 1452 non
1002 1398 1184 1452 licebit
1209 1413 1446 1468 uxorem
1492 1398 1713 1468 ducere,
1747 1401 1833 1455 vel

256 1482 479 1521 uenam
515 1466 892 1538 Calvinianam
926 1483 1162 1522 sumere.
1208 1466 1277 1538 Ut
1325 1469 1499 1538 placet
1535 1470 1650 1524 haec
1697 1466 1831 1525 con-

259 1538 479 1591 secutio
513 1537 791 1592 Molineo?
833 1537 1000 1604 Quasi
1034 1552 1163 1592 vero
1196 1537 1451 1593 Christus
1480 1554 1547 1594 eo
1578 1540 1683 1594 loci
1718 1556 1835 1595 om-

259 1608 354 1659 nia
401 1622 571 1676 opera
614 1607 934 1662 Christiano
965 1615 1335 1662 consentanea
1367 1622 1693 1677 percensere
1736 1626 1833 1665 vo-

259 1677 449 1745 luerit,
480 1685 575 1731 aut
604 1677 657 1731 in
684 1684 933 1731 extremo
952 1677 1163 1745 judicio
1187 1687 1612 1734 enumeraturus
1643 1680 1733 1735 sit.

338 1744 889 1818 Interrbeatitudines
952 1744 1432 1818 nonnumeratur
1484 1748 1833 1818 peregrinatio

264 1815 762 1888 Ilierosolymitana
782 1831 799 1869 :
822 1831 944 1888 ergo
969 1826 1045 1870 est
1075 1815 1286 1873 illicita.
1312 1815 1546 1873 Perinde
1579 1815 1642 1872 a'c
1667 1821 1713 1875 si
1745 1820 1832 1873 di—

180 1938 184 1943 .
260 1901 393 1959 cas:
446 1886 596 1942 Inter
625 1887 991 1959 beatitugdines
1023 1900 1132 1959 non
1164 1895 1485 1959 numeratur
1512 1889 1738 1959 scri'ptio
1769 1890 1827 1942 li-

260 1956 520 2028 brorum,
540 1972 671 2027 ergo
696 1972 804 2011 non
826 1957 952 2028 licet
967 1956 1211 2028 scribere
1230 1955 1686 2028 lihrros.Catalogo
1704 1960 1834 2013 hea-

257 2026 567 2080 titudinum
605 2025 715 2081 non
735 2027 1034 2081 ascribitur
1062 2026 1136 2080 rei
1164 2025 1453 2082 familiaris
1475 2025 1832 2083 administra-

259 2096 381 2150 tio:
430 2111 566 2166 ergo
598 2111 706 2151 non
735 2096 863 2150 licet
908 2111 1023 2150 rem
1064 2094 1388 2150 familiarem
1421 2096 1829 2153 administrare.

333 2165 640 2220 Advertere
677 2179 840 2234 porro
873 2165 1136 2234 lectorem
1175 2166 1317 2229 volo,
1368 2181 1453 2221 me
1496 2181 1605 2220 non
1651 2168 1834 2223 dicere

261 2233 365 2291 has
409 2233 930 2307 consequentiarum
973 2233 1207 2307 ineptias
1238 2234 1516 2307 colligiex
1565 2234 1832 2307 Nysseno,

264 2320 361 2357 seu
393 2302 622 2359 auctore
651 2303 814 2371 hujus
843 2302 1112 2372 epistolae,
1156 2304 1252 2358 sed
1300 2302 1741 2362 ex‘discurs'ibus
1777 2315 1834 2363 et

261 2374 699 2429 delirationibus
736 2373 955 2427 Molinei
1001 2380 1054 2427 et
1100 2373 1330 2444 aliorum
1385 2372 1829 2444 Prasdicantium,

260 2458 405 2512 quas
441 2444 695 2513 imperite
742 2459 808 2499 ex
851 2444 1081 2513 epistola
1138 2443 1241 2496 hac
1296 2444 1381 2499 vel
1415 2445 1596 2513 potius
1623 2462 1689 2501 ex
1733 2443 1832 2502 sua

262 2512 850 2581 phantasiaeliciunt.
884 2512 1237 2582 Namiauctor
1261 2512 1505 2582 epistdlze
1556 2516 1633 2569 nil
1683 2517 1832 2571 aliud

261 2584 466 2654 voluit,
503 2598 810 2654 quamnon
847 2598 969 2638 esse
1013 2581 1309 2654 dolendum
1342 2584 1389 2638 si
1427 2585 1553 2652 quis
1579 2584 1834 2643 Hieroso-

264 2651 483 2725 lymam
510 2651 609 2707 nec
641 2653 855 2719 viderit,
889 2667 989 2706 nec
1006 2655 1233 2725 visurus
1263 2651 1831 2725 sit,_quandoquidem

264 2736 444 2790 neque
472 2724 619 2777 inter
648 2737 973 2792 opera,qua:
996 2721 1253 2777 Christus
1280 2723 1332 2775 in
1351 2721 1563 2790 judicio
1588 2721 1835 2781 eitremo

265 2799 533 2864 tanquam
587 2794 689 2847 sibi
737 2792 1001 2864 praestita,
1049 2793 1416 2864 percensebit,
1468 2809 1646 2864 neque
1694 2797 1834 2851 inter

266 2860 638 2934 beatitudines
663 2860 1026 2934 peregrinatio
1058 2860 1570 2934 Hierosolymitana'
1584 2867 1829 2934 ponitur:

264 2932 373 3013 sed
411 2948 480 2986 ex
530 2935 633 2986 hoc
666 2932 818 3013 non
854 2933 958 2986 nisi
1007 2933 1351 3013 iIIEpntiSSline
1400 2932 1831 3013 colliges,__eatn

266 3000 478 3074 idcirco
511 3017 635 3057 esse
688 3001 1071 3074 illicitamAaut
1114 3000 1584 3074 Deoingratam‘;
1627 3005 1833 3074 alioqui

262 3071 525 3146 plurima,
558 3074 805 3146 omnium
836 3069 1184 3146 confessione
1214 3069 1387 3138 licita,
1406 3070 1627 3143 Deoque
1654 3069 1831 3146 grata,

262 3138 615 3195 edicerentur
647 3142 836 3195 illicita
881 3150 934 3195 et
967 3140 1074 3195 Deo
1104 3140 1337 3209 ingrata.

336 3209 445 3264 Nec
472 3212 785 3264 inliciamur
814 3210 927 3264 huic
948 3211 1111 3264 etiam
1148 3211 1212 3263 ad
1241 3210 1554 3277 saeculares,
1588 3220 1643 3266 et
1671 3214 1831 3280 alios,

263 3280 359 3346 qui
386 3283 556 3335 vitam
588 3281 948 3351 monasticam
972 3286 1026 3333 et
1053 3280 1353 3351 solitariam
1378 3295 1486 3335 non
1505 3294 1829 3351 sequuntur,

266 3351 675 3423 accommodari
718 3365 878 3423 posse
906 3349 1052 3423 (nam
1093 3350 1141 3403 si
1169 3350 1487 3423 saecularem
1524 3349 1831 3423 quempiam

267 3419 439 3474 nimio
466 3418 925 3490 mmrore'coulici
954 3418 1377 3490 viderem,quod
1405 3418 1832 3490 Hierosolymam

267 3489 656 3562 nonadiisset,
687 3489 847 3562 quasi
877 3490 1084 3562 absque
1114 3488 1217 3543 hac
1247 3488 1682 3562 peregrinatione
1718 3507 1838 3562 per-

270 3558 530 3613 fectionis
576 3558 904 3614 Christianas
946 3558 1216 3628 particeps
1250 3558 1486 3623 iuturus
1516 3575 1622 3613 non
1663 3558 1830 3624 esset,

270 3641 380 3699 non
416 3628 621 3698 injuria
657 3630 819 3699 hujus
843 3628 1090 3699 epistolae
1119 3629 1302 3684 verbis
1343 3630 1737 3699 eumqsolarer,
1782 3643 1836 3686 et

267 3698 339 3769 ab
390 3696 498 3753 hac
551 3696 908 3769 persuasione
967 3696 1222 3769 liberare
1251 3696 1538 3769 conarer),
1594 3707 1834 3754 attamen

268 3765 570 3838 Gregorius
599 3769 712 3822 haec
744 3770 906 3821 verba
926 3768 1156 3838 nonnisi
1193 3766 1261 3820 de
1289 3765 1591 3838 monachis,
1645 3769 1836 3823 vitam-

270 3835 403 3904 que'
442 3839 753 3907 religiosam
813 3835 1097 3907 professis
1128 3836 1389 3905 protulit,
1452 3846 1509 3891 ut
1557 3838 1836 3894 evidenter

270 3914 420 3974 patet
461 3923 586 3960 cum
640 3923 702 3960 ex
756 3907 875 3976 ipso
906 3906 1152 3974 epistola:
1197 3918 1543 3976 argumento,
1604 3915 1721 3962 tum
1765 3925 1833 3963 ex

271 3978 419 4048 illis:
482 3977 604 4028 ἐπεὶ
650 3974 829 4029 τοίνὺν
876 3975 980 4048 sici
1027 3991 1169 4037 τινες
1199 3974 1308 4048 τῷν
1343 3975 1447 4048 γτὸν
1484 3977 1691 4048 μονήρη
1742 3979 1836 4032 καὶ¹

273 4045 541 4110 ἰδιάζοντα
594 4044 1058 4117 enavnpqpévuiv,
1079 4052 1185 4099 etc.
1223 4044 1392 4117 Paulo
1426 4044 1547 4115 post
1577 4044 1718 4111 illos,
1769 4049 1834 4103 ad

269 4130 413 4189 quos
460 4117 672 4189 scribit,
719 4115 873 4189 vocat,
916 4115 1173 4189 ξελείους,
1206 4116 1299 4169 καὶ
1332 4115 1431 4189 ,τὸν
1468 4117 1672 4189 ἀκριϐῆ
1721 4118 1835 4188 βίον

270 4187 723 4257 ἐνστησαμένους,
741 4186 881 4257 κατὰ
907 4184 1038 4257 ἣεᾼὸν
1062 4184 1470 4257 προῃρημένους
1497 4184 1616 4257 ζῇν,
1643 4184 1832 4241 eorum

271 4253 586 4327 institutum
636 4256 899 4327 nominat_
933 4253 1046 4324 βίον
1104 4253 1640 4327 καέᾷφιλοσοφίαν,
1676 4259 1835 4327 cujus

310 4327 495 4395 repria
529 4326 561 4447 η
595 4323 996 4447 εὐσχημοσύζὲ,
1027 4337 1149 4392 qua:
1179 4325 1395 4378 vivendi
1444 4328 1585 4380 ratio
1616 4327 1721 4381 sita
1744 4323 1837 4382 'sit

310 4412 328 4445 ν
361 4394 541 4447 edidit.
566 4413 676 4447 κτω
708 4400 802 4447 καὶ
846 4395 942 4447 ιδι’
985 4410 1097 4447 οντι
1135 4392 1231 4447 Bito
1264 4396 1362 4447 τῆς
1403 4394 1547 4447 ζωῆς
1569 4435 1583 4447 .
1624 4396 1702 4447 ὡς
1742 4398 1836 4447 ἀν-

300 4412 328 4445 ν
354 4392 805 4467 *ἑῷάμίκτῳάἆι
846 4392 1097 4467 ἰδιάζοπὲ
1133 4392 1231 4463 βίῳ
1255 4396 1362 4467 ⁸σιτῆς
1399 4394 1583 4467 ζωῆς,
1624 4396 1702 4460 ὡς
1742 4398 1836 4450 ἀν·-

269 4458 558 4537 επὶμίκσεον
588 4458 682 4519 καὶ
710 4458 1526 4537 dqﬁyxurovmeivdtgcijv'quieta,
1562 4458 1696 4537 μήτέ
1726 4468 1836 4537 τῶν

269 4532 543 4607 γυναικῷν
582 4537 638 4588 ἐν
685 4532 931 4607 ἀνδράσι,
950 4534 1114 4607 μήτεΔ
1144 4532 1251 4607 τῶν
1272 4532 1277 4534 ⁷
1298 4534 1507 4607 ἀνδρῶν
1535 4532 1593 4588 ἐν
1622 4532 1837 4607 γυναιξὶ

270 4607 406 4674 πρὸς
441 4604 511 4677 τὰ
534 4603 1155 4677 παρατετὴρημέγάτῆς
1188 4603 1596 4677 εὒςχημδσύνης
1625 4603 1834 4677 ὁρμών-

269 4673 398 4729 των.
429 4676 561 4742 Quae
591 4673 774 4729 omnia
802 4673 1103 4729 manifeste
1131 4673 1513 4743 intelliguntur
1546 4673 1614 4730 de
1642 4673 1834 4731 mona-

269 4745 421 4814 sticae
453 4747 576 4799 vitae
599 4745 904 4800 cultoribus
935 4751 988 4800 et
1008 4743 1365 4810 cultricibus;
1404 4760 1579 4814 neque
1609 4746 1753 4801 enim
1782 4748 1835 4800 in

271 4813 379 4867 vita
415 4816 691 4870 communi
733 4815 835 4868 viri
884 4830 912 4867 a
964 4814 1309 4877 mulieribus,
1355 4816 1437 4868 vel
1487 4813 1604 4870 vice
1652 4831 1834 4880 versa,

271 4886 535 4955 mulieres
570 4899 599 4936 a
650 4884 780 4955 viris
814 4891 1192 4955 segregantur,
1233 4890 1291 4935 ut
1342 4896 1535 4939 auctor
1586 4887 1838 4955 epistolae

270 4952 323 5005 in
351 4954 456 5009 hoc
488 4953 702 5008 vivendi
731 4952 995 5008 instituto
1013 4953 1329 5022 contingere
1355 4955 1451 5008 ait.

341 5022 608 5078 Praedicta
644 5023 806 5094 verba
836 5025 918 5075 sic
953 5021 1190 5094 reddidit
1218 5021 1490 5094 interpres
1524 5024 1665 5094 apud
1697 5025 1837 5081 Cen-

271 5095 601 5148 turiatores:
634 5091 835 5148 Sancta
871 5098 919 5144 et
964 5093 1138 5161 gravis
1179 5093 1297 5147 vitae
1346 5091 1609 5149 institutio
1654 5096 1836 5150 eadem

271 5163 535 5227 omnibus,
561 5173 610 5217 et
639 5164 785 5228 viris,
816 5171 864 5215 et
889 5161 1095 5230 feminis
1118 5164 1389 5231 preposita
1412 5174 1509 5219 est.
1538 5165 1835 5220 Peculiaris

270 5241 348 5304 est
390 5234 508 5287 vitta
545 5231 918 5301 philosophica
945 5231 1210 5304 honestas,
1239 5243 1287 5287 et
1323 5236 1585 5289 castitas:
1616 5251 1751 5304 quae,
1781 5238 1836 5289 in

272 5303 380 5355 vita
406 5319 506 5356 sua
535 5320 639 5357 non
680 5305 860 5366 mista,
894 5318 955 5355 ac
985 5301 1203 5354 seorsim
1249 5316 1370 5355 acta
1413 5301 1833 5370 consummatur,

272 5372 409 5426 velut
427 5373 760 5443 impermista
786 5381 885 5438 est,
912 5382 960 5426 et
983 5370 1195 5443 minime
1217 5374 1437 5440 confusa
1462 5386 1694 5440 natura;
1741 5392 1833 5429 ne-

272 5443 618 5514 queﬂfeminis
669 5445 724 5514 in
762 5444 1084 5514 consortium
1128 5442 1376 5514 virorum.
1413 5460 1573 5514 neque
1606 5447 1728 5498 viri,
1782 5447 1837 5499 ίη

275 5511 679 5586 mulierum,“
726 5512 917 5568 tuenda
947 5511 1213 5566 castitatis
1243 5522 1291 5566 et
1336 5511 1626 5567 honestatis
1667 5516 1835 5586 officia

274 5584 716 5638 contendentibus.

343 5651 608 5723 Molinéus
653 5653 828 5723 magis
870 5652 1049 5708 adhuc
1095 5651 1277 5707 omnia
1333 5652 1387 5706 in
1439 5656 1691 5710 versione
1739 5670 1837 5710 sua

276 5722 488 5793 turbat,
528 5739 597 5778 ne
634 5734 826 5777 auctor
862 5723 1107 5793 epistolae
1146 5723 1576 5793 videaturqloqui
1618 5725 1686 5777 de
1719 5741 1839 5778 uto-

277 5791 499 5859 ttaehis,
538 5795 631 5849 sed
668 5791 975 5863 promiscue
1004 5795 1074 5849 de
1108 5793 1363 5850 omnibus
1393 5791 1727 5851 Christianis
1769 5812 1833 5849 ex

1566 367 1926 425 VARIORUM
1975 367 2203 424 ΝΟΤίΕ.

3373 372 3510 428 19.50

1944 489 2272 559 Christianae
2314 489 2450 559 legis
2494 488 2816 559 prtescripto
2857 491 3024 542 vitam
3071 487 3508 559 instituentibus.

1945 556 2415 629 Ijineextremain
2450 556 2625 627 hujus-
2643 556 2847 628 periodi
2878 566 3087 629 partem
3114 560 3192 612 sic
3232 558 3465 613 reddidit
3494 578 3509 614 :

1944 625 2078 683 Cum
2113 644 2203 680 nec
2231 628 2474 684 mulieres
2507 625 2656 683 inter
2682 631 2817 683 viros
2838 669 2852 691 ,
2878 625 2988 682 —nec
3027 629 3124 681 viri
3158 629 3295 682 inter
3326 629 3514 683 mulie-

1943 714 2024 752 res
2060 698 2130 751 ad
2171 702 2364 752 luenda
2400 700 2685 753 honestatis
2724 698 3262 767 ofﬁciaicontendant.
3327 698 3388 752 Et
3428 707 3513 752 ta-

1946 783 2068 822 men
2102 769 2349 838 epistola:
2382 784 2579 823 sensus
2606 778 2689 823 est
2722 766 2866 823 iste:
2901 766 3078 822 Vitam
3113 774 3421 837 separatam
3458 778 3513 822 et

1944 851 1973 890 a
1997 837 2274 893 consertio
2297 838 2579 893 hominum
2606 838 2907 906 sejunctam
2937 838 2991 891 in
3014 852 3080 892 eo
3105 838 3428 900 consistere,
3453 848 3513 893 ut

1944 921 2120 977 neque
2167 908 2270 961 viri
2316 923 2442 962 cum
2497 908 2854 970 mulieribus,
2889 922 3064 975 neque
3115 907 3196 961 hae
3244 922 3364 963 cum
3404 908 3512 962 illis

1944 989 2251 1038 versentur.
2283 978 2377 1033 sed
2391 980 2635 1032 -seorsim
2666 980 2883 1047 utrique
2911 978 3135 1047 degant,
3187 988 3365 1047 neque
3394 985 3514 1031 mu-

1944 1047 2106 1102 lieres
2166 1048 2307 1102 inter
2359 1047 2510 1102 viros
2573 1048 2638 1101 ad
2685 1049 3120 1104 observationem
3175 1047 3509 1108 honestatis,

1945 1115 2048 1171 hoc
2073 1124 2191 1183 est,
2230 1118 2297 1171 ad
2327 1119 2452 1172 vita:
2484 1119 2801 1173 monasticae
2830 1126 2884 1172 et
2919 1116 3178 1172 solitaria:
3209 1112 3508 1185 perfectio-

1944 1196 2450 1268 nem,.properent,
2482 1187 2705 1242 tendant
2735 1198 2789 1244 et
2816 1189 3115 1252 enitantur,
3150 1187 3245 1242 sed
3282 1186 3512 1257 quilibet

1946 1270 2201 1312 8801⁵81111.

2013 1325 2212 1381 Subdit
2264 1327 2512 1397 epistolae
2541 1336 2779 1383 auctor:
2819 1327 2933 1383 Hoc
2975 1328 3026 1381 In
3068 1324 3512 1397 peregrinatiOne

1941 1393 2434 1468 Hierosolymi'tana
2458 1399 2738 1453 observari
2769 1414 2874 1453 non
2910 1393 3090 1467 posse,
3125 1393 3512 1468 sednecessa-

1939 1466 2026 1519 rio
2056 1465 2205 1522 viros
2237 1483 2363 1522 cum
2399 1468 2617 1523 feminis
2638 1510 2651 1532 ,
2684 1477 2737 1523 et
2765 1471 2867 1524 has
2900 1465 3023 1522 cum
3061 1468 3200 1528 illis,
3235 1465 3289 1518 in
3320 1466 3513 1522 itinere

1939 1545 1994 1590 et
2025 1536 2277 1606 hospitiis
2307 1538 2518 1593 versari
2551 1537 2774 1593 debere.

2009 1604 2272 1672 Quamvis
2323 1616 2503 1677 autem
2554 1615 2664 1661 tam
2719 1616 2876 1663 vetus
2929 1608 3199 1677 interpres
3252 1608 3511 1665 Centuria

1938 1681 2130 1745 quarta
2151 1716 2167 1739 ,
2198 1690 2360 1744 quam
2390 1676 2702 1751 Ablolienus,
2739 1678 2872 1731 illud
2903 1681 3401 1751 napatscqpqpéva
3430 1678 3513 1732 in-

1940 1753 2312 1813 terpretantur
2340 1746 2541 1813 oﬁ'icia,
2580 1747 2682 1800 hoc
2721 1755 2841 1811 est,
2873 1746 3291 1811 observationes,
3328 1758 3512 1802 tamen

1939 1830 2062 1887 cum
2110 1816 2445 1887 παρατηρέω
2493 1826 2860 1887 nontanlum
2911 1816 3053 1869 idem
3090 1817 3160 1871 sit
3202 1820 3345 1887 quod
3380 1821 3509 1874 sitn-

1941 1885 2160 1953 pliciter
2192 1885 2499 1952 observare,
2544 1886 2637 1957 sed
2670 1887 3065 1957 etiainprwter
3088 1889 3178 1953 jus
3220 1885 3267 1941 et
3300 1890 3383 1957 fas
3416 1887 3509 1941 ob»

1938 1965 2164 2026 servare,
2188 1970 2283 2009 seu
2309 1956 2716 2009 observationem
2739 1956 2966 2009 debitam
2985 1956 3270 2026 negligere:
3292 1956 3512 2011 omnino

1941 2024 2053 2078 haec
2083 2026 2230 2079 notio
2258 2025 2389 2079 huic
2416 2026 2538 2079 loco
2562 2026 2741 2081 aptior
2767 2024 3038 2080 censenda
3078 2024 3179 2079 est.
3212 2028 3302 2081 Ait
3328 2030 3509 2081 enim:

1944 2092 2123 2165 Neque
2156 2095 2294 2149 viros
2328 2096 2465 2148 inter
2497 2092 2759 2157 mulieres,
2792 2111 2952 2165 neque
2976 2094 3071 2146 has
3100 2096 3235 2150 inter
3264 2099 3403 2151 viros
3442 2096 3511 2148 ad

1939 2164 2273 2237 violationem
2300 2165 2401 2237 τῆς
2424 2164 2837 2237 εὐσχημοσύνης
2870 2180 3018 2218 ruere
3042 2179 3217 2237 :‘nam
3250 2167 3309 2237 τὸ
3339 2183 3514 2237 παρα-

1936 2234 2308 2305 τετηρημένον
2342 2235 2441 2303 τῆς
2479 2234 2927 2305 εὐσχημοσύνης,
2966 2240 3052 2288 est
3092 2236 3334 2301 violatio,
3378 2234 3509 2298 seu,

1942 2311 2001 2376 ut
2028 2304 2108 2358 sic
2135 2304 2316 2358 dicam
2341 2345 2356 2370 ,
2389 2304 2736 2359 inobservatio
2765 2304 2861 2372 τῆς
2893 2305 3334 2376 εὐσχημοσύνης,
3368 2308 3515 2359 sicut

1937 2374 1999 2426 τὸ
2030 2375 2547 2445 παρατετηρημένον
2579 2376 2677 2443 τῆς
2712 2374 3064 2444 σωφροσύνης
3101 2386 3184 2429 est
3222 2374 3434 2429 violatio
3461 2385 3512 2428 et

1940 2445 2289 2516 transgressio
2329 2446 2725 2516 temperantiae:
2764 2445 3001 2516 Inarime
3030 2452 3217 2516 autem
3259 2462 3509 2516 παρατη-

1941 2512 2149 2585 ρεῑταὶ,
2187 2512 2440 2585 violatur,
2487 2516 2521 2585 ἡ
2568 2513 2985 2585 εὐσχημοσύνη,
3020 2512 3265 2567 honestas
3298 2512 3354 2569 et
3384 2512 3512 2581 gra-

1939 2582 2072 2636 vitas
2104 2599 2266 2652 quam
2304 2583 2416 2654 βίος
2450 2582 2699 2654 μονήρης
2724 2582 2829 2654 an
2859 2582 3105 2646 ιδιάζων,
3144 2586 3236 2637 καὶ
3273 2585 3508 2649 τέλειος,

1939 2654 2034 2724 καὶ
2064 2652 2697 2724 ἀκριϐήςίείιιοςίιοῐρξί
2734 2653 2833 2705 viri
2871 2653 3069 2722 degant
3105 2670 3226 2707 cum
3264 2655 3510 2707 mulieri-

1938 2723 2043 2777 bus
2064 2763 2078 2785 ,
2117 2721 2169 2776 et
2198 2721 2281 2777 hae
2308 2739 2431 2777 cum
2463 2724 2593 2777 illis.
2618 2721 2737 2777 Nec
2766 2721 2989 2777 obstant
3020 2724 3144 2776 huic
3175 2724 3507 2793 signiticatui

1939 2794 2222 2874 sequentia
2251 2812 2262 2846 :
2292 2793 2425 2874 {ipsi
2454 2794 2488 2863 ἡ
2511 2795 2610 2874 τῆς
2637 2793 2943 2874 ὁδοιπορίας
2972 2793 3299 2874 ἀνάγκηηὰεὶ
3333 2795 3429 2859 τὴν
3453 2794 3511 2845 ἐν

1937 2862 2153 2945 τούτοις
2180 2862 2590 2945 ἀκρίξειαν-ιεαὶ
2622 2862 2756 2945 arpi);
2788 2862 3110 2945 ἀδιαφορίαν
3140 2862 3247 2914 τῶν
3281 2879 3514 2932 παρατει
3600 2875 3605 2880 ·

1937 2930 2267 3053 τγὲρημένων
2301 2932 2440 3003 ἄγει.
2482 2930 2615 2985 Nam
2657 2930 2944 3001 ἀδιαφορία
2984 2930 3088 2984 σῶν
3127 2930 3512 3053 adpare-.qu-

1945 3018 1983 3053 υ.
2014 3020 2119 3053 νων
2172 3004 2440 3053 anellatur
2476 3002 2580 3053 hoc
2630 3002 2750 3053 loco
2778 3003 3037 3053 neclectus
3087 3001 3270 3053 violati
3320 3018 3349 3053 ο
3405 3003 3509 3053 cii.

1944 3001 2119 3071 μένων
2172 3001 2447 3071 apellaiur
2476 3002 2580 3055 hoc
2630 3002 2750 3055 loco
2778 3003 3037 3070 neglectus
3087 3001 3270 3054 violati
3320 3001 3509 3071 oﬂicii,

1939 3070 2157 3140 quando
2182 3072 2382 3140 aliquis
2400 3070 2497 3141 τὴν
2514 3073 2893 3141 παρατήρησιν
2916 3071 3245 3124 violationem
3269 3079 3322 3124 et
3347 3080 3513 3126 trans-

1938 3142 2257 3212 gressionem
2304 3141 2458 3212 ejus,
2501 3142 2645 3210 quod
2680 3141 3080 3195 observandum
3129 3149 3277 3206 erat,
3315 3156 3415 3210 pro
3454 3158 3512 3196 re

1942 3209 2286 3265 indiderente
2321 3211 2492 3263 ducit.

2012 3279 2114 3351 llic
2154 3280 2351 3333 iterum
2390 3278 2603 3351 Molinei
2637 3279 2930 3351 ὀλιγωρίαν
2960 3279 3089 3351 jure
3120 3293 3379 3345 accuses,
3414 3282 3509 3351 qui

1940 3365 2048 3403 non
2091 3350 2391 3419 inspexerit
2432 3350 2673 3405 codicem
2715 3349 2938 3419 Regium
2970 3349 3063 3419 (in
3098 3364 3206 3416 quo
3247 3354 3359 3405 haec
3392 3349 3510 3419 epi—

1941 3421 2082 3490 stola
2134 3418 2361 3488 reperiri
2403 3419 2683 3485 dicitur),
2729 3418 2892 3473 ut’de
2939 3418 3172 3490 lectione
3214 3420 3377 3487 hujus
3418 3418 3512 3490 pe-

1941 3489 2079 3543 riodi
2129 3486 2335 3543 certius
2382 3490 2788 3552 constitueret;
2838 3503 2962 3541 nam
3014 3486 3249 3541 Molineo
3290 3486 3513 3544 videtur

1941 3557 2150 3628 aliquid
2183 3560 2411 3620 deesse,
2451 3560 2531 3612 vel
2562 3559 2831 3627 particula
2879 3556 2972 3611 καί
3021 3572 3335 3626 superesse.
3375 3559 3511 3614 Hinc

1940 3629 2028 3683 vel
2083 3629 2222 3682 hanc
2272 3628 2593 3689 delendam,
2643 3629 2729 3680 vel
2769 3642 2894 3680 eum
2932 3628 3109 3681 amico
3143 3642 3244 3681 suo
3283 3629 3509 3683 verbum

1941 3698 2154 3768 ἀναιρεῖ
2193 3705 2315 3768 post
2346 3712 2537 3768 vocem
2565 3697 2778 3766 ἀνάγκη
2808 3696 3249 3768 interjicientlum
3282 3707 3508 3761 censet,

1941 3774 2002 3820 ut
2029 3766 2224 3823 sensus
2250 3767 2343 3831 sit,
2384 3766 2493 3821 Via:
2517 3768 2799 3821 necessitas
2821 3781 3022 3834 semper
3039 3766 3177 3821 tollit
3204 3777 3510 3821 accuratam

1946 3836 2157 3908 horum
2196 3837 2634 3895 observationem.
2689 3846 2793 3891 etc.
2850 3836 3035 3890 Codex
3102 3840 3510 3908 manuscriptus

1942 3907 2195 3979 fortassis
2255 3909 2354 3979 vel.
2382 3908 2525 3960 hanc
2558 3910 2666 3979 _vel
2713 3908 2861 3979 illam
2906 3909 3301 3979 correctionem
3357 3924 3509 3961 com-

1942 3977 2248 4046 probasset.
2284 3974 2493 4031 Interea
2540 3976 2668 4029 dum
2724 3978 2853 4032 solis
2910 3977 3242 4047 conjecturis
3291 3979 3507 4047 agitur,

1942 4044 2065 4100 dico
2110 4048 2285 4101 locum
2315 4048 2460 4100 nulla
2501 4047 2880 4101 emendatione
2922 4044 3096 4115 egere.
3137 4044 3271 4100 Nam
3304 4044 3405 4102 hoc
3434 4048 3512 4102 di-

1942 4118 2056 4170 cit:
2096 4115 2207 4170 γεω
2238 4118 2599 4170 necessitatem
2632 4127 2939 4169 accuratam
2971 4117 3158 4170 horum
3192 4116 3512 4174 observatio-

1943 4202 2060 4239 nem
2089 4188 2251 4241 etiam
2276 4187 2344 4240 ad
2373 4186 2784 4256 indi/Terentiam
2817 4185 3004 4239 violati
3031 4186 3185 4256 oﬂicii
3207 4185 3468 4242 adducere
3490 4205 3510 4242 :

1943 4256 2049 4310 hoc
2081 4264 2192 4318 est,
2228 4265 2288 4309 ut
2328 4258 2489 4310 talem
2528 4257 2876 4310 violationem
2920 4271 3018 4326 pro
3057 4272 3117 4311 re
3164 4256 3508 4313 indilferente

1942 4326 2261 4390 habeamus,
2323 4326 2370 4380 si
2418 4326 2637 4395 quidem
2688 4326 2878 4389 illam,
2932 4341 3093 4395 quam
3147 4327 3301 4391 dixi,
3362 4328 3509 4383 verbi

1943 4396 2274 4519 mgatnpéw
2303 4397 2580 4450 notionem
2612 4396 2698 4452 hic
2726 4397 2974 4465 amplecti
3007 4397 3261 4451 velimus.

2057 4466 2072 4519 i
2106 4481 2224 4519 eam
2255 4481 2377 4519 (tua:
2405 4465 2637 4519 Molineo
2667 4476 2721 4519 et
2747 4466 2916 4519 veteri
2949 4465 3233 4519 interpreti

2057 4466 2072 4519 i
2106 4464 2224 4520 eam
2255 4481 2377 4535 qua:
2405 4465 2637 4520 Molineo
2667 4476 2721 4522 et
2747 4464 2916 4521 veteri
2949 4465 3233 4535 interpreti
3261 4464 3466 4519 arridet
3492 4487 3509 4531 ς

1943 4550 2260 4605 sequamur,
2294 4551 2394 4591 nec
2428 4537 2508 4590 sic
2538 4536 2908 4606 quidem__ulla
2943 4534 3291 4606 correctione
3325 4536 3511 4604 egebi-

1942 4603 2064 4661 mus
2095 4624 2111 4679 :_
2149 4620 2277 4658 nam
2320 4621 2515 4679 sensus
2552 4603 2695 4679 erit:
2742 4603 3121 4679 Necessitatem
3158 4604 3260 4679 vita
3290 4603 3514 4679 accura-

1945 4689 2054 4730 tam
2091 4675 2278 4729 horum
2315 4673 2729 4730 observationem
2772 4675 2933 4726 etiam
2982 4673 3049 4725 ad
3095 4673 3511 4742 indi/Terentiam

1941 4763 2121 4800 eorum
2167 4760 2283 4814 quae
2333 4753 2591 4813 prtecepta
2645 4753 2806 4806 sunt,
2845 4741 3136 4814 adducere,
3173 4741 3275 4797 hoc
3303 4752 3515 4806 est,‘ut

1942 4812 2197 4870 mandata
2248 4815 2445 4868 tradita
2500 4812 2597 4883 pro
2650 4829 2709 4867 re
2763 4812 3105 4867 indiﬂ'erente
3155 4821 3507 4883 reputemus,

1940 4901 2065 4956 quae
2091 4887 2209 4940 sine
2236 4883 2440 4956 damno
2469 4885 2849 4956 observentur,
2882 4884 2963 4956 vel
2990 4899 3099 4936 non
3128 4883 3508 4956 observentur.

2014 4954 2150 5009 Vide
2179 4964 2359 5007 autem
2393 4953 2609 5007 Molinei
2644 4968 2739 5007 seu
2772 4953 3051 5006 inscitiam
3086 4969 3180 5007 seu
3211 4953 3507 5015 malitiam,

1941 5040 2038 5082 seu
2073 5032 2381 5094 utramque.
2407 5025 2517 5085 Ait,
2546 5021 2848 5092 Nyssenum
2871 5023 2980 5076 haec
3010 5024 3284 5091 scripsisse
3309 5025 3362 5075 in
3387 5039 3513 5094 gra-

1945 5097 2073 5149 tiam
2093 5091 2441 5164 quorumdam
2475 5091 2911 5164 anachoretorum
2938 5134 2951 5155 ,
2985 5110 3114 5160 quos
3157 5102 3328 5146 tamen
3361 5091 3511 5164 alpe—

1943 5162 2258 5232 regrinando
2310 5162 2612 5217 dehortetur
2668 5163 2960 5215 rationibus
3009 5164 3185 5232 petitis
3231 5177 3296 5217 ea:
3346 5162 3509 5231 ofﬁcio

1943 5232 2265 5295 Christiani,
2298 5249 2401 5286 non
2431 5236 2673 5285 instituto
2704 5232 2963 5286 monachi.
2999 5233 3092 5285 llic
3114 5274 3128 5296 ,
3174 5247 3303 5300 rogo
3324 5273 3338 5295 ,
3379 5233 3507 5285 Cal-

1942 5306 2137 5360 vinista
2159 5345 2173 5369 ,
2198 5304 2416 5371 quando
2447 5311 2637 5356 auctor
2669 5303 2833 5368 hujus
2862 5303 3108 5369 epistola:
3141 5304 3279 5371 inter
3308 5309 3507 5371 ca‘tera

1943 5376 2109 5439 dicit,
2146 5370 2401 5429 seetatori
2434 5373 2532 5442 τῆς
2564 5371 2774 5442 adtuli};
2805 5371 3074 5433 πολιτείας
3108 5374 3201 5423 καὶ
3233 5370 3347 5441 βίον
3384 5370 3510 5426 ἰδιά-

1944 5444 2126 5509 ζοντος
2167 5460 2274 5497 non
2315 5459 2435 5498 esse
2474 5443 2879 5511 suscipiendam
2925 5443 3063 5494 hunc
3113 5442 3510 5510 peregrinatio-

1944 5530 2066 5569 nem
2091 5556 2106 5576 ,
2134 5513 2282 5583 quod
2309 5514 2442 5568 viris
2471 5514 2786 5568 necessario
2812 5513 2865 5583 in
2899 5511 2993 5583 via
3013 5519 3066 5564 et
3103 5512 3355 5583 hospitiis
3384 5527 3507 5566 cum

1944 5581 2306 5646 mulieribus,
2346 5592 2400 5637 et
2434 5584 2519 5638 his
2558 5598 2682 5637 cum
2731 5581 2907 5645 viris,
2955 5582 3028 5636 sit
3079 5582 3410 5636 versandum
3455 5588 3512 5634 et

1945 5654 2208 5725 agendum
2236 5670 2249 5720 ;
2279 5665 2432 5725 estne
2487 5654 2607 5725 haec
2642 5653 2783 5725 ratio
2815 5666 2850 5725 a_
2880 5649 2990 5704 vita
3024 5651 3413 5725 comniuni,__et
3445 5664 3514 5703 ex

1944 5719 2219 5777 communi
2239 5719 2436 5777 'ollicio
2473 5723 2774 5778 Christiani
2820 5720 3154 5788 desumpta?
3181 5719 3514 5788 Prohibetne

1946 5794 2253 5849 communis
2286 5793 2408 5849 vitae
2442 5795 2585 5850 ratio
2630 5809 2697 5851 ne
2745 5792 2825 5848 vir
2859 5804 2985 5845 cum
3021 5786 3259 5857 femina,
3302 5798 3396 5846 aut
3434 5786 3517 5843 l'e-
