3950 6156
452 179 588 237 1255

416 320 419 331 λ
447 294 714 349 momenti
749 291 817 347 ad
859 293 1076 363 pietatis
1107 292 1349 347 studium
1382 292 1638 363 conferre
1658 331 1672 355 ,
1717 297 1771 345 et
1801 291 1973 363 cuivis
1999 331 2012 352 .

449 365 541 432 qui
584 363 775 417 ferreis
812 361 920 416 non
956 365 1126 432 rigeat
1155 362 1469 432 prmeordiis
1495 403 1507 423 ,
1542 362 1794 430 ingentes
1828 361 2023 416 stimu-

448 431 533 487 los
579 434 644 486 ad
691 435 813 486 vitae
864 431 1336 495 emendatidncm,
1380 432 1735 500 divinumque
1779 444 2020 483 amorem

451 508 556 557 sub
579 514 798 571 pectore
825 509 1063 565 vertere,
1098 518 1196 571 per
1225 518 1283 558 se
1316 510 1501 555 notum
1536 509 1645 566 cst,
1675 508 1727 553 et
1750 505 2022 571 testantur

449 574 545 641 qui
582 570 696 625 hoc
744 573 922 640 ipsum
974 570 1229 641 experti,
1283 571 1349 624 dc
1409 571 1611 640 quibus
1662 571 1802 641 libro
1845 570 2021 641 primo

451 639 527 695 De
562 639 1112 710 peregrinationibus.
1147 640 1379 710 Pulchre
1408 639 1509 694 hac
1546 642 1663 709 ipsa
1699 639 1767 710 de
1803 653 1861 691 re
1900 639 2023 707 pius

450 708 635 764 ilte‘c'
688 710 938 765 eruditus
979 712 1218 779 scriptor
1257 708 1581 779 Lndolphus
1619 711 1687 763 de
1736 708 2017 779 Sttxonia:

447 782 531 833 Ad
570 791 761 849 terram
789 790 1048 843 sanctam,
1076 777 1231 849 quam
1262 777 1515 834 universi:
1540 777 2022 849 ChristiEcclesite

450 861 596 903 nocte
618 847 800 918 dieque
844 852 1045 904 sociare
1078 846 1181 903 non
1216 849 1501 911 desinunt,
1551 865 1709 917 quam
1740 847 1903 901 bonus
1934 846 2023 900 ille

447 920 598 973 Jesus
624 919 984 977 inhabitando.
1009 930 1057 972 et
1080 921 1247 979 verbo,
1279 921 1354 973 vel
1377 920 1618 972 doctrina
1637 918 2016 981 illuminanda,

449 990 810 1043 illuminatam
848 1006 943 1043 suo
986 991 1350 1043 sacratissimo
1376 991 1629 1058 sanguine
1668 988 2021 1048 consecravit,

451 1059 757 1114 delectabile
790 1070 865 1112 est
897 1064 1168 1125 aspirare:
1201 1059 1289 1113 sed
1320 1059 1680 1114 delectabilius
1711 1075 1825 1112 eam
1856 1058 2021 1111 oculis

448 1130 680 1196 corporis
699 1129 889 1182 intueri
915 1140 961 1181 et
984 1132 1171 1183 mentis
1192 1129 1459 1183 intellectu
1475 1131 1746 1194 revolvere,
1763 1127 2021 1197 quomodo

449 1200 504 1253 in
551 1199 678 1252 locis
739 1199 960 1268 singulis
1011 1200 1062 1251 in
1114 1217 1176 1254 ea
1217 1209 1451 1253 nostram
1509 1200 1729 1253 salutem
1765 1197 2022 1251 Dominus

450 1279 693 1336 operatus
723 1269 813 1322 sit.
843 1268 973 1333 Quis
1006 1270 1143 1322 enim
1174 1286 1423 1324 enarrare
1454 1269 1662 1339 sufﬁcit,
1690 1268 1826 1339 quod
1854 1269 2023 1339 devoti

449 1340 804 1392 discurrentes
845 1354 936 1407 per
963 1339 1078 1392 loca
1120 1339 1325 1408 singula
1350 1378 1365 1403 ,
1408 1341 1463 1392 in
1504 1341 1691 1408 spiritu
1742 1338 2024 1408 vehementi

448 1409 759 1478 osculantur
792 1416 1026 1478 terram,
1068 1407 1453 1477 amplectuntur
1506 1407 1622 1462 leca
1655 1451 1669 1475 ,
1725 1409 1780 1461 ia
1835 1407 2022 1478 quibus

449 1477 660 1531 dulcem
706 1475 891 1530 Jesum
929 1477 1007 1532 vel
1043 1475 1283 1539 stetisse,
1320 1482 1398 1534 vel
1430 1478 1656 1543 sedisse,
1698 1478 1774 1532 vel
1820 1475 2025 1547 aliquid

448 1548 616 1618 egisse
649 1547 971 1618 audierunt?
1009 1547 1166 1602 Nunc
1190 1548 1413 1602 tundunt
1442 1558 1638 1617 pectus,
1678 1564 1815 1602 nunc
1843 1549 2021 1616 ﬂetus,

447 1633 587 1671 nunc
622 1617 877 1687 gemitus,
917 1634 1050 1671 nunc
1087 1620 1318 1687 suspiria
1350 1621 1639 1672 amittentes
1662 1661 1676 1683 ,
1716 1628 1861 1687 gestu
1909 1635 2026 1670 cor-

448 1688 592 1757 poris
614 1685 709 1757 ,‘Aet
739 1685 1046 1757 devotionis,
1073 1685 1229 1757 quam
1261 1689 1389 1755 foris
1421 1685 1732 1751 ostendunt,
1756 1696 1805 1739 et
1835 1687 2026 1757 absque

450 1755 612 1828 dubio
627 1755 771 1828 intus
800 1756 1009 1820 habent,
1035 1755 1093 1828 in
1117 1758 1381 1828 lacrymas
1403 1767 1708 1828 provocant,
1727 1755 2026 1828 plerumque

449 1824 986 1895 etiamSarracenos.
1033 1827 1173 1893 Quid
1204 1827 1379 1881 dicam
1404 1824 1467 1882 de
1490 1826 1808 1895 patriarchis
1833 1824 2023 1888 Jacob,

449 1893 644 1963 Ioseph
688 1902 737 1948 et
787 1894 1045 1968 fratribus
1079 1898 1231 1965 ejus?
1256 1899 1364 1967 qui,
1396 1893 1519 1968 quia
1541 1898 1640 1956 vivi
1671 1898 1722 1948 in
1754 1902 1894 1968 terra
1917 1912 2028 1950 esse

449 1981 556 2036 non
588 1972 873 2036 potuerunt
891 2005 908 2030 ,
939 1967 1202 2036 elegerunt
1243 1968 1296 2019 in
1335 1967 1415 2022 ea
1444 1968 1637 2020 mortui
1673 1967 2022 2033 sepulturam.

455 2030 765 2101 Quidplura
782 2037 808 2091 ?
833 2030 1081 2090 Tarditas
1104 2036 1485 2106 ingemiscenda
1510 2046 1585 2091 est
1603 2030 2027 2090 Christianarum

451 2106 621 2174 nostri
655 2106 925 2173 temporis,
954 2108 1043 2173 qui
1064 2117 1140 2160 tot
1171 2107 1407 2174 exempla
1440 2107 1708 2168 habentes,
1743 2107 1885 2159 tardi
1906 2115 2027 2159 sunt

450 2172 515 2226 de
550 2172 790 2246 manibus
819 2176 1152 2230 inimicorum
1184 2172 1363 2246 eruere
1400 2186 1595 2230 terram
1639 2192 1796 2246 quam
1845 2192 2028 2230 conse-

454 2245 618 2314 cravit
640 2249 892 2314 sanguine
920 2263 1013 2301 suo
1044 2246 1200 2300 Jesus
1228 2245 1491 2302 Christus.

522 2312 814 2379 Moventur,
833 2319 1006 2370 nescio
1027 2318 1304 2385 quomodo,
1331 2319 1505 2386 inquit
1533 2315 1676 2385 apud
1705 2314 2023 2371 Ciceronem

452 2383 696 2456 Atticus,
723 2385 851 2439 locis
885 2383 1114 2455 ipsis,’in
1140 2387 1324 2456 quibus
1355 2383 1535 2440 eorum
1563 2383 1692 2455 quos
1731 2386 2023 2455 diligimus,

453 2461 548 2506 aut
575 2454 942 2525 admiramur,
977 2454 1169 2509 adsunt
1203 2457 1435 2525 vestigia.
1477 2457 1531 2510 Si
1574 2454 1682 2510 hoc
1739 2454 1924 2510 verum
1959 2456 2026 2510 de

451 2524 702 2594 vestigiis
727 2541 1181 2599 quorumcunque
1205 2524 1353 2599 quos
1382 2526 1663 2595 diligimus
1693 2533 1748 2599 et
1789 2526 2025 2599 suspicb

453 2609 608 2664 nius,
657 2604 863 2664 quanto
909 2598 1093 2651 verius
1137 2596 1244 2651 erit
1296 2595 1365 2650 de
1409 2596 1782 2651 monumentis
1822 2595 2025 2650 ChriSti

458 2662 842 2735 Redemptoris
876 2669 1089 2728 nostri,
1126 2681 1235 2734 quo
1265 2666 1341 2719 nil
1383 2666 1540 2721 debet
1573 2681 1696 2720 esse
1728 2666 1915 2734 prius,
1950 2665 2027 2735 nil

464 2734 786 2805 antiquius?
812 2735 899 2789 Me
946 2736 1175 2805 quidem,
1208 2736 1387 2805 inquit
1445 2737 1605 2805 idem,
1640 2736 1853 2791 Atticus
1876 2776 1890 2798 ,
1920 2734 2027 2788 illa!

452 2804 822 2876 ipstenostrae
861 2804 1075 2862 Athena!
1122 2823 1223 2860 non
1276 2815 1385 2859 tam
1441 2804 1683 2876 operibus
1732 2806 2026 2876 magniﬁcis

453 2874 827 2946 exquisitisque
878 2879 1212 2946 antiquorum
1264 2876 1467 2930 artibus
1527 2874 1781 2946 delectant
1809 2874 1846 2946 ,ί
1869 2891 2027 2944 quam

454 2943 819 2998 recordatione
847 2943 1167 2998 summorum
1198 2946 1449 3006 virorum,
1485 2944 1574 2999 ubi
1603 2945 1717 3007 quis
1758 2943 2025 3007 habitare,

453 3012 544 3065 ubi
566 3016 761 3083 sedere,
786 3014 874 3067 ubi
896 3014 1163 3083 disputare
1181 3016 1249 3068 sit
1269 3016 1479 3077 solitus,
1499 3012 1832 3083 studioseque
1846 3031 2027 3068 eorum

455 3082 694 3150 sepulcra
712 3082 1049 3152 contemplar.
1078 3084 1135 3138 Si
1165 3086 1267 3138 hoc
1284 3085 1504 3138 Atticus
1524 3082 1755 3138 faciebat
1772 3085 2025 3147 Athenis,

455 3162 670 3226 quanto
693 3156 898 3209 rectius
931 3171 961 3208 a
994 3154 1311 3209 Christiano
1341 3154 1427 3226 lict
1460 3153 1850 3226 llierorsolymae
1888 3162 1942 3207 et
1974 3156 2026 3207 in

455 3221 748 3277 Palaestina
778 3263 794 3288 ,
846 3240 1010 3293 quam
1061 3221 1367 3294 praesentia
1398 3239 1498 3279 sua
1543 3221 1795 3278 Salvator
1841 3234 2028 3279 noster

454 3307 705 3397 verteqlun
736 3294 1018 3364 religionis
1046 3295 1320 3349 antistites
1350 3302 1752 3350 consecrarunt
1783 3308 1847 3349 ac
1873 3294 2027 3349 dedi-

456 3377 624 3397 mn...

456 3372 690 3416 caruntt

539 3432 860 3489 Guilielmus
901 3432 968 3487 de
1009 3432 1293 3489 Baldensel
1350 3433 1403 3487 in
1462 3448 1565 3488 suo
1608 3433 1898 3487 itinerario
1961 3433 2025 3486 ad

457 3511 660 3558 terram
704 3514 950 3559 sanctam
980 3521 993 3557 :
1035 3503 1104 3557 Et
1143 3507 1258 3574 quis
1285 3504 1437 3558 homo
1467 3505 1601 3557 hunc
1635 3503 1807 3557 locum
1855 3503 2028 3558 videre

456 3575 646 3642 poterit
687 3574 799 3628 sine
843 3575 1093 3643 lacrymis
1122 3614 1137 3637 ,
1180 3585 1400 3629 tremore
1437 3575 1610 3627 cordis
1639 3614 1653 3635 ,
1697 3574 1810 3625 alta
1851 3590 2030 3628 conso-

459 3645 653 3697 latoria
676 3646 1035 3713 compassione
1058 3646 1283 3701 mentis?
1310 3644 1396 3697 ubi
1423 3643 1760 3711 impassibilis
1790 3644 1991 3710 patitur
2010 3683 2026 3709 ,

462 3714 569 3767 vita
616 3715 869 3781 moritur,
915 3726 963 3768 et
1015 3714 1537 3782 supersubstantialis
1593 3715 2030 3782 communicativa

458 3784 663 3853 bonitas
687 3799 782 3852 pro
807 3788 953 3839 nobis
973 3781 1350 3853 peccatoribus,
1374 3801 1492 3837 cum
1525 3784 1698 3851 impiis
1725 3781 2027 3851 deputatur.

525 3852 675 3909 idem
701 3852 1026 3910 Guilielmus
1063 3856 1115 3907 in
1151 3856 1339 3910 eodem
1373 3853 1773 3922 Hodmporico:
1811 3852 2028 3920 Confert

459 3938 619 3990 supra
646 3926 858 3978 modum
889 3925 1122 3990 homini,
1155 3925 1270 3978 loca
1294 3924 1402 3977 huic
1441 3923 1775 3976 sanctissima
1808 3922 2026 3977 videre:

458 3994 583 4063 quia
612 3992 815 4047 devotio
845 3996 1129 4057 excitatur,
1153 4006 1199 4048 et
1228 3993 1451 4056 videtur,
1485 3992 1622 4062 quod
1656 3993 1763 4063 vita
1797 3991 2025 4059 Christi,

459 4062 523 4115 ac
554 4064 913 4129 apostolorum
942 4065 1327 4131 quodammodo
1362 4063 1528 4117 oculis
1578 4062 1892 4129 inspiciatur
1919 4078 2028 4115 cor-

455 4133 639 4253 porge;
670 4143 718 4185 et
743 4147 807 4185 ex
831 4134 925 4185 hoc
955 4136 1006 4185 in
1037 4135 1192 4188 corde
1225 4133 1622 4201 fundamentum
1660 4131 1786 4201 ﬁdei
1816 4133 2027 4200 ﬁrmius

456 4212 540 4253 sla
580 4218 594 4253 t
622 4212 748 4253 itur.

456 4203 748 4258 stabilitur.

528 4269 698 4325 Porro
729 4271 843 4326 sola
881 4273 1181 4325 mutatione
1214 4272 1322 4326 loci
1361 4271 1427 4326 ad
1460 4271 1629 4325 Deum
1667 4286 1775 4324 non
1803 4272 2023 4334 accedi,

459 4341 585 4411 quis
639 4340 890 4410 ignorat?
933 4349 992 4393 ut
1036 4350 1090 4394 et
1130 4342 1301 4403 illud,
1336 4342 1569 4394 dandam
1599 4343 1772 4409 potius
1816 4356 2029 4411 operam

458 4410 514 4465 ut
558 4411 699 4465 Deus
738 4411 793 4465 in
825 4420 1031 4480 pectore
1075 4420 1253 4465 nostra
1296 4410 1516 4463 habitet.
1565 4411 1691 4465 [hec
1730 4419 1784 4465 et
1823 4413 1927 4464 alia
1975 4410 2027 4464 id

455 4497 628 4551 genus
681 4483 750 4536 ab
788 4493 1013 4535 auctore
1052 4480 1216 4549 hujus
1256 4480 1503 4551 epistola:
1545 4482 1674 4535 solis
1710 4481 2029 4551 monasticae

455 4549 577 4630 vitae
610 4552 976 4630 sectatoribus
991 4559 1053 4630 et
1081 4549 1462 4630 sectatricibus
1484 4564 1604 4630 esse
1620 4551 1802 4630 dicta,
1828 4550 2029 4630 fungus

453 4622 528 4674 sit
559 4622 649 4690 qui
681 4636 790 4676 non
833 4624 1166 4675 confiteatur
1198 4621 1548 4677 considerato
1584 4620 1827 4689 epistolae
1860 4620 2027 4675 totius

452 4706 619 4760 scopo
666 4700 721 4746 et
766 4692 1088 4760 proposito:
1133 4694 1353 4747 tametsi
1399 4706 1507 4745 non
1545 4705 1842 4761 negamus,
1897 4691 2026 4761 talia

452 4759 615 4816 etiam
650 4759 1012 4818 saecularibus
1058 4763 1242 4817 occini
1290 4776 1487 4830 posse;
1528 4759 1653 4813 nam
1687 4760 1730 4812 si
1778 4761 1894 4815 sola
1927 4759 2027 4813 hac

451 4833 887 4909 peregrinatione
900 4830 1047 4909 sead
1065 4831 1233 4886 Deum
1252 4841 1647 4909 accessuroset
1665 4839 2026 4909 perventuros

452 4900 839 4965 considerent,
883 4902 1256 4970 reliquormn,
1309 4917 1431 4970 qua:
1472 4902 1538 4954 ad
1584 4901 1721 4954 bene
1761 4900 2026 4970 beateque

450 4973 742 5027 vivendum
776 4969 1080 5041 pertinent,
1125 4969 1343 5036 securi,
1381 4973 1569 5040 utique
1601 4986 1660 5023 se
1692 4970 1841 5039 ipsos
1874 4969 2026 5024 falte-

452 5052 614 5106 rent,
662 5053 722 5098 ut.
765 5050 820 5113 et
859 5052 1025 5107 tunc,
1068 5043 1114 5097 si
1152 5043 1668 5113 percgrinarcntur,
1709 5054 1808 5113 nec
1843 5049 2025 5113 tamen

453 5114 737 5169 studerent
773 5112 940 5167 Deum
966 5114 1023 5177 in
1056 5110 1304 5182 pectoris
1326 5113 1412 5165 sui
1447 5111 1819 5164 habitaculum
1853 5110 2023 5164 devo-

453 5197 599 5237 care.

526 5252 735 5324 Objicit
766 5251 1099 5313 Calvinista,
1133 5251 1193 5311 Si
1224 5267 1340 5321 quae
1375 5249 1649 5317 Ngssenus
1683 5249 1903 5324 scribit,
1955 5250 2023 5302 ad

452 5327 589 5377 solos
614 5320 899 5378 monachos
930 5332 979 5376 et
1010 5339 1209 5376 nonnas
1232 5320 1467 5391 spectant
1490 5361 1507 5387 ,
1538 5332 1591 5373 ut
1623 5321 1801 5374 volunt
1835 5320 2024 5373 adver-

450 5394 584 5464 sarii
605 5434 617 5456 ,
664 5395 765 5464 ipsi
795 5411 847 5447 se
865 5395 975 5447 suis
1001 5392 1194 5446 aculeis
1218 5392 1522 5464 conficiunt,
1556 5407 1678 5464 nam
1709 5402 1889 5464 nostra
1918 5407 2023 5444 a'vo

448 5463 586 5516 nulli
632 5462 798 5534 magis
827 5465 1251 5534 peregrinantur.
1298 5462 1372 5516 De
1400 5463 1726 5534 crebritate,
1776 5463 1907 5534 fides
1951 5471 2025 5515 snt

489 5547 617 5586 cnes
634 5531 1130 5588 Moline‘tnnfhiulta
1149 5533 1505 5603 llodwporica
1527 5531 2020 5602 Ilierosolymitana

469 5603 586 5675 egi,
618 5618 834 5673 semper
866 5604 1053 5675 plures
1077 5604 1257 5675 reperi
1301 5605 1593 5660 Saeculares
1617 5617 1778 5672 quam
1824 5617 2017 5656 mona-

1746 173 2111 230 VARIORUM
2152 174 2383 233 NOTAE.

3567 179 3690 234 {9.56

2123 293 2257 347 chos
2281 294 2366 346 vel
2393 291 2715 351 monachos.
2740 300 2791 345 et
2819 289 3068 361 absolute
3102 290 3284 359 plures
3315 290 3472 346 viros
3495 332 3510 356 ,
3541 307 3685 361 quam

2123 364 2399 417 mulieres.
2424 361 2503 415 Ad
2522 371 2901 431 argumentum
2924 359 3165 424 Molinei,
3188 376 3323 431 nego
3374 376 3481 415 nos
3506 359 3688 419 nostris

2122 433 2245 503 telis
2274 435 2495 503 conligi.
2522 429 2659 503 Nam
2688 439 2743 483 ut
2774 431 2828 503 in
2856 445 3029 503 _0pcre
3062 432 3135 484 De
3167 429 3687 503 peregrinationibus

2122 499 2368 558 dicebam
2393 499 2523 563 ,vne
2562 501 2696 569 ipsis
2738 499 2959 569 quidem
2993 501 3276 554 monachis
3303 499 3522 553 'auctor
3544 502 3687 568 hujus

2124 573 2372 642 epistolae
2418 571 2750 642 simpliciter
2784 579 2840 623 ct
2903 570 3163 624 universe
3205 569 3685 642 peregrinationem

2125 639 2675 709 Hierosolymitanam
2704 640 3001 708 abrogasse
3030 639 3346 709 censendus
3376 650 3502 703 est;
3532 655 3689 709 neque

2123 714 2268 769 enim
2301 708 2587 781 ignorabat
2617 709 2916 778 Nyssenus,
2950 710 2994 763 si
3019 718 3104 764 est
3126 708 3432 779 Nyssenus,
3454 708 3682 764 innume-

2123 783 2326 838 rabiles
2349 781 2646 834 monachos
2672 786 2725 832 et
2750 795 2849 833 sua
2875 786 3053 841 aetate,
3074 785 3128 833 et
3148 786 3273 831 ante
3290 793 3452 832 suam
3469 788 3681 840 natalem,

2126 853 2366 907 maximo
2396 851 2578 903 fructu
2611 850 2664 903 in
2694 846 3039 904 Palaestinam
3065 849 3182 901 loca
3210 862 3374 902 sacra
3404 849 3680 909 visitatum,

2127 922 2524 990 adoratumque
2567 919 2908 990 concessisse
2949 937 2962 971 :
3013 933 3153 988 quos
3209 932 3409 971 omnes
3464 919 3596 990 absit
3632 927 3680 990 ut

2124 991 2406 1063 Nyssenus
2434 988 2559 1043 'una
2599 988 2969 1063 damnationis
3011 996 3139 1042 nota
3192 988 3566 1063 percusserit!
3599 989 3679 1063 sed

2126 1057 2335 1133 peritos
2365 1060 2607 1133 imitatus
2636 1068 2721 1112 est
2753 1058 2996 1113 medicos
3028 1077 3041 1112 :
3073 1072 3223 1133 nam,
3263 1064 3323 1111 ut
3361 1057 3679 1133 isti,_morbo

2126 1124 2355 1186 nimium
2397 1129 2465 1183 ad
2515 1143 2685 1183 unum
2718 1136 3026 1183 extremum
3075 1124 3371 1190 tendente,
3423 1128 3680 1183 enituntur

2126 1203 2193 1257 ad
2267 1203 2498 1255 alterum
2534 1239 2549 1263 ,
2613 1198 2787 1252 donec
2846 1197 3399 1267 tandemﬂattingant
3458 1198 3669 1267 medium

2123 1285 2438 1341 aegrumque
2462 1269 2704 1341 pristina:
2733 1267 2954 1341 sanitati
2989 1265 3229 1341 reddant
3254 1265 3285 1321 ί
3307 1268 3485 1341 itaet
3507 1265 3678 1341 Nysscg

2125 1338 2252 1406 nus,
2287 1338 2409 1394 eum
2457 1338 2717 1393 solitariae
2755 1338 2879 1392 vitae
2915 1338 3193 1399 cultores,
3234 1346 3289 1391 et
3320 1338 3596 1397 cultrices,
3621 1339 3675 1391 ad

2129 1408 2621 1483 peregrinationem
2643 1406 3190 1483 Hierosolymitanam
3221 1408 3453 1483 nimium
3475 1423 3678 1483 propen-

2126 1476 2284 1536 derc'
2310 1479 2553 1541 videret,
2597 1478 2652 1531 in
2683 1476 3020 1532 contrarium
3062 1476 3281 1530 deflexit
3307 1516 3322 1540 ,
3377 1477 3677 1546 penitusque

2127 1549 2444 1620 hujusmodi
2477 1549 2792 1602 institutum
2833 1548 3129 1620 dissuasit,
3162 1554 3221 1620 ut
3252 1547 3359 1601 hoc
3383 1548 3549 1620 modo
3581 1563 3672 1620 rem

2128 1616 2217 1675 ad'
2263 1618 2697 1689 medici-vitalem
2751 1616 3079 1689 quamdam,
3132 1617 3337 1685 ubique
3362 1617 3677 1689 ⁸Ιειιιάξιωιειιη

2126 1700 2179 1745 et
2208 1688 2696 1745 coumiendandam
2727 1685 3015 1742 reduceret
3051 1705 3064 1739 :
3119 1696 3171 1741 et
3212 1699 3270 1741 ut
3308 1685 3376 1739 ad
3411 1687 3673 1742 mediocri.-

2127 1769 2291 1815 tatem
2315 1760 2640 1820 adduceret,
2674 1758 2973 1828 nequitiam
2999 1767 3052 1810 ct
3083 1757 3496 1828 improbitatem
3515 1772 3672 1828 earum

2129 1831 2411 1900 regiOnum
2442 1870 2455 1893 ,
2503 1842 2602 1900 per
2636 1826 2775 1897 quas
2815 1826 3214 1881 transeundum
3247 1834 3411 1889 erat,
3450 1827 3678 1897 graphice

2127 1899 2302 1955 oculis
2329 1899 2584 1966 subjecit.

2197 1969 2399 2037 Objicit
2429 1965 2733 2022 Calvinista
2752 2006 2768 2030 ,
2802 1966 3103 2037 Nyssenum
3118 1965 3306 2037 dicere
3335 1966 3674 2035 profectionem

2127 2035 2673 2107 Hierosolymitanam
2704 2038 2805 2090 sibi
2842 2035 2974 2091 nihil
3002 2035 3296 2104 profuisse;
3341 2036 3443 2107 ﬁde
3471 2038 3581 2100 inde
3602 2051 3676 2090 nec

2127 2119 2285 2163 aucta
2304 2106 2398 2162 nec
2418 2108 2731 2161 imminuta:
2756 2108 2814 2178 si
2828 2108 2992 2178 igitur
3011 2115 3156 2178 tanto
3177 2107 3286 2160 viro
3297 2106 3440 2178 nihil
3457 2108 3669 2178 utilitatis

2128 2180 2311 2232 attulit
2334 2219 2348 2238 .
2387 2179 2535 2248 longe
2565 2179 2738 2248 minus
2762 2175 2882 2231 aliis
2903 2176 3249 2248 emolumento
3277 2175 3420 2244 fore.
3456 2177 3552 2248 Sed
3584 2193 3670 2231 non

2129 2250 2275 2303 videt
2304 2243 2629 2318 Calvinistai
2651 2246 2982 2318 Nyssenum,
3015 2248 3059 2300 si
3090 2255 3173 2301 est
3200 2243 3502 2318 Ny’ssenns,
3526 2247 3672 2301 facere

2126 2319 2271 2388 quod
2299 2319 2487 2386 peritis
2516 2317 2742 2372 medicis
2765 2318 2819 2371 in
2848 2332 3000 2388 more
3022 2317 3278 2386 positum,
3304 2317 3422 2387 qui,
3455 2328 3507 2369 ut
3526 2332 3673 2386 aegros

2125 2387 2186 2443 eo
2231 2388 2504 2444 efﬁcacius
2548 2402 2587 2457 an
2614 2387 2877 2457 pertinaci
2913 2388 3166 2456 quopiam
3209 2389 3490 2455 proposito
3520 2390 3668 2457 dimo-

2110 2459 2288 2513 ‘veant
2313 2501 2329 2522 ,
2367 2457 2421 2510 id
2450 2456 2594 2527 quod
2618 2456 2818 2526 petunt
2845 2495 2859 2519 ,
2903 2472 2971 2511 ne
3016 2457 3122 2510 sibi
3158 2457 3383 2524 quidem
3409 2456 3667 2527 quidquam

2125 2530 2398 2597 profuisse
2450 2526 2764 2587 afﬁrmant,
2832 2528 2982 2579 nullo
3046 2528 3337 2580 mendacio
3370 2566 3384 2591 ,
3441 2526 3666 2580 sedi-eri

2125 2597 2566 2653 dissimulatione
2620 2598 2675 2651 in
2733 2596 2934 2650 bonum
2986 2599 3305 2664 aegrotantis
3341 2635 3356 2659 ,
3423 2608 3473 2650 et
3534 2600 3668 2650 noxia

2126 2683 2370 2739 quaequa:
2398 2666 2785 2739 desiderantis.
2815 2665 2973 2739 idem
2998 2668 3287 2721 consilium
3325 2668 3378 2720 in
3409 2667 3504 2720 hac
3529 2667 3666 2739 dissi-

2127 2736 2427 2792 mulatione
2464 2736 2709 2806 ‘Nysseno
2751 2737 2889 2806 fuit,
2932 2736 2977 2791 si
3020 2745 3231 2800 tamen,
3278 2746 3339 2790 ut
3379 2752 3514 2806 saepe
3540 2737 3669 2796 dixi,

2124 2806 2404 2876 Nyssenus
2445 2804 2567 2861 fuit.
2614 2805 2746 2871 Quis
2777 2804 2920 2861 enim
2962 2807 3167 2859 abnuat
3212 2807 3395 2859 virum
3431 2804 3531 2859 tam
3561 2822 3669 2859 san-

2127 2887 2275 2932 ctum
2316 2886 2371 2930 et
2398 2876 2607 2931 cmlesti
2639 2877 2842 2931 lumine
2881 2884 2987 2928 tam
3022 2877 3243 2944 copiose
3281 2877 3666 2943 collustralum,

2127 2949 2445 3001 mirabiliter
2481 2954 2702 3016 aspectu
2735 2946 3209 3001 sanctissimorum
3246 2946 3490 2999 locorum
3522 2946 3669 3000 fuisse

2126 3018 2294 3071 divini
2321 3016 2525 3070 amoris
2551 3016 2762 3072 facibus
2789 3030 3137 3080 succensum,
3161 3026 3216 3071 et
3253 3016 3536 3071 luculentis
3563 3016 3666 3069 ﬁdei

2129 3088 2477 3141 incrementis
2496 3085 2922 3155 locupletatum?
3710 3128 3717 3135 .

2197 3156 2464 3209 Przedicat
2500 3163 2688 3225 auctor
2721 3157 2966 3225 epistola:
3000 3156 3406 3210 multitudinem
3442 3155 3665 3208 altarium

2127 3227 2182 3280 in
2240 3226 2606 3294 Cappadocia.
2656 3224 2935 3294 Obstrepit
2993 3224 3293 3281 Calvtnista
3349 3226 3526 3279 altaris
3561 3236 3666 3277 tunc

2125 3312 2279 3349 usum
2300 3297 2462 3363 fuisse
2486 3294 2594 3347 Deo
2610 3294 2792 3349 laudes
2816 3295 3023 3364 offerre,
3045 3305 3095 3349 et
3120 3298 3418 3364 gratiarum
3441 3297 3662 3359 actiones,

2127 3383 2227 3419 non
2260 3382 2376 3418 vero
2427 3365 2748 3431 sacri/icium
2797 3365 3069 3418 ῐλαστικὸν
3118 3366 3388 3419 ἐπιτελεῖν
3410 3408 3425 3430 ,
3457 3372 3540 3418 aut
3574 3365 3662 3417 [lea

2126 3436 2313 3504 offerre
2332 3435 2524 3504 λύτρον
2548 3450 2643 3503 pro
2665 3434 3013 3504 redemptione
3043 3437 3367 3503 animarum,
3399 3445 3450 3489 ut
3473 3435 3605 3488 hodie
3620 3437 3664 3487 in

2128 3509 2290 3559 missa
2310 3507 2538 3558 canitur.
2553 3507 2619 3558 At
2644 3519 2909 3575 repugnat
2927 3505 3010 3559 his
3027 3520 3127 3559 vox
3156 3506 3277 3574 ipsa
3294 3506 3661 3575 Obmaﬂﬁptov,

2126 3591 2233 3644 qua
2259 3584 2431 3629 utitur
2446 3588 2667 3640 auctor;
2698 3576 2853 3644 quasi
2874 3576 3024 3628 dicas
3043 3617 3061 3642 ,
3080 3576 3533 3644 sacrificatorium.
3549 3576 3662 3625 Nam

2128 3645 2510 3715 Θυσιαστήριον
2536 3660 2643 3698 non
2678 3653 2783 3711 est,
2816 3645 2917 3698 nisi
2942 3645 3034 3698 ubi
3071 3644 3228 3698 Θυσία
3262 3662 3361 3701 seu
3376 3644 3660 3713 sacriﬁcium

2126 3724 2256 3780 est;
2298 3722 2427 3769 sunt
2462 3715 2606 3769 enim
2650 3716 2911 3779 rclativa,
2962 3724 3019 3769 et
3062 3729 3121 3770 se
3167 3727 3363 3771 mutuo
3400 3717 3576 3769 tollunt
3608 3728 3660 3766 ac

2126 3797 2355 3854 ponunL

2200 3854 2475 3909 Declamat
2524 3852 2877 3908 Calvinianus
2920 3855 3169 3909 minister
3212 3854 3267 3908 in
3318 3856 3516 3911 scelera
3562 3864 3662 3920 qua:

2126 3924 2255 3978 olim
2295 3924 2683 3994 Hierosolymis
2704 3924 3118 3993 grassabantur.
3146 3924 3251 3979 Sed
3288 3928 3336 3978 si
3368 3927 3475 3980 sola
3508 3921 3660 3976 Hiero-

2128 3995 2454 4064 solymitana
2503 3998 2635 4049 urbs
2668 3995 2884 4048 tulisset
2932 4004 3143 4056 scorta,
3189 3995 3415 4060 mimos,
3446 4007 3659 4064 scurras,

2129 4061 2315 4118 forsan
2347 4078 2455 4133 non
2493 4064 2693 4133 injuria
2717 4066 3002 4126 vitaretnr,
3037 4074 3091 4119 et
3118 4074 3177 4117 ut
3209 4066 3431 4120 vitanda
3452 4061 3659 4117 diffama-

2129 4132 2472 4188 retur.Nunc
2492 4137 2711 4203 quando
2739 4135 2783 4203 is
2808 4141 2893 4186 est
2910 4134 3292 4203 cujuscunque
3321 4152 3386 4190 ex
3426 4134 3658 4185 variarum

2129 4205 2374 4274 gentium
2434 4202 3158 4274 concursufrequentioris
3211 4205 3312 4258 loci
3369 4204 3574 4274 genius,
3612 4204 3657 4249 ιιι

2129 4273 2259 4343 vitia
2302 4273 2463 4326 simul
2509 4288 2631 4343 cum
2680 4272 2905 4325 advenis
2952 4274 3293 4343 immigrent,
3334 4272 3438 4329 non
3477 4281 3549 4326 est
3581 4281 3659 4320 cur

2130 4340 2507 4413 Hierosolyma
2540 4342 2655 4396 sola
2680 4342 2733 4395 in
2768 4343 2927 4411 culpa
2963 4340 3198 4408 haereat,
3236 4343 3526 4412 praesertim
3558 4350 3655 4391 cuin

2130 4412 2462 4484 sanctissimi
2498 4427 2713 4480 semper
2739 4413 2840 4466 viri
2882 4413 3013 4484 inibi
3040 4414 3204 4466 vitam
3238 4415 3484 4484 egerint,
3517 4419 3654 4484 neque

2133 4483 2241 4535 ulla
2281 4483 2361 4552 vel
2402 4479 2802 4552 convenarum,
2839 4483 2923 4537 vel
2959 4479 3343 4552 indigenarum
3380 4479 3655 4550 improbitas

2130 4551 2549 4622 sanctimoniam
2586 4552 2689 4604 loci
2715 4552 3035 4607 oblitterare
3056 4551 3317 4622 quiverit.
3348 4553 3525 4606 Mirum
3549 4551 3653 4622 istos

2131 4620 2527 4693 vitiacreparc
2549 4660 2563 4682 ,
2611 4629 2667 4674 ut
2708 4622 3051 4687 absterreant
3074 4620 3128 4675 _a
3164 4624 3344 4679 sacris
3379 4620 3649 4693 peregrina-

2130 4691 2413 4753 tionibus;
2463 4701 2518 4745 et
2566 4706 2673 4744 non
2705 4693 2895 4745 eadem
2935 4693 3220 4756 intonare,
3262 4702 3323 4746 ut
3364 4691 3649 4746 abducant:

2131 4760 2662 4833 peregrinationibus
2724 4760 2990 4833 profanis.
3048 4762 3239 4819 Nullus
3304 4761 3652 4833 negotiatorum

2130 4828 2397 4885 retardari
2451 4846 2511 4885 se
2562 4831 2693 4901 si_nit
2743 4830 2810 4884 ab
2852 4831 3223 4901 impurissima
3272 4828 3649 4901 illa'bominunt

2130 4901 2396 4963 colluvie,
2436 4916 2557 4970 qme
2590 4898 2827 4969 Tripoli,
2863 4893 3240 4964 Alcxandriae,
3273 4902 3446 4965 Cairi,
3481 4908 3528 4970 et
3550 4893 3653 4948 alibi

2129 4969 2296 5040 degit,
2326 4986 2435 5039 quo
2456 4969 2664 5031 minus,
2698 4972 2973 5042 spelucri,
3005 4974 3069 5025 ad
3090 4987 3152 5027 ea
3186 4975 3301 5027 loca
3329 4969 3652 5042 peregrinetur

2130 5056 2227 5109 per
2269 5050 2347 5093 tot
2393 5048 2557 5094 terra:
2597 5041 2875 5111 marisque
2916 5042 3279 5098 discrimina:
3329 5041 3381 5097 et
3430 5044 3506 5094 isti
3550 5042 3652 5084 VIIII

2130 5110 2632 5183 peregrinatoribus
2668 5110 2844 5183 sacris
2878 5112 3262 5181 objectabunt;
3312 5111 3528 5183 quibus,
3557 5114 3651 5183 tfmf

2129 5174 2291 5249 quam
2348 5180 2853 5255 terriculamentis,
2913 5174 3012 5238 eos
3073 5198 3103 5235 a
3168 5174 3653 5255 peregrinationian

2128 5261 2442 5305 removeant
2473 5267 2536 5305 ac
2568 5251 2881 5318 cohibeaut,
2911 5266 3036 5306 cum
3067 5250 3239 5307 multo
3264 5250 3559 5308 ciedibilius
3578 5250 3647 5300 sil.

2128 5335 2251 5394 eum
2285 5321 2757 5394 inter‘sceleratos
2791 5330 2984 5394 sancte
3013 5332 3068 5394 et
3096 5324 3366 5393 inculpate
3397 5321 3650 5394 victurum.

2128 5390 2220 5460 qui
2242 5391 2736 5461 peregrinationem
2789 5391 2878 5445 Dei
2904 5399 2956 5447 et
2983 5392 3204 5448 virtutis
3230 5388 3410 5447 amore
3437 5388 3648 5461 suscipit3

2128 5449 2292 5534 quam
2348 5449 2475 5515 e'iIm
2518 5463 2610 5534 qui
2651 5463 3032 5534 peregrinatur
3062 5473 3280 5534 propter
3310 5449 3645 5532 quastmnfbll

2128 5532 2174 5587 Si
2222 5540 2447 5599 Propter
2492 5532 2824 5602 nefariorum
2871 5532 3175 5586 hominind
3203 5533 3405 5600 piacula
3453 5535 3647 5602 put-rgnj

2136 5594 2384 5657 nationes
2426 5600 2853 5659 intermittenda:
2901 5612 3116 5670 essent,
3150 5594 3327 5660 omnis
3374 5594 3474 5656 lere
3506 5594 3647 5651 enim
