3950 6156
256 216 402 273 9937
1581 208 1859 275 ΥΑΒῘΟΒΙ

1993 218 2228 275 NOTAE.

256 331 508 403 societas
533 330 899 403 perriret,‘cum
926 344 953 383 a
980 336 1129 382 tanta
1155 328 1500 403 multitudine
1522 336 1574 383 et
1594 329 1853 403 varietate

257 398 585 454 mortalium
605 399 803 470 ﬂagitia
819 412 1163 470 nequaquam
1183 399 1375 470 abesse
1395 400 1630 452 soleant.
1651 398 1853 467 Scripsi

258 469 413 525 vobis
467 487 563 539 per
610 467 925 538 epistolam,
960 469 1137 536 inquit
1176 467 1232 520 S.
1266 468 1501 533 Paulus,
1538 485 1603 521 ne
1636 470 1853 539 commi-

257 538 529 594 sceamini
573 539 914 610 fornicariis,
966 556 1067 591 non
1122 540 1300 610 utique
1349 539 1653 610 fornicariis
1697 538 1853 606 hujus

260 612 475 672 mundi,
511 621 600 662 aut
625 611 819 666 avaris.
857 622 945 661 aut
979 609 1292 674 rapacibus,
1320 617 1410 660 aut
1441 609 1600 661 idolis
1629 609 1854 661 servien-

260 678 408 732 tibus
432 723 446 743 ,
478 679 680 748 alioqui
703 679 1000 732 debueratis
1032 679 1094 731 de
1120 679 1213 729 hoc
1249 678 1452 748 mundo,
1478 680 1669 731 exisse.
1711 679 1851 748 Idem

258 759 317 802 ct
339 751 431 803 hic
453 747 639 803 dicere
663 751 806 803 licet.
840 748 895 802 Si
921 750 1044 818 quis
1066 750 1118 801 in
1146 748 1412 800 neminem
1431 747 1649 816 ﬂagitiis
1673 747 1856 817 inqui-

260 826 463 872 natum
497 820 738 874 incidere
768 820 914 880 velit.
948 832 1171 871 necesse
1194 819 1296 870 erit
1324 824 1385 870 ut
1411 825 1503 871 aut
1537 818 1755 886 penitus
1784 833 1851 870 ex

262 895 372 943 hoc
405 890 620 943 mundo
643 898 825 951 exeat,
848 898 902 941 et
924 889 977 942 in
1004 889 1199 943 cmlnm
1224 887 1439 957 migret,
1460 897 1551 940 aut
1569 902 1690 940 cum
1715 886 1855 957 Pau-

260 959 356 1018 lis.
385 960 670 1022 Antoniis,
699 967 753 1014 ct
776 957 827 1011 id
861 974 1034 1025 genus
1059 958 1203 1019 aliis,
1227 956 1280 1008 in
1308 956 1553 1010 erentnm
1581 972 1639 1011 se
1670 956 1850 1010 abdat.

338 1027 512 1083 Dices
549 1049 563 1084 :
607 1030 663 1082 Si
709 1036 930 1098 propter
975 1028 1105 1080 vitia
1152 1029 1396 1098 lucorum
1434 1026 1516 1081 vel
1549 1027 1853 1082 incolarum

261 1112 379 1151 non
428 1109 563 1154 sunt
603 1096 914 1153 omittendae
955 1096 1459 1167 peregrinationes,
1518 1111 1620 1150 cur
1650 1104 1857 1167 auctor

261 1168 526 1239 epistolze
562 1170 663 1221 hoc
693 1165 1016 1239 argumento
1057 1165 1189 1221 usus
1221 1175 1305 1220 est
1340 1165 1856 1239 absterrendismo-

263 1234 502 1293 nasticaa
536 1239 658 1291 vita:
688 1234 1091 1306 professoribus
1140 1251 1169 1289 a
1206 1237 1640 1306 peregrinatione
1667 1234 1858 1288 Hiero-

266 1308 656 1378 sulymitana?
694 1305 1019 1378 Respondeo
1078 1306 1131 1359 id
1189 1305 1478 1378 propterea
1537 1305 1742 1359 factum
1800 1314 1858 1378 ut

263 1374 402 1441 cos',
445 1379 541 1446 qui
579 1377 691 1445 jam
736 1374 940 1441 mundo
980 1374 1203 1445 penitus
1242 1374 1617 1429 valediserant
1642 1416 1656 1440 ,
1697 1383 1757 1446 et
1789 1375 1857 1429 ab

263 1448 423 1500 omni
458 1442 741 1502 hominum
761 1442 1041 1502 consortio
1068 1462 1127 1501 se
1173 1456 1515 1500 secreveram
1539 1486 1552 1505 .
1582 1459 1647 1499 eo
1680 1442 1858 1499 ellica-

262 1516 392 1587 cius
421 1534 451 1570 a
480 1531 581 1572 suo
610 1520 892 1587 proposito
923 1524 1225 1587 averteret,
1264 1531 1439 1583 neque
1469 1517 1853 1587 eniinmquum

264 1586 565 1641 videbatur
605 1585 663 1639 ut
696 1585 786 1656 qui
833 1587 1035 1640 mundo
1070 1586 1183 1654 jam
1210 1594 1459 1638 nuntium
1492 1585 1849 1656 remiserant,

262 1664 320 1710 et
357 1659 531 1710 vitam
561 1654 862 1710 solitariam
893 1658 1186 1724 elegerant,
1226 1671 1417 1709 rursus
1442 1670 1500 1708 se
1526 1657 1581 1707 in
1610 1654 1855 1723 publicas

3392 218 3411 271 Ι
3421 215 3527 273 2'58

1957 331 2196 400 pastoris
2244 329 2579 400 Nyssenum‘
2615 344 2831 400 gregem
2870 328 3134 398 Gregorio
3197 330 3529 396 pascendum

1957 345 2196 400 pastoris
2244 345 2282 382 ιε
2328 345 2551 383 ssenum
2615 345 2831 399 gregem
2870 345 2956 383 ϋΓι

1955 402 2247 454 commisit.
2286 345 2411 455 ἤπια
2437 400 2504 452 de
2536 397 2691 455 Notis
2720 397 2956 453 Molinei.

2058 488 2588 545 CORRECTIONES
2654 487 2988 545 NO’I‘AREM
3037 489 3118 543 CA
3132 487 3426 543 SAUBONI

1958 579 2023 634 In
2055 579 2615 651 EpistolamGregoArii
2656 579 2724 632 ad
2781 579 3118 651 Eustathiam
3173 580 3527 642 Ambrosiam,

2522 649 2841 704 Basilissam
2870 649 2966 719 (l).

2028 736 2185 791 Edita
2219 744 2302 806 est
2333 736 2450 806 haec
2492 737 2726 806 epistola
2786 738 3025 805 primum
3090 735 3319 792 Parisiis
3385 752 3530 792 anno

1957 805 2356 876 (IhristiiiBOti.
2402 805 2538 861 Dein
2565 820 2709 860 anno
2751 808 2997 876 sequenti
3057 822 3249 861 recusa
3281 807 3335 860 in
3397 807 3531 862 Ger-

1959 877 2140 930 mania
2171 875 2427 939 Hanovae,
2460 876 2669 932 editore
2692 884 2742 931 et
2772 875 3066 946 interprete
3092 878 3276 932 lsaaco
3324 876 3534 931 Casau-

1958 948 2123 1010 bono,
2151 949 2270 1000 viro
2297 947 2495 1012 docto,
2521 946 2614 1003 sed
2656 946 2802 1015 quod
2833 947 3149 1009 dolendum,
3215 948 3268 1000 in
3335 947 3532 1001 castris

1958 1016 2300 1072 Calvinianis
2323 1017 2601 1071 militanti.
2633 1016 2848 1085 Adiecit
2876 1017 2966 1072 ille
2991 1017 3155 1082 idem,
3192 1024 3251 1070 ut
3279 1017 3532 1086 copiosas

1962 1087 2038 1140 ita
2071 1095 2125 1141 et
2156 1086 2402 1157 eruditas
2433 1094 2592 1143 notas
2618 1104 2633 1152 ;
2663 1101 2895 1157 quarum
2927 1095 3109 1141 tamen
3131 1088 3407 1142 nonnullae
3431 1101 3532 1140 no-

1957 1158 2262 1212 tationibus
2305 1156 2548 1226 indigere
2589 1156 2735 1224 visas,
2773 1172 2840 1211 ne
2894 1164 3148 1221 noceant,
3192 1168 3245 1212 et
3279 1159 3331 1210 in
3375 1171 3532 1212 erro-

1964 1242 2076 1282 rem
2110 1228 2395 1281 inducant.
2430 1226 2680 1283 Attexam
2719 1227 2884 1297 igitur
2910 1235 3070 1281 notas
3102 1228 3166 1281 ad
3192 1235 3376 1287 notas.
3402 1242 3533 1297 prata

1960 1297 2151 1351 sertim
2188 1298 2256 1351 ad
2288 1298 2433 1355 illas.
2461 1312 2603 1368 qua;
2646 1298 2958 1368 institutum
3013 1297 3395 1368 peregrinandi
3449 1296 3532 1351 vel

1960 1373 2203 1437 tangere,
2237 1369 2322 1421 vel
2351 1366 2607 1423 vellicare
2645 1367 2995 1437 videbuntur.
3024 1366 3027 1367 ⁷
3054 1366 3174 1422 Non
3227 1367 3532 1437 disquiram

1961 1439 2278 1560 utrq‘mlquec
2305 1437 2538 1508 epistola
2566 1439 2639 1493 sit
2667 1436 2896 1509 Nysseni
2922 1456 2934 1492 :
2965 1437 3035 1492 sit
3060 1439 3201 1508 ejus.
3234 1436 3529 1492 Exordium

1962 1522 2041 1560 src
2105 1522 2131 1559 a
2156 1523 2204 1560 te
2248 1526 2261 1560 :

1962 1517 2041 1563 sic
2064 1517 2261 1562 habet:

2026 1577 2345 1650 Congressus
2370 1579 2644 1650 bonorum,
2677 1580 2903 1650 mihique
2922 1594 2987 1632 ex
3004 1579 3179 1650 animo
3199 1578 3532 1650 dilectorum,

1959 1657 2007 1701 et
2042 1647 2187 1711 illius
2206 1650 2427 1718 ingentis
2474 1647 2828 1702 humanitatis
2871 1650 3018 1702 nobis
3048 1665 3078 1718 a
3123 1648 3346 1701 Domino
3400 1663 3537 1715 pra:-

267 1729 472 1780 turhas
518 1726 753 1791 darent,
802 1726 1106 1795 prmsertim
1165 1725 1265 1777 hac
1320 1724 1578 1793 Opinione
1614 1764 1629 1786 ,
1694 1724 1850 1795 quasi

269 1795 637 1865 perfectionis
666 1794 994 1849 ChriStianat
1023 1802 1273 1865 exsortes
1308 1794 1854 1865 nianere_compelle-

269 1862 497 1931 i'entnr,
542 1866 646 1921 nisi
689 1864 1117 1935 Hierosolymam
1168 1864 1458 1935 vidissent.
1506 1862 1657 1935 [lane
1706 1864 1851 1916 enim

267 1938 628 2005 potissimum
665 1931 1076 2006 persuasionem
1110 1934 1396 2006 monachis
1422 1934 1543 1987 istis
1575 1931 1855 2006 Nyssenus

268 2003 525 2060 eximere
574 2003 783 2059 voluit:
838 2021 990 2060 nam.
1033 2013 1091 2055 nt
1127 2019 1292 2073 snpra
1348 2005 1619 2064 dicebam,
1680 2018 1765 2073 ne
1801 2003 1854 2054 in

272 2075 568 2129 monachis
589 2077 806 2145 quidem
835 2073 1156 2145 simpliciter
1190 2071 1682 2145 peregrinationem
1726 2071 1849 2145 Ilie-

273 2142 729 2216 rosolymitanam
750 2143 1056 2216 damnavit;
1091 2143 1235 2210 quod
1251 2150 1402 2216 patet
1426 2142 1587 2195 etiam
1606 2142 1858 2216 exemplo

269 2213 516 2285 Olympii
554 2214 849 2285 monachi,
868 2213 933 2265 ad
972 2229 1130 2285 (luem
1156 2214 1375 2285 scripsit
1399 2213 1855 2285 commentarium

276 2280 359 2338 De
384 2280 700 2353 perfectione
727 2280 1019 2339 Christiani
1045 2280 1318 2346 hominis,
1371 2291 1441 2353 et_
1450 2281 1745 2353 epistolam
1784 2281 1860 2334 De

274 2349 469 2417 vita'S.
491 2352 750 2407 Macrinw
780 2354 976 2406 sororis
1002 2368 1132 2414 sum,
1163 2352 1255 2421 qui
1278 2365 1402 2404 cum
1426 2349 1858 2422 llierOSnIymam

277 2427 550 2486 tendens,
596 2425 648 2477 in
696 2422 997 2494 Nyssenurn
1026 2420 1328 2494 Antitichite
1363 2420 1692 2494 incidisset,
1715 2420 1858 2474 haud

274 2509 410 2548 eum
453 2509 482 2546 a
521 2490 777 2563 suscepto
821 2493 1017 2545 itinere
1066 2493 1385 2563 dehortatus
1428 2499 1513 2563 est
1541 2490 1858 2563 Nyssenus,

276 2564 379 2617 sed
421 2571 607 2632 postea
646 2561 791 2631 pium
830 2563 932 2615 hoc
967 2569 1021 2614 et
1063 2562 1331 2632 laudabile
1365 2561 1673 2632 institutum
1699 2561 1860 2632 etiam

280 2629 522 2702 publicis
553 2629 856 2702 litterarum
884 2632 1248 2702 monumentis
1279 2629 1644 2700 deprtcdicare
1670 2630 1858 2702 voluit.

282 2699 523 2757 Omnino
562 2701 957 2757 consuetudinis
1002 2700 1150 2755 illius
1188 2699 1381 2754 oblitus
1414 2716 1524 2753 esse
1552 2716 1656 2753 non
1690 2699 1861 2762 debes,

280 2774 463 2844 inquit
479 2771 780 2844 Nysscnus,
806 2773 1090 2844 alloquens
1107 2771 1437 2842 Olympium,
1461 2786 1575 2823 cum
1595 2770 1664 2844 ad
1683 2770 1863 2844 urbem

281 2839 544 2896 Antiochi
585 2842 848 2913 congressi
875 2857 1057 2894 sumus
1089 2883 1102 2906 ,
1125 2839 1226 2913 quo
1251 2850 1475 2913 tempore
1502 2839 1709 2913 petebas
1740 2840 1866 2913 Ilie-

288 2915 649 2983 rosolgmam,
686 2910 743 2965 ut
782 2920 1119 2983 monumenta
1159 2910 1359 2964 Christi
1392 2912 1862 2980 peregrinationis,

282 2982 414 3036 dum
450 2982 512 3036 in
548 2999 704 3036 carne
734 2993 898 3045 esset,
930 2982 1201 3047 inuiseres,
1232 2988 1338 3033 etc.

363 3052 549 3106 Mirari
605 3068 766 3122 porro
812 3052 980 3111 subzt,
1038 3052 1167 3119 quid
1219 3048 1453 3122 Molineo
1510 3049 1592 3122 in
1623 3061 1864 3104 mentem

284 3126 524 3185 venerit,
570 3120 628 3176 ut
661 3123 805 3175 illam
841 3122 1129 3188 synodum,
1166 3120 1325 3190 cujus
1377 3120 1634 3188 meminit,
1676 3129 1868 3190 auctor

284 3195 555 3263 cpistola},
588 3201 639 3246 et
665 3192 821 3260 cujus
856 3191 1023 3263 tnissu
1056 3192 1108 3242 in
1156 3188 1413 3263 Arabiam
1466 3190 1621 3255 abiit,
1683 3188 1865 3263 potius

284 3260 420 3317 cum
481 3263 720 3316 Baronio
755 3261 952 3314 Annali
1003 3268 1200 3328 quarto
1233 3261 1361 3315 velit
1413 3275 1535 3313 esse
1590 3260 1863 3329 synodum

284 3335 710 3392 Antiochenam,
742 3331 809 3385 de
835 3346 938 3399 qua
961 3327 1321 3401 Nyssenusin
1349 3329 1580 3400 epistola
1598 3327 1665 3382 ad
1688 3327 1866 3400 Olym-

288 3419 427 3473 pnm
460 3402 526 3457 de
575 3404 727 3473 obitu
773 3402 1027 3473 Macrina:
1082 3400 1311 3465 sororis,
1363 3415 1525 3473 quam
1581 3414 1705 3473 cum
1764 3413 1866 3453 suo

288 3468 625 3526 Casaubnno
655 3472 725 3542 de
768 3470 979 3542 synodo
1013 3474 1350 3542 mcumeniea
1402 3468 1868 3542 Constantinopo-

291 3544 510 3596 litanat
550 3543 654 3595 sub
686 3540 996 3595 Theodosio
1044 3540 1254 3610 Magno,
1311 3554 1474 3609 quam
1535 3541 1862 3610 sententiam

292 3613 484 3667 multis
547 3614 638 3666 ille
702 3614 1009 3676 conﬁrmat,
1083 3608 1400 3679 pra-latione
1460 3611 1514 3662 in
1556 3609 1751 3679 Notas
1796 3608 1864 3660 ad

295 3684 587 3751 epistolam
611 3680 848 3752 iNysseni
878 3683 1053 3735 tribus
1088 3681 1304 3752 ieiuniis
1356 3678 1676 3752 Eustatliiatl
1732 3678 1865 3752 Am-_

292 3748 494 3807 brosiac
520 3762 570 3805 et
608 3748 884 3805 Basilissaa
931 3751 1274 3817 insrriptam,
1330 3750 1610 3802 confutata
1643 3748 1865 3801 Baronii

292 3823 597 3891 Opinione,
653 3835 912 3891 supresso
969 3830 1146 3891 tamen
1187 3818 1415 3891 _B:rronii
1486 3819 1724 3891 nomine.
1781 3820 1863 3891 An

295 3888 514 3946 censuit
553 3890 819 3943 Molineus
852 3889 1027 3942 lumen
1061 3888 1196 3941 illud
1225 3889 1522 3941 litterarum
1562 3888 1664 3946 {sic
1719 3888 1863 3942 enim

296 3962 558 4030 appellat)
589 3961 675 4013 hic
711 3961 999 4028 caligasse,
1028 3962 1315 4030 minusque
1340 3960 1562 4018 vidisse,
1594 3972 1759 4030 quam
1795 3959 1860 4030 il-

300 4028 690 4085 lustrissimum
722 4028 1130 4083 Baroniumhrt
1163 4038 1217 4081 et
1255 4031 1419 4089 ineo,
1460 4029 1604 4096 quod
1654 4028 1864 4080 εὐσεϐἑο

302 4117 501 4153 στατον
530 4099 771 4170 βασιλέα,
826 4115 986 4170 quem
1038 4100 1112 4151 ita
1162 4098 1463 4170 Nyssenus,
1524 4103 1865 4170 ve|_auctor

295 4166 541 4239 epistolze
573 4166 1226 4239 ιιιιιιιῐιιςιῑξϐειδειιιυοιιιιέ
1289 4170 1416 4222 velit
1447 4182 1571 4239 esse
1623 4166 1867 4222 Theodo-

298 4237 441 4310 sium
473 4240 745 4310 Magnum,
806 4237 1480 4310 Molinens,_Gratianum?

375 4308 723 4365 Notas'suas
772 4309 1049 4362 concludit
1097 4308 1363 4362 Maliacus
1419 4310 1522 4362 hoc
1571 4309 1863 4364 admodum

299 4379 551 4436 illiberali
577 4380 891 4449 mendacio;
918 4377 1170 4442 Observa,
1211 4379 1393 4443 lector,
1446 4376 1757 4449 Gregorium
1809 4379 1865 4431 iu

297 4460 443 4504 recta
473 4450 537 4503 de
570 4447 780 4504 Christo
808 4448 912 4519 fide
952 4458 1115 4502 totam
1156 4449 1459 4518 religionem
1501 4447 1713 4516 ponere,
1753 4458 1861 4504 etc.

300 4522 370 4574 At
397 4520 548 4573 hodie
570 4520 798 4588 primum
844 4521 1057 4587 pietatis
1105 4528 1595 4589 argumentumiest
1656 4520 1866 4589 subesse

301 4589 537 4644 Romano
574 4591 915 4660 ponti/ici.ct
946 4588 1235 4643 membrum
1296 4605 1407 4642 esse
1470 4588 1720 4644 Ecclesia
1762 4588 1864 4643 Ro-

301 4676 493 4724 manas,
523 4661 729 4714 etiamsi
786 4659 910 4729 fidei
960 4662 1231 4730 dogmata,
1291 4669 1338 4712 et
1373 4659 1510 4729 quod
1555 4669 1712 4730 caput
1751 4670 1862 4724 est,

301 4730 566 4799 religionis
593 4747 654 4784 ac
679 4729 1067 4798 ﬁrmamentum
1098 4731 1305 4799 penitus
1365 4731 1590 4799 ignores.
1630 4729 1862 4785 Facilem

297 4801 458 4854 valde
493 4808 546 4853 et
586 4816 843 4870 perquam
874 4800 1144 4854 faventem
1178 4800 1410 4854 Molineo
1460 4816 1582 4854 eum
1608 4802 1862 4855 lectorem

299 4885 426 4941 esse
450 4877 688 4941 oportet,
718 4870 856 4938 apud
886 4885 1044 4939 quem
1084 4871 1200 4925 haec
1228 4870 1578 4941 pseudologia
1606 4878 1660 4925 et
1694 4871 1865 4926 ltedo-

299 4940 383 4994 ria
424 4939 583 4993 [idem
613 4940 838 4994 invenit.

370 5009 568 5064 Addit:
607 5010 800 5062 Mirum
842 5025 958 5062 vero
1016 5007 1346 5079 Gregorium,
1407 5026 1526 5063 cum
1595 5021 1866 5066 crearetur

299 5081 589 5148 episcopus,
620 5095 722 5150 non
762 5080 975 5150 petiisse
1006 5082 1069 5131 ab
1098 5082 1335 5148 episcopo
1373 5080 1608 5134 Ron'tano
1627 5081 1865 5150 diploma

300 5149 699 5231 EVOPO‘Itfﬂtxév.
721 5149 1095 5231 (vulgoyocant
1132 5151 1338 5231 litteras
1370 5149 1867 5231 irtvcs-titurte),_nec

300 5235 358 5274 se
377 5217 735 5289 jurejurando
770 5217 839 5272 ad
869 5220 916 5273 ei
947 5219 1327 5289 obsequendum
1357 5217 1721 5276 obstrinxisse.
1754 5221 1866 5275 Un-

301 5287 741 5359 de’compertum
771 5287 1090 5344 Calvinistae’
1115 5287 1434 5359 Gregorium
1478 5306 1588 5346 non
1644 5292 1866 5357 petiisse

299 5367 356 5432 et
396 5362 717 5432 impetrasse
764 5360 1160 5432 evtlpoviattxév
1187 5375 1218 5432 _a
1263 5362 1521 5432 pontiﬁce
1576 5359 1867 5417 Romano?

297 5427 487 5490 Certe,
506 5430 550 5483 si
580 5427 889 5484 immediate
917 5429 971 5483 id
1010 5445 1120 5484 non
1148 5427 1409 5493 obtinuit,
1460 5432 1694 5484 mediate
1726 5432 1866 5485 obti-

298 5499 443 5562 nuit,
482 5514 579 5568 per
604 5500 1087 5570 metropolitanum
1116 5514 1299 5564 suum,
1335 5500 1430 5569 qui
1464 5502 1682 5556 nomine
1706 5502 1866 5571 primi

1959 1719 2101 1788 stitaa
2139 1717 2496 1776 monumenta.
2552 1734 2669 1788 qua:
2707 1720 2862 1772 isthic
2898 1717 3265 1779 ostenduntur,
3316 1719 3535 1788 matrimi

1960 1787 2165 1857 gaudii,
2197 1797 2245 1841 et
2271 1785 2886 1857 voluptatis'argumento
2934 1788 3059 1841 mihi
3112 1788 3344 1855 fuerunt.
3376 1785 3537 1840 Utro-

1960 1873 2058 1928 que
2093 1858 2231 1928 enim
2265 1858 2418 1913 modo
2460 1859 2646 1927 feriari
2684 1858 2786 1912 Deo
2828 1858 2954 1924 quid
2993 1866 3145 1919 esset,
3199 1859 3538 1924 experiebar:

1963 1927 2154 1999 cumet
2178 1927 2297 1991 Dei,
2320 1930 2409 1999 qui
2437 1930 2599 1999 vitam
2627 1928 2773 1983 nobis
2807 1928 2969 1993 dedit,
2991 1928 3228 1999 symbola
3269 1928 3534 1981 salutaria

1964 1997 2196 2051 videbam
2218 2014 2236 2060 ;
2260 2008 2309 2052 et
2332 1997 2393 2051 in
2422 1998 2681 2067 ejusmodi
2717 2014 2968 2066 personas
2989 1997 3298 2059 incideram,
3321 2000 3375 2050 in
3393 1999 3536 2063 queis

1965 2067 2060 2121 illa
2087 2067 2239 2139 signa
2264 2070 2451 2139 gratia:
2476 2068 2692 2122 Domini
2714 2067 3028 2137 spiritaliter
3045 2078 3123 2122 est
3153 2068 3498 2139 contemplari
3519 2081 3535 2139 ξ

1964 2147 2020 2189 ut
2055 2137 2276 2192 credere
2306 2138 2482 2200 liceat,
2534 2154 2646 2191 esse
2670 2155 2849 2193 revera
2905 2140 2959 2206 in
3005 2139 3184 2191 animo
3238 2137 3409 2197 illius,
3445 2137 3536 2206 qui

1969 2206 2132 2277 Deum
2162 2207 2216 2262 in
2246 2225 2301 2262 se
2321 2207 2495 2273 habet,
2526 2208 2846 2273 Bethlehem,
2885 2205 3217 2277 Golgotham,
3252 2205 3533 2267 Olivetum,

1967 2275 2439 2332 Resurrectionem.
2474 2277 2618 2332 Nam
2648 2279 2739 2332 ubi
2771 2280 2824 2332 in
2857 2275 3035 2348 aliqua
3062 2293 3152 2347 per
3192 2277 3534 2348 bonamcon-

1967 2348 2240 2401 scientiam
2298 2348 2540 2403 Christus
2585 2349 2743 2417 fuerit
2803 2347 3146 2418 informatus,
3197 2356 3289 2399 aut
3343 2347 3535 2416 aliquis

1968 2427 2108 2471 metu
2165 2418 2359 2478 divino.
2419 2418 2578 2473 veluti
2625 2419 2809 2483 clauis,
2845 2435 3027 2473 carnes
3063 2434 3187 2471 suas
3237 2418 3535 2486 conﬁxerit,

1969 2490 2226 2559 fueritque
2264 2505 2383 2542 cum
2423 2489 2636 2544 Christo
2669 2490 2814 2544 cruci
2859 2489 3094 2559 afﬁxus:
3142 2504 3298 2559 grave
3345 2503 3535 2540 saxum

1969 2557 2251 2613 mundana:
2279 2559 2487 2627 fraudis
2512 2560 2673 2630 fuerit
2727 2557 2997 2623 amolitus,
3023 2557 3379 2630 rcorporeoque
3427 2575 3539 2630 mo-

1970 2639 2214 2701 numento
2241 2628 2679 2701 egressus,ivelut
2706 2630 2760 2684 in
2798 2647 2932 2701 nova
2984 2629 3091 2701 rita
3132 2628 3404 2681 ambulare
3463 2629 3539 2680 in-

1970 2700 2203 2770 stituerit
2229 2716 2248 2754 :
2273 2699 2460 2754 relicta
2497 2701 2687 2770 humili
2718 2710 2873 2770 atque
2912 2699 3057 2752 humi
3099 2708 3303 2770 repente
3338 2708 3536 2770 morta-

1973 2769 2104 2822 lium
2136 2770 2261 2835 uita,
2292 2770 2512 2825 sublimi
2537 2766 2799 2824 desiderio
2840 2771 2895 2824 in
2940 2766 3193 2822 cwlestem
3246 2766 3540 2835 Rempubli-

1970 2855 2087 2893 cam
2102 2840 2417 2902 ascenderit,
2447 2838 3045 2910 supernacogitans,ubi
3071 2850 3146 2893 est
3176 2837 3439 2910 Christus,
3460 2837 3536 2889 nil

1967 2910 2194 2980 pondere
2220 2912 2457 2979 corporis
2483 2909 2759 2980 gravatus,
2779 2909 2869 2963 sed
2907 2910 3120 2979 puriore
3145 2910 3250 2980 vita
3297 2909 3469 2973 {actus
3506 2924 3537 2959 a

1969 2981 2139 3047 seipse
2166 2979 2349 3042 levior,
2387 2992 2441 3033 ut
2461 2996 2553 3049 per
2587 2979 2839 3034 sublimia
2855 2994 3064 3034 sursum
3090 2979 3378 3032 tendentem
3410 2994 3536 3049 caro

1967 3051 2155 3118 ipsius,
2180 3050 2334 3105 nubis
2360 3047 2554 3114 instar,
2588 3051 2835 3104 comitari
2861 3050 3065 3103 valeat:
3092 3048 3176 3101 hic
3204 3065 3314 3102 meo
3330 3047 3537 3117 quidem

1961 3120 2168 3189 judicio
2194 3122 2330 3174 inter
2355 3120 2479 3174 illas
2514 3120 2731 3175 celebris
2763 3119 2922 3189 fama:
2950 3134 3034 3172 res
3055 3118 3447 3189 censeridebet,
3478 3118 3533 3171 in

1966 3188 2154 3259 quibus
2197 3191 2534 3260 benignitatis
2592 3190 2807 3245 Domini
2855 3190 3024 3244 nostri
3077 3205 3201 3258 erga
3251 3188 3535 3260 humanum

1967 3256 2128 3329 genus
2167 3256 2501 3329 monumenta
2527 3261 2786 3314 visuntur.
2838 3260 2971 3315 Cum
2995 3256 3156 3329 igitur
3208 3268 3256 3313 et
3299 3256 3553 3310 sensibus-

1968 3326 2095 3384 meis
2142 3326 2496 3385 loca‘sancta
2546 3332 2811 3395 intuerer;
2862 3326 3094 3384 intuerer
3141 3346 3258 3384 vero
3307 3328 3535 3394 amplius

1966 3402 2124 3454 etiam
2145 3403 2198 3454 in
2222 3401 2366 3456 vobis
2383 3400 2642 3468 ejusmodi
2658 3401 2891 3455 locorum
2908 3414 3155 3466 expressa
3170 3401 3344 3467 signa,
3382 3408 3532 3449 tanto

1965 3471 2203 3540 equidem
2262 3471 2489 3539 repletus
2524 3487 2640 3524 sum
2704 3469 2919 3541 gaudio,
2972 3477 3029 3521 ut
3109 3470 3217 3522 llud
3283 3482 3535 3520 enarrare

1968 3541 2119 3593 nulla
2148 3544 2224 3594 eis
2249 3541 2459 3594 dicendi
2486 3549 2661 3610 queat.

2039 3610 2315 3666 Hactenus
2361 3606 2510 3680 pars'
2536 3610 2800 3680 epistolas,
2835 3608 3276 3680 Hierosolymam
3307 3606 3530 3680 missas;

1970 3680 2041 3735 ibi
2084 3682 2227 3734 enim
2261 3677 2376 3735 tres
2406 3682 2523 3735 ista:
2550 3677 2804 3734 timlieres
2832 3677 3169 3733 habitabant.
3203 3678 3280 3731 Ad
3306 3677 3397 3730 illa
3432 3678 3538 3745 pri.

1969 3766 2053 3804 ma
2082 3753 2267 3817 verba,
2284 3751 2348 3804 'H
2379 3751 2476 3820 μὲν
2503 3748 2610 3802 τῶν
2624 3749 2843 3820 ἀγαθῶν
2856 3750 2949 3820 καὶ
2971 3746 3317 3817 καταθυμίων
3343 3762 3533 3797 συντυ-

1967 3821 2060 3889 χία
2085 3861 2098 3883 ,
2126 3829 2255 3885 etc.,
2298 3819 2606 3891 congressus
2635 3819 2903 3891 hominum
2924 3819 3198 3891 bonorum,
3231 3825 3361 3891 etc.,
3386 3823 3534 3868 notat

1967 3887 2326 3946 scholiastes:
2364 3887 2636 3958 Principio
2662 3889 2817 3960 hujus
2872 3890 3107 3958 epistola:
3135 3887 3396 3941 luculente
3442 3900 3535 3938 ex-

1964 3961 2129 4031 plicat
2174 3960 2458 4031 Gregorius
2509 3977 2610 4031 quo
2654 3961 2757 4029 ﬁne
2784 3969 2985 4031 veteres
3007 3962 3121 4031 loca
3161 3965 3369 4031 sancta,
3418 3972 3535 4031 qua:

1969 4026 2354 4102 Hierosolymis
2381 4026 2553 4095 erani,
2579 4040 2626 4085 et
2654 4026 2709 4085 in
2737 4032 2922 4085 uicinis
2950 4028 3258 4102 Paltestjna:
3295 4026 3534 4102 partibus

1976 4097 2416 4158 adirentCSatis
2478 4102 2750 4155 luculente
2817 4102 3053 4170 explicat
3134 4098 3294 4170 tinem
3371 4097 3536 4165 hujus

1972 4172 2447 4241 peregrinationis,
2479 4172 2559 4227 sic
2589 4182 2795 4236 tamen,
2830 4169 2898 4224 ut
2923 4174 3061 4227 bona
3092 4169 3321 4241 lectoris
3358 4178 3537 4241 mente

1961 4236 2147 4309 egeat.
2176 4239 2309 4294 Nam
2342 4242 2385 4296 si
2412 4242 2536 4311 quis
2567 4241 2857 4304 Molinens,
2884 4248 2978 4296 aut
3010 4240 3099 4295 alii
3127 4256 3193 4296 ex
3226 4236 3537 4311 scholaqu-

1971 4308 2221 4381 vatorum
2253 4313 2305 4365 in
2337 4308 2445 4366 hoc
2464 4311 2750 4381 exordium
2800 4313 3029 4375 incidat,
3069 4327 3165 4381 per
3224 4310 3356 4364 illud
3404 4308 3537 4381 tostv

1971 4379 2041 4452 ιξὰ
2081 4382 2343 4452 *σωτήρια
2414 4380 2655 4452 σύμϐολα
2721 4382 2816 4435 τοῦ
2885 4378 3537 4452 ζωοποῐήσαντοςωὴμᾶς

1970 4449 2127 4524 Θεοῦ,
2159 4448 2293 4524 nihil
2320 4453 2464 4506 aliud
2487 4448 2791 4524 intelliget,
2814 4467 2978 4524 quam
3027 4448 3268 4524 locorum
3322 4448 3535 4524 illorum

1972 4520 2363 4593 inspectionem
2397 4539 2494 4578 seu
2524 4518 3063 4593 contemplationem,
3098 4519 3293 4593 qualis
3336 4518 3537 4572 usitata

1971 4589 2426 4663 est’antiquariis,
2460 4594 2554 4663 qui
2599 4589 2843 4663 veterum
2880 4596 3231 4663 monumenta
3282 4589 3537 4649 lustrant,

1970 4660 2258 4732 etquidem
2284 4678 2408 4716 cum
2438 4660 2719 4731 voluptate
2733 4676 2797 4714 ac
2817 4660 3182 4732 iucunditate,
3203 4674 3327 4732 enni
3359 4666 3537 4709 tamen

1971 4729 2255 4803 Nyssenus
2285 4747 2384 4802 per
2412 4732 2543 4785 illud
2568 4729 2703 4803 issu
2739 4729 2849 4785 non
2877 4731 3111 4803 accipiat
3161 4729 3539 4803 qualecunque

1971 4797 2179 4866 uidere;
2210 4797 2305 4858 sed
2335 4817 2575 4862 sacrum,
2604 4802 2942 4870 religiosum,
2976 4797 3194 4871 plenum
3225 4797 3540 4852 reverentia:

1971 4881 2027 4928 et
2063 4873 2321 4942 pietatis;
2367 4872 2625 4941 quodque
2657 4871 3020 4942 reverentiam
3059 4877 3113 4942 et
3143 4870 3395 4942 pietatem
3460 4881 3539 4927 ιο-

1973 4938 2150 5013 stetur
2187 4938 2433 4997 externis
2480 4938 2813 5002 actionibus,
2844 4938 3333 5013 gennﬂexio’nibus,
3373 4952 3537 5013 oscu-

1973 5012 2081 5083 lis,»
2120 5013 2482 5083 amplexibus,
2542 5009 3159 5083 lacrymis,'suspiriis,
3190 5009 3538 5083 _ardentibus

1970 5081 2137 5145 votis,
2168 5080 2225 5135 et
2252 5082 2307 5136 id
2340 5096 2514 5152 genus
2552 5080 2677 5135 aliis
2705 5082 2975 5152 gestibus,
3015 5095 3154 5149 quos
3183 5080 3397 5152 ﬂamma
3457 5086 3539 5139 in-

1974 5159 2128 5206 terna
2164 5148 2367 5205 divini'
2391 5153 2597 5205 amoris
2648 5148 2955 5221 exprimere
3015 5148 3172 5204 Solet.
3236 5148 3327 5202 Sic
3389 5157 3535 5208 enim

1972 5229 2187 5276 veteres
2230 5222 2508 5284 videbant,
2539 5221 2784 5281 adibant,
2837 5221 3083 5284 obibant,
3123 5228 3178 5274 et
3231 5223 3531 5284 lustrabant

1974 5291 2094 5345 loca
2136 5303 2350 5355 sancta,
2390 5300 2448 5345 ut
2482 5302 2670 5345 contra
2729 5291 3020 5345 Molinemn
3047 5291 3161 5359 jam
3195 5290 3425 5355 dietnm,
3485 5303 3539 5348 et

1975 5361 2154 5417 fusius
2183 5362 2238 5415 in
2270 5377 2434 5431 opere
2470 5360 2545 5416 De
2586 5359 3153 5431 peregrinationibus:
3207 5360 3539 5417 dilucidum—

1974 5447 2080 5501 qne
2117 5435 2396 5502 exemplar
2428 5432 2656 5493 ridendi,
2715 5441 2769 5486 et
2804 5432 2972 5484 moris
3018 5444 3129 5499 quo
3191 5432 3309 5487 loca
3347 5444 3541 5490 sancta

1978 5516 2008 5555 a
2040 5503 2145 5573 piis
2173 5504 2526 5569 videbantur,
2557 5508 2613 5558 et
2646 5502 2984 5566 visebantur,
3020 5505 3332 5572 suppeditat
3380 5504 3542 5560 nobis

370 5634 448 5707 (l)
474 5632 603 5701 Quae
628 5635 767 5691 inter
790 5635 1064 5707 Epistolas
1092 5634 1288 5706 legitur
1317 5635 1509 5699 ordine
1536 5638 1715 5704 tertia,
1741 5642 2041 5713 supra‘col.
2077 5643 2229 5696 l0l5.
