3992 6448
2740 452 3184 463 m—

1088 647 1211 737 ΙΝ
1281 643 2004 741 OPUSCULUM
2065 648 2603 757 SEQUENS

1512 942 2189 1060 MONITUM

522 1250 642 1324 (lo.
672 1252 878 1309 Christ.
915 1251 1105 1318 WuLt‘,
1136 1252 1409 1308 Anecdota
1435 1251 1621 1307 Graeca
1648 1262 1808 1312 sacra
1840 1261 1891 1310 et
1924 1255 2175 1325 profana,
2213 1265 2344 1311 tom.
2380 1255 2446 1322 ll,
2484 1256 2788 1330 llamburgi
2809 1258 2970 1329 1723,
3002 1261 3195 1332 in-8'.)

1821 1493 1894 1515 ιι-

277 1718 544 1791 Dialogus
571 1719 670 1789 qui
720 1718 858 1775 inter
888 1706 1210 1792 Gregorium
1251 1721 1559 1795 Nyssenum
1601 1732 1657 1781 et
1686 1724 2009 1792 Macrinam,
2047 1734 2294 1799 sererein
2342 1728 2485 1799 ejus,
2516 1723 2580 1784 de
2605 1729 2799 1785 Anima
2816 1740 2866 1786 et
2895 1730 3323 1800 Resurrectione,
3355 1731 3498 1789 facta

214 1825 274 1865 ex
303 1810 459 1866 obitu
490 1810 688 1866 Basilii
720 1811 787 1867 M.
822 1815 1136 1882 occasione,
1171 1816 1551 1872 intercessisse
1595 1817 1846 1888 ﬁngitur,
1897 1833 2117 1889 semper
2154 1820 2297 1875 lectu
2338 1821 2539 1892 dignus
2587 1822 2719 1876 mihi
2758 1824 2911 1880 visus
2934 1832 3041 1891 est,
3070 1826 3142 1882 ob
3169 1825 3500 1881 industriam

214 1917 265 1963 et
288 1907 628 1976 doctrinam,
664 1925 827 1978 quam
859 1911 922 1964 ad
951 1913 1259 1983 argumenti
1289 1913 1456 1983 hujus
1485 1917 1871 1973 tractationem
1902 1915 2066 1973 Pater
2092 1917 2331 1987 Optimus
2360 1918 2564 1972 attulit.
2602 1916 2863 1989 Perspexi
2897 1928 3103 1985 autem,
3140 1927 3309 1975 totam
3342 1934 3500 1976 eom-

217 2006 611 2060 mentationem
659 2008 908 2075 pluribus
939 2008 1073 2063 locis
1113 2010 1169 2063 in
1200 2018 1434 2078 utraque
1479 2010 1720 2068 editione
1765 2012 2086 2074 Parisiensi,
2140 2012 2413 2082 imprimis
2442 2028 2574 2068 vero
2613 2014 2669 2067 in
2701 2015 2902 2084 priore,
2936 2013 3176 2083 pessime
3220 2020 3500 2083 acceptam

217 2108 269 2154 et
298 2098 549 2151 habitam
584 2113 727 2153 esse.
762 2098 916 2164 Quod
947 2108 1007 2154 ut
1035 2109 1346 2171 appareret,
1395 2109 1605 2173 partem
1659 2104 1807 2160 illius
1849 2109 2019 2159 totam
2071 2119 2196 2160 cum
2244 2104 2499 2161 versione
2540 2104 2732 2160 Latina
2780 2105 3015 2176 pcistina
3052 2106 3312 2174 notisque
3362 2103 3504 2158 meis

216 2189 584 2246 exhibendam
650 2194 863 2257 censui,
898 2193 1095 2251 deinde
1123 2209 1254 2250 vero
1281 2197 1418 2250 satis
1448 2211 1537 2253 me
1565 2195 1763 2253 fecisse
1807 2197 2015 2269 putavi,
2071 2197 2117 2253 si
2146 2198 2440 2253 varietates
2486 2199 2788 2254 lectionum
2825 2204 3036 2253 tantum
3070 2195 3501 2252 subindicarem.

215 2282 488 2337 ceterum
541 2284 675 2354 ipsa:
713 2284 820 2340 illae
848 2287 1142 2341 varietates
1173 2287 1509 2342 exhibentur
1559 2303 1590 2343 a
1626 2304 1712 2345 me
1747 2305 1816 2345 ex
1872 2289 2091 2346 duobus
2155 2290 2397 2346 diversis
2455 2291 2762 2358 codicibus,
2805 2290 2983 2361 iisque
3033 2289 3193 2344 bonae
3238 2296 3403 2354 notae,
3450 2292 3509 2341 et

221 2386 280 2428 nr.
311 2375 640 2445 plurimum,
675 2379 869 2435 saltem
905 2379 960 2434 in
1016 2380 1104 2445 iis,
1162 2384 1282 2450 quas
1315 2381 1553 2452 alicujus
1584 2391 1712 2437 sunt
1746 2382 2030 2448 momenti,
2088 2398 2275 2440 secum
2316 2383 2552 2439 invicem
2606 2382 3072 2454 conSpirantibus.
3106 2381 3260 2435 Alter
3315 2390 3506 2435 eorum

221 2482 611 2524 ornamentum
656 2478 741 2525 est
797 2471 1031 2543 insignis
1081 2470 1451 2540 Bibliotheca‘,
1505 2489 1670 2545 quam
1729 2475 1962 2531 illustris
2016 2474 2313 2532 Zacharias
2358 2476 2650 2533 Conradus
2697 2476 2766 2531 ab
2796 2475 3120 2540 Uli'enbach,
3167 2472 3509 2543 Reipublicae

222 2560 892 2635 Qimno-Francol’urtanm
935 2573 1160 2621 senator
1211 2566 1637 2632 meritissimus,
1699 2573 1983 2637 statorque
2034 2567 2112 2622 rei
2162 2566 2443 2624 litterariae
2492 2568 2656 2623 hodie
2694 2569 3030 2638 praecipuus,
3093 2583 3202 2621 non
3251 2576 3365 2620 tam
3404 2564 3511 2619 sibi

224 2663 431 2722 servat,
460 2670 626 2724 quam
657 2656 888 2713 eruditis
914 2657 1058 2728 quod
1090 2659 1158 2713 ad
1188 2672 1347 2713 usum
1374 2671 1723 2711 communem
1754 2672 1881 2712 esse
1908 2656 2085 2726 jubet.
2119 2656 2371 2728 Scriptus
2404 2657 2450 2713 is
2473 2665 2559 2712 est
2587 2659 2791 2713 saeculo
2819 2675 2911 2713 xw
2938 2658 2993 2712 in
3016 2657 3228 2723 charta,
3251 2656 3512 2711 formam-

225 2765 332 2820 que
369 2751 539 2804 refert
570 2750 753 2820 quarti
783 2752 1015 2818 ordinis,
1066 2762 1230 2822 prout
1262 2750 1599 2807 describitur
1630 2764 1661 2802 a
1694 2748 2019 2805 doctissimo
2056 2747 2107 2804 J.
2137 2747 2376 2805 Henrico
2406 2748 2569 2812 Maio,
2602 2749 2658 2804 in
2710 2749 3050 2805 Bibliotheca
3080 2748 3515 2803 Ull'enbachiana

223 2854 371 2898 msta
428 2853 586 2914 parte
615 2860 679 2909 ιι,
720 2860 846 2915 pag.
877 2846 1004 2900 425.
1044 2844 1198 2901 Folio
1240 2846 1444 2901 codicis
1500 2844 1650 2900 illius
1694 2844 1796 2899 157
1833 2843 2027 2912 incipit
2080 2842 2197 2898 haec
2241 2843 2541 2913 disputatio
2590 2851 2645 2898 et
2697 2843 2944 2899 decurrit
2983 2856 3160 2912 usque
3197 2841 3264 2896 ad
3296 2856 3351 2912 p.
3383 2842 3512 2897 257.

227 2934 298 2990 Et
339 2936 424 2989 hic
459 2938 655 3008 (verba
690 2939 857 2994 habes
886 2939 970 2995 Cl.
1004 2939 1161 3011 Maii)
1199 2938 1401 2994 additte
1431 2939 1763 3009 marginibus
1809 2944 1934 2991 sunt
1983 2938 2265 2992 varietates
2314 2937 2621 3002 lectibaum,
2663 2934 2980 3007 calligraplti
3021 2935 3252 3004 primum
3295 2950 3518 2988 martum

226 3031 606 3101 calamumque
647 3042 1003 3103 agnoscentes.
1064 3032 1146 3088 Ad
1192 3033 1391 3088 calcem
1430 3032 1847 3102 disputationis,
1900 3048 2080 3101 nempe
2118 3032 2246 3101 folio
2293 3032 2422 3094 251,
2472 3030 2524 3093 b,
2573 3037 2858 3085 occurrunt
2899 3026 3385 3103 παρασημειώσεις
3434 3044 3520 3081 τι-

226 3123 323 3189 νές
348 3168 364 3192 ,
408 3126 619 3180 scholia
649 3127 920 3196 quzedam,
963 3126 1030 3181 ad
1056 3128 1192 3181 hunc
1219 3128 1392 3197 ipsum
1424 3136 1735 3182 tractatum.
1774 3127 1980 3181 Horum
2012 3126 2336 3181 scholiorum
2368 3124 2551 3195 aliqua
2577 3138 2607 3178 ε
2631 3124 2842 3194 regione
2876 3131 3049 3177 textus
3084 3123 3211 3192 poni
3232 3132 3519 3193 cmperunt,

229 3233 365 3273 mox
396 3234 516 3270 cum
548 3219 805 3289 marginis
834 3221 1064 3287 spatium
1110 3237 1212 3275 non
1243 3228 1448 3289 caperet
1482 3222 1684 3285 omnia,
1738 3221 1934 3291 rejecta
1967 3219 2035 3273 ad
2087 3218 2226 3272 hunc
2271 3228 2595 3288 postremum
2633 3207 2779 3288 {uere
2833 3216 3027 3270 locum.
3077 3216 3323 3286 Denique
3359 3217 3525 3286 paulo

230 3320 366 3383 post
417 3319 694 3372 monetur,
729 3312 931 3366 scholia
981 3314 1096 3383 ipso
1129 3313 1304 3368 codice
1354 3328 1467 3367 esse
1495 3315 1814 3377 recentiora,
1849 3321 1898 3368 et
1953 3328 2069 3367 sero
2117 3308 2327 3365 addita.
2360 3311 2542 3379 Atque
2587 3307 2741 3363 istud
2774 3307 2995 3378 quidem
3030 3308 3344 3378 exemplum
3393 3320 3522 3362 cum

229 3405 415 3465 edito,
454 3404 560 3459 cel.
602 3401 947 3460 Uﬂenbachii
1000 3407 1257 3476 precibus
1303 3408 1595 3475 adductus,
1640 3407 1874 3462 contulit
1916 3404 2150 3460 illustris
2181 3402 2538 3469 Steinbelius,
2594 3401 2935 3479 serenissimi
2968 3399 3320 3456 Poloniarum
3377 3400 3526 3471 regis
3584 3444 3589 3449 .

240 3497 511 3551 minister
565 3497 811 3552 residens
841 3497 895 3551 in
927 3499 1061 3553 urbe
1094 3500 1161 3552 ad
1192 3499 1430 3556 Moenum
1464 3500 1925 3564 Francol‘urtana,
1979 3513 2153 3567 eaque
2201 3511 2367 3566 opera
2421 3506 2522 3565 pro
2574 3485 2863 3564 singulari,
2922 3506 3032 3562 qua
3085 3491 3274 3562 pollet,
3329 3491 3525 3546 harum

229 3589 539 3657 omnisque
576 3589 795 3659 generis
850 3588 1156 3644 litterarum
1216 3587 1415 3649 notitia
1465 3602 1521 3649 et
1572 3592 1901 3649 dexteritate
1932 3586 2227 3659 diligenter
2276 3594 2331 3642 et
2363 3585 2596 3642 feliciter
2645 3576 2940 3641 defunctus
2985 3591 3091 3649 est,
3141 3599 3274 3638 raro
3303 3585 3528 3640 omnino

231 3691 434 3740 nostra
468 3692 627 3740 aetate
658 3689 929 3758 eXemplo,
965 3696 1020 3744 et
1061 3689 1145 3747 vel
1178 3689 1301 3745 ideo
1330 3685 1397 3745 ad
1430 3690 1811 3761 posteritatem
1857 3684 2084 3741 omnino
2117 3685 2499 3741 memorando.
2530 3680 2645 3753 Ego
2682 3695 2811 3737 vero
2855 3680 2975 3751 pari
3016 3680 3262 3734 virorum
3317 3677 3529 3733 inccm-
3620 3728 3623 3731 ς

231 3779 486 3848 parabili
539 3796 647 3833 non
683 3781 867 3836 minus
897 3796 1039 3849 meo,
1090 3798 1255 3853 quam
1296 3782 1538 3852 publico,
1589 3781 1809 3836 nomine
1835 3795 1938 3851 pro
1966 3779 2074 3835 isto
2105 3777 2317 3831 litteras
2346 3774 2681 3847 provehendi
2727 3772 2912 3828 studio
2938 3773 3147 3845 gratias
3174 3773 3437 3829 decenter
3472 3783 3528 3827 et

231 3868 491 3923 omciose
522 3868 797 3938 persolvo.
833 3868 990 3924 Alter
1015 3870 1185 3925 codex
1236 3872 1487 3940 pervenit
1512 3870 1582 3924 ad
1626 3885 1713 3924 me
1754 3868 2023 3924 beneﬁcio
2055 3859 2190 3922 Rev.
2234 3856 2516 3920 Zachariae
2547 3864 2954 3929 Hasselmanni,
2991 3863 3143 3919 verbi
3178 3863 3350 3918 divini
3383 3863 3528 3933 apud

231 3960 734 4028 Oldcnburgenses
772 3958 826 4012 in
864 3958 1080 4031 Wagria
1110 3960 1350 4015 ministri
1402 3959 1753 4016 solertissimi
1789 3958 2243 4028 dexterrimique,
2295 3957 2387 4027 qui
2424 3957 2547 4025 ejus
2598 3956 2733 4010 mihi
2769 3960 2983 4026 c0piam
3040 3955 3343 4011 liberaliter
3377 3955 3525 4011 fecit.

235 4051 333 4106 Est
368 4052 493 4114 ille,
532 4066 654 4106 meo
689 4051 918 4120 judicio,
970 4047 1218 4121 ejusdem
1249 4061 1304 4108 et
1331 4052 1509 4108 anatis
1553 4056 1608 4107 et
1637 4052 1831 4107 forma:
1865 4066 1992 4105 cum
2046 4052 2251 4121 priore,
2295 4050 2348 4104 in
2400 4050 2591 4104 charta
2620 4049 2911 4119 diligenter
2940 4056 2994 4103 et
3021 4058 3212 4103 curate
3242 4056 3528 4110 exaratos,

234 4154 411 4214 atque
453 4143 509 4197 id
543 4144 751 4198 habens
782 4145 1140 4215 prmcipnum,
1171 4147 1341 4217 quod,
1378 4160 1503 4201 cum
1549 4146 1939 4201 commentatio
1971 4145 2086 4198 haec
2116 4142 2508 4213 disputationis
2546 4141 2781 4197 formam
2825 4141 3047 4206 referat,
3097 4140 3527 4211 colloquentium

235 4251 542 4291 sermones
587 4233 882 4304 descriptis
914 4239 1082 4292 rubro
1126 4239 1312 4293 colore
1354 4230 1754 4308 disputantium
1798 4232 2041 4306 Gregorii
2078 4243 2131 4290 et
2175 4225 2431 4290 Macrinze
2473 4233 2813 4297 nominibus,
2865 4247 2896 4286 a
2939 4249 2999 4289 se
3055 4234 3293 4289 invicem
3328 4232 3528 4288 distin-

234 4337 516 4400 guantur.
551 4327 681 4391 Quae
710 4327 929 4396 quidem
969 4342 1059 4385 res
1100 4324 1334 4386 subinde
1364 4338 1651 4385 contextus
1700 4329 1902 4386 seriem
1936 4330 2154 4400 egregie
2203 4328 2471 4393 illustrat,
2512 4323 2978 4396 quemadmodum
3009 4327 3093 4383 vel
3122 4342 3189 4383 ex
3224 4326 3529 4397 specimine

233 4422 389 4493 quod
430 4420 555 4489 ipse
588 4417 734 4487 dedi,
771 4420 995 4488 patebit.

600 5893 874 5955 PATROL.
916 5893 1032 5951 Gn.
1083 5894 1301 5955 XLVI.
3237 5895 3276 5955 ι
