3992 6452
399 404 474 465 23
1626 403 1683 459 S.
1725 402 2055 461 GREGOBII
2108 403 2199 459 ΝΥ
2209 403 2398 461 SSENI
3618 422 3690 480 ει

402 536 484 585 tes
520 535 652 586 sunt
685 529 905 607 omnia,
941 541 1063 599 que
1110 526 1169 582 in
1219 527 1582 584 universitate
1632 543 1817 584 rerum
1863 530 1968 586 sub

2088 545 2200 591 nou;
2236 528 2314 598 (2)
2340 527 2779 599 διατειχίζοντες.
2825 529 2934 601 Γῆν
2978 530 3008 584 ό
3051 529 3292 597 τοιοῦτος
3336 532 3526 604 βλέπει
3571 537 3665 607 μό-

399 636 626 677 sensum
659 602 912 676 cadentia
947 620 1400 691 conspiciuntur,
1437 621 1619 678 minus
1648 621 1760 677 alto
1795 624 1983 679 animo

400 710 645 782 praeditis
676 709 840 781 quasi
875 710 1088 782 pariete
1116 726 1217 781 per
1250 726 1375 767 sese
1409 712 1626 782 objecto
1660 728 1852 767 earum
1889 730 1981 770 re-

399 815 557 865 rum,
608 816 734 869 quae
780 807 967 857 mente
1019 808 1188 873 atque
1235 801 1599 873 intelligentia
1653 812 1981 873 cernuntur,

397 906 564 947 causa
619 892 1072 963 contemplationi
1129 890 1419 948 oliicientia
1447 901 1504 948 et
1528 894 1822 949 obstantia.
1851 894 1985 952 Ter-

396 997 515 1037 ram
533 1021 549 1047 ,
572 982 668 1053 qui
690 983 819 1037 talis
837 992 924 1038 est
942 1024 957 1049 ,
984 997 1184 1053 aquam
1206 1024 1221 1049 ,
1252 999 1463 1048 aerem,
1500 984 1684 1055 ignem
1716 986 1985 1043 duntaxat

397 1075 689 1144 intuetur;
731 1077 877 1133 unde
919 1085 1103 1133 autem
1142 1077 1343 1132 borum
1388 1078 1822 1150 unumquodque
1865 1081 1980 1147 sit,

405 1175 494 1222 aut
530 1183 630 1239 per
664 1167 814 1239 quod
839 1210 855 1235 ,
895 1176 991 1223 aut
1020 1184 1051 1223 a
1084 1184 1196 1239 quo
1228 1179 1578 1237 coerceatur,
1617 1174 1982 1244 comprehenv

394 1260 560 1315 datur
599 1268 654 1317 et
699 1260 1073 1328 contineatur,
1125 1262 1444 1333 perspicere
1484 1278 1601 1333 pra:
1637 1264 1805 1319 animi
1859 1266 1980 1320 exi-

393 1352 604 1423 guitate
633 1369 743 1408 non
777 1362 980 1425 potest.
1010 1355 1088 1411 Ae
1120 1364 1332 1411 vestem
1361 1354 1581 1426 quidem
1620 1358 1823 1428 aliquis
1851 1372 1985 1413 con-

395 1445 675 1516 spicatus,
731 1447 1044 1504 rationibus
1100 1462 1168 1503 eo
1222 1449 1538 1515 adducitur,
1597 1457 1657 1504 ut
1710 1457 1980 1507 textorem

393 1547 701 1611 agnoscat;
734 1554 836 1610 per
870 1554 1066 1599 navem
1101 1540 1495 1604 labricatorem
1528 1540 1651 1613 ejus
1687 1542 1977 1614 intelligit.

394 1631 636 1701 itemque
666 1632 835 1687 simul
862 1640 1029 1703 atque
1055 1632 1353 1689 aedilicium
1381 1644 1742 1707 conspectum
1775 1633 1943 1695 fuerit
1962 1674 1978 1699 ,

391 1736 591 1781 manus
619 1723 835 1795 opiﬁcis
864 1726 1235 1796 spectantium
1273 1728 1444 1782 menti
1479 1728 1808 1785 obversatur
1838 1748 1851 1789 ;
1886 1728 1981 1784 isti

389 1829 523 1877 vero
547 1814 677 1871 dum
705 1816 971 1872 mundum
1001 1818 1310 1886 intuentur,
1347 1819 1416 1875 ad
1448 1836 1575 1876 eum
1598 1860 1614 1886 ,
1646 1822 1741 1892 qui
1776 1837 1875 1893 per
1912 1823 1977 1877 il-

391 1910 504 1968 lum
539 1907 874 1977 declaratur,
902 1913 1204 1967 czecutiunt
1249 1924 1304 1969 et
1344 1881 1976 1973 liallucinantur..'Unde
2008 1881 2051 1941 Β

268 2040 276 2046 .
388 2000 482 2069 ﬁt,
514 2010 573 2059 ut
599 2003 739 2067 scita
775 2005 884 2065 ista
915 2016 1077 2061 acum
1104 2010 1175 2063 ab
1205 2007 1294 2070 iis.
1322 2009 1419 2079 qui
1447 2009 1731 2066 interitum
1759 2017 1813 2066 et
1840 2011 1975 2066 abo-

386 2092 638 2150 litionem
666 2095 863 2162 animae
891 2099 1010 2155 suis
1036 2097 1277 2156 decretis
1307 2101 1566 2167 tradunt,
1596 2102 1973 2173 proferantur,

386 2200 588 2257 corpus
632 2187 898 2244 nimirum
947 2205 1015 2247 ex
1056 2190 1389 2259 elementis,
1432 2201 1489 2250 et
1531 2195 1803 2252 elementa
1852 2212 1978 2254 esse

386 2294 450 2333 ex
484 2291 740 2347 corpore,
776 2278 907 2334 item
938 2280 1180 2336 animam
1212 2296 1310 2351 per
1340 2297 1463 2338 sese
1494 2298 1616 2339 esse
1644 2299 1753 2338 non
1789 2300 1974 2355 posse,

388 2369 495 2425 nisi
524 2370 609 2427 vel
640 2369 839 2429 horum
872 2370 1080 2440 aliquid
1101 2410 1117 2438 ,
1153 2371 1239 2426 vel
1270 2372 1326 2430 in
1356 2371 1444 2427 bis
1480 2372 1574 2428 sit.
1603 2371 1738 2427 Nam
1773 2374 1817 2429 si
1846 2391 1974 2445 pro.

387 2466 573 2530 pterea
624 2475 900 2531 nusquam
947 2476 1068 2518 eam
1119 2475 1245 2518 esse
1292 2462 1602 2525 adversarii
1651 2464 1973 2534 opinantur.

385 2549 535 2621 quod
579 2552 761 2620 anima
817 2567 927 2617 non
978 2552 1049 2610 sit
1095 2552 1346 2625 ejusdem
1398 2555 1618 2625 generis
1667 2566 1722 2612 et
1766 2565 1978 2613 natura:

386 2658 513 2706 cum
542 2643 831 2701 elementis
857 2663 870 2699 :
909 2644 964 2699 bi
1002 2645 1241 2716 primum
1273 2646 1499 2717 quidem
1527 2646 1693 2705 etiam
1717 2688 1733 2714 ,
1765 2664 1889 2720 quae
1919 2649 1974 2704 in

373 2748 551 2792 carne
580 2735 822 2807 degitur,
860 2737 1030 2792 vitam
1068 2738 1374 2795 inanimam
1406 2754 1532 2798 esse
1564 2741 1788 2797 tradant
1824 2746 1973 2814 (non

382 2828 529 2882 enim
558 2827 711 2884 aliud
738 2829 1040 2913 quidquam
1067 2846 1272 2902 corpus
1303 2842 1391 2888 est
1411 2873 1427 2899 ,
1462 2841 1629 2905 atque
1660 2849 1973 2891 concursus

381 2921 840 2997 elementorum),
865 2938 1001 2994 ergo
1021 2939 1126 2983 nec
1149 2924 1204 2978 in
1228 2925 1318 2981 bis
1337 2925 1558 2996 quidem
1583 2927 1823 2983 animam
1847 2943 1974 2988 esse

383 3012 614 3078 dicant,
654 3027 778 3083 quae
814 3027 914 3073 per
949 3028 1075 3070 sese
1113 3012 1353 3071 viviﬁcet
1391 3030 1514 3071 eam
1554 3018 1971 3072 concretionem

384 3111 552 3174 atquc
581 3106 1021 3160 commistionem
1054 3124 1069 3162 :
1108 3106 1384 3177 siquidem
1423 3106 1543 3162 lleri
1583 3107 1819 3178 posthac
1858 3121 1971 3163 non

386 3203 599 3266 potest,
636 3196 1106 3267 quemadmodum
1146 3198 1471 3269 opinantur,
1514 3206 1579 3254 ut
1615 3200 1969 3256 manentibus
1996 3234 2039 3289 ε

383 3286 672 3344 clementis
700 3287 870 3342 etiam
905 3287 1090 3342 anima
1126 3289 1236 3357 sit,
1271 3303 1385 3360 quo
1413 3287 1707 3353 etliciatur,
1739 3300 1800 3344 ut
1831 3289 1969 3344 nihil

383 3377 534 3444 aliud
553 3421 570 3447 ,
600 3395 765 3451 quam
800 3389 1079 3438 mortuam
1109 3397 1235 3439 esse
1264 3383 1432 3438 vitam
1462 3389 1712 3439 nostram
1743 3382 1972 3438 demon-

384 3476 582 3526 strent.
626 3470 726 3529 Sin
760 3479 946 3527 autem
987 3488 1140 3529 nunc
1191 3474 1249 3529 in
1284 3488 1521 3546 corpore
1558 3472 1803 3528 animam
1845 3488 1971 3528 esse

384 3579 494 3619 non
526 3565 822 3633 dubitant,
854 3582 966 3638 quo
994 3576 1159 3638 pacto
1193 3582 1431 3639 corpore
1459 3567 1733 3625 dissoluto
1766 3568 1821 3623 in
1858 3567 1972 3623 ele-

384 3664 570 3716 menta
613 3658 853 3719 animam
897 3660 1105 3721 aboleri
1152 3673 1320 3731 atque
1361 3662 1592 3721 interire
1624 3668 1856 3718 censent
1904 3674 1972 3716 ac

385 3746 657 3803 tradunt?
692 3747 900 3804 Deinde
936 3765 1070 3805 vero
1121 3751 1396 3806 adversus
1445 3750 1693 3806 divinam
1745 3764 1971 3820 quoque

383 3849 640 3907 naturam
675 3841 829 3910 paria
861 3840 1102 3897 audeant
1138 3841 1361 3913 obloqui
1392 3849 1449 3898 et
1479 3843 1780 3899 oblatrare.
1820 3841 1971 3910 Quo-

385 3933 550 3991 modo
583 3934 734 3990 enim
767 3932 957 3990 dicent
988 3933 1358 4001 invisibilem,
1395 3935 1815 4005 incorpoream,
1852 3950 1972 3993 ma-

384 4024 538 4079 teriae
572 4031 891 4095 expertem,
929 4030 986 4079 et
1015 4039 1137 4081 eam
1177 4040 1301 4099 quae
1339 4035 1523 4082 mente
1562 4026 1683 4082 sola
1721 4026 1970 4097 percipi-

380 4127 493 4187 tur,
532 4130 786 4190 naturam
814 4118 867 4173 in
902 4118 1131 4177 humida
1169 4119 1471 4189 molliaque
1498 4128 1555 4173 et
1581 4119 1761 4176 calida
1801 4128 1968 4190 atque

2086 637 2184 691 νην
2215 620 2292 691 (5)
2311 660 2327 685 .
2354 620 2447 674 καὶ
2478 620 2643 692 ὕδωρ,
2670 623 2766 676 καὶ
2793 621 2963 694 ἀέρα,
2998 624 3092 677 καὶ
3129 622 3278 697 πῦρ·
3304 625 3429 682 ὅθεν
3461 628 3523 683 δὲ
3553 629 3684 683 τού-

2085 730 2194 767 των
2233 712 2483 779 ἒκαστον,
2517 713 2552 783 ἢ
2595 715 2654 767 ἐν
2683 713 2789 768 τίνι
2821 714 2991 781 ἐστὶν,
3019 715 3053 786 ἢ
3087 716 3193 770 ὐπδ
3231 717 3380 782 τίνος
3414 719 3491 791 (4)
3520 738 3685 792 περι-

2086 805 2385 876 κρατεῖται,
2414 804 2602 858 διιδεῖν
2629 804 2734 858 ὑπὸ
2764 805 3133 878 μικροψυχίας
3173 807 3237 860 οὐ
3271 807 3519 864 δύναται.
3559 811 3677 864 Καὶ

2089 895 2301 966 ἱμάτιον
2334 894 2435 966 μέν
2473 894 2551 967 (5)
2578 913 2666 958 τις
2716 895 2840 950 ίδὼν
2883 896 2978 951 τδν
3009 898 3256 970 ὑφάντην
3285 900 3682 970 ἀνελογίσατο,
3738 901 3753 911 ’

2085 992 2181 1041 καὶ
2223 987 2310 1041 διὰ
2337 989 2440 1058 τῆς
2481 988 2610 1061 νηὸς
2642 989 2718 1060 (6)
2751 990 2842 1046 τδν
2879 991 3160 1063 ναυπηγὸν
3193 994 3514 1065 ἐνενόησεν,
3539 995 3576 1066 ἥ
3618 1012 3682 1049 τε

2083 1079 2249 1135 αὐτοῦ
2283 1080 2563 1152 οἰκοδόμου
2591 1080 2714 1153 χεὶρ
2739 1082 2874 1154 ὁμοῦ
2908 1086 2974 1155 τῇ
3015 1083 3109 1138 τοῦ
3148 1085 3679 1158 οίκοδομήματος(7)

2083 1170 2203 1240 ὄψει
2232 1174 2297 1242 τῇ
2322 1171 2533 1244 διανοίᾳ
2563 1172 2672 1227 τῶν
2704 1172 2994 1246 θεωμένων
3019 1177 3319 1246 ἐγγίνεται.
3348 1180 3413 1232 Oi
3443 1179 3502 1233 δὲ
3537 1179 3677 1251 πρὸς

2082 1263 2175 1318 τὸν
2223 1264 2427 1336 κόσμον
2453 1264 2691 1336 ὁρῶντες
2720 1268 2858 1339 πρὸς
2884 1267 2975 1322 τὸν
3004 1268 3093 1323 διὰ
3131 1268 3340 1324 τούτων
3370 1269 3449 1343 (8)
3483 1271 3674 1343 δηλού-

2086 1373 2246 1426 μενον
2289 1356 2718 1427 ἀμὸλυωποῦσιν
2766 1360 2866 1429 (9),
2897 1359 3022 1414 ὅθεν
3063 1360 3134 1414 τὰ
3185 1360 3324 1431 σοφὰ
3357 1361 3471 1435 (10)
3500 1363 3678 1419 ταῦτα

2084 1443 2186 1501 καῖ
2206 1446 2406 1519 δριμέα
2438 1448 2586 1520 παρὰ
2607 1450 2718 1504 τῶν
2741 1450 2835 1504 τὸν
2862 1452 3174 1523 ἀφανισμὸν
3201 1452 3383 1526 ψυχῆς
3406 1453 3673 1527 δογματι-

2083 1536 2283 1601 ξόντων
2312 1539 2664 1612 προφέρεταιο
2694 1539 2854 1611 σῶμα
2874 1541 2938 1595 ἐκ
2966 1542 3275 1613 στοιχείων,
3304 1544 3404 1599 καὶ
3430 1549 3675 1616 στοιχεῖα

2082 1630 2148 1683 ὲκ
2194 1629 2447 1702 σώματος
2471 1674 2486 1700 ,
2536 1633 2631 1687 καὶ
2673 1633 2736 1687 τὸ
2770 1634 2846 1705 μὴ
2883 1633 3146 1693 δύνασθαι
3174 1636 3273 1706 τὴν
3315 1636 3498 1710 ψυχὴν
3545 1638 3672 1694 καθ’

2082 1723 2282 1796 ἑαυτὴν
2313 1720 2486 1792 εἶναι,
2518 1728 2568 1779 εί
2603 1729 2742 1799 μήτε
2775 1724 2982 1785 τούτων
3026 1745 3081 1785 τι
3113 1727 3200 1801 εῐη
3224 1768 3241 1794 ,
3284 1731 3423 1801 μήτε
3453 1732 3513 1784 ὲν
3553 1731 3676 1784 τού-

2085 1828 2219 1876 τοις.
2251 1813 2314 1867 Εἰ
2347 1813 2456 1893 γὰρ
2494 1815 2578 1869 ὅτι
2615 1815 2692 1887 μὴ
2731 1817 2978 1887 ὁμοφυὴς
3005 1819 3117 1881 τοῖς
3149 1818 3432 1889 στοιχείοις
3455 1818 3602 1873 ἐστὶν
3635 1821 3673 1890 ἠ

2082 1903 2250 1977 ψυχὴ,
2280 1904 2369 1961 διὰ
2399 1906 2561 1960 τοῦτο
2592 1907 2709 1978 (11)
2739 1907 2974 1979 οὐδαμοῦ
3005 1903 3147 1963 εἶναι
3180 1910 3351 1982 αὐτὴν
3382 1912 3432 1963 oi.
3462 1910 3679 1965 ἀντιλέ-

2081 2010 2268 2061 γοντες
2307 1994 2537 2050 οἴονται·
2566 1988 2714 2058 οὗτοι
2756 1997 2972 2069 πρῶτον
3001 1998 3101 2070 μὲν
3142 2000 3238 2053 καὶ
3272 2000 3374 2072 τὴν
3413 2001 3471 2054 ἐν
3503 2001 3675 2073 σαρκὶ

2080 2086 2225 2159 ζωὴν
2255 2086 2462 2158 ἄψυχον
2488 2083 2628 2143 εῖναι
2664 2089 3164 2161 δογματιζέτωσαν.
3194 2091 3271 2145 υύ
3317 2092 3426 2164 γὰρ
3454 2093 3583 2148 ἄλλο
3612 2111 3673 2149 τι

2079 2181 2141 2234 τὸ
2181 2180 2342 2252 σῶμα
2372 2166 2542 2248 ἔστιν,
2582 2185 2633 2236 εί
2664 2182 2740 2256 μὴ
2771 2182 3044 2256 συνδρομὴ
3077 2184 3186 2237 τῶν
3238 2185 3518 2256 στοιχείων
3539 2204 3553 2216 ·
3589 2186 3674 2259 μὴ

2079 2273 2258 2326 τοίνυν
2292 2273 2416 2345 μηδ’
2444 2274 2504 2327 ὲν
2532 2273 2740 2338 τούτοις
2760 2275 2859 2349 τὴν
2886 2275 3064 2348 ψυχὴν
3087 2272 3227 2331 εἶναι
3255 2277 3568 2345 λεγέτωσαν
3594 2278 3666 2331 δι’

2080 2365 2279 2436 ἑαυτῆς
2323 2366 2694 2431 ζωοποιοῦσαν
2741 2367 2853 2437 (12)
2900 2367 2962 2420 τὸ
3006 2366 3325 2438 σύγκριμα·
3373 2368 3532 2439 ειπερ
3564 2367 3672 2422 οὐκ

2079 2458 2195 2513 ἔστι
2228 2457 2365 2530 μετὰ
2397 2456 2571 2512 ταῦτα
2604 2458 2848 2522 δυνατὸν,
2882 2456 3067 2522 καθὼς
3107 2458 3309 2512 οἴονται
3331 2497 3348 2522 ,
3375 2458 3490 2513 τῶν
3516 2469 3669 2514 στοιξ-

2078 2551 2238 2623 χεξων
2269 2550 2436 2606 ὄντων
2462 2550 2557 2604 καὶ
2598 2550 2697 2622 τὴν
2732 2550 2910 2623 ψυχὴν
2950 2545 3113 2615 εἶναι,
3159 2549 3237 2613 ὡς
3260 2550 3431 2621 μηδὲν
3454 2550 3586 2605 ἄλλο
3630 2552 3670 2624 ἢ

2077 2642 2278 2714 νεκρὰν
2315 2642 2415 2715 τὴν
2445 2643 2589 2715 ζωὴν
2623 2641 2780 2715 ήμῶν
2824 2644 2953 2715 παρ’
2986 2642 3167 2697 αὐτῶν
3216 2642 3667 2699 ἀποδείκνυσθαι.

2076 2736 2140 2790 Et
2171 2736 2228 2789 δὲ
2275 2734 2371 2789 νῦν
2410 2738 2469 2789 ὲν
2510 2736 2589 2807 τῷ
2629 2735 2844 2806 σώματι
2876 2737 2977 2807 τὴν
3017 2734 3198 2807 ψυχὴν
3244 2730 3387 2790 εἶναι
3423 2736 3535 2807 (15)
3564 2737 3671 2791 οὐκ

2074 2827 2497 2901 ἀμφιϐάλλουσι,
2552 2827 2671 2892 πῶς
2699 2826 2794 2880 τοῦ
2837 2826 3089 2897 σώματος
3131 2827 3248 2899 (14)
3276 2829 3359 2892 εἰς
3401 2828 3472 2882 τὰ
3519 2845 3670 2882 στοι-

2074 2923 2198 2991 χεῖα
2229 2921 2323 2974 τὸν
2366 2919 2676 2991 ἀφανισμὸν
2715 2919 2887 2990 αὐτῆς
2924 2918 3354 2991 δογματίζουσι,
3382 2919 3574 2974 ἔπειτα
3608 2921 3671 2974 δὲ

2074 3014 2167 3065 καὶ
2199 3012 2341 3074 κατὰ
2364 3012 2565 3086 ταύτης
2598 3012 2710 3084 (15)
2743 3012 2844 3082 τῆς
2883 3012 3034 3077 θείας
3067 3011 3286 3083 φύσεως
3309 3011 3378 3066 τὰ
3406 3008 3502 3066 ἶσα
3538 3013 3669 3067 τολ-

2079 3104 2354 3175 μάτωσαν.
2392 3104 2516 3168 Πῶς
2561 3106 2671 3177 γὰρ
2708 3105 2895 3177 ἐροῦσι
2934 3104 3033 3177 τὴν
3062 3105 3256 3176 νοεράν
3300 3122 3361 3158 τε
3415 3105 3529 3177 (16)
3568 3104 3669 3158 καὶ

2074 3196 2237 3251 ἄῦλον
2279 3196 2375 3252 καὶ
2420 3196 2571 3266 ἀειδῆ
2604 3195 2766 3266 φύσιν
2809 3198 2889 3260 είς
2920 3197 2988 3251 τὰ
3031 3197 3176 3269 ὑγρά
3212 3213 3270 3250 τε
3305 3198 3399 3255 καὶ
3440 3197 3668 3268 μαλακὰ

2076 3289 2171 3347 καὶ
2202 3287 2496 3360 στερέμνια
2508 3287 2867 3359 ’διαδυομένην
2899 3288 3011 3359 (17)
3037 3288 3094 3342 ὲν
3131 3287 3209 3359 τῷ
3245 3283 3387 3343 εἶναι
3417 3288 3666 3359 συνέχειν

2074 3377 2145 3432 τὰ
2168 3377 2319 3443 ὄντα,
2342 3377 2463 3433 οὔτε
2501 3379 2778 3448 συγγενῶς
2802 3380 3029 3450 ἔχουσαν
3049 3381 3185 3452 πρὸς
3206 3380 3276 3436 τὰ
3306 3383 3365 3434 ὲν
3397 3375 3479 3444 οἷς
3507 3381 3665 3450 γίνε-

2074 3489 2188 3535 ται,
2211 3469 2333 3525 οὔτε
2367 3471 2454 3527 διὰ
2475 3471 2536 3525 τὸ
2554 3473 2867 3544 ὲτερογενὲς
2889 3476 2948 3527 ὲν
2972 3474 3158 3539 αὐτοῖς
3189 3470 3331 3529 εἶναι
3364 3474 3662 3529 ἀδυνατοῦ-

2078 3580 2177 3618 σαν
2200 3579 2214 3629 ;
2243 3563 2451 3618 Οὐκοῦν
2468 3564 2753 3636 ἐξῃρήσθω
2770 3564 2882 3635 (18)
2906 3564 3136 3619 καθόλου
3153 3566 3248 3620 τοῦ
3269 3567 3538 3637 δόγματος
3565 3568 3662 3620 αύ-

2077 3656 2187 3710 τῶν
2246 3658 2340 3711 καὶ
2384 3656 2513 3711 αὐτὸ
2570 3656 2633 3709 τὸ
2657 3656 2831 3724 Θεῖον,
2853 3650 3662 3725 ᾦδιακρατείταιτὰδνταυ-Γ.

2077 3750 2219 3804 Αὐτὸ
2246 3750 2302 3804 δὲ
2331 3751 2441 3822 (19)
2471 3750 2650 3814 τοῦτο,
2670 3744 2821 3803 εἷπον
2852 3749 2964 3820 (20)
2990 3747 3120 3818 ἐγὼ,
3146 3748 3264 3811 πῶς
3290 3748 3355 3800 ἂν
3381 3750 3491 3809 τοῖς
3517 3747 3665 3799 ἀντι-

2078 3842 2323 3910 λέγουσιν
2379 3839 2750 3912 ἀναμφίόολον
2799 3839 3029 3908 γένοιτο,
3065 3840 3125 3892 τὸ
3163 3840 3227 3891 ὲκ
3249 3836 3382 3891 Θεοῦ
3417 3833 3556 3890 εἶναι
3593 3838 3666 3891 τὰ

2078 3933 2259 3988 πάντα
2285 3974 2300 3998 ,
2329 3933 2422 3987 καὶ
2446 3934 2502 3986 ὲν
2536 3931 2684 4002 αὐτῷ
2713 3930 3162 4003 περικρατεῖσθαι
3207 3930 3277 3984 τὰ
3309 3931 3437 3984 ὄντα
3458 3969 3473 3993 ,
3502 3930 3534 4000 ἢ
3565 3931 3664 3986 καὶ

2077 4028 2216 4091 ὅλως
2245 4027 2309 4080 τὸ
2343 4023 2483 4080 εἷναί
2521 4043 2574 4079 τι
2597 4027 2752 4078 θεῖον
2782 4027 2879 4096 τῆς
2915 4022 3023 4077 τῶν
3060 4023 3234 4078 ὅντων
3265 4023 3665 4094 ὑπερκείμενον

2073 4119 2312 4190 φύσεωςς

379 4211 518 4266 dura
566 4218 949 4283 penetrantem
1002 4212 1058 4266 in
1105 4211 1348 4268 essentia
1390 4211 1676 4269 continere
1703 4228 1793 4270 res
1825 4213 2145 4279 universas,
2176 4229 2299 4285 quae
2331 4221 2502 4270 sunt:
2537 4228 2663 4267 cum
2696 4226 2875 4282 neque
2929 4211 3151 4281 cognita
3204 4209 3521 4280 ejusdemve
3571 4223 3667 4279 ge-

380 4301 530 4357 neris
575 4316 701 4358 cum
750 4303 821 4358 iis
868 4302 976 4369 sit,
1030 4302 1087 4358 in
1134 4303 1338 4374 quibus
1389 4311 1665 4371 versatur,
1715 4320 1898 4377 neque
1950 4313 2244 4377 propterea
2290 4304 2437 4377 quod
2474 4304 2707 4360 alterius
2740 4318 2807 4359 ac
2841 4302 3045 4358 diversi
3080 4290 3299 4374 generis
3332 4302 3436 4368 sit,
3471 4301 3525 4356 in
3581 4302 3666 4355 eis

378 4409 506 4459 esse
533 4409 649 4459 non
680 4395 898 4479 possit?
947 4397 1093 4468 Ergo
1140 4396 1361 4466 penitus
1415 4412 1486 4454 ex
1536 4412 1730 4465 eorum
1779 4398 2034 4468 doctrina
2075 4397 2349 4453 eximatur
2382 4395 2549 4452 etiam
2589 4396 2771 4466 ipsum
2809 4394 3060 4450 divinum
3102 4392 3317 4451 Numen
3347 4433 3362 4460 ,
3414 4408 3526 4465 quo
3571 4408 3664 4455 res

453 4616 533 4689 (2)
557 4614 1154 4689 Μικροψυχρτέρους.
1195 4612 1296 4669 Ms.
1315 4611 1371 4689 B_
1390 4612 1518 4683 legit
1566 4613 1960 4689 μικροψύχους.

453 4683 529 4758 (5)
572 4683 807 4754 Μόὶθηύ.
829 4683 945 4758 Ms.
977 4683 1273 4758 utrumque
1294 4683 1488 4758 μόνον,
1529 4683 1721 4739 endem
1769 4683 1953 4739 sensu.

452 4754 530 4832 (4)
545 4760 651 4813 Ἐν
672 4758 794 4832 τινι
812 4757 1005 4832 ἐστὶν,
1036 4756 1075 4825 ἢ
1100 4756 1218 4809 ὑπὸ
1244 4756 1430 4832 τινος.
1454 4754 1527 4832 Ita
1545 4770 1650 4832 ms.
1672 4762 1965 4832 utrumque

380 4839 435 4885 et
461 4824 639 4885 'editio
665 4827 797 4883 anni
824 4828 967 4898 1658
1001 4824 1100 4898 pro
1129 4824 1417 4898 ﬁniendosa
1470 4826 1711 4883 lectione
1749 4825 1807 4889 ὲν
1858 4824 1964 4891 τινί

378 4912 436 4967 et
464 4902 572 4956 ὑπό
601 4916 748 4971 τινος
770 4897 1045 4971 editionis
1059 4897 1285 4971 prioris.

450 4972 527 5045 (5)
555 4970 685 5045 Μέν-
705 4972 861 5045 deest
887 4985 988 5045 ms.
1007 4969 1088 5045 ΔΑή.

450 5037 531 5113 (6⁷)
590 5042 773 5113 Νηός.
799 5040 899 5113 Ms.
932 5039 975 5093 Β
1007 5037 1313 5113 legitvsdic.

441 5106 525 5185 (7)
548 5106 1182 5185 οἰκοδομήματος.’ξοίο
1215 5118 1515 5185 utrumque
1548 5107 1823 5185 legit_ms.
1865 5121 1965 5177 pro.

380 5177 1016 5255 olioSopﬁoaviogﬁluod
1033 5180 1181 5237 edita
1215 5177 1673 5255 habenthatinus
1692 5178 1965 5248 interpres

383 5250 690 5327 genuinum
717 5250 1190 5327 hancjectionem
1223 5250 1521 5319 expressit.

452 5325 553 5398 (8)_
586 5323 836 5398 Τούτων.
857 5323 947 5398 Sic
963 5333 1018 5380 et
1047 5318 1342 5398 utrumque
1382 5336 1487 5375 ms.
1499 5335 1514 5386 ;
1543 5326 1607 5398 at.
1620 5318 1793 5373 codex
1820 5318 1861 5371 Α
1910 5319 1964 5371 in

388 5390 633 5464 margine
653 5394 791 5464 legit
822 5393 1036 5457 τούτου,
1064 5390 1212 5463 quod
1245 5390 1646 5464 priestat,‘qnia
1677 5403 1859 5443 sermo
1883 5398 1968 5444 est

396 5464 452 5521 ie
497 5461 733 5525 mundo.
757 5480 852 5533 per
877 5480 1038 5533 quem
1067 5461 1284 5533 creator
1315 5464 1437 5527 ejus
1474 5461 1907 5533 demonstratur.

454 5535 533 5607 (9)
579 5527 1094 5607 ’Ᾱμδλὶξωπὸῦσικ
1119 5532 1220 5589 Ms.
1249 5539 1546 5602 utrumque
1578 5527 1967 5603 ἀμϐλυώττου-

388 5603 477 5659 etv
503 5603 671 5660 sensu
703 5603 919 5657 eodem.
1658 5628 1661 5631 γ

456 5676 569 5745 (10)
601 5672 788 5745 Σοφά.
823 5671 916 5745 Sic
933 5678 1505 5745 titruinqtte_tns._pro
1534 5668 1685 5738 σαφά
1708 5667 1763 5745 in
1781 5668 1966 5745 editis;

456 5687 569 5745 (to)
601 5687 788 5743 £05m.
823 5687 913 5727 διο
933 5687 1232 5742 utrumque
1265 5687 1374 5753 ins.
1403 5687 1505 5797 ἔτι)
1534 5687 1685 5738 σαφα
1708 5687 1763 5723 Ill
1781 5687 1966 5756 cuius;

386 5747 550 5813 paulo
596 5753 720 5815 post
759 5742 957 5815 δριμέα
1002 5748 1151 5796 recte
1197 5741 1327 5796 edit.
1370 5743 1394 5795 1
1439 5741 1531 5807 38,
1585 5755 1687 5812 pro
1718 5739 1966 5811 δριμαια,

385 5815 718 5900 quod-estin
742 5817 941 5895 priore.

458 5887 571 5953 (11)
626 5881 954 5943 Aid—roma.
990 5881 1106 5940 Hoc
1146 5882 1403 5965 rescripsi
1439 5899 1504 5939 ex
1544 5898 1675 5939 mss.
1730 5897 1830 5964 pro
1882 5881 1968 5939 διὰ

1450 6196 1657 6233 NK"

2075 4614 2280 4669 τούτων
2309 4613 2455 4679 quod
2478 4621 2563 4669 est
2589 4614 2644 4669 in
2667 4615 2850 4672 editis.

2140 4685 2250 4756 (12)
2294 4685 2746 4756 Ζωοπριυῦσαν.
2798 4687 2877 4740 lta
2928 4692 3078 4739 recte
3130 4682 3301 4756 editio
3352 4697 3440 4737 an.
3495 4682 3660 4747 1658,

2067 4754 2170 4825 pro
2231 4754 2572 4826 ζωοποιούσα
2612 4756 2814 4826 prioris
2834 4796 2850 4821 ,
2875 4754 3351 4826 consentientibus
3382 4768 3517 4826 mss.

2140 4828 2255 4897 (15)
2282 4823 2459 4881 Ely-at
2500 4823 2709 4882 inserui
2736 4842 2801 4883 ex
2846 4842 2980 4882 mss.
3028 4825 3191 4881 Deest
3216 4824 3362 4879 enim
3399 4824 3453 4878 in
3495 4823 3666 4879 editis

2068 4899 2232 4953 male.

2141 4968 2252 5038 (14)
2292 4967 2403 5023 Τοῦ
2445 4967 2721 5037 σώματος
2765 4965 2921 5022 deest
2967 4966 3023 5038 in
3065 4981 3172 5021 ms.
3212 4972 3484 5038 utroque,
3531 4966 3660 5032 quis

2070 5035 2282 5107 scilicet
2305 5055 2374 5094 ex
2402 5035 2859 5094 antecedentibus
2895 5037 3054 5093 facile
3091 5035 3320 5106 intelligi
3351 5043 3589 5107 poterat.

2064 5163 2073 5173 ,
2141 5109 2254 5179 (15)
2296 5109 2461 5163 Κατὰ
2502 5110 2742 5177 ταύτης.
2800 5108 2902 5166 Ms.
2955 5114 3252 5176 utrumque
3300 5107 3420 5158 κατ’
3467 5106 3662 5178 αὐτῆς,

2070 5182 2296 5250 rectius,
2327 5190 2386 5235 ut
2418 5191 2571 5250 puto.

2143 5248 2255 5323 (16)
2284 5244 2539 5323 ’Νοεξοάν
2566 5266 2650 5305 τε.
2678 5246 3054 5323 ΜεηΒΑοόύὶι
3094 5247 3185 5301 hic
3233 5260 3419 5301 vocem
3474 5244 3664 5315 φύσιν,

2068 5319 2244 5391 quam
2262 5323 2316 5376 in
2347 5321 2511 5392 editis
2542 5328 2665 5392 post
2691 5320 2845 5392 ἀειδῆ
2873 5319 3111 5392 invenis.

2143 5386 2255 5461 (l7)
2284 5386 2716 5461 Διαὸυομὲνην.
2754 5386 2873 5445 ’5ίό
2907 5389 3026 5461 lego
3056 5404 3124 5444 ex
3153 5402 3288 5442 mss.
3316 5400 3425 5461 pro
3450 5386 3667 5461 διαλυο-

2073 5458 2246 5533 μένην
2290 5463 2437 5532 quod
2477 5458 2563 5523 est
2612 5458 2668 5515 in
2703 5461 2891 5516 editis.
2943 5458 3019 5515 De
3054 5458 3442 5529 penetratione
3487 5458 3662 5526 enim,

2071 5549 2179 5593 non
2213 5542 2393 5595 autem
2429 5533 2726 5595 solutione,
2761 5545 2945 5585 sermo
2975 5541 3081 5586 est.

2143 5596 2256 5674 (i8)
2298 5601 2669 5670 Ἐξῃρήσθω.
2724 5600 2837 5656 lloc
2884 5601 3070 5655 malim
3103 5615 3167 5663 ex
3197 5616 3334 5657 mss.
3386 5618 3488 5674 pro
3515 5601 3667 5670 ἐξαι-

2075 5672 2250 5745 ρέᾁθω
2272 5674 2427 5745 qu_od_
2439 5674 2651 5745 _edit_nm
2681 5681 2780 5745 est.

2143 5743 2256 5812 (l9)
2285 5740 2378 5796 Δέ.
2409 5741 2512 5797 Ms.
2549 5742 2591 5795 Β
2622 5742 2753 5814 legit
2792 5741 2847 5795 in
2875 5749 3027 5796 textu
3055 5740 3144 5813 δή,
3181 5741 3223 5796 Α
3254 5757 3383 5805 vero
3418 5743 3475 5799 in
3510 5759 3664 5812 mare

2072 5814 2196 5885 ginc
2219 5814 2375 5885 idem
2403 5814 2588 5885 habet.

2148 5884 2261 5955 (20)
2296 5878 2507 5938 Εἶπον.
2557 5883 2657 5941 Ms.
2687 5882 2728 5937 Β
2757 5880 2945 5939 εἰπών.
