3992 6492
404 418 474 474 27
1613 411 1672 468 8.
1694 408 2022 468 GREGORII
2052 404 2349 464 NYSSENI
3593 415 3666 472 23

404 531 472 587 ad
496 545 694 602 supera
719 527 953 595 feratur,
978 542 1078 600 per
1101 543 1280 584 aerem
1306 528 1525 586 (latibus
1545 535 1726 594 vecta,
1747 536 1803 584 et
1819 528 1968 584 aethe-

2079 525 2230 590 δντὸς
2267 523 2482 580 κύκλων
2529 523 2628 597 τὴν
2664 525 2760 579 ἐπὶ
2799 525 2861 579 τὸ
2892 523 3128 595 ἔμπαλιν
3173 524 3407 598 κίνησιν,
3454 528 3558 595 τὰς
3599 547 3662 588 τε

404 638 534 678 reus
566 621 710 694 ignis
742 620 808 675 ad
847 626 1052 674 terram
1079 619 1382 686 deferatur,
1416 621 1553 677 adeo
1585 631 1646 677 ut
1673 631 1728 680 et
1779 625 1968 680 inﬁma!

2083 620 2396 695 ὑποδρομὰς
2437 620 2533 676 καὶ
2562 619 2668 687 τὰς
2706 621 2988 688 συνόδους,
3041 620 3137 676 καὶ
3170 621 3269 688 τὰς
3303 625 3662 697 ἐναρμονίους

401 721 584 784 partes
607 710 810 768 caloris
835 719 1091 781 expertes
1117 727 1228 766 non
1253 713 1386 777 sint,
1404 723 1459 768 et
1477 722 1635 771 terra:
1652 718 1968 788 superfusut

2081 711 2411 777 ἀποστάσεις
2449 712 2558 766 τῶν
2598 712 2835 785 ἄστρων·
2871 715 2901 767 ό
2947 712 3122 768 ταῦτα
3183 712 3396 784 βλέπων
3427 717 3507 789 τῷ
3539 719 3653 774 διας·

399 803 657 858 imbrium
703 801 923 866 humor,
959 817 1083 858 cum
1121 819 1265 859 unus
1299 813 1502 859 natura
1531 807 1623 872 sit,
1657 809 1978 868 innumeras

397 891 703 964 germinum
732 891 998 963 producat
1037 891 1376 950 diﬁ‘crentias
1413 895 1670 952 omnibus
1710 897 2008 967 subjectis-

397 990 524 1054 apte
545 991 712 1054 atque
728 983 1141 1038 accommodate
1171 983 1468 1050 inhaerens,
1500 993 1668 1055 atque
1693 987 1972 1046 insidens:

395 1074 744 1130 celerrimam
767 1075 894 1132 item
915 1075 1034 1130 axis
1052 1075 1108 1130 in
1131 1075 1318 1131 orbem
1342 1075 1662 1148 circumque
1680 1080 1974 1136 rotundum

395 1170 816 1225 conversionem
856 1179 1024 1241 atque
1080 1169 1516 1242 revolutionern,
1543 1170 1976 1245 interiorumque

367 1249 730 1326 {circulorum
759 1260 814 1316 in
845 1259 1186 1316 contrarium
1215 1260 1514 1319 motionem
1533 1301 1550 1328 ,
1576 1262 1974 1334 subjectiones—

371 1335 503 1419 'que
533 1360 588 1408 et
612 1366 940 1424 congressus
975 1352 1225 1410 coitusve
1252 1360 1418 1424 atque
1440 1353 1761 1423 concinnas,
1794 1365 1972 1427 aptas,

394 1452 564 1509 ratas,
593 1452 913 1502 constantes
935 1487 951 1511 ,
983 1445 1373 1503 convenientes
1403 1455 1457 1503 et
1483 1448 1726 1518 aequales
1758 1448 1974 1521 digres-

393 1533 580 1590 siones
607 1533 1013 1606 distantiasque
1043 1537 1329 1594 siderum:
1367 1537 1483 1594 haec
1530 1539 1578 1596 si
1621 1541 1747 1610 quis
1793 1541 1972 1598 oculis

386 1624 766 1698 intelligentia:
820 1637 988 1698 atque
1035 1628 1156 1685 acie
1210 1629 1416 1686 mentis
1463 1629 1733 1700 intuetur,
1785 1647 1970 1689 annon

391 1725 582 1785 aperte
613 1731 710 1786 per
743 1732 808 1772 ca
839 1732 964 1789 quae
995 1726 1264 1788 apparent
1290 1757 1306 1784 ,
1341 1718 1574 1775 docetur
1602 1720 1748 1790 quod
1781 1721 1971 1778 divina

389 1805 476 1861 vis
507 1806 806 1864 artiﬁciosa
841 1807 1131 1879 solersque
1165 1809 1221 1863 in
1265 1808 1432 1870 rebus
1485 1810 1762 1870 universis
1809 1827 2004 1884 appa-.

2079 804 2316 890 von-:er
2341 805 2442 877 τῆς
2471 805 2650 877 ψυχῆς
2687 805 2952 878 ὀφθαλμῷ
2972 845 2989 872 ,
3025 803 3135 878 ἆρα
3163 807 3285 880 οὐχὶ
3309 809 3559 880 φανερῶς
3590 813 3659 870 ὲκ

2077 896 2188 952 τῶν
2211 897 2550 969 φαινομένων
2569 897 2901 962 διδάσκεται,
2930 899 3014 954 ὅτι
3033 899 3152 953 θεία
3172 898 3396 971 δύναμις
3411 900 3658 972 ἐντεχνός

2076 1004 2136 1041 τε
2169 989 2265 1044 καὶ
2294 991 2434 1061 σοφὴ
2459 993 2577 1054 τοῖς
2607 985 2761 1044 οὖσιν
2785 989 3186 1061 ἐμφαινομένη,
3206 991 3300 1045 καὶ
3324 990 3414 1047 διὰ
3437 991 3657 1046 πάντων

2075 1080 2287 1153 ἥκουσα
2309 1081 2380 1136 τὰ
2408 1081 2549 1154 μέρη
2577 1081 2690 1152 (40)
2715 1081 3045 1156 συναρμόζει
3071 1083 3152 1154 τῷ
3175 1082 3299 1154 ὅλῳ,
3333 1082 3424 1138 καὶ
3452 1083 3516 1136 τὸ
3533 1083 3655 1138 ὅλον

2078 1170 2389 1242 συμπληροῖ
2415 1174 2472 1226 ὲν
2507 1174 2620 1236 τοῖς
2645 1171 2858 1244 μέρεσι,
2887 1173 2980 1226 καὶ
3018 1171 3122 1242 μιᾷ
3157 1186 3262 1224 τινι
3300 1173 3653 1241 περικρατεί-

2074 1277 2166 1315 ται
2193 1260 2420 1332 δυνάμει
2451 1261 2513 1317 τὸ
2545 1263 2654 1318 πᾶν
2677 1260 2814 1331 (41),
2851 1261 2984 1316 αὐτὸ
3011 1261 3068 1314 εν
3103 1259 3281 1331 ἑαυτῷ
3323 1259 3482 1330 μένον
3532 1259 3656 1332 [καὶ

2075 1349 2204 1422 περὶ
2232 1350 2392 1405 ἑαυτὸ
2413 1350 2754 1424 κινούμενον]
2777 1352 2912 1424 (42),
2934 1351 3029 1406 καὶ
3056 1349 3181 1406 οὔτε
3202 1351 3369 1422 λῆγόν
3395 1367 3523 1405 ποτε
3547 1350 3654 1420 ⁸τῆς

2075 1441 2342 1511 κινήσεως
2358 1482 2374 1508 ,
2398 1439 2521 1496 οὔτε
2559 1442 2641 1506 είς
2677 1437 2836 1498 ἄλλον
2859 1441 2985 1497 τινὰ
3011 1442 3176 1496 τόπον
3199 1441 3348 1512 παρὰ
3373 1441 3464 1496 τὸν
3481 1481 3495 1501 ,
3521 1441 3580 1494 ὲν
3604 1435 3658 1509 ᾧ

2075 1529 2212 1596 ἐστι,
2227 1526 2890 1600 μεθιστάμενον;-Γ.Καὶ
2901 1521 3040 1590 πῶς,
3055 1524 3228 1589 εἷπον,
3243 1526 3278 1598 ή
3293 1524 3422 1601 περὶ
3435 1528 3494 1582 τὸ
3508 1528 3648 1588 εἶναι

2073 1617 2166 1672 τδν
2192 1618 2326 1673 Θεὺν
2348 1618 2550 1685 πίστις,
2573 1621 2669 1674 καὶ
2694 1621 2793 1692 τὴν
2813 1616 2991 1691 ψυχὴν
3007 1613 3149 1672 εἶναι
3180 1615 3280 1688 τὴν
3303 1616 3648 1688 ἀνθρωπίνην

2075 1709 2589 1777 συναποδείκνυσινς
2627 1711 2702 1765 Οὐ
2731 1709 2840 1782 γὰρ
2870 1709 2936 1781 δὴ
2965 1707 3160 1763 ταύτόν
3201 1708 3318 1760 ἐστι
3363 1706 3440 1778 τῷ
3467 1707 3587 1779 Θεῷ
3612 1711 3646 1780 ἡ

2071 1799 2240 1872 ψυχὴ,
2279 1799 2423 1856 ὥστε
2453 1803 2500 1856 εί
2540 1802 2602 1856 τὸ
2620 1802 2678 1856 ἓν
2702 1803 3016 1874 όμολογοῖτο
3047 1799 3160 1873 (45)
3187 1795 3327 1854 εἶναι
3357 1800 3644 1870 συνομολο-

390 1910 561 1962 rens,
613 1905 780 1968 atque
833 1913 934 1968 per
983 1898 1167 1954 omnia
1220 1900 1500 1970 pertinens
1553 1917 1619 1958 ac
1667 1903 1788 1960 fusa
1843 1920 1967 1962 cum

2077 1891 2282 1960 γείσθαι
2311 1893 2526 1958 πάντως
2545 1894 2640 1948 καὶ
2655 1894 2717 1950 τὺ
2738 1893 3076 1966 λειπόμενον.

382 1992 993 2062 ροτιεεηεεεοηιηιοιίει
1023 2002 1078 2050 ει
1109 1993 1332 2064 adaptat
1362 1995 1463 2048 toti
1484 2035 1500 2062 ,
1532 2004 1648 2052 tum
1692 2006 1866 2056 totum
1913 2017 1968 2073 pa

2077 2021 2162 2062 "’5
2197 2007 2416 2077 θιΡΙει,
2461 2018 2628 2081 atque
2675 2024 2787 2067 una
2830 2009 3069 2081 quadam
3113 2005 3165 2060 vi
3199 1985 3385 2062 rerum
3421 1997 3643 2053 univer-

389 2083 526 2136 sitas
559 2089 848 2137 coercetur
890 2091 946 2137 et
975 2083 1312 2148 continetur,
1347 2084 1478 2140 dum
1514 2087 1636 2156 ipsa
1671 2091 1725 2143 in
1758 2106 1818 2147 se
1848 2095 1966 2163 ipsa
1998 2106 2214 2164 manet,
2245 2107 2301 2154 et
2339 2099 2549 2156 circum
2580 2117 2642 2159 se
2683 2102 2803 2172 ipsa
2833 2106 3101 2160 movetur,
3132 2111 3197 2151 ac
3241 2087 3447 2148 moveri
3488 2101 3642 2142 nun-

385 2186 551 2244 quam
601 2171 836 2238 desinit,
903 2187 1081 2242 neque
1138 2173 1195 2227 in
1244 2173 1411 2227 alium
1453 2177 1746 2244 quemdam
1809 2181 2024 2251 locum,
2081 2195 2281 2256 praeter
2347 2202 2507 2252 eum,
2543 2188 2596 2242 in
2620 2171 2732 2260 quo
2751 2195 2852 2250 est,
2875 2173 3400 2251 transmigrati—G.
3435 2177 3502 2231 Et
3531 2191 3644 2248 quo

384 2271 566 2332 Ραειο.
599 2265 854 2334 inquam.
883 2271 1266 2336 argumentum
1285 2305 1300 2332 ,
1331 2279 1440 2334 quo
1470 2265 1637 2322 Deum
1669 2284 1792 2328 esse
1828 2272 1963 2330 ﬁdes
1993 2274 2053 2330 ιιι
2076 2316 2091 2342 ,
2127 2277 2292 2334 simul
2321 2278 2486 2334 etiam
2515 2279 2752 2334 animam
2784 2276 3077 2331 humanam
3106 2287 3230 2327 esse
3258 2265 3644 2325 demonstrat?

384 2353 504 2411 Non
535 2355 681 2410 enim
713 2357 903 2426 utique
929 2357 1122 2413 eadem
1158 2371 1285 2411 cum
1318 2356 1430 2412 Deo
1471 2373 1558 2414 res
1591 2361 1774 2416 anima
1805 2373 1926 2432 est,
1959 2374 2019 2422 ut
2046 2369 2094 2424 si
2121 2386 2289 2426 unum
2320 2385 2445 2430 esse
2477 2370 2834 2436 concedatur,
2877 2380 3106 2439 prorsus
3141 2363 3306 2419 etiam
3345 2361 3414 2418 de
3470 2361 3646 2419 altero

385 2462 497 2502 non
531 2448 839 2504 dubitatur.

475 2571 1028 2643 DLAtillazDicitur,
1076 2576 1278 2648 inquit,
1313 2591 1342 2631 a
1399 2578 1742 2648 sapientibus
1795 2578 1961 2636 homo

2149 2585 2222 2640 Μ.
2254 2582 2408 2648 Ἡδὲ,
2429 2581 2662 2652 Λέγεται
2685 2581 2824 2654 (Η),
2872 2583 3026 2653 φησὶ,
3087 2581 3237 2654 παρὰ
3288 2581 3398 2634 τῶν
3463 2579 3646 2649 σοφῶν

382 2681 585 2736 parvus
641 2667 863 2738 quidam
917 2685 1042 2726 esse
1095 2670 1356 2736 mundus,
1419 2672 1512 2742 qui
1566 2671 1620 2726 in
1675 2687 1800 2729 sese
1848 2672 1964 2728 haec

2077 2675 2259 2746 μικρός
2307 2692 2393 2740 τις
2429 2669 2573 2729 εἶναι
2628 2675 2833 2746 κόσμος
2869 2677 2900 2729 ὁ
2931 2674 3238 2744 ἄνθρωπος,
3270 2673 3442 2726 ταῦτα
3491 2689 3650 2742 περι-

383 2757 657 2815 elementa
707 2761 1013 2828 contineat,
1065 2777 1132 2818 ex
1165 2763 1366 2833 quibus
1402 2779 1582 2819 rerum
1627 2765 1964 2822 universitas

2077 2764 2204 2836 ἔχων
2248 2767 2308 2820 έν
2357 2766 2538 2838 ἑαυτῷ
2589 2765 2660 2819 τὰ
2698 2767 2972 2837 στοιχεῖα,
3031 2759 3116 2830 οἷς
3175 2765 3237 2820 τὸ
3273 2767 3383 2818 πᾶν
3434 2781 3651 2834 συμπε-

355 2849 602 2909 ⁴(εοιιειιιι
636 2861 800 2925 atque
850 2857 1119 2926 completa
1163 2865 1269 2914 est.
1305 2856 1466 2924 Quod
1519 2859 1564 2915 si
1619 2858 1734 2914 inec
1775 2858 1965 2928 opinio

2077 2855 2376 2926 πλήρωται.
2389 2857 2453 2910 Εἰ
2469 2857 2528 2910 δὲ
2553 2856 2758 2928 ἀληθὴς
2789 2852 2944 2921 οὗτος
2977 2857 3007 2910 ό
3022 2857 3177 2926 λόγος
3196 2856 3361 2927 (ἔοικε
3382 2856 3484 2928 δὲ),
3507 2857 3655 2926 τάχα

383 2959 511 3002 τετε
563 2953 668 3015 εει,
719 2955 781 3000 ut
812 2959 936 3003 cisse
971 2949 1207 3015 videtur,
1261 2948 1494 3003 forsitan
1540 2964 1651 3004 non
1689 2964 1828 3020 opus
1863 2950 1964 3006 ha-

2077 2946 2168 2999 st’ix
2205 2946 2272 3001 ἂν
2305 2946 2499 3017 ἑτέρας
2527 2946 2828 3018 ἐδεήθημεν
2854 2947 2966 3019 (45)
3003 2947 3322 3019 συμμαχίας
3353 2949 3433 3012 εἰς
3462 2947 3523 3000 τὸ
3561 2947 3654 3016 βε-

385 3035 670 3091 buerimus
716 3037 824 3092 alio
856 3037 1064 3092 auxilio
1096 3039 1164 3092 ad
1197 3038 1627 3094 conﬁrmandam
1657 3053 1776 3096 eam
1799 3055 1962 3110 quam

2077 3035 2366 3106 Βαιωθῆναι
2387 3038 2516 3106 ἡμῖν
2528 3035 2556 3089 ὃ
2569 3053 2635 3089 πε
2643 3037 2695 3107 pl
2709 3036 2887 3108 ψυχῆς
2907 3037 3285 3108 ὑπειλήφαμεν
3307 3037 3439 3107 (46).
3459 3037 3596 3088 ’Υτε
3607 3053 3654 3088 ι-

386 3125 455 3180 de
501 3125 680 3180 anima
727 3127 1083 3197 concepimus
1135 3129 1448 3198 opinionem
1489 3148 1502 3185 :
1552 3145 1842 3186 censemus
1876 3146 1968 3186 au-

2077 3103 2316 3197 λήφαμεν
2331 3103 2462 3179 δὲ
2479 3121 2618 3180 εἶναι
2635 3103 2818 3198 αὐτὴν*
2827 3103 2948 3181 καθ’
2969 3103 3168 3198 ἑαυτήν
3188 3103 3247 3180 έν
3261 3103 3647 3197 ἐξηλλαγμένῃ

386 3223 494 3270 tem
540 3231 659 3272 eam
695 3233 792 3287 per
826 3233 948 3275 sese
983 3219 1266 3289 praeditam
1325 3237 1448 3278 esse
1489 3231 1681 3277 natura
1721 3225 1963 3294 propria,

2077 3235 2126 3272 τε
2151 3218 2246 3272 καὶ⁹
2289 3217 2564 3290 ίδιαζούσῃ
2599 3219 2794 3287 φύσει,
2822 3217 2972 3290 παρὰ
2998 3218 3100 3288 τὴν
3123 3217 3439 3288 σωματικὴν
3472 3234 3654 3288 παχυ-

356 3307 667 3385 peculiari,
722 3309 945 3375 eximia,
989 3311 1210 3367 diversa
1238 3322 1402 3382 atque
1427 3314 1531 3368 alia
1567 3329 1732 3384 quam
1761 3330 1963 3386 corpus

2077 3311 2316 3382 μέρειαν.
2356 3308 2444 3372 Ὦς
2466 3310 2575 3379 γὰρ
2597 3309 2777 3364 πάντα
2811 3309 2902 3364 τὸν
2938 3309 3141 3379 κόσμον
3166 3308 3255 3364 διὰ
3276 3309 3376 3378 τῆς
3398 3307 3654 3378 αἰσθητι-

384 3398 532 3468 quod
562 3415 625 3454 ex
666 3401 874 3457 crassis
925 3404 1178 3472 partibus
1213 3411 1450 3460 constat.
1478 3404 1551 3460 Ut
1583 3407 1728 3462 enim
1755 3408 1967 3464 univer-

385 3505 509 3544 sum
553 3491 818 3546 mundum
867 3495 1074 3548 auxilio
1115 3510 1380 3551 sensuum
1421 3508 1838 3569 cognoscentes.
1868 3514 1982 3569 per'

384 3581 559 3654 ipsam
595 3593 914 3640 nostrorum
942 3601 1201 3644 sensuum
1231 3589 1505 3644 actionem
1535 3596 1700 3659 atque
1728 3587 1967 3645 elﬁcien—

385 3675 516 3730 tiam
557 3676 886 3733 deducimur
931 3681 996 3734 ad
1031 3682 1532 3738 considerationem
1574 3683 1966 3752 notionemque

383 3766 488 3832 rei,
543 3768 820 3838 opinionis
869 3777 924 3826 et
971 3772 1288 3829 intellectus
1335 3788 1562 3828 sensum
1627 3777 1963 3845 superantis,

384 3865 550 3927 atque
587 3859 781 3914 oculus
811 3859 976 3915 nobis
1008 3861 1228 3916 exsistit
1255 3861 1530 3932 interpres
1555 3865 1964 3934 omnipotentis

384 3947 688 4018 sapientiae,
717 3965 842 4020 quae
887 3953 943 4004 in
983 3967 1168 4006 rerum
1215 3952 1433 4022 quidem
1465 3954 1824 4010 universitate
1848 3970 1968 4011 cer-

381 4039 556 4105 nitur,
588 4055 712 4094 eum
756 4055 907 4104 vero,
940 4042 1034 4112 qui
1068 4059 1162 4112 per
1211 4043 1385 4112 ipsam
1421 4044 1576 4100 solus
1621 4060 1712 4100 res
1744 4045 1968 4102 univer-

381 4143 476 4186 sas
527 4130 768 4201 undique
815 4133 1232 4201 comprehendit
1279 4140 1447 4203 atque
1492 4135 1810 4204 complexus
1860 4146 1966 4203 est,

380 4235 481 4292 per
529 4238 652 4278 sese
706 4223 962 4278 indicat:
1012 4223 1087 4277 ita
1136 4223 1267 4278 dum
1312 4238 1440 4279 eum
1492 4239 1732 4294 quoque,
1777 4223 1872 4294 qui
1910 4225 1966 4278 in

381 4313 542 4368 nobis
569 4325 674 4378 est,
703 4315 968 4370 mundum
997 4315 1301 4379 intuemur,
1338 4315 1483 4370 haud
1521 4329 1688 4385 parva
1722 4315 1967 4370 subsidia

381 4401 644 4459 habemus
687 4421 784 4475 per
821 4421 884 4462 ea
915 4421 1036 4476 qua:
1085 4415 1385 4476 apparent,
1426 4407 1594 4462 etiam
1637 4406 1706 4462 ad
1734 4407 1786 4462 id
1819 4405 1967 4476 quod

2065 3402 2172 3473 κῆς
2199 3403 2538 3476 ἀντιλήψεως
2567 3403 3022 3474 ἐπιγινώσκοντες
3053 3438 3070 3467 ,
3102 3404 3171 3458 δι’
3201 3403 3370 3475 αὐτῆς
3389 3405 3487 3475 τῆς
3507 3402 3655 3458 κατὰ

2064 3495 2163 3567 τὴν
2206 3496 2461 3568 αἴσθησιν
2499 3499 2654 3568 ἡμῶν
2693 3497 2970 3570 ἐνεργείας
3001 3499 3083 3561 εἰς
3115 3497 3212 3568 τὴν
3255 3495 3352 3550 τοῦ
3389 3497 3532 3566 ὑπὲρ
3558 3497 3652 3548 ατο

2067 3587 2260 3660 σθησιν
2285 3590 2605 3660 πράγματος
2626 3590 2737 3661 (47)
2763 3590 2858 3643 καὶ
2882 3591 3158 3660 νοήματος
3177 3588 3392 3642 ἔννοιαν
3419 3587 3650 3658 ὁδηγού-

2069 3679 2208 3749 μεθα
2250 3677 2392 3750 (48),
2433 3678 2528 3733 καὶ
2573 3679 2782 3748 γίνεται
2811 3680 2942 3749 ἡμῖν
2971 3679 3000 3730 ό
3043 3675 3322 3746 ὀφθαλμὸς
3373 3673 3651 3746 ἑρμηνεὺς

2063 3769 2163 3839 τῆς
2185 3769 2590 3840 παντοδυνάμου
2625 3769 2847 3838 σοφίας,
2883 3771 2983 3838 τῆς
3011 3766 3092 3837 τῷ
3128 3765 3291 3820 παντὶ
3321 3766 3420 3836 μὲν
3447 3763 3654 3818 ὲνθεω-

2069 3856 2358 3930 ρουμένης,
2391 3858 2485 3911 τὸν
2497 3857 2562 3919 δὲ
2586 3856 2706 3910 κατ’
2733 3855 2903 3928 αὐτὴν
2929 3853 3041 3927 (49)
3074 3854 3168 3908 τοῦ
3200 3854 3402 3916 παντὸς
3429 3853 3648 3924 περιδε-

2064 3948 2369 4020 δραγμένον
2391 3948 2458 4002 δι’
2490 3947 2690 4017 ἑαυτῆς
2727 3945 3080 4018 μηνυούσης,·
3109 3943 3252 3998 οὕτω
3282 3945 3374 3998 καὶ
3402 3943 3540 4014 πρὸς
3558 3943 3652 3998 τὸν

2067 4041 2126 4094 ἐν
2152 4042 2283 4112 ἡμῖν
2307 4041 2594 4111 βλέποντες
2609 4039 2837 4110 κόσμον,
2865 4039 2926 4092 οὐ
2949 4038 3152 4110 μικρὰς
3175 4036 3374 4108 ἔχομεν
3395 4036 3654 4107 ἀφορμὰς

2067 4132 2203 4204 πρὸς
2222 4133 2282 4186 τὸ
2301 4133 2389 4186 διὰ
2409 4132 2516 4186 τῶν
2540 4133 2881 4201 φαινομένων
2900 4131 2993 4184 κα)⁵
3009 4128 3104 4182 τοῦ
3123 4128 3512 4201 κεκρυμμένου
3533 4129 3649 4198 (50)

2067 4223 2594 4296 καταστοχὰσασθαι.
2628 4223 2952 4295 Κέκρυπται
2983 4221 3039 4276 δὲ
3060 4224 3265 4288 ἐκεῖνο,
3291 4221 3319 4274 ὃ
3343 4221 3426 4290 ἐφ’
3453 4218 3654 4276 ἑαυτοῦ

2067 4313 2127 4369 δν
2152 4315 2340 4385 νοητόν
2361 4331 2422 4366 τε
2467 4313 2578 4386 (51)
2603 4313 2696 4366 καὶ
2717 4312 2891 4376 ἀειδὲς
2909 4311 3188 4382 διαφεύγει
3211 4311 3309 4382 τὴν
3329 4310 3645 4382 αἰσθητικὴ.

2067 4405 2414 4475 κατανόησιν.

379 4496 656 4554 occultum
689 4504 792 4561 est,
824 4497 1140 4566 conjectura
1173 4499 1546 4568 perveniendi.
1591 4499 1649 4553 Id
1681 4499 1951 4580 autem_in
1989 4511 2115 4553 sese
2169 4496 2445 4551 occultum
2481 4502 2536 4550 et
2575 4493 2956 4551 absconditum
2999 4502 3102 4561 est,
3138 4493 3286 4564 quod
3355 4500 3410 4548 et
3473 4501 3656 4546 mento

377 4599 433 4645 et
491 4590 852 4660 intelligentia
902 4589 1206 4660 percipitur
1247 4589 1546 4661 formaeque
1593 4605 1792 4660 expers
1845 4598 1950 4654 est,
1992 4587 2142 4660 quod
2185 4602 2450 4644 sensuum
2495 4585 2686 4658 eﬁ‘ugit
2738 4585 3295 4642 animadversionem.

453 4725 520 4780 G.
543 4722 722 4794 Atque
736 4739 835 4794 ego
855 4724 1086 4782 :Verum
1111 4721 1379 4792 sapientia
1417 4722 1670 4792 quidem,
1710 4723 1954 4795 inquam,

2128 4723 2191 4778 Γ.
2212 4718 2384 4789 Κάγὼ
2397 4717 2573 4778 εἷπον·
2603 4716 2768 4775 Ἀλλὰ
2789 4722 2889 4792 τὴν
2931 4721 3042 4794 (52)
3100 4719 3193 4776 τοῦ
3239 4718 3440 4782 παντὸς
3481 4719 3652 4790 ὑπερ-

375 4829 498 4886 quae
556 4813 613 4868 in
678 4814 892 4870 superis
952 4813 1200 4884 partibus
1260 4813 1421 4884 quasi
1463 4814 1520 4868 in
1583 4829 1711 4872 arce
1769 4830 1954 4872 rerum

372 4987 567 5062 λοιπόις
588 4989 686 5060 τὴν
715 4990 983 5046 ἐναντίαν.
1011 4992 1415 5062 ε-Περιφοράν.
1447 4989 1817 5062 Ταῦταπάντα
1839 4989 1954 5062 δια-

376 5061 540 5134 φοραί
581 5062 719 5116 εἰσιν
753 5063 1018 5134 κινήσεων
1047 5061 1142 5116 καὶ
1177 5061 1412 5134 σχέσεων
1441 5061 1581 5133 πρὸς.
1602 5061 1806 5133 ἄλληλα
1848 5061 1960 5116 τῶν

376 5129 481 5183 ﬁsi:
565 5147 614 5186 ν.
863 5129 874 5134 ⁷
1209 5129 1243 5134 "
1485 5129 1496 5133 ’

605 5203 680 5279 Τὰ
704 5203 879 5279 μέρη.
913 5201 1342 5279 Μεκιιιιίιηιιιυε
1369 5201 1439 5255 τά
1453 5219 1556 5279 τε..
1687 5261 1703 5276 ο

448 5268 564 5340 (il)
597 5268 935 5340 ᾼυιλάλὶειτὸ
956 5269 1102 5325 πᾶν.
1147 5270 1223 5324 Ita
1250 5268 1396 5326 recte
1430 5271 1596 5326 editio
1629 5268 1756 5326 an'ni
1795 5270 1955 5340 16⁸58,

377 5337 553 5412 Aliter
604 5337 789 5412 habet_
819 5341 1188 5412 interpunctio
1237 5341 1311 5412 in
1347 5340 1587 5412 editione
1637 5341 1805 5400 1615.
1832 5339 1958 5412 sed

377 5406 662 5480 mendose.
683 5409 861 5480 Codex
881 5411 923 5480 B_
938 5406 1035 5479 p'ro
1063 5411 1315 5480 sequenti
1333 5411 1465 5464 αὐτό
1486 5411 1614 5480 legit
1629 5413 1770 5465 male
1786 5409 1954 5478 αὐτῷ.

448 5477 564 5545 (42)
591 5476 732 5550 Περὶ
755 5476 1346 5550 ἐαυῃτὸαινούλιενον.
1403 5481 1483 5550 Ita
1513 5476 1712 5550 scripsi
1742 5497 1809 5534 ex
1841 5476 1951 5550 _ms.

379 5543 424 5598 Α
452 5543 554 5619 pro
577 5543 728 5619 edito
755 5547 884 5619 περὶ
925 5548 1056 5602 αὐτὸ
1095 5543 1398 5619 γινόμενον.
1443 5548 1578 5607 Cod.
1630 5543 1956 5605 Bmendose

380 5615 753 5688 uspijauroﬁ.
783 5615 993 5688 caetera
1023 5615 1320 5688 consentit.

453 5683 564 5760 (45)
608 5685 1028 5760 ,ξομοᾷρρφὶξτορ
1099 5687 1175 5760 lla
1227 5696 1458 5760 uterque
1519 5693 1688 5745 codex
1747 5705 1846 5759 pro
1891 5703 1956 5744 co

383 5753 526 5820 quecl
546 5753 726 5810 editio
767 5755 906 5810 1658
934 5757 1096 5812 habet
1132 5753 1480 5828 ὡμολογεῖτο,
1515 5769 1570 5816 ct
1603 5753 1774 5816 altera
1807 5760 1958 5829 prior

383 5821 729 5877 ὡμολόγοιτο.

379 5837 729 5894 ωμολογοιτο.

2062 4811 2320 4886 κειμένην
2345 4811 2539 4883 σοφίαν
2569 4811 2660 4866 διὰ
2678 4811 2786 4866 τῶν
2811 4811 3264 4884 ὲνθεωρουμένων
3279 4814 3345 4884 τῇ
3365 4811 3526 4880 φύσει
3541 4813 3653 4867 τῶν

2135 4989 2248 5060 (Η)
2301 4988 2363 5043 Ἡ
2385 4987 2474 5053 δὲ,
2503 4987 2768 5060 Λέγεται.
2801 4988 2863 5060 ln_
2897 4987 3048 5042 calce
3062 4985 3281 5060 codicis
3309 4985 3366 5060 Α⁸
3389 4985 3651 5060 hancin-

2062 5055 2238 5182 vegis'
2268 5068 2476 5124 notam,
2515 5055 2766 5112 ἐντεῦθεν
2808 5055 2909 5120 τὰς
2955 5057 3086 5128 περὶ
3131 5057 3308 5126 ψυχῆς
3344 5055 3652 5120 ἀποδείξεις

2062 5145 2134 5182 γο
2174 5146 2285 5182 φεμ

2049 5146 2285 5182 ·γοαωει.

2062 5145 2672 5269 γρῗιῗῧμξεδεήθημεν.
2697 5199 2744 5250 Α
2777 5197 2821 5248 Β
2847 5195 3062 5269 δεηθείη
3073 5211 3190 5269 μεν,

2134 5263 2248 5339 (46)
2299 5263 2985 5339 ’Υπειλήφαλιεῖηειοίιξ
3039 5263 3454 5336 ὑπειλήφαμεν·
3489 5263 3650 5318 ὑπει-

2064 5335 2316 5409 λήφαμεν
2349 5339 2410 5409 δὲΔ
2438 5335 2642 5408 ἑαυτὴν
2674 5335 3072 5409 ἐξηλλαγμένη.

2157 5403 2248 5492 +21)
2291 5403 2658 5492 neme.-
2699 5403 2813 5492 A.;8
2849 5403 3174 5492 «Parens

2155 5474 2244 5548 48)
2296 5474 2784 5548 Ὀὃήῇούμβθωβ
2816 5474 3220 5548 ποδηγούμεθα.

2161 5547 2252 5618 49)
2292 5545 2670 5618 κατάὺὲήν.
2700 5547 2746 5618 ᾼ
2775 5545 2899 5600 καθ’
2929 5545 3143 5618 ἑαυτόν.

2131 5611 2246 5689 (50)
2283 5617 2400 5689 -Τοῦ
2438 5611 2868 5689 κεκρὺμμένου.
2929 5613 2988 5669 In
3029 5616 3183 5670 calce
3219 5612 3432 5669 codicis
3475 5611 3516 5666 A
3549 5615 3650 5687 τῆς

2061 5687 2240 5759 ψυχῆς
2276 5687 2542 5754 δηλονότι.

2133 5754 2246 5826 (5i)
2295 5759 2397 5808 Ὃν
2428 5757 2653 5822 ’νοητόν
2685 5771 2768 5808 τε.
2806 5755 2857 5826 A7
2881 5755 2928 5826 ,ὂς
2949 5754 3140 5826 νοητόν
3157 5769 3254 5826 τε.

2136 5823 2248 5897 (52)
2301 5826 2476 5881 Ἀλλὰ
2501 5827 2632 5896 τήν.
2668 5828 2712 5879 Α
2743 5825 2784 5877 Β
2811 5825 2946 5878 ἀλλὰ
2977 5825 3074 5896 τὴν
3103 5823 3222 5894 μέν.
