  <div class='ocr_page' id='page_1' title='image "/cluster/home/n/w/nwhite01/storage/ocr_20150623/46:no.3/coo.31924054869668/022.png"; bbox 0 0 3992 6462; ppageno 0'>
   <div class='ocr_carea' id='block_1_1' title="bbox 253 382 3543 446">
    <p class='ocr_par' dir='ltr' id='par_1_1' title="bbox 253 382 3543 446">
     <span class='ocr_line' id='line_1_1' title="bbox 253 382 3543 446; baseline -0.002 -1"><span class='ocrx_word' id='word_1_1' title='bbox 253 388 318 445; x_wconf 71' lang='lat'><strong>29</strong></span> <span class='ocrx_word' id='word_1_2' title='bbox 1333 389 1420 445; x_wconf 86' lang='lat' dir='ltr'><strong>DE</strong></span> <span class='ocrx_word' id='word_1_3' title='bbox 1457 387 1677 444; x_wconf 79' lang='lat' dir='ltr'><strong>ANIMA</strong></span> <span class='ocrx_word' id='word_1_4' title='bbox 1711 385 1801 442; x_wconf 84' lang='lat' dir='ltr'><strong>ET</strong></span> <span class='ocrx_word' id='word_1_5' title='bbox 1831 383 2437 446; x_wconf 80' lang='lat' dir='ltr'><strong>RESURRECTIONE.</strong></span> <span class='ocrx_word' id='word_1_6' title='bbox 2806 422 2814 429; x_wconf 94' lang='lat'><strong>-</strong></span> <span class='ocrx_word' id='word_1_7' title='bbox 3468 382 3543 440; x_wconf 74' lang='grc' dir='ltr'><strong>ΖΟ</strong></span> 
     </span>
    </p>
   </div>
   <div class='ocr_carea' id='block_1_2' title="bbox 253 497 1857 581">
    <p class='ocr_par' dir='ltr' id='par_1_2' title="bbox 253 497 1856 581">
     <span class='ocr_line' id='line_1_2' title="bbox 253 497 1856 581; baseline 0 -26"><span class='ocrx_word' id='word_1_8' title='bbox 253 497 413 555; x_wconf 70' lang='grc' dir='ltr'>ὄντων</span> <span class='ocrx_word' id='word_1_9' title='bbox 442 497 636 569; x_wconf 76' lang='grc' dir='ltr'>σοφῶν</span> <span class='ocrx_word' id='word_1_10' title='bbox 652 517 718 553; x_wconf 82' lang='grc' dir='ltr'><strong>τε</strong></span> <span class='ocrx_word' id='word_1_11' title='bbox 734 500 835 555; x_wconf 81' lang='grc' dir='ltr'><strong>καὶ</strong></span> <span class='ocrx_word' id='word_1_12' title='bbox 849 500 1111 572; x_wconf 78' lang='grc' dir='ltr'><strong>τεχνικῶν</strong></span> <span class='ocrx_word' id='word_1_13' title='bbox 1125 500 1320 570; x_wconf 86' lang='grc' dir='ltr'>λόγων,</span> <span class='ocrx_word' id='word_1_14' title='bbox 1339 503 1396 581; x_wconf 80' lang='grc' dir='ltr'>ὲν</span> <span class='ocrx_word' id='word_1_15' title='bbox 1407 503 1473 572; x_wconf 77' lang='grc' dir='ltr'>τῇ</span> <span class='ocrx_word' id='word_1_16' title='bbox 1494 501 1730 573; x_wconf 79' lang='grc' dir='ltr'>ἁρμονίᾳ</span> <span class='ocrx_word' id='word_1_17' title='bbox 1745 498 1856 571; x_wconf 77' lang='grc'>(55)</span> 
     </span>
    </p>
   </div>
   <div class='ocr_carea' id='block_1_3' title="bbox 1962 497 3537 581">
    <p class='ocr_par' dir='ltr' id='par_1_3' title="bbox 1963 497 3537 570">
     <span class='ocr_line' id='line_1_3' title="bbox 1963 497 3537 570; baseline -0.002 -16"><span class='ocrx_word' id='word_1_18' title='bbox 1963 500 2219 570; x_wconf 68' lang='lat' dir='ltr'><strong>praesidet</strong></span> <span class='ocrx_word' id='word_1_19' title='bbox 2262 498 2614 555; x_wconf 89' lang='lat' dir='ltr'><strong>universitati</strong></span> <span class='ocrx_word' id='word_1_20' title='bbox 2660 512 2757 568; x_wconf 82' lang='lat' dir='ltr'><strong>per</strong></span> <span class='ocrx_word' id='word_1_21' title='bbox 2798 512 2916 562; x_wconf 91' lang='lat' dir='ltr'><strong>eas,</strong></span> <span class='ocrx_word' id='word_1_22' title='bbox 2966 510 3089 566; x_wconf 72' lang='lat' dir='ltr'><strong>quae</strong></span> <span class='ocrx_word' id='word_1_23' title='bbox 3131 503 3448 565; x_wconf 71' lang='lat' dir='ltr'><strong>spectantur</strong></span> <span class='ocrx_word' id='word_1_24' title='bbox 3481 497 3537 551; x_wconf 90' lang='lat' dir='ltr'><strong>in</strong></span> 
     </span>
    </p>
   </div>
   <div class='ocr_carea' id='block_1_4' title="bbox 251 587 1850 662">
    <p class='ocr_par' dir='ltr' id='par_1_4' title="bbox 251 587 1850 662">
     <span class='ocr_line' id='line_1_4' title="bbox 251 587 1850 662; baseline 0.001 -21"><span class='ocrx_word' id='word_1_25' title='bbox 251 587 418 659; x_wconf 77' lang='grc' dir='ltr'>ταύτῃ</span> <span class='ocrx_word' id='word_1_26' title='bbox 440 588 541 641; x_wconf 73' lang='grc' dir='ltr'>καὶ</span> <span class='ocrx_word' id='word_1_27' title='bbox 566 588 938 662; x_wconf 74' lang='grc' dir='ltr'><strong>διακοσμήσει</strong></span> <span class='ocrx_word' id='word_1_28' title='bbox 965 590 1189 645; x_wconf 88' lang='grc' dir='ltr'>δυνατόν</span> <span class='ocrx_word' id='word_1_29' title='bbox 1220 593 1369 645; x_wconf 77' lang='grc' dir='ltr'>ἐστιν</span> <span class='ocrx_word' id='word_1_30' title='bbox 1392 590 1817 661; x_wconf 78' lang='grc' dir='ltr'>ἀναλογίσασθαι</span> <span class='ocrx_word' id='word_1_31' title='bbox 1836 607 1850 621; x_wconf 69' lang='grc'><strong><em>⁸</em></strong></span> 
     </span>
    </p>
   </div>
   <div class='ocr_carea' id='block_1_5' title="bbox 251 680 1856 754">
    <p class='ocr_par' dir='ltr' id='par_1_5' title="bbox 251 680 1856 754">
     <span class='ocr_line' id='line_1_5' title="bbox 251 680 1856 754; baseline -0.008 -6"><span class='ocrx_word' id='word_1_32' title='bbox 251 680 425 753; x_wconf 67' lang='grc' dir='ltr'><strong>ψυχῆς</strong></span> <span class='ocrx_word' id='word_1_33' title='bbox 451 680 513 735; x_wconf 76' lang='grc' dir='ltr'>δὲ</span> <span class='ocrx_word' id='word_1_34' title='bbox 550 683 770 752; x_wconf 78' lang='grc' dir='ltr'>γνῶσις</span> <span class='ocrx_word' id='word_1_35' title='bbox 796 683 884 738; x_wconf 81' lang='grc' dir='ltr'>διὰ</span> <span class='ocrx_word' id='word_1_36' title='bbox 906 682 1014 739; x_wconf 84' lang='grc' dir='ltr'>τῶν</span> <span class='ocrx_word' id='word_1_37' title='bbox 1041 682 1186 738; x_wconf 87' lang='grc' dir='ltr'><strong>κατά</strong></span> <span class='ocrx_word' id='word_1_38' title='bbox 1218 683 1282 737; x_wconf 83' lang='grc' dir='ltr'><strong>τὸ</strong></span> <span class='ocrx_word' id='word_1_39' title='bbox 1310 683 1467 754; x_wconf 83' lang='grc' dir='ltr'>σῶμα</span> <span class='ocrx_word' id='word_1_40' title='bbox 1491 682 1856 753; x_wconf 81' lang='grc' dir='ltr'>δεικνυμένων</span> 
     </span>
    </p>
   </div>
   <div class='ocr_carea' id='block_1_6' title="bbox 252 771 1856 845">
    <p class='ocr_par' dir='ltr' id='par_1_6' title="bbox 252 771 1856 845">
     <span class='ocr_line' id='line_1_6' title="bbox 252 771 1856 845; baseline -0.002 -18"><span class='ocrx_word' id='word_1_41' title='bbox 252 772 333 836; x_wconf 85' lang='grc' dir='ltr'><strong>τίς</strong></span> <span class='ocrx_word' id='word_1_42' title='bbox 368 772 436 826; x_wconf 78' lang='grc' dir='ltr'>ἂν</span> <span class='ocrx_word' id='word_1_43' title='bbox 466 772 696 841; x_wconf 85' lang='grc' dir='ltr'>γένοιτο</span> <span class='ocrx_word' id='word_1_44' title='bbox 730 776 844 838; x_wconf 79' lang='grc' dir='ltr'>τοῖς</span> <span class='ocrx_word' id='word_1_45' title='bbox 875 774 984 829; x_wconf 84' lang='grc' dir='ltr'><strong>ἀπὸ</strong></span> <span class='ocrx_word' id='word_1_46' title='bbox 1019 772 1131 828; x_wconf 85' lang='grc' dir='ltr'>τῶν</span> <span class='ocrx_word' id='word_1_47' title='bbox 1160 774 1500 845; x_wconf 80' lang='grc' dir='ltr'>φαινομένων</span> <span class='ocrx_word' id='word_1_48' title='bbox 1532 773 1593 827; x_wconf 86' lang='grc' dir='ltr'>τὸ</span> <span class='ocrx_word' id='word_1_49' title='bbox 1613 771 1856 845; x_wconf 85' lang='grc' dir='ltr'>κρυπτὸν</span> 
     </span>
    </p>
   </div>
   <div class='ocr_carea' id='block_1_7' title="bbox 254 864 1859 940">
    <p class='ocr_par' dir='ltr' id='par_1_7' title="bbox 254 864 1859 940">
     <span class='ocr_line' id='line_1_7' title="bbox 254 864 1859 940; baseline -0.001 -19"><span class='ocrx_word' id='word_1_50' title='bbox 254 866 670 938; x_wconf 76' lang='grc' dir='ltr'>ἀνιχνεύουσινς</span> <span class='ocrx_word' id='word_1_51' title='bbox 705 866 983 923; x_wconf 70' lang='grc' dir='ltr'>-Μ.Καὶ</span> <span class='ocrx_word' id='word_1_52' title='bbox 1003 867 1236 940; x_wconf 82' lang='grc' dir='ltr'>μάλιστα</span> <span class='ocrx_word' id='word_1_53' title='bbox 1257 866 1366 937; x_wconf 66' lang='grc'>(54)</span> <span class='ocrx_word' id='word_1_54' title='bbox 1390 866 1489 940; x_wconf 82' lang='grc' dir='ltr'><strong>μέν</strong></span> <span class='ocrx_word' id='word_1_55' title='bbox 1526 883 1645 929; x_wconf 89' lang='grc' dir='ltr'>τοι,</span> <span class='ocrx_word' id='word_1_56' title='bbox 1693 864 1859 935; x_wconf 79' lang='grc' dir='ltr'>φησὶν</span> 
     </span>
    </p>
   </div>
   <div class='ocr_carea' id='block_1_8' title="bbox 254 957 1860 1030">
    <p class='ocr_par' dir='ltr' id='par_1_8' title="bbox 254 957 1860 1030">
     <span class='ocr_line' id='line_1_8' title="bbox 254 957 1860 1030; baseline -0.001 -18"><span class='ocrx_word' id='word_1_57' title='bbox 254 958 287 1029; x_wconf 78' lang='grc' dir='ltr'><strong>ὴ</strong></span> <span class='ocrx_word' id='word_1_58' title='bbox 335 958 651 1029; x_wconf 82' lang='grc' dir='ltr'><strong>παρθένος,</strong></span> <span class='ocrx_word' id='word_1_59' title='bbox 693 962 809 1024; x_wconf 84' lang='grc' dir='ltr'>τοῖς</span> <span class='ocrx_word' id='word_1_60' title='bbox 844 958 986 1014; x_wconf 85' lang='grc' dir='ltr'><strong>κατά</strong></span> <span class='ocrx_word' id='word_1_61' title='bbox 1005 958 1068 1013; x_wconf 78' lang='grc' dir='ltr'><strong>τὸ</strong></span> <span class='ocrx_word' id='word_1_62' title='bbox 1101 959 1263 1030; x_wconf 84' lang='grc' dir='ltr'>σοφὸν</span> <span class='ocrx_word' id='word_1_63' title='bbox 1290 959 1465 1012; x_wconf 80' lang='grc' dir='ltr'>έκεῖνο</span> <span class='ocrx_word' id='word_1_64' title='bbox 1491 957 1860 1029; x_wconf 81' lang='grc' dir='ltr'><strong>παράγγελμα</strong></span> 
     </span>
    </p>
   </div>
   <div class='ocr_carea' id='block_1_9' title="bbox 253 1048 1861 1123">
    <p class='ocr_par' dir='ltr' id='par_1_9' title="bbox 253 1048 1861 1123">
     <span class='ocr_line' id='line_1_9' title="bbox 253 1048 1861 1123; baseline 0.002 -20"><span class='ocrx_word' id='word_1_65' title='bbox 253 1048 550 1119; x_wconf 80' lang='grc' dir='ltr'>γινώσκειν</span> <span class='ocrx_word' id='word_1_66' title='bbox 595 1054 829 1117; x_wconf 79' lang='grc' dir='ltr'>ἑαυτοὺς</span> <span class='ocrx_word' id='word_1_67' title='bbox 855 1051 1249 1123; x_wconf 76' lang='grc' dir='ltr'>ἐπιθυμοῦσιν·</span> <span class='ocrx_word' id='word_1_68' title='bbox 1284 1054 1334 1106; x_wconf 86' lang='grc' dir='ltr'><strong>εί</strong></span> <span class='ocrx_word' id='word_1_69' title='bbox 1372 1051 1478 1106; x_wconf 84' lang='grc' dir='ltr'>κᾶν</span> <span class='ocrx_word' id='word_1_70' title='bbox 1501 1053 1536 1123; x_wconf 86' lang='grc' dir='ltr'><strong>ή</strong></span> <span class='ocrx_word' id='word_1_71' title='bbox 1574 1051 1687 1122; x_wconf 82' lang='grc'>(55)</span> <span class='ocrx_word' id='word_1_72' title='bbox 1715 1051 1861 1106; x_wconf 87' lang='grc' dir='ltr'>διδά-</span> 
     </span>
    </p>
   </div>
   <div class='ocr_carea' id='block_1_10' title="bbox 256 1141 1859 1214">
    <p class='ocr_par' dir='ltr' id='par_1_10' title="bbox 256 1141 1859 1214">
     <span class='ocr_line' id='line_1_10' title="bbox 256 1141 1859 1214; baseline 0 -19"><span class='ocrx_word' id='word_1_73' title='bbox 256 1142 451 1207; x_wconf 84' lang='grc' dir='ltr'>σκαλος</span> <span class='ocrx_word' id='word_1_74' title='bbox 472 1142 593 1196; x_wconf 80' lang='grc' dir='ltr'><strong>τῶν</strong></span> <span class='ocrx_word' id='word_1_75' title='bbox 631 1143 763 1214; x_wconf 81' lang='grc' dir='ltr'>περὶ</span> <span class='ocrx_word' id='word_1_76' title='bbox 789 1141 972 1214; x_wconf 83' lang='grc' dir='ltr'>ψυχῆς</span> <span class='ocrx_word' id='word_1_77' title='bbox 997 1143 1326 1214; x_wconf 81' lang='grc' dir='ltr'>ύπολήψεων</span> <span class='ocrx_word' id='word_1_78' title='bbox 1343 1141 1483 1213; x_wconf 80' lang='grc' dir='ltr'>αὐτὴ</span> <span class='ocrx_word' id='word_1_79' title='bbox 1523 1143 1558 1214; x_wconf 80' lang='grc' dir='ltr'><strong>ἡ</strong></span> <span class='ocrx_word' id='word_1_80' title='bbox 1582 1141 1751 1213; x_wconf 80' lang='grc' dir='ltr'>ψυχὴ,</span> <span class='ocrx_word' id='word_1_81' title='bbox 1775 1143 1859 1195; x_wconf 79' lang='grc' dir='ltr'>ὅτι</span> 
     </span>
    </p>
   </div>
   <div class='ocr_carea' id='block_1_11' title="bbox 254 1232 1857 1308">
    <p class='ocr_par' dir='ltr' id='par_1_11' title="bbox 254 1232 1857 1308">
     <span class='ocr_line' id='line_1_11' title="bbox 254 1232 1857 1308; baseline -0.002 -19"><span class='ocrx_word' id='word_1_82' title='bbox 254 1233 411 1299; x_wconf 56' lang='lat' dir='ltr'><strong>deus;</strong></span> <span class='ocrx_word' id='word_1_83' title='bbox 458 1251 550 1300; x_wconf 86' lang='grc' dir='ltr'><strong>τις</strong></span> <span class='ocrx_word' id='word_1_84' title='bbox 591 1236 709 1306; x_wconf 89' lang='grc'>(56)</span> <span class='ocrx_word' id='word_1_85' title='bbox 746 1236 841 1290; x_wconf 74' lang='grc' dir='ltr'><strong>καὶ</strong></span> <span class='ocrx_word' id='word_1_86' title='bbox 876 1234 1198 1308; x_wconf 82' lang='grc' dir='ltr'><strong>ἀσώματος,</strong></span> <span class='ocrx_word' id='word_1_87' title='bbox 1242 1234 1595 1307; x_wconf 88' lang='grc' dir='ltr'>καταλλήλως</span> <span class='ocrx_word' id='word_1_88' title='bbox 1641 1236 1709 1306; x_wconf 79' lang='grc' dir='ltr'>τῇ</span> <span class='ocrx_word' id='word_1_89' title='bbox 1746 1232 1857 1305; x_wconf 74' lang='grc' dir='ltr'>ἰδίᾳ</span> 
     </span>
    </p>
   </div>
   <div class='ocr_carea' id='block_1_12' title="bbox 254 1324 1858 1401">
    <p class='ocr_par' dir='ltr' id='par_1_12' title="bbox 254 1324 1858 1401">
     <span class='ocr_line' id='line_1_12' title="bbox 254 1324 1858 1401; baseline -0.001 -22"><span class='ocrx_word' id='word_1_90' title='bbox 254 1325 414 1396; x_wconf 81' lang='grc' dir='ltr'>φύσει</span> <span class='ocrx_word' id='word_1_91' title='bbox 447 1326 766 1398; x_wconf 82' lang='grc' dir='ltr'>ένεργοῦσά</span> <span class='ocrx_word' id='word_1_92' title='bbox 803 1327 916 1401; x_wconf 86' lang='grc'>(57)</span> <span class='ocrx_word' id='word_1_93' title='bbox 944 1345 1005 1381; x_wconf 85' lang='grc' dir='ltr'><strong>τε</strong></span> <span class='ocrx_word' id='word_1_94' title='bbox 1032 1326 1128 1380; x_wconf 71' lang='grc' dir='ltr'>καὶ</span> <span class='ocrx_word' id='word_1_95' title='bbox 1153 1325 1473 1397; x_wconf 70' lang='grc' dir='ltr'>κινουμένη,</span> <span class='ocrx_word' id='word_1_96' title='bbox 1500 1325 1597 1381; x_wconf 72' lang='grc' dir='ltr'><strong>καὶ</strong></span> <span class='ocrx_word' id='word_1_97' title='bbox 1628 1325 1718 1380; x_wconf 84' lang='grc' dir='ltr'><strong>διά</strong></span> <span class='ocrx_word' id='word_1_98' title='bbox 1750 1324 1858 1378; x_wconf 84' lang='grc' dir='ltr'><strong>τῶν</strong></span> 
     </span>
    </p>
   </div>
   <div class='ocr_carea' id='block_1_13' title="bbox 258 1416 1852 1491">
    <p class='ocr_par' dir='ltr' id='par_1_13' title="bbox 258 1416 1852 1491">
     <span class='ocr_line' id='line_1_13' title="bbox 258 1416 1852 1491; baseline 0 -20"><span class='ocrx_word' id='word_1_99' title='bbox 258 1418 597 1489; x_wconf 80' lang='grc' dir='ltr'>σωματικῶν</span> <span class='ocrx_word' id='word_1_100' title='bbox 614 1418 864 1491; x_wconf 82' lang='grc' dir='ltr'>ὀργάνων</span> <span class='ocrx_word' id='word_1_101' title='bbox 883 1419 984 1482; x_wconf 77' lang='grc' dir='ltr'>τὰς</span> <span class='ocrx_word' id='word_1_102' title='bbox 1006 1418 1145 1484; x_wconf 80' lang='grc' dir='ltr'>ἰδίας</span> <span class='ocrx_word' id='word_1_103' title='bbox 1177 1419 1423 1490; x_wconf 86' lang='grc' dir='ltr'>κινήσεις</span> <span class='ocrx_word' id='word_1_104' title='bbox 1441 1416 1852 1489; x_wconf 85' lang='grc' dir='ltr'>ὲνδεικνυμένη.</span> 
     </span>
    </p>
   </div>
   <div class='ocr_carea' id='block_1_14' title="bbox 264 1507 1858 1582">
    <p class='ocr_par' dir='ltr' id='par_1_14' title="bbox 264 1507 1858 1582">
     <span class='ocr_line' id='line_1_14' title="bbox 264 1507 1858 1582; baseline -0.001 -20"><span class='ocrx_word' id='word_1_105' title='bbox 264 1508 331 1562; x_wconf 85' lang='grc' dir='ltr'><strong>Ἦ</strong></span> <span class='ocrx_word' id='word_1_106' title='bbox 358 1510 473 1580; x_wconf 83' lang='grc' dir='ltr'>γὰρ</span> <span class='ocrx_word' id='word_1_107' title='bbox 501 1509 780 1582; x_wconf 79' lang='grc' dir='ltr'>ὀργανική</span> <span class='ocrx_word' id='word_1_108' title='bbox 803 1509 898 1563; x_wconf 85' lang='grc' dir='ltr'><strong>τοῦ</strong></span> <span class='ocrx_word' id='word_1_109' title='bbox 934 1507 1186 1580; x_wconf 84' lang='grc' dir='ltr'>σώματος</span> <span class='ocrx_word' id='word_1_110' title='bbox 1216 1507 1357 1582; x_wconf 85' lang='grc' dir='ltr'>αῦτη</span> <span class='ocrx_word' id='word_1_111' title='bbox 1394 1508 1695 1581; x_wconf 78' lang='grc' dir='ltr'>διασκευὴ,</span> <span class='ocrx_word' id='word_1_112' title='bbox 1740 1507 1858 1561; x_wconf 76' lang='grc' dir='ltr'>ἔστι</span> 
     </span>
    </p>
   </div>
   <div class='ocr_carea' id='block_1_15' title="bbox 261 1596 1854 1675">
    <p class='ocr_par' dir='ltr' id='par_1_15' title="bbox 261 1596 1854 1675">
     <span class='ocr_line' id='line_1_15' title="bbox 261 1596 1854 1675; baseline -0.002 -20"><span class='ocrx_word' id='word_1_113' title='bbox 261 1600 355 1672; x_wconf 75' lang='grc' dir='ltr'>μὲν</span> <span class='ocrx_word' id='word_1_114' title='bbox 383 1600 543 1655; x_wconf 80' lang='grc' dir='ltr'>οὐδὲν</span> <span class='ocrx_word' id='word_1_115' title='bbox 590 1596 757 1675; x_wconf 81' lang='grc' dir='ltr'>ἦττον</span> <span class='ocrx_word' id='word_1_116' title='bbox 801 1600 896 1655; x_wconf 71' lang='grc' dir='ltr'><strong>καὶ</strong></span> <span class='ocrx_word' id='word_1_117' title='bbox 934 1601 1028 1654; x_wconf 80' lang='grc' dir='ltr'>ἐπὶ</span> <span class='ocrx_word' id='word_1_118' title='bbox 1054 1599 1164 1654; x_wconf 84' lang='grc' dir='ltr'>τῶν</span> <span class='ocrx_word' id='word_1_119' title='bbox 1206 1599 1697 1672; x_wconf 88' lang='grc' dir='ltr'>ἀπονεκρωθέντων</span> <span class='ocrx_word' id='word_1_120' title='bbox 1739 1597 1854 1671; x_wconf 85' lang='grc'>(58)</span> 
     </span>
    </p>
   </div>
   <div class='ocr_carea' id='block_1_16' title="bbox 256 1690 1857 1764">
    <p class='ocr_par' dir='ltr' id='par_1_16' title="bbox 256 1690 1857 1764">
     <span class='ocr_line' id='line_1_16' title="bbox 256 1690 1857 1764; baseline -0.001 -18"><span class='ocrx_word' id='word_1_121' title='bbox 256 1691 345 1747; x_wconf 74' lang='grc' dir='ltr'>διὰ</span> <span class='ocrx_word' id='word_1_122' title='bbox 382 1692 652 1757; x_wconf 85' lang='grc' dir='ltr'>θανάτου,</span> <span class='ocrx_word' id='word_1_123' title='bbox 690 1691 806 1747; x_wconf 86' lang='grc' dir='ltr'>ἀλλ’</span> <span class='ocrx_word' id='word_1_124' title='bbox 840 1692 1097 1764; x_wconf 83' lang='grc' dir='ltr'>ἀκίνητος</span> <span class='ocrx_word' id='word_1_125' title='bbox 1135 1690 1247 1764; x_wconf 86' lang='grc'>(59)</span> <span class='ocrx_word' id='word_1_126' title='bbox 1297 1692 1449 1763; x_wconf 80' lang='grc' dir='ltr'>μένει</span> <span class='ocrx_word' id='word_1_127' title='bbox 1499 1692 1597 1745; x_wconf 77' lang='grc' dir='ltr'>καὶ</span> <span class='ocrx_word' id='word_1_128' title='bbox 1638 1691 1857 1764; x_wconf 88' lang='grc' dir='ltr'>ἀνενὲρ-</span> 
     </span>
    </p>
   </div>
   <div class='ocr_carea' id='block_1_17' title="bbox 258 1784 1856 1857">
    <p class='ocr_par' dir='ltr' id='par_1_17' title="bbox 258 1784 1856 1857">
     <span class='ocr_line' id='line_1_17' title="bbox 258 1784 1856 1857; baseline 0 -21"><span class='ocrx_word' id='word_1_129' title='bbox 258 1800 444 1854; x_wconf 85' lang='grc' dir='ltr'><strong>γητος,</strong></span> <span class='ocrx_word' id='word_1_130' title='bbox 460 1785 567 1855; x_wconf 81' lang='grc' dir='ltr'>τῆς</span> <span class='ocrx_word' id='word_1_131' title='bbox 584 1784 824 1856; x_wconf 78' lang='grc' dir='ltr'>ψυχικῆς</span> <span class='ocrx_word' id='word_1_132' title='bbox 845 1784 1124 1855; x_wconf 86' lang='grc' dir='ltr'>δυνάμεως</span> <span class='ocrx_word' id='word_1_133' title='bbox 1145 1784 1203 1836; x_wconf 81' lang='grc' dir='ltr'>ὲν</span> <span class='ocrx_word' id='word_1_134' title='bbox 1227 1785 1362 1857; x_wconf 80' lang='grc' dir='ltr'>αὐτῇ</span> <span class='ocrx_word' id='word_1_135' title='bbox 1391 1785 1466 1857; x_wconf 83' lang='grc' dir='ltr'><strong>μὴ</strong></span> <span class='ocrx_word' id='word_1_136' title='bbox 1483 1784 1666 1855; x_wconf 74' lang='grc' dir='ltr'>οὔσης.</span> <span class='ocrx_word' id='word_1_137' title='bbox 1683 1786 1856 1838; x_wconf 82' lang='grc' dir='ltr'>Κινεῖ-</span> 
     </span>
    </p>
   </div>
   <div class='ocr_carea' id='block_1_18' title="bbox 1962 588 3538 660">
    <p class='ocr_par' dir='ltr' id='par_1_18' title="bbox 1962 588 3538 660">
     <span class='ocr_line' id='line_1_18' title="bbox 1962 588 3538 660; baseline -0.003 -11"><span class='ocrx_word' id='word_1_138' title='bbox 1962 601 2159 650; x_wconf 89' lang='lat' dir='ltr'><strong>natura</strong></span> <span class='ocrx_word' id='word_1_139' title='bbox 2196 610 2403 660; x_wconf 87' lang='lat' dir='ltr'><strong>rerum,</strong></span> <span class='ocrx_word' id='word_1_140' title='bbox 2436 594 2672 652; x_wconf 86' lang='lat' dir='ltr'><strong>solertcs</strong></span> <span class='ocrx_word' id='word_1_141' title='bbox 2708 599 2763 647; x_wconf 89' lang='lat' dir='ltr'><strong>et</strong></span> <span class='ocrx_word' id='word_1_142' title='bbox 2806 588 3137 644; x_wconf 81' lang='lat' dir='ltr'><strong>artiﬁciosas</strong></span> <span class='ocrx_word' id='word_1_143' title='bbox 3185 588 3450 654; x_wconf 82' lang='lat' dir='ltr'><strong>rationes,</strong></span> <span class='ocrx_word' id='word_1_144' title='bbox 3479 588 3538 644; x_wconf 92' lang='lat' dir='ltr'><strong>in</strong></span> 
     </span>
    </p>
   </div>
   <div class='ocr_carea' id='block_1_19' title="bbox 1958 680 3540 756">
    <p class='ocr_par' dir='ltr' id='par_1_19' title="bbox 1958 680 3540 756">
     <span class='ocr_line' id='line_1_19' title="bbox 1958 680 3540 756; baseline -0.004 -15"><span class='ocrx_word' id='word_1_145' title='bbox 1958 685 2061 741; x_wconf 87' lang='lat' dir='ltr'><strong>hac</strong></span> <span class='ocrx_word' id='word_1_146' title='bbox 2105 693 2251 756; x_wconf 85' lang='lat' dir='ltr'><strong>apta,</strong></span> <span class='ocrx_word' id='word_1_147' title='bbox 2283 685 2578 749; x_wconf 85' lang='lat' dir='ltr'><strong>concinna,</strong></span> <span class='ocrx_word' id='word_1_148' title='bbox 2609 680 2979 737; x_wconf 85' lang='lat' dir='ltr'><strong>consentienti</strong></span> <span class='ocrx_word' id='word_1_149' title='bbox 3014 687 3178 749; x_wconf 88' lang='lat' dir='ltr'><strong>atque</strong></span> <span class='ocrx_word' id='word_1_150' title='bbox 3200 680 3540 749; x_wconf 82' lang='lat' dir='ltr'><strong>conspiranti</strong></span> 
     </span>
    </p>
   </div>
   <div class='ocr_carea' id='block_1_20' title="bbox 1958 772 3542 846">
    <p class='ocr_par' dir='ltr' id='par_1_20' title="bbox 1958 772 3542 846">
     <span class='ocr_line' id='line_1_20' title="bbox 1958 772 3542 846; baseline -0.003 -16"><span class='ocrx_word' id='word_1_151' title='bbox 1958 777 2332 842; x_wconf 82' lang='lat' dir='ltr'><strong>distinctione,</strong></span> <span class='ocrx_word' id='word_1_152' title='bbox 2381 776 2755 846; x_wconf 82' lang='lat' dir='ltr'><strong>descriptione</strong></span> <span class='ocrx_word' id='word_1_153' title='bbox 2795 781 2961 843; x_wconf 89' lang='lat' dir='ltr'><strong>atque</strong></span> <span class='ocrx_word' id='word_1_154' title='bbox 3001 772 3313 842; x_wconf 82' lang='lat' dir='ltr'><strong>digestione</strong></span> <span class='ocrx_word' id='word_1_155' title='bbox 3359 780 3542 843; x_wconf 77' lang='lat' dir='ltr'><strong>potest</strong></span> 
     </span>
    </p>
   </div>
   <div class='ocr_carea' id='block_1_21' title="bbox 1959 861 3542 938">
    <p class='ocr_par' dir='ltr' id='par_1_21' title="bbox 1959 861 3542 938">
     <span class='ocr_line' id='line_1_21' title="bbox 1959 861 3542 938; baseline -0.006 -16"><span class='ocrx_word' id='word_1_156' title='bbox 1959 867 2325 924; x_wconf 88' lang='lat' dir='ltr'><strong>animadverti</strong></span> <span class='ocrx_word' id='word_1_157' title='bbox 2358 877 2526 938; x_wconf 89' lang='lat' dir='ltr'><strong>atque</strong></span> <span class='ocrx_word' id='word_1_158' title='bbox 2557 863 2820 922; x_wconf 79' lang='lat' dir='ltr'><strong>aestimari</strong></span> <span class='ocrx_word' id='word_1_159' title='bbox 2852 882 2866 919; x_wconf 87' lang='lat'><strong>:</strong></span> <span class='ocrx_word' id='word_1_160' title='bbox 2900 862 3100 917; x_wconf 67' lang='lat' dir='ltr'><strong>anima:</strong></span> <span class='ocrx_word' id='word_1_161' title='bbox 3137 876 3267 916; x_wconf 82' lang='lat' dir='ltr'><strong>vero</strong></span> <span class='ocrx_word' id='word_1_162' title='bbox 3298 861 3542 932; x_wconf 83' lang='lat' dir='ltr'><strong>cognitio</strong></span> 
     </span>
    </p>
   </div>
   <div class='ocr_carea' id='block_1_22' title="bbox 1960 957 3543 1031">
    <p class='ocr_par' dir='ltr' id='par_1_22' title="bbox 1960 957 3543 1031">
     <span class='ocr_line' id='line_1_22' title="bbox 1960 957 3543 1031; baseline -0.006 -16"><span class='ocrx_word' id='word_1_163' title='bbox 1960 974 2059 1030; x_wconf 91' lang='lat' dir='ltr'><strong>per</strong></span> <span class='ocrx_word' id='word_1_164' title='bbox 2094 975 2159 1016; x_wconf 91' lang='lat' dir='ltr'><strong>ea</strong></span> <span class='ocrx_word' id='word_1_165' title='bbox 2184 974 2304 1031; x_wconf 74' lang='lat' dir='ltr'><strong>quae</strong></span> <span class='ocrx_word' id='word_1_166' title='bbox 2338 960 2395 1015; x_wconf 94' lang='lat' dir='ltr'><strong>in</strong></span> <span class='ocrx_word' id='word_1_167' title='bbox 2428 974 2661 1029; x_wconf 81' lang='lat' dir='ltr'><strong>corpore</strong></span> <span class='ocrx_word' id='word_1_168' title='bbox 2695 957 3091 1018; x_wconf 89' lang='lat' dir='ltr'><strong>ostenduntur,</strong></span> <span class='ocrx_word' id='word_1_169' title='bbox 3133 969 3382 1024; x_wconf 68' lang='lat' dir='ltr'><strong>quaenam</strong></span> <span class='ocrx_word' id='word_1_170' title='bbox 3409 968 3543 1007; x_wconf 86' lang='lat' dir='ltr'><strong>con-</strong></span> 
     </span>
    </p>
   </div>
   <div class='ocr_carea' id='block_1_23' title="bbox 1960 1045 3539 1123">
    <p class='ocr_par' dir='ltr' id='par_1_23' title="bbox 1960 1045 3539 1123">
     <span class='ocr_line' id='line_1_23' title="bbox 1960 1045 3539 1123; baseline -0.006 -17"><span class='ocrx_word' id='word_1_171' title='bbox 1960 1052 2174 1123; x_wconf 86' lang='lat' dir='ltr'><strong>tingere</strong></span> <span class='ocrx_word' id='word_1_172' title='bbox 2247 1053 2422 1123; x_wconf 81' lang='lat' dir='ltr'><strong>possit</strong></span> <span class='ocrx_word' id='word_1_173' title='bbox 2477 1052 2545 1107; x_wconf 92' lang='lat' dir='ltr'><strong>iis</strong></span> <span class='ocrx_word' id='word_1_174' title='bbox 2599 1051 2691 1121; x_wconf 90' lang='lat' dir='ltr'><strong>qui</strong></span> <span class='ocrx_word' id='word_1_175' title='bbox 2743 1065 2841 1120; x_wconf 89' lang='lat' dir='ltr'><strong>per</strong></span> <span class='ocrx_word' id='word_1_176' title='bbox 2873 1048 3193 1120; x_wconf 86' lang='lat' dir='ltr'><strong>apparentia</strong></span> <span class='ocrx_word' id='word_1_177' title='bbox 3239 1045 3385 1116; x_wconf 91' lang='lat' dir='ltr'><strong>quod</strong></span> <span class='ocrx_word' id='word_1_178' title='bbox 3442 1058 3539 1097; x_wconf 84' lang='lat' dir='ltr'><strong>oc-</strong></span> 
     </span>
    </p>
   </div>
   <div class='ocr_carea' id='block_1_24' title="bbox 1960 1133 3538 1209">
    <p class='ocr_par' dir='ltr' id='par_1_24' title="bbox 1960 1133 3538 1209">
     <span class='ocr_line' id='line_1_24' title="bbox 1960 1133 3538 1209; baseline -0.001 -19"><span class='ocrx_word' id='word_1_179' title='bbox 1960 1144 2171 1199; x_wconf 72' lang='lat' dir='ltr'><strong>cultum</strong></span> <span class='ocrx_word' id='word_1_180' title='bbox 2202 1153 2321 1209; x_wconf 65' lang='lat' dir='ltr'><strong>est,</strong></span> <span class='ocrx_word' id='word_1_181' title='bbox 2363 1133 2995 1209; x_wconf 78' lang='lat' dir='ltr'><strong>investigant?M.Atque</strong></span> <span class='ocrx_word' id='word_1_182' title='bbox 3042 1136 3339 1192; x_wconf 89' lang='lat' dir='ltr'><strong>admodum</strong></span> <span class='ocrx_word' id='word_1_183' title='bbox 3386 1149 3538 1196; x_wconf 88' lang='lat' dir='ltr'><strong>sane.</strong></span> 
     </span>
    </p>
   </div>
   <div class='ocr_carea' id='block_1_25' title="bbox 1960 1225 3544 1304">
    <p class='ocr_par' dir='ltr' id='par_1_25' title="bbox 1960 1225 3544 1304">
     <span class='ocr_line' id='line_1_25' title="bbox 1960 1225 3544 1304; baseline -0.005 -17"><span class='ocrx_word' id='word_1_184' title='bbox 1960 1233 2139 1304; x_wconf 88' lang='lat' dir='ltr'><strong>inquit</strong></span> <span class='ocrx_word' id='word_1_185' title='bbox 2160 1233 2339 1302; x_wconf 87' lang='lat' dir='ltr'><strong>virgo,</strong></span> <span class='ocrx_word' id='word_1_186' title='bbox 2362 1233 2447 1287; x_wconf 89' lang='lat' dir='ltr'><strong>vel</strong></span> <span class='ocrx_word' id='word_1_187' title='bbox 2470 1231 2589 1302; x_wconf 90' lang='lat' dir='ltr'><strong>ipsa</strong></span> <span class='ocrx_word' id='word_1_188' title='bbox 2619 1232 2824 1297; x_wconf 89' lang='lat' dir='ltr'><strong>anima,</strong></span> <span class='ocrx_word' id='word_1_189' title='bbox 2839 1229 2993 1300; x_wconf 83' lang='lat' dir='ltr'><strong>juxta</strong></span> <span class='ocrx_word' id='word_1_190' title='bbox 3018 1228 3220 1283; x_wconf 90' lang='lat' dir='ltr'><strong>scitum</strong></span> <span class='ocrx_word' id='word_1_191' title='bbox 3244 1225 3381 1280; x_wconf 93' lang='lat' dir='ltr'><strong>illud</strong></span> <span class='ocrx_word' id='word_1_192' title='bbox 3403 1239 3544 1295; x_wconf 69' lang='lat' dir='ltr'><strong>pra:-</strong></span> 
     </span>
    </p>
   </div>
   <div class='ocr_carea' id='block_1_26' title="bbox 1960 1317 3541 1395">
    <p class='ocr_par' dir='ltr' id='par_1_26' title="bbox 1960 1317 3541 1395">
     <span class='ocr_line' id='line_1_26' title="bbox 1960 1317 3541 1395; baseline -0.007 -14"><span class='ocrx_word' id='word_1_193' title='bbox 1960 1332 2201 1395; x_wconf 89' lang='lat' dir='ltr'><strong>ceptum,</strong></span> <span class='ocrx_word' id='word_1_194' title='bbox 2249 1324 2463 1393; x_wconf 87' lang='lat' dir='ltr'><strong>seipsos</strong></span> <span class='ocrx_word' id='word_1_195' title='bbox 2515 1335 2750 1378; x_wconf 87' lang='lat' dir='ltr'><strong>noscere</strong></span> <span class='ocrx_word' id='word_1_196' title='bbox 2781 1319 3161 1390; x_wconf 89' lang='lat' dir='ltr'><strong>cupientibus,</strong></span> <span class='ocrx_word' id='word_1_197' title='bbox 3216 1317 3541 1387; x_wconf 82' lang='lat' dir='ltr'><strong>Opinionum</strong></span> 
     </span>
    </p>
   </div>
   <div class='ocr_carea' id='block_1_27' title="bbox 1959 1404 3543 1487">
    <p class='ocr_par' dir='ltr' id='par_1_27' title="bbox 1959 1404 3543 1487">
     <span class='ocr_line' id='line_1_27' title="bbox 1959 1404 3543 1487; baseline -0.008 -17"><span class='ocrx_word' id='word_1_198' title='bbox 1959 1425 2125 1486; x_wconf 85' lang='lat' dir='ltr'><strong>atque</strong></span> <span class='ocrx_word' id='word_1_199' title='bbox 2154 1414 2580 1487; x_wconf 81' lang='lat' dir='ltr'><strong>persuasionum</strong></span> <span class='ocrx_word' id='word_1_200' title='bbox 2636 1413 2705 1470; x_wconf 90' lang='lat' dir='ltr'><strong>de</strong></span> <span class='ocrx_word' id='word_1_201' title='bbox 2759 1413 2942 1467; x_wconf 89' lang='lat' dir='ltr'><strong>anima</strong></span> <span class='ocrx_word' id='word_1_202' title='bbox 2973 1410 3108 1465; x_wconf 87' lang='lat' dir='ltr'><strong>satis</strong></span> <span class='ocrx_word' id='word_1_203' title='bbox 3150 1408 3344 1463; x_wconf 88' lang='lat' dir='ltr'><strong>idonea</strong></span> <span class='ocrx_word' id='word_1_204' title='bbox 3390 1404 3543 1462; x_wconf 75' lang='lat' dir='ltr'><strong>sulti-</strong></span> 
     </span>
    </p>
   </div>
   <div class='ocr_carea' id='block_1_28' title="bbox 1957 1498 3542 1578">
    <p class='ocr_par' dir='ltr' id='par_1_28' title="bbox 1957 1498 3542 1578">
     <span class='ocr_line' id='line_1_28' title="bbox 1957 1498 3542 1578; baseline -0.006 -17"><span class='ocrx_word' id='word_1_205' title='bbox 1957 1507 2223 1577; x_wconf 87' lang='lat' dir='ltr'><strong>ciensque</strong></span> <span class='ocrx_word' id='word_1_206' title='bbox 2245 1506 2506 1578; x_wconf 86' lang='lat' dir='ltr'><strong>magistra</strong></span> <span class='ocrx_word' id='word_1_207' title='bbox 2543 1512 2652 1571; x_wconf 90' lang='lat' dir='ltr'><strong>est,</strong></span> <span class='ocrx_word' id='word_1_208' title='bbox 2679 1518 2874 1574; x_wconf 88' lang='lat' dir='ltr'><strong>nempe</strong></span> <span class='ocrx_word' id='word_1_209' title='bbox 2898 1503 3042 1573; x_wconf 84' lang='lat' dir='ltr'><strong>quod</strong></span> <span class='ocrx_word' id='word_1_210' title='bbox 3074 1516 3271 1571; x_wconf 79' lang='lat' dir='ltr'><strong>expers</strong></span> <span class='ocrx_word' id='word_1_211' title='bbox 3299 1498 3542 1553; x_wconf 67' lang='lat' dir='ltr'><strong>materia:</strong></span> 
     </span>
    </p>
   </div>
   <div class='ocr_carea' id='block_1_29' title="bbox 1957 1593 3542 1668">
    <p class='ocr_par' dir='ltr' id='par_1_29' title="bbox 1957 1593 3542 1668">
     <span class='ocr_line' id='line_1_29' title="bbox 1957 1593 3542 1668; baseline -0.006 -14"><span class='ocrx_word' id='word_1_212' title='bbox 1957 1605 2013 1655; x_wconf 86' lang='lat' dir='ltr'><strong>et</strong></span> <span class='ocrx_word' id='word_1_213' title='bbox 2051 1598 2385 1668; x_wconf 84' lang='lat' dir='ltr'><strong>incorporea</strong></span> <span class='ocrx_word' id='word_1_214' title='bbox 2425 1596 2674 1668; x_wconf 71' lang='lat' dir='ltr'><strong>quaedam</strong></span> <span class='ocrx_word' id='word_1_215' title='bbox 2719 1596 2813 1661; x_wconf 87' lang='lat' dir='ltr'><strong>sit,</strong></span> <span class='ocrx_word' id='word_1_216' title='bbox 2849 1610 2971 1665; x_wconf 74' lang='lat' dir='ltr'><strong>qua:</strong></span> <span class='ocrx_word' id='word_1_217' title='bbox 3005 1593 3071 1649; x_wconf 87' lang='lat' dir='ltr'><strong>ad</strong></span> <span class='ocrx_word' id='word_1_218' title='bbox 3099 1608 3252 1648; x_wconf 87' lang='lat' dir='ltr'><strong>suam</strong></span> <span class='ocrx_word' id='word_1_219' title='bbox 3288 1599 3542 1645; x_wconf 86' lang='lat' dir='ltr'><strong>naturam</strong></span> 
     </span>
    </p>
   </div>
   <div class='ocr_carea' id='block_1_30' title="bbox 1957 1679 3543 1756">
    <p class='ocr_par' dir='ltr' id='par_1_30' title="bbox 1957 1679 3543 1756">
     <span class='ocr_line' id='line_1_30' title="bbox 1957 1679 3543 1756; baseline -0.006 -14"><span class='ocrx_word' id='word_1_220' title='bbox 1957 1686 2371 1744; x_wconf 88' lang='lat' dir='ltr'><strong>accommodate</strong></span> <span class='ocrx_word' id='word_1_221' title='bbox 2416 1696 2470 1740; x_wconf 91' lang='lat' dir='ltr'><strong>et</strong></span> <span class='ocrx_word' id='word_1_222' title='bbox 2511 1692 2763 1756; x_wconf 75' lang='lat' dir='ltr'><strong>operetur</strong></span> <span class='ocrx_word' id='word_1_223' title='bbox 2814 1692 2870 1738; x_wconf 91' lang='lat' dir='ltr'><strong>et</strong></span> <span class='ocrx_word' id='word_1_224' title='bbox 2904 1690 3214 1747; x_wconf 78' lang='lat' dir='ltr'><strong>moveatur,</strong></span> <span class='ocrx_word' id='word_1_225' title='bbox 3250 1691 3304 1736; x_wconf 91' lang='lat' dir='ltr'><strong>ct</strong></span> <span class='ocrx_word' id='word_1_226' title='bbox 3336 1694 3433 1751; x_wconf 89' lang='lat' dir='ltr'><strong>per</strong></span> <span class='ocrx_word' id='word_1_227' title='bbox 3459 1679 3543 1744; x_wconf 86' lang='lat' dir='ltr'><strong>in-</strong></span> 
     </span>
    </p>
   </div>
   <div class='ocr_carea' id='block_1_31' title="bbox 1960 1769 3536 1844">
    <p class='ocr_par' dir='ltr' id='par_1_31' title="bbox 1960 1769 3536 1844">
     <span class='ocr_line' id='line_1_31' title="bbox 1960 1769 3536 1844; baseline -0.005 -14"><span class='ocrx_word' id='word_1_228' title='bbox 1960 1783 2268 1831; x_wconf 89' lang='lat' dir='ltr'><strong>strumenta</strong></span> <span class='ocrx_word' id='word_1_229' title='bbox 2334 1772 2646 1844; x_wconf 87' lang='lat' dir='ltr'><strong>corporalia</strong></span> <span class='ocrx_word' id='word_1_230' title='bbox 2715 1785 2847 1827; x_wconf 88' lang='lat' dir='ltr'><strong>suas</strong></span> <span class='ocrx_word' id='word_1_231' title='bbox 2920 1771 3196 1825; x_wconf 88' lang='lat' dir='ltr'><strong>motiones</strong></span> <span class='ocrx_word' id='word_1_232' title='bbox 3263 1769 3536 1823; x_wconf 88' lang='lat' dir='ltr'><strong>ostendat.</strong></span> 
     </span>
    </p>
   </div>
   <div class='ocr_carea' id='block_1_32' title="bbox 258 1861 1857 1947">
    <p class='ocr_par' dir='ltr' id='par_1_32' title="bbox 258 1869 1853 1947">
     <span class='ocr_line' id='line_1_32' title="bbox 258 1869 1853 1947; baseline 0.009 -20"><span class='ocrx_word' id='word_1_233' title='bbox 258 1891 345 1927; x_wconf 87' lang='grc' dir='ltr'><strong>ται</strong></span> <span class='ocrx_word' id='word_1_234' title='bbox 367 1873 427 1928; x_wconf 81' lang='grc' dir='ltr'>δὲ</span> <span class='ocrx_word' id='word_1_235' title='bbox 449 1874 579 1928; x_wconf 86' lang='grc' dir='ltr'>τότε</span> <span class='ocrx_word' id='word_1_236' title='bbox 612 1874 742 1929; x_wconf 83' lang='grc' dir='ltr'>ὅταν</span> <span class='ocrx_word' id='word_1_237' title='bbox 769 1875 804 1946; x_wconf 82' lang='grc' dir='ltr'>ἥ</span> <span class='ocrx_word' id='word_1_238' title='bbox 826 1892 887 1928; x_wconf 87' lang='grc' dir='ltr'><strong>τε</strong></span> <span class='ocrx_word' id='word_1_239' title='bbox 918 1873 1029 1947; x_wconf 89' lang='grc'>(60)</span> <span class='ocrx_word' id='word_1_240' title='bbox 1049 1873 1298 1944; x_wconf 71' lang='grc' dir='ltr'>αἴσθησις</span> <span class='ocrx_word' id='word_1_241' title='bbox 1316 1871 1375 1928; x_wconf 72' lang='grc' dir='ltr'><strong>ὲν</strong></span> <span class='ocrx_word' id='word_1_242' title='bbox 1394 1877 1506 1939; x_wconf 85' lang='grc' dir='ltr'>τοῖς</span> <span class='ocrx_word' id='word_1_243' title='bbox 1524 1874 1777 1946; x_wconf 74' lang='grc' dir='ltr'><strong>ὀργάνοις</strong></span> <span class='ocrx_word' id='word_1_244' title='bbox 1796 1869 1853 1946; x_wconf 69' lang='grc' dir='ltr'><strong>ᾖ,</strong></span> 
     </span>
    </p>
   </div>
   <div class='ocr_carea' id='block_1_33' title="bbox 1962 1861 3540 1947">
    <p class='ocr_par' dir='ltr' id='par_1_33' title="bbox 1962 1861 3540 1934">
     <span class='ocr_line' id='line_1_33' title="bbox 1962 1861 3540 1934; baseline -0.004 -13"><span class='ocrx_word' id='word_1_245' title='bbox 1962 1866 2459 1924; x_wconf 89' lang='lat' dir='ltr'><strong>lnstrumentorum</strong></span> <span class='ocrx_word' id='word_1_246' title='bbox 2493 1865 2639 1920; x_wconf 90' lang='lat' dir='ltr'><strong>enim</strong></span> <span class='ocrx_word' id='word_1_247' title='bbox 2668 1862 2918 1934; x_wconf 86' lang='lat' dir='ltr'><strong>corporis</strong></span> <span class='ocrx_word' id='word_1_248' title='bbox 2969 1861 3086 1916; x_wconf 84' lang='lat' dir='ltr'><strong>haec</strong></span> <span class='ocrx_word' id='word_1_249' title='bbox 3117 1861 3348 1931; x_wconf 80' lang='lat' dir='ltr'><strong>digestio</strong></span> <span class='ocrx_word' id='word_1_250' title='bbox 3376 1871 3540 1931; x_wconf 83' lang='lat' dir='ltr'><strong>atque</strong></span> 
     </span>
    </p>
   </div>
   <div class='ocr_carea' id='block_1_34' title="bbox 260 1961 1853 2036">
    <p class='ocr_par' dir='ltr' id='par_1_34' title="bbox 260 1961 1853 2036">
     <span class='ocr_line' id='line_1_34' title="bbox 260 1961 1853 2036; baseline 0.003 -22"><span class='ocrx_word' id='word_1_251' title='bbox 260 1962 352 2015; x_wconf 76' lang='grc' dir='ltr'>καὶ</span> <span class='ocrx_word' id='word_1_252' title='bbox 390 1961 485 2017; x_wconf 80' lang='grc' dir='ltr'>διὰ</span> <span class='ocrx_word' id='word_1_253' title='bbox 522 1963 635 2034; x_wconf 83' lang='grc' dir='ltr'>τῆς</span> <span class='ocrx_word' id='word_1_254' title='bbox 674 1962 982 2035; x_wconf 80' lang='grc' dir='ltr'>αἰσθήσεως</span> <span class='ocrx_word' id='word_1_255' title='bbox 1013 1965 1044 2036; x_wconf 85' lang='grc' dir='ltr'><strong>ή</strong></span> <span class='ocrx_word' id='word_1_256' title='bbox 1085 1964 1250 2034; x_wconf 88' lang='grc' dir='ltr'>νοητὴ</span> <span class='ocrx_word' id='word_1_257' title='bbox 1289 1962 1520 2035; x_wconf 78' lang='grc' dir='ltr'>δύναμις</span> <span class='ocrx_word' id='word_1_258' title='bbox 1556 1963 1720 2036; x_wconf 84' lang='grc' dir='ltr'>διήκῃ</span> <span class='ocrx_word' id='word_1_259' title='bbox 1744 1963 1853 2035; x_wconf 80' lang='grc'>(61)</span> 
     </span>
    </p>
   </div>
   <div class='ocr_carea' id='block_1_35' title="bbox 261 2050 1855 2124">
    <p class='ocr_par' dir='ltr' id='par_1_35' title="bbox 261 2050 1855 2124">
     <span class='ocr_line' id='line_1_35' title="bbox 261 2050 1855 2124; baseline -0.001 -20"><span class='ocrx_word' id='word_1_260' title='bbox 261 2052 380 2116; x_wconf 78' lang='grc' dir='ltr'>ταῖς</span> <span class='ocrx_word' id='word_1_261' title='bbox 431 2050 606 2116; x_wconf 87' lang='grc' dir='ltr'>ίδίαις</span> <span class='ocrx_word' id='word_1_262' title='bbox 651 2052 851 2123; x_wconf 81' lang='grc' dir='ltr'>ὁρμαῖς</span> <span class='ocrx_word' id='word_1_263' title='bbox 902 2051 1233 2122; x_wconf 88' lang='grc' dir='ltr'>συγκινοῦσα</span> <span class='ocrx_word' id='word_1_264' title='bbox 1266 2053 1404 2124; x_wconf 84' lang='grc' dir='ltr'>πρὸς</span> <span class='ocrx_word' id='word_1_265' title='bbox 1442 2052 1504 2106; x_wconf 80' lang='grc' dir='ltr'>τὸ</span> <span class='ocrx_word' id='word_1_266' title='bbox 1539 2051 1734 2106; x_wconf 82' lang='grc' dir='ltr'>δοκοῦν</span> <span class='ocrx_word' id='word_1_267' title='bbox 1786 2050 1855 2103; x_wconf 78' lang='grc' dir='ltr'><strong>τὰ.</strong></span> 
     </span>
    </p>
   </div>
   <div class='ocr_carea' id='block_1_36' title="bbox 182 2135 1850 2217">
    <p class='ocr_par' dir='ltr' id='par_1_36' title="bbox 182 2135 1850 2217">
     <span class='ocr_line' id='line_1_36' title="bbox 182 2135 1850 2217; baseline 0.01 -36"><span class='ocrx_word' id='word_1_268' title='bbox 182 2142 185 2143; x_wconf 59' lang='grc'><strong><em>⁷</em></strong></span> <span class='ocrx_word' id='word_1_269' title='bbox 261 2142 536 2212; x_wconf 73' lang='grc' dir='ltr'>ὀργανικά</span> <span class='ocrx_word' id='word_1_270' title='bbox 564 2142 917 2214; x_wconf 67' lang='grc' dir='ltr'>αἰσθητήρια,</span> <span class='ocrx_word' id='word_1_271' title='bbox 933 2138 1067 2193; x_wconf 89' lang='grc' dir='ltr'><strong>-Γ.</strong></span> <span class='ocrx_word' id='word_1_272' title='bbox 1086 2138 1129 2191; x_wconf 90' lang='grc' dir='ltr'>Τ</span> <span class='ocrx_word' id='word_1_273' title='bbox 1134 2135 1599 2209; x_wconf 76' lang='grc' dir='ltr'>ίοῦν,εῖπον,ὲστὶν</span> <span class='ocrx_word' id='word_1_274' title='bbox 1615 2148 1649 2217; x_wconf 79' lang='grc' dir='ltr'><strong>ἡ</strong></span> <span class='ocrx_word' id='word_1_275' title='bbox 1671 2144 1850 2215; x_wconf 74' lang='grc' dir='ltr'>ψυχής</span> 
     </span>
    </p>
   </div>
   <div class='ocr_carea' id='block_1_37' title="bbox 264 2229 1854 2304">
    <p class='ocr_par' dir='ltr' id='par_1_37' title="bbox 264 2229 1854 2304">
     <span class='ocr_line' id='line_1_37' title="bbox 264 2229 1854 2304; baseline 0.003 -20"><span class='ocrx_word' id='word_1_276' title='bbox 264 2232 314 2285; x_wconf 78' lang='grc' dir='ltr'><strong>εί</strong></span> <span class='ocrx_word' id='word_1_277' title='bbox 334 2229 571 2287; x_wconf 76' lang='grc' dir='ltr'>δυνατὸν</span> <span class='ocrx_word' id='word_1_278' title='bbox 600 2231 747 2303; x_wconf 84' lang='grc' dir='ltr'>λόγῳ</span> <span class='ocrx_word' id='word_1_279' title='bbox 770 2233 876 2287; x_wconf 77' lang='grc' dir='ltr'>τινὶ</span> <span class='ocrx_word' id='word_1_280' title='bbox 907 2232 1008 2304; x_wconf 77' lang='grc' dir='ltr'><strong>τὴν</strong></span> <span class='ocrx_word' id='word_1_281' title='bbox 1040 2232 1203 2302; x_wconf 83' lang='grc' dir='ltr'>φύσιν</span> <span class='ocrx_word' id='word_1_282' title='bbox 1232 2231 1616 2304; x_wconf 78' lang='grc' dir='ltr'>ὑπογραφῆναι</span> <span class='ocrx_word' id='word_1_283' title='bbox 1638 2275 1652 2300; x_wconf 95' lang='grc'>,</span> <span class='ocrx_word' id='word_1_284' title='bbox 1689 2234 1763 2297; x_wconf 83' lang='grc' dir='ltr'>ὡς</span> <span class='ocrx_word' id='word_1_285' title='bbox 1789 2234 1854 2289; x_wconf 83' lang='grc' dir='ltr'>ἄν</span> 
     </span>
    </p>
   </div>
   <div class='ocr_carea' id='block_1_38' title="bbox 264 2323 1856 2397">
    <p class='ocr_par' dir='ltr' id='par_1_38' title="bbox 264 2323 1856 2397">
     <span class='ocr_line' id='line_1_38' title="bbox 264 2323 1856 2397; baseline 0.009 -24"><span class='ocrx_word' id='word_1_286' title='bbox 264 2339 351 2391; x_wconf 77' lang='grc' dir='ltr'><strong>τις</strong></span> <span class='ocrx_word' id='word_1_287' title='bbox 373 2323 598 2392; x_wconf 81' lang='grc' dir='ltr'>γένοιτο</span> <span class='ocrx_word' id='word_1_288' title='bbox 631 2325 766 2394; x_wconf 87' lang='grc' dir='ltr'>ήμῖν</span> <span class='ocrx_word' id='word_1_289' title='bbox 792 2323 884 2379; x_wconf 87' lang='grc' dir='ltr'><strong>τοῦ</strong></span> <span class='ocrx_word' id='word_1_290' title='bbox 906 2324 1265 2397; x_wconf 83' lang='grc' dir='ltr'>ὑποκειμένου</span> <span class='ocrx_word' id='word_1_291' title='bbox 1288 2323 1377 2378; x_wconf 83' lang='grc' dir='ltr'>διὰ</span> <span class='ocrx_word' id='word_1_292' title='bbox 1409 2324 1510 2396; x_wconf 81' lang='grc' dir='ltr'>τῆς</span> <span class='ocrx_word' id='word_1_293' title='bbox 1529 2325 1856 2396; x_wconf 70' lang='grc' dir='ltr'>ὑπογραφῆς</span> 
     </span>
    </p>
   </div>
   <div class='ocr_carea' id='block_1_39' title="bbox 266 2409 1851 2485">
    <p class='ocr_par' dir='ltr' id='par_1_39' title="bbox 266 2409 1851 2485">
     <span class='ocr_line' id='line_1_39' title="bbox 266 2409 1851 2485; baseline -0.002 -19"><span class='ocrx_word' id='word_1_294' title='bbox 266 2412 633 2483; x_wconf 81' lang='grc' dir='ltr'>κατανόησις.</span> <span class='ocrx_word' id='word_1_295' title='bbox 652 2415 806 2485; x_wconf 61' lang='lat' dir='ltr'><strong>Kell]</strong></span> <span class='ocrx_word' id='word_1_296' title='bbox 822 2409 1504 2476; x_wconf 80' lang='grc' dir='ltr'>ὀιδάσκαλος,-Μ.Ἀλλοι</span> <span class='ocrx_word' id='word_1_297' title='bbox 1525 2410 1624 2483; x_wconf 78' lang='grc' dir='ltr'><strong>μὲν</strong></span> <span class='ocrx_word' id='word_1_298' title='bbox 1656 2410 1851 2473; x_wconf 79' lang='grc' dir='ltr'>ἄλλως,</span> 
     </span>
    </p>
   </div>
   <div class='ocr_carea' id='block_1_40' title="bbox 268 2500 1855 2575">
    <p class='ocr_par' dir='ltr' id='par_1_40' title="bbox 268 2500 1855 2575">
     <span class='ocr_line' id='line_1_40' title="bbox 268 2500 1855 2575; baseline -0.001 -20"><span class='ocrx_word' id='word_1_299' title='bbox 268 2502 433 2573; x_wconf 74' lang='grc' dir='ltr'>φησὶ,</span> <span class='ocrx_word' id='word_1_300' title='bbox 479 2504 581 2558; x_wconf 83' lang='grc' dir='ltr'><strong>τὸν</strong></span> <span class='ocrx_word' id='word_1_301' title='bbox 617 2502 745 2574; x_wconf 75' lang='grc' dir='ltr'>περὶ</span> <span class='ocrx_word' id='word_1_302' title='bbox 787 2502 957 2573; x_wconf 81' lang='grc' dir='ltr'>αὐτῆς</span> <span class='ocrx_word' id='word_1_303' title='bbox 997 2504 1347 2575; x_wconf 85' lang='grc' dir='ltr'>ἀπεφήναντο</span> <span class='ocrx_word' id='word_1_304' title='bbox 1384 2501 1566 2571; x_wconf 86' lang='grc' dir='ltr'>λόγον,</span> <span class='ocrx_word' id='word_1_305' title='bbox 1615 2500 1759 2555; x_wconf 84' lang='grc' dir='ltr'>κατὰ</span> <span class='ocrx_word' id='word_1_306' title='bbox 1793 2501 1855 2554; x_wconf 84' lang='grc' dir='ltr'><strong>τὸ</strong></span> 
     </span>
    </p>
   </div>
   <div class='ocr_carea' id='block_1_41' title="bbox 268 2592 1856 2667">
    <p class='ocr_par' dir='ltr' id='par_1_41' title="bbox 268 2592 1856 2667">
     <span class='ocr_line' id='line_1_41' title="bbox 268 2592 1856 2667; baseline -0.003 -18"><span class='ocrx_word' id='word_1_307' title='bbox 268 2593 454 2649; x_wconf 86' lang='grc' dir='ltr'>δοκοῦν</span> <span class='ocrx_word' id='word_1_308' title='bbox 478 2594 718 2659; x_wconf 67' lang='grc' dir='ltr'>ἕκαστος</span> <span class='ocrx_word' id='word_1_309' title='bbox 747 2595 1070 2667; x_wconf 76' lang='grc' dir='ltr'>ὁριζόμενοι,</span> <span class='ocrx_word' id='word_1_310' title='bbox 1095 2598 1128 2667; x_wconf 88' lang='grc' dir='ltr'><strong>ή</strong></span> <span class='ocrx_word' id='word_1_311' title='bbox 1161 2596 1218 2649; x_wconf 79' lang='grc' dir='ltr'>δὲ</span> <span class='ocrx_word' id='word_1_312' title='bbox 1251 2595 1495 2667; x_wconf 82' lang='grc' dir='ltr'>ἡμετέρα</span> <span class='ocrx_word' id='word_1_313' title='bbox 1528 2593 1658 2665; x_wconf 76' lang='grc' dir='ltr'>περὶ</span> <span class='ocrx_word' id='word_1_314' title='bbox 1684 2592 1856 2663; x_wconf 83' lang='grc' dir='ltr'>αὐτῆς</span> 
     </span>
    </p>
   </div>
   <div class='ocr_carea' id='block_1_42' title="bbox 267 2682 1855 2758">
    <p class='ocr_par' dir='ltr' id='par_1_42' title="bbox 267 2682 1855 2758">
     <span class='ocr_line' id='line_1_42' title="bbox 267 2682 1855 2758; baseline -0.003 -17"><span class='ocrx_word' id='word_1_315' title='bbox 267 2685 390 2752; x_wconf 79' lang='grc' dir='ltr'>δόξα</span> <span class='ocrx_word' id='word_1_316' title='bbox 432 2686 618 2752; x_wconf 74' lang='grc' dir='ltr'>οὕτως</span> <span class='ocrx_word' id='word_1_317' title='bbox 661 2686 806 2758; x_wconf 82' lang='grc' dir='ltr'>ἔχει·</span> <span class='ocrx_word' id='word_1_318' title='bbox 851 2687 1012 2758; x_wconf 81' lang='grc' dir='ltr'>Ψυχή</span> <span class='ocrx_word' id='word_1_319' title='bbox 1066 2688 1213 2741; x_wconf 75' lang='grc' dir='ltr'>ἐστιν</span> <span class='ocrx_word' id='word_1_320' title='bbox 1252 2686 1408 2741; x_wconf 85' lang='grc' dir='ltr'>ούσία</span> <span class='ocrx_word' id='word_1_321' title='bbox 1434 2684 1669 2756; x_wconf 85' lang='grc' dir='ltr'>γεννητὴ</span> <span class='ocrx_word' id='word_1_322' title='bbox 1719 2682 1855 2753; x_wconf 76' lang='lat'><strong>(6‘2),</strong></span> 
     </span>
    </p>
   </div>
   <div class='ocr_carea' id='block_1_43' title="bbox 266 2774 1854 2851">
    <p class='ocr_par' dir='ltr' id='par_1_43' title="bbox 266 2774 1854 2851">
     <span class='ocr_line' id='line_1_43' title="bbox 266 2774 1854 2851; baseline -0.003 -18"><span class='ocrx_word' id='word_1_323' title='bbox 266 2779 422 2834; x_wconf 82' lang='grc' dir='ltr'>οὐσία</span> <span class='ocrx_word' id='word_1_324' title='bbox 448 2778 630 2845; x_wconf 80' lang='grc' dir='ltr'>ζῶσα,</span> <span class='ocrx_word' id='word_1_325' title='bbox 657 2779 841 2851; x_wconf 86' lang='grc' dir='ltr'>νοερὰ,</span> <span class='ocrx_word' id='word_1_326' title='bbox 865 2778 1075 2850; x_wconf 89' lang='grc' dir='ltr'>σώματι</span> <span class='ocrx_word' id='word_1_327' title='bbox 1099 2778 1375 2849; x_wconf 88' lang='grc' dir='ltr'>ὀργανικῷ</span> <span class='ocrx_word' id='word_1_328' title='bbox 1407 2777 1502 2831; x_wconf 75' lang='grc' dir='ltr'><strong>καὶ</strong></span> <span class='ocrx_word' id='word_1_329' title='bbox 1531 2774 1854 2846; x_wconf 82' lang='grc' dir='ltr'>αἰσθητικῷ,</span> 
     </span>
    </p>
   </div>
   <div class='ocr_carea' id='block_1_44' title="bbox 267 2866 1857 2942">
    <p class='ocr_par' dir='ltr' id='par_1_44' title="bbox 267 2866 1857 2942">
     <span class='ocr_line' id='line_1_44' title="bbox 267 2866 1857 2942; baseline -0.003 -18"><span class='ocrx_word' id='word_1_330' title='bbox 267 2870 499 2942; x_wconf 85' lang='grc' dir='ltr'>δύναμιν</span> <span class='ocrx_word' id='word_1_331' title='bbox 538 2870 772 2942; x_wconf 79' lang='grc' dir='ltr'>ζωτικὴν</span> <span class='ocrx_word' id='word_1_332' title='bbox 798 2871 893 2924; x_wconf 79' lang='grc' dir='ltr'><strong>καὶ</strong></span> <span class='ocrx_word' id='word_1_333' title='bbox 919 2870 1028 2925; x_wconf 84' lang='grc' dir='ltr'><strong>τῶν</strong></span> <span class='ocrx_word' id='word_1_334' title='bbox 1057 2869 1334 2941; x_wconf 77' lang='grc' dir='ltr'>αἰσθητῶν</span> <span class='ocrx_word' id='word_1_335' title='bbox 1363 2868 1763 2939; x_wconf 81' lang='grc' dir='ltr'>ἀντιληπτικὴν</span> <span class='ocrx_word' id='word_1_336' title='bbox 1788 2866 1857 2919; x_wconf 81' lang='grc' dir='ltr'>δι’</span> 
     </span>
    </p>
   </div>
   <div class='ocr_carea' id='block_1_45' title="bbox 269 2957 1860 3031">
    <p class='ocr_par' dir='ltr' id='par_1_45' title="bbox 269 2957 1860 3031">
     <span class='ocr_line' id='line_1_45' title="bbox 269 2957 1860 3031; baseline -0.004 -16"><span class='ocrx_word' id='word_1_337' title='bbox 269 2960 469 3031; x_wconf 79' lang='grc' dir='ltr'>ἑαυτῆς</span> <span class='ocrx_word' id='word_1_338' title='bbox 499 2961 717 3015; x_wconf 79' lang='grc' dir='ltr'>ένιοῦσα</span> <span class='ocrx_word' id='word_1_339' title='bbox 752 2961 886 3031; x_wconf 78' lang='grc'>(65),</span> <span class='ocrx_word' id='word_1_340' title='bbox 921 2960 1024 3024; x_wconf 72' lang='grc' dir='ltr'><strong>ἕως</strong></span> <span class='ocrx_word' id='word_1_341' title='bbox 1052 2959 1119 3016; x_wconf 85' lang='grc' dir='ltr'>ἂν</span> <span class='ocrx_word' id='word_1_342' title='bbox 1156 2963 1190 3031; x_wconf 82' lang='grc' dir='ltr'>ἡ</span> <span class='ocrx_word' id='word_1_343' title='bbox 1218 2958 1440 3029; x_wconf 83' lang='grc' dir='ltr'>δεκτικὴ</span> <span class='ocrx_word' id='word_1_344' title='bbox 1495 2957 1699 3011; x_wconf 89' lang='grc' dir='ltr'>τούτων</span> <span class='ocrx_word' id='word_1_345' title='bbox 1734 2973 1860 3010; x_wconf 87' lang='grc' dir='ltr'>συν-</span> 
     </span>
    </p>
   </div>
   <div class='ocr_carea' id='block_1_46' title="bbox 271 3050 1859 3127">
    <p class='ocr_par' dir='ltr' id='par_1_46' title="bbox 271 3050 1859 3127">
     <span class='ocr_line' id='line_1_46' title="bbox 271 3050 1859 3127; baseline -0.003 -20"><span class='ocrx_word' id='word_1_346' title='bbox 271 3053 466 3127; x_wconf 80' lang='grc' dir='ltr'>έστηκε</span> <span class='ocrx_word' id='word_1_347' title='bbox 509 3051 617 3126; x_wconf 71' lang='grc'>(64)</span> <span class='ocrx_word' id='word_1_348' title='bbox 648 3052 958 3122; x_wconf 64' lang='grc' dir='ltr'>φύσιςΛίαὶ</span> <span class='ocrx_word' id='word_1_349' title='bbox 995 3051 1112 3122; x_wconf 77' lang='grc' dir='ltr'><strong>ἅμα</strong></span> <span class='ocrx_word' id='word_1_350' title='bbox 1147 3051 1320 3106; x_wconf 88' lang='grc' dir='ltr'>ταῦτα</span> <span class='ocrx_word' id='word_1_351' title='bbox 1352 3051 1589 3121; x_wconf 85' lang='grc' dir='ltr'>λέγουσα</span> <span class='ocrx_word' id='word_1_352' title='bbox 1619 3050 1859 3104; x_wconf 79' lang='grc' dir='ltr'>δείκνυσι</span> 
     </span>
    </p>
   </div>
   <div class='ocr_carea' id='block_1_47' title="bbox 270 3141 1859 3215">
    <p class='ocr_par' dir='ltr' id='par_1_47' title="bbox 270 3141 1859 3215">
     <span class='ocr_line' id='line_1_47' title="bbox 270 3141 1859 3215; baseline -0.003 -20"><span class='ocrx_word' id='word_1_353' title='bbox 270 3145 332 3215; x_wconf 82' lang='grc' dir='ltr'>τῇ</span> <span class='ocrx_word' id='word_1_354' title='bbox 364 3142 522 3215; x_wconf 75' lang='grc' dir='ltr'>χειρὶ</span> <span class='ocrx_word' id='word_1_355' title='bbox 566 3142 653 3197; x_wconf 78' lang='grc' dir='ltr'><strong>τὸν</strong></span> <span class='ocrx_word' id='word_1_356' title='bbox 685 3143 867 3214; x_wconf 83' lang='grc' dir='ltr'>ἰατρὸν</span> <span class='ocrx_word' id='word_1_357' title='bbox 905 3142 996 3196; x_wconf 78' lang='grc' dir='ltr'><strong>τὸν</strong></span> <span class='ocrx_word' id='word_1_358' title='bbox 1031 3141 1127 3195; x_wconf 78' lang='grc' dir='ltr'><strong>ἐπὶ</strong></span> <span class='ocrx_word' id='word_1_359' title='bbox 1166 3141 1431 3213; x_wconf 80' lang='grc' dir='ltr'>θεραπείᾳ</span> <span class='ocrx_word' id='word_1_360' title='bbox 1468 3143 1561 3195; x_wconf 86' lang='grc' dir='ltr'><strong>τοῦ</strong></span> <span class='ocrx_word' id='word_1_361' title='bbox 1611 3141 1859 3211; x_wconf 86' lang='grc' dir='ltr'>σώματος</span> 
     </span>
    </p>
   </div>
   <div class='ocr_carea' id='block_1_48' title="bbox 272 3230 1858 3307">
    <p class='ocr_par' dir='ltr' id='par_1_48' title="bbox 272 3230 1858 3307">
     <span class='ocr_line' id='line_1_48' title="bbox 272 3230 1858 3307; baseline -0.002 -19"><span class='ocrx_word' id='word_1_362' title='bbox 272 3236 406 3307; x_wconf 78' lang='grc' dir='ltr'>αὐτῇ</span> <span class='ocrx_word' id='word_1_363' title='bbox 436 3233 908 3306; x_wconf 68' lang='grc' dir='ltr'><strong>⁴ἰτροσκαθὴμενον</strong></span> <span class='ocrx_word' id='word_1_364' title='bbox 929 3273 944 3299; x_wconf 94' lang='grc'>,</span> <span class='ocrx_word' id='word_1_365' title='bbox 980 3233 1072 3286; x_wconf 90' lang='grc' dir='ltr'><strong>καί</strong></span> <span class='ocrx_word' id='word_1_366' title='bbox 1116 3249 1302 3305; x_wconf 84' lang='grc' dir='ltr'>φησιν·</span> <span class='ocrx_word' id='word_1_367' title='bbox 1357 3233 1554 3301; x_wconf 80' lang='grc' dir='ltr'>Ἐγγὺς</span> <span class='ocrx_word' id='word_1_368' title='bbox 1588 3233 1721 3302; x_wconf 79' lang='grc' dir='ltr'>ἡμῖν</span> <span class='ocrx_word' id='word_1_369' title='bbox 1752 3230 1858 3285; x_wconf 82' lang='grc' dir='ltr'><strong>τῶν</strong></span> 
     </span>
    </p>
   </div>
   <div class='ocr_carea' id='block_1_49' title="bbox 272 3315 1862 3397">
    <p class='ocr_par' dir='ltr' id='par_1_49' title="bbox 272 3315 1862 3397">
     <span class='ocr_line' id='line_1_49' title="bbox 272 3315 1862 3397; baseline -0.004 -18"><span class='ocrx_word' id='word_1_370' title='bbox 272 3324 585 3396; x_wconf 73' lang='grc' dir='ltr'>εἰρημένων</span> <span class='ocrx_word' id='word_1_371' title='bbox 625 3327 656 3394; x_wconf 82' lang='grc' dir='ltr'>ἡ</span> <span class='ocrx_word' id='word_1_372' title='bbox 696 3324 987 3397; x_wconf 86' lang='grc' dir='ltr'>μαρτυρία.</span> <span class='ocrx_word' id='word_1_373' title='bbox 1034 3323 1159 3387; x_wconf 81' lang='grc' dir='ltr'>Πῶς</span> <span class='ocrx_word' id='word_1_374' title='bbox 1190 3323 1319 3394; x_wconf 78' lang='grc' dir='ltr'>γὰρ,</span> <span class='ocrx_word' id='word_1_375' title='bbox 1351 3318 1504 3376; x_wconf 78' lang='grc' dir='ltr'>εἶπεν</span> <span class='ocrx_word' id='word_1_376' title='bbox 1539 3321 1674 3389; x_wconf 68' lang='grc'>(65),</span> <span class='ocrx_word' id='word_1_377' title='bbox 1708 3315 1862 3383; x_wconf 82' lang='grc' dir='ltr'>οῦτος</span> 
     </span>
    </p>
   </div>
   <div class='ocr_carea' id='block_1_50' title="bbox 275 3412 1861 3488">
    <p class='ocr_par' dir='ltr' id='par_1_50' title="bbox 275 3412 1861 3488">
     <span class='ocr_line' id='line_1_50' title="bbox 275 3412 1861 3488; baseline -0.003 -19"><span class='ocrx_word' id='word_1_378' title='bbox 275 3416 554 3470; x_wconf 71' lang='grc' dir='ltr'>ἐπιϐαλὼν</span> <span class='ocrx_word' id='word_1_379' title='bbox 578 3418 643 3485; x_wconf 78' lang='grc' dir='ltr'>τῇ</span> <span class='ocrx_word' id='word_1_380' title='bbox 668 3415 905 3488; x_wconf 78' lang='grc' dir='ltr'>ἀρτηρίᾳ</span> <span class='ocrx_word' id='word_1_381' title='bbox 924 3418 1024 3487; x_wconf 86' lang='grc' dir='ltr'><strong>τὴν</strong></span> <span class='ocrx_word' id='word_1_382' title='bbox 1047 3416 1157 3468; x_wconf 84' lang='grc' dir='ltr'><strong>τῶν</strong></span> <span class='ocrx_word' id='word_1_383' title='bbox 1179 3414 1457 3468; x_wconf 82' lang='grc' dir='ltr'>δακτύλων</span> <span class='ocrx_word' id='word_1_384' title='bbox 1480 3415 1643 3484; x_wconf 74' lang='grc' dir='ltr'>ἁφὴν,</span> <span class='ocrx_word' id='word_1_385' title='bbox 1671 3412 1861 3467; x_wconf 87' lang='grc' dir='ltr'>ἀκούει</span> 
     </span>
    </p>
   </div>
   <div class='ocr_carea' id='block_1_51' title="bbox 274 3505 1862 3578">
    <p class='ocr_par' dir='ltr' id='par_1_51' title="bbox 274 3505 1862 3578">
     <span class='ocr_line' id='line_1_51' title="bbox 274 3505 1862 3578; baseline -0.001 -19"><span class='ocrx_word' id='word_1_386' title='bbox 274 3507 475 3578; x_wconf 82' lang='grc' dir='ltr'>τρόπον</span> <span class='ocrx_word' id='word_1_387' title='bbox 508 3507 630 3561; x_wconf 77' lang='grc' dir='ltr'>τινὰ</span> <span class='ocrx_word' id='word_1_388' title='bbox 664 3506 754 3560; x_wconf 77' lang='grc' dir='ltr'>διὰ</span> <span class='ocrx_word' id='word_1_389' title='bbox 775 3507 874 3578; x_wconf 86' lang='grc' dir='ltr'>τῆς</span> <span class='ocrx_word' id='word_1_390' title='bbox 911 3507 1151 3576; x_wconf 77' lang='grc' dir='ltr'>ἀπτικῆς</span> <span class='ocrx_word' id='word_1_391' title='bbox 1185 3505 1487 3577; x_wconf 77' lang='grc' dir='ltr'>αἰσθήσεως</span> <span class='ocrx_word' id='word_1_392' title='bbox 1517 3506 1617 3576; x_wconf 80' lang='grc' dir='ltr'>τῆς</span> <span class='ocrx_word' id='word_1_393' title='bbox 1646 3505 1862 3575; x_wconf 84' lang='grc' dir='ltr'>φύσεως</span> 
     </span>
    </p>
   </div>
   <div class='ocr_carea' id='block_1_52' title="bbox 275 3597 1856 3670">
    <p class='ocr_par' dir='ltr' id='par_1_52' title="bbox 275 3597 1856 3670">
     <span class='ocr_line' id='line_1_52' title="bbox 275 3597 1856 3670; baseline -0.001 -19"><span class='ocrx_word' id='word_1_394' title='bbox 275 3598 408 3670; x_wconf 76' lang='grc' dir='ltr'>πρὸς</span> <span class='ocrx_word' id='word_1_395' title='bbox 433 3599 604 3653; x_wconf 78' lang='grc' dir='ltr'>αὐτὸν</span> <span class='ocrx_word' id='word_1_396' title='bbox 633 3597 863 3670; x_wconf 84' lang='grc' dir='ltr'>βοώσης,</span> <span class='ocrx_word' id='word_1_397' title='bbox 898 3599 993 3652; x_wconf 78' lang='grc' dir='ltr'><strong>καὶ</strong></span> <span class='ocrx_word' id='word_1_398' title='bbox 1021 3597 1089 3651; x_wconf 83' lang='grc' dir='ltr'><strong>τά</strong></span> <span class='ocrx_word' id='word_1_399' title='bbox 1124 3598 1231 3651; x_wconf 76' lang='grc' dir='ltr'>ἴδια</span> <span class='ocrx_word' id='word_1_400' title='bbox 1271 3598 1419 3669; x_wconf 85' lang='grc' dir='ltr'>πάθη</span> <span class='ocrx_word' id='word_1_401' title='bbox 1452 3597 1819 3668; x_wconf 81' lang='grc' dir='ltr'>διηγουμένης</span> <span class='ocrx_word' id='word_1_402' title='bbox 1841 3637 1856 3662; x_wconf 94' lang='grc'>,</span> 
     </span>
    </p>
   </div>
   <div class='ocr_carea' id='block_1_53' title="bbox 275 3688 1861 3761">
    <p class='ocr_par' dir='ltr' id='par_1_53' title="bbox 275 3688 1861 3761">
     <span class='ocr_line' id='line_1_53' title="bbox 275 3688 1861 3761; baseline 0 -18"><span class='ocrx_word' id='word_1_403' title='bbox 275 3690 354 3743; x_wconf 84' lang='grc' dir='ltr'><strong>δτι</strong></span> <span class='ocrx_word' id='word_1_404' title='bbox 385 3691 445 3744; x_wconf 81' lang='grc' dir='ltr'>ἐν</span> <span class='ocrx_word' id='word_1_405' title='bbox 487 3689 733 3743; x_wconf 76' lang='grc' dir='ltr'>ἐπιτάσει</span> <span class='ocrx_word' id='word_1_406' title='bbox 775 3689 890 3741; x_wconf 73' lang='grc' dir='ltr'>ἐστὶ</span> <span class='ocrx_word' id='word_1_407' title='bbox 916 3688 993 3760; x_wconf 83' lang='grc' dir='ltr'>τῷ</span> <span class='ocrx_word' id='word_1_408' title='bbox 1029 3688 1243 3760; x_wconf 84' lang='grc' dir='ltr'>σώματι</span> <span class='ocrx_word' id='word_1_409' title='bbox 1268 3688 1330 3741; x_wconf 85' lang='grc' dir='ltr'><strong>τὸ</strong></span> <span class='ocrx_word' id='word_1_410' title='bbox 1371 3688 1732 3761; x_wconf 73' lang='grc' dir='ltr'>ἀρρώστημα,</span> <span class='ocrx_word' id='word_1_411' title='bbox 1767 3691 1861 3743; x_wconf 84' lang='grc' dir='ltr'><strong>καὶ</strong></span> 
     </span>
    </p>
   </div>
   <div class='ocr_carea' id='block_1_54' title="bbox 275 3779 1859 3853">
    <p class='ocr_par' dir='ltr' id='par_1_54' title="bbox 275 3779 1859 3853">
     <span class='ocr_line' id='line_1_54' title="bbox 275 3779 1859 3853; baseline -0.002 -16"><span class='ocrx_word' id='word_1_412' title='bbox 275 3781 380 3837; x_wconf 63' lang='grc' dir='ltr'>ἀπὺ</span> <span class='ocrx_word' id='word_1_413' title='bbox 424 3779 597 3834; x_wconf 83' lang='grc' dir='ltr'>τῶνδε</span> <span class='ocrx_word' id='word_1_414' title='bbox 628 3779 738 3835; x_wconf 81' lang='grc' dir='ltr'>τῶν</span> <span class='ocrx_word' id='word_1_415' title='bbox 781 3779 1105 3851; x_wconf 87' lang='grc' dir='ltr'>σπλάγχνων</span> <span class='ocrx_word' id='word_1_416' title='bbox 1143 3782 1177 3851; x_wconf 82' lang='grc' dir='ltr'>ἡ</span> <span class='ocrx_word' id='word_1_417' title='bbox 1233 3779 1389 3843; x_wconf 85' lang='grc' dir='ltr'>νόσος</span> <span class='ocrx_word' id='word_1_418' title='bbox 1427 3779 1685 3853; x_wconf 84' lang='grc' dir='ltr'>ὥρμηται</span> <span class='ocrx_word' id='word_1_419' title='bbox 1712 3820 1727 3846; x_wconf 92' lang='grc'>,</span> <span class='ocrx_word' id='word_1_420' title='bbox 1765 3781 1859 3835; x_wconf 77' lang='grc' dir='ltr'>καὶ</span> 
     </span>
    </p>
   </div>
   <div class='ocr_carea' id='block_1_55' title="bbox 275 3868 1857 3942">
    <p class='ocr_par' dir='ltr' id='par_1_55' title="bbox 275 3868 1857 3942">
     <span class='ocr_line' id='line_1_55' title="bbox 275 3868 1857 3942; baseline 0 -17"><span class='ocrx_word' id='word_1_421' title='bbox 275 3871 369 3926; x_wconf 69' lang='grc' dir='ltr'><strong>ἐπὶ</strong></span> <span class='ocrx_word' id='word_1_422' title='bbox 417 3870 635 3925; x_wconf 87' lang='grc' dir='ltr'>τοσόνδε</span> <span class='ocrx_word' id='word_1_423' title='bbox 678 3870 996 3941; x_wconf 81' lang='grc' dir='ltr'>παρατείνει</span> <span class='ocrx_word' id='word_1_424' title='bbox 1045 3868 1141 3924; x_wconf 84' lang='grc' dir='ltr'><strong>τοῦ</strong></span> <span class='ocrx_word' id='word_1_425' title='bbox 1182 3870 1441 3940; x_wconf 76' lang='grc' dir='ltr'>’φλογμοῦ</span> <span class='ocrx_word' id='word_1_426' title='bbox 1486 3873 1518 3942; x_wconf 84' lang='grc' dir='ltr'><strong>ἡ</strong></span> <span class='ocrx_word' id='word_1_427' title='bbox 1570 3872 1857 3938; x_wconf 77' lang='grc' dir='ltr'>ὲπίτασις;</span> 
     </span>
    </p>
   </div>
   <div class='ocr_carea' id='block_1_56' title="bbox 278 3961 1857 4034">
    <p class='ocr_par' dir='ltr' id='par_1_56' title="bbox 278 3961 1857 4034">
     <span class='ocr_line' id='line_1_56' title="bbox 278 3961 1857 4034; baseline 0 -17"><span class='ocrx_word' id='word_1_428' title='bbox 278 3963 600 4019; x_wconf 81' lang='grc' dir='ltr'>Διδάσκεται</span> <span class='ocrx_word' id='word_1_429' title='bbox 628 3963 684 4016; x_wconf 83' lang='grc' dir='ltr'>δὲ</span> <span class='ocrx_word' id='word_1_430' title='bbox 717 3962 810 4016; x_wconf 69' lang='grc' dir='ltr'>καὶ</span> <span class='ocrx_word' id='word_1_431' title='bbox 843 3962 947 4016; x_wconf 85' lang='grc' dir='ltr'><strong>ὑπὸ</strong></span> <span class='ocrx_word' id='word_1_432' title='bbox 972 3961 1067 4016; x_wconf 85' lang='grc' dir='ltr'><strong>τοῦ</strong></span> <span class='ocrx_word' id='word_1_433' title='bbox 1101 3962 1383 4034; x_wconf 79' lang='grc' dir='ltr'>ὀφθαλμοῦ</span> <span class='ocrx_word' id='word_1_434' title='bbox 1415 3962 1552 4018; x_wconf 79' lang='grc' dir='ltr'>ἄλλα</span> <span class='ocrx_word' id='word_1_435' title='bbox 1590 3963 1815 4018; x_wconf 87' lang='grc' dir='ltr'>τοιαῦτα</span> <span class='ocrx_word' id='word_1_436' title='bbox 1843 4007 1857 4032; x_wconf 93' lang='grc'>,</span> 
     </span>
    </p>
   </div>
   <div class='ocr_carea' id='block_1_57' title="bbox 278 4051 1861 4126">
    <p class='ocr_par' dir='ltr' id='par_1_57' title="bbox 278 4051 1861 4126">
     <span class='ocr_line' id='line_1_57' title="bbox 278 4051 1861 4126; baseline 0.001 -20"><span class='ocrx_word' id='word_1_437' title='bbox 278 4054 411 4122; x_wconf 86' lang='grc' dir='ltr'>πρός</span> <span class='ocrx_word' id='word_1_438' title='bbox 433 4071 497 4106; x_wconf 85' lang='grc' dir='ltr'><strong>τε</strong></span> <span class='ocrx_word' id='word_1_439' title='bbox 519 4052 579 4106; x_wconf 80' lang='grc' dir='ltr'><strong>τὸ</strong></span> <span class='ocrx_word' id='word_1_440' title='bbox 598 4054 782 4124; x_wconf 83' lang='grc' dir='ltr'>σχῆμα</span> <span class='ocrx_word' id='word_1_441' title='bbox 810 4051 908 4122; x_wconf 82' lang='grc' dir='ltr'>τῆς</span> <span class='ocrx_word' id='word_1_442' title='bbox 936 4051 1308 4116; x_wconf 80' lang='grc' dir='ltr'>κατακλίσεως</span> <span class='ocrx_word' id='word_1_443' title='bbox 1331 4052 1565 4123; x_wconf 86' lang='grc' dir='ltr'>βλέπων,</span> <span class='ocrx_word' id='word_1_444' title='bbox 1600 4055 1694 4107; x_wconf 77' lang='grc' dir='ltr'><strong>καὶ</strong></span> <span class='ocrx_word' id='word_1_445' title='bbox 1725 4055 1861 4126; x_wconf 78' lang='grc' dir='ltr'>πρὸς</span> 
     </span>
    </p>
   </div>
   <div class='ocr_carea' id='block_1_58' title="bbox 277 4141 1860 4220">
    <p class='ocr_par' dir='ltr' id='par_1_58' title="bbox 277 4141 1860 4220">
     <span class='ocr_line' id='line_1_58' title="bbox 277 4141 1860 4220; baseline 0.003 -22"><span class='ocrx_word' id='word_1_446' title='bbox 277 4143 373 4217; x_wconf 84' lang='grc' dir='ltr'><strong>τὴν</strong></span> <span class='ocrx_word' id='word_1_447' title='bbox 403 4144 519 4198; x_wconf 85' lang='grc' dir='ltr'><strong>τῶν</strong></span> <span class='ocrx_word' id='word_1_448' title='bbox 552 4141 770 4216; x_wconf 85' lang='grc' dir='ltr'>σαρκῶν</span> <span class='ocrx_word' id='word_1_449' title='bbox 807 4142 1089 4215; x_wconf 85' lang='grc' dir='ltr'>τηκεδόνα.</span> <span class='ocrx_word' id='word_1_450' title='bbox 1126 4143 1238 4197; x_wconf 75' lang='grc' dir='ltr'>Καὶ</span> <span class='ocrx_word' id='word_1_451' title='bbox 1267 4145 1344 4209; x_wconf 85' lang='grc' dir='ltr'>ὡς</span> <span class='ocrx_word' id='word_1_452' title='bbox 1376 4147 1733 4218; x_wconf 80' lang='grc' dir='ltr'>ἐπισημαίνει</span> <span class='ocrx_word' id='word_1_453' title='bbox 1762 4149 1860 4220; x_wconf 88' lang='grc' dir='ltr'><strong>τὴν</strong></span> 
     </span>
    </p>
   </div>
   <div class='ocr_carea' id='block_1_59' title="bbox 280 4231 1861 4311">
    <p class='ocr_par' dir='ltr' id='par_1_59' title="bbox 280 4231 1861 4311">
     <span class='ocr_line' id='line_1_59' title="bbox 280 4231 1861 4311; baseline 0.001 -19"><span class='ocrx_word' id='word_1_454' title='bbox 280 4237 425 4292; x_wconf 71' lang='grc' dir='ltr'>ἔνδον</span> <span class='ocrx_word' id='word_1_455' title='bbox 457 4236 719 4300; x_wconf 84' lang='grc' dir='ltr'>διάθεσιν,</span> <span class='ocrx_word' id='word_1_456' title='bbox 752 4236 812 4289; x_wconf 88' lang='grc' dir='ltr'><strong>τό</strong></span> <span class='ocrx_word' id='word_1_457' title='bbox 848 4254 908 4290; x_wconf 85' lang='grc' dir='ltr'><strong>τε</strong></span> <span class='ocrx_word' id='word_1_458' title='bbox 952 4231 1091 4300; x_wconf 81' lang='grc' dir='ltr'>εἶδος</span> <span class='ocrx_word' id='word_1_459' title='bbox 1118 4235 1212 4290; x_wconf 91' lang='grc' dir='ltr'><strong>τοῦ</strong></span> <span class='ocrx_word' id='word_1_460' title='bbox 1248 4236 1570 4308; x_wconf 86' lang='grc' dir='ltr'>χρώματος,</span> <span class='ocrx_word' id='word_1_461' title='bbox 1607 4237 1861 4311; x_wconf 70' lang='grc' dir='ltr'>ὕπωχρόν</span> 
     </span>
    </p>
   </div>
   <div class='ocr_carea' id='block_1_60' title="bbox 277 4324 1862 4403">
    <p class='ocr_par' dir='ltr' id='par_1_60' title="bbox 277 4324 1862 4403">
     <span class='ocr_line' id='line_1_60' title="bbox 277 4324 1862 4403; baseline 0.002 -22"><span class='ocrx_word' id='word_1_462' title='bbox 277 4343 337 4381; x_wconf 83' lang='grc' dir='ltr'><strong>τε</strong></span> <span class='ocrx_word' id='word_1_463' title='bbox 377 4327 439 4381; x_wconf 78' lang='grc' dir='ltr'>ὃν</span> <span class='ocrx_word' id='word_1_464' title='bbox 486 4326 581 4380; x_wconf 77' lang='grc' dir='ltr'>καὶ</span> <span class='ocrx_word' id='word_1_465' title='bbox 622 4324 880 4397; x_wconf 81' lang='grc' dir='ltr'>χολῶδες,</span> <span class='ocrx_word' id='word_1_466' title='bbox 912 4328 1008 4380; x_wconf 73' lang='grc' dir='ltr'><strong>καὶ</strong></span> <span class='ocrx_word' id='word_1_467' title='bbox 1042 4328 1077 4398; x_wconf 86' lang='grc' dir='ltr'>ἠ</span> <span class='ocrx_word' id='word_1_468' title='bbox 1112 4326 1222 4380; x_wconf 85' lang='grc' dir='ltr'><strong>τῶν</strong></span> <span class='ocrx_word' id='word_1_469' title='bbox 1260 4327 1523 4398; x_wconf 86' lang='grc' dir='ltr'>ὀμμάτων</span> <span class='ocrx_word' id='word_1_470' title='bbox 1570 4330 1697 4401; x_wconf 84' lang='grc' dir='ltr'>βολὴ</span> <span class='ocrx_word' id='word_1_471' title='bbox 1733 4334 1862 4403; x_wconf 74' lang='grc' dir='ltr'>περὶ</span> 
     </span>
    </p>
   </div>
   <div class='ocr_carea' id='block_1_61' title="bbox 278 4420 1859 4494">
    <p class='ocr_par' dir='ltr' id='par_1_61' title="bbox 278 4420 1859 4494">
     <span class='ocr_line' id='line_1_61' title="bbox 278 4420 1859 4494; baseline 0.002 -19"><span class='ocrx_word' id='word_1_472' title='bbox 278 4420 386 4475; x_wconf 85' lang='grc' dir='ltr'><strong>τῶν</strong></span> <span class='ocrx_word' id='word_1_473' title='bbox 416 4420 729 4475; x_wconf 71' lang='grc' dir='ltr'>λυπούντων</span> <span class='ocrx_word' id='word_1_474' title='bbox 762 4420 875 4490; x_wconf 85' lang='grc'>(66)</span> <span class='ocrx_word' id='word_1_475' title='bbox 920 4422 1015 4475; x_wconf 67' lang='grc' dir='ltr'><strong>καὶ</strong></span> <span class='ocrx_word' id='word_1_476' title='bbox 1043 4420 1275 4489; x_wconf 85' lang='grc' dir='ltr'>ἀλγύνον</span> <span class='ocrx_word' id='word_1_477' title='bbox 1320 4422 1643 4494; x_wconf 80' lang='grc' dir='ltr'>αὐτομάτως</span> <span class='ocrx_word' id='word_1_478' title='bbox 1671 4424 1827 4493; x_wconf 82' lang='grc' dir='ltr'>ὲγκλι</span> <span class='ocrx_word' id='word_1_479' title='bbox 1848 4454 1859 4462; x_wconf 87' lang='grc'><strong><em>-</em></strong></span> 
     </span>
    </p>
   </div>
   <div class='ocr_carea' id='block_1_62' title="bbox 278 4495 1935 4588">
    <p class='ocr_par' dir='ltr' id='par_1_62' title="bbox 278 4495 1935 4588">
     <span class='ocr_line' id='line_1_62' title="bbox 278 4495 1935 4588; baseline 0.005 -23"><span class='ocrx_word' id='word_1_480' title='bbox 278 4513 501 4585; x_wconf 83' lang='grc' dir='ltr'>νομένη.</span> <span class='ocrx_word' id='word_1_481' title='bbox 555 4512 827 4575; x_wconf 82' lang='grc' dir='ltr'>Ὡσαύτως</span> <span class='ocrx_word' id='word_1_482' title='bbox 862 4514 921 4567; x_wconf 77' lang='grc' dir='ltr'>δὲ</span> <span class='ocrx_word' id='word_1_483' title='bbox 961 4513 1055 4567; x_wconf 69' lang='grc' dir='ltr'><strong>καὶ</strong></span> <span class='ocrx_word' id='word_1_484' title='bbox 1108 4516 1142 4586; x_wconf 84' lang='grc' dir='ltr'>ἡ</span> <span class='ocrx_word' id='word_1_485' title='bbox 1178 4514 1314 4585; x_wconf 88' lang='grc' dir='ltr'>ἀκοὴ</span> <span class='ocrx_word' id='word_1_486' title='bbox 1352 4514 1462 4585; x_wconf 85' lang='grc'>(67)</span> <span class='ocrx_word' id='word_1_487' title='bbox 1508 4515 1615 4570; x_wconf 83' lang='grc' dir='ltr'>τῶν</span> <span class='ocrx_word' id='word_1_488' title='bbox 1657 4518 1859 4588; x_wconf 82' lang='grc' dir='ltr'>ὁμοίων</span> <span class='ocrx_word' id='word_1_489' title='bbox 1891 4495 1935 4549; x_wconf 78' lang='lat' dir='ltr'><strong>D</strong></span> 
     </span>
    </p>
   </div>
   <div class='ocr_carea' id='block_1_63' title="bbox 277 4602 1855 4680">
    <p class='ocr_par' dir='ltr' id='par_1_63' title="bbox 277 4602 1855 4680">
     <span class='ocr_line' id='line_1_63' title="bbox 277 4602 1855 4680; baseline 0.005 -24"><span class='ocrx_word' id='word_1_490' title='bbox 277 4602 596 4667; x_wconf 84' lang='grc' dir='ltr'>διδάσκαλος</span> <span class='ocrx_word' id='word_1_491' title='bbox 619 4603 865 4672; x_wconf 84' lang='grc' dir='ltr'>γίνεται,</span> <span class='ocrx_word' id='word_1_492' title='bbox 894 4603 971 4674; x_wconf 85' lang='grc' dir='ltr'><strong>τῷ</strong></span> <span class='ocrx_word' id='word_1_493' title='bbox 994 4604 1050 4657; x_wconf 84' lang='grc' dir='ltr'>δὲ</span> <span class='ocrx_word' id='word_1_494' title='bbox 1076 4604 1188 4675; x_wconf 89' lang='grc'>(68)</span> <span class='ocrx_word' id='word_1_495' title='bbox 1219 4606 1410 4677; x_wconf 85' lang='grc' dir='ltr'>πυκνῷ</span> <span class='ocrx_word' id='word_1_496' title='bbox 1436 4607 1528 4661; x_wconf 88' lang='grc' dir='ltr'><strong>τοῦ</strong></span> <span class='ocrx_word' id='word_1_497' title='bbox 1557 4607 1658 4662; x_wconf 81' lang='grc' dir='ltr'><strong>άσθ</strong></span> <span class='ocrx_word' id='word_1_498' title='bbox 1666 4627 1855 4680; x_wconf 87' lang='grc' dir='ltr'>ματος,</span> 
     </span>
    </p>
   </div>
   <div class='ocr_carea' id='block_1_64' title="bbox 279 4694 1857 4774">
    <p class='ocr_par' dir='ltr' id='par_1_64' title="bbox 279 4694 1857 4774">
     <span class='ocr_line' id='line_1_64' title="bbox 279 4694 1857 4774; baseline 0.005 -27"><span class='ocrx_word' id='word_1_499' title='bbox 279 4694 373 4747; x_wconf 73' lang='grc' dir='ltr'>καὶ</span> <span class='ocrx_word' id='word_1_500' title='bbox 399 4694 477 4765; x_wconf 85' lang='grc' dir='ltr'>τῷ</span> <span class='ocrx_word' id='word_1_501' title='bbox 508 4695 932 4766; x_wconf 83' lang='grc' dir='ltr'>συνεκδιδομένῳ</span> <span class='ocrx_word' id='word_1_502' title='bbox 970 4694 1108 4766; x_wconf 89' lang='grc' dir='ltr'><strong>μετά</strong></span> <span class='ocrx_word' id='word_1_503' title='bbox 1133 4697 1232 4767; x_wconf 85' lang='grc' dir='ltr'>τῆς</span> <span class='ocrx_word' id='word_1_504' title='bbox 1258 4699 1535 4770; x_wconf 81' lang='grc' dir='ltr'>ἀναπνοῆς</span> <span class='ocrx_word' id='word_1_505' title='bbox 1568 4702 1857 4774; x_wconf 81' lang='grc' dir='ltr'>στεναγμῷ</span> 
     </span>
    </p>
   </div>
   <div class='ocr_carea' id='block_1_65' title="bbox 279 4785 1860 4865">
    <p class='ocr_par' dir='ltr' id='par_1_65' title="bbox 279 4785 1860 4865">
     <span class='ocr_line' id='line_1_65' title="bbox 279 4785 1860 4865; baseline 0.006 -25"><span class='ocrx_word' id='word_1_506' title='bbox 279 4785 340 4840; x_wconf 78' lang='grc' dir='ltr'>τὸ</span> <span class='ocrx_word' id='word_1_507' title='bbox 381 4786 552 4851; x_wconf 81' lang='grc' dir='ltr'>πάθος</span> <span class='ocrx_word' id='word_1_508' title='bbox 590 4786 1050 4856; x_wconf 82' lang='grc' dir='ltr'>ὲπιγινώσκουσα.</span> <span class='ocrx_word' id='word_1_509' title='bbox 1098 4790 1256 4842; x_wconf 77' lang='grc' dir='ltr'>Εἴποι</span> <span class='ocrx_word' id='word_1_510' title='bbox 1296 4789 1341 4843; x_wconf 83' lang='grc' dir='ltr'>δ’</span> <span class='ocrx_word' id='word_1_511' title='bbox 1373 4789 1438 4844; x_wconf 80' lang='grc' dir='ltr'>ἄν</span> <span class='ocrx_word' id='word_1_512' title='bbox 1471 4808 1557 4856; x_wconf 88' lang='grc' dir='ltr'><strong>τις</strong></span> <span class='ocrx_word' id='word_1_513' title='bbox 1593 4793 1732 4865; x_wconf 86' lang='grc' dir='ltr'>μηδὲ</span> <span class='ocrx_word' id='word_1_514' title='bbox 1759 4795 1860 4865; x_wconf 85' lang='grc' dir='ltr'><strong>τὴν</strong></span> 
     </span>
    </p>
   </div>
   <div class='ocr_carea' id='block_1_66' title="bbox 280 4877 1859 4951">
    <p class='ocr_par' dir='ltr' id='par_1_66' title="bbox 280 4877 1859 4951">
     <span class='ocr_line' id='line_1_66' title="bbox 280 4877 1859 4951; baseline 0.006 -19"><span class='ocrx_word' id='word_1_515' title='bbox 280 4877 545 4950; x_wconf 70' lang='grc' dir='ltr'>ὄσφρησιν</span> <span class='ocrx_word' id='word_1_516' title='bbox 584 4877 679 4932; x_wconf 88' lang='grc' dir='ltr'><strong>τοῦ</strong></span> <span class='ocrx_word' id='word_1_517' title='bbox 722 4882 1087 4951; x_wconf 78' lang='grc' dir='ltr'>ἐπιστήμονος</span> <span class='ocrx_word' id='word_1_518' title='bbox 1123 4880 1523 4937; x_wconf 84' lang='grc' dir='ltr'>ἀνεπίσκεπτον</span> <span class='ocrx_word' id='word_1_519' title='bbox 1571 4880 1712 4940; x_wconf 72' lang='grc' dir='ltr'>εἶναι</span> <span class='ocrx_word' id='word_1_520' title='bbox 1763 4886 1859 4940; x_wconf 83' lang='grc' dir='ltr'><strong>τοῦ</strong></span> 
     </span>
    </p>
   </div>
   <div class='ocr_carea' id='block_1_67' title="bbox 280 4966 1860 5057">
    <p class='ocr_par' dir='ltr' id='par_1_67' title="bbox 280 4966 1860 5057">
     <span class='ocr_line' id='line_1_67' title="bbox 280 4966 1860 5057; baseline 0.006 -34"><span class='ocrx_word' id='word_1_521' title='bbox 280 4970 505 5057; x_wconf 71' lang='grc' dir='ltr'>πάθους,</span> <span class='ocrx_word' id='word_1_522' title='bbox 534 4970 672 5024; x_wconf 84' lang='grc' dir='ltr'><strong>ἀλλά</strong></span> <span class='ocrx_word' id='word_1_523' title='bbox 702 4972 791 5026; x_wconf 80' lang='grc' dir='ltr'><strong>διά</strong></span> <span class='ocrx_word' id='word_1_524' title='bbox 827 4972 926 5043; x_wconf 79' lang='grc' dir='ltr'><strong>τῆς</strong></span> <span class='ocrx_word' id='word_1_525' title='bbox 956 4975 1115 5037; x_wconf 82' lang='grc' dir='ltr'>ποιᾶς</span> <span class='ocrx_word' id='word_1_526' title='bbox 1146 4972 1240 5027; x_wconf 86' lang='grc' dir='ltr'><strong>τοῦ</strong></span> <span class='ocrx_word' id='word_1_527' title='bbox 1278 4966 1557 5047; x_wconf 71' lang='grc' dir='ltr'>ἄσθματος</span> <span class='ocrx_word' id='word_1_528' title='bbox 1599 4978 1860 5050; x_wconf 85' lang='grc' dir='ltr'>ἰδιότητος</span> 
     </span>
    </p>
   </div>
   <div class='ocr_carea' id='block_1_68' title="bbox 280 5061 1862 5144">
    <p class='ocr_par' dir='ltr' id='par_1_68' title="bbox 280 5061 1862 5144">
     <span class='ocr_line' id='line_1_68' title="bbox 280 5061 1862 5144; baseline 0.007 -30"><span class='ocrx_word' id='word_1_529' title='bbox 280 5061 659 5131; x_wconf 64' lang='grc' dir='ltr'>ἐπιγινώσκειν</span> <span class='ocrx_word' id='word_1_530' title='bbox 685 5064 747 5116; x_wconf 79' lang='grc' dir='ltr'><strong>τὸ</strong></span> <span class='ocrx_word' id='word_1_531' title='bbox 775 5064 1223 5136; x_wconf 79' lang='grc' dir='ltr'>ἐγκεκρυμμένον</span> <span class='ocrx_word' id='word_1_532' title='bbox 1251 5068 1365 5130; x_wconf 87' lang='grc' dir='ltr'>τοῖς</span> <span class='ocrx_word' id='word_1_533' title='bbox 1407 5067 1738 5140; x_wconf 85' lang='grc' dir='ltr'>σπλάγχνοις</span> <span class='ocrx_word' id='word_1_534' title='bbox 1760 5071 1862 5144; x_wconf 81' lang='grc' dir='ltr'><strong>ἀῤ-</strong></span> 
     </span>
    </p>
   </div>
   <div class='ocr_carea' id='block_1_69' title="bbox 349 5196 1852 5338">
    <p class='ocr_par' dir='ltr' id='par_1_69' title="bbox 349 5196 1852 5338">
     <span class='ocr_line' id='line_1_69' title="bbox 349 5196 1852 5338; baseline 0.004 -85"><span class='ocrx_word' id='word_1_535' title='bbox 504 5197 1246 5338; x_wconf 47' lang='grc' dir='ltr'><strong>ὒὲιίρέἑὲεξμὲέρςρμονίῳ</strong></span> <span class='ocrx_word' id='word_1_536' title='bbox 1270 5200 1443 5275; x_wconf 65' lang='grc' dir='ltr'>ταύτῃ</span> <span class='ocrx_word' id='word_1_537' title='bbox 1470 5203 1852 5275; x_wconf 83' lang='grc' dir='ltr'>διακοσμήσει.</span> 
     </span>
    </p>
   </div>
   <div class='ocr_carea' id='block_1_70' title="bbox 375 5337 1172 5407">
    <p class='ocr_par' dir='ltr' id='par_1_70' title="bbox 375 5337 1172 5407">
     <span class='ocr_line' id='line_1_70' title="bbox 375 5337 1172 5407; baseline -0.001 -16"><span class='ocrx_word' id='word_1_538' title='bbox 375 5337 461 5406; x_wconf 89' lang='grc'><strong>55)</strong></span> <span class='ocrx_word' id='word_1_539' title='bbox 500 5340 571 5391; x_wconf 83' lang='lat' dir='ltr'><strong>El</strong></span> <span class='ocrx_word' id='word_1_540' title='bbox 602 5337 723 5391; x_wconf 74' lang='grc' dir='ltr'>κᾶν</span> <span class='ocrx_word' id='word_1_541' title='bbox 749 5339 811 5406; x_wconf 77' lang='grc' dir='ltr'><strong>ἡ.</strong></span> <span class='ocrx_word' id='word_1_542' title='bbox 849 5337 964 5391; x_wconf 81' lang='lat' dir='ltr'><strong>AB</strong></span> <span class='ocrx_word' id='word_1_543' title='bbox 990 5340 1172 5407; x_wconf 78' lang='grc' dir='ltr'>ἱκανή.</span> 
     </span>
    </p>
   </div>
   <div class='ocr_carea' id='block_1_71' title="bbox 372 5407 1468 5477">
    <p class='ocr_par' dir='ltr' id='par_1_71' title="bbox 372 5407 1468 5477">
     <span class='ocr_line' id='line_1_71' title="bbox 372 5407 1468 5477; baseline 0.003 -15"><span class='ocrx_word' id='word_1_544' title='bbox 372 5407 461 5477; x_wconf 89' lang='grc'><strong>56)</strong></span> <span class='ocrx_word' id='word_1_545' title='bbox 502 5409 728 5474; x_wconf 70' lang='grc' dir='ltr'>Ἀϋλός</span> <span class='ocrx_word' id='word_1_546' title='bbox 756 5425 867 5473; x_wconf 76' lang='grc' dir='ltr'>τις.</span> <span class='ocrx_word' id='word_1_547' title='bbox 898 5410 944 5461; x_wconf 80' lang='grc' dir='ltr'><strong>Α</strong></span> <span class='ocrx_word' id='word_1_548' title='bbox 972 5408 1197 5471; x_wconf 66' lang='grc' dir='ltr'>Βάῡλός</span> <span class='ocrx_word' id='word_1_549' title='bbox 1223 5409 1307 5474; x_wconf 83' lang='grc' dir='ltr'><strong>τίς</strong></span> <span class='ocrx_word' id='word_1_550' title='bbox 1331 5411 1468 5466; x_wconf 64' lang='grc' dir='ltr'>ἑστι.</span> 
     </span>
    </p>
   </div>
   <div class='ocr_carea' id='block_1_72' title="bbox 371 5477 1493 5553">
    <p class='ocr_par' dir='ltr' id='par_1_72' title="bbox 371 5477 1493 5553">
     <span class='ocr_line' id='line_1_72' title="bbox 371 5477 1493 5553; baseline 0 0"><span class='ocrx_word' id='word_1_551' title='bbox 371 5477 458 5553; x_wconf 66' lang='grc' dir='ltr'><strong>ξῖι)</strong></span> <span class='ocrx_word' id='word_1_552' title='bbox 509 5477 898 5553; x_wconf 63' lang='grc' dir='ltr'>ΪΕνεργοῦσαε</span> <span class='ocrx_word' id='word_1_553' title='bbox 931 5479 974 5531; x_wconf 83' lang='grc' dir='ltr'>Β</span> <span class='ocrx_word' id='word_1_554' title='bbox 1006 5481 1396 5553; x_wconf 67' lang='grc' dir='ltr'>ἐνεργονμένηο</span> <span class='ocrx_word' id='word_1_555' title='bbox 1490 5526 1493 5527; x_wconf 51' lang='grc' dir='ltr'><strong>ν</strong></span> 
     </span>
    </p>
   </div>
   <div class='ocr_carea' id='block_1_73' title="bbox 371 5546 1709 5623">
    <p class='ocr_par' dir='ltr' id='par_1_73' title="bbox 371 5546 1709 5623">
     <span class='ocr_line' id='line_1_73' title="bbox 371 5546 1709 5623; baseline 0.007 -23"><span class='ocrx_word' id='word_1_556' title='bbox 506 5546 1159 5623; x_wconf 44' lang='grc' dir='ltr'>ᾎπρνεκρωθένςωνηᾺ</span> <span class='ocrx_word' id='word_1_557' title='bbox 1190 5546 1709 5623; x_wconf 73' lang='grc' dir='ltr'>ἀποναρκωθέντων.</span> 
     </span>
    </p>
   </div>
   <div class='ocr_carea' id='block_1_74' title="bbox 371 5616 1361 5689">
    <p class='ocr_par' dir='ltr' id='par_1_74' title="bbox 371 5616 1361 5689">
     <span class='ocr_line' id='line_1_74' title="bbox 371 5616 1361 5689; baseline 0.005 -18"><span class='ocrx_word' id='word_1_558' title='bbox 371 5616 458 5689; x_wconf 69' lang='grc'>59)</span> <span class='ocrx_word' id='word_1_559' title='bbox 506 5618 825 5689; x_wconf 63' lang='grc' dir='ltr'>Ἇκίνηζος.</span> <span class='ocrx_word' id='word_1_560' title='bbox 860 5620 913 5689; x_wconf 50' lang='grc' dir='ltr'><strong>Α</strong></span> <span class='ocrx_word' id='word_1_561' title='bbox 939 5619 982 5671; x_wconf 89' lang='grc' dir='ltr'>Β</span> <span class='ocrx_word' id='word_1_562' title='bbox 1003 5619 1258 5689; x_wconf 81' lang='grc' dir='ltr'>ἀκίνητός</span> <span class='ocrx_word' id='word_1_563' title='bbox 1282 5638 1361 5677; x_wconf 88' lang='grc' dir='ltr'>τε.</span> 
     </span>
    </p>
   </div>
   <div class='ocr_carea' id='block_1_75' title="bbox 370 5686 1294 5762">
    <p class='ocr_par' dir='ltr' id='par_1_75' title="bbox 370 5686 1294 5762">
     <span class='ocr_line' id='line_1_75' title="bbox 370 5686 1294 5762; baseline 0.005 -22"><span class='ocrx_word' id='word_1_564' title='bbox 501 5688 678 5762; x_wconf 62' lang='grc' dir='ltr'>Ὅταν</span> <span class='ocrx_word' id='word_1_565' title='bbox 707 5686 929 5762; x_wconf 36' lang='grc' dir='ltr'>ἦτε-Β</span> <span class='ocrx_word' id='word_1_566' title='bbox 949 5688 1027 5741; x_wconf 80' lang='grc' dir='ltr'><strong>ὅτ’</strong></span> <span class='ocrx_word' id='word_1_567' title='bbox 1058 5689 1125 5743; x_wconf 84' lang='grc' dir='ltr'><strong>ἂν</strong></span> <span class='ocrx_word' id='word_1_568' title='bbox 1215 5707 1294 5745; x_wconf 84' lang='grc' dir='ltr'><strong>τε.</strong></span> 
     </span>
    </p>
   </div>
   <div class='ocr_carea' id='block_1_76' title="bbox 368 5756 1079 5829">
    <p class='ocr_par' dir='ltr' id='par_1_76' title="bbox 368 5756 1079 5829">
     <span class='ocr_line' id='line_1_76' title="bbox 368 5756 1079 5829; baseline 0.001 -19"><span class='ocrx_word' id='word_1_569' title='bbox 495 5758 702 5827; x_wconf 82' lang='grc' dir='ltr'>Διήκῃ.</span> <span class='ocrx_word' id='word_1_570' title='bbox 805 5756 1079 5829; x_wconf 52' lang='grc' dir='ltr'>διήκηται.</span> 
     </span>
    </p>
   </div>
   <div class='ocr_carea' id='block_1_77' title="bbox 348 5825 1112 5899">
    <p class='ocr_par' dir='ltr' id='par_1_77' title="bbox 348 5825 1112 5899">
     <span class='ocr_line' id='line_1_77' title="bbox 348 5825 1112 5899; baseline 0.003 -2"><span class='ocrx_word' id='word_1_571' title='bbox 348 5825 459 5899; x_wconf 63' lang='grc'>(62)</span> <span class='ocrx_word' id='word_1_572' title='bbox 494 5825 793 5897; x_wconf 60' lang='lat' dir='ltr'><strong>rma.</strong></span> <span class='ocrx_word' id='word_1_573' title='bbox 822 5825 1112 5899; x_wconf 56' lang='grc' dir='ltr'>Βγενηθήο</span> 
     </span>
    </p>
   </div>
   <div class='ocr_carea' id='block_1_78' title="bbox 345 5545 370 5897">
    <p class='ocr_par' dir='ltr' id='par_1_78' title="bbox 345 5545 370 5897">
     <span class='ocr_line' id='line_1_78' title="bbox 345 5545 370 5897; baseline 0 -2"><span class='ocrx_word' id='word_1_574' title='bbox 345 5545 370 5897; x_wconf 69' lang='grc' dir='ltr'><em>ἓ</em></span> 
     </span>
    </p>
   </div>
   <div class='ocr_carea' id='block_1_79' title="bbox 1958 1954 3534 2031">
    <p class='ocr_par' dir='ltr' id='par_1_79' title="bbox 1958 1954 3534 2031">
     <span class='ocr_line' id='line_1_79' title="bbox 1958 1954 3534 2031; baseline -0.006 -16"><span class='ocrx_word' id='word_1_575' title='bbox 1958 1968 2255 2031; x_wconf 84' lang='lat' dir='ltr'><strong>apparatus</strong></span> <span class='ocrx_word' id='word_1_576' title='bbox 2277 1966 2364 2014; x_wconf 90' lang='lat' dir='ltr'><strong>est</strong></span> <span class='ocrx_word' id='word_1_577' title='bbox 2393 1957 2613 2028; x_wconf 87' lang='lat' dir='ltr'><strong>quidem</strong></span> <span class='ocrx_word' id='word_1_578' title='bbox 2631 1954 2995 2009; x_wconf 90' lang='lat' dir='ltr'><strong>nihilominus</strong></span> <span class='ocrx_word' id='word_1_579' title='bbox 3028 1955 3085 2007; x_wconf 90' lang='lat' dir='ltr'><strong>in</strong></span> <span class='ocrx_word' id='word_1_580' title='bbox 3113 1960 3290 2008; x_wconf 88' lang='lat' dir='ltr'><strong>morte</strong></span> <span class='ocrx_word' id='word_1_581' title='bbox 3322 1968 3534 2023; x_wconf 83' lang='lat' dir='ltr'><strong>perem-</strong></span> 
     </span>
    </p>
   </div>
   <div class='ocr_carea' id='block_1_80' title="bbox 1957 2043 3538 2121">
    <p class='ocr_par' dir='ltr' id='par_1_80' title="bbox 1957 2043 3538 2121">
     <span class='ocr_line' id='line_1_80' title="bbox 1957 2043 3538 2121; baseline -0.006 -17"><span class='ocrx_word' id='word_1_582' title='bbox 1957 2051 2067 2121; x_wconf 88' lang='lat' dir='ltr'><strong>ptis</strong></span> <span class='ocrx_word' id='word_1_583' title='bbox 2113 2058 2168 2106; x_wconf 92' lang='lat' dir='ltr'><strong>et</strong></span> <span class='ocrx_word' id='word_1_584' title='bbox 2193 2048 2503 2114; x_wconf 74' lang='lat' dir='ltr'><strong>exstinctis,</strong></span> <span class='ocrx_word' id='word_1_585' title='bbox 2525 2047 2621 2102; x_wconf 88' lang='lat' dir='ltr'><strong>sed</strong></span> <span class='ocrx_word' id='word_1_586' title='bbox 2653 2047 2798 2116; x_wconf 90' lang='lat' dir='ltr'><strong>quod</strong></span> <span class='ocrx_word' id='word_1_587' title='bbox 2821 2044 3018 2099; x_wconf 83' lang='lat' dir='ltr'><strong>animae</strong></span> <span class='ocrx_word' id='word_1_588' title='bbox 3035 2045 3189 2099; x_wconf 92' lang='lat' dir='ltr'><strong>visin</strong></span> <span class='ocrx_word' id='word_1_589' title='bbox 3209 2060 3270 2099; x_wconf 88' lang='lat' dir='ltr'><strong>ca</strong></span> <span class='ocrx_word' id='word_1_590' title='bbox 3301 2060 3409 2097; x_wconf 86' lang='lat' dir='ltr'><strong>non</strong></span> <span class='ocrx_word' id='word_1_591' title='bbox 3443 2043 3538 2108; x_wconf 88' lang='lat' dir='ltr'><strong>sit,</strong></span> 
     </span>
    </p>
   </div>
   <div class='ocr_carea' id='block_1_81' title="bbox 1957 2135 3536 2213">
    <p class='ocr_par' dir='ltr' id='par_1_81' title="bbox 1957 2135 3536 2213">
     <span class='ocr_line' id='line_1_81' title="bbox 1957 2135 3536 2213; baseline -0.006 -16"><span class='ocrx_word' id='word_1_592' title='bbox 1957 2157 2155 2213; x_wconf 83' lang='lat' dir='ltr'><strong>expers</strong></span> <span class='ocrx_word' id='word_1_593' title='bbox 2185 2148 2369 2196; x_wconf 88' lang='lat' dir='ltr'><strong>manet</strong></span> <span class='ocrx_word' id='word_1_594' title='bbox 2389 2148 2443 2196; x_wconf 91' lang='lat' dir='ltr'><strong>et</strong></span> <span class='ocrx_word' id='word_1_595' title='bbox 2463 2137 2722 2193; x_wconf 85' lang='lat' dir='ltr'><strong>motionis</strong></span> <span class='ocrx_word' id='word_1_596' title='bbox 2738 2144 2792 2192; x_wconf 91' lang='lat' dir='ltr'><strong>et</strong></span> <span class='ocrx_word' id='word_1_597' title='bbox 2812 2136 3067 2190; x_wconf 85' lang='lat' dir='ltr'><strong>actionis.</strong></span> <span class='ocrx_word' id='word_1_598' title='bbox 3087 2135 3337 2190; x_wconf 85' lang='lat' dir='ltr'><strong>Movetur</strong></span> <span class='ocrx_word' id='word_1_599' title='bbox 3354 2143 3536 2189; x_wconf 90' lang='lat' dir='ltr'><strong>autem</strong></span> 
     </span>
    </p>
   </div>
   <div class='ocr_carea' id='block_1_82' title="bbox 1958 2228 3541 2301">
    <p class='ocr_par' dir='ltr' id='par_1_82' title="bbox 1958 2228 3541 2301">
     <span class='ocr_line' id='line_1_82' title="bbox 1958 2228 3541 2301; baseline -0.004 -15"><span class='ocrx_word' id='word_1_600' title='bbox 1958 2240 2115 2301; x_wconf 91' lang='lat' dir='ltr'><strong>tunc,</strong></span> <span class='ocrx_word' id='word_1_601' title='bbox 2159 2248 2283 2289; x_wconf 85' lang='lat' dir='ltr'><strong>cum</strong></span> <span class='ocrx_word' id='word_1_602' title='bbox 2325 2240 2380 2287; x_wconf 92' lang='lat' dir='ltr'><strong>et</strong></span> <span class='ocrx_word' id='word_1_603' title='bbox 2411 2245 2610 2287; x_wconf 91' lang='lat' dir='ltr'><strong>sensus</strong></span> <span class='ocrx_word' id='word_1_604' title='bbox 2643 2228 3002 2284; x_wconf 87' lang='lat' dir='ltr'><strong>instrumenti</strong></span> <span class='ocrx_word' id='word_1_605' title='bbox 3050 2237 3154 2294; x_wconf 88' lang='lat' dir='ltr'><strong>est,</strong></span> <span class='ocrx_word' id='word_1_606' title='bbox 3199 2235 3260 2285; x_wconf 85' lang='lat' dir='ltr'><strong>et</strong></span> <span class='ocrx_word' id='word_1_607' title='bbox 3288 2244 3383 2296; x_wconf 86' lang='lat' dir='ltr'><strong>per</strong></span> <span class='ocrx_word' id='word_1_608' title='bbox 3415 2242 3541 2280; x_wconf 88' lang='lat' dir='ltr'><strong>sen-</strong></span> 
     </span>
    </p>
   </div>
   <div class='ocr_carea' id='block_1_83' title="bbox 1957 2320 3541 2396">
    <p class='ocr_par' dir='ltr' id='par_1_83' title="bbox 1957 2320 3541 2396">
     <span class='ocr_line' id='line_1_83' title="bbox 1957 2320 3541 2396; baseline -0.005 -16"><span class='ocrx_word' id='word_1_609' title='bbox 1957 2342 2079 2380; x_wconf 90' lang='lat' dir='ltr'><strong>sum</strong></span> <span class='ocrx_word' id='word_1_610' title='bbox 2125 2323 2469 2396; x_wconf 87' lang='lat' dir='ltr'><strong>intelligendi</strong></span> <span class='ocrx_word' id='word_1_611' title='bbox 2508 2324 2593 2381; x_wconf 87' lang='lat' dir='ltr'><strong>vis</strong></span> <span class='ocrx_word' id='word_1_612' title='bbox 2624 2332 2791 2393; x_wconf 87' lang='lat' dir='ltr'><strong>atque</strong></span> <span class='ocrx_word' id='word_1_613' title='bbox 2820 2320 3062 2376; x_wconf 78' lang='lat' dir='ltr'><strong>facultas</strong></span> <span class='ocrx_word' id='word_1_614' title='bbox 3097 2320 3339 2390; x_wconf 88' lang='lat' dir='ltr'><strong>pertinet</strong></span> <span class='ocrx_word' id='word_1_615' title='bbox 3372 2326 3541 2387; x_wconf 85' lang='lat' dir='ltr'><strong>atque</strong></span> 
     </span>
    </p>
   </div>
   <div class='ocr_carea' id='block_1_84' title="bbox 1958 2406 3542 2490">
    <p class='ocr_par' dir='ltr' id='par_1_84' title="bbox 1958 2406 3542 2490">
     <span class='ocr_line' id='line_1_84' title="bbox 1958 2406 3542 2490; baseline -0.005 -17"><span class='ocrx_word' id='word_1_616' title='bbox 1958 2418 2210 2490; x_wconf 77' lang='lat' dir='ltr'><strong>pervadit</strong></span> <span class='ocrx_word' id='word_1_617' title='bbox 2239 2433 2346 2473; x_wconf 86' lang='lat' dir='ltr'><strong>una</strong></span> <span class='ocrx_word' id='word_1_618' title='bbox 2375 2432 2501 2473; x_wconf 92' lang='lat' dir='ltr'><strong>cum</strong></span> <span class='ocrx_word' id='word_1_619' title='bbox 2535 2416 2654 2473; x_wconf 89' lang='lat' dir='ltr'><strong>suis</strong></span> <span class='ocrx_word' id='word_1_620' title='bbox 2687 2406 3062 2471; x_wconf 6' lang='lat' dir='ltr'><strong>conatibusiet</strong></span> <span class='ocrx_word' id='word_1_621' title='bbox 3110 2410 3542 2483; x_wconf 84' lang='lat' dir='ltr'><strong>appetitionibus</strong></span> 
     </span>
    </p>
   </div>
   <div class='ocr_carea' id='block_1_85' title="bbox 1958 2503 3542 2581">
    <p class='ocr_par' dir='ltr' id='par_1_85' title="bbox 1958 2503 3542 2581">
     <span class='ocr_line' id='line_1_85' title="bbox 1958 2503 3542 2581; baseline -0.007 -16"><span class='ocrx_word' id='word_1_622' title='bbox 1958 2526 2069 2581; x_wconf 91' lang='lat' dir='ltr'><strong>quo</strong></span> <span class='ocrx_word' id='word_1_623' title='bbox 2110 2511 2285 2566; x_wconf 87' lang='lat' dir='ltr'><strong>visum</strong></span> <span class='ocrx_word' id='word_1_624' title='bbox 2324 2510 2508 2569; x_wconf 80' lang='lat' dir='ltr'><strong>fuerit.</strong></span> <span class='ocrx_word' id='word_1_625' title='bbox 2553 2510 2716 2565; x_wconf 91' lang='lat' dir='ltr'><strong>simul</strong></span> <span class='ocrx_word' id='word_1_626' title='bbox 2762 2523 2990 2564; x_wconf 89' lang='lat' dir='ltr'><strong>movens</strong></span> <span class='ocrx_word' id='word_1_627' title='bbox 3036 2519 3298 2562; x_wconf 89' lang='lat' dir='ltr'><strong>sensuum</strong></span> <span class='ocrx_word' id='word_1_628' title='bbox 3335 2503 3542 2556; x_wconf 85' lang='lat' dir='ltr'><strong>instrn-</strong></span> 
     </span>
    </p>
   </div>
   <div class='ocr_carea' id='block_1_86' title="bbox 1960 2590 3542 2662">
    <p class='ocr_par' dir='ltr' id='par_1_86' title="bbox 1960 2590 3542 2662">
     <span class='ocr_line' id='line_1_86' title="bbox 1960 2590 3542 2662; baseline -0.006 -5"><span class='ocrx_word' id='word_1_629' title='bbox 1960 2593 2161 2657; x_wconf 83' lang='lat' dir='ltr'><strong>menta.</strong></span> <span class='ocrx_word' id='word_1_630' title='bbox 2184 2590 3266 2662; x_wconf 67' lang='lat' dir='ltr'><strong>-—G.Quidigitur,inquamestanima9</strong></span> <span class='ocrx_word' id='word_1_631' title='bbox 3310 2594 3357 2648; x_wconf 83' lang='lat' dir='ltr'><strong>si</strong></span> <span class='ocrx_word' id='word_1_632' title='bbox 3402 2593 3542 2648; x_wconf 82' lang='lat' dir='ltr'><strong>forte</strong></span> 
     </span>
    </p>
   </div>
   <div class='ocr_carea' id='block_1_87' title="bbox 1960 2684 3543 2764">
    <p class='ocr_par' dir='ltr' id='par_1_87' title="bbox 1960 2684 3543 2764">
     <span class='ocr_line' id='line_1_87' title="bbox 1960 2684 3543 2764; baseline -0.004 -18"><span class='ocrx_word' id='word_1_633' title='bbox 1960 2700 2140 2764; x_wconf 87' lang='lat' dir='ltr'><strong>potest</strong></span> <span class='ocrx_word' id='word_1_634' title='bbox 2174 2691 2357 2762; x_wconf 89' lang='lat' dir='ltr'><strong>aliqua</strong></span> <span class='ocrx_word' id='word_1_635' title='bbox 2399 2692 2614 2743; x_wconf 85' lang='lat' dir='ltr'><strong>ratione</strong></span> <span class='ocrx_word' id='word_1_636' title='bbox 2658 2699 2856 2742; x_wconf 82' lang='lat' dir='ltr'><strong>natura</strong></span> <span class='ocrx_word' id='word_1_637' title='bbox 2905 2688 3027 2758; x_wconf 81' lang='lat' dir='ltr'><strong>ejus</strong></span> <span class='ocrx_word' id='word_1_638' title='bbox 3063 2684 3341 2755; x_wconf 89' lang='lat' dir='ltr'><strong>designari</strong></span> <span class='ocrx_word' id='word_1_639' title='bbox 3377 2694 3543 2754; x_wconf 80' lang='lat' dir='ltr'><strong>atque</strong></span> 
     </span>
    </p>
   </div>
   <div class='ocr_carea' id='block_1_88' title="bbox 1962 2778 3544 2853">
    <p class='ocr_par' dir='ltr' id='par_1_88' title="bbox 1962 2778 3544 2853">
     <span class='ocr_line' id='line_1_88' title="bbox 1962 2778 3544 2853; baseline -0.005 -14"><span class='ocrx_word' id='word_1_640' title='bbox 1962 2784 2220 2849; x_wconf 86' lang='lat' dir='ltr'><strong>describi,</strong></span> <span class='ocrx_word' id='word_1_641' title='bbox 2283 2794 2343 2839; x_wconf 92' lang='lat' dir='ltr'><strong>ut</strong></span> <span class='ocrx_word' id='word_1_642' title='bbox 2394 2800 2460 2840; x_wconf 75' lang='lat' dir='ltr'><strong>ex</strong></span> <span class='ocrx_word' id='word_1_643' title='bbox 2524 2783 2645 2853; x_wconf 89' lang='lat' dir='ltr'><strong>ipsa</strong></span> <span class='ocrx_word' id='word_1_644' title='bbox 2687 2781 3063 2836; x_wconf 88' lang='lat' dir='ltr'><strong>delineatione</strong></span> <span class='ocrx_word' id='word_1_645' title='bbox 3111 2789 3278 2849; x_wconf 83' lang='lat' dir='ltr'><strong>atque</strong></span> <span class='ocrx_word' id='word_1_646' title='bbox 3333 2778 3544 2831; x_wconf 64' lang='lat' dir='ltr'><strong>deseri-</strong></span> 
     </span>
    </p>
   </div>
   <div class='ocr_carea' id='block_1_89' title="bbox 1962 2867 3543 2949">
    <p class='ocr_par' dir='ltr' id='par_1_89' title="bbox 1962 2867 3543 2949">
     <span class='ocr_line' id='line_1_89' title="bbox 1962 2867 3543 2949; baseline -0.008 -19"><span class='ocrx_word' id='word_1_647' title='bbox 1962 2877 2151 2949; x_wconf 88' lang='lat' dir='ltr'><strong>ptione</strong></span> <span class='ocrx_word' id='word_1_648' title='bbox 2200 2876 2389 2946; x_wconf 89' lang='lat' dir='ltr'><strong>aliquo</strong></span> <span class='ocrx_word' id='word_1_649' title='bbox 2429 2875 2590 2929; x_wconf 89' lang='lat' dir='ltr'><strong>modo</strong></span> <span class='ocrx_word' id='word_1_650' title='bbox 2630 2872 2777 2942; x_wconf 76' lang='grc' dir='ltr'>(ιιιοσΙ</span> <span class='ocrx_word' id='word_1_651' title='bbox 2817 2871 3164 2943; x_wconf 88' lang='lat' dir='ltr'><strong>propositum</strong></span> <span class='ocrx_word' id='word_1_652' title='bbox 3216 2877 3322 2929; x_wconf 72' lang='grc' dir='ltr'>εει,</span> <span class='ocrx_word' id='word_1_653' title='bbox 3366 2867 3543 2920; x_wconf 79' lang='lat' dir='ltr'><strong>anim-</strong></span> 
     </span>
    </p>
   </div>
   <div class='ocr_carea' id='block_1_90' title="bbox 1963 2955 3544 3035">
    <p class='ocr_par' dir='ltr' id='par_1_90' title="bbox 1963 2955 3544 3035">
     <span class='ocr_line' id='line_1_90' title="bbox 1963 2955 3544 3035; baseline -0.008 -14"><span class='ocrx_word' id='word_1_654' title='bbox 1963 2966 2283 3022; x_wconf 81' lang='lat' dir='ltr'><strong>advertatur</strong></span> <span class='ocrx_word' id='word_1_655' title='bbox 2349 2960 3027 3035; x_wconf 81' lang='lat' dir='ltr'><strong>etcognoscatur.—M.Et</strong></span> <span class='ocrx_word' id='word_1_656' title='bbox 3074 2960 3380 3029; x_wconf 85' lang='lat' dir='ltr'><strong>magistra,</strong></span> <span class='ocrx_word' id='word_1_657' title='bbox 3437 2955 3544 3010; x_wconf 84' lang='lat' dir='ltr'><strong>Alii</strong></span> 
     </span>
    </p>
   </div>
   <div class='ocr_carea' id='block_1_91' title="bbox 1964 3048 3541 3129">
    <p class='ocr_par' dir='ltr' id='par_1_91' title="bbox 1964 3048 3541 3129">
     <span class='ocr_line' id='line_1_91' title="bbox 1964 3048 3541 3129; baseline -0.008 -16"><span class='ocrx_word' id='word_1_658' title='bbox 1964 3058 2185 3129; x_wconf 90' lang='lat' dir='ltr'><strong>quidem</strong></span> <span class='ocrx_word' id='word_1_659' title='bbox 2242 3057 2425 3120; x_wconf 86' lang='lat' dir='ltr'><strong>aliter,</strong></span> <span class='ocrx_word' id='word_1_660' title='bbox 2479 3052 2694 3124; x_wconf 72' lang='lat' dir='ltr'><strong>inquit,‘</strong></span> <span class='ocrx_word' id='word_1_661' title='bbox 2734 3052 3008 3107; x_wconf 89' lang='lat' dir='ltr'><strong>rationem</strong></span> <span class='ocrx_word' id='word_1_662' title='bbox 3058 3050 3180 3118; x_wconf 87' lang='lat' dir='ltr'><strong>ejus</strong></span> <span class='ocrx_word' id='word_1_663' title='bbox 3229 3048 3541 3110; x_wconf 86' lang='lat' dir='ltr'><strong>ediderunt,</strong></span> 
     </span>
    </p>
   </div>
   <div class='ocr_carea' id='block_1_92' title="bbox 1964 3143 3546 3219">
    <p class='ocr_par' dir='ltr' id='par_1_92' title="bbox 1964 3143 3546 3219">
     <span class='ocr_line' id='line_1_92' title="bbox 1964 3143 3546 3219; baseline -0.006 -16"><span class='ocrx_word' id='word_1_664' title='bbox 1964 3158 2130 3218; x_wconf 85' lang='lat' dir='ltr'><strong>prout</strong></span> <span class='ocrx_word' id='word_1_665' title='bbox 2173 3149 2377 3219; x_wconf 63' lang='lat' dir='ltr'><strong>cuique</strong></span> <span class='ocrx_word' id='word_1_666' title='bbox 2430 3147 2733 3211; x_wconf 79' lang='lat' dir='ltr'><strong>videretur,</strong></span> <span class='ocrx_word' id='word_1_667' title='bbox 2783 3143 3148 3200; x_wconf 78' lang='lat' dir='ltr'><strong>deﬁnientes:</strong></span> <span class='ocrx_word' id='word_1_668' title='bbox 3181 3148 3371 3197; x_wconf 90' lang='lat' dir='ltr'><strong>nostra</strong></span> <span class='ocrx_word' id='word_1_669' title='bbox 3414 3153 3546 3194; x_wconf 91' lang='lat' dir='ltr'><strong>vero</strong></span> 
     </span>
    </p>
   </div>
   <div class='ocr_carea' id='block_1_93' title="bbox 1964 3230 3545 3295">
    <p class='ocr_par' dir='ltr' id='par_1_93' title="bbox 1964 3230 3545 3295">
     <span class='ocr_line' id='line_1_93' title="bbox 1964 3230 3545 3295; baseline -0.007 -2"><span class='ocrx_word' id='word_1_670' title='bbox 1964 3239 2033 3295; x_wconf 91' lang='lat' dir='ltr'><strong>de</strong></span> <span class='ocrx_word' id='word_1_671' title='bbox 2089 3253 2153 3295; x_wconf 90' lang='lat' dir='ltr'><strong>ea</strong></span> <span class='ocrx_word' id='word_1_672' title='bbox 2206 3238 2484 3295; x_wconf 84' lang='lat' dir='ltr'><strong>sententia</strong></span> <span class='ocrx_word' id='word_1_673' title='bbox 2538 3237 2665 3293; x_wconf 85' lang='lat' dir='ltr'><strong>talis</strong></span> <span class='ocrx_word' id='word_1_674' title='bbox 2711 3243 2799 3293; x_wconf 87' lang='lat' dir='ltr'><strong>est</strong></span> <span class='ocrx_word' id='word_1_675' title='bbox 2857 3254 2871 3289; x_wconf 89' lang='lat'><strong>:</strong></span> <span class='ocrx_word' id='word_1_676' title='bbox 2919 3234 3123 3288; x_wconf 85' lang='lat' dir='ltr'><strong>Anima</strong></span> <span class='ocrx_word' id='word_1_677' title='bbox 3174 3240 3258 3288; x_wconf 89' lang='lat' dir='ltr'><strong>est</strong></span> <span class='ocrx_word' id='word_1_678' title='bbox 3305 3230 3545 3287; x_wconf 86' lang='lat' dir='ltr'><strong>essentia</strong></span> 
     </span>
    </p>
   </div>
   <div class='ocr_carea' id='block_1_94' title="bbox 1962 3320 3546 3398">
    <p class='ocr_par' dir='ltr' id='par_1_94' title="bbox 1962 3320 3546 3398">
     <span class='ocr_line' id='line_1_94' title="bbox 1962 3320 3546 3398; baseline -0.004 -16"><span class='ocrx_word' id='word_1_679' title='bbox 1962 3337 2243 3398; x_wconf 85' lang='lat' dir='ltr'><strong>generata,</strong></span> <span class='ocrx_word' id='word_1_680' title='bbox 2284 3329 2529 3385; x_wconf 88' lang='lat' dir='ltr'><strong>essentia</strong></span> <span class='ocrx_word' id='word_1_681' title='bbox 2564 3329 2780 3390; x_wconf 87' lang='lat' dir='ltr'><strong>vivens,</strong></span> <span class='ocrx_word' id='word_1_682' title='bbox 2820 3324 3232 3388; x_wconf 85' lang='lat' dir='ltr'><strong>intellectualis,</strong></span> <span class='ocrx_word' id='word_1_683' title='bbox 3265 3320 3546 3393; x_wconf 86' lang='lat' dir='ltr'><strong>corporeis</strong></span> 
     </span>
    </p>
   </div>
   <div class='ocr_carea' id='block_1_95' title="bbox 1963 3417 3547 3486">
    <p class='ocr_par' dir='ltr' id='par_1_95' title="bbox 1963 3417 3547 3486">
     <span class='ocr_line' id='line_1_95' title="bbox 1963 3417 3547 3486; baseline -0.006 -12"><span class='ocrx_word' id='word_1_684' title='bbox 1963 3435 2222 3475; x_wconf 84' lang='lat' dir='ltr'><strong>sensuum</strong></span> <span class='ocrx_word' id='word_1_685' title='bbox 2269 3418 2653 3474; x_wconf 88' lang='lat' dir='ltr'><strong>instrumentis</strong></span> <span class='ocrx_word' id='word_1_686' title='bbox 2704 3417 2944 3480; x_wconf 90' lang='lat' dir='ltr'><strong>vivendi,</strong></span> <span class='ocrx_word' id='word_1_687' title='bbox 2983 3424 3146 3486; x_wconf 88' lang='lat' dir='ltr'><strong>atque</strong></span> <span class='ocrx_word' id='word_1_688' title='bbox 3189 3430 3253 3468; x_wconf 88' lang='lat' dir='ltr'><strong>ea</strong></span> <span class='ocrx_word' id='word_1_689' title='bbox 3299 3428 3421 3483; x_wconf 68' lang='lat' dir='ltr'><strong>qua:</strong></span> <span class='ocrx_word' id='word_1_690' title='bbox 3453 3426 3547 3466; x_wconf 92' lang='lat' dir='ltr'><strong>ca-</strong></span> 
     </span>
    </p>
   </div>
   <div class='ocr_carea' id='block_1_96' title="bbox 1963 3508 3545 3583">
    <p class='ocr_par' dir='ltr' id='par_1_96' title="bbox 1963 3508 3545 3583">
     <span class='ocr_line' id='line_1_96' title="bbox 1963 3508 3545 3583; baseline -0.004 -20"><span class='ocrx_word' id='word_1_691' title='bbox 1963 3510 2103 3565; x_wconf 87' lang='lat' dir='ltr'><strong>dunt</strong></span> <span class='ocrx_word' id='word_1_692' title='bbox 2152 3510 2257 3566; x_wconf 90' lang='lat' dir='ltr'><strong>sub</strong></span> <span class='ocrx_word' id='word_1_693' title='bbox 2315 3525 2513 3566; x_wconf 86' lang='lat' dir='ltr'><strong>sensus</strong></span> <span class='ocrx_word' id='word_1_694' title='bbox 2570 3510 2910 3583; x_wconf 88' lang='lat' dir='ltr'><strong>percipiendi</strong></span> <span class='ocrx_word' id='word_1_695' title='bbox 2955 3508 3278 3563; x_wconf 83' lang='lat' dir='ltr'><strong>facultatem</strong></span> <span class='ocrx_word' id='word_1_696' title='bbox 3333 3522 3399 3560; x_wconf 90' lang='lat' dir='ltr'><strong>ac</strong></span> <span class='ocrx_word' id='word_1_697' title='bbox 3435 3508 3545 3567; x_wconf 83' lang='lat' dir='ltr'><strong>vim</strong></span> 
     </span>
    </p>
   </div>
   <div class='ocr_carea' id='block_1_97' title="bbox 1963 3595 3545 3671">
    <p class='ocr_par' dir='ltr' id='par_1_97' title="bbox 1963 3595 3545 3671">
     <span class='ocr_line' id='line_1_97' title="bbox 1963 3595 3545 3671; baseline -0.006 -16"><span class='ocrx_word' id='word_1_698' title='bbox 1963 3615 2060 3671; x_wconf 87' lang='lat' dir='ltr'><strong>per</strong></span> <span class='ocrx_word' id='word_1_699' title='bbox 2105 3615 2225 3655; x_wconf 89' lang='lat' dir='ltr'><strong>sese</strong></span> <span class='ocrx_word' id='word_1_700' title='bbox 2264 3614 2566 3671; x_wconf 76' lang='lat' dir='ltr'><strong>suggerens</strong></span> <span class='ocrx_word' id='word_1_701' title='bbox 2614 3605 2669 3653; x_wconf 90' lang='lat' dir='ltr'><strong>et</strong></span> <span class='ocrx_word' id='word_1_702' title='bbox 2718 3597 3044 3660; x_wconf 88' lang='lat' dir='ltr'><strong>immittens,</strong></span> <span class='ocrx_word' id='word_1_703' title='bbox 3090 3595 3336 3666; x_wconf 85' lang='lat' dir='ltr'><strong>quandiu</strong></span> <span class='ocrx_word' id='word_1_704' title='bbox 3371 3607 3545 3662; x_wconf 80' lang='lat' dir='ltr'><strong>capax</strong></span> 
     </span>
    </p>
   </div>
   <div class='ocr_carea' id='block_1_98' title="bbox 1963 3684 3549 3747">
    <p class='ocr_par' dir='ltr' id='par_1_98' title="bbox 1963 3684 3549 3747">
     <span class='ocr_line' id='line_1_98' title="bbox 1963 3684 3549 3747; baseline -0.005 -1"><span class='ocrx_word' id='word_1_705' title='bbox 1963 3706 2153 3747; x_wconf 89' lang='lat' dir='ltr'><strong>earum</strong></span> <span class='ocrx_word' id='word_1_706' title='bbox 2196 3706 2381 3745; x_wconf 84' lang='lat' dir='ltr'><strong>rerum</strong></span> <span class='ocrx_word' id='word_1_707' title='bbox 2421 3698 2620 3745; x_wconf 89' lang='lat' dir='ltr'><strong>natura</strong></span> <span class='ocrx_word' id='word_1_708' title='bbox 2663 3697 2926 3745; x_wconf 90' lang='lat' dir='ltr'><strong>constare</strong></span> <span class='ocrx_word' id='word_1_709' title='bbox 2969 3689 3245 3743; x_wconf 87' lang='lat' dir='ltr'><strong>videatur.</strong></span> <span class='ocrx_word' id='word_1_710' title='bbox 3280 3684 3348 3739; x_wconf 84' lang='lat' dir='ltr'><strong>Et</strong></span> <span class='ocrx_word' id='word_1_711' title='bbox 3383 3684 3549 3739; x_wconf 89' lang='lat' dir='ltr'><strong>simul</strong></span> 
     </span>
    </p>
   </div>
   <div class='ocr_carea' id='block_1_99' title="bbox 1963 3778 3551 3851">
    <p class='ocr_par' dir='ltr' id='par_1_99' title="bbox 1963 3778 3551 3851">
     <span class='ocr_line' id='line_1_99' title="bbox 1963 3778 3551 3851; baseline -0.002 -16"><span class='ocrx_word' id='word_1_712' title='bbox 1963 3780 2081 3837; x_wconf 85' lang='lat' dir='ltr'><strong>haec</strong></span> <span class='ocrx_word' id='word_1_713' title='bbox 2140 3780 2354 3844; x_wconf 90' lang='lat' dir='ltr'><strong>dicens,</strong></span> <span class='ocrx_word' id='word_1_714' title='bbox 2412 3780 2710 3845; x_wconf 90' lang='lat' dir='ltr'><strong>medicum,</strong></span> <span class='ocrx_word' id='word_1_715' title='bbox 2771 3781 2866 3851; x_wconf 88' lang='lat' dir='ltr'><strong>qui</strong></span> <span class='ocrx_word' id='word_1_716' title='bbox 2915 3779 2965 3834; x_wconf 89' lang='lat' dir='ltr'><strong>ei</strong></span> <span class='ocrx_word' id='word_1_717' title='bbox 3020 3778 3251 3835; x_wconf 88' lang='lat' dir='ltr'><strong>curandi</strong></span> <span class='ocrx_word' id='word_1_718' title='bbox 3297 3778 3551 3848; x_wconf 86' lang='lat' dir='ltr'><strong>corporis</strong></span> 
     </span>
    </p>
   </div>
   <div class='ocr_carea' id='block_1_100' title="bbox 1963 3869 3552 3939">
    <p class='ocr_par' dir='ltr' id='par_1_100' title="bbox 1963 3869 3552 3939">
     <span class='ocr_line' id='line_1_100' title="bbox 1963 3869 3552 3939; baseline -0.003 -11"><span class='ocrx_word' id='word_1_719' title='bbox 1963 3888 2129 3929; x_wconf 79' lang='lat' dir='ltr'><strong>causa</strong></span> <span class='ocrx_word' id='word_1_720' title='bbox 2173 3872 2472 3939; x_wconf 85' lang='lat' dir='ltr'><strong>assidebat,</strong></span> <span class='ocrx_word' id='word_1_721' title='bbox 2530 3888 2697 3927; x_wconf 88' lang='lat' dir='ltr'><strong>manu</strong></span> <span class='ocrx_word' id='word_1_722' title='bbox 2753 3872 3027 3938; x_wconf 89' lang='lat' dir='ltr'><strong>ostendit,</strong></span> <span class='ocrx_word' id='word_1_723' title='bbox 3074 3880 3131 3927; x_wconf 89' lang='lat' dir='ltr'><strong>et</strong></span> <span class='ocrx_word' id='word_1_724' title='bbox 3179 3871 3292 3926; x_wconf 88' lang='lat' dir='ltr'><strong>ait:</strong></span> <span class='ocrx_word' id='word_1_725' title='bbox 3342 3869 3552 3924; x_wconf 63' lang='lat' dir='ltr'><strong>Praesto</strong></span> 
     </span>
    </p>
   </div>
   <div class='ocr_carea' id='block_1_101' title="bbox 1965 3961 3553 4036">
    <p class='ocr_par' dir='ltr' id='par_1_101' title="bbox 1965 3961 3553 4036">
     <span class='ocr_line' id='line_1_101' title="bbox 1965 3961 3553 4036; baseline -0.004 -15"><span class='ocrx_word' id='word_1_726' title='bbox 1965 3966 2130 4023; x_wconf 89' lang='lat' dir='ltr'><strong>nobis</strong></span> <span class='ocrx_word' id='word_1_727' title='bbox 2163 3975 2457 4022; x_wconf 85' lang='lat' dir='ltr'><strong>esteorum</strong></span> <span class='ocrx_word' id='word_1_728' title='bbox 2483 3982 2605 4036; x_wconf 74' lang='lat' dir='ltr'><strong>quae</strong></span> <span class='ocrx_word' id='word_1_729' title='bbox 2634 3966 2784 4020; x_wconf 89' lang='lat' dir='ltr'><strong>dicta</strong></span> <span class='ocrx_word' id='word_1_730' title='bbox 2813 3974 2944 4021; x_wconf 87' lang='lat' dir='ltr'><strong>sunt</strong></span> <span class='ocrx_word' id='word_1_731' title='bbox 2973 3962 3376 4020; x_wconf 86' lang='lat' dir='ltr'><strong>testimonium.</strong></span> <span class='ocrx_word' id='word_1_732' title='bbox 3406 3961 3553 4027; x_wconf 88' lang='lat' dir='ltr'><strong>Quo-</strong></span> 
     </span>
    </p>
   </div>
   <div class='ocr_carea' id='block_1_102' title="bbox 1962 4054 3550 4129">
    <p class='ocr_par' dir='ltr' id='par_1_102' title="bbox 1962 4054 3550 4129">
     <span class='ocr_line' id='line_1_102' title="bbox 1962 4054 3550 4129; baseline -0.004 -15"><span class='ocrx_word' id='word_1_733' title='bbox 1962 4074 2091 4114; x_wconf 90' lang='lat' dir='ltr'><strong>nam</strong></span> <span class='ocrx_word' id='word_1_734' title='bbox 2135 4058 2282 4115; x_wconf 89' lang='lat' dir='ltr'><strong>enim</strong></span> <span class='ocrx_word' id='word_1_735' title='bbox 2327 4058 2515 4127; x_wconf 87' lang='lat' dir='ltr'><strong>modo,</strong></span> <span class='ocrx_word' id='word_1_736' title='bbox 2550 4057 2753 4129; x_wconf 87' lang='lat' dir='ltr'><strong>inquit,</strong></span> <span class='ocrx_word' id='word_1_737' title='bbox 2796 4058 2886 4112; x_wconf 81' lang='lat' dir='ltr'><strong>hic</strong></span> <span class='ocrx_word' id='word_1_738' title='bbox 2942 4064 3092 4113; x_wconf 87' lang='lat' dir='ltr'><strong>tactu</strong></span> <span class='ocrx_word' id='word_1_739' title='bbox 3146 4056 3442 4125; x_wconf 82' lang='lat' dir='ltr'><strong>digitorum</strong></span> <span class='ocrx_word' id='word_1_740' title='bbox 3482 4054 3550 4109; x_wconf 89' lang='lat' dir='ltr'><strong>ad</strong></span> 
     </span>
    </p>
   </div>
   <div class='ocr_carea' id='block_1_103' title="bbox 1963 4147 3552 4221">
    <p class='ocr_par' dir='ltr' id='par_1_103' title="bbox 1963 4147 3552 4221">
     <span class='ocr_line' id='line_1_103' title="bbox 1963 4147 3552 4221; baseline -0.006 -13"><span class='ocrx_word' id='word_1_741' title='bbox 1963 4152 2220 4208; x_wconf 89' lang='lat' dir='ltr'><strong>arteriam</strong></span> <span class='ocrx_word' id='word_1_742' title='bbox 2266 4151 2534 4215; x_wconf 88' lang='lat' dir='ltr'><strong>adhibito,</strong></span> <span class='ocrx_word' id='word_1_743' title='bbox 2586 4166 2683 4221; x_wconf 91' lang='lat' dir='ltr'><strong>per</strong></span> <span class='ocrx_word' id='word_1_744' title='bbox 2722 4150 2985 4220; x_wconf 75' lang='lat' dir='ltr'><strong>tangendi</strong></span> <span class='ocrx_word' id='word_1_745' title='bbox 3015 4164 3239 4206; x_wconf 88' lang='lat' dir='ltr'><strong>sensum</strong></span> <span class='ocrx_word' id='word_1_746' title='bbox 3279 4147 3552 4217; x_wconf 77' lang='lat' dir='ltr'><strong>quodam-</strong></span> 
     </span>
    </p>
   </div>
   <div class='ocr_carea' id='block_1_104' title="bbox 1962 4242 3553 4313">
    <p class='ocr_par' dir='ltr' id='par_1_104' title="bbox 1962 4242 3553 4313">
     <span class='ocr_line' id='line_1_104' title="bbox 1962 4242 3553 4313; baseline -0.003 -16"><span class='ocrx_word' id='word_1_747' title='bbox 1962 4242 2126 4298; x_wconf 90' lang='lat' dir='ltr'><strong>modo</strong></span> <span class='ocrx_word' id='word_1_748' title='bbox 2157 4242 2311 4297; x_wconf 91' lang='lat' dir='ltr'><strong>audit</strong></span> <span class='ocrx_word' id='word_1_749' title='bbox 2346 4243 2416 4297; x_wconf 88' lang='lat' dir='ltr'><strong>ad</strong></span> <span class='ocrx_word' id='word_1_750' title='bbox 2438 4243 2621 4313; x_wconf 90' lang='lat' dir='ltr'><strong>ipsum</strong></span> <span class='ocrx_word' id='word_1_751' title='bbox 2647 4244 2974 4296; x_wconf 88' lang='lat' dir='ltr'><strong>clamantem</strong></span> <span class='ocrx_word' id='word_1_752' title='bbox 3007 4247 3286 4304; x_wconf 89' lang='lat' dir='ltr'><strong>naturam,</strong></span> <span class='ocrx_word' id='word_1_753' title='bbox 3311 4253 3553 4308; x_wconf 89' lang='lat' dir='ltr'><strong>suasque</strong></span> 
     </span>
    </p>
   </div>
   <div class='ocr_carea' id='block_1_105' title="bbox 1963 4330 3551 4406">
    <p class='ocr_par' dir='ltr' id='par_1_105' title="bbox 1963 4330 3551 4406">
     <span class='ocr_line' id='line_1_105' title="bbox 1963 4330 3551 4406; baseline -0.004 -16"><span class='ocrx_word' id='word_1_754' title='bbox 1963 4335 2280 4393; x_wconf 80' lang='lat' dir='ltr'><strong>all‘ectiones</strong></span> <span class='ocrx_word' id='word_1_755' title='bbox 2336 4343 2391 4391; x_wconf 90' lang='lat' dir='ltr'><strong>et</strong></span> <span class='ocrx_word' id='word_1_756' title='bbox 2436 4336 2793 4406; x_wconf 76' lang='lat' dir='ltr'><strong>aegritudines</strong></span> <span class='ocrx_word' id='word_1_757' title='bbox 2861 4343 3241 4394; x_wconf 90' lang='lat' dir='ltr'><strong>enarrantem,</strong></span> <span class='ocrx_word' id='word_1_758' title='bbox 3300 4330 3445 4400; x_wconf 86' lang='lat' dir='ltr'><strong>quod</strong></span> <span class='ocrx_word' id='word_1_759' title='bbox 3498 4331 3551 4383; x_wconf 85' lang='lat' dir='ltr'><strong>in</strong></span> 
     </span>
    </p>
   </div>
   <div class='ocr_carea' id='block_1_106' title="bbox 1966 4418 3556 4494">
    <p class='ocr_par' dir='ltr' id='par_1_106' title="bbox 1966 4418 3556 4494">
     <span class='ocr_line' id='line_1_106' title="bbox 1966 4418 3556 4494; baseline -0.004 -14"><span class='ocrx_word' id='word_1_760' title='bbox 1966 4418 2308 4482; x_wconf 87' lang='lat' dir='ltr'><strong>incremento</strong></span> <span class='ocrx_word' id='word_1_761' title='bbox 2339 4426 2600 4481; x_wconf 90' lang='lat' dir='ltr'><strong>nimirum</strong></span> <span class='ocrx_word' id='word_1_762' title='bbox 2647 4434 2705 4482; x_wconf 92' lang='lat' dir='ltr'><strong>et</strong></span> <span class='ocrx_word' id='word_1_763' title='bbox 2753 4425 2808 4480; x_wconf 90' lang='lat' dir='ltr'><strong>in</strong></span> <span class='ocrx_word' id='word_1_764' title='bbox 2842 4424 3151 4479; x_wconf 83' lang='lat' dir='ltr'><strong>intentione</strong></span> <span class='ocrx_word' id='word_1_765' title='bbox 3183 4423 3433 4494; x_wconf 86' lang='lat' dir='ltr'><strong>corporis</strong></span> <span class='ocrx_word' id='word_1_766' title='bbox 3470 4422 3556 4476; x_wconf 86' lang='lat' dir='ltr'><strong>in-</strong></span> 
     </span>
    </p>
   </div>
   <div class='ocr_carea' id='block_1_107' title="bbox 1966 4517 3554 4584">
    <p class='ocr_par' dir='ltr' id='par_1_107' title="bbox 1966 4517 3554 4584">
     <span class='ocr_line' id='line_1_107' title="bbox 1966 4517 3554 4584; baseline -0.006 -8"><span class='ocrx_word' id='word_1_767' title='bbox 1966 4520 2198 4576; x_wconf 83' lang='lat' dir='ltr'><strong>ﬁrmitas</strong></span> <span class='ocrx_word' id='word_1_768' title='bbox 2243 4520 2337 4584; x_wconf 90' lang='lat' dir='ltr'><strong>sit,</strong></span> <span class='ocrx_word' id='word_1_769' title='bbox 2377 4526 2432 4575; x_wconf 91' lang='lat' dir='ltr'><strong>et</strong></span> <span class='ocrx_word' id='word_1_770' title='bbox 2465 4519 2534 4575; x_wconf 90' lang='lat' dir='ltr'><strong>ab</strong></span> <span class='ocrx_word' id='word_1_771' title='bbox 2587 4517 2678 4574; x_wconf 89' lang='lat' dir='ltr'><strong>bis</strong></span> <span class='ocrx_word' id='word_1_772' title='bbox 2723 4517 3033 4574; x_wconf 86' lang='lat' dir='ltr'><strong>visceribus</strong></span> <span class='ocrx_word' id='word_1_773' title='bbox 3068 4517 3296 4571; x_wconf 87' lang='lat' dir='ltr'><strong>morbus</strong></span> <span class='ocrx_word' id='word_1_774' title='bbox 3330 4523 3554 4570; x_wconf 76' lang='lat' dir='ltr'><strong>exortus</strong></span> 
     </span>
    </p>
   </div>
   <div class='ocr_carea' id='block_1_108' title="bbox 1966 4607 3556 4682">
    <p class='ocr_par' dir='ltr' id='par_1_108' title="bbox 1966 4607 3556 4682">
     <span class='ocr_line' id='line_1_108' title="bbox 1966 4607 3556 4682; baseline -0.007 -11"><span class='ocrx_word' id='word_1_775' title='bbox 1966 4615 2060 4680; x_wconf 87' lang='lat' dir='ltr'><strong>sit,</strong></span> <span class='ocrx_word' id='word_1_776' title='bbox 2115 4622 2170 4669; x_wconf 90' lang='lat' dir='ltr'><strong>et</strong></span> <span class='ocrx_word' id='word_1_777' title='bbox 2222 4611 2414 4667; x_wconf 89' lang='lat' dir='ltr'><strong>tandiu</strong></span> <span class='ocrx_word' id='word_1_778' title='bbox 2446 4618 2778 4682; x_wconf 81' lang='lat' dir='ltr'><strong>prorogetur</strong></span> <span class='ocrx_word' id='word_1_779' title='bbox 2822 4625 2889 4665; x_wconf 90' lang='lat' dir='ltr'><strong>ac</strong></span> <span class='ocrx_word' id='word_1_780' title='bbox 2940 4609 3101 4664; x_wconf 87' lang='lat' dir='ltr'><strong>duret</strong></span> <span class='ocrx_word' id='word_1_781' title='bbox 3132 4607 3347 4662; x_wconf 84' lang='lat' dir='ltr'><strong>ardoris</strong></span> <span class='ocrx_word' id='word_1_782' title='bbox 3393 4607 3556 4660; x_wconf 73' lang='lat' dir='ltr'><strong>velte-</strong></span> 
     </span>
    </p>
   </div>
   <div class='ocr_carea' id='block_1_109' title="bbox 1965 4694 3550 4776">
    <p class='ocr_par' dir='ltr' id='par_1_109' title="bbox 1965 4694 3550 4776">
     <span class='ocr_line' id='line_1_109' title="bbox 1965 4694 3550 4776; baseline -0.008 -13"><span class='ocrx_word' id='word_1_783' title='bbox 1965 4694 2207 4763; x_wconf 77' lang='lat' dir='ltr'><strong>mentia?</strong></span> <span class='ocrx_word' id='word_1_784' title='bbox 2260 4705 2442 4775; x_wconf 82' lang='lat' dir='ltr'><strong>Atque</strong></span> <span class='ocrx_word' id='word_1_785' title='bbox 2483 4704 2594 4759; x_wconf 82' lang='lat' dir='ltr'><strong>alia</strong></span> <span class='ocrx_word' id='word_1_786' title='bbox 2633 4718 2857 4776; x_wconf 89' lang='lat' dir='ltr'><strong>quoque</strong></span> <span class='ocrx_word' id='word_1_787' title='bbox 2890 4702 3021 4756; x_wconf 89' lang='lat' dir='ltr'><strong>talia</strong></span> <span class='ocrx_word' id='word_1_788' title='bbox 3052 4700 3216 4757; x_wconf 88' lang='lat' dir='ltr'><strong>discit</strong></span> <span class='ocrx_word' id='word_1_789' title='bbox 3257 4700 3327 4754; x_wconf 90' lang='lat' dir='ltr'><strong>ab</strong></span> <span class='ocrx_word' id='word_1_790' title='bbox 3368 4699 3550 4762; x_wconf 87' lang='lat' dir='ltr'><strong>oculo,</strong></span> 
     </span>
    </p>
   </div>
   <div class='ocr_carea' id='block_1_110' title="bbox 1963 4791 3554 4868">
    <p class='ocr_par' dir='ltr' id='par_1_110' title="bbox 1963 4791 3554 4868">
     <span class='ocr_line' id='line_1_110' title="bbox 1963 4791 3554 4868; baseline -0.003 -17"><span class='ocrx_word' id='word_1_791' title='bbox 1963 4796 2091 4851; x_wconf 90' lang='lat' dir='ltr'><strong>dum</strong></span> <span class='ocrx_word' id='word_1_792' title='bbox 2132 4797 2220 4854; x_wconf 88' lang='lat' dir='ltr'><strong>vel</strong></span> <span class='ocrx_word' id='word_1_793' title='bbox 2255 4797 2324 4852; x_wconf 88' lang='lat' dir='ltr'><strong>ad</strong></span> <span class='ocrx_word' id='word_1_794' title='bbox 2384 4797 2614 4868; x_wconf 83' lang='lat' dir='ltr'><strong>ﬁguram</strong></span> <span class='ocrx_word' id='word_1_795' title='bbox 2646 4805 2706 4853; x_wconf 89' lang='lat' dir='ltr'><strong>et</strong></span> <span class='ocrx_word' id='word_1_796' title='bbox 2743 4796 2991 4851; x_wconf 83' lang='lat' dir='ltr'><strong>habitum</strong></span> <span class='ocrx_word' id='word_1_797' title='bbox 3026 4793 3430 4853; x_wconf 87' lang='lat' dir='ltr'><strong>decumbentis,</strong></span> <span class='ocrx_word' id='word_1_798' title='bbox 3467 4791 3554 4846; x_wconf 77' lang='lat' dir='ltr'><strong>vel</strong></span> 
     </span>
    </p>
   </div>
   <div class='ocr_carea' id='block_1_111' title="bbox 1962 4883 3547 4959">
    <p class='ocr_par' dir='ltr' id='par_1_111' title="bbox 1962 4883 3547 4959">
     <span class='ocr_line' id='line_1_111' title="bbox 1962 4883 3547 4959; baseline -0.005 -15"><span class='ocrx_word' id='word_1_799' title='bbox 1962 4890 2030 4944; x_wconf 85' lang='lat' dir='ltr'><strong>ad</strong></span> <span class='ocrx_word' id='word_1_800' title='bbox 2071 4891 2324 4945; x_wconf 90' lang='lat' dir='ltr'><strong>carnium</strong></span> <span class='ocrx_word' id='word_1_801' title='bbox 2351 4890 2534 4945; x_wconf 90' lang='lat' dir='ltr'><strong>tabem</strong></span> <span class='ocrx_word' id='word_1_802' title='bbox 2563 4896 2727 4959; x_wconf 88' lang='lat' dir='ltr'><strong>atque</strong></span> <span class='ocrx_word' id='word_1_803' title='bbox 2752 4887 3153 4959; x_wconf 87' lang='lat' dir='ltr'><strong>collapsionem</strong></span> <span class='ocrx_word' id='word_1_804' title='bbox 3200 4884 3452 4954; x_wconf 84' lang='lat' dir='ltr'><strong>respicit.</strong></span> <span class='ocrx_word' id='word_1_805' title='bbox 3481 4883 3547 4937; x_wconf 85' lang='lat' dir='ltr'><strong>Et</strong></span> 
     </span>
    </p>
   </div>
   <div class='ocr_carea' id='block_1_112' title="bbox 1963 4975 3552 5052">
    <p class='ocr_par' dir='ltr' id='par_1_112' title="bbox 1963 4975 3552 5052">
     <span class='ocr_line' id='line_1_112' title="bbox 1963 4975 3552 5052; baseline -0.003 -18"><span class='ocrx_word' id='word_1_806' title='bbox 1963 4980 2427 5052; x_wconf 87' lang='lat' dir='ltr'><strong>quemadmodum</strong></span> <span class='ocrx_word' id='word_1_807' title='bbox 2478 4986 2533 5035; x_wconf 92' lang='lat' dir='ltr'><strong>et</strong></span> <span class='ocrx_word' id='word_1_808' title='bbox 2589 4977 2804 5049; x_wconf 80' lang='lat' dir='ltr'><strong>species</strong></span> <span class='ocrx_word' id='word_1_809' title='bbox 2861 4978 3068 5033; x_wconf 91' lang='lat' dir='ltr'><strong>coloris</strong></span> <span class='ocrx_word' id='word_1_810' title='bbox 3116 4977 3201 5031; x_wconf 90' lang='lat' dir='ltr'><strong>vel</strong></span> <span class='ocrx_word' id='word_1_811' title='bbox 3257 4975 3552 5045; x_wconf 86' lang='lat' dir='ltr'><strong>subpallidi</strong></span> 
     </span>
    </p>
   </div>
   <div class='ocr_carea' id='block_1_113' title="bbox 1963 5068 3553 5139">
    <p class='ocr_par' dir='ltr' id='par_1_113' title="bbox 1963 5068 3553 5139">
     <span class='ocr_line' id='line_1_113' title="bbox 1963 5068 3553 5139; baseline -0.002 -13"><span class='ocrx_word' id='word_1_812' title='bbox 1963 5073 2049 5129; x_wconf 89' lang='lat' dir='ltr'><strong>vel</strong></span> <span class='ocrx_word' id='word_1_813' title='bbox 2090 5072 2293 5139; x_wconf 88' lang='lat' dir='ltr'><strong>biliosi,</strong></span> <span class='ocrx_word' id='word_1_814' title='bbox 2345 5080 2401 5128; x_wconf 91' lang='lat' dir='ltr'><strong>et</strong></span> <span class='ocrx_word' id='word_1_815' title='bbox 2431 5073 2722 5129; x_wconf 88' lang='lat' dir='ltr'><strong>oculorum</strong></span> <span class='ocrx_word' id='word_1_816' title='bbox 2769 5071 2915 5129; x_wconf 89' lang='lat' dir='ltr'><strong>ictus</strong></span> <span class='ocrx_word' id='word_1_817' title='bbox 2948 5072 3015 5127; x_wconf 90' lang='lat' dir='ltr'><strong>ad</strong></span> <span class='ocrx_word' id='word_1_818' title='bbox 3057 5070 3307 5127; x_wconf 89' lang='lat' dir='ltr'><strong>habitum</strong></span> <span class='ocrx_word' id='word_1_819' title='bbox 3345 5068 3553 5124; x_wconf 85' lang='lat' dir='ltr'><strong>doloris</strong></span> 
     </span>
    </p>
   </div>
   <div class='ocr_carea' id='block_1_114' title="bbox 2038 5205 2909 5275">
    <p class='ocr_par' dir='ltr' id='par_1_114' title="bbox 2038 5205 2909 5275">
     <span class='ocr_line' id='line_1_114' title="bbox 2038 5205 2909 5275; baseline -0.003 -15"><span class='ocrx_word' id='word_1_820' title='bbox 2038 5206 2150 5275; x_wconf 80' lang='lat'><strong>(65)</strong></span> <span class='ocrx_word' id='word_1_821' title='bbox 2202 5205 2505 5260; x_wconf 77' lang='grc' dir='ltr'>Ἔνιοῦσα.</span> <span class='ocrx_word' id='word_1_822' title='bbox 2539 5206 2587 5259; x_wconf 80' lang='grc' dir='ltr'><strong>Α</strong></span> <span class='ocrx_word' id='word_1_823' title='bbox 2613 5205 2655 5257; x_wconf 85' lang='grc' dir='ltr'><strong>Β</strong></span> <span class='ocrx_word' id='word_1_824' title='bbox 2687 5205 2909 5258; x_wconf 81' lang='grc' dir='ltr'>ὲνιεϊσα.</span> 
     </span>
    </p>
   </div>
   <div class='ocr_carea' id='block_1_115' title="bbox 2036 5270 3555 5348">
    <p class='ocr_par' dir='ltr' id='par_1_115' title="bbox 2036 5270 3555 5348">
     <span class='ocr_line' id='line_1_115' title="bbox 2036 5270 3555 5348; baseline -0.005 -18"><span class='ocrx_word' id='word_1_825' title='bbox 2036 5270 2150 5348; x_wconf 69' lang='grc'>(64)</span> <span class='ocrx_word' id='word_1_826' title='bbox 2190 5275 2559 5345; x_wconf 79' lang='grc' dir='ltr'>Συνέστηκε.</span> <span class='ocrx_word' id='word_1_827' title='bbox 2592 5277 2640 5330; x_wconf 85' lang='grc' dir='ltr'><strong>Α</strong></span> <span class='ocrx_word' id='word_1_828' title='bbox 2681 5276 2736 5330; x_wconf 90' lang='lat' dir='ltr'><strong>in</strong></span> <span class='ocrx_word' id='word_1_829' title='bbox 2768 5274 3012 5344; x_wconf 86' lang='lat' dir='ltr'><strong>margine</strong></span> <span class='ocrx_word' id='word_1_830' title='bbox 3042 5271 3403 5341; x_wconf 85' lang='grc' dir='ltr'>συνεστηκυῖα</span> <span class='ocrx_word' id='word_1_831' title='bbox 3436 5270 3555 5340; x_wconf 84' lang='grc' dir='ltr'>φαί-</span> 
     </span>
    </p>
   </div>
   <div class='ocr_carea' id='block_1_116' title="bbox 1963 5363 3551 5487">
    <p class='ocr_par' dir='ltr' id='par_1_116' title="bbox 1963 5363 3551 5487">
     <span class='ocr_line' id='line_1_116' title="bbox 1963 5363 3551 5487; baseline -0.005 -15"><span class='ocrx_word' id='word_1_832' title='bbox 1963 5363 2147 5487; x_wconf 52' lang='grc' dir='ltr'><strong>νοῖίίοέ)</strong></span> <span class='ocrx_word' id='word_1_833' title='bbox 2186 5416 2322 5482; x_wconf 88' lang='grc' dir='ltr'><strong>Πῶς</strong></span> <span class='ocrx_word' id='word_1_834' title='bbox 2353 5414 2470 5487; x_wconf 67' lang='grc' dir='ltr'>γὰρ</span> <span class='ocrx_word' id='word_1_835' title='bbox 2515 5410 2706 5487; x_wconf 60' lang='grc' dir='ltr'>εἶπεν,</span> <span class='ocrx_word' id='word_1_836' title='bbox 2756 5411 2811 5467; x_wconf 85' lang='lat' dir='ltr'><strong>In</strong></span> <span class='ocrx_word' id='word_1_837' title='bbox 2857 5412 3007 5487; x_wconf 71' lang='lat' dir='ltr'><strong>calce</strong></span> <span class='ocrx_word' id='word_1_838' title='bbox 3055 5411 3263 5487; x_wconf 71' lang='lat' dir='ltr'><strong>codicis</strong></span> <span class='ocrx_word' id='word_1_839' title='bbox 3313 5413 3353 5487; x_wconf 74' lang='grc' dir='ltr'><strong>ᾼ</strong></span> <span class='ocrx_word' id='word_1_840' title='bbox 3411 5411 3551 5465; x_wconf 79' lang='lat' dir='ltr'><strong>hanc</strong></span> 
     </span>
    </p>
   </div>
   <div class='ocr_carea' id='block_1_117' title="bbox 1962 5481 3547 5564">
    <p class='ocr_par' dir='ltr' id='par_1_117' title="bbox 1962 5481 3547 5564">
     <span class='ocr_line' id='line_1_117' title="bbox 1962 5481 3547 5564; baseline -0.003 -23"><span class='ocrx_word' id='word_1_841' title='bbox 1962 5481 2148 5564; x_wconf 76' lang='lat' dir='ltr'><strong>notam</strong></span> <span class='ocrx_word' id='word_1_842' title='bbox 2182 5481 2469 5564; x_wconf 75' lang='lat' dir='ltr'><strong>invenies:</strong></span> <span class='ocrx_word' id='word_1_843' title='bbox 2502 5484 2814 5555; x_wconf 70' lang='grc' dir='ltr'>Σημείωσαι</span> <span class='ocrx_word' id='word_1_844' title='bbox 2861 5484 3011 5548; x_wconf 84' lang='grc' dir='ltr'>ὅπως</span> <span class='ocrx_word' id='word_1_845' title='bbox 3056 5481 3238 5564; x_wconf 66' lang='grc' dir='ltr'>ίατρδν</span> <span class='ocrx_word' id='word_1_846' title='bbox 3280 5484 3360 5545; x_wconf 86' lang='grc' dir='ltr'><strong>είς</strong></span> <span class='ocrx_word' id='word_1_847' title='bbox 3409 5498 3547 5553; x_wconf 73' lang='grc' dir='ltr'><strong>μαρ⁴</strong></span> 
     </span>
    </p>
   </div>
   <div class='ocr_carea' id='block_1_118' title="bbox 1961 5556 3551 5697">
    <p class='ocr_par' dir='ltr' id='par_1_118' title="bbox 1961 5556 3551 5697">
     <span class='ocr_line' id='line_1_118' title="bbox 1961 5556 3198 5610; baseline -0.004 -1"><span class='ocrx_word' id='word_1_848' title='bbox 1961 5573 2026 5609; x_wconf 84' lang='grc' dir='ltr'><strong>τυ</strong></span> <span class='ocrx_word' id='word_1_849' title='bbox 2071 5556 2153 5610; x_wconf 88' lang='grc' dir='ltr'><strong>ίαν</strong></span> <span class='ocrx_word' id='word_1_850' title='bbox 2186 5556 2361 5609; x_wconf 84' lang='grc' dir='ltr'>καλεῖ.</span> <span class='ocrx_word' id='word_1_851' title='bbox 3132 5556 3145 5562; x_wconf 73' lang='grc'>⁷</span> <span class='ocrx_word' id='word_1_852' title='bbox 3185 5556 3198 5564; x_wconf 90' lang='grc'><em>’</em></span> 
     </span>
     <span class='ocr_line' id='line_1_119' title="bbox 1999 5574 3551 5697; baseline -0.005 -15"><span class='ocrx_word' id='word_1_853' title='bbox 1999 5696 2005 5697; x_wconf 15' lang='grc' dir='ltr'>ί</span> <span class='ocrx_word' id='word_1_854' title='bbox 2035 5574 2145 5697; x_wconf 50' lang='grc'>(66)</span> <span class='ocrx_word' id='word_1_855' title='bbox 2163 5696 2171 5697; x_wconf 16' lang='grc' dir='ltr'>ί</span> <span class='ocrx_word' id='word_1_856' title='bbox 2190 5626 2313 5681; x_wconf 80' lang='grc' dir='ltr'><strong>Τῶν</strong></span> <span class='ocrx_word' id='word_1_857' title='bbox 2335 5624 2713 5691; x_wconf 64' lang='grc' dir='ltr'><strong>νἱυειωύντων,</strong></span> <span class='ocrx_word' id='word_1_858' title='bbox 2735 5632 2840 5680; x_wconf 92' lang='lat' dir='ltr'><strong>etc.</strong></span> <span class='ocrx_word' id='word_1_859' title='bbox 2875 5624 2920 5677; x_wconf 82' lang='lat' dir='ltr'><strong>A</strong></span> <span class='ocrx_word' id='word_1_860' title='bbox 2954 5623 2998 5678; x_wconf 85' lang='grc' dir='ltr'>Β</span> <span class='ocrx_word' id='word_1_861' title='bbox 3024 5623 3086 5678; x_wconf 81' lang='grc' dir='ltr'><strong>τὸ</strong></span> <span class='ocrx_word' id='word_1_862' title='bbox 3133 5620 3337 5678; x_wconf 84' lang='grc' dir='ltr'>λυποῦν</span> <span class='ocrx_word' id='word_1_863' title='bbox 3369 5638 3429 5677; x_wconf 86' lang='grc' dir='ltr'><strong>τε</strong></span> <span class='ocrx_word' id='word_1_864' title='bbox 3455 5618 3551 5675; x_wconf 76' lang='grc' dir='ltr'>καὶ</span> 
     </span>
    </p>
   </div>
   <div class='ocr_carea' id='block_1_119' title="bbox 1961 5696 2768 5837">
    <p class='ocr_par' dir='ltr' id='par_1_119' title="bbox 1961 5696 2768 5837">
     <span class='ocr_line' id='line_1_120' title="bbox 1961 5696 2225 5765; baseline -0.008 -16"><span class='ocrx_word' id='word_1_865' title='bbox 1961 5696 2225 5765; x_wconf 88' lang='grc' dir='ltr'>ἀλγεινόν.</span> 
     </span>
     <span class='ocr_line' id='line_1_121' title="bbox 2040 5762 2768 5837; baseline -0.001 0"><span class='ocrx_word' id='word_1_866' title='bbox 2040 5766 2153 5837; x_wconf 70' lang='grc'><strong>(67)</strong></span> <span class='ocrx_word' id='word_1_867' title='bbox 2206 5766 2278 5820; x_wconf 78' lang='lat' dir='ltr'><strong>&#39;H</strong></span> <span class='ocrx_word' id='word_1_868' title='bbox 2304 5762 2477 5837; x_wconf 63' lang='grc' dir='ltr'><strong>ᾀσροῄ-</strong></span> <span class='ocrx_word' id='word_1_869' title='bbox 2517 5763 2619 5837; x_wconf 64' lang='grc' dir='ltr'><strong>ιξὴ</strong></span> <span class='ocrx_word' id='word_1_870' title='bbox 2652 5764 2768 5836; x_wconf 74' lang='grc' dir='ltr'><strong>βοή.</strong></span> 
     </span>
    </p>
   </div>
   <div class='ocr_carea' id='block_1_120' title="bbox 2035 5832 2674 5907">
    <p class='ocr_par' dir='ltr' id='par_1_120' title="bbox 2035 5832 2674 5907">
     <span class='ocr_line' id='line_1_122' title="bbox 2035 5832 2674 5907; baseline -0.009 -16"><span class='ocrx_word' id='word_1_871' title='bbox 2035 5832 2145 5907; x_wconf 81' lang='grc'>(68)</span> <span class='ocrx_word' id='word_1_872' title='bbox 2192 5836 2275 5901; x_wconf 88' lang='grc' dir='ltr'><strong>Τῷ</strong></span> <span class='ocrx_word' id='word_1_873' title='bbox 2305 5832 2390 5886; x_wconf 81' lang='grc' dir='ltr'><strong>δέ.</strong></span> <span class='ocrx_word' id='word_1_874' title='bbox 2424 5834 2466 5886; x_wconf 85' lang='grc' dir='ltr'><strong>Β</strong></span> <span class='ocrx_word' id='word_1_875' title='bbox 2495 5833 2573 5903; x_wconf 80' lang='grc' dir='ltr'>τῷ</span> <span class='ocrx_word' id='word_1_876' title='bbox 2596 5832 2674 5886; x_wconf 83' lang='grc' dir='ltr'>τε.</span> 
     </span>
    </p>
   </div>
  </div>
