3992 6506
404 461 470 522 31
1659 475 1716 525 ὃ.
1743 473 2002 528 GREGO}

2109 473 2396 530 NYSSENI

3599 470 3696 524 3-2

405 574 641 630 indicem
683 583 848 646 atque
875 577 1114 636 tristitiae
1144 596 1242 637 sua
1289 591 1484 654 sponte
1515 585 1784 642 inclinans
1811 588 1980 642 inter-

2109 589 2370 661 Βὼστημα.
2406 585 2531 660 Ἀρ⁴
2573 584 2664 641 οὖν
2715 589 2762 640 εί
2805 587 2880 658 μή
2924 603 3008 649 τις
3046 585 3276 656 δύναμις
3322 580 3392 655 ἦν
3432 585 3600 656 νοητὴ
3630 587 3684 655 ἡ

407 684 533 724 nam
579 665 850 740 signiﬁcat
897 671 1264 740 aﬂ‘ectionem,
1307 685 1472 746 atque
1524 679 1708 733 itidem
1761 681 1982 736 auditus

405 777 626 831 quoque
669 763 934 818 similium
991 767 1257 837 magister
1299 772 1542 836 exsistit,
1601 782 1712 826 tum
1765 789 1831 825 ex
1875 771 1982 828 fre-

405 853 594 922 quenti
626 867 689 907 ac
713 857 908 910 crebra
937 859 1306 925 anhelatione,
1340 871 1455 916 tum
1489 879 1554 918 ex
1579 865 1786 935 gemitu
1820 865 1984 920 simul

404 958 531 997 cum
579 947 948 1014 reSpiratione
992 951 1142 1006 edito
1195 954 1573 1024 aegritudinem
1620 972 1980 1026 cognoscens.

407 1036 616 1091 Dixerit
667 1049 848 1094 autem
886 1042 1108 1111 aliquis,
1149 1059 1216 1098 ne
1249 1044 1542 1100 odoratum
1569 1047 1788 1117 quidem
1823 1047 1984 1118 periti

405 1145 516 1185 non
555 1143 720 1204 posse
758 1133 1198 1190 animadvertere
1239 1144 1292 1189 et
1326 1144 1520 1192 notare
1568 1139 1840 1204 morbum,
1887 1138 1982 1191 sed

406 1236 504 1292 per
550 1229 757 1277 certam
792 1223 1084 1292 quamdam
1125 1228 1400 1282 anhelitus
1453 1229 1774 1299 qualitatem
1810 1243 1980 1300 agno-

377 1309 533 1388 geere
566 1314 621 1368 in
655 1315 966 1371 visceribus
1004 1317 1261 1372 latentem
1299 1319 1695 1374 inﬁrmitatem.
1726 1319 1982 1389 Nunquid

383 1397 578 1473 ligitur
629 1404 745 1458 haec
779 1403 895 1458 ﬁeri
939 1414 1184 1475 possent,
1210 1409 1316 1462 nisi
1347 1409 1532 1478 aliqua
1554 1408 1636 1463 vis
1657 1424 1779 1476 quae
1803 1416 1986 1463 mente

405 1495 657 1550 cernitur”
706 1502 759 1550 et
811 1497 916 1551 sub
977 1497 1394 1568 intelligentiam
1456 1497 1622 1562 cadit,
1691 1498 1988 1568 unicuique

404 1601 666 1641 sensuum
712 1587 928 1643 adesset
982 1589 1391 1644 instrumento?
1445 1589 1587 1654 Quid
1648 1605 1750 1643 nos
1789 1605 1985 1643 manus

408 1677 478 1731 ab
516 1693 578 1732 se
612 1679 731 1747 ipsa
781 1678 984 1732 docere
1019 1680 1316 1750 potuisset,
1353 1679 1460 1734 nisi
1502 1679 1760 1749 cogitatio
1792 1679 1988 1734 mentis

407 1773 464 1820 et
524 1766 886 1836 intelligentia
935 1768 1001 1822 ad
1057 1769 1298 1838 subjecti
1359 1769 1732 1839 cognitionem
1783 1775 1990 1822 tactum

409 1857 748 1912 deduceret?
782 1857 924 1924 Quid
966 1859 1094 1914 item
1123 1859 1344 1915 auditus
1391 1875 1420 1912 a
1466 1869 1646 1915 mente
1683 1859 1987 1928 sejunctus,

2085 681 2298 751 ἑκάστῳ
2329 680 2437 733 τῶν
2479 679 2849 749 αἰσθητηρίων
2898 675 3152 748 παροῦσα
3182 693 3195 741 ;
3245 675 3312 728 Τί
3354 675 3420 726 ἂν
3453 676 3603 745 ἡμᾶς
3635 675 3690 745 ἡ

2083 774 2204 845 χεὶρ
2237 773 2329 843 ἀφ’
2361 772 2558 842 ἑαυτῆς
2580 770 2875 836 ἐδιδάξατο,
2905 771 2980 839 μὴ
3010 769 3110 838 τῆς
3145 769 3356 830 ἐννοίας
3392 770 3532 837 πρὸς
3569 767 3685 834 τὴν

2083 863 2176 917 τοῦ
2213 862 2572 932 ὑποκειμένου
2602 861 2804 929 γνῶσιν
2838 861 2937 930 τὴν
2967 858 3112 930 ἁφὴν
3155 856 3497 928 samem;
3531 855 3597 909 Ti
3627 857 3686 908 δ’

2086 953 2152 1007 ἂν
2179 955 2212 1023 ἡ
2241 953 2379 1023 ἀκοὴ
2410 954 2520 1021 (69)
2563 952 2802 1014 διανοίας
2835 950 3191 1019 διεζευγμὲνη
3211 988 3226 1011 ,
3272 948 3304 1018 ἢ
3353 947 3678 1018 ὀφθαλμὸς,

2085 1044 2118 1114 ἢ
2152 1042 2365 1114 μυκτὴρ
2393 1044 2526 1112 (70),
2559 1044 2591 1114 ἦ
2622 1043 2749 1097 ἄλλο
2783 1059 2835 1094 τι
2859 1041 3214 1110 αἰσθητήριον
3241 1038 3380 1108 πρὸς
3405 1039 3504 1107 τὴν
3540 1036 3668 1090 ἐπί-

2085 1153 2284 1204 γνωσιν
2327 1135 2418 1188 τοῦ
2463 1135 2793 1206 ζητουμένου
2827 1135 3192 1202 συνήργησεν,
3237 1133 3284 1183 εἰ
3334 1131 3420 1198 ἐφ’
3473 1125 3673 1182 ἑαυτοῦ

2089 1227 2251 1297 μόνου
2275 1226 2476 1280 τούτων
2496 1226 2726 1280 ἕκαστον
2748 1221 2816 1296 ἦν
2840 1241 2855 1289 ;
2897 1223 3037 1292 ’ᾼλϊ
3063 1223 3090 1275 ὃ
3122 1223 3336 1276 πάντων
3361 1221 3510 1275 ἐστὶν
3537 1221 3671 1290 ἁλη-

2087 1317 2342 1372 θέστατον
2373 1319 2520 1389 (71),
2564 1317 2592 1371 ὃ
2629 1317 2808 1380 καλῶς
2829 1334 2912 1379 τις
2941 1316 3046 1369 τῶν
3070 1313 3177 1378 ἔξω
3206 1313 3661 1382 πεπαιδευμένων

2087 1410 2257 1463 εἰπὼν
2288 1408 2703 1479 μνημονεύεται,
2734 1407 2823 1460 τὸν
2850 1407 2975 1461 νοῦν
2999 1403 3138 1461 εἶναι
3167 1405 3256 1456 τὸν
3283 1403 3498 1474 ὁρῶντα
3533 1402 3673 1472 (72),

2089 1503 2182 1556 κα).
2206 1501 2328 1555 νοῦν
2351 1501 2443 1554 τὸν
2469 1500 2752 1554 ἀκούοντα.
2779 1500 2841 1551 Εἰ
2870 1498 2978 1569 γάρ
3009 1499 3082 1569 μὴ
3115 1498 3270 1552 τοῦτο
3288 1497 3404 1568 δοίη
3443 1512 3527 1558 τις
3559 1494 3676 1564 (73)

2090 1593 2288 1662 ἀληθὲς
2326 1589 2490 1656 εἶναι,
2537 1591 2676 1655 πῶς,
2711 1591 2832 1644 είπὲ
2861 1592 2948 1654 σὺ,
2975 1591 3110 1660 πρὸς
3135 1589 3226 1642 τὸν
3261 1589 3410 1658 ἥλιον
3439 1585 3678 1656 βλέπων,

2089 1681 2272 1746 καθὼς
2303 1681 2585 1752 ἐδιδάχθης
2629 1681 2782 1750 παρά
2815 1678 2908 1732 τοῦ
2938 1679 3259 1732 διδασκάλου
3290 1676 3532 1746 βλέπειν,
3576 1673 3681 1742 οὐχ

2089 1777 2210 1839 ὅσος
2240 1777 2486 1844 φαίνεται
2509 1777 2620 1837 τοῖς
2651 1773 2884 1837 πολλοῖς,
2911 1772 3160 1825 τοσοῦτον
3203 1769 3364 1822 αὐτὸν
3395 1771 3503 1839 φῂς
3532 1761 3680 1820 εἶναι

2089 1865 2168 1937 τῷ
2199 1865 2418 1936 μεγέθει
2447 1865 2540 1917 τοῦ
2580 1863 2780 1917 κύκλου
2802 1905 2818 1928 ,
2849 1861 2965 1916 ἀλλ’
2995 1860 3322 1932 ὑπερϐαλεῖν
3362 1854 3682 1910 πολλαπλά-

410 1956 507 2004 aut
540 1951 757 2014 oculus,
808 1960 900 2006 aut
947 1966 1138 2015 nasus,
1172 1961 1264 2006 aut
1297 1950 1515 2022 aliquod
1549 1952 1693 2006 aliud
1729 1968 1986 2007 sensuum

2109 1930 2331 2024 xta-(7d)
2366 1952 2445 2024 τῷ
2476 1953 2660 2024 μέτρῳ
2697 1953 2875 2005 πᾶσαν
2913 1950 3011 2021 τὴν
3041 1930 3182 2018 γῆν;
3215 1946 3332 1999 Οὐκ
3373 1941 3564 2010 ἐπειδὴ
3599 1943 3671 2010 τῇ

411 2043 836 2099 instrumentum
877 2043 944 2098 ad
977 2044 1344 2114 cognitionem
1380 2045 1455 2098 rei
1492 2045 1736 2114 quaesitae
1766 2045 1991 2114 adjuva-

409 2142 513 2198 ret,
539 2135 585 2188 si
628 2150 723 2205 per
749 2150 870 2190 sese
901 2135 1077 2188 solum
1127 2135 1321 2188 horum
1351 2136 1784 2205 unumquodque
1810 2137 1993 2191 esset?

414 2221 522 2278 Sed
565 2226 806 2278 omnium
855 2233 939 2280 est
966 2225 1338 2290 verissimum,
1373 2226 1521 2296 quod
1551 2227 1774 2297 quidam
1809 2237 1993 2282 exter-

413 2317 501 2372 nis
527 2317 726 2372 litteris
748 2333 811 2372 ac
864 2317 1177 2388 disciplinis
1202 2317 1456 2372 eruditus
1474 2320 1736 2388 praeclare
1757 2335 1821 2373 ac
1846 2329 1995 2374 recte

2097 2048 2227 2118 ποίᾳ.
2252 2047 2486 2118 κινήσει,
2523 2047 2616 2098 καὶ
2649 2046 2763 2106 τοῖς
2784 2043 3055 2114 χρονικοῖς
3080 2056 3138 2091 τε
3167 2039 3262 2090 καὶ
3284 2035 3534 2096 τοπικοῖς
3565 2031 3684 2118 δια·

2101 2117 2376 2207 στήμασι,
2410 2135 2504 2186 καὶ
2545 2134 2665 2196 ταῖς
2711 2131 3080 2190 ὲκλειπτικαῖς
3120 2126 3322 2188 αἰτίαις
3357 2125 3424 2193 τῇ
3472 2117 3686 2187 διανοίᾳ.

2097 2229 2186 2282 διὰ
2217 2227 2326 2280 τῶν
2369 2224 2708 2294 φαινομένων
2743 2221 3112 2291 ἀκολουθήσας
3134 2258 3149 2284 ,
3191 2215 3409 2288 0αρρὦ
3443 2209 3694 2278 ἀποφαίέ

2101 2337 2206 2372 νων
2229 2318 2340 2389 (75)
2370 2318 2428 2370 τὸ
2456 2316 2627 2379 οὕτως
2651 2314 2826 2385 Ξχτινς

413 2410 622 2466 dixisse
677 2419 1032 2476 memoratur,
1079 2419 1316 2464 mentem
1375 2426 1500 2465 esse
1561 2411 1820 2467 nimirum
1876 2429 1996 2484 quae
2065 2413 2270 2476 videat,
2320 2420 2554 2466 mentem
2610 2410 2739 2464 item
2785 2421 2906 2478 quae
2951 2403 3156 2458 audiat.
3210 2399 3346 2454 Nam
3401 2399 3508 2454 nisi
3554 2396 3687 2468 quis

416 2501 522 2555 hoc
571 2501 781 2556 dederit
825 2516 950 2558 esse
996 2517 1209 2564 verum,
1260 2516 1370 2572 quo
1426 2512 1609 2573 pacto,
1641 2502 1729 2560 dic
1766 2515 1846 2570 tu,
1897 2521 2021 2560 cum
2062 2507 2235 2562 solem
2285 2505 2540 2568 intueris,
2577 2500 3035 2574 quemadmodum
3078 2513 3108 2551 a
3140 2497 3404 2566 magistro
3468 2493 3686 2546 intueri

416 2592 680 2656 didicisti,
725 2608 835 2647 non
877 2599 1116 2664 quantus
1152 2593 1334 2664 ,vulgo
1391 2594 1709 2649 hominibus
1755 2604 1998 2665 apparet,
2037 2601 2250 2648 tantum
2297 2611 2422 2648 eum
2456 2609 2582 2648 esse
2635 2593 2739 2655 ais,
2776 2591 2870 2645 sed
2913 2586 3272 2657 amplitudine
3341 2599 3405 2638 ac
3467 2579 3688 2650 magni-

417 2685 612 2741 tudine
660 2686 814 2741 orbis
863 2687 1050 2741 mullis
1111 2688 1364 2758 partibus
1432 2702 1698 2758 superare
1759 2697 1967 2742 terram
2031 2689 2381 2744 universam?
2423 2702 2604 2741 annon
2649 2683 2796 2755 quod
2840 2691 3047 2736 certum
3093 2676 3385 2750 quemdam
3445 2681 3685 2739 motum,

417 2786 835 2848 temporumque
897 2780 1107 2849 pariter
1167 2795 1233 2835 ac
1287 2781 1534 2836 locorum
1597 2781 1892 2837 distantias
1949 2791 2002 2836 et
2041 2783 2350 2848 intervalla,
2396 2781 2878 2846 defectionumque
2927 2788 3124 2830 causas
3202 2787 3300 2842 per
3364 2764 3702 2840 apparentia

418 2877 597 2926 mente
641 2879 861 2925 secutus
893 2871 992 2939 sis,
1023 2870 1366 2928 confidenter
1403 2873 1730 2943 pronuntias
1763 2880 1932 2944 atque
1969 2890 2186 2939 censes,
2223 2875 2297 2930 ita
2333 2889 2394 2930 se
2438 2889 2550 2929 rem
2585 2868 2832 2927 habere?

488 3028 670 3098 Atque
711 3027 878 3082 etiam
932 3027 1076 3083 Imma
1108 3027 1533 3083 diminutionem
1588 3037 1644 3083 et
1695 3029 2004 3086 incremen-

419 3127 540 3172 tum
595 3132 724 3172 cum
771 3119 948 3182 vides,
1011 3134 1110 3188 per
1157 3133 1281 3174 eam
1339 3135 1462 3189 qua:
1505 3129 1731 3189 apparet
1786 3121 1843 3176 in
1889 3121 2002 3176 ele-

2183 3035 2294 3086 Kal.
2312 3035 2408 3103 τῆς
2444 3033 2674 3103 σελήνης
2705 3029 2817 3101 (76)
2845 3025 3069 3100 μείωσίν
3090 3042 3148 3078 τε
3177 3022 3271 3077 καὶ
3305 3019 3532 3091 αὔξησιν
3557 3015 3689 3088 βλέ-

2110 3143 2250 3189 πων,
2278 3125 2412 3180 ᾶλλα
2439 3125 2676 3178 διδάσκει
2715 3121 2829 3193 (77)
2866 3119 2953 3172 διά
2983 3116 3076 3170 τοῦ
3112 3114 3438 3184 φαινομένου
3471 3110 3599 3181 περὶ
3625 3109 3693 3162 τὸ

421 3219 608 3263 mento
653 3207 879 3277 ﬁguram
933 3209 1039 3263 alia
1097 3207 1291 3274 discis,
1339 3208 1596 3264 videlicet
1653 3224 1773 3263 eam
1831 3217 1885 3264 et
1937 3225 2002 3264 cx

2111 3220 2368 3289 στοιχεῖον
2399 3217 2690 3288 σχημάτων
2717 3213 2829 3286 (78)
2856 3251 2870 3276 ,
2892 3210 2973 3274 τὸ,
3015 3208 3230 3278 ἀφεγγῆ
3259 3223 3320 3258 τε
3349 3201 3493 3310 εἶναι
3516 3201 3696 3272 αὐτὴν

423 3301 513 3354 sui
571 3308 766 3352 natura
821 3299 1131 3367 splendoris
1191 3307 1473 3370 expertem
1518 3313 1642 3353 esse
1695 3307 1749 3354 et
1799 3299 2005 3354 circum

423 3403 584 3447 terrae
606 3391 915 3460 proximum
939 3391 1126 3446 orbem
1149 3391 1362 3446 versari
1385 3399 1548 3461 atque
1575 3391 1760 3462 vagari
1784 3409 1799 3456 ;
1830 3393 2005 3445 lucem

425 3492 605 3538 autem
647 3492 814 3554 atque
856 3483 1206 3553 splendorem
1242 3483 1501 3554 accipere
1537 3483 1604 3538 ab
1649 3482 1819 3539 radiis
1853 3483 2008 3546 solis,

425 3573 883 3643 quemadmodum
916 3574 1244 3629 naturaliter
1282 3573 1399 3628 ﬁeri
1449 3573 1592 3630 solet
1633 3573 1687 3626 in
1743 3573 2006 3642 speculis,

427 3681 548 3736 quas
591 3667 762 3722 solem
799 3667 854 3721 in
909 3682 1034 3722 sese
1075 3667 1405 3738 recipientia
1451 3681 1560 3721 non
1600 3667 1856 3736 preprios
1887 3666 2012 3720 red-

427 3755 565 3809 dunt
617 3756 958 3825 splendores,
1013 3756 1109 3811 sed
1155 3757 1381 3811 luminis
1443 3757 1667 3822 solaris,
1727 3756 1870 3826 quod
1926 3755 2010 3809 lu-

429 3861 554 3900 men
606 3861 672 3900 ex
734 3847 852 3900 laevi
913 3846 1216 3916 glabroque
1291 3861 1358 3902 ac
1415 3847 1593 3901 nitido
1657 3862 1890 3916 corpore
1955 3847 2012 3900 in

429 3937 768 3991 contrarium
811 3935 1114 3992 reﬂectitur
1159 3944 1324 4007 atque
1371 3939 1775 3992 reverberatur.
1836 3936 2011 4003 Quam

429 4045 569 4095 rem,
623 4029 714 4098 qui
746 4029 866 4084 sine
897 4029 1238 4084 scrutatione
1270 4040 1435 4100 atque
1461 4029 1672 4099 judicio
1705 4029 2012 4095 intuentur,

431 4138 500 4176 cx
555 4122 672 4191 ipsa
713 4121 845 4174 luna
911 4119 1264 4191 splendorem
1323 4121 1596 4176 exsistere
1654 4121 2013 4176 arbitrantur.

432 4213 589 4280 Quod
629 4219 810 4268 autem
870 4213 923 4267 id
962 4214 1038 4266 ita
1088 4227 1199 4266 non
1252 4212 1348 4278 sit,
1397 4211 1526 4266 hinc
1571 4211 2013 4274 demonstratur,

432 4305 577 4374 quod
627 4319 693 4360 ex
748 4304 1018 4360 diametro
1073 4304 1292 4374 quidem
1339 4319 1371 4360 e
1418 4305 1643 4376 regione
1694 4303 1829 4358 solis
1873 4302 2017 4358 facta

435 4407 550 4453 toto
595 4400 688 4468 qui
730 4399 794 4453 ad
829 4415 932 4454 nos
985 4406 1198 4469 spectat
1231 4399 1364 4454 orbe
1395 4398 1778 4464 illuminatur;
1809 4397 1864 4450 in
1896 4397 2016 4452 bre-

437 4491 575 4544 viori
611 4500 794 4544 autem
819 4501 896 4544 -et
945 4493 1251 4561 angustiori
1285 4508 1389 4548 suo
1429 4492 1550 4546 loco
1587 4492 1751 4546 citius
1783 4492 2019 4546 lustrato

2111 3311 2252 3362 κατά
2269 3308 2368 3380 τὴν
2392 3309 2526 3360 ίδίαν
2552 3307 2732 3376 φύσιν,
2761 3302 2961 3358 καὶτὸν
2983 3301 3274 3372 πρόσγειον
3298 3296 3498 3350 κύκλον
3533 3311 3696 3364 περι-

2111 3401 2325 3454 πολεῖνο
2353 3399 2555 3468 λάμπει
2589 3396 2698 3468 (79)
2734 3396 2790 3449 δὲ
2825 3394 2936 3465 (80)
2967 3392 3075 3446 ἀπὸ
3107 3390 3214 3445 τῶν
3250 3387 3492 3460 ἡλιακῶν
3531 3383 3690 3438 ἀκτί-

2111 3509 2236 3558 νων,
2261 3492 2336 3555 ὡς
2369 3490 2460 3542 ἐπὶ
2492 3489 2598 3542 τῶν
2625 3488 2943 3557 κατόπτρων
2971 3483 3216 3554 γίνεσθαι
3252 3479 3552 3549 πεφυκέναι
3576 3476 3694 3548 (8i)

2111 3585 2201 3638 τὸν
2229 3584 2400 3654 ἥλιον,
2427 3582 2511 3650 ἐφ’
2549 3580 2760 3634 ἑαυτῶν
2789 3579 3054 3650 δεχόμενα
3075 3576 3174 3629 ούκ
3209 3573 3321 3643 (89.)
3363 3572 3496 3635 ἰδίας
3517 3569 3698 3638 αὐγὰς

2113 3675 2467 3739 ἀντιδίδωσιν,
2494 3673 2626 3727 ἀλλά
2645 3673 2756 3743 (8³5)
2778 3670 2870 3726 τοῦ
2889 3667 3116 3740 ἡλιακοῦ
3144 3667 3409 3736 φωτὸςκὲκ
3424 3663 3517 3716 τοῦ
3547 3662 3697 3714 λείου

2115 3771 2209 3823 καὶ
2231 3756 2817 3836 στίλϐοντοςσώματος
2838 3765 2918 3826 εῑς
2940 3761 3001 3816 τὸ
3027 3761 3260 3832 ἔμπαλιν
3281 3755 3692 3826 ἀνακλωμένου.

2117 3863 2327 3928 Ὥσπερ
2361 3859 2474 3932 (84)
2521 3860 2628 3921 τοῖς
2677 3854 3046 3921 ἀνεξετάστως
3100 3853 3387 3923 βλέπουσιν
3434 3847 3493 3912 ἐξ
3525 3847 3697 3916 αὐτῆς

2114 3955 2260 4007 δοκεῖ
2290 3953 2390 4022 τῆς
2424 3951 2652 4023 σελήνης
2682 3945 2821 4002 εἶναι
2857 3947 2920 3999 τὸ
2955 3946 3180 4014 φέγγος.
3221 3943 3509 3996 Δείκνυται
3541 3939 3596 3991 δὲ
3634 3937 3698 3991 τὸ

2121 4047 2192 4117 μὴ
2225 4045 2370 4115 ἔχειν
2402 4041 2512 4112 (85)
2536 4083 2549 4106 ,
2576 4043 2656 4094 ὅτι
2683 4038 2945 4109 γινομένη
2977 4037 3092 4107 (86)
3145 4035 3244 4105 μὲν
3281 4031 3700 4101 ἀντιπρόσωπος

2116 4139 2191 4209 τῷ
2223 4137 2357 4209 ἡλίῳ
2377 4135 2520 4190 κατὰ
2549 4133 2839 4204 διάμετρον
2867 4130 2972 4200 ὅλῳ
3000 4127 3078 4198 τῷ
3100 4127 3238 4196 πρὸς
3267 4126 3414 4196 ἡμᾶς
3446 4121 3700 4192 βλέποντι

2119 4229 2302 4298 κύκλῳ
2341 4223 2774 4296 καταφωτίζεται
2798 4239 2810 4252 ·
2859 4223 2918 4273 ἐν
2952 4219 3197 4272 ἐλάττονι
3221 4217 3276 4269 δὲ
3311 4215 3389 4286 τῷ
3431 4214 3548 4298 κατ’
3595 4213 3698 4266 αύ-

2119 4313 2214 4386 τὴν
2261 4293 2370 4384 (87)
2414 4293 2566 4382 τόπῳ
2597 4310 2794 4363 θᾶττον
2835 4305 3103 4378 περιοῦσα
3135 4304 3248 4375 (88)
3285 4303 3378 4355 τὸν
3417 4303 3474 4354 ὲν
3507 4293 3552 4367 ᾧ
3581 4301 3702 4352 ἐστι

2121 4406 2339 4468 κύκλον,
2375 4403 2504 4472 πρὶν
2543 4401 2690 4465 ἅπαξ
2735 4401 2826 4452 τὸν
2876 4399 3024 4468 ἥλιον
3057 4395 3406 4468 περιοδεῦσαι
3439 4393 3532 4446 τὸν
3568 4391 3705 4446 ἴδιον

2119 4499 2340 4568 δρόμον,
2380 4495 2540 4547 πλέον
2583 4493 2616 4563 ἢ
2653 4491 2948 4552 δωδεκάκις
2983 4487 3122 4558 αὑτὴ
3164 4487 3275 4559 (89)
3312 4486 3403 4539 τὸν
3453 4487 3571 4536 κατ’
3601 4484 3704 4536 αύ-

439 4583 646 4638 circulo
699 4583 755 4636 in
803 4596 914 4653 quo
977 4593 1250 4648 versatur,
1322 4587 1642 4655 priusquam
1700 4586 1782 4640 sol
1845 4598 1996 4640 scme

2121 4590 2222 4660 τὴν
2256 4587 2366 4654 (90)
2398 4584 2771 4656 περιέρχεται.
2803 4579 2892 4633 Διὸ
2926 4579 3212 4649 συμϐαίνει
3258 4577 3334 4648 μὴ
3370 4576 3458 4629 ἀεὶ
3487 4573 3671 4642 πεπλη

679 4781 740 4836 ἸΙ
768 4782 940 4854 ἀκοή.
977 4786 1022 4836 Α
1051 4785 1142 4836 καὶ
1168 4785 1328 4854 ἀκοή.

513 4851 628 4922 (70)
667 4851 931 4920 Μυκτήρ.
965 4857 1012 4906 Α
1045 4856 1086 4907 ὁ·
1113 4851 1349 4922 μυκτήρ.

514 4922 624 4994 (71)
678 4923 1126 4994 Ἅληθέστατον.
1158 4924 1200 4976 Β
1236 4923 1616 4994 ἀληθέστερον.

515 4989 630 5063 (72)
673 4989 966 5063 Τὸνένοῦν
993 4994 1224 5047 eiram.
1277 4989 1524 5063 ὁρῶντα.
1579 4992 1636 5045 ln
1681 4991 1831 5045 calce
1881 4990 2026 5044 rodi-

445 5059 593 5134 cisA
612 5059 690 5134 :ita
717 5083 732 5118 :
760 5062 912 5134 οἶμαι
939 5063 1028 5134 τὸν
1061 5059 1369 5132 Μένανδρον
1399 5059 1557 5134 εἶναι.

676 5132 852 5189 Τοῦτο
884 5133 1016 5200 δοίη
1053 5151 1160 5199 τις.
1191 5134 1313 5203 Δοίη
1355 5151 1433 5198 τις
1475 5132 1652 5186 τοῦτο.

543 5199 634 5272 ⁸74⁷)
684 5199 1075 5272 ’Υπερϐαλέἷν
1119 5199 1427 5258 «oi/Ida}.
1483 5205 1530 5256 Λ
1589 5204 1625 5254 Β
1665 5199 2024 5270 ὑπερϐάλλειν

447 5272 883 5329 πολλαπλασίονι.
1215 5287 1221 5295 ·

685 5343 1077 5416 ᾎπρεριιίνων.
1109 5345 1156 5398 Α
1185 5341 1497 5416 ἀποφαίνῃζ
1591 5343 1948 5416 ἀποφαίητο.

543 5411 635 5483 70)
675 5411 965 5483 Σελήνης.
1021 5417 1078 5468 In
1129 5411 1373 5483 margine
1406 5411 1499 5465 τοῦ
1535 5413 1576 5465 Α
1609 5411 1803 5483 schelii
1851 5411 1972 5469 loco
2009 5429 2024 5466 :

462 5481 817 5566 Ἐπείσακτον
843 5482 907 5534 ὲκ
927 5483 1020 5566 eo?
1049 5483 1198 5566 ἡλίου
1231 5481 1291 5566 τί)
1327 5483 1442 5552 φῶς
1475 5485 1507 5552 ἡ
1555 5482 1750 5566 σελήνη
1781 5485 1892 5556 ἔχει
1934 5483 2029 5538 καὶ

454 5549 761 5620 προσγείως
785 5549 1082 5621 περιπολεῖζ
1124 5553 1177 5606 lu
1207 5549 1357 5608 calce
1384 5549 1509 5605 vero
1537 5549 1785 5620 ejusdem
1811 5549 2030 5609 codicis

453 5621 645 5691 eadem
681 5618 802 5691 fere
841 5621 1168 5691 observatio,
1213 5621 1439 5676 mutatis
1481 5623 1879 5691 aliquantulum
1909 5639 2032 5678 ver—

455 5690 562 5778 bis,
597 5687 935 5778 recurrit‘ita
961 5690 1324 5778 εθξημεςωοτιγζ
1341 5694 1470 5778 περὶ
1495 5687 1741 5778 σελήνης,
1766 5695 1850 5778 δτι
1872 5710 2035 5778 προσ-

453 5757 1095 5844 γείωςμπεριπολεῖηᾞν
1119 5761 1226 5844 γὰρ
1263 5763 1330 5831 τῇ
1365 5757 1624 5844 etiame”;
1649 5757 1870 5844 ιξφαίρςι,
1909 5757 2034 5834 ἥτις

457 5825 870 5913 προσγειοτέρα,
941 5829 1104 5893 φασὶν
1134 5825 1438 5883 εἶναι”καὶ
1485 5825 1748 5888 κινεῖσθαι
1783 5825 1894 5904 ’τῆν
1932 5825 2034 5884 ’σε-

457 5909 625 5948 λπνην

477 5913 595 5964 mm

2195 4788 2304 4858 (77)
2345 4787 2641 4858 Διδάσκει.
2674 4785 2716 4837 Β
2743 4784 2988 4858 διδάσκῃ.

2199 4855 2310 4928 (78)
2351 4856 2774 4928 Σχημάτων.
2799 4855 2838 4904 Β
2880 4855 3181 4922 σχήματος.

2197 4925 2306 4996 (79)
2347 4925 2596 4996 Adﬁrmat.
2640 4929 2682 4978 A
2717 4925 2971 4993 λάμπειν.

2127 5043 2162 5056 ..
2198 4999 2310 5068 (80.)
2351 4999 2442 5052 Δέ.
2481 4999 2522 5050 Β
2553 4997 2606 5068 δὲ
2637 4997 2828 5063 αὐτὴν.
2887 5065 2897 5068 Α
3006 5063 3016 5068 _
3260 5059 3280 5068 _
3389 5057 3407 5065 _
3623 5053 3651 5068 ῃ

2197 5055 2310 5138 (81)
2349 5067 2712 5136 Ηεφυκέναι,
2743 5055 2849 5138 etc.
2871 5065 2916 5116 Α
2951 5063 3192 5130 πέφυκεν
3216 5077 3228 5088 ·
3257 5059 3292 5112 ἃ
3322 5057 3412 5110 τοῦ
3437 5055 3588 5127 ἡλίου
3621 5055 3706 5122 ἔφ’

2128 5135 2352 5193 ἑαυτῶν.
2388 5135 2705 5205 Βίπέιρυκεν
2740 5135 2795 5188 ἆ.

2199 5209 2308 5276 (82)
2354 5210 2475 5262 Οὐκ
2504 5209 2651 5260 deest
2676 5207 2737 5257 B.

2201 5276 2828 5348 (ῶ)Ἂιωαωμο

2202 5349 2314 5416 (84)
2353 5350 2600 5416 ’Ὠσπερ
2637 5349 2681 5398 Α
2705 5347 2862 5414 ὅπερ.

2351 5418 2446 5484 Μὴ
2477 5411 2658 5490 ἔχειν.
2697 5419 2738 5490 A_
2767 5411 2824 5466 B'
2843 5412 2916 5483 μὴ
2945 5411 3114 5490 οὕτως
3141 5411 3304 5480 ἔχειν.

2205 5482 2315 5558 (86)
2358 5482 2676 5561 Γιι-ᾫμένη.
2709 5482 3071 5561 Αχενομέεκῃ.
3162 5553 3172 5561 ι
3301 5550 3313 5561 _
3363 5549 3374 5561 ⁸
3624 5546 3634 5557 _

2204 5550 2313 5628 (87)
2351 5550 2735 5622 Κατ”αὑτῆν.
2766 5550 2808 5605 Β
2860 5552 2979 5606 καθ’
3017 5550 3237 5623 ἑαυτήν.
3286 5550 3331 5602 Δ
3363 5550 3420 5604 in
3465 5550 3712 5616 margine

2134 5630 2253 5702 atan
2283 5629 2500 5702 ἑαυτήν.
2541 5697 2566 5702 _
2711 5695 2748 5702 _
2951 5691 2974 5702 κ

2207 5699 2315 5768 (88)
2356 5695 2690 5768 Περιρῦσαε
2711 5695 2752 5745 Β
2767 5695 3074 5762 περιιοῦσα.

2208 5763 2330 5836 (80),
2350 5767 2530 5832 Αὑτή.
2563 5767 2604 5818 Β
2630 5763 2790 5836 αὕτη.

2209 5829 2330 5908 (00)
2357 5829 2505 5892 Kac"
2523 5835 2736 5902 αὐτὴν.
2757 5829 2814 5887 Ἀ
2841 5842 2894 5890 et
2919 5833 2962 5886 Β
2983 5832 3106 5886 καθ’
3140 5829 3360 5898 ἑαυτήν.
