3992 6478
401 416 475 476 ss
1145 465 1158 478 ,
1616 406 1675 466 s.
1713 406 2043 465 cascoan
2099 404 2394 463 NYSSENI
3603 406 3688 465 εδ

402 531 563 603 quasi
590 531 1006 600 incorporatam-
1027 536 1196 601 atque
1213 527 1742 586 consubstantiatam
1761 541 1885 585 esse
1902 524 1988 582 di-

2099 523 2394 579 διατεθεῖσα
2426 522 2674 596 μιμεῖται
2707 522 2808 596 τὴν
2833 524 2994 594 φύσιν
3015 565 3031 592 ,
3086 523 3187 579 οὐκ
3235 525 3293 580 ἐν
3321 522 3401 597 τῷ
3432 525 3689 597 σχήματι

402 628 514 690 cat,
573 635 694 692 quae
749 619 885 687 hac,
937 633 1062 691 qua
1129 627 1316 676 mente
1363 617 1786 689 percipiuntur,
1862 615 1981 669 visa

403 718 571 779 atque
611 708 885 765 motiones
931 723 997 764 ex
1047 707 1289 763 naturali
1337 707 1672 778 proprietate
1704 711 1868 774 atque
1901 701 1983 756 fa-

403 803 609 857 cultate
657 799 1110 871 elliciat?qualia
1163 799 1335 854 multa
1383 799 1640 854 nimirum
1693 811 1724 850 a
1775 793 1984 850 machi-

405 907 598 950 narum
681 893 985 950 artiﬁcibus
1053 891 1193 948 ellici
1251 891 1524 956 videmus,
1597 890 1687 945 ubi
1754 887 1983 944 materia

403 994 522 1040 arte
555 983 826 1056 disposita
891 991 1144 1038 naturam
1197 982 1476 1046 imitatur,
1538 993 1649 1034 non
1701 979 1758 1033 in
1807 976 1985 1032 forma

405 1076 584 1132 solum
647 1073 1062 1130 similitudinem
1121 1071 1440 1136 ostendens,
1483 1083 1673 1126 verum
1707 1069 1870 1125 etiam
1928 1069 1984 1123 in

406 1172 558 1220 motu
591 1171 864 1227 versatur,
895 1171 950 1218 et
991 1161 1176 1215 [ictam
1223 1161 1515 1230 quamdam
1555 1175 1746 1215 vocem
1786 1173 1986 1229 reprae-

406 1263 621 1318 sentat,
697 1261 991 1310 resonante
1048 1252 1298 1306 machina
1364 1253 1421 1306 in
1463 1261 1618 1322 parte
1669 1252 1882 1308 vocali:
1923 1264 1988 1305 ac

406 1361 516 1400 non
569 1347 788 1416 utrique
819 1345 928 1398 vim
977 1343 1273 1414 quamdam
1320 1343 1677 1413 intelligentia
1706 1342 1986 1413 praiditam

407 1439 460 1492 in
515 1439 584 1495 iis
637 1453 760 1508 quae
853 1439 989 1495 [lunt
1047 1438 1230 1493 inesse
1293 1437 1812 1503 animadvertimus,
1868 1452 1990 1508 quae

403 1533 725 1602 singulatim
796 1545 1046 1600 quasque
1097 1544 1187 1585 res
1243 1528 1438 1584 elliciat
1489 1536 1546 1584 et
1605 1538 1892 1599 eperetur,
1927 1529 1991 1584 li-

363 1621 617 1694 ‘guram,
671 1623 932 1693 speciem,
997 1635 1236 1683 sonum,
1271 1627 1501 1676 motum.
1554 1617 1612 1675 Si
1661 1620 1777 1675 haec
1839 1619 1993 1676 dica-

407 1733 532 1772 mus
560 1717 724 1771 etiam
759 1715 813 1769 in
849 1715 954 1770 hoc
1006 1713 1325 1770 mechanico
1360 1720 1570 1769 naturae
1618 1721 1820 1770 nostrae
1875 1713 1993 1770 lieri

411 1807 820 1871 instrumento,
871 1805 1023 1860 nulla
1084 1805 1422 1876 separatim,
1457 1820 1579 1874 qua:
1629 1814 1812 1860 mente
1871 1820 1994 1860 cer-

2085 620 2232 689 μόνῳ
2257 616 2370 688 (12)
2396 615 2650 670 δεικνῦσα
2677 616 2740 671 τὸ
2767 615 2971 688 ὅμοιον,
3005 615 3142 672 ἀλλά
3169 615 3282 688 (15)
3306 619 3397 672 καὶ
3439 618 3499 670 ἐν
3525 619 3690 690 κινή-

2085 723 2166 760 σει
2203 707 2432 775 γίνεται,
2455 707 2550 760 καὶ
2584 705 2822 775 φθόγγον
2855 705 2978 760 τινὰ
3008 705 3384 777 ὑποκρίνεται,
3411 704 3689 776 ⁴ι’γχοῦντος

2085 801 2143 853 ἐν
2189 797 2268 869 τῷ
2294 797 2586 870 φωνητικῷ
2621 799 2777 870 μέρει
2826 797 2922 852 τοῦ
2965 798 3386 870 μηχανήματος,
3428 797 3522 850 καὶ
3551 795 3686 850 οὐδὲ

2087 905 2189 942 που
2220 888 2331 960 (14)
2365 889 2558 960 νοητήν
2587 906 2708 942 τινα
2731 887 2958 960 δύναμιν
2987 889 3292 960 γινομένοις
3322 888 3436 959 (15)
3471 885 3678 941 esset...

2091 979 2289 1052 ροῦμεν
2316 980 2416 1051 τὴν
2446 979 2566 1033 καθ’
2597 979 2827 1034 ἕκαστον
2859 981 2970 1050 (16)
3001 981 3373 1052 ἐργαζομένην
3421 979 3481 1032 τὸ
3531 977 3672 1049 σχῆ-

2091 1091 2168 1145 μα
2190 1115 2204 1138 ,
2236 1074 2296 1126 τὸ
2324 1070 2529 1142 εἷδος,(1
2543 1071 2639 1146 ϐξ),
2679 1071 2770 1125 τὸν
2804 1068 2970 1144 ἦχον,
2998 1073 3098 1144 τὴν
3131 1073 3362 1142 κίνησιν.
3410 1072 3473 1124 Ei
3496 1070 3686 1125 ταῦτα

2086 1165 2318 1235 λέγομεν
2337 1161 2448 1234 (17)
2478 1161 2571 1216 καὶ
2597 1162 2723 1234 περὶ
2746 1163 2804 1215 τδ
2825 1162 3126 1233 μηχανικὸν
3149 1161 3307 1214 τοῦτο
3328 1161 3428 1231 τῆς
3454 1159 3680 1229 φύσεως

2087 1256 2243 1327 ἡμῶν
2275 1255 2522 1326 ὄργανον,
2557 1253 2828 1325 μηδεμιᾶς
2859 1253 3002 1309 κατὰ
3030 1254 3092 1308 τὸ
3125 1251 3324 1317 ξδιάζον
3349 1253 3549 1323 νοητῆς
3579 1253 3680 1304 οὐ-

2091 1349 2212 1411 σίας
2263 1345 2680 1416 ἐγκεκραμένης
2709 1345 2822 1417 (18)
2897 1345 3162 1414 γίνεσθαι,
3211 1344 3347 1398 ἀλλά
3405 1360 3550 1406 τινος
3600 1345 3676 1414 τῇ

2089 1439 2252 1510 φύσει
2293 1437 2402 1490 τῶν
2442 1437 2500 1488 ἐν
2552 1437 2684 1506 ἡμῖν
2734 1435 3010 1506 στοιχείων
3051 1435 3344 1506 κινητικῆς
3388 1433 3680 1504 δυνάμεως

2089 1530 2417 1601 ἐγκειμένης
2439 1573 2454 1597 ,
2486 1529 2579 1582 καὶ
2608 1529 2706 1598 τὴν
2731 1527 2983 1598 τοιαύτην
3005 1527 3288 1598 ἐνέργειαν
3320 1526 3678 1596 ἀποτέλεσμα

2091 1619 2230 1677 εῖναι
2255 1621 2368 1692 (19)
2409 1619 2492 1689 ἐφ’
2527 1617 2740 1688 ,ἑαυτῆς
2759 1635 2772 1650 ⁸
2808 1618 2908 1690 τὴν
2940 1619 3134 1689 νοητὴν
3156 1621 3372 1688 ἐκείνην
3403 1619 3497 1672 καὶ
3528 1616 3679 1671 ἀσώ-

2095 1729 2265 1784 ματον
2289 1713 2390 1783 τῆς
2411 1711 2590 1782 ψυχῆς
2611 1709 2799 1764 οὐσίαν
2822 1709 3305 1781 ἀποδεικνύοιτο,ἢ
3340 1707 3400 1764 τὸ
3427 1709 3682 1782 μηδὸλως

2094 1800 2234 1858 εἶναι
2262 1821 2276 1870 ;
2307 1851 2311 1855 .

407 1907 594 1965 natur,
652 1907 850 1954 natura
907 1897 1128 1961 infusa,
1183 1897 1281 1955 sed
1332 1896 1569 1966 quadam
1637 1897 1900 1952 facultate
1957 1897 2210 1953 movendi
2267 1897 2435 1953 insita
2503 1907 2718 1954 natura!
2772 1912 2963 1954 eorum
3017 1913 3142 1968 quae
3217 1897 3273 1959 in
3321 1896 3482 1952 nobis
3546 1906 3682 1952 sunt

408 1991 831 2054 elementorum,
873 1986 1323 2061 urgente,1atque
1381 1987 1652 2058 ejusmodi
1712 1989 1982 2044 actionem
2021 2004 2146 2044 esse
2179 1990 2260 2044 rei
2319 1989 2595 2058 effectum,
2632 2005 2754 2061 qum
2823 1988 2963 2044 nihil
3015 1989 3166 2044 aliud
3213 1996 3298 2042 est
3346 2004 3512 2058 quam
3561 2005 3682 2041 nio-

409 2089 501 2136 tus
549 2079 772 2150 quidam
823 2080 1176 2151 impulsivus,
1239 2080 1336 2150 qui
1380 2087 1634 2134 versatur
1721 2086 1778 2133 et
1839 2089 2143 2150 occupatur
2168 2079 2316 2135 circa
2373 2082 2741 2153 cognitionem
2786 2094 2975 2136 earum
3030 2093 3235 2143 rerum,
3291 2078 3491 2148 quibus
3559 2087 3682 2133 stu-

408 2175 602 2230 demus
628 2179 682 2228 et
740 2187 962 2243 operam
997 2173 1247 2230 damus:
1291 2181 1474 2230 utrnm
1531 2173 1706 2244 magis
1775 2185 1872 2243 per
1913 2173 2056 2239 haec,
2111 2188 2306 2230 essene
2369 2175 2517 2230 illam
2599 2175 2656 2230 in
2731 2188 2855 2230 sese
2904 2173 3224 2227 rationalem
3277 2171 3682 2243 intelligentiae-

410 2281 518 2337 qne
571 2267 891 2336 participem
945 2261 1434 2336 et'incorpoream
1469 2265 1664 2322 animae
1703 2273 1984 2332 naturam,
2025 2282 2094 2322 an
2135 2283 2203 2323 ne
2248 2283 2475 2338 prorsus
2531 2266 2926 2340 quidem‘esse,
2982 2263 3427 2319 demonstretur?
3586 2301 3599 2313 .

511 2352 1302 2424 M.Atilla:Cumsimilitudo,
1349 2355 1562 2426 inquit,
1615 2354 1837 2424 adjuvat
1901 2365 1994 2408 at-

2175 2359 2249 2414 M.
2285 2361 2438 2425 Ἡδὲ,
2459 2361 2762 2434 Συμμαχεῖ,
2786 2355 2952 2427 φησὶ,
3004 2353 3244 2424 τῷλόγῳ
3289 2353 3381 2406 καὶ
3430 2351 3490 2404 τὸ
3538 2350 3677 2404 ὑπό-

412 2459 522 2516 qne
577 2440 822 2498 defendit
860 2453 1107 2500 nostram
1153 2446 1456 2502 orationem
1485 2486 1500 2510 ,
1549 2453 1664 2501 tum
1713 2453 1991 2502 structura

415 2547 581 2606 atque
629 2535 958 2605 compositio
991 2537 1172 2593 omnis
1219 2553 1286 2593 ex
1341 2538 1577 2594 adverso
1629 2537 1788 2594 nobis
1832 2537 1994 2593 illatae

415 2627 870 2684 contradictionis
928 2645 1039 2684 non
1091 2643 1288 2700 parum
1338 2629 1585 2686 conferet
1644 2630 1713 2685 ad
1766 2639 1992 2686 senten-

414 2715 506 2770 tia:
551 2726 754 2775 nostra:
785 2719 1272 2774 conﬁrmationem.
1295 2723 1428 2776 —t2.
1452 2723 1553 2788 Qui
1575 2721 1870 2775 hocdicis‘.’
1905 2716 1994 2771 in-

414 2819 599 2874 quam.
619 2811 762 2866 —M.
781 2809 1071 2878 Quoniam,
1092 2807 1286 2877 inquit,
1302 2810 1372 2862 ita
1389 2810 1552 2872 scire,
1574 2815 1838 2874 tractare,
1875 2807 1993 2862 dis-

413 2909 618 2964 ponere
671 2903 724 2950 ct
760 2897 1176 2950 accommodare
1230 2897 1511 2951 materiam
1561 2899 1880 2964 inanimam,
1935 2908 1996 2954 ut

413 3001 528 3052 ars,
563 3004 684 3056 quze
739 2989 805 3040 ad
853 2988 1134 3043 machinas
1177 2987 1424 3044 adhibita
1482 2998 1586 3055 est,
1635 2991 1758 3046 loco
1801 2991 1996 3047 anima:

414 3080 806 3148 propemodum
870 3079 1111 3134 materiae
1186 3080 1259 3134 sit
1315 3119 1330 3144 ,
1396 3089 1681 3150 propterea
1734 3083 1881 3152 quod
1941 3089 1996 3136 et

415 3179 648 3235 motum,
699 3179 754 3225 et
813 3185 1032 3236 sonum,
1087 3179 1142 3226 et
1195 3163 1430 3242 ﬁguram
1490 3179 1545 3226 et
1596 3172 1728 3227 talia
1799 3189 1997 3244 reprae-

415 3271 615 3330 sentat,
665 3264 801 3318 satis
838 3262 1001 3319 fuerit
1049 3264 1116 3320 ad
1163 3265 1695 3330 demonstrandum,
1747 3267 1892 3336 quod
1925 3268 1997 3324 sit

414 3356 620 3426 aliquid
679 3357 736 3411 in
785 3357 1006 3412 homine
1040 3359 1149 3414 tale
1208 3357 1356 3429 quod
1433 3373 1531 3429 per
1588 3361 1998 3431 contemplatri-

415 3464 532 3504 cem
593 3456 647 3504 et
699 3449 1056 3504 inventricem
1111 3450 1430 3506 facultatem
1492 3465 1618 3506 cum
1675 3453 1999 3508 naturaliter

414 3541 591 3612 possit
647 3542 760 3598 haec
812 3543 867 3598 in
917 3545 1101 3612 seipso
1154 3543 1538 3612 considerare,
1583 3555 1765 3599 mente
1813 3545 1998 3600 conci-

416 3649 548 3704 pere
610 3641 665 3689 et
745 3633 1225 3698 animadvertere,
1295 3643 1409 3690 tum
1458 3643 1585 3691 ante
1663 3637 1998 3707 cogitatione

2095 2449 2315 2519 δειγμα,
2348 2447 2442 2501 καὶ
2472 2449 2504 2518 ἡ
2541 2447 2854 2518 κατασκευὴ
2881 2447 3028 2500 πᾶσα
3057 2445 3156 2517 τῆς
3181 2441 3680 2514 ἀνθυπενεχοείσης

2093 2537 2228 2610 ἡμῖν
2274 2538 2643 2609 ἀντιρρήσεως
2691 2537 2753 2589 οὐ
2805 2534 2979 2608 μικρὰ
3029 2535 3330 2590 συντελέσει
3391 2533 3528 2604 πρὸς
3574 2531 3681 2602 τὴν

2095 2627 2204 2680 τῶν
2259 2626 2556 2698 νοηθέντων
2589 2624 2717 2695 ἡμῖν
2731 2621 3220 2694 βεϐαιότητα.-Γ.
3249 2617 3486 2684 ιξῶςοοῦν
3515 2619 3682 2675 τοῦτο

2095 2719 2304 2786 λέγειςς
2321 2717 2712 2782 -Μ.Ὄτιτοι,
2726 2722 2878 2788 φησι,
2890 2719 2952 2773 τὸ
2965 2719 3343 2783 οῦτωςείδέναι
3365 2712 3682 2784 μεταχειρί-

2097 2808 2286 2874 ζεσθαι
2319 2824 2372 2862 τι
2404 2805 2516 2878 (20)
2562 2807 2656 2859 κα)⁵
2683 2804 2979 2859 διατιθέναι
3008 2806 3109 2876 τὴν
3146 2805 3352 2875 ἄψυχον
3398 2804 3530 2875 ῦλην
3555 2843 3570 2868 ,
3601 2803 3685 2867 ὡς

2094 2902 2192 2972 τὴν
2251 2898 2662 2954 ἐναποτιθεῖσαν
2703 2896 2814 2968 (21)
2878 2900 2991 2960 τοῖς
3064 2897 3420 2968 μηχανήμασι
3482 2895 3684 2966 τέχνην

2100 2990 2298 3062 μικροῦ
2331 2991 2439 3044 δεῖν
2463 2990 2586 3044 ἀντί
2612 2993 2710 3062 τῆς
2738 2989 2917 3060 ψυχῆς
2951 2988 3018 3059 τῇ
3053 2989 3153 3060 ῦλῃ
3190 2987 3474 3057 γίνεσθαι,
3505 2987 3572 3040 δι’
3602 2982 3686 3042 ὧν

2097 3083 2310 3152 κίνησίν
2337 3099 2397 3134 τε
2427 3081 2522 3136 καὶ
2553 3077 2718 3152 ἦχον,
2749 3081 2844 3135 καὶ
2884 3082 3137 3151 σχήματα
3159 3119 3174 3144 ,
3203 3079 3299 3134 καὶ
3338 3079 3407 3134 τὰ
3453 3077 3688 3132 τοιαῦτα

2097 3173 2554 3246 καθυποκρίνεται
2579 3214 2593 3234 ,
2621 3172 2892 3237 ἀπόδειξις
2919 3171 2986 3225 ἂν
3010 3171 3097 3242 εἴη
3121 3171 3214 3225 τοῦ
3251 3165 3390 3224 εἷναί
3417 3189 3470 3224 τι
3503 3169 3688 3224 τοιοῦ-

2097 3280 2186 3316 τον
2217 3263 2330 3334 (22)
2361 3265 2420 3317 ἐν
2453 3263 2530 3334 τῷ
2563 3263 2868 3334 ἀνθρώπῳ,
2909 3257 2954 3332 ᾧ
2987 3263 3158 3316 ταῦτα
3185 3264 3296 3333 (25)
3343 3263 3550 3331 πέφυκε
3591 3263 3688 3316 διὰ
3789 3323 3798 3331 ο

2097 3354 2194 3425 τῆς
2226 3353 2566 3426 Θεωρητικῆς
2590 3355 2685 3407 καὶ
2706 3355 3062 3426 ἐφευρετικῆς
3086 3354 3370 3424 δυνάμεως
3395 3356 3688 3407 κατανοεῖν

2097 3463 2156 3499 τε
2189 3446 2246 3499 ἐν
2276 3443 2455 3516 ἐαυτῷ
2483 3444 2595 3516 (24)
2632 3445 2726 3498 κοιλ⁵
2767 3444 3306 3516 προκατασκευάζειν
3357 3448 3425 3517 τῇ
3475 3445 3692 3518 διανοίᾳ

2097 3537 2166 3590 τὰ
2214 3537 2582 3608 μηχανήματα
2615 3575 2632 3601 ,
2675 3533 2775 3590 εἷθ’
2808 3536 2982 3602 οὕτως
3030 3539 3110 3598 εἰς
3141 3537 3420 3606 ἐνέργειαν
3457 3538 3546 3592 διὰ
3581 3538 3692 3608 τῆς

2098 3627 2294 3697 τέχνης
2327 3627 2514 3696 ἄγειν,
2547 3627 2644 3681 καὶ
2676 3628 2764 3681 διὰ
2791 3628 2889 3699 τῆς
2926 3627 3060 3700 ὕλης
3092 3628 3360 3683 δεικνύειν
3386 3630 3446 3682 τὸ
3482 3631 3688 3700 νόημα.

416 3725 704 3790 instituere
751 3741 818 3781 ac
855 3741 1166 3796 praeparare
1210 3728 1536 3793 machinas,
1574 3689 1846 3799 atqueuita
1897 3727 1994 3783 de-

2100 3689 2322 3790 Προὲάν
2349 3689 2458 3791 γὰρ
2481 3689 2561 3773 ὅτι
2596 3689 2904 3792 πνεύματῦς
2939 3689 3054 3775 ἐστι
3092 3721 3250 3794 χρεία
3274 3722 3413 3792 πρὸς
3455 3689 3691 3794 τὴν-ἐκ-

416 3817 542 3871 inde
571 3831 666 3872 eas
699 3833 795 3888 per
829 3820 1003 3872 artem
1061 3816 1128 3872 ad
1161 3817 1434 3874 actionem
1478 3819 1781 3890 perducere
1808 3834 1870 3874 ac
1899 3835 1997 3890 per

414 3907 704 3962 materiam
757 3909 1052 3964 ostendere
1080 3909 1282 3964 mentis
1343 3917 1698 3980 conceptum.
1751 3908 1995 3964 Primum

415 3999 562 4054 enim
597 3998 744 4064 quod
793 3998 860 4053 ad
924 4013 1113 4054 vocem
1167 3999 1436 4055 edendam
1493 4001 1691 4072 spiritu
1731 4015 1872 4070 opus
1926 4001 2001 4056 sit

415 4091 808 4147 animadvertit
837 4109 856 4160 ;
897 4091 1096 4148 deinde
1120 4108 1229 4163 quo
1267 4101 1428 4163 pacto
1474 4094 1743 4150 machina:
1773 4093 2002 4165 spiritus

414 4183 841 4255 excogitaretur,
898 4184 1248 4240 considerata
1301 4185 1700 4240 elementorum
1749 4198 1946 4241 natura
1979 4223 1994 4249 ,

416 4275 628 4329 ratione
667 4283 795 4330 ante
839 4275 1172 4347 perpendit,
1213 4277 1364 4348 quod
1415 4275 1677 4332 nimirum
1734 4277 1873 4332 nihil
1902 4292 2001 4332 va-

414 4382 579 4422 cuum
633 4367 704 4422 sit
760 4369 815 4422 in
869 4384 1053 4424 rerum
1123 4376 1324 4424 natura
1353 4406 1368 4433 ,
1436 4367 1534 4425 sed
1592 4367 2002 4440 comparatione

416 4472 542 4510 cum
597 4457 876 4526 graviori,
921 4458 1041 4513 leve
1078 4475 1318 4514 vacuum
1362 4469 1590 4530 putetur
1628 4469 1795 4531 atque
1848 4459 2004 4515 dica-

418 4555 534 4612 tar,
567 4548 829 4617 quoniam
869 4557 922 4604 et
973 4549 1090 4618 ipse
1137 4561 1230 4604 aer
1283 4550 1340 4603 in
1397 4565 1520 4607 sese
1551 4551 1640 4606 sui
1687 4559 1884 4606 natura
1913 4564 2002 4606 so-

411 4637 566 4693 .lidus
618 4651 682 4692 ac
725 4638 922 4709 plenus
981 4649 1089 4693 est.
1143 4635 1394 4694 Vacuum
1440 4640 1586 4696 enim
1649 4656 1748 4698 vas
1788 4641 2002 4696 dicitur

418 4740 516 4796 per
552 4724 893 4793 abusionem,
953 4741 1079 4781 cum
1134 4727 1205 4782 ab
1238 4727 1468 4783 humore
1499 4741 1732 4782 vacuum
1793 4727 2002 4794 fuerit,

420 4817 774 4874 nihilominus
821 4819 966 4876 aeris
1007 4819 1229 4890 plenum
1283 4820 1536 4876 eruditus
1563 4820 1729 4876 etiam
1781 4819 1887 4875 hoc
1912 4835 2004 4876 es-

491 4992 604 5062 (12)
642 4993 838 5059 Mdv-cp.
870 4995 915 5047 A
946 4992 1000 5048 in
1029 4993 1276 5064 margine
1308 4994 1502 5064 μόνων.

493 5064 604 5136 (ιδ)
657 5065 863 5136 Ἀλλά·
895 5064 942 5117 Α
970 5063 1103 5136 ἀλλά
1130 5063 1270 5136 γᾴρ.

495 5133 604 5204 (14)
640 5133 794 5188 Οὐὸέ
827 5149 968 5204 που.
1001 5134 1150 5204 A705
1181 5133 1374 5203 δήπου.

495 5203 608 5275 (l5)
651 5203 1017 5275 Γινομένοις.
1049 5203 1092 5255 Β
1115 5203 1697 5275 τοῖςηγινωσκομένοις.

496 5273 609 5344 (16)
649 5273 1084 5344 Καθ’ἔκαστογ.
1205 5273 1276 5325 Τὸ
1306 5273 1430 5344 (καθ’
1453 5273 1702 5344 ἕκαστον.

525 5343 1068 5418 ίρξηξὸοχῆμαητρ
1087 5339 1266 5418 εἷδος.
1297 5343 1338 5394 Β
1361 5344 1420 5396 τὸ
1450 5339 1610 5411 εἶδος,
1637 5345 1698 5400 τὸ
1731 5347 1936 5418 σχῆμα.

509 5410 611 5491 il?)
649 5410 930 5491 ᾼέτῡιιέν.
956 5413 1074 5491 an
1101 5413 1374 5491 ximat.

497 5481 611 5555 (l8)
663 5481 1218 5555 ΤΕ·ικε²ρραμένης;Β
1242 5481 1720 5555 ἐγκεκρυμμένος.
1783 5491 1789 5496 ’

498 5500 588 5553 μδ
668 5500 1218 5552 ιγκεκραμενης.ῠ
1242 5500 1480 5555 εγκεκρυ
1532 5500 1720 5555 μενης.

498 5504 611 5621 (19)
658 5551 1059 5622 νᾉετοτέλεστμα
1099 5549 1272 5608 εἶναι.
1303 5555 1351 5606 Α
1381 5561 1436 5608 et
1469 5500 1726 5622 lypostea
1755 5555 1872 5610 haec
1911 5569 2005 5609 ex-

429 5617 607 5697 hibeti
632 5621 706 5697 ξἩ
744 5620 898 5697 οὐδὲν
929 5617 1056 5697 ἄλλο
1087 5621 1119 5691 ἢ
1147 5623 1362 5697 κίνησίς
1405 5623 1490 5697 τίς
1537 5617 1682 5678 ἐστιν
1728 5623 2003 5697 ὁρμητικὴ

428 5691 558 5760 περὶ
598 5690 700 5774 τὴν
736 5689 936 5776 γνῶσιν
985 5689 1574 5775 τῶννσπουδαζομένων
1611 5689 2000 5765 ἐνεργουμένηξ

429 5757 494 5811 Τί
525 5759 592 5813 ἂν
627 5759 828 5818 μαλλον
855 5759 942 5812 δια
980 5775 1168 5812 τουτου
1203 5761 1311 5818 (διὰ
1341 5765 1546 5816 τούτων
1579 5765 1644 5818 Α)
1675 5764 1708 5818 ἢ
1740 5765 1800 5818 τὸ
1837 5761 2000 5818 εἶναι.

525 5764 592 5813 ἂν
627 5764 828 5830 μᾶλλον
855 5764 942 5812 διὰ
980 5764 1168 5812 τούτου
1203 5764 1311 5830 (διὰ
1341 5765 1546 5816 τούτων
1579 5765 1644 5836 Α)
1675 5764 1800 5858 iis!)
1837 5764 2000 5819 εἶναι.

503 5827 616 5900 (20)
654 5828 1172 5898 Μεταχειρίζεσθαί
1209 5847 1284 5886 τι.
1328 5833 1370 5884 Β
1407 5835 1880 5905 μεταχειρίεεσθαί
1921 5851 2001 5889 τε.

2096 3807 2362 3880 φώνησιν,
2395 3811 2724 3882 κατενόησεν
2745 3827 2758 3841 ·
2785 3808 2885 3864 εἷθ’
2904 3813 3052 3877 ὅπως
3079 3813 3144 3868 ἂν
3176 3813 3486 3884 ἐπινοηθείη
3517 3815 3693 3870 πνεῦ-

2101 3918 2177 3972 μα
2196 3900 2274 3972 τῷ
2305 3903 2662 3972 μηχανήματι
2691 3899 2770 3972 τῷ
2795 3901 3041 3974 λογισμῷ
3064 3902 3422 3975 προεξήτασε,
3448 3903 3550 3973 τὴν
3572 3905 3690 3958 τῶν

2105 3993 2382 4064 στοιχείων
2431 3992 2594 4062 φύσιν
2631 3994 3068 4065 ἐπισκεψάμενος
3089 4037 3103 4062 ,
3153 3998 3232 4050 ὃτι
3253 3997 3405 4050 οὐδὲν
3433 3996 3590 4050 κενὸν
3623 3999 3690 4052 ἐν

2103 4087 2217 4148 τοῖς
2241 4081 2391 4138 οὗσίν
2428 4084 2594 4147 ἐστιν,
2623 4071 2759 4138 ἀλλὰ
2788 4084 2922 4156 πρὸς
2954 4085 3065 4158 (25)
3099 4086 3159 4140 τὸ
3186 4086 3482 4158 βαρύτερον
3504 4103 3691 4158 παρα-

2103 4177 2250 4231 θέσει
2274 4177 2428 4232 κενὸν
2454 4177 2516 4230 τὸ
2543 4177 2744 4246 κοῦφον
2769 4177 3046 4249 νομίζεται
3067 4221 3084 4246 ,
3127 4180 3248 4234 ἐπεὶ
3278 4180 3372 4233 καὶ
3400 4181 3562 4244 αὐτὸς
3593 4180 3694 4250 ἐφ’

2101 4271 2294 4325 ἑαυτοῦ
2336 4271 2457 4326 κατ’
2492 4270 2626 4324 ίδίαν
2672 4271 2970 4329 ὑπόστασιν
3021 4272 3216 4342 μεστός
3257 4289 3318 4326 τε
3367 4273 3397 4325 ὁ
3439 4273 3548 4346 ἀὴρ
3589 4278 3692 4328 καὶ

2103 4363 2318 4436 πλήρης
2348 4363 2466 4417 ἐστί
2490 4362 2625 4436 (26).
2657 4365 2914 4418 Διάκενον
2941 4364 3052 4436 γὰρ
3076 4366 3138 4419 τὸ
3170 4366 3390 4435 ἀγγεῖον
3417 4367 3484 4419 ἐκ
3516 4383 3693 4420 κατα-

2103 4454 2352 4524 χρήσεως
2397 4453 2636 4522 λέγεται.
2682 4454 2854 4508 Ὅταν
2901 4455 3012 4528 γὰρ
3059 4455 3154 4509 τοῦ
3213 4456 3383 4526 ὑγροῦ
3417 4457 3575 4511 κενὸν
3624 4455 3688 4532 ᾖ,

2104 4542 2256 4596 οὐδὲν
2298 4537 2460 4616 ἦττον
2495 4545 2608 4616 (27)
2661 4547 2856 4617 μεστὸν
2895 4547 3054 4618 ἀέρος
3097 4548 3528 4619 πεπαιδευμένος
3571 4549 3692 4620 (28)

2107 4634 2202 4690 καὶ
2237 4635 2396 4690 τοῦτο
2419 4635 2586 4706 λέγει.
2621 4638 2852 4709 Σημεῖον
2879 4637 2934 4692 δέ
2965 4639 3054 4693 τὸν
3087 4639 3394 4710 ἐπαχθέντα
3418 4645 3485 4713 τῇ
3519 4642 3692 4714 λίμνῃ

2103 4726 2356 4797 ἀμφορέα
2374 4725 2486 4798 (29)
2521 4727 2597 4798 μὴ
2623 4727 2785 4791 εὐθὺς
2810 4729 3148 4800 πληροῦσθαι
3178 4729 3273 4784 τοῦ
3310 4731 3534 4796 ὕδατος,
3570 4732 3691 4786 ἀλλ’

2106 4818 2454 4884 ἐπιπολάζειν
2487 4819 2558 4874 τὰ
2593 4819 2826 4891 πρῶτα,
2868 4821 2963 4874 τοῦ
3003 4821 3476 4894 ἐναπειλημμένου
3525 4824 3692 4894 ἀέρος

2179 4993 2294 5073 (21.)
2345 4995 2946 5073 Ἐναδτοτιᾷεῒσαιςηᾼ
2991 4997 3044 5052 in
3102 5003 3250 5073 Lemn
3293 4998 3695 5073 ἐναποληφῦεῇ

2109 5079 2229 5128 σαν,
2257 5064 2312 5118 in
2343 5066 2588 5134 margine
2625 5064 3066 5123 ὲναποτέθεῖσαν.
3107 5067 3149 5119 Β
3177 5064 3613 5126 ἐναποτεοεῖσάν.

2181 5133 2292 5204 (22)
2335 5137 2396 5204 It
2421 5133 2710 5191 τοιοῦτον,
2747 5138 2787 5190 Β
2816 5139 3056 5193 τοιοῦτόν
3085 5153 3156 5190 τι.

2181 5199 2292 5274 (25)
2333 5199 2410 5274 ⁷ῼ
2434 5205 2638 5260 ταῦτα.
2679 5209 2723 5260 Α
2755 5207 2784 5260 ὃ
2814 5209 3006 5264 ταῦτα.

2197 5273 2291 5340 21)
2343 5273 2446 5327 Ἔν
2475 5274 2684 5342 ἐαυτῷ.
2722 5277 2763 5329 Β
2791 5279 2850 5330 ἐν
2876 5279 3042 5342 αὐτῷ.

2198 5337 2291 5418 ἓξ)
2329 5343 2582 5418 ηρόςοβ
2613 5337 2678 5418 tii
2713 5349 2869 5418 πρός.
2993 5337 3007 5352 ’

2196 5413 2304 5493 26).
2329 5413 2567 5493 ψεστός
2586 5413 2706 5472 τέο
2741 5413 2858 5493 diu)
2883 5437 2940 5474 κ.
2977 5437 3043 5476 π.
3065 5422 3114 5477 ὲ.
3141 5425 3186 5476 Α
3212 5425 3239 5476 ὁ
3262 5421 3369 5493 ἀὴρ
3405 5421 3600 5486 ναστός
3627 5439 3693 5478 τε

2104 5484 2199 5538 καὶ
2247 5482 2572 5566 ετλήρηςηυ
2607 5482 2856 5566 eumdem
2903 5492 3146 5548 ordinem
3187 5482 3391 5557 servat,
3446 5494 3542 5548 sed
3578 5482 3695 5564 pro

2103 5554 2298 5626 ναστρς
2324 5554 2521 5626 retinet
2547 5557 2757 5626 μεστός.

2340 5623 2763 5704 ρ-ὺδὲνᾲἧττον.
2798 5628 2842 5682 Α
2945 5629 3100 5704 οὐδὲν
3121 5631 3179 5686 δὲ
3203 5627 3383 5704 ἦττον.

2181 5694 2295 5767 (28)
2337 5694 2836 5767 Πεπαιδέιξμένος.
2870 5700 2915 5753 A
2945 5701 2987 5752 Β
3022 5703 3052 5754 ὁ
3083 5694 3303 5756 πεπαίδ.

2066 5816 2072 5824 ,
2109 5835 2124 5841 _
2181 5756 2296 5841 (29)
2346 5756 2650 5841 Ἄμφορέάῖ
2695 5767 2739 5819 Β
2773 5756 2865 5841 τὸν
2896 5771 3038 5841 ἀμφ.
3067 5773 3113 5824 Α
3151 5773 3206 5828 in
3235 5779 3386 5829 textu
3421 5771 3567 5829 idem
3601 5770 3700 5829 ha-

2109 5835 2222 5901 bet,
2254 5836 2310 5890 in
2341 5838 2589 5909 margine
2611 5852 2744 5894 vero
2767 5839 2859 5894 τὸν
2889 5835 3156 5913 κέοαμέα.
