3992 6430
222 433 274 485 41
1262 432 1352 488 DE
1390 430 1608 486 ANIMA
1649 429 1739 487 ET
1780 428 2389 491 RESURRECTIONE.
3398 441 3466 497 η

219 550 305 619 τὴν
342 545 511 617 θύραν
550 546 1053 619 χειραγωγούμενοι
1079 588 1093 612 ,
1148 549 1263 614 ἑνὸς
1320 549 1430 603 τῶν
1485 550 1759 621 εἰρημένω

1892 548 2030 605 Nam
2068 549 2273 621 ubique
2300 549 2355 603 in
2389 564 2570 604 rerum
2605 550 3030 622 investigatione
3070 555 3468 614 examinati-ica
3512 598 3519 605 ς

220 640 411 702 πάντως
437 638 777 709 θιγγάνομεν
808 640 956 710 (69),
1014 640 1048 713 ἢ
1082 642 1280 714 χρῶμα
1332 644 1711 712 εὑρίσκοντες,
1743 644 1778 715 ἢ

219 735 399 806 σχῆμα,
425 732 460 804 ἢ
494 732 862 803 πηλικότητα,
894 734 927 804 ἧ
966 751 1019 787 τι
1046 732 1152 787 τῶν
1188 734 1340 806 παρά
1376 734 1472 789 σοῦ
1515 735 1610 790 νῦν
1638 737 1781 806 ἀπη-

220 826 550 899 ριθμημένων
588 823 808 895 ἕτερον⁹
839 826 967 879 ὅταν
988 824 1047 879 δὲ
1080 825 1286 879 τούτων
1316 827 1481 898 μηδὲν
1515 822 1653 880 εἶναι
1690 827 1778 879 λέ-

216 933 358 987 γηται
382 916 446 970 ἂν
479 914 632 984 (70),
669 918 748 980 εἰς
791 915 851 970 τὸ
877 916 1118 988 μηδόλως
1161 934 1216 970 τι
1241 915 1376 972 εἶναι
1422 918 1629 972 οἴεσθαι
1674 918 1779 971 ὑπὸ

216 1005 559 1078 μικροψυχίας
589 1005 987 1079 περιαγόμεθα.

1889 649 2053 711 atque
2084 642 2412 696 scrutatrice
2444 641 2823 712 intelligentia,
2864 646 3023 714 quasi
3062 647 3348 719 palpantes
3384 648 3463 716 id,

1885 731 2033 802 quod
2070 731 2358 803 quaeritur,
2393 739 2658 803 tanquam
2690 734 2820 789 caeci
2850 736 3073 806 quidam
3105 738 3340 795 ducibus
3371 754 3468 811 pa-

1886 822 2121 880 rietibus
2164 824 2232 879 ad
2295 825 2499 880 ostium
2543 825 2850 894 tendentes,
2905 844 3134 899 prorsus
3177 846 3346 886 unum
3397 824 3500 888 σι’

1884 917 2051 973 dictis
2107 917 2451 989 attingimus,
2501 919 2587 974 vel
2637 920 2898 988 colorem,
2954 922 3037 978 vel
3083 922 3334 993 ﬁguram,
3379 924 3467 980 vel

1883 1008 2274 1080 quantitatem,
2318 1011 2405 1065 vel
2446 1010 2655 1081 aliquid
2701 1012 2850 1067 aliud
2881 1028 3070 1069 eorum
3113 1031 3235 1086 quae
3279 1017 3379 1073 abs
3413 1024 3467 1073 te

213 1104 516 1151 enumerata
547 1103 684 1152 sunt
705 1095 1088 1154 oﬂ'endentes:
1124 1111 1250 1153 cum
1285 1108 1467 1153 autem
1495 1098 1701 1153 dicitur
1729 1100 1867 1154 nihil
1905 1101 2098 1155 horum
2129 1114 2275 1169 esse,
2305 1116 2418 1172 prae
2454 1102 2624 1157 animi
2659 1104 2959 1176 exiguitate
2984 1119 3051 1161 eo
3069 1105 3368 1178 redigimur
3406 1119 3466 1162 ut

214 1207 270 1247 ne
294 1207 515 1262 prorsus
544 1191 768 1263 quidem
794 1193 1001 1265 aliquid
1041 1209 1164 1250 esse
1204 1202 1483 1265 putemus.

283 1303 354 1361 Μ.
382 1306 444 1360 Ἦ
465 1304 523 1360 δὲ
552 1306 911 1375 σχετλιάσασα
928 1308 1128 1378 μεταξὺ
1162 1307 1255 1362 τοῦ
1304 1308 1466 1378 λόγου
1498 1348 1513 1376 ,
1542 1307 1647 1362 Φεῦ
1677 1311 1777 1382 τῆς

209 1399 413 1463 ἀτοπίας
438 1440 452 1463 ,
474 1399 668 1469 φησὶν,
702 1400 783 1462 εἰς
811 1393 920 1452 οἷον
954 1398 1064 1468 (71)
1105 1401 1473 1470 καταστρέφει
1520 1401 1693 1472 πέρας
1739 1402 1774 1472 ἡ

211 1488 493 1562 μικροφυὴς
522 1489 666 1559 αὕτη
698 1488 793 1543 καὶ
811 1489 1148 1560 χαμαίζηλος
1172 1493 1301 1561 περί
1325 1490 1432 1547 τῶν
1461 1491 1628 1546 ὄντων
1654 1493 1775 1564 κρί-

208 1579 311 1642 σιςῐ
356 1579 416 1630 Εἰ
448 1578 558 1650 γὰρ
596 1577 859 1650 ἐξῄρηται
906 1578 1001 1632 τοῦ
1037 1580 1190 1645 ὄντος
1229 1580 1375 1635 ἅπαν
1415 1581 1445 1635 ὃ
1491 1581 1568 1654 μὴ
1595 1585 1659 1653 τῇ
1688 1585 1771 1637 αἰ-

208 1669 374 1741 σθήσει
426 1670 758 1741 γνωρίζεται
780 1710 795 1736 ,
826 1671 934 1724 οὐδ’
971 1670 1039 1727 ἂν
1082 1673 1254 1743 αὐτὴν
1292 1671 1390 1744 τὴν
1444 1674 1540 1728 τοῦ
1570 1674 1771 1739 παντὸς

1965 1302 2033 1359 Μ.
2068 1302 2138 1363 At
2164 1306 2553 1373 illa,dumhaec
2569 1308 2804 1366 dicerem
2833 1314 3133 1387 indignata,
3181 1314 3327 1373 Proh
3373 1334 3463 1377 res

1874 1397 2210 1469 importuna,
2265 1402 2466 1473 inquit,
2517 1414 2572 1459 et
2615 1405 2885 1461 absurda!
2953 1408 3021 1463 ad
3076 1424 3237 1480 quem
3296 1409 3460 1468 ﬁnem

1872 1491 2142 1561 redigitur
2173 1508 2238 1548 ac
2271 1493 2478 1550 desiuit
2528 1496 2712 1567 exigui
2747 1499 2973 1570 ingenii,
3016 1503 3464 1572 pusillanimum-

1873 1597 1981 1652 que
2006 1589 2063 1638 et
2086 1583 2361 1653 abjectum
2393 1585 2539 1642 istud
2564 1587 2633 1643 de
2656 1589 2826 1647 rebus
2858 1606 2982 1661 quae
3005 1601 3190 1650 mente
3219 1610 3463 1651 noscun-

1878 1683 1969 1729 tur
2007 1675 2317 1745 judicium!
2352 1676 2489 1733 Nam
2520 1679 2565 1735 si
2595 1694 2661 1735 ex
2701 1697 2886 1737 rerum
2918 1691 3114 1739 natura
3148 1695 3461 1757 exemptum

206 1759 578 1816 ἐπιστατοῦσαν
613 1762 709 1816 καὶ
738 1762 1240 1835 περιδεδραγμὲνην
1264 1764 1376 1817 τῶν
1405 1764 1576 1819 ὄντων
1606 1765 1759 1819 δῦνα-

1874 1776 1959 1822 est
1983 1767 2253 1839 quidquid
2272 1785 2437 1826 sensu
2463 1785 2577 1826 non
2620 1775 2999 1844 cognoscitur,
3034 1792 3104 1833 ne
3136 1778 3313 1848 ipsam
3339 1780 3463 1850 qui-

211 1870 290 1923 μιν
328 1852 618 1924 ὁμολογοίη
656 1853 771 1924 (72)
802 1854 1019 1918 πάντως
1048 1856 1081 1907 ὁ
1106 1855 1265 1910 τοῦτο
1296 1856 1501 1924 λέγων,
1548 1857 1686 1913 ἀλλά
1709 1858 1759 1912 τί

1873 1857 1996 1912 dem
2021 1873 2206 1914 rerum
2228 1861 2613 1919 universitatis
2629 1865 2917 1922 rectricem
2938 1876 3105 1938 atque
3122 1869 3457 1939 praefectam,

206 1941 472 2013 ἀσώματόν
509 1960 573 1995 τε
600 1943 699 1996 καὶ
750 1941 924 2006 ἀειδὲς
953 1944 1083 2014 περί
1129 1946 1229 2017 τῆς
1263 1944 1413 2011 θείας
1445 1947 1662 2016 φύσεως
1692 1948 1771 2002 δι-

204 2034 431 2104 δαχθεὶς,
471 2035 536 2088 τὸ
577 2035 654 2106 μὴ
682 2030 824 2089 εῖναι
856 2035 1025 2106 αὐτὴν
1077 2037 1215 2101 ὅλως
1260 2038 1325 2090 ὲκ
1365 2037 1464 2107 τῆς
1513 2038 1771 2108 τοιαύτης

202 2126 397 2190 πάντως
428 2126 540 2196 (75)
566 2125 891 2189 ἀκολουθίας
918 2126 1194 2196 λογίζεται
1231 2126 1364 2200 (74).
1396 2130 1460 2182 Εἰ
1482 2129 1539 2183 δὲ
1571 2130 1689 2183 ἐκεῖ
1707 2130 1769 2184 τὸ

200 2215 354 2270 ταῦτα
388 2216 460 2288 μὴ
499 2213 644 2271 εἶναι
675 2219 989 2291 περιγραφὴ
1006 2218 1117 2290 (75)
1145 2218 1242 2273 τοῦ
1269 2217 1410 2274 εἶναι
1438 2221 1502 2274 οὐ
1531 2219 1763 2290 γίνεται,

201 2307 304 2371 πῶς
354 2310 382 2361 ό
427 2307 777 2379 ἀνθρώπινος
826 2306 952 2373 νοῦς
988 2309 1085 2363 τοῦ
1137 2308 1290 2373 ὄντος
1335 2310 1644 2365 ἐκθλίϐεται
1696 2314 1764 2384 τῇ

199 2397 595 2467 ἀφαιρὲπιτῶν
632 2400 958 2470 σωματικῶν
997 2400 1304 2471 ἰδιωμάτων
1342 2401 1766 2474 συνδαπανὼμε-

201 2505 277 2550 νος
294 2504 307 2551 ;
322 2494 453 2549 -Γ,
476 2492 709 2563 Οὐκοῦν,
729 2490 901 2557 εἷπον,
916 2491 974 2559 ἐξ
989 2493 1204 2549 ἀτόπων
1218 2492 1330 2566 (76)
1355 2492 1766 2566 μεταλαμϐάνο-

203 2596 289 2648 μεν
313 2579 490 2651 ἕτερον
515 2581 725 2635 ἄτοπον
748 2580 837 2635 διὰ
859 2582 961 2652 τῆς
992 2582 1312 2647 ἀκολουθίας
1343 2583 1568 2655 ταύτης.
1596 2585 1763 2655 Περί-

200 2684 357 2722 κειται
385 2669 492 2742 γὰρ
540 2672 571 2724 ό
610 2669 767 2739 λόγος
809 2672 941 2742 ἡμῖν
973 2672 1054 2735 εἰς
1083 2673 1145 2725 τὸ
1171 2673 1367 2727 ταύτὸν
1396 2672 1605 2728 οἴεσθαι
1643 2674 1760 2746 (77)

200 2761 258 2830 τῇ
288 2758 398 2832 θείᾳ
421 2760 609 2830 φύσει,
635 2762 730 2816 καὶ
773 2762 866 2815 τὸν
895 2762 1022 2818 νοῦν
1050 2764 1144 2819 τὸν
1176 2764 1474 2836 ἡμέτερον,
1501 2764 1662 2837 εἴπερ
1692 2768 1762 2839 τῇ

200 2848 516 2922 ὀπεξαιρέσει
544 2851 660 2905 τῶν
718 2853 838 2906 κατ’
874 2853 1125 2925 αἴσθησιν
1169 2855 1571 2927 εὑρισκομένων
1616 2859 1761 2912 νοεῖ-

197 2952 275 2989 ται
307 2939 411 3010 (78)
425 2940 858 3012 ἑκάτερον,-Μ.
880 2945 969 3014 Μὴ
983 2944 1178 3001 ταύτόν
1191 2946 1497 3022 (79)εῐπῃς,
1532 2946 1697 3016 φησὶν
1726 2949 1760 3019 ἠ

197 3025 487 3093 διδάσκαλος
525 3029 755 3102 (ἀσεϐὴς
782 3030 892 3102 γὰρ
926 3030 1020 3085 καὶ
1048 3025 1204 3098 οὗτος
1237 3034 1266 3085 ὁ
1291 3033 1507 3104 λόγος),
1542 3036 1658 3091 ἀλλ’
1684 3038 1761 3103 ὡς

1871 1960 1993 2015 quae
2033 1962 2126 2003 res
2172 1949 2463 2006 universas
2513 1954 2800 2025 complexa
2845 1965 2950 2024 est,
3001 1960 3110 2014 vim
3153 1969 3319 2031 atque
3357 1977 3457 2032 po-

1870 2041 2126 2093 testatem
2149 2038 2399 2095 conﬁteri
2424 2057 2654 2111 prorsus
2679 2047 2920 2113 potuerit
2947 2049 2993 2104 is
3026 2050 3119 2120 qui
3154 2050 3258 2106 hoc
3277 2052 3411 2107 dicit
3438 2072 3454 2107 :

1870 2126 1964 2180 sed
1998 2127 2093 2181 ubi
2141 2127 2551 2200 incorpoream,
2580 2132 2871 2190 informem
2902 2147 2954 2192 et
2977 2138 3307 2196 invisibilem
3331 2157 3459 2199 esse

1868 2218 2113 2274 divinam
2146 2224 2426 2293 acceperit
2453 2234 2733 2293 naturam,
2769 2243 2878 2283 non
2911 2244 3037 2285 esse
3063 2248 3181 2286 eam
3212 2235 3454 2304 penitus,

1866 2325 1933 2366 ex
1982 2312 2301 2382 hujusmodi
2357 2330 2605 2386 prorsus
2640 2324 3039 2392 consequentia
3093 2326 3454 2386 existimabit.

1869 2402 1968 2458 Sin
2009 2413 2193 2460 autem
2253 2407 2369 2461 illic
2424 2419 2717 2480 pr0pterea
2778 2415 2926 2483 quod
2981 2416 3095 2472 haec
3146 2434 3258 2474 non
3320 2423 3455 2489 sint,

1867 2495 2045 2568 ipsius
2089 2501 2346 2555 essentiaa
2382 2504 2727 2574 praescriptio
2776 2514 2941 2577 atque
2986 2515 3292 2583 peremptio
3344 2530 3453 2570 non

1864 2589 2105 2657 exsistit,
2131 2606 2246 2662 quo
2276 2601 2439 2662 pacto
2467 2609 2626 2651 meus
2659 2597 2897 2653 humana
2930 2616 2996 2656 ex
3028 2611 3223 2658 natura
3245 2620 3452 2675 rerum,

1864 2685 1926 2732 ut
1965 2695 2087 2749 qua:
2120 2697 2229 2737 una
2255 2697 2383 2738 cum
2418 2686 2772 2757 ademptione
2797 2694 3167 2760 corporalium
3201 2701 3453 2768 proprie-

1865 2774 2036 2824 tatum
2049 2780 2414 2838 consumatur,
2432 2774 2648 2833 eliditur
2658 2787 2819 2851 atque
2833 2783 3271 2847 excluditur?—G
3281 2831 3295 2845 .
3310 2788 3454 2861 Ergo

1863 2871 1929 2912 ex
1977 2856 2241 2925 absurdo,
2297 2859 2547 2931 inquam,
2607 2877 2706 2932 per
2767 2864 2912 2921 hanc
2970 2856 3447 2943 consequentiam,

1862 2948 2011 3005 aliud
2041 2949 2277 3007 invicem
2312 2953 2614 3023 arripimus
2657 2955 2992 3029 absurdum;
3034 2978 3160 3019 nam
3195 2981 3261 3022 eo
3291 2969 3450 3026 nobis

1861 3041 2044 3096 oratio
2091 3041 2317 3097 redacta
2375 3051 2483 3109 est,
2538 3054 2600 3100 ut
2646 3055 2890 3104 nostram
2930 3068 3151 3125 quoque
3207 3068 3447 3117 mentem

196 3117 457 3195 ἐδιδάχθης
478 3122 640 3195 παρά
665 3123 765 3190 τῆς
789 3123 939 3188 θείας
971 3124 1196 3197 Γραφῆς
1236 3125 1385 3196 (80),
1420 3129 1606 3200 ὅμοιον
1636 3130 1759 3184 εἰπὲ

1868 3132 2109 3189 eamdem
2172 3148 2289 3189 rem
2335 3150 2459 3191 esse
2504 3151 2631 3191 cum
2677 3140 2864 3197 divina
2914 3151 3113 3201 natura
3165 3157 3445 3219 putemus,

197 3213 335 3266 τοῦτο
358 3215 575 3287 ἐκείνῳ.
605 3214 680 3268 To
709 3216 817 3287 γὰρ
851 3217 973 3270 κατ’
1000 3218 1185 3272 εἰκόνα
1216 3217 1327 3290 (81)
1356 3220 1649 3293 γενόμενον
1672 3222 1761 3276 διά

196 3305 390 3361 πάντων
438 3308 554 3379 ἔχει
606 3308 822 3373 πάντως
871 3309 972 3378 τὴν
1019 3310 1155 3383 πρὸς
1203 3311 1267 3365 τὸ
1313 3313 1620 3385 ἀρχέτυπον
1648 3314 1758 3386 (82)

197 3397 464 3468 ὁμοιότητα
491 3438 505 3462 ,
564 3399 758 3471 νοερὰν
785 3398 879 3453 τοῦ
904 3400 1091 3469 νοεροῦ
1115 3442 1129 3465 ,
1178 3401 1273 3456 καὶ
1314 3403 1410 3456 τοῦ
1464 3404 1760 3475 ἀσωμάτου

196 3483 481 3554 ἀσώματον,
523 3485 695 3554 ὄγκου
725 3504 783 3539 τε
814 3489 1012 3553 παντὸς
1041 3489 1152 3559 (85)
1191 3490 1608 3564 ἀπηλλαγμένον
1648 3494 1758 3547 ὧσ-

196 3588 288 3645 περ
309 3574 480 3628 ἐκεῖνο
501 3617 516 3641 ,
549 3577 647 3629 καὶ
670 3579 851 3633 πᾶσαν
874 3579 1143 3649 ὲκφεῦγον
1167 3580 1257 3634 διὰ
1284 3584 1623 3656 σημαντικὴν
1643 3583 1756 3655 (84)

195 3666 586 3739 καταμέτρησιν
647 3668 849 3739 ὁμοίως
908 3668 1102 3741 ἐκείνῳ
1136 3687 1153 3703 ο
1205 3672 1333 3728 ἄλλο
1393 3674 1451 3728 δέ
1516 3692 1569 3729 τι
1624 3677 1756 3747 παρ’

194 3754 351 3810 ἐκεῖνο
378 3761 521 3813 κατά
574 3760 673 3830 τὴν
706 3764 806 3831 τῆς
855 3764 1071 3831 φύσεως
1112 3764 1367 3837 ἰδιότητα.
1403 3767 1599 3822 Οὐκέτι
1645 3767 1755 3839 γὰρ

192 3841 249 3896 ἀ¹ν
264 3845 339 3916 εἴη
353 3847 533 3913 εἰκὼν,
549 3847 601 3900 εἰ
621 3850 811 3926 ἐκείνῳ
830 3856 1162 3912 δι’ἁπάντων
1170 3857 1284 3927 (85)
1299 3859 1384 3930 εἴη
1396 3860 1592 3916 ταύτὸν
1616 3856 1751 3930 (86),

191 3933 290 3986 ἀλλ’
310 3937 366 3989 ἐν
392 3934 473 4001 οἷς
504 3940 566 3991 ἐν
614 3942 680 4010 τῇ
717 3941 959 4014 ἀκτίστῳ
1005 3941 1166 4012 φύσει
1221 3946 1521 4017 καθορᾶται
1553 3950 1750 4017 ἐκεῖνο,

190 4024 240 4076 ιν
277 4030 382 4092 τοῖς
412 4031 601 4093 αὐτοῖς
635 4032 669 4101 ἡ
715 4034 908 4105 κτιστὴ
947 4033 1110 4103 φύσις
1144 4034 1383 4091 δείκνυσι
1422 4038 1610 4093 τοῦτο’
1654 4042 1753 4095 κα)⁸

187 4112 354 4187 ὥσπερ
381 4120 644 4184 πολλάκις
660 4123 718 4175 ὲν
750 4122 931 4196 μικρῷ
959 4123 1213 4197 ψήγματι
1238 4126 1424 4202 ὑελίνῃ
1454 4128 1591 4200 (87),
1621 4130 1752 4184 ὅταν

186 4206 305 4281 τύχῃ
328 4212 461 4282 πρὸς
489 4214 690 4267 ἀκτῖνα
713 4215 985 4286 κείμενον,
1017 4218 1136 4282 ὄλος
1164 4219 1419 4291 ἐνορᾶται
1460 4221 1557 4275 τοῦ
1596 4223 1749 4294 ἡλίου

185 4296 211 4350 ό
237 4299 421 4367 κύκλος
449 4343 465 4367 ,
498 4304 561 4357 οὐ
588 4305 730 4359 κατά
756 4307 820 4360 τὸ
861 4308 990 4362 ἴδιον
1045 4308 1276 4380 μέγεθος
1303 4311 1453 4383 αὐτῷ
1484 4312 1748 4382 ἐμφαινό-

187 4403 359 4455 μενος,
407 4392 525 4445 ἀλλ’
550 4393 627 4456 ὡς
676 4398 843 4466 χωρεῖ
871 4396 1148 4470 βραχύτης
1179 4398 1293 4470 (88)
1333 4400 1430 4453 τοῦ
1458 4402 1747 4473 ψήγματος

1864 3222 2137 3293 siquidem
2165 3225 2542 3283 subtractione
2563 3243 2753 3286 eorum
2783 3248 2906 3303 quae
2933 3249 3099 3292 sensu
3137 3239 3446 3310 deprehen-

1863 3311 2092 3377 duntur,
2113 3310 2426 3385 intelligitur
2463 3321 2918 3392 utrumque.—M.
2931 3323 3009 3381 Ne
3022 3325 3164 3382 idem
3177 3329 3343 3392 dicas,
3364 3334 3450 3387 in-

1861 3401 1982 3471 quit
2014 3402 2273 3473 magistra
2300 3405 2494 3475 (impia
2521 3409 2667 3462 enim
2705 3410 2821 3466 hare
2852 3428 3071 3485 quoque
3102 3420 3283 3472 oratio
3313 3422 3445 3493 est),

1863 3493 1960 3548 sed
1993 3496 2460 3564 quemadmodum
2482 3513 2512 3553 a
2544 3500 2733 3556 divina
2761 3519 2897 3560 voce
2927 3507 3126 3565 doctus
3153 3524 3234 3576 es,
3268 3512 3449 3572 simile

1858 3599 1984 3640 esse
2027 3584 2134 3640 huc
2180 3586 2258 3640 illi
2292 3587 2403 3643 die.
2445 3588 2581 3644 Nam
2616 3593 2762 3662 quod
2814 3599 3117 3654 secundum
3154 3602 3445 3674 imaginem

1860 3673 2066 3731 factum
2113 3685 2221 3740 est,
2275 3694 2372 3748 per
2417 3684 2602 3738 omnia
2653 3687 2874 3755 penitus
2914 3690 3236 3763 principalis
3265 3673 3447 3752 exem-

1855 3765 2027 3836 plaris
2067 3774 2234 3838 atque
2279 3768 2472 3827 formae
2520 3774 2940 3838 similitudinem
2998 3782 3193 3853 habet;
3240 3787 3447 3845 intelleo

1853 3858 2114 3923 ctualem,
2146 3859 2270 3930 ejus
2298 3863 2444 3932 quod
2480 3871 2567 3920 est
2600 3867 3004 3940 intellectuale;
3035 3873 3441 3946 incorpoream,

1855 3946 2198 4019 incorporei;
2246 3959 2411 4022 atque
2454 3954 2525 4010 ab
2554 3960 2704 4013 omni
2734 3962 2878 4018 mole
2906 3977 3171 4034 corporea
3211 3968 3442 4025 liberum

1852 4048 1936 4095 est
1954 4041 2166 4107 itidem,
2185 4052 2246 4098 ut
2269 4045 2403 4100 illud
2425 4064 2442 4112 ;
2467 4054 2522 4102 et
2544 4062 2763 4106 omnem
2793 4053 3198 4114 intervallarem
3227 4060 3444 4117 dimen-

1853 4130 2064 4189 sionem
2095 4133 2284 4208 effuglt
2321 4138 2575 4196 similiter
2604 4152 2768 4214 atque
2790 4145 2924 4201 illud
2959 4167 2972 4201 :
2999 4150 3094 4204 sed
3121 4160 3209 4206 est
3236 4151 3443 4222 aliquid

1852 4224 2001 4279 aliud
2037 4235 2201 4297 atque
2232 4230 2367 4284 illud
2398 4232 2546 4302 quod
2576 4234 2646 4288 ad
2669 4245 2879 4291 naturae
2901 4240 3100 4296 attinet
3128 4244 3439 4314 proprieta-

1852 4322 1982 4370 tem.
2004 4315 2125 4372 Non
2147 4320 2294 4374 enim
2324 4324 2562 4393 amplius
2593 4325 2775 4397 imago
2809 4326 2995 4396 fuerit,
3029 4332 3075 4387 si
3112 4349 3205 4402 per
3228 4338 3436 4406 omnia,

1851 4421 1947 4477 per
1977 4408 2422 4480 intellectualem,
2442 4415 2845 4489 incorpoream,
2872 4423 3140 4480 intervalli
3158 4439 3438 4499 expertem

183 4473 265 4528 τοῦ
302 4476 503 4533 κύκλου
552 4481 654 4552 τὴν
708 4482 946 4553 ἔμφασιν
975 4503 988 4519 ·
1041 4487 1215 4552 οὕτως
1245 4490 1305 4543 ὲν
1351 4493 1416 4563 τῇ
1452 4492 1750 4566 βραχύτητι

2408 4473 2420 4480 ,
2600 4473 2619 4489 ,
2714 4473 2724 4475 ψ
2830 4473 2845 4488 ,
3027 4473 3140 4480 -----
3161 4473 3436 4499 "ru-wu-

1868 4507 2106 4555 maturam
2125 4500 2266 4558 idem
2294 4519 2419 4560 cum
2440 4506 2534 4563 illo
2552 4519 2719 4576 esset,
2737 4513 2831 4569 sed
2859 4530 2957 4586 per
2984 4532 3107 4587 qua).
3137 4519 3191 4573 in
3238 4529 3436 4579 natura

181 4564 269 4633 τῆς
298 4570 570 4644 ἡμετέρας
628 4573 844 4643 φύσεως
894 4577 1002 4632 τῶν
1051 4581 1346 4653 άφράστων
1389 4585 1615 4641 ἐκείνων
1642 4564 1744 4659 τῆς

182 4654 411 4729 θεότητος
453 4664 763 4735 ἰδιωμάτων
809 4669 869 4721 αἰ
919 4671 1128 4737 εἰκόνες
1156 4674 1530 4745 ἐκλάμπουσιν
1554 4719 1569 4744 ,
1601 4654 1743 4733 ὥστε

177 4745 255 4803 διὰ
277 4752 478 4810 τούτων
508 4757 600 4810 τὸν
628 4759 783 4827 λόγον
828 4765 1169 4834 χειραγωγοῦ
1178 4783 1337 4837 μενον
1355 4807 1372 4835 ,
1427 4771 1566 4842 μήτε
1602 4773 1741 4825 ἀπο-

237 4950 776 5043 (ξθ)-ριτγάνομεν.
821 4961 876 5017 In
903 4971 1053 5043 textu
1177 4967 1400 5043 additur
1434 4970 1739 5043 ἀπτόμεθα,

176 5017 228 5074 in
241 5017 488 5112 [margine
504 5017 661 5084 ’νει-θ’
669 5017 970 5112 μιοιιοιιιιξξ
1002 5017 1204 5112 lisias;

192 5146 205 5158 ,
238 5091 342 5166 (ξω)
364 5091 620 5166 λέγηται
653 5100 748 5154 ἄν.
778 5105 822 5156 Α
847 5114 900 5159 et
917 5104 959 5157 Β
984 5106 1167 5161 delent
1205 5091 1290 5163 av}

203 5163 467 5281 ’ξιξ
494 5163 644 5224 οἷον.
676 5171 720 5224 Δ
768 5172 821 5227 in
865 5183 1014 5230 textu
1055 5178 1136 5241 εἰς
1173 5178 1254 5245 ὃν,
1290 5180 1387 5236 sed
1412 5180 1467 5236 in
1493 5181 1742 5253 margine

176 5244 246 5293 εις
273 5244 401 5290 οἱον.

260 5303 344 5390 ξε)
388 5308 756 5390 Ὡμολογοζη.
795 5312 1172 5390 Α-ὀμολογείη.

382 5374 629 5448 Πᾶν-τωςζ
659 5374 803 5438 delet
828 5384 890 5440 B.

175 5443 342 5564 “($15;
353 5443 681 5564 έγέγίᾱται.
712 5454 759 5507 Δ
785 5455 1082 5525 λογίσεται,
1104 5461 1254 5530 quod
1288 5470 1344 5519 et
1371 5461 1536 5520 habet
1565 5464 1734 5522 editio

205 5518 724 5672 $131M???-
748 5599 1187 5672 Α-,πριραιγραφὴ-

233 5616 337 5734 li‘éi
364 5616 1176 5734 mmmam;

369 5724 629 5812 ρζείζθαι.
648 5736 711 5812 _A_
733 5724 1068 5812 in_margine-
1083 5742 1341 5798 νοεῖσθαι.

234 5796 337 5862 (78)
374 5802 602 5858 Νοεῖται
630 5806 768 5861 delet
793 5807 850 5862 Β.

234 5799 318 5862 (78
374 5802 602 5858 Νοεῖται
630 5806 768 5861 delet
793 5807 850 5862 Β.
934 5799 964 5812 υ

232 5799 341 5940 (⁷9)
365 5872 460 5940 Μὴ
491 5877 731 5932 ταύτόν.
753 5878 888 5930 Ἀλλ’
916 5880 948 5951 ἢ
982 5882 1181 5936 ταύτὸν
1214 5883 1395 5956 είπῃς.

470 5969 745 6032 PA'ruOL.
807 5973 923 6038 Gn.
957 5975 1111 6038 XLV
1122 5977 1173 6039 Ι.

1849 4607 1959 4648 non
1974 4602 2158 4649 creata
2178 4595 2309 4652 illud
2333 4600 2686 4671 perspicitur,
2710 4619 2807 4675 per
2828 4606 3022 4663 eadem
3040 4619 3231 4667 natura
3253 4622 3437 4670 creata

1852 4685 1955 4739 hoc
1971 4688 2245 4757 ostendit;
2273 4697 2327 4745 et
2352 4694 2812 4761 quemadmodum
2832 4698 2885 4752 in
2908 4714 3078 4769 parvo
3096 4716 3240 4774 smpe
3259 4705 3436 4762 frusto

1849 4777 2000 4843 vitri,
2046 4792 2175 4833 eum
2205 4781 2273 4835 ad
2318 4782 2530 4839 radium
2570 4789 2885 4858 expositum
2914 4790 3105 4859 jacet,
3123 4805 3272 4852 totus
3301 4799 3434 4854 solis

1924 4976 2036 5058 (ξίν)
2071 4979 2341 5058 [pumic-
2374 4982 2417 5035 Α
2435 4984 2495 5058 ,Β
2521 4986 2722 5058 φωνῆςο

1924 4998 2036 5047 (δυ)
2071 4998 2119 5033 ιτ
2160 4999 2341 5051 αφης.
2374 4998 2417 5035 A
2454 4998 2495 5036 IS
2521 4998 2722 5058 φωνης.

1922 5047 2037 5119 (81)
2178 5051 2289 5139 τᾲρ
2321 5053 2449 5139 κατ’
2485 5058 2709 5139 εἰκόνα.
2753 5057 2811 5139 l_n
2839 5061 2989 5139 calce
3014 5063 3433 5139 codicjsdhace

1850 5119 1923 5174 ita
1955 5119 2467 5206 θκριίραιίιιιξτξοτέ.
2494 5128 2679 5206 ὄμοιος
2713 5129 2812 5200 μέν
2839 5131 2954 5185 ἐστι
2980 5131 3057 5202 τῷ
3075 5132 3193 5204 Θεῷ
3226 5135 3255 5188 ό
3282 5119 3429 5206 mis;

1849 5204 2026 5266 cego;
2044 5190 2204 5266 varie,
2217 5192 2399 5266 οὐκέτι
2424 5194 2481 5249 δὲ
2501 5190 2804 5266 ὁμοούίσὶος.

1923 5259 2015 5327 (82
2073 5259 2143 5313 Τὸ
2172 5262 2374 5332 ἀρχέτ.
2408 5266 2453 5317 Α
2486 5259 2578 5320 τδν
2611 5269 2683 5340 ἀρ
2721 5259 2938 5324 ἐτυπον.

1923 5261 2036 5392 (85)
2070 5332 2293 5392 Ὄγκου
2316 5352 2382 5388 τε
2403 5339 2652 5392 παντός.
2672 5288 2719 5392 ἐ
2728 5340 2892 5392 ὄγκου
2915 5357 2938 5392 τ

1922 5328 2035 5398 (85)
2070 5328 2293 5401 Ὄγκοῦ
2316 5352 2382 5388 τε
2403 5328 2719 5405 uari/(563‘
2728 5340 2892 5409 ὄγκου
2915 5340 3134 5406 πάντως
3155 5341 3286 5417 [sic]
3306 5355 3359 5404 et
3383 5348 3429 5401 Α

1842 5399 2007 5454 habet
2036 5400 2223 5454 ὄγκου.

1861 5409 2007 5454 habet
2036 5409 2223 5457 ὄγκου.

1936 5417 2590 5558 ζῷοξῖιξῖἀίημαγτικῄη
2678 5486 2732 5534 et
2815 5480 3269 5558 διαστηματικήν.

1937 5539 2028 5608 85)
2052 5544 2131 5594 Δι’
2153 5539 2455 5602 ἁπάντων.
2488 5539 2530 5601 Β
2560 5550 2649 5602 διὰ
2692 5550 2929 5606 πάντων.

1907 5611 2422 5702 (86)1Ἐκε[γ‹,ξ.⁸1η
2570 5621 2811 5687 additur,
2870 5624 2930 5675 ὲν
2988 5624 3067 5695 τῷ
3119 5630 3290 5702 νοερῷ
3330 5631 3426 5687 καὶ

1840 5680 2126 5760 deroget:th
2152 5686 2247 5760 καὶ
2265 5680 2603 5760 ήάδιαστάτῳ.

2067 5753 2324 5832 Υελίιςῃ.
2357 5758 2404 5810 Α
2435 5758 2478 5832 β
2506 5750 2718 5832 ὑέλίνῳ.

1919 5820 2033 5893 (88)
2062 5820 2396 5896 Βραχύξηςο
2434 5829 2528 5902 Βλή
2571 5820 2862 5905 βραλύτηςο
