3992 6446
515 415 594 470 τε
1756 412 1812 468 8.
1853 410 2178 469 GREGORII
2219 410 2513 468 NYSSENI
3720 415 3787 470 ιό

523 531 678 588 orbis
719 531 1080 602 conspicitur,
1117 547 1226 587 non
1261 546 1362 602 pro
1399 547 1499 587 sua
1530 532 1915 603 magnitudine
1955 534 2008 586 in
2036 549 2102 588 eo

2212 534 2425 588 πίπτειν
2462 535 2560 604 τῆς
2592 534 2733 588 κατὰ
2777 534 2876 604 τὴν
2911 533 3101 587 ούσίαν
3133 533 3226 587 τοῦ
3259 533 3351 587 νοῦ
3400 533 3784 605 καταλήψεως,

525 635 816 690 apparens,
861 621 954 675 sed
1001 629 1164 691 prout
1211 622 1452 676 brevitas
1501 620 1660 676 [τηειί
1691 621 1886 674 circuli
1926 623 2100 675 simu-

2212 625 2717 696 ἀποκαθαιρομένης
2753 627 2809 678 ἐν
2836 628 2901 696 τῇ
2931 625 3174 691 ἐξετάσει
3206 624 3298 678 τοῦ
3333 626 3647 694 σκέμματος
3683 627 3784 696 τῆς

526 711 734 765 lacrum
773 720 938 782 atque
970 714 1514 784 reprmsenlationem
1552 713 1698 782 capit
1731 720 1783 766 et
1823 712 2099 767 admittit:

2212 716 2526 785 σωματικῆς
2559 716 2818 785 ίδιάτητος
2841 731 2857 746 ο
2915 715 3033 786 μηδ’
3073 711 3139 768 αὖ
3188 715 3348 768 πάλιν
3395 717 3474 778 εἰς
3519 710 3637 768 ἴσον
3671 716 3783 787 (89)

522 804 606 858 sic
662 804 718 857 in
768 805 1070 874 exiguitate
1121 815 1322 859 nostra:
1367 811 1579 858 natura:
1634 801 2099 871 inexplicabilium

2212 804 2360 873 ἄγειν
2391 807 2458 876 τῇ
2489 804 2724 875 ἀορίστῳ
2757 822 2814 857 τε
2844 806 2954 874 (90)
3007 806 3101 859 καὶ
3153 806 3414 877 ἀκηράτῳ
3444 805 3604 876 φύσει
3633 847 3649 871 ,
3688 807 3788 877 τὴν

524 894 742 948 illarum
775 895 998 951 deitatis
1026 896 1422 966 proprietatum
1462 891 1727 962 imagines
1764 892 2003 957 elucent,
2042 901 2102 948 ut

2212 895 2413 966 μικρὰν
2457 897 2552 948 καὶ
2597 897 2860 966 ἐπίκηρον
2886 913 2898 925 ·
2934 896 3068 950 ἀλλά
3097 897 3292 968 νοητὴν
3327 899 3425 967 μὲν
3455 897 3661 950 οἴεσθαι
3687 899 3791 966 τὴν

521 1001 624 1054 per
672 986 786 1042 haec
836 1003 996 1041 manu
1042 987 1199 1057 quasi
1255 985 1416 1040 ducta
1467 985 1610 1037 ratio
1660 997 1837 1052 neque
1885 983 2102 1038 excidat

2212 987 2394 1039 οὐσίαν
2416 1002 2430 1014 ·
2461 987 2644 1057 ἐπειδὴ
2677 988 2770 1040 καὶ
2819 989 3013 1058 νοητῆς
3062 987 3249 1051 οὐσίας
3295 988 3442 1041 ἐστὶν
3475 987 3639 1040 εἰκὼν
3664 1029 3679 1053 ,
3711 991 3791 1060 μὴ

523 1085 580 1132 et
624 1078 842 1132 aberret
879 1080 948 1133 ab
983 1087 1192 1133 natura:
1230 1077 1426 1132 mentis
1466 1075 1899 1144 deprehensione
1939 1084 2102 1146 atque

2212 1076 2390 1146 μέντοι
2423 1077 2520 1148 τὴν
2547 1077 2713 1148 αὐτὴν
2747 1079 2821 1148 τῷ
2847 1077 3142 1150 ἀρχετύπῳ
3170 1078 3268 1149 τὴν
3302 1079 3487 1131 εἰκόνα
3513 1078 3714 1145 λέγειν.

525 1169 859 1236 cognitione,
880 1171 923 1224 si
949 1171 1002 1224 in
1035 1171 1440 1224 examinatione
1465 1169 1784 1238 quaestionis
1819 1170 2120 1238 corporalis
2145 1171 2449 1240 proprietas
2480 1181 2810 1228 excernatur
2844 1183 2897 1227 et
2931 1172 3242 1242 rejiciatur;
3282 1187 3456 1239 neque
3489 1187 3686 1227 rursus
3718 1186 3788 1226 ex

526 1258 747 1314 diverso
773 1262 1017 1316 eamdem
1047 1277 1169 1316 cum
1206 1261 1468 1317 invisibili
1503 1261 1665 1316 simul
1700 1268 1754 1316 et
1781 1261 2074 1315 immortali
2106 1271 2298 1316 natura
2333 1276 2554 1331 parvam
2595 1264 2986 1334 mortalemque
3020 1274 3271 1318 naturam
3311 1278 3434 1319 esse
3471 1262 3659 1326 ducat,
3690 1263 3788 1319 sed

526 1354 738 1408 ratione
779 1364 832 1408 et
872 1353 1231 1422 intelligentia
1277 1354 1496 1424 quidem
1533 1355 1686 1436 cerni
1726 1362 1977 1407 naturam
2018 1355 2138 1424 ejus
2171 1355 2449 1410 existimet
2481 1375 2494 1410 :
2525 1357 2783 1426 quoniam
2817 1357 2982 1412 etiam
3037 1364 3217 1410 mente
3262 1353 3790 1424 comprehensibilis

530 1452 741 1496 natura:
781 1443 958 1513 imago
983 1455 1089 1507 est,
1129 1461 1235 1498 non
1268 1454 1448 1498 tamen
1486 1445 1732 1517 eamdem
1772 1459 1894 1499 cum
1929 1445 2217 1516 principali
2259 1455 2312 1502 et
2349 1447 2601 1517 originali
2632 1445 2804 1501 forma
2846 1446 3132 1516 imaginem
3169 1461 3293 1502 esse
3331 1444 3498 1499 dicat.

597 1577 671 1632 Ut
707 1574 872 1644 igitur
899 1590 993 1645 per
1025 1589 1283 1628 arcanam
1303 1582 1360 1630 et
1391 1573 1719 1629 ineffabilem
1754 1573 1845 1630 Dei
1885 1575 2106 1644 sapien-

527 1669 658 1722 tiam
708 1683 829 1738 qua:
872 1667 926 1720 in
958 1666 1318 1721 universitate
1358 1681 1542 1720 rerum
1585 1677 1829 1736 apparet,
1862 1665 2102 1720 divinam

2284 1577 2492 1646 Ὥσπερ
2524 1571 2617 1629 οὖν
2659 1575 2748 1630 διά
2790 1578 2890 1647 τῆς
2934 1577 3244 1646 ἀπορρήτου
3294 1572 3484 1643 σοφίας
3528 1574 3622 1627 τοῦ
3651 1575 3789 1630 Θεοῦ

2207 1666 2307 1735 τῆς
2334 1667 2411 1736 τῷ
2442 1667 2602 1720 παντὶ
2630 1668 3034 1738 ἐμφαινομένης
3077 1667 3176 1736 τὴν
3223 1665 3370 1719 Θείαν
3398 1665 3558 1734 φύσιν
3588 1684 3652 1720 τε
3693 1670 3790 1721 καὶ

529 1770 784 1814 naturam
822 1761 1025 1828 pariter
1061 1772 1124 1811 ac
1156 1764 1480 1826 potestatem
1531 1757 1586 1810 in
1633 1758 1800 1812 rebus
1830 1757 2104 1813 universis

2212 1751 2433 1821 δύναμιν
2470 1755 2526 1806 ἐν
2555 1755 2688 1807 πᾶσι
2721 1757 2832 1818 τοῖς
2859 1750 3008 1840 οὖσιν
3037 1749 3175 1808 εῖναι
3218 1755 3320 1808 οὐκ
3349 1755 3787 1827 ἀμφιϐάλλομεν,

525 1866 651 1907 esse
704 1866 813 1904 non
858 1849 1191 1912 dubitamus,
1243 1856 1303 1901 ut
1357 1847 1411 1901 in
1458 1861 1558 1902 sua
1611 1846 1795 1900 omnia
1853 1853 2108 1901 maneant

525 1945 767 1996 essentia
793 1940 1128 2012 (quanquam
1154 1939 1199 1994 si
1233 1939 1358 2008 quis
1390 1946 1600 1993 natura:
1623 1939 1893 1992 rationem
1927 1938 2109 2008 exigat

523 2040 581 2087 et
631 2031 906 2101 exquirat,
973 2031 1132 2099 longe
1186 2029 1485 2099 plurimum
1541 2039 1738 2082 natura
1793 2027 1889 2083 Dei
1941 2027 2110 2084 distat

525 2133 690 2196 atque
731 2124 947 2179 diversa
1000 2130 1083 2178 est
1136 2137 1166 2174 a
1226 2120 1602 2192 singularibus
1651 2121 1819 2177 rebus
1874 2135 1997 2190 qua:
2051 2119 2106 2174 in

523 2224 780 2272 creatura
823 2226 878 2271 et
910 2212 1278 2272 ostenduntur
1309 2223 1366 2267 et
1395 2211 1781 2282 intelliguntur
1813 2230 1827 2267 :
1868 2218 2108 2266 attamen

522 2307 585 2363 in
633 2308 722 2362 bis
763 2322 888 2362 esse
939 2312 1156 2360 constat
1199 2303 1253 2358 id
1299 2302 1449 2373 quod
1497 2313 1691 2356 natura
1733 2302 1904 2356 distat
1947 2310 2110 2371 atque

525 2399 806 2454 diversum
829 2397 959 2466 est),
983 2396 1058 2448 ita
1089 2394 1237 2448 nullo
1268 2393 1430 2448 modo
1455 2391 1774 2448 incredibile
1800 2399 1885 2447 est
1915 2391 2111 2445 animae

528 2505 748 2561 quoque
804 2497 1057 2543 naturam
1107 2502 1231 2558 qua:
1272 2500 1370 2555 per
1420 2499 1544 2540 sese
1586 2483 1788 2554 aliquid
1833 2481 1983 2537 aliud
2027 2493 2110 2539 est

528 2582 916 2652 (quodcunque
979 2578 1199 2632 tandem
1252 2576 1420 2630 etiam
1472 2589 1595 2629 esse
1649 2571 1933 2643 putatur),
1997 2589 2108 2627 non

529 2671 783 2742 impediri
824 2671 958 2741 quin
1001 2670 1095 2734 sit,
1137 2667 1355 2722 etiamsi
1385 2681 1448 2722 ea
1495 2681 1616 2736 qum
1657 2666 1712 2719 in
1753 2665 1958 2720 mundo
1987 2672 2109 2720 tan-

530 2778 695 2834 quam
727 2763 999 2817 elementa
1041 2758 1484 2820 considerantur,
1515 2759 1588 2822 ei,
1627 2755 1840 2811 ratione
1876 2766 2105 2822 naturae,

529 2867 643 2908 non
693 2851 1070 2907 conveniant:
1121 2845 1581 2918 quemadmodum
1620 2845 1767 2900 enim
1818 2844 1931 2914 jam
1981 2853 2110 2900 ante

529 2944 737 2998 dictum
781 2952 884 3005 est,
919 2955 1020 2994 nec
1058 2939 1112 2993 in
1157 2937 1471 2992 viventibus
1509 2935 1728 3006 quidem
1758 2935 2106 3006 corporibus,

529 3047 764 3106 quorum
809 3039 1008 3086 natura
1059 3035 1276 3084 constat
1320 3043 1386 3083 οι
1422 3028 1815 3082 elementorum
1865 3034 2110 3082 contem-

2205 1842 2281 1906 ὡς
2308 1843 2374 1896 ἂν
2407 1844 2464 1896 ἐν
2484 1844 2559 1914 τῷ
2585 1841 2722 1898 εἶναι
2748 1846 2816 1900 τά
2845 1827 3020 1899 πάντα
3057 1845 3208 1916 μένοι
3229 1863 3242 1876 ο
3275 1845 3366 1900 καί
3392 1845 3472 1898 τοί
3507 1862 3570 1914 γε
3601 1847 3648 1898 εί
3672 1847 3789 1918 (91)

2207 1933 2296 1987 τὸν
2318 1935 2417 2004 τῆς
2443 1934 2655 2003 φύσεως
2676 1935 2788 2006 (92)
2808 1935 3092 2008 ἀπαιτοίης
3113 1935 3290 2003 λόγον,
3314 1935 3656 2006 παμπλήθως
3671 1937 3788 2007 (95)

2206 2023 2400 2092 ἀπέχει
2428 2025 2585 2078 οὐσία
2624 2025 2758 2078 Θεοῦ
2795 2025 2929 2097 πρὸς
2963 2025 3029 2078 τά
3067 2025 3190 2079 καθ’
3216 2026 3444 2079 ’ἑκαστον
3478 2028 3534 2078 ἐν
3562 2029 3629 2096 τῇ
3671 2027 3792 2080 κτί-

2209 2131 2291 2166 σει
2316 2114 2641 2186 δεικνύμενά
2675 2133 2734 2169 τε
2781 2117 2876 2170 καὶ
2903 2115 3165 2186 νοούμενα
3189 2133 3203 2147 ο
3232 2116 3346 2170 ἀλλ’
3383 2117 3530 2188 ὅμως
3564 2118 3627 2171 ἐν
3661 2117 3792 2169 τού-

2207 2221 2317 2268 τοις
2349 2201 2488 2259 εἶναι
2513 2205 2574 2258 τὸ
2604 2205 2810 2270 διεστὸς
2841 2206 2956 2277 (94)
3002 2206 3142 2262 κατά
3170 2207 3267 2278 τὴν
3297 2207 3458 2276 φύσιν
3502 2208 3790 2278 ὁμολογεῖ-

2207 2311 2327 2348 ται·
2357 2295 2528 2360 οὖτως
2556 2297 2706 2350 οὐδὲν
2731 2297 2958 2351 ἄπιστον
2989 2298 3082 2352 καὶ
3107 2298 3206 2368 τὴν
3249 2298 3347 2368 τῆς
3373 2297 3550 2368 ψυχῆς
3571 2300 3789 2365 οὐσίαν,

2207 2387 2335 2442 ἀλλο
2365 2406 2419 2442 τι
2441 2388 2560 2443 καθ’
2592 2390 2788 2462 ἐαυτὴν
2816 2385 3000 2456 οὖσαν,
3038 2392 3067 2444 ὃ
3116 2391 3168 2445 τί
3195 2409 3320 2445 ποτε
3354 2395 3447 2446 καὶ
3470 2389 3610 2448 εἶναι
3632 2396 3788 2448 εἰκά-

2208 2478 2390 2546 ζεται,
2445 2480 2520 2552 μὴ
2554 2481 2940 2550 ἐμποδίζεσθαι
2987 2482 3124 2552 πρὸς
3175 2482 3237 2536 τὸ
3289 2479 3426 2537 εἶναι
3452 2523 3467 2548 ,
3502 2484 3609 2537 τῶν
3643 2503 3793 2540 στοι-

2208 2570 2441 2638 χειωδῶς
2477 2571 2534 2623 ἐν
2559 2570 2637 2639 τῷ
2666 2571 2854 2643 κόσμῳ
2875 2571 3258 2644 θεωρουμένων
3291 2575 3351 2627 οὐ
3380 2575 3793 2644 συμδαινόντων

2208 2661 2344 2732 αὐτῇ
2380 2661 2519 2715 κατά
2545 2661 2634 2715 τὸν
2665 2663 2819 2732 λόγον
2846 2663 2942 2734 τῆς
2973 2664 3187 2734 φύσεως
3209 2680 3222 2694 ⁸
3267 2667 3388 2720 οὐδὲ
3418 2667 3530 2739 (95)
3557 2669 3650 2722 ἐπὶ
3673 2670 3789 2723 τῶν

2209 2750 2424 2814 ζώντων
2469 2753 2775 2823 σωμάτων,
2815 2755 2996 2820 καθὼς
3053 2757 3152 2826 ἤδη
3201 2758 3561 2828 προείρηται,
3608 2754 3692 2826 οἷς
3747 2764 3783 2833 ἡ

2209 2839 2501 2903 ὑπόστασις
2548 2841 2612 2893 ἐκ
2653 2841 2751 2911 τῆς
2778 2842 2886 2895 τῶν
2920 2845 3201 2915 στοιχείων
3237 2848 3354 2899 ἐστὶ
3407 2851 3787 2920 συγκράσεως.

2209 2930 2461 2985 κοινωνία
2487 2947 2569 2994 τις
2599 2931 2740 2984 κατά
2764 2931 2853 2985 τὸν
2880 2934 2978 3004 τῆς
2990 2933 3173 2998 οὐσίας
3197 2935 3354 3003 λόγον
3384 2938 3499 2990 ἐστὶ
3522 2937 3600 3008 τῷ
3626 2940 3790 3010 ἀπλῷ

2209 3039 2267 3075 τε
2292 3023 2386 3076 καὶ
2425 3023 2593 3076 ἀειδεῖ
2620 3027 2718 3092 τῆς
2746 3025 2923 3096 ψυχῆς
2954 3026 3088 3096 πρὸς
3133 3027 3232 3097 τὴν
3263 3030 3577 3101 σωματικὴν
3605 3049 3786 3103 παχυ-

524 3125 836 3199 peratione,
881 3121 1116 3192 simplici
1151 3123 1356 3190 pariter
1389 3127 1442 3174 et
1477 3117 1702 3172 informi
1737 3118 2107 3188 invisibilique

2212 3113 2404 3184 μερίαν
2437 3114 2548 3185 (96)
2570 3131 2585 3148 ο
2623 3115 2736 3169 ἀλλ’
2765 3117 2914 3187 ὅμως
2951 3117 3011 3170 τὸ
3055 3120 3114 3171 ἐν
3145 3118 3353 3182 τούτοις
3385 3116 3524 3175 εἶναι
3551 3121 3650 3192 τὴν
3677 3125 3788 3187 ζω-

531 3217 726 3272 anima:
753 3215 963 3271 ratione
984 3220 1214 3277 naturae,
1242 3212 1424 3281 aliqua
1453 3225 1577 3265 cum
1607 3224 1794 3265 crassa
1818 3225 2106 3280 corporum

531 3307 788 3378 congerie
837 3313 1002 3376 atque
1041 3303 1392 3360 concretione
1439 3302 1808 3357 communitas
1857 3311 1976 3367 est;
2021 3315 2113 3355 ve-

530 3406 843 3456 rumtamen
883 3396 1102 3452 vitalem
1133 3395 1330 3450 animae
1367 3392 1715 3448 eﬂicieutiam
1749 3393 1960 3446 ratione
1982 3405 2115 3461 qna-

529 3491 656 3547 dam
683 3491 975 3544 humanam
997 3486 1528 3542 animadversionem
1553 3494 1716 3555 atque
1747 3484 2114 3555 cognitionem

531 3588 847 3653 superante,
884 3579 1204 3649 permistam
1240 3591 1306 3632 ac
1339 3576 1595 3632 dilfusam
1628 3576 1684 3630 in
1719 3575 1806 3631 his
1845 3589 1970 3631 esse
2003 3589 2115 3629 non

530 3671 830 3728 dubitatur.
860 3668 1004 3740 Ergo
1033 3683 1104 3724 ne
1131 3667 1389 3723 resolutis
1441 3666 1661 3736 quidem
1702 3667 1759 3719 in
1807 3679 1951 3732 sese,
1993 3677 2116 3734 qua:

532 3763 588 3816 in
622 3774 853 3830 corpore
887 3767 1038 3823 sunt,
1083 3758 1390 3820 elementis,
1432 3756 1592 3827 periit
1631 3755 1686 3808 id
1724 3754 1872 3824 quod
1905 3770 2001 3824 per
2031 3755 2114 3809 vi-

533 3851 696 3906 talem
731 3848 1079 3904 ellicientiam
1109 3861 1174 3902 ea
1219 3845 1442 3916 colligat
1485 3853 1650 3914 atque
1677 3844 1970 3899 connectit.
2007 3841 2114 3898 Sed

533 3940 1017 4012 quemadmodum,
1065 3944 1356 3992 constante
1402 3950 1467 3989 ac
1513 3935 1748 3990 durante
1785 3934 1964 3989 adhuc
2001 3933 2114 3989 ele-

534 4041 846 4088 mentorum
882 4029 1256 4095 concretione,
1295 4041 1488 4082 omnes
1520 4027 1725 4096 pariter
1762 4032 1926 4095 atque
1961 4023 2117 4080 simi-

534 4124 660 4177 liter
695 4129 880 4192 partes
926 4131 1128 4187 corpus
1179 4115 1518 4186 complentes
1561 4121 1726 4184 atque
1771 4118 2114 4168 constituen-

532 4221 616 4266 tes
672 4210 852 4263 anima
918 4213 1261 4278 penetrante,
1318 4201 1636 4274 singulatim
1688 4202 2116 4272 unumquodque

535 4301 834 4364 animatur,
875 4313 1056 4369 neque
1077 4296 1288 4367 aliquis
1319 4294 1406 4350 vel
1455 4293 1684 4350 solidam
1723 4308 1846 4349 esse
1874 4295 2113 4349 animam

519 4392 736 4447 dixerit
768 4404 831 4444 ac
859 4389 1076 4454 duram,
1118 4402 1238 4456 qua)
1265 4401 1392 4441 cum
1423 4393 1605 4441 terreo
1631 4385 1916 4441 commista
1950 4393 2114 4455 atque

2212 3204 2368 3276 τικὴν
2404 3206 2502 3276 τῆς
2531 3205 2710 3278 ψυχῆς
2740 3209 3038 3278 ἐνέργειαν,
3074 3211 3175 3263 οὐκ
3194 3211 3612 3280 ἀμφιϐάλλεται,
3638 3214 3789 3289 λόγῳ

2211 3297 2316 3350 τιν).
2373 3297 2639 3366 κρείττονι
2687 3299 2787 3370 τῆς
2837 3301 3182 3372 ἀνθρωπίνης
3234 3305 3610 3376 κατανοήσεως
3655 3307 3794 3360 ἀνα-

2213 3387 2525 3458 κραθείσαν.
2559 3388 2766 3443 Οὐκοῦν
2814 3390 2933 3444 ούδέ
2989 3391 3370 3449 ἀναλυσάντων
3425 3395 3562 3464 πρὸς
3614 3398 3790 3450 ἐαυτά

2213 3474 2320 3528 τῶν
2355 3475 2413 3529 ἐν
2427 3477 2533 3540 τοῖς
2553 3475 2766 3548 σώμασι
2791 3477 2900 3548 (97)
2917 3478 3211 3548 στοιχείων,
3229 3477 3288 3530 τὸ
3309 3479 3519 3533 συνδέον
3537 3479 3675 3535 αύτά
3697 3482 3788 3537 διὰ

2211 3567 2310 3635 τῆς
2338 3563 2572 3634 ζωτικῆς
2607 3564 2885 3636 ἐνεργείας
2929 3564 3224 3619 ἀπόλωλεν.
3265 3566 3407 3619 Ἀλλ’
3435 3566 3624 3638 ὥσπερ
3660 3583 3792 3620 συν-

2212 3653 2444 3718 εστῶτος
2485 3655 2563 3708 ἐτι
2595 3654 2686 3708 τοῦ
2724 3653 2832 3708 τῶν
2865 3656 3142 3726 στοιχείων
3181 3656 3550 3727 συγκρίματος
3581 3657 3792 3728 ψυχοῦο

2211 3762 2302 3800 ται
2334 3746 2426 3800 καὶ
2470 3745 2535 3799 τά
2563 3746 2674 3816 (98)
2722 3745 2842 3800 καθ’
2896 3746 3125 3799 ἕκαστον
3146 3785 3160 3810 ,
3198 3746 3326 3810 ἴσως
3370 3764 3430 3799 τε
3462 3748 3557 3801 καὶ
3585 3747 3791 3818 ὁμοίως

2212 3839 2347 3891 πᾶσι
2371 3839 2482 3901 τοῖς
2513 3838 2702 3908 μέρεσι
2735 3839 2844 3902 τοῖς
2872 3839 3248 3910 συμπληροῦσι
3289 3837 3349 3893 τὸ
3377 3838 3535 3909 σῶμα
3561 3840 3656 3911 τῆς
3684 3840 3793 3906 ψυ-

2212 3929 2315 4000 χῆς
2346 3929 2664 3999 ἐνδυομένης
2693 3929 2845 3999 (99),
2904 3929 2997 3984 καὶ
3045 3931 3146 3984 οὐκ
3202 3930 3268 3985 ἄν
3314 3946 3397 3994 τις
3429 3929 3614 3998 εἴποι,
3660 3931 3792 3987 οὔτε

2214 4018 2446 4089 στερῤἀν
2477 4018 2643 4089 αὐτὴν
2673 4021 2766 4072 καὶ
2802 4020 3092 4073 ἀντίτυπον
3119 4015 3258 4074 εἷναι
3281 4061 3296 4085 ,
3334 4020 3413 4092 τῷ
3440 4021 3632 4091 γεώδει
3658 4039 3794 4092 συγ·

2213 4110 2580 4181 κεκραμένην,
2607 4109 2731 4164 οὔτε
2756 4111 2947 4183 ὑγρὰν,
2973 4111 3005 4182 ἢ
3038 4111 3252 4182 ψυχρὰν
3279 4112 3312 4183 ἢ
3351 4114 3450 4183 τὴν
3485 4111 3564 4182 τῷ
3594 4113 3791 4186 ψυχριῖι

2213 4202 2592 4273 ἀντικειμένην
2620 4205 2901 4274 ποιότητα,
2935 4204 3034 4274 τὴν
3062 4205 3120 4256 ἐν
3159 4205 3324 4257 πᾶσιν
3351 4204 3428 4274 (1)
3462 4199 3628 4259 οὖσαν
3665 4205 3800 4259 τούς

2213 4310 2326 4358 τοις
2344 4333 2360 4358 ,
2387 4294 2480 4348 καὶ
2510 4293 2725 4365 ἐκάστῳ
2746 4295 2846 4364 τὴν
2880 4295 3116 4365 ζωτικὴν
3147 4294 3373 4364 δύναμιν
3407 4294 3656 4348 ἐνιοῦσαν
3685 4295 3791 4365 (‘2):

2214 4386 2395 4452 οὓτω,
2427 4389 2519 4442 κα)⁸
2568 4387 2816 4450 λυθέντος
2862 4387 2955 4440 τοῦ
3006 4387 3419 4459 συγκρίματος,
3469 4387 3562 4441 καὶ
3593 4388 3673 4450 είς
3722 4389 3796 4442 τά

540 4486 945 4549 contemperata
997 4479 1090 4541 sit,
1135 4477 1218 4531 vel
1271 4476 1568 4539 humidam,
1615 4477 1700 4531 vel
1736 4475 1988 4546 frigidam
2018 4485 2111 4530 aut

2214 4481 2389 4532 οἰκεῖα
2423 4478 2584 4533 πάλιν
2624 4478 3025 4550 ἀναδραμόντος
3051 4517 3067 4542 ,
3097 4479 3196 4548 τὴν
3235 4478 3411 4548 ἁπλῆν
3439 4477 3656 4549 ἐκείνην
3695 4479 3795 4533 καὶ

526 4571 738 4642 frigido
780 4569 1033 4640 opposita
1084 4568 1349 4637 qualitate
1408 4567 1710 4636 praeditam,
1758 4583 1880 4636 qua:
1922 4567 1978 4621 in
2033 4567 2118 4622 his

543 4662 815 4717 universis
851 4662 942 4724 sit,
989 4667 1044 4716 et
1075 4660 1374 4728 unicuique
1413 4659 1520 4711 vim
1551 4657 1769 4711 vitalem
1817 4659 2114 4712 immittat:

538 4755 616 4809 ita
658 4756 838 4812 soluta
879 4767 1097 4825 quoque
1131 4753 1220 4806 illa
1255 4749 1732 4822 coagmentatione
1778 4757 1833 4804 et
1877 4750 1944 4804 ad
1991 4767 2118 4819 pro-

2213 4566 2505 4620 ἀσύνθετον
2536 4567 2697 4637 φύσιν
2730 4569 2945 4639 ἑκάστῳ
2977 4571 3231 4639 παρεῖναι
3264 4569 3372 4622 τῶν
3428 4569 3610 4638 μερῶν
3632 4611 3648 4633 ,
3693 4573 3796 4624 καὶ

2215 4660 2354 4729 μετά
2387 4659 2484 4729 τὴν
2536 4659 2778 4713 διάλυσιν
2824 4660 3033 4714 οἴεσθαι
3062 4701 3078 4726 ,
3130 4661 3282 4714 οὐδὲν
3329 4659 3422 4713 τοῦ
3452 4662 3530 4731 (5)
3582 4661 3795 4724 εἰκότος

2212 4751 2360 4804 ἐστίν
2387 4767 2400 4780 °
2433 4750 2570 4805 ἀλλά
2597 4752 2694 4822 τὴν
2723 4751 2872 4816 ἅπαξ
2917 4753 3143 4823 ἀρρήτῳ
3174 4751 3280 4804 τινὶ
3329 4754 3672 4822 συμφυεῖσαν
3706 4752 3797 4805 λό-

533 4849 688 4918 .prias
723 4855 1099 4919 cognatasque
1147 4859 1236 4899 res
1286 4844 1482 4897 iterum
1519 4841 1762 4906 redacta,
1811 4841 2111 4911 simplicem

2212 4860 2294 4912 γῳ
2321 4842 2398 4911 τῷ
2418 4841 2525 4894 τῶν
2556 4843 2834 4913 στοιχείων
2861 4843 2939 4914 (ιι)
2976 4842 3309 4916 συγκρίματι
3334 4844 3446 4913 (5),
3481 4845 3574 4897 καὶ
3615 4845 3796 4897 εἰσαεὶ

536 4951 590 4995 et
640 4939 1064 5008 incompositam
1117 4936 1263 4990 illam
1319 4941 1577 4988 naturam
1632 4930 1925 5002 unicuique
1972 4933 2110 5002 parti

2220 4933 2572 5003 παραμένειν,
2607 4929 2688 4998 οἷς
2721 4933 3024 5006 κατεμίχθη
3048 4974 3062 4999 ,
3096 4935 3285 5005 μηδενὶ
3309 4935 3492 5004 τρόπῳ
3521 4935 3614 5004 τῆς
3643 4952 3796 5003 γινο-

538 5032 702 5086 etiam
751 5038 878 5100 post
931 5027 1350 5083 dissolutionem
1385 5025 1598 5088 adesse,
1646 5032 1810 5094 atque
1841 5038 1960 5079 eam
1993 5039 2111 5094 qua:

2222 5024 2388 5095 μένης
2437 5025 2580 5090 ἅπαξ
2617 5026 2752 5096 αὐτῇ
2805 5028 3082 5097 συμφυΐας
3114 5025 3536 5097 άποσπωμένην.
3569 5025 3645 5078 Οὐ
3689 5025 3802 5098 γὰρ

633 5246 723 5318 89)
754 5252 856 5315 Εἰς
883 5247 1040 5305 ἴσον.
1075 5246 1114 5300 Β
1142 5249 1220 5308 είς
1240 5245 1318 5318 ἐν.

632 5313 720 5387 90)
760 5313 1031 5387 Ἄόρίστῳ
1058 5334 1140 5370 τε.
1171 5319 1214 5368 Α
1237 5314 1449 5384 ἀοράτῳ
1478 5330 1557 5381 τε,
1587 5313 1624 5366 Β
1645 5315 1853 5385 ἀρίστῳ
1885 5333 1964 5369 τε.

633 5324 700 5373 90
760 5324 1031 5387 Ἄορίστῳ
1058 5334 1078 5370 τ

633 5324 727 5454 91)
758 5391 824 5441 El
848 5388 988 5443 delet
1019 5387 1078 5440 B.

2291 5248 2396 5317 (97)
2426 5247 2551 5313 Τοῖς
2581 5248 2834 5318 σώμασι.
2860 5249 2896 5300 Α
2924 5247 2964 5300 Β
2989 5247 3066 5318 τῷ
3101 5245 3333 5318 σώματι.

2290 5319 2399 5388 (98)
2432 5317 2798 5388 ΚαὶντάΛίαί
2833 5317 3082 5388 delentA
3115 5328 3169 5371 et
3201 5317 3258 5370 Β.

2289 5387 2400 5456 (99)
2439 5387 2860 5456 Ἐνδυομένης.
2891 5387 2932 5440 Β
2955 5387 3297 5457 ἐνδεομένης.

2290 5459 2365 5524 (1)
2399 5457 2518 5524 Τὴν
2543 5459 2613 5510 ἐν
2637 5457 2846 5512 πᾶσιν.
2885 5457 2994 5526 Τὴν
3020 5459 3080 5510 ἐν
3106 5460 3328 5511 ἀπασιν.

2289 5528 2365 5594 (‘2)
2412 5528 2744 5583 Ἐνιοῦσαν.
2789 5527 3073 5580 Ἐνιείσαν.

2289 5599 2365 5666 (5)
2402 5597 2592 5651 Οὐδὲν
2621 5598 2745 5652 τοῦ.
2782 5599 2822 5649 Α
2856 5597 2897 5650 Β
2931 5597 3082 5650 οὐδὲν
3105 5595 3227 5660 ἔξω.

2287 5669 2359 5735 (4)
2394 5667 2474 5732 Τῴ
2501 5668 2617 5720 τῶν
2642 5685 2739 5721 at.
2779 5669 2815 5720 Β
2839 5668 2928 5720 διὰ
2957 5667 3077 5735 τῆς.

2289 5740 2364 5808 (5‘)
2399 5741 2772 5808 Συγκρίματι.
2805 5737 2847 5790 Β
2874 5737 3248 5808 συγκράσεως.

608 5452 724 5526 (92)
754 5458 1014 5526 Φύσεως.
1055 5457 1169 5526 Ain
1193 5454 1471 5526 margine:
1497 5452 1716 5526 φύσεώς
1740 5471 1822 5518 τις
1854 5454 2107 5524 ἀπαιτοίη

540 5522 718 5596 λόγον,
756 5525 796 5578 Β
819 5527 1031 5593 φύσεως
1061 5525 1193 5588 εἴτις
1221 5522 1671 5596 ἀπαιτοίη-λόςίςιν.

612 5592 723 5667 (95)
752 5592 1148 5667 Παμπλήθερςς.
1175 5596 1219 5647 Α
1245 5595 1290 5667 Β.
1319 5592 1666 5662 παμπληθές.

638 5663 729 5728 94)
761 5667 1018 5728 Διεστός.
1051 5663 1088 5713 Β
1111 5663 1353 5724 διεστὼς.

639 5670 706 5719 94
761 5670 1018 5728 Διεστός.
1052 5670 1088 5713 Β
1111 5670 1353 5724 διεστὼς.

639 5670 729 5800 95)
765 5733 933 5786 Οὺδέ.
961 5736 1002 5785 Α
1025 5732 1063 5784 Β
1089 5733 1204 5784 ούδέ
1233 5733 1361 5799 γάρ.

639 5803 729 5872 96)
759 5804 1155 5872 Παχυμερίαν.
1182 5802 1225 5853 Α
1255 5801 1648 5872 τιαχυμέρειαν.

617 5672 637 5873 l
