3992 6436
220 421 275 477 (,5
1261 414 1350 470 DE
1387 412 1605 470 ANIMA
1646 414 1734 470 ET
1774 409 2373 473 RESURRECTIONE.
3010 480 3015 485 η
3378 415 3447 471 16

219 530 382 603 ἐπειδὴ
431 528 616 585 λύεται
663 529 725 584 τὸ
769 526 1141 598 συγκείμενον,
1175 525 1472 580 κινδυνεύει
1511 527 1584 599 (6)
1636 545 1761 582 συν-

1872 528 2027 581 simul
2071 528 2290 583 occulta
2336 533 2500 597 atque
2532 523 2791 580 ineﬂ‘abili
2820 526 3050 595 quadam
3079 527 3293 582 ratione
3321 542 3444 582 cum

223 623 503 694 διαλυθῆναι
527 621 606 693 τῷ
640 619 880 691 συνϐέτῳ
901 620 962 672 τὸ
990 620 1064 691 μὴ
1100 618 1479 687 συγκείμενον.
1549 665 1558 674 .

1873 619 2267 673 elementorum
2297 625 2683 674 concrcmcnto
2715 617 2982 672 coaluerit
3033 620 3197 673 etiam
3231 619 3285 673 in
3317 632 3447 689 per-

218 728 409 791 petuum
435 729 752 786 permanere
778 729 902 768 cum
932 714 998 768 iis
1026 714 1226 783 quibus
1249 714 1534 769 commista
1565 718 1670 775 est,
1710 725 1888 780 neque
1916 711 2024 766 ullo
2047 712 2208 765 modo
2238 712 2306 765 ab
2330 726 2394 766 ea
2420 712 2711 767 coalitione
2741 720 2902 781 atque
2937 715 3303 778 concretione,
3325 728 3449 784 quae

220 809 362 867 semel
383 810 429 863 ei
457 806 766 877 contigerit,
796 806 952 861 avelli
988 814 1199 875 putare,
1222 807 1372 861 nullo
1411 805 1571 860 modo
1597 812 1680 860 est
1707 820 1734 856 a
1764 804 2239 859 verisimilitudine
2265 812 2427 873 atque
2457 804 2839 873 probabilitate
2865 805 3121 859 alienum.
3144 804 3260 859 Non
3297 807 3444 860 enim

216 904 324 973 quia
348 899 573 957 solvitur
597 898 980 968 compositum,
1011 895 1135 951 inde
1169 896 1334 952 etiam
1372 896 1682 952 necessario
1710 894 2062 964 consequitur
2089 911 2197 949 una
2224 912 2348 950 cum
2378 896 2681 967 composito
2706 896 2930 951 dissolvi
2965 896 3018 950 id
3044 897 3187 966 quod
3223 912 3447 967 compo-

215 996 358 1049 situm
392 1007 499 1047 non
530 997 635 1046 est.

274 1097 328 1153 Γ.
344 1099 509 1171 Κάγὼ
527 1101 700 1168 εἶπον,
730 1103 887 1158 Ἀλλὰ
897 1103 962 1158 τά
977 1104 1076 1175 μὲν
1093 1104 1326 1175 στοιχεῖα
1346 1099 1680 1168 συμπίπτειν
1703 1115 1765 1151 τε

214 1197 331 1267 πρὸς
379 1193 579 1263 ἄλληλα
608 1193 707 1262 (7),
743 1192 836 1244 καὶ
890 1192 1025 1262 πρὸς
1072 1190 1316 1265 ἀλλήλων
1367 1188 1762 1261 διακρίνεσθαι,

216 1289 293 1341 καὶ
332 1285 483 1339 τοῦτο
524 1280 664 1338 εἶναι
707 1282 807 1353 τὴν
850 1281 946 1334 τοῦ
995 1280 1246 1353 σώματος
1287 1281 1543 1335 σύστασίν
1584 1298 1645 1333 τε
1673 1281 1768 1334 καὶ

213 1380 446 1443 διάλυσιν,
499 1376 675 1438 οὐδεὶς
728 1374 796 1428 ἂν
842 1372 1108 1428 ἀντείποι.
1153 1373 1372 1445 Ἐπειδὴ
1424 1373 1480 1427 δὲ
1526 1372 1659 1425 πολὺ
1705 1369 1767 1424 τὸ

216 1470 356 1540 μέσον
396 1466 609 1537 ἑκάστῳ
638 1465 714 1536 (8)
752 1466 950 1518 νοεῖται
995 1463 1152 1517 τοῦτο
1182 1463 1291 1518 τῶν
1320 1463 1395 1535 (9)
1436 1460 1764 1534 ὲτερογενῶς

211 1562 414 1631 ἑχόντων
444 1559 582 1631 πρὸς
620 1557 841 1628 ἄλληλα,
892 1554 1034 1608 κατά
1070 1572 1130 1607 τε
1180 1554 1278 1625 τὴν
1329 1555 1559 1624 τοπικὴν
1592 1552 1762 1620 Θέσιν,

210 1651 288 1706 καὶ
307 1650 394 1721 τὴν
413 1648 519 1702 τῶν
549 1648 868 1718 ποιημάτων
889 1646 999 1716 (10)
1024 1646 1288 1717 διαφοράν
1308 1663 1366 1697 τε
1390 1645 1482 1698 καὶ
1506 1644 1763 1713 ἰδιότητα,

210 1739 700 1811 συνδεδραμηκότων
736 1736 832 1807 μὲν
868 1736 977 1806 (1-1)
1011 1736 1257 1806 ἀλλήλοις
1283 1735 1411 1806 περὶ
1456 1734 1514 1787 τὸ
1549 1733 1764 1787 ὑποκείο

212 1849 350 1903 μενον
374 1831 478 1883 τῶν
507 1829 807 1898 στοιχείων,
830 1828 928 1897 τὴν
950 1827 1143 1898 νοεράν
1169 1828 1372 1896 ταύτην
1392 1827 1485 1879 καὶ
1510 1825 1765 1879 ἀδιάστα-

207 1940 284 1976 τον
308 1922 457 1991 φύσιν
485 1922 554 1992 ἥν
600 1919 872 1989 καλοῦμεν
907 1920 1018 1988 (12)
1046 1918 1243 1989 ψυχὴν,
1289 1917 1582 1972 ἀκόλουθον
1621 1934 1763 1987 συμ-

210 2013 336 2082 φυῶς
376 2014 510 2084 πρὸς
546 2013 610 2065 τὸ
652 2012 929 2083 ἡνωμένον
967 2012 1109 2082 ἔχειν
1137 2029 1149 2042 ·
1180 2013 1230 2064 εί
1267 2012 1324 2064 δὲ
1376 2012 1470 2064 ἀπ’
1518 2010 1763 2082 ἀλλήλων

207 2104 479 2176 διακριθείη
511 2104 710 2170 ταῦτα,
754 2106 976 2158 κάκεῖσε
1010 2103 1119 2174 (15)
1162 2103 1389 2171 γένοιτο,
1430 2104 1648 2174 ὅπηπερ
1697 2102 1764 2155 ἂν

207 2194 408 2249 ἕκαστον
434 2196 468 2265 ἡ
502 2194 667 2262 φύσις
698 2195 819 2262 ἄγοι
852 2194 987 2263 (id),
1016 2195 1071 2246 τὶ
1116 2193 1363 2246 πείσεται
1403 2192 1515 2261 (15)
1545 2194 1577 2263 ἡ
1616 2190 1763 2263 ψυχὴ

206 2279 421 2351 πολλαχῆ
449 2281 542 2334 τοῦ
567 2281 842 2350 ὀχήματος
870 2281 1007 2352 αὐτῇ
1034 2280 1452 2351 διασπαρέντος·
1469 2280 1655 2350 ὥσπερ
1680 2298 1764 2344 τις

206 2367 384 2439 ναύτης
414 2369 511 2438 τῆς
544 2368 770 2431 ὁλκάδος
812 2369 869 2421 ὲν
898 2368 1141 2437 ναυαγίῳ
1185 2368 1528 2439 διαλυθείσης
1568 2368 1763 2422 ἀδυνα-

206 2454 299 2507 τῶν
325 2457 452 2509 πᾶσι
479 2458 598 2519 τοῖς
623 2455 715 2508 τοῦ
746 2455 931 2508 πλοίου
976 2456 1184 2528 μορίοις
1213 2455 1395 2520 ἄλλοις
1428 2457 1635 2527 ἀλλαχῆ
1666 2456 1761 2510 τοῦ

208 2545 449 2614 πελάγους
477 2546 896 2617 ἐσκεδασμένοις
930 2547 1051 2600 κατ’
1074 2546 1235 2600 αὐτὸν
1259 2547 1370 2618 (16)
1399 2548 1756 2620 ἐπινήξασθαι

209 2636 407 2706 (παντὸς
447 2638 561 2708 (17)
610 2638 718 2708 γάρ
755 2635 847 2690 τοῦ
895 2637 1277 2707 ὲπιτυχοῦντος
1310 2637 1422 2709 (18)
1468 2637 1764 2709 λαϐόμενος

206 2730 265 2783 τά
303 2731 455 2783 λοιπά
488 2730 681 2802 φέρειν
719 2731 828 2801 (19)
875 2730 1192 2799 καταλείψει
1231 2731 1343 2793 τοῖς
1384 2728 1634 2800 κύμασι),
1673 2730 1763 2783 τὸν

206 2821 346 2876 αὐτὸν
369 2823 567 2893 τρόπον
592 2824 625 2891 ἡ
647 2821 791 2892 ψυχὴ
819 2821 932 2893 (20)
954 2823 1019 2893 τῇ
1050 2820 1320 2890 διακρίσει
1345 2820 1455 2874 τῶν
1485 2821 1763 2891 στοιχείων

208 2914 655 2986 συνδιασχισθῆναι
684 2911 781 2984 τὴν
826 2913 988 2983 φύσιν
1036 2914 1137 2966 οὐκ
1179 2911 1398 2983 ἔχουσα,
1438 2910 1597 2984 εἴπερ
1636 2912 1764 2965 δυσ-

207 3006 546 3070 απαλλάκτως
578 3004 694 3075 ἔχει
713 3004 804 3058 τοῦ
834 3003 1104 3075 σώματος,
1122 3002 1201 3056 ἐνί
1227 3020 1332 3057 τινι
1353 3002 1569 3066 πάντως
1590 3019 1761 3073 προσο

206 3100 379 3166 φυεῖσα
412 3097 694 3168 στοιχείων
735 3095 866 3167 (21),
915 3093 1023 3147 τῶν
1062 3093 1236 3147 ἄλλων
1274 3093 1758 3163 ἀποσχισθήσεται,

205 3188 285 3242 καὶ
308 3189 453 3242 οὐδὲν
489 3187 692 3260 μᾶλλον
737 3185 1001 3239 ἀθάνατον
1029 3184 1196 3256 αὐτὴν
1230 3184 1319 3238 διὰ
1346 3183 1409 3237 τὸ
1437 3185 1495 3236 ὲν
1524 3182 1603 3235 ἑνὶ
1638 3182 1758 3254 ζῇν,

203 3280 233 3350 ἢ
263 3280 467 3352 Θνητὴν,
493 3280 589 3334 διὰ
614 3279 675 3333 τὸ
696 3280 751 3333 ὲν
778 3280 889 3341 τοῖς
915 3277 1124 3330 πλείοσι
1158 3280 1231 3349 μὴ
1263 3270 1423 3344 εἶναι,
1468 3277 1502 3348 ἡ
1535 3273 1760 3329 ἀκολου-

128 3384 139 3400 ⁸
205 3370 281 3424 Θία
312 3372 401 3426 τοῦ
427 3372 591 3441 λόγου
627 3371 839 3424 δίδωσιν
867 3368 1094 3423 οἴεσθαι.

1950 1103 2014 1158 G.
2048 1100 2222 1168 Atque
2246 1113 2344 1169 ego
2371 1117 2385 1155 :
2410 1100 2609 1157 Verum
2633 1102 2900 1159 elementa
2920 1101 3156 1173 quidem,
3195 1102 3443 1172 inquam,

1862 1187 2008 1242 inter
2038 1202 2161 1243 sese
2195 1195 2310 1242 tum
2344 1188 2493 1243 coire
2533 1200 2587 1243 et
2628 1190 3023 1255 cobzerescere,
3061 1198 3175 1247 tum
3210 1193 3445 1248 alterum

1862 1277 1931 1332 ab
1974 1278 2154 1334 altero
2204 1280 2445 1351 separari
2486 1288 2649 1351 atque
2692 1281 2960 1352 disjungi,
3003 1293 3057 1336 et
3110 1283 3162 1338 id
3196 1284 3447 1354 corporis

1861 1385 1983 1425 esse
2007 1376 2121 1424 tum
2160 1371 2603 1427 constitutionem
2645 1381 2759 1427 tum
2798 1373 3244 1439 dissolutionem,
3285 1392 3449 1431 nemo

1869 1460 2284 1516 contradixerit.
2345 1462 2615 1527 Quoniam
2676 1473 2857 1520 autem
2910 1466 3140 1520 multum
3182 1466 3451 1523 interesse

1868 1554 2189 1623 intelligitur
2243 1555 2384 1609 inter
2414 1558 2853 1628 unumquodque
2903 1559 3120 1624 horum,
3175 1575 3297 1629 qua:
3332 1568 3446 1613 tum

1870 1644 2170 1698 secundum
2198 1644 2423 1699 localem
2462 1646 2811 1716 positionem,
2848 1654 2961 1700 tum
2990 1649 3314 1718 qualitatum
3340 1648 3449 1703 dif-

1872 1732 2157 1789 ferentiam
2185 1735 2397 1805 pariter
2420 1752 2483 1791 ac
2509 1738 2895 1808 proprietatem
2930 1738 3130 1793 diversi
3163 1740 3303 1793 inter
3325 1756 3449 1796 sese

1869 1824 2090 1893 generis
2126 1835 2276 1889 sunt,
2312 1825 2583 1893 siquidem
2615 1826 2763 1881 circa
2811 1827 3117 1896 subjectum
3148 1828 3285 1882 inter
3326 1844 3448 1884 sese

1869 1917 2253 1971 concurrerint
2290 1918 2582 1980 elementa,
2631 1926 3058 1974 consentaneum
3091 1928 3196 1983 est,
3233 1921 3447 1976 intelle-

1869 2005 2107 2059 ctualem
2156 2006 2298 2059 hanc
2341 2005 2814 2077 dimensiouisqne
2862 2020 3136 2080 expertem
3170 2017 3443 2076 naturam,

1870 2108 2034 2163 quam
2074 2094 2310 2147 animam
2359 2108 2642 2160 vocamus,
2697 2097 2971 2151 cohaerere
3009 2107 3169 2166 atque
3214 2098 3447 2167 conjun-

1870 2191 2012 2238 ctam
2062 2199 2187 2239 esse
2232 2199 2357 2238 cum
2404 2199 2490 2251 eo,
2547 2187 2693 2255 quod
2743 2186 2879 2257 (ita)
2929 2187 3138 2242 unitum
3184 2199 3300 2255 esr;
3359 2189 3449 2242 sin

1871 2283 2053 2329 autem
2087 2275 2203 2330 haec
2245 2275 2475 2330 alterum
2525 2278 2594 2333 ab
2629 2278 2800 2333 altera
2839 2286 3089 2348 separata
3138 2287 3302 2349 atque
3355 2278 3448 2332 illo

1870 2364 2089 2419 redacta
2143 2364 2365 2428 fuerint,
2412 2382 2740 2438 quocunque
2774 2371 3202 2440 unumquodque
3251 2379 3448 2424 natura

1870 2454 2043 2516 ducit,
2081 2454 2317 2520 patietur
2342 2456 2504 2509 etiam
2540 2458 2739 2520 anima,
2783 2459 2837 2512 in
2873 2460 3071 2513 multas
3104 2466 3288 2528 partes
3324 2473 3451 2529 pas-

1871 2543 1977 2599 sim
2009 2544 2262 2599 vehiculo
2305 2545 2425 2614 ejus
2470 2546 2737 2616 disjecto:
2772 2558 2825 2604 et
2859 2548 3317 2618 quemadmodum
3351 2549 3449 2603 ali-

1870 2634 1995 2707 quis
2040 2646 2238 2700 nauta,
2282 2637 2374 2691 ubi
2429 2638 2715 2710 naufragio
2755 2641 3021 2696 dissoluta
3070 2639 3234 2696 fuerit
3269 2641 3448 2704 navis,

1870 2725 1940 2779 ad
1978 2739 2170 2781 omnes
2205 2727 2325 2795 ejus
2353 2736 2559 2797 partes,
2591 2730 2715 2785 aliis
2756 2731 2809 2785 in
2843 2732 3003 2787 aliam
3036 2733 3208 2803 pelagi
3239 2741 3448 2803 partem

1870 2815 2176 2885 dissipatis,
2206 2817 2395 2873 eodem
2437 2827 2681 2890 tempore
2710 2822 2914 2878 adnare
2944 2839 3052 2877 non
3080 2833 3257 2895 potest
3290 2825 3446 2895 (nam

1869 2905 1917 2961 si
1947 2907 2212 2978 quidquid
2260 2908 2495 2978 primum
2546 2913 2848 2968 occurrerit
2895 2921 2949 2969 et
2990 2915 3207 2970 obviam
3259 2914 3447 2979 fuerit,

1868 2996 2308 3066 appreltenderit,
2341 3001 2550 3072 reliqua
2585 3001 2844 3061 ﬂuctibus
2882 3005 3012 3061 ferri
3042 3006 3199 3077 plane
3226 3010 3449 3079 permit-

1871 3089 1995 3160 tet),
2049 3090 2239 3146 eodem
2297 3093 2458 3147 modo
2512 3094 2692 3149 anima
2726 3111 2848 3166 qua:
2886 3104 2949 3152 ea
2980 3090 3179 3152 natura
3220 3099 3450 3168 praedita

1868 3198 1979 3237 non
2033 3193 2136 3250 est,
2196 3195 2253 3238 ut
2311 3201 2419 3241 una
2473 3201 2597 3241 cum
2654 3187 3001 3259 separatione
3053 3194 3446 3250 elementorum

1870 3273 2170 3341 scindatur,
2206 3276 2475 3347 siquidem
2499 3293 2527 3332 a
2560 3293 2790 3349 corpore
2826 3282 3044 3338 liberari
3094 3293 3254 3356 atque
3281 3302 3449 3358 expe-

1870 3365 1976 3420 diri
2008 3382 2116 3421 non
2141 3375 2340 3438 potest,
2374 3370 2421 3425 si
2456 3371 2550 3425 uni
2578 3373 2741 3429 alicui
2776 3390 3005 3443 prorsus
3034 3376 3313 3433 inhaeserit
3343 3379 3449 3433 ele.

204 3472 386 3528 mento,
419 3464 488 3518 ab
518 3462 645 3517 aliis
674 3462 932 3517 avelletur
972 3469 1026 3515 et
1066 3459 1476 3525 intercludetur,
1511 3467 1566 3514 et
1597 3467 1656 3512 ut
1685 3457 1856 3512 nihilo
1885 3458 2058 3530 magis
2090 3460 2415 3519 immortalis
2443 3478 2565 3533 quae
2590 3465 2645 3518 in
2680 3480 2789 3520 uno
2815 3467 2981 3534 vivat,
3008 3482 3169 3538 quam
3197 3470 3448 3525 mortalis

203 3565 398 3626 putetur
422 3573 546 3629 qua!
581 3557 635 3611 in
676 3554 925 3625 pluribus
949 3570 1057 3610 non
1096 3554 1189 3622 sit,
1220 3551 1609 3621 consequentia
1641 3552 1912 3609 sermonis
1934 3554 2046 3609 dat.

264 3694 313 3749 Μ
330 3735 344 3751 .
381 3695 521 3751 Ἀλλ’
548 3692 674 3748 οὔτε
696 3691 1061 3761 συστέλλεται,
1083 3689 1267 3763 φησὶν,
1290 3686 1410 3741 οὔτε
1429 3686 1689 3763 διαχεῖται
1703 3687 1763 3742 τὺ

201 3779 366 3849 νοητόν
388 3796 448 3832 τε
473 3778 570 3832 καί
591 3777 911 3831 ἀδιάστατον
936 3778 1225 3847 (σωμάτων
1250 3774 1357 3846 γάρ
1380 3775 1510 3829 ἴδιον
1532 3775 1762 3846 συστολὴ

201 3872 281 3923 καὶ
312 3869 613 3942 διάχυσις),
654 3869 846 3939 ὲπίτης
876 3867 932 3920 δὲ
981 3866 1123 3922 κατὰ
1160 3867 1259 3937 τὴν
1303 3867 1441 3920 ἰδίαν
1479 3866 1639 3937 φύσιν
1664 3867 1762 3938 τὴν

200 3962 337 4034 ἀειδῆ
374 3965 466 4017 καὶ
506 3961 798 4032 ἀσώματον
828 3963 890 4033 τῇ
924 3977 984 4014 τε
1021 3958 1304 4030 συγκρίσει
1342 3958 1449 4011 τῶν
1489 3957 1763 4028 στοιχείων

198 4055 313 4123 περὶ
340 4054 395 4108 τὸ
434 4055 600 4123 σῶμα
638 4054 733 4106 καὶ
772 4054 840 4124 τῇ
885 4050 1153 4122 διακρίσει
1185 4049 1465 4120 πάρεστιν,
1508 4066 1760 4117 συνεσφι-

198 4142 396 4212 γμένων
424 4143 539 4214 (22)
568 4144 627 4195 ὲν
657 4140 735 4211 τῷ
766 4140 1097 4212 συγκρίματι
1138 4140 1245 4194 τῶν
1271 4138 1547 4208 στοιχείων
1578 4153 1760 4190 στενο-

196 4236 460 4304 χωρουμέν
471 4253 522 4306 q,
537 4233 661 4287 οὗτε
682 4232 1159 4303 ἁποφοιτησάντων
1180 4231 1274 4285 ἐπὶ
1287 4229 1357 4283 τὰ
1373 4228 1611 4298 συγγενῆ
1625 4227 1759 4298 (25),

195 4327 279 4378 καὶ
303 4326 440 4380 κατὰ
468 4325 634 4396 φύσιν
656 4325 840 4387 αὐτοῖς
862 4320 1374 4394 ἀπολιμπανομένη,
1402 4319 1506 4371 κᾶν
1534 4318 1669 4371 πολὺ
1700 4316 1762 4369 τὸ

1939 3683 2008 3740 Μ.
2032 3688 2101 3740 At
2122 3701 2295 3756 neque
2338 3685 2698 3750 contrahitur,
2722 3688 2916 3760 inquit,
2933 3704 3111 3761 neque
3123 3692 3447 3752 diffunditur

1862 3778 1915 3832 id
1950 3778 2096 3849 quod
2125 3789 2179 3834 et
2224 3790 2405 3835 mente
2449 3781 2720 3845 noscitur,
2768 3782 3213 3857 cogitationeque
3263 3792 3448 3859 ρει-οἱ·-

1861 3870 2030 3939 pitur,
2076 3876 2131 3926 et
2161 3870 2550 3939 disjunctionis
2599 3875 3072 3947 separationisque
3119 3894 3314 3950 expers
3362 3893 3448 3939 est

1862 3960 2187 4032 (corporum
2221 3964 2366 4016 enim
2408 3963 2661 4019 contrahi
2706 3973 2870 4036 atque
2901 3967 3132 4025 diﬂ‘undi
3161 3972 3445 4043 proprium

1867 4053 2003 4123 est),
2045 4052 2141 4115 sed
2180 4054 2465 4125 aequaliter
2495 4054 2652 4125 juxta
2690 4057 2774 4111 sui
2809 4066 3083 4126 naturam,
3124 4076 3247 4132 quae
3272 4071 3330 4119 et
3363 4065 3447 4117 in-

1866 4143 2119 4209 visibilis,
2177 4143 2429 4201 informis
2476 4156 2531 4201 et
2565 4147 2884 4217 incorporea
2920 4158 3026 4213 est,
3066 4166 3189 4206 cum
3228 4153 3444 4210 coalitis

1869 4241 2033 4311 atque
2065 4236 2338 4290 concretis
2367 4236 2517 4291 circa
2562 4250 2764 4307 corpus
2789 4239 3098 4307 elementis,
3140 4251 3253 4297 tum
3288 4259 3445 4315 sepa-

1866 4325 2003 4380 ratis
2024 4334 2188 4395 atque
2217 4326 2511 4395 disjunctis
2542 4327 2718 4393 adest,
2753 4343 2817 4385 ac
2838 4345 3016 4402 neque
3041 4336 3357 4395 constrictis
3386 4340 3441 4394 in

197 4416 345 4485 μέσον
376 4413 518 4471 εἶναι
566 4416 712 4469 δοκεί
740 4415 800 4468 τὸ
838 4416 935 4484 τῆς
973 4412 1289 4485 ἑτερότητος
1321 4410 1434 4483 (24)
1466 4409 1761 4503 erat:

1872 4416 2214 4471 concretione
2260 4417 2542 4473 elementis
2592 4420 2859 4489 premitur
2898 4433 3062 4496 atque
3106 4418 3438 4497 coarctatur,

193 4505 339 4575 χείων
367 4505 821 4577 ἐνοεωρούμενον.
860 4504 1036 4577 Πολλὴ
1058 4506 1166 4576 γάρ
1190 4505 1223 4573 ἡ
1258 4502 1489 4573 διαφορά
1520 4500 1631 4572 (25)
1661 4499 1756 4553 τοῦ

1872 4520 2044 4575 neque
2076 4505 2142 4559 ad
2172 4513 2402 4577 cognata
2435 4508 2652 4579 sibique
2683 4516 2956 4571 naturalia
2989 4520 3247 4583 reversis,
3274 4521 3443 4578 relin-

193 4595 493 4667 ἀνωφεροῦς
520 4614 580 4650 τε
615 4598 707 4650 καὶ
740 4596 940 4665 κούφου
981 4597 1115 4667 πρὸς
1137 4596 1198 4650 τὸ
1246 4594 1383 4667 βαρὺ
1416 4595 1510 4648 καὶ
1536 4594 1756 4664 γεῶδες,

194 4683 276 4738 τοῦ
300 4686 499 4758 Θερμοῦ
534 4687 646 4759 (26)
678 4688 814 4759 πρὸς
839 4689 901 4741 τὸ
928 4688 1154 4758 ψυχρὸν,
1184 4686 1278 4739 καὶ
1298 4686 1391 4738 τοῦ
1423 4684 1587 4754 ὑγροῦ
1622 4683 1758 4754 πρὸς

194 4777 247 4829 τὸ
274 4779 512 4833 ἐναντίον
534 4796 549 4809 ο
580 4779 693 4831 ἀλλ’
732 4780 879 4850 ὅμως
904 4778 1077 4843 οὐδεὶς
1107 4778 1264 4840 πόνος
1306 4779 1370 4847 τῇ
1412 4776 1573 4847 νοερᾷ
1599 4775 1757 4844 φύσει

279 4984 329 5053 6)
350 4987 719 5043 Κινδυνεύει.
750 4988 860 5043 Καὶ
883 4990 1018 5044 κινδ.

280 5055 326 5132 ξι)
358 5058 518 5132 (Ide
544 5059 848 5132 (tamen
890 5059 930 5132 υ
951 5061 1044 5114 ἀπ’
1077 5060 1262 5132 άλλήλ.

278 5127 331 5195 8)
364 5127 655 5195 Ἐκὰστῳ.
687 5131 732 5182 Α
762 5127 803 5181 Β
829 5129 1078 5185 ἑκάστου.

258 5197 330 5263 (9)
373 5198 557 5251 Τοῦτο
574 5197 709 5251 τῶν.
745 5200 786 5251 Α
804 5198 842 5251 Β
871 5200 1094 5255 τούτων.

258 5264 369 5404 (10)
407 5266 776 5335 Ποιημάτων.
809 5271 851 5321 Α
878 5268 920 5322 Β
951 5273 1270 5343 ποιοτήτων.

286 5336 365 5400 ll)
388 5337 519 5390 Μέν
544 5338 697 5392 deest
727 5340 789 5391 A.

286 5336 519 5400 11)Μέν
544 5338 697 5392 deest
727 5340 789 5391 A.

392 5408 500 5479 Ἦν
526 5410 662 5479 καλ.
684 5407 729 5460 Α
755 5407 854 5479 τὴν
898 5410 1017 5463 καλ.

260 5475 368 5543 (45)
404 5477 681 5531 Κάκεῖσε.
702 5479 743 5531 Β
765 5475 857 5532 καὶ
877 5481 1073 5535 ἐκεῖσε.

260 5518 368 5621 liii
400 5518 1050 5621 ίλέῖῗῐεῐὶτᾶῗὲῖέἧῖ

258 5615 692 5755 (fatigauerat.
718 5621 764 5669 A
809 5619 864 5671 in
898 5615 1142 5689 margine
1174 5664 1187 5676 .
1229 5624 1482 5690 ’Δγεται,
1516 5624 1757 5679 πείσεται

258 5703 282 5736 ,ι
377 5705 473 5755 ,πυχ
515 5727 529 5740 .

194 5700 282 5737 και
304 5700 337 5755 η
362 5700 529 5756 ψυχή.

304 5691 529 5772 ἡψυξιή-
626 5759 638 5772 ,

284 5757 368 5821 ib)
401 5758 540 5811 Κατ’
569 5758 737 5812 αυτό.
761 5758 801 5809 A
843 5759 981 5813 κατὰ
1006 5760 1221 5817 ταύτόν.

286 5825 368 5894 17)
392 5828 645 5886 flando.
677 5826 718 5881 Α
749 5827 984 5893 πάντως.

256 4985 275 5194 l

1864 4597 2070 4667 quitur,
2100 4596 2311 4653 etiamsi
2342 4614 2599 4671 magnum
2624 4603 2758 4660 illud
2792 4607 3088 4668 discrimen
3109 4628 3233 4670 esse
3260 4616 3443 4672 videa-

1863 4696 1972 4753 tur,
2003 4689 2147 4758 quod
2193 4691 2438 4746 cernitur
2473 4700 2528 4747 et
2560 4695 3017 4756 animadvertitur
3051 4704 3107 4759 in
3140 4707 3442 4763 elemento-

1865 4798 1987 4835 rum
2017 4782 2369 4848 diversitate;
2404 4798 2601 4855 magna
2644 4789 2788 4844 enim
2831 4792 3137 4851 dill‘erentia
3169 4807 3253 4855 est
3300 4799 3442 4855 inter

1940 4995 2050 5074 (
2087 4996 2559 5074 ’βξτιτυχοῦγτοᾳ
2597 5000 3103 5074 ΑᾈΒέπιτυχόντος.

1940 5066 2305 5190 (ίὲὶρΐξερέἴν.
2340 5069 2385 5122 Δ
2413 5070 2467 5123 in
2494 5072 2737 5143 margine
2767 5066 2930 5137 εΤοίξ
2956 5073 3163 5143 κύμασι
3188 5072 3410 5128 καταλεί

1865 5133 1955 5201 ψει
1979 5133 2259 5205 φέρεσθαι.
2614 5133 2643 5143 ν

1937 5203 2150 5289 (392.11
2177 5207 2435 5289 mm
2457 5211 2548 5262 και
2581 5211 2613 5281 ἡ
2643 5211 2811 5289 «tum.

1940 5274 2463 5351 (21)_Hp00’géi_1870’a
2491 5274 2822 5350 στοιχείῶἇθ.
2855 5282 2895 5333 Β
2927 5283 3262 5351 προσφυεῖσα
3296 5301 3437 5338 στοι-

1865 5360 1924 5411 χε
1933 5343 2022 5420 (qi:
2033 5343 2293 5420 :Amcrozie
2301 5348 2382 5420 ίῳ.

1937 5415 2048 5490 (ﬁt)
2073 5415 2593 5490 ξυνεόφζγμένων.
2629 5422 2672 5474 Α
2699 5429 2751 5476 et
2781 5419 2822 5473 Β
2855 5421 3191 5490 praemittunt
3221 5423 3363 5479 οὔτε.

2078 5485 2440 5559 Συγγζεΰηῆξβ
2473 5491 2707 5559 συγγενῆ
2735 5508 2813 5542 τε.

1937 5555 2049 5623 (24)
2078 5557 2252 5609 Δοκεῖ
2264 5555 2458 5628 τὸτῆς
2480 5555 2841 5629 ἐτὲρότὴτος.
2873 5565 2917 5615 Λ
2944 5560 2983 5614 Β
3008 5560 3135 5633 δοκῇ
3159 5564 3223 5635 τῇ
3255 5565 3439 5638 ἑτερόκ

1864 5639 2154 5835 έξῙῙ
2175 5698 2447 5768 διαφορά.
2470 5699 2591 5754 Ain
2627 5707 2774 5755 textu
2801 5700 3067 5771 ἀναφορὰ,
3103 5702 3157 5756 in
3197 5703 3438 5776 margine

1937 5834 2047 5905 (26)
2080 5837 2189 5893 Τοῦ
2228 5839 2464 5910 θερμοῦ.
2502 5840 2542 5896 Β
2569 5841 2660 5895 καὶ
2687 5842 2780 5896 τοῦ
2805 5842 3027 5915 θερμοῦ.
