3992 6450
466 468 533 525 7ιῖ
1669 469 1728 524 S.
1762 465 2089 526 GREGOIUI
2130 467 2419 526 NYSSEN!
3652 466 3727 523 48

466 582 517 638 td
549 581 695 655 quod
723 598 846 638 cum
883 582 996 639 leve
1022 583 1115 651 sit,
1145 599 1366 640 sursum
1402 583 1591 647 fertur.
1645 595 1698 642 et
1735 602 1899 659 grave
1928 595 2034 642 ter—

2140 587 2355 660 ἐκὰστῳ
2384 591 2656 660 παρεῖναι,
2688 581 2769 651 οἷς
2794 586 2937 651 ama
2964 584 3183 657 ἐνεφύη,
3207 583 3295 638 διὰ
3325 581 3577 656 κράσεως
3606 580 3721 653 (27)

463 690 724 745 reumque
749 696 761 730 :
784 676 910 731 item
940 676 1080 730 inter
1108 676 1343 730 calidum
1361 688 1412 732 et
1432 677 1707 749 frigidum,
1727 681 2035 735 humidum-

460 778 567 832 que
607 773 660 818 et
687 766 739 821 ei
779 766 1140 830 contrarium,
1170 776 1404 821 attamen
1439 769 1589 822 nullo
1630 772 1848 840 negotio
1878 772 2038 827 intel—

464 854 714 910 lectualis
746 866 961 921 natura,
1002 872 1176 927 eaque
1213 874 1334 928 quae
1367 868 1547 913 mente
1578 860 1691 914 sola
1737 868 1952 915 constat
1983 869 2037 916 et

460 946 790 1019 cogitatione
812 948 1130 1018 percipitur,
1163 948 1317 1004 adest
1354 949 1650 1019 unicuique
1678 965 1891 1018 eorum,
1922 951 2039 1021 qui-

465 1038 563 1094 bus
589 1039 756 1095 semel
800 1039 1103 1107 inhaeserit,
1150 1054 1249 1095 nec
1283 1054 1379 1110 per
1423 1039 1777 1109 refusiouem,
1817 1042 2036 1099 discus-

462 1130 673 1184 sionem
729 1144 794 1185 ac
850 1130 1260 1186 distractionem
1320 1145 1428 1186 una
1476 1146 1602 1187 cum
1648 1134 2039 1189 contrarietate

462 1221 732 1277 scinditur
759 1222 1173 1278 elementorum.
1195 1222 1314 1279 Non
1342 1223 1488 1279 enim
1519 1224 1649 1294 quia
1678 1224 2039 1295 dispositione

462 1312 563 1366 loci
598 1321 855 1384 certaque
880 1315 1110 1384 quadam
1143 1316 1495 1385 proprietate,
1529 1316 1719 1385 procul
1749 1317 1867 1371 haec
1897 1316 2041 1372 inter

458 1419 577 1458 sese
617 1405 821 1460 distare
875 1406 1304 1474 existimantur,
1368 1406 1575 1463 idcirco
1629 1407 2037 1477 inseparabilis,

456 1495 955 1568 disjunctionisquc
984 1513 1046 1552 ac
1078 1498 1241 1569 spatii
1268 1514 1466 1570 expers
1497 1507 1694 1555 natura
1721 1514 1919 1571 magno
1947 1516 2039 1556 ne-

458 1589 605 1656 gotio
651 1604 716 1643 ac
752 1588 1041 1643 diﬂiculter
1083 1591 1436 1663 conjungitur
1483 1606 1611 1647 cum
1660 1591 1729 1647 iis
1755 1606 1877 1662 qua:
1919 1592 2039 1647 loco

456 1678 684 1743 distant,
724 1681 981 1747 quoniam
1009 1681 1173 1736 etiam
1201 1697 1347 1737 nunc
1378 1697 1531 1738 mens
1565 1683 1728 1737 simul
1752 1691 1807 1739 et
1834 1683 2035 1738 caelum

456 1773 839 1841 contemplari,
881 1782 935 1829 et
963 1773 1031 1827 ad
1069 1775 1335 1832 terminos
1372 1776 1561 1830 mundi
1591 1775 1811 1832 curiosa
1852 1777 2037 1847 inqui-

456 1860 657 1916 sitione
685 1863 904 1917 extendi
952 1872 1170 1933 potest;
1210 1879 1276 1919 ac
1324 1880 1435 1920 non
1467 1866 1746 1922 divellitur
1788 1876 2035 1922 contem-

2141 679 2217 750 μὴ
2253 676 2733 749 συνδιασχιζομένη
2781 679 2846 748 τῇ
2890 677 2996 730 τῶν
3040 675 3317 746 στοιχείων
3364 674 3722 745 ὲναντιότητι.

2138 771 2211 824 Οὐ
2243 770 2351 841 γὰρ
2377 768 2560 841 ἐπειδὴ
2588 768 2726 822 κατὰ
2759 768 2855 839 τὴν
2891 766 3122 837 τοπικὴν
3162 765 3463 827 διάστασιν,
3503 765 3597 818 καὶ
3623 763 3728 836 τὴν

2139 860 2300 913 ποίαν
2340 859 2453 929 (28)
2489 859 2744 931 ἰδιότητα,
2792 857 3075 931 πόρρωθεν
3106 855 3349 928 ἀλλήλων
3395 855 3573 910 ταῦτα
3607 856 3727 927 (9.9)

2138 951 2437 1022 νομίζεται,
2461 951 2547 1005 διὰ
2581 949 2736 1004 τοῦτο
2771 950 2967 1021 κάμνει
3000 950 3032 1019 ἡ
3076 947 3394 1011 ἀδιάστατος
3420 946 3580 1017 φύσις
3608 948 3727 1011 τοῖς

2136 1040 2378 1105 τοπικῶς
2399 1041 2703 1112 διεστηκόσι
2729 1039 3133 1109 συναπτομένη,
3163 1038 3282 1091 ἐπεὶ
3307 1036 3400 1091 κα)⁵
3419 1036 3514 1091 νῦν
3546 1035 3727 1101 ἔξεστι

2137 1131 2202 1201 τῇ
2234 1129 2438 1200 διανοίᾳ
2470 1129 2604 1201 ὁμοῦ
2651 1147 2709 1184 τε
2737 1129 2828 1182 τὸν
2860 1128 3088 1200 οὐρανὸν
3117 1128 3363 1199 θεωρεῖν,
3399 1126 3494 1180 καὶ
3532 1126 3626 1178 ἐπὶ
3652 1125 3726 1177 τὰ

2138 1222 2353 1293 πέρατα
2376 1222 2468 1276 τοῦ
2505 1222 2710 1293 κόσμου
2739 1223 2858 1288 ταῖς
2891 1218 3443 1293 πολυπραγμοσύναις
3478 1216 3724 1271 ἐκτείνε-

2140 1312 2263 1367 σθαι
2287 1328 2302 1341 ⁸
2332 1314 2425 1367 κα)⁵
2451 1313 2511 1367 οὐ
2551 1313 2844 1367 διασπᾶται
2874 1312 3010 1384 πρὸς
3037 1309 3276 1364 τοσαῦτα
3316 1308 3464 1379 μήκη
3501 1308 3563 1362 τὺ
3584 1307 3727 1361 θεω-

2143 1406 2365 1476 ρητικὸν
2397 1406 2495 1475 τῆς
2526 1405 2704 1476 ψυχῆς
2739 1404 2894 1476 ἡμῶν
2921 1402 3333 1473 διατεινόμενον.
3353 1398 3564 1453 Οὐκοῦν
3591 1398 3722 1452 οὑδ-

2138 1498 2196 1551 ὲν
2224 1497 2477 1569 ἐμπόδιόν
2529 1499 2644 1551 ἐστι
2672 1500 2738 1569 τῇ
2764 1498 2907 1568 ψυχῇ
2940 1494 3081 1549 κατὰ
3108 1494 3169 1547 τὸ
3197 1489 3314 1547 ῐσον
3331 1495 3586 1565 παρεῖναι
3607 1492 3725 1555 τοῖς

2137 1589 2232 1644 τοῦ
2263 1589 2513 1661 σώματος
2545 1591 2847 1659 στοιχείοις,
2882 1588 2976 1642 καὶ
3017 1585 3484 1657 συγκεκραμένοις
3509 1583 3598 1637 διὰ
3618 1581 3725 1653 τῆς

2140 1680 2463 1752 συνδρομῆς,
2512 1680 2607 1734 καὶ
2634 1678 3022 1749 ἀπολυομένοις
3066 1676 3155 1730 διὰ
3199 1674 3310 1746 (50)
3348 1674 3447 1745 τῆς
3477 1670 3725 1742 ἀνακρά-

2139 1788 2296 1837 σεως.
2339 1771 2606 1843 Καθάπερ
2634 1773 2742 1843 γὰρ
2765 1769 2967 1842 χρυσοῦ
3002 1769 3096 1822 καὶ
3124 1765 3366 1838 ἀργύρου
3398 1761 3725 1833 συντετηκό-

2137 1881 2245 1918 των
2294 1864 2639 1935 ὲνοεωρεῖταί
2686 1880 2770 1927 τις
2804 1861 3027 1932 τεχνικὴ
3075 1860 3304 1930 δύναμις
3351 1858 3384 1928 ἡ
3434 1854 3534 1919 τὰς
3586 1853 3724 1916 ὔλας

456 1953 655 2021 plativa
700 1953 897 2009 animm
929 1964 1130 2011 nostra?
1155 1972 1303 2026 pars,
1333 1958 1464 2013 dum
1508 1958 1574 2013 ad
1610 1964 1792 2015 tantas
1821 1959 2033 2015 disten-

2141 1954 2476 2025 συντήξασα·
2512 1954 2607 2007 καὶ
2650 1953 2698 2005 εἰ
2741 1951 2903 2005 πάλιν
2950 1946 3251 2017 ἀποτακείη
3289 1943 3382 1999 τοῦ
3429 1943 3621 2013 ἑτέρου
3660 1939 3728 1992 τὸ

456 2042 607 2097 ditur
657 2043 1044 2116 longitudines.
1097 2044 1238 2119 Ergo
1290 2048 1424 2103 nihil
1486 2049 1715 2119 impedit
1766 2051 2031 2120 animam,

454 2132 588 2199 quin
621 2133 904 2202 mqualiter
949 2136 1199 2207 corporis
1234 2138 1377 2193 adsit
1426 2137 1731 2203 elementis,
1772 2147 1888 2194 tum
1934 2155 2034 2212 per

456 2236 781 2280 concursum
821 2228 1264 2297 contemperatis,
1299 2235 1416 2282 tum
1465 2243 1564 2298 per
1601 2228 2028 2298 diseussionem,

455 2311 863 2370 distractionem
876 2357 889 2380 ,
910 2324 1073 2388 atque
1089 2317 1509 2388 disjunctionem
1528 2321 1810 2377 resolutis.
1836 2322 2037 2388 Quem-

457 2402 749 2458 admodum
822 2406 969 2460 enim
1022 2421 1159 2462 auro
1209 2414 1265 2461 et
1332 2416 1558 2479 argento
1618 2410 2040 2480 colliquefactis,

457 2494 753 2551 artiﬁciosa
788 2498 869 2554 vis
895 2498 1141 2569 quaedam
1171 2499 1435 2565 cernitur,
1469 2516 1590 2570 quae
1626 2504 1888 2558 materias
1942 2519 2037 2560 eas

457 2588 804 2656 conﬂaverit;
841 2600 897 2647 et
919 2596 963 2647 si
998 2608 1191 2649 rursus
1216 2608 1311 2663 per
1342 2592 1783 2663 liquefactionem
1806 2596 2038 2652 alterum

454 2680 526 2737 ab
549 2681 723 2737 altero
753 2691 1069 2753 separatum
1097 2683 1287 2749 fuerit,
1321 2684 1683 2742 nihilominus
1739 2687 1879 2743 ratio
1905 2690 2040 2746 artis

456 2774 511 2827 in
546 2782 777 2844 utroque
807 2783 1024 2839 manet;
1056 2788 1120 2829 ac
1146 2776 1373 2830 materia
1390 2776 1607 2846 quidem
1642 2775 1819 2833 divisa
1848 2777 2034 2845 fuerit,

2137 2047 2344 2119 ἕτερον,
2367 2045 2519 2099 οὐδὲν
2540 2045 2759 2098 ἔλαττον
2786 2044 2815 2098 ό
2836 2044 2935 2114 τῆς
2975 2041 3171 2112 τέχνης
3191 2038 3349 2098 λόγος
3384 2036 3444 2088 ὲν
3473 2031 3726 2119 ἑκατέρῳ

2142 2118 2325 2211 μένει·
2358 2139 2453 2193 καὶ
2477 2140 2510 2209 ἠ
2547 2137 2644 2208 μὲν
2670 2135 2771 2207 ιλη
2800 2133 3139 2206 διεμερίσθη,
3200 2126 3237 2196 ἡ
3257 2122 3313 2178 δὲ
3337 2122 3497 2195 τέχνη
3520 2118 3582 2172 οὐ
3612 2135 3728 2177 aw-

2137 2230 2403 2301 διετμήθη
2427 2233 2493 2299 τῇ
2519 2228 2647 2301 ὕλῃ·
2680 2229 2797 2292 πῶς
2820 2225 2929 2297 γὰρ
2954 2224 3021 2279 ἂν
3044 2217 3343 2292 διαιρεθείη
3362 2217 3423 2270 τὸ
3446 2216 3720 2287 ἄτμητονς

2140 2322 2280 2377 κατὰ
2309 2322 2399 2377 τὸν
2427 2322 2585 2375 αὑτὸν
2612 2321 2767 2390 λόγον
2810 2318 2906 2372 καὶ
2932 2319 2963 2388 ἡ
3004 2314 3164 2386 νοερὰ
3185 2312 3282 2382 τῆς
3311 2308 3489 2381 ψυχῆς
3523 2305 3724 2376 φύσις,

2140 2414 2234 2469 καὶ
2266 2417 2335 2486 τῇ
2370 2414 2640 2484 συνδρομῇ
2667 2410 2772 2466 τῶν
2801 2407 3078 2480 στοιχείων
3105 2405 3467 2474 ὲνθεωρεῖται,
3495 2397 3593 2451 ιιια)⁵
3612 2396 3729 2449 δια-

2139 2505 2409 2559 λυθέντων
2441 2504 2554 2577 (51)
2581 2504 2683 2557 οὐκ
2712 2500 3090 2570 ἀποκρίνεται,
3124 2495 3262 2551 ἀλλὰ
3301 2492 3397 2546 καὶ
3438 2493 3497 2543 ὲν
3538 2486 3728 2548 αὑτοῖς

2144 2597 2301 2669 μένει
2338 2597 2431 2650 καὶ
2461 2597 2519 2649 ὲν
2540 2594 2618 2667 τῷ
2647 2591 2910 2666 χωρισμῴ
2932 2589 3111 2644 αὐτῶν
3141 2578 3726 2656 συμπαρεκτεινομένη

2140 2688 2202 2742 οὐ
2227 2688 2597 2749 διακόπτεται,
2632 2685 2752 2739 οὐδὲ
2786 2685 2922 2754 πρὸς
2943 2682 3034 2737 τὸν
3049 2679 3282 2753 ἀριθμὸν
3304 2676 3414 2729 τῶν
3439 2672 3727 2743 στοιχείων

2142 2780 2222 2844 είς
2280 2778 2481 2850 μερικὰ
2522 2776 2634 2847 (52)
2680 2777 2945 2848 τμήματα
3003 2767 3536 2842 κατακερματίζεται
3583 2762 3726 2834 (55).

453 2879 545 2920 ars
570 2873 752 2920 autem
803 2881 912 2921 una
940 2878 1065 2921 cum
1102 2867 1333 2922 materia
1365 2881 1474 2921 non
1516 2867 1865 2938 dissecatur;
1900 2885 2034 2940 quo-

2143 2869 2315 2923 Τοῦτο
2356 2870 2466 2941 γὰρ
2500 2870 2629 2923 ἴδιον
2654 2868 2753 2939 τῆς
2794 2867 3112 2938 σωματικῆς
3154 2863 3247 2917 καὶ
3288 2852 3729 2928 διαστηματικῆς

454 2967 582 3008 nam
610 2955 756 3009 enim
781 2956 944 3010 modo
982 2954 1148 3009 dividi
1181 2955 1381 3025 poterit
1421 2955 1764 3011 individuum
1789 2959 1816 3013 ἲ
1844 2960 2034 3014 eadem

2148 2961 2264 3013 ἐστι
2312 2960 2558 3029 φύσεως*
2593 2961 2626 3031 ἠ
2669 2960 2725 3013 δὲ
2759 2959 2921 3031 νοερά
2947 2975 3006 3011 τε
3057 2957 3152 3010 καὶ
3185 2954 3506 3013 ἁδιὰστατος
3559 2945 3730 3015 φύσις

455 3044 666 3098 ratione
698 3059 762 3100 ea
801 3059 923 3114 quae
979 3053 1162 3125 mente
1203 3052 1464 3109 constat,
1514 3054 1679 3116 atque
1716 3049 2034 3120 cogitatione

2148 3049 2217 3104 τὰ
2249 3051 2315 3104 ἐκ
2336 3051 2665 3117 διαστάσεως
2701 3052 2801 3105 οὐκ
2826 3049 3140 3121 ἀναδέχεται
3176 3045 3343 3116 πάθη.

458 3133 777 3204 percipitur,
803 3133 1000 3187 animae
1028 3139 1245 3198 natura,
1281 3141 1336 3187 et
1386 3134 1442 3187 in
1487 3148 1760 3193 concursu
1794 3138 2187 3195 elementorum
2235 3143 2499 3208 cernitur,
2547 3152 2601 3198 et
2664 3142 2919 3199 resolutis
2966 3143 3072 3208 iis,
3115 3155 3224 3195 non
3272 3135 3579 3193 secernitur
3621 3146 3731 3189 nec

453 3233 808 3295 segregatur;
849 3222 944 3278 sed
982 3232 1037 3278 et
1065 3231 1248 3278 manet
1282 3223 1336 3277 in
1378 3223 1466 3289 iis,
1503 3232 1557 3279 et
1595 3240 1704 3280 una
1738 3243 1861 3282 cum
1896 3231 2240 3300 separatione
2275 3249 2466 3288 eorum
2508 3241 2733 3290 extensa
2786 3250 2894 3289 non
2963 3232 3332 3296 interciditur,
3390 3243 3491 3284 nec
3551 3226 3730 3281 inter-

456 3317 744 3386 rumpitur,
789 3330 964 3386 neque
1015 3329 1115 3385 pro
1170 3330 1397 3371 nmnero
1433 3318 1825 3374 elementorum
1863 3320 1917 3375 in
1953 3332 2136 3391 partes
2202 3335 2257 3380 et
2316 3326 2487 3382 frusta
2519 3328 2826 3383 conciditur
2868 3347 2882 3384 :
2922 3328 2973 3382 id
3012 3327 3154 3382 enim
3195 3339 3471 3395 corporea:
3516 3323 3732 3394 pariter
3828 3388 3843 3405 .

450 3406 897 3462 etintervallaris
935 3413 1145 3460 natura:
1198 3408 1477 3477 proprium
1512 3414 1597 3463 est
1644 3427 1657 3462 :
1703 3416 1759 3462 at
1800 3409 2118 3481 incorporea
2158 3414 2649 3488 intellectualisque
2675 3427 2729 3473 et
2776 3416 3069 3473 invisibilis
3116 3418 3339 3486 pariter,
3374 3425 3539 3485 atque
3578 3413 3728 3469 divi-

454 3503 627 3558 sionis
674 3499 1143 3568 dimensionisque
1183 3515 1378 3571 expers
1418 3510 1613 3557 natura
1662 3504 1946 3573 passiones
1976 3514 2031 3560 et
2070 3523 2233 3564 casus
2257 3525 2320 3565 ex
2343 3510 2603 3567 distantia
2649 3520 2812 3584 atque
2861 3513 3148 3569 intervallo
3186 3511 3565 3583 contingentes
3606 3524 3723 3564 non

454 3596 671 3667 recipit,
704 3609 881 3665 neque
909 3594 1167 3651 admittit.

523 3713 668 3782 Ergo
693 3710 875 3765 anima
911 3718 997 3766 est
1028 3711 1084 3764 in
1117 3710 1185 3765 iis
1212 3710 1267 3764 in
1297 3710 1498 3779 quibus
1529 3713 1695 3766 semel
1725 3711 1846 3773 fuit,
1879 3712 2029 3767 nulla

2206 3713 2414 3767 Οὐκοῦν
2442 3714 2589 3768 ἐστιν
2630 3716 2688 3768 ὲν
2717 3714 2898 3778 αὐτοῖς
2927 3715 2961 3784 ἠ
2993 3714 3161 3784 ψυχὴ,
3197 3714 3255 3766 ἑν
3297 3709 3379 3776 οἷς
3409 3712 3556 3780 ἅπαξ
3595 3713 3723 3783 ἐγέ-

456 3803 782 3860 necessitate
826 3815 946 3855 eam
991 3817 1023 3854 ε
1047 3800 1402 3865 cohmrentia,
1431 3817 1537 3872 qua
1574 3817 1699 3857 cum
1752 3804 1861 3860 illis
1902 3819 2036 3860 con-

458 3897 643 3965 iuncta
685 3900 770 3947 est
810 3902 974 3961 atque
1016 3891 1317 3953 concrevit,
1354 3891 1641 3947 avellente.
1676 3890 1818 3959 Quid
1867 3893 2034 3963 igitur

459 3987 514 4040 in
550 3984 637 4040 bis
664 3984 842 4046 triste,
889 3981 1146 4037 acerbum
1181 3990 1345 4054 atque
1372 3983 1541 4036 animi
1580 3983 1912 4039 demissione
1947 3984 2035 4039 di-

456 4090 623 4146 gnum
649 4083 754 4138 est,
795 4076 841 4128 si
881 4074 934 4129 id
967 4072 1111 4143 quod
1150 4074 1387 4137 videtur,
1423 4089 1546 4129 cum
1585 4075 1844 4131 invisibili
1885 4090 2036 4131 com-

460 4167 741 4224 mutatur?
776 4165 839 4221 Et
866 4165 1027 4234 cujus
1072 4165 1147 4219 rei
1175 4165 1350 4237 gratia
1392 4165 1529 4219 adeo
1553 4181 1711 4221 mens
1750 4175 1842 4220 tua
1874 4166 2034 4220 morti

456 4259 670 4315 infensa
698 4255 804 4308 est?
824 4282 884 4291 --
903 4249 968 4306 (ἶ.
997 4253 1106 4324 Ego
1128 4267 1276 4319 vero,
1304 4252 1392 4307 ubi
1414 4252 1781 4310 deﬁnitionem
1815 4256 2031 4322 auium,

455 4366 617 4421 quam
666 4351 721 4404 in
767 4349 1037 4418 superiori
1079 4362 1333 4404 sermone
1377 4345 1600 4409 iecerat,
1636 4346 1822 4401 animo
1856 4347 2035 4403 revol~

454 4427 657 4495 visse‘m
681 4448 844 4509 atque
876 4438 1276 4507 repetivissem,
1301 4437 1411 4494 dixi
1441 4453 1546 4494 non
1581 4439 1719 4494 satis
1748 4437 1879 4492 mihi
1910 4453 2034 4492 con-

459 4530 725 4587 sideranti
753 4539 918 4599 atque
952 4529 1135 4582 animo
1160 4528 1433 4598 reputanti
1473 4531 1746 4598 potentias
1775 4538 1832 4585 et
1862 4529 2030 4594 vires,

450 4638 581 4694 quae
618 4624 673 4678 iu
703 4624 886 4679 anima
906 4630 1229 4687 cernuntur,
1269 4622 1416 4677 illam
1445 4624 1750 4679 orationem
1773 4639 1897 4682 esse
1932 4623 2031 4681 de-

452 4725 812 4772 monstratam
837 4734 851 4770 :
882 4729 1002 4786 quae
1026 4712 1157 4769 dicit
1180 4728 1299 4769 eam
1334 4713 1754 4770 intellectualem
1784 4730 1908 4771 esse
1936 4729 2033 4769 na-

452 4817 660 4875 turam,
692 4816 746 4863 et
773 4808 828 4862 in
860 4805 1315 4863 instrumentario
1340 4818 1572 4876 corpore
1593 4803 1815 4860 vitalem
1835 4807 1942 4859 vim
1963 4805 2029 4859 ad

456 4913 718 4955 sensuum
744 4896 1089 4953 etiicientiaru
1113 4905 1278 4968 atque
1299 4896 1662 4967 adiectionem
1691 4896 2028 4967 ingenerare.

455 4988 590 5044 Nam
624 5005 731 5045 non
775 4990 954 5046 solum
991 4989 1135 5046 circa
1176 5003 1296 5043 eam
1336 4988 1533 5044 mentis
1552 4996 1754 5044 nostra“:
1777 4988 2033 5058 agitatio-

457 5097 601 5145 nem,
643 5097 750 5156 qua
783 5081 1049 5137 scientias
1071 5080 1400 5152 percipimus
1431 5095 1497 5135 ac
1529 5080 1897 5149 speculamur,
1924 5079 2030 5134 clli-

454 5184 555 5225 cax
603 5182 657 5226 οι
705 5182 931 5228 actuosa
980 5172 1163 5226 anima
1215 5180 1402 5226 nostra
1452 5178 1554 5235 est,
1606 5184 1703 5238 per
1745 5185 1863 5226 eam
1912 5184 2033 5239 qua:

450 5267 636 5318 mente
664 5271 879 5319 constat
899 5272 954 5319 et
987 5262 1343 5333 intelligentia
1386 5276 1499 5316 suae
1526 5268 1731 5315 natura:
1756 5259 1865 5316 vim
1897 5260 2027 5314 talia

525 5455 640 5528 (2?)
669 5458 772 5511 Διὰ
799 5460 1084 5526 κράσεως.
1112 5462 1157 5513 A
1183 5457 1223 5512 Β
1240 5457 1306 5510 δι’
1330 5458 1706 5527 ἀνακράσεως.

523 5525 640 5596 (28)
664 5528 872 5596 Ποίαν.
899 5529 938 5581 Β
954 5525 1138 5584 Ποιάν.

527 5595 638 5666 (‘29)
669 5595 861 5666 Ταῦτα
886 5597 1039 5666 deest
1063 5597 1125 5653 Β.

523 5665 639 5735 (30)
663 5665 1134 5737 Α’ᾼποῖι-υομένοις
1165 5667 1282 5722 διά.
1314 5667 1355 5721 Β
1380 5667 1536 5723 ἀπολ.
1584 5666 1632 5722 δ.
1674 5665 1774 5736 τῆς
1811 5666 2029 5737 συνδρο-

458 5732 578 5806 tias
593 5732 686 5806 θέαι
716 5732 917 5806 ἀπολλν
926 5732 1112 5805 μένηςο

525 5801 639 5877 (1’31)
660 5801 1081 5877 ριωυθᾴὴςίοὴ.
1119 5806 1163 5857 Λ
1193 5805 1524 5877 ἱιιλιηειτκίηθ
1544 5849 1560 5877 ,
1598 5804 1987 5863 ἀναλωθέντων.

525 5870 643 5943 (32)
672 5870 914 5933 Μερικά.
934 5871 973 5922 Β
1001 5872 1138 5945 μέρη
1165 5871 1281 5925 καί.

2115 3819 2275 3868 ,νετο,
2306 3803 2562 3875 οὐδεμιᾶς
2609 3805 2852 3876 ἀνάγκης
2895 3808 2993 3875 τῆς
3040 3804 3176 3876 πρὸς
3220 3806 3403 3859 ἐκεῖνα
3436 3806 3724 3876 συμφυΐας

2135 3895 2303 3967 αὐτὴν
2331 3895 2684 3967 ἀποσπώσης.
2721 3896 2787 3949 Τί
2821 3890 2914 3950 οὖν
2946 3896 3008 3949 τὸ
3038 3895 3361 3968 σκυθρωπὸν
3401 3898 3461 3951 ἐν
3501 3897 3722 3964 τούτοις

2135 3985 2302 4048 ἐστὶν.
2333 3988 2382 4039 εί
2404 3986 2499 4041 τοῦ
2527 3988 2806 4059 ὁρωμένου
2838 3988 2897 4042 τὸ
2930 3987 3105 4053 ἀειδὲς
3130 3988 3593 4056 ἀνταλλάσσεται;
3621 3990 3722 4044 καὶ

2137 4075 2276 4145 ὑπὲρ
2306 4076 2451 4141 τίνος
2474 4075 2616 4131 οὕτω
2640 4077 2985 4148 διαϐέϐληταί
3015 4095 3097 4131 σοι
3134 4078 3268 4149 πρὸς
3295 4079 3387 4133 τὸν
3425 4078 3655 4134 θάνατον
3681 4082 3720 4152 ἡ

2134 4164 2510 4234 διάνοιας-Γ,
2533 4163 2675 4235 Ἐγὼ
2685 4163 2759 4229 δὲ,
2775 4161 3057 4218 ἀναλαϐὼν
3073 4165 3182 4238 (55)
3194 4167 3259 4237 τῇ
3274 4164 3481 4237 διανοίᾳ
3494 4165 3585 4221 τὸν
3601 4169 3723 4240 ὁρι-

2138 4256 2293 4326 σμδν,
2321 4254 2382 4308 ὃν
2414 4257 2473 4308 ὲν
2499 4257 2611 4319 τοῖς
2636 4255 2742 4325 πρὸ
2771 4255 2959 4310 τούτου
2988 4256 3169 4325 λόγοις
3209 4256 3335 4328 περὶ
3358 4257 3539 4328 ψυχῆς
3560 4259 3720 4312 ἑποι-

2134 4349 2323 4418 ήσατο,
2353 4348 2449 4417 οὐχ
2486 4346 2683 4411 ἱκανῶς
2723 4342 2876 4401 εἶπον
2907 4348 3229 4419 ἐνδεδεῖχθαι
3287 4365 3375 4418 μοι
3421 4349 3514 4402 τὸν
3559 4348 3721 4418 λόγον

2134 4441 2339 4491 ἐκεῖνον
2370 4438 2469 4502 τὰς
2500 4438 2943 4511 ἐνοεωρουμένας
2972 4441 3039 4511 τῇ
3072 4438 3218 4511 ψυχῇ
3266 4438 3525 4510 δυνάμεις
3559 4439 3672 4511 (55)
3699 4452 3718 4470 ·

2133 4529 2192 4593 ὅς
2224 4545 2356 4599 φησι
2382 4529 2574 4600 νοερὰν
2600 4531 2769 4602 αὐτὴν
2798 4524 2938 4584 εῖναι
2975 4530 3184 4595 οὐσίαν,
3210 4531 3305 4583 καὶ
3333 4529 3411 4602 τῷ
3440 4530 3723 4602 ὀργανικῷ

2137 4621 2348 4693 σώματι
2395 4621 2631 4694 ζωτικὴν
2672 4623 2899 4690 δύναμιν
2940 4622 3076 4692 πρὸς
3116 4622 3216 4692 τὴν
3253 4621 3361 4675 τῶν
3410 4621 3723 4693 αἰσθήσεων

2134 4711 2413 4783 ἐνέργειαν
2438 4713 2682 4780 ἐμποιεῖν
2706 4727 2719 4739 ·
2750 4711 2809 4762 οὐ
2833 4711 2942 4781 γὰρ
2966 4711 3125 4782 μόνον
3141 4711 3269 4781 περὶ
3292 4710 3390 4781 τὴν
3414 4713 3722 4781 ἐπιστημο-

2133 4803 2287 4874 νικήν
2300 4795 2365 4855 τε
2396 4805 2489 4855 καὶ
2517 4802 2854 4874 θεωρητικὴν
2874 4802 3112 4857 διάνοιαν
3142 4802 3364 4874 ἐνεργός
3388 4804 3534 4857 ἐστιν
3554 4803 3719 4874 ἡμῶν

2132 4895 2166 4963 ἠ
2196 4893 2363 4964 ψυχὴ,
2397 4895 2455 4945 ὲν
2483 4892 2560 4963 τῷ
2580 4893 2750 4964 νοερῷ
2779 4894 2878 4964 τῆς
2900 4894 3089 4957 οὐσίας
3120 4894 3180 4946 τὸ
3213 4894 3451 4948 τοιοῦτον
3489 4894 3722 4965 ἐργαζο-

2141 4982 2297 5053 μένη,
2327 4981 2447 5034 οὐδὲ
2475 4981 2542 5035 τὰ
2572 4982 2901 5053 αἰσθητήρια
2936 4985 3073 5053 μόνα
3102 4984 3238 5053 πρὸς
3264 4984 3365 5053 τὴν
3388 4984 3530 5037 κατὰ
3555 4985 3722 5054 φύσιν

2136 5074 2417 5144 ἐνέργειαν
2444 5074 2744 5145 οἰκονομεῖ⁹
2774 5073 2910 5129 ἀλλὰ
2941 5074 3109 5145 πολλὴ
3141 5074 3239 5146 μὲν
3272 5076 3305 5146 ἡ
3348 5075 3490 5129 κατὰ
3529 5077 3722 5130 ἐπιου-

2142 5163 2270 5234 μίαν
2297 5162 2432 5233 (56),
2467 5162 2634 5233 πολλὴ
2672 5164 2729 5217 δὲ
2780 5168 2873 5219 καὶ
2908 5166 2938 5235 ἡ
2982 5165 3124 5218 κατὰ
3175 5165 3343 5236 θυμὸν
3376 5166 3589 5237 κίνησις
3633 5171 3725 5222 ἑν-

2134 5254 2419 5326 θεωρείται
2448 5258 2513 5325 τῇ
2561 5256 2721 5325 φύσει
2746 5274 2760 5287 ’
2792 5259 3059 5329 ἑκατέρας
3089 5261 3203 5331 (57)
3235 5260 3292 5313 δὲ
3332 5259 3538 5314 τούτων
3571 5276 3722 5328 γενι-

2201 5456 2315 5530 (55)
2354 5455 2930 5530 Κατακερματίζεται.
2960 5456 3000 5510 Β
3035 5457 3484 5530 καταμερίζεται.

2200 5528 2310 5597 (54)
2357 5527 2505 5596 Ἐγὼ
2531 5527 2599 5579 δὲ
2635 5528 2973 5582 ἀναλαϐών.
3001 5527 3220 5582 Scholia
3246 5527 3299 5583 iu
3326 5532 3478 5585 calce
3499 5529 3718 5586 codicis

2126 5597 2172 5679 _A
2197 5597 2492 5679 explicant,
2542 5597 2839 5679 Γρηγόριος
2893 5598 3191 5679 ἐπίσκοπος
3223 5600 3297 5663 ὡς
3325 5601 3383 5653 ἐν
3417 5599 3717 5656 ἀντιθέσει.

2128 5666 2187 5721 In
2212 5666 2464 5740 Διιιξιιιεὶιιο
2483 5666 2756 5740 scribitur
2789 5667 3113 5740 Παραοέσει.

2336 5737 2649 5811 ᾼρνᾴμεις.
2670 5740 2713 5790 Α
2746 5736 2907 5811 addit
2926 5739 3284 5811 ἐννοουμένῳ.

2200 5807 2311 5882 (ᾗῇ)
2342 5808 2501 5882 (gaza
2522 5808 2861 5882 summitur.
2893 5808 3078 5882 Βνκατ’
3101 5807 3331 5882 ἐπιθυμ.

2200 5878 2312 5949 (57)
2349 5877 2684 5946 Ἐκατέρας.
2718 5878 2763 5931 Α
2797 5880 3079 5951 ἑκατέρου.
