3992 6428
252 325 309 381 ιο
1312 323 1396 380 DE
1434 324 1651 382 ANIMA
1693 325 1782 384 ET
1823 324 2429 383 BESURRECTIONE.
3433 327 3515 382 ω’

254 436 350 499 κῶς
398 435 528 505 ἡμῖν
576 434 993 507 ἐνυπαρχούσης
1044 437 1178 507 (38),
1224 441 1309 502 εις
1361 441 1562 504 πολλάς
1605 460 1666 496 τε
1726 444 1819 497 καὶ

1929 442 2190 511 efﬁciens,
2231 457 2410 513 neque
2445 442 2696 498 sensoria
2727 456 2856 497 vasa
2894 441 3365 511 instrumentaque
3386 441 3500 497 sola

254 524 483 587 ποικίλας
513 524 785 596 διαφορὰς
804 525 1018 598 ὁρῶμεν
1053 527 1345 597 προϊοῦσαν
1368 534 1488 593 ταῖς
1520 531 1822 604 ἐνεργείαις

251 615 555 688 ἀμφοτέρων
580 616 684 688 τὴν
706 617 936 685 κίνησιν.
952 617 1128 671 Πολλά
1143 620 1239 689 μὲν
1262 619 1371 691 γὰρ
1397 620 1542 675 ἔστιν
1565 623 1716 690 ἰδεῖν,
1746 617 1821 679 ὧν

253 706 306 760 si)
319 705 707 777 ἐπιθυμητικὸν
718 706 1055 778 καθηγεῖται⁹
1072 708 1241 763 πολλά
1255 726 1317 778 γε
1342 711 1452 780 (59)
1472 712 1694 768 πάλιν.ἆ
1717 715 1817 784 τῆς

254 797 551 869 θυμοειδοῦς
597 800 780 863 αἰτίας
826 798 1107 868 ὲκφύεται,
1144 802 1238 854 καὶ
1284 803 1434 858 οὐδὲν
1462 805 1621 858 τοῦτο
1661 805 1822 877 σῶμά

254 893 355 943 ἐστι
382 889 513 958 (40),
547 889 609 943 τὸ
649 890 704 943 δὲ
732 889 1022 961 ἀσώματον
1051 894 1232 965 νοερὸν
1274 895 1492 959 πάντως
1511 912 1523 925 ·
1558 897 1742 967 νοερὸν
1765 897 1821 952 δέ

253 997 297 1031 τι
325 979 430 1049 (Η)
459 978 557 1050 τὴν
588 979 768 1050 ψυχὴν
804 982 833 1033 ὁ
861 982 1086 1052 ὁρισμὸς
1117 985 1456 1055 ἀπεφήνατο,
1500 985 1642 1039 ὥστε
1677 987 1821 1041 δυοῖν

252 1070 453 1136 ἀτόποις
479 1072 541 1124 τὸ
565 1072 755 1143 ἕτερον
782 1075 846 1126 ἐκ
873 1075 969 1143 τῆς
1012 1075 1331 1141 ἀκολουθίας
1365 1076 1696 1133 ἀνακύπτειν
1725 1079 1819 1134 τοῦ

252 1161 469 1233 Myoqu
509 1163 605 1215 καὶ
642 1162 733 1215 τὸν
758 1164 926 1232 θυμὸν
968 1166 1061 1219 καὶ
1105 1169 1202 1237 τὴν
1238 1168 1533 1239 ἐπιθυμίαν
1565 1170 1730 1236 ἄλλας
1763 1172 1821 1224 ὲν

255 1254 371 1323 ἡμῖν
400 1248 534 1305 εἶναι
564 1253 766 1323 ψυχὰς,
801 1256 887 1309 καὶ
917 1256 1121 1325 πλῆθος
1159 1257 1348 1328 ψυχῶν
1374 1260 1495 1313 ἀντὶ
1526 1262 1658 1329 μιᾶς
1695 1261 1822 1315 καθ-

252 1341 480 1410 ορᾶσθαι,
517 1343 549 1414 ἢ
595 1344 730 1414 μηδὲ
776 1346 838 1398 τὸ
882 1346 1215 1418 διανοητικὺν
1265 1349 1323 1401 τὸ
1363 1351 1421 1403 ὲν
1471 1353 1600 1422 ἡμῖν
1642 1353 1819 1425 ψυχὴν

253 1432 463 1487 οἴεσθαι.
500 1435 575 1487 Τὸ
609 1436 716 1508 γὰρ
747 1437 931 1508 νοερὸν
977 1439 1175 1510 ἐπίσης
1215 1445 1380 1497 πᾶσιν
1442 1443 1819 1515 ὲφαρμοζόμε-

254 1523 406 1593 νον,ἢ
437 1527 650 1589 πάντας
672 1526 784 1598 (42)
813 1526 989 1598 ψυχὰς
1010 1529 1277 1595 ἀποδείξει
1310 1531 1501 1599 ταῦτα,
1526 1532 1557 1604 ἢ
1589 1534 1819 1588 ’ἑκαστον

253 1612 438 1665 τούτων
474 1616 539 1667 ἐκ
575 1614 672 1668 τοῦ
722 1615 837 1669 ἴσου
874 1617 970 1671 τοῦ
1011 1619 1122 1690 (45)
1175 1619 1462 1692 ἰδιώματος
1502 1624 1603 1694 τῆς
1642 1625 1819 1697 ψυχῆς

254 1704 532 1775 ἐξαιρήσει.
601 1710 609 1717 ”

1924 536 1990 591 ad
2024 537 2330 592 naturalem
2362 533 2737 597 efﬁcientiam,
2786 533 3268 605 operationemque
3297 533 3499 603 guber-

1924 636 2059 695 nat;
2114 627 2210 683 sed
2247 626 2450 680 multus
2480 625 2700 695 quidem
2741 622 3077 694 cupiditatis,
3120 623 3326 677 multus
3372 622 3505 677 item

1922 715 2222 771 iracundia:
2249 730 2471 786 quoque
2502 725 2685 770 motus
2729 712 2973 767 cernitur
3014 712 3068 766 in
3104 712 3226 780 ejus
3266 719 3498 780 natura;

1923 826 2044 865 cum
2078 819 2256 864 autem
2303 808 2499 862 horum
2551 815 2843 876 utrumque
2894 804 3223 875 generaliter
3253 802 3309 857 in
3342 802 3502 857 nobis

1923 899 2074 965 insit,
2109 899 2162 952 in
2194 899 2396 953 multas
2420 898 2628 969 pariter
2661 911 2726 953 ac
2760 894 2942 950 varias
2965 892 3305 951 differentias
3332 893 3504 946 actio-

1922 988 2109 1052 nibus,
2170 987 2593 1058 eflicientiisque
2646 988 2931 1043 amborum
2985 983 3245 1056 progredi
3295 993 3501 1039 motum

1921 1079 2191 1135 videmus.
2225 1078 2360 1132 Nam
2402 1079 2571 1132 multa
2611 1077 2830 1149 quidem
2864 1078 3050 1133 videre
3087 1078 3233 1139 licet,
3268 1091 3501 1146 quorum

1920 1172 2349 1244 concupiscendi
2394 1172 2477 1228 vis
2521 1180 2716 1228 auctor
2745 1186 2809 1226 ae
2839 1171 2947 1226 dux
2984 1179 3109 1239 est;
3151 1185 3343 1227 rursus
3375 1169 3501 1224 item

1921 1264 2092 1317 multa
2119 1278 2149 1317 a
2174 1278 2340 1320 causa
2362 1264 2458 1319 ira!
2480 1263 2839 1319 concitatrice
2857 1272 3186 1328 nascuntur,
3208 1278 3271 1317 ac
3290 1261 3501 1316 nullum

1922 1355 2116 1410 horum
2148 1370 2363 1426 corpus
2393 1364 2513 1421 est;
2560 1356 2705 1426 quod
2740 1362 2921 1410 autem
2974 1356 3360 1424 incorporeum
3395 1358 3501 1414 est,

1920 1447 2287 1503 intellectuale
2333 1463 2563 1518 prorsus
2605 1457 2710 1511 est,
2761 1447 2988 1518 solaque
3028 1455 3209 1503 mente
3250 1453 3502 1508 constat;

1921 1554 2087 1609 porro
2129 1536 2549 1595 intellectualem
2578 1540 2872 1611 quamdam
2908 1541 3134 1610 solaque
3164 1547 3343 1593 mente
3370 1552 3504 1591 con.

1921 1639 2158 1685 stantem
2218 1639 2273 1687 et
2322 1632 2873 1702 comprehensibilem
2927 1648 3040 1686 rem
3090 1646 3214 1686 esse
3265 1629 3502 1682 animam

1919 1720 2164 1777 deﬁnitio
2179 1722 2503 1790 declaravit,
2534 1730 2593 1778 ut
2621 1723 2855 1781 duorum
2881 1723 3245 1779 absurdorum
3270 1722 3502 1776 alterum

253 1809 311 1846 cx
347 1797 736 1866 consequentia
775 1799 1040 1855 orationis
1081 1803 1309 1858 exsistat
1357 1816 1518 1876 atque
1559 1817 1836 1878 emergat,
1890 1821 1983 1866 aut
2026 1821 2085 1867 ut
2135 1813 2423 1869 iracundia
2475 1830 2693 1885 quoque
2735 1823 2899 1884 atque
2936 1815 3206 1884 cupiditas
3257 1813 3378 1867 alia:
3447 1811 3503 1865 in

255 1891 395 1946 nobis
420 1894 616 1949 anima:
641 1896 775 1959 sint,
809 1904 864 1950 et
893 1910 992 1965 pro
1028 1911 1134 1949 una
1176 1897 1467 1953 multitudo
1540 1902 1846 1955 animarum
1888 1903 2329 1975 deprehendatur
2357 1914 2521 1977 atque
2546 1906 3033 1968 animadvertatur,
3062 1914 3248 1961 autne
3304 1904 3505 1961 mentis

256 1984 452 2051 quidem
479 1987 738 2056 agitatrix
770 1996 825 2043 ct
857 1988 1190 2060 intelligendi
1232 1991 1315 2046 vis
1345 1992 1399 2045 in
1423 1993 1603 2056 nobis,
1635 1995 1816 2050 anima
1850 2013 1972 2054 esse
1999 2007 2240 2069 putetur.
2277 1998 2411 2055 Nam
2443 2001 2811 2057 intellectuale
2878 2001 3105 2067 solaque
3138 2006 3318 2052 tuente
3375 2014 3507 2053 con-

255 2083 392 2129 stans
417 2083 469 2129 et
498 2079 996 2147 comprehensibilc
1017 2081 1301 2150 aequaliter
1316 2083 1573 2137 omnibus
1606 2087 2106 2156 accommodatum,
2140 2097 2237 2143 aut
2268 2090 2455 2145 omnia
2488 2091 2605 2146 haec
2667 2091 2884 2145 animas
2968 2104 3090 2143 esse
3158 2088 3261 2143 den
3285 2098 3507 2144 onstra-

255 2165 341 2227 hit,
372 2160 461 2220 aut
488 2170 922 2241 unumquodque
950 2172 1145 2226 horum
1177 2189 1243 2227 ex
1270 2188 1428 2242 aequo
1454 2173 1656 2229 eximet
1674 2185 1837 2246 atque
1872 2179 2107 2249 excipiet
2140 2196 2207 2235 ex
2234 2181 2337 2236 hac
2364 2181 2559 2238 anima:
2589 2179 2941 2254 prOprietate.

300 2257 743 2323 Μ.ἮδὲΠολλοίς
772 2260 954 2330 φησὶν,
981 2266 1112 2334 (ιι-4).
1162 2263 1262 2334 ιἤδη
1293 2270 1383 2319 καὲ
1422 2264 1601 2330 ἀλλοις
1624 2266 1821 2340 ἐζητη-

2004 2271 2071 2326 Μ.
2100 2264 2274 2341 Atque
2296 2271 2403 2333 illa,
2425 2270 2595 2339 Hanc,
2622 2272 2814 2343 inquit,
2851 2270 3110 2324 rationem
3125 2263 3234 2333 jam
3262 2280 3287 2315 a
3316 2261 3527 2316 multis-

257 2351 399 2417 μένον
433 2349 523 2403 τὸν
551 2350 713 2418 λόγον
742 2352 928 2405 τοῦτον
956 2352 1261 2418 ἀκολούθως
1294 2357 1387 2408 καί
1423 2357 1583 2420 αὐτὸς
1624 2358 1819 2430 ἐπιζη-

253 2441 352 2501 τεῖς
380 2438 513 2510 (45),
543 2441 598 2503 6,
627 2458 681 2494 τι
705 2442 815 2512 (46)
842 2443 970 2496 ποτὲ
998 2444 1103 2514 χρὴ
1127 2445 1301 2499 ταῦτα
1327 2446 1570 2516 νομίζειν
1594 2445 1733 2501 εἶναι
1760 2450 1821 2502 τὸ

253 2531 631 2603 ἐπιθυμητικὸν
655 2535 765 2606 (47)
807 2536 899 2588 καὶ
942 2536 1005 2589 τὸ
1042 2536 1342 2609 θυμοειδὲς,
1386 2542 1494 2594 εἴτε
1528 2559 1821 2595 συνουσιω-

258 2622 377 2691 μένα
400 2626 463 2695 τῇ
506 2624 682 2697 ψυχῇ,
727 2627 819 2681 καὶ
861 2628 1015 2699 παρά
1063 2629 1162 2700 τὴν
1204 2632 1376 2702 αὐτὴν
1410 2632 1523 2703 (48)
1560 2633 1720 2697 εὐθὺς
1750 2635 1819 2707 τῇ

254 2718 548 2787 κατασκευῇ
600 2720 1030 2790 συνυπάρχοντα.
1066 2722 1180 2775 εἴτε
1223 2739 1274 2775 τι
1322 2722 1450 2776 ἄλλο
1491 2725 1622 2794 παρ’
1652 2725 1820 2795 αὐτὴν

252 2801 367 2854 ὅντα
393 2805 483 2856 καὶ
515 2802 747 2876 ὕστερον
773 2807 902 2876 ἡμῖν
931 2807 1284 2879 ἐπιγινόμενα
1311 2808 1447 2880 (49).
1488 2812 1561 2863 Τὸ
1593 2814 1690 2881 μὲν
1712 2812 1821 2883 γὰρ

253 2890 525 2960 ἐνορᾶσθαι
549 2896 621 2964 τῇ
653 2893 799 2965 ψυχῇ
825 2896 1015 2959 ταῦτα,
1048 2897 1198 2969 παρὰ
1226 2898 1442 2952 πάντων
1468 2899 1663 2969 ἐπίσης
1688 2901 1820 2970 ὀμο-

255 2978 492 3049 λογεῑται·
517 2983 583 3037 τὸ
606 2985 662 3037 δὲ
685 2986 732 3051 6,
758 3003 809 3038 τι
835 2987 941 3059 χρὴ
966 2990 1095 3061 περὶ
1120 2990 1298 3043 αὐτῶν
1320 2992 1547 3055 οἴεσθαι,
1573 2991 1726 3046 οῦπω
1752 2994 1820 3046 δι’

253 3073 519 3143 ἀκριϐείας
551 3070 710 3146 εὗρεν
742 3079 771 3130 δ
802 3078 976 3147 λόγος.
1003 3079 1145 3133 ὥστε
1170 3081 1392 3152 βεϐαίαν
1420 3085 1518 3155 τὴν
1542 3087 1671 3157 περὶ
1701 3088 1824 3140 τού-

228 3173 349 3218 ’των
371 3166 637 3237 ὑπόληψιν
664 3167 750 3238 ἔχε
760 3186 826 3235 ιν,
853 3170 967 3223 ἀλλ’
990 3171 1070 3224 ἔτι
1098 3174 1545 3244 πεπλανημένως
1567 3178 1615 3229 οἰ
1639 3177 1824 3230 πολλοὶ

254 3258 337 3311 καὶ
360 3259 637 3330 διαφόροις
667 3264 789 3325 ταῖς
832 3264 959 3334 περὶ
989 3264 1193 3318 τούτων
1238 3266 1419 3330 δόξαις
1447 3268 1822 3332 ἐπιδιστάζω-

255 3366 350 3406 σιν.
380 3352 538 3422 Ἡμῖν
555 3354 613 3406 δὲ
631 3356 680 3408 εί
708 3355 806 3425 μὲν
836 3356 995 3427 ἱκανὴ
1018 3357 1156 3428 πρὸς
1179 3359 1452 3423 ἀπόδειξιν
1473 3360 1689 3430 ἀληθῶς
1712 3362 1822 3432 (50)

252 3437 313 3513 ἦν
338 3445 369 3514 ἡ
396 3444 499 3510 ἔξω
533 3445 845 3517 φιλοσοφία,
876 3450 909 3517 ἡ
938 3450 1202 3519 τεχνικῶς
1233 3452 1361 3522 περὶ
1391 3453 1598 3505 τούτων
1638 3454 1823 3508 διαλα-

253 3536 430 3603 ϐοῦσα,
469 3539 727 3611 περιττὸν
752 3539 818 3593 ἂν
862 3536 930 3612 ἧν
972 3543 1101 3605 ἴσως
1145 3543 1237 3595 τὸν
1276 3545 1403 3614 περὶ
1448 3544 1621 3615 ψυχῆς
1668 3545 1825 3615 λόγον

1923 2361 2087 2417 etiam
2143 2360 2268 2414 aliis
2320 2360 2629 2430 quaesitam,
2681 2362 3087 2426 consequenter
3126 2356 3243 2425 ipse
3288 2366 3510 2425 quoque

1922 2448 2282 2521 requisivisti,
2341 2450 2602 2522 quidnam
2651 2449 2868 2505 tandem
2924 2449 3040 2501 haec
3086 2460 3209 2501 esse
3255 2451 3511 2515 oporteat

1923 2543 2242 2598 existimare
2263 2583 2277 2605 ,
2307 2542 2367 2595 τὸ
2396 2541 2790 2612 ἐπιθυμητικόν
2811 2580 2827 2600 .
2871 2540 2921 2594 id
2953 2548 3035 2594 est
3054 2577 3070 2601 ,
3110 2538 3213 2591 vim
3259 2537 3510 2607 concupi—

1922 2635 2134 2699 scendi;
2172 2634 2231 2688 τὸ
2262 2634 2562 2705 θυμοειδές,
2591 2635 2642 2689 id
2679 2642 2783 2699 est,
2815 2633 2919 2688 vim
2946 2633 3040 2686 ira:
3066 2631 3454 2684 concitatricem
3489 2644 3509 2684 :

1924 2727 2161 2781 simuine
2189 2726 2352 2781 insita
2386 2726 2439 2779 in
2464 2726 2659 2779 animm
2692 2734 2889 2778 natura
2923 2733 2973 2777 et
3006 2721 3163 2792 quasi
3202 2719 3511 2775 coessentia

1924 2829 2087 2887 atque
2109 2817 2550 2880 consubstantia,
2580 2823 2633 2871 et
2663 2817 2732 2869 ab
2761 2815 2917 2869 initio
2940 2829 3064 2867 cum
3091 2828 3153 2867 ea
3178 2813 3310 2876 sint,
3347 2820 3512 2880 atque

1925 2924 1953 2962 a
1989 2910 2257 2978 principio
2298 2910 2485 2964 statim
2527 2923 2635 2963 una
2669 2922 2794 2963 cum
2845 2906 3126 2961 creatione
3157 2914 3209 2960 et
3240 2904 3511 2957 constitu-

1924 3000 2074 3055 tione
2103 2999 2223 3071 cjus
2256 3001 2590 3063 exstiterint,
2624 3014 2692 3054 an
2722 2999 2886 3053 etiam
2919 2986 3125 3066 aliquid
3158 2996 3303 3049 aliud
3347 3006 3513 3065 atque

1925 3092 2040 3161 ipsa
2065 3093 2195 3153 sint,
2229 3102 2284 3146 et
2319 3092 2597 3161 posterius
2623 3091 2782 3146 nobis
2807 3089 3185 3145 accesserint?
3210 3086 3342 3140 Nam
3364 3085 3511 3156 quod

1924 3184 2040 3238 haec
2070 3183 2289 3253 quidem
2325 3184 2377 3237 in
2414 3183 2598 3238 anima
2654 3187 2975 3247 cernantur,
3009 3195 3073 3235 ex
3109 3193 3265 3249 aequo
3296 3183 3514 3233 consmt

1926 3273 2069 3328 inter
2110 3288 2341 3342 omnes;
2391 3273 2524 3344 quid
2554 3282 2735 3327 autem
2772 3272 2839 3327 de
2881 3273 2961 3327 eis
3002 3271 3321 3327 existimare
3348 3283 3513 3339 opor-

1927 3368 2056 3425 teat,
2110 3364 2353 3417 nondum
2386 3363 2548 3432 plene
2586 3370 2750 3431 atque
2796 3361 3038 3430 perfecte
3082 3361 3221 3414 ratio
3259 3366 3513 3414 assecuta

1925 3460 2031 3518 est,
2065 3461 2123 3505 ut
2147 3451 2358 3504 ﬁrmam
2392 3452 2460 3507 de
2483 3452 2568 3505 his
2600 3451 2797 3504 habeat
2821 3450 3158 3520 opinionem,
3191 3447 3286 3503 sed
3317 3449 3513 3518 vulgus

1924 3540 2091 3593 etiam
2121 3555 2265 3596 nune
2293 3542 2466 3611 vagis,
2497 3540 2762 3611 falsisque
2801 3556 2867 3594 ac
2891 3540 3126 3594 diversis
3159 3539 3513 3610 opinionibus

253 3632 553 3700 προτιθέναι
595 3632 706 3701 (Si)
739 3631 818 3703 τῷ
850 3611 1148 3703 σκέμματι.
1186 3611 1480 3707 Ἐπεὶ-(52)
1583 3611 1695 3700 τοῖς
1725 3611 1822 3708 μὲν

1930 3630 1999 3686 de
2053 3630 2140 3686 his
2195 3632 2443 3701 ambigit.
2474 3631 2644 3686 Nohis
2694 3646 2844 3696 vero,
2904 3629 3177 3699 siquidem
3230 3627 3514 3684 sufﬁciens

253 3723 382 3776 κατά
412 3724 472 3777 τὸ
509 3725 680 3793 φανὲν
724 3724 1012 3777 ἀκόλουθον
1042 3724 1162 3778 κατ’
1196 3725 1445 3791 ἐξουσίαν
1491 3728 1760 3798 προῆλθεν
1788 3730 1821 3802 ή

254 3817 372 3886 περὶ
395 3817 579 3887 ψυχῆς
606 3817 807 3889 θεωρία
825 3835 839 3849 ·
863 3819 1024 3888 ἡμεῖς
1052 3818 1107 3871 δὲ
1127 3818 1226 3887 τῆς
1253 3818 1365 3889 (55)
1394 3817 1641 3884 ἐξουσίας
1664 3819 1825 3889 ἄμοι-

254 3924 327 3976 ροι
362 3908 567 3979 ταύτης
598 3909 782 3979 ἐσμὲν,
821 3908 922 3978 τῆς
967 3908 1146 3978 λέγειν
1177 3908 1289 3980 (54)
1335 3910 1479 3981 φημὶ
1521 3909 1665 3982 ἀπερ
1703 3910 1827 3981 βου-

251 3995 461 4068 λόμεθα,
494 3999 684 4053 κανόνι
724 3999 923 4064 παντὸς
967 4001 1232 4071 δόγματος
1263 4002 1375 4070 (55)
1410 4003 1501 4056 καὶ
1538 4003 1688 4074 νόμῳ
1731 4021 1824 4057 κε-

251 4093 504 4161 χρημένοι
560 4095 625 4164 τῇ
681 4092 813 4163 ἁγίᾳ
863 4093 1055 4164 Γραφῇ
1110 4093 1256 4163 (56)'
1313 4093 1625 4163 ἀναγκαίως
1685 4095 1823 4165 πρὸς

250 4180 441 4253 ταύτην
468 4182 776 4252 βλέποντες,
804 4181 962 4235 τοῦτο
982 4180 1248 4251 δεχόμεθα
1270 4181 1449 4251 μόνον,
1471 4181 1517 4246 6,
1542 4198 1596 4234 τι
1622 4199 1728 4253 περ
1756 4181 1822 4236 ἂν

251 4265 281 4341 ᾗ
305 4271 622 4341 συμφωνοῦν
654 4271 765 4341 (57)
794 4271 870 4342 τῷ
893 4272 1002 4325 τῶν
1020 4270 1419 4341 γεγραμμένων
1446 4272 1653 4341 σκοπῷ.
1682 4273 1822 4325 Οὐκ-

250 4360 336 4414 οῦν
379 4361 645 4431 παρέντες
687 4362 750 4414 τδ
801 4361 1146 4415 Πλατωνικὸν
1187 4360 1341 4432 ἅρμα
1400 4360 1536 4429 (58),
1583 4360 1679 4414 καὶ
1724 4360 1825 4430 τὴν

251 4452 657 4523 ύπεζευγμένην
679 4451 826 4523 αύτῷ
853 4450 1120 4524 ξυνωρίδα
1140 4452 1248 4505 τῶν
1268 4451 1483 4509 πώλων.
1506 4452 1605 4522 οὐχ
1626 4451 1826 4521 ὁμοίως

251 4544 364 4604 ταῖς
392 4544 588 4613 ὁρμαῖς
632 4542 770 4613 πρὸς
806 4541 1070 4612 ἀλλήλους
1113 4541 1367 4611 ἐχόντων,
1409 4542 1504 4594 καὶ
1547 4540 1638 4595 τὸν
1685 4540 1826 4610 ὑπὲρ

250 4632 446 4688 τούτων
491 4633 724 4705 ἡνίοχον,
775 4633 842 4687 δι’
878 4628 954 4688 ὦν
998 4633 1253 4688 ἁπάντων
1295 4634 1367 4687 τὰ
1414 4633 1640 4688 τοιαῦτα
1696 4636 1827 4705 περὶ

318 4789 427 4861 (58)
471 4790 984 4859 Ἐ’νυπαρχούσης.
1008 4791 1049 4845 Α
1084 4788 1122 4844 Β
1156 4789 1572 4861 ἐνυπάρχοντος.

341 4859 429 4930 59)
462 4862 671 4914 naua
692 4878 776 4930 γε.
806 4861 844 4930 Α
886 4861 929 4914 u
953 4862 1122 4915 πολλά
1148 4861 1223 4915 δέ.

341 4928 429 5002 λίθ)
463 4932 642 5002 Τοῦτο
663 4928 837 5002 αὖ)μὰ
860 4930 1008 4987 ἐστι.
1046 4931 1087 4985 Β
1119 4932 1324 4987 τούτων
1355 4928 1515 5002 σῶμά
1541 4932 1676 4985 ἐστι.

320 5000 430 5073 ut.)
460 5000 627 5073 me.
660 5000 703 5054 Β
726 5000 783 5073 δέ
808 5017 860 5073 ει
889 5002 1099 5073 χρῆμα.
1441 5000 1451 5002 '
1704 5002 1713 5009 ’

318 5068 430 5141 (42)
458 5071 711 5137 Πάντας.
739 5071 780 5123 Α
807 5070 849 5123 Β
890 5068 1083 5126 πάντα.

322 5138 436 5211 (45⁷)
478 5142 640 5196 Ἵσου
660 5142 786 5195 τοῦ.
821 5143 861 5193 Λ
891 5143 929 5194 Β
956 5143 1073 5196 ἴσου
1107 5144 1315 5198 τούτου.

470 5211 926 5293 Ἠρὲ-εξολλοζς.
962 5212 1017 5293 In
1046 5213 1196 5293 calce
1218 5213 1501 5293 cimicis}
1528 5213 1632 5268 hoc
1655 5211 1827 5268 hach

255 5279 516 5355 Scholion,
534 5281 597 5333 Ἢ
626 5282 949 5355 διδάσκαλοςΔ
971 5282 1183 5355 ἀπαντᾷ
1210 5286 1277 5355 τῇ
1308 5282 1597 5349 ἀντιθέσει,
1630 5300 1830 5353 γραφι-

253 5348 368 5423 κῶς-
384 5352 451 5423 τὸ
477 5354 679 5423 ἄπορον
713 5351 1109 5423 θεραπεύουσα.

468 5420 811 5495 Ἐπιξηζεῖςί.
838 5423 880 5476 Α
901 5423 941 5476 Β
962 5424 1314 5495 ὲπεξήτησας.

346 5491 433 5551 46)
464 5493 556 5551 '0.
577 5509 649 5547 τι.
677 5490 719 5545 Β
743 5494 844 5546 ὅτι.

468 5562 947 5635 Ἐπιρυμητικόν.
969 5562 1012 5617 Α
1039 5563 1081 5617 Β
1110 5562 1509 5635 ἐπιθυμητικόν
1540 5582 1620 5619 τε.

346 5632 434 5707 ﬁ)
457 5631 623 5707 ραρὰ
644 5631 761 5707 τὴν
779 5634 989 5707 αὑτήῖ.
1004 5637 1069 5707 (Α
1106 5633 1146 5687 Β
1172 5631 1323 5707 παρὰ
1343 5631 1444 5705 τὴν
1478 5635 1719 5706 πρώτην.

465 5704 895 5774 ἐπιγζνόμειςω
923 5704 963 5757 Β
997 5701 1377 5774 ἐπιγενόμενα.

323 5771 433 5845 (50)
472 5771 668 5843 ἰκανὴ
721 5771 870 5841 πρὸς
890 5774 1062 5830 ama.
1104 5771 1369 5845 ἀληθῶς.
1395 5774 1454 5829 u.
1498 5775 1629 5847 πρὸς
1668 5771 1821 5828 ἀπόδ.

322 5491 343 5767 ἒ

413 5634 434 5845 ξ

1932 3731 2077 3779 esset
2108 3723 2173 3778 ad
2223 3723 2745 3779 demonstrationem
2783 3721 3030 3777 veritatis
3075 3729 3299 3776 externa
3336 3720 3514 3791 philo-

1933 3816 2148 3887 SOphia,
2173 3833 2294 3888 qua:
2322 3817 2391 3872 de
2420 3817 2508 3872 bis
2539 3818 2705 3872 rebus
2735 3816 3035 3884 artiﬁciose
3069 3814 3392 3884 disputavit,
3430 3823 3512 3868 at-

1932 3924 2039 3979 que
2070 3911 2344 3971 tractavit,
2375 3922 2842 3979 supervacaneum
2866 3906 3098 3963 forsitan
3122 3913 3269 3962 esset
3294 3904 3512 3959 illorum

1930 3998 2383 4055 commentationi
2420 3997 2488 4054 de
2527 3999 2709 4052 anima
2756 3998 2998 4068 adjicere
3043 4009 3374 4052 sermonem.
3405 3992 3515 4049 Sed

1928 4090 2186 4159 quoniam
2232 4090 2301 4144 ab
2337 4090 2446 4145 illis
2476 4090 2697 4159 quidem
2724 4096 2889 4160 prout
2916 4102 3263 4157 consequens
3289 4093 3345 4140 et
3382 4098 3516 4139 con-

1930 4186 2252 4234 sentaneum
2286 4180 2463 4235 visum
2498 4189 2669 4243 esset,
2714 4194 2778 4233 ex
2808 4178 3028 4231 licentia
3075 4184 3240 4246 atque
3270 4174 3337 4229 ad
3369 4174 3517 4228 arbi-

1929 4270 2098 4323 trium
2134 4269 2349 4340 prodita
2385 4278 2471 4325 est
2503 4269 2570 4324 de
2601 4269 2784 4322 anima
2819 4268 3245 4327 commentatio;
3287 4279 3388 4319 nos
3419 4280 3516 4319 au—

1932 4368 2040 4415 tem
2065 4359 2229 4427 hujus
2249 4359 2481 4414 licentiae
2501 4364 2753 4427 expertes
2769 4371 2984 4415 sumus.
3002 4355 3241 4421 dicendi,
3266 4355 3513 4425 inquam,

1933 4465 2055 4520 quae
2086 4450 2378 4515 volumus;
2414 4449 2617 4520 quippe
2649 4449 2744 4519 qui
2801 4446 2984 4520 regula
3040 4462 3270 4516 prorsus
3317 4446 3517 4500 divina:

1933 4542 2201 4598 doctrina:
2221 4550 2274 4596 et
2299 4558 2398 4612 pro
2422 4542 2540 4612 lege
2564 4541 2771 4599 utimur
2793 4547 2985 4595 sancta
3010 4538 3318 4609 Scriptura,
3353 4546 3517 4607 atque

1935 4636 2002 4690 ad
2038 4635 2179 4689 hanc
2226 4634 2543 4691 necessario
2572 4631 2920 4704 respicimus,
2969 4637 3072 4687 hoc
3105 4633 3281 4686 solum
3315 4629 3516 4700 recipi-

1931 4790 2188 4861 ἀληθείας
2219 4790 2399 4861 ἱκανή.
2424 4788 2466 4842 Α
2496 4787 2749 4861 ἀληθείας
2787 4804 2885 4861 pro
2914 4788 3152 4860 ἀληθῶς.

2003 4858 2116 4930 (Si)
2151 4858 2516 4931 Προτιθξναι.
2628 4858 2983 4931 περιτιθέναι.

2002 4928 2117 4997 (52⁷)
2160 4930 2339 4983 Ἐπεί.
2382 4929 2423 4981 Β
2456 4928 2666 4998 ἐπειδὴ.

2002 5001 2118 5069 (55)
2166 4999 2355 5069 Ἡμεῖς
2378 4999 2446 5052 δὲ
2470 4999 2601 5065 τῆς,
2628 5007 2758 5058 etc..
2785 4998 2899 5053 hae‘c
2925 4998 3086 5069 verba
3114 4997 3167 5053 in
3191 4997 3342 5069 calce
3361 4997 3513 5069 codi-

1930 5067 2016 5125 cis
2046 5067 2198 5126 A'ita
2222 5067 2743 5130 _illustratitttr,"0u
2770 5070 2911 5123 κατά
2942 5068 3033 5122 τὴν
3064 5069 3165 5134 τῆς
3197 5067 3343 5130 θείας
3374 5067 3510 5137 Γρα-

1932 5142 2038 5211 φῆς
2074 5141 2274 5194 σκοπὸν
2316 5142 2348 5210 ἡ
2381 5141 2501 5210 περὶ
2533 5139 2712 5210 ψυχῆς
2744 5138 3060 5195 διδασκαλία
3103 5137 3181 5207 τῷ
3212 5140 3517 5207 συγγραφεῖ

1935 5211 2329 5283 μεμελήτηται·

2008 5277 2141 5351 (54)
2162 5277 2274 5348 Τῖῆς
2305 5280 2525 5350 λέγειν.
2557 5278 2600 5351 Β
2631 5277 2848 5351 τῆςᾲτοῦ
2881 5277 3079 5347 λέγειν.

2003 5348 2119 5419 (55)
2144 5348 2461 5419 Δόγματος.
2484 5352 2529 5402 Α
2562 5348 2707 5401 θείου
2732 5348 3019 5418 δόγματος.

1934 5418 2413 5560 Γο253.Κεχρημ.
2466 5419 2540 5487 τῇ
2579 5418 2720 5489 ἁγίᾳ
2763 5421 2871 5486 Γρ.
2902 5420 2945 5472 Β
2990 5422 3056 5493 τῇ
3093 5419 3226 5493 ἁγίᾳ
3276 5436 3511 5493 κεχρημ.

1980 5508 2116 5563 ραφῖ]
2132 5531 2145 5545 ο

2006 5563 2122 5631 (57)
2153 5561 2541 5631 Συμφωνοῦν.
2574 5561 2615 5631 Β
2638 5561 2947 5631 σύμφωνον.

2007 5627 2120 5700 (58)
2150 5627 2535 5687 Πλατωνικὸν
2566 5627 2773 5700 ἅρμα.
2801 5629 2855 5683 In
2891 5629 3042 5685 calce
3081 5627 3294 5685 codicis
3334 5629 3379 5683 Α
3412 5628 3517 5685 hoc

1933 5699 2133 5772 legitur
2162 5703 2430 5772 Scholion,
2464 5699 2717 5772 Διάλογον
2745 5704 2773 5754 δ
2804 5701 3029 5772 Πλάτων
3055 5702 3354 5772 ἐποιήσατο
3389 5702 3518 5772 περὶ

1933 5762 2132 5845 ψυχῆς,
2156 5774 2212 5827 ὃν
2238 5767 2506 5826 Ἰνιιίδωνα
2524 5762 2854 5843 ἐπέχοαψεν.
2877 5774 2933 5826 ἐν
2957 5762 2999 5837 ᾧ
3020 5771 3078 5823 τὸ
3108 5762 3514 5842 μὲνθυμοῖιδὲς
