3992 6450
433 375 496 434 ιςι
1649 377 1712 436 S.
1748 376 2078 434 GREGORII
2117 374 2412 432 NYSSENI
3625 374 3698 432 52

430 504 557 547 mus
583 493 641 546 ct
667 489 1060 561 approbamus,
1111 489 1482 563 quodcunque
1531 507 1655 548 cum
1708 493 2006 564 Scriptura!

2111 490 2284 563 ψυχῆς
2322 490 2600 561 φιλοσοφεῖ
2632 488 2698 542 δι’
2738 487 3058 559 αἰνίγματος
3080 502 3094 518 ·
3130 487 3228 541 ὅσα
3265 486 3312 541 θ’
3347 489 3376 541 6
3419 486 3537 556 (59)
3575 487 3696 559 μετ’

427 581 747 636 convenerit
771 589 828 636 et
847 579 1264 636 concordaverit
1295 581 1617 638 intentione.
1649 581 1817 652 Igitur
1838 585 2005 640 omis-

430 685 489 727 so
526 671 770 727 Platonis
814 687 1003 736 curru,
1050 671 1211 742 eique
1255 673 1568 742 subiunctis
1611 674 1814 745 bijngis
1843 676 2004 746 pullis

424 777 715 833 equorum,
754 777 864 817 non
898 763 1088 819 eadem
1122 764 1265 819 inter
1298 779 1359 820 se
1392 763 1681 821 aﬂ‘ectione
1717 774 1773 822 et
1799 767 2003 836 impetu

423 852 694 920 praeditis,
746 852 928 924 iisque
960 853 1218 924 praefecto
1250 855 1460 925 auriga,
1510 857 1715 926 quibus
1749 856 2006 910 omnibus

424 944 516 1001 ille
543 959 644 1025 per
673 945 907 1016 aenigma
949 953 1113 1016 atque
1163 947 1510 1003 involucrum
1556 948 1686 1002 talia
1720 947 1788 1002 de
1821 947 2005 1001 anima

424 1035 844 1106 philosophatur
870 1037 974 1108 (a);
1027 1038 1248 1094 omissis
1295 1038 1424 1094 item
1464 1035 1554 1102 iis,
1605 1038 1919 1110 quaetradit
1959 1037 2006 1093 is

425 1129 520 1199 qui
552 1137 678 1198 post
715 1145 840 1184 eum
889 1129 1251 1203 phiIOSOphus
1281 1130 1404 1196 fuit,
1435 1132 1529 1202 qui
1564 1147 1652 1188 res
1682 1133 2006 1203 apparentes

427 1217 723 1276 artiﬁciose
759 1221 1125 1291 persequitur,
1153 1236 1326 1293 eaque
1357 1237 1479 1293 qua:
1517 1237 1664 1277 nunc
1687 1223 1850 1278 nobis
1876 1237 2006 1294 pro-

425 1313 605 1382 posita
643 1321 772 1368 sunt
803 1313 1094 1384 diligenter
1113 1315 1438 1370 examinans
1469 1329 1534 1369 ac
1563 1322 1829 1380 tractans,
1863 1328 2008 1368 mor-

425 1404 588 1458 talem
624 1420 721 1474 per
743 1405 858 1460 hare
886 1406 1127 1460 animam
1159 1421 1285 1462 esse
1317 1407 1534 1464 censuit
1565 1416 1729 1479 atque
1763 1423 2006 1480 pronun-

425 1495 608 1560 tiavit;
642 1495 848 1552 relictis
874 1495 1003 1550 item
1035 1495 1298 1552 omnibus
1332 1497 1402 1552 iis
1435 1497 1528 1568 qni
1553 1505 1609 1554 et
1640 1507 1786 1564 ante,
1800 1504 1854 1553 et
1884 1507 2010 1568 post

427 1587 528 1643 bos
559 1585 804 1654 fuerant,
851 1587 944 1658 qui
989 1587 1075 1644 vel
1106 1601 1270 1658 prosa
1317 1587 1627 1659 solutaque,
1656 1587 1742 1644 vel
1777 1601 2008 1644 numero

425 1677 660 1748 quodam
693 1693 758 1733 ac
788 1692 1050 1733 mensura
1079 1677 1309 1734 astricta
1350 1679 1596 1734 oratione
1637 1694 1726 1735 res
1767 1677 2010 1749 philoso-

427 1769 614 1837 phicas
649 1769 1022 1835 tradiderunt,
1051 1769 1316 1826 divinitus
1343 1769 1616 1840 proditam
1639 1755 2006 1842 scripturam,

2106 584 2311 635 ἐκεῖνον
2341 581 2626 651 φιλόσοφος
2657 582 2686 634 6
2728 578 2994 650 τεχνικῶς
3038 578 3148 650 (60)
3177 582 3291 643 τοῖς
3338 579 3694 649 φαινομένοις

2104 670 2432 733 ἀκολουθῶν,
2465 669 2561 723 καὶ
2607 669 2676 723 τά
2706 667 2800 723 νῦν
2845 669 2976 739 ἡμῖν
3022 667 3356 740 προκείμενα
3401 666 3470 721 δι’
3501 669 3695 738 ἐπιμε-

2069 763 2076 767 ’
2105 763 2253 827 λείας
2281 759 2676 829 κατεξετάζων,
2719 759 2919 831 θνητὴν
2947 755 3086 813 εἶναι
3112 759 3201 813 διὰ
3231 761 3438 813 τούτων
3465 759 3565 831 τὴν
3593 759 3694 830 ψυ-

2105 854 2207 926 χὴν
2233 855 2569 926 ἀπεφήνατο,
2595 853 2689 908 καὶ
2721 852 2930 916 πάντας
2963 851 3091 914 τούς
3124 869 3184 905 τε
3213 851 3318 925 πρὸ
3344 851 3571 913 τούτων,
3599 852 3694 906 καὶ

2105 947 2232 1010 τοὺς
2291 945 2511 1015 ἑφεξῆς,
2565 944 2690 1008 τούς
2750 961 2807 997 τε
2863 941 3238 1014 καταλογάδην
3293 943 3388 998 καὶ
3448 945 3577 1008 τοὺς
3634 945 3695 996 ὲν

2107 1036 2300 1108 ῥυθμῷ
2339 1037 2451 1107 (61)
2477 1053 2584 1092 τινι
2615 1037 2710 1090 καὶ
2743 1035 2925 1106 μέτρῳ
2963 1033 3430 1106 φιλοσοφήσαντας
3462 1034 3694 1090 καταλι-

2107 1129 2322 1193 πόντες,
2368 1127 2568 1182 σκοπὸν
2593 1126 2686 1181 τοῦ
2737 1125 2898 1194 λόγου
2927 1112 3026 1198 τὴν
3071 1126 3428 1180 θεόπνευστον
3469 1127 3696 1200 Γραφὴν

2107 1218 2461 1291 ποιησώμεθα
2490 1218 2624 1291 (62),
2659 1219 2693 1291 η
2722 1220 2902 1291 ψυχῆς
2943 1217 3222 1289 ἐξαίρετον
3254 1218 3420 1290 μηδὲν
3449 1220 3695 1291 νομίζειν

2107 1309 2248 1368 εἶναι
2291 1311 2642 1382 νομοθετεῖ,δ
2684 1311 2759 1382 μὴ
2807 1311 2900 1365 κα)⁵
2942 1310 3042 1381 τῆς
3083 1309 3235 1373 Θείας
3282 1308 3498 1379 φύσεώς
3544 1313 3695 1365 ἐστιν

2108 1404 2260 1458 ῐδιον.
2299 1401 2358 1456 '0
2403 1391 2514 1472 γὰρ
2564 1401 2816 1473 ὁμοίωμα
2848 1399 2985 1455 Θεοῦ
3038 1399 3138 1470 τὴν
3168 1399 3347 1472 ψυχὴν
3390 1395 3533 1453 εἴναι
3588 1401 3696 1472 φή-

2110 1509 2210 1557 σας
2245 1493 2380 1562 (65),
2403 1493 2511 1546 πᾶν
2537 1491 2566 1545 6
2596 1490 2874 1564 ἀλλότριόν
2900 1493 3016 1545 ἐστι
3047 1489 3208 1552 Θεοῦ,
3239 1489 3397 1554 ἐκτὸς
3427 1487 3566 1545 εἶναι
3599 1491 3695 1545 τοῦ

2107 1585 2232 1656 ὅρου
2256 1583 2358 1654 τῆς
2392 1583 2570 1654 ψυχῆς
2601 1583 2936 1655 ἀπεφήνατο.
2975 1581 3109 1636 Οὐδὲ
3137 1582 3246 1656 γὰρ
3277 1582 3389 1653 (61)
3418 1581 3484 1638 ἂν
3505 1584 3564 1636 ἐν
3583 1585 3696 1648 τοῖς

2109 1675 2589 1750 παρηλλαγμένοις
2618 1673 2907 1746 διασωθείη
2936 1673 2999 1728 τὸ
3023 1673 3226 1743 ὅμοιον.
3259 1673 3471 1728 Οὐκοῦν
3505 1674 3694 1744 ἐπειδὴ

2106 1767 2347 1822 τοιοῦτον
2377 1767 2496 1821 οὐδὲ
2528 1769 2596 1839 τῇ
2641 1766 2762 1838 θείᾳ
2794 1767 2908 1838 (65)
2939 1767 3322 1836 συνθεωρείται
3352 1765 3535 1835 φύσει,
3569 1764 3696 1818 οὐδὲ

425 1877 540 1931 quo
596 1870 806 1934 spectet
865 1872 920 1918 et
977 1861 1244 1928 intendat,
1316 1862 1556 1918 orationi
1613 1877 2006 1935 proponamus,

2111 1864 2176 1933 τῇ
2207 1860 2352 1931 ψυχῇ
2380 1857 2790 1915 συνουσιοῦσθαι
2814 1857 2927 1930 (66)
2952 1857 3124 1914 ταῦτα
3156 1857 3299 1914 κατὰ
3334 1857 3492 1928 λόγον
3521 1858 3588 1913 ἀν
3612 1875 3697 1922 τις

425 1969 654 2026 quaeque
675 1953 862 2009 divina
893 1953 1180 2024 Scriptura
1215 1952 1430 2019 statuit,
1481 1961 1540 2009 ut
1572 1953 1709 2009 nihil
1740 1955 1795 2010 in
1827 1954 2006 2008 anima

2114 1952 2316 2022 ύπονοή
2323 1967 2456 2004 σειε.

425 2061 552 2102 esse
584 2052 839 2116 putemus
863 2046 1123 2102 eximium
1165 2053 1220 2101 et
1252 2045 1483 2116 insigne,
1514 2045 1661 2116 quod
1698 2061 1806 2102 non
1845 2045 2011 2103 etiam
2047 2042 2245 2102 divina:
2275 2049 2486 2098 natura:
2522 2039 2800 2110 proprium
2833 2040 2924 2096 sit.
2959 2041 3061 2108 Qui
3089 2041 3234 2096 enim
3277 2038 3696 2096 similitudinem

427 2135 520 2192 Dei
560 2136 798 2192 animam
847 2151 972 2193 esse
1007 2136 1167 2199 dixit.
1210 2135 1472 2207 quidquid
1508 2151 1540 2191 a
1583 2135 1693 2194 Deo
1723 2139 1959 2195 alienum
1997 2147 2102 2205 est,
2140 2145 2292 2192 extra
2331 2132 2704 2189 deﬁnitionem
2737 2133 2932 2189 anima:
2967 2150 3091 2191 esse
3122 2131 3439 2188 declaravit.
3480 2130 3696 2188 Etenim

306 2284 314 2292 ,
422 2231 479 2284 in
511 2229 743 2286 diversis
785 2244 850 2284 ac
881 2229 1262 2287 diﬂ‘arentibus
1308 2230 1610 2287 simllitudo
1647 2231 1965 2287 conservari
2009 2245 2118 2286 non
2155 2230 2348 2300 possit.
2398 2229 2542 2302 Ergo
2583 2229 2839 2301 quoniam
2879 2224 3148 2297 ejusmodi
3184 2225 3318 2285 nihil
3349 2239 3474 2281 cum
3507 2222 3696 2279 divina

423 2323 669 2379 cernitur
693 2330 911 2390 natura,
946 2338 1014 2380 ne
1042 2325 1235 2379 anima
1261 2323 1482 2394 quidem
1518 2322 1635 2378 haec
1660 2321 1824 2380 insita
1845 2330 1901 2390 et
1925 2322 2083 2396 quasi
2111 2323 2474 2380 coessentiata
2500 2338 2622 2379 esse
2650 2330 2799 2379 recte
2824 2321 2947 2393 quis
2978 2317 3394 2376 existimaverit.

492 2433 612 2490 lam
645 2450 776 2492 vero
804 2435 1086 2491 dialectica
1113 2434 1339 2506 quidem
1365 2443 1505 2501 arte,
1530 2451 1628 2506 per
1655 2435 1926 2490 rationum
1956 2444 2012 2491 et

425 2532 876 2596 argumentorum
913 2525 1281 2580 collectricem
1312 2540 1378 2581 ac
1409 2524 1792 2582 resolutricem
1821 2523 2002 2580 scien-

421 2616 578 2682 tiam,
608 2623 796 2671 nostra
827 2629 1046 2686 quoque
1068 2613 1322 2685 dogmata
1353 2623 1519 2686 atque
1551 2615 1773 2671 decreta
1804 2615 2008 2671 conﬁr-

423 2722 576 2764 mare
605 2726 617 2762 :
651 2707 796 2779 quod
819 2706 1133 2778 hujnsmodi
1158 2708 1371 2779 species
1397 2709 1667 2764 orationis
1698 2706 1766 2762 ad
1789 2707 2009 2763 demon-

421 2797 704 2854 strandam
736 2799 1042 2866 veritatem,
1076 2809 1190 2854 tum
1223 2798 1442 2866 debilis,
1463 2805 1580 2854 tum
1617 2807 1870 2870 suspecta
1894 2797 2002 2854 sit:

422 2887 810 2944 recusabimus
847 2903 912 2945 ac
939 2889 1446 2959 praetermittemus.
1478 2888 1638 2945 Patet
1661 2890 1806 2944 enim
1835 2888 2008 2944 omni-

422 2979 528 3036 bus
555 2993 620 3034 ac
644 2979 818 3050 liquet
843 2980 988 3050 quod
1013 2979 1301 3036 dialectica
1329 2981 1551 3036 curiosa
1582 2980 1859 3037 subtilitas
1909 2995 2006 3050 pa-

2184 2437 2259 2490 T6
2299 2436 2398 2508 μὲν
2433 2432 2526 2490 οὖν
2560 2436 2702 2490 κατά
2738 2435 2837 2506 τὴν
2858 2430 3200 2502 διαλεκτικὴν
3229 2430 3424 2502 τέχνην
3450 2429 3539 2484 διὰ
3567 2429 3695 2485 συλο

2110 2529 2426 2600 λογιστικῆς
2457 2545 2518 2582 τε
2540 2529 2634 2583 καὶ
2659 2525 2988 2596 ἀναλυτικῆς
3009 2525 3318 2594 ἐπιστήμης
3345 2521 3696 2594 βεϐαιοῦσθαι

2110 2621 2205 2676 καὶ
2228 2620 2298 2674 τὰ
2327 2620 2573 2694 ἡμέτερα
2599 2619 2868 2690 δόγματα,
2895 2618 2970 2682 ὡς
3017 2616 3215 2688 σαθρόν
3236 2634 3296 2670 τε
3330 2615 3424 2670 καὶ
3452 2614 3696 2672 ὕποπτον

2109 2715 2190 2778 είς
2229 2711 2502 2778 ἀπόδειξιν
2539 2711 2796 2782 ἀληθείας
2839 2710 2900 2764 τὸ
2935 2707 3175 2764 τοιοῦτον
3218 2703 3359 2772 εἶδος
3393 2706 3489 2763 τοῦ
3531 2707 3694 2776 λόγου

2111 2804 2582 2878 παραιτησόμεθα.
2621 2805 2764 2858 Πᾶσι
2791 2803 2900 2873 γάρ
2935 2803 3052 2855 ἔστι
3082 2799 3345 2872 πρόδηλον
3367 2799 3428 2853 τὸ
3447 2799 3546 2870 τὴν
3577 2799 3698 2854 δια-

2109 2895 2366 2966 λεκτικὴν
2392 2894 2710 2966 περιεργίαν
2729 2892 2848 2962 ῐσην
2868 2893 2950 2962 ἐφ’
2973 2890 3210 2962 ἑκάτερα
3226 2889 3324 2962 τὴν
3347 2890 3500 2961 ἰσχὺν
3523 2889 3694 2961 ἔχειν,

2109 2984 2246 3055 πρός
2275 3001 2336 3038 τε
2362 2985 2460 3055 τὴν
2489 2985 2587 3055 τῆς
2620 2983 2880 3054 ἀληθείας
2924 2982 3257 3054 ἀνατροπὴν,
3289 2981 3383 3036 καὶ
3421 2982 3560 3053 πρὸς
3595 2983 3698 3053 τὴν

423 3085 518 3127 res
544 3069 602 3124 in
627 3078 921 3140 utramque
945 3079 1157 3158 partem
1183 3070 1329 3126 vires
1362 3069 1581 3136 habeat,
1631 3069 1714 3124 vel
1747 3069 1815 3124 ad
1845 3084 2004 3124 ever-

2111 3052 2200 3130 τοῦ
2231 3052 2462 3146 ψεύδους
2508 3052 2839 3147 κατηγορίαν
2869 3073 3004 3146 (67).
3050 3052 3218 3129 ’Ὅθεν
3254 3074 3348 3129 καὶ
3388 3052 3558 3146 αὐτὴν
3594 3052 3698 3146 τὴν

423 3162 635 3217 sionem
667 3161 935 3228 veritatis,
981 3162 1065 3216 vel
1097 3161 1166 3216 ad
1216 3161 1568 3217 mendacium
1617 3159 1998 3233 iudicandum.

2106 3165 2382 3238 ἀλήθειαν,
2415 3167 2546 3220 ὅταν
2585 3166 2724 3238 μετά
2750 3183 2894 3230 τινος
2927 3164 3183 3235 τοιαύτης
3214 3165 3412 3238 τέχνης
3445 3166 3696 3237 προάγηο

424 3255 583 3311 Unde
603 3255 768 3310 etiam
794 3257 966 3326 ipsam
993 3256 1302 3321 veritatem,
1327 3255 1420 3310 ubi
1452 3253 1773 3324 huiusmodi
1818 3253 2002 3322 aliqua

2111 3273 2217 3320 ται,
2257 3257 2324 3311 δι’
2367 3257 2601 3328 ὑποψίας
2646 3257 2904 3321 πολλάκις
2948 3257 3284 3328 ποιούμεθα,
3320 3257 3397 3322 ὡς
3422 3257 3526 3328 τῆς
3566 3257 3700 3327 περὶ

424 3343 672 3400 adhibita
728 3349 848 3398 arte
894 3342 1195 3414 profertur,
1248 3357 1626 3415 saepenumero
1685 3349 2000 3412 suspectam

422 3436 714 3501 habemus,
769 3434 932 3505 quasi
988 3433 1183 3489 harum
1241 3435 1443 3489 artium
1501 3433 1782 3490 subtilitas
1837 3441 2003 3503 atque

421 3527 663 3584 versutia
689 3535 928 3581 mentem
962 3533 1210 3582 nostram
1264 3527 1516 3591 seducat,
1551 3534 1604 3581 et
1649 3526 1706 3580 in
1754 3523 2003 3581 fraudem

424 3617 671 3689 impellat
696 3626 860 3689 atque
890 3632 920 3672 a
953 3617 1186 3674 veritate
1227 3625 1463 3675 avertat.
1531 3615 1637 3673 Sed
1669 3618 1712 3672 si
1745 3619 1871 3688 quis
1921 3619 2007 3670 in-

423 3711 787 3782 compositam
811 3718 864 3765 et
889 3710 1250 3775 inconditam,
1273 3718 1439 3782 atque
1458 3709 1526 3766 ab
1555 3711 1703 3766 omni
1734 3709 2008 3766 velamine

428 3811 484 3857 et
511 3801 714 3857 amictu
742 3801 947 3856 nudam
993 3800 1244 3856 admittat
1271 3805 1599 3868 orationem,
1643 3802 1909 3866 dicemus,
1949 3807 2010 3855 ut

426 3892 754 3964 poterimus,
806 3891 966 3961 juxta
1003 3891 1202 3947 seriem
1246 3900 1300 3947 et
1349 3901 1669 3948 contextum
1714 3892 2012 3964 Scriptura:

422 3983 759 4048 traditionis,
779 3983 1292 4039 commentationem
1311 3984 1377 4038 de
1395 3983 1481 4040 his
1500 3984 1664 4040 rebus
1685 3984 1796 4040 infe
1807 3993 2010 4040 rentes.

423 4075 564 4143 Quid
608 4075 773 4145 igitur
809 4083 894 4130 est
943 4076 1090 4145 quod
1128 4074 1400 4148 dicimus?
1447 4073 1605 4140 Quod
1645 4075 1748 4129 hoc
1785 4073 2013 4131 rationis

420 4165 696 4235 particeps
728 4163 927 4219 animal
959 4165 1139 4227 homo,
1167 4163 1423 4219 nimirum
1450 4164 1821 4234 intelligentiae
1847 4173 2007 4235 atque

423 4253 669 4311 scientiae
697 4270 866 4326 capax
902 4257 992 4321 sit,
1024 4255 1108 4310 vel
1148 4270 1337 4311 eorum
1375 4255 1467 4326 qui
1498 4270 1529 4310 a
1568 4257 1776 4311 ratione
1809 4265 2010 4312 nostra:

421 4347 548 4402 ﬁdei
595 4355 758 4416 atque
799 4347 1079 4418 religionis
1113 4347 1275 4404 alieni
1315 4355 1465 4410 sunt,
1510 4346 1826 4402 testimonio
1856 4361 2010 4401 com-

426 4439 714 4507 probatum
744 4446 828 4492 est
853 4457 866 4491 :
891 4439 1090 4508 quippe
1118 4453 1224 4493 non
1256 4437 1332 4494 ita
1361 4447 1612 4494 naturam
1642 4446 1886 4494 nostram
1909 4437 2006 4494 de-

426 4529 702 4599 scriptura
731 4543 795 4584 ac
821 4528 1172 4600 designatura
1195 4529 1437 4585 deﬁnitio
1466 4530 1682 4598 fuisset,
1712 4531 1759 4587 si
1787 4530 2006 4602 quidem

2106 3345 2313 3416 ταύτης
2356 3345 2467 3418 (68)
2516 3346 2820 3417 δεινότητος
2873 3347 3364 3418 παρακρουομένης
3401 3347 3558 3418 ἡμῶν
3594 3350 3700 3416 τὴν

2107 3435 2367 3502 διάνοιαν,
2395 3437 2491 3492 καὶ
2523 3441 2624 3508 τῆς
2648 3437 2904 3510 ἀληθείας
2960 3438 3366 3509 ἀποσφαλείσης
3393 3438 3523 3510 (69).
3550 3439 3616 3492 Εἰ
3639 3438 3700 3492 δέ

2107 3544 2192 3591 τις
2218 3527 2309 3582 τὸν
2332 3527 2710 3598 ἅκατάσκευόν
2739 3544 2799 3580 τε
2837 3527 2932 3582 καὶ
2958 3527 3162 3598 γυμνὸν
3192 3527 3371 3597 πάσης
3403 3526 3699 3598 περιϐολῆς

2112 3619 2389 3692 προσίοιτο
2419 3618 2600 3687 λόγον,
2636 3596 2870 3689 ἐροῦμεν
2897 3596 2976 3682 ὡς
3013 3596 3080 3672 ἀν
3113 3617 3226 3688 (70)
3252 3596 3362 3671 οἷόν
3394 3635 3453 3672 τε
3551 3617 3699 3672 κατά

2112 3711 2204 3765 τὸν
2237 3709 2426 3782 εἱρμὸν
2448 3709 2545 3780 τῆς
2565 3709 2845 3780 γραφικῆς
2867 3709 3193 3779 ύφηγήσεως
3210 3707 3310 3780 τὴν
3335 3709 3464 3780 περ),
3488 3707 3700 3761 τούτων

2107 3799 2342 3872 θεωρίαν
2369 3800 2758 3871 προσάγοντες.
2793 3799 2859 3853 Τί
2890 3795 2982 3853 οὖν
3010 3800 3156 3852 ἐστιν
3177 3799 3205 3852 6
3231 3815 3410 3869 φαμεν
3445 3799 3557 3870 (71)
3583 3815 3599 3864 ;
3623 3799 3702 3853 T6

2107 3893 2329 3962 λογικὸν
2361 3892 2518 3946 τοῦτο
2560 3892 2700 3957 ζῶον
2741 3893 2771 3946 6
2812 3891 3097 3962 ἄνθρωπος
3126 3891 3220 3944 νοῦ
3251 3907 3316 3942 τε
3340 3890 3436 3944 καὶ
3465 3891 3699 3960 ἐπιστή-

2112 4001 2220 4056 μης
2251 3983 2497 4038 δεκτικόν
2540 3979 2704 4046 εἶναι,
2733 3983 2766 4054 ἢ
2802 3982 2918 4054 (71)
2949 3982 3100 4052 παρά
3135 3981 3244 4034 τῶν
3278 3981 3382 4045 ἔξω
3408 3981 3504 4034 τοῦ
3533 3981 3698 4049 λόγου

2110 4074 2206 4129 τοῦ
2233 4074 2355 4130 καθ’
2388 4077 2536 4144 ἡμᾶς
2569 4073 2986 4146 μεμαρτύρηται
3011 4113 3026 4137 ,
3057 4074 3157 4128 οὐκ
3186 4073 3251 4128 ἂν
3277 4072 3419 4126 οὕτω
3445 4072 3540 4125 τοῦ
3580 4075 3702 4144 69t-

2115 4163 2253 4237 σμοῦ
2297 4164 2396 4236 τὴν
2433 4163 2593 4234 φύσιν
2637 4164 2793 4234 ἡμῶν
2821 4165 3248 4232 ύπογράφοντος,
3283 4161 3443 4234 είπερ
3489 4161 3701 4229 ἐνεώρα

2115 4257 2284 4328 θυμόν
2329 4273 2390 4309 τε
2434 4256 2530 4309 καὶ
2558 4255 2852 4326 ἐπιθυμίαν
2881 4256 2974 4309 καὶ
3001 4256 3070 4310 τὰ
3098 4255 3323 4310 τοιαῦτα
3357 4255 3535 4308 πάντα
3567 4271 3698 4306 συν-

2113 4349 2420 4420 ουσιωμένα
2451 4349 2516 4418 τῇ
2563 4347 2744 4416 φύσει.
2781 4345 2917 4400 Οὐδὲ
2956 4347 3065 4416 γάρ
3103 4348 3189 4400 ἐπ’
3217 4345 3375 4400 άλλου
3403 4345 3548 4408 τινος
3571 4346 3702 4416 ὅρον

2115 4442 2181 4497 ἄν
2209 4457 2294 4504 τις
2340 4439 2568 4511 ἀποδοίη
2597 4439 2692 4494 τοῦ
2734 4438 3118 4509 ὑποκειμένου,
3159 4438 3220 4492 τὸ
3248 4437 3424 4492 κοινὸν
3452 4437 3571 4492 ἀντὶ
3601 4439 3698 4491 τοῦ

2120 4532 2250 4585 ἰδίου
2274 4529 2470 4598 λέγων.

423 4631 478 4676 et
509 4607 884 4686 iracundiam,
911 4629 966 4678 et
1006 4621 1504 4692 concupiscentiam
1545 4631 1598 4678 et
1642 4625 1955 4693 huiusmodi
1997 4626 2182 4681 omnia
2229 4639 2352 4680 cum
2393 4629 2579 4678 nostra
2629 4630 2824 4679 natura
2859 4623 3011 4679 unita
3044 4633 3100 4680 et
3138 4623 3294 4696 quasi
3333 4611 3703 4682 cocssentiata

424 4821 518 4876 καὶ
543 4820 945 4894 ’ἐπιθυμητικὸν
976 4820 1078 4891 τῆς
1121 4819 1321 4894 ψυχῆς
1336 4821 1500 4892 μέρος
1523 4821 1778 4894 Δσυζυγίᾳ
1804 4821 2010 4894 Vmbrle

424 4890 801 4963 ἀπείκασείτὺ
825 4891 882 4963 δὲ
907 4890 1266 4961 διανοητικὸν.
1294 4890 1462 4963 ἤγουν
1489 4891 1578 4946 τὸν
1613 4890 1763 4957 νοῦνζ
1788 4893 2006 4963 ἡνιόχῳ.

424 4960 625 5033 Ibidem
662 4962 726 5016 ad
755 4960 1160 5033 v'erl)a_,texttts,
1185 4960 1499 5033 quae—paulo
1527 4960 2007 5033 postgscqunntur,

424 5035 452 5084 6
479 5031 601 5104 μετ’Δ
621 5033 827 5104 ἐκεῖνον
860 5030 1166 5104 φιλόσοφος,
1203 5030 1359 5104 legis,
1402 5030 1795 5104 Ἀριστοτέλης.

496 5101 611 5172 (69)
639 5102 797 5156 Ὅσα
827 5099 882 5158 θί
910 5105 962 5156 ὁ.
997 5103 1038 5154 Β
1063 5099 1166 5155 ὅσα
1194 5103 1242 5156 τ’
1260 5099 1384 5156 ὀῦν.

495 5171 609 5241 (60)
642 5171 953 5242 Τεχνικῶς.
983 5173 1027 5225 Β
1047 5173 1314 5241 τεχνικός.

653 5240 874 5314 Ῥὺθμῷ
898 5261 1012 5297 τινι
1052 5240 1198 5314 μ.
1228 5243 1268 5293 Β
1295 5240 1552 5314 εύρύθμῳ
1577 5241 1686 5295 τινί
1717 5242 1923 5314 μέτρῳ.

499 5311 613 5382 (62)
645 5312 1048 5382 Ποιησώμεθα.
1077 5313 1118 5382 Β
1150 5311 1506 5382 ποιησόμεθα.

500 5380 617 5448 (63)
649 5380 888 5445 Φήσαςί
909 5385 948 5434 Β
975 5381 1166 5437 εἰπὼν.

499 5451 616 5521 (64)
637 5448 791 5504 οὐδὲ
811 5451 942 5519 γάρ.
969 5453 1011 5504 Β
1042 5453 1103 5506 οὐ
1132 5453 1262 5522 γάρ.

505 5601 580 5674 (α)
613 5602 870 5676 Scholion
895 5605 949 5659 in
969 5603 1159 5676 Graeco
1187 5607 1494 5676 appositum
1518 5622 1532 5658 :
1561 5604 1714 5659 Plato
1743 5605 1806 5660 de
1825 5609 2007 5661 anima

435 5673 710 5746 dialogum
745 5673 886 5746 fecit,
928 5689 1078 5743 quem
1105 5673 1430 5746 Phaid—onem
1478 5677 1788 5743 inscripsit:
1820 5679 1874 5730 in
1903 5693 2005 5746 quo

434 5763 524 5801 ea;
547 5742 758 5814 quidem
781 5742 971 5814 animaf
994 5753 1191 5808 partes,
1224 5745 1276 5797 in
1304 5745 1490 5809 quibus
1523 5754 1573 5798 et
1603 5742 2006 5814 cancupiaccndi

436 5817 513 5871 vis
559 5823 607 5868 et
639 5814 842 5870 irarum
877 5813 1037 5866 ardor
1067 5814 1288 5878 exsistit,
1335 5816 1459 5881 pari
1498 5813 2010 5887 pullormnrquino-

2193 4824 2306 4896 (65)
2337 4823 2492 4878 Οὐδὲ
2520 4840 2574 4878 τ.
2601 4829 2655 4896 θ.
2687 4823 2729 4876 Β
2755 4822 2906 4896 οὐδὲ]
2925 4839 2977 4878 τ.
3005 4821 3055 4874 θ.

2212 4891 2302 4962 06)
2331 4895 2831 4948 Συνουσιοῦσθαι.
2861 4893 2904 4944 Β
2930 4891 3340 4945 συνουσιῶσθαι.

2213 4963 2300 5030 67)
2338 4964 2455 5031 Τὴν
2479 4981 2530 5016 τ.
2560 4968 2627 5032 ψ.
2670 4980 2875 5032 alatur.
2915 4963 2956 5016 Β
2983 4963 3081 5031 τὴν
3111 4977 3309 5032 κατηγ.
3343 4979 3392 5015 τ.
3423 4961 3484 5031 ψ.

2189 5035 2302 5102 (68)
2332 5030 2471 5101 Περὶ
2497 5030 2738 5099 ταύτης.
2770 5035 2813 5084 Α
2832 5030 2880 5086 Β
2909 5030 3249 5102 περὶίταῦτα.

2341 5097 2858 5176 -Ἄῖτοᾼσραλξίιξγης,
2889 5097 2995 5176 ΔᾏΒ
3021 5101 3489 5176 ἀπσσφαλλούσης.

2183 5171 2296 5242 (70)
2339 5174 2437 5239 Ὣς
2455 5171 2558 5242 ᾷν.
2601 5175 2644 5224 Λ
2677 5173 2717 5223 Β
2743 5174 2892 5236 ὅπως
2921 5171 3006 5225 ἄν.

2183 5237 2294 5315 (71)
2326 5244 2387 5296 Τί
2410 5237 2524 5296 οὖν
2539 5245 2710 5315 ἐστιν
2729 5242 2994 5315 agamnam
3013 5241 3068 5315 in
3093 5243 3242 5298 calce
3263 5241 3468 5300 codicis
3486 5243 3524 5298 Α
3551 5246 3696 5305 banc

2113 5311 2328 5384 invenis
2359 5323 2564 5371 notam.
2595 5313 2822 5384 ὁρισμὸς
2843 5311 2944 5383 τῆς
2971 5312 3180 5378 οὐσίας.

2187 5383 2298 5455 (72)
2332 5384 2416 5437 Ἥ.
2454 5384 2495 5435 Β
2517 5384 2629 5436 καί.

2113 5624 2232 5690 runt
2259 5609 2443 5690 curr_ui
2471 5610 2909 5690 subjunrtorum:
2940 5623 3163 5690 merrtem
3196 5621 3372 5668 autem
3407 5630 3500 5690 seu
3538 5613 3695 5667 illam

2111 5683 2466 5752 aninmyint.
2515 5698 2620 5750 qua
2667 5691 2716 5736 et
2747 5683 2925 5735 animo
2971 5685 3256 5751 agitamus,
3302 5685 3607 5752 cogitamus
3641 5692 3692 5736 et

2111 5748 2600 5820 atiirrtadvertimits,
2649 5752 2850 5820 auriga:
2882 5748 3218 5808 assimilavit.
3268 5748 3394 5809 11ωὲ
3429 5762 3607 5808 autem
3634 5753 3696 5808 in

2118 5817 2385 5874 Phaedone
2413 5836 2513 5875 non
2543 5829 2684 5891 sunt,
2717 5817 2807 5876 se}!
2835 5823 2884 5876 in
2912 5821 3160 5882 Pltmdro.
