3992 6472
252 362 323 421 55
1328 364 1414 421 DE
1451 364 1669 421 ANIMA
1707 364 1796 422 ET
1834 364 2438 425 RESURREC’HONE.
3442 370 3538 425 ῦὸ,

250 481 404 543 atque
447 474 949 533 consubstantiata
988 493 1112 537 esse
1165 480 1397 539 videret.
1434 484 1572 540 Nam
1618 500 1722 542 nec
1762 484 1817 541 in
1844 485 1955 540 ulla
1992 481 2216 557 quidem
2265 482 2371 538 alia
2412 495 2491 549 re,
2537 480 2908 551 locoproprii
2949 494 3242 538 commune
3279 495 3511 554 ponens,

254 562 479 633 subiecti
510 565 825 637 quisquam
849 569 1084 625 ediderit
1103 571 1500 631 deﬁnitionem.

325 653 477 709 Ἐπεὶ
503 653 607 712 οὖν
641 658 715 712 τὸ
740 660 1136 733 ἐπιθυμητικόν
1161 680 1220 717 τε
1247 664 1341 718 καὶ
1381 666 1664 738 θυμοειδὲς
1691 667 1832 723 κατὰ

2008 662 2279 731 Quoniam
2335 663 2501 735 igitur
2542 671 2599 720 et
2647 661 3078 733 concupiscendi
3131 677 3205 719 et-
3236 663 3510 721 irascendi

251 744 309 801 τὸ
333 746 447 800 iam:
490 748 596 802 καὶ
625 750 726 803 ἐπὶ
756 751 861 821 τῆς
889 750 1085 822 ἀλόγου
1128 771 1188 807 τε
1226 757 1320 811 καὶ
1364 757 1588 829 λογικῆς
1622 760 1836 830 φύσεως

255 836 571 909 καθορᾶται,
592 841 705 895 οὐκ
720 842 787 897 ἄν
806 860 890 908 τις
912 844 1148 914 εὐλόγως
1169 846 1234 900 ἐκ
1254 846 1346 901 τοῦ
1367 848 1548 904 κοινοῦ
1568 867 1838 923 χαρακτη-

255 927 385 1000 ρίζει
410 929 527 1003 (75)
561 931 630 985 τὸ
663 932 815 988 ἴδιον.
852 935 919 989 ⁸0
946 935 1003 988 δὲ
1030 936 1168 1009 πρὸς
1196 937 1297 1011 τὴν
1319 939 1420 1009 τῆς
1460 938 1675 1009 φύσεως
1707 940 1838 994 ὑπο-

250 1022 460 1093 γραφὴν
500 1024 772 1096 περιττόν
815 1024 930 1096 (74)
972 1042 1031 1080 τε
1079 1026 1176 1082 καὶ
1223 1028 1546 1101 ἀπόϐλητον,
1592 1031 1710 1095 πῶς
1752 1030 1838 1085 ἐν-

250 1130 390 1168 εστιν
418 1115 539 1187 (75)
572 1115 656 1181 ὡς
695 1117 863 1190 μέρος
901 1119 1000 1190 τῆς
1026 1119 1261 1188 φύσεως,
1290 1122 1378 1176 ἐπ’
1400 1123 1682 1194 ἀνατροπῇ
1722 1122 1835 1195 (76)

250 1206 340 1260 τοῦ
367 1208 497 1278 ὅρου
527 1208 639 1279 τὴν
685 1210 839 1279 ίσχὺν
882 1209 1062 1280 ἔχεινς
1094 1212 1210 1275 Πᾶς
1239 1209 1349 1284 γὰρ
1376 1213 1602 1284 ὁρισμὸς
1651 1215 1838 1279 οὐσίας

249 1299 378 1370 πρὸς
402 1299 467 1353 τὸ
490 1299 631 1354 ωιον
658 1301 754 1355 τοῦ
775 1301 1132 1374 ὑποκειμένου
1153 1304 1357 1375 βλέπει.
1385 1305 1477 1372 Ὅ,
1500 1322 1554 1360 τι
1581 1306 1627 1360 δ’
1647 1306 1713 1362 ἂν
1732 1307 1837 1373 ἔξω

250 1387 340 1442 τοῦ
368 1389 676 1455 ίδιάζοντος
697 1387 754 1464 ᾖ,
787 1392 866 1456 ὡς
899 1393 1175 1465 ἀλλότριον
1216 1397 1524 1468 παρορᾶται
1560 1397 1654 1451 τοῦ
1684 1399 1831 1469 ὅρου.

263 1481 415 1536 Ἀλλὰ
444 1483 558 1555 μὴν
582 1484 620 1556 ἡ
656 1484 797 1539 κατὰ
825 1484 995 1556 θυμόν
1025 1502 1087 1539 τε
1124 1487 1220 1540 καὶ
1251 1487 1548 1559 ἐπιθυμίαν
1587 1489 1837 1561 ἐνέργεια

254 1569 397 1638 κοινὴ
442 1570 638 1642 πάσης
678 1567 819 1626 εἶναι
864 1574 964 1644 τῆς
1004 1573 1231 1646 λογικῆς
1267 1593 1329 1630 τε
1369 1577 1468 1631 καὶ
1498 1577 1610 1649 (77)
1639 1578 1835 1649 ἀλόγου

256 1659 462 1729 φύσεως
485 1664 859 1733 ὁμολογεῖται.
890 1667 1007 1721 Πᾶν
1034 1666 1092 1720 δὲ
1117 1667 1179 1721 τὸ
1206 1667 1403 1733 κοινὸν,
1432 1669 1492 1723 οὐ
1510 1669 1701 1723 ταύτόν
1720 1672 1835 1726 ἐστι

251 1750 326 1822 τῷ
353 1752 639 1818 ἰδιάζοντι.
685 1756 919 1829 Ἀνάγκη
959 1759 1070 1830 ἄρα
1114 1758 1202 1813 διὰ
1246 1759 1452 1815 τούτων
1494 1763 1632 1827 ἐστὶ,
1676 1761 1751 1832 μὴ
1777 1763 1836 1816 ὲν

253 1841 453 1908 τούτοις
501 1842 650 1901 εἶναι
694 1847 869 1902 ταῦτα
916 1849 1248 1919 λογίζεσθαι,
1284 1853 1345 1905 ὲν
1393 1846 1475 1916 οἷς
1522 1852 1836 1923 κατεξαίρε-

252 1949 338 1988 τον
366 1933 483 2007 (78)
513 1939 551 2009 ἡ
593 1939 911 2013 ἀνθρωπίνη
956 1942 1420 2015 χαρακτηρίζεται
1466 1944 1644 2012 φύσις.
1695 1943 1834 1998 Ἀλλ’

1935 755 2017 812 vis
2038 757 2321 825 aequaliter
2348 770 2568 826 quoque
2617 762 2728 810 tam
2753 755 2807 809 in
2834 754 3064 812 rationis
3102 768 3533 827 experte-quam.

1933 847 2172 902 rationis
2212 855 2470 918 compote
2525 846 2775 902 cernitur
2822 854 3045 913 natura,
3103 846 3252 900 nulla
3299 847 3514 902 ratione

1934 950 2036 991 nec
2064 947 2211 992 recte
2239 937 2368 1008 quis
2402 952 2499 1009 per
2520 952 2870 993 communem
2892 945 3101 1003 notam,
3132 936 3187 992 id
3209 936 3353 1008 quod
3386 951 3513 1007 pro-

1933 1025 2112 1096 prium
2151 1035 2239 1083 est
2280 1027 2672 1098 designaverit.
2734 1026 2894 1094 Quod
2951 1033 3134 1081 autem
3171 1027 3238 1082 ad
3298 1034 3511 1082 natura:
3624 1080 3640 1093 ,

1935 1116 2374 1188 designationem
2418 1133 2820 1188 supervacuum
2871 1131 2936 1173 ac
2989 1116 3352 1187 rejicieudum
3403 1123 3511 1181 est,

1933 1225 2043 1281 quo
2067 1218 2227 1280 pacto
2260 1219 2523 1281 tanquam
2573 1225 2702 1281 pars
2735 1219 2968 1275 natum,
3024 1217 3209 1282 potest
3240 1208 3309 1263 ad
3365 1223 3515 1263 ever-

1935 1303 2144 1357 sionem
2169 1303 2511 1360 deﬁnitionis
2548 1303 2695 1358 vires
2720 1301 2958 1357 habere?
2979 1301 3173 1356 Omnis
3203 1300 3348 1355 enim
3376 1298 3514 1354 deli-

1934 1391 2075 1447 nitio
2105 1393 2452 1458 substantiae,
2486 1390 2770 1463 proprium
2803 1388 3037 1459 subjecti
3065 1394 3294 1457 spectat.
3336 1383 3513 1451 Quid-

1933 1481 2066 1553 quid
2090 1489 2272 1537 autem
2311 1491 2471 1537 extra
2515 1478 2955 1552 peculiaritatem
3002 1491 3067 1531 ac
3119 1474 3509 1546 proprietatem

1933 1572 2124 1638 fuerit,
2179 1580 2444 1643 tanquam
2475 1586 2506 1626 a
2566 1570 2888 1627 deﬁnitione
2929 1568 3170 1622 alienum
3209 1564 3515 1635 despicitur

1935 1670 2098 1734 atque
2152 1663 2543 1720 contemnitur.
2598 1661 2758 1731 Atqui
2828 1667 2939 1713 tam
2999 1655 3275 1714 irascendi
3347 1669 3513 1726 quam

1934 1755 2362 1826 concupiscendi
2411 1754 2521 1811 vim
2587 1761 2754 1824 atque
2806 1749 3153 1807 elﬁcientiam
3200 1762 3326 1805 cum
3363 1745 3514 1802 omni

1933 1842 2135 1907 natura
2184 1854 2297 1902 tam
2332 1845 2587 1901 rationali
2641 1859 2808 1917 quam
2860 1841 3168 1898 irrationali
3223 1854 3515 1896 commune

1934 1952 2059 1996 esse
2112 1946 2352 1994 constat.
2389 1935 2668 2007 Quidquid
2706 1942 2891 1990 autem
2939 1946 3232 1988 commune
3262 1940 3370 1995 est,
3401 1945 3514 1985 non

256 2020 435 2095 ὥσπερ
472 2027 536 2079 τὺ
568 2027 889 2100 αἰσθητικὸν
917 2031 1095 2084 καὶτὸ
1113 2029 1403 2104 θρεπτικὸν
1430 2033 1523 2085 καὶ
1547 2031 1833 2105 αὐξητικὸν

1939 2030 2083 2087 idem
2111 2044 2240 2085 cum
2275 2029 2547 2100 peculiari
2573 2035 2676 2083 est.
2722 2025 3052 2082 Necessario
3079 2023 3248 2095 igitur
3277 2037 3373 2095 per
3399 2022 3515 2077 haec

254 2116 309 2168 ὲν
328 2118 461 2187 ἡμῖν
490 2136 581 2182 τις
611 2120 736 2173 ίδὼν
774 2123 874 2176 οὐκ
909 2121 1130 2176 ἀναλύει
1158 2123 1245 2177 διὰ
1282 2124 1602 2189 τούτων,τὸν
1638 2126 1832 2180 ἀποδο-

1938 2123 2193 2194 sequitur
2223 2128 2283 2176 ut
2326 2121 2443 2177 haec
2478 2123 2534 2176 in
2575 2119 2688 2176 illis
2717 2133 2827 2173 non
2861 2132 2984 2173 esse
3007 2117 3387 2172 existimemus
3417 2127 3515 2184 per

252 2203 406 2258 θέντα
427 2205 533 2276 τῆς
555 2207 740 2280 ψυχῆς
766 2209 876 2281 (79)
901 2211 1026 2282 ὅρον
1065 2211 1148 2283 (οὑ
1170 2212 1278 2284 γὰρ
1300 2213 1483 2285 ἐπειδὴ
1503 2213 1660 2267 τοῦτό
1683 2216 1832 2270 ἐστιν

1938 2229 2058 2286 ηοω
2077 2213 2353 2285 praecipue
2368 2211 2687 2283 designatur
2706 2209 2947 2264 humana
2968 2217 3180 2260 natura.
3200 2203 3306 2259 Sed
3323 2217 3515 2275 quem-

254 2295 310 2347 ὲν
334 2298 399 2368 τῇ
430 2295 606 2370 ψυχῇ,
635 2300 809 2352 ἐκεῖνο
836 2300 935 2354 οὐκ
971 2299 1162 2368 ἐστιν),
1195 2301 1336 2356 οὕτω
1368 2302 1463 2356 καὶ
1495 2302 1562 2357 τὰ
1595 2304 1719 2374 περὶ
1740 2304 1831 2357 τὸν

1938 2305 2233 2361 admodum
2266 2305 2313 2360 si
2353 2303 2477 2374 quis
2519 2298 2823 2365 sentiendi,
2866 2295 3145 2370 nutriendi
3176 2303 3233 2351 et
3279 2293 3515 2364 augendi

255 2385 416 2457 θυμὸν
459 2390 557 2443 καὶ
612 2390 712 2460 τὴν
757 2390 1051 2463 ἐπιθυμίαν
1086 2396 1425 2467 κατανοήσας
1471 2394 1572 2465 τῆς
1618 2394 1832 2465 φύσεως

1938 2398 2049 2452 vim
2097 2396 2155 2452 in
2203 2396 2365 2452 nobis
2403 2393 2778 2463 conspicatus,
2815 2405 2914 2461 per
2948 2390 3068 2444 haec
3126 2402 3236 2442 non
3286 2384 3515 2441 resolvit

256 2477 405 2547 ἡμῶν
426 2481 732 2551 κινήματα,
754 2482 852 2535 οὐκ
870 2480 935 2537 ἂν
959 2482 1072 2554 (80)
1102 2484 1337 2554 εὐλόγως
1360 2485 1437 2556 τῷ
1458 2486 1567 2558 ὅρῳ
1586 2486 1831 2559 μάχοιτο,

257 2564 328 2628 ὡς
356 2566 624 2632 ὲλλειπῶς
659 2568 771 2641 (81)
801 2569 1162 2643 ἑνδειξαμένῳ
1190 2572 1290 2643 τὴν
1311 2574 1491 2641 φύσιν.

1939 2489 2136 2544 animae
2161 2488 2595 2544 demonstratam
2633 2482 3005 2541 deﬁnitionem
3047 2480 3179 2552 (non
3212 2478 3357 2535 enim
3377 2491 3516 2548 quo-

1940 2577 2090 2633 niam
2123 2577 2230 2633 hoc
2256 2587 2345 2633 est
2370 2576 2426 2631 in
2452 2576 2656 2641 anima,
2686 2572 2818 2628 illud
2843 2587 2952 2627 non
2978 2571 3108 2643 est),
3136 2569 3327 2626 eodem
3350 2568 3511 2624 modo

259 2658 457 2730 siquis
497 2670 714 2717 natura:
752 2671 960 2719 nostrae
1018 2665 1166 2719 circa
1214 2665 1557 2721 iracundiam
1611 2676 1667 2724 et
1725 2669 2229 2740 concupiscentiam
2276 2676 2461 2726 motus
2510 2666 2928 2733 animadvertit,
2977 2680 3089 2721 non
3141 2664 3306 2720 etiam
3366 2669 3515 2718 recte

263 2752 631 2810 deﬁnitionem
657 2761 954 2826 oppugnet,
998 2762 1058 2810 ut
1096 2771 1217 2827 qua:
1246 2758 1433 2814 minus
1464 2758 1799 2816 suiﬁcienter
1838 2768 2093 2816 naturam
2122 2759 2452 2816 ostenderit.

332 2859 389 2916 Γ.
411 2860 477 2914 Τί
495 2856 593 2917 οὖν
608 2860 714 2934 χρὴ
731 2862 859 2934 περὶ
869 2863 1056 2917 τούτου
1075 2862 1185 2934 (82)
1204 2860 1512 2932 γινώσκειν,
1534 2860 1684 2918 εἷπον
1702 2864 1838 2935 πρὸς

1928 2889 1937 2896 ·
2003 2866 2069 2923 G.
2101 2864 2244 2933 Quid
2268 2866 2454 2938 igitur,
2483 2866 2705 2936 inquam
2734 2865 2803 2920 ad
2826 2866 3170 2936 magistram,
3201 2867 3373 2925 dehis
3399 2877 3510 2926 sta-

269 2950 358 3021 τὴν
385 2951 739 3020 διδάσκαλον;
764 2953 932 3008 Οὔπω
959 2954 1068 3026 γὰρ
1087 2949 1200 3018 οἷός
1218 2954 1276 3008 τέ
1299 2956 1412 3024 εἰμι
1431 2955 1667 3008 κατιδεῖν
1683 2957 1833 3020 ὅπως

1938 2963 2090 3008 luere
2120 2962 2174 3010 et
2205 2953 2415 3009 sentire
2449 2954 2702 3024 oportet?
2724 2954 2966 3010 nondum
2997 2955 3143 3010 enim
3166 2956 3512 3012 animadver-

270 3044 525 3113 προσήκει
569 3044 641 3098 τὰ
673 3045 729 3098 ἐν
766 3046 889 3116 ἡμῖν
923 3047 1071 3107 ὄντα,
1104 3046 1180 3110 ὡς
1205 3046 1459 3116 ἀλλότρια
1488 3046 1588 3117 τῆς
1622 3046 1833 3115 φύσεως

1938 3053 2048 3099 lere
2088 3059 2313 3114 possum
2354 3059 2464 3116 quo
2494 3052 2659 3114 pacto
2691 3046 2982 3101 conveniat
3007 3060 3071 3102 ea
3113 3060 3235 3116 qua:
3268 3046 3321 3101 in
3353 3049 3513 3103 nobis

269 3131 412 3201 ἡμῶν
440 3136 846 3193 ἀποποιεῖσθαι.
876 3139 1032 3194 -Μ,
1064 3135 1249 3209 Ὁρᾷς,
1269 3141 1455 3210 φησὶν,
1473 3140 1556 3193 ὅτι
1579 3141 1725 3212 μάχη
1749 3142 1833 3206 τίς

1938 3136 2146 3201 insunt,
2192 3145 2452 3209 tanquam
2484 3137 2664 3192 aliena
2701 3153 2730 3192 a
2764 3146 2963 3194 natura
2996 3146 3187 3194 nostra
3223 3155 3513 3211 segregare

269 3222 374 3275 ἐστι
399 3225 494 3279 τοῦ
521 3226 783 3297 λογισμοῦ
803 3228 940 3296 πρὸς
960 3229 1153 3295 ταῦτα,
1182 3228 1277 3282 κα)¹
1307 3229 1506 3301 σπουδὴ
1529 3229 1623 3284 τοῦ
1657 3249 1829 3302 μονω-

1938 3237 2098 3298 atque
2111 3229 2568 3300 repudiare.-—M.
2588 3229 2778 3295 Vides,
2800 3231 2997 3302 inquit,
3012 3235 3157 3301 quod
3172 3246 3351 3302 pugna
3364 3247 3515 3302 qua:-

269 3315 413 3386 θῆναι
437 3320 538 3392 τὴν
577 3319 756 3392 ψυχὴν
781 3321 1007 3389 τούτων,
1034 3324 1108 3386 ὡς
1138 3322 1203 3376 ἂν
1231 3318 1340 3377 οἷόν
1369 3340 1454 3386 τις
1487 3322 1599 3394 (85)
1717 3322 1826 3378 Καί

1938 3319 2059 3374 dam
2078 3321 2309 3377 rationis
2327 3322 2593 3378 adversus
2612 3323 2726 3377 harc
2747 3325 2898 3387 sit,et
2912 3325 3179 3384 studium,
3195 3326 3373 3387 quoad
3389 3325 3512 3388 ejus

268 3406 364 3460 είσί
382 3409 443 3476 γέ
472 3427 622 3473 τινες
653 3405 733 3473 οἷς
761 3410 1116 3483 κατώρθωται
1140 3413 1172 3483 ἡ
1207 3412 1432 3483 σπουδὴ.
1451 3412 1703 3484 καθάπερ
1732 3413 1819 3466 ἐπὶ

265 3498 348 3550 τοῦ
367 3502 643 3566 Μωῦσέως
667 3503 954 3573 ἀκούομεν,
983 3504 1064 3557 ὅτι
1085 3505 1345 3574 κρείττων
1363 3500 1429 3574 ἦν
1448 3504 1620 3574 θυμοῦ
1645 3523 1702 3558 τε
1728 3504 1823 3558 καὶ

268 3582 550 3655 ἐπιθυμίας
607 3587 846 3651 ἐκεῖνος,
907 3588 1192 3659 ἀμφότερα
1247 3591 1628 3663 μαρτυρούσης
1684 3592 1834 3666 αύτῷ

265 3668 355 3739 τῆς
384 3672 645 3744 ίστορίας,
670 3675 750 3728 ὅτι
780 3674 894 3742 (84)
918 3678 1091 3748 πρᾷος
1114 3675 1181 3749 ἦν
1209 3680 1360 3750 παρὰ
1391 3681 1598 3745 πάντας
1631 3683 1834 3755 ἀνθρώ·

269 3777 389 3826 παυς
416 3764 770 3834 (ἐνδείκνυται
803 3766 859 3820 δὲ
884 3768 946 3820 τὸ
979 3769 1246 3842 ἀόργητον
1269 3771 1357 3824 διὰ
1382 3772 1472 3825 τοῦ
1505 3774 1703 3845 πρᾴου,
1738 3776 1834 3830 καὶ

268 3850 355 3922 τὴν
385 3854 519 3926 πρὸς
568 3854 659 3908 τόν
687 3854 856 3926 θυμὸν
894 3856 1289 3929 ἀλλοτρίωσιν),
1318 3859 1411 3913 καὶ
1438 3862 1518 3914 ὅτι
1559 3863 1659 3916 οὐκ
1702 3865 1828 3918 ἐπε-

269 3941 464 4016 θύμησε
492 3944 699 3999 τούτων
727 3946 889 4011 τινὸς,
923 3948 1052 4019 περὶ
1078 3947 1114 4003 ἃ
1144 3949 1361 4021 ὁρῶμεν
1387 3951 1446 4003 ὲν
1478 3955 1591 4014 τοῖς
1620 3953 1832 4019 πολλοῖς

270 4035 324 4090 τὸ
344 4038 732 4111 ἐπιθυμητικὸν
763 4040 1170 4112 ἐνεργούμενον.
1214 4043 1391 4115 Ὅπερ
1417 4045 1517 4097 οὐκ
1553 4044 1618 4099 ἂν
1649 4045 1830 4115 ἐγένε-

268 4142 321 4179 το
334 4128 462 4198 (85),
489 4133 536 4183 εί
558 4131 716 4199 φύσις
732 4128 799 4202 ἦν
820 4131 1015 4199 ταῦτα,
1034 4133 1128 4188 καὶ
1147 4135 1225 4197 είς
1242 4135 1331 4188 τὸν
1357 4135 1513 4202 λόγον
1527 4137 1624 4207 τῆς
1646 4137 1833 4201 οὐσίας

270 4218 504 4291 ἀνήγετο.
533 4223 607 4275 Οὐ
646 4224 755 4295 γάρ
789 4226 900 4277 ἐστι
933 4225 1154 4278 δυνατὸν
1186 4226 1277 4280 τὸν
1315 4226 1419 4292 ἔξω
1445 4230 1703 4296 γεγονότα
1733 4230 1832 4300 τῆς

270 4306 474 4378 φύσεως
502 4316 557 4368 ἐν
578 4315 655 4384 τῷ
688 4311 825 4368 εἷναι
859 4316 1061 4385 μένειν.
1096 4318 1256 4371 ’Λλλά
1285 4318 1388 4389 μὴν
1410 4322 1458 4371 εἰ
1486 4320 1691 4389 Μωσῆς
1717 4321 1829 4392 (86)

271 4403 353 4456 καὶ
382 4405 435 4457 ἐν
479 4405 557 4476 τῷ
585 4401 721 4459 εἶναι
754 4402 839 4477 ἦν,
872 4408 963 4461 καὶ
997 4409 1054 4461 ὲν
1101 4406 1310 4472 τούτοις
1353 4410 1451 4462 οὐκ
1483 4405 1571 4481 ἦν,
1621 4411 1748 4463 ἄλλο
1777 4429 1831 4465 τι

268 4490 367 4561 ἄρα
395 4496 545 4566 παρὰ
573 4496 673 4567 τὴν
709 4497 868 4566 φύσιν
910 4500 1027 4551 ἐστὶ
1054 4500 1246 4564 ταῦτα,
1286 4501 1378 4552 καὶ
1405 4501 1524 4572 οὐχὶ
1559 4501 1737 4567 φύσις.
1768 4503 1830 4556 Ei

1942 3411 2056 3465 ﬁeri
2088 3410 2283 3480 possit,
2311 3408 2547 3462 animam
2583 3408 2653 3463 ab
2681 3407 2766 3463 his
2814 3403 3107 3477 separandi
3134 3410 3300 3474 atque
3338 3419 3517 3475 segre-

1938 3500 2122 3572 gandi.
2155 3499 2230 3555 Ac
2252 3510 2380 3555 sunt
2410 3514 2544 3557 sane
2578 3498 2851 3566 nonnulli,
2899 3497 3102 3568 quibus
3125 3496 3228 3551 hoc
3275 3494 3517 3550 studium

1938 3605 2203 3662 prospere
2259 3590 2552 3656 successit,
2589 3589 2793 3660 quique
2843 3588 2911 3643 id
2958 3587 3103 3658 quod
3143 3586 3519 3656 quaesiverunt

1938 3681 2175 3736 assecuti
2232 3688 2383 3746 sunt,
2440 3678 2902 3751 quemadmodum
2958 3677 3026 3732 de
3072 3674 3257 3748 Moyse
3306 3671 3519 3728 audivi-

1939 3787 2085 3837 mus,
2113 3771 2262 3843 quod
2287 3772 2335 3827 is
2369 3786 2469 3827 nec
2501 3771 2569 3826 ab
2597 3770 2677 3824 ira
2699 3783 2802 3824 nec
2830 3783 2861 3823 a
2894 3766 3343 3837 concupiscentia
3371 3763 3520 3818 vinci

1940 3879 2004 3919 ac
2034 3864 2283 3935 superari
2315 3870 2524 3934 posset,
2570 3861 2862 3931 utriusque
2908 3860 2989 3915 rei
3035 3856 3412 3915 testimonium
3463 3856 3517 3910 ci
3626 3880 3628 3882 τ

1939 3956 2262 4027 perhibente
2280 3955 2540 4023 historia,
2560 3951 2707 4026 quod
2731 3960 2786 4008 et
2808 3951 2949 4008 lenis
2972 3952 3230 4020 mitisque
3253 3955 3402 4005 esset
3426 3962 3521 4003 su—

1938 4063 2038 4119 pra
2066 4064 2258 4105 omnes
2287 4049 2536 4104 homines
2556 4049 2675 4119 (per
2699 4047 2976 4103 lenitatem
2996 4053 3180 4099 autem
3210 4049 3265 4096 et
3283 4043 3529 4097 clemens

1938 4143 2070 4195 tiam
2105 4142 2200 4197 irae
2228 4143 2476 4197 vacuitas
2520 4151 2574 4197 et
2610 4141 2678 4196 ab
2720 4138 3005 4195 iracundia
3046 4137 3258 4191 alienus
3302 4134 3521 4190 animus

1938 4231 2291 4301 ostenditur),
2343 4238 2399 4287 et
2437 4230 2583 4302 quod
2626 4244 2735 4284 non
2771 4226 3185 4295 concupisceret
3221 4220 3518 4292 quidquam

1937 4338 2126 4379 eorum
2157 4323 2303 4377 circa
2338 4337 2458 4392 quae
2493 4323 2547 4375 in
2593 4321 2871 4390 plerisque
2899 4316 3215 4371 hominibus
3243 4314 3349 4368 vim
3386 4327 3521 4367 con-

1938 4412 2257 4481 c'upiscendi
2302 4416 2624 4480 occupatam
2665 4423 2788 4464 esse
2817 4405 3084 4461 videmus.
3109 4401 3266 4472 Quod
3309 4416 3420 4455 non
3468 4401 3521 4456 ei

1938 4503 2300 4572 contingeret,
2320 4504 2365 4557 si
2396 4509 2591 4556 natura
2617 4500 2733 4554 haec
2756 4504 3030 4561 cssent,et
3050 4496 3118 4550 ad
3137 4495 3408 4549 rationem
3431 4508 3520 4548 es-

270 4584 367 4655 γὰρ
384 4587 496 4658 (87)
523 4588 738 4656 ἀληθῶς
766 4589 923 4658 φύσις
946 4590 1101 4644 τοῦτό
1129 4592 1274 4644 ἐστιν
1296 4592 1432 4662 (88),
1456 4594 1513 4645 ἐν
1606 4593 1666 4646 τὸ
1691 4591 1830 4647 εἶναι

1938 4592 2130 4647 sentire
2156 4594 2515 4647 referrentur.
2545 4590 2688 4646 Fieri
2718 4590 2865 4644 enim
2888 4603 2996 4643 non
3033 4593 3233 4658 potest,
3276 4591 3335 4639 ut
3364 4592 3518 4639 extra

270 4674 358 4745 τῆς
382 4679 567 4742 οὐσίας
590 4681 1088 4751 καταλαμϐάνεται,
1113 4683 1318 4736 τούτων
1343 4683 1401 4736 δὲ
1422 4686 1452 4755 ἡ
1479 4685 1831 4754 ἁλλοτρίωσις

1938 4692 2190 4737 naturam
2214 4684 2548 4739 constitutus
2572 4683 2627 4737 in
2649 4697 2773 4737 esse
2791 4688 3028 4735 maneat.
3054 4676 3216 4746 Atqui
3240 4675 3286 4731 si
3306 4674 3520 4746 Moyses

270 4763 344 4832 ἐφ’
371 4768 501 4838 ἡμῖν
528 4772 724 4833 κεῖται,
759 4768 835 4832 ὡς
866 4768 939 4840 μὴ
971 4769 1130 4839 μόνον
1159 4770 1411 4839 ἀζήμιον,
1444 4770 1580 4824 ἀλλὰ
1604 4770 1695 4824 καὶ
1718 4772 1833 4823 ἑπι-

1938 4781 1991 4830 et
2022 4774 2076 4828 in
2116 4789 2239 4830 esse
2272 4785 2408 4841 crat,
2443 4783 2496 4830 et
2529 4774 2582 4829 in
2617 4774 2703 4830 his
2734 4788 2842 4827 non
2869 4778 3005 4837 erat,
3035 4769 3181 4825 aliud
3212 4783 3342 4839 ergo
3361 4765 3513 4838 quiil-

267 4856 445 4924 κερδὲς
473 4857 582 4927 (89)
612 4855 751 4910 εἶναι
783 4858 848 4928 τῇ
882 4857 1041 4925 φύσει
1073 4856 1164 4910 τὸν
1192 4858 1498 4930 ἀφανισμὸν
1520 4859 1630 4913 τῶν
1656 4860 1833 4912 τοιού-

1942 4866 2085 4936 piam
2116 4875 2278 4936 atque
2307 4876 2525 4930 natura,
2556 4867 2670 4920 haec
2703 4872 2855 4928 sunt,
2880 4871 2936 4919 ct
2961 4862 3071 4918 non
3118 4868 3337 4915 natura.
3387 4858 3518 4924 Qua:

269 4963 380 5002 των.
415 4947 580 5020 Δῆλον
605 4945 697 5004 οὖν
728 4950 808 5003 ὅτι
844 4949 951 5003 τῶν
978 4950 1176 5017 ἔξωθεν
1205 4952 1686 5023 ὲπιθεωρουμένων
1716 4952 1832 5006 ἐστὶ

1938 4958 2081 5013 cnim
2118 4973 2243 5015 vere
2270 4966 2467 5012 natura
2503 4968 2609 5021 est,
2650 4957 2754 5013 hoc
2789 4957 2894 5022 est,
2929 4955 2984 5009 in
3034 4968 3142 5024 quo
3179 4952 3355 5022 ipsum
3395 4964 3519 5005 esse

333 5151 439 5287 (75)
468 5152 901 5223 Χαρακτηρίζὲι.
931 5154 974 5208 Β
999 5151 1407 5225 χαρακτηρίζοι.

333 5222 413 5287 (74
462 5224 764 5287 Περιττόν.
803 5228 846 5278 Α
868 5225 1119 5287 περιττόν
1145 5226 1259 5277 ἐστι
1285 5226 1398 5279 καί.

462 5222 764 5296 Περιττόνί.
803 5228 846 5278 Α
868 5222 1119 5296 περιττόν
1145 5222 1262 5277 ἐστι
1285 5226 1398 5279 καί.

353 5294 438 5350 75)
478 5295 775 5348 Ἕνεστιν.
808 5296 850 5347 Β
874 5294 1043 5350 ἐστίν.

353 5303 417 5347 75
478 5303 775 5348 Ἑνεστιν.
808 5303 850 5347 Β
874 5303 926 5348 ea

330 5303 438 5433 imi
481 5364 628 5418 Ἐπ’.
663 5365 708 5416 Α
746 5364 787 5416 B
814 5365 926 5418 ἐπί.

350 5433 435 5505 77)
471 5433 585 5502 Τῆς
610 5436 862 5505 λογικῆς
890 5452 963 5505 rei
976 5435 1076 5489 καί
1097 5433 1281 5505 delent
1308 5436 1351 5486 A
1370 5434 1430 5488 Β.

349 5504 432 5575 78)
461 5504 910 5575 Κατεξαίρετον.
942 5504 984 5559 Β
1005 5504 1125 5560 κατ’
1158 5504 1454 5575 ἐξαίρετον.

2005 5156 2119 5222 (89.)
2156 5156 2292 5227 Περὶ
2319 5156 2630 5227 τούτουλΒ
2654 5156 2795 5227 περὶ(
2814 5153 3038 5227 τούτων.
3308 5172 3321 5201 ι

2009 5220 2122 5295 (85)
2156 5220 2425 5293 Οἷόντις.
2454 5228 2499 5280 Α
2525 5223 2637 5281 οἷόν
2668 5220 2741 5289 τι,
2766 5226 2808 5278 Β
2830 5220 2940 5278 οἷόν
2964 5239 3043 5275 τε.

2009 5297 2120 5366 (84)
2153 5299 2303 5351 Ὅτι.
2332 5298 2373 5349 Β
2400 5298 2482 5350 ὅτι
2514 5314 2595 5350 τε.

2005 5356 2118 5440 (85)
2137 5368 2331 5440 ,Ὅπερ
2358 5369 2468 5421 οὐκ
2507 5367 2586 5440 ἂνξ
2617 5365 2871 5440 emero.
2915 5359 3156 5440 ln_calce
3285 5356 3511 5440 ad~hatc

1931 5427 2111 5508 verba
2134 5437 2238 5508 ista
2279 5427 2692 5508 lcguuturf'u-c't
2710 5435 2770 5488 οὐ
2791 5431 3025 5508 ,φυσικός
3054 5432 3200 5485 ἐστιν
3223 5432 3281 5484 ὲν
3307 5427 3387 5499 τῷ
3415 5427 3513 5481 ἀν-

1930 5504 2135 5585 θρεέτξφ
2161 5503 2378 5585 εδ-θυμὲς
2398 5508 2553 5585 veli!
2568 5503 2859 5585 ἐπιθυμία

329 5573 435 5649 (79)
473 5575 588 5643 Τῆς
615 5573 856 5649 ψυχῆς.
884 5576 932 5628 Δ.
960 5575 1014 5629 in
1053 5583 1202 5631 textu
1250 5573 1378 5646 περὶ
1411 5576 1510 5645 της
1538 5577 1734 5649 ψυχῆς,
1764 5579 1819 5635 in

1967 5573 1974 5575 ﬁ
1998 5573 2118 5649 (86)
2150 5573 2391 5649 Μωάῇς.
2409 5573 2553 5649 ῌΑΒ
2567 5573 2824 5649 Μωυσῆς.

269 5644 825 5718 ειιειῑεῑιιετῇψρχῇτ,
1203 5717 1210 5718 θ
1308 5644 1333 5718 ς
1555 5644 1563 5647 ~

2002 5644 2114 5716 (δη)
2152 5644 2375 5718 Ειτάρε
2404 5647 2445 5697 B
2475 5647 2508 5715 ἡ
2537 5645 2664 5718 γάρ.

328 5714 433 5784 (30)
465 5712 589 5770 Οὺῖι
611 5712 784 5768 civil
812 5716 867 5769 in
898 5730 1139 5783 margine
1162 5717 1261 5769 οὐκ
1292 5715 1365 5771 ἔτ’
1398 5718 1483 5774 ἄν.

2003 5712 2114 5784 (88)
2151 5712 2330 5771 ΊὉῦτό
2346 5712 2536 5769 ἐστιν).
2567 5712 2617 5767 Δ
2636 5712 2778 5769 τοῦτ’
2796 5712 2960 5784 ἔστιν.

272 5808 273 5811 η
327 5782 431 5853 (Si)
470 5785 812 5851 Ἑλλειπῶς.
839 5786 885 5838 Λ
907 5784 945 5835 Β
968 5782 1216 5849 ἐλλιπῶς.

2005 5782 2116 5857 (89)
2172 5785 2521 5855 Ἐπικερδές.
2555 5785 2596 5838 Δ
2630 5782 2908 5856 ἑπικερδῆ.
