3992 6490
441 352 515 408 εδ
1678 346 1737 402 S.
1763 344 2092 403 GREGORII
2116 343 2408 401 NYSSEN
3627 351 3694 409 56

440 466 761 524 substantiae
791 462 1260 536 deprehenditur;
1308 461 1504 519 horum
1541 469 1721 518 autem
1761 463 2006 519 alienatio

2118 462 2291 517 ταῦτα
2328 463 2396 517 τὰ
2440 462 2584 533 πάθη
2618 464 2713 533 τῆς
2745 462 2958 533 φύσεως
2986 463 3115 518 ὄντα
3157 464 3252 520 καὶ
3280 465 3383 521 οὐκ
3409 465 3586 520 οὐσία.
3630 465 3695 521 Ἣ

440 563 496 614 in
527 559 684 615 nobis
717 557 821 614 sita
849 564 955 624 est,
1002 564 1063 612 ut
1090 570 1198 610 non
1229 554 1406 610 solum
1424 570 1530 610 non
1570 562 1785 622 noceat,
1805 569 2023 608 verum-

436 650 599 705 etiam
665 649 883 705 lucrosa
957 655 1122 718 atque
1179 657 1491 718 quaestuosa
1559 654 1768 703 naturas
1830 647 2017 702 talium

437 748 682 795 motuum
708 739 937 795 abolitio
974 739 1066 797 sit.
1107 738 1294 794 Palam
1327 747 1413 795 est
1464 753 1595 810 ergo
1623 739 1769 810 quod
1822 753 1889 794 ex
1945 738 2013 794 iis

437 846 559 901 quae
585 833 936 890 extrinsecus
972 831 1027 887 in
1072 832 1238 889 rebus
1260 832 1722 899 considerantur,
1752 831 1868 886 hac
1902 830 2014 886 sint

435 925 665 982 affectus
701 935 757 982 et
792 926 1235 996 perturbationes
1260 934 1491 992 naturae,
1538 931 1593 980 et
1625 939 1734 979 non
1786 930 2002 978 natura.

436 1010 572 1068 Nam
604 1014 720 1069 haec
743 1014 963 1084 quidem
991 1024 1099 1075 est.
1147 1015 1293 1086 quod
1321 1022 1438 1081 est;
1489 1011 1774 1069 iracundia
1824 1018 2007 1065 autem

438 1104 601 1175 vulgo
647 1104 831 1160 fervor
886 1106 1193 1177 sanguinis,
1257 1107 1352 1177 qui
1400 1106 1550 1160 circa
1600 1118 1696 1159 cor
1744 1108 1850 1166 est,
1884 1113 2010 1156 esse

437 1197 711 1268 plerisque
739 1197 973 1253 videtur.
1013 1198 1150 1256 Aliis
1194 1214 1344 1264 vero,
1396 1196 1658 1267 appetitio
1708 1192 2007 1251 ulciscendi

433 1300 581 1352 eum,
622 1300 652 1339 a
676 1302 785 1355 quo
818 1286 1107 1343 lacessitus
1135 1298 1188 1343 et
1217 1296 1345 1344 ante
1398 1288 1562 1344 lzesus
1608 1285 1705 1343 sis.
1761 1283 1888 1350 Sed,
1946 1290 2007 1337 ut

434 1391 536 1432 nos
569 1378 921 1441 arbitramur,
954 1378 1238 1434 iracundia
1257 1387 1341 1434 est
1374 1378 1635 1449 appetitio
1658 1374 1887 1431 nocendi
1956 1372 2005 1429 ei

433 1467 528 1535 qui
563 1467 925 1522 concitaverit
970 1476 1024 1524 et
1052 1468 1120 1523 ad
1170 1469 1307 1522 iram
1346 1466 1743 1538 provocaverit.
1799 1462 2005 1518 ﬂorum

432 1566 616 1613 autem
647 1558 787 1613 nihil
812 1560 1070 1614 convenit
1100 1558 1268 1614 animi
1300 1558 1627 1615 definitioni.
1685 1555 1929 1625 itemque
1960 1551 2008 1608 si

432 1661 532 1716 per
563 1663 688 1704 sese
749 1650 1256 1719 concupiscentiam
1317 1648 1664 1712 dcfiniamus,
1722 1644 2011 1716 appetitio—

2125 554 2223 624 μὲν
2249 554 2357 625 γάρ
2385 552 2499 623 (90)
2539 555 2685 606 ἐστιν
2718 553 2857 625 ὅπερ
2884 554 3059 608 ἐστίν·
3088 555 3258 625 θυμὸν
3288 555 3347 609 δὲ
3380 554 3531 620 ζέσιν
3559 550 3695 609 εἶναι

2117 644 2214 699 τοῦ
2248 643 2376 714 περὶ
2414 642 2641 716 καρδίαν
2673 644 2903 714 αἵματος
2932 646 3046 709 τοῖς
3078 645 3296 709 πολλοῖς
3335 646 3502 700 δοκεῖ.
3535 647 3693 700 Ἕτε-

2120 752 2205 806 ροι
2230 734 2287 788 δὲ
2320 735 2455 806 (91),
2479 732 2656 805 δρεξιν
2673 734 2787 807 (92)
2813 735 2910 789 τοῦ
2940 736 3300 807 ἀντιλυπῆσαι
3334 737 3427 791 τὸν
3452 753 3693 808 προκατ-

2115 824 2354 896 άρξαντα
2397 824 2529 896 (93).
2573 826 2661 889 Ὧς
2701 826 2746 880 δ’
2796 826 2866 881 ἂν
2910 828 3074 898 ἡμεῖς
3127 826 3496 898 ὑπολάϐοιμεν
3554 829 3692 899 (94),

2117 916 2287 988 θυμός
2317 919 2464 971 ἐστιν
2489 916 2634 991 ὁρμὴ
2661 917 2756 972 τοῦ
2782 918 3031 974 κακῶσαι
3060 918 3151 972 τδν
3177 917 3570 991 παροξύνοντα.
3596 914 3698 975 Ὧν

2112 1006 2267 1061 οὐδὲν
2297 1006 2377 1078 τῷ
2403 1007 2532 1078 περὶ
2557 1008 2738 1079 ψυχῆς
2768 1009 2881 1080 ὅρῳ
2905 1009 3210 1080 συμϐαίνει.
3245 1010 3366 1064 Κᾶν
3390 1010 3489 1081 τὴν
3509 1011 3697 1065 ἐπιθυ-

2116 1097 2245 1168 μίαν
2275 1098 2388 1169 (95)
2420 1099 2506 1167 ἐφ’
2535 1098 2736 1170 ἑαυτῆς
2781 1099 3148 1169 διορισώμεθα
3189 1100 3323 1171 (96),
3374 1099 3560 1170 ἔφεσιν
3607 1100 3697 1154 λέ-

2113 1188 2276 1260 ξομεν
2303 1189 2397 1244 τοῦ
2427 1190 2720 1254 ἐνδέοντος,
2748 1191 2782 1262 ἢ
2823 1191 2987 1244 πόθον
3027 1193 3125 1263 τῆς
3169 1193 3290 1246 καθ’
3325 1193 3516 1264 ἡδονὴν
3555 1195 3696 1247 ἀπο-

2114 1279 2377 1346 λαύσεως,
2402 1281 2436 1352 ἢ
2464 1281 2640 1352 λύπην
2666 1282 2761 1336 ἐπὶ
2786 1282 2864 1353 τῷ
2887 1283 2959 1354 μὴ
2985 1284 3102 1337 κατ’
3126 1284 3371 1349 ἐξουσίαν
3392 1284 3507 1340 δντι
3528 1302 3698 1339 κατα-

2115 1368 2398 1441 θυμητικῷ
2424 1370 2571 1442 (97)·
2604 1372 2639 1443 ἦ
2685 1389 2808 1427 τινα
2854 1372 2993 1445 πρὸς
3040 1374 3101 1428 τὸ
3127 1375 3228 1445 ἡδὺ
3281 1376 3487 1446 σχέσιν,
3520 1371 3583 1430 οὗ
3618 1377 3693 1447 μὴ

2116 1462 2378 1533 πάρεστιν
2429 1466 2463 1534 ἠ
2517 1463 2831 1529 ἀπόλαυσις.
2878 1465 3064 1519 Ταῦτα
3099 1466 3208 1537 γὰρ
3266 1468 3445 1523 πάντα
3488 1468 3584 1521 καὶ
3623 1468 3695 1520 τὰ

2113 1551 2337 1606 τοιαῦτα
2363 1553 2461 1627 τὴν
2494 1555 2593 1625 μὲν
2644 1554 2940 1625 ἐπιθυμίαν
2987 1556 3339 1622 ἐνδείκνυται,
3365 1559 3460 1612 τοῦ
3494 1557 3553 1610 δὲ
3576 1560 3694 1628 ὁρι-

2116 1642 2255 1713 σμοῦ
2287 1643 2380 1698 τοῦ
2403 1647 2530 1717 περὶ
2561 1645 2738 1717 ψυχῆς
2763 1645 2824 1699 ού
2852 1645 3247 1717 προσάπτεται.

434 1757 560 1799 nem
592 1755 714 1796 esse
739 1740 986 1797 dicemus
1012 1739 1132 1810 ejus
1160 1739 1304 1810 quod
1341 1739 1515 1806 deest,
1546 1739 1633 1795 vel
1668 1735 2000 1795 desiderium
2039 1731 2283 1790 fruenda:
2309 1736 2630 1806 voluptatis,
2660 1737 2744 1792 vel
2774 1737 3016 1792 dolorem
3045 1737 3118 1792 ob
3150 1737 3204 1793 id
3242 1739 3389 1808 quod
3411 1755 3522 1795 non
3555 1737 3698 1810 potio

433 1848 559 1888 mur
585 1847 653 1888 eo
685 1832 829 1903 quod
861 1832 1013 1887 cordi
1047 1840 1155 1897 est,
1182 1839 1344 1904 atque
1386 1832 1569 1888 animo
1596 1840 1808 1902 gratum
1842 1836 1898 1885 et
1932 1836 2241 1897 acceptum,
2268 1837 2363 1883 aut
2393 1830 2632 1901 aliquam
2666 1830 3006 1887 affectionem
3042 1830 3109 1885 ad
3151 1831 3205 1886 id
3232 1831 3378 1903 quod
3409 1839 3496 1889 est
3523 1845 3696 1887 suave

428 1932 486 1980 et
508 1924 839 1994 jucundum,
865 1938 979 1995 quo
1024 1924 1130 1979 frui
1175 1939 1286 1980 non
1334 1925 1484 1980 licet.
1512 1923 1638 1981 Haec
1665 1923 1809 1981 enim
1846 1930 1901 1977 et
1926 1919 2173 1990 ejusdem
2223 1922 2368 1977 modi
2405 1923 2589 1978 omnia
2621 1923 2979 1994 cupiditatem
3017 1924 3237 1995 quidem
3274 1925 3594 1990 ostendunt,
3622 1923 3694 1979 ad

355 2039 363 2046 υ
429 2016 802 2072 definitionem
836 2023 1014 2072 autem
1050 2017 1245 2072 animae
1269 2031 1379 2071 non
1410 2018 1704 2087 pertinent.

458 2142 471 2158 '
496 2148 807 2216 Quinetiam
841 2151 948 2204 alia
989 2165 1210 2222 quoque
1256 2167 1378 2223 qua:
1409 2153 1554 2207 circa
1593 2152 1830 2206 animam
1880 2165 2003 2206 cer-
2036 2178 2081 2233 Β

426 2248 658 2309 nuntur,
687 2257 809 2313 quae
836 2241 941 2295 sibi
978 2242 1209 2297 invicem
1240 2259 1305 2298 ex
1333 2243 1566 2299 adverso
1594 2246 1773 2314 posita
1812 2241 2007 2298 viden-

428 2343 539 2397 tur,
566 2332 731 2387 veluti
759 2332 1024 2387 timiditas
1061 2339 1116 2387 et
1141 2333 1391 2400 audacia,
1423 2334 1579 2388 dolor
1617 2342 1672 2388 et
1729 2334 2005 2403 voluptas,

430 2429 614 2477 metus
641 2432 697 2477 et
743 2429 1115 2492 contemptus,
1176 2431 1231 2477 et
1288 2438 1627 2494 quaecunque
1675 2424 1808 2478 talia
1855 2430 2006 2489 sunt,

429 2526 665 2581 quorum
696 2511 1126 2582 unumquodque
1155 2520 1447 2584 cognatum
1478 2514 1697 2584 quidem
1722 2529 1845 2571 esse
1865 2515 2010 2569 vide-

431 2612 521 2656 tur
542 2617 665 2657 cum
692 2602 964 2657 irascendi
993 2610 1156 2672 atque
1190 2604 1615 2671 concupiscendi
1645 2604 1717 2671 vi,
1742 2603 2004 2674 peculiari

429 2701 613 2749 autem
670 2694 990 2749 deﬁnitione
1050 2710 1203 2750 suam
1254 2695 1506 2765 designat
1563 2703 1838 2751 naturam.
1869 2695 2004 2752 Nam

428 2792 482 2839 ct
515 2785 747 2841 audacia
772 2795 826 2840 et
856 2787 1191 2856 contemptio
1240 2786 1763 2844 demonstrationem
1796 2803 1862 2844 ac
1913 2804 2004 2845 re-

426 2877 903 2947 praesentationem
939 2878 1147 2933 indicat
1175 2878 1240 2932 ad
1269 2873 1746 2949 iram“propensae
1797 2881 2007 2951 appeti-

426 2966 616 3032 tionis,
646 2967 1062 3022 diminutionem
1086 2982 1218 3023 vero
1240 2970 1533 3038 quamdam
1556 2976 1610 3025 et
1624 2971 2004 3025 remissionem

429 3056 595 3124 hujus
625 3055 897 3124 ejusdem,
928 3057 976 3111 is
1000 3057 1095 3127 qui
1141 3072 1239 3128 per
1293 3058 1641 3113 timiditatem
1697 3068 1751 3114 et
1800 3068 2004 3115 metum

426 3148 782 3217 ingeneratur
819 3147 1045 3204 habitus
1101 3156 1157 3205 et
1214 3147 1463 3206 affectus.
1517 3149 1684 3206 Dolor
1715 3160 1895 3207 autem
1939 3167 2006 3208 ex

430 3247 662 3310 utroque
704 3239 964 3296 materias
996 3240 1183 3296 habet.
1223 3240 1360 3296 Nam
1415 3249 1472 3298 et
1533 3243 1628 3316 irte
1682 3242 2003 3308 inefﬁcacia,

428 3330 559 3384 dum
594 3345 704 3385 non
731 3338 911 3401 potest
940 3331 1066 3401 quis
1096 3331 1286 3388 ulcisci
1318 3347 1414 3389 eos
1448 3347 1478 3386 a
1514 3334 1715 3404 quibus
1739 3342 1867 3390 ante
1912 3334 2006 3390 lae-

428 3434 527 3476 sus
579 3420 671 3485 sit,
699 3419 859 3475 dolor
918 3427 974 3476 et
1021 3420 1241 3477 exsistit
1311 3428 1366 3477 et
1412 3429 1537 3489 est;
1593 3422 1835 3493 itemque
1905 3422 2002 3478 de-

2195 2170 2356 2225 Ἀλλά
2388 2172 2483 2225 καὶ
2509 2173 2609 2226 ὅσα
2651 2173 2788 2229 ἄλλα
2817 2173 2947 2244 περὶ
2972 2174 3150 2244 ψυχὴν
3186 2171 3506 2243 καθορᾶται,
3533 2171 3603 2230 τὰ
3632 2171 3694 2238 ἐξ

2107 2259 2387 2313 ἀντιθέτου
2415 2260 2665 2333 ἀλλήλοις
2682 2262 2953 2334 ὁρώμενα,
2975 2257 3086 2316 οἷον
3101 2261 3303 2317 δειλίαν
3323 2259 3435 2332 (98)
3457 2261 3556 2315 καὶ
3576 2260 3692 2334 (99)

2109 2349 2327 2422 θράσος,
2368 2350 2544 2423 λύπην
2579 2353 2673 2407 καὶ
2698 2352 2911 2423 ἡδονὴν,
2943 2353 3106 2422 φόϐον
3137 2352 3228 2405 καὶ
3260 2352 3688 2422 καταφρόνησιν,

2109 2442 2205 2496 καὶ
2237 2444 2315 2511 (1)
2343 2443 2444 2497 ὅσα
2475 2443 2720 2512 τοιαῦτα,
2758 2437 2835 2499 ὧν
2862 2445 3090 2498 ἕκαστον
3122 2443 3393 2512 συγγενῶς
3421 2442 3498 2512 (2)
3542 2443 3693 2514 ἔχειν

2108 2532 2258 2586 δοκεῖ
2282 2533 2417 2603 πρὸς
2444 2534 2506 2587 τὸ
2527 2533 2919 2606 ἐπιθυμητικὸν
2942 2535 3017 2605 (5)
3039 2534 3071 2606 ἢ
3103 2534 3401 2605 θυμοειδὲς,
3433 2531 3689 2599 ἰδιάζοντι

2106 2622 2164 2676 δὲ
2200 2624 2313 2696 ὅρῳ
2344 2625 2445 2695 τὴν
2488 2625 2621 2680 ίδίαν
2655 2626 3030 2698 ἀνυπογράφει
3071 2627 3150 2696 (4)
3181 2625 3357 2694 φύσιν.
3390 2626 3464 2679 Τό
3484 2643 3545 2679 τε
3577 2625 3689 2696 γὰρ

2107 2714 2309 2787 θράσος
2327 2718 2466 2789 καὶὴ
2497 2719 2901 2790 καταφρόνησις
2918 2718 3154 2789 ἔμφασιν
3174 2718 3534 2790 ὑποσημαίνει
3561 2715 3687 2771 τινά

2105 2807 2202 2877 τῆς
2231 2805 2510 2877 θυμώδους
2538 2808 2713 2879 ὁρμῆς
2736 2824 2754 2841 θ
2784 2808 3077 2862 ἐλάττωσιν
3104 2806 3161 2859 δέ
3203 2824 3326 2861 τινα
3370 2806 3464 2860 καὶ
3493 2804 3688 2875 ὕφεσιν

2104 2897 2200 2950 τοῦ
2236 2898 2401 2952 αὐτοῦ
2450 2898 2639 2952 τούτου
2668 2901 2701 2970 ἡ
2733 2898 2873 2952 κατὰ
2903 2898 3103 2952 δειλίαν
3146 2900 3241 2952 καὶ
3278 2896 3441 2968 φόϐον
3472 2899 3687 2974 ἐγγινο-

2111 2989 2248 3061 μένη
2286 2992 2486 3060 σχέσις.
2528 2991 2591 3046 Ἢ
2628 2992 2684 3046 δὲ
2715 2992 2860 3062 λύπη
2901 2992 2959 3059 ἐξ
3001 2992 3321 3064 ἀμφοτέρων
3345 2990 3421 3061 (5)
3443 2989 3554 3061 ἔχει
3583 2989 3687 3053 τὰς

2108 3079 2340 3144 ὕλας.Ἥ
2367 3099 2425 3135 τε
2461 3082 2539 3154 (6)
2586 3083 2695 3155 γὰρ
2745 3082 2839 3137 τοῦ
2899 3082 3070 3155 θυμοῦ
3109 3082 3317 3147 ἀτονία,
3362 3084 3420 3135 ὲν
3455 3079 3544 3155 λτῷ
3587 3079 3687 3134 τοῦ

2107 3171 2415 3242 ἀμύνασθαι
2456 3176 2584 3238 τοὺς
2627 3174 3106 3247 προλελυπηκότας
3156 3173 3397 3244 ἀδυνάτῳ
3431 3172 3506 3243 (7)
3536 3171 3687 3242 λύπη

2106 3264 2349 3333 γίνεταιο
2380 3266 2473 3319 καὶ
2520 3269 2552 3338 ἡ
2586 3266 2893 3336 ἀπόγνωσις
2935 3266 3044 3320 τῶν
3084 3265 3548 3336 ὲπιθυμουμένων,
3584 3265 3689 3318 καὶ

2106 3358 2140 3427 ἡ
2176 3357 2427 3429 στέρησις
2458 3357 2568 3411 τῶν
2594 3356 2968 3428 καταθυμίων,
2997 3357 3096 3429 τὴν
3127 3354 3450 3428 σκυθρωπὴν
3479 3354 3687 3425 ταύτην

2108 3446 2337 3529 ἐμποιεῖ.
2364 3448 2428 3519 τῇ
2454 3444 2661 3517 διανοίᾳ
2683 3443 2937 3502 διάθεσιν.
2962 3448 3071 3503 Καὶ
3094 3450 3155 3505 τδ
3191 3446 3690 3517 άντιθεωρούμενον

428 3508 670 3579 speratio
701 3524 890 3565 eorum
947 3526 1069 3581 quas
1119 3511 1606 3583 concupiscuntur,
1660 3514 2003 3586 privatioque

2115 3508 2173 3608 τῇ
2209 3522 2375 3608 λύπη,
2402 3508 2479 3588 ’ἒεδ
2525 3508 2648 3590 me"
2676 3537 2868 3609 ἡδονὴν
2916 3538 3059 3605 λέγω
3110 3537 3307 3607 νόημα,
3356 3508 3557 3607 suam,
3604 3536 3690 3607 τῷ

426 3616 614 3657 eorum
637 3618 758 3673 qua:
777 3604 929 3659 cordi
962 3611 1093 3660 sunt
1119 3612 1282 3675 atque
1319 3606 1558 3677 placent,
1584 3607 1801 3664 tristem
1853 3608 2000 3663 hanc

426 3707 488 3748 ac
517 3695 768 3750 tetricam
795 3696 850 3749 in
874 3703 1056 3753 mente
1088 3696 1374 3768 ingenerat
1412 3696 1777 3756 affectionem.
1827 3700 2005 3772 Atque

425 3782 591 3838 etiam
620 3783 673 3837 id
701 3784 847 3853 quod
878 3785 1215 3839 contrarium
1264 3785 1440 3841 dolori
1471 3785 1708 3852 videtur,
1750 3788 2002 3858 volupta-

426 3872 497 3926 tis
523 3886 743 3929 sensum
774 3874 916 3939 dico,
972 3875 1225 3932 similiter
1254 3884 1308 3931 et
1338 3877 1395 3931 in
1445 3879 1583 3933 iram
1615 3886 1671 3934 et
1716 3879 2005 3950 concupis-

427 3961 660 4015 centiam
683 3961 964 4018 dividitur.
996 3963 1261 4033 Voluptas
1290 3967 1434 4021 cnim
1471 3969 1758 4038 utriusque
1805 3969 2002 4024 horum

425 4067 493 4107 ex
516 4067 671 4123 aequo
713 4054 1081 4125 principatum
1130 4063 1295 4112 tenet.
1340 4057 1414 4128 (a)
1450 4058 1583 4125 Quae
1634 4060 1837 4128 omnia,
1880 4074 2002 4116 cum

423 4142 568 4197 circa
596 4142 833 4197 animam
866 4154 1016 4206 sunt,
1064 4153 1176 4200 tum
1216 4148 1397 4202 anima
1435 4165 1545 4205 non
1577 4159 1729 4218 sunt,
1777 4152 1873 4208 sed
1912 4170 2007 4209 ve-

422 4233 520 4288 luti
549 4235 799 4305 quaedam
834 4252 1074 4293 verruca:
1118 4253 1183 4294 ex
1237 4241 1552 4311 cogitatrice
1601 4250 1755 4312 parte
1810 4245 2004 4301 animae

494 4453 605 4528 (99)
638 4456 709 4528 E1
725 4456 841 4523 μὲν
873 4456 1007 4528 πάρα
1035 4458 1134 4528 Βμή
1165 4460 1262 4528 μὲν
1293 4461 1421 4528 γάρο

494 4524 607 4596 (91)
643 4523 865 4596 Ἕτεροι
882 4523 973 4596 δέ.
995 4528 1049 4596 7A
1076 4523 1349 4596 Ε’ἔτέροις
1367 4523 1444 4582 δέ.

496 4592 607 4664 (92)
648 4593 907 4660 Ὀρεξιν.
928 4594 1182 4664 Ανὸρεξις.

646 4663 1167 4743 ζζροκατιίρξάντηι.
1253 4664 1648 4743 παροΕ-ύναντα.

659 4732 1106 4810 ξζπολᾴϐοιμεν.
1128 4732 1682 4810 Α-ὑπολαμϐάνοιμεν.

497 4802 609 4873 (95)
651 4802 777 4873 Κᾶν
799 4802 915 4869 τὴν
937 4803 1277 4873 ἐπιθυμίαν.
1316 4802 1380 4859 ιη’
1419 4802 1579 4863 οαιοό
1614 4808 1658 4861 Α
1702 4808 1816 4865 hazc
1869 4821 2000 4869 nota

427 4871 690 4943 occutfrit,
722 4871 845 4943 ὅρος
872 4871 1187 4943 ἐπιθυμίας.

648 4940 1062 5008 Διορισώμεθα.
1081 4943 1126 5015 Β
1155 4944 1486 5015 ὁρισώμεθα.

645 5012 1130 5089 Καταθυμηζικῷ.
1156 5012 1201 5066 Ᾱ
1228 5012 1637 5089 Βκαταθυμίῳ.

494 5082 609 5152 (98)
649 5081 903 5137 Δειλίαν.
922 5083 1392 5155 Αδειλία-λύπη,
1424 5081 1701 5156 φόϐος’κα“ι
1731 5091 2005 5161 καταφρό-

427 5166 601 5211 νησις.

457 5167 601 5222 ησις.

496 5222 608 5288 (99)
632 5222 761 5288 Καί.
801 5220 950 5277 Delet
972 5222 1030 5277 Β.

521 5289 573 5358 1)
594 5287 750 5342 Καί.
781 5290 931 5346 Dolet
969 5292 1028 5346 Β.

519 5359 576 5428 2)
609 5359 936 5427 Συγγενῶς.
964 5365 1007 5415 Α
1037 5364 1077 5414 Β
1107 5365 1384 5431 συγγενῶς
1419 5366 1534 5436 μέν.

588 4592 609 4871 ἓ

500 5552 871 5632 (a)_Scbolion
907 5571 921 5607 :
972 5558 1166 5632 Vitium
1212 5559 1480 5630 quoddam
1514 5562 1569 5615 in
1610 5571 1728 5632 cule
1756 5565 1991 5632 corporis

426 5627 599 5678 nostri
664 5627 913 5682 exsistit,
971 5630 1107 5689 quod
1160 5627 1347 5684 aeruca
1407 5642 1643 5686 uocatur.
1696 5627 1990 5687 Cat-nosam

428 5694 568 5769 enini
604 5694 1110 5769 paut'utttguoddatn
1147 5700 1474 5753 tuberculum
1512 5704 1722 5756 exsistit
1766 5704 1821 5756 in
1870 5713 1987 5757 cute

430 5763 565 5825 quod
596 5758 737 5814 rutis
772 5758 975 5828 quidem
1009 5778 1131 5829 pars
1162 5784 1273 5823 esse
1305 5768 1526 5837 videtur,
1577 5774 1758 5843 quippe
1809 5774 1858 5828 ei
1909 5774 1992 5827 in-

2109 3624 2267 3696 θυμῷ
2292 3643 2352 3679 τε
2383 3626 2476 3680 καὶ
2504 3628 2568 3698 τῇ
2599 3627 2865 3699 ἐπιθυμία
2909 3624 3309 3698 ὲπιμερίζεται.
3354 3625 3542 3697 Ἡδονὴ
3575 3626 3688 3697 γάρ

2109 3717 2371 3790 ἐκατέρου
2412 3717 2618 3772 τούτων
2665 3718 2807 3771 κατά
2846 3718 2907 3772 τὸ
2936 3714 3051 3771 ἶσον
3097 3716 3415 3790 ἡγεμονεύει
3446 3756 3460 3769 .
3497 3717 3564 3768 "A
3605 3717 3689 3789 (8)

2110 3805 2287 3858 πάντα
2310 3806 2402 3857 καὶ
2440 3807 2568 3878 περ).
2594 3807 2694 3878 τὴν
2716 3806 2894 3878 ψυχήν
2920 3808 3056 3873 ἐστι,
3088 3808 3182 3860 καὶ
3217 3806 3361 3877 ψυχὴ
3387 3806 3487 3860 οὐκ
3514 3805 3687 3873 ἔστιν,

2112 3893 2229 3947 ἀλλ’
2251 3888 2363 3948 οἷον
2384 3896 2694 3966 μυρμηκίαι
2716 3895 2859 3959 τινὲς
2881 3894 2974 3949 τοῦ
2998 3894 3339 3966 διανοητικοῦ
3367 3894 3566 3965 μέρους
3586 3895 3689 3964 τῆς

2110 3983 2288 4055 ψυχῆς
2313 3986 2642 4058 ὲκφυόμεναι
2672 3988 2769 4058 (9).
2809 3988 2875 4041 ’Δ
2911 3986 3050 4059 μέρη
3088 3988 3188 4057 μὲν
3216 3988 3385 4058 αὐτῆς
3430 3983 3568 4039 εἶναι
3598 3983 3691 4038 διὰ

2109 4075 2173 4129 τὸ
2206 4077 2963 4150 προσπεφυκέναινομίζεται,
2979 4080 3039 4134 οὐ
3061 4079 3169 4151 μὴν
3191 4079 3365 4132 ἐκεῖνό
3386 4078 3524 4130 εἰσιν
3546 4076 3686 4145 (10),

2110 4165 2248 4240 ὅπερ
2281 4167 2426 4221 ἐστὶν
2440 4170 2474 4234 ἡ
2501 4166 2646 4240 ψυχὴ
2665 4168 2783 4222 κατ’
2804 4169 3008 4223 οὐσίαν.
3024 4200 3092 4209 -
3107 4168 3167 4223 Γ.
3192 4163 3303 4220 Καὶ
3315 4168 3422 4239 μὴν
3446 4166 3684 4237 ὁρῶμεν,

2111 4256 2256 4326 φημὶ
2285 4256 2419 4325 πρὸς
2456 4257 2555 4327 τὴν
2577 4256 2864 4329 παρθένον,
2895 4257 2955 4311 ού
2988 4257 3190 4329 μικρὰν
3211 4258 3275 4311 ὲκ
3306 4256 3511 4311 τούτων
3535 4271 3690 4325 γινο-

2180 4469 2257 4543 (5)
2290 4469 2760 4543 Ἐπιᾷιιμητικόν.
2782 4472 2897 4527 Ain
2929 4472 3198 4543 margine,
3218 4468 3612 4541 ἐπιθυμητικόν
3626 4486 3689 4523 τε

2110 4539 2203 4592 καὶ
2236 4538 2531 4609 θυμοειδές.

2311 4609 2758 4681 ξΛγιίετοῃοὰφει.
2783 4613 2826 4664 Α
2855 4612 2897 4663 Β
2934 4612 3259 4681 ὑπογράφει.

2181 4676 2257 4748 (5)
2309 4679 2378 4732 Ἠ
2414 4678 2482 4731 δὲ
2513 4676 2678 4747 λῦπὴ
2719 4681 2790 4744 ἐξ
2842 4676 3206 4749 ἀμφοτέρωἇο.
3231 4680 3285 4733 In
3320 4678 3471 4749 calce
3510 4678 3604 4732 τοῦ
3644 4681 3690 4732 Α

2115 4749 2216 4821 hoc
2247 4749 2445 4821 legitur
2466 4750 2735 4811 scholion.
2779 4752 2912 4821 Περὶ
2932 4748 3149 4821 δειλῖας
3181 4751 3275 4821 καὶ
3307 4748 3559 4821 θράσους,
3592 4749 3689 4821 καὶ

2111 4819 2277 4887 φόϐου
2314 4819 2408 4889 καὶ
2461 4818 2952 4889 καταφρονήσεως,
3003 4821 3095 4872 καὶ
3136 4819 3309 4889 λύπης
3345 4818 3438 4889 καὶ
3472 4818 3686 4889 ἡδονῆς,

2106 4889 2200 4944 καὶ
2218 4889 2319 4959 ,ὅτι
2342 4888 2521 4941 πάντα
2544 4887 2674 4959 περ),
2693 4887 2771 4943 to
2789 4890 3067 4958 θυμοειδὲς
3092 4890 3187 4942 καὶ
3203 4887 3276 4941 to
3290 4887 3688 4959 ἐπιθυμητικὸν

2110 4958 2470 5011 συνίστανται.

2176 5027 2253 5093 t6)
2294 5028 2450 5097 Εῑτε-
2477 5029 2520 5097 Β
2541 5028 2576 5097 ἦ

2175 5099 2254 5169 (7)
2296 5096 2614 5169 Ἀδυνᾴτφ.
2648 5098 2690 5148 Β
2724 5097 3014 5169 ἀδυναμίᾳ.

2174 5166 2251 5236 (8)
2291 5168 2376 5238 έΑ.
2412 5170 2451 5219 Α
2486 5167 2528 5219 B
2555 5166 2718 5238 άπερ.

2173 5239 2250 5307 (9)
2301 5236 2706 5307 Ἑκςρυόμεναι.
2736 5238 2778 5289 Β
2798 5236 3130 5307 ὲκφυόμενα.

2172 5306 2194 5377 (
2204 5302 2287 5377 10)
2320 5302 2526 5361 Εἰσίνῖ
2549 5307 2594 5362 Α
2622 5308 2677 5361 in
2703 5302 2946 5377 margine
2966 5302 3123 5361 εἶναι.

2598 5045 2676 5081 τε.
2716 5025 2853 5098 Ibid.
2872 5028 2974 5082 Ἐν
2996 5028 3096 5095 τῷ.
3125 5027 3167 5079 Β
3191 5029 3250 5080 ὲν
3272 5030 3360 5098 τῇ.

2101 5563 2431 5620 Ιεωνεειεησε
2456 5579 2639 5619 revera
2664 5573 2844 5618 tamen
2870 5563 2952 5619 ita
2994 5580 3049 5618 se
3086 5580 3170 5618 res
3191 5580 3296 5619 non
3319 5562 3497 5617 habet.
3532 5561 3688 5618 Unde

2098 5637 2146 5688 si
2174 5636 2290 5703 quis
2314 5650 2503 5689 curare
2535 5633 2675 5697 velit,
2712 5649 2841 5701 opus
2860 5646 2939 5688 est
2967 5642 3027 5687 ut
3058 5634 3300 5689 tollatur.
3330 5633 3449 5687 "ac
3482 5633 3685 5687 simili-

2099 5705 2277 5759 tudine
2313 5705 2380 5758 ad
2425 5721 2531 5759 rem
2560 5706 2884 5773 propositam
2927 5704 3214 5759 admodum
3241 5703 3519 5761 commoda
3552 5718 3681 5758 usus

2098 5784 2194 5828 est.
