3992 6450
272 349 339 410 ’67
1356 362 1447 418 DE
1483 352 1697 420 ᾹΝΙΜΑ
1739 363 1827 420 ΕΤ
1865 364 1878 418 Ι

1979 362 2466 427 mansurumve.
3466 356 3537 411 ⁵⁸

291 468 457 543 μένην
481 465 587 538 τὴν
615 470 762 545 πρὸς
796 473 859 527 rb
886 475 1127 546 κρεῖττον
1156 478 1509 551 συνεισφορὰν
1532 482 1644 543 τοῖς
1678 479 1866 553 ἐναρέ-

1979 493 2310 541 enascentes.
2335 486 2467 553 Quae
2495 492 2677 558 partes
2693 483 2909 555 quidem
2933 479 3107 551 ipsius
3138 489 3280 539 esse,
3305 486 3372 529 eo
3391 470 3538 542 quod

294 580 420 627 τοις.
462 563 554 636 Τῷ
604 582 669 619 τε
716 566 834 639 γὰρ
880 568 1077 640 Δανιὴλ
1125 569 1343 635 ἔπαινος
1377 568 1445 642 ἦν
1486 573 1522 642 ἡ
1567 572 1871 642 ἐπιθυμία·

295 654 390 710 καὶ
426 654 457 707 ὁ
481 655 669 720 Φινεὲς
715 656 798 728 τῷ
831 657 986 729 θυμῷ
1019 659 1108 713 τὸν
1153 659 1284 713 Θεὸν
1317 661 1573 715 ίλεώσατο
1598 663 1708 733 (11)
1730 677 1746 694 ⁶
1778 661 1874 716 καὶ

299 746 471 817 ἀρχὴν
497 747 695 817 σοφίας
738 748 903 817 φόϐον
952 749 1247 821 ἐμάθομεν,
1280 752 1506 824 καὶτῆς
1550 753 1691 807 κατὰ
1740 752 1874 808 Θεὸν

297 837 473 908 λύπης
501 839 777 911 σωτηρίαν
810 836 950 896 εἶναι
975 842 1036 896 τὸ
1073 843 1246 916 πέρας
1277 844 1388 915 (12)
1427 845 1577 916 παρὰ
1608 846 1701 901 τοῦ
1735 845 1877 900 Παύ-

297 929 393 983 λου
412 929 750 1002 ἠκούσαμενο
778 932 889 986 τῶν
913 951 972 987 τε
1000 934 1186 989 δεινῶν
1207 934 1304 1008 τὴν
1332 938 1733 1009 καταφρόνησιν
1749 956 1872 994 νου-

297 1019 449 1075 θετεῖ
481 1022 592 1092 (15)
618 1023 751 1093 ἡμῖν
772 1022 837 1076 τὸ
872 1025 1234 1094 Εὐαγγέλιονο
1267 1026 1361 1081 καὶ
1394 1027 1456 1081 τὸ
1487 1028 1562 1100 μὴ
1593 1028 1872 1098 φοϐεῖσθαι

297 1112 530 1183 πτόησιν
564 1113 717 1167 οὐδὲν
750 1114 877 1169 ἄλλο
904 1116 937 1186 ἢ
969 1116 1062 1171 τοῦ
1109 1117 1343 1189 θράσους
1372 1120 1520 1173 ἐστὶν
1541 1121 1831 1193 ὑπογραφὴ
1854 1134 1868 1153 ⁸

293 1203 436 1274 ὅπερ
475 1205 534 1257 ὲν
573 1204 798 1273 ἀγαθοῖς
844 1207 949 1259 ὑπὸ
981 1207 1081 1277 τῆς
1125 1208 1323 1276 Σοφίας
1362 1210 1700 1265 κατείλεκται
1735 1212 1868 1283 (14).

293 1294 548 1350 Δείκνυσι
571 1296 750 1350 τοίνυν
777 1297 865 1353 διὰ
895 1298 1004 1352 τῶν
1027 1299 1280 1353 τοιούτων
1303 1300 1415 1372 (15)
1444 1303 1472 1354 ὁ
1498 1301 1675 1370 λόγος,
1699 1303 1760 1356 τὸ
1791 1303 1867 1377 μὴ

294 1386 448 1457 πάθη
475 1386 546 1441 τὰ
579 1388 802 1443 τοιαῦτα
838 1390 947 1460 (16)
986 1391 1098 1444 δεῖν
1131 1390 1243 1462 (17)
1283 1390 1489 1444 οἴεσθαι
1514 1410 1529 1425 ·
1569 1393 1630 1446 οὐ
1654 1392 1763 1465 γὰρ
1800 1393 1867 1447 ἂν

294 1475 436 1546 πρὸς
483 1476 688 1548 ἀρετῆς
733 1479 1071 1549 κατόρθωσιν
1120 1482 1615 1555 συμπαραληφθείη
1649 1482 1761 1556 (18)
1800 1484 1867 1539 τὰ

1970 582 2180 648 agnata;
2213 577 2347 641 sint,
2380 593 2489 635 non
2521 587 2697 634 tamen
2728 577 2781 632 id
2815 591 2940 631 esse
2966 571 3353 629 existimantur
3392 564 3539 634 quod

1968 668 2149 723 anima
2183 684 2248 725 ex
2277 671 2362 727 sui
2391 679 2586 727 natura
2612 680 2776 741 atque
2796 667 3034 724 essentia
3065 657 3529 729 est.—-G.Atqui,

1974 771 2087 813 non
2102 760 2583 831 parvum,inquam
2605 757 2968 827 advirginem,
2982 754 3179 812 virtute
3200 751 3444 826 praeditis
3467 750 3540 806 ab

1968 847 2055 902 his
2082 846 2263 904 all‘erri
2289 847 2538 905 videmus
2578 849 2648 903 ad
2680 850 2881 903 bonum
2940 846 3337 915 adjumentum.
3398 841 3537 897 Nam

1968 947 2024 995 et
2046 939 2254 996 Danieli
2287 942 2434 997 laudi
2457 940 2729 1011 cupiditas
2745 948 2899 1009 erat;
2920 946 2975 995 et
3007 937 3241 992 Phinees
3263 935 3344 989 ira
3366 932 3536 987 Deum

1969 1032 2242 1103 placavit;
2269 1033 2554 1090 etinitium
2584 1032 2886 1104 sapientiae,
2917 1031 3168 1085 timorem
3186 1040 3311 1082 esse
3338 1022 3541 1077 didici-

1970 1136 2132 1179 mus:
2162 1130 2325 1193 atque
2351 1124 2493 1194 ejus,
2531 1124 2623 1195 qui
2655 1122 2958 1181 secundum
2994 1119 3164 1176 Deum
3198 1124 3283 1173 est
3331 1111 3540 1169 doloris

1969 1212 2132 1268 ﬁnem
2167 1228 2198 1268 a
2230 1213 2402 1270 Paulo
2430 1214 2773 1281 audivimus;
2830 1222 2885 1269 et
2948 1225 3133 1267 rerum
3185 1208 3541 1261 adversarum

1970 1311 2135 1375 διθιιθ
2179 1320 2496 1376 asperarum
2551 1312 2923 1376 contemptum
2975 1300 3326 1370 Evangelium
3383 1294 3542 1350 nobis

1971 1396 2308 1467 praescribit:
2336 1404 2393 1453 et
2420 1412 2527 1452 non
2558 1410 2924 1467 expavescere
2951 1394 3018 1448 ad
3050 1408 3139 1448 res
3168 1388 3444 1445 terribiles
3486 1393 3544 1440 et

1971 1502 2135 1544 casus
2164 1487 2446 1553 adversos,
2485 1488 2621 1543 nihil
2650 1494 2736 1544 est
2756 1487 2903 1541 aliud
2941 1500 3102 1556 quam
3139 1473 3547 1548 audaciaa'prza.

1973 1577 2202 1648 scriptio
2233 1596 2246 1632 :
2276 1594 2398 1648 quae
2430 1578 2659 1635 audacia
2707 1578 2762 1633 in
2813 1577 2974 1632 bonis
3005 1591 3034 1630 a
3076 1572 3356 1644 Sapientia
3409 1584 3545 1625 con-

292 1665 631 1713 numeratur.
652 1657 902 1715 Ostendit
930 1651 1099 1731 igitur
1124 1663 1405 1734 Scriptura
1429 1681 1525 1738 per
1553 1666 1688 1732 haec,
1707 1667 1853 1738 quod
1881 1682 1991 1724 non
2019 1671 2445 1727 existimandum
2470 1673 2564 1737 sit,
2596 1670 2726 1726 talia
2751 1669 3067 1726 allectiones
3092 1682 3217 1724 esse
3242 1676 3405 1736 atque
3424 1678 3546 1735 per-

295 1747 643 1805 turbationes
683 1767 698 1804 :
739 1767 850 1808 non
881 1756 1025 1808 enim
1063 1753 1130 1809 ad
1160 1756 1377 1813 virtutis
1409 1759 1681 1816 actionem
1722 1761 2162 1830 perturbationes
2199 1779 2308 1820 una
2336 1764 2594 1821 adhibitae.
2630 1772 2834 1821 essent.

371 1880 448 1935 Μ.
469 1882 578 1938 Καὶ
591 1887 624 1955 ἡ
639 1883 969 1951 διδασκαλος,
980 1887 1279 1962 Ἕοικα,φη
1287 1890 1357 1957 si,
1374 1890 1470 1960 τῆς
1482 1891 1735 1963 τοιαύτης
1757 1890 1868 1945 τῶν

293 1971 572 2044 λογισμῶν
594 1978 904 2048 συγχύσεως
929 1979 1096 2050 αὐτὴν
1122 1980 1232 2051 (19)
1258 1980 1357 2052 τὴν
1381 1981 1558 2035 αἰτίαν
1583 1982 1868 2052 παρέχειν,

299 2065 378 2135 μὴ
404 2065 723 2137 διακρίνασα
744 2068 835 2123 τὸν
865 2070 991 2141 περ).
1017 2070 1205 2125 τούτου
1235 2072 1347 2143 (20)
1380 2072 1554 2141 λόγον,
1588 2073 1727 2126 ὥστε
1747 2071 1870 2129 τινὰ

294 2156 452 2223 τάξιν
474 2157 762 2213 ἀκόλουθον
791 2160 1105 2233 ἐπιτεθῆναι
1125 2165 1190 2234 τῇ
1216 2163 1438 2233 θεωρίᾳ.
1454 2164 1568 2216 Νῦν
1592 2159 1705 2229 οὖν,
1724 2164 1872 2228 ὅπως

294 2248 366 2302 ἂν
393 2246 505 2302 οἷόν
543 2268 603 2303 τε
633 2245 689 2323 ᾖ,
719 2252 1131 2323 ὲπινοηθήσεταί
1166 2271 1250 2317 τις
1281 2253 1434 2320 τάξις
1461 2254 1541 2325 τῷ
1573 2255 1869 2326 σκέμματι,

295 2340 374 2403 ὡς
404 2340 471 2394 ἂν
494 2341 560 2395 δι’
587 2341 878 2396 ἀκολούθου
908 2343 1201 2417 προϊούσης
1238 2347 1335 2416 τῆς
1364 2345 1615 2418 θεωρίας,
1643 2346 1719 2418 μὴ
1750 2346 1872 2400 καθ’

298 2433 459 2503 ἡμῶν
489 2433 598 2502 (21)
635 2437 691 2489 αἱ
734 2437 978 2491 τοιαῦται
1023 2438 1133 2503 τῶν
1177 2438 1502 2494 ἀντιθέσεων
1541 2439 1654 2509 (22)
1698 2438 1873 2510 ἔχοιεν

298 2520 504 2593 χώραν.
529 2524 714 2594 Φαμὲν
739 2525 846 2598 γὰρ
873 2526 971 2596 τῆς
992 2526 1170 2598 ψυχῆς
1192 2528 1292 2599 τὴν
1322 2528 1420 2599 μὲν
1450 2528 1790 2601 θεωρητικήν
1813 2545 1872 2583 τε

301 2616 395 2668 κα).
434 2616 775 2688 διακριτικὴν
820 2618 1049 2673 καὶτῶν
1091 2619 1258 2673 ὄντων
1301 2620 1601 2691 ὲποπτικὴν
1647 2620 1874 2691 δύναμιν

299 2707 508 2761 οἰκείαν
529 2705 667 2761 εἶναι
690 2708 786 2762 καὶ
811 2709 950 2763 κατὰ
973 2709 1134 2779 φύσιν
1159 2711 1328 2784 αὐτὴν
1363 2712 1495 2783 (25),
1529 2713 1624 2767 καὶ
1650 2713 1741 2768 διὰ
1759 2712 1872 2782 (21)

299 2798 402 2870 τῆς
430 2798 692 2864 θεοειδοῦς
721 2801 959 2872 χάριτος,
1002 2801 1090 2855 διὰ
1125 2802 1282 2857 τοῦτο
1315 2804 1426 2874 (25)
1460 2801 1654 2868 σώζειν
1684 2806 1743 2857 ὲν
1786 2804 1877 2857 αὐο

300 2891 369 2959 τῇ
405 2888 517 2959 (20)
556 2889 655 2960 τὴν
709 2891 914 2946 εἰκόνα.
943 2892 1097 2945 Ἐπεὶ
1143 2894 1239 2947 καὶ
1279 2893 1342 2946 τὸ
1385 2893 1559 2960 Θεῖον,
1591 2895 1640 2956 ὅ,
1664 2893 1717 2946 τί
1745 2911 1876 2948 ποτε

302 2980 447 3033 κατὰ
492 2979 590 3051 τὴν
624 2981 785 3053 φύσιν
829 2982 997 3049 ἐστὶν,
1041 2985 1098 3036 ὲν
1133 2985 1342 3050 τούτοις
1368 2987 1397 3039 ὁ
1443 2986 1702 3056 λογισμὸς
1732 2981 1876 3040 εἶναι

305 3072 623 3142 στοχάζεται
647 3088 660 3102 ’
697 3076 754 3127 ὲν
778 3074 853 3145 τῷ
885 3074 1093 3145 ἀφορᾷν
1117 3076 1230 3146 (27)
1256 3086 1316 3131 τε
1345 3077 1413 3131 τὰ
1440 3078 1619 3132 πάντα
1647 3079 1743 3131 καὶ
1759 3077 1877 3132 δια-

2056 1898 2126 1960 Μ,
2147 1898 2215 1955 Et
2232 1894 2511 1967 magistra,
2525 1892 2742 1962 Videor,
2764 1891 3096 1965 inquit,talis
3112 1888 3380 1945 rationum
3409 1906 3548 1946 con-

1969 1986 2208 2043 {usionis
2238 1988 2360 2056 ipsa
2389 2001 2615 2043 causam
2672 1986 2941 2057 prtebere,
2989 2000 3111 2054 qua:
3142 1999 3248 2039 non
3282 1984 3551 2039 distinxe-

1969 2079 2073 2132 rim
2112 2092 2177 2132 ac
2214 2078 2565 2134 discreverim
2599 2091 2908 2133 sermonem
2940 2076 3008 2129 de
3052 2076 3155 2129 hac
3189 2090 3269 2138 re,
3310 2090 3420 2145 quo
3449 2074 3550 2127 ali-

1971 2169 2096 2238 quis
2122 2168 2255 2224 ordo
2275 2174 2680 2224 consentaneus
2726 2166 3090 2243 speculationi
3142 2176 3304 2238 atque
3349 2173 3552 2220 tracta-

1971 2260 2108 2315 tioni
2157 2260 2530 2316 adhiberetur.
2592 2256 2750 2314 Nunc
2782 2258 2951 2329 igitur
3011 2257 3192 2328 quoad
3251 2257 3372 2326 ejus
3434 2257 3550 2311 ﬁeri

1972 2351 2196 2422 poterit,
2233 2350 2639 2421 excogitabitur
2658 2350 2858 2419 aliquis
2883 2350 3020 2404 ordo
3074 2348 3547 2412 commcntationi,

1974 2451 2033 2497 ut
2064 2458 2162 2513 per
2179 2441 2627 2512 consequentiam
2677 2440 3010 2509 procedente
3040 2440 3432 2511 speculatione,
3469 2447 3554 2493 ta-

1972 2535 2053 2590 les
2075 2533 2543 2589 contradictiones
2573 2532 2805 2601 amplius
2842 2531 3022 2586 locum
3052 2532 3194 2586 inter
3213 2545 3315 2585 nos
3339 2545 3444 2583 non
3463 2529 3556 2582 lia-

1973 2625 2156 2681 beant.
2188 2623 2434 2679 Dicimus
2462 2624 2606 2679 enim
2644 2625 2839 2678 animae
2868 2622 3087 2693 quidem
3137 2621 3553 2693 speculatricem

1973 2723 2029 2770 et
2053 2715 2510 2786 dijudicatricem,
2545 2729 2842 2784 rerumque
2868 2713 3251 2783 inspectricem
3284 2713 3392 2766 vim
3434 2711 3556 2782 ejus

1975 2804 2251 2875 propriam
2292 2818 2419 2859 esse
2457 2818 2521 2858 ac
2544 2804 2870 2869 naturalem,
2919 2802 3145 2872 ejusque
3205 2801 3393 2872 gratia:
3448 2815 3557 2870 qua

1976 2893 2090 2949 Deo
2118 2893 2314 2948 similis
2341 2900 2447 2957 est,
2492 2909 2587 2963 per
2615 2893 2730 2948 haec
2787 2893 2934 2946 illam
2987 2892 3044 2946 in
3098 2906 3219 2947 sese
3266 2889 3557 2961 imaginem

1976 2999 2325 3040 conservare.
2356 2984 2627 3050 Quoniam
2660 2985 3084 3040 ratiocinatione
3139 2992 3194 3039 et
3238 2982 3558 3051 conjectura

1978 3075 2258 3145 colligitur
2314 3074 2560 3129 divinum
2624 3090 2844 3147 quoque
2912 3091 3114 3131 numen
3172 3074 3561 3145 (quodcunque

303 3165 509 3236 κρίνειν
542 3166 603 3218 τὸ
632 3165 794 3219 καλὸν
822 3167 929 3221 ἀπὸ
958 3167 1051 3222 τοῦ
1090 3169 1350 3241 χείρονος.
1385 3170 1526 3224 Ὅσα
1553 3171 1610 3224 δὲ
1638 3169 1738 3240 τῆς
1771 3168 1875 3239 ψυ-

1979 3167 2200 3222 tandem
2228 3167 2283 3222 id
2311 3183 2376 3223 ex
2405 3167 2490 3222 sui
2522 3174 2718 3222 natura
2750 3167 2856 3238 est)
2877 3168 2930 3221 in
2950 3168 3381 3236 liisoccupatum
3414 3179 3559 3225 esse,

304 3256 407 3327 χῆς
431 3257 489 3309 ὲν
527 3255 762 3328 μεθορίῳ
794 3262 968 3313 κεῖται
1011 3260 1147 3331 πρὸς
1181 3261 1438 3332 ἑκάτερον
1469 3260 1578 3314 τῶν
1622 3260 1880 3315 ἐναντίων

304 3348 619 3419 ὲπιρῤεπῶς
661 3349 802 3403 κατὰ
829 3350 924 3422 τὴν
955 3352 1090 3405 ἰδίαν
1126 3351 1288 3419 φύσιν
1329 3351 1520 3422 ἔχοντα
1551 3352 1697 3422 (28)·
1731 3344 1806 3408 ὧν
1842 3355 1877 3424 ή

306 3438 435 3492 ποία
464 3437 576 3509 (29)
604 3440 818 3510 χρῆσις,
847 3441 880 3512 ἢ
910 3440 1044 3511 πρὸς
1090 3441 1152 3494 τὸ
1185 3441 1348 3495 καλὸν
1376 3442 1407 3511 ἢ
1456 3445 1593 3512 πρὸς
1634 3442 1696 3496 τὸ
1722 3444 1880 3498 ὲναν-

305 3529 419 3583 τίον
456 3528 577 3598 ἄγει
607 3530 704 3601 τὴν
732 3531 974 3598 ἔκϐασιν,
1013 3527 1126 3585 οἷον
1160 3531 1250 3586 τὸν
1285 3531 1477 3601 θυμὸν.
1509 3531 1542 3602 ἢ
1576 3532 1666 3585 τὸν
1694 3532 1878 3602 φόϐον,

308 3621 342 3690 ἢ
370 3621 425 3675 εί
457 3639 509 3676 τι
541 3622 602 3675 τὸ
635 3623 874 3676 τοιοῦτον
898 3624 1009 3694 (50)
1042 3623 1149 3679 τῶν
1182 3625 1241 3676 ἐν
1270 3627 1335 3695 τῇ
1385 3623 1529 3695 ψυχῇ
1565 3624 1882 3695 κινημάτων

308 3712 475 3774 ἐστὶν,
502 3705 577 3766 ὧν
598 3713 725 3767 ἄνευ
751 3713 849 3767 οὐκ
874 3714 1019 3769 ἔστιν
1045 3716 1390 3787 ἀνθρωπίνην
1415 3715 1754 3787 θεωρηθῆναι
1781 3717 1880 3786 φύ-

311 3819 430 3858 σινο
488 3804 657 3858 ταῦτα
704 3804 900 3870 ἔξωθεν
943 3807 1288 3876 ἐπιγενέσθαι
1327 3806 1438 3879 (51)
1484 3808 1621 3880 αὐτῇ
1670 3809 1880 3878 λογιζό-

315 3895 454 3967 μεθα
480 3895 612 3964 (52),
632 3896 718 3949 διὰ
749 3897 810 3949 τὸ
840 3896 915 3967 τῷ
941 3898 1232 3970 ἀρχετύπῳ
1264 3899 1449 3955 κάλλει
1481 3901 1685 3971 μηδένα
1710 3899 1885 3956 τοιοῦ-

310 4006 403 4042 τον
445 3987 845 4058 ὲνθεωρηθῆναι
880 3989 990 4059 (55)
1042 3991 1385 4063 χαρακτῆρα.
1434 3991 1491 4044 Ὀ
1535 3990 1593 4044 δὲ
1635 3990 1699 4063 δὴ
1754 3990 1885 4063 περ).

310 4080 517 4135 τούτων
547 4080 704 4148 λόγος
747 4082 876 4151 ἡμῖν
900 4081 1010 4153 (54)
1038 4082 1114 4146 ὡς
1156 4084 1214 4137 ἐν
1239 4082 1525 4153 γυμνασίῳ
1553 4081 1882 4154 προκείσθω,

313 4174 390 4239 ὡς
420 4174 486 4227 ἄν
530 4174 782 4243 διαφύγοι
819 4174 925 4229 τῶν
982 4176 1392 4246 συκοφαντικῶς
1436 4175 1741 4230 ἀκουόντων
1784 4173 1887 4239 τὰς

314 4263 595 4335 ἐπηρείας,
629 4264 733 4335 ὀδῷ
759 4282 863 4319 τινι
907 4265 1000 4318 καὶ
1044 4265 1251 4331 τάξεως
1295 4265 1587 4336 ἀκολουθίᾳ
1628 4263 1764 4336 πρὸς
1789 4263 1888 4335 τὴν

312 4354 752 4427 ἀνθρωποποιῖαν
788 4355 1027 4428 ὁρμῆσαι
1061 4357 1120 4410 τὸ
1160 4355 1314 4412 Θεῖον
1345 4356 1608 4427 διηγεῖται
1639 4357 1669 4410 ό
1708 4353 1885 4422 λόγος.

384 4598 509 4666 (11)
547 4597 881 4654 Ἰλεώσατο.
908 4601 952 4653 Α
974 4598 1312 4663 ὲξιλεὼσατο.

382 4669 497 4737 (12)
540 4669 610 4723 Τὸ
632 4670 814 4737 πέρας
845 4670 987 4725 delet
1018 4671 1077 4723 Β.

384 4738 497 4812 (⁸15)
538 4738 589 4791 Ν
594 4740 841 4812 avderet”.
862 4742 907 4793 Α
934 4742 975 4792 Β
996 4743 1292 4812 νομοθετεῖ.

536 4811 940 4887 Ιξᾳτείλεκζαι.
974 4809 1481 4887 Β-καταλέλεικται.

386 4879 500 4949 (15)
542 4879 667 4932 Τῶν
694 4880 994 4934 τοιούτων.
1021 4882 1061 4933 Β
1091 4883 1314 4939 τούτων.
1359 4882 1632 4939 Caeterum
1665 4883 1731 4938 ad
1779 4882 1896 4939 haec

312 4951 481 5005 verba
506 4950 559 5003 in
586 4950 735 5004 calce
758 4949 967 5004 codicis
997 4953 1040 5005 A
1066 4953 1207 5008 hanc
1239 4965 1422 5007 notam
1450 4955 1665 5010 invenis
1692 4973 1705 5008 :
1737 4956 1898 5008 Δοκεῖ

316 5019 478 5095 ἐντῷ
506 5019 743 5095 κειμένῳ
774 5019 1059 5095 ἐλλείπειν,
1106 5018 1274 5095 οὗπέρ
1296 5026 1447 5081 ἐστιν
1486 5026 1518 5093 ἡ
1547 5025 1893 5095 διασάφησις.

316 5089 495 5153 Πάθος
518 5107 568 5143 τι
597 5093 727 5160 περ).
763 5090 822 5143 τὸ
855 5090 1027 5214 δέρμα
1065 5094 1158 5146 τοῦ
1204 5089 1455 5165 σώματος
1486 5089 1643 5180 ἡμῶν
1666 5089 1896 5164 γίνεται,

316 5160 345 5212 ὃ
377 5159 672 5214 αυοαηκὰν
695 5158 946 5214 [μυομηκ
972 5161 1030 5214 αἶ
1054 5164 1298 5214 καλεῖται
1320 5181 1333 5194 ·
1368 5166 1652 5214 amoma-nc
1681 5165 1791 5214 γάρ
1816 5182 1896 5214 τις

315 5160 345 5236 5
377 5158 1030 5236 μυρμηκὰνῖμυρμηκία]
1054 5158 1333 5236 καλεῖταί)
1350 5158 1652 5236 μσαρκῶδης
1679 5158 1791 5236 γάρ
1816 5158 1901 5228 τις

317 5182 345 5284 ἓ
377 5182 672 5231 μυρμηκσιν
695 5182 1029 5233 (μυρμηκιαι
1054 5182 1298 5246 καλειται
1320 5182 1584 5249 "capitum
1624 5183 1652 5229 ς
1681 5182 1791 5287 γαὲ

349 5230 571 5311 ττίφυσις
603 5231 775 5311 μεκρὰ
809 5232 1160 5311 ἐξανίσταται
1196 5252 1276 5311 τῳ
1305 5234 1563 5303 δερματι,
1588 5183 1715 5311 (ﬁt;
1775 5252 1814 5311 Δο

321 5296 866 5375 μὲνμὲροςείναιᾲτοῦ
883 5302 1163 5375 δέρματος,
1283 5296 1708 5375 προσπεφυκυῖα
1730 5304 1898 5375 αὐτῷ,

315 5370 379 5423 ού
399 5370 521 5447 μὲν
538 5373 658 5447 κατ’
672 5370 956 5447 ,ἀλήθειαν
978 5370 1150 5447 certe;
1179 5370 1462 5447 ἔχει,’ξθεν
1491 5370 1591 5447 καὶ,
1615 5375 1714 5447 τὴν
1742 5370 1901 5447 ἄρσιν

314 5440 454 5516 πρὸς
508 5441 607 5516 τὴν
666 5440 962 5516 θεραπείαν
1024 5440 1289 5516 ἐπιζητεῖ.
1344 5440 1901 5516 Τούτῳῃύπόδείγμα-

315 5512 685 5651 ἶὲλξὲρήσατο
729 5512 866 5582 πρὸς
917 5512 979 5565 τὸ
1028 5512 1384 5586 προκείμενον
1439 5512 1642 5587 σφόδρα
1703 5512 1901 5570 καταλ-

418 5599 482 5650 ῳ.

391 5650 500 5720 (16)
540 5652 616 5705 Τὰ
636 5650 881 5705 τοιαῦτα
919 5651 1049 5706 δεῖν
1082 5654 1330 5709 οἴεσθαι.
1371 5656 1416 5708 Α
1456 5656 1511 5710 in
1548 5664 1697 5711 textu
1731 5654 1901 5711 ταῦτα

318 5721 437 5797 δεῖνΔ
450 5722 690 5797 οἴεσθαι,
708 5722 783 5797 ‘in
810 5723 1052 5797 margine
1081 5724 1148 5779 τὰ
1174 5725 1398 5780 τοιαῦτα
1435 5726 1779 5782 διανοεῖσθαι.

268 5846 276 5853 .
393 5791 502 5862 (17)
528 5792 665 5848 Δεῖν
690 5791 835 5848 delet
866 5792 927 5847 Β.

1633 5253 1715 5299 τις
1755 5237 1903 5288 δοκεῖ

1984 3274 2181 3329 nempe
2206 3267 2321 3313 tum
2356 3261 2410 3314 in
2437 3259 2782 3330 inspiciendo
2821 3260 3030 3321 omnia,
3064 3266 3180 3312 tum
3240 3257 3297 3311 in
3352 3256 3563 3311 discer-

1984 3351 2167 3406 nendo
2196 3352 2399 3405 bonum
2435 3366 2465 3404 a
2488 3352 2656 3406 malo.
2689 3351 3042 3420 Quaecunque
3075 3360 3255 3405 autem
3292 3347 3565 3402 inanima:

1982 3442 2226 3497 conﬁnio
2254 3442 2431 3511 posita
2475 3450 2604 3499 sunt
2637 3442 2703 3496 ad
2767 3443 3090 3496 alterutrum
3151 3455 3218 3495 ex
3268 3437 3565 3493 contrariis

1987 3533 2409 3604 propensionem
2438 3544 2491 3589 et
2518 3534 2929 3589 inclinationem
2968 3533 3125 3602 juxta
3178 3531 3263 3586 sui
3300 3538 3555 3583 naturam

1987 3620 2280 3675 habentia:
2315 3636 2550 3691 quorum
2582 3631 2764 3678 certus
2795 3620 3020 3691 quidam
3070 3634 3205 3675 usus
3240 3618 3325 3673 vel
3380 3618 3448 3672 ad
3506 3616 3561 3671 id

1986 3713 2131 3784 quod
2164 3713 2367 3769 bonum
2397 3715 2485 3771 vel
2522 3715 2667 3769 bono
2717 3711 3056 3768 contrarium
3083 3719 3169 3765 est
3202 3710 3352 3765 ducit
3405 3725 3566 3764 even-
3640 3720 3645 3725 '

1988 3814 2130 3870 tum,
2161 3807 2328 3862 veluti
2359 3807 2439 3861 ira
2467 3807 2553 3863 vel
2596 3817 2796 3873 metus,
2827 3820 2891 3860 ac
2936 3805 2981 3862 si
3032 3804 3160 3875 quid
3190 3819 3257 3860 ex
3305 3802 3566 3865 motibus,

1994 3896 2092 3966 qui
2133 3895 2191 3951 in
2220 3896 2403 3951 anima
2441 3904 2592 3965 sunt,
2622 3896 2894 3967 ejusmodi
2935 3903 3040 3958 est,
3072 3895 3194 3951 sine
3218 3893 3417 3964 quibus
3468 3892 3571 3945 hu-

1992 3985 2154 4044 mana
2188 3997 2384 4045 natura
2426 3990 2767 4046 considerari
2798 4005 2907 4045 non
2934 3996 3149 4059 potest:
3201 3987 3317 4042 haec
3359 3985 3570 4040 extrin-

1992 4097 2153 4138 secus
2186 4082 2236 4139 ei
2279 4082 2587 4138 accessisse
2636 4082 3040 4142 existimamus,
3085 4085 3371 4149 propterea
3424 4073 3569 4145 quod

1992 4173 2052 4229 in
2079 4174 2370 4245 principali
2400 4182 2456 4231 et
2482 4174 2730 4245 originali
2757 4172 3165 4243 pulchritudine
3195 4170 3403 4224 nullum
3422 4167 3572 4234 ejus-

1991 4266 2142 4321 modi
2174 4267 2391 4336 signum
2416 4274 2699 4322 cernatur.
2740 4266 2818 4321 Ac
2846 4263 3147 4334 disputatio
3192 4276 3325 4317 sane
3358 4260 3426 4315 de
3484 4259 3574 4313 his

1990 4356 2161 4412 rebus
2189 4370 2221 4411 a
2247 4356 2408 4447 nobis
2466 4356 2686 4411 interim
2724 4363 2984 4433 tan-quam
3019 4354 3074 4408 in
3129 4351 3414 4425 gymnasio
3439 4364 3568 4421 pro-

2068 4602 2181 4673 (18)
2216 4600 2792 4673 Συμπαρςιληςοθέον.
2823 4599 2865 4654 Β
2891 4600 2950 4654 οὐ
2978 4599 3291 4670 συμπαραλ.

2072 4672 2183 4741 (19)
2213 4672 2431 4739 Αὐτὴν.
2470 4672 2513 4726 Β
2545 4673 2705 4741 αὐτή.

2072 4741 2185 4808 (20)
2218 4744 2456 4797 Τούτου.
2494 4741 2538 4795 Β
2574 4741 2799 4795 τούτων.

2095 4814 2186 4883 21)
2215 4814 2311 4880 Μὴ
2342 4813 2469 4867 καθ’
2503 4810 2693 4881 ἡμῶν.
2720 4813 2765 4865 Α
2794 4811 2834 4865 Β
2862 4810 3053 4883 μηκέθ’
3086 4810 3239 4883 ημῖν,

2092 4878 2183 4951 22)
2223 4878 2617 4938 Ἀκτιθέσεώκ
2643 4882 2688 4935 A
2718 4883 2773 4935 in
2810 4878 3053 4951 margine
3086 4878 3479 4950 ἀντιῤῥήσεων.

2094 4886 2183 5018 22)
2223 4886 2617 4938 Ἀντιθέσεων.
2643 4886 2688 4935 A
2718 4886 2773 4935 in
2810 4886 3053 4951 margine
3086 4886 3116 4932 ὰ

2094 4954 2163 5007 25
2219 4955 2414 5007 Φύσιν
2444 4952 2657 5019 αὐτήν.
2692 4952 2736 5006 Α
2768 4950 2929 5021 φύσιν
2956 4950 3116 5021 αὐτῇ.

2094 5024 2186 5077 24)
2219 5023 2322 5077 Διά
2342 5022 2525 5077 delent
2553 5025 2595 5074 A
2627 5021 2686 5074 Β.

2096 5091 2187 5148 25)
2226 5094 2330 5148 Διὰ
2362 5093 2556 5147 τοῦτο.
2596 5091 2636 5144 Β
2673 5092 2761 5145 διὰ
2787 5093 3013 5146 τούτων.

2074 5157 2185 5234 (26)
2233 5164 2328 5216 Ἐν
2357 5162 2620 5234 aQt‘ﬁLA
2639 5163 2692 5216 in
2723 5165 2970 5234 margine
3002 5157 3198 5229 ἐαυτῷ.

2097 5230 2191 5304 27)
2224 5232 2492 5304 Ἀςεορᾷτς-
2535 5230 2576 5285 Β
2609 5232 2830 5304 troes?-

2097 5251 2191 5304 21)
2230 5251 2492 5302 Asc-opm».
2537 5251 2576 5285 ι)
2609 5251 2706 5303 εφο
2746 5251 2830 5303 αν.

2097 5304 2188 5372 28)
2222 5305 2414 5357 Φύσιν
2436 5302 2684 5373 ἔχοντα,
2714 5251 2762 5356 (13
2788 5303 2979 5373 ἔχοντα
3003 5300 3184 5372 φύσιν.

2078 5372 2192 5439 (29)
2233 5375 2402 5428 Ποία.
2434 5372 2477 5425 Β
2515 5372 2662 5426 ποιά.

2079 5443 2191 5513 (50)
2232 5444 2302 5500 Τὸ
2340 5442 2628 5497 τοιοῦτον.
2664 5443 2737 5496 Τό
2769 5444 2954 5497 delent
2984 5441 3027 5494 A
3057 5440 3119 5495 Β.

2079 5447 2169 5513 (50
2232 5447 2302 5500 Τὸ
2340 5447 2628 5497 τοιοῦτον.
2664 5447 2737 5496 Τό
2769 5447 2954 5497 delent
2984 5447 3027 5494 Α
3057 5447 3119 5495 Β.

2079 5447 2195 5586 (51)
2255 5513 2680 5586 Ἐπιγεξνέσθαι.
2733 5512 2780 5565 Α
2834 5513 2889 5567 in
2946 5513 3193 5582 margine
3247 5512 3577 5584 ἐπιγεγενῆη

2012 5583 2236 5650 σθαι,“Β
2263 5585 2404 5638 idem
2439 5584 2493 5636 in
2523 5591 2697 5637 textu.

2082 5655 2196 5724 (52)
2226 5652 2601 5724 ΛογιζόλιιεθαίΔ
2629 5652 2669 5706 Β
2701 5651 3140 5724 διαλογιζόμεθα.

2083 5721 2193 5791 (55)
2235 5721 2722 5797 ’,Εᾷθᾷεωρηρῆνᾳμ
2762 5724 2805 5797 11
2836 5721 3076 5797 θεωρεῖν.

2086 5797 2201 5865 (51)
2245 5794 2425 5863 Ἡμῖν.
2454 5793 2498 5847 A
2524 5792 2566 5846 Β
2595 5794 2725 5864 ἡμῖν
2751 5793 2906 5859 τέως.
2946 5792 2977 5801 ”

2069 4812 2092 5161 ἓ

2168 5024 2187 5231 Ξ
