3992 6486
341 383 346 386 ’
411 416 484 473 sa
1662 411 1724 472 s.
1764 411 2099 472 esseom:
2139 413 2433 472 NYSSENI
3614 417 3694 472 se

405 544 666 610 ponatur,
701 545 762 593 ut
789 535 1032 610 eﬂ‘ugere
1061 537 1238 621 possit
1268 551 1462 594 eorum
1489 537 1584 608 qui
1610 535 1987 593 calumniandi

2119 535 2321 609 Επειδὴ
2363 537 2476 610 γὰρ
2514 537 2745 609 συνέστη
2783 537 2843 593 τι
2885 537 3016 602 πᾶν,
3052 535 3236 601 καθὼς
3269 535 3308 608 ἡ
3340 535 3553 607 ἱστορία
3581 553 3686 608 φη·

406 645 575 686 causa
603 629 920 686 auscultant
949 629 1211 685 incursus
1240 638 1296 685 et
1325 629 1681 694 offensiones,
1723 628 1811 683 via
1847 643 1990 700 qua-

408 719 534 775 dam
562 727 618 776 et
644 721 858 776 ordinis
872 720 1268 796 consequentia
1289 720 1355 777 ad
1385 720 1720 776 creationem
1751 719 1994 776 hominis

408 811 657 866 divinum
687 827 891 868 numen
921 813 1228 870 accessisse
1255 809 1733 883 Scripturadocet.
1760 809 1990 867 Postea-

409 917 578 973 quam
635 903 784 960 enim
823 905 1061 960 condita:
1107 912 1238 961 sunt
1264 919 1356 960 res
1405 903 1698 968 universae,
1729 902 1996 974 quemad-

413 995 641 1050 modum
689 995 923 1052 historia
957 997 1113 1061 dicit,
1171 1011 1283 1052 non
1337 995 1527 1066 utique
1589 995 1778 1052 statim
1833 995 1999 1051 homo

414 1087 630 1142 exstitit
663 1088 718 1142 in
753 1097 918 1154 terra,
955 1087 1052 1144 sed
1095 1088 1244 1143 hunc
1285 1087 1506 1158 quidem
1541 1087 1757 1142 ratione
1806 1101 2001 1144 caren-

417 1176 558 1232 tium
600 1187 795 1234 natura
827 1180 1138 1248 praecessit;
1187 1186 1315 1235 ante
1345 1179 1441 1233 illa
1486 1191 1618 1234 vero
1646 1177 1894 1248 germina
1937 1191 2004 1233 ac

420 1267 620 1337 plantae
639 1267 878 1324 fuerunt.
900 1267 1174 1334 Ostendit,
1193 1269 1414 1339 opinor,
1434 1282 1534 1338 per
1551 1267 1666 1322 haec
1691 1265 2002 1337 Scriptura,

2099 628 2204 694 σὶν,
2252 629 2354 683 οὐκ
2395 628 2558 694 εὐθὺς
2597 629 2711 702 (55)
2749 632 2778 684 ό
2818 627 3107 700 ἄνθρωπος
3143 629 3202 683 ἐν
3232 630 3301 700 τῇ
3329 629 3403 700 γῇ
3454 626 3692 698 γίνεται,

2097 719 2234 775 ἀλλά
2264 721 2456 776 τούτου
2493 722 2592 794 μὲν
2622 724 2656 793 ἡ
2700 721 2812 776 τῶν
2841 721 3054 791 ἀλόγων
3087 720 3446 792 προηγήσατο
3489 718 3653 790 φύσις
3674 735 3692 750 ο

2101 812 2326 866 ἐκείνων
2374 811 2433 865 δὲ
2463 811 2534 866 τά
2579 812 2960 884 βλαστήματα.
3011 813 3318 877 Δείκνυσιν,
3373 808 3552 882 οἶμαι,
3601 810 3697 864 διὰ

2101 903 2307 959 ⁶τούτων
2351 905 2381 958 ό
2421 903 2600 974 λόγος,
2649 905 2733 958 ὅτι
2775 905 2809 976 η
2859 903 3068 976 ζωτικὴ
3111 903 3344 974 δύναμις
3398 899 3700 970 ἀκολουθίᾳ

2102 994 2211 1048 τινὶ
2240 997 2307 1066 τῇ
2351 997 2636 1067 σωματικῇ
2675 995 3081 1066 καταμίγνυται
3110 994 3294 1065 φύσει,
3328 994 3545 1066 πρῶτον
3593 990 3700 1062 μὲν

2104 1089 2218 1152 τοῖς
2252 1086 2601 1158 ἀναισθήτοις
2641 1085 2901 1141 ἐνδύουσα
2930 1084 3067 1157 (56),
3103 1084 3246 1140 κατά
3279 1083 3395 1156 (57)
3435 1083 3598 1137 τοῦτο
3634 1080 3700 1134 6t

2109 1178 2203 1233 ἐπὶ
2237 1179 2299 1233 τὸ
2335 1178 2651 1251 αἰσθητικὸν
2680 1177 2968 1250 προϊοῦσα,
3000 1173 3098 1230 εἷθ’
3131 1176 3305 1241 οὕτως
3334 1175 3472 1248 πρὸς
3497 1173 3560 1228 τὺ
3581 1188 3704 1228 νοε-

2115 1268 2208 1342 ρδν
2239 1271 2336 1325 καὶ⁸
2361 1269 2669 1341 λογιστικὸν
2692 1271 2807 1342 (58)
2833 1269 3220 1325 ἀναϐαίνουσα.

421 1359 568 1428 quod
619 1361 702 1415 vis
753 1360 938 1416 vitalis
986 1361 1182 1416 ordine
1225 1374 1293 1416 ac
1344 1358 1732 1415 vicissitudine
1781 1358 2022 1430 quadam
2061 1363 2336 1432 corporali
2383 1362 2777 1418 commiscetur
2823 1370 3056 1428 natura,
3090 1361 3331 1432 primum
3368 1357 3593 1430 quidem
3637 1355 3705 1412 in

425 1465 595 1508 sensu
637 1453 886 1508 carentia
915 1467 1040 1508 sese
1083 1459 1385 1522 penetrans
1413 1457 1470 1506 et
1493 1449 1813 1516 infundens,
1847 1459 2041 1522 postea
2077 1467 2213 1508 vero
2247 1456 2313 1509 ad
2343 1469 2512 1510 sensu
2543 1453 2833 1524 praeditum
2874 1453 3233 1524 pregrediens
3271 1470 3286 1506 :
3328 1451 3410 1507 ita
3435 1449 3708 1521 deinceps

427 1545 496 1601 ad
535 1545 590 1600 id
619 1545 766 1616 quod
801 1551 988 1600 mente
1013 1550 1179 1614 atque
1199 1542 1560 1613 intelligentia
1594 1543 1885 1614 praeditum
1919 1541 2263 1616 rationisque
2295 1546 2571 1616 particeps
2597 1553 2702 1611 est,
2733 1543 3060 1599 ascendens.

494 1637 667 1710 Igitur
701 1652 895 1692 eorum
946 1651 1071 1708 quae
1117 1642 1285 1700 sunt,
1347 1634 1500 1690 aliud
1533 1635 1760 1707 quidem
1815 1649 2016 1707 corpo-

429 1745 610 1799 reum,
633 1729 783 1784 aliud
827 1745 958 1785 vero
1005 1735 1188 1784 mente
1241 1733 1407 1798 atque
1465 1726 1825 1798 intelligentia
1872 1741 2015 1797 pra:-

430 1819 606 1875 ditum
668 1835 937 1890 prorsus;
976 1833 1302 1889 corporeum
1351 1825 1536 1874 autem
1595 1815 1746 1872 aliud
1797 1817 2016 1888 quidem

2185 1637 2396 1694 Οὐκοῦν
2420 1637 2529 1692 τῶν
2556 1638 2727 1693 ὄντων
2756 1639 2818 1692 τὸ
2847 1637 2947 1708 μὲν
2975 1633 3308 1706 σωματικὸν,
3336 1633 3398 1687 τὺ
3427 1631 3487 1686 δὲ
3517 1630 3709 1702 νοερόν

2117 1731 2237 1786 ἐστι
2284 1729 2502 1794 πάντως
2520 1741 2538 1759 ⁶
2572 1729 2667 1783 τοῦ
2715 1729 2773 1782 δέ
2825 1725 3138 1799 σωματικοῦ
3159 1764 3175 1789 ,
3207 1725 3268 1779 τὸ
3312 1724 3411 1796 μὲν
3455 1721 3708 1793 ἔμψυχόν

2118 1827 2273 1891 ἐστι,
2304 1823 2367 1878 τδ
2406 1822 2464 1876 6t
2495 1821 2722 1894 ἄψυχον.
2755 1820 3039 1892 Ἔμψνχον
3085 1819 3144 1873 δὲ
3175 1817 3320 1887 λέγω
3353 1816 3417 1870 τὸ
3469 1815 3705 1886 μετέχον

431 1913 777 1978 inanimum,
834 1911 980 1967 aliud
1024 1925 1157 1967 vero
1201 1909 1503 1966 animatum
1545 1916 1650 1966 est.
1702 1909 2015 1965 Animatum

2122 1918 2297 1991 ζωῆς·
2319 1915 2430 1973 τῶν
2451 1916 2509 1970 δέ
2528 1914 2746 1982 ζώντων
2767 1913 2900 1984 (59),
2926 1912 2998 1966 τά
3017 1911 3115 1983 μὲν
3137 1909 3386 2001 αἰσθήσει
3405 1905 3706 2001 συζῆμθ),

435 2011 618 2059 autem
671 2002 800 2059 dico
858 2001 1006 2073 quod
1055 2002 1180 2058 vitae
1234 2001 1512 2072 particeps
1555 2008 1663 2057 est.
1715 2001 1892 2072 Atque
1923 2015 2020 2056 eo-

435 2106 558 2147 rum
603 2095 724 2163 quze
779 2091 991 2158 vivunt,
1044 2091 1152 2145 alia
1191 2089 1418 2160 quidem
1479 2090 1536 2146 in
1586 2106 1754 2148 sensu
1803 2091 2018 2157 vivunt,

435 2184 543 2238 alia
596 2199 728 2240 vero
764 2183 886 2254 ejus
922 2185 1166 2255 expertia
1201 2191 1353 2239 sunt.
1399 2182 1616 2240 Rursus
1675 2199 1844 2240 sensu
1888 2199 2024 2256 pra:-

434 2277 675 2333 ditorum
715 2277 820 2330 alia
865 2275 1106 2346 quidem'
1146 2275 1360 2330 ratione
1397 2275 1624 2346 praedita
1649 2315 1667 2343 ,
1719 2276 1828 2331 alia
1891 2290 2026 2332 vero

439 2367 680 2424 rationis
713 2366 963 2436 expertia
1012 2375 1164 2422 sunt.
1207 2365 1478 2432 Quoniam
1529 2380 1659 2439 ergo
1688 2381 1859 2424 sensu
1897 2381 2029 2437 prte-

440 2458 555 2514 dita
594 2457 703 2513 vita
757 2457 966 2527 absque
1011 2455 1241 2512 materia
1290 2455 1594 2512 consistere
1645 2471 1755 2512 non
1805 2456 1980 2527 possit
2009 2495 2027 2520 ,

443 2554 500 2603 et
541 2547 688 2618 quod
754 2554 936 2602 mente
997 2544 1289 2616 praeditum
1339 2555 1426 2601 est
1481 2545 1644 2601 aliter
1700 2546 1758 2601 in
1799 2561 2031 2618 corpore

443 2655 570 2696 esse
602 2647 856 2710 nequeat,
890 2638 996 2694 nisi
1031 2637 1085 2693 vi
1131 2636 1403 2694 sentiendi
1443 2636 1792 2704 inha'reseat,
1827 2637 1932 2691 hac
1963 2637 2031 2694 de

445 2748 615 2788 causa
655 2732 820 2788 homo
854 2739 1136 2802 postremo
1186 2731 1308 2785 loco
1345 2728 1602 2786 conditus
1661 2745 1787 2786 esse
1863 2727 2035 2784 tradi—

446 2833 560 2891 tur,
593 2832 652 2880 ut
693 2824 786 2896 qui
841 2838 1063 2880 omnem
1109 2823 1330 2879 vitalem
1356 2823 1595 2894 speciem
1621 2861 1636 2888 ,
1658 2829 1715 2878 et
1760 2829 1882 2878 eam
1912 2836 2035 2893 quae

449 2917 508 2972 in
537 2915 898 2988 germinibus,
936 2921 991 2970 et
1024 2929 1144 2970 eam
1187 2929 1308 2984 quae
1357 2914 1414 2968 in
1467 2914 1648 2968 brutis
1699 2913 2037 2967 animadver-

2119 2009 2190 2065 τά
2231 2010 2452 2080 ἀμοιρεῖ
2481 2005 2704 2077 ταύτης.
2739 2003 2909 2060 Πάλιν
2947 2003 3055 2057 τῶν
3091 1999 3458 2072 αἰσθητικῶν,
3501 1998 3571 2052 τά
3607 1995 3710 2069 μὲν

2119 2100 2318 2170 λογικά
2344 2101 2485 2166 ἐστι,
2509 2097 2579 2152 τά
2605 2097 2662 2150 δέ
2685 2097 2876 2165 ἀλογα.
2917 2095 3068 2148 Ἐπεὶ
3091 2091 3185 2148 οῦν
3205 2094 3240 2163 ἡ
3268 2087 3563 2162 αἰσθητικὴ
3588 2087 3708 2158 ζωὴ

2121 2194 2224 2248 οὐκ
2269 2191 2337 2247 ἂν
2381 2191 2506 2262 δίχα
2535 2190 2637 2261 τῆς
2674 2188 2807 2259 ὓλης
2859 2185 3088 2256 συσταίη
3111 2225 3128 2251 ,
3162 2183 3272 2239 οὐδ’
3309 2182 3378 2237 ἀν
3423 2180 3484 2234 τὸ
3521 2178 3716 2252 νοερὸν

2122 2284 2299 2348 ἄλλως
2329 2285 2388 2338 ἐν
2417 2281 2632 2353 σώματι
2661 2279 2894 2350 γένοιτο,
2925 2281 2999 2350 μὴ
3029 2277 3109 2349 τῷ
3140 2273 3440 2348 αἰσθητικῷ
3466 2273 3579 2343 (41)
3609 2273 3715 2344 ἐμ-

2127 2377 2418 2450 φυόμενον,
2450 2373 2641 2429 τούτου
2685 2372 2846 2445 χάριν
2885 2369 3170 2426 τελευταία
3204 2371 3239 2441 ἡ
3290 2366 3386 2421 τοῦ
3419 2363 3716 2436 ἀνθρώπου

2128 2463 2440 2536 κατασκευὴ
2462 2464 2774 2534 ἱστορεῖται,
2793 2461 2870 2526 ὡς
2892 2462 3072 2514 πᾶσαν
3092 2455 3572 2530 ἐκπεριειληφότος
3594 2453 3714 2526 (42)

2127 2558 2227 2630 τὴν
2269 2556 2507 2626 ζωτικὴν
2552 2555 2728 2619 ἰδέαν,
2755 2555 2857 2624 τήν
2886 2568 2947 2606 τε
2978 2551 3038 2606 tv
3083 2552 3196 2614 τοῖς
3232 2548 3576 2620 βλαστήμασι
3619 2543 3719 2598 καὶ

2127 2650 2230 2722 τὴν
2281 2651 2338 2704 ἐν
2381 2650 2493 2711 τοῖς
2541 2647 2755 2714 ἀλόγοις
2801 2641 3202 2715 θεωρουμένην.
3250 2639 3326 2693 Τδ
3373 2638 3471 2710 μὲν
3517 2636 3718 2708 τρέφε-

2132 2741 2258 2797 σθαί
2287 2740 2398 2814 (45)
2430 2757 2490 2793 τε
2521 2736 2779 2803 αὔξεσθαι
2803 2735 2914 2808 (ﬂ)
2935 2737 3000 2788 ἐκ
3022 2734 3123 2805 τῆς
3153 2731 3386 2802 φυτικῆς
3410 2727 3524 2799 ἔχει
3547 2727 3714 2798 ζωῆς·

2131 2833 2249 2888 ἔστι
2272 2831 2382 2903 γὰρ
2407 2830 2468 2884 τὸ
2499 2827 2738 2883 τοιοῦτον
2764 2827 2859 2882 καὶ
2891 2829 2948 2881 ἐν
2981 2824 3210 2888 ἐκείνοις
3241 2823 3390 2888 ἰδεῖν,
3417 2819 3721 2891 ἑλκομένης

2131 2943 2194 2980 τε
2227 2925 2323 2980 καὶ
2354 2923 2444 2978 διὰ
2485 2920 2653 2994 ῥιζῶν
2679 2921 2778 2992 τῆς
2803 2919 3011 2994 τροφῆς
3042 2917 3136 2970 καὶ
3165 2911 3606 2983 ἀποποιουμένης
3631 2908 3723 2964 διὰ

451 3007 620 3070 titur,
670 3007 728 3060 in
784 3020 909 3062 sese
971 3005 1295 3075 complexus
1329 3004 1424 3060 sit.
1468 3003 1604 3058 Nam
1637 3003 1708 3057 ali
1739 3002 1959 3072 quidem
1982 3017 2014 3059 e

2135 3015 2368 3090 καρπῶν
2393 3031 2455 3068 τε
2497 3013 2594 3068 καὶ
2622 3011 2838 3082 φύλλων
2856 3027 2870 3042 ο
2900 3009 2960 3064 τὸ
2995 3007 3054 3063 δὲ
3086 3006 3208 3062 κατ’
3232 3003 3484 3076 αἴσθησιν
3508 3002 3722 3056 οἰκονο-

453 3111 752 3169 augescere
793 3104 958 3165 atque
993 3109 1244 3150 crescere
1273 3135 1288 3160 ,
1321 3109 1389 3150 ex
1441 3093 1554 3148 vita
1609 3093 1921 3164 plantarum
1978 3107 2010 3148 e

2141 3108 2360 3181 μεῖσθαι
2390 3109 2454 3162 ἐκ
2480 3105 2589 3160 τῶν
2609 3103 2820 3174 ἀλόγων
2848 3101 2980 3172 ἔχει.
3011 3099 3086 3154 Τὸ
3111 3100 3168 3154 δέ
3187 3095 3522 3168 διανοητικόν
3545 3111 3607 3148 τε
3626 3093 3726 3146 καὶ

456 3190 708 3261 stirpium
766 3189 970 3246 habet:
1015 3189 1145 3244 licet
1205 3189 1352 3244 enim
1410 3187 1516 3242 tale
1559 3185 1822 3257 quiddam
1874 3185 2015 3241 etian

2138 3200 2356 3270 λογικὸν
2398 3196 2630 3270 ἄμικτόν
2673 3196 2792 3248 ἐστι
2837 3191 3038 3258 ἰδιάζον
3081 3190 3217 3262 με),
3251 3188 3343 3243 ἐπὶ
3381 3185 3586 3256 ταύτης
3623 3182 3729 3254 τῆς

457 3281 518 3336 in
553 3280 662 3336 illis
709 3279 895 3336 videre
923 3319 939 3345 ,
1003 3279 1206 3350 quippe
1244 3293 1370 3334 cum
1393 3287 1448 3332 et
1485 3276 1798 3331 attrahatur
1855 3274 2006 3330 nutri

2138 3291 2355 3362 φύσεως
2381 3289 2467 3358 ἐφ’
2497 3287 2666 3358 ἑαυτῆ
2692 3283 2805 3356 (46)
2838 3281 3234 3352 θεωρούμενον.
3281 3277 3419 3331 Ἀλλ’
3453 3276 3644 3344 ὥσπερ
3668 3271 3731 3326 τὸ

461 3381 705 3428 mentum
753 3387 854 3442 per
935 3371 1194 3434 radices,
1244 3379 1300 3425 et
1355 3383 1451 3440 per
1497 3367 1712 3425 fructus
1765 3367 1930 3423 simul
1979 3380 2015 3422 ιι

2148 3379 2468 3451 ἐφελκτικδν
2520 3378 2628 3432 τῶν
2679 3377 2994 3446 ἀναγκαίων
3047 3375 3182 3447 πρὸς
3223 3371 3323 3443 τὴν
3374 3369 3565 3440 ὑλικὴν
3615 3365 3730 3436 (47)

463 3463 596 3519 folia
642 3471 974 3518 excernatur
1003 3470 1059 3516 et
1101 3461 1422 3530 rejiciatur:
1467 3459 1610 3530 quod
1651 3466 1832 3514 autem
1876 3473 2015 3515 senm

2150 3469 2296 3542 ζωὴν
2325 3471 2359 3542 ῆ
2388 3469 2548 3539 φύσις
2571 3468 2704 3539 ἔχει,
2729 3469 2865 3540 ὅπερ
2895 3469 2951 3520 ἐν
2969 3467 3103 3537 ἡμῖν
3132 3463 3421 3534 γενόμενον
3448 3457 3626 3530 ὄρεξις
3645 3456 3734 3508 λὲο

463 3553 833 3625 gubernatur,
869 3565 900 3605 a
943 3551 1121 3606 brutis
1159 3560 1212 3604 et
1253 3549 1466 3605 ratione
1501 3548 1818 3604 carentibus
1858 3547 2015 3603 habet

2149 3577 2326 3630 γεται.
2361 3556 2534 3612 Τοῦτο
2573 3557 2632 3612 δέ
2668 3575 2847 3628 φαμεν
2879 3557 2974 3610 τοῦ
3024 3552 3256 3625 φυσικοῦ
3295 3550 3408 3620 (48)
3454 3549 3555 3619 τῆς
3589 3546 3736 3617 ζωῆς

466 3645 538 3699 At
574 3645 660 3700 vis
689 3643 968 3715 cogitandi
1029 3657 1096 3698 ac
1143 3641 1508 3698 ratiocinandi
1564 3641 1619 3695 in
1674 3639 1776 3694 hac
1848 3648 2015 3694 natura

2151 3652 2326 3716 εῐδους
2351 3645 2521 3704 εἶναι·
2554 3650 2678 3702 ἐπεὶ
2708 3649 2766 3702 δὲ
2799 3647 2908 3720 (49)
2936 3647 3030 3701 καί
3058 3647 3116 3700 ἐν
3153 3643 3380 3705 ἐκείνοις
3407 3641 3553 3694 ἐστιν
3584 3639 3736 3703 ἰδεῖν,

470 3737 621 3793 nulla
671 3736 998 3792 admistione
1053 3745 1334 3802 concreta,
1392 3733 1488 3790 sed
1553 3733 1848 3805 peculiaris
1923 3738 2010 3787 est

2154 3737 2266 3796 οἷόν
2293 3757 2445 3804 τινας
2474 3739 2652 3811 όρμάς
2692 3739 2805 3809 (50)
2841 3737 3085 3808 φυσικῶς
3131 3731 3525 3806 ἐνεργουμὲνας
3558 3731 3618 3782 ἐν
3661 3726 3742 3796 τῷ

471 3843 595 3898 qua:
642 3842 739 3897 per
767 3841 828 3882 se
855 3827 1147 3896 separatim
1180 3825 1584 3881 consideratur.
1621 3823 1729 3878 Sed
1787 3821 2015 3892 quemad

2155 3831 2500 3904 πληροῦσθαί
2535 3848 2596 3885 τε
2635 3831 2730 3884 τοῦ
2765 3829 2968 3884 οἰκείου
2997 3827 3093 3882 καὶ
3129 3827 3298 3898 ὀργᾷν
3329 3823 3443 3894 (51)
3471 3819 3610 3892 πρὸς
3641 3819 3744 3890 τὴν

477 3918 696 3974 modum
767 3917 1210 3974 necessariorum
1280 3917 1652 3972 attractricem
1698 3915 1809 3970 vim
1860 3923 2015 3970 natur

2162 3923 2391 3993 ἔκφυσιν
2413 3941 2426 3954 ·
2451 3920 2596 3976 οὕτω
2620 3923 2714 3976 καὶ
2741 3923 2840 3976 ὅσα
2867 3922 2968 3990 τῆς
2997 3918 3191 3988 ἀλόγου
3220 3914 3331 3988 (5‘2)
3361 3912 3577 3984 φύσεώς
3597 3914 3744 3966 ἐστιν

478 4009 646 4066 habet
693 4025 722 4064 a
764 4009 878 4064 vita
924 4009 1214 4074 materiali,
1267 4025 1392 4080 qua:
1421 4009 1504 4065 vis
1549 4008 1594 4063 si
1635 4008 1692 4062 in
1729 4007 1890 4063 nobis
1934 4006 2015 4064 fue

2165 4015 2300 4078 ἴδια,
2332 4013 2508 4070 ταῦτα
2537 4013 2615 4086 τῷ
2645 4011 2816 4084 νοερῷ
2846 4012 2946 4082 τῆς
2983 4011 3158 4082 ψυχῆς
3191 4004 3518 4077 κατεμίχθη.
3567 4002 3745 4057 Ἐκείο

477 4103 575 4168 rit,
610 4103 884 4174 appetitus
925 4101 1150 4156 dicitur.
1195 4099 1324 4154 Eam
1363 4106 1546 4155 autem
1579 4099 1686 4152 vim
1730 4099 1798 4154 de
1846 4099 2015 4168 plant:

2165 4123 2293 4171 νων,
2331 4105 2518 4178 φησὶν,
2552 4107 2583 4160 ὁ
2630 4103 2822 4174 θυμὸς,
2858 4103 3080 4156 ἐκείνων
3120 4101 3150 4154 ό
3193 4097 3377 4168 φόϐος,
3420 4095 3646 4150 ἐκείνων
3684 4093 3750 4147 τά

480 4207 601 4247 rum
636 4195 760 4249 vitae
793 4194 976 4264 specie
1019 4207 1144 4248 esse
1185 4191 1466 4248 dicimus:
1503 4192 1706 4262 quippe
1749 4205 1874 4247 cum
1920 4191 2015 4246 eti

2168 4197 2304 4253 ἄλλα
2344 4177 2522 4252 πάντα
2551 4197 2654 4250 ὅσα
2681 4195 2824 4250 κατὰ
2849 4194 2910 4248 τὺ
2939 4192 3178 4248 ἐναντίον
3210 4193 3268 4244 ἐν
3300 4191 3433 4262 ἡμῖν
3465 4177 3576 4258 (55)
3601 4187 3752 4256 ἐνερο

481 4285 590 4342 illis
636 4285 800 4342 liceat
857 4285 1041 4341 videre
1115 4293 1378 4355 tanquam
1434 4281 1728 4339 facultates
1785 4282 2015 4353 quasda:

2169 4290 2344 4357 γεῖται
2367 4327 2384 4351 ,
2419 4287 2559 4358 πλὴν
2589 4285 2687 4356 τῆς
2715 4285 2940 4355 λογικῆς
2983 4300 3042 4336 τε
3076 4281 3173 4336 καὶ
3201 4269 3548 4348 διανοητικῆς
3593 4273 3754 4328 δυνά-

481 4378 810 4435 naturaliter
837 4380 948 4433 vim
981 4393 1136 4434 suam
1163 4386 1502 4444 exercentes,
1540 4376 1668 4432 dum
1699 4384 1754 4432 et
1781 4376 2015 4447 replentt

2173 4395 2338 4449 μεως·
2366 4377 2394 4430 ὃ
2423 4377 2488 4448 δὴ
2524 4377 2682 4448 μόνον
2713 4377 2813 4448 τῆς
2849 4375 3123 4446 ἡμετέρας
3161 4372 3306 4442 ζωῆς
3331 4369 3442 4441 (54)
3476 4365 3755 4438 ἐξαίρετον

481 4485 550 4524 eo
579 4470 724 4539 quod
756 4471 954 4540 cuique
997 4472 1277 4540 proprium
1313 4478 1368 4524 et
1397 4469 1742 4525 commodum
1789 4468 1972 4533 fuerit,
2006 4487 2015 4520 ‹

2168 4473 2226 4524 ἐν
2251 4470 2432 4540 ἑαυτῷ
2455 4469 2591 4539 (55),
2617 4467 2798 4532 καθὼς
2826 4469 3062 4540 εἰρηται,
3097 4463 3192 4518 τοῦ
3233 4462 3379 4516 θείου
3407 4459 3756 4533 χαρακτῆρος

485 4559 840 4629 impelluntur
867 4576 930 4615 ac
962 4567 1180 4630 turgent
1201 4559 1268 4614 ad
1290 4560 1648 4614 crescendum
1675 4569 1726 4615 et
1749 4560 2015 4630 germinat

2169 4561 2291 4633 ἔχον
2322 4562 2421 4633 τὴν
2471 4562 2718 4632 μίμησιν.
2766 4560 2906 4614 Ἀλλ’
2935 4559 3123 4626 ἐπειδὴ
3171 4556 3312 4612 κατά
3342 4553 3436 4607 τὸν
3477 4553 3577 4622 ἤδη
3622 4566 3755 4621 προ·

488 4643 618 4698 dum
649 4659 662 4696 :
691 4645 882 4702 eodem
927 4647 1092 4702 etiam
1145 4645 1305 4700 modo
1343 4661 1686 4717 quaecunque
1719 4647 1932 4703 ratione
1973 4665 2015 4703 c:

2170 4651 2500 4704 arto600tvra
2537 4651 2648 4722 (56)
2687 4651 2880 4720 λόγον,
2922 4651 3022 4704 οὐκ
3063 4649 3205 4702 ἐστιν
3250 4645 3426 4708 ἄλλως
3469 4643 3572 4712 τὴν
3610 4642 3758 4710 λογι-

492 4735 664 4792 rentis
705 4743 916 4792 natura:
955 4737 1177 4808 propria
1205 4745 1354 4803 sunt,
1385 4737 1500 4792 haec
1535 4738 1893 4810 intelligentia
1933 4755 2015 4808 pra

2119 4738 2146 4794 ἰ)
2171 4743 2273 4815 κὴν
2305 4742 2532 4814 δύναμιν
2581 4743 2902 4814 ἐγγενέσθαι
2938 4747 3007 4814 τῇ
3047 4741 3334 4812 σωματικῇ
3377 4738 3514 4808 ζωῇ,
3567 4737 3646 4807 μὴ
3671 4735 3763 4789 διὰ

491 4823 618 4882 dita:
655 4827 853 4883 animae
891 4827 1031 4898 parti
1087 4829 1351 4900 permista
1389 4835 1534 4885 sunt.
1571 4827 1729 4896 liinc,
1759 4827 1956 4898 inquit,
1981 4845 2014 4885 c

2171 4835 2279 4890 τῶν
2321 4834 2628 4907 αἰσθήσεων
2660 4834 3016 4906 ἐγγινομένην
3067 4832 3212 4904 (57)·
3257 4831 3291 4900 ἠ
3327 4829 3383 4883 δέ
3414 4827 3666 4902 αἴσθησις
3704 4832 3763 4884 ἐν

563 5031 674 5100 (55)
705 5031 927 5096 Εὐθύς.
965 5030 1006 5084 n
1043 5030 1208 5094 εὐθὺς
1230 5031 1307 5085 δέ.

563 5101 674 5163 (56)
715 5101 1077 5156 Ἐνδύουσα.
1111 5103 1156 5154 Α
1186 5101 1226 5154 Β
1251 5101 1560 5157 ἐνδύνουσα.

563 5170 678 5243 (57)
709 5170 894 5243 Κατὰ.
995 5171 1154 5242 μετά.

2270 5034 2359 5105 47)
2409 5034 2671 5102 Ὑλικήν.
2710 5035 2769 5090 lu
2800 5035 3046 5105 margine
3071 5034 3169 5104 τῆς
3195 5031 3388 5103 ὑλικῆς
3417 5031 3584 5102 ζωῆς.

2271 5104 2362 5172 48)
2399 5105 2690 5159 Φυσικοῦ.
2731 5107 2775 5159 A
2818 5104 3070 5172 φυτικοῦ.

2249 5173 2365 5240 (49)
2413 5173 2580 5228 Ἐπεὶ
2626 5175 2714 5230 δέ.
2751 5175 2794 5229 Α
2822 5175 2864 5229 Β
2890 5175 3098 5240 ἐπειδή.

567 5231 680 5310 (58)
719 5241 877 5314 Πρὸς
900 5231 1338 5314 τὸᾶοᾼερόν-καί
1361 5243 1563 5314 λογιᾳ.
1597 5239 1643 5294 Α
1664 5241 1810 5314 πρὸς
1838 5239 1906 5314 ,τὸ
1932 5239 2081 5309 λογιο
2250 5231 2364 5314 (50)
2422 5243 2649 5314 Ὀρμᾴς,
2681 5246 2726 5299 Α
2751 5245 2808 5300 in
2840 5231 3083 5314 marginé
3113 5241 3386 5314 ἀφορμάς,

502 5309 679 5385 κόν-τε
707 5313 802 5385 καί.
829 5313 1036 5385 νοερόν,
1047 5312 1110 5385 _B_
1133 5311 1270 5385 πρὸς
1292 5311 1354 5363 τὸ
1380 5309 1564 5383 νοερόν
1585 5328 1644 5365 τε
1664 5309 1902 5379 λογικόν.
2249 5309 2364 5384 (51)
2407 5309 2644 5384 Ὀρῆοᾷτᾶ
2679 5319 2719 5370 Α
2749 5318 2802 5370 in
2837 5309 3081 5384 margine
3105 5309 3304 5384 ὁρμᾷν.

569 5380 680 5460 ea
715 5380 1063 5460 @1sz
1096 5380 1272 5460 mea.
1474 5380 1486 5383 '
2257 5380 2372 5460 es
2401 5380 2786 5460 γῆς’ἀςιιέγους
2817 5380 2980 5460 tam
3005 5402 3053 5460 τι
3087 5380 3173 5438 ἀλ-

571 5449 682 5534 ςξρ)
712 5449 889 5534 233(11-
918 5451 961 5503 Α
988 5451 1074 5532 ζῇς
1105 5452 1174 5534 ῑά
1203 5451 1297 5534 it.
1444 5520 1471 5534 -
2258 5449 2371 5534 (ἓξ)
2416 5449 2796 5534 ἶβήήμῖίειλ
2832 5455 2979 5534 βριάει
3012 5456 3145 5534 ἔνο.
3286 5508 3298 5520 ε

722 5517 1074 5595 {geonum}.
1115 5523 1154 5575 Β
1173 5520 1533 5595 αἰσθητικῶς.
1667 5587 1682 5595 _
2407 5517 2601 5594 Ζωαῆςῖ
2629 5527 2674 5578 Α
2705 5527 2748 5579 Β
2779 5524 2990 5578 addunt
3027 5524 3198 5595 ἐστίν.

573 5586 686 5666 ίέἓ)
726 5590 1304 5666 Ἐνξπεριξιληέρότρς.
1327 5586 1798 5666 ’Βῇὲμπεριειληφ-
2261 5586 2376 5666 (55')
2420 5586 2761 5660 'Er‘éavup.
2790 5595 2832 5666 Β
2859 5597 2916 5649 ἐν
2946 5593 3114 5664 αὐτῷ.

724 5657 1274 5763 ζρέξεσξαί·ξ³γδξρ
1295 5657 1479 5763 τβέφίὶ
1560 5657 1603 5763 νδ
1879 5728 1906 5763 n
2432 5657 2944 5734 Προαποόὸθέντα.
3014 5657 3077 5718 Λ’
3109 5665 3162 5718 in
3221 5661 3464 5734 margine
3525 5679 3775 5732 προαπο-

784 5745 821 5763 "
865 5741 937 5763 9”
975 5747 1030 5763 ’ν’
1157 5747 1224 5763 ν’·
1282 5751 1309 5763 η
1339 5749 1380 5763 ιι-
1514 5750 1580 5763 υλ·
1641 5749 1708 5763 κει
1749 5746 1874 5763 nmen
1914 5745 1962 5763 ην
2192 5736 2466 5763 εμυιιληη.

601 5726 692 5848 Μ)
732 5726 1051 5816 Δςὶῧξιείνθιετι.
1089 5735 1130 5782 Α
1157 5726 1257 5782 καῖ
1280 5726 1419 5814 αῧξί
1440 5731 1480 5785 Β
1514 5733 1609 5786 καὶ
1639 5727 1988 5795 αὐξάνεσθαι.
2191 5726 2490 5814 δειγθένταῖ

615 5796 672 5848 15
742 5794 991 5848 Ιδιαζον.
1030 5801 1071 5848 Λ
1106 5799 1147 5848 Β
1177 5799 1272 5848 καὶ
1301 5800 1520 5848 ιδιάῖου-
2265 5806 2376 5848 ιίιἻ)
2423 5808 2490 5848 ἰδ

641 5818 672 5850 ἱ)

735 5794 991 5880 ᾎεῖιάζως.
1177 5799 1272 5880 καὶ
1301 5794 1520 5880 ἰδιάζον.
1731 5794 1738 5795 ί
2265 5794 2376 5876 (57)
2423 5804 2864 5877 Ἑγγινομένην.
2904 5803 2946 5858 Β
2990 5803 3334 5874 ἐγγινομένη.

579 5863 688 5938 (46)
746 5865 988 5935 Ἐαιντῇ.
1022 5869 1064 5922 A
1101 5869 1140 5922 Β
1174 5870 1386 5924 ἑαυτοῦ.
