3992 6470
215 395 268 451 6|
1284 394 1372 449 DE
1406 392 1624 451 ANIMA
1664 392 1752 449 ET
1792 392 2402 453 RESURRECTIONE.
3412 399 3483 453 62

212 510 272 580 τῇ
307 504 412 559 τῶν
438 504 663 575 ἀλόγων
690 507 1012 579 προϋπέστη
1037 506 1221 576 φύσει·
1245 507 1321 570 ὡς
1342 506 1454 577 (58)
1479 504 1787 573 ἀναγκαίως

1892 505 1997 570 ira,
2031 518 2098 562 ex
2131 504 2241 563 illis
2279 496 2481 573 metus,
2535 509 2661 565 hinc
2699 509 2883 564 omnia
2926 508 3031 563 alia
3066 523 3403 578 quaecunque
3430 509 3485 563 in

214 598 290 650 διὰ
318 595 410 649 τοῦ
434 595 557 660 ὲνδς
582 598 686 651 καὶ
708 599 844 671 πρὸς
865 597 994 670 (58‘)
1014 597 1084 652 τά
1108 597 1430 669 συνημμένα
1460 597 1664 651 τούτων
1686 594 1787 666 (59]

1905 597 2246 650 contrarium
2270 612 2301 651 a
2322 598 2479 657 nobis
2501 608 2846 662 exercentur,
2863 610 3087 669 excepta
3114 599 3343 654 rationis
3371 614 3488 666 par-

211 685 402 757 γίνεται
433 687 537 758 τῆς
567 688 761 759 ψυχῆς
787 689 942 760 ημῶν
974 680 1019 760 η’
1035 689 1304 744 κοινωνία.

1897 683 2064 754 ticipe
2099 691 2263 755 atque
2289 689 2569 758 cogitandi
2601 689 2896 743 facultate:
2925 704 3046 758 qua:
3072 690 3190 745 sola
3226 687 3485 740 nimirum

215 779 470 848 pmcipua
519 780 655 836 vitae
706 791 903 838 nostrae
942 797 1066 852 pars
1102 790 1185 838 est
1216 783 1271 837 in
1303 796 1424 837 sese
1453 780 1648 834 divina:
1682 779 1902 849 figurae,
1939 777 2103 832 sicuti
2135 779 2340 835 dictum
2368 792 2488 846 est,
2526 783 2820 854 imaginem
2859 783 3171 838 continens.
3212 779 3319 835 Sed
3348 792 3490 849 quo-

211 867 341 924 niam
365 870 526 940 juxta
553 872 678 941 jam
711 880 838 927 ante
882 873 1144 928 redditam
1176 874 1465 939 rationem,
1509 874 1719 929 ratione
1755 870 1979 941 praedita
2009 871 2093 926 vis
2120 886 2398 942 corporeae
2442 875 2568 929 vita;
2599 890 2709 929 non
2745 875 2902 929 aliter
2935 874 3118 929 inesse
3152 880 3351 942 potest,
3382 868 3486 924 nisi

210 975 296 1029 per
330 977 527 1018 sensus
562 963 721 1030 insit,
753 969 916 1032 atque
953 978 1149 1020 sensus
1189 964 1243 1018 in
1272 964 1430 1019 bruta
1465 970 1627 1033 atque
1665 962 1899 1016 rationis
1927 967 2148 1029 experte
2177 971 2376 1016 natura
2404 970 2532 1018 ante
2563 961 2807 1019 substitit
2832 971 2994 1032 atque
3018 961 3350 1016 constitutus
3376 966 3483 1022 est,

209 1053 513 1109 necessario
553 1069 659 1124 per
687 1070 851 1109 unum
881 1059 1043 1109 etiam
1068 1070 1191 1110 cum
1224 1055 1623 1111 cohaerentibus
1647 1054 1775 1109 huic
1802 1060 1964 1123 atque
1993 1050 2305 1120 conjunctis
2339 1052 2536 1108 animae
2560 1067 2776 1118 nostrae
2799 1049 3115 1107 communio
3139 1046 3376 1105 exsistit.

266 1186 455 1243 Ταῦτα
484 1188 546 1242 δέ
581 1190 736 1242 ἐστιν
772 1189 870 1243 ὅσα
903 1191 961 1243 ὲν
994 1190 1124 1261 ἡμῖν
1152 1189 1412 1262 γινόμενα
1441 1190 1591 1261 πάθη
1630 1190 1787 1259 λέγε-

1961 1183 2086 1240 Haec
2119 1191 2300 1241 autem
2335 1193 2485 1253 sunt,
2521 1201 2862 1257 quaecunque
2894 1185 2948 1239 in
2980 1184 3138 1239 nobis
3169 1182 3481 1251 existentia,

207 1298 323 1346 ται,
368 1278 405 1333 ἀ
459 1279 591 1349 οὐχ).
643 1280 858 1344 πάντως
897 1281 990 1333 ἐπὶ
1030 1281 1181 1352 κακῷ
1225 1299 1330 1335 τινι
1361 1284 1427 1353 τῇ
1476 1281 1787 1353 ἀνθρωπίνῃ

1890 1278 2055 1348 πάθη,
2099 1276 2153 1332 id
2184 1284 2269 1333 est
2301 1278 2542 1347 aﬂectua,
2571 1279 2866 1348 passiones,
2899 1277 3012 1333 sive
3038 1276 3482 1346 perturbationes,

212 1367 593 1440 συνεκληρώθη
626 1368 739 1440 ζωῇ
758 1386 774 1400 ο
803 1364 839 1440 ἦ
871 1370 982 1441 (60)
1013 1370 1123 1442 γὰρ
1146 1370 1212 1425 ἂν
1242 1374 1271 1425 ό
1302 1371 1641 1443 Δημιουργὺς
1682 1373 1787 1426 τῶν

1890 1377 1942 1424 et
1977 1378 2148 1423 motus
2186 1369 2450 1424 dicuntur
2488 1388 2501 1424 :
2538 1385 2659 1441 quae
2697 1376 2805 1424 non
2840 1369 3063 1422 omnino
3093 1367 3221 1421 mali
3254 1366 3485 1436 alicujus

209 1459 381 1514 κακῶν
414 1460 516 1532 τὴν
547 1461 733 1515 αἰτίαν
765 1460 865 1532 ἔχῃ
892 1461 1033 1532 (ϐι),
1066 1463 1115 1515 εί
1145 1462 1351 1516 ἐκεῖθεν
1378 1465 1434 1516 at!
1475 1463 1586 1517 τῶν
1609 1464 1787 1536 πλημ-

1890 1475 2059 1515 causa
2098 1461 2353 1516 humanae
2402 1462 2712 1516 contributa
2743 1468 2951 1516 naturae
2985 1466 3112 1515 sunt
3159 1459 3319 1529 (nam
3350 1456 3487 1511 alio-

213 1551 535 1623 μελημάτων
594 1547 739 1623 ἦσαν
799 1553 1030 1623 ἀνάγκαι
1085 1556 1663 1627 συγκαταϐεϐλημέναι
1720 1558 1785 1627 τῇ

1895 1553 1988 1622 qui
2019 1551 2269 1608 Creatori
2299 1568 2466 1609 causa
2498 1554 2762 1608 malorum
2793 1553 3061 1624 assignari
3098 1557 3306 1621 posset,
3343 1550 3389 1604 si
3418 1548 3484 1602 il-

211 1638 359 1708 φύσει
377 1654 393 1670 ·
420 1638 567 1692 ἀλλὰ
588 1643 659 1711 τῇ
687 1642 816 1712 ποιᾷ
836 1645 1027 1713 χρήσει
1050 1644 1149 1714 τῆς
1176 1646 1563 1715 προαιρέσεως,
1597 1645 1630 1716 ἢ
1661 1647 1790 1718 ἀρε-

208 1729 318 1797 τῆς,
349 1727 383 1798 ἦ
412 1727 626 1792 κακίας
648 1728 853 1800 όργανα
880 1731 950 1784 τά
976 1732 1198 1787 τοιαῦτα
1222 1734 1324 1804 τῆς
1346 1734 1525 1806 ψυχῆς
1555 1737 1789 1807 κινήμα-

1892 1641 2002 1696 linc
2024 1648 2373 1711 peccatorum
2403 1643 2726 1698 necesSarite
2751 1657 2932 1697 causae
2958 1640 3120 1697 simul
3148 1640 3203 1694 in
3229 1648 3480 1693 naturam

1891 1732 2105 1788 collata:
2137 1734 2401 1805 essent),
2444 1734 2539 1790 sed
2574 1743 2727 1790 certo
2769 1734 3004 1805 quodam
3044 1748 3146 1788 usu
3184 1729 3484 1787 voluntatis

209 1835 272 1870 τα
311 1818 543 1886 γίνεται.
592 1820 862 1893 Καθάπερ
905 1823 934 1875 ὁ
980 1824 1196 1895 σίδηρος
1245 1825 1388 1880 κατά
1426 1826 1652 1898 γνώμην
1692 1826 1787 1881 τοῦ

1894 1830 1950 1878 et
1983 1825 2217 1893 arbitrii,
2258 1826 2344 1881 vel
2372 1827 2594 1882 virtutis
2633 1828 2718 1882 vel
2761 1826 2881 1880 vitii
2928 1825 3293 1880 instrumenta
3341 1822 3479 1878 tales

212 1908 439 1978 τεχνίτου
474 1912 851 1982 τυπούμενος,
889 1914 1025 1986 πρὸς
1074 1915 1211 1986 ὅπερ
1254 1916 1320 1970 ἂν
1365 1917 1516 1971 ἔθετο
1548 1918 1659 1990 (62)
1694 1918 1789 1972 τοῦ

210 2000 603 2070 τεχνιτεύοντος
634 2004 667 2075 ἡ
699 2004 1013 2076 ὲνθύμησις,
1040 2008 1175 2080 πρὸς
1208 2010 1365 2063 τοῦτο
1396 2011 1490 2065 καὶ
1519 2013 1784 2083 σχηματί·

212 2086 419 2162 ζεται,ἢ
453 2092 645 2162 ξίφος,
671 2095 704 2166 ἦ
726 2113 778 2149 τι
802 2095 912 2168 (65)
934 2102 1234 2170 γεωργικὸν
1261 2103 1540 2172 ἐργαλεῖον
1568 2106 1789 2177 γινόμε-

211 2195 291 2270 νος
312 2180 444 2249 (64).
468 2184 687 2238 Οὐκοῦν
708 2188 757 2239 εί
786 2187 884 2258 μὲν
907 2191 935 2243 ό
953 2189 1128 2259 λόγος,
1160 2192 1188 2245 ὃ
1215 2193 1278 2265 δὴ
1308 2195 1406 2265 τῆς
1431 2195 1645 2264 φύσεώς
1676 2198 1786 2270 (65)

211 2268 348 2322 ἐστιν
376 2270 684 2343 ἐξαίρετον,
714 2276 823 2329 τῶν
846 2278 1043 2343 ἔξωθεν
1066 2280 1175 2352 (66)
1206 2285 1663 2355 ὲπεισκριθέντων

211 2360 497 2430 ἠγεμονίαν
529 2363 670 2435 ἔχοι,
702 2368 881 2432 καθὼς
911 2371 1005 2424 καὶ
1027 2371 1093 2425 δι’
1119 2374 1439 2445 αἰνίγματος
1469 2378 1497 2429 ὁ
1523 2379 1620 2449 τῆς
1648 2380 1787 2449 Γρα-

214 2452 311 2548 φῇς
331 2456 691 2548 τξίξρεδήλωσε
713 2459 888 2529 λόγος,
910 2462 1095 2534 ἄρχειν
1121 2465 1541 2538 ἐγκελευόμενος
1570 2472 1788 2527 πάντων

211 2540 311 2590 τῶν
341 2540 579 2610 ἀλόγων,
616 2546 716 2600 οὐκ
756 2547 821 2602 ἄν
853 2566 908 2602 τι
945 2552 1082 2622 πρὸς
1116 2555 1314 2619 κακίας
1346 2558 1649 2628 ὑπηρεσίαν
1679 2560 1790 2616 τῶν

212 2630 455 2721 τοιούτων
501 2638 821 2706 κινημάτων
856 2639 966 2711 (67)
1008 2643 1138 2713 ἡμῖν
1176 2646 1492 2719 ὲνεργήσειε
1512 2689 1527 2714 ,
1556 2649 1650 2703 τοῦ
1690 2654 1789 2721 μὲν

215 2720 368 2788 φόϐου
394 2725 454 2777 τὸ
484 2727 729 2799 ὑπήκοον
764 2732 1138 2803 ἐμποιοῦντος,
1172 2738 1267 2791 τοῦ
1299 2739 1357 2793 δὲ
1399 2739 1571 2811 θυμοῦ
1608 2743 1669 2795 τὸ
1694 2720 1791 2798 ἀνι

214 2812 406 2882 δρεῖον,
437 2819 543 2889 τῆς
573 2821 774 2887 δειλίας
799 2824 855 2878 δὲ
884 2825 981 2897 τὴν
1014 2828 1314 2899 ἀσφάλειαν
1336 2873 1351 2899 ,
1378 2833 1479 2905 τῆς
1506 2834 1564 2888 δὲ
1591 2835 1786 2889 ἐπιθυ-

217 2906 442 2995 μητικῆς
468 2911 656 2981 ὁρμῆς
687 2913 784 2984 τὴν
810 2912 960 2969 Θείαν
998 2935 1056 2970 τε
1086 2919 1177 2972 καὶ
1206 2920 1479 2993 ἀκήρατον
1504 2926 1636 2994 ἡμῖν
1665 2925 1789 2995 ἠδο-

348 2998 737 3072 προξενούσης.
798 3006 862 3060 Εἰ
908 3007 964 3061 δὲ
1014 3010 1275 3065 ἀποϐάλοι
1324 3013 1437 3084 (68)
1490 2993 1591 3079 τάς
1631 2993 1788 3087 ἡνίας

215 3085 242 3137 ὀ
276 3085 444 3156 λόγος.
480 3092 581 3144 καὶ
617 3088 728 3147 οἷόν
765 3112 849 3161 τις
881 3098 1101 3170 ἡνίοχοςι
1137 3104 1438 3173 ἐμπλακεὶς
1468 3106 1547 3178 τῷ
1579 3085 1786 3178 ἅρματι

1892 1916 2061 1970 animi
2091 1924 2272 1973 motus
2305 1917 3089 1986 exsistunt.Quemadmodum
3123 1914 3325 1971 ferrum
3351 1914 3483 1968 dum

1892 2021 1957 2061 ex
1987 2010 2255 2063 sententia
2296 2010 2527 2064 artificis
2557 2009 2797 2072 cuditur,
2826 2021 3152 2078 quocunque
3182 2006 3482 2060 ferramen-

1892 2103 2007 2151 tum
2059 2099 2286 2155 artilicis
2334 2102 2519 2153 animo
2572 2100 2830 2154 voluntas
2875 2097 3262 2161 destinaverit,
3311 2094 3378 2147 ad
3427 2091 3482 2146 id

1890 2187 2054 2243 etiam
2101 2189 2387 2253 formatur,
2429 2198 2483 2245 et
2532 2190 2613 2244 vel
2668 2188 2880 2259 gladius
2914 2188 2996 2241 vel
3026 2187 3216 2241 rustici
3250 2183 3483 2253 alicujus

1895 2279 2077 2349 operis
2123 2280 2545 2335 instrumentum
2580 2281 2657 2335 fit.
2692 2280 2830 2349 Ergo
2872 2278 3142 2349 siquidctn
3187 2276 3325 2331 ratio
3361 2290 3485 2343 qua:

1891 2370 2167 2441 praecipua
2207 2372 2467 2424 nimirum
2509 2378 2719 2424 naturae
2763 2379 2965 2423 nostrae
3009 2382 3137 2437 pars
3169 2373 3255 2420 est
3293 2379 3482 2419 eorum

1892 2476 2015 2531 quae
2064 2462 2410 2519 extrinsecus
2451 2462 2616 2517 nobis
2663 2460 3054 2532 superinducta
3106 2466 3160 2514 et
3205 2458 3482 2512 insinuata

1889 2561 2018 2606 sunt
2066 2551 2431 2622 principatum
2487 2552 2732 2607 obtineat
2772 2546 3271 2622 (quemadmodum
3318 2544 3481 2601 etiam

1892 2644 2191 2714 Scriptura:
2224 2659 2408 2701 sermo
2438 2660 2533 2714 per
2560 2645 2793 2717 aenigma
2827 2651 3137 2711 tectamque
3180 2641 3483 2695 orationem

1888 2734 2212 2801 snbinnuit,
2268 2735 2524 2790 omnibus
2572 2736 2748 2791 brutis
2789 2743 2844 2789 et
2890 2735 3117 2789 rationis
3171 2730 3483 2801 expertibus

1893 2840 2130 2896 pmesse
2172 2826 2409 2898 jubens)
2432 2867 2450 2893 ,
2484 2827 2669 2882 nullus
2707 2826 2975 2895 ejusmodi
3012 2832 3193 2878 motus
3223 2822 3383 2877 nobis
3413 2820 3482 2875 ad

1891 2917 2009 2971 vitii
2040 2918 2408 2973 ministerium
2438 2918 2620 2974 cﬂicax
2660 2917 2823 2973 fuerit
2858 2938 2870 2974 :
2913 2925 3057 2971 metu
3092 2914 3312 2984 quidem
3348 2912 3482 2968 obe-

1891 2988 2175 3074 dientiam,
2210 3010 2288 3063 ira
2331 3025 2458 3064 vero
2496 3009 2908 3074 fortitudinem;
2941 3006 3232 3061 timiditate
3271 3003 3478 3059 cautio-

1887 3118 2011 3155 nem
2085 3108 2249 3172 atque
2313 3102 2665 3156 securitatem
2716 3099 3101 3170 ingenerante;
3162 3094 3482 3165 Cupiditatis

216 3178 431 3234 κατόπιν
475 3183 573 3235 ὑπ’
616 3186 781 3240 αὐτοῦ
830 3189 1077 3261 σύροιτο,
1122 3196 1239 3247 ἐκεῖ
1283 3196 1392 3266 (69)
1441 3197 1787 3267 ἀπαγόμενος

1891 3188 2020 3245 item
2059 3189 2265 3261 impetu
2313 3191 2553 3245 divinam
2598 3189 2760 3245 simul
2810 3197 2864 3243 et
2914 3187 3274 3241 immortalem
3323 3184 3483 3241 nobis

216 3267 446 3344 ὅπουπερ
476 3275 545 3328 ἂν
583 3278 615 3346 ἡ
644 3277 834 3347 ἄλογος
868 3282 1080 3353 κίνησις
1106 3285 1214 3340 τῶν
1246 3287 1667 3360 ὑπεζευγμένων
1693 3292 1788 3361 φέ-

220 3378 295 3454 ρει
320 3365 450 3437 (76),
485 3369 610 3422 τότε
652 3373 734 3435 εἰς
778 3373 949 3439 πάθος
990 3378 1047 3430 αἱ
1080 3379 1249 3449 ὁρμαὶ
1283 3384 1785 3454 καταστρέφονται,

218 3447 316 3506 οἷον
331 3456 393 3527 δὴ
422 3460 519 3512 καὶ
540 3461 634 3513 ἐπὶ
656 3464 768 3527 τοῖς
791 3464 902 3535 (71)
930 3447 1143 3536 ἀλόγοις
1153 3447 1308 3524 ⁷ἐστιν
1333 3472 1479 3526 ἰδεῖν.
1498 3447 1650 3527 ζΕπεὶ
1672 3447 1784 3546 (72)

217 3545 316 3617 γὰρ
350 3550 447 3604 οὐκ
488 3553 772 3609 ἐπιστατεῖ
810 3557 1087 3630 λογισμοῖς
1117 3560 1230 3631 (75)
1266 3568 1379 3627 τοῖς
1411 3567 1654 3634 φυσικῶς
1694 3570 1790 3621 αὺ-

217 3637 318 3729 τοῖς
350 3641 843 3729 ἐγκωμιαζομένης
873 3649 985 3719 (74)
1013 3651 1299 3723 κινήσεως,
1340 3655 1410 3709 τὰ
1437 3656 1535 3726 μὲν
1564 3656 1786 3729 θυμὼδη

218 3726 316 3781 τῶν
341 3728 493 3793 ζώων
522 3735 582 3787 ὲν
611 3736 857 3806 ἀλλήλοις
887 3739 1165 3812 φθείρεται
1194 3744 1304 3815 (75)
1337 3746 1413 3817 τῷ
1440 3746 1597 3819 θυμῷ
1621 3726 1788 3819 στραέ

219 3819 517 3906 τηγούμενα
537 3839 552 3852 ·
592 3824 658 3877 τὰ
691 3825 749 3878 δὲ
789 3827 1109 3901 πςιλύσαρκά
1138 3849 1198 3885 τε
1237 3834 1331 3906 κα).
1357 3833 1557 3889 δυνατά
1587 3836 1667 3900 είς
1696 3836 1789 3890 οὑ-

218 3905 294 3997 δὲν
333 3913 535 3966 οἰκεῖον
566 3915 767 3983 ἀγαθὸν
811 3919 1064 3974 ἀπώνατο
1101 3923 1200 3993 τῆς
1236 3924 1517 3995 δυνάμεως
1540 3966 1556 3991 ,
1601 3928 1788 3997 κτῆμα

219 3996 305 4090 τοῦ
329 4000 550 4072 λογικοῦ
578 4006 663 4060 διὰ
693 4009 790 4078 τὴν
814 4010 1034 4080 ἀλογίαν
1070 4015 1326 4085 γινόμενα
1346 4036 1358 4047 ·
1387 4018 1422 4089 ἥ
1448 4035 1507 4071 τε
1539 4020 1638 4090 τῆς
1666 3996 1787 4073 ἑπι-

222 4088 405 4161 θυμίας
430 4098 648 4169 καὶτῆς
670 4099 863 4171 ήδονῆς
899 4104 1147 4176 ἐνέργεια
1175 4108 1302 4177 περ).
1335 4088 1486 4161 οὐδὲν
1516 4088 1623 4163 τῶν
1646 4109 1788 4182 ὑψη-

222 4182 317 4241 λῶν
348 4189 462 4259 (76)
493 4191 811 4276 ἀσχολοζηαι
844 4194 988 4265 (77)·
1022 4194 1145 4249 οὕτε
1188 4197 1314 4251 ἄλλο
1347 4216 1400 4252 τι
1436 4198 1546 4254 τῶν
1589 4202 1646 4254 ὲν
1693 4202 1789 4255 αὐ-

223 4280 323 4341 τοῖς
360 4280 476 4348 (78)
506 4281 888 4354 θεωρουμένων
918 4287 1059 4358 λόγῳ
1091 4289 1197 4343 τινὶ
1227 4290 1362 4360 πρὸς
1388 4292 1450 4344 τὸ
1480 4291 1787 4346 λυσιτελοῦν

222 4367 533 4441 διεξάγεται.
576 4374 733 4429 Οὕτω
777 4377 872 4431 καὶ
916 4381 974 4432 ὲν
1011 4382 1142 4450 ἡμῖν
1184 4382 1232 4433 εί
1279 4382 1353 4452 μὴ
1393 4383 1529 4454 πρὸς
1571 4385 1632 4437 τὸ
1671 4385 1788 4438 δέον

1890 3282 2225 3351 voluptatem
2274 3283 2627 3337 conciliante.
2665 3281 2759 3334 Sin
2812 3287 2994 3335 autem
3046 3279 3188 3333 ratio
3238 3277 3482 3331 habenas

1887 3374 2102 3428 amittat
2138 3383 2191 3429 et
2237 3382 2496 3445 tanquam
2528 3373 2720 3445 auriga
2766 3372 2969 3441 aliquis
3022 3370 3319 3439 implicitus
3349 3384 3480 3423 cur-

1888 3464 1975 3519 rui
2028 3474 2177 3520 retro
2221 3467 2289 3521 ab
2330 3480 2395 3521 eo
2443 3466 2713 3530 trahatur,
2748 3465 2950 3535 illoque
2996 3462 3301 3531 abripiatur
3342 3476 3480 3531 quo-

1889 3571 2109 3627 cunque
2160 3572 2284 3613 eum
2334 3558 2568 3613 rationis
2623 3573 2820 3626 expers
2881 3562 3063 3609 motus
3108 3554 3480 3622 jumentorum

1889 3648 2125 3714 auferat,
2173 3658 2304 3703 tunc
2353 3650 2408 3703 in
2459 3649 2922 3718 perturbationem
2955 3648 3317 3717 appetitioncs
3350 3661 3483 3701 con-

1889 3751 2197 3807 vertuntur,
2249 3742 2411 3813 quale
2463 3742 2720 3796 nimirum
2769 3741 2932 3795 etiam
2985 3740 3039 3794 in
3082 3740 3260 3796 brutis
3298 3739 3483 3795 videre

1891 3836 2037 3890 licet.
2085 3835 2353 3902 Quoniam
2395 3835 2543 3889 enim
2598 3834 2739 3888 ratio
2792 3832 3117 3887 naturaliter
3171 3832 3252 3887 eis
3305 3832 3482 3886 insin

1889 3928 2120 3984 motioni
2173 3944 2283 3983 non
2334 3934 2552 3999 praeest,
2586 3942 2650 3982 ea
2685 3926 2906 3997 quidem
2953 3928 3230 3992 animalia,
3262 3943 3384 3998 quae
3412 3927 3481 3982 ad

1890 4019 2030 4073 iram
2071 4035 2243 4090 prona
2273 4027 2437 4090 atque
2461 4019 2726 4090 proclivia
2758 4026 2908 4083 sunt,
2945 4020 3026 4074 ira
3060 4019 3295 4074 ducente
3320 4027 3482 4088 atque

1888 4110 2198 4166 concitante
2255 4126 2377 4167 sese
2432 4111 2667 4165 invicem
2726 4110 3062 4177 coniiciunt;
3119 4126 3242 4180 quae
3297 4118 3480 4164 autem

1890 4215 2124 4256 carnosa
2163 4188 2322 4256 'sunt
2382 4216 2446 4255 ac
2498 4200 2710 4256 viribus
2764 4201 3012 4271 pollent,
3074 4199 3201 4253 dum
3259 4204 3481 4269 prepter

1889 4291 2117 4346 rationis
2171 4290 2443 4346 defectum
2489 4292 2699 4345 ratione
2754 4290 2962 4358 praediti
3002 4291 3159 4357 quasi
3210 4289 3479 4357 mancipia

1896 4396 1959 4436 ac
1993 4383 2189 4459 praedae
2228 4384 2388 4447 fiunt,
2421 4383 2631 4436 nullum
2668 4380 2949 4452 proprium
2984 4396 3207 4435 suarum
3274 4380 3478 4434 virium

222 4458 394 4527 ἄγοιτο
417 4466 593 4520 ταῦτα.
621 4466 710 4521 atat
739 4469 834 4521 τοῦ
865 4470 1147 4541 λογισμοῦ,
1179 4473 1295 4526 ἀλλ’
1329 4475 1654 4549 ὲπικρατοίη
1689 4478 1787 4549 τῆς

1895 4476 2242 4530 commodum
2300 4475 2586 4540 sentiunt;
2650 4473 2971 4544 cupiditatis
3030 4487 3251 4544 quoque
3313 4480 3479 4541 atque

224 4552 306 4604 τοῦ
330 4553 419 4607 νοῦ
463 4556 777 4621 δυναστείας
802 4560 873 4612 τά
913 4536 1082 4633 «idos,
1125 4563 1262 4632 πρὸς
1283 4564 1343 4617 τὸ
1373 4536 1564 4634 ἄλογόν
1592 4536 1654 4620 τὲ
1695 4536 1787 4623 κά)

1899 4567 2194 4636 voluptatis
2242 4566 2530 4622 ellicientia
2582 4566 2639 4620 in
2679 4566 2828 4619 nulla
2878 4580 2936 4620 re
2980 4565 3202 4621 sublimi
3242 4577 3479 4634 occupa-

224 4640 432 4713 ἀνόητον
468 4648 805 4717 μεταϐαίνων
834 4651 945 4720 (79)
976 4653 1005 4704 ὁ
1048 4652 1359 4725 ἄνθρωπος,
1396 4656 1504 4709 ἀπὸ
1534 4656 1628 4709 τοῦ
1671 4658 1786 4712 δια-

227 4738 461 4807 νοητικοῦ
490 4741 583 4794 καὶ
613 4739 878 4806 θεοειδοῖκ
904 4746 973 4815 τῇ
998 4746 1143 4816 ὁρμῇ
1175 4744 1285 4801 τῶν
1309 4746 1563 4802 τοιούτων
1608 4749 1784 4821 παθη-

308 4966 394 5034 58)
424 4965 529 5032 Ὦς
549 4969 731 5024 delent
752 4970 796 5023 A
831 4971 889 5024 Β.

310 5036 417 5105 58⁸)
446 5038 557 5092 Καὶ
600 5040 769 5106 πρός.
800 5042 911 5094 Καί
939 5044 1083 5099 delet
1109 5041 1168 5097 Β.

424 5110 750 5184 Ζτέύῖειέν;Α
773 5113 967 5184 τούτῳο

290 5171 394 5245 (eo)
424 5171 516 5231 Ἦ.
552 5180 622 5234 Ἦ
658 5178 720 5233 Β.

292 5245 399 5328 )
431 5248 610 5328 ςιξχῃ.
646 5250 953 5328 Ainﬁtertn
987 5248 1155 5323 εἶχεν,
1184 5253 1239 5307 in
1264 5256 1508 5325 margine
1536 5256 1669 5328 ἔχοι.

311 5315 396 5451 62)
431 5315 657 5371 Ἐυετο.
692 5322 732 5370 Λ
770 5319 811 5372 Β
840 5322 1020 5395 ἐθέλῃ.

311 5386 374 5439 65
424 5388 489 5438 Ἠ
516 5390 588 5441 τί.
626 5386 668 5440 Β
696 5389 729 5451 ἧ
751 5407 823 5444 τι.

310 5386 396 5451 65)
424 5388 489 5438 Ἠ
516 5390 588 5441 τί.
626 5386 668 5440 Β
696 5389 823 5458 ἦτι.

292 5458 399 5527 (64)
432 5459 778 5540 Γινόμετςος.
817 5460 857 5512 Β
890 5462 1192 5540 γινόμενον.
1222 5464 1266 5517 Α
1312 5464 1365 5518 in
1407 5472 1556 5522 textu
1601 5467 1779 5522 κινού.

233 5542 396 5601 μενος.
431 5531 504 5601 in_
524 5531 766 5597 margine
797 5531 1094 5601 γινόμενος.

291 5596 396 5673 (βξ)
425 5596 686 5673 regem.
726 5601 769 5673 Α
807 5599 847 5651 B
872 5596 1083 5673 addunt
1112 5603 1291 5673 ἡμῶν.

424 5669 713 5741 Ἕξωθεν.
747 5669 786 5719 Λ
819 5671 968 5741 addit
995 5668 1142 5741 ἡμῖν.

289 5739 394 5809 (67)
425 5738 796 5809 Κινημᾴτων.
843 5738 880 5791 Β
921 5738 1206 5809 νοημάτων
1242 5745 1319 5799 ἐν.

292 5806 394 5878 (68)
438 5806 769 5863 Ἀποϐάλοι.
807 5810 850 5862 A
879 5806 1187 5870 ἀποϐάλλοι.

1897 4670 1949 4713 ta
1987 4666 2103 4725 est;
2141 4674 2319 4728 neque
2353 4658 2501 4713 aliud
2564 4658 2860 4728 quidquam
2900 4671 3091 4712 eorum
3147 4672 3268 4726 quae
3310 4654 3363 4708 in
3406 4655 3476 4708 iis

1895 4751 2428 4816 animadvertuntur,
2485 4753 2698 4808 ratione
2740 4750 2920 4820 aliqua
2954 4749 3022 4806 ad
3060 4749 3112 4804 id
3168 4746 3311 4819 quod
3345 4760 3476 4817 pro-

1967 4981 2080 5051 (69)
2126 4982 2301 5037 Ἐκεῖ.
2332 4982 2370 5036 Β
2394 4982 2623 5038 ἐκεῖθεν.

1991 5052 2078 5124 70)
2102 5052 2288 5124 Φέρειο
2316 5054 2360 5124 Α
2388 5053 2426 5107 Β
2453 5053 2617 5124 φέρηο

1986 5070 2078 5175 ﬁt)
2102 5070 2288 5143 «ςερει.
2316 5070 2426 5134 Αηυ
2453 5070 2617 5175 magn.
2743 5123 2793 5152 ,ρ

2060 5122 2076 5191 )
2135 5123 2250 5176 Exi
2277 5140 2421 5189 τοις.
2454 5124 2498 5176 Α
2606 5125 2663 5177 ὲν
2681 5140 2812 5185 τοις.

1989 5194 2079 5259 72)
2107 5193 2271 5247 Ἐπεί
2279 5235 2289 5247 .
2320 5193 2360 5246 Β
2391 5192 2598 5262 ἐπειδὴ.

1987 5264 2073 5331 75)
2099 5264 2440 5331 Λογισμοῖς.
2473 5262 2513 5315 Β
2543 5261 2821 5332 λογισμός.

1986 5332 2073 5402 74)
2121 5330 2535 5402 Ἐτκωμιαζομ
2562 5330 2669 5386 ΑΒ
2702 5330 3046 5401 ἐγκειμένης.

1958 5402 2071 5472 (75)
2107 5404 2426 5474 Φθείρεζαι.
2525 5404 2767 5474 φέρεται.

1959 5468 2071 5542 (76)
2114 5468 2411 5543 (Ὑψηλῶν.
2441 5473 2483 5525 Α
2520 5468 2570 5526 in
2599 5468 2844 5543 margine
2875 5468 3241 5543 ὑψηλοτέρων.

1957 5539 2071 5611 (77)
2110 5539 2524 5609 Ἀσχολοῦται.
2554 5543 2595 5593 Α
2629 5541 2667 5592 Β
2699 5539 3025 5608 ἀσχολεῖται.

1953 5610 2064 5682 (78)
2085 5613 2314 5677 Λὺτοῖς.
2342 5613 2390 5666 Α
2423 5613 2475 5665 in
2509 5610 2746 5682 margine
2779 5611 3007 5682 εαυτοῖς.

1886 5750 1915 5802 6
1954 5679 2067 5769 (79)
2096 5683 2494 5737 Μεταῖαίνωγ.
2517 5681 2555 5734 Β
2579 5679 2908 5751 μεταϐαίνει.
2934 5682 2976 5735 Λ
3002 5683 3055 5737 in
3080 5682 3325 5753 margine
3355 5686 3469 5738 δεῖ.

1921 5769 2078 5802 αινει.

1921 5769 2033 5805 etwa
2043 5770 2055 5803 ί
2065 5794 2078 5810 ,
