3992 6436
504 342 574 398 65
1725 341 1788 400 8.
1819 339 2464 402 GREGORILNYSSENI
3675 338 3746 395 6³

501 459 578 518 sit
628 469 684 518 et
732 460 990 532 expediat
1027 459 1338 518 deducitur.
1401 459 1591 517 Itidem
1655 461 1712 518 in
1768 462 1928 520 nobis
1968 461 2076 518 nisi

2192 464 2366 535 μάτων
2387 461 3007 534 ἁποκτηνούμενος.-Γ.
3043 459 3184 531 Ἐγὼ
3203 459 3262 515 δὲ
3287 460 3382 516 καὶ
3404 459 3608 536 σφόδρα
3635 455 3744 526 (80)

503 565 603 620 per
642 551 910 607 rationem
966 551 1082 608 bare
1111 551 1182 607 ad
1249 551 1306 608 id
1348 552 1494 623 quod
1531 567 1621 610 res
1679 553 1924 623 postulat
1947 592 1965 620 ,
2011 567 2078 610 ac

2192 556 2302 627 τερ),
2344 555 2414 610 τὰ
2457 557 2720 628 εἰρημένα
2761 553 3244 624 διατεθεὶς,’Δρκεῖ
3279 551 3393 622 (81)
3444 549 3566 620 μὲν,
3593 547 3745 616 ἔφην,

502 649 710 696 rectum
770 651 856 698 est
891 643 1189 710 ducantur,
1219 643 1314 700 sed
1347 651 1686 715 potentatum
1720 645 1922 702 mentis
1979 659 2077 700 su-

500 743 693 804 perent
738 735 966 792 affectus
1014 752 1079 794 ac
1121 738 1592 808 perturbationes,
1645 737 1715 791 ab
1758 737 2078 808 cogitatrice

499 832 666 895 atque
685 826 875 882 divina
901 836 1120 892 natura,
1137 826 1265 882 dum
1290 829 1494 899 impetu
1519 834 1576 882 et
1593 826 1788 884 ardore
1807 825 2078 898 ejusmodi

2174 643 2337 698 παντὶ
2367 642 2446 714 τῷ
2485 660 2549 712 γε
2595 643 2719 698 νοῦν
2757 641 2935 714 ἔχοντι
2973 641 3142 713 ψιλῶς
3173 641 3372 696 οὑτωσὶ
3420 639 3516 693 καὶ
3543 639 3747 693 ἀκατα-

2182 733 2392 799 σκεύως
2418 733 2486 788 δι’
2509 733 2801 788 ἀκολούθου
2832 732 3110 805 προελθὼν
3138 736 3168 788 ὁ
3197 732 3376 802 λόγος,
3407 727 3468 786 εὖ
3497 729 3640 802 ἔχειν
3665 727 3749 783 δό-

2184 825 2268 890 ξαι
2293 825 2386 878 καὶ
2412 823 2662 896 μηδαμοῦ
2688 823 3067 896 παρεσφάλθαι
3102 823 3201 896 τῆς
3225 823 3501 896 ἀληθείας.

500 917 796 976 affectuum
825 929 990 992 atque
1019 922 1497 1002 perturbatioan
1519 922 1576 978 in
1604 921 1870 994 pecudem
1893 922 2187 994 degenerat
2205 929 2261 1002 et
2279 918 2554 1002 θῆρε-ειυς,
2579 919 2646 974 ad
2667 919 2896 975 rationis
2918 928 3216 991 capertem,
3238 919 3458 975 stultam
3485 924 3540 972 et
3564 929 3750 970 amen—

501 1013 610 1062 tem
651 1018 902 1062 naturam
957 1004 1122 1064 homo
1163 1005 1360 1062 transit
1404 999 1570 1072 atque
1613 1003 2061 1061 transformatur.
2109 1027 2181 1042 --
2222 1000 2288 1057 G.
2340 999 2452 1070 Ego
2495 1015 2626 1056 vero
2664 1003 2956 1056 admodum
2998 1003 3138 1058 bene
3181 1018 3309 1072 erga
3341 1018 3405 1056 ea
3449 1018 3569 1074 qua:
3598 1003 3745 1056 dicta

498 1111 659 1159 erant
693 1103 940 1167 allectus,
991 1101 1199 1158 Sullicit
1226 1099 1465 1172 quidem,
1516 1097 1772 1168 inquam,
1804 1097 1978 1153 cuivis
2003 1105 2152 1154 certe
2184 1097 2407 1153 cordate
2439 1098 2512 1152 ita
2557 1095 2704 1151 nude
2744 1104 2910 1168 atque
2948 1097 3298 1168 simpliciter,
3327 1099 3476 1153 nulla
3508 1097 3744 1152 adhibita

499 1195 842 1265 probatione,
873 1210 971 1266 per
1009 1193 1404 1264 consequentia
1449 1197 1928 1261 consentaneaque
1970 1203 2265 1261 progressa
2297 1190 2496 1257 oratio,
2529 1199 2589 1246 ut
2619 1199 2769 1246 recta
2820 1205 2963 1256 esse,
3011 1199 3066 1247 et
3109 1207 3386 1264 nusquam
3440 1205 3474 1246 ι
3515 1191 3748 1250 veritate

498 1287 751 1343 aberrare
776 1287 1041 1345 videatur.

582 1375 686 1430 Sed
723 1376 981 1444 quoniam
1017 1374 1086 1430 iis
1123 1374 1214 1444 qui
1249 1374 1304 1429 in
1336 1374 1536 1429 artium
1569 1374 1788 1444 quidem
1825 1387 2084 1445 compen-

2260 1367 2412 1424 Ἐπεὶ
2443 1367 2502 1422 δὲ
2537 1369 2650 1432 τοῖς
2688 1366 2786 1438 μὲν
2829 1365 2928 1432 τὰς
2976 1364 3229 1436 τεχκινὰς
3265 1363 3488 1434 ἐφόδους
3534 1364 3759 1436 μεμελιο

507 1463 616 1519 diis
664 1471 827 1532 atque
883 1462 1267 1518 instrumentis
1348 1461 1669 1517 artiﬁciosis
1743 1461 2082 1532 argumentis

2192 1461 2371 1533 ιηκόσι
2403 1461 2512 1514 τῶν
2551 1458 2911 1534 ἀποδείξεων,
2940 1459 2969 1513 ό
3017 1456 3370 1527 συλλογισμὸς
3422 1456 3604 1521 ίκανδς
3641 1456 3752 1528 (82)

507 1554 797 1608 exercitati
843 1566 992 1620 sunt,
1039 1555 1182 1608 ratio
1226 1554 1757 1609 demonstrationum
1798 1553 1867 1606 ad
1922 1553 2082 1607 fidem

511 1645 816 1701 faciendam
849 1645 1096 1701 sufﬁcere
1126 1645 1390 1700 videtur:
1441 1644 1602 1700 nobis
1651 1661 1786 1700 vero
1853 1645 2078 1700 dubium

2188 1553 2269 1618 είς
2299 1553 2482 1606 πίστιν
2506 1549 2678 1604 δοκεῖ’
2704 1551 2835 1622 ἡμῖν
2861 1550 2918 1603 δὲ
2943 1549 3160 1603 πάντων
3192 1547 3300 1602 τῶν
3323 1547 3583 1618 τεχνικῶν
3616 1564 3680 1601 συ
3689 1565 3756 1618 μ·-

2188 1647 2556 1718 περασμάτων
2615 1643 2728 1710 ἕεις
2793 1641 2930 1712 (85)
2988 1639 3306 1710 πιστότερον
3357 1635 3492 1691 εἶναι
3549 1637 3755 1708 ὡμολο-

509 1751 623 1791 non
653 1745 760 1800 est,
797 1737 936 1806 quin
975 1737 1232 1791 omnibus
1273 1735 1590 1792 artificiosis
1634 1736 2082 1791 conclusionibus

2192 1738 2330 1805 γεῖτο
2362 1736 2498 1808 (84)
2546 1735 2607 1788 τὸ
2646 1734 2733 1788 διὰ
2766 1731 2874 1786 τῶν
2920 1729 3080 1803 ἱερῶν
3127 1729 3225 1801 τῆς
3252 1728 3474 1800 Γραφῆς
3520 1728 3634 1797 (85)
3679 1727 3758 1780 δι-

508 1829 575 1882 ad
612 1828 768 1882 fidem
828 1827 1135 1882 faciendam
1173 1828 1347 1898 magis
1399 1825 1656 1881 idoneum
1715 1827 1820 1890 sit,
1857 1840 1921 1879 ac
1955 1825 2082 1896 plus

509 1919 707 1972 virium
740 1919 942 1974 habere
973 1918 1169 1974 debeat
1199 1918 1274 1984 id,
1302 1917 1446 1988 quod
1480 1933 1576 1988 per
1604 1931 1762 1972 saera
1831 1915 2082 1988 Scriptu-

507 2023 582 2062 rze
617 2008 950 2062 documenta
983 2015 1250 2076 apparet:
1279 2011 1478 2074 praeter
1500 2017 1562 2057 ea
1599 2018 1721 2073 quae
1752 2001 1897 2056 dicta
1931 2011 2079 2065 sunt,

503 2100 857 2171 qumrendum
883 2114 1006 2155 esse
1044 2099 1264 2168 opinor,
1298 2112 1366 2150 an
1401 2095 1669 2150 divinitus
1705 2102 1964 2165 suggesta
2016 2107 2082 2148 ac

505 2193 705 2246 tradita
739 2189 992 2257 doctrina
1047 2187 1347 2243 concordet
1374 2194 1538 2256 atque
1577 2186 1647 2240 ab
1698 2185 1768 2239 iis
1801 2200 1908 2238 non
1968 2182 2083 2237 dis-

507 2288 713 2350 crepet.
729 2280 872 2337 —M.
889 2280 1062 2350 Atque
1077 2279 1164 2334 illa
1181 2298 1194 2334 :
1209 2278 1424 2348 Ecquis,
1445 2275 1638 2346 inquit,
1664 2272 2079 2334 contradixerit,

506 2370 642 2442 quin
670 2369 724 2422 in
763 2383 831 2422 eo
868 2367 1010 2442 solo,
1045 2366 1136 2419 cui
1194 2365 1608 2433 Seripturarnm
1641 2363 1941 2418 testimonii
1995 2361 2084 2417 ad-

507 2467 594 2516 est
654 2460 920 2529 sigillum,
981 2457 1182 2513 veritas
1231 2456 1483 2526 ponenda
1539 2454 1648 2510 sit?
1703 2453 1974 2520 Quocirca
2035 2455 2081 2510 si

506 2557 722 2620 oportet
762 2550 927 2603 etiam
987 2547 1316 2618 evangelica:
1384 2545 1652 2600 doctrina:
1713 2545 1964 2599 nonnihil
2013 2544 2083 2599 ad

505 2642 874 2714 patrocinium
929 2649 1094 2712 atque
1151 2639 1528 2694 defensionem
1585 2638 1752 2708 hujus
1812 2637 2083 2708 dogmatis

507 2745 676 2805 atque
709 2733 1004 2789 sententia:
1039 2732 1320 2794 adhibere,
1360 2745 1468 2784 non
1503 2729 1886 2798 intempestiva
1923 2729 2082 2784 nobis

506 2827 674 2880 fuerit
700 2826 1038 2881 zizaniorum
1069 2822 1451 2881 similitudinis
1479 2821 1876 2876 consideratio.
1905 2819 2076 2890 Spar-

505 2918 671 2988 gebat
697 2917 846 2972 enim
873 2917 986 2971 illic
1019 2914 1417 2987 paterfamilias
1458 2914 1660 2968 bonum
1710 2927 1896 2970 semen
1935 2913 1956 2983 (
1977 2927 2081 2968 nos

507 3017 691 3064 autem
723 3007 1116 3076 familiaplane
1135 3009 1351 3070 sumus)
1377 3023 1391 3070 ;
1419 3004 1710 3059 observato
1738 3010 1919 3058 autem
1942 3011 2080 3058 tem-

2181 1825 2472 1897 δαγμάτων
2505 1825 2932 1896 ἀναφαινόμενον
2949 1839 2964 1854 ο
2989 1822 3170 1892 ζητεῖν
3196 1817 3349 1893 οἶμαι
3387 1821 3498 1875 δεῖν
3530 1820 3626 1874 ἐπὶ
3645 1821 3758 1883 τοῖς

2181 1917 2510 1989 εἰρημένοις,
2544 1919 2593 1971 εί
2627 1919 2661 1988 ἡ
2687 1917 3038 1978 θεόπνευστος
3065 1913 3380 1968 διδασκαλία
3403 1912 3616 1976 τούτοις
3647 1911 3758 1983 (86)

2183 2006 2519 2078 συμφέρεται
2543 2005 2826 2078 (87).-Μ.
2855 2005 3136 2077 Ἦδὲ(88),
3159 2001 3264 2060 Καὶ
3292 2001 3377 2066 τίς
3390 2002 3463 2057 ἂν
3477 2003 3760 2070 ἀντείποι,

2182 2098 2337 2168 φησὶ,
2392 2097 2467 2168 μὴ
2507 2096 2630 2166 οὐχ).
2667 2095 2726 2147 ὲν
2777 2093 2952 2164 τούτῳ
3001 2093 3147 2164 μόνῳ
3191 2093 3292 2165 τὴν
3318 2093 3576 2165 ἀλήθειαν
3615 2093 3761 2148 τιθέ-

2183 2187 2298 2241 σθω
2332 2187 2468 2258 (89),
2493 2181 2538 2254 ᾧ
2571 2186 2679 2256 (90)
2711 2185 2949 2256 σφραγὶς
2975 2185 3164 2239 ἔπεστι
3193 2184 3296 2254 τῆς
3331 2184 3606 2255 γραφικῆς
3650 2183 3762 2254 (91)

2186 2280 2518 2352 μαρτυρίαςς
2545 2278 2752 2332 Οὐκοῦν
2778 2279 2827 2330 εί
2853 2279 2956 2348 χρή
2987 2295 3039 2330 τι
3063 2278 3156 2332 καὶ
3181 2277 3282 2348 τῆς
3311 2276 3405 2330 τοῦ
3429 2277 3764 2344 Εύαγγελίου

2181 2367 2528 2430 διδασκαλίας
2553 2368 2689 2440 πρὸς
2711 2367 2810 2438 τὴν
2825 2367 2919 2420 τοῦ
2939 2367 3206 2438 δόγματος
3219 2365 3410 2420 τούτου
3435 2365 3765 2436 συνηγορίαν

2183 2459 2627 2530 παραληφθῆναι,
2660 2461 2761 2513 οὐκ
2803 2459 2912 2514 ἀπὸ
2945 2457 3140 2530 καιροῦ
3169 2457 3366 2528 γένοιτ’
3399 2457 3466 2512 ἂν
3503 2459 3636 2528 ἡμῖν
3665 2457 3764 2526 τῆς

2183 2547 2498 2619 παραϐολῆς
2540 2549 2650 2602 τῶν
2700 2548 2955 2613 ζιζανίων
2994 2550 3028 2620 ὴ
3075 2546 3296 2620 θεωρία.
3350 2548 3609 2618 Ἐσπειρε
3655 2548 3768 2618 γὰρ

2183 2638 2301 2690 ἐκεῖ
2321 2636 2383 2690 τὸ
2417 2638 2578 2692 καλὸν
2605 2638 2828 2709 σπέρμα
2854 2638 2884 2690 ό
2908 2637 3292 2710 οἰκοδεσπότης
3319 2642 3337 2706 (
3359 2640 3516 2708 ἡμεῖς
3554 2639 3610 2692 δὲ
3637 2640 3770 2692 πάν-

2181 2744 2289 2792 τως
2310 2728 2340 2780 ό
2369 2724 2516 2792 οἶκός
2681 2732 2870 2801 ἐσμεν)
2895 2749 2910 2763 ο
2945 2729 3305 2792 καθεύδοντας
3329 2729 3385 2783 δὲ
3409 2731 3534 2792 τοὺς
3557 2729 3768 2801 ἀνθρὼ-

2182 2835 2318 2882 πους
2347 2820 2681 2890 ὲπιφυλάξας
2705 2821 3018 2892 ὲνέσπειρεν
3047 2823 3075 2876 ὁ
3103 2821 3294 2894 ἐχθρὸς
3321 2821 3400 2892 τῷ
3427 2822 3680 2894 τροφίμῳ
3707 2823 3766 2875 τὺ

2182 2911 2476 2982 ἄχρηστον,
2506 2912 2656 2982 αύτῷ
2683 2912 2764 2984 τῷ
2802 2913 2932 2984 σίτῳ
2954 2911 3095 2967 κατὰ
3117 2913 3177 2966 τὺ
3207 2913 3369 2984 μέσον
3399 2912 3571 2976 ἐνθεὶς
3599 2913 3664 2965 τὺ
3691 2913 3764 2980 ζι-

2187 2999 2392 3064 ζάνιον.
2427 3002 2538 3054 Καὶ
2578 3002 3015 3070 συνεδλάστησαν
3052 3001 3165 3073 (93)
3205 3001 3452 3072 ἀλλήλοις
3487 2999 3556 3053 τά
3598 3001 3771 3071 σπέρ-

511 3115 644 3170 pore
673 3113 784 3168 quo
813 3097 1066 3152 homines
1094 3096 1423 3160 dormirent,
1453 3095 1712 3149 inimicus
1741 3094 1796 3148 in
1830 3109 1916 3156 co,
1937 3095 2082 3162 quod

2192 3109 2360 3162 ματα.
2400 3093 2476 3146 Οὐ
2507 3093 2615 3166 γὰρ
2649 3088 2718 3164 ἦν
2756 3069 2981 3148 δυνατὸν
3019 3069 3081 3146 τδ
3105 3069 3254 3162 αύτῷ
3283 3069 3360 3162 τῷ
3399 3091 3529 3161 σίτῳ
3552 3069 3772 3144 ὲντεθὲν

509 3196 698 3260 aptum
729 3197 850 3244 erat
890 3187 958 3242 ad
1009 3186 1390 3249 nutriendum,
1461 3185 1750 3255 interjecto
1785 3185 1931 3240 inter
1978 3183 2088 3238 fru-

511 3287 757 3336 mentum
799 3279 1036 3346 zizanio,
1073 3293 1262 3334 semen
1299 3278 1494 3332 inutile
1525 3278 1746 3347 sparsit.
1787 3275 1973 3346 anue
2007 3290 2088 3332 se-

509 3372 660 3425 tniua
689 3371 923 3425 alterum
955 3385 1061 3422 una
1093 3385 1217 3423 cum
1247 3369 1422 3423 altero
1446 3369 1610 3423 simul
1639 3368 2088 3438 germinaverunt

507 3471 564 3516 et
596 3471 758 3516 enata
791 3471 940 3517 sunt.
982 3460 1128 3515 Fieri
1167 3461 1313 3528 enim
1347 3475 1458 3514 non
1489 3468 1728 3530 poterat,
1769 3467 1834 3514 ut
1874 3473 2084 3522 semen,

507 3554 655 3624 quod
683 3555 829 3610 inter
880 3555 1061 3625 ipsum
1089 3551 1428 3607 frumentum
1455 3552 1765 3621 conjectum
1807 3558 1946 3614 erat,
1978 3563 2086 3604 una

507 3660 633 3698 cum
675 3645 770 3698 illo
813 3659 918 3698 non
964 3645 1261 3700 exsisteret
1304 3656 1368 3698 ac
1409 3643 1760 3713 germinaret.
1795 3641 1955 3697 Vetat
1986 3656 2086 3695 an-

509 3741 617 3788 tem
651 3748 851 3802 ιιι-ωερε
888 3741 945 3787 ct
974 3734 1260 3802 inspector
1287 3733 1492 3802 segetis
1539 3732 1822 3786 ministros
1850 3731 2087 3786 evellere

509 3823 564 3878 id
593 3823 736 3892 quod
795 3823 989 3878 inutile
1047 3833 1186 3889 erat,
1247 3833 1538 3893 propterea
1603 3824 1748 3893 quod
1805 3823 1860 3876 in
1899 3822 2087 3878 radice

508 3913 792 3968 contraria
834 3914 981 3969 inter
1014 3929 1075 3969 se
1115 3915 1456 3969 eoaluissent
1491 3923 1654 3983 atque
1703 3921 1966 3968 concreta
2003 3929 2088 3970 cs-

508 4014 654 4067 sent,
685 4019 753 4058 ne
783 4020 891 4059 una
925 4019 1050 4058 cum
1112 4005 1292 4060 alieno
1337 4005 1391 4060 id
1422 4007 1567 4076 quod
1620 4005 1686 4060 ad
1731 4005 2084 4061 nutriendum

509 4102 700 4162 aptum
731 4103 880 4149 esset
913 4095 1263 4149 cvelleretur.
1293 4093 1456 4150 Tales
1492 4095 1640 4150 enim
1689 4094 1884 4156 animae
1927 4109 2087 4164 appe-

506 4186 642 4241 titus
690 4194 744 4240 et
807 4186 1043 4256 impetus
1098 4201 1197 4258 per
1244 4187 1388 4242 bona
1446 4187 1658 4242 semina
1737 4186 2080 4258 Scripturam

505 4279 797 4334 ostendere
834 4289 1090 4349 putamus
1121 4297 1134 4334 :
1169 4295 1402 4350 quorum
1427 4280 1698 4335 seminum
1735 4278 2084 4349 unumquod-

505 4386 615 4439 quc
653 4371 699 4424 si
759 4369 827 4422 ad
884 4372 1088 4426 bonum
1143 4371 1410 4425 duntaxat
1447 4371 1818 4435 exeoleretur,
1857 4369 2078 4426 virtutis

511 4460 748 4510 fructum
796 4456 958 4510 nobis
991 4472 1225 4526 prorsus
1283 4459 1630 4528 produceret.
1675 4459 1780 4513 Sed
1817 4459 2076 4528 quoniam

507 4545 662 4614 juxta
697 4544 813 4598 haec
853 4545 1136 4614 inspersus
1161 4553 1248 4602 est
1279 4561 1436 4602 error
1463 4549 1609 4604 circa
1643 4548 1916 4618 judicium
1948 4549 2080 4604 boni

580 4828 698 4900 (80)
736 4829 846 4882 Καὶ
861 4830 1118 4900 σφόδρα.
1148 4831 1257 4884 Καί
1285 4829 1470 4886 delent
1495 4831 1537 4885 A
1565 4829 1626 4886 Β.

734 4901 948 4972 ξΑρκεῖ.
973 4902 1012 4954 Α
1047 4900 1085 4952 Β
1111 4902 1314 4972 ἀρκεῖν.

579 4970 693 5036 (82)
730 4970 1044 5034 Ἰκανός.Α
1079 4970 1299 5033 ἱκανῶς.

713 5040 1280 5115 ξῌξιςᾼπισςότεροῖ.
1448 5040 1908 5115 ἀξιοπιστότερον.

727 5109 1114 5191 Ἐμονξργεῖτρ.
1287 5110 1646 5191 όμολογείται.

728 5179 842 5248 Τῆς
866 5179 1136 5250 Γραφῆς.
1164 5181 1202 5232 Β
1225 5179 1387 5235 delet.

579 5247 692 5316 (86)
719 5247 974 5316 Τούτοις.
997 5247 1047 5304 Ἀ
1073 5251 1114 5304 Β
1143 5251 1348 5305 delent.

727 5319 1116 5393 {ejrgéperan
1151 5321 1193 5374 A
1224 5323 1276 5393 in
1305 5320 1548 5393 margine
1582 5320 1907 5393 ἐμφέρεται.

604 5387 694 5463 8g)
722 5389 798 5463 ίῌ
825 5387 912 5463 δέ.
946 5389 1051 5443 Αεί
1074 5391 1132 5443 δὲ
1151 5389 1244 5444 καί
1266 5406 1350 5453 τις
1378 5387 1448 5443 ἀν
1461 5431 1478 5458 ,
1507 5392 1567 5445 in
1590 5387 1834 5463 margine
1857 5393 1891 5462 ἡ
1916 5392 1974 5447 δὲ
1995 5392 2088 5446 καί

509 5469 611 5518 τις.
643 5455 684 5506 Β
703 5457 848 5509 delet
873 5456 960 5513 ἄν.

583 5525 696 5592 (89)
719 5524 995 5592 Τιθέσθω.
1026 5526 1068 5580 Β
1092 5523 1352 5581 τίθεσθαι.

716 5587 812 5672 τ-ῼ..
838 5594 880 5646 Δ
912 5595 964 5646 in
993 5604 1138 5672 textu
1167 5597 1262 5672 dig,
1292 5599 1352 5672 in
1380 5601 1626 5672 margine

581 5662 692 5740 (ἓὶ)
730 5662 844 5740 Dic
861 5664 1185 5740 .Wswnic-
1223 5667 1262 5718 Β
1289 5668 1357 5740 ἐκέ
1375 5670 1472 5740 τῆς
1492 5662 1583 5740 ilo.

587 5730 700 5800 (9‘2)
739 5731 791 5784 '0
824 5730 1009 5795 οἶκος.
1047 5735 1088 5786 Δ
1115 5730 1168 5788 in
1195 5730 1442 5806 margine
1455 5730 1729 5804 λό’κόκκος.

2189 3183 2412 3254 σπέρμα
2437 3183 2550 3256 (94)
2573 3185 2646 3256 μὴ
2671 3185 2769 3238 σὺν
2789 3183 2980 3256 ἐκείνῳ
2999 3182 3314 3254 βλαστῆσαι.
3337 3181 3542 3236 Κωλύει
3564 3181 3620 3235 δὲ
3642 3181 3772 3246 τοὺς

2187 3276 2467 3347 ὑπηρέτας
2491 3279 2520 3330 ό
2549 3277 2647 3347 τῆς
2671 3276 2946 3347 γεωργίας
2976 3275 3170 3347 ἔφορος
3207 3275 3284 3346 μὴ
3318 3272 3430 3346 (95)
3460 3273 3772 3326 ἀποτίλλειν

2185 3367 2248 3420 τὸ
2276 3368 2547 3440 ἄχρηστον
2584 3367 2671 3422 διὰ
2711 3369 2812 3440 τὴν
2844 3369 2902 3420 ἐν
2926 3369 2994 3438 τῇ
3039 3367 3163 3439 ῥίζῃ
3203 3365 3312 3418 τῶν
3350 3363 3608 3420 ἐναντίων
3642 3381 3774 3436 συμ-

2187 3460 2351 3526 φυῒαν
2374 3499 2389 3524 ,
2419 3459 2498 3523 ὡς
2540 3459 2608 3514 ἂν
2649 3460 2724 3531 μὴ
2751 3459 2814 3514 τὺ
2846 3459 3124 3530 ἀλλότριον
3161 3458 3270 3527 (96)
3313 3457 3609 3510 συνεκτίνει
3658 3457 3772 3526 (97)

2185 3550 2248 3604 τὸ
2275 3549 2562 3621 τρόφιμον.
2603 3552 2715 3614 Τὰς
2743 3549 2851 3623 γὰρ
2873 3551 3127 3614 τοιαύτας
3149 3549 3252 3620 τῆς
3274 3549 3451 3620 ψυχῆς
3474 3549 3650 3618 ὁρμὰς
3685 3547 3774 3601 διὰ

2183 3645 2295 3698 τῶν
2338 3644 2521 3698 καλῶν
2557 3646 2889 3717 σπερμάτων
2929 3644 3156 3714 οίόμεθα
3189 3644 3280 3697 τὸν
3317 3643 3478 3710 λόγον
3503 3642 3774 3696 ἐνδείκνυ-

2187 3729 2340 3796 σθαι,
2374 3724 2450 3784 ὧν
2481 3731 2741 3796 ἕκαστον,
2779 3732 2828 3785 εί
2864 3732 3022 3802 μόνον
3066 3731 3202 3802 πρὸς
3237 3731 3299 3784 τὸ
3325 3730 3526 3799 ἀγαθὸν
3564 3731 3775 3804 ἐγεωρο

2184 3823 2356 3890 γεῖτο,
2390 3823 2482 3876 τὸν
2525 3823 2628 3894 τῆς
2664 3823 2865 3895 ἀρετῆς
2893 3826 2952 3877 ἐν
2982 3825 3114 3896 ἡμῖν
3148 3824 3260 3892 (98)
3307 3822 3519 3892 καρπὸν
3551 3821 3776 3885 πάντως

2185 3911 2541 3984 ἐϐλάστησεν.
2589 3915 2808 3985 Ἐπειδὴ
2835 3915 2948 3985 (99)
2977 3915 3035 3968 δὲ
3067 3915 3458 3986 παρενεσπάρη
3489 3912 3704 3976 τούτοις
3738 3914 3774 3985 ἡ

2185 4005 2316 4074 περὶ
2355 4003 2452 4075 τὴν
2481 4004 2576 4058 τοῦ
2621 4004 2788 4059 καλοῦ
2830 4006 3012 4076 κρίσιν
3049 4005 3114 4059 δι’
3145 4004 3418 4076 ἁμαρτίαν
3455 4004 3553 4074 (l),
3589 4003 3686 4074 καὶ
3712 4004 3776 4058 τὸ

2183 4093 2351 4158 ὅντως
2375 4095 2469 4148 καὶ
2499 4096 2658 4166 μόνον
2689 4095 2830 4150 κατά
2863 4096 2962 4166 τὴν
2993 4096 3129 4149 ίδίαν
3159 4095 3320 4164 φύσιν
3347 4093 3530 4159 καλὸν,
3560 4095 3650 4148 διὰ
3675 4094 3774 4148 τοῦ

2185 4188 2619 4255 συναναφυέντος
2652 4187 2882 4257 βλαστοῦ
2911 4189 3010 4256 τῆς
3039 4189 3252 4256 ἀπάτης
3281 4185 3639 4255 ἐπεσκοτίσθη
3667 4185 3769 4255 (Ξ)·

2187 4277 2207 4345 (
2223 4277 2284 4330 τὸ
2306 4277 2415 4350 γὰρ
2449 4279 2846 4350 ἐπιθυμητικὸν
2869 4279 2929 4332 ού
2959 4279 3097 4351 πρὸς
3127 4279 3190 4332 τὸ
3215 4278 3374 4348 φύσει
3400 4279 3477 4350 (5)
3502 4279 3666 4333 καλὸν
3709 4269 3773 4332 οὗ

2113 4403 2156 4458 D
2184 4369 2347 4442 χάριν
2387 4371 2464 4440 (4)
2504 4371 2822 4443 κατεσπάρη
2858 4373 2988 4443 ἡμῖν
3031 4371 3169 4442 ἐφύη
3211 4371 3286 4443 (5)
3320 4389 3380 4425 τε
3410 4372 3506 4426 καὶ
3547 4371 3775 4442 ἀνέδρα-

2190 4481 2310 4534 μεν,
2341 4463 2476 4518 ἀλλά
2505 4464 2643 4535 πρὸς
2669 4464 2733 4517 τὸ
2755 4463 3028 4535 κτηνῶδες
3059 4465 3154 4518 καὶ
3182 4463 3374 4532 ἄλογον
3403 4463 3496 4516 τὸν
3535 4461 3774 4532 βλαστὸν

2190 4555 2518 4626 μετεποίησε
2551 4555 2652 4626 τῆς
2678 4554 2808 4624 περὶ
2847 4553 2910 4608 τὸ
2943 4553 3105 4608 καλὸν
3138 4554 3412 4626 ἀκρισίας,
3448 4551 3583 4625 πρὸς
3610 4551 3774 4606 τοῦτο

2259 4835 2372 4910 (93)
2408 4836 2940 4910 Συκεϐλάσντησαν.
2967 4838 3010 4892 Δ
3041 4837 3082 4892 Β
3107 4835 3554 4907 συνεσλάστησεν.
3633 4891 3646 4902 _

2259 4907 2373 4976 (94)
2405 4907 2647 4977 Σπέρμα
2679 4909 2821 4962 delet
2850 4908 2911 4964 Β.

2265 4975 2376 5045 (95)
2413 4975 2536 5043 Μή.
2562 4975 2617 5031 Ἀ
2661 4977 2735 5047 μὴ
2765 4979 2858 5031 καὶ
2887 4979 3004 5042 σὺν,
3037 4975 3079 5030 Β
3103 4976 3176 5046 μὴ
3206 4976 3266 5029 οὗ
3300 4975 3415 5030 σύν.

2263 5046 2375 5115 (illi)
2408 5048 2476 5101 Τὸ
2502 5046 2844 5114 ἀλλότριον.
2870 5051 2911 5100 Δ
2935 5047 3012 5116 τῷ
3035 5047 3322 5117 ἀλλοτρίῳ.

2257 5113 2748 5186 (97)Συνε)ιτίνει.
2787 5119 2830 5170 Δ
2864 5117 2917 5170 in
2951 5113 3101 5170 textu
3133 5113 3503 5186 συγκαταλύῃ,
3535 5113 3590 5168 in
3623 5129 3771 5170 mar-

2190 5186 2658 5258 εἰιιογσυνεκτελῇ.
2690 5187 2731 5238 Β
2746 5186 3132 5258 σύνεκταλαξῃ.

2261 5255 2372 5326 (98)
2411 5257 2512 5310 Ἐν
2541 5255 2702 5324 ἡμῖν.
2731 5257 2771 5308 Δ
2799 5257 2864 5308 ἂν
2896 5257 3047 5326 ἡμῖν.

2258 5325 2370 5396 (99)
2417 5327 2674 5396 Ἐπειδὴ.
2715 5326 2756 5377 Β
2784 5325 2927 5396 ἐπεί.

2258 5395 2334 5466 (l)
2355 5394 2442 5449 ’Δι’
2464 5397 2776 5465 ἁμαρτίαν.
2807 5397 2852 5448 Α
2888 5395 2930 5446 Β
2965 5394 3280 5466 διαμαρτία.

2259 5463 2335 5535 (2)
2379 5463 2830 5536 Ἐπέσκοτίσαη.
2885 5467 2930 5518 Δ
2973 5467 3030 5520 in
3061 5463 3236 5522 'te'xtu
3291 5463 3662 5536 ἑπεσκοτὼθη,
3709 5463 3767 5520 in

2189 5534 2434 5608 margine
2458 5534 2842 5608 ἐπεσκοτίσοη.

2263 5553 2434 5608 trgtuc
2458 5553 2782 5589 επεσκοτισυ
2831 5576 2842 5587 .

2263 5604 2338 5676 (ᾇ)
2368 5599 2446 5676 Ίρ
2475 5607 2672 5676 φύσει.
2709 5606 2754 5657 Λ
2864 5605 2957 5658 καὶ
2983 5607 3048 5674 τῇ
3079 5605 3258 5673 φύσει,
3293 5603 3336 5656 Β
3378 5603 3436 5658 τὸ
3475 5607 3540 5676 τῇ
3585 5604 3766 5673 φύσει.

2262 5670 2335 5746 (ᾧ)
2367 5671 2447 5746 Οὗ
2477 5670 2672 5742 άιίρρν.
2717 5675 2755 5726 Β
2777 5670 2836 5746 οὗ
2871 5677 2962 5727 καὶ
2987 5670 3163 5746 χῖιρίν.

2263 5743 2338 5812 (5)
2369 5745 2574 5812 Ἐφύη.
2616 5745 2655 5796 Β
2679 5744 2898 5814 ἐνεφύη.
