3992 6462
202 403 268 461 65
1270 397 1359 452 DE
1395 397 1615 454 ΛΝΙΜΑ
1651 396 1742 454 ΕΤ

1889 397 2390 457 SURRECTIONE.
3398 406 3467 465 οδ

205 520 292 587 τὴν
323 515 422 588 τῆς
456 511 776 583 ἐπιθυμίας
812 511 1139 581 ἐνεγκοῦταν
1164 511 1242 582 (6)
1269 512 1468 584 ὁρμήν.
1510 511 1780 576 Ὡσαύτως

1889 519 1943 568 ει
1977 511 2216 575 honesti.
2252 520 2419 584 atque
2454 514 2507 569 id
2552 513 2699 585 quod
2738 513 2922 586 reipsa
2962 532 3026 572 ac
3069 516 3247 573 solum
3282 534 3347 576 ex
3381 527 3471 581 sui

206 611 289 666 καὶ
307 609 365 663 τὸ
390 606 485 661 τοῦ
517 605 707 676 θυμοῦ
740 604 962 676 σπέρμα
991 604 1052 657 ού
1094 604 1231 675 πρὸς
1254 604 1510 675 ἀνδρείαν
1538 604 1785 675 ἐστόμω-

156 738 162 743 .
204 720 287 758 σεν
325 700 422 773 (7),
466 697 612 754 ἀλλὰ
664 697 807 769 πρὸς
854 694 952 767 τὴν
999 695 1109 749 τῶν
1147 695 1223 767 (8)
1265 694 1553 766 ὁμοφύλων
1608 697 1789 766 μάχην

206 793 514 860 ὲξὼπλισεν·
549 790 588 859 ἦ
624 807 691 842 τε
720 788 821 858 τῆς
847 787 1064 857 ἀγάπης
1082 786 1310 857 δύναμις
1339 786 1449 840 τῶν
1481 786 1686 857 νοητῶν
1708 786 1785 857 (9)

202 882 416 952 ἀπέστη,
447 879 588 951 περὶ
622 878 726 950 τὴν
758 875 866 930 τῶν
897 876 1168 948 αἰσθητῶν
1194 875 1491 929 ἀπόλαυσιν
1526 875 1668 946 πέρα
1692 875 1786 929 τοῦ

205 974 387 1045 μέτρου
409 969 813 1040 όλομανήσασα.
829 966 963 1036 (10),
982 966 1076 1019 καὶ
1097 963 1166 1018 τὰ
1193 962 1327 1018 ἄλλα
1368 963 1461 1017 τὸν
1490 962 1651 1017 αὐτὸν
1673 962 1785 1034 (11)

201 1062 404 1135 τρόπον,
427 1061 561 1123 τοὺς
592 1058 851 1129 χείρονας
884 1054 1148 1126 βλαστοὺς
1176 1054 1298 1108 ἀντὶ
1327 1052 1435 1106 τῶν
1459 1053 1786 1124 κρειττόνων

200 1149 554 1225 ἐξήνθησενο)
590 1150 789 1202 τούτου
825 1148 983 1217 χάριν
1018 1145 1241 1217 ἀφίησιν
1266 1145 1296 1197 6
1336 1143 1501 1214 σοφὸς
1540 1143 1785 1218 γεωργὸς

200 1246 252 1299 τὸ
297 1242 508 1316 ἐμφυέν
553 1241 642 1311 τῷ
683 1242 959 1312 σπέρματι
1008 1237 1296 1309 βλάστημα
1336 1239 1395 1292 ἐν
1429 1238 1578 1309 αὐτῷ
1621 1233 1781 1303 εἶναι,

201 1334 496 1408 προμηθείᾳ
515 1332 619 1387 τοῦ
648 1331 724 1404 μὴ
746 1331 1103 1402 γυμνωθῆναι
1120 1329 1232 1384 τῶν
1261 1330 1586 1400 κρειττόνων
1610 1330 1781 1401 ἡμᾶς,

200 1427 412 1484 καθόλου
441 1427 545 1496 τῆς
572 1424 874 1494 ἐπιθυμίας
897 1422 975 1494 τῷ
998 1424 1258 1494 ἀχρήστῳ
1288 1421 1502 1492 βλαστῷ
1529 1439 1785 1493 συνεκριο

198 1519 468 1590 ζωθείσης.
506 1520 576 1572 Et
617 1517 728 1587 γὰρ
760 1516 919 1568 τοῦτο
966 1514 1115 1588 πάθῃ
1158 1514 1270 1585 (12)
1306 1516 1339 1585 ἡ
1373 1514 1536 1584 φύσις
1564 1514 1697 1584 (15),
1728 1514 1781 1567 τί

198 1609 334 1663 ἔσται
360 1608 421 1661 τὸ
449 1610 688 1679 ἐπαῖρον
710 1606 860 1677 ἡμᾶς
888 1604 1026 1675 πρὸς
1047 1606 1147 1675 τὴν
1171 1603 1279 1657 τῶν
1306 1603 1646 1677 ἐπουρανίων
1668 1604 1780 1675 (14)

200 1700 516 1768 συνάφειαν;
566 1698 602 1769 ἢ
645 1697 748 1767 τῆς
793 1694 1014 1766 ἀγάπης
1067 1694 1457 1765 ἀφαιρεθείσης
1497 1694 1631 1765 (15),
1675 1695 1780 1750 τίνι

197 1791 367 1861 τρόπῳ
400 1789 542 1861 πρὸς
572 1789 637 1842 τὸ
666 1788 821 1843 Θεῖον
849 1785 1336 1857 συναφθησόμεθα;
1375 1785 1482 1838 Τοῦ
1515 1786 1573 1840 δὲ
1603 1784 1775 1857 θυμοῦ

1887 609 2089 657 natura
2133 601 2339 658 bonum
2368 617 2433 659 ae
2467 613 2681 659 rectum
2716 613 2823 670 est,
2857 621 2955 675 per
3000 622 3223 677 germen
3258 608 3472 668 fraudis

1887 701 1943 748 et
1962 693 2196 759 erroris,
2252 695 2403 765 quod
2439 711 2550 750 una
2605 697 2889 759 excrevit,
2948 697 3362 753 obtenebratum
3415 708 3472 755 et

1886 785 2244 841 obscuratum
2292 795 2378 844 est
2414 790 2623 860 :(nam
2663 787 3090 854 concupiscendi
3139 791 3223 846 vis
3250 805 3363 845 non
3401 792 3471 846 ad

1887 875 1964 943 id,
2012 877 2161 947 quod
2193 885 2386 933 natura
2442 879 2644 933 bonum
2692 887 2747 933 et
2784 878 3075 933 honestum
3130 890 3242 945 est,
3308 881 3469 949 cujus

1885 966 2065 1036 gratia
2086 967 2247 1022 nobis
2280 967 2445 1021 etiam
2465 967 2631 1021 insita
2671 975 2779 1031 est,
2818 977 2978 1021 enata
3012 975 3097 1021 est
3121 975 3176 1020 et
3200 969 3469 1034 excrevit,

1887 1055 1986 1112 sed
2025 1057 2093 1112 ad
2138 1057 2424 1113 bestialem
2457 1057 2884 1129 perorinamque
2915 1067 2971 1113 et
2997 1059 3229 1113 rationis
3272 1073 3470 1127 exper-

1885 1154 1994 1202 tem
2051 1156 2346 1215 naturam,
2383 1165 2449 1205 eo
2506 1150 2807 1219 appetitum
2838 1160 2894 1206 et
2930 1151 3217 1220 imperium
3253 1149 3472 1221 cupidi--

1885 1240 2016 1296 tatis
2066 1242 2335 1310 rapiente,
2380 1256 2551 1312 pravo
2584 1243 2732 1297 circa
2766 1244 2972 1297 bonum
2999 1259 3065 1298 ac
3108 1250 3322 1297 rectum
3382 1242 3471 1312 ju-

1884 1332 2069 1398 dicio,
2111 1349 2333 1404 germen
2389 1335 2799 1391 transmutavit.
2850 1335 3042 1390 Itidem
3106 1335 3204 1389 irze
3249 1350 3473 1406 quoque

1884 1440 2075 1480 semen
2122 1442 2230 1481 non
2286 1427 2353 1481 ad
2408 1426 2784 1482 fortitudinem
2822 1429 3065 1493 exacuit,
3121 1427 3217 1483 sed
3275 1426 3341 1481 ad
3378 1442 3474 1497 pu-

1884 1517 2161 1585 gnandum
2194 1534 2319 1573 cum
2353 1520 2711 1590 popularibus
2753 1536 2819 1576 ac
2859 1521 3127 1592 proximis
3158 1536 3258 1575 nos
3298 1536 3474 1574 arma-

1881 1608 2002 1674 vit,
2059 1609 2299 1680 itemque
2348 1610 2664 1667 dilectionis
2716 1613 2801 1669 vis
2854 1615 2921 1667 ab
2979 1613 3080 1676 iis,
3118 1628 3240 1682 quae
3286 1620 3473 1668 mente

1881 1701 2289 1772 percipiuntur,
2321 1703 2599 1767 discessit,
2642 1710 2697 1759 et
2760 1704 2815 1758 in
2878 1703 3111 1758 fruendo
3146 1704 3312 1759 rebus
3366 1703 3474 1758 sub

1893 1811 2116 1850 sensum
2148 1797 2475 1853 cadentibus
2505 1807 2561 1853 et
2610 1797 2987 1853 materialibus
3048 1798 3192 1852 ultra
3247 1797 3470 1852 modum

198 1878 728 1943 κατασκευασθέντος
767 1876 902 1945 (16),
948 1878 1099 1929 ποῖον
1125 1876 1286 1929 ὅπλον
1306 1874 1448 1929 κατά
1476 1874 1571 1929 τοῦ
1608 1891 1780 1947 προσ-

1889 1884 2152 1940 insanivit
2184 1894 2347 1956 atque
2391 1886 2727 1941 debacchata
2777 1895 2880 1954 est,
2920 1897 3228 1957 eaeteraque
3277 1886 3473 1942 eodem

199 1970 500 2034 παλαίοντος
548 1968 749 2041 ἕξομεν
772 1986 787 2036 ;
839 1967 1055 2038 Ἐφίησι
1086 1966 1198 2038 (17)
1222 1966 1401 2019 τοίνυν
1427 1966 1494 2020 τά
1518 1966 1648 2021 νόθα
1670 1966 1779 2022 τῶν

202 2061 518 2134 σπερμάτων
539 2063 601 2115 ἐν
623 2063 754 2133 ἡμῖν
781 2060 810 2112 6
837 2059 1100 2130 γεωργὸς,
1119 2058 1217 2128 οὐχ
1242 2058 1318 2122 ὠς
1346 2058 1435 2111 ἀεὶ
1467 2058 1578 2132 (18)
1610 2077 1780 2114 κατα-

198 2157 401 2225 κρατεῖν
428 2157 531 2225 τῆς
566 2152 906 2225 τιμιωτέρας
968 2152 1199 2222 σπορᾶς,
1230 2150 1346 2204 ἀλλ’
1379 2150 1454 2214 ὡς
1482 2150 1652 2222 αὐτὴν
1680 2150 1778 2222 τὴν

198 2246 419 2317 ἄρουραν
442 2246 463 2318 (
490 2245 644 2300 οὕτω
676 2245 786 2317 γάρ
809 2245 906 2315 τὴν
945 2243 1173 2316 καρδίαν
1207 2242 1483 2314 τροπικῶς
1515 2243 1625 2313 (19)
1660 2244 1778 2297 ὀνο-

200 2338 383 2407 μάζει)
410 2338 502 2392 διὰ
529 2339 636 2411 τῆς
664 2337 989 2408 ἐγκειμένης
1020 2337 1158 2406 αὐτῇ
1194 2334 1430 2404 φυσικῆς
1467 2333 1578 2405 (20)
1614 2334 1778 2389 δυνά-

202 2447 352 2498 μεως,
395 2432 517 2501 ἥτις
555 2430 711 2483 ἐστὶν
754 2431 784 2482 6
824 2427 1106 2497 λογισμὸς,
1152 2425 1215 2478 τὸ
1261 2426 1359 2495 μὲν
1397 2424 1630 2497 ξηρᾶναι
1670 2424 1779 2481 τῶν

201 2521 611 2591 βλαστημάτων,
659 2521 722 2575 τὸ
751 2521 808 2573 δὲ
848 2521 1124 2589 κάρπιμον
1152 2516 1247 2570 καὶ
1287 2515 1513 2579 εὐθαλὲς
1538 2516 1781 2588 ἀπεργά-

206 2612 404 2669 σασθαι.
431 2614 495 2666 Εἰ
539 2613 603 2666 δὲ
651 2612 726 2684 μὴ
769 2608 929 2664 τοῦτο
968 2610 1198 2678 γένοιτο,
1228 2606 1308 2678 τῷ
1351 2608 1486 2678 πυρὶ
1534 2606 1633 2679 τὴν
1679 2608 1781 2680 τῆς

203 2704 458 2774 γεωργίας
490 2704 774 2775 διάκρισιν
801 2700 1140 2773 ταμιεύεται.

1881 1975 2047 2029 modo
2119 1976 2306 2045 pejora
2373 1991 2473 2046 pro
2528 1977 2853 2033 melioribus
2900 1978 3149 2047 germina
3191 1978 3471 2048 produxe-

1880 2064 2079 2138 runtz)
2128 2066 2338 2121 idcirco
2378 2067 2621 2137 prudens
2646 2067 2909 2139 'agricola
2948 2083 3168 2138 germen
3212 2068 3462 2123 innatum

1879 2158 2075 2212 semini
2110 2156 2168 2211 in
2196 2171 2264 2211 eo
2307 2158 2491 2213 inesse
2539 2156 2694 2221 sinit,
2734 2157 2788 2211 id
2840 2156 3138 2228 providens
3189 2165 3355 2227 atque
3385 2172 3471 2211 ca-

1880 2262 2021 2327 vens
2055 2263 2125 2303 ne
2186 2248 2508 2303 melioribus
2544 2248 2837 2315 nudentur,
2872 2247 2919 2303 si
2954 2263 3062 2302 una
3098 2262 3224 2301 cum
3284 2247 3467 2302 inutili

1874 2338 2122 2407 genuine
2161 2340 2439 2408 cupiditas
2504 2340 2723 2405 penitus
2793 2337 2962 2392 fuerit
3010 2338 3337 2406 exstirpata.
3406 2336 3467 2391 Si

1879 2428 1986 2482 hoc
2019 2429 2165 2482 enim
2197 2428 2461 2483 acciderit
2486 2429 2740 2482 humanae
2762 2435 2994 2491 naturae,
3026 2427 3160 2497 quid
3188 2426 3295 2479 erit
3318 2424 3468 2496 quod

1875 2536 1979 2577 nos
2019 2523 2193 2591 erigat
2221 2531 2276 2576 et
2310 2522 2499 2575 incitet
2539 2521 2606 2575 ad
2654 2522 2965 2576 ctelestium.
3013 2518 3466 2586 coniunctionem

1876 2621 2041 2681 atque
2069 2611 2572 2682 prepinquitatem?
2598 2620 2692 2667 aut
2732 2611 2947 2667 sublata
2995 2610 3309 2670 dilectione,
3359 2622 3468 2678 qua

1877 2703 2089 2756 ratione
2117 2716 2241 2756 cum
2268 2702 2453 2756 divino
2488 2703 2712 2757 numine
2734 2702 3116 2772 copulabimur
3151 2708 3205 2754 et
3234 2698 3470 2769 conjun-

203 2793 412 2863 gemur?
445 2792 531 2848 lra
575 2792 706 2847 item
733 2790 1029 2851 exstincta,
1061 2787 1263 2859 quibus
1294 2786 1465 2843 armis
1502 2786 1777 2847 adversus
1799 2788 2159 2845 reluctantem
2197 2791 2456 2846 utemur?
2492 2791 2774 2862 Relinquit
2810 2792 2981 2863 igitur
3019 2793 3073 2845 in
3118 2791 3275 2845 nobis
3319 2790 3469 2860 agri-

202 2884 309 2940 cola
337 2887 545 2940 semina
573 2885 904 2948 adulterina,
933 2897 1043 2937 non
1075 2888 1134 2935 ut
1166 2894 1381 2950 semper
1416 2880 1747 2950 praevaleant
1781 2879 2044 2939 adversus
2082 2867 2463 2954 preiiosiorem
2497 2895 2757 2957 segetem,
2786 2885 2881 2941 sed
2919 2893 2979 2939 ut
3019 2885 3136 2954 ipsa
3185 2882 3349 2937 tellus
3370 2884 3469 2953 (ita

204 2978 332 3032 enim
362 2980 659 3052 allegorice
690 2993 758 3032 ac
796 2992 893 3047 per
926 2974 1147 3030 modum
1186 2972 1568 3029 translationis
1594 2987 1691 3027 cor
1729 2974 2019 3047 nominat)
2059 2990 2157 3045 per
2194 2978 2418 3034 insitam
2446 2980 2494 3035 ei
2531 2979 2636 3033 vim
2668 2978 3000 3043 naturalem,
3026 2990 3148 3047 qua:
3181 2982 3264 3029 est
3295 2975 3463 3040 ratio,

206 3071 335 3126 aliud
365 3071 589 3141 quidem
620 3085 839 3142 germen
872 3066 1134 3123 arefaeiat
1165 3073 1217 3120 et
1244 3064 1505 3131 exsiccet,
1538 3064 1683 3119 aliud
1710 3080 1841 3121 vero
1862 3064 2119 3123 ﬂoridum
2151 3078 2316 3142 atque
2348 3070 2667 3144 frugiferum
2694 3072 2888 3129 cﬂiciat
2917 3090 2930 3126 :
2960 3067 3156 3141 quodsi
3180 3066 3234 3121 id
3258 3065 3468 3126 factum

208 3178 303 3219 non
333 3163 521 3229 fuerit,
567 3162 681 3234 igni
714 3160 1012 3216 discrimen
1041 3155 1157 3226 agri
1192 3166 1490 3225 proventus
1520 3155 1835 3214 faciendum
1874 3169 2137 3217 reservat.

267 3292 465 3346 Οὐκοῦν
508 3295 561 3347 εί
602 3292 702 3364 μέν
734 3308 819 3355 τις
860 3290 1073 3353 τούτοις
1111 3288 1251 3344 κατά
1288 3289 1381 3343 τὸν
1418 3288 1604 3343 δέοντα
1642 3290 1777 3362 χρή-

210 3401 289 3439 σαι
310 3385 413 3457 (21)
434 3386 620 3454 λόγον,
648 3386 706 3437 ἐν
733 3382 881 3454 αὐτῷ
909 3381 1025 3453 (22)
1051 3381 1396 3452 λαμϐάνηται
1424 3381 1537 3451 (25)
1570 3383 1776 3448 ἐκεῖνα,

209 3476 294 3530 καὶ
320 3477 390 3548 μὴ
418 3477 588 3540 αὐτὸς
612 3476 669 3529 ἐν
701 3474 948 3540 ἐκείνοις,
987 3471 1104 3525 ἀλλ’
1147 3471 1258 3544 (24)
1279 3466 1390 3525 οἷόν
1417 3489 1502 3536 τις
1528 3471 1781 3542 βασιλεὺς

209 3570 267 3639 τῇ
290 3568 601 3640 πολυχειρίᾳ
623 3566 731 3619 τῶν
765 3563 1023 3635 ὑπηκόων
1049 3561 1300 3635 συνεργῷ
1324 3561 1627 3632 χρώμενος,
1652 3563 1783 3633 ῥᾷον

210 3660 524 3731 κατορθώσει
566 3658 680 3730 (25)
714 3657 775 3712 τὸ
806 3658 926 3710 κατ’
968 3653 1169 3726 ἀρετὴν
1217 3652 1672 3723 σπουδαζόμενον.
1719 3653 1782 3705 Et

210 3747 258 3803 δὲ
291 3752 508 3816 ἐκείνοις
540 3750 654 3820 (26)
678 3748 908 3818 γένοιτο,
942 3747 1193 3819 καθάπερ
1219 3744 1422 3799 δούλων
1454 3744 1615 3798 τινῶν
1651 3746 1785 3797 ἐπα-

212 3841 501 3894 ναστάντων
519 3839 599 3910 τῷ
612 3838 950 3909 κεκτημένῳ,
969 3836 1066 3890 καὶ
1086 3834 1144 3903 ἐξ
1166 3829 1240 3889 ὧν
1260 3833 1642 3907 δραποδισθείη
1666 3832 1778 3905 (27)

210 3931 314 3994 ταῖς
340 3931 615 3994 δουλικαῖς
646 3931 908 3993 ἐπινοίαις
936 3929 1045 4000 (28)
1073 3926 1313 3997 ἀγεννῶς
1342 3926 1620 3996 ὑποκύψαι
1642 3925 1779 3997 (29),

212 4022 294 4074 καὶ
326 4026 510 4095 κτῆμα
542 4023 750 4091 γένοιτο
776 4020 884 4074 τῶν
928 4018 1352 4094 ὑπεζευγμένων
1379 4018 1523 4072 κατὰ
1545 4015 1643 4090 τὴν
1674 4016 1780 4086 φύ-

211 4128 284 4164 σιν
309 4114 474 4185 αύτῷ,
511 4113 647 4185 πρὸς
676 4115 855 4166 ἐκεῖνα
892 4114 1014 4167 κατ’
1041 4110 1287 4182 ἀνάγκην
1328 4108 1774 4181 μετατεθήσεται,

212 4200 333 4270 πρὸς
377 4205 525 4274 ἆπερ
575 4206 642 4258 ἂν
697 4205 731 4275 ἡ
783 4203 1145 4274 ἐπικράτησις
1197 4200 1306 4255 τῶν
1354 4200 1780 4271 καθηγουμένων

214 4289 434 4356 βιάζεται
480 4293 611 4366 (30).
644 4295 707 4348 Εἰ
730 4293 786 4346 δὲ
824 4292 934 4363 (51)
982 4291 1157 4346 ταῦτα
1185 4290 1375 4344 τοῦτον
1401 4289 1514 4361 ἔχει
1541 4289 1634 4343 τὸν
1656 4290 1781 4361 τρό-

214 4400 320 4450 πον,
340 4387 460 4441 οὔτε
485 4386 704 4460 ἀρετὴν,
737 4385 858 4440 οὗτε
887 4385 1085 4441 κακίαν
1108 4386 1193 4455 ἐφ’
1218 4383 1428 4437 ἑαυτῶν
1455 4381 1626 4435 ταῦτα
1653 4384 1782 4436 ἁπο-

214 4479 529 4551 φανούμεθα,
567 4482 667 4534 ὅσα
714 4481 990 4550 κινήματα
1040 4477 1142 4548 τῆς
1180 4473 1358 4546 ψυχῆς
1404 4473 1532 4526 ὄντα
1581 4474 1674 4526 ἐπὶ
1712 4474 1777 4542 τῇ

214 4566 409 4641 ἐξουσίᾳ
432 4570 543 4623 τῶν
568 4569 865 4641 χρωμένων
893 4570 1091 4632 κεῖται,
1117 4566 1151 4638 ἢ
1176 4565 1355 4629 καλῶς
1379 4565 1412 4636 ἦ
1435 4562 1638 4636 ἑτέρως
1666 4562 1780 4636 (52)

216 4655 357 4728 ἔχειν.
402 4662 544 4715 Ἀλλ’
587 4663 717 4715 ὅταν
771 4659 871 4729 μὲν
920 4659 1104 4721 αὐτοῖς
1155 4658 1292 4729 πρὸς
1336 4656 1398 4709 τὸ
1450 4658 1696 4727 κρεῖττον
1745 4657 1780 4726 ή

274 4863 346 4934 (6)
380 4863 800 4932 Ὲνεγκοῦσαν.
829 4865 873 4918 Α
896 4863 936 4915 Β
958 4863 1308 4934 ἐνεγκούσης.

276 4935 345 5007 (ἶ)
379 4934 780 5007 Ἑστόιέωσςνλ.
807 4934 1269 5007 Β-ἀνεστόμωσεν.

277 5004 347 5074 (8)
377 5004 501 5071 Τὴν
528 5004 665 5058 τῶν,
695 5004 809 5074 Τήν
836 5004 981 5059 delet
1005 5005 1072 5059 A.

278 5073 347 5144 (9)
378 5076 505 5133 Τῶν
528 5073 927 5144 νοητῶν-θείω
963 5075 1024 5129 Β.

278 5142 381 5214 (19)
424 5142 967 5214 Ὀλομανήσασα.Α
1002 5145 1045 5196 Β
1079 5142 1489 5214 ύλομανήσασα.

302 5212 381 5286 11)
409 5217 524 5272 Τὸν
548 5212 757 5268 αὐτόν.
781 5215 844 5286 ⁸Α
872 5223 928 5270 et
946 5215 987 5269 Β
1003 5212 1342 5286 praemittunt
1377 5212 1540 5269 κατά.

302 5284 381 5353 12)
412 5286 601 5353 Πάθη.
620 5286 666 5337 Α
694 5284 875 5340 πάθοι.

299 5351 382 5426 15)
419 5358 489 5413 Ἠ
520 5351 728 5425 φύσις.
760 5357 802 5408 Δ
829 5351 980 5410 addit
1010 5352 1349 5426 ἀνθρωπίνη.

303 5424 382 5496 14)
454 5424 873 5493 Ἑάτουρανίων.
905 5427 951 5477 Δ
987 5424 1273 5497 ούρανίων.

302 5495 384 5564 15)
422 5498 709 5582 Ἄξεαιρεθ.
738 5498 785 5551 Α
808 5495 1224 5617 ἀναγρεθεέίστέτ

304 5567 383 5617 161
444 5567 1078 5617 Ιιατασκευασθέντοο.
1217 5582 1224 5617 1

304 5561 383 5636 16)
444 5561 1083 5636 Κατὰσκευασθέὐ-τος.
1148 5561 1192 5617 Ᾱ
1217 5566 1271 5619 in
1320 5572 1470 5620 textu
1515 5561 1780 5616 κατασϐε-

225 5634 440 5702 «etme,
469 5639 525 5692 in
546 5637 791 5706 margine
818 5635 1269 5699 ἀποσϐεσθέντος.

281 5706 384 5779 (17)
422 5710 684 5777 Ἐςοίησι.
720 5707 761 5761 Α
793 5707 1008 5779 ἀφίησι.

309 5777 387 5849 18)
432 5780 562 5833 Ἆει.
597 5781 640 5831 Α
673 5777 866 5849 είσαεί.

309 5843 387 5919 19)
425 5850 548 5916 Τὴν
576 5848 747 5917 καρό.
780 5862 950 5917 τροπ.
971 5845 1014 5901 Β
1036 5845 1310 5919 τροπικῶς
1341 5861 1392 5901 τ.
1435 5843 1592 5916 καρδ.

329 4942 347 5146 ξ

362 5148 381 5359 ξ

278 5358 298 5563 l

1955 3295 2227 3362 Quocirca
2253 3298 2301 3353 si
2321 3298 2544 3369 quidem
2567 3299 2768 3371 aliquis
2795 3300 2881 3355 bis
2899 3309 3048 3358 recte
3075 3310 3130 3358 et
3156 3302 3229 3359 ita
3247 3310 3305 3357 ut
3327 3301 3472 3358 ratio

1879 3387 2123 3453 postulat
2166 3396 2375 3454 utatur,
2403 3398 2458 3444 et
2494 3389 2549 3443 in
2579 3404 2700 3445 sese
2723 3391 2944 3460 quidem
2978 3393 3214 3462 recipiat
3240 3407 3329 3458 ea,
3358 3407 3470 3446 non

1881 3485 2065 3531 autem
2101 3478 2219 3547 ipse
2271 3480 2328 3533 in
2362 3488 2687 3549 potestatem
2736 3483 2956 3537 illorum
3011 3484 3311 3553 redigatur,
3366 3483 3466 3539 sed

1882 3574 2148 3636 tanquam
2181 3584 2274 3623 rex
2310 3570 2517 3639 aliquis
2547 3586 2742 3641 magna
2774 3587 2937 3626 manu
2965 3573 3311 3629 subditorum
3367 3577 3467 3629 ad-

1880 3656 2085 3726 jutrice
2121 3666 2340 3720 utatur,
2385 3659 2603 3714 facilius
2651 3669 2943 3716 assecutus
3001 3662 3165 3716 fuerit
3219 3662 3272 3716 id
3323 3663 3470 3731 quod

1885 3762 2010 3800 cum
2038 3747 2241 3802 virtute
2276 3747 2490 3803 eliicere
2538 3761 2786 3805 conetur.
2830 3750 2926 3805 Sin
2981 3761 3162 3806 autem
3201 3753 3472 3823 quemad-

1887 3837 2108 3892 modum
2141 3839 2256 3893 ﬁeri
2293 3843 2458 3905 solet,
2503 3858 2629 3897 eum
2664 3844 2810 3900 servi
2864 3845 3032 3914 aliqui
3073 3846 3339 3902 adversus
3367 3846 3472 3900 do-

1886 3928 2094 3982 minum
2147 3930 2466 4003 insurgunt,
2505 3933 2614 3989 illis
2644 3935 2921 3992 obnoxius
2956 3935 3143 4002 fuerit,
3178 3946 3233 3993 et
3283 3938 3472 3993 servili

1885 4022 2215 4090 arrogantiae
2245 4031 2414 4095 atque
2444 4025 2788 4081 conﬁdentia:
2843 4028 3100 4097 degeneri
3145 4028 3475 4098 abjectoquc

1886 4115 2074 4169 animo
2107 4118 2499 4183 succumbens,
2543 4134 2737 4174 servus
2790 4129 2843 4174 et
2889 4121 3223 4190 mancipium
3278 4136 3474 4175 eorum

1888 4200 2070 4257 factus
2106 4203 2199 4267 sit,
2228 4221 2351 4275 qua:
2382 4219 2579 4262 natura
2613 4207 2663 4262 ei
2691 4208 2938 4275 subjecta
2969 4216 3117 4273 sunt,
3162 4208 3229 4261 ad
3273 4216 3341 4261 ea‘
3372 4223 3472 4262 ne-

1889 4292 2132 4348 cessario
2160 4296 2501 4361 traducetur,
2536 4311 2645 4365 quo
2674 4297 2756 4351 vis
2785 4297 3087 4365 regentium
3115 4310 3242 4350 eum
3286 4295 3472 4364 impii-

1889 4384 2033 4437 lerit.
2066 4382 2222 4449 Quod
2255 4386 2303 4440 si
2339 4386 2453 4440 haec
2486 4387 2560 4440 ita
2592 4395 2744 4452 sunt,
2790 4401 2968 4455 neque
2997 4386 3252 4440 virtutem
3288 4400 3475 4456 neque

1888 4473 2082 4527 vitium
2116 4489 2213 4542 per
2251 4489 2376 4530 sese
2426 4474 2543 4530 haec
2606 4491 2731 4530 csse
2788 4475 3295 4546 pronuntiabimus,
3349 4491 3475 4548 quae

1890 4580 2016 4619 cum
2047 4566 2243 4620 anima;
2287 4574 2471 4623 motus
2532 4567 2666 4633 sint,
2730 4568 2785 4623 in
2841 4576 3109 4639 potestate
3141 4575 3195 4622 et
3248 4569 3477 4635 arbitrio

1892 4655 2166 4711 utentium
2218 4656 2386 4713 situm
2417 4664 2522 4726 est,
2586 4661 2794 4716 recline
2854 4675 2925 4713 an
2988 4658 3142 4730 pravi
3174 4659 3307 4715 siut.
3367 4658 3475 4715 Sed

1962 4863 2077 4934 (20)
2097 4862 2263 4933 Αὐτῆ
2284 4861 2574 4933 φυσικῆς.
2596 4860 2755 4932 Αὐτῷ
2785 4861 3051 4934 φυσικῶς.

1958 4930 2072 5004 (21)
2092 4930 2344 5004 Χρήάάι.
2371 4935 2417 4987 Α
2440 4936 2495 4989 in
2514 4943 2664 4989 textu
2680 4930 2964 5004 χρήσεται,
2987 4933 3042 4985 in
3066 4930 3312 5003 margine
3337 4931 3474 5004 χρήο

1891 5019 2067 5059 σαιτο.

1960 5075 2075 5142 (22)
2117 5075 2214 5128 Ἐν
2242 5071 2421 5138 αὐτῷ.
2453 5075 2496 5125 Α
2522 5074 2580 5126 ἐν
2604 5070 2799 5142 ἐαυτῷ.

1958 5145 2072 5214 (25)
2100 5144 2492 5214 Λαμϐάνεται.
2527 5144 2572 5195 Α
2604 5144 2645 5195 Β
2674 5142 2987 5213 λαμϐάνων.

1959 5213 2073 5284 (24)
2112 5215 2298 5269 Ἀλλ’.
2322 5215 2362 5266 Β
2392 5213 2701 5284 γενόμενος.

1959 5278 2073 5354 (25)
2100 5278 2490 5351 Κατορθὼἀει.
2516 5278 2558 5336 Ᾰ
2599 5284 2653 5354 in
2687 5282 2933 5354 margine
2960 5278 3352 5350 καρτορθώσοι.

1961 5351 2075 5423 (26)
2123 5355 2424 5423 Ἐκείίνοις.
2445 5354 2486 5405 Β
2524 5354 2612 5407 ἐπ’
2643 5351 2890 5423 ἐκείνοις.

1959 5417 2074 5496 (‘37)
2110 5424 2204 5488 Ἐξ
2221 5419 2309 5496 ὧν
2323 5417 2574 5492 δραποδ.
2602 5426 2647 5476 Α
2671 5417 3174 5492 ἐξανδραποδισθείη
3196 5420 3312 5488 καί,
3328 5420 3367 5475 Β
3389 5420 3476 5487 ἐξ-

1898 5495 2369 5564 ανδροποδισθείη.

1962 5560 2076 5637 (28)
2124 5560 2469 5637 Ἔπινοίαις.
2496 5565 2540 5637 A_
2572 5560 2870 5637 (inovanti.

2055 5213 2075 5421 ἒ

1860 5630 1867 5635 ’
1965 5628 2079 5703 (29)
2119 5628 2628 5703 ’ΥποκύψὰμΑΒ
2655 5628 2961 5701 ὑποκύψας,

1969 5700 2079 5775 (30)
2112 5700 2391 5765 Βιάζεταὶ.
2415 5713 2459 5756 Α
2494 5700 2764 5773 βιάζηται.

1992 5775 2373 5844 summa.
2431 5841 2439 5844 _
2622 5840 2638 5844 Α
2690 5815 2702 5844 _.

1992 5780 2082 5843 δι)
2108 5780 2199 5829 Δέ.
2221 5780 2261 5826 Β
2287 5780 2373 5844 δή.
2699 5815 2702 5820 .

1968 5780 2081 5918 (52)
2117 5844 2383 5913 Ἑτέρως.
2415 5841 2457 5898 A
2497 5840 2730 5914 praeﬁgit
2761 5841 2859 5907 ὡς.
