3992 6450
449 399 519 459 6'!

1639 382 1700 438 S.
1740 377 2071 439 GREGOBII
2107 376 2404 436 NYSSENI

3630 371 3706 426 68

448 510 674 585 quando
701 518 880 566 motus
904 466 1102 564 eorum
1158 504 1226 560 ad
1257 504 1462 559 bonum
1496 501 1744 565 inclinat,
1797 498 2019 554 laudum

2149 497 2335 567 είνησις
2360 490 2416 569 ᾗ,
2440 492 2677 547 ἐπαίνων
2698 491 2942 561 γίνεσθαι
2973 491 3085 563 (55)
3115 489 3269 562 ὓλην,
3297 488 3374 553 ὡς
3399 488 3478 560 τῷ
3502 488 3707 561 Δανιὴλ

450 604 681 658 materia
704 601 1003 664 exsistunt,
1034 608 1094 654 ut
1120 596 1333 651 Danieli
1382 592 1659 662 cupiditas
1690 605 1757 645 ac
1807 589 2025 644 deside-

451 694 612 759 rium,
640 700 696 747 et
730 693 811 746 ira
843 690 1137 752 Phineeso,
1164 689 1326 758 eique
1355 686 1451 757 qui
1477 692 1626 739 recte
1648 683 1816 752 luget,
1844 680 2022 735 dolor.

450 782 549 840 Sin
578 794 761 837 autem
801 782 871 835 ad
918 781 1164 837 deterius
1219 776 1584 850 propendent,
1620 782 1750 827 tunc
1794 770 2025 825 adiectus

448 890 515 929 ac
558 868 991 942 perturbationes
1033 876 1088 921 et
1116 874 1242 920 sunt
1269 875 1323 920 et
1354 862 1718 918 nominantur.
1745 860 1883 917 —G.
1915 863 2026 931 Ego

450 975 603 1033 vero,
661 974 785 1013 cum
819 958 906 1014 his
966 955 1253 1026 expositis
1288 952 1610 1023 quievisset,
1677 956 1734 1003 et
1768 949 2025 1020 exiguum

450 1050 710 1121 quiddam
750 1048 910 1119 spatii
959 1044 1295 1101 intercedere
1347 1040 1591 1098 sermoni
1645 1054 1812 1109 passa
1852 1046 2024 1102 esset,

448 1153 617 1212 atque
654 1142 773 1211 ipse
802 1147 984 1195 mente
1021 1137 1360 1207 collegissem
1392 1148 1457 1190 ea
1495 1148 1620 1203 qua:
1649 1132 1794 1187 dicta
1844 1139 2023 1193 erant,

451 1246 649 1287 rursus
693 1231 761 1283 ad
811 1229 1048 1299 priorem
1102 1223 1557 1292 consequentiam
1621 1222 1897 1278 sermonis
1931 1237 2029 1277 cu-

450 1321 623 1385 curri,
653 1334 764 1390 quo
801 1318 1153 1374 asserebatur
1180 1315 1299 1371 ﬁeri
1329 1330 1494 1385 posse
1521 1321 1580 1368 ut
1611 1314 1881 1370 dissoluto
1912 1327 2030 1368 cor-

452 1427 584 1481 pore
615 1412 795 1465 anima
827 1419 974 1465 esset
1000 1410 1057 1464 in
1085 1408 1373 1464 elementis
1402 1425 1418 1473 ;
1473 1415 1639 1476 atque
1677 1408 1753 1462 ita
1804 1406 1873 1461 ad
1907 1422 2028 1461 ma-

452 1501 679 1570 gistram
707 1516 719 1550 :
748 1498 851 1554 Ubi
881 1506 990 1561 est,
1020 1500 1264 1567 inquam,
1296 1497 1431 1551 illud
1451 1496 1598 1567 quod
1628 1496 1792 1567 vulgo
1819 1496 2028 1567 passim

449 1591 690 1659 iactatur
736 1590 863 1643 Orci
914 1598 968 1643 et
1016 1587 1218 1643 inferni
1280 1602 1534 1642 nomen:
1588 1588 1736 1657 quod
1797 1587 2029 1641 multum

453 1682 673 1753 quidem
727 1681 782 1734 in
834 1678 1233 1735 consuetudine
1278 1679 1442 1744 vitae,
1500 1679 1731 1732 multum
1788 1678 1917 1733 item
1972 1677 2028 1732 in

456 1771 677 1839 scriptis
708 1770 822 1824 tum
879 1770 1125 1825 externis
1182 1777 1298 1823 tum
1348 1772 1554 1824 nostris
1610 1769 2025 1834 circumfertur;

2121 588 2221 657 τὴν
2252 585 2577 656 ἐπιθυμίαν,
2624 584 2721 638 καὶ
2763 582 2844 654 τῷ
2888 584 3072 645 Φινεὲς
3108 582 3199 635 τὸν
3244 580 3437 651 θυμδν,
3488 580 3581 633 καὶ
3625 580 3708 650 τῷ

2123 676 2305 740 καλῶς
2357 674 2643 729 πενθοῦντι
2674 674 2774 744 τὴν
2811 673 3010 743 λύπην.
3055 672 3119 725 Εἰ
3150 672 3208 725 δὲ
3252 672 3388 741 πρὸς
3419 670 3482 723 τὸ
3520 671 3709 740 χείρω
3767 694 3778 703 ο

2123 767 2334 836 γένοιτο
2362 767 2397 838 ἡ
2433 765 2595 838 ῥοπὴ,
2621 765 2742 819 τότε
2771 762 2916 832 πάθη
2959 762 3204 831 γίνεσθαι
3239 760 3415 814 ταῦτα
3457 760 3550 812 καὶ
3579 761 3709 812 ovo-

2128 857 2395 930 μάζεσθαι
2410 855 2674 925 κ54).-Γ.
2701 847 2984 924 Ἐγὼ(55),
3002 848 3173 905 ταῦτα
3187 849 3708 922 διεξελθούσης(56).

2124 952 2311 1023 ἐπειδὴ
2339 949 2662 1021 παυσαμένη
2688 948 2857 1021 βραχύ
2883 962 2936 1002 τι
2966 948 3135 1001 ἔδωκε
3155 946 3232 1017 τῷ
3250 947 3391 1014 λόγῳ
3413 946 3707 1009 διαλιπεῖν,

2128 1045 2222 1099 κα).
2254 1040 2623 1113 συνελεξάμην
2647 1044 2714 1112 τῇ
2747 1040 2958 1111 διανοίᾳ⁵
2993 1040 3061 1093 τὰ
3099 1038 3386 1110 εἰρημένα,
3420 1036 3580 1089 πάλιν
3609 1034 3712 1088 ἐπὶ

2126 1136 2225 1206 τὴν
2264 1134 2534 1207 προτέραν
2563 1133 2848 1204 διέδραμον
2889 1132 3004 1203 (57)
3043 1129 3364 1185 ἀκολουθίαν
3390 1127 3486 1181 τοῦ
3518 1127 3707 1194 λόγου,

2126 1227 2186 1279 ὲν
2226 1218 2272 1292 ᾧ
2310 1222 2761 1287 κατεσκευάζετο,
2808 1222 2882 1295 μὴ
2922 1220 3180 1275 ἀδύνατον
3225 1214 3364 1272 εἷναι
3400 1220 3499 1287 τὴν
3527 1216 3714 1287 ψυχὴν

2125 1315 2466 1379 διαλυθέντος
2511 1315 2604 1368 τοῦ
2650 1313 2901 1384 σώματος
2945 1313 3004 1365 ὲν
3059 1315 3171 1374 τοῖς
3211 1309 3494 1381 στοιχείοις
3541 1303 3710 1363 εἶναι.

2127 1408 2240 1462 Καὶ
2260 1406 2418 1459 τούτο
2440 1403 2592 1459 εἷπον
2616 1405 2753 1475 πρὸς
2777 1404 2876 1473 τὴν
2902 1402 3216 1457 διδάσκαλον
3237 1402 3368 1472 (58)·
3398 1401 3508 1454 Ποῦ
3531 1402 3715 1454 ἐκεῖνο

2127 1500 2188 1551 τὸ
2218 1496 2654 1567 πολυθρύλλητον
2694 1495 2788 1548 τοῦ
2834 1495 2962 1566 ᾷδου
2991 1495 3162 1563 ὄνομα
3187 1509 3202 1522 ·
3234 1494 3368 1547 πολὺ
3415 1493 3516 1564 μὲν
3546 1492 3604 1544 ὲν
3642 1492 3714 1561 τῇ

2131 1587 2389 1659 συνηθείᾳ
2416 1586 2511 1639 τοῦ
2542 1588 2658 1656 βίου
2681 1627 2695 1648 .
2725 1585 2861 1639 πολὺ
2891 1585 2945 1638 δὲ
2977 1586 3034 1639 ὲν
3064 1587 3184 1648 ταῖς
3215 1584 3556 1655 συγγραφαῖς
3590 1584 3716 1645 ταῖς

2128 1697 2189 1734 τε
2219 1678 2416 1744 ἔξωθεν
2453 1678 2545 1732 καὶ
2588 1681 2712 1743 ταῖς
2747 1677 3042 1749 ἡμετέραις
3075 1676 3530 1748 περιφερόμενον,
3575 1674 3656 1736 εἰς
3683 1671 3717 1725 δ

2135 1771 2336 1834 πάντες
2361 1771 2560 1824 οἴονται
2590 1769 2842 1839 καθάπερ
2865 1768 3068 1839 δοχεῖον
3099 1766 3212 1837 (59)
3245 1765 3453 1819 ἐνθένδε
3485 1765 3585 1827 τὰς
3607 1763 3717 1832 ψυ-

456 1862 513 1916 in
547 1828 705 1931 quem
751 1860 1025 1914 infernum
1067 1868 1328 1929 tanquam
1370 1860 1426 1914 in
1468 1860 1743 1928 quoddam
1785 1828 2030 1929 recepta;

2149 1860 2237 1930 [ἀς
2271 1828 2730 1932 μετανίστασθαι;
2763 1828 2841 1912 Oi’)
3000 1858 3065 1912 ἂν
3098 1828 3168 1911 τά
3194 1828 3433 1927 στοιχεῖα
3454 1856 3546 1909 τὸν
3575 1828 3717 1925 ᾅδην

456 1955 640 2007 culum
679 1969 867 2008 omnes
905 1952 1032 2007 hinc
1081 1959 1277 2021 putant
1327 1951 1539 2005 animas
1588 1950 2023 2023 transmigrare?

455 2043 576 2098 Non
634 2044 779 2099 enim
818 2044 1088 2097 elementa
1144 2042 1344 2097 Orcum
1376 2050 1431 2097 et
1471 2042 1745 2097 infernum
1795 2042 2024 2098 dixeris.

447 2139 589 2213 -τ-Μ.
611 2138 685 2189 Ac
711 2133 960 2204 magistra
988 2157 1001 2191 :
1027 2134 1250 2196 Videris,
1276 2134 1468 2204 inquit,
1494 2148 1600 2187 non
1620 2131 1912 2187 admodum
1945 2139 2032 2185 at-

455 2220 719 2287 tendisse,
744 2229 797 2274 et
820 2220 1063 2273 animum
1090 2219 1331 2271 sermoni
1359 2217 1694 2274 adhibuisse.
1716 2219 1854 2274 Cum
1886 2219 2035 2274 enim

456 2312 693 2367 dicerem
724 2312 1136 2366 translationem
1166 2309 1362 2363 animae
1390 2326 1456 2365 ex
1509 2325 1577 2364 eo
1619 2311 1765 2379 quod
1800 2311 2037 2379 videtur,

459 2400 576 2456 ﬁeri
620 2399 690 2454 ad
728 2398 783 2452 id
831 2398 979 2468 quod
1024 2412 1133 2452 non
1172 2397 1410 2461 videtur,
1459 2398 1597 2452 nihil
1641 2398 1901 2467 putabam
1951 2416 2039 2456 me

461 2490 877 2563 praetermisisse
923 2488 1070 2558 quod
1119 2488 1188 2543 de
1235 2487 1447 2544 inferno
1504 2500 1862 2559 quaereretur.
1923 2490 2035 2547 Nec

460 2583 608 2639 enim
645 2580 789 2635 aliud
820 2580 1100 2650 quidpiam
1127 2580 1259 2634 mihi
1292 2579 1513 2634 videtur
1537 2588 1651 2634 tum
1690 2581 1743 2634 in
1775 2590 2036 2637 externo-

464 2686 583 2726 rum
639 2670 815 2733 libris,
849 2677 963 2722 tum
1005 2668 1060 2722 in
1089 2669 1271 2722 divina
1322 2669 1605 2740 Scriptura
1634 2685 1731 2740 per
1783 2671 1889 2727 hoc
1937 2689 2038 2728 no-

462 2778 587 2817 men
630 2760 950 2833 signiﬁcari,
987 2759 1041 2813 in
1077 2774 1187 2829 quo
1225 2760 1441 2817 animas
1482 2776 1608 2816 esse
1652 2761 1865 2827 dicunt,
1895 2779 2038 2834 pra:-

462 2853 710 2915 terquam
741 2852 794 2904 in
827 2851 880 2906 id
921 2852 1065 2921 quod
1102 2859 1157 2906 et
1190 2851 1486 2908 obscurum
1534 2860 1620 2908 est
1655 2861 1712 2908 et
1744 2853 1853 2908 non
1885 2854 2042 2911 vide-

461 2944 574 3001 tur,
587 2936 1125 2996 transitionem—0.
1154 2937 1220 2992 Et
1240 2952 1343 3007 qua
1362 2938 1568 2998 ratione
1592 2941 2037 3006 subterraneum,

465 3025 714 3095 inquam,
748 3024 929 3078 locum
972 3024 1221 3078 nonnulli
1256 3025 1332 3078 ita
1362 3025 1468 3081 dici
1504 3029 1840 3097 existimant,
1875 3042 2040 3105 atque

2136 1952 2337 2019 λέγοις.
2355 1952 2506 2009 --M.
2527 1950 2636 2003 Καὶ
2662 1952 2696 2021 ἡ
2712 1948 3022 2012 διδάσκαλος
3035 1948 3168 2020 (40),
3186 1950 3349 2021 Δῆλος
3420 1944 3713 2020 (41).φησὶ,

2142 2045 2217 2115 μὴ
2263 2043 2384 2097 λίαν
2427 2039 2818 2111 προσεσχηκώς
2859 2037 2939 2107 τῷ
2983 2037 3147 2108 λόγῳ.
3198 2038 3308 2109 Τὴν
3343 2038 3453 2107 γὰρ
3502 2040 3567 2090 ἐκ
3617 2035 3717 2090 τοῦ

2138 2134 2416 2207 ὁρωμένου
2458 2135 2593 2200 πρὸς
2621 2133 2681 2185 τὸ
2715 2132 2887 2195 ἀειδὲς
2919 2131 3245 2201 μετάστασιν
3288 2129 3388 2198 τῆς
3428 2127 3607 2198 ψυχῆς
3640 2127 3723 2179 εί-

2143 2222 2352 2283 ποῦσα,
2392 2222 2543 2275 οὐδὲν
2570 2221 2727 2292 ᾤμην
2772 2219 3185 2273 ἀπολελοιπέναι
3217 2219 3327 2290 (42)
3372 2220 3452 2282 είς
3493 2218 3555 2270 τὸ
3587 2216 3723 2289 περὶ

2141 2311 2236 2363 τοῦ
2271 2310 2401 2381 ᾅδου
2441 2309 2791 2380 ζητούμενον.
2837 2309 3005 2361 Οὐδὲν
3049 2309 3159 2379 (45)
3193 2308 3321 2362 ἀλλο
3358 2307 3413 2360 τί
3455 2324 3544 2377 μοι
3571 2306 3724 2359 δοκεῖ

2145 2400 2299 2471 παρά
2331 2417 2391 2451 τε
2427 2399 2536 2452 τῶν
2563 2399 2760 2465 ἔξωθεν
2789 2400 2884 2452 καὶ
2916 2399 3067 2467 παρά
3091 2400 3189 2469 τῆς
3226 2398 3376 2461 θείας
3407 2398 3632 2469 Γραφῆς
3659 2397 3724 2450 τὸ

2142 2492 2314 2562 ὄνομα
2339 2493 2497 2544 τοῦτο
2523 2491 2900 2562 διασημαίνειν
2920 2530 2935 2553 ,
2975 2493 3033 2544 ὲν
3063 2484 3107 2558 ᾧ
3135 2491 3233 2553 τὰς
3266 2489 3442 2559 ψυχὰς
3470 2488 3724 2557 γίνεσθαι

2141 2583 2390 2652 λέγουσι,
2436 2584 2574 2653 πλὴν
2605 2582 2716 2653 (44)
2768 2583 2847 2645 εἰς
2887 2582 2949 2635 τδ
2996 2582 3172 2645 ἀειδὲς
3214 2581 3308 2634 καὶ
3354 2580 3558 2651 ἀφανὲς
3603 2579 3721 2648 (45)

2144 2673 2482 2743 μετέχουσιν.
2510 2702 2581 2712 -
2611 2670 2669 2723 Γ.
2703 2670 2814 2722 Καὶ
2833 2667 2971 2734 πῶς,
3004 2664 3160 2722 εἷπον
3189 2669 3326 2740 (46),
3357 2670 3447 2723 τὺν
3476 2670 3718 2742 ὑποχθό-

2143 2782 2253 2818 νιον
2287 2764 2461 2835 χῶρον
2483 2763 2685 2817 οἴονταί
2714 2779 2858 2825 τινες
2881 2761 3024 2815 οὕτω
3050 2762 3323 2832 λέγεσθαι,
3355 2763 3450 2817 καὶ
3481 2764 3541 2825 ὲν
3566 2764 3719 2835 αύτῷ

2143 2858 2417 2913 κακείνων
2451 2857 2564 2928 (t7)
2595 2856 2695 2920 τὰς
2733 2855 2912 2927 ψυχὰς
2945 2856 3325 2926 πανδοχεύειν,
3369 2857 3626 2929 καθάπερ
3661 2876 3717 2911 τι

2141 2948 2376 3020 χώρημα
2405 2948 2505 3019 τῆς
2530 2946 2784 3017 τοιαύτης
2814 2948 3028 3016 φύσεως
3055 2948 3299 3001 δεκτικὸν
3331 2947 3430 3012 τὰς
3466 2949 3720 3003 ἀποπτά-

2143 3058 2244 3105 σας
2278 3042 2380 3112 ήδη
2405 3039 2505 3111 τῆς
2528 3037 2873 3111 ἀνθρωπίνης
2905 3038 3050 3111 ζωῆς
3082 3040 3217 3112 πρὸς
3247 3041 3436 3097 ἑαυτὸν
3473 3040 3720 3112 ἑφελκό-

467 3116 621 3171 illum
667 3113 725 3171 in
768 3130 891 3172 sese
924 3115 1136 3171 animas
1160 3118 1317 3185 quasi
1343 3117 1581 3189 hospitio
1620 3123 1891 3193 excipere,
1924 3136 2044 3181 tan-
2073 3120 2115 3178 C
2143 3148 2340 3204 μενονς

470 3223 637 3280 quam
664 3207 1069 3277 τεθερῑθευιυω
1096 3208 1369 3277 ίιυοάάεῐη
1392 3210 1459 3265 ad
1496 3213 1866 3283 recipiendum
1900 3219 2170 3289 ejusmodi
2196 3232 2448 3279 naturam
2487 3229 2671 3293 aptum
2701 3226 2755 3273 et
2781 3217 3056 3281 idoneum,
3075 3212 3219 3284 quod
3255 3226 3349 3267 eas
3382 3225 3503 3281 quae
3516 3208 3630 3281 jam
3657 3224 3730 3265 ex

471 3300 709 3355 humana
742 3298 853 3351 vita
887 3298 1245 3362 evolaverint,
1276 3299 1343 3353 ad
1375 3316 1436 3356 se
1461 3304 1739 3359 attrahat?

537 3384 615 3440 Μ,
645 3383 714 3438 At
733 3383 903 3440 nihilo
922 3389 1111 3461 magis,
1137 3392 1605 3466 inquit_magistra,
1625 3410 1726 3466 per
1755 3395 1897 3451 hanc
1923 3407 2046 3463 Opl-

466 3481 687 3534 nionem
734 3479 1004 3533 sententia
1038 3487 1205 3548 atque
1260 3480 1512 3535 doctrina
1568 3494 1757 3537 nostra
1800 3485 2048 3540 inﬁrma-

469 3573 620 3627 bitur
657 3581 713 3626 et
747 3571 994 3635 lazdetur,
1023 3570 1244 3627 etiamsi
1276 3586 1405 3627 vera
1428 3581 1523 3627 tua
1561 3576 1743 3631 oratio
1771 3585 1879 3633 est.
1912 3575 2049 3632 Nam

466 3674 757 3734 propterea
797 3662 948 3732 quod
980 3670 1170 3719 vertex
1199 3665 1443 3721 ctelestis
1506 3682 1694 3723 secum
1754 3671 2052 3726 continuus

464 3763 519 3810 et
552 3754 955 3810 indissolubilis
989 3762 1098 3818 est,
1152 3756 1338 3809 omnia
1376 3757 1522 3811 intra
1583 3774 1742 3815 suum
1781 3761 2052 3815 circulum

465 3855 523 3901 et
566 3845 831 3900 ambitum
903 3845 1171 3901 cohibens
1240 3853 1406 3915 atque
1445 3863 1745 3915 coercens,
1794 3862 1850 3906 et
1906 3860 2053 3907 terra

467 3949 700 4004 quaeque
741 3934 889 3989 circa
920 3950 1040 3990 eam
1064 3935 1577 3991 animadvertuntur
1608 3939 1662 3993 in
1705 3941 1886 3995 medio
1927 3957 2056 3997 sus-

470 4041 644 4098 pensa
698 4035 852 4090 sunt,
892 4037 946 4081 et
997 4027 1244 4081 omnium
1282 4042 1405 4097 qua:
1436 4027 1492 4081 in
1532 4029 1717 4084 orbem
1764 4033 2060 4086 volvuntur

471 4130 654 4175 motus
681 4119 832 4174 circa
865 4118 917 4174 id
955 4119 1103 4187 quod
1135 4121 1333 4180 stabile
1372 4119 1697 4191 firmumque
1727 4136 1793 4177 ac
1820 4123 2057 4177 solidum

469 4218 557 4266 est
605 4209 685 4271 ﬁt,
745 4210 970 4263 omnino
1017 4225 1245 4265 necesse
1270 4221 1375 4274 est,
1419 4211 1620 4282 inquit,
1681 4221 1741 4267 ut
1781 4215 2050 4286 quidquid

472 4303 772 4372 unicuique
833 4301 1235 4356 elementorum
1299 4301 1451 4357 circa
1508 4316 1767 4373 superam
1842 4316 2053 4374 partem

478 4401 642 4447 terra:
671 4391 901 4457 accidit,
927 4392 984 4447 id
1015 4394 1181 4449 etiam
1210 4394 1358 4449 circa
1388 4396 1695 4465 oppositam
1745 4397 2052 4468 contingat,

2234 3389 2311 3445 Μ.
2336 3381 2475 3439 Ἀλλ’
2488 3389 2640 3449 οὐδὲν
2654 3393 2872 3464 μᾶλλον,
2891 3397 3056 3467 φησὶν
3069 3397 3103 3466 ὴ
3118 3394 3452 3460 διδάσκαλος,
3464 3391 3524 3449 τὸ
3550 3387 3734 3457 δόγμα

2144 3484 2233 3539 διὰ
2248 3484 2349 3554 τῆς
2364 3483 2617 3545 ὑπονοίας
2632 3478 2834 3553 ταύτης
2849 3480 3327 3554 παραϐλαϐήσεται
3342 3478 3475 3551 (48),
3498 3478 3600 3531 κᾶν
3616 3476 3732 3548 (49)

2147 3576 2355 3647 ἀληθὴς
2384 3576 2414 3628 ὁ
2448 3575 2606 3645 λόγος
2630 3575 2663 3631 δ
2693 3574 2838 3631 κατά
2885 3574 2966 3632 σέ.
3014 3574 3079 3628 Et
3115 3572 3224 3645 γὰρ
3275 3572 3471 3643 συνεχῆ
3519 3570 3632 3642 (50)
3672 3585 3735 3623 τε

2150 3668 2287 3742 πρὸς
2310 3667 2501 3721 ἑαυτὸν
2521 3669 2615 3720 κα).
2638 3668 3000 3722 ἀδιάσπαστον
3019 3661 3158 3721 εἶναι
3181 3665 3272 3719 τὸν
3294 3666 3353 3718 ού
3364 3666 3541 3735 ράνιον
3570 3663 3735 3716 πόλον

2153 3759 2231 3830 τῷ
2264 3759 2379 3830 ἰδίῳ
2399 3758 2583 3829 κύκλῳ
2615 3759 2792 3812 πάντα
2822 3759 3240 3830 ἐμπεριέχοντα,
3267 3756 3361 3811 καὶ
3388 3759 3445 3810 ἐν
3472 3755 3549 3826 τῷ
3583 3756 3738 3827 μέσῳ

2152 3850 2251 3920 τὴν
2298 3851 2403 3921 γῆν
2452 3849 2547 3903 καὶ
2593 3848 2661 3902 τά
2706 3850 2833 3920 περί
2876 3849 3045 3919 αὐτὴν
3090 3846 3427 3919 αἰωρεῖσθαι,
3467 3846 3562 3897 καὶ
3595 3846 3737 3898 πάν-

2154 3958 2263 4005 τως
2286 3941 2395 4011 (51)
2419 3940 2936 4011 κυκλοφορουμένων
2961 3940 3059 4009 τὴν
3083 3938 3298 4007 κίνησιν
3323 3937 3452 4007 περὶ
3474 3936 3533 3988 τὸ
3564 3934 3740 3999 ἑστὼς

2156 4034 2251 4087 καὶ
2282 4034 2478 4102 πάγιον
2508 4031 2786 4101 γίνεσθαι,
2817 4031 3030 4101 ἀνάγκη
3065 4032 3233 4093 πᾶσα,
3270 4030 3433 4099 φησὶν
3463 4028 3600 4097 (52),
3631 4028 3744 4080 ὅτι·

2156 4140 2264 4195 περ
2291 4122 2358 4178 ἂν
2388 4124 2601 4193 ἑκάστῳ
2624 4122 2737 4191 (55)
2771 4123 2836 4175 ὲκ
2867 4122 2974 4174 τῶν
3004 4121 3282 4192 στοιχείων
3374 4119 3514 4173 κατά
3541 4119 3601 4172 τὸ
3627 4118 3744 4171 ἀνω

2156 4213 2258 4283 τῆς
2284 4214 2387 4283 γῆς
2428 4213 2596 4284 μέρος
2614 4250 2631 4276 ,
2661 4211 2818 4265 τοῦτο
2853 4211 2964 4281 (54)
3004 4211 3147 4266 κατὰ
3174 4211 3235 4264 τὸ
3268 4209 3638 4281 ἀντικείμενον
3663 4204 3745 4261 εἷ-

2158 4321 2268 4370 ναι,
2294 4287 2425 4377 μιᾶς
2443 4305 2544 4375 τῆς
2568 4305 2755 4369 οὐσίας
2778 4304 2891 4375 (55)
2911 4305 3030 4358 ὅλον
3060 4304 3229 4373 αὐτῆς
3258 4303 3348 4356 τὸν
3370 4302 3533 4371 ὄγκον
3562 4303 3621 4353 ὲν
3646 4301 3745 4353 κύ-

2159 4397 2273 4469 κλῳ
2318 4396 2698 4468 περιθεούσης.
2743 4397 2855 4452 Καὶ
2893 4397 3082 4469 ὥσπερ
3126 4398 3266 4469 ὑπὲρ
3312 4396 3423 4465 (56)
3457 4393 3551 4447 τοῦ
3590 4392 3745 4463 ἡλίου

473 4485 679 4555 quippe
704 4498 832 4539 cum
858 4498 969 4537 una
1022 4483 1330 4554 eademque
1383 4494 1579 4540 natura
1616 4487 1822 4544 circum
1882 4497 2038 4544 totan

2162 4490 2420 4559 φανέντος
2448 4489 2541 4544 ἐπὶ
2569 4491 2631 4543 τὸ
2660 4490 3016 4561 ὑποκείμενον
3047 4489 3215 4562 αὐτῆς
3246 4488 3534 4560 στρέφεται
3561 4485 3670 4556 (57)
3708 4486 3742 4555 ἡ

570 4667 661 4737 55)
690 4666 994 4737 Γίνεσθαι.
1016 4669 1058 4718 Α
1088 4666 1313 4735 γίνεται.

573 4734 662 4805 54)
697 4734 1123 4809 Ὀνοέιιίζεονθᾳι⁵
1161 4739 1207 4809 Α
1234 4734 1575 4809 ὀνομάζεται.

550 4809 666 4876 (55)
709 4808 875 4876 Ἐγώ.
911 4809 949 4858 B
978 4807 1088 4875 ἐγὼ
1116 4807 1192 4859 δέ.

550 4877 665 4949 (56)
701 4878 1155 4949 Διεξελθούσης.
1187 4879 1226 4930 Α
1250 4878 1303 4931 in
1328 4878 1572 4947 margine
1597 4877 1918 4949 διεξιούσης.

552 4948 664 5018 (57)
691 4947 1036 5017 Διέδραμον,
1072 4948 1118 5001 Α
1146 4948 1198 5000 in
1220 4958 1370 5002 textu
1393 4949 1715 5020 ἀνέδραμον,
1742 4949 1796 5003 in
1814 4947 2059 5021 margine

686 5037 733 5076 ν.

552 5084 665 5159 (58)
682 5084 886 5143 Ἐἴπον
911 5103 977 5140 π.
1017 5087 1159 5159 and.
1191 5087 1231 5138 Β
1257 5087 1393 5159 πρὸς
1417 5105 1468 5142 τ.
1491 5088 1533 5141 δ.
1560 5107 1608 5143 ε.

555 5157 668 5227 (59)
700 5160 964 5227 Δοχεῖον.
1003 5160 1045 5210 Α
1075 5157 1114 5209 Β
1144 5157 1477 5227 ρνωιιὶιιιιιηι
1503 5161 1580 5223 είς
1602 5178 1675 5213 τι.

554 5222 667 5308 (ω)
705 5222 815 5283 Ι(άὶ
839 5222 1160 5308 ήδιδιὶοςκξ
1188 5231 1262 5308 in
1279 5238 1460 5308 textu,
1507 5222 1602 5282 καὶ
1636 5232 1684 5308 εἰ
1712 5227 1868 5308 δῆλος
1898 5222 1949 5308 εξ
1984 5230 2059 5308 μῂ

483 5302 625 5428 ἒὲἒν,
648 5299 705 5352 in
730 5301 974 5370 margine
1003 5302 1097 5353 καὶ
1124 5302 1157 5369 ἠ
1184 5298 1497 5362 διδάσκαλος
1533 5299 1687 5370 φησὶ,
1712 5298 1879 5367 Δῆλος
1901 5300 1949 5352 εί
1985 5298 2060 5369 μὴ

579 5385 627 5421 ν.

579 5385 627 5421 ν.

558 5438 671 5503 (il)
703 5433 804 5509 τῌ.
836 5437 879 5488 Β
902 5432 971 5499 εἷ,
1006 5439 1097 5492 ubi
1130 5447 1184 5494 et
1206 5439 1359 5493 deest
1383 5454 1621 5507 sequens
1650 5439 1802 5508 φησί.

558 5509 673 5579 (4⁸2)
718 5509 1215 5579 Ἀπρβελοιπέναι.
1255 5512 1302 5563 Α
1329 5509 1712 5563 ἐλλελοιπέναι.

561 5576 678 5651 (4325)
715 5576 1002 5651 Ωὒδένο-Α
1034 5578 1152 5651 ρέδδὲ
1178 5580 1306 5651 γάρο

565 5647 674 5718 (Η)
706 5645 896 5718 "rbi":
995 5645 1139 5718 πλὴν,
1165 5645 1282 5718 ’δήῆι

564 5717 677 5783 (45)
707 5717 811 5778 Εις
837 5715 902 5786 to
939 5716 998 5768 ἀ.
1046 5715 1146 5768 καὶ
1176 5715 1235 5772 ἀ.
1288 5719 1330 5770 Α
1365 5720 1406 5771 Β
1434 5719 1513 5783 εἰς
1555 5718 1617 5774 τὸ
1649 5715 1848 5786 ἀφανές
1886 5733 1943 5769 τε

493 5782 665 5850 ἀειδὲς
694 5782 1093 5855 μεταχώρησιν.

1977 5717 2071 5769 καὶ

2236 4671 2346 4742 (46)
2382 4668 2587 4728 Εἶπον.
2614 4672 2657 4725 Α
2695 4672 2843 4727 addit
2874 4667 3004 4741 ἐγὼ.

2236 4736 2349 4813 (47)
2397 4743 2501 4795 Ἐν
2524 4742 2684 4808 αὐτῷ
2714 4736 3027 4797 κάκείιὲων.
3053 4741 3094 4794 Β
3118 4739 3369 4813 κάκεῖνον
3391 4739 3447 4813 ὲν
3476 4736 3643 4813 αὐτῷ.
3668 4739 3745 4813 Ita

2164 4821 2218 4867 et
2240 4810 2291 4883 Α(
2315 4810 2407 4883 qui
2440 4815 2495 4868 in
2517 4814 2762 4883 margine
2788 4817 2974 4881 habet,
2995 4814 3054 4866 ὲν
3082 4810 3260 4881 ἑαυτῷ
3289 4826 3346 4863 τε
3369 4812 3620 4863 κάκεῖνον
3645 4810 3745 4872 τὰς

2162 4882 2343 4952 ψυχὰς
2375 4882 2738 4952 πανδοκεύειν.

2236 4948 2347 5021 (48)
2377 4948 2926 5021 Παραϐλιιϐήσεται.
2954 4952 2996 5004 Β
3034 4948 3377 5023 παραϐληθῇ.

2238 5024 2349 5091 (49)
2382 5025 2526 5077 Κᾶν.
2557 5028 2601 5076 Δ
2628 5024 2735 5075 Bai
2770 5024 2897 5092 γάρ.

2238 5094 2348 5163 (50)
2381 5098 2449 5147 Εἰ
2473 5094 2581 5162 γὰρ
2605 5090 2863 5162 συνεχῆ.
2887 5093 2933 5144 Α
2960 5090 3018 5144 τὺ
3048 5090 3267 5163 συνεχῆ.

2240 5160 2350 5233 (51)
2376 5160 2637 5229 Πάντως.
2666 5165 2707 5217 Α
2738 5160 3016 5216 Βνπάντων
3042 5160 3172 5216 τῶν.

2239 5232 2350 5300 (52)
2383 5234 2600 5300 Φησίν.
2627 5234 2665 5285 Β
2694 5235 2819 5303 φῆς.

2241 5298 2373 5426 (55)ί
2400 5298 2666 5368 Ἐκιὶστῳ
2702 5298 2885 5359 delent
2922 5301 2967 5355 Α
3000 5299 3058 5356 Β.
3083 5301 3128 5355 Α
3164 5301 3219 5356 in
3266 5299 3509 5369 margine
3530 5298 3751 5371 ἑκάστῳ

2241 5392 2352 5426 οιγε
2377 5391 2473 5426 ων.

2174 5389 2473 5427 στοιγειων.

2243 5441 2355 5511 (54)
2387 5442 2581 5497 Τοῦτο.
2602 5443 2648 5495 Α
2674 5442 2832 5495 τοῦτο
2862 5441 2977 5495 καί.

2245 5510 2356 5581 (55)
2385 5515 2631 5580 Οὐσίας.
2666 5514 2712 5565 Α
2742 5513 2834 5566 καὶ
2872 5512 2971 5581 τῆς
2992 5510 3184 5581 αὐτῆς.

2242 5583 2352 5651 (56)
2394 5584 2592 5650 Ὑπὲρ.
2620 5586 2663 5636 Α
2686 5584 2826 5654 ὑπὲρ
2844 5580 3021 5654 γῆςξιι
3055 5580 3238 5648 testu;
3263 5581 3318 5634 in
3343 5581 3586 5651 margine
3612 5580 3756 5653 ὑπὲρ

2176 5652 2300 5723 γῆν.
2332 5654 2476 5721 quod
2514 5655 2654 5707 idem
2693 5651 2855 5707 habet
2876 5651 2930 5706 et
2950 5651 3011 5705 Β.

2247 5720 2363 5793 (57)
2387 5723 2723 5792 Στρέφεται.
2755 5728 2800 5776 A
2829 5724 3111 5793 τρέπεται,
3130 5720 3171 5773 Β
3193 5721 3471 5792 τρέφεται.
