3992 6462
205 386 267 444 59
1294 372 1383 428 DE
1419 369 1636 428 ANIMA
1673 369 1765 426 ET
1804 367 2410 431 RESURRECTIONE.
3415 369 3481 430 7b

208 495 327 553 σκιά
352 493 446 551 τοῦ
478 493 869 566 σφαιροειδοῦς
907 491 1211 564 σχήματος,
1242 490 1304 543 οὐ
1339 489 1636 560 δυναμένου
1670 490 1792 544 κατ’

1900 486 2015 558 ejus
2043 489 2243 546 molem
2282 489 2490 544 feratur
2518 494 2685 558 atque
2706 468 3077 544 volvaturfEt
3121 485 3475 558 quemadmo‘

207 588 355 643 αὑτὸν
377 585 493 658 (58)
524 588 589 640 ὲν
620 585 810 655 κύκλῳ
844 580 1201 652 διαληφοῆναι
1230 581 1294 651 τῇ
1323 580 1421 650 τῆς
1454 580 1669 642 ἀκτῖνος
1699 595 1796 630 πε-

208 678 407 750 ριϐολῇ,
441 676 590 731 ἀλλά
620 675 766 731 κατά
794 676 972 728 πᾶσαν
1000 672 1264 742 ἀνάγκην,
1296 670 1415 724 καθ’
1439 671 1578 738 ὅπερ
1602 670 1667 723 ἂν
1694 669 1796 740 τῆς

206 770 302 839 γῆς
331 771 499 841 μέρος
529 765 853 838 προσϐάλλῃ
1020 764 1140 827 ταῖς
1169 763 1381 815 ἀκτῖσιν
1405 762 1433 814 ὁ
1458 759 1629 832 ἥλιος,
1655 760 1798 815 κατά

204 877 340 923 τινος
386 859 631 931 κέντρου
678 859 896 921 πάντως
931 857 1023 910 ἐπὶ
1066 855 1167 925 τῆς
1215 852 1449 924 σφαίρας
1493 852 1793 923 γινόμενος,

206 950 331 1022 πρὸς
364 951 467 1022 τὴν
501 949 625 1020 (60)
662 949 880 1003 εὐθεῖαν
905 946 1194 1018 διάμετρον
1227 943 1370 999 κατά
1396 943 1456 997 τὸ
1482 944 1668 1015 ἕτερον
1694 943 1796 995 πέ-

206 1056 299 1111 ρας
344 1040 543 1103 σκότος
586 1038 774 1092 ἔσται·
806 1037 901 1092 κα)⁵
948 1036 1090 1091 οὕτω
1122 1034 1264 1090 κατὰ
1307 1034 1368 1088 τὺ
1413 1033 1679 1105 διηνεκὲς,
1717 1031 1796 1105 τῷ

206 1130 405 1201 ἡλιακῷ
424 1130 625 1202 δρόμῳ
647 1130 757 1201 (61)
780 1130 873 1183 ἐπὶ
892 1128 954 1183 τὸ
980 1126 1350 1198 ἀντικείμενον
1368 1129 1435 1199 τῇ
1458 1127 1558 1197 τῆς
1581 1127 1797 1191 ἀκτῖνος

206 1220 384 1290 εὐθείᾳ
420 1219 852 1292 συμπεριοδεύει
879 1219 941 1273 τὸ
965 1220 1176 1282 σκότος,
1220 1218 1359 1272 ὥστε
1399 1218 1541 1272 κατά
1572 1217 1631 1272 τὸ
1652 1212 1794 1287 ἶσον,

207 1311 288 1366 τόν
315 1328 373 1365 τε
405 1311 735 1382 ὑπέργειον,
773 1311 867 1365 καὶ
899 1311 990 1364 τὸν
1034 1311 1285 1379 ὑπόγειον
1309 1310 1474 1364 τόπον
1501 1310 1605 1364 ἀνά
1632 1309 1797 1382 μέρος

207 1400 442 1468 γίνεσθαι
477 1402 540 1455 ἐν
589 1403 729 1470 φωτί
779 1418 840 1455 τε
892 1400 986 1455 καὶ
1034 1401 1215 1454 σκότει
1255 1401 1400 1472 (62)·
1431 1400 1602 1464 οὕτως
1651 1400 1796 1465 εἰκὸς

207 1491 295 1545 καὶ
332 1491 509 1546 τᾶλλα
551 1490 669 1562 (65)
707 1491 885 1545 πάντα
925 1492 1115 1567 ὅτιπερ
1153 1489 1219 1545 ἂν
1254 1491 1605 1562 στοιχειωδῶς
1634 1492 1690 1545 ὲν
1718 1489 1796 1561 τῷ

207 1581 318 1635 καθ’
353 1584 506 1652 ἡμᾶς
555 1583 901 1655 ἡμισφαιρίῳ
949 1582 1048 1653 τῆς
1080 1582 1186 1652 γῆς
1215 1582 1528 1653 θεωρεῖται,
1572 1582 1633 1635 τὸ
1667 1581 1797 1635 αὐτὸ

208 1675 293 1730 καὶ
334 1675 466 1745 περὶ
509 1675 577 1727 τὸ
626 1675 815 1746 ἕτερον
855 1669 996 1728 εἶναι
1043 1673 1119 1746 μὴ
1150 1674 1530 1745 ἀμφιϐάλλειν.
1561 1676 1704 1738 Μιᾶς
1738 1674 1795 1729 δὲ

206 1765 416 1835 καὶτῆς
452 1765 634 1837 αὐτῆς
672 1764 841 1837 οὔσης
878 1765 1020 1820 κατὰ
1064 1767 1173 1819 πᾶν
1212 1765 1321 1837 (64)
1352 1766 1451 1836 τῆς
1487 1766 1591 1835 γῆς
1629 1766 1796 1837 μέρος

1897 577 2027 632 dum
2055 594 2221 650 super
2252 586 2452 633 terram
2491 585 2785 648 apparente
2821 579 2955 642 sole,
2991 577 3059 633 ad
3089 578 3392 647 subiectam
3424 588 3475 632 et

1898 669 2169 724 infernam
2202 670 2324 740 ejus
2361 680 2572 741 partem
2624 670 2818 724 umbra
2853 677 3129 736 versatur,
3189 677 3476 740 propterea

1895 765 2043 836 quod
2104 766 2333 836 globosa
2372 765 2546 836 ﬁgura
2604 779 2714 819 non
2769 763 2944 835 possit
2985 763 3231 833 undique
3285 760 3476 817 eodem

1898 864 2147 928 tempore
2178 857 2247 913 ab
2283 856 2426 912 radii
2458 856 2708 927 amplexu
2739 855 3152 927 comprehendi,
3188 855 3282 910 sed
3320 869 3440 924 pror
3461 882 3478 895 ο

1897 962 1994 1004 sus
2011 962 2241 1003 necesse
2266 954 2354 1001 est
2387 953 2445 1000 ιιι
2472 944 2537 999 ad
2560 959 2946 1016 quamcunque
2974 953 3133 998 terrae
3163 949 3369 1012 partem
3394 940 3475 996 sol

1896 1040 2054 1094 radio
2086 1038 2417 1100 admoverit,
2484 1037 2540 1091 in
2587 1036 2826 1107 quodam
2890 1042 3092 1105 puncto
3148 1049 3375 1104 prorsus
3420 1032 3475 1086 in

1898 1128 2061 1200 globo
2103 1136 2262 1184 terrae
2283 1142 2533 1193 versans,
2567 1126 2636 1182 ad
2669 1139 2874 1182 rectam
2913 1127 3113 1182 lineam
3175 1124 3478 1180 demetien-

1899 1228 2032 1286 tem,
2080 1236 2203 1291 quae
2262 1220 2551 1290 διάμετρος
2580 1218 2819 1283 dicitur,
2861 1218 3007 1272 circa
3044 1216 3272 1272 alteram
3317 1224 3478 1270 terrae

1897 1313 2303 1369 extremitatem
2370 1311 2607 1367 tenebrae
2666 1310 2814 1376 sint;
2876 1316 3042 1378 atque
3081 1308 3158 1363 ita
3215 1317 3477 1378 perpetuo

1900 1419 2006 1458 una
2039 1418 2164 1457 cum
2208 1417 2375 1458 cursu
2410 1401 2575 1456 solari
2608 1416 2772 1470 supra
2804 1400 3111 1470 oppositam
3152 1407 3317 1453 rectae
3337 1397 3475 1452 radii

1898 1495 2057 1549 lineae
2087 1501 2297 1563 partem
2331 1493 2573 1548 tenebrae
2608 1500 2894 1563 vagentur,
2927 1490 3063 1545 adeo
3095 1497 3155 1544 ut
3189 1489 3473 1559 aequabili-

1899 1594 1983 1641 ter
2015 1592 2069 1639 et
2102 1584 2318 1639 inferus
2340 1592 2393 1638 et
2423 1599 2655 1654 superus
2689 1591 2852 1638 terra:
2884 1583 3038 1638 locus
3092 1581 3326 1636 invicem
3357 1588 3472 1635 tum

1900 1676 2143 1731 tenebris
2166 1674 2412 1737 obducti,
2448 1682 2563 1729 tum
2606 1675 2729 1729 luce
2766 1672 3026 1728 illustrati
3086 1673 3236 1727 sint:
3270 1674 3343 1727 ita
3377 1688 3477 1742 par

1897 1774 1952 1823 et
1988 1776 2424 1823 consentaneum
2476 1776 2560 1822 est
2607 1782 2718 1821 non
2763 1767 3018 1821 dubitare
3067 1764 3367 1836 quinetiam
3416 1765 3475 1820 in

207 1853 298 1923 τῆς
329 1831 439 1909 τιῦν
471 1831 760 1925 στοιχείων
795 1831 1118 1928 περιϐολῆς,
1148 1831 1270 1909 οὕτε
1304 1831 1642 1924 ἀντιλέγειν,
1673 1831 1796 1910 abte

1900 1861 2114 1915 caeteris
2146 1861 2403 1915 omnibus
2443 1859 2809 1930 quodcunque
2850 1859 3012 1928 juxta
3072 1865 3326 1912 naturam
3361 1857 3473 1913 ele~

212 1946 604 2018 συναγορεύειν
642 1943 796 2020 οἶμαι
830 1947 938 2002 δεῖν
964 1951 1077 2012 τοῖς
1107 1947 1236 2020 περὶ
1263 1947 1470 2001 τούτων
1504 1947 1798 2018 ἐνισταμέ-

210 2054 332 2100 νοις,
352 2037 428 2101 ὡς
450 2038 579 2093 δέον
607 2040 641 2109 ἢ
667 2038 875 2104 τοῦτον,
908 2039 941 2112 ἢ
971 2038 1061 2093 τὸν
1092 2038 1444 2111 καταχθόνιον
1470 2039 1634 2092 τόπον
1662 2040 1798 2092 ἀπο-

209 2128 456 2199 τετάχθαι
488 2130 705 2184 οἴεσθαι
732 2132 852 2194 ταῖς
880 2129 991 2185 τῶν
1025 2130 1293 2201 σωμάτων
1321 2129 1659 2193 ὲκλυθείσαις
1688 2129 1795 2200 ψυ-

210 2222 342 2290 χαῖς.
369 2222 520 2286 Ἕως
551 2221 665 2293 γὰρ
692 2221 757 2276 ἂν
791 2221 866 2293 μὴ
890 2221 1217 2293 παρακινοίη
1250 2221 1313 2275 τὸ
1380 2220 1795 2292 προηγούμενον

210 2310 376 2381 δόγμα
406 2314 440 2384 ἡ
482 2312 735 2377 ἔνστασις
780 2312 906 2384 περὶ
932 2312 1026 2365 τοῦ
1065 2307 1201 2367 εἶναι
1240 2312 1378 2383 μετά
1402 2313 1500 2382 τὴν
1540 2312 1597 2364 ἐν
1628 2311 1792 2383 σαρκὶ

211 2400 346 2474 ζωὴν
376 2403 478 2467 τὰς
505 2403 709 2475 ψυχὰς,
734 2403 884 2457 οὐδὲν
924 2403 1052 2474 περὶ
1089 2401 1253 2456 τόπου
1281 2402 1309 2454 ὁ
1352 2403 1613 2474 ἡμέτερος
1636 2401 1794 2471 λόγος

210 2490 648 2564 διενεχθήσεται,
700 2492 860 2565 μόνον
889 2493 1001 2565 (65)
1044 2491 1312 2562 σωμάτων
1355 2493 1482 2547 ἴδιον
1516 2487 1654 2545 εἶναι
1695 2491 1793 2562 τὴν

214 2580 299 2634 ἐπὶ
325 2584 493 2636 τόπου
526 2584 680 2638 θέσιν
706 2583 1140 2654 καταλαμϐάνων
1161 2599 1178 2615 θ
1209 2582 1387 2654 ψυχὴν
1414 2584 1472 2637 δὲ
1500 2582 1794 2654 ἀσώματον

214 2668 387 2738 οὖσαν,
433 2674 713 2747 μηδεμίαν
754 2675 1000 2748 ἀνάγκην
1048 2674 1192 2747 ἔχειν
1234 2676 1299 2728 ἐκ
1346 2674 1560 2745 φύσεως
1611 2676 1797 2740 τόποις

214 2765 347 2818 τισὶν
384 2767 808 2839 ἐγκατέχεσθαι.

1894 1960 2208 2005 mentorum
2244 1952 2298 2004 in
2360 1960 2549 2007 nostro
2590 1950 2977 2021 hemiSphaet-io
3032 1956 3193 2004 terra:
3223 1949 3475 2004 animad-

1893 2044 2151 2110 vertitur,
2176 2042 2318 2096 idem
2349 2042 2515 2096 etiam
2545 2042 2599 2096 in
2630 2042 2802 2095 altero
2836 2054 3057 2111 quoque
3089 2039 3476 2109 bemisphmrio

1891 2133 1987 2189 sit.
2027 2133 2163 2188 Cum
2201 2142 2382 2187 autem
2425 2148 2522 2202 per
2552 2146 2768 2186 omnem
2806 2139 3016 2200 partem
3059 2137 3221 2184 terra:
3254 2145 3395 2185 unus
3421 2138 3476 2184 et

1891 2224 2034 2278 idem
2067 2224 2354 2293 amplexus
2392 2223 2788 2276 elementorum
2840 2220 2933 2287 sit,
2983 2235 3164 2289 neque
3201 2220 3476 2274 contradi-

1890 2313 2147 2377 cendum,
2215 2326 2394 2382 neque
2456 2311 2913 2381 patrocinandum
2976 2311 3218 2365 arbitror
3259 2311 3327 2364 iis
3380 2311 3475 2381 qui

1892 2403 2036 2457 hanc
2071 2403 2432 2474 quaestionem
2466 2408 2685 2473 urgent,
2718 2402 2865 2472 quod
2892 2409 3111 2473 oportet
3160 2403 3477 2458 existimare

1891 2497 1977 2551 vel
2009 2495 2175 2561 hunc,
2207 2496 2290 2550 vel
2334 2496 2758 2550 subterraneum
2814 2495 2994 2550 locum
3045 2497 3378 2551 destinatum
3423 2504 3478 2551 et

1894 2587 2223 2641 attributum
2254 2602 2379 2643 esse
2400 2588 2600 2641 animis
2624 2601 2862 2656 corpore
2887 2586 3107 2642 solutis.
3131 2586 3266 2640 Nam
3300 2601 3476 2656 quan—

1903 2676 1996 2731 diu
2031 2678 2279 2747 urgendo
2311 2687 2365 2732 ct
2395 2676 2653 2731 instando
2684 2676 3004 2745 primariam
3036 2679 3479 2747 praecipuamque

1900 2768 2229 2835 doctrinam,
2265 2784 2463 2838 nempe
2514 2767 2661 2836 quod
2694 2774 2818 2837 post.
2851 2768 3014 2821 vitam
3056 2783 3176 2837 quae
3217 2768 3271 2821 in
3309 2781 3479 2823 carne

219 2855 441 2927 degitur,
487 2860 691 2917 animae
738 2860 873 2924 sint,
916 2869 1232 2931 pervertere
1269 2874 1334 2916 ac
1370 2858 1700 2916 labefactare
1736 2874 1846 2914 non
1887 2860 2198 2927 conabitur,
2252 2859 2457 2914 nullam
2499 2858 2567 2913 de
2623 2857 2744 2912 loco
2803 2857 3235 2911 controversiam
3285 2864 3476 2912 nostra

220 2952 446 3007 movebit
487 2954 695 3022 oratio,
731 2968 852 3025 quae
879 2968 1174 3023 corporum
1206 2953 1474 3009 duntaxat
1515 2953 1792 3024 propriam
1847 2966 1972 3008 esse
2005 2952 2061 3006 in
2087 2952 2209 3006 loco
2237 2952 2568 3024 positionem
2603 2951 3045 3023 comprehendit,
3077 2950 3316 3004 animam
3344 2965 3476 3007 vero

219 3054 330 3111 qua:
367 3044 696 3116 incorporea
734 3045 825 3109 sit,
857 3046 1003 3100 nulla
1032 3053 1243 3100 natura:
1272 3046 1605 3101 necessitate
1643 3044 1812 3101 certis
1850 3042 2179 3116 quibusdam
2213 3044 2355 3100 locis
2383 3044 2642 3100 detineri.

284 3135 342 3190 Γ.
371 3135 436 3189 Τί
469 3132 589 3201 οὖν,
629 3129 801 3203 εἷπον,
848 3136 898 3190 εί
934 3135 1026 3190 τὸν
1070 3134 1394 3190 ’Λπόστολον
1422 3137 1450 3190 ὁ
1490 3136 1789 3207 ἀντιλέγων

1967 3136 2031 3194 G.
2070 3138 2213 3205 Quid
2231 3137 2429 3215 igitur;
2453 3145 2699 3215 inquam,
2719 3138 2766 3194 si
2782 3138 3102 3209 Apostolum
3133 3139 3481 3199 adversarius

229 3227 585 3299 προϐάλλοιτο
613 3227 749 3299 (66),
782 3228 962 3281 πᾶσαν
993 3226 1221 3296 λέγοντα
1248 3228 1348 3300 τὴν
1377 3227 1602 3300 λογικὴν
1619 3228 1797 3283 κτίσιν

226 3322 277 3372 ὲν
302 3324 365 3391 τῇ
398 3321 492 3375 τοῦ
518 3320 719 3384 παντὸς
748 3320 1190 3375 ἀποκαταστάσει
1211 3321 1349 3393 πρὸς
1375 3321 1466 3375 τὸν
1481 3321 1577 3375 τοῦ
1598 3321 1798 3385 παντὸς

225 3411 582 3484 ἐξηγούμενον
618 3411 859 3483 βλέπειν,
890 3413 949 3467 ὲν
981 3407 1062 3476 οἷς
1090 3412 1200 3482 (67)
1246 3411 1616 3482 καταχθονίων
1659 3430 1796 3483 μνη-

227 3504 431 3571 μονεύει
458 3502 626 3558 τινῶν
653 3502 720 3556 δι’
762 3500 1083 3572 Ἐπιστολῆς
1124 3502 1260 3573 πρὸς
1292 3500 1693 3573 Φιλιππησίους
1721 3501 1800 3554 εί-

228 3595 362 3650 πὼν·
385 3598 469 3652 ὅτι
492 3594 656 3667 Αύτῷ
674 3596 782 3649 πᾶν
809 3595 933 3664 γόνυ
959 3593 1167 3665 κάμψει
1196 3595 1535 3666 ἐπουρανίων
1560 3595 1654 3648 καὶ
1682 3595 1799 3647 ὲπι-

226 3687 375 3754 γείων
408 3688 505 3742 καὶ
534 3686 929 3757 καταχθονίων;
950 3687 1114 3741 —M.
1148 3684 1549 3756 Ἑπιμενοῦμεν
1580 3684 1656 3757 τῷ
1683 3685 1799 3754 δόγ-

229 3797 369 3850 ματι,
392 3783 563 3853 φησιν
576 3781 612 3851 ἡ
630 3778 970 3845 διδάσκαλος,
990 3778 1093 3833 κᾶν
1116 3777 1288 3847 ταῦτα
1308 3777 1577 3847 λεγόντων
1590 3778 1800 3833 ἀκούω-

228 3888 339 3940 μεν,
369 3874 500 3946 περὶ
526 3872 709 3944 μέντοι
727 3871 840 3943 (68)
875 3870 967 3925 τοῦ
987 3867 1246 3942 εἶναιτὴν
1268 3870 1447 3943 ψυχὴν
1478 3871 1684 3926 καὶτὸν
1711 3871 1800 3927 ἀν-

226 3963 494 4034 τιλέγοντα
527 3963 819 4036 σύμψηφον
839 3964 1079 4034 ἔχοντες,
1103 3963 1232 4035 περὶ
1253 3964 1421 4017 τόπου
1450 3963 1588 4035 (69),
1615 3962 1800 4027 καθὼς

227 4056 280 4106 ὲν
308 4058 415 4121 τοῖς
443 4055 716 4125 φθάσασιν
740 4056 977 4127 είρηται,
997 4056 1098 4110 οὐκ
1117 4054 1486 4127 ἐνιστάμενοι.
1507 4085 1576 4094 -
1591 4056 1652 4110 Γ.
1672 4056 1799 4118 Τοῖς

228 4140 311 4199 οὖν
334 4146 701 4218 ἐπιζητοῦσιν,
728 4142 903 4212 εἶπον,
935 4147 1036 4218 τὴν
1068 4147 1441 4218 ἀποστολικὴν·
1473 4147 1588 4220 (70)
1624 4148 1682 4203 ὲν
1728 4150 1796 4221 τῇ

229 4241 366 4310 φωνῇ
404 4239 584 4312 ταύτῃ
614 4238 726 4309 (71)
758 4238 1015 4306 διάνοιαν,
1046 4236 1098 4292 τί
1120 4237 1185 4291 ἄν
1215 4256 1300 4304 τις
1337 4237 1487 4311 εἴπῃ,
1519 4239 1676 4309 εἴπερ
1702 4238 1801 4306 τῆς

227 4331 444 4401 τοπικῆς
471 4331 748 4403 σημασίας
768 4330 1087 4401 ἀποκινοίης
1103 4329 1215 4401 (72)
1232 4330 1331 4401 τὴν
1353 4329 1499 4396 λέξιν
1515 4347 1530 4393 ;
1544 4358 1614 4368 —
1628 4330 1705 4382 M.
1731 4329 1796 4383 Ἡ

1898 3229 2185 3299 producat,
2220 3229 2494 3284 dicentem
2529 3231 2675 3301 quod
2710 3232 2891 3288 omnis
2925 3241 3181 3287 creatura
3210 3235 3484 3306 particeps

1898 3319 2131 3374 rationis
2149 3320 2203 3374 in
2223 3320 2950 3378 restitutioneuniversitatis
2962 3322 3248 3392 praesidem
3264 3326 3484 3382 univer-

1900 3423 2087 3463 sarum
2124 3425 2306 3465 rerum
2349 3410 2709 3466 observatum
2740 3411 2812 3466 sit
2852 3431 2864 3466 :
2897 3412 2987 3466 ubi
3014 3413 3176 3467 etiam
3206 3413 3484 3471 subterra.

1900 3517 2132 3556 neorum
2161 3503 2548 3557 nonnullorum
2580 3502 2822 3573 Epistola
2851 3503 2917 3558 ad
2960 3504 3337 3574 Pbilippenses
3369 3520 3481 3562 me-

1898 3593 2058 3647 minit
2072 3594 2155 3649 his
2169 3594 2349 3649 verbis
2367 3613 2380 3649 :
2400 3593 2419 3647 1
2425 3596 2507 3665 psi
2527 3610 2688 3649 omne
2705 3611 2847 3666 genu
2861 3594 3128 3661 ﬂectetur,
3147 3596 3480 3666 cmlestium,

1901 3686 2245 3741 terrestriqu
2263 3695 2317 3741 et
2332 3688 2818 3744 subterraneorum
2837 3686 3007 3743 ?-—M.
3028 3686 3481 3745 Permanebimus

1899 3793 1962 3834 ac
1984 3780 2477 3850 perseverabimus,
2502 3781 2681 3851 inquit
2699 3783 2982 3854 magistra,
3007 3781 3060 3835 in
3091 3793 3241 3837 certa
3268 3783 3481 3839 stabili-

1900 3887 2004 3942 que
2022 3872 2314 3936 sententia,
2333 3874 2548 3929 etiamsi
2565 3874 2853 3930 audiamus
2870 3875 2985 3929 haec
2998 3875 3265 3942 dicentes,
3280 3875 3484 3946 quippe

1899 3979 2027 4022 eum
2057 3967 2126 4022 de
2152 3983 2218 4021 eo
2242 3969 2460 4039 quidem
2494 3968 2641 4037 quod
2671 3969 2852 4024 anima
2893 3971 2986 4033 sit,
3015 3970 3179 4024 etiam
3216 3970 3481 4026 adversa-

1898 4056 2040 4110 rium
2084 4056 2511 4113 concordantem
2544 4066 2598 4114 et
2637 4060 3027 4115 assentientem
3062 4060 3382 4127 habeamus,
3412 4060 3483 4118 de

1900 4144 2025 4199 loco
2049 4154 2232 4201 autem
2264 4148 2358 4203 ubi
2386 4156 2673 4203 versatura
2709 4150 2799 4212 sit,
2841 4148 2985 4203 sicut
3016 4148 3068 4202 in
3103 4149 3481 4218 superioribus

1899 4236 2109 4291 dictum
2150 4245 2257 4302 est,
2298 4254 2408 4293 non
2439 4252 2823 4308 repugnemus.
2855 4265 2926 4275 -—-
2952 4236 3016 4290 (ἱ.
3053 4236 3192 4302 Quid
3216 4252 3348 4308 ergo
3386 4252 3478 4291 re-

1900 4329 2272 4398 quirentibus,
2303 4331 2549 4399 inquam,
2592 4329 2950 4411 apostolicam
2975 4326 3029 4382 in
3067 4331 3166 4385 liae
3197 4346 3330 4386 voce
3355 4346 3482 4386 sen-

228 4420 297 4487 δὲ,
327 4421 399 4479 Οῦ
427 4441 520 4495 μοι
549 4424 718 4487 δοκεῖ,
740 4422 924 4494 φησὶν,
957 4424 985 4477 ὁ
1011 4421 1153 4487 θεῖος
1192 4420 1793 4486 ’Δπόστολος,τοπικῶς

1905 4423 2132 4477 tentiam
2165 4421 2367 4491 aliquis
2395 4421 2719 4488 dixeritpan
2751 4421 2901 4499 quod
2937 4421 3133 4476 attinet
3162 4422 3228 4477 ad
3266 4423 3370 4477 loci
3402 4424 3480 4480 si-

228 4511 315 4583 τὴν
342 4514 533 4586 νοερὰν
578 4512 866 4584 διακρίνων
898 4511 1104 4579 οὐσίαν,
1132 4511 1194 4564 τδ
1220 4511 1319 4582 μὲν
1350 4511 1688 4583 ἐπουράνιον,
1738 4508 1800 4562 τὺ

229 4602 281 4656 δὲ
308 4604 572 4675 ἐπίγειον,
601 4604 664 4658 τὸ
695 4604 755 4658 δὲ
787 4603 1145 4675 καταχθόνιον
1179 4603 1609 4675 ὀνομάσαι,(73).
1653 4602 1793 4656 Ἀλλ’

231 4696 405 4770 ἐπειδὴ
436 4700 587 4772 τρεῖς
634 4697 735 4768 τῆς
777 4696 1001 4768 λογικῆς
1040 4696 1252 4767 φύσεώς
1285 4698 1393 4750 εἱσι
1433 4697 1794 4760 καταστάσεις

234 4786 352 4854 ἡμῖν
393 4787 531 4858 (74),
584 4785 645 4852 ἐξ
683 4787 858 4858 ἀρχῆς
892 4785 990 4857 τὴν
1031 4786 1325 4858 ἀσώματον
1368 4786 1628 4858 λαχοῦσαι
1683 4786 1792 4858 (75)

232 4876 466 4951 ζωὴν,ἢν
489 4877 785 4950 ἀγγελικὴν
810 4877 1148 4950 ὀνομάζομεν
1168 4896 1183 4909 θ
1214 4880 1248 4949 ἡ
1266 4878 1323 4932 δὲ
1338 4880 1475 4952 πρὸς
1495 4878 1594 4950 τὴν
1616 4880 1795 4952 σάρκα

286 5023 390 5093 (58)
420 5026 558 5080 Κατ’
582 5028 788 5081 αὐτόν.
819 5028 864 5080 A
894 5027 1036 5083 κατά
1059 5028 1276 5084 ταύτόν.

282 5093 390 5172 li?)
421 5097 807 5172 ιέρρσϐάγκλιιο
836 5100 882 5172 Α
903 5099 950 5172 ,Β
979 5099 1282 5172 προσδάληο

286 5165 390 5241 (Ψ)
424 5168 583 5241 Πρρς
596 5166 730 5241 τήν·
758 5165 813 5241 B.
831 5169 925 5241 ἐπεὶ
946 5165 1065 5241 τήθ-

307 5234 392 5305 61)
453 5234 538 5302 Τῷ
589 5235 821 5305 ἡλιακῷ
876 5234 1093 5309 δρόμῳ.
1158 5238 1200 5290 Β
1240 5238 1380 5293 κατά
1421 5240 1512 5295 τὸν
1564 5239 1783 5311 ἡλιακὸν

351 5322 406 5359 ον

422 5378 648 5449 Σκότει.
676 5378 721 5430 Α
743 5384 799 5449 et
827 5376 1092 5449 Βγσκότῳ.

289 5443 393 5514 (65}
427 5448 644 5503 Τάλλα.
681 5448 725 5500 Α
750 5447 818 5500 τὰ
839 5447 993 5502 ἀλλα.

289 5513 395 5581 (64)
418 5518 566 5572 Πάν.
589 5517 631 5569 Β
662 5518 857 5570 πάντα.

311 5584 395 5661 ἓξ)
417 5589 638 5661 Μόνονς.
672 5589 714 5639 Β
746 5588 1017 5661 μόνωνηΛ
1046 5589 1096 5643 in
1126 5589 1371 5661 margine
1396 5589 1589 5661 μόνων.

308 5651 397 5728 66)
424 5651 847 5728 Προϐᾴιλλοὶτο.
877 5661 928 5728 A_
952 5659 992 5710 Β
1017 5651 1358 5728 προὸάλοῖτο.

288 5722 391 5797 (67)
427 5722 525 5783 Ἑν
554 5723 669 5795 οἷς.
706 5731 752 5781 Α
787 5730 845 5780 ὲν
875 5725 955 5792 οἷς
985 5722 1094 5782 καί.

224 5299 250 5353 δ

1902 4512 2335 4583 gnilicationem,
2360 4513 2658 4570 dictionem
2683 4516 2995 4571 removeat?
3013 4547 3081 4556 —
3106 4514 3177 4571 M.
3199 4514 3293 4570 illa
3312 4532 3441 4573 vero
3459 4534 3478 4572 :

1903 4601 2021 4657 Non
2056 4603 2275 4658 videtur
2322 4604 2455 4658 mihi
2508 4603 2754 4673 divinus,
2803 4604 2999 4675 inquit,
3050 4607 3350 4677 Apostolus
3388 4622 3480 4662 ra-

1901 4698 2053 4755 tione
2071 4699 2177 4756 loci
2212 4709 2465 4756 naturam
2496 4710 2678 4758 mente
2699 4714 2862 4773 atque
2891 4703 3249 4775 intelligentia
3281 4704 3476 4774 praedi-

1904 4801 2013 4846 tam
2039 4791 2362 4848 discernens
2387 4801 2552 4863 atque
2575 4792 2944 4864 distinguens,
2965 4795 3110 4848 aliud
3131 4795 3350 4865 quidem
3366 4809 3479 4849 cm-

1902 4879 2060 4949 leste,
2085 4881 2232 4938 aliud
2258 4896 2388 4939 vero
2417 4891 2696 4950 terrestre,
2720 4883 2867 4939 aliud
2901 4885 3028 4941 item
3057 4886 3475 4941 subterraneum

1959 5031 2072 5105 (68)
2093 5033 2332 5105 mm-
2356 5034 2399 5087 Α
2425 5033 2542 5105 μέν.

1957 5103 2071 5176 (69)
2105 5104 2246 5176 Περὶ
2265 5103 2475 5176 τόποι).
2493 5108 2541 5158 Α
2573 5104 2700 5176 περὶ
2724 5105 2781 5160 δὲ
2806 5104 2899 5159 τοῦ
2916 5104 3080 5159 τόπου
3111 5105 3244 5158 ὅπου
3262 5104 3465 5169 καθικ.

1886 5168 1928 5223 Β
1958 5168 2145 5228 itidem
2182 5168 2351 5227 habet
2380 5174 2458 5228 δέ.

1958 5243 2072 5315 (70)
2114 5243 2563 5315 Ἀποστολικήν.
2607 5244 2648 5297 Β
2674 5243 2958 5315 praemittit
2989 5243 3181 5314 αὐτήν.

1955 5313 2069 5383 (71)
2098 5314 2308 5381 Ταύτῃ.
2335 5314 2376 5364 Β
2402 5314 2627 5383 ταύτην.

1958 5382 2073 5453 (72)
2120 5384 2509 5451 Ἂποκινοίης.
2537 5382 2585 5437 Α
2618 5384 2660 5434 Β
2683 5382 2991 5453 ἀποκινοίη.

1958 5452 2075 5522 (75)
2118 5454 2495 5522 Ὡνόμασται.
2523 5453 2565 5504 Β
2593 5452 2878 5522 ὀνομάσαι.

1964 5524 2077 5595 (74)
2115 5522 2307 5603 Ἠμῖνέ
2341 5522 2382 5575 Β
2408 5524 2452 5576 A
2487 5523 2677 5643 Ἇμένζ
2859 5591 2869 5602 _

1964 5594 2077 5643 (75)
2105 5598 2434 5643 Λαγουσαι.
2459 5592 2498 5643 Β
2546 5607 2775 5643 ανουσα.
2797 5591 2869 5643 At

1963 5591 2077 5663 (75)
2105 5591 2434 5670 Λαχοῦσαι.
2459 5591 2775 5670 Βλαχοῦσα,
2797 5591 2838 5644 Α
2858 5591 2911 5648 in
2930 5598 3081 5649 textu
3095 5591 3164 5651 τὸ.
3177 5591 3353 5669 ἀσὼμ·
3372 5612 3462 5652 τὴν

1889 5660 2110 5734 ἔχουσα,
2139 5660 2205 5718 ἰιι
2218 5660 2475 5733 margine
2502 5660 2763 5731 λαχοῦσα.
