3992 6446
469 402 533 460 1t
1796 395 1858 456 s.
1887 392 2219 453 casconn
2255 393 2553 450 NYSSENI
3658 401 3732 457 τί),

471 517 809 576 nominasse.
833 513 941 569 Sed
978 513 1238 584 quoniam
1285 519 1494 569 naturae
1539 513 1754 569 ratione
1811 513 2050 584 prreditaa

2157 511 2652 583 συμπεπλεγμένην
2694 510 2805 583 (76)
2839 510 3184 583 ἀνθρωπίνην
3219 513 3431 583 φαμέν·
3477 514 3513 585 ή
3550 512 3609 568 δὲ
3644 515 3739 572 διὰ

468 617 585 663 tres
640 614 817 662 status
851 613 1016 674 atque
1068 604 1413 663 conditiones
1457 614 1628 659 sunt:
1666 618 1773 659 una
1807 604 2048 673 quidem,

467 698 555 753 cui
587 698 659 752 ab
693 697 850 751 initio
882 695 994 750 vita
1027 695 1299 765 contingit
1326 695 1656 765 incorporea
1683 709 1846 765 quam
1886 708 2052 763 ange-

466 791 628 845 licam
657 788 1041 855 nominamus;
1075 787 1246 840 altera
1280 801 1412 841 vero
1438 800 1563 840 cum
1594 800 1762 840 carne
1794 791 2051 840 conserta

468 886 633 951 atque
662 893 931 942 connexa,
957 892 1121 947 quam
1155 877 1450 930 humanam
1502 874 1774 943 dicimus;
1812 874 1919 929 alia
1951 889 2052 928 au-

467 980 576 1028 tem
606 987 704 1042 per
740 978 972 1024 mortem
995 984 1026 1022 a
1063 968 1381 1023 carnalibus
1426 966 1699 1021 absoluta.
1723 964 1856 1031 Quae
1880 965 2051 1021 resin

468 1062 761 1117 animabus
817 1061 1307 1124 animadvertitur,
1341 1058 1447 1113 hoc
1477 1058 1700 1129 Opinor,
1758 1056 2051 1112 altitudine

468 1155 753 1225 sapientia:
798 1153 1075 1208 videntem
1136 1152 1381 1206 divinum
1419 1150 1765 1221 Apostolum,
1807 1163 1930 1205 eum
1956 1148 2052 1220 qui

468 1246 763 1317 aliquando
807 1248 1025 1301 futurus
1071 1254 1176 1310 est,
1217 1246 1488 1299 universa:
1542 1243 1758 1298 ratione
1816 1242 2053 1313 prmditaa

468 1345 685 1392 natura:
711 1339 768 1392 in
803 1338 949 1393 bono
975 1353 1309 1393 consensum
1345 1335 1701 1407 signiﬁcare;
1730 1349 1795 1389 ac
1829 1335 2053 1390 caeleste

468 1429 690 1498 quidem
745 1445 964 1493 vocare,
1004 1429 1314 1499 angelicum
1344 1436 1399 1483 et
1456 1426 1886 1496 incorporeum;
1941 1432 2054 1479 ter-

468 1529 644 1576 restre
672 1536 822 1587 vero,
858 1520 1182 1590 implicitum
1211 1527 1266 1575 et
1291 1527 1605 1575 consertum
1629 1533 1756 1572 cum
1783 1531 2051 1588 corpore;

469 1611 889 1668 subterraneum
937 1620 1119 1665 autem
1151 1610 1205 1665 id
1234 1612 1377 1680 quod
1410 1611 1523 1681 jam
1552 1626 1582 1663 a
1622 1623 1853 1678 corpore
1896 1623 2055 1678 sepa-

468 1709 650 1758 ratum
686 1711 848 1772 atque
877 1702 1210 1772 disiunctum
1255 1706 1348 1768 sit,
1385 1712 1479 1756 aut
1530 1709 1679 1756 certe
1710 1700 1753 1756 si
1785 1700 1890 1754 alia
1920 1715 2055 1770 quo-

466 1810 576 1866 quo
600 1803 796 1865 praeter
825 1803 1176 1849 enumeratas
1209 1801 1428 1855 natura.
1456 1794 1600 1847 inter
1622 1792 1835 1847 ratione
1864 1790 2055 1861 praadi-

2151 605 2381 660 θανάτου
2425 602 2536 658 τῶν
2585 602 2865 675 σαρκικῶν
2893 601 3005 672 (77)
3036 601 3433 673 ἀπολελυμένη.
3472 603 3647 677 Ὅπερ
3675 607 3740 658 ὲν

2149 697 2346 768 ψυχαῖς
2371 695 2674 768 θεωρεῖται,
2715 692 2873 746 τοῦτο
2905 689 3078 763 οἴμαι,
3108 693 3188 765 τῷ
3221 694 3374 764 βάθει
3401 697 3502 767 τῆς
3541 698 3738 767 σοφίας

2153 788 2418 859 βλέποντα
2458 786 2550 840 τὸν
2597 786 2739 839 θεῖον
2788 786 3129 848 ’Δπὸστολον,
3164 786 3344 857 πάσης
3376 787 3478 857 τῆς
3509 786 3740 858 λογικῆς

2151 879 2369 949 φύσεως
2415 878 2513 950 τὴν
2563 879 2620 932 ὲν
2659 877 2738 951 τῷ
2783 876 2972 948 ἀγαθῷ
3002 894 3132 930 ποτε
3176 878 3547 950 γενησομένην
3595 894 3739 949 συμ-

2152 971 2356 1042 φωνίαν
2398 969 2794 1040 ἀποσημαίνειν
2821 987 2835 1000 ο
2870 969 3193 1041 ἐπουράνιον
3229 970 3328 1040 μὲν
3370 969 3637 1024 καλοῦντα
3671 969 3739 1022 τὸ

2151 1057 2442 1130 ἀγγελικὸν
2483 1058 2578 1113 καὶ
2607 1057 2926 1130 ἀσώματον·
2970 1060 3209 1127 ἐπίγειον
3238 1060 3294 1112 δὲ
3338 1059 3399 1112 τὸ
3426 1059 3743 1130 συμπεπλε-

2151 1152 2351 1225 γμένον
2382 1151 2461 1222 τῷ
2491 1150 2703 1222 σώματι
2724 1165 2737 1178 ⁸
2787 1150 3140 1221 καταχθόνιον
3168 1150 3307 1205 δὲτὸ
3331 1151 3740 1222 διακεκρυμμέ-

2151 1264 2242 1301 νον
2275 1245 2389 1316 (78)
2434 1245 2535 1317 ήδη
2567 1244 2662 1299 τοῦ
2698 1245 2970 1314 σώματος,
3015 1244 3049 1316 ἢ
3085 1245 3147 1316 δή
3191 1262 3274 1307 τις
3328 1245 3438 1315 (79)
3471 1246 3567 1298 καὶ
3598 1243 3739 1314 ἀλλη

2152 1336 2305 1408 παρά
2352 1335 2423 1390 τὰ
2449 1334 2713 1406 εἰρημένα
2747 1333 2907 1403 φύσις
2945 1334 3003 1386 ὲν
3040 1333 3230 1404 λογικῇ
3266 1334 3380 1403 (81))
3427 1334 3736 1406 θεωρεῖται,

2152 1426 2220 1499 ἢν
2252 1425 2362 1479 εἴτε
2392 1425 2650 1496 δαίμονας
2680 1424 2788 1478 εἴτε
2823 1424 3140 1493 πνεύματα,
3190 1423 3299 1476 εἴτε
3345 1422 3587 1476 τοιοῦτον
3621 1423 3739 1494 (81)

2153 1516 2327 1572 ἐθέλοι
2380 1535 2465 1583 τις
2508 1515 2921 1587 κατονομάζειν,
2949 1515 3011 1569 ού
3053 1514 3384 1586 διοισόμεθα.
3439 1515 3745 1569 Πεπίστευ-

2152 1626 2242 1663 ται
2272 1608 2382 1679 (82)
2413 1608 2520 1681 γὰρ
2544 1607 2608 1661 ἐκ
2633 1624 2692 1661 τε
2719 1608 2818 1678 τῆς
2843 1607 3026 1678 κοινῆς
3056 1607 3392 1677 ὑπολήψεως,
3424 1605 3519 1660 καὶ
3544 1608 3610 1659 ὲκ
3639 1607 3743 1677 τῆς

2153 1701 2261 1755 τῶν
2291 1701 2405 1772 (85)
2434 1699 2668 1773 Γραφῶν
2696 1698 3067 1769 παραδόσεως,
3108 1694 3249 1752 εῖναί
3296 1716 3415 1752 τινα
3443 1697 3607 1767 φύσιν
3636 1698 3744 1763 ἔξω

2154 1792 2262 1847 τῶν
2307 1792 2559 1846 τοιούτων
2602 1791 2870 1861 σωμάτων
2909 1789 3244 1852 ὑπεναντίως
3280 1789 3415 1861 πρὸς
3467 1788 3527 1842 τὸ
3574 1788 3744 1842 καλὸν

471 1844 572 1866 γ-

466 1893 552 1941 tas
590 1885 1072 1953 animadvertitur;
1102 1900 1265 1956 quam
1299 1885 1416 1941 sive
1445 1886 1570 1955 quis
1604 1885 1901 1950 daemonas,
1931 1884 2050 1940 sive

2155 1844 2653 1955 διακειμένην,κα“ι
2685 1844 2989 1953 θλαπτικὴν
3024 1881 3122 1952 τῆς
3170 1844 3517 1952 ἀνθρωπίνης
3567 1878 3741 1951 ζωῆς,

464 1977 713 2047 spiritus,
747 1977 864 2034 sive
915 1977 1121 2046 aliquid
1174 1977 1322 2031 aliud
1373 1976 1481 2032 tale
1528 1976 1764 2031 voluerit
1790 1974 2045 2030 denomi-

462 2083 617 2134 nare,
651 2084 759 2123 non
792 2068 1206 2135 contendemus,
1233 2067 1328 2123 sed
1355 2083 1564 2138 susque
1586 2066 1765 2138 deque
1782 2065 2044 2124 feremus.

460 2158 795 2215 Persuasum
851 2169 936 2216 est
992 2160 1136 2216 enim
1176 2168 1286 2215 tam
1322 2176 1390 2215 ex
1429 2159 1712 2215 communi
1764 2159 2046 2231 opinione,

2153 1976 2414 2039 ἑκουσίως
2434 1976 2531 2045 τῆς
2551 1975 2857 2046 κρείττονος
2878 1972 3198 2042 ὑπολήψεως
3213 1972 3325 2044 (δι)
3348 1973 3741 2043 ἀπορρυεῖσανο

2154 2067 2251 2121 κα)⁵
2274 2068 2341 2137 τῇ
2370 2066 2667 2120 ἀποστάσει
2696 2063 2791 2117 τοῦ
2824 2063 2990 2117 καλοῦ
3018 2064 3078 2117 τὸ
3109 2064 3173 2116 ὲκ
3202 2063 3296 2117 τοῦ
3330 2064 3574 2118 ἐναντίου
3597 2064 3746 2119 νοού-

2158 2174 2319 2230 μενον
2348 2159 2406 2211 ὲν
2437 2157 2575 2227 αύτῇ
2611 2156 2722 2225 (85)
2759 2156 3146 2226 ὑποστήσασαν
3164 2171 3180 2188 ’
3210 2156 3387 2227 ἤνπερ
3416 2156 3551 2225 φασί
3579 2173 3746 2210 κατα-

462 2264 626 2323 quatn
649 2267 717 2307 ex
733 2251 1143 2322 Scripturarum
1162 2252 1483 2318 traditione,
1502 2267 1625 2309 esse
1643 2251 1936 2323 quamdam
1952 2265 2050 2304 na-

2157 2248 2389 2320 χθονίοις
2436 2248 2751 2321 ὲναριθμείν
2786 2247 2876 2300 τὸν
2914 2246 3258 2310 Ἀπόστολον,
3307 2246 3465 2299 τοῦτο
3493 2247 3553 2298 ὲν
3596 2247 3747 2299 ἐκεί-

460 2349 641 2398 turam
667 2349 823 2396 extra
849 2344 976 2397 talia
1003 2358 1257 2412 corpora,
1285 2359 1406 2413 qua:
1432 2352 1581 2399 recto
1616 2355 1782 2413 atque
1817 2342 2050 2399 honesto

2155 2358 2231 2412 νῳ
2267 2342 2377 2414 (86)
2409 2341 2486 2413 τῷ
2527 2342 2670 2413 λόγῳ
2719 2339 3072 2411 σημαίνοντα,
3115 2340 3197 2393 ὅτι
3232 2341 3329 2411 τῆς
3374 2340 3573 2403 κακίας
3611 2340 3746 2394 ποτὲ

460 2431 693 2488 adversa
742 2434 1133 2503 contrariaque
1188 2434 1280 2496 sit,
1341 2442 1397 2488 et
1449 2434 1505 2488 in
1537 2433 1791 2487 humanae
1837 2439 2049 2488 natura:

2155 2434 2274 2497 ταῖς
2324 2435 2558 2504 μακραῖς
2612 2432 2720 2486 τῶν
2754 2430 2963 2485 αἰώνων
3011 2430 3277 2502 περιόδοις
3323 2429 3742 2500 ἀφανισθείσης.

459 2522 849 2578 detrimentum
924 2531 1091 2594 atque
1152 2525 1450 2593 perniciem
1519 2524 1851 2590 incumbat,
1922 2540 2047 2595 quae

2155 2522 2305 2576 οὐδὲν
2355 2522 2460 2589 ἔξω
2502 2522 2595 2576 τοῦ
2641 2522 2847 2591 ἀγαθοῦ
2892 2520 3403 2592 καταλειφθήσεται.
3454 2519 3619 2574 Ἀλλά
3645 2520 3745 2574 καὶ

392 2654 395 2657 ι
458 2624 656 2686 sponte
685 2631 784 2673 sua
818 2632 848 2671 a
880 2617 1106 2672 meliore
1132 2626 1284 2674 sorte
1316 2617 1582 2673 exciderit
1609 2626 1775 2688 atque
1804 2617 2048 2673 deﬂuxe-

2155 2615 2284 2686 παρ’
2329 2613 2552 2667 ἐκείνων
2608 2614 2905 2685 ὁμοφώνως
2950 2614 3063 2686 (87)
3115 2615 3149 2686 ή
3190 2612 3448 2685 ὁμολογία
3496 2613 3599 2686 τῆς
3644 2612 3743 2669 τοῦ

459 2704 552 2770 rit,
588 2712 644 2760 et
688 2705 743 2759 in
787 2705 965 2761 locum
996 2705 1123 2763 boni
1154 2713 1208 2761 et
1247 2706 1485 2773 honesti,
1528 2722 1690 2778 aquo
1731 2706 1954 2772 defecit,
1988 2707 2042 2762 id

2155 2702 2389 2777 Χριστοῦ
2424 2707 2743 2777 κυριότητος
2772 2706 2943 2759 ἔσται.

457 2793 603 2864 quod
643 2809 709 2848 ex
741 2795 1023 2850 contrario
1057 2796 1404 2868 intelligitur,
1430 2798 1489 2853 in
1532 2813 1656 2855 sese
1702 2798 2093 2856 substituerit:
2125 2813 2288 2869 quam
2325 2797 2483 2852 aiunt
2516 2798 2837 2868 Apostolum
2871 2798 3014 2853 inter
3052 2798 3413 2854 subterranea
3439 2808 3491 2854 et
3521 2798 3741 2854 inferna
3833 2790 3849 2812 ⁹

456 2900 786 2951 numerare,
834 2885 887 2940 id
921 2887 1012 2942 illo
1047 2903 1303 2944 sermone
1341 2890 1736 2960 signiﬁcantem
1778 2892 1927 2963 quod
1959 2890 2256 2947 vitiositate
2301 2889 2481 2957 longis
2522 2891 2845 2945 saeculorum
2875 2890 3217 2945 anfractibus
3244 2902 3296 2945 et
3324 2890 3745 2947 circuitionibus

466 2978 761 3048 aliquando
811 2978 1017 3033 abolita
1073 2987 1237 3050 atque
1286 2981 1575 3046 exstincta,
1616 2983 1754 3036 nihil
1787 2990 1984 3052 praeter
2012 2983 2219 3039 bonum
2264 2982 2625 3052 relinquetur.
2659 2980 2766 3037 Sed
2803 2982 2967 3037 etiam
2999 2981 3275 3038 darmones
3307 2981 3657 3039 concorditer
3687 2995 3745 3043 et

458 3071 872 3127 consentienter
901 3068 1332 3125 dominationem
1371 3071 1572 3128 Christi
1603 3072 2035 3129 conﬁtebuntur.

532 3159 807 3229 Quocirca
855 3175 980 3215 cum
1024 3160 1141 3215 haec
1191 3163 1268 3217 ita
1313 3162 1444 3229 sint,
1493 3178 1655 3219 nemo
1682 3179 1786 3221 nos
1814 3165 2050 3237 coegerit

2229 3167 2446 3222 Τούτων
2473 3166 2587 3239 (88)
2621 3165 2795 3230 οὓτως
2840 3165 3092 3237 ἐχόντων,
3142 3164 3319 3219 οὐκέτ’
3357 3165 3423 3220 ἀν
3463 3184 3548 3231 τις
3593 3169 3740 3240 ἡμᾶς

464 3254 950 3309 subterraneorum
1012 3264 1066 3309 et
1112 3254 1454 3311 infernorum
1503 3256 1725 3312 nomine
1776 3256 2050 3313 subterra-

2155 3255 2451 3325 ἀναγκάζοι
2477 3255 2555 3327 τῷ
2584 3255 2691 3309 τῶν
2724 3253 3090 3327 καταχθονίων
3112 3256 3333 3327 ὁνὸματι
3366 3257 3457 3313 τὸν
3485 3257 3743 3329 ὑπόγειον

463 3359 627 3400 neum
653 3343 957 3413 intelligere
974 3344 1175 3409 locum,
1216 3344 1420 3415 quippe
1457 3360 1583 3400 cum
1632 3360 1726 3402 aer
1768 3347 2050 3417 aequaliter

2155 3347 2353 3401 ἐννοεῖν
2384 3347 2591 3419 χῶρον·
2626 3347 2820 3417 ἐπίσης
2847 3345 2941 3399 τοῦ
2963 3346 3123 3417 ἀέρος
3158 3347 3493 3417 πανταχόθεν
3523 3366 3744 3422 περικε-

472 3433 712 3503 undique
743 3442 904 3489 terrte
947 3436 1317 3493 circumfusus
1345 3438 1438 3505 sit,
1464 3448 1524 3494 ut
1549 3439 1702 3494 nulla
1747 3439 1871 3511 ejus
1922 3454 2050 3510 pars

2157 3456 2221 3510 χυ
2230 3438 2391 3509 μένου
2412 3442 2477 3510 τῇ
2496 3440 2590 3510 γῇ,
2606 3437 2681 3500 ὡς
2700 3435 2866 3507 μηδὲν
2882 3434 3053 3505 αύτῆς
3068 3436 3231 3505 μέρος
3253 3451 3319 3502 γυ
3329 3435 3456 3505 μνὸν
3469 3433 3569 3503 τῆς
3587 3451 3737 3505 περι-

461 3528 532 3582 ab
562 3526 707 3580 aeris
739 3526 992 3596 amplexu
1049 3543 1219 3583 vacua
1255 3544 1318 3583 ac
1377 3532 1522 3587 nuda
1584 3532 2049 3603 deprehendatur.

464 3616 739 3676 —G.Ilaec
754 3616 841 3673 ubi
860 3619 1111 3690 magistra
1135 3620 1398 3692 exposuit,
1419 3622 1693 3695 paulisper
1726 3631 2049 3690 cunctatus,

460 3707 735 3774 Nondum,
767 3710 1011 3778 inquam,
1039 3711 1173 3764 satis
1205 3711 1457 3779 quazsivi,
1491 3728 1593 3767 nec
1615 3713 1748 3768 mihi
1772 3713 2048 3785 quaerenti

464 3798 808 3854 satisfactum
855 3807 941 3854 est
978 3815 991 3852 :
1046 3801 1140 3853 sed
1199 3801 1366 3854 etiam
1420 3818 1570 3858 nunc
1611 3819 1780 3878 super
1818 3806 1884 3863 iis
1929 3821 2051 3876 quae

468 3890 617 3944 dicta
646 3898 775 3943 sunt
799 3906 951 3945 mens
975 3890 1227 3962 ambigua
1266 3892 1396 3945 mihi
1422 3892 1823 3961 quodammodo
1846 3903 2047 3958 manet,

465 3996 532 4035 ac
563 3995 719 4050 rogo,
757 3988 816 4034 ut
845 3978 1071 4035 omissis
1105 3979 1326 4051 quidem
1362 3983 1431 4038 iis
1462 3983 1528 4038 de
1556 3984 1759 4053 quibus
1780 3983 1895 4053 jam
1922 3998 2053 4039 con-

463 4070 773 4126 venitinter
801 4084 921 4132 nos,
964 4070 1029 4124 ad
1067 4070 1316 4127 eamdem
1366 4070 1817 4144 Consequentiam
1850 4074 2051 4128 iterum

463 4162 644 4218 oratio
675 4161 806 4215 mihi
832 4161 1146 4217 reducatur.
1167 4161 1301 4217 Nam
1327 4163 1470 4220 haud
1497 4165 1786 4221 diﬁiculter
1814 4166 2053 4223 arbitror

463 4254 687 4323 eos,qui
709 4270 816 4308 non
834 4252 1128 4308 admodum
1149 4253 1280 4309 ‘duri
1297 4271 1359 4310 ac
1379 4257 1692 4326 pervicaces
1719 4257 1849 4324 sint,
1867 4276 1965 4331 per
1988 4275 2052 4316 ea

462 4361 587 4418 quae
612 4346 757 4400 dieta
788 4354 917 4401 sunt
947 4346 1232 4401 inductum
1267 4348 1355 4412 iri,
1389 4364 1455 4404 ne
1477 4360 1599 4420 post
1620 4366 1913 4422 corporum
1944 4352 2054 4408 dis-

468 4436 826 4499 solutionem,
861 4436 1100 4489 animam
1125 4436 1327 4492 ducant
1359 4438 1427 4493 ad
1467 4440 1747 4496 interitum
1774 4450 1828 4497 et
1876 4442 2052 4498 aboli-

2157 3530 2318 3601 6ολῆς
2342 3530 2436 3584 τοῦ
2455 3529 2613 3603 ἀέρος
2636 3525 3174 3598 καταλαμϐάνεσθαι.
3190 3527 3329 3579 -Γ.
3350 3526 3534 3580 Ταῦτα
3549 3526 3607 3579 δὲ
3627 3527 3739 3599 (89)

2151 3618 2528 3689 διεξελθούσης
2561 3618 2659 3687 τῆς
2686 3614 3027 3679 διδασκάλου,
3061 3614 3255 3686 μικρὸν
3287 3615 3546 3686 ἐπισχὼν,
3569 3617 3741 3671 Οὔπω

2156 3710 2354 3774 ἱκανῶς
2386 3710 2513 3782 ἔχω,
2540 3708 2703 3779 φημὶ,
2730 3706 2822 3761 τοῦ
2853 3705 3217 3777 ζητουμένου·
3248 3706 3363 3761 ἀλλ’
3386 3706 3469 3760 ἔτι
3507 3724 3597 3778 μοι
3624 3708 3741 3771 τοῖς

2152 3800 2464 3873 εἰρημένοις
2493 3796 2825 3863 ἐπιδιστάζει
2847 3815 2965 3861 πως
2991 3799 3025 3868 ή
3049 3797 3274 3861 διάνοια,
3306 3800 3400 3851 καὶ
3428 3798 3622 3869 δέομαι
3644 3799 3743 3854 πά-

2153 3893 2238 3946 λιν
2272 3890 2645 3962 ἐπαναχθῆναι
2682 3908 2771 3962 μοι
2804 3890 2940 3961 πρὸς
2968 3888 3065 3959 τὴν
3096 3889 3263 3957 αὑτὴν
3291 3888 3616 3943 ἀκολουθίαν
3642 3889 3740 3944 τὸν

2152 3983 2331 4051 λόγον,
2378 3982 2488 4035 τῶν
2519 3983 2616 4053 μὲν
2645 3982 2744 4054 ήδη
2792 3980 3269 4051 συμϐιϐασθέντων
3314 3982 3443 4052 ἡμῖν
3493 3979 3741 4034 ἀπαλλα-

2154 4075 2336 4146 γέντα.
2385 4074 2622 4145 Μέτριον
2654 4073 2768 4144 (90)
2818 4074 2925 4145 γὰρ
2954 4070 3107 4144 οἶμαι
3148 4073 3236 4127 διά
3282 4074 3389 4126 τῶν
3433 4073 3741 4145 εἰρημένων

2152 4169 2278 4231 τοὺς
2309 4168 2384 4239 μὴ
2415 4166 2535 4220 λίαν
2563 4165 2869 4228 ἀντιτύπως
2891 4165 3110 4235 ἔχοντας
3144 4163 3533 4235 ὲναχθήσεσθαι
3566 4161 3641 4234 μὴ
3660 4164 3744 4227 εἰς

2153 4258 2435 4330 ἀναίρεσιν
2483 4257 2577 4310 καὶ
2606 4255 2949 4327 ἀνυπαρξίαν
2995 4255 3092 4325 τήν
3120 4254 3299 4324 ψυχὴν
3330 4254 3467 4324 μετά
3498 4252 3598 4325 τὴν
3620 4253 3743 4307 διά-

2151 4347 2303 4400 λυσιν
2328 4345 2438 4400 τῶν
2488 4343 2757 4416 σωμάτων
2787 4345 2961 4412 ἄγειν,
3008 4344 3142 4415 μηδὲ
3176 4341 3603 4407 κατασκευάζειν
3634 4359 3744 4412 μην

2152 4436 2326 4508 δαμοῢ
2359 4435 2621 4491 δύνασθαι
2667 4435 2836 4507 αὑτὴν
2886 4435 2944 4487 ὲν
2987 4436 3101 4498 τοῖς
3151 4429 3301 4487 οὖσιν
3356 4428 3495 4487 εἰναι
3547 4433 3636 4487 διά
3678 4433 3743 4486 τὸ

466 4527 694 4589 tionem,
726 4542 851 4591 neu,
897 4528 1039 4594 quod
1072 4528 1141 4579 ab
1187 4527 1581 4584 elementorum
1609 4541 1803 4587 natura
1832 4531 2050 4589 diversa

2155 4527 2467 4600 ἑτεροειδῶς
2514 4526 2628 4599 (9|)
2663 4527 2805 4598 ἔχειν
2856 4525 2994 4597 πρὸς
3040 4525 3139 4596 τὴν
3167 4524 3275 4579 τῶν
3322 4524 3601 4595 στοιχείων
3646 4524 3741 4578 ού·-

464 4625 571 4681 est,
603 4618 808 4672 idcirco
848 4616 1137 4681 afﬁrmem,
1200 4633 1319 4672 eam
1344 4636 1614 4689 nusquam
1654 4624 1706 4676 in
1738 4624 1901 4680 rebus
1930 4625 2049 4680 uni-

466 4713 640 4769 versis
670 4726 793 4767 esse
827 4725 1010 4781 posse.
1038 4709 1189 4764 Licet
1219 4710 1365 4765 enim
1421 4726 1544 4765 eum
1597 4712 1883 4771 elementis
1937 4731 2048 4771 non

465 4813 735 4875 congruat
766 4811 930 4873 atque
958 4804 1251 4857 conveniat
1293 4803 1663 4874 intelligentia:
1697 4807 1972 4879 particeps
1993 4817 2051 4865 et

465 4900 709 4955 materiae
767 4912 967 4968 expers
1032 4904 1254 4963 natura,
1308 4909 1430 4953 esse
1479 4902 1660 4949 tamen
1716 4896 1771 4950 in
1821 4895 1904 4951 eis
1938 4913 2048 4953 non

465 4991 788 5060 prohibetur
821 5009 834 5043 :
865 4987 1070 5059 quippe
1092 4986 1301 5057 duplici
1335 4985 1549 5041 ratione
1577 4986 1741 5041 nobis
1775 4987 1891 5067 haec
1927 4987 2052 5059 opi-

466 5082 557 5136 nio
579 5080 961 5144 conﬁrmatur,
989 5088 1103 5134 tum
1130 5092 1198 5132 ex
1233 5090 1300 5131 eo
1346 5074 1495 5146 quod
1524 5090 1671 5131 nunc
1701 5076 1755 5130 in
1784 5075 1889 5131 hac
1912 5078 2047 5141 vita,

531 5255 644 5325 (76)
676 5259 1099 5326 Συμπεπλεγμ.
1140 5255 1185 5308 Α
1216 5250 1787 5326 Βμσυμπεπλεγμένη,
1815 5253 1902 5324 ἦν.

559 5327 646 5397 77)
678 5323 1016 5394 Σαρκικῶν.
1033 5323 1084 5397 Ἀ
1116 5323 1356 5397 σαρκῶνἐ

559 5331 624 5381 77
678 5331 1008 5394 Σαρκικῶν.
1040 5331 1084 5380 Α
1116 5331 1356 5397 σαρκῶν.

559 5331 648 5466 78)
678 5395 1215 5466 Διακεκρυμμένον.
1247 5396 1291 5466 Α
1325 5394 1367 5449 Β
1397 5392 1837 5465 διακεκριμένον.

563 5464 653 5527 79⁷)
690 5466 757 5519 Ἡ
786 5464 862 5531 δή
886 5464 1019 5529 τις.
1061 5467 1103 5519 Β
1130 5467 1178 5519 εἰ
1200 5465 1258 5519 δέ
1286 5483 1390 5530 τις.
1599 5464 1607 5465 ί
1660 5464 1665 5465 ⁷
1897 5484 1914 5522 t

563 5469 653 5527 79)
690 5469 757 5519 Ἡ
786 5469 862 5531 δή
907 5481 1019 5529 τις.
1061 5469 1103 5519 Β
1130 5469 1298 5519 ειδέε

534 5469 651 5607 (80.)
679 5532 927 5607 ΛοτιΞιῇ-
971 5535 1298 5607 Β-λογικοῖςο

536 5601 647 5673 (81)
682 5601 981 5673 Τοιοῦτον.
1017 5604 1059 5656 Β
1089 5601 1216 5658 ἄλλο
1248 5624 1300 5659 τι
1321 5604 1522 5660 τοιοῦτ.

537 5672 654 5739 (82)
690 5672 1110 5739 Πεπίσςτευται.
1145 5675 1189 5727 A
1218 5676 1529 5729 πέπεισται.

540 5737 651 5807 (85)
689 5742 807 5807 Τῆς
826 5737 963 5792 τῶν.
1005 5742 1047 5797 Α
1071 5741 1215 5797 delet
1243 5744 1365 5807 τῆς.

542 5807 657 5881 (86)
695 5807 1109 5878 Ὑπολήψεως.
1147 5813 1195 5867 A
1222 5807 1451 5882 λήξεως.

2158 4620 2297 4674 σίαν.
2337 4620 2455 4673 Κᾶν
2505 4620 2579 4692 μὴ
2612 4618 2886 4691 συμϐαίνῃ
2930 4617 3037 4690 γὰρ
3070 4616 3336 4688 τούτοιςή
3366 4617 3530 4688 νοερά
3554 4633 3615 4669 τε
3644 4618 3744 4671 καὶ

2155 4710 2317 4775 ἀῦλος
2363 4709 2545 4779 φύσις,
2592 4709 2654 4762 τὸ
2682 4706 2820 4763 εἶναι
2853 4709 3037 4772 αὐτοῖς
3068 4706 3179 4779 (92)
3227 4707 3288 4759 ού
3335 4707 3625 4771 κωλύεται,
3656 4707 3739 4761 δι-

2156 4800 2311 4874 χόθεν
2343 4803 2474 4873 ἡμῖν
2502 4801 2600 4871 τῆς
2629 4799 2950 4870 ὑπολήψεως
2981 4798 3185 4867 ταύτης
3217 4796 3647 4867 βεϐαιουμένης,
3675 4796 3742 4851 ἔκ

2155 4909 2213 4945 τε
2255 4891 2349 4945 τοῦ
2394 4891 2490 4945 νῦν
2536 4892 2595 4943 ὲν
2619 4893 2686 4961 τῇ
2716 4891 2828 4961 ζωῇ
2863 4890 3037 4962 ταύτῃ
3066 4890 3165 4959 τὴν
3193 4888 3373 4959 ψυχὴν
3403 4889 3461 4940 ὲν
3491 4891 3605 4951 τοῖς
3630 4888 3741 4942 σώ-

2159 5000 2324 5055 μασιν
2354 4981 2514 5047 εἶναι,
2547 4982 2675 5038 ἀλλο
2710 4999 2764 5036 τι
2791 4983 2941 5052 παρά
2967 4983 3027 5034 τὸ
3063 4980 3221 5052 σῶμα
3253 4979 3392 5034 κατά
3421 4980 3523 5050 τὴν
3551 4980 3742 5035 οὐσίαν

2155 5075 2527 5147 ὑπάρχουσαν,
2574 5073 2666 5128 κα)⁵
2692 5075 2758 5128 ὲκ
2799 5072 2896 5127 τοῦ
2929 5072 3027 5145 τὴν
3075 5073 3226 5128 θείαν
3270 5071 3433 5141 φύσιν
3459 5069 3742 5136 ἀποδεῖξαι

2226 5253 2341 5321 (85)
2377 5253 2476 5305 Ἦν
2502 5250 2678 5321 αὐτῇ.
2721 5251 2762 5305 Β
2788 5254 2845 5305 ὲν
2874 5254 3064 5323 ἑαυτῇ.
3089 5253 3144 5324 _A
3179 5254 3233 5306 in
3268 5253 3517 5323 margine
3544 5252 3739 5324 ἑαυτῇ.

2226 5324 2339 5391 (86)
2385 5325 2481 5374 Ἐν
2517 5324 2745 5386 ἐκείνῳ.
2797 5323 2884 5375 Ἐν
2918 5321 3063 5378 delet
3088 5321 3145 5376 Β.

2226 5395 2339 5462 (87)
2378 5392 2747 5461 Ὀιιοφώνως.
2779 5394 2818 5445 Α
2852 5395 2906 5447 in
2942 5394 3188 5464 margine
3215 5391 3524 5463 ὁμόφωνος.

2227 5459 2339 5531 (88)
2379 5459 2626 5517 Τόύτων.
2662 5464 2920 5516 Βτούτων
2955 5459 3090 5517 οὗνῘ
3169 5490 3175 5496 ~

2228 5533 2338 5601 (89)
2376 5533 2564 5586 Ταῦτα
2598 5532 2684 5587 δέ.
2717 5534 2784 5585 Δέ
2823 5535 3005 5588 delent
3029 5536 3068 5586 Α
3098 5531 3156 5587 Β.

2229 5601 2341 5670 (90)
2372 5602 2641 5670 Μέτριον.
2685 5603 2729 5673 Α
2764 5603 2805 5656 Β
2841 5603 3097 5673 μετρίως.

2230 5673 2342 5744 (9))
2386 5672 2775 5744 Ἐτεροειδώᾳ
2809 5672 2852 5725 Α
2884 5672 3279 5744 Βῌέτεροφυῶς.

2230 5738 2342 5814 (92)
2372 5738 2540 5798 Εἶναι
2568 5743 2790 5810 αὐτοῖς.
2827 5744 2874 5798 Α
2899 5738 3134 5797 εἶναιὲν
3155 5745 3360 5801 αὐτοῖς.
