3992 6454
213 406 276 462 ⁸13
1297 406 1382 460 DE
1419 404 1636 461 ANIMA
1666 402 1753 460 ET
1784 402 2387 463 RESURRECTIONE.
3421 411 3492 468 7‘

216 521 307 576 τὸν
333 517 520 589 λόγον,
542 519 680 576 ἄλλο
703 535 761 575 τι
788 518 1133 576 παντάπασιν
1157 516 1323 577 οὖσαν
1372 524 1472 595 τῆς
1494 525 1813 595 αἱσθητικῆς

1921 536 2045 577 cum
2070 529 2267 577 natura
2302 521 2447 576 aliud
2478 521 2735 592 quiddam
2765 524 2948 579 anima
2973 532 3138 595 atque
3165 538 3368 597 corpus
3396 529 3489 595 sit,

219 631 277 668 τε
307 613 403 668 καὶ
434 612 638 684 ὑλικῆς
679 612 871 677 οὐσίας
902 630 916 644 ·
963 614 1112 685 ὅμως
1139 614 1196 669 δέ
1236 616 1469 671 ἑκάστου
1499 616 1609 670 τῶν
1641 616 1811 671 ὄντων

1921 616 1970 671 in
1991 615 2321 685 corporibus
2348 622 2529 670 tamen
2553 624 2671 683 est;
2705 622 2821 671 tum
2839 633 2904 673 ex
2934 633 3001 673 eo
3029 618 3175 689 quod
3192 619 3371 675 oratio
3394 620 3489 676 de-

212 706 434 774 διήκειν,
474 705 579 759 καὶ
612 707 679 777 τῇ
716 704 855 776 πρὸς
892 705 951 759 τὸ
982 707 1092 760 πᾶν
1135 706 1439 778 ἀνακράσει
1472 708 1721 779 συνέχειν
1748 709 1807 762 ἐν

1921 709 2274 775 monstravit,
2317 706 2561 762 divinam
2598 715 2877 773 naturam,
2936 710 3067 766 licet
3112 713 3341 768 omnino
3387 713 3495 769 alia

215 798 286 868 τῷ
307 795 448 853 εἶναι
486 797 565 852 τὰ
596 797 748 863 ὄντα,
779 797 856 860 ὡς
880 797 969 852 διὰ
996 797 1206 853 τούτων
1247 799 1389 854 κατὰ
1420 801 1483 854 τὸ
1516 800 1807 855 ἀκόλουθον

1921 799 1987 856 sit
2011 807 2178 872 atque
2204 814 2270 855 ea
2293 815 2417 871 qua:
2458 815 2661 857 sensus
2704 802 3058 873 materiaeque
3085 805 3360 876 particeps
3385 815 3494 870 est,

219 890 343 961 μηδὲ
384 891 488 959 τὴν
537 889 724 961 ψυχὴν
765 889 872 955 ἔξω
930 890 1038 945 τῶν
1078 892 1249 946 ὄντων
1297 892 1507 947 οίεσθαι
1553 894 1662 948 ἀπὸ
1703 893 1805 964 τῆς

1921 899 2095 947 tamen
2128 907 2224 963 per
2253 893 2685 963 unumquodque
2711 907 2899 948 eorum
2926 908 3048 964 qua:
3070 900 3199 949 sunt
3228 894 3283 949 in
3309 908 3494 950 rerum

214 980 269 1031 ἐν
301 978 412 1050 (95)
455 977 601 1032 εἴδει
632 978 1012 1051 θεωρουμένης
1040 980 1187 1053 ζωῆς
1216 983 1298 1046 είς
1335 982 1398 1036 τὸ
1424 982 1602 1045 ἀειδὲς
1638 999 1803 1054 μετα-

1921 992 2130 1048 natura,
2171 984 2345 1052 l'undi,
2388 999 2671 1056 permeare
2704 993 2869 1055 atque
2923 1000 3271 1056 permanare,
3320 999 3497 1055 eaque

218 1073 434 1126 στᾶσαν.
1913 1076 1966 1130 vi
2017 1090 2124 1146 qua
2164 1091 2291 1130 eum
2331 1077 2692 1133 universitate
2712 1085 3121 1147 contemperata
3155 1083 3318 1145 atque
3345 1089 3497 1131 com-

223 1166 377 1221 mista
399 1174 508 1231 est.
536 1165 597 1221 in
629 1166 871 1224 essentia
894 1166 1178 1222 continere
1224 1182 1288 1222 ea
1315 1182 1439 1238 quae
1475 1175 1606 1223 sunt
1663 1166 1718 1220 in
1739 1181 1924 1221 rerum
1974 1177 2190 1236 natura,
2235 1177 2299 1224 ut
2360 1183 2457 1239 per
2493 1169 2628 1234 haec,
2691 1175 2856 1239 prout
2921 1167 3312 1240 consequentia
3377 1182 3496 1223 ser-

218 1260 391 1314 monis
461 1260 757 1327 ostendit,
802 1259 1226 1316 existimandum
1279 1260 1387 1322 sit,
1440 1275 1511 1315 ne
1564 1259 1802 1314 animam
1839 1259 2060 1330 quidem
2097 1268 2253 1317 extra
2302 1277 2393 1319 res
2442 1264 2727 1321 universas
2756 1280 2899 1331 esse,
2944 1279 3068 1319 cum
3136 1277 3203 1317 ex
3241 1276 3306 1318 ea
3360 1262 3494 1317 vitae

218 1370 333 1425 quae
364 1354 418 1408 in
451 1353 639 1408 lorma
698 1371 762 1410 ac
791 1356 975 1426 specie
1004 1355 1485 1421 animadvertitur,
1534 1355 1602 1409 ad
1657 1370 1780 1411 eam
1845 1371 1968 1427 quae
2030 1358 2277 1428 conspici
2300 1374 2411 1413 non
2446 1369 2628 1429 potest
2666 1359 3158 1429 transmigraverit.

295 1447 453 1500 Ἀλλὰ
495 1446 655 1511 πῶς,
704 1443 876 1513 εἷπον,
920 1449 1020 1519 τῆς
1074 1448 1182 1503 τῶν
1231 1450 1511 1520 στοιχείων
1557 1448 1805 1511 ένώσεως

221 1539 396 1610 ἕτερόν
443 1557 499 1592 τι
541 1539 635 1593 διὰ
676 1540 776 1610 τῆς
822 1540 958 1611 πρὸς
1007 1540 1213 1610 ἄλληλα
1260 1542 1461 1612 μίξεως
1502 1539 1642 1607 εἶδος
1688 1542 1801 1613 (94)

222 1630 593 1685 ἀναλαϐόντων
625 1630 759 1702 (95),
793 1630 930 1702 πρὸς
975 1632 1011 1686 ἃ
1056 1632 1166 1704 (96)
1210 1633 1311 1703 τῆς
1353 1633 1531 1705 ψυχῆς
1577 1634 1802 1703 γέγονεν

224 1724 551 1796 ήοὶκείωσις
583 1723 722 1794 (97),
765 1724 986 1778 ἐπειδὰν
1014 1727 1080 1796 τῇ
1114 1724 1353 1779 διαλύσει
1386 1725 1495 1780 τῶν
1525 1726 1802 1796 στοιχείων
1837 1748 1840 1751 '

226 1816 355 1870 κατὰ
379 1816 440 1868 τὸ
482 1816 637 1879 εἰκὸς
670 1816 1040 1888 συναφανισθῇ
1076 1817 1173 1871 καὶ
1218 1817 1281 1870 τὸ
1323 1813 1498 1885 εἷδοςς
1551 1817 1670 1873 Τίνι
1705 1835 1805 1890 ση-

233 1907 358 1977 μείῳ
378 1905 852 1977 κατακολουθήσει
875 1908 908 1978 ἡ
933 1908 1081 1980 ψυχὴ
1102 1909 1240 1979 μετὰ
1264 1908 1360 1963 τοῦ
1384 1908 1497 1980 (98)
1526 1909 1808 1980 ἐγνωσμέ-

229 2014 310 2050 νου
332 1993 405 2065 μὴ
428 1994 898 2066 παραμείναντος;
915 1997 1076 2051 -Μ,
1114 1997 1245 2050 Ἡδὲ
1266 1998 1460 2070 μικρὸν
1482 2000 1805 2071 ἐπισχοῦσα,

231 2087 459 2141 Δεδόσθω
492 2104 608 2159 μοι,
648 2086 815 2159 φησὶ,
848 2087 967 2141 κατ’
1012 2084 1258 2151 ἐξουσίαν
1290 2089 1398 2156 (99)
1449 2089 1650 2143 πλάσαι
1686 2088 1808 2143 τινὰ

231 2175 481 2247 λόγον,ἐν
531 2180 932 2251 ὑποδείγματι,
984 2180 1121 2251 πρὸς
1167 2179 1266 2249 τὴν
1311 2178 1408 2232 τοῦ
1445 2179 1806 2251 προκειμένου

234 2271 541 2342 σαφήνειαν,
574 2271 680 2326 κᾶν
706 2270 811 2336 ἔξω
855 2270 952 2325 τοῦ
988 2269 1215 2324 δυνατοῦ
1239 2270 1369 2341 δοκῇ
1408 2269 1470 2323 τὸ
1492 2269 1805 2340 λεγόμενον.

232 2360 462 2415 Δεδόσθω
494 2361 608 2433 γὰρ
634 2362 859 2415 δυνατὸν
903 2358 1043 2416 εἶναι
1075 2364 1142 2434 τῇ
1174 2360 1268 2415 τοῦ
1299 2360 1592 2433 ζωγράφου
1620 2361 1807 2433 τέχνῃ,

1983 1448 2091 1506 Sed
2114 1466 2223 1521 quo
2246 1459 2425 1522 pacto,
2463 1452 2710 1522 inquam,
2744 1467 2869 1507 cum
2895 1451 3287 1506 elementorum
3318 1449 3499 1506 unitio

1912 1556 2015 1612 per
2062 1551 2308 1597 mutuam
2366 1544 2685 1599 mistionem
2726 1542 2888 1596 aliam
2935 1543 3229 1612 quamdam
3260 1541 3498 1612 speciem

1923 1634 2306 1705 assumpserit,
2338 1649 2463 1690 cum
2502 1649 2612 1705 qua
2638 1635 2822 1689 anima
2854 1634 3149 1690 conciliata
3177 1642 3341 1704 atque
3366 1649 3498 1688 con-

1921 1727 2129 1784 sooiata
2162 1725 2287 1794 fuit,
2309 1734 2663 1798 posteaquam
2687 1741 2798 1781 una
2824 1740 2949 1781 cum
2973 1726 3364 1780 elementorum
3381 1724 3498 1779 dis-

1911 1819 2205 1883 solutione,
2242 1818 2453 1889 species
2485 1831 2736 1887 quoque,
2773 1824 2834 1871 ut
2882 1825 2967 1871 est
2992 1815 3293 1871 verisimile
3331 1821 3497 1885 atque

1912 1918 2368 1975 consentaneum,
2396 1909 2599 1964 abolita
2621 1916 2785 1979 atque
2804 1907 2981 1964 deleta
3014 1906 3216 1963 fuerit?
3239 1908 3383 1977 quod
3418 1907 3495 1963 si-

1909 2015 2077 2071 gnum
2105 2000 2290 2054 anima
2322 2000 2554 2071 posthac
2585 2007 2865 2070 sequetur,
2909 2012 3036 2053 cum
3057 1996 3112 2053 id
3134 1998 3282 2068 quod
3302 2006 3491 2054 notum

1902 2088 2103 2151 fuerat,
2122 2102 2230 2142 non
2246 2087 2607 2157 permanserit
2626 2088 2731 2140 ?-
2748 2087 2819 2143 M.
2845 2090 2972 2145 Haec
2989 2105 3120 2145 vero
3136 2092 3359 2160 paulum
3380 2104 3495 2145 mo-

1903 2187 2058 2236 rata:
2082 2176 2273 2243 Detur,
2298 2176 2501 2246 inquit,
2530 2176 2665 2231 mihi
2690 2184 2752 2231 ut
2784 2176 2851 2231 ad
2878 2177 3172 2232 arbitrium
3212 2178 3496 2233 commini-

1903 2286 2031 2328 scar
2054 2285 2118 2325 ac
2154 2271 2349 2341 ﬁngam
2372 2270 2615 2339 aliquam
2639 2268 3023 2325 similitudinis
3056 2278 3221 2340 atque
3258 2271 3494 2342 exempli

1904 2366 2080 2435 gratia
2095 2362 2365 2418 rationem
2384 2361 2452 2416 ad
2472 2361 2767 2432 proposita:
2788 2361 3112 2432 quaestionis
3127 2363 3497 2433 perspicuita-

236 2451 305 2523 μὴ
338 2453 494 2523 μόνον
530 2454 781 2525 μιγνύειν
822 2453 884 2518 ἐξ
924 2454 1167 2508 ἐναντίου
1197 2454 1266 2506 τὲ
1296 2452 1583 2525 χρώματα,
1628 2453 1811 2519 καθὼς

1921 2471 2016 2512 ;em
2043 2464 2210 2525 atque
2233 2451 2917 2518 declarationem,etiamsi
2939 2456 3086 2524 quod
3112 2454 3348 2519 dicetur,
3374 2454 3495 2511 ﬁeri

236 2542 344 2607 ἔθος
382 2548 557 2599 ποιεῖν
592 2546 773 2609 αὐτοῖς
814 2546 951 2618 πρὸς
978 2545 1076 2617 τὴν
1107 2545 1207 2615 τῆς
1243 2545 1459 2616 μορφῆς
1494 2546 1808 2618 ὁμοιότητα,

237 2635 363 2690 ἀλλὰ
401 2641 497 2692 καὶ
540 2638 842 2709 διακρίνειν
887 2638 957 2691 τὰ
1002 2637 1353 2709 μεμιγμένα,
1405 2639 1500 2692 καὶ
1534 2638 1636 2709 τὴν
1669 2640 1812 2693 κατὰ

239 2727 385 2794 φύσιν
412 2729 576 2784 πάλιν
609 2728 825 2801 ἑκάστῳ
856 2730 965 2784 τῶν
1003 2731 1310 2802 χρωμάτων
1356 2729 1665 2784 ἀποδιδόναι
1713 2729 1812 2801 βα-

240 2820 355 2888 ψήν.
382 2821 599 2876 Οὐκοῦν
629 2822 690 2875 τὸ
718 2822 929 2888 λευκὸν,
962 2823 1056 2877 καὶ
1088 2822 1148 2877 τὸ
1179 2823 1369 2892 μέλαν,
1405 2822 1439 2893 ἢ
1472 2822 1534 2876 τὸ
1560 2821 1808 2894 ἐρυθρὸν,

1922 2559 2034 2599 non
2062 2558 2226 2615 posse
2250 2542 2532 2599 videatur.
2557 2540 2725 2598 Detur
2750 2542 2898 2596 enim
2933 2538 3050 2595 ﬁeri
3075 2552 3238 2609 posse
3281 2551 3380 2608 per
3411 2552 3502 2591 ar—

1929 2644 2039 2692 tem
2092 2634 2373 2706 pingendi,
2405 2643 2465 2690 ut
2510 2649 2620 2689 non
2651 2633 2828 2690 solum
2855 2633 3066 2687 colores
3092 2646 3155 2686 ex
3185 2631 3499 2695 contrariis,

1929 2728 2077 2799 quod
2101 2729 2341 2799 pictores
2364 2727 2545 2783 facere
2564 2728 2744 2783 solent
2773 2726 2839 2780 ad
2866 2724 3283 2782 similitudinem
3316 2726 3503 2779 forma:

1929 2820 2293 2885 misceantur,
2321 2818 2680 2874 vcrumetiam
2724 2816 2878 2871 misti
2918 2824 3268 2886 separentur,
3289 2829 3355 2870 ac
3379 2830 3503 2869 rur-

241 2915 325 2967 xui
360 2915 418 2968 τὸ
464 2916 798 2989 χρυσοειδές,
847 2917 882 2989 ἢ
931 2919 986 2972 εῐ
1031 2935 1116 2982 τις
1162 2917 1298 2988 άλλη
1347 2916 1492 2990 βαφὴ
1537 2917 1674 2989 πρὸς
1715 2916 1813 2986 τὴν

1921 2924 2019 2964 sus
2073 2907 2375 2978 unicuique
2414 2907 2589 2963 colori
2620 2908 2892 2963 naturalis
2920 2909 3161 2963 tinctura
3222 2906 3504 2963 reddatur.

241 3006 516 3077 ὁμοιότητα
539 3006 637 3062 τοῦ
663 3009 1023 3081 προκειμένου
1057 3011 1410 3081 συγκρίνεται
1442 3009 1542 3081 (1),
1574 3011 1622 3063 εί
1652 3007 1813 3063 πάλιν

1923 2997 1982 3055 Si
2013 2998 2181 3071 igitur
2196 3000 2354 3056 albus
2382 3006 2437 3055 et
2469 3000 2648 3071 niger,
2684 3006 2781 3053 aut
2814 2999 2983 3055 ruber
3003 3006 3057 3053 et
3117 2997 3301 3053 fulvus
3330 2996 3503 3061 color,

244 3095 549 3170 ἀποκριθείη
599 3099 696 3170 τῆς
741 3099 877 3171 πρὸς
926 3099 1115 3171 ἕτερον
1159 3098 1236 3170 (2)
1287 3100 1520 3171 μίξεως,
1582 3099 1678 3155 καὶ
1735 3088 1813 3170 ἐφ¹

1927 3100 2022 3149 aut
2042 3093 2088 3149 si
2119 3108 2228 3164 qua
2261 3093 2367 3147 alia
2388 3092 2629 3147 tinctura
2663 3091 2729 3147 ad
2753 3090 3169 3146 similitudinem
3196 3090 3505 3160 argumenti

245 3187 413 3261 ἐτέρου
441 3191 521 3261 ('5)
560 3191 791 3259 γένοιτο,
823 3191 975 3246 οὐδὲν
1001 3188 1164 3265 ἦττον
1188 3191 1556 3261 γινώσκεσθαι
1586 3192 1693 3246 ὑπὸ
1717 3191 1813 3252 τοῦ

1921 3193 2300 3257 temperatus,
2373 3199 2571 3240 rursus
2643 3197 2674 3238 a
2741 3184 3127 3239 commistione
3198 3198 3308 3254 qua
3380 3195 3505 3238 cum

246 3282 471 3352 τεχνίτου
506 3284 689 3354 φαμὲν
726 3284 858 3337 αὐτὸ
897 3285 960 3338 τὸ
988 3280 1127 3348 εἶδος
1151 3284 1245 3339 τοῦ
1273 3284 1582 3358 χρώματος,
1616 3287 1712 3340 καὶ
1742 3282 1813 3357 μὴ

1921 3281 2091 3336 altero
2158 3279 2346 3334 colore
2421 3284 2867 3347 contemperatus
2939 3283 3065 3341 est,
3130 3285 3376 3331 secretus
3444 3289 3507 3328 ac

252 3373 365 3443 μίαν
390 3376 463 3447 (6)
497 3376 811 3447 ἐγγίνεσθαι
856 3376 1026 3449 λήθην
1069 3377 1239 3450 αὐτῷ,
1275 3379 1414 3450 μήτε
1450 3377 1545 3431 τοῦ
1584 3377 1813 3450 ἐρυθροῦ

1921 3385 2015 3441 per
2060 3385 2120 3426 se
2182 3369 2495 3441 singulatim
2548 3376 2837 3440 separatus
2886 3368 3091 3434 fuerit,
3148 3365 3508 3423 nihilominus

254 3467 374 3537 μήτε
410 3469 502 3522 τοῦ
560 3468 826 3540 μέλανος,
866 3471 917 3523 εἰ
949 3469 1025 3542 (5)
1075 3470 1384 3542 ἐτερόχρωα
1409 3469 1487 3542 (6)
1530 3469 1670 3525 κατὰ
1720 3469 1813 3541 τὴν

1921 3461 2097 3530 ipsam
2121 3460 2360 3530 speciem
2389 3459 2592 3515 coloris
2620 3460 2691 3514 ab
2721 3459 2933 3514 artillce
2962 3457 3189 3529 agnosci
3242 3458 3505 3520 dicimus,

250 3556 330 3608 τοῦ
364 3559 435 3629 (7)
479 3561 620 3631 πρὸς
653 3561 856 3630 ἄλληλα
905 3562 1050 3633 μίξιν
1092 3563 1351 3633 γινόμενα
1387 3562 1486 3634 (8),
1534 3562 1695 3617 πάλιν
1738 3564 1813 3627 εἰς

1921 3551 2239 3620 nullamque
2269 3552 2320 3607 ei
2352 3549 2684 3605 oblivionem
2708 3550 2974 3619 obrepere
3000 3549 3085 3603 vel
3117 3548 3271 3602 rubri
3299 3546 3386 3602 vel
3419 3548 3508 3601 ni-

252 3649 339 3720 τὴν
356 3654 490 3707 κατὰ
514 3654 680 3721 φύσιν
700 3652 968 3727 ἐπανέλθῃ
990 3656 1066 3725 (9)
1092 3653 1270 3726 βαφήν
1290 3672 1304 3686 ο
1332 3654 1681 3727 μεμνημένου
1707 3655 1819 3728 (10)

255 3739 303 3793 δὲ
326 3743 410 3797 τοῦ
441 3747 645 3817 τρόπον
685 3748 786 3817 τῆς
818 3747 953 3819 πρὸς
980 3746 1187 3819 ἄλληλα
1213 3748 1323 3801 τῶν
1351 3748 1659 3820 χρωμάτων
1690 3764 1821 3818 συγ-

257 3834 483 3903 κράσεως
505 3851 520 3866 ο
574 3835 775 3890 εἰδέναι
814 3839 964 3890 ποῖον
1006 3836 1064 3890 έν
1117 3853 1223 3890 τινι
1256 3836 1370 3908 (11)
1397 3836 1680 3908 γινόμενον
1707 3837 1821 3907 (19)

258 3916 355 3976 οἷον
379 3926 750 3999 ἀπειργάσατο
776 3929 996 4001 χρῶμα,
1025 3929 1119 3983 καὶ
1152 3929 1299 3991 ὅπως
1331 3927 1686 3999 ἐκϐληθέντος
1706 3926 1822 3998 (15)

261 4015 317 4068 ἐκ
342 4016 428 4070 τοῦ
469 4020 808 4092 ἀπολυθῆναι
835 4019 931 4074 τοῦ
974 4020 1163 4092 ἐτέρου
1209 4020 1374 4074 πάλιν
1408 4021 1487 4082 είς
1529 4020 1593 4073 τὸ
1623 4022 1823 4074 οἰκεῖον

260 4106 614 4183 ἐπανέδραμεν
636 4111 813 4178 ἄνθος,
846 4112 940 4167 καὶ
973 4115 1021 4166 εί
1053 4113 1216 4167 πάλιν
1244 4112 1352 4166 δέοι
1380 4111 1469 4166 διὰ
1494 4113 1596 4183 τῆς
1622 4111 1823 4183 μίξεως

1922 3644 2027 3714 gri,
2063 3644 2109 3698 si
2139 3642 2344 3698 diversi
2378 3644 2596 3698 colores
2624 3641 2857 3696 invicem
2899 3639 3173 3695 commisti
3210 3653 3405 3694 rursus
3438 3639 3507 3693 ad

1922 3737 2229 3792 naturalem
2273 3734 2477 3791 redacti
2523 3734 2728 3790 iuerint
2781 3734 3122 3788 tincturam:
3166 3732 3409 3803 itemque
3461 3733 3508 3787 si

1923 3832 2072 3886 modi
2126 3830 2371 3885 colorum
2420 3829 2487 3884 ad
2546 3829 2781 3883 invicem
2824 3825 3413 3897 contemperandorum
3454 3834 3510 3879 et

1922 3919 2458 3976 commiscendorum
2501 3919 2820 3976 recordetur
2838 3959 2853 3985 ,
2880 3920 3021 3975 scire.
3045 3961 3059 3984 ,
3085 3919 3209 3989 quis
3240 3918 3327 3974 cui
3358 3919 3511 3974 color

1923 4012 2220 4084 permistus
2243 4028 2403 4083 quem
2421 4012 2660 4068 colorem
2679 4011 2939 4077 eli‘ecerit,
2959 4020 3134 4083 etquo
3151 4022 3309 4082 pacto
3338 4012 3510 4066 altero

1924 4106 2073 4160 eluto
2099 4113 2263 4176 atque
2288 4113 2526 4167 secreto,
2554 4120 2751 4160 rursus
2790 4103 2859 4159 ad
2892 4105 3173 4174 proprium
3200 4103 3388 4159 ﬂorem
3422 4119 3509 4157 re-

262 4196 316 4250 τὸ
339 4196 446 4254 ἴσον
471 4203 830 4274 ἐργάσασθαι,
875 4205 1191 4274 ἁπονωτέρα
1233 4203 1385 4260 ἔσται
1413 4203 1561 4275 αὑτῷ
1589 4206 1622 4276 ἡ
1656 4221 1813 4258 κατα·

1926 4194 2124 4254 dactus
2156 4200 2229 4255 sit
2263 4217 2276 4252 :
2313 4214 2377 4252 ac
2410 4200 2455 4253 si
2483 4212 2675 4253 rursus
2706 4198 3064 4267 permistionc
3097 4213 3235 4267 opus
3261 4199 3333 4252 sit
3364 4197 3507 4251 idem

265 4293 414 4365 σκευὴ
453 4297 509 4349 ὲν
558 4299 628 4368 τῇ
680 4296 1026 4371 προλαϐούσῃ
1069 4297 1402 4368 δημιουργία
1446 4295 1813 4367 μελετηθεῖσα.

1925 4288 2159 4353 eliicere,
2188 4289 2400 4344 minore
2437 4303 2561 4343 eum
2594 4287 2814 4358 negotio
2836 4296 2998 4358 atque
3033 4288 3217 4343 labore
3257 4287 3510 4343 conﬁciet

338 4384 390 4438 δέ
413 4403 463 4440 τι
490 4387 608 4458 (14)
640 4387 931 4443 ἀκόλουθον
962 4390 1021 4444 ἐν
1047 4388 1128 4461 τῷ
1156 4388 1533 4460 ὑποδείγματι,
1575 4391 1764 4461 φησιν,
1795 4394 1813 4446 ἐ

1927 4383 2004 4449 id,
2038 4383 2183 4454 quod
2209 4383 2263 4435 in
2294 4383 2477 4451 priore
2502 4379 2902 4450 compositione
2933 4381 3231 4436 meditatus
3253 4396 3509 4437 exercue-

267 4469 402 4540 λόγος
424 4475 557 4549 ἔχει,
584 4478 898 4544 ἐξεταστέον
924 4480 1024 4551 ἤδη
1050 4481 1182 4552 ἡμῖν
1206 4480 1337 4534 αὐτὸ
1361 4480 1423 4533 τὸ
1442 4481 1813 4553 προκείμενον.

1929 4482 2034 4531 rat.
2070 4475 2127 4530 Si
2158 4474 2323 4546 igitur
2349 4472 2548 4543 aliquid
2585 4473 2639 4528 in
2671 4473 3030 4529 similitudine
3058 4482 3511 4539 ccxisentaneum,

278 4563 406 4620 ’Δντὶ
429 4569 536 4643 γὰρ
566 4570 667 4641 τῆς
693 4572 969 4643 γραφικῆς
998 4573 1194 4644 τέχνης
1217 4572 1328 4644 (15)
1358 4572 1519 4645 ἡτῶν
1547 4572 1813 4644 στοιχείων

1930 4567 2130 4639 inquit,
2164 4567 2342 4622 oratio
2369 4566 2554 4632 liabet,
2589 4566 2887 4622 scrutanda
2936 4574 3100 4638 atque
3131 4567 3511 4639 perpendenda

272 4655 473 4713 νοείσθω
504 4660 670 4730 φύσις
718 4661 854 4730 (16),
891 4664 925 4733 ἡ
972 4662 1030 4715 δὲ
1082 4662 1227 4733 μίξις
1272 4665 1371 4732 τῆς
1419 4663 1669 4734 ποικίλης
1717 4663 1813 4717 τῶι

1928 4662 2041 4733 jam
2071 4659 2230 4714 nobis
2269 4659 2373 4714 erit
2410 4659 2685 4730 proposita
2743 4660 2999 4731 quaestio.
3037 4659 3174 4714 Nam
3216 4676 3316 4732 pro
3358 4669 3514 4732 parte

274 4744 708 4821 ἔτεροχροούντων
757 4752 954 4823 βαφῆς,
1006 4755 1103 4807 καὶ
1150 4754 1311 4808 πάλιν
1356 4755 1389 4820 ἡ
1438 4753 1653 4808 δοθεῖσα
1691 4756 1813 4825 ήμῖπ

1932 4752 2214 4825 pingendi,
2255 4751 2436 4805 anima
2462 4752 2699 4806 orationi
2734 4753 3013 4824 pr0posita
3046 4754 3149 4819 sit;
3182 4765 3236 4808 et
3272 4754 3392 4808 loco
3420 4768 3512 4809 co-

275 4837 377 4890 an‘
418 4841 666 4897 ὑπόθεσιν
716 4846 795 4909 εἰς
834 4843 904 4896 τὰ
940 4844 1115 4899 οἰκεῖα
1162 4845 1368 4899 τούτων
1415 4846 1693 4911 ἐπάνοδος,
1727 4846 1813 4916 τὴ)

1934 4846 2113 4900 lorum
2132 4845 2287 4909 artis,
2314 4844 2651 4915 intelligatur
2665 4845 3059 4902 elementorum
3074 4856 3270 4901 natura
3294 4864 3307 4900 :
3332 4843 3513 4902 mistio

278 4931 556 5007 συνδρομήν
602 4953 663 4989 τε
693 4937 786 4989 καὶ
816 4936 1096 4991 διάστασιν
1121 4937 1232 4991 τῶν
1261 4938 1541 5009 στοιχείων
1582 4938 1828 5009 ὑπογρα-

1936 4946 2118 4994 autem
2190 4936 2355 4992 varite
2403 4936 2747 4993 diversorum
2800 4941 3045 4995 colorum
3096 4939 3386 5004 tinctura),
3447 4952 3512 4994 ac

341 5086 440 5155 (95)
477 5092 591 5161 Τῆς
620 5093 710 5147 ἐν.
757 5092 800 5146 Β
829 5095 936 5147 τῶν
974 5096 1051 5148 ἐν.
2003 5090 2081 5232 (6)
2125 5091 2578 5172 ⁹Ετερόχρωιιᾉ
2618 5091 2659 5144 Β
2688 5093 3001 5166 ἑτερόχροα.

343 5159 443 5232 (ἓρ)
467 5163 643 5228 Εἶδος
668 5163 814 5218 delet
836 5163 897 5218 Β.
1278 5231 1281 5232 ν
2004 5162 2060 5231 (7
2127 5161 2246 5229 Τὴν
2270 5179 2395 5215 του.
2430 5164 2536 5215 Του
2570 5162 2713 5217 delet
2741 5164 2805 5217 Α.

343 5159 443 5231 (ιρι)
467 5159 643 5228 Εἶδος
668 5163 814 5218 delet
836 5163 897 5218 Β.

2004 5159 2081 5231 (7)
2127 5159 2395 5229 Thr-rm").
2430 5162 2536 5215 Τοῦ
2570 5162 2713 5217 delet
2741 5159 2805 5217 Ai.

343 5228 446 5299 (95)
484 5234 944 5291 Ἀγαλαῦόντοννο.
974 5233 1016 5287 Β
1037 5231 1545 5305 ἀναλαμϐανόντων.

345 5297 449 5369 (96)
485 5303 640 5369 Πρὸς
660 5303 719 5358 ἆ.
750 5304 794 5357 Α
817 5302 857 5355 Β
882 5305 1017 5369 πρὸς
1039 5307 1086 5359 ὅ.

2006 5228 2083 5369 (8)
2118 5232 2438 5299 Γινόμενα.
2468 5231 2512 5285 Α
2538 5234 2824 5302 γενόμενα.

2005 5303 2058 5369 (9
2128 5301 2488 5369 Ἐπανέλθῃ.
2516 5301 2557 5354 Β
2582 5302 2824 5356 ἐπανέλθ‹

483 5303 640 5389 ρρὸς
660 5303 726 5389 ἆ,
750 5304 794 5357 Α
817 5302 1017 5389 ξηρὸς
1039 5307 1086 5359 ὅ.
1214 5297 1227 5305 ’
2005 5297 2488 5389 (9)“’ξίιάνέλθῃ.
2516 5297 2558 5354 Β
2582 5297 2886 5389 ἐπανέλθοι.

478 5366 803 5446 Οἷκείωσις.
831 5373 878 5446 Β
915 5366 1195 5446 διοίκησις.

366 5438 448 5514 98)
476 5438 795 5514 Μετὰτοῦ.
826 5443 869 5497 Β
910 5446 1046 5514 μετὰ
1075 5438 1233 5498 τοῦτο
1260 5444 1374 5498 τοῦ.

366 5510 449 5581 99)
476 5515 612 5567 Κατ’
635 5510 943 5578 ἐξουσίανῖ.
982 5516 1026 5567 Α
1059 5515 1429 5581 κατεξουσίαν.

349 5577 422 5714 (1)
446 5577 846 5653 Συγκρίνεται.
875 5591 921 5637 Α
947 5584 989 5637 Β
1017 5577 1394 5657 συγκιρνᾶται.

350 5650 402 5714 (2
454 5654 606 5714 Πρὸς
631 5654 932 5714 ἓτερον-,Α
966 5655 1006 5708 Β
1044 5657 1179 5714 πρὸς
1213 5657 1274 5708 τὸ
1301 5656 1388 5708 ἓτε

454 5650 940 5728 ΠρδέᾼέζερονηΛ
966 5655 1007 5728 Β
1044 5650 1274 5728 «page
1301 5656 1506 5728 ἓτερον.

2005 5371 2120 5442 (10)
2149 5372 2562 5440 Μεμυημένου.
2594 5371 2635 5425 Β
2652 5371 3032 5494 μεμυημένον.

2008 5444 2122 5494 (lli
2154 5443 2266 5494 Ἕν
2286 5457 2423 5494 τινι.
2466 5441 2507 5493 Β
2535 5444 2592 5494 ἐν
2613 5459 2644 5494 τ
2671 5460 2741 5494 νι.

2008 5441 2122 5505 (11)
2154 5443 2266 5495 Ἕν
2286 5457 2423 5496 τινι.
2466 5441 2507 5493 Β
2535 5444 2592 5495 ἐν
2613 5441 2741 5495 τίνιέ

2010 5512 2127 5582 (l2)
2150 5513 2504 5579 Γινόμενον.
2536 5513 2580 5564 Α
2604 5511 2645 5564 Β
2669 5512 2978 5582 γενόμενον.

2160 5582 2689 5658 Ἑκρᾨηθέᾑτοςιᾼ
2710 5582 2752 5635 Β
2781 5582 3143 5647 ἐκπλυθέντος
3172 5584 3266 5640 τοῦ
3303 5586 3514 5658 ἐτέρου.

2037 5650 2125 5719 14)
2151 5655 2221 5706 El
2258 5650 2325 5705 δέ
2350 5668 2425 5705 τι.
2454 5652 2500 5704 Α
2530 5654 2579 5705 εί
2605 5651 2668 5721 δή
2699 5669 2773 5706 τι.

374 5720 425 5799 ξ)
451 5723 573 5799 Ἐφ’
601 5720 828 5799 ἑτέρου.
846 5728 901 5799 ,ᾼ
927 5726 1018 5799 ὲφῖ
1042 5720 1256 5799 adma.
1395 5720 1408 5728 '

1986 5720 2130 5799 _(l_5_)
2180 5722 2423 5799 Téxmg.
2539 5720 2720 5799 jungit
2744 5724 2858 5779 haec
2880 5742 2903 5799 ε
2945 5723 3187 5799 ἸΙ-ψυχὴ
3213 5726 3516 5798 προκείσθω

374 5790 420 5867 ε)
445 5790 536 5867 an:
562 5794 729 5867 μίαν.
764 5795 813 5849 Α
843 5796 884 5848 u
919 5790 1211 5867 μήδεμίαν.
1944 5790 2214 5867 «eam:
2238 5790 2331 5867 και
2360 5791 2482 5867 ἀντ)
2511 5790 2817 5867 κρωάάτων
2845 5795 2943 5865 τῆς
2965 5790 3181 5866 reme:

372 5859 423 5932 β)
459 5859 787 5919 ΕίᾱειειΑ.
919 5859 933 5865 '
984 5859 996 5864 ·
1062 5859 1074 5867 ·
1996 5859 2357 5933 ’(16)φύσις
2384 5859 2623 5918 ἀειοῐλ.

548 5957 819 6019 Ρλτιιοι.
867 5957 987 6019 Gn.
1036 5957 1262 6020 XLVI.
3122 6020 3143 6035 ,
3215 5962 3255 6018 3

454 5723 573 5792 Ἐφ’
601 5723 828 5790 ἐτέρου.
858 5728 901 5777 Α
927 5726 1012 5793 ἐφ’
1042 5723 1256 5779 ἐαυτοῦ.
