3992 6452
475 402 554 457 ηε
1739 386 1796 442 s.
1826 384 2154 442 GuEGonu
2181 383 2471 442 stsm
3677 385 3744 442 7o

486 529 684 570 rursus
710 509 942 580 exempli
964 507 1137 578 gratia
1167 506 1327 561 nobis
1362 505 1487 559 data
1529 505 1722 559 borum
1748 504 1816 560 ad
1839 503 2058 574 propria

2167 503 2331 570 φέτω.
2375 504 2584 576 Ὠσπερ
2613 499 2704 560 οὖν
2745 521 2927 574 φαμεν
2955 503 3066 574 (17)
3095 504 3151 556 ἐν
3181 501 3258 574 τῷ
3283 503 3638 576 ὑποδείγματι
3669 506 3746 576 μὴ

485 607 757 674 cujusque
776 601 1038 662 redactio,
1074 608 1189 652 tum
1223 612 1579 660 concursum,
1608 605 1724 651 tum
1748 595 2064 665 diremptio-

488 703 608 749 netu
635 694 1030 748 elementorum
1052 689 1318 758 designet.
1349 685 1419 742 Ut
1441 687 1606 758 igitur
1626 685 1681 739 in
1707 683 2064 740 similitudine

485 786 722 840 dicimus
754 781 1020 836 artiﬁcem
1073 791 1182 834 neu
1224 779 1476 850 ignorare
1501 777 1704 833 coloris
1735 777 2060 839 tincturam,

485 895 606 950 quae
630 883 754 948 post
792 874 1101 930 mistionem
1132 886 1326 925 rursus
1348 870 1414 923 ad
1446 869 1725 940 proprium
1748 865 1941 922 ﬂorem
1970 879 2060 920 re-

486 973 646 1026 dacta
676 969 770 1031 sit,
808 966 904 1024 sed
929 978 1230 1036 agnoscere
1261 972 1373 1017 tum
1403 961 1654 1025 rubrum,
1682 967 1794 1014 tum
1820 959 2062 1028 nigrum,

487 1069 542 1116 et
585 1059 631 1114 si
687 1058 813 1129 quis
873 1056 1013 1110 alius
1043 1053 1200 1108 color
1226 1068 1323 1123 per
1354 1059 1560 1106 certam
1595 1049 1890 1121 quamdam
1939 1064 2064 1104 cum

488 1150 688 1205 diversi
719 1148 936 1219 generis
960 1145 1143 1201 colore
1172 1143 1635 1206 communionem,
1670 1140 1900 1195 formam
1932 1139 2065 1195 etle-

488 1242 585 1304 cit,
613 1239 794 1310 qualis
819 1238 1035 1308 quidem
1077 1243 1223 1291 esset
1250 1235 1304 1289 in
1327 1235 1708 1300 commistura,
1735 1233 1914 1303 qualis
1938 1233 2065 1287 item

488 1347 632 1387 nunc
663 1331 755 1395 sit,
783 1345 908 1384 cum
940 1343 1052 1383 suae
1084 1325 1319 1381 naturali
1345 1327 1600 1380 tinctura:
1621 1326 1912 1380 restitutus
1939 1332 2023 1380 est
2049 1343 2063 1378 :

485 1423 664 1496 qualis
694 1422 820 1477 item
855 1419 1071 1475 futurus
1120 1419 1215 1482 sit,
1247 1418 1293 1474 si
1332 1417 1524 1472 eodem
1560 1417 1722 1472 modo
1745 1432 1940 1472 rursus
1970 1431 2065 1470 co-

489 1521 631 1570 lores
667 1515 806 1568 inter
836 1528 896 1568 se
953 1512 1330 1566 misceantur:
1370 1511 1442 1564 ita
1469 1509 1708 1563 animam
1762 1509 2066 1565 elemento-

487 1622 610 1662 rum
652 1619 775 1675 qua:
821 1602 1056 1657 coierint
1103 1602 1170 1656 ad
1212 1601 1664 1655 constitutionem
1695 1599 1945 1670 corporis
1977 1599 2066 1654 cui

488 1700 606 1768 ipsa
639 1694 937 1759 inhaeserit,
969 1693 1129 1748 etiam
1154 1691 1712 1762 postdissolutionem
1739 1705 1932 1745 eorum
1963 1705 2066 1744 na-

475 1789 718 1844 .turalcm
762 1787 905 1843 scire
947 1785 1338 1854 praprietatem
1384 1799 1698 1838 censemus.
1738 1783 1814 1837 Ac
1847 1783 2098 1838 tametsi”

2166 595 2379 662 ἀγνοεῖν
2404 595 2500 666 τὴν
2541 594 2717 665 βαφὴν
2741 595 2835 648 τοῦ
2863 594 3149 666 χρώματος
3176 596 3289 664 (18)
3333 596 3427 650 τὸν
3466 596 3742 667 τεχνίτην,

2168 685 2306 756 μετά
2342 685 2456 755 (l9)
2491 685 2637 756 μίξιν
2669 686 2831 739 πάλιν
2876 687 2959 749 είς
3000 684 3062 738 τδ
3100 686 3298 739 οἰκεῖον
3325 685 3485 749 ἀνθος
3516 687 3746 739 ἐπανελ-

2166 775 2386 840 θοῦσαν,
2432 777 2546 830 ἀλλ’
2576 775 2960 845 ἐπιγινώσκειν
2989 774 3052 829 τό
3078 793 3137 829 τε
3163 775 3276 847 (2ο)
3303 777 3531 848 ἐρυθρὸν
3559 777 3656 832 καὶ
3682 777 3746 830 τὺ

2169 866 2357 937 μέλαν,
2378 869 2552 921 καὶεῐ
2576 885 2628 920 τι
2657 868 2843 938 ἕτερον
2865 867 2954 920 διὰ
2983 867 3083 937 τῆς
3122 870 3281 932 ποιᾶς
3310 869 3444 940 πρὸς
3470 868 3533 922 τὸ
3560 869 3744 939 ἑτερο-

2165 959 2321 1027 γενές
2383 959 2666 1023 κοινωνίας
2732 959 2830 1029 τὴν
2903 959 3118 1030 μορφὴν
3170 961 3575 1031 ἀπειργάσατο,
3632 955 3746 1014 οἷον

2173 1051 2271 1121 μὲν
2301 1051 2414 1123 (21)
2466 1053 2523 1104 ἐν
2565 1054 2631 1122 τῇ
2668 1051 2833 1122 μίξει,
2861 1046 2972 1105 οἷον
2999 1051 3112 1121 (22)
3147 1051 3240 1106 καὶ
3266 1051 3360 1104 νῦν
3389 1053 3537 1105 ἐστιν
3578 1053 3636 1104 ἐν
3666 1052 3746 1121 τῷ

2166 1143 2308 1197 κατά
2338 1143 2437 1212 τὴν
2471 1142 2632 1212 φύσιν
2656 1142 2926 1212 γινομένῳ
2956 1141 3070 1213 (25)
3093 1157 3108 1172 ο
3153 1137 3266 1194 οἷον
3289 1141 3345 1194 δέ
3379 1141 3542 1194 πάλιν
3566 1142 3741 1205 ἔσται,

2166 1237 2214 1289 εί
2263 1235 2633 1306 ὁμοιοτρόπως
2666 1234 2778 1304 (24)
2819 1230 2974 1296 αὖθις
3011 1233 3262 1304 ἀλλήλοις
3302 1233 3629 1304 ἀναμιχθείη
3675 1232 3748 1284 τά

2166 1327 2432 1398 χρώματα
2456 1344 2469 1356 ·
2503 1326 2676 1389 οὕτως
2703 1325 2901 1380 ειδέναι
2943 1325 3041 1396 τὴν
3066 1325 3242 1396 ψυχὴν
3279 1324 3388 1377 τῶν
3415 1323 3746 1394 συνδραμόν-

2166 1436 2274 1472 των
2305 1418 2583 1488 στοιχείων
2615 1418 2751 1488 πρὸς
2779 1419 2878 1488 τὴν
2905 1417 2999 1470 τοῦ
3032 1417 3281 1486 σώματος
3312 1417 3674 1485 κατασκευὴν,
3700 1409 3748 1482 ᾧ

2167 1509 2366 1578 ἐνεφύη
2397 1509 2532 1578 (25),
2567 1508 2662 1561 καὶ
2690 1507 2827 1576 μετὰ
2852 1509 2951 1576 τὴν
2983 1507 3226 1560 διάλυσιν
3255 1505 3434 1559 αὐτῶν
3464 1507 3564 1576 τὴν
3590 1523 3749 1574 φυσι-

2168 1601 2270 1672 κὴν
2323 1601 2578 1671 ίδιότητα.
2638 1600 2756 1653 Κᾶν
2805 1599 3086 1670 πόρρωθεν
3121 1599 3215 1652 ἀπ’
3242 1599 3483 1668 ἀλλήλων
3529 1598 3668 1652 αύτὰ
3710 1602 3744 1671 ἡ

2170 1690 2328 1760 φύσις
2354 1689 2564 1760 ἀφέλκῃ
2590 1689 2675 1742 διὰ
2702 1688 2799 1752 τὰς
2827 1689 3152 1759 ἐγκειμένας
3184 1689 3581 1760 ἐναντιότητας,
3613 1691 3744 1743 ἐκα-

2172 1799 2294 1834 στον
2353 1780 2530 1835 αὐτῶν
2577 1781 2675 1850 τῆς
2725 1781 2861 1852 πρὸς
2911 1781 2974 1834 τὸ
3029 1780 3269 1834 ἐναντίον
3316 1781 3593 1850 ἐπιμιξίας
3634 1780 3746 1850 (26)

489 1889 682 1936 natura
704 1878 892 1950 procul
912 1877 980 1931 ab
1003 1876 1234 1931 invicem
1259 1875 1541 1931 abstrahat
1561 1875 1824 1929 elementa
1848 1883 2068 1946 propter

2170 1872 2527 1944 ἀπείργουσα,
2562 1873 2712 1926 οὐδὲν
2746 1869 2907 1943 ἦττον
2936 1871 3068 1944 παρ’
3091 1872 3304 1942 ἑκάστῳ
3330 1871 3481 1924 ἔσται
3513 1873 3579 1941 τῇ
3610 1888 3746 1939 γνω-

491 1971 686 2026 insitas
728 1967 1170 2028 contrarietates,
1207 1965 1634 2034 unumquodque
1657 1979 1846 2019 eorum
1873 1979 2067 2020 arcens

487 2079 516 2117 a
548 2061 932 2118 commistione
983 2057 1269 2123 contrarii,
1302 2057 1664 2112 nihilominus
1697 2057 2064 2128 cognoscendi

486 2163 534 2209 et
562 2152 881 2223 explorandi
914 2151 964 2205 vi
998 2150 1279 2222 proprium
1310 2151 1647 2218 amplectens
1687 2149 1894 2213 anima,
1923 2149 2067 2218 apud

490 2243 916 2315 unumquodque
937 2242 1045 2297 erit
1072 2256 1136 2296 ac
1152 2242 1414 2306 manebit,
1434 2242 1611 2297 donec
1633 2256 1829 2296 rursus
1847 2241 1902 2296 in
1926 2241 2068 2297 idem

487 2350 798 2390 concursus
822 2335 1216 2402 diremptorum
1239 2331 1306 2386 ad
1331 2331 1787 2388 instaurationem
1813 2333 2070 2388 dissoluti

488 2428 733 2499 corporis
795 2443 864 2483 ex
919 2425 1203 2482 elementis
1247 2425 1422 2482 coacti
1467 2423 1647 2482 factus
1698 2424 1900 2489 fuerit,
1951 2439 2072 2494 quae

490 2521 712 2591 preprie
742 2517 1076 2574 resurrectio
1101 2525 1156 2572 et
1183 2527 1269 2573 est
1301 2526 1354 2573 et
1379 2518 1717 2572 nominatur.

541 2608 797 2680 G.Atque
813 2623 939 2679 ego:
961 2603 1198 2668 Videris,
1230 2602 1474 2674 inquam,
1504 2603 1718 2676 egregie
1747 2601 1877 2658 mihi
1895 2603 2074 2659 obiter

489 2706 543 2754 et
575 2697 629 2750 in
663 2696 899 2752 transitu
927 2694 1240 2752 defendisse
1267 2695 1574 2750 doctrinam
1597 2703 1650 2750 et
1686 2695 1846 2752 ﬁdem
1883 2711 2071 2752 resur-

461 2789 770 2844 rectionis.
817 2787 1073 2844 Arbitror
1121 2787 1268 2841 enim
1323 2801 1420 2856 per
1463 2787 1580 2842 habe
1625 2788 1831 2842 sensim
1873 2786 2069 2841 adduci

488 2893 647 2948 posse
669 2892 765 2934 eos
789 2877 885 2949 qui
926 2890 1048 2931 eam
1090 2875 1250 2930 ﬁdem
1279 2883 1620 2946 oppugnant,
1648 2891 1715 2930 ue
1741 2883 1928 2944 putent
1953 2872 2069 2928 ﬁeri

487 2984 599 3024 non
628 2983 792 3039 posse
847 2975 910 3021 ut
942 2981 1140 3022 rursus
1190 2967 1455 3020 elementa
1495 2965 1638 3019 inter
1669 2980 1729 3019 se
1770 2969 1986 3026 coeant,
2016 2969 2070 3016 et

488 3059 742 3116 eumdem
762 3055 1035 3113 hominem
1052 3054 1384 3111 efﬁciant.-—
1399 3050 1683 3122 M.Nempe
1695 3051 1798 3106 hoc
1813 3067 1960 3118 vere,
1983 3052 2068 3106 in-

490 3150 609 3222 quit
633 3148 917 3221 magistra,
950 3145 1107 3200 dicis.
1138 3142 1290 3198 Licet
1315 3143 1460 3198 enim
1492 3142 1684 3197 audire
1711 3142 1956 3196 dicentes
1975 3156 2068 3196 eos

490 3244 582 3313 qui
610 3240 739 3295 huic
773 3237 1016 3309 opinioni
1061 3234 1423 3290 adversantur
1443 3277 1456 3301 ,
1480 3233 1618 3289 Cum
1665 3233 1720 3288 in
1744 3231 2066 3288 universita-

491 3343 598 3385 tem
629 3343 731 3400 pro
761 3328 1031 3398 cujusque
1062 3325 1391 3396 cognatione
1431 3324 1830 3378 elementorum
1856 3321 2070 3377 resolu-

481 3423 568 3475 tio
601 3420 711 3480 liat.
736 3419 829 3489 qui
874 3418 986 3473 ﬁeri
1042 3423 1222 3486 potest
1275 3422 1334 3468 ut
1375 3414 1549 3477 calor,
1605 3414 1699 3484 qui
1739 3414 1791 3467 in
1815 3413 1922 3468 hoc
1964 3418 2068 3478 est,

493 3514 582 3569 ubi
608 3511 675 3568 ad
705 3511 1115 3568 universitatem
1168 3508 1424 3563 redactus
1463 3506 1646 3570 fuerit,
1696 3521 1892 3562 rursus
1919 3505 2070 3559 nulla

491 3605 815 3661 adiuistione
853 3617 978 3657 cum
1010 3617 1077 3657 eo
1109 3599 1255 3672 quod
1287 3607 1372 3655 est
1401 3598 1648 3669 ejusdem
1695 3597 1914 3668 generis
1938 3610 2074 3650 con-

492 3705 696 3758 cretus,
753 3701 1068 3765 segregetur
1105 3699 1159 3747 et
1199 3691 1569 3755 abstrahatur,
1614 3689 1684 3743 ad
1727 3688 2072 3743 constituen-

491 3788 620 3842 dum
683 3786 983 3847 hominem,
1018 3783 1112 3853 qui
1167 3782 1279 3835 vita
1335 3781 1630 3836 defunctus
1686 3780 1970 3834 reticiatur
2017 3787 2072 3834 et

494 3875 868 3933 instauretur?
919 3873 1054 3928 Nam
1107 3873 1211 3929 nisi
1241 3872 1480 3943 perfecte
1521 3870 1802 3942 proprium
1823 3869 2068 3935 redierit,

489 3971 586 4028 sed
624 3983 721 4038 pro
750 3966 1010 4037 peculiari
1039 3965 1248 4034 aliquid
1277 3962 1427 4018 aliud
1450 3977 1513 4016 ex
1537 3960 1728 4016 eodem
1759 3975 1957 4030 genere
1980 3975 2070 4016 as-

493 4069 774 4132 sumptum
795 4058 979 4122 fuerit,
999 4057 1228 4112 alterum
1247 4070 1343 4126 pro
1373 4055 1546 4108 altero
1568 4053 1677 4117 lict,
1697 4062 1860 4122 atque
1887 4051 1941 4106 id
1962 4067 2069 4106 non

491 4155 618 4210 item
644 4149 979 4208 resurrectio
1014 4147 1200 4214 fuerit,
1230 4147 1326 4202 sed
1374 4146 1499 4200 novi
1553 4142 1791 4198 hominis
1837 4144 2065 4198 creatio.

2170 1968 2328 2036 στικῇ
2374 1965 2598 2036 δυνάμει
2636 1965 2728 2018 τοῦ
2774 1965 2974 2019 οίκείου
3007 1964 3394 2034 ἐφαπτομένη.
3439 1963 3534 2016 καὶ
3569 1979 3748 2032 παρα·

2171 2056 2408 2126 μένουσα
2435 2055 2538 2122 ἕως
2566 2056 2631 2112 ἂν
2653 2059 2737 2122 εἰς
2767 2057 2933 2112 ταύτδ
2962 2058 3073 2127 (27)
3116 2057 3279 2111 πάλιν
3306 2059 3338 2126 ὴ
3383 2056 3490 2109 τῶν
3527 2055 3746 2109 διεστώ-

2167 2164 2276 2202 των
2325 2150 2549 2220 γένηται
2603 2149 2873 2221 συνδρομὴ
2922 2150 3058 2221 πρὸς
3108 2149 3206 2220 τὴν
3253 2147 3347 2201 τοῦ
3407 2147 3746 2212 διαλυθέντος

2169 2239 2634 2309 ἀναστοιχείωσιν,
2656 2240 2792 2310 ὅπερ
2815 2238 3109 2303 ἀνάστασις
3134 2238 3336 2309 κυρίως
3358 2239 3452 2292 καὶ
3475 2237 3628 2292 ἔσται
3652 2237 3749 2290 καὶ

2169 2328 2514 2401 ὀνομάζεται.

2237 2596 2295 2654 Γ.
2313 2598 2422 2652 Καὶ
2439 2597 2548 2667 ἐγὼ
2566 2597 2677 2669 (28)
2693 2595 3112 2665 είπον,Ἀριστά
3164 2614 3255 2666 μοι
3284 2599 3457 2663 δοκεῖς
3500 2601 3644 2656 κατά
3684 2602 3746 2656 τὸ

2170 2687 2342 2756 παρὸν
2370 2689 2478 2756 (29)
2532 2689 3021 2758 συμμεμαχηκέναι
3053 2689 3163 2759 (50)
3214 2691 3291 2760 τῷ
3320 2691 3462 2763 λόγῳ
3485 2695 3586 2764 τῆς
3614 2695 3746 2749 ἀνα-

2170 2778 2430 2842 στάσεως.
2469 2779 2736 2831 Δύνασθαι
2762 2778 2869 2847 γὰρ
2893 2779 2958 2832 ἂν
2997 2779 3085 2832 διὰ
3130 2781 3333 2836 τούτων
3360 2783 3541 2855 ἠρέμα
3572 2802 3744 2856 προσ-

2168 2868 2399 2939 αχθῆναι
2427 2871 2552 2933 τοὺς
2601 2871 3056 2941 ἀπομαχομένους
3083 2874 3150 2943 τῇ
3190 2873 3390 2941 πίστει,
3421 2876 3557 2946 πρὸς
3578 2877 3636 2929 τὸ
3669 2877 3746 2947 μὴ

2167 2959 2373 3014 οῐεσθαι
2398 2961 2505 3014 τῶν
2533 2961 2808 3015 ἀδυνάτων
2837 2957 2976 3016 εἶναι
3002 2963 3164 3016 πάλιν
3196 2964 3445 3035 ἀλλήλοις
3471 2965 3746 3019 συνελθεῖν

2167 3052 2236 3105 τά
2268 3055 2523 3122 στοιχεῖα,
2556 3055 2649 3107 καὶ
2676 3054 2767 3106 τὸν
2800 3057 2959 3109 αὑτὸν
2986 3055 3401 3126 ἀπεργάσασθαι
3432 3056 3748 3126 ἄνθρωπον,

2153 3173 2222 3182 -
2245 3144 2321 3198 Μ.
2353 3141 2463 3195 Καί
2487 3142 2602 3212 (51)
2635 3143 2851 3212 φησινή
2880 3140 3461 3211 διδάσκαλος·Ἀληθές
3476 3139 3635 3193 τοῦτο
3659 3141 3752 3192 λέ-

2097 3199 2296 3306 ϐγεις.
2328 3199 2627 3305 Ἔστίγάιρ
2645 3199 2929 3302 ’λεγόντων
2956 3199 3196 3288 ἀκούειν⁷
3210 3232 3321 3286 τῶν
3351 3199 3464 3303 (52)
3491 3232 3626 3303 πρὸς
3653 3233 3752 3285 τὸν

2151 3329 2308 3395 λόγον
2329 3325 2516 3380 τοῦτον
2544 3325 3031 3394 ἐνισταμένων,ὃτι
3063 3326 3156 3388 El;
3173 3324 3233 3376 τὸ
3261 3326 3367 3378 πᾶν
3386 3324 3500 3394 (55)
3523 3325 3668 3378 κατά
3685 3325 3751 3377 τὸ

2153 3420 2415 3488 συγγενὲς
2434 3419 2726 3489 γινομένης
2742 3418 2849 3471 τῶν
2872 3417 3150 3487 στοιχείων
3166 3417 3267 3486 τῆς
3281 3415 3592 3479 ἀναλύσεως
3607 3417 3743 3486 (54)⁶

2150 3512 2234 3575 τίς
2269 3511 2486 3583 μηχανὴ
2526 3511 2587 3564 τὸ
2615 3511 2674 3564 ἐν
2701 3509 2838 3580 τῷδε
2871 3509 3073 3579 θερμὸν
3105 3511 3162 3561 ἐν
3201 3508 3280 3577 τῷ
3325 3507 3554 3561 καθόλου
3586 3509 3748 3577 γενό-

2156 3619 2318 3674 μενον
2364 3599 2639 3672 συμμιγὲς
2685 3599 2822 3670 (55),
2857 3599 2951 3650 τοῦ
2983 3596 3282 3666 συγγενοῦς
3312 3595 3472 3649 πάλιν
3504 3597 3745 3668 ἀποκρι-

2153 3694 2314 3764 θῆναι
2359 3693 2494 3763 πρὸς
2539 3693 2600 3745 τὸ
2639 3691 2903 3761 συστῆναι
2958 3690 3050 3743 τὸν
3089 3689 3573 3759 ἀπαλλασσόμενον
3625 3689 3745 3762 (56)

2152 3785 2438 3856 ἄνθρωπον
2460 3800 2474 3849 ;
2507 3785 2570 3837 Et
2602 3783 2712 3856 γὰρ
2737 3783 2813 3854 μὴ
2838 3781 3083 3852 ἀκριϐῶς
3107 3783 3168 3836 τὸ
3191 3782 3320 3836 ίδιον
3351 3780 3657 3848 ἐπανέλθοι,
3677 3784 3744 3835 ἐκ

2150 3879 2209 3934 δέ
2254 3877 2348 3933 τοῦ
2379 3875 2676 3949 ὁμογενοῦς
2722 3874 2846 3930 ἀντὶ
2891 3874 2987 3927 τοῦ
3046 3873 3336 3938 ίδιάξοντός
3387 3889 3440 3925 τι
3491 3871 3747 3942 παραλη-

2155 3971 2312 4042 φθείη
2353 3971 2499 4039 (57)⁹
2532 3969 2719 4042 ἕτερον
2752 3968 2869 4024 ἀνθ’
2905 3967 3094 4038 ἐτέρου
3129 3966 3440 4036 γενήσεται,
3481 3966 3576 4019 καὶ
3615 3965 3745 4018 οὐκ-

2152 4065 2236 4119 έτι
2275 4063 2340 4116 ἂν
2374 4062 2460 4132 εἴη
2491 4060 2553 4114 τὸ
2591 4059 2832 4114 τοιοῦτον
2869 4058 3190 4123 ἀνάστασις,
3236 4055 3372 4110 ἀλλά
3411 4055 3596 4110 καινοῦ
3643 4057 3743 4110 ἀν-

2154 4153 2374 4224 θρώπου
2405 4153 2752 4226 δημιουργία.
2788 4154 2851 4206 Et
2873 4152 2931 4206 δὲ
2970 4151 3078 4224 χρὴ
3123 4151 3215 4205 τὸν
3243 4149 3407 4204 αὑτὸν
3437 4151 3516 4214 είς
3544 4148 3744 4203 ἐαυτὸν

490 4247 644 4315 Quod
671 4246 717 4302 si
737 4244 987 4301 eumdem
1013 4256 1209 4297 rursus
1237 4241 1307 4295 ad
1339 4239 1581 4309 scipsum
1610 4235 1808 4290 reverti
1831 4242 2066 4306 oportet,

2167 4248 2320 4303 πάλιν
2336 4247 2672 4312 ἐπανελθεῖν,
2688 4248 2754 4301 δι’
2772 4246 2894 4300 ὅλου
2921 4245 3032 4317 (58)
3064 4240 3204 4299 εῐναι
3235 4246 3502 4316 προσήκει
3525 4242 3618 4297 τὸν
3641 4245 3743 4297 αὑ-

428 4337 432 4344 ’
491 4339 708 4410 penitus
732 4351 795 4392 ac
841 4350 1068 4406 prorsus
1100 4332 1352 4389 eumdem
1406 4345 1592 4385 secum
1634 4341 1756 4383 esse
1787 4326 2065 4392 convenit,

2167 4340 2266 4404 τὸν,
2298 4339 2510 4402 ἑαυτοῖς
2544 4338 2657 4406 (59)
2692 4338 2826 4391 πᾶσι
2846 4338 2956 4398 τοῖς
2979 4338 3097 4410 τῶν,
3115 4335 3394 4406 στοιχείων
3415 4336 3608 4406 μέρεσι
3637 4334 3742 4405 τὴν

487 4407 747 4482 omnibus
777 4426 1169 4481 elementorum
1201 4423 1451 4494 partibus
1498 4419 1850 4490 recipientem
1879 4417 2065 4488 pristi-

2167 4437 2212 4502 ἐξ
2256 4434 2434 4504 ἀρχῆς
2481 4431 2894 4485 ἐπαναλαϐόντα
2940 4431 3054 4498 (40)
3089 4407 3291 4498 ⁵φύσιν.
3324 4430 3457 4484 -Γ.
3503 4428 3740 4493 Οὐκοῦν,

493 4532 619 4572 nam
652 4514 1064 4570 naturam—0.
1088 4516 1253 4586 Ergo,
1277 4513 1420 4566 sicut
1443 4510 1578 4575 dixi,
1603 4508 1770 4562 etiam
1803 4507 2066 4564 adversus

2167 4527 2227 4589 ὓς
2249 4526 2360 4594 (ιιι)
2391 4521 2564 4588 εἷπον,
2593 4525 2875 4597 αὐτάρκης
2904 4527 3038 4596 ἡμῖν
3063 4525 3199 4596 πρὸς
3239 4521 3353 4594 (42)
3395 4521 3598 4590 ταύτην
3639 4521 3740 4591 τὴν

493 4611 659 4673 hanc,
711 4607 958 4676 inquam,
1013 4602 1418 4673 oppositionem
1474 4606 1530 4653 et
1579 4599 2063 4654 contradictionem

2167 4617 2405 4668 ἔνστασιν
2428 4614 2692 4684 ἡτοιαύτη
2716 4615 2958 4686 περὶτῆς
2973 4615 3149 4685 ψυχῆς
3173 4613 3240 4667 ἂν
3260 4613 3344 4684 είη
3361 4612 3628 4683 ὑπόληψις
3649 4611 3740 4664 ’τὸ

490 4699 760 4770 ejusmodi
789 4697 856 4751 de
879 4695 1060 4749 anima
1086 4693 1245 4748 nobis
1297 4690 1485 4761 opinio
1513 4687 1790 4743 suﬂ'eccrit
1815 4707 1826 4740 :
1864 4705 2056 4759 nempe

2167 4701 2232 4770 δίς
2263 4705 2322 4772 ἐξ
2343 4705 2516 4777 ἀρχῆς
2544 4707 2744 4778 ἐνεφύη
2770 4706 3053 4776 στοιχείοις
3072 4705 3280 4768 τούτοις
3302 4706 3440 4776 (45),
3466 4705 3563 4758 καὶ
3594 4706 3735 4776 μετά

559 4856 669 4928 (17)
702 4859 918 4928 mlier.
949 4854 998 4928 _B
1030 4852 1259 4928 ἔφαμεν.

559 4915 668 4998 (18)
718 4915 830 4981 Τόῦ
849 4915 1246 4998 χγξῦμαὲρᾲβ
1274 4918 1382 4972 τῶν
1403 4915 1732 4988 χρωμάτων.

558 4991 668 5062 (19)
700 4991 949 5052 ΜετάΪΒ
970 4991 1115 5064 ’μετά
1135 4991 1252 5061 τήν.

558 5069 669 5138 (20)
700 5068 862 5138 Τρτε.
893 5061 1060 5138 Τύτε-

557 5124 671 5207 (21)
698 5135 838 5207 079v
872 5134 1080 5207 μέν-..Α
1101 5131 1141 5207 Β
1159 5124 1278 5207 οἷον
1307 5131 1404 5200 μὲν
1437 5126 1522 5201 ἦν.

560 5198 672 5276 (22)
711 5198 888 5260 Οἶον.⁷
911 5208 954 5276 Α
982 5198 1094 5276 οἷον
1117 5201 1196 5254 δέ.

557 5271 671 5348 (23)
706 5275 1028 5344 Γινομένῳ.
1064 5271 1423 5348 Βγινᾴμενον.

713 5337 1189 5423 ξριιιςῖιοτρβῖιῐιιές.Ῥ
1204 5337 1313 5423 ΑςΒ
1349 5337 1687 5423 ὁμοτρόπως.

561 5404 674 5484 (25)
713 5404 793 5485 '1)-
815 5404 1058 5482 ἐνεεὲύη.
1156 5404 1200 5478 ᾧ
1230 5404 1461 5485 ἁνεφύῃ.

560 5479 674 5556 (26)
719 5479 1501 5556 Ἑπιμιξίᾳξ.,Β-ἐπιμοιρίας.

582 5549 672 5624 27)
697 5557 802 5619 Εὶς
826 5549 1038 5624 ταύτόᾷ
1060 5553 1102 5603 Α
1134 5553 1171 5603 Β
1199 5549 1283 5624 εἰς
1307 5549 1526 5604 ταύτόν.

582 5557 672 5624 27)
697 5557 802 5619 Εὶς
826 5557 1025 5605 ταύτό.
1060 5557 1102 5603 A
1134 5557 1171 5603 Β
1206 5557 1243 5604 εἰ

558 5557 675 5694 (‘28)
709 5624 816 5678 Kal
843 5621 978 5694 ἐγώ.
1007 5620 1048 5672 Β
1070 5621 1243 5694 κάγώ.

583 5697 674 5766 29)
714 5694 785 5747 Τὸ
823 5692 1035 5757 παρόν.
1071 5691 1110 5740 Α
1133 5690 1181 5766 ,Β
1213 5690 1463 5766 7.319007».

583 5752 673 5826 50)
709 5752 1262 5830 Συμμέιιηχηκέναι.
1295 5752 1336 5812 Β
1369 5752 1794 5826 συμμεμιχέναι.

562 5829 672 5908 (51)
702 5829 845 5889 Καί.
872 5829 911 5884 Β
940 5829 1045 5884 ναί.

2237 4845 2350 4916 (52)
2393 4844 2654 4916 Ἀκούειν
2682 4845 2805 4897 τόν.
2848 4843 2892 4896 A
2920 4841 2962 4895 Β
2994 4840 3215 4895 ἀκούειν
3236 4837 3364 4892 τῶν.

2238 4914 2349 4984 (55)
2379 4915 2526 4969 Πᾶν.
2565 4914 2604 4966 Β
2629 4916 2829 4967 πᾶσαν.

2419 4985 2802 5058 Ἁζαλύσεως.
2859 4983 2916 5058 Α-
2959 4985 3048 5058 ἰιιΔ
3088 4989 3236 5058 tc_x_tu
3288 4977 3642 5048 ἀναχύσεωςο
3694 4974 3750 5029 in

2168 5051 2413 5124 margine
2444 5054 2544 5124 τῆς
2566 5055 2675 5107 τῶν
2711 5055 2995 5124 στοιχείων
3025 5051 3358 5124 ἀναλύσεως.
3399 5065 3403 5068 ·

2239 5123 2354 5196 (55)
2393 5123 2710 5193 Συμμιγές.
2740 5126 2784 5177 Α
2898 5123 3115 5196 ἀμιγές.

2239 5186 2350 5266 (56)
2396 5186 3080 5266 Ἀἑὰλλασνσομέζώνξᾈ
3115 5186 3686 5266 ΒΑάναπλασσόμενον.

2381 5261 3288 5352 ῌᾳρνίξ-ιηφθείτέκιξμραλειφθείη.

2235 5334 2349 5410 (58)
2380 5337 2460 5410 Διῖ
2484 5335 2652 5410 5.109-
2710 5334 2750 5386 Β
2782 5335 2849 5410 ἕο
2875 5334 3033 5410 5.19?-

2233 5396 2350 5479 (39)
2386 5406 2584 5479 Αὐτὸν
2605 5403 2861 5479 ἑαυτοῖς.
2891 5405 2935 5456 Α
3041 5401 3201 5456 αὐτὸν
3225 5396 3435 5479 ἐαυτῷ.

2239 5465 2353 5549 (40)
2392 5465 2910 5531 Ἐπαναλαϐόνὶω
2965 5472 3024 5527 In
3065 5473 3312 5541 margine
3360 5465 3750 5539 ἐπαναλαμϐά-

2167 5566 2382 5602 νοντας.

2247 5567 2382 5612 ρτας.

2247 5620 2359 5688 (tl)
2400 5619 2497 5682 Ὠς
2523 5617 2665 5672 delet
2691 5615 2754 5669 Β.

2247 5681 2359 5755 (42)
2404 5681 2576 5756 Ἡμῖν
2608 5688 2777 5753 πρός.
2825 5686 2867 5737 A
2899 5683 3213 5756 ﬂgitium).
3244 5681 3403 5756 πρός,

2249 5747 2364 5828 (45)
2392 5747 2715 5824 Στοιχείόις
2735 5747 2998 5821 -τούτοῖςκ
3035 5747 3418 5822 ΒΣτοιχέίοις,
3441 5747 3677 5812 τούτοις.
