3992 6438
271 373 332 423 77
1350 369 1439 426 DE
1470 369 1684 425 ANIMA
1710 370 1799 424 ET
1836 370 2450 429 RESUliRECTIONE.
3486 378 3553 432 78

270 490 364 563 τὴν
406 488 658 544 διάλυσιν
707 488 1071 561 παραμένειν,
1115 484 1227 543 οἷον
1276 491 1324 543 εἰ
1369 490 1589 560 φύλακα
1633 489 1742 544 τῶν
1788 491 1864 544 οἰ-

1976 492 2117 562 quod
2148 492 2205 548 in
2241 492 2447 563 quibus
2484 490 2775 547 elementis
2814 491 2884 548 ab
2909 490 3067 548 initio
3084 491 3383 560 inhaeserit,
3409 496 3555 566 apud

275 582 432 636 κείων
464 581 577 654 (44)
628 580 1064 652 καθισταμένην,
1100 583 1194 635 καὶ
1246 583 1303 637 ἐν
1343 585 1410 653 τῇ
1449 583 1749 655 ἀνακράσει
1797 585 1865 655 τῇ

278 674 409 746 πρὸς
433 674 495 726 τὸ
520 672 804 744 ὁμόφυλον
848 674 906 727 οὐ
936 674 1245 743 διαφιεϊσαν
1275 674 1387 745 (45)
1433 675 1495 728 τὸ
1541 674 1670 729 ἴδιον
1700 676 1757 729 ὲν
1789 674 1868 745 τῷ

274 762 453 834 λεπτῷ
480 781 539 816 τε
564 763 661 816 καὶ
693 763 964 834 εὐκινήτῳ
1001 762 1099 833 τῆς
1137 764 1327 832 νοερᾶς
1357 762 1662 835 δυνάμεως,
1711 763 1864 817 οὐδε-

280 855 407 926 μίαν
437 855 494 908 ὲν
522 857 590 925 τῇ
639 852 977 925 λεπτομερίᾳ
1022 852 1131 907 τῶν
1176 853 1456 925 στοιχείων
1488 855 1867 926 ὑπομένουσαν

273 947 483 1017 πλάνην
502 965 516 978 ·
545 946 682 1000 ἀλλὰ
714 944 1123 1000 συνδιαλύεσθαι
1160 946 1270 1018 (46)
1301 950 1411 1011 τοῖς
1442 947 1594 1011 ἰδίοις
1626 964 1866 1018 καταμι-

273 1039 564 1110 γνυμένοις
611 1038 724 1107 (47)
772 1037 909 1108 πρὸς
938 1038 1000 1091 τὸ
1033 1038 1305 1109 ὁμόφυλον
1328 1080 1344 1105 ,
1398 1040 1492 1093 καὶ
1537 1040 1614 1111 μὴ
1655 1041 1866 1094 ἀτονεῖν

275 1129 681 1197 συνδωξωῦσαν
728 1131 932 1195 αὐτοῖς,
978 1131 1104 1185 ὅταν
1145 1131 1283 1202 πρὸς
1326 1132 1389 1185 τὸ
1438 1133 1547 1186 πᾶν
1591 1132 1866 1205 ἀναχέων-

271 1242 362 1278 ται
399 1224 539 1294 (48),
574 1222 690 1278 ἀλλ’
722 1224 781 1275 ὲν
815 1220 963 1292 αὺτῷ
998 1222 1110 1293 (49)
1142 1223 1230 1278 ἀεὶ
1270 1223 1451 1294 μένειν
1486 1225 1717 1297 ὅποιπερ
1751 1225 1863 1297 (50)

273 1315 435 1379 αὐτὰ,
462 1316 558 1369 καί
587 1315 734 1380 ὅπως
769 1314 1163 1388 παρασκευάσῃ
1192 1316 1225 1385 ὴ
1255 1313 1438 1384 φύσις.

343 1632 409 1686 Εἰ
432 1631 491 1685 δὲ
523 1630 732 1699 γένοιτο
760 1628 921 1685 πάλιν
942 1628 1095 1702 παρὰ
1123 1619 1224 1699 τῆς
1252 1629 1312 1683 τὺ
1334 1629 1442 1683 πᾶν
1470 1627 1861 1699 οἰκονομούσης

272 1724 558 1794 δυνάμεως
579 1725 697 1786 τοῖς
722 1721 1020 1777 διαλυθεῖσι
1054 1721 1193 1792 πρὸς
1232 1721 1331 1793 τὴν
1357 1720 1661 1793 συνδρομὴν
1688 1721 1750 1773 τὺ
1778 1721 1865 1774 ὲνέ-

1968 598 2031 640 ea
2073 593 2199 655 post
2245 583 2670 641 dissolutionem
2718 599 2939 655 quoque
2983 594 3338 655 permaneat,
3395 590 3554 658 quasi

1969 686 2158 732 custos
2187 676 2412 741 aedium,
2452 691 2576 747 quae
2606 676 2661 730 in
2700 676 3036 733 resolutione
3070 678 3465 735 elementorum
3497 680 3553 736 in

1971 782 2132 821 suum
2159 767 2431 838 cujusque
2473 782 2670 839 genus,
2710 782 2806 839 per
2847 768 3206 826 subtilitatem
3254 779 3309 827 et
3342 772 3558 843 agilita-

1967 866 2079 914 tem
2132 859 2493 932 intelligentia
2534 859 2778 930 praedita:
2820 858 3098 918 facultatis
3126 867 3406 933 proprium
3446 878 3556 920 non

1968 948 2226 1017 dimittat,
2260 966 2362 1007 nec
2405 951 2615 1007 erroris
2641 951 2945 1023 quidquam
2995 952 3052 1007 in
3099 954 3347 1010 exilitate
3390 963 3557 1025 atque

1967 1043 2237 1099 tenuitate
2285 1043 2685 1099 elementorum
2740 1044 3054 1111 sustineat,
3104 1047 3199 1100 sed
3265 1061 3375 1099 una
3428 1060 3555 1101 cum

1967 1135 2228 1207 propriis,
2253 1135 2384 1190 dum
2412 1150 2537 1191 cum
2554 1150 2657 1191 suo
2687 1152 2908 1208 quoque
2920 1152 3122 1208 genere
3146 1139 3555 1206 commiscetur,

1966 1233 2217 1296 penetret
2247 1239 2311 1281 ac
2337 1234 2601 1296 permeet,
2623 1242 2728 1283 nec
2759 1227 2976 1284 deficiat
3022 1244 3130 1284 una
3154 1244 3281 1284 cum
3307 1230 3389 1285 eis
3433 1244 3559 1301 per-

1966 1334 2179 1385 means,
2213 1319 2343 1374 dum
2385 1318 2441 1374 in
2481 1334 2669 1375 rerum
2706 1327 2961 1376 naturam
3012 1321 3325 1377 universam
3369 1322 3560 1379 refun-

1966 1410 2194 1477 duntur,
2232 1410 2327 1467 sed
2359 1426 2589 1482 semper
2614 1411 2671 1466 in
2699 1413 2781 1470 eis
2811 1421 3052 1475 maneat,
3082 1429 3413 1486 quocunque
3448 1414 3556 1471 loci

1967 1516 2030 1558 ac
2054 1502 2551 1574 quomodocunque
2572 1518 2638 1560 ea
2667 1512 2867 1559 natura
2898 1505 3189 1576 redegerit.

2036 1630 2194 1696 Quod
2246 1632 2292 1688 si
2342 1647 2540 1689 rursus
2582 1633 2651 1689 ab
2710 1649 2774 1690 ea
2823 1637 3067 1706 potentia
3112 1649 3277 1709 atque
3324 1640 3552 1709 virtute,

1964 1738 2087 1794 quae
2116 1739 2300 1779 rerum
2331 1726 2748 1782 universitatem
2775 1728 3079 1799 ,‘gubernat,
3125 1731 3413 1790 dissolutis
3446 1735 3558 1791 ele-

273 1819 494 1889 δόσιμον
517 1834 531 1849 ’
559 1818 681 1871 τότε
710 1815 962 1887 καθάπερ
995 1815 1043 1867 εἰ
1074 1816 1202 1886 μιᾶς
1228 1814 1404 1885 ἀρχῆς
1435 1813 1549 1883 (51)
1583 1811 1863 1880 ὲξαφθεῖεν

1976 1815 2171 1872 mentis
2201 1816 2269 1872 ad
2301 1832 2658 1883 concursum,
2693 1819 2909 1890 signum
2964 1829 3129 1893 atque
3162 1827 3392 1881 occasio
3431 1827 3560 1882 data

276 1912 479 1981 σχοῖνοι
503 1908 772 1978 διάφοροι,
797 1905 932 1978 ὁμοῦ
967 1903 1080 1977 (52)
1129 1905 1222 1959 καὶ
1254 1906 1378 1959 κατ’
1409 1904 1571 1958 αὐτὸν
1601 1905 1657 1957 al
1691 1904 1863 1957 πᾶσαι

274 1999 349 2071 τῷ
369 1997 723 2069 ἐφελκομένῳ
745 1997 1067 2053 συνέπονται
1091 2013 1105 2027 ·
1137 1994 1309 2059 οὕτως
1331 1996 1388 2047 ὲν
1416 1996 1513 2065 μιᾷ
1536 1995 1602 2065 τῇ
1626 1996 1725 2065 τῆς
1748 1994 1863 2063 (55)

272 2091 450 2161 ψυχῆς
479 2088 729 2159 δυνάμει,
771 2089 872 2158 τῆς
916 2085 1024 2140 τῶν
1073 2084 1353 2155 στοιχείων
1399 2083 1665 2152 διαφορᾶς
1713 2081 1867 2135 ἑλκο-

278 2181 468 2252 μένης,
499 2178 712 2250 ἀθρόως
756 2178 814 2231 ὲν
845 2180 912 2249 τῇ
959 2172 1229 2246 συνδρομῇ
1277 2173 1386 2230 τῶν
1422 2174 1657 2239 οἰκείων,
1694 2175 1728 2244 ἡ
1769 2174 1865 2228 τοῦ

276 2271 530 2341 σώματος
562 2269 717 2343 ήμῶν
744 2269 900 2341 σειρὰ
938 2267 1027 2322 διὰ
1052 2269 1151 2339 τῆς
1180 2266 1358 2339 ψυχῆς
1392 2266 1864 2339 συμπλακήσεται,

277 2362 629 2433 καταλλήλως
685 2362 916 2416 ἑκάστου
975 2359 1136 2414 πάλιν
1188 2359 1325 2431 πρὸς
1371 2358 1434 2412 τὸ
1488 2359 1713 2429 ἀρχαῖον
1770 2358 1867 2412 καὶ

279 2454 511 2526 σύνηθες
540 2454 745 2508 πλακου
756 2456 914 2524 μένου
945 2452 1082 2524 (54),
1135 2452 1229 2506 καὶ
1277 2449 1781 2522 περιπτυσσομένου
1805 2449 1867 2503 τὸ

278 2550 554 2620 γνώριμον
571 2544 856 2618 (55).-Μ.
874 2538 1032 2597 Ἀλλᾶ
1047 2539 1143 2593 κα).
1155 2540 1311 2596 τοῦτο
1329 2542 1440 2614 (56)
1458 2544 1518 2597 τὸ
1538 2543 1864 2615 ὑπόδειγμα,

279 2636 446 2706 φησὶν
473 2637 507 2705 ἡ
541 2633 858 2696 διδάσκαλος
895 2632 1029 2700 (57),
1067 2631 1293 2694 εἰκότως
1323 2631 1388 2685 ἂν
1409 2632 1733 2704 προστεθείη
1754 2636 1868 2698 τοῖς

278 2727 667 2799 ὲξητασμένοις
701 2724 812 2797 (58)
845 2725 926 2788 εἰς
957 2723 1230 2791 ἀπόδειξιν
1267 2721 1362 2777 τοῦ
1391 2723 1465 2795 μὴ
1492 2724 1692 2796 πολλὴν
1726 2720 1867 2779 εἶναι

277 2824 344 2892 τῇ
372 2820 520 2890 ψυχῇ
554 2819 651 2890 τὴν
673 2817 1022 2872 διδασκαλίαν
1051 2816 1162 2884 (59)
1194 2817 1255 2870 ὲν
1291 2817 1404 2880 τοῖς
1435 2816 1719 2886 στοιχείοις
1753 2815 1870 2870 δια-

278 2915 489 2985 κρίνειν
522 2912 634 2983 (60)
665 2910 759 2965 τοῦ
792 2910 1074 2981 ἀλλοτρίου
1105 2909 1166 2963 τὸ
1195 2909 1351 2963 ἴδιον.
1411 2907 1732 2980 Προκείσθω
1761 2906 1871 2978 γὰρ

277 3008 356 3076 τῷ
389 3005 753 3077 κεραμεύοντι
788 3005 900 3074 (61)
930 3002 1098 3073 πηλὸς
1143 3000 1267 3055 καθ’
1294 2999 1573 3066 ὑπόθεσιν,
1605 2999 1785 3063 πολὺς
1812 2999 1869 3054 δὲ

278 3092 436 3162 οὗτος
479 3093 617 3150 εἶναι
662 3095 910 3159 δεδόσθω,
964 3088 1025 3148 οὗ
1076 3092 1137 3146 τὸ
1182 3090 1280 3162 μέν
1320 3108 1403 3144 τοι
1434 3091 1572 3162 πρὸς
1614 3091 1714 3159 τὴν
1763 3088 1871 3143 τῶν

1971 1905 2161 1973 fuerit,
2196 1916 2327 1963 tunc
2360 1909 2824 1979 quemadmodum
2859 1911 2938 1979 fit,
2969 1913 3016 1968 si
3048 1915 3116 1969 ab
3147 1931 3259 1971 uno
3289 1917 3559 1989 principio

1969 1999 2171 2055 diversi
2224 1998 2385 2055 funes
2447 2002 2698 2072 suspensi
2757 2003 2889 2069 sint,
2936 2013 2995 2059 ut
3048 2004 3213 2060 simul
3258 2008 3560 2081 eodemque

1966 2097 2217 2160 tempore
2274 2092 2467 2145 cuncti
2524 2092 2891 2149 attrahentem
2951 2104 3314 2166 sequantur:
3361 2103 3552 2158 eodem

1968 2181 2152 2246 modo,
2181 2180 2310 2235 dum
2341 2196 2439 2252 per
2462 2196 2626 2237 unam
2661 2182 2922 2240 virtutem
2954 2194 3007 2241 et
3029 2189 3329 2256 potentiam
3360 2194 3558 2250 animae

1967 2268 2186 2327 diversa
2239 2272 2537 2327 trahuntur
2589 2274 2905 2340 elementa,
2960 2287 3185 2347 repente
3226 2295 3560 2355 unoquoque

1967 2371 2246 2419 momento
2286 2364 2476 2419 statim
2532 2379 2631 2435 per
2668 2366 2962 2424 coitionem
3015 2376 3181 2441 atque
3224 2387 3556 2433 concursum

1969 2456 2342 2525 propriorum,
2390 2457 2643 2527 corporis
2697 2458 2873 2513 nostri
2923 2467 3119 2516 catena
3166 2478 3265 2533 per
3315 2465 3558 2523 animam

1968 2556 2315 2614 conseretur,
2359 2557 2524 2619 atque
2563 2548 3012 2616 concinnabitur,
3040 2561 3097 2608 et
3125 2558 3559 2628 unumquodque

1970 2652 2029 2693 se
2075 2639 2365 2695 commode
2418 2656 2616 2698 rursus
2667 2642 2734 2697 ad
2784 2637 3083 2713 pristinum
3127 2654 3182 2702 et
3229 2658 3556 2706 consuetum

1969 2723 2288 2799 applicabit,
2347 2739 2401 2786 et
2456 2738 2723 2804 tanquam
2774 2735 2883 2791 sibi
2932 2744 3126 2792 uotum
3169 2743 3555 2813 amplectetur.

1958 2816 2121 2873 ‘A—M.
2136 2818 2280 2885 Quin
2295 2821 2463 2876 etiam
2483 2821 2600 2877 hac
2614 2838 2835 2893 quoque
2856 2822 3183 2891 similitudo,
3196 2827 3457 2898 magistra
3474 2828 3561 2882 in-

1972 2905 2112 2976 quit,
2165 2906 2313 2961 haud
2357 2908 2635 2963 immerito
2677 2908 2902 2982 adjungi
2933 2910 3109 2981 possit
3160 2910 3229 2966 iis
3260 2926 3382 2982 quae
3410 2929 3560 2983 qua:-

1977 2997 2104 3064 sita,
2160 3005 2390 3053 tractata
2435 3007 2601 3069 atque
2655 3001 2972 3055 examinata
3020 3008 3151 3056 sunt
3207 3002 3274 3055 ad
3326 3002 3558 3059 demon-

1975 3088 2284 3156 strandum,
2317 3090 2465 3160 quod
2502 3089 2647 3146 haud
2687 3107 2886 3163 magno
2912 3094 3132 3164 negotio
3164 3095 3347 3150 anima
3383 3098 3562 3167 possit

282 3187 494 3244 σκευῶν
525 3187 865 3258 ἀπεργασίαν
896 3184 1004 3255 (62)
1051 3184 1151 3255 ιἤδη
1180 3181 1512 3247 τετύπωται,
1561 3181 1623 3235 τὸ
1655 3181 1712 3235 δὲ
1744 3180 1867 3252 μέλ-

1976 3179 2119 3234 inter
2141 3180 2408 3236 elementa
2444 3196 2602 3235 suum
2636 3180 2703 3237 ab
2745 3182 2926 3237 alieno
2960 3184 3297 3241 discernere.
3332 3184 3549 3258 Propo-

278 3282 371 3337 λον
404 3281 539 3353 (65).
578 3280 661 3334 Τὰ
695 3279 750 3333 δὲ
781 3277 948 3348 σκεύη
977 3266 1155 3331 πάντα
1187 3276 1260 3347 μὴ
1287 3273 1546 3346 ὁμοειδῶς
1569 3273 1679 3345 (64)
1706 3273 1869 3345 ἀλλή-

278 3374 391 3437 λοις
416 3369 870 3443 διεσχηματίσθω,
903 3367 1038 3423 ἀλλὰ
1077 3367 1138 3421 τὸ
1185 3367 1283 3438 μὲν
1314 3366 1489 3432 πίθος,
1521 3366 1581 3419 τὸ
1605 3365 1663 3419 δὲ
1692 3367 1870 3436 ἀμφο-

283 3468 434 3539 ρεὺς,
467 3465 654 3534 ἕτερον
682 3462 738 3516 δὲ
766 3460 1037 3525 πινάκιον,
1071 3459 1106 3530 ἢ
1141 3457 1401 3530 τριδλίον,
1442 3456 1476 3528 ἢ
1510 3455 1636 3512 ἄλλο
1664 3475 1716 3510 τι
1759 3456 1870 3510 τῶν

282 3558 427 3610 κατὰ
468 3556 566 3627 τὴν
605 3554 801 3625 χρῆσιν
846 3551 1169 3621 ἐπιτηδείων
1215 3548 1377 3614 ἔστω,
1410 3545 1583 3600 ταῦτα
1608 3546 1664 3600 δὲ
1694 3546 1871 3601 πάντα

285 3646 361 3719 μὴ
396 3642 475 3710 εἷς
506 3644 811 3716 κεκτήσθω,
858 3642 973 3696 ἀλλ’
989 3641 1118 3696 ίδιον
1160 3638 1392 3694 ἑκάστου
1435 3636 1546 3709 (65)
1578 3636 1865 3705 δεσπότου,

283 3737 595 3793 ὑποκείσθω
639 3736 718 3807 τῷ
762 3736 926 3806 λόγῳ.

1979 3279 2146 3326 natur
2190 3271 2338 3327 enim
2399 3273 2636 3343 exempli
2686 3273 2864 3345 gratia
2919 3274 3085 3345 ﬁgqu
3128 3276 3344 3343 lutum,
3396 3279 3561 3350 idque

1978 3364 2209 3419 multum
2263 3379 2387 3420 esse
2446 3365 2626 3428 detur,
2675 3365 2834 3434 cujus
2892 3366 2998 3420 alia
3043 3368 3293 3437 quaedam
3326 3384 3452 3440 pars
3492 3371 3561 3427 ad

1976 3469 2234 3509 vasorum
2273 3453 2676 3512 confectionem
2710 3456 2824 3526 jam
2855 3455 3115 3520 formata.
3148 3459 3255 3513 alia
3289 3474 3419 3516 vero
3446 3460 3560 3517 for-

1976 3546 2178 3600 manda
2231 3545 2323 3614 sit,
2358 3561 2490 3601 vasa
2538 3552 2720 3601 autem
2771 3546 2958 3601 omnia
3000 3563 3113 3602 non
3155 3548 3349 3604 eadem
3383 3550 3561 3606 forma

1979 3637 2111 3703 sint,
2162 3637 2259 3693 sed
2298 3638 2448 3694 aliud
2492 3638 2715 3709 quidem
2788 3638 3017 3703 dolium,
3063 3641 3215 3696 aliud
3268 3658 3399 3699 vero
3443 3658 3561 3699 am-

1929 3727 1938 3736 ’
1981 3732 2178 3802 phora,
2214 3732 2365 3787 aliud
2394 3741 2579 3789 autem
2617 3733 2871 3798 scutella,
2898 3734 2984 3791 vel
3011 3736 3230 3806 patella,
3271 3746 3364 3793 aut
3393 3738 3559 3810 quid-

280 3835 367 3889 vis
393 3831 541 3888 aliud
569 3833 639 3887 sit
670 3848 734 3887 ex
771 3831 839 3887 iis
870 3843 992 3901 quae
1016 3829 1083 3885 ad
1111 3843 1270 3885 usum
1302 3834 1427 3899 apta
1460 3842 1523 3883 ac
1547 3827 1861 3885 necessaria
1897 3836 2049 3895 sunt,
2105 3838 2270 3900 atque
2317 3830 2431 3886 haec
2476 3831 2660 3887 omnia
2712 3846 2821 3887 non
2854 3846 2998 3904 unus
3069 3833 3395 3904 possideat,
3462 3836 3561 3892 sed
3670 3884 3675 3889 .

283 3946 426 3987 suus
458 3928 726 3998 cujusque
761 3926 1018 3982 dominus
1053 3926 1285 3981 orationi
1316 3932 1675 3996 proponatur.

356 4061 568 4118 Οὐκοῦν
599 4063 704 4126 ἕως
739 4062 805 4117 ἂν
836 4063 1192 4133 συνεστήκει,
1240 4061 1415 4115 ταῦτα
1445 4060 1658 4132 φανερά
1679 4076 1737 4114 τε
1754 4059 1864 4129 (66)

280 4155 397 4217 τοῖς
432 4152 613 4224 έχουσι
666 4151 914 4227 γίνεται·
953 4150 1054 4204 κᾶν
1106 4149 1418 4222 συντριϐείη
1471 4148 1658 4217 πάλιν,
1713 4148 1867 4202 οὐδὲν

282 4241 446 4318 ἦττον
505 4242 757 4315 γνώριμα
801 4241 915 4313 (67)
984 4242 1093 4295 ἀπὸ
1143 4241 1250 4294 τῶν
1289 4239 1401 4310 (68)
1447 4238 1868 4309 συντριμμάτων

282 4340 397 4401 τοῖς
448 4335 806 4405 κεκτημένοις
865 4333 1038 4397 ἔσται,
1061 4331 1124 4385 τὸ
1189 4332 1286 4402 μὲν
1343 4329 1455 4401 (69)
1527 4330 1588 4383 τὸ
1655 4332 1720 4383 ὲκ
1776 4328 1872 4383 τοῦ

286 4429 467 4494 πίθου,
516 4430 666 4482 ποῖον
699 4426 756 4481 δὲ
795 4425 908 4499 (70)
963 4426 1023 4480 τὸ
1081 4427 1146 4479 ὲκ
1202 4423 1297 4477 τοῦ
1356 4422 1615 4493 ποτηρίου
1670 4421 1874 4494 τρύφος

285 4520 452 4576 ἐστίν.
508 4520 573 4575 Εἰ
600 4519 657 4573 δὲ
710 4518 805 4572 καὶ
862 4517 997 4590 πρὸς
1044 4517 1142 4572 τὸν·
1184 4516 1593 4588 ἀκατέργαστον
1636 4534 1873 4586 καταμι-

2044 4055 2297 4123 Quandiu
2346 4057 2512 4128 igitur
2564 4057 2680 4113 haec
2723 4057 3074 4113 conStiterint
3107 4065 3162 4114 et
3193 4057 3409 4131 integra
3440 4059 3560 4115 fue-

1972 4149 2107 4216 rint,
2139 4149 2286 4204 ltaud
2316 4148 2611 4204 difﬁculter
2640 4163 2670 4201 a
2715 4149 2833 4206 suis
2866 4148 3107 4205 dominis
3153 4158 3558 4220 agnoscuntur.

1973 4239 2154 4311 Atque
2199 4240 2423 4296 etiamsi
2475 4241 2669 4296 collisa
2722 4239 3120 4308 eonfractaque
3157 4239 3385 4305 fuerint,
3430 4257 3561 4297 rura

1973 4346 2096 4388 sum
2129 4332 2491 4387 nihilominus
2518 4346 2584 4385 ex
2612 4328 2931 4401 fragmentis
2962 4339 3107 4386 nota:
3132 4333 3398 4405 signaque
3425 4349 3555 4404 pos-

1971 4423 2288 4479 sessoribus
2322 4421 2641 4487 exstabunt,
2668 4420 2874 4491 quibus
2891 4420 3143 4489 judicare
3168 4422 3379 4494 possint
3406 4426 3553 4495 quod

1971 4515 2207 4571 frustum
2256 4530 2322 4570 ex
2374 4514 2545 4579 dolio,
2602 4514 2747 4585 quod
2803 4529 2867 4569 ex
2923 4516 3121 4586 poculo
3171 4516 3263 4571 sit.
3316 4514 3476 4583 Quod
3505 4519 3554 4575 si

285 4613 444 4685 χθείη
470 4611 659 4683 πηλὸν,
694 4610 827 4665 πολὺ
857 4609 1055 4682 μᾶλλον
1090 4608 1336 4681 ἀπλανὴς
1365 4610 1398 4679 ἡ
1442 4609 1732 4678 διάγνωσις
1762 4607 1867 4663 τῶν

1976 4608 2140 4664 etiam
2192 4622 2317 4662 eum
2372 4608 2497 4663 rudi
2549 4622 2733 4663 massa
2797 4607 2896 4662 luti
2957 4608 3244 4665 commista
3308 4608 3551 4672 fuerint,

288 4706 405 4778 ήδτγ
420 4702 903 4775 κατειργασμένων
931 4702 1024 4756 ἀπ’
1054 4702 1264 4758 ἐκείνου
1298 4701 1525 4771 γίνεται.
1556 4700 1740 4764 Οὕτως
1759 4693 1869 4755 οἷόν

359 4862 473 4931 (44)
508 4861 774 4931 Οικείων.
803 4859 850 4914 Α
878 4856 1084 4931 οἰκιῶν.

361 4928 475 5003 (45)
512 4930 877 5003 Διαφιεῒσαν.
910 4928 1305 5003 ΒδγμιρυεῖσμνΣ

362 4994 475 5077 (46)
509 4994 1007 5077 Συὶδιαλύεσᾷαι.
1031 4994 1083 5050 AV
1099 4994 1524 5077 συνδιοιδιξεσθαι.

364 5066 476 5139 (47)
510 5067 1072 5141 Καταμιτνυμένοις.
1105 5066 1147 5119 Β
1171 5066 1358 5141 καὶ-οὐ
1390 5080 1620 5141 μιγνυμ.

387 5134 477 5214 48)
512 5134 918 5214 Ἁναλξέὡζτὰι.
934 5139 1081 5214 Α-ἰιι
1117 5137 1363 5214 margine
1387 5134 1707 5206 ἀνακέηται.

393 5207 482 5283 49)
521 5214 623 5267 Ἐν
646 5207 830 5275 ἁύτῷ.
862 5211 905 5283 ᾼ
932 5208 976 5283 Β
1094 5207 1299 5283 αὐτοῖς.

512 5274 823 5358 ’ξοειτοέπερἔ
848 5278 909 5358 ᾼ-
996 5279 1229 5358 ὅποιπερ
1262 5274 1348 5329 ἄν.

368 5348 480 5433 (51')
522 5348 910 5433 1492:1358}:
931 5348 1127 5429 ςιρχῆς.

367 5419 482 5491 (52)
523 5419 722 5492 Ὁμοῦ.
754 5419 806 5492 A_
827 5419 962 5488 ὁμοῦ
988 5436 1073 5492 τε.

369 5487 480 5565 (55)
513 5487 598 5561 τῇ
622 5491 749 5559 τῆς.
780 5487 926 5565 Deiot
961 5489 1113 5565 A571.

371 5557 484 5635 (54)
520 5557 968 5635 Πζὶᾳκουμένρυ.
1068 5557 1411 5629 ίπλεκομένου
1436 5572 1516 5609 τε.

372 5566 462 5635 (54
520 5566 968 5629 Πλακουμένου.
1008 5566 1046 5612 Β
1080 5566 1245 5613 πλεκο

372 5566 486 5706 (55)
513 5631 841 5706 Γνὼριμον,
874 5630 913 5682 Β
950 5628 1252 5706 γνώρισμα.

373 5697 488 5774 (56)
528 5697 717 5774 nam:
745 5702 843 5774 καὶ
872 5700 1055 5774 τοῦτο.
1096 5697 1239 5774 delet
1267 5697 1324 5751 Β.

375 5768 488 5841 (57,
529 5776 599 5828 Ἠ
628 5769 994 5841 διδάσκαλος
1026 5769 1171 5841 delet
1204 5768 1266 5823 A.

378 5836 494 5917 (58)
530 5840 1017 5911 Ἐξητασμένοις.
1057 5839 1181 5894 Ain
1215 5849 1366 5896 textu
1398 5836 1792 5909 ἐξισταμένοις,
1822 5839 1876 5893 in

1978 4699 2153 4754 multo
2194 4698 2367 4769 magis
2404 4707 2554 4754 certa
2602 4699 2926 4768 dijudicatiu
2961 4717 3151 4757 eorum
3184 4715 3307 4773 quae
3334 4700 3449 4773 jam
3483 4702 3551 4757 ad

1974 4850 2695 5004 ωῗξξξῗᾷιὲἰᾟξῗίἅῗέἱὶςλ
2718 4923 2764 5004 Β
2774 4925 3092 5004 μδυσκολίαν.

2065 4994 2157 5062 60)
2187 4996 2544 5061 Διακρίνειν.
2582 4993 2625 5047 Α
2651 4994 2745 5047 τοῦ
2769 4994 3084 5065 διακρίνειν.

2068 5065 2161 5135 61)
2188 5065 2603 5135 Κεραμεύοντι.
2636 5065 2676 5135 lj
2707 5068 2958 5135 κεραμεῖ.

2067 5133 2157 5206 62)
2203 5132 2677 5206 Mgzspraa‘éar.§
2711 5132 2993 5206 ἐργασίαν.

2043 5140 2157 5269 (62)
2203 5140 2609 5202 Ἀπεργιασίαν.
2635 5140 2677 5184 Β
2711 5140 2769 5206 ὲρ

2068 5204 2157 5274 65)
2190 5201 2531 5275 ΜέλλονζΒ
2565 5202 2769 5275 μέλλει.

2045 5271 2160 5344 (64)
2202 5271 2535 5345 Ὀμοειδῶς.
2565 5271 2620 5327 Ἀ
2655 5276 2722 5345 in,
2747 5275 2991 5345 margine
3027 5273 3356 5345 ὁμοιοειδῶς.

2048 5343 2162 5415 (65)
2198 5344 2378 5415 Ἵδιρν
2409 5343 2673 5397 ἑκάστου
2699 5343 3020 5415 δεσπότου.
3082 5343 3126 5397 Δ
3158 5345 3287 5410 ἴδιος
3318 5345 3551 5406 ἐκάστις

1974 5413 2260 5487 δεσπότης.
2303 5413 2344 5467 Β
2375 5415 2520 5487 ἰδίως
2549 5415 2780 5487 ἑκάστου
2816 5414 3103 5487 δεσπότης.

2048 5485 2160 5554 (66)
2192 5484 2425 5555 Φανερά
2454 5501 2536 5538 τε.
2580 5484 2621 5537 Β
2651 5485 2880 5555 φανερά.

2048 5553 2161 5626 (67)
2196 5554 2493 5624 Γξνώριμα.
2536 5555 2578 5606 Β
2620 5553 2925 5626 γνώρισμα.
2975 5557 3014 5610 Α
3057 5558 3110 5612 in
3140 5558 3386 5629 margine
3415 5557 3552 5630 γνώ-

1979 5643 2170 5748 purga.

2050 5697 2065 5763 (
2105 5696 2159 5761 8)
2205 5695 2348 5749 Ἀπὸ
2377 5693 2511 5748 τῶν.
2552 5695 2593 5747 Α
2622 5692 2664 5747 Β
2691 5696 2783 5748 καὶ
2814 5695 2920 5749 ἀπὸ
2948 5695 3075 5754 τῶν.

2049 5765 2160 5836 (69)
2190 5765 2264 5818 Τὸ
2288 5765 2423 5836 μέν.
2455 5764 2496 5817 Β
2521 5764 2572 5817 τί
2617 5766 2734 5836 μέν.

2051 5835 2163 5906 (70)
2195 5835 2374 5889 Ποῖον
2397 5834 2485 5891 δέ.
2520 5836 2559 5888 Λ
2599 5834 2651 5890 in
2688 5836 2933 5905 margine
2961 5854 3033 5890 τι.
