3992 6462
467 395 548 453 η
1702 389 1760 445 s.
1810 388 2139 448 cneconu
2175 389 2474 448 NYSSENI
3663 395 3732 453 so

470 531 621 589 opus
674 514 897 574 redacta
925 511 1131 568 fuerint
1164 526 1229 568 ex
1269 510 1393 567 rudi
1434 516 1662 567 materia
1701 509 1779 566 ﬁt.
1812 510 1894 566 lta
1926 519 2044 567 tan-

2156 530 2209 567 τι
2243 511 2455 579 σκεῦος,
2479 514 2509 568 ό
2553 511 2676 567 καθ’
2717 511 2949 566 εκαστόν
2988 511 3138 565 ἐστιν
3170 511 3479 585 ἄνθρωπος,
3529 510 3596 565 ἐκ
3633 512 3733 581 τῆς

468 622 635 680 quam
667 620 762 662 vas
796 605 1072 676 quoddam
1114 603 1283 658 homo
1317 602 1554 673 quisque
1597 602 1896 673 singularis
1941 610 2046 669 est,

464 714 536 755 ex
569 699 970 754 elementorum
1000 710 1278 752 concursu
1320 709 1349 750 a
1381 693 1659 748 communi
1684 696 1912 749 materia
1938 694 2053 749 for-

458 801 670 858 matus,
717 791 985 865 peculiari
1023 804 1252 862 prorsus
1302 789 1472 859 ﬁgura
1510 789 1743 842 multum
1791 787 2051 845 dill‘erens

467 884 537 938 ab
576 898 646 940 eo
678 883 828 955 quod
874 882 1122 955 ejusdem
1163 881 1380 953 generis
1438 886 1543 935 est.
1598 878 1719 945 Quo
1756 878 2048 944 dissoluto,

468 975 828 1032 nihilominus
866 977 1032 1032 etiam
1064 990 1131 1031 ex
1156 973 1403 1044 reliquiis
1430 972 1610 1026 anima
1643 986 1766 1042 qua:
1808 972 2052 1043 possidet

468 1080 602 1136 vas,
651 1067 936 1137 proprium
994 1064 1266 1136 agnoscit,
1327 1078 1505 1134 neque
1551 1062 1608 1117 in
1661 1063 2052 1118 communione

458 1165 638 1229 .atque
684 1157 1009 1215 confusione
1039 1156 1492 1228 fragmentorum.
1541 1170 1722 1225 neque
1764 1155 1811 1212 si
1859 1155 2050 1211 eadem

468 1262 596 1303 cum
643 1246 770 1302 rudi
819 1248 1211 1303 elementorum
1263 1246 1493 1302 materia
1535 1245 1979 1311 commisceatur,
2020 1261 2052 1301 a

469 1340 694 1411 proprio
726 1338 1041 1405 discedens,
1075 1338 1171 1396 sed
1203 1353 1421 1409 semper
1462 1337 1645 1394 sciens
1680 1352 1863 1405 suum,
1890 1338 2053 1409 quale

462 1438 615 1487 esset
653 1439 769 1485 tum
801 1446 926 1486 cum
974 1433 1030 1487 in
1079 1430 1255 1485 forma
1302 1430 1657 1497 consisteret,
1692 1437 1741 1485 et
1785 1438 1910 1501 post
1937 1428 2053 1487 dis-

467 1524 795 1579 solutionem
842 1539 909 1579 οι
942 1523 1119 1593 signis
1157 1537 1280 1593 quae
1319 1522 1374 1577 in
1428 1523 1680 1594 reliquiis
1709 1526 2050 1589 manserunt,

2152 604 2457 678 συνδρομῆς
2486 602 2597 657 τῶν
2639 603 2917 675 στοιχείων
2958 601 3067 657 ἀπὸ
3103 604 3203 674 τῆς
3225 601 3407 675 κοινῆς
3440 600 3572 671 ὕλης
3602 602 3731 654 ἀνα-

2148 695 2533 768 τετυπωμένος
2564 696 2698 764 (71³,
2730 697 2789 748 ἐν
2848 694 3102 757 ἰδιάζοντι
3132 694 3346 755 πάντως
3375 691 3456 763 τῷ
3493 694 3728 763 σχήματι

2150 788 2351 861 πολλὴν
2396 788 2532 860 πρὸς
2578 790 2640 841 rb
2690 787 2948 858 ὁμογενὲς
2993 786 3094 858 τὴν
3134 784 3398 856 διαφοράν
3448 781 3609 853 ἔχων.
3656 776 3731 836 οὗ

2148 880 2488 944 διαλυθέντος
2529 880 2641 951 (7‘2)
2675 878 2829 932 οὐδὲν
2849 872 3012 950 ἦττον
3045 877 3140 932 καὶ
3179 876 3288 930 ἀπὸ
3308 875 3435 928 στῶν
3463 873 3730 943 λειψάνων

2150 973 2184 1045 ἡ
2208 972 2521 1043 κεκτημένη
2555 972 2618 1025 τὸ
2648 969 2841 1035 σκεῦος
2864 968 3012 1040 ψυχὴ
3038 968 3100 1022 τδ
3136 969 3332 1021 οἰκεῖον
3356 965 3725 1035 ἐπιγινώσκει.

2150 1061 2274 1117 οὕτε
2304 1064 2362 1117 ἐν
2389 1062 2501 1134 (75)
2541 1063 2607 1134 τῇ
2638 1061 2890 1132 κοινωνίᾳ
2915 1060 3023 1113 τῶν
3052 1058 3497 1130 συντριμμάτων,
3524 1054 3647 1108 οὔτε
3678 1057 3728 1108 εἰ

2152 1154 2289 1228 πρὸς
2309 1155 2369 1209 τὸ
2400 1154 2810 1226 ἀκατέργαστον
2836 1154 2935 1224 τῆς
2961 1153 3071 1206 τῶν
3093 1151 3371 1222 στοιχείων
3396 1148 3531 1220 ὕλης
3559 1165 3727 1202 κατα-

2154 1247 2396 1320 μιχθείη,
2445 1246 2541 1301 τοῦ
2583 1245 2786 1299 οἰκείου
2824 1243 3186 1316 ἀφισταμένη,
3228 1240 3342 1296 ἀλλ’
3376 1241 3463 1294 ἀεὶ
3506 1240 3728 1292 ἐπισταο

2153 1338 2289 1409 μένη
2321 1337 2383 1391 τὸ
2414 1335 2568 1400 ῐδιον,
2596 1330 2707 1391 οἶόν
2731 1351 2792 1388 τε
2826 1332 3094 1397 συνεστὼς
3137 1333 3250 1403 (74)
3289 1331 3348 1384 ἐν
3374 1328 3455 1400 τῷ
3485 1330 3726 1400 σχήματι

2147 1425 2238 1501 ἦν,
2265 1429 2360 1483 καὶ
2395 1428 2534 1500 μετὰ
2558 1428 2657 1499 τὴν
2680 1427 2920 1481 διάλυσιν
2954 1426 3021 1480 ἐκ
3050 1423 3158 1479 τῶν
3176 1421 3590 1493 άπομεινάντων
3610 1417 3724 1489 (75)

2151 1519 2392 1589 σημείων
2417 1521 2530 1582 τοῖς
2556 1517 2829 1588 λειψάνοις
2862 1516 2925 1571 ού
2959 1512 3284 1585 πλανωμένη
3311 1512 3441 1583 περὶ
3482 1508 3543 1563 τὸ
3571 1508 3722 1562 [διον.

467 1614 617 1670 circa
645 1615 932 1685 proprium
948 1629 1056 1668 non
1072 1611 1424 1668 errans.——G.
1446 1611 1561 1682 Ego
1578 1625 1711 1666 vero
1729 1609 2044 1680 approbatis

2151 1636 2217 1649 —
2235 1606 2296 1659 Γ.
2336 1602 2755 1674 Ἐπιδεξάμενος
2774 1602 2833 1655 δέ
2848 1601 2920 1655 τά
2950 1601 3219 1672 εἰρημένα
3246 1598 3324 1662 ὼς
3345 1595 3636 1669 προσφυῶς
3665 1612 3727 1648 τε

473 1702 543 1756 iis
574 1715 697 1770 qua:
746 1700 892 1754 dicta
923 1706 1104 1763 erant,
1161 1707 1222 1753 ut
1273 1697 1543 1770 apposite,
1593 1706 1720 1769 apte
1751 1708 1917 1770 atque
1958 1713 2044 1754 ac“

2151 1698 2240 1754 καὶ
2269 1696 2489 1761 οἰκείως
2523 1696 2660 1767 πρὸς
2681 1693 2773 1748 τὸν
2801 1694 3159 1767 προκείμενον
3186 1690 3477 1765 εὑρεθέντα
3501 1687 3727 1755 σκοπὸν,

467 1791 813 1849 commodata
858 1790 927 1847 ad
973 1791 1319 1864 pr0positum
1369 1802 1753 1862 argumentum
1806 1791 2044 1857 inventa,

2151 1788 2330 1843 Ταῦτα
2356 1787 2457 1860 μὶν
2479 1787 2674 1852 οὔτως,
2706 1781 2882 1852 εἷπον,
2908 1783 3164 1855 λέγεσθαί
3181 1800 3242 1837 τε
3263 1782 3357 1838 καὶ
3378 1779 3728 1835 πιστεύεσθαι

470 1884 594 1940 Haec
628 1884 871 1957 quidem,
926 1884 1171 1954 inquam,
1226 1884 1333 1939 hoc
1378 1884 1544 1938 modo
1575 1891 1689 1938 tum
1744 1883 1876 1948 dici,
1928 1892 2041 1938 tum

2151 1881 2324 1946 καλῶς
2356 1880 2471 1952 ἔχει
2488 1897 2502 1911 ·
2522 1882 2571 1934 εί
2608 1879 2666 1933 δέ
2682 1886 2766 1943 tr;
2795 1878 2856 1932 τὸ
2878 1880 2937 1932 ἐν
2956 1876 3035 1950 τῷ
3064 1875 3382 1946 Εὐαγγελίῳ
3396 1873 3491 1928 τοῦ
3516 1872 3727 1944 Κυρίου

464 1976 615 2032 credi
643 1983 853 2032 rectum
880 1981 934 2031 et
953 1990 1170 2046 aequum
1202 1983 1305 2039 est,
1331 1973 1427 2030 sed
1448 1974 1496 2029 si
1518 1974 1643 2045 quis
1668 1973 2042 2028 narrationem

2151 1971 2277 2043 περί⁵
2304 1970 2414 2025 τῶν
2453 1970 2512 2023 ἐν
2540 1968 2668 2042 ᾅδου
2695 1968 2940 2039 διήγημα
2978 1966 3114 2037 πρὸς
3150 1966 3220 2018 τά
3263 1964 3527 2036 εἰρημένα
3554 1976 3726 2033 προσ⁶

467 2066 681 2122 Domiui
711 2081 855 2135 eam,
892 2081 1014 2138 quae
1047 2072 1133 2123 est
1166 2066 1223 2120 in
1253 2064 1548 2138 Evangelia
1573 2065 1643 2121 de
1676 2065 1747 2121 iis
1788 2065 1883 2136 qui
1914 2072 2044 2121 sunt

2151 2061 2305 2132 φέροι
2340 2059 2476 2131 (76),
2504 2058 2580 2123 ὼς
2612 2058 2673 2112 ού
2701 2056 2998 2129 συμϐαῖνον
3019 2058 3134 2118 τοῖς
3159 2052 3547 2124 ἐξητασμένοις
3585 2050 3722 2121 (77),

463 2158 519 2215 in
568 2158 805 2228 inferno,
856 2158 1122 2215 adversus
1169 2172 1233 2215 ea
1276 2172 1399 2229 qua:
1429 2158 1573 2213 dicta
1618 2163 1747 2213 sunt
1778 2157 2043 2229 proferat,

2151 2153 2265 2218 πῶς
2289 2153 2396 2225 χρὴ
2427 2148 2947 2225 παρασκευάσασθαι
2980 2147 3117 2221 πρὸς
3145 2149 3243 2220 τὴν
3280 2146 3611 2217 ἀπόκρισιν;

465 2251 623 2324 quasi
669 2266 781 2307 non
836 2259 1232 2323 congruentem
1275 2260 1331 2307 et
1373 2252 1789 2307 convenientem
1853 2266 1978 2308 cum
2025 2251 2093 2308 iis
2156 2264 2276 2321 qua:
2322 2247 2630 2304 examinata
2673 2253 2838 2318 atque
2890 2259 3162 2318 perpensa
3208 2250 3360 2310 sunt,
3418 2257 3528 2313 quo
3566 2247 3729 2312 pacto

460 2355 769 2411 praeparare
802 2355 905 2395 nos
928 2339 996 2393 ad
1030 2339 1447 2409 responsionem
1475 2340 1728 2409 oportet?

536 2427 605 2481 M.
634 2427 702 2482 At
726 2427 835 2493 illa,
863 2427 946 2483 Ad
972 2442 1175 2498 corpus
1195 2426 1420 2498 quidem
1442 2426 1932 2493 accommodatius,
1956 2425 2045 2481 in-

460 2515 604 2584 quit,
654 2529 837 2569 sermo
891 2514 1268 2570 narrationem
1322 2514 1571 2586 exponit,
1621 2515 1825 2572 multas
1863 2523 2049 2572 tamen

461 2607 727 2678 inspergit
770 2607 1032 2662 materias
1074 2614 1131 2662 et
1165 2621 1387 2673 causas,
1420 2622 1519 2679 per
1565 2623 1704 2682 quas
1742 2608 1811 2663 ad
1866 2608 2049 2681 subti-

460 2698 649 2754 liorem
715 2699 1143 2770 speculationem
1217 2698 1480 2765 invitat,.
1513 2700 1560 2756 si
1615 2700 1742 2771 quis
1790 2709 2048 2756 accurate

458 2791 839 2862 exquisiteque
871 2804 989 2845 rem
1022 2789 1373 2847 intellexerit.
1404 2789 1539 2846 Nam
1566 2792 1661 2863 qui
1694 2792 1844 2847 hiatu
1887 2801 2045 2848 vasto

457 2880 659 2935 malum
694 2894 725 2934 a
752 2880 895 2936 bono
926 2879 1144 2935 dirimit
1180 2887 1347 2950 atque
1377 2879 1657 2947 discludit,
1691 2881 1783 2952 qui
1827 2889 2040 2952 guttam

458 2972 700 3043 aliquam
747 2987 870 3043 quae
900 2986 998 3042 per
1040 2971 1270 3045 digitum
1309 2970 1686 3037 admoveatur,
1719 2972 2042 3028 desideran—

457 3068 568 3118 tem
620 3060 751 3116 fecit
797 3076 923 3117 eum
1003 3061 1097 3131 qui
1151 3060 1524 3125 cruciabatur,
1577 3061 1671 3132 qui
1720 3062 2045 3132 patriarchae

460 3153 643 3210 sinum
675 3152 726 3209 ei
783 3153 875 3222 qui
911 3166 1005 3223 per
1032 3152 1174 3205 hanc
1202 3150 1371 3204 vitam
1400 3150 1564 3205 malis
1595 3159 1648 3206 et
1678 3150 2042 3208 incommodis

2216 2427 2294 2484 Μ.
2313 2429 2375 2482 Ἦ
2387 2423 2825 2499 διδάσκαλος(78)
2838 2425 2915 2490 δέ,
2934 2427 3297 2501 Σωματικὼτε
3303 2443 3395 2499 ρον
3403 2425 3523 2495 μὲν,
3540 2420 3727 2491 φησὶν,

2152 2514 2182 2566 ό
2203 2513 2361 2582 λόγος
2386 2512 2661 2568 ἐκτίθεται
2688 2513 2747 2567 τὸ
2765 2514 3030 2584 διήγημα,
3061 2513 3260 2576 πολλάς
3278 2512 3335 2564 δὲ
3365 2511 3728 2583 κατασπείρει

2151 2606 2247 2670 τάς
2280 2604 2553 2677 ἀφορμὰς,
2602 2605 2670 2659 δι’
2701 2598 2777 2660 ὧν
2805 2608 2884 2669 εἰς
2931 2605 3260 2677 λεπτοτέραν
3297 2604 3530 2678 θεωρίαν
3557 2606 3729 2659 ἐκκα-

2150 2697 2323 2751 λεῖται
2367 2698 2459 2752 τὸν
2504 2697 2795 2769 ἐξεταστὴν
2835 2698 2949 2769 (79)
3003 2699 3280 2753 ἐπαΐοντα.
3351 2700 3410 2754 Ὀ
3457 2699 3568 2771 γάρ
3626 2699 3729 2770 χά-

2152 2806 2319 2861 σματι
2350 2790 2460 2860 (80)
2491 2791 2711 2862 μεγάλῳ
2735 2790 2987 2861 διείργων
3007 2790 3068 2844 τὸ
3095 2790 3266 2845 κακὸν
3302 2791 3368 2846 ἐκ
3405 2789 3500 2844 τοῦ
3540 2791 3725 2862 κρείτ-

2148 2896 2319 2945 τονος,
2350 2882 2608 2951 σταγόνος
2649 2882 2709 2935 τέ
2736 2900 2878 2947 τινος
2907 2882 3157 2954 δακτύλῳ
3200 2882 3314 2953 (81)
3361 2883 3731 2955 κομιζομένης

2152 2974 2342 3028 ἐπιδεᾶ
2395 2977 2626 3047 ποιήσας
2666 2975 2757 3029 τὸν
2804 2974 3171 3045 ὀδυνώμενον,
3225 2975 3320 3029 καὶ
3389 2976 3728 3047 πατριάρχου

2151 3067 2350 3121 κόλπον
2371 3066 2448 3137 τῷ
2471 3066 2559 3120 διὰ
2584 3066 2681 3137 τῆς
2704 3066 2847 3138 ζωῆς
2873 3067 3076 3138 ταύτης
3107 3067 3481 3138 κεκακωμένῳ
3505 3067 3729 3131 ὑποθεὶς

2151 3159 2456 3215 ἀνάπαυσιν
2487 3157 2599 3230 (82)
2623 3200 2638 3225 ,
2673 3159 2778 3230 πρὸ
2809 3158 3014 3213 τούτων
3039 3158 3098 3213 δὲ
3130 3159 3224 3213 καὶ
3252 3158 3313 3212 τὸ
3348 3159 3601 3213 τεθνᾶναι
3629 3159 3729 3213 αύ-

458 3253 687 3304 vexatus
738 3244 941 3310 fuerat,
998 3244 1067 3299 ad
1116 3243 1355 3315 quietem
1399 3245 1729 3316 proposuit,
1774 3247 1870 3317 qui
1911 3246 2041 3301 item

2151 3252 2295 3317 τοὺς,
2345 3253 2439 3304 καὶ
2487 3253 2632 3322 ταφῇ
2671 3251 2891 3322 δοθῆναι
2934 3250 3353 3322 διηγησάμενος,
3413 3250 3475 3303 ού
3515 3250 3728 3323 μικρῶς

458 3346 618 3392 antea
671 3344 920 3391 mortuos
975 3350 1071 3390 eos
1143 3350 1208 3390 ac
1259 3336 1555 3406 sepultura:
1606 3337 1839 3392 traditos
1882 3351 2044 3407 expo-

2151 3341 2409 3413 ἀφίστησι
2455 3342 2555 3411 τῆς
2585 3321 2725 3395 κατά
2753 3321 3043 3413 πρόχειρον
3081 3321 3194 3413 (85)
3232 3342 3469 3407 διανοίας
3508 3321 3628 3397 τὺν-
3651 3345 3728 3416 μὴ

459 3430 592 3496 suit,
629 3446 739 3485 non
790 3445 985 3500 parum
1018 3438 1213 3485 avocat
1259 3438 1315 3485 et
1364 3429 1589 3485 abducit
1618 3429 1688 3485 ab
1728 3444 1792 3484 ea
1828 3435 2048 3485 senten-

456 3523 537 3577 tia
577 3537 701 3594 qua:
729 3522 787 3578 in
836 3528 1093 3593 promptu
1141 3528 1224 3577 est
1270 3536 1394 3577 cum
1459 3521 1554 3592 qui
1609 3521 1755 3576 haud
1800 3519 1965 3576 stulte
1994 3527 2049 3575 et

456 3616 731 3687 imperite,
782 3614 880 3671 sed
925 3614 1297 3686 intelligenter
1346 3613 1513 3669 verba
1557 3600 1843 3684 sequatur.
1894 3610 2046 3678 Quos

463 3709 613 3764 enim
647 3710 842 3765 oculos
873 3709 1069 3765 attollit
1113 3710 1168 3763 in
1201 3708 1419 3764 inferno
1448 3708 1603 3765 dives
1649 3708 1763 3773 ille,
1795 3708 1889 3778 qui
1922 3722 2047 3763 car-

458 3812 596 3853 ueos
647 3799 841 3854 oculos
899 3798 956 3853 in
1006 3798 1262 3869 sepulcro
1323 3799 1654 3869 reliquerat?
1705 3798 1827 3865 Quo
1884 3806 2045 3870 pacto

460 3889 591 3944 item
639 3887 913 3943 ﬂammam
974 3891 1140 3944 sentit
1199 3889 1255 3943 id
1300 3890 1447 3959 quod
1492 3890 1876 3961 incorporeum
1924 3890 2047 3946 est?

458 3982 635 4050 Quam
675 3997 804 4037 vero
837 3982 1080 4053 linguam
1127 3982 1439 4052 refrigerari
1477 3997 1573 4053 per
1606 3990 1815 4055 guttam
1858 3983 2047 4054 cupie-

459 4074 576 4139 bat,
608 4088 735 4128 cum
769 4073 818 4128 ei
868 4087 1069 4127 carnea
1100 4073 1289 4144 lingua
1339 4088 1451 4129 non
1491 4072 1748 4130 adesset?
1778 4075 1902 4145 quis
1942 4089 2045 4130 au-

447 4175 567 4222 tem
620 4166 713 4222 ille
759 4165 990 4238 digitus,
1053 4167 1147 4236 qui
1197 4165 1481 4237 praeferret
1522 4166 1571 4222 ei
1626 4167 1875 4238 guttam?
1926 4166 2045 4238 ipse

456 4260 587 4315 item
640 4258 797 4316 sinus
851 4259 1138 4328 requietis,
1189 4258 1359 4330 quis?
1428 4258 1567 4314 Cum
1622 4258 1766 4315 enim
1810 4274 2043 4330 corpora

456 4357 641 4406 essent
682 4351 736 4405 in
763 4350 1057 4421 sepulcris,
1104 4349 1289 4405 anima
1331 4365 1462 4407 vero
1498 4366 1676 4422 neque
1714 4353 1769 4406 in
1813 4367 2044 4424 corpore

457 4449 627 4506 esset,
670 4455 847 4511 neque
875 4455 939 4494 ex
969 4442 1219 4510 partibus
1270 4450 1569 4509 constaret,
1618 4443 1837 4500 diﬂicile
1876 4444 2043 4500 fuerit

454 4532 794 4587 narrationis
837 4539 1200 4597 structuram,
1258 4542 1421 4602 prout
1461 4536 1713 4603 protinus
1754 4549 1818 4590 ac
1860 4536 2040 4607 prima

2148 3432 2425 3497 ἀσυνέτως
2457 3433 2568 3503 (84)
2612 3436 2721 3497 τοῖς
2746 3434 3060 3503 λεγομένοις
3088 3432 3373 3505 ἑπόμενον.
3403 3434 3593 3497 Ποίους
3616 3436 3729 3507 γὰρ

2148 3523 2462 3595 ὀφθαλμοὺς
2489 3525 2705 3596 ἐπαίρει
2732 3527 2789 3579 tv
2824 3525 2901 3597 τῷ
2945 3524 3049 3600 ᾅδῃ
3087 3528 3115 3580 ὁ
3154 3527 3427 3591 πλούσιος,
3465 3528 3591 3591 τοὺς
3627 3529 3729 3599 τῆς

2150 3613 2352 3686 σαρκὸς
2418 3613 2637 3683 ἐναφεὶς
2685 3614 2797 3684 (85)
2851 3613 2929 3686 τῷ
2995 3615 3187 3686 τάφως
3244 3614 3369 3679 Πῶς
3416 3614 3473 3668 δὲ
3531 3614 3729 3685 φλογὸς

2148 3704 2412 3776 ᾐσθάνετο
2447 3705 2559 3776 (86)
2585 3705 2646 3758 τὸ
2667 3706 2959 3777 ἀσώματον
2982 3723 2997 3774 ;
3025 3707 3193 3761 Ποίαν
3214 3706 3273 3760 δὲ
3299 3706 3547 3775 γλῶσσαν
3568 3723 3730 3760 κατα-

2146 3795 2418 3869 ψυχθῆναι
2461 3797 2550 3851 διά
2591 3798 2693 3868 τῆς
2722 3798 2981 3867 σταγόνος
3021 3799 3295 3868 ἐπιθυμεῖ,
3335 3799 3435 3870 τῆς
3463 3800 3728 3869 σαρκίνης

2147 3892 2296 3963 αὐτῷ
2331 3894 2405 3966 μὴ
2437 3894 2749 3965 παρούσης;
2798 3894 2895 3957 Τίς
2938 3893 2995 3946 δὲ
3034 3891 3063 3944 ὁ
3094 3890 3422 3961 διακομίζων
3449 3889 3596 3961 αὐτῷ
3628 3892 3727 3961 τὴν

2148 3985 2337 4059 ῥανίδα
2357 3986 2616 4051 δάκτυλος
2639 4004 2653 4052 ;
2672 3988 2843 4049 Αὐτὸς
2867 3987 2922 4040 δὲ
2947 3986 2975 4038 ὁ
2997 3984 3194 4049 κόλπος
3209 3985 3310 4055 τῆς
3336 3982 3722 4046 ἀναπαύσεως,

2144 4077 2264 4146 τίς;
2321 4078 2443 4134 Τῶν
2491 4078 2601 4151 γὰρ
2638 4080 2905 4151 σωμάτων
2950 4082 3009 4135 ἐν
3052 4080 3245 4148 τάφοις
3283 4075 3472 4141 ὄντων,
3517 4075 3618 4147 τῆς
3665 4075 3726 4128 δὲ

2143 4168 2322 4241 ψυχῆς
2352 4170 2475 4224 οὕτε
2506 4174 2563 4225 ἐν
2604 4172 2815 4243 σώματι
2856 4171 3051 4242 οὔσης,
3104 4170 3227 4225 οὔτε
3279 4172 3343 4224 ἐκ
3375 4170 3556 4241 μερῶν
3595 4186 3726 4223 συν-

2145 4264 2409 4335 εστώσης,
2426 4263 2630 4336 ἄπορον
2653 4265 2719 4319 ἂν
2741 4265 2827 4335 εἴη
2851 4266 2950 4336 τὴν
2965 4264 3056 4319 τοῦ
3073 4264 3408 4336 διηγήματος
3430 4262 3723 4331 διασκευὴν

2142 4356 2283 4411 κατά
2308 4356 2370 4410 τὸ
2389 4357 2695 4428 προχείρως
2726 4357 3015 4427 νοούμενον
3046 4356 3349 4428 ἐφαρμόσαι
3371 4357 3437 4428 τῇ
3471 4353 3722 4426 ἀληθεία,

2142 4450 2192 4501 εἰ
2224 4448 2298 4519 μή
2328 4464 2415 4512 τις
2454 4448 2733 4522 μεταλάϐῃ
2765 4448 2878 4519 (87)
2907 4448 2976 4501 τά
3003 4447 3127 4501 καθ’
3157 4447 3385 4499 ἕκαστον
3410 4447 3489 4510 εἰς
3526 4448 3723 4517 νοητὴν

2142 4539 2374 4611 θεωρίαν
2396 4555 2411 4570 ·
2453 4536 2594 4593 ὥστε
2623 4542 2810 4611 χάσμα
2842 4540 2905 4592 τὸ
2945 4538 3180 4609 διεῖργον
3208 4537 3317 4590 τῶν
3350 4537 3597 4608 ἀμίκτων
3623 4537 3723 4608 τὴν

458 4624 646 4679 fronte
711 4623 1073 4692 intelligitur,
1135 4623 1202 4677 ad
1256 4625 1538 4678 veritatem
1585 4628 2036 4696 accommodare,

2151 4627 2453 4692 κοινωνίαν,
2478 4627 2553 4698 μὴ
2568 4627 2674 4696 γῆς
2684 4626 2966 4680 διάστασιν
2980 4625 3093 4693 (68)
3112 4624 3338 4678 οἴεσθαγ
3356 4624 3437 4695 τῷ
3453 4624 3564 4697 γάρ
3581 4627 3727 4680 ἀσω-

454 4717 567 4774 nisi
594 4717 720 4789 quis
771 4715 1086 4788 singulatim
1118 4730 1348 4787 quaeque
1373 4716 1541 4772 verba
1575 4731 1606 4771 a
1655 4731 1887 4789 corpore
1918 4729 2035 4776 tra-

450 4809 624 4866 ducat
646 4808 715 4864 ad
749 4823 868 4864 cam
892 4822 1014 4878 qua:
1039 4815 1223 4863 mente
1249 4807 1549 4878 percipitur
1574 4810 2031 4881 speculationem,

450 4915 516 4961 ut
550 4905 756 4969 hiatus,
801 4903 898 4975 qui
929 4902 1138 4958 dirimit
1173 4909 1338 4974 atque
1367 4903 1633 4977 disiungit
1685 4905 2034 4963 communio-

526 5084 648 5207 (711)
679 5081 1252 5207 ξΑνατῗτυπωμένος.
1291 5082 1336 5136 Α
1362 5083 1418 5138 in
1449 5084 1693 5158 margine
1716 5084 2033 5158 τετυπωμέ-

526 5173 564 5207 :.
677 5171 731 5207 In
766 5164 850 5207 lex
883 5172 937 5207 ιι.

450 5171 564 5216 νος,
606 5163 648 5207 Β
677 5163 731 5208 1η
766 5163 937 5211 textu.

486 5171 564 5219 ος,
606 5171 648 5207 u
677 5171 731 5208 In
766 5171 937 5211 teXtu.

526 5224 639 5295 (7‘2)
670 5225 1079 5295 Διαλυθέντος.
1129 5222 1176 5275 Α
1210 5221 1265 5276 in
1307 5229 1456 5278 textu
1481 5224 1926 5295 διαγνωσθέντος,
1974 5226 2029 5279 in

454 5294 701 5357 margine
737 5294 1095 5357 διαλυθέντος.

526 5361 641 5434 (75)
670 5363 817 5417 Οὔτε
842 5363 1009 5434 sl.qu
1043 5363 1188 5434 delet
1210 5361 1271 5417 Β.

552 5431 640 5500 74)
665 5432 1003 5498 Συνεστώςῑ
1042 5431 1086 5486 Β
1113 5433 1367 5498 συνετῶς.

551 5503 640 5575 7Ξξ)
684 5502 1173 5575 Ἀπομεςνάνζωη
1217 5504 1261 5556 Α
1289 5505 1784 5575 ἐναπομεινάντων.

552 5570 640 5644 76)
670 5570 1027 5644 Πρρσφέροιᾼ.
1052 5570 1092 5622 Β
1121 5575 1404 5644 προφέρει.

524 5638 638 5723 (77)
677 5638 1177 5723 Ἐἕητασμένοιςξ
1198 5638 1251 5696 Δ’
1275 5638 1330 5698 in
1362 5654 1511 5700 textu
1540 5645 1934 5717 ἐξισταμένοις,
1972 5644 2026 5699 in

455 5708 703 5777 margine
736 5708 1143 5777 ἐξητασμένοις.

525 5776 637 5845 (78)
680 5780 744 5840 ᾘ
766 5776 1153 5843 διδάσκαλος.
1183 5778 1223 5831 Α
1250 5778 1290 5831 Β
1323 5781 1525 5841 delent.

2149 4721 2306 4791 μάτῳ
2336 4718 2432 4773 καί⁵
2457 4717 2649 4789 νοερῷ,
2674 4717 2759 4781 τίς
2787 4717 2952 4780 πόνος
2978 4716 3272 4787 διαπτῆναι
3299 4720 3364 4769 sb
3390 4717 3599 4788 χάσμα.
3628 4719 3723 4773 καὶ

2146 4812 2196 4865 εἰ
2240 4811 2504 4881 μήκιστον
2529 4805 2633 4881 ἦν;
2660 4808 2815 4898 ⁸Διότι
2846 4808 2909 4861 τὸ
2940 4807 3124 4878 νοερδν
3164 4808 3231 4876 τῇ
3260 4806 3443 4898 iptio-et,
3479 4809 3537 4861 tv
3567 4804 3722 4879 ᾧπερ

2146 4904 2214 4959 ἂν
2246 4903 2407 4975 ἐθέλῃ
2429 4890 2673 4971 ἀχρόνως
2696 4898 2924 4968 γίνεται.
2957 4928 3026 4938 -—
3051 4897 3111 4951 Γ.
3141 4895 3206 4951 Τί
3228 4890 3321 4950 οὖν
3338 4895 3405 4950 ἂν
3432 4896 3722 4969 εἰη,φημ“ἰ,

2362 5076 2754 5154 ξῌξεταστήτ.
2846 5075 2888 5130 Β
2911 5075 3294 5154 ἐξεταστικῶς.
3385 5143 3398 5154 _
3632 5140 3644 5154 .

2209 5143 2321 5221 ('80)
2356 5147 2646 5218 Χάσματι.
2681 5143 2744 5201 VA
2791 5148 2847 5202 in
2897 5156 3049 5204 textu
3076 5151 3335 5221 σχήματι,
3384 5143 3439 5199 in
3470 5143 3723 5214 margine

2134 5219 2397 5289 χάσματι.

2207 5286 2320 5359 (Si)
2352 5289 2654 5355 Δακτύλῳ.
2682 5289 2728 5342 Δ
2765 5287 2819 5359 Β(
2839 5286 2929 5359 δεά
2955 5287 3242 5342 δακτύλου.

2206 5356 2318 5429 (82)
2362 5359 2754 5413 Ἀνὰπαυσιν.
2795 5358 2842 5429 Α
2880 5356 2921 5411 Β
2957 5363 3038 5421 εἰς
3068 5359 3398 5429 ἀνάπαυσιν.

2205 5428 2319 5499 (85)
2351 5431 2698 5498 Πρόχειρον.
2729 5431 2774 5481 Α
2805 5428 2847 5499 Β
2873 5430 3101 5496 prteﬁgit
3132 5428 3212 5485 τό.

2206 5497 2321 5568 (84)
2364 5497 2711 5564 Ἀσῠι-έτως.
2741 5499 2782 5551 Α
2819 5497 2861 5550 Β
2890 5499 3150 5562 συνετῶς.

2206 5570 2322 5638 (85)
2358 5570 2655 5637 Ἔναφείς.
2686 5568 2727 5620 Β
2757 5569 2935 5635 ἀφείς.

2201 5640 2316 5709 (86)
2358 5639 2694 5709 ᾙσθάνετο.
2800 5637 3213 5694 ἐπαισθάνεται.

2203 5707 2313 5778 (87)
2346 5707 2689 5775 Μεταλάϐῃ.
2724 5707 2765 5759 Α
2790 5710 3114 5776 μεταλάϐοι.

2209 5778 2320 5851 (88)
2352 5779 2700 5833 Διάστασιν.
2738 5778 2780 5831 Α
2812 5781 2866 5831 in
2899 5781 3144 5851 margine
3173 5779 3465 5853 διάστημα.
