3992 6438
256 390 318 449 81
1335 382 1425 437 DE
1453 379 1673 437 ANIMA
1706 378 1795 434 ΕΤ
1836 377 1856 434 1

1965 375 2444 435 ΜΗΒΕΕΤΙΟΝΕ.
3473 384 3557 440 8Ξ

259 518 321 570 τδ
346 513 473 585 πῦρ,
511 511 547 583 ἢ
577 512 640 566 τὸ
669 512 891 582 χάσμα,
920 508 952 579 ἢ
978 507 1046 561 τὰ.
1081 506 1246 560 λοιπά
1291 503 1401 558 τῶν
1440 502 1768 574 εἰρημένων,
1800 498 1835 571 ἢ

1965 509 2082 551 nem
2115 511 2329 561 eorum,
2368 498 2511 551 inter
2535 511 2678 568 quos
2711 495 2864 552 nulla
2900 496 3143 555 societas
3190 497 3542 557 intercedere

265 607 339 679 μὴ
366 604 477 675 (89)
503 604 541 658 ἃ
565 604 795 672 λέγεται
827 602 970 673 (9θ);
998 632 1064 642 -
1092 600 1169 654 Μ.
1205 595 1359 667 Ἐμοὶ
1383 596 1550 657 δοκεῖ,
1578 592 1733 661 φησὶ,
1750 590 1839 644 δό-

261 699 443 770 γματά
462 714 584 750 τινα
615 695 751 765 mp‘t
774 693 882 746 τῶν
904 690 1044 746 κατὰ
1061 688 1238 761 ψυχὴν
1268 687 1380 756 (91)
1408 683 1754 755 ζητουμένων
1773 681 1840 735 δι’

262 792 489 845 ἑκάστου
518 786 733 840 τούτων
764 783 1159 853 ὑποσημαίνειν
1185 780 1249 834 τὸ
1276 778 1626 847 Εὑαγγέλιον.
1650 775 1841 845 Προει-

262 868 378 923 πὼν
405 869 516 939 (92)
546 869 658 941 γὰρ
699 868 838 941 πρὸς
885 868 977 921 τὸν
1026 866 1279 921 πλούσιον
1301 868 1330 919 ὁ
1359 865 1728 937 πατριάρχης,
1772 863 1855 916 ὅτι

272 963 537 1032 Ἀπὲσχες
570 960 650 1032 τῷ
688 961 779 1015 διὰ
809 960 1013 1032 σαρκὸς
1049 959 1150 1031 βίῳ
1194 958 1304 1012 τῶν
1346 956 1570 1026 ἀγαθῶν
1602 956 1700 1028 τὴν
1735 957 1853 1028 μοῖ-

262 1071 383 1124 ραν,
415 1055 511 1109 καὶ
545 1055 673 1125 περί
713 1052 811 1106 τοῦ
848 1050 1064 1122 πτωχοῦ
1106 1050 1167 1105 τὺ
1206 1047 1324 1104 ἴσον
1363 1047 1565 1113 εἰπὼν,
1605 1048 1687 1102 ὅτι
1739 1047 1853 1102 Καὶ

259 1143 413 1209 οὗτος
442 1148 727 1219 ἀπέπλησε
763 1146 912 1217 παρὰ
931 1147 1024 1199 τὸν
1048 1145 1160 1216 βίον
1188 1142 1290 1214 τῆς
1318 1142 1426 1197 τῶν
1449 1141 1635 1197 κακῶν
1660 1157 1854 1212 μετου-

261 1237 384 1300 σίας
406 1236 748 1308 λειτουργίας
773 1237 885 1307 (95)
911 1254 924 1267 ·
961 1231 1061 1289 εἷθ’
1092 1234 1265 1297 οὕτως
1290 1230 1592 1303 ἐπαγαγὼν
1611 1231 1740 1303 περὶ
1756 1228 1852 1284 τοῦ

1958 595 2157 657 potest,
2191 603 2301 642 non
2330 595 2490 644 terra:
2514 589 2754 659 spatium
2787 598 2841 644 et
2878 592 3228 648 intervallum
3258 593 3547 649 existime-

1956 688 2079 744 tur;
2122 694 2247 733 nam
2276 680 2407 750 quid
2447 681 2652 751 negotii
2693 680 2861 737 fuerit
2888 684 2939 740 ei
2978 684 3126 754 quod
3153 684 3547 754 incorporeum

1951 778 2007 826 et
2051 771 2171 827 sola
2210 779 2398 828 mente
2426 772 2719 843 praeditum
2767 781 2876 842 est,
2925 775 3264 831 transvolare
3304 774 3541 837 hiatum,

1956 867 2176 921 etiamsi
2210 864 2557 920 vaStissimus
2580 864 2673 927 sit,
2709 863 2912 933 quippe
2934 878 3058 917 cum
3089 864 3142 917 id
3173 865 3317 933 quod
3346 872 3544 919 natura

1959 957 2066 1012 tale
2087 962 2192 1022 est,
2226 962 2289 1011 ut
2308 966 2493 1011 mente
2511 954 2629 1011 sola
2651 960 2889 1019 constet,
2920 953 3239 1025 ubicunque
3269 970 3395 1011 esse
3415 957 3550 1010 velit.

1956 1050 2109 1105 nullo
2135 1047 2402 1120 temporis
2435 1046 2814 1103 intercedente
2837 1048 3036 1118 spatio,
3070 1046 3164 1102 illo
3187 1054 3434 1117 penetret
3458 1055 3544 1101 at-

1955 1159 2064 1214 que
2095 1140 2422 1198 evadat?——
2443 1137 2507 1194 G.
2537 1137 2681 1204 Quid
2705 1138 2873 1209 igitur
2894 1138 3081 1203 fuerit,
3107 1138 3354 1208 inquam,
3378 1138 3540 1207 ignis,

1955 1236 2039 1291 vel
2070 1234 2273 1299 hiatus,
2317 1232 2404 1289 vel
2429 1238 2627 1288 caetera
2654 1246 2778 1302 qua:
2800 1231 2948 1287 dicta
2991 1238 3143 1297 sunt,
3193 1229 3238 1287 si
3268 1246 3378 1285 non
3414 1236 3545 1285 sunt

258 1330 563 1401 χάσματος,
591 1330 668 1393 ὡς
696 1330 792 1383 ἀπ’
819 1327 929 1400 (94)
965 1327 1212 1400 ἀλλήλων
1244 1323 1682 1397 διατειχίζονται,
1714 1322 1856 1394 μέγα

1965 1344 2020 1386 ea
2076 1343 2200 1399 quae
2247 1326 2547 1383 dicantur?
2582 1357 2654 1367 —
2703 1325 2775 1382 Μ.
2827 1325 2955 1381 Mihi
3005 1325 3266 1397 quidem,
3333 1325 3541 1394 inquit,

259 1440 313 1477 τι
347 1422 461 1491 (95)
487 1423 575 1477 διὰ
606 1422 718 1494 (96)
748 1422 954 1476 τούτων
981 1421 1156 1475 ἔοικεν
1191 1418 1560 1474 ὑποδεικνύειν
1586 1417 1664 1487 τῷ
1692 1415 1855 1485 λόγω.

1965 1430 2138 1477 certas
2171 1421 2512 1491 stabilesque
2542 1419 2810 1492 quasdam
2841 1418 3149 1475 sententias
3178 1419 3247 1473 de
3280 1417 3348 1473 iis
3379 1418 3544 1472 rebus

261 1535 384 1589 quae
431 1522 582 1575 circa
621 1522 859 1573 animam
890 1523 1238 1588 quaeruntur,
1277 1530 1374 1585 per
1419 1510 1859 1583 unumquodque
1939 1508 2137 1563 borum
2190 1505 2550 1577 Evangelium
2617 1505 2927 1577 significare
2967 1503 3197 1560 videtur.
3228 1500 3364 1558 Cum
3401 1500 3555 1557 enim

263 1619 339 1673 ita
374 1618 443 1672 ad
474 1617 696 1673 divitem
732 1615 1045 1687 patriarcha
1083 1621 1214 1669 ante
1243 1613 1479 1670 dixisset
1511 1629 1524 1665 :
1572 1607 1851 1680 Recepisti
1894 1604 1949 1661 in
1980 1605 2116 1671 vita,
2150 1618 2317 1675 quam
2352 1603 2408 1658 in
2442 1617 2613 1659 carne
2648 1602 2991 1673 transegisti,
3067 1600 3379 1672 portionem
3455 1599 3553 1655 bo-

264 1732 487 1781 norum,
526 1724 692 1786 atque
734 1714 926 1770 eodem
978 1713 1143 1769 modo
1179 1712 1246 1767 de
1288 1710 1545 1767 mendico
1573 1708 1848 1763 dixisset:
1927 1703 1994 1757 Et
2029 1703 2118 1758 hic
2174 1703 2230 1757 in
2261 1701 2370 1757 vita
2414 1701 2687 1756 malorum
2726 1707 2782 1756 et
2813 1698 3291 1755 incommodorum
3328 1697 3554 1769 partici-

263 1811 503 1881 pationis
538 1823 763 1864 munere
783 1808 1004 1863 functus
1034 1815 1156 1870 est;
1193 1812 1247 1861 et
1293 1804 1375 1860 sic
1408 1804 1670 1873 deinceps
1698 1798 2030 1871 subjecisset
2056 1797 2123 1852 de
2152 1795 2330 1860 hiatu,
2373 1808 2485 1865 quo
2521 1793 2681 1849 alteri
2750 1792 2819 1847 ab
2862 1791 3051 1849 alteris
3081 1790 3554 1881 discluderentur.

262 1879 517 1973 magnam
536 1899 828 1972 quamdam
858 1898 1190 1965 doctrinam,
1243 1902 1563 1966 certamque
1591 1906 1657 1948 ac
1695 1890 1948 1948 stabilem
1999 1884 2329 1944 sententiam
2353 1899 2452 1955 per
2483 1884 2600 1940 haec
2664 1882 2832 1939 verba
2901 1882 3174 1938 orationis
3241 1879 3555 1953 signiﬁcare

262 1998 505 2054 videtur.

335 2160 410 2214 re
457 2160 517 2213 δὲ
558 2159 756 2229 δόγμα,
792 2156 934 2213 κατά
977 2173 1042 2226 γε
1087 2155 1179 2209 τὸν
1228 2154 1361 2225 ἐμὸν
1404 2153 1583 2222 λόγον,
1616 2150 1860 2208 τοιοῦτόν

262 2257 403 2311 ἐστι’
427 2251 714 2315 Μονοειδές
741 2250 855 2321 (97)
885 2245 955 2321 ἦν
994 2250 1028 2322 ή
1075 2248 1184 2301 τῶν
1219 2246 1335 2318 (98)
1368 2244 1674 2319 ἀνθρώπων
1710 2244 1852 2316 ζωὴν

266 2344 540 2418 μονοειδὲς
577 2342 635 2395 δὲ
693 2341 806 2413 (99)
858 2340 1003 2409 λέγω
1052 2339 1150 2411 τὴν
1196 2340 1255 2392 ἐν
1313 2338 1460 2409 μόνῳ
1525 2337 1605 2407 τῷ
1668 2336 1859 2405 ἀγαθῷ

263 2436 550 2509 ὁρωμένην
569 2434 779 2505 0),καί
811 2432 946 2504 πρὸς
970 2433 1030 2486 τὸ
1069 2430 1239 2485 κακὸν
1262 2431 1639 2502 ἀνεπίμικτον.
1666 2429 1772 2482 Τὸν
1801 2428 1859 2482 δὲ

262 2529 508 2584 τοιοῦτον
540 2528 697 2598 λόγον
745 2528 774 2580 ὁ
818 2525 1033 2597 πρῶτος
1085 2524 1181 2577 τοῦ
1224 2523 1361 2578 Θεοῦ
1424 2523 1587 2594 νόμος
1655 2539 1859 2594 μαρτυ-

268 2624 445 2693 ρεῖται
474 2619 573 2691 (2),
632 2621 662 2672 ὁ
688 2618 781 2672 τοῦ
824 2616 1024 2679 παντὸς
1068 2617 1167 2688 μὲν
1207 2614 1333 2680 δοὺς
1362 2615 1471 2670 τῶν
1502 2618 1559 2669 ἐν
1579 2614 1657 2686 τῷ
1682 2632 1861 2687 παρα-

266 2714 433 2783 δείσῳ
466 2711 643 2766 καλῶν
689 2711 921 2781 ἄφθονον
972 2709 1050 2781 τῷ
1100 2709 1372 2781 ἀνθρώπῳ
1416 2710 1515 2779 τὴν
1546 2708 1856 2780 μετουσίαν,

264 2800 549 2872 ἁπείργων
576 2800 632 2853 δὲ
667 2801 831 2870 μόνου
864 2799 1073 2854 ἐκείνου
1201 2798 1511 2870 σύμμικτος
1535 2794 1604 2870 ἦν
1647 2799 1713 2852 ἐκ
1751 2798 1861 2851 τῶν

264 2892 524 2945 ἐναντίων
559 2893 593 2962 ἡ
625 2891 810 2960 φύσις,
844 2891 939 2945 τοῦ
974 2891 1145 2946 κακοῦ
1181 2891 1318 2962 πρὸς
1357 2893 1419 2945 τὸ
1465 2891 1628 2945 καλὸν
1663 2888 1861 2960 συγκεέ

267 2982 565 3053 κραμένου,
616 2981 845 3037 θάνατον
895 2982 1103 3047 ἐπιθεὶς
1151 2983 1231 3053 τῷ
1274 2985 1725 3055 παρανομήσαντι
1761 2984 1861 3053 τὴν

268 3075 495 3145 ζημίαν.
544 3076 681 3129 Ἀλλ’
719 3076 978 3138 ἑκουσίως
1013 3077 1042 3129 ό
1086 3076 1374 3146 ἄνθρωπος
1406 3076 1465 3129 ἐν
1498 3074 1577 3146 τῷ
1609 3074 1863 3141 αὐτεξου-

268 3168 370 3237 atq)
419 3168 679 3238 κινήματι
726 3166 1040 3222 καταλιπὼν
1089 3167 1189 3238 τὴν
1237 3168 1413 3239 ἀμιγῆ
1468 3167 1563 3220 τοῦ
1611 3167 1860 3239 χείρονος

269 3261 501 3331 μοῖραν,
531 3260 630 3331 τὴν
679 3261 744 3313 ἐκ
790 3260 898 3315 τῶν
946 3261 1204 3315 ἐναντίων
1249 3259 1553 3332 σύγκρατον
1588 3262 1734 3333 ζωὴν
1766 3263 1865 3315 ἐπ-

266 3350 571 3405 εσπάσατο.
628 3350 703 3404 Οὐ
765 3350 868 3422 μὴν
907 3338 1118 3421 ἀφῆκεν
1162 3351 1195 3420 ἡ
1251 3348 1371 3402 θεία
1405 3348 1715 3422 προμήθεια
1765 3347 1862 3420 τὴν

2029 2140 2157 2196 Haec
2221 2148 2403 2196 autem
2457 2139 2760 2209 sententia,
2810 2155 2930 2197 mea
2984 2140 3208 2213 quidem
3265 2140 3551 2212 opinione,

1967 2233 2096 2289 talis
2133 2241 2218 2289 est
2251 2251 2265 2288 :
2295 2232 2380 2287 Ab
2426 2231 2587 2286 initio
2624 2232 2741 2287 vita
2782 2230 3025 2287 humana
3066 2233 3297 2303 simplex
3345 2240 3401 2289 et
3430 2234 3554 2289 uni-

1961 2323 2154 2382 formis
2199 2335 2339 2382 erat.
2392 2323 2713 2396 Simplicem
2758 2335 2941 2381 autem
2986 2333 3042 2382 et
3083 2326 3398 2381 uniusmodi
3432 2327 3557 2382 dico

1961 2434 2081 2474 eam
2127 2432 2249 2488 quae
2274 2418 2331 2473 in
2384 2418 2503 2473 solo
2537 2417 2684 2472 bono
2735 2418 3214 2486 animadvertitur,
3252 2426 3309 2475 et
3348 2420 3555 2477 nullius

1962 2510 2092 2565 mali
2124 2511 2513 2566 communione
2551 2510 2814 2579 permista
2847 2518 2952 2566 est.
2998 2508 3183 2567 Talem
3221 2519 3405 2566 autem
3438 2514 3556 2585 opi-

1962 2604 2184 2659 nionem
2228 2604 2406 2674 prima
2447 2604 2531 2657 lex
2560 2603 2747 2659 divina
2800 2603 3120 2659 testimonio
3176 2620 3277 2661 suo
3306 2619 3557 2677 compro-

1961 2696 2076 2760 bat,
2102 2711 2224 2765 quaa
2250 2711 2376 2751 cum
2406 2696 2664 2751 omnibus
2688 2696 2911 2766 quidem
2944 2697 3128 2763 bonis,
3161 2713 3283 2768 qua:
3310 2704 3469 2753 erant
3499 2700 3559 2756 in

1962 2789 2242 2859 paradiso,
2276 2789 2552 2842 hominem
2597 2789 2813 2844 abunde
2852 2788 2956 2842 frui
2990 2797 3045 2843 et
3075 2791 3150 2843 uti
3184 2791 3555 2859 permisisset,

1963 2882 2033 2936 ab
2064 2881 2159 2935 illo
2207 2881 2327 2936 solo
2379 2880 2727 2951 prohibebat,
2779 2880 2963 2951 cujus,
3015 2895 3142 2934 cum
3180 2882 3385 2936 malum
3428 2896 3555 2937 cum

1963 2973 2112 3029 hono
2141 2980 2617 3042 contemperatum
2653 2980 2821 3036 esset,
2848 2971 3140 3027 commista
3167 2987 3231 3028 ex
3265 2975 3558 3031 contrariis

1964 3072 2083 3120 erat
2108 3075 2329 3131 natura,
2358 3071 2705 3135 mortemque
2730 3065 2800 3130 ei,
2846 3067 2941 3136 qui
2976 3076 3167 3121 contra
3212 3067 3355 3123 hanc
3383 3069 3558 3139 legem

1966 3156 2211 3221 iecisset,
2252 3173 2469 3226 poenam
2517 3158 2794 3228 apposuit.
2852 3158 2960 3213 Sed
3010 3159 3177 3214 homo
3224 3170 3424 3231 sponte
3457 3176 3558 3218 δι’]

1966 3248 2295 3319 propriaque
2325 3248 2610 3305 voluntate
2649 3257 2702 3303 et
2733 3250 2967 3306 arbitrio
2998 3251 3191 3307 relicta
3228 3262 3402 3320 sorte,
3436 3270 3560 3325 qua:

1966 3354 1997 3394 a
2030 3341 2177 3395 malo
2209 3340 2420 3412 integra
2472 3348 2610 3407 erat,
2655 3355 2776 3397 eam
2808 3357 2929 3412 qua!
2978 3358 3043 3399 ex
3080 3345 3382 3400 contrariis
3428 3361 3562 3400 con-

264 3441 524 3497 ἀϐουλίαν
552 3442 706 3513 ἡμῶν
753 3442 1095 3515 ἀδιόρθωτον.
1141 3441 1280 3495 Ἀλλ’
1303 3441 1493 3513 ἐπειδὴ
1526 3444 1640 3505 τοῖς
1679 3457 1856 3513 παρα-

1969 3439 2275 3502 temperata
2310 3440 2450 3496 erat,
2483 3434 2651 3485 vitam
2678 3433 2875 3488 ascivit
2905 3442 2958 3488 et
2992 3435 3282 3504 amplexus
3311 3446 3414 3491 est.
3450 3435 3559 3492 Sed

265 3533 530 3606 ϐεϐηκόσι
581 3533 673 3586 τὸν
725 3532 888 3603 νόμον
942 3535 971 3586 ὁ
1027 3533 1237 3604 κριθεὶς
1288 3532 1374 3585 ἐπ’
1427 3531 1577 3601 αὺτῷ
1631 3531 1861 3595 θάνατος

266 3626 583 3695 ἀναγκαίως
615 3623 1043 3696 ἐπηκολούθησε,
1093 3625 1214 3696 διχῆ
1253 3625 1485 3696 μερίσας
1511 3623 1612 3696 τὴν
1652 3623 1862 3695 ἀνθρω-

265 3717 431 3787 πίνην
463 3716 628 3788 ζωὴν,
675 3714 756 3780 εἷς
791 3733 852 3769 τε
891 3716 991 3788 τὴν
1017 3716 1105 3770 διὰ
1149 3716 1352 3789 σαρκὸς
1392 3716 1617 3788 ταύτην,
1649 3715 1744 3769 καὶ
1782 3717 1862 3780 εἰς

263 3811 365 3880 τὴν
399 3808 505 3877 ἔξω
536 3808 631 3863 τοῦ
662 3809 911 3881 σώματος
946 3808 1084 3883 μετά
1114 3808 1338 3879 ταύτην,
1371 3810 1431 3863 οὐ
1470 3814 1612 3863 κατὰ
1642 3809 1701 3862 τὸ
1739 3804 1859 3862 ἴσον

268 3901 466 3971 μέτρον
502 3899 591 3954 τοῦ
639 3901 1026 3973 διαστήματος,
1076 3901 1211 3954 ἀλλὰ
1239 3902 1337 3974 τὴν
1384 3903 1483 3973 μὲν
1534 3899 1860 3973 βραχυτάτῳ

261 3993 373 4047 τινὶ
400 3992 478 4064 τῷ
508 3992 741 4065 χρονικῷ
775 3993 1122 4065 περιγράψας
1155 3994 1297 4065 ὅρῳ·
1337 3993 1436 4064 τὴν
1484 3994 1541 4046 δὲ
1591 3994 1859 4065 παρατεί-

263 4103 361 4149 νας
398 4085 476 4155 (5)
521 4087 601 4150 εἰς
630 4085 692 4139 τὸ
734 4085 925 4149 ἀΐδιον,
958 4085 1209 4151 ἐξουσίαν
1256 4085 1455 4139 ἔδωκεν
1510 4085 1616 4139 ὑπὸ
1669 4085 1859 4156 φιλαν-

264 4177 535 4249 θρωπίας,
565 4180 624 4232 ἐν
743 4194 827 4241 τις
871 4177 1140 4249 βούλεται,
1173 4176 1379 4231 τούτων
1410 4177 1669 4250 ἐκάτερον
1714 4177 1859 4249 ἔχειν

263 4272 350 4343 (τό
370 4289 429 4324 τε
452 4271 655 4339 ἀγαθὸν
679 4270 823 4339 λέγω
850 4273 943 4325 καὶ
970 4271 1033 4325 τὸ
1060 4271 1275 4341 κακὸν),
1308 4269 1503 4340 ἦκατά
1523 4270 1613 4322 τὸν
1647 4269 1856 4340 βραχὺν

262 4362 452 4416 τοῦτον
482 4362 575 4415 καὶ
607 4360 895 4432 ὠκύμορον
922 4361 1057 4433 βίον,
1081 4362 1114 4431 ἤ
1151 4359 1291 4413 κατὰ
1315 4360 1440 4422 τοὺς
1465 4358 1856 4428 ἀτελευτήτους

262 4456 508 4518 ἐκείνους
548 4455 772 4521 αἰῶνας,
806 4448 879 4509 ὧν
907 4446 1100 4526 ’πέρας
1128 4455 1162 4526 ἡ
1203 4453 1427 4525 ἀπειρία
1459 4450 1624 4506 ἐστίν.
1675 4450 1856 4521 Ὁμω-

262 4545 451 4615 νύμως
485 4544 543 4598 δὲ
585 4543 878 4615 λεγομένου
915 4544 1011 4599 τοῦ
1045 4563 1105 4599 τε
1130 4543 1338 4613 ἀγαθοῦ
1374 4544 1469 4598 καὶ
1515 4541 1610 4597 τοῦ
1659 4541 1855 4606 κακοῦ,

262 4636 358 4689 καὶ
386 4635 645 4704 ἐκατέρου
677 4634 881 4689 τούτων
907 4636 984 4705 (ὁ)
1022 4635 1158 4707 πρὸς
1202 4636 1397 4706 διπλῆν
1442 4634 1650 4690 ἔννοιαν
1698 4652 1855 4705 μερι-

262 4726 494 4797 ζομένου
530 4726 688 4797 (πρὸς
730 4724 855 4781 νοῦν
882 4744 942 4781 τε
985 4727 1130 4795 λέγω
1168 4728 1263 4781 καὶ
1291 4726 1591 4797 αἴσθησιν),
1625 4728 1719 4779 καὶ
1749 4725 1856 4778 τῶν

1964 3539 2075 3579 non
2130 3523 2340 3595 absque
2383 3525 2725 3580 correctione
2788 3534 2842 3580 et
2895 3527 3282 3583 emendatione
3325 3536 3561 3584 temera-

1962 3619 2106 3674 rium
2149 3626 2205 3673 et
2260 3619 2519 3675 stolidum
2557 3619 2692 3674 illud
2739 3620 3035 3675 consilium
3086 3629 3338 3677 nostrum
3373 3622 3559 3677 divina

1965 3713 2312 3785 providentia
2358 3714 2604 3784 reliquit.
2667 3712 2774 3768 Sed
2817 3715 3079 3784 quoniam
3116 3724 3560 3787 transgressores

1962 3806 2098 3878 legis
2127 3819 2290 3877 pmna
2332 3809 2549 3868 mortis,
2599 3821 2720 3878 quae
2753 3807 2857 3878 legi
2887 3807 3101 3877 judicio
3135 3809 3329 3865 latoris
3360 3818 3415 3865 et
3456 3825 3556 3865 au-

1962 3899 2134 3955 ctoris
2162 3900 2282 3970 ejus
2317 3901 2566 3971 apposita
2593 3909 2735 3968 erat,
2769 3901 3088 3956 necessario
3121 3909 3419 3957 consecuta
3450 3910 3556 3967 est,

1962 3999 2326 4064 posteaquam
2368 3992 2536 4047 vitam
2578 3993 2878 4047 humanam
2913 3992 3169 4047 bifariam
3196 3994 3435 4063 partitus
3468 4008 3560 4049 es-

1967 4091 2076 4148 set,
2114 4096 2169 4139 et
2199 4085 2254 4138 in
2291 4084 2435 4140 hanc
2482 4100 2606 4155 quae
2636 4101 2733 4155 per
2768 4100 2991 4141 carnem
3027 4087 3369 4156 transigitur,
3417 4086 3557 4143 etin

1962 4175 2114 4230 illam
2164 4190 2288 4246 qum
2331 4185 2459 4246 post
2511 4177 2654 4231 hanc
2711 4184 2869 4232 extra
2909 4186 3117 4247 corpus
3148 4179 3386 4248 degitur,
3447 4193 3557 4233 non

1960 4267 2079 4335 pari
2109 4267 2384 4322 intervalli
2420 4267 2586 4321 modo
2617 4275 2783 4337 atque
2811 4282 3091 4334 mensura,
3121 4269 3215 4323 sed
3251 4268 3399 4323 illam
3429 4269 3557 4340 qui-

1963 4354 2085 4409 dem
2117 4356 2448 4411 brevissimo
2481 4356 2721 4427 quodam
2755 4359 2995 4413 termino
3033 4359 3299 4429 temporis
3352 4367 3406 4415 ct
3440 4376 3560 4432 spa-

1964 4446 2039 4501 tio
2065 4446 2540 4520 circumscripsit;
2573 4450 2718 4505 hanc
2740 4466 2870 4506 vero
2898 4451 2962 4505 ad
2993 4453 3358 4507 aeternitatem
3383 4470 3559 4526 usque

1962 4539 2210 4597 extendit
2244 4548 2413 4611 atque
2441 4540 2720 4611 produxit,
2752 4557 2816 4597 ac
2844 4541 3084 4615 benigno
3117 4552 3280 4615 atque
3314 4545 3556 4600 humano

1963 4634 2198 4689 consilio
2254 4649 2409 4700 usus,
2442 4642 2771 4708 potestatem
2817 4635 2989 4701 dedit,
3045 4643 3106 4691 ut
3155 4639 3210 4690 in
3265 4644 3389 4692 utra
3431 4638 3556 4709 quis

1962 4725 2075 4780 vita
2117 4726 2271 4789 velit,
2332 4726 2530 4782 horum
2588 4729 2919 4783 alterutrum
2964 4728 3164 4782 habeat
3194 4728 3421 4799 (bonum
3471 4730 3557 4784 in-

265 4819 366 4890 μέν
395 4818 553 4872 τοῦτο
581 4820 639 4872 ἐν
668 4818 872 4888 ἀγαθοῦ
926 4820 1089 4891 μοίρᾳ
1122 4821 1415 4892 κρινόντων
1457 4821 1595 4891 ὅπερ
1642 4819 1709 4873 ἂν
1752 4818 1852 4892 ἡδὺ

1965 4833 2123 4888 quam
2159 4826 2213 4873 et
2246 4818 2497 4890 malum),
2530 4818 2612 4874 vel
2646 4835 2742 4889 per
2765 4821 2982 4875 brevem
3008 4820 3147 4873 hanc
3174 4819 3484 4889 liuxamque
3505 4826 3559 4875 et

261 4913 328 4981 τῇ
358 4909 607 4981 αἰσθήσει
786 4927 801 4943 ·
832 4911 941 4964 τῶν
965 4911 1021 4964 δὲ
1054 4912 1212 4983 μόνον
1234 4911 1294 4966 τὸ
1331 4911 1472 4965 κατὰ
1504 4912 1744 4966 διάνοιαν
1775 4911 1851 4983 (5)

262 5000 635 5073 θεωρούμενον
680 5004 1123 5057 πεπιστευκότων
1170 5004 1375 5073 ἀγαθὸν
1424 5000 1562 5057 εἶναι
1597 5005 1690 5059 καὶ
1733 5006 1851 5058 ὀνο-

266 5092 554 5164 μάζεσθαι.
584 5088 680 5159 Οἷς
713 5095 810 5166 μὲν
835 5095 1183 5164 ἀγύμναστός
1214 5098 1360 5150 ἐστιν
1384 5098 1413 5150 ὁ
1449 5095 1728 5168 λογισμὸς,
1761 5096 1853 5151 καὶ

335 5292 448 5365 (89)
479 5294 550 5349 Ἦ
567 5293 676 5363 μή·
707 5295 752 5346 Α
775 5296 823 5365 εἰ
848 5295 945 5365 μή·

335 5362 447 5434 (90)
479 5362 745 5434 Λέγεται.
769 5364 813 5418 Α
843 5362 995 5419 addit
1022 5366 1189 5421 ἐστίν.

485 5432 649 5493 Κατά
677 5434 907 5508 ψυχήν.
941 5435 982 5488 B
1010 5432 1280 5508 xa'cdtfcigv

470 5506 795 5575 Προειπὼν.
826 5506 870 5558 Α
909 5506 1244 5577 προσειπών.

482 5574 884 5650 Λειτουργίαςλ
1064 5578 1163 5648 τὴν
1191 5574 1561 5650 λειτουργίαν.

332 5641 447 5716 (at)
484 5648 583 5712 Ὠς
606 5641 752 5702 άπῐ⁷
772 5648 815 5699 Α
845 5641 889 5716 ᾧ
913 5648 1028 5701 ἀπ’.

332 5716 446 5855 (95)
477 5718 640 5806 Μέγα
669 5736 745 5772 τι.
781 5719 970 5789 Δόγμα
1003 5720 1151 5775 addit
1179 5719 1238 5773 Β.

357 5787 442 5855 96)
477 5791 600 5843 Δια.
633 5790 673 5841 Α
709 5788 800 5841 διὰ
823 5789 1024 5855 δόγμα.

357 5787 442 5858 96)
477 5787 600 5843 Διά.
633 5790 673 5841 Α
709 5788 800 5841 διὰ
823 5787 1024 5858 δόγμα.

332 5858 442 5930 (97)
474 5858 824 5926 Μονοειδές.
859 5862 900 5914 A
938 5858 1202 5930 μονοειδῆ.

428 5366 448 5577 ξ

1961 4912 2226 4968 caducam
2276 4913 2468 4976 vitam,
2518 4913 2600 4968 vel
2659 4928 2757 4983 per
2798 4913 2890 4967 illa
2941 4914 3275 4983 sempiterna
3330 4912 3554 4976 sa'cula,

1962 5020 2196 5076 quorum
2239 5004 2509 5060 terminus
2559 5013 2645 5060 est
2680 5005 2950 5060 intlnitus.
2988 5004 3124 5059 Cum
3162 5012 3343 5058 autem
3381 5003 3556 5073 aequi-

1962 5112 2096 5154 vocc
2152 5096 2371 5152 dicatur
2411 5104 2466 5153 et
2500 5098 2703 5153 bonum
2760 5106 2814 5155 et
2870 5098 3102 5162 malum,
3156 5102 3322 5166 atque
3358 5095 3555 5150 horum

2033 5295 2144 5365 (98)
2186 5297 2258 5351 Ἠ
2272 5294 2421 5367 τῶν.
2439 5295 2479 5348 Β
2507 5296 2567 5367 τὸ
2591 5296 2710 5349 κατ’
2738 5296 2911 5367 ἀρχὰς
2937 5298 2969 5365 ἡ
2994 5294 3125 5367 τῶν.

2033 5366 2501 5439 (99)Μονοειδὲς
2525 5366 2617 5439 δέ.
2644 5369 2699 5439 _A
2719 5365 2787 5439 ⁸Β
2802 5365 3050 5439 μονοειδῆ
3089 5365 3169 5421 δέ.

2031 5435 2511 5507 (η’Ὀρωμέν-ην.
2558 5437 2599 5490 Α
2642 5436 2695 5507 [ξ
2713 5435 3118 5507 θεωρουμένην.

2052 5509 2108 5575 2)
2131 5505 2547 5577 Μαρτυρεῒται.
2590 5511 2634 5561 Α
2668 5505 2708 5560 Β
2739 5505 3100 5577 μαρτύρεται.

2054 5579 2110 5647 5)
2151 5579 2541 5650 Παρατείνας.
2612 5578 2657 5631 Α
2716 5578 2771 5631 in
2825 5585 2987 5632 textu'
3027 5578 3434 5650 παραγράψας,
3493 5578 3551 5634 in

1960 5648 2206 5721 margine
2235 5648 2595 5721 rrapottajvag,

2033 5692 2111 5791 (ὦ)
2150 5692 2401 5791 Τούτιδν.
2436 5718 2476 5770 Β
2496 5692 2721 5791 τούτου.

2149 5789 2446 5845 Aldromr.
2479 5788 2522 5844 A
2555 5788 2725 5856 addit,
2754 5789 2891 5862 ὅπερ
2914 5790 2979 5845 ἂν
3004 5785 3072 5863 ἦν
3096 5790 3488 5863 θεωρούμενον.
