3992 6442
458 389 531 447 83
1663 391 1721 448 S.
1763 389 2089 448 GREGORII
2125 389 2422 449 NYSSEM
3656 395 3727 451 84

459 502 840 575 utrumquein
889 501 1162 574 duplicem
1204 501 1544 558 intellectum
1585 503 1866 560 dividatur
1898 503 2032 573 (tum

2145 505 2229 560 τοῦ
2260 505 2524 576 βελτίονος
2545 503 2962 566 ἀνεπίσκεπτος,
2989 493 3138 556 οὗτοι
3161 501 3266 558 ὑπὸ
3283 491 3626 578 λαιμαργίαν
3645 514 3722 576 (ti)

457 594 516 649 in
555 601 818 658 mentem,
868 592 1120 664 inquam,
1169 599 1284 648 tum
1335 593 1390 648 in
1436 593 1707 665 sensum),
1737 603 1902 666 atque
1948 593 2040 648 alii

2145 600 2200 652 ἑν
2227 597 2306 667 τῷ
2328 599 2568 670 σαρκίνῳ
2603 596 2702 668 βίῳ
2732 597 2833 668 τὴν
2863 597 3314 670 χρεωστουμένην
3335 601 3404 671 τῇ
3440 597 3603 669 φύσει
3629 602 3728 654 τοῦ

456 683 700 754 quidem,
750 683 900 755 quod
952 684 1142 740 sensui
1196 699 1367 742 suave
1419 694 1476 742 et
1520 685 1825 756 jucundum
1861 686 2037 740 visum

2145 687 2345 756 ἀγαθοῦ
2406 691 2600 759 μοῖραν
2661 690 3181 760 προαναλίσκουσιν,
3230 690 3382 744 οὐδὲν
3439 690 3520 762 τῷ
3586 692 3728 762 μετά

458 772 649 840 fuerit,
678 774 732 830 id
781 775 906 832 loco
945 776 1075 832 boni
1126 776 1408 832 habeant:
1443 776 1537 832 alii
1564 792 1712 843 vero,
1760 777 1814 832 id
1857 777 2037 832 solum

2145 780 2310 835 ταῦτα
2336 780 2437 852 βίῳ
2477 782 2892 853 ταμιευόμενοι·
2929 785 2978 837 oi
3028 781 3085 836 δὲ
3115 781 3360 854 λογισμῷ
3399 782 3728 854 διακριτικῷ

456 865 662 921 bonum
701 874 758 923 et
792 884 917 924 esse
961 877 1016 924 et
1043 869 1317 924 nominari
1355 868 1604 934 credam,
1635 871 1782 939 quod
1824 869 2036 938 cogita-

2145 887 2198 923 τε
2225 869 2322 924 καὶ
2366 869 2604 942 σώφρονι
2630 871 2728 939 τὴν
2762 871 2970 926 ἑαυτῶν
3015 871 3429 942 οίκονομοῦντες
3462 870 3631 942 ζωὴν,
3667 872 3728 926 ἐν

456 955 608 1014 tione
643 971 710 1012 ac
741 958 944 1015 mentis
985 959 1284 1031 agitatione
1333 959 1788 1015 animadvertitur
1821 967 1876 1014 et
1904 973 2039 1014 con-

2145 959 2220 1032 τῷ
2243 961 2436 1032 βραχεῖ
2462 961 2637 1033 τούτῳ
2667 961 2784 1032 βίῳ,
2815 961 2904 1015 διὰ
2940 961 3046 1015 τῶν
3076 962 3177 1032 τὴν
3207 961 3460 1033 αἴσθησιν
3491 961 3726 1014 λυπούν-

457 1046 758 1117 sideratur,
809 1051 1012 1120 quibus
1053 1051 1276 1123 quidem
1337 1051 1696 1108 inexercitata
1745 1051 1887 1106 ratio
1929 1060 2034 1116 est,

2145 1070 2251 1106 των
2272 1052 2703 1128 ἀνιαθέντεςητῷ
2724 1053 2921 1122 ἐφεξῆς
2946 1053 3100 1107 αἰῶνι
3121 1053 3183 1106 τὸ
3213 1052 3415 1121 ἀγαθὸν
3442 1052 3726 1124 ταμιεύον-

460 1145 520 1192 ut
545 1139 678 1210 quid
708 1141 906 1198 melius
936 1143 1011 1200 sit
1036 1142 1390 1200 considerare
1417 1157 1526 1200 nou
1559 1143 1797 1214 possint,
1834 1141 1914 1205 hi,
1943 1157 2038 1212 per

2145 1157 2254 1205 ται,
2300 1140 2440 1195 ὥστε
2490 1142 2674 1206 αὐτοῖς
2717 1144 2783 1214 τῇ
2827 1142 2982 1213 ἀϊδίῳ
3019 1141 3133 1213 ζωῇ
3166 1142 3266 1214 τὴν
3299 1143 3537 1214 κρείττω
3569 1141 3726 1214 λῆξιν

459 1231 758 1302 ingluviem
789 1241 845 1290 et
876 1235 1382 1306 intemperantiam,
1421 1234 1477 1289 in
1511 1233 1720 1288 carnali
1762 1233 1873 1288 vita
1915 1246 2036 1288 eam

2145 1233 2697 1305 συμπαρατείνεσθαι.

433 1336 582 1392 .quze
671 1333 884 1380 natura;
932 1325 1171 1381 debetur
1225 1325 1361 1381 boni
1415 1331 1622 1381 sortem
1681 1329 1809 1379 ante
1859 1328 2077 1390 tempus
2150 1330 2486 1378 consumunt
2524 1333 2689 1394 atque
2741 1319 3102 1394 profundunt,
3155 1323 3293 1378 nihil
3343 1322 3400 1377 in
3440 1337 3564 1378 eam
3603 1339 3728 1393 qua

462 1413 690 1483 posthac
757 1414 945 1471 futura
992 1426 1080 1473 est
1161 1417 1332 1472 vitam
1411 1423 1761 1472 reservantes
1835 1420 1890 1468 et
1935 1419 2378 1484 compareentes;
2437 1414 2530 1468 alii
2585 1428 2732 1470 vero-
2768 1415 2984 1472 ratione
3043 1429 3179 1472 sana
3234 1429 3300 1470 ac
3341 1414 3728 1485 dijudicatrice

459 1521 616 1563 suam
645 1507 811 1563 vitam
850 1509 1242 1580 gubernantes,
1285 1510 1344 1564 in
1381 1510 1484 1565 hac
1514 1509 1663 1564 brevi
1709 1507 1822 1563 vita
1884 1520 1982 1577 per
2005 1521 2068 1562 ea
2105 1521 2229 1578 qua:
2272 1521 2493 1562 sensum
2545 1507 2752 1562 laedunt
2817 1509 3128 1565 contristati
3179 1517 3345 1582 atque
3388 1511 3596 1572 vexati,
3667 1509 3724 1564 in

461 1599 707 1656 futurum
757 1602 1022 1658 saeculum
1071 1601 1276 1658 bonum
1323 1609 1686 1672 comparcunt
1743 1609 1912 1673 atque
1957 1601 2286 1667 recondunt,
2330 1609 2388 1656 ut
2416 1599 2520 1656 sibi
2585 1613 2696 1656 una
2745 1615 2871 1657 cum
2935 1602 3274 1674 sempiterna
3341 1602 3450 1659 vita
3527 1600 3726 1658 melior

460 1707 582 1750 sors
607 1693 936 1749 extendatur
964 1701 1127 1763 atque
1157 1701 1507 1765 prorogetur.

528 1853 628 1910 llic
666 1853 856 1926 igitur,
907 1863 967 1910 ut
1014 1869 1136 1912 mea
1191 1854 1411 1926 quidem
1463 1852 1652 1924 opinio
1678 1850 1803 1920 fert,
1859 1795 2114 1906 hiatusB

458 1945 551 2001 ille
574 1953 681 2012 est,
709 1947 800 2018 qui
828 1962 938 2002 non
969 1955 1117 2002 terra
1156 1945 1476 2002 discedente
1504 1953 1668 2016 atque
1708 1943 1929 1999 diducta
1957 1941 2039 2008 fit,

2213 1851 2382 1908 Τοῦτο
2429 1847 2520 1908 οὖν
2568 1855 2734 1918 ἐστιν,
2769 1853 2846 1920 ῶς
2881 1872 2945 1923 γε
2981 1855 3011 1909 ό
3042 1854 3176 1926 ἐμὸς
3204 1855 3383 1924 λόγος,
3416 1855 3478 1910 τὸ
3505 1857 3722 1929 χάσμα,

2139 1947 2170 2002 δ
2201 1947 2321 2017 οὐχὶ
2353 1946 2454 2016 γῆς
2483 1944 2810 2017 διασχούσης
2843 1946 3072 2014 γίνεται,
3104 1947 3220 2002 ἀλλ’
3250 1948 3283 2017 ἡ
3320 1947 3396 2018 (7)
3431 1948 3584 2019 παρὰ
3631 1949 3722 2004 τδν

458 2037 556 2096 sed
586 2053 750 2109 quem
782 2037 1056 2107 judicium
1106 2052 1206 2108 per
1249 2037 1392 2092 hanc
1444 2037 1615 2092 vitam
1669 2035 1726 2092 in
1765 2034 2042 2090 contraria

458 2127 642 2188 studia
693 2135 862 2200 atque
911 2129 1167 2185 instituta
1221 2127 1461 2185 divisum
1531 2134 1697 2198 atque
1755 2126 2040 2183 diductum

459 2218 610 2276 facit.
640 2219 776 2276 Nam
805 2221 900 2292 qui
929 2222 1098 2280 semel
1122 2219 1392 2292 quidquid
1425 2220 1479 2274 in
1509 2219 1614 2274 hac
1640 2219 1750 2274 vita
1781 2231 1950 2274 suave
1977 2231 2043 2273 ac

455 2311 760 2382 jucundum
793 2319 880 2369 est
905 2311 1154 2383 elegerit,
1189 2326 1290 2366 nec
1323 2309 1651 2382 pmnitentia
1677 2309 1880 2364 ductus
1923 2314 2042 2364 sto.

461 2401 632 2457 lidum
689 2417 754 2456 ac
805 2401 1160 2458 temerarium
1227 2415 1391 2458 suum
1459 2399 1752 2456 consilium
1816 2398 2043 2470 corrigit

461 2503 627 2566 atque
661 2494 940 2559 emendat,
985 2493 1332 2550 inaccessum
1370 2501 1426 2549 et
1463 2493 1669 2548 invium
1719 2490 1824 2546 sibi
1859 2490 2040 2546 locum

459 2585 730 2640 bonorum
771 2584 1004 2655 posthac
1051 2583 1236 2650 efficit,
1289 2597 1414 2638 cum
1457 2583 1604 2636 hanc
1645 2579 2037 2643 inevitabilem,

460 2689 583 2746 quae
621 2675 848 2731 transiri
895 2690 1004 2732 non
1060 2675 1257 2746 possit,
1309 2673 1720 2738 necessitatem,
1776 2679 2038 2742 tanquam

458 2763 783 2821 barathrum
811 2765 1087 2837 quoddam
1128 2775 1345 2821 vastum
1375 2771 1428 2820 et
1458 2763 1692 2828 invium,
1725 2775 1834 2833 qua
1863 2770 2042 2816 trans-

460 2857 530 2912 iri
579 2871 687 2912 non
738 2857 937 2929 possit,
993 2857 1264 2913 adversus
1311 2869 1436 2912 sese
1480 2852 1804 2924 perfoderit.
1835 2850 2039 2919 Quam-

457 2949 646 3004 obrem
694 2949 896 3003 bonum
938 2963 1158 3018 quoque
1209 2947 1407 3002 anima;
1439 2953 1668 3009 statum,
1719 2944 1775 2998 in
1803 2958 1911 3014 quo
1939 2957 2039 3012 pa-

460 3039 664 3095 tientiae
715 3039 975 3094 athletam
1031 3055 1216 3096 sermo
1260 3039 1606 3110 requiescere
1655 3036 1809 3102 facit,
1856 3035 2036 3092 sinum

2141 2036 2256 2108 βίον
2287 2035 2469 2106 κρίσις
2514 2033 2651 2106 πρὸς
2697 2035 2798 2099 τὰς
2843 2037 3090 2100 ἐναντίας
3140 2037 3485 2108 προαιρέσεις
3515 2036 3725 2110 διασχι-

2140 2125 2332 2180 σθείσα
2373 2124 2537 2179 ποιεῖ.
2598 2123 2656 2178 Ὁ
2708 2124 2818 2196 γὰρ
2857 2125 3008 2191 ἅπαξ
3049 2125 3112 2180 τὸ
3160 2126 3258 2198 ἡδὺ
3296 2129 3438 2182 κατά
3479 2131 3570 2183 τὸν
3607 2130 3723 2200 βίον

2138 2215 2326 2270 τοῦτον
2355 2214 2642 2286 ἑλκόμενος
2674 2214 2774 2286 (8),
2814 2216 2909 2270 καὶ
2937 2216 3013 2288 μὴ
3043 2216 3386 2290 θεραπεύσας
3415 2222 3492 2292 (9i
3525 2225 3591 2278 ἐκ
3625 2243 3723 2296 με-

2140 2304 2432 2373 ταμελείας
2477 2305 2576 2375 τὴν
2606 2303 2884 2372 ἀϐουλίαν,
2931 2306 3132 2363 ἀδατον
3168 2309 3347 2382 ἐαυτῷ
3379 2312 3520 2383 μετὰ
3548 2314 3722 2371 ταῦτα

2138 2393 2238 2466 τὴν
2261 2393 2371 2447 τῶν
2404 2395 2620 2463 ἀγαθῶν
2649 2395 2832 2468 χώραν
2870 2395 2985 2467 (10)
3023 2399 3338 2470 ἐργάζεται,
3368 2405 3470 2477 τὴν
3495 2405 3724 2461 ἀδιάϐα-

2138 2505 2232 2542 τον
2266 2487 2469 2558 ταύτην
2501 2489 2766 2562 ἀνάγκην,
2812 2491 3061 2563 καθάπερ
3113 2510 3166 2546 τι
3217 2494 3489 2569 βάραθρον
3524 2499 3724 2570 ἀχανές

2138 2597 2200 2634 τε
2237 2579 2330 2634 καὶ
2370 2581 2735 2652 ἀπαρόδευτον
2780 2582 2902 2636 καθ’
2941 2583 3136 2638 ἑαυτοῦ
3180 2585 3451 2658 διορύξας.
3491 2590 3585 2643 Διό
3632 2608 3724 2660 μοι

2138 2673 2288 2726 δοκεῖ
2335 2673 2426 2727 καὶ
2466 2673 2566 2744 τὴν
2595 2673 2808 2745 ἀγαθὴν
2838 2676 2938 2746 τῆς
2964 2675 3144 2748 ψυχῆς
3185 2679 3539 2746 κατάστασιν,
3579 2683 3638 2735 ὲν

2137 2765 2231 2819 τὸν
2261 2764 2361 2836 τῆς
2395 2765 2672 2835 ὑπομονῆς
2700 2764 2936 2837 ἀθλητὴν
2958 2767 3227 2822 ἀναπαύει
3257 2771 3284 2823 ό
3314 2769 3490 2839 λόγος.
3522 2773 3722 2827 κόλπον

2137 2857 2232 2911 τοῦ
2288 2855 2540 2928 ’Δσραὰμ
2575 2855 2858 2926 ὀνομάσαι.
2913 2857 3136 2929 Πρῶτος
3184 2860 3291 2932 γὰρ
3335 2856 3492 2926 οὗτος
3537 2865 3568 2917 ό
3615 2881 3724 2916 πα-

2137 2944 2403 3016 τριάρχης
2473 2945 2581 2999 τῶν
2636 2945 2855 2999 πώποτε
2921 2949 3221 3016 γεγονότων
3281 2950 3564 3022 ἱστόρηται
3623 2953 3724 3022 τὴν

2142 3037 2336 3090 ἐλπίδα
2375 3037 2484 3089 τῶν
2528 3035 2829 3107 μελλόντων
2854 3038 2955 3108 τῆς
2979 3039 3333 3104 ἀπολαύσεως
3369 3043 3479 3096 τῶν
3517 3045 3723 3115 παρόν.

459 3130 693 3186 Abraba:
733 3131 1052 3186 nominasse
1080 3131 1216 3185 mihi
1245 3131 1478 3186 videtur.
1509 3127 1730 3182 Primus
1763 3127 1907 3182 enim
1950 3126 2040 3180 hic

2145 3146 2250 3182 των
2298 3128 2784 3199 ἀνταλλαξάμενος,
2823 3129 2881 3193 ὃς
2911 3147 2973 3198 γε
3024 3131 3243 3186 πάντων
3280 3135 3608 3204 γυμνωθεὶς,
3667 3139 3725 3192 ὲν

457 3220 774 3290 patriarcha
813 3237 881 3276 ex
925 3221 992 3276 iis
1023 3221 1118 3290 qui
1145 3221 1274 3276 olim
1321 3218 1565 3286 fuerunt,
1605 3231 1730 3272 cum
1767 3233 1863 3287 spe
1897 3215 2040 3270 lutu-

461 3327 671 3380 rorum,
700 3311 1054 3383 praesentium
1090 3301 1504 3368 commodorum
1545 3323 1707 3366 usum
1750 3319 1914 3376 atque
1941 3323 2037 3364 vo-

461 3405 725 3475 luptatem
756 3415 1128 3460 commutasse
1154 3410 1512 3465 memoratur,
1539 3402 1635 3473 qui
1659 3401 1881 3469 quidem
1914 3413 2035 3453 om-

461 3496 626 3552 nibus
657 3495 917 3560 nudatus,
947 3496 1002 3550 in
1026 3495 1230 3566 quibus
1261 3494 1312 3550 ei
1339 3494 1452 3548 vita
1481 3493 1551 3548 ab
1579 3492 1736 3547 initio
1766 3491 2038 3547 consiste-

459 3586 576 3654 bat,
635 3585 777 3642 iuter
829 3587 1038 3643 alienos
1087 3584 1546 3650 conversabatur,
1600 3593 1657 3640 et
1697 3581 2038 3638 domicilium

459 3677 718 3743 habebat,
756 3694 854 3749 per
899 3677 1226 3735 afﬂictiones
1269 3684 1324 3733 et
1370 3674 1716 3731 incommoda
1749 3673 2039 3745 praesentis

460 3767 606 3834 vitae,
630 3781 750 3822 eam
782 3783 904 3837 quae
933 3774 1186 3836 speratur
1226 3767 1622 3822 beatitudinem
1666 3779 1940 3836 quaerens.
1971 3761 2042 3817 Ut

461 3855 634 3928 igitur
663 3864 868 3912 certam
921 3857 1160 3928 aliquam
1203 3856 1381 3928 pelagi
1431 3864 1644 3928 partem
1689 3854 2042 3910 circumscri-

461 3955 636 4018 ptam,
659 3963 758 4018 per
807 3949 1045 4003 abusum
1078 3947 1394 4019 quemdam,
1435 3946 1618 4002 sinum
1665 3945 2039 4010 nominamus,

461 4040 536 4094 ita
571 4039 706 4095 mihi
738 4054 921 4096 sermo
955 4040 1176 4119 nomine
1206 4039 1362 4096 sinus
1392 4039 1788 4095 immensorum
1820 4036 2041 4092 illorum

457 4138 776 4189 nostrorum
831 4132 1103 4188 bonorum
1157 4132 1685 4188 demonstrationem
1731 4130 2044 4202 significare

459 4225 676 4284 videtur
704 4245 718 4282 :
747 4227 804 4282 in
848 4241 958 4298 quo
988 4227 1112 4284 sinu
1158 4226 1306 4283 bono
1337 4240 1552 4291 omnes,
1597 4225 1692 4294 qui
1727 4239 1825 4296 per
1853 4225 2042 4286 virtu—

459 4326 571 4373 tem
613 4317 905 4388 praasentis
941 4317 1068 4374 vita
1109 4331 1334 4373 cursum
1381 4314 1705 4379 conﬁciunt,
1741 4329 1865 4370 cum
1912 4314 2043 4372 hinc

460 4409 748 4473 solverint,
775 4417 1040 4479 tanquam
1080 4407 1138 4464 in
1177 4417 1339 4478 portu
1366 4421 1477 4463 non
1505 4407 1747 4463 obnoxio
1774 4406 2038 4464 fluctuum

2143 3215 2224 3283 οἷς
2247 3215 2316 3290 ἦν
2344 3218 2494 3289 αὐτῷ
2523 3218 2802 3290 καταρχὰς
2831 3220 2864 3290 ὴ
2891 3218 3024 3291 ζωὴ,
3060 3221 3118 3274 ὲν
3148 3220 3448 3290 ἀλλοτρίοις
3479 3219 3595 3294 εἶχε
3623 3225 3726 3296 τὴν

2142 3311 2373 3376 δίαιταν,
2410 3309 2499 3363 διὰ
2543 3311 2642 3381 τῆς
2673 3309 2956 3381 παρούσης
3000 3311 3388 3378 κακοπαθείας,
3434 3313 3534 3382 τὴν
3570 3315 3726 3368 ἐλπι-

2145 3401 2379 3474 ζομένην
2427 3403 2721 3476 εὐκληρίαν
2757 3405 3213 3476 ἐμπορευόμενος.
3249 3405 3461 3477 Ὥσπερ
3493 3401 3586 3460 οὖν
3625 3407 3726 3480 τὴν

2145 3492 2306 3546 ποιὰν
2346 3491 2442 3546 τοῦ
2494 3493 2763 3562 πελάγους
2809 3495 3159 3566 περιγραφὴν
3209 3497 3275 3550 ὲκ
3333 3497 3726 3568 καταχρήσεώς

2144 3601 2288 3648 τινος
2321 3585 2660 3657 ὀνομάζομεν
2693 3585 2911 3650 κόλπον,
2947 3587 3088 3642 οὕτω
3123 3587 3234 3659 (11)
3267 3588 3416 3642 δοκεῖ
3450 3589 3560 3642 τῶν
3592 3590 3729 3660 ἀμε-

2144 3675 2362 3746 τρήτων
2392 3675 2615 3730 ἐκείνων
2641 3677 2862 3746 ἀγαθῶν
2901 3677 2999 3750 τὴν
3029 3677 3252 3746 ἔνδειξιν
3277 3681 3306 3734 ό
3337 3680 3492 3748 λόγος
3522 3680 3602 3751 τῷ
3633 3682 3728 3736 τοῦ

2147 3765 2348 3820 κόλπου
2380 3766 2752 3838 διασημαίνειν
2779 3769 3026 3840 ὀνόματι,
3056 3763 3102 3838 ᾧ
3132 3771 3332 3834 πάντες
3355 3774 3405 3826 oi
3431 3771 3496 3826 δι’
3523 3773 3731 3844 ἀρετῆς

2145 3857 2235 3911 τὸν
2268 3858 2512 3928 παρόντα
2551 3857 2893 3923 διαπλέοντες
2935 3859 3072 3930 βίον,
3103 3861 3232 3914 ὅταν
3262 3859 3512 3915 ἐντεῦθεν
3555 3863 3729 3916 ἀπαί-

2149 3967 2315 4022 ρωσιν
2375 3948 2525 4020 (12),
2579 3949 2768 4022 ὥσπερ
2833 3953 2891 4005 ὲν
2941 3951 3337 4025 ἀκατακλύστῳ
3409 3952 3590 4022 λιμένι
3651 3955 3731 4025 τῷ

2146 4041 2338 4113 ἀγαθῷ
2369 4041 2557 4112 κόλπῳ
2598 4041 2697 4106 τὰς
2731 4043 2907 4114 ψυχὰς
2937 4044 3315 4117 ἐνορμιζονται
3368 4043 3504 4118 (13),
3535 4049 3652 4110 τοῖς
3673 4047 3733 4102 δὲ

2146 4134 2354 4198 λοιποῖς
2387 4135 2421 4206 ἡ
2463 4133 2572 4187 τῶν
2618 4135 2957 4206 φαινομένων
2992 4135 3175 4200 αὐτοῖς
3211 4136 3430 4206 ἀγαθῶν
3474 4136 3730 4208 στέρησις

2149 4224 2279 4294 φλὸξ
2307 4225 2514 4294 γίνεται
2537 4225 2635 4297 τὴν
2657 4225 2834 4297 ψυχὴν
2861 4226 3019 4298 διασμ
3029 4227 3231 4298 ύχουσα
3252 4228 3388 4300 (ll),
3411 4227 3626 4298 ρανίδος
3649 4245 3733 4282 τι·-

2147 4313 2235 4379 νὺς
2271 4314 2338 4367 ὲκ
2367 4313 2464 4368 τοῦ
2493 4312 2762 4383 πελάγους
2791 4313 2900 4369 τῶν
2923 4316 3051 4380 τοὺς
3085 4315 3264 4381 ὁσίους
3295 4315 3731 4387 περικλυζόντων

2147 4404 2369 4475 ἀγαθῶν
2399 4406 2477 4470 είς
2506 4404 2858 4477 παραμυθίαν
2889 4407 3282 4480 προσδεομένη,
3313 4408 3406 4462 καὶ
3435 4407 3497 4462 ού
3526 4409 3732 4478 τυγχὰο

460 4500 742 4572 procellis,
780 4499 994 4555 animas
1021 4501 1283 4570 appulsas
1313 4515 1380 4556 ac
1402 4501 1560 4570 quasi
1585 4499 1891 4556 subductas
1921 4507 2035 4556 sta-

2145 4514 2332 4552 νουσα.
2368 4496 2626 4552 Γλῶσσαν
2658 4497 2714 4550 δὲ
2743 4500 2838 4553 καὶ
2866 4497 3164 4570 ὀφθαλμὸν,
3191 4499 3287 4553 καὶ
3318 4499 3604 4564 δάκτυλον,
3637 4499 3730 4553 καὶ

459 4595 646 4644 tuunt.
677 4587 927 4661 Reliquis
964 4599 1146 4645 autem
1195 4605 1385 4646 eorum
1441 4605 1564 4661 quae
1611 4591 1755 4645 bona
1789 4591 2043 4647 videntur

460 4681 542 4738 eis
596 4681 796 4753 eiectio
831 4681 1181 4752 privatioque
1223 4679 1445 4735 ﬂamma
1494 4680 1733 4734 animam
1775 4695 2042 4749 perurens

461 4773 700 4838 exsistit,
729 4780 936 4844 guttam
981 4773 1221 4844 aliquam
1265 4787 1332 4828 ex
1366 4772 1556 4843 pelago
1593 4771 1884 4835 bonorum,
1919 4773 2042 4842 qui-

459 4865 566 4922 bus
597 4865 778 4922 sancti
811 4864 1041 4920 affluunt
1066 4871 1123 4919 et
1157 4862 1461 4930 abundant,
1492 4861 1561 4917 ad
1608 4861 2042 4918 consolationem

462 4954 806 5025 desiderans,
837 4965 893 5014 et
925 4973 1037 5012 non
1068 4956 1404 5028 adipisceus.
1437 4955 1610 5010 Porro
1637 4967 1762 5008 cum
1788 4953 2041 5024 linguam

463 5055 517 5102 et
547 5051 771 5106 oculum
799 5059 855 5106 et
896 5049 1154 5122 digitum,
1189 5048 1514 5119 reliquaque
1547 5045 1775 5102 nomina
1817 5045 1885 5100 ad
1920 5060 2043 5100 cor-

463 5152 566 5206 pus
593 5141 926 5212 pertinentia
959 5144 1016 5198 in
1057 5141 1336 5212 colloquio
1363 5139 1814 5209 incorporearum
1865 5136 2043 5191 anim-

421 5313 438 5322 κ
653 5325 1047 5394 ᾼαιμαρτίανχ
1075 5324 1118 5377 Α
1141 5322 1185 5376 Β
1213 5321 1386 5392 λαιμα

537 5391 616 5460 (7)
657 5391 809 5444 Ἀλλ’
840 5391 901 5458 ἠζ
933 5395 978 5446 Α
1001 5392 1120 5446 ἀλλ’
1147 5393 1178 5446 δ
1209 5395 1266 5460 ἠ.

538 5459 616 5532 (δ)
650 5460 1024 5532 Ἑλκόμενος.
1052 5467 1097 5516 Δ
1126 5461 1170 5516 Β
1192 5459 1468 5532 ἑλόμενος.

538 5527 618 5599 (9)
645 5531 1047 5599 Θεραπεύσας.
1087 5534 1132 5584 Α
1157 5533 1213 5584 in
1240 5527 1394 5585 textu
1415 5527 1764 5599 θεραπεύσας
1791 5529 1854 5580 ἐκ
1881 5545 2044 5598 μετα-

467 5595 922 5670 δούλῖας-ἀὸατ-ον
943 5615 965 5670 ᾗ
996 5603 1054 5670 in
1078 5601 1342 5670 margine
1372 5615 1387 5654 :
1421 5595 1516 5654 καὶ
1545 5598 1624 5669 μὴ
1658 5598 1721 5650 ὲκ
1757 5595 2043 5668 μετανοίας

470 5666 789 5738 θεραπεύων
817 5667 915 5738 τὴν
943 5667 1218 5738 ἀϐουλίαν.

542 5735 653 5810 (10)
689 5735 811 5810 Τὴν
832 5735 1046 5810 χώραχο
1069 5737 1116 5810 ἐκ
1147 5736 1189 5788 Β
1223 5736 1316 5788 τδν
1344 5737 1538 5810 χῶρον-

542 5803 654 5879 (11)
684 5803 864 5861 Οὕτω,
895 5803 938 5860 Α
972 5803 1015 5858 Β
1038 5804 1180 5858 οὕτω
1211 5821 1318 5875 μοι.

1391 5321 1568 5391 ργίας.

2147 4590 2216 4645 τά
2238 4587 2403 4643 λοιπά
2441 4587 2550 4643 τῶν
2589 4589 2913 4660 σωματικῶν
2953 4589 3233 4661 ὀνομάτων
3281 4591 3340 4643 ἐν
3386 4588 3465 4660 τῷ
3489 4589 3726 4661 διαλόγῳ

2149 4683 2258 4737 τῶν
2289 4681 2598 4752 ἀσωμάτων
2665 4680 2881 4751 βλέπων
2923 4721 2938 4748 ,
2980 4682 3073 4736 τὸν
3111 4680 3558 4752 καταστοχασμὸν
3591 4680 3730 4752 (15),

2149 4777 2282 4847 ἡμῖν
2340 4772 2442 4844 ἤδη
2502 4771 2743 4844 νοηθέντι
2790 4775 2918 4844 περὶ
2960 4772 3139 4844 ψυχῆς
3197 4772 3341 4842 λόγῳ
3423 4769 3730 4842 συμφώνως

2150 4865 2295 4937 ἔχειν
2312 4863 2688 4936 ὁμολογήσεις,
2726 4864 3160 4936 ἐπισκεψάμενος
3177 4864 3286 4918 τῶν
3318 4862 3496 4936 ῥητῶν
3516 4863 3663 4935 (ιϐ-1
3675 4863 3730 4930 ’7)

2149 4959 2248 5030 τὴν
2289 4957 2546 5012 διάνοιαν.
2585 4956 2796 5028 Ὠσπερ
2824 4957 2934 5030 γὰρ
2966 4956 3078 5026 (18)
3115 4955 3237 5010 ὅλου
3272 4955 3368 5010 τοῦ
3412 4953 3664 5026 σώματος
3692 4957 3728 5027 ἡ

2149 5048 2257 5102 τῶν
2307 5045 2586 5119 στοιχείων
2643 5045 2914 5118 συνδρομὴ
2962 5047 3108 5098 ποιεῖ
3149 5043 3248 5116 τὴν
3293 5043 3516 5108 οὐσίαν,
3553 5040 3730 5105 οὕτως

2149 5141 2298 5204 είκδς
2344 5137 2574 5195 καὶτῶν
2619 5138 2674 5192 ὲν
2715 5138 2794 5210 τῷ
2837 5137 3049 5208 σώματι
3095 5136 3276 5208 μερῶν
3309 5140 3374 5191 ὲκ
3402 5135 3504 5207 τῆς
3557 5133 3730 5205 αὐτῆς

2242 5321 2328 5391 12)
2375 5319 2754 5391 Ἀπαίρῳρνιν.
2787 5318 2830 5372 Α
2850 5317 2893 5391 8
2925 5318 3232 5391 ἀπάρωσιν.

2241 5385 2330 5460 15)
2369 5385 2824 5460 Ἐνορμιζονται.
2853 5390 2900 5460 Δ
2933 5389 2986 5460 in
3015 5385 3261 5460 margine
3298 5385 3668 5458 ὲνορμίζουσι.

2240 5458 2328 5532 14)
2365 5459 2812 5528 Διασμύχουσα.
2863 5459 2907 5510 Α
2930 5458 3329 5532 διασμήχουσα.

2239 5523 2326 5601 15)
2363 5533 2478 5601 Τόν
2510 5523 3042 5601 ὂιαξαστοχασμόν,
3061 5523 3172 5588 ac:
3199 5529 3243 5580 A
3269 5524 3308 5580 Β
3331 5523 3410 5598 τῷ
3441 5525 3582 5582 κατά
3606 5545 3730 5585 στο-

2141 5596 2350 5670 χασμδν
2373 5600 2490 5670 ἤδη
2513 5596 2778 5670 νοηθέντιζ

2221 5665 2366 5738 (l6-l
2381 5665 2432 5736 7)
2463 5665 2720 5740 "meum.
2753 5667 2791 5721 Β
2806 5667 3103 5740 ῥημάτων.

2223 5735 2334 5812 (18)
2371 5735 2601 5805 ’Ὠσπερ
2630 5735 2755 5806 γάρ.
2794 5735 2837 5791 Ᾱ
2856 5735 2929 5802 ὡς
2951 5739 3077 5814 γάρ.
