3992 6454
266 365 334 424 85
1331 368 1419 423 DE
1456 369 1676 428 ANIMA
1724 372 1814 427 ET
1849 373 2451 443 RESURRECTJONE.
2622 390 2626 394 '
3449 377 3544 433 86'-

264 481 431 544 αίτεας
468 479 582 551 (l9)
632 479 1084 552 συμπληροῦσθαι
1125 479 1221 551 τὴν
1255 480 1437 551 φύσιν.
1481 483 1543 536 Et
1569 480 1663 537 οὖν
1702 470 1840 554 πάρ-

1943 483 2201 549 advertis,
2239 486 2286 540 si
2322 485 2615 540 verborum
2665 490 2992 541 sententiam
3027 485 3354 555 inspexeris,
3390 499 3514 543 cum

265 587 400 623 εστιν
427 570 460 638 ὴ
489 568 642 639 ψυχὴ
668 570 790 632 τοῖς
813 572 876 622 ἐκ
903 569 992 623 τοῦ
1031 568 1278 641 σώματος
1306 573 1588 641 στοιχείοις
1613 573 1749 645 πρὸς
1777 574 1838 629 τὸ

1972 576 2201 646 νρίιιὶοηο
2240 591 2403 647 quam
2473 576 2586 646 jam
2648 590 2744 648 per
2792 577 3164 647 conjecturam
3218 578 3285 635 de
3337 581 3548 633 animal

266 662 365 715 πᾶν
407 659 799 730 ἀναμιχθεῖσιν
828 658 961 729 (20),
993 661 1053 713 οὐ
1105 661 1263 731 μόνον
1306 662 1369 716 τὸ
1414 664 1685 736 πλήρωμα
1728 665 1838 719 τῶν

1943 675 2133 723 mente
2154 675 2420 738 concepta
2464 668 2820 738 exposuimus
2859 669 3155 725 convenire
3210 685 3317 724 non
3351 684 3516 741 nega—

264 754 337 815 είς
379 749 498 804 ὅλον
555 747 621 802 τὸ
683 749 962 821 σύγκριμα
1010 749 1524 822 συνδεδραμηκότων
1562 753 1834 823 γνωρίσει,

1950 760 2049 815 bis.
2090 758 2161 815 Ut
2186 760 2330 816 enim
2363 775 2669 816 concursus
2689 761 3083 818 elementorum
3125 761 3293 816 totius
3325 774 3526 829 corpov

266 841 349 896 καὶ
391 842 451 893 ἐν
478 840 676 903 αὐτοῖς
725 839 908 893 ἔσται*
955 839 1070 893 ἀλλ’
1119 841 1181 894 οὐ
1231 841 1331 912 τὴν
1375 842 1486 914 (2|)
1538 843 1839 909 ἰδιάζουσαν

1944 851 2023 905 ris
2062 850 2225 907 ellicit
2264 862 2518 907 naturam
2550 872 2563 907 :
2594 854 2670 908 ita
2714 853 2995 924 probabile
3047 861 3151 918 est,
3195 854 3359 907 etiam
3394 864 3517 921 par-

262 932 484 987 ἑκάστου
531 931 648 985 τῶν
688 930 870 1002 μερῶν
909 931 1175 986 σύστασιν
1211 932 1489 1003 ἀγνοήσει,
1538 934 1627 989 διὰ
1670 936 1838 992 ποίων

1947 941 2080 995 tium
2126 943 2374 1012 corporis
2420 958 2486 999 ex
2517 943 2707 1000 eadem
2736 959 2903 1000 causa
2941 944 3202 1013 compleri
3238 952 3511 997 naturam.

261 1024 359 1078 ’τῶν
384 1026 442 1079 ἐν
474 1025 594 1088 τοῖς
626 1022 910 1094 στοιχείοις
942 1022 1145 1093 μορίων
1178 1023 1511 1097 ἀποτελεσθῇ
1544 1025 1657 1097 (22)
1685 1025 1756 1079 τὰ
1781 1027 1837 1081 ἐν

1947 1030 2001 1087 Si
2034 1034 2200 1103 igitur
2232 1035 2414 1090 anima
2454 1036 2613 1093 adest
2647 1037 2933 1093 elementis
2984 1051 3049 1092 ex
3078 1049 3309 1104 corpore
3338 1034 3518 1088 disso-

260 1118 382 1189 ήμῖν
414 1114 577 1187 μέλη·
1380 1142 1385 1147 τ

1942 1124 2059 1180 luto
2116 1126 2184 1180 ad
2228 1142 2412 1182 rerum
2455 1128 2768 1184 universam
2812 1109 3063 1183 natuer
3109 1125 3309 1182 refusis
3355 1132 3517 1192 atque

260 1209 510 1274 reversis,
547 1223 667 1264 non
713 1208 877 1263 modo
950 1209 1260 1280 congeriem
1356 1215 1410 1263 et
1459 1208 1914 1279 complementum
1955 1227 2145 1268 eorum
2170 1230 2293 1286 quae
2330 1216 2397 1271 ad
2425 1224 2593 1271 totam
2623 1217 3144 1289 coagmentationem
3180 1216 3517 1271 constituen-

259 1303 373 1357 dam
403 1308 813 1357 concurrerunt
871 1305 1154 1370 agnoscet,
1182 1306 1235 1354 et
1265 1297 1319 1352 in
1350 1299 1433 1354 eis
1471 1299 1612 1363 erit;
1647 1298 1744 1355 sed
1767 1314 1837 1355 ne
1876 1301 2205 1371 peculiarem
2240 1304 2459 1375 quidem
2488 1306 2760 1377 cujusque
2831 1305 2999 1375 partis
3060 1305 3512 1360 constitutionem

259 1404 308 1449 et
330 1395 745 1448 concretionem
784 1392 1079 1463 ignorabit,
1123 1405 1221 1460 per
1256 1404 1398 1460 quas
1425 1390 1682 1445 nimirum
1714 1390 2016 1460 particulas
2044 1395 2441 1452 elementorum
2470 1398 2710 1452 membra
2741 1405 2931 1453 nostra
2965 1396 3215 1451 absoluta
3252 1397 3389 1451 sint.

321 1484 430 1556 Τὴν
462 1478 558 1537 οῦν
592 1484 710 1554 (23)
753 1484 812 1536 ἐν
855 1482 1017 1536 παντὶ
1065 1478 1230 1537 οὖσαν
1272 1480 1349 1552 τῷ
1392 1480 1502 1535 τῶν
1551 1481 1833 1552 στοιχείων

1972 1504 1977 1509 ’
2010 1486 2281 1552 Quocirca
2311 1504 2432 1559 qua:
2472 1489 2526 1543 in
2557 1489 2812 1544 universo
2839 1489 3236 1544 elementorum
3268 1489 3514 1557 comple-

261 1573 603 1644 πληρώματι,
640 1572 736 1627 καὶ
771 1575 829 1625 ἐν
878 1574 990 1636 τοῖς
1037 1572 1158 1626 καθ’
1188 1572 1418 1626 ἕκαστον
1469 1567 1628 1640 εἶναι,
1678 1573 1833 1627 οὐδὲν

1940 1589 2125 1634 mento
2173 1578 2253 1644 ﬁt,
2287 1595 2404 1635 eam
2437 1580 2600 1634 etiam
2652 1578 2708 1633 in
2762 1578 3136 1649 singularibus
3180 1592 3325 1643 esse,
3363 1580 3514 1633 nullo

260 1664 355 1732 ἔξω
379 1664 473 1718 τοῦ
518 1663 737 1727 εἰκότος
779 1662 955 1716 ἐστίν·
988 1663 1082 1717 καὶ
1121 1661 1266 1716 οὕτω
1308 1662 1444 1732 πρὸς
1479 1663 1547 1718 τά
1592 1663 1833 1735 στοιχεῖά

1939 1670 2152 1726 modoa
2203 1672 2591 1742 probabilitate
2630 1685 2696 1726 ac
2752 1669 3227 1727 verisimilitudine
3271 1669 3510 1723 alienum

258 1774 334 1822 τις
361 1756 596 1827 βλέπων,
639 1753 723 1820 οἷς
759 1755 1052 1828 ἐνυπάρχει
1080 1757 1146 1826 τῇ
1192 1754 1419 1826 δυνάμει
1450 1754 1520 1809 τὰ
1546 1755 1668 1808 καθ’
1699 1755 1830 1809 ἐκα-

1939 1772 2055 1830 est;
2087 1770 2250 1833 atque
2281 1763 2353 1817 ita
2387 1763 2434 1819 si
2471 1762 2596 1833 quis
2637 1768 2847 1833 spectet
2884 1760 2950 1815 ad
2977 1760 3267 1824 elementa,
3298 1760 3351 1814 in
3393 1760 3515 1830 qui-

260 1866 374 1905 στον
420 1849 557 1921 μέλη
608 1848 706 1902 τοῦ
768 1847 1038 1919 σώματος,
1067 1846 1328 1902 δάκτυλόν
1369 1863 1430 1901 τε
1480 1847 1610 1919 περὶ
1656 1847 1828 1919 αὐτὴν

1940 1849 2036 1905 bus
2062 1850 2362 1921 singularia
2388 1851 2634 1905 membra
2663 1849 2910 1919 corporis
2951 1847 3141 1903 insunt
3175 1849 3291 1917 ipsa
3321 1855 3516 1917 poten-

259 1937 387 1996 εἷναι
414 1942 510 1995 καὶ
541 1939 823 2011 ὀφθαλμὸν
850 1938 946 1992 καὶ
965 1937 1237 2007 γλῶσσαν,
1267 1940 1362 1992 καὶ
1388 1937 1456 1993 τὰ
1488 1937 1624 1992 ἄλλα
1653 1937 1831 1991 πάντα

1936 1943 2026 2008 tia,
2064 1950 2230 2014 atque
2252 1943 2595 2012 Scripturam
2634 1940 2817 1996 dicere
2843 1939 3161 2007 arbitretur,
3197 1947 3252 1995 et
3281 1939 3512 2011 digitum

262 2033 390 2104 με.τά
423 2033 525 2105 τὴν
550 2031 800 2086 διάλυσιν
828 2028 923 2084 τοῦ
954 2028 1325 2101 συγκρίματος
1355 2027 1455 2099 τὴν
1485 2027 1708 2101 Γραφὴν
1739 2027 1830 2081 λέ-

1929 2034 2079 2089 circa
2112 2034 2288 2105 ipsam
2322 2034 2562 2089 animam
2610 2048 2733 2090 esse
2758 2042 2813 2089 et
2831 2033 3051 2087 oculum
3101 2041 3157 2087 et
3228 2032 3505 2102 linguam,

260 2142 365 2194 γειν
391 2122 660 2189 ὑπονοῶν,
687 2119 785 2176 τοῦ
818 2120 1022 2185 εἰκότος
1051 2120 1148 2190 οὐχ
1190 2121 1585 2190 ἁμαρτήσεται.
1631 2120 1696 2173 El
1736 2115 1831 2174 οῦν

1935 2135 2233 2199 εωιοιοιιᾳυο
2281 2128 2464 2182 omnia
2495 2128 2657 2182 etiam
2705 2131 2831 2196 post
2889 2123 3306 2179 dissolutionem
3384 2137 3511 2177 con-

257 2215 321 2270 τὰ
344 2215 459 2269 καθ’
479 2215 717 2268 ἕκαστον
747 2212 949 2281 ἀπάγει
979 2210 1089 2282 (24)
1110 2210 1201 2264 τὸν
1230 2208 1355 2264 νοῦν
1383 2210 1481 2280 τῆς
1512 2211 1830 2283 σωματικῆς

1940 2219 2084 2286 ereti,
2120 2235 2148 2273 a
2181 2219 2563 2289 probabilitate
2598 2231 2662 2273 ac
2693 2213 3174 2274 verisimilitudine
3210 2228 3320 2268 non
3351 2212 3516 2269 aber-

260 2308 377 2377 πρὶ
417 2306 511 2360 τοῦ
567 2305 906 2376 διηγήματος
944 2301 1288 2373 ὑπολήψεως,
1334 2301 1481 2366 εἰκὸς
1526 2302 1698 2375 δήπου
1734 2304 1830 2358 καὶ

1931 2311 2088 2365 rabit.
2120 2311 2178 2365 Si
2229 2311 2395 2380 igitur
2424 2308 2725 2380 singularia
2756 2315 2991 2362 mentem
3022 2304 3304 2359 abducunt
3345 2304 3414 2359 ab
3440 2319 3507 2359 eo

257 2397 342 2452 τὸν
376 2394 822 2469 μνημονευθέντα
871 2394 966 2450 νῦν
997 2393 1132 2465 ᾅδην
1165 2394 1242 2466 μὴ
1294 2393 1459 2448 τόπον
1499 2393 1622 2448 τινὰ
1657 2393 1830 2459 οὕτως

1939 2405 2022 2474 ιιιὶ
2049 2401 2118 2455 ad
2161 2416 2361 2472 corpus
2394 2400 2631 2457 rel'ertur
2688 2396 3024 2454 narrationis
3073 2395 3377 2458 intellectu,
3415 2409 3515 2463 par

257 2491 649 2562 ὀνομαζόμενον
696 2486 925 2551 οἴεσθαι,
961 2485 1099 2540 ἀλλά
1145 2501 1266 2540 τινα
1301 2485 1632 2540 κατάστασιν
1684 2486 1829 2558 ζωῆς

1939 2503 1981 2551 et
2011 2501 2439 2549 consentaneum
2469 2492 2730 2548 nimirum
2780 2497 2889 2557 est,
2919 2498 2977 2546 ut
3010 2495 3177 2546 etiam
3222 2495 3385 2545 modo
3409 2505 3515 2545 me-

258 2583 398 2652 ὰειδῆ
443 2583 538 2636 καὶ
566 2579 879 2651 ἀσώματον,
977 2577 1075 2650 τὴν
1100 2577 1277 2650 ψυχὴν
1313 2577 1650 2649 ἐμϐιοτεύειν
1678 2580 1830 2650 παρά

1941 2593 2200 2640 moratum
2227 2584 2519 2650 infernum,
2562 2599 2674 2639 non
2724 2584 2906 2638 locum
2952 2583 3042 2653 qui
3087 2583 3168 2639 sic
3207 2582 3517 2641 nominetur

258 2672 351 2742 τῆς
388 2672 613 2743 Γραφῆς
646 2668 1078 2741 ἐκδιδασκόμεθα
1124 2668 1261 2742 (25).
1317 2669 1480 2724 Ἀλλὰ
1522 2671 1616 2723 καὶ
1644 2669 1828 2741 ἕτερον

1936 2688 2053 2730 esse
2079 2682 2355 2743 putemus,
2397 2673 2490 2729 sed
2517 2673 2809 2742 quemdam
2843 2673 2971 2727 vita:
3011 2679 3216 2727 statum
3252 2673 3512 2740 incorpo-

258 2766 312 2817 ὲν
350 2763 426 2835 τῷ
473 2763 624 2818 κατά
670 2762 763 2817 τὸν
820 2761 1074 2815 πλούσιον
1120 2762 1216 2816 καὶ
1265 2762 1477 2833 πτωχὸν
1531 2762 1828 2834 διηγήματι

1944 2777 2104 2829 'cum,
2143 2765 2238 2834 qui
2266 2763 2438 2818 videri
2469 2779 2579 2818 non
2619 2764 2812 2833 possit,
2848 2762 2903 2817 in
2940 2776 3051 2833 quo
3079 2762 3318 2816 animam
3344 2762 3520 2815 vitam

258 2855 418 2927 δόγμα
449 2853 820 2926 μανθάνομεν,
848 2851 877 2904 ὂ
912 2850 1111 2922 πολλὴν
1152 2851 1264 2923 ἔχει
1296 2851 1410 2923 (26)
1454 2851 1591 2922 πρὸς
1615 2852 1686 2907 τὰ
1714 2854 1829 2925 ὲξητ

1946 2855 2122 2926 legere
2154 2869 2185 2908 a
2240 2854 2520 2925 Scriptura
2575 2855 2859 2909 docemur.
2923 2854 3102 2925 Atque
3138 2851 3302 2907 etiam
3350 2852 3522 2905 aliam

259 2946 490 3017 τασμένα
528 2944 633 3016 τὴν
671 2942 997 3021 οἰκειότητα.
1046 2943 1333 3012 Ἐποίησεν
1373 2941 1581 2996 ἐκεῖνον
1611 2942 1701 2996 τὸν
1729 2943 1829 3013 ἐμ-

1934 2946 1982 3000 in
2017 2945 2333 3000 narratione
2345 2960 2466 3016 quae
2489 2945 2555 3000 ad
2579 2945 2804 3000 divitem
2844 2950 2900 2999 et
2918 2942 3227 2999 mendicum
3255 2942 3510 3012 pertinet,

262 3035 395 3107 παθῆ
424 3036 519 3091 καὶ
553 3033 905 3106 φιλόσαρκον,
956 3032 1144 3104 ἐπειδὴ
1185 3032 1248 3086 τὸ
1295 3032 1534 3102 ἄφυκτον
1583 3027 1692 3087 εῐδε
1730 3034 1829 3104 τῆς

1935 3045 2132 3094 certam
2168 3037 2490 3108 ﬁrmamque
2528 3037 2796 3094 discimus
2838 3035 3192 3100 sententiam,
3238 3048 3361 3105 qua:
3392 3049 3511 3088 ma-

262 3128 379 3199 παρ’
417 3126 616 3182 ἑαυτοῦ
647 3125 761 3198 (27)
792 3126 1095 3197 συμφορᾶς,
1126 3126 1383 3197 φροντίδα
1414 3125 1521 3180 τῶν
1554 3125 1693 3196 ὑπὲρ
1722 3126 1827 3194 γῆς

1940 3145 2089 3201 gnam
2132 3130 2355 3186 cumiis
2384 3145 2507 3200 qum
2545 3128 2779 3186 scrutati
2803 3136 2996 3184 sumus
3041 3133 3097 3183 et
3143 3124 3516 3191 excussimus,

261 3220 398 3292 αὖτῷ
441 3219 587 3275 κατὰ
626 3219 689 3273 τὸ
728 3218 883 3289 γένος
912 3217 1228 3288 προσεκτῶν
1257 3217 1370 3288 (28)
1402 3217 1567 3288 ἔχειν,
1607 3218 1700 3271 καὶ
1734 3216 1827 3269 τοῦ

1942 3221 2246 3277 illinitatem
2277 3221 2466 3280 habet.
2498 3219 2652 3276 Facit
2708 3221 2862 3275 illum
2921 3219 3177 3275 humanis
3231 3216 3518 3273 alIeetibus

272 3312 507 3386 ’Δὸραὲιμ
538 3312 789 3376 εἰπόντος
825 3311 898 3383 μὴ
928 3310 1264 3382 ἀπρονόητον
1291 3305 1555 3365 εἶναιτῶν
1588 3311 1644 3363 ἐν
1668 3308 1831 3381 σαρκὶ

1938 3327 1995 3367 ac
2023 3310 2531 3385 perturbationibus
2547 3310 2868 3374 obnoxium,
2885 3311 3181 3379 carnisque
3206 3307 3514 3365 studiosum

262 3405 461 3470 ζώντων
495 3405 614 3475 βίον
661 3404 797 3474 (29),
845 3402 982 3457 ἀλλὰ
1031 3403 1153 3456 κατ’
1209 3401 1460 3466 ἐξουσίαν
1512 3398 1834 3471 προκεῖσθαι

1940 3404 2174 3468 divitem,
2204 3413 2589 3473 posteaquam
2650 3418 2718 3457 ex
2784 3417 2885 3459 sua
2939 3401 3257 3457 calamitate
3295 3414 3355 3455 se
3406 3412 3516 3453 non

262 3498 428 3559 αὐτοῖς
452 3499 556 3568 τὴν
595 3497 660 3549 ἐκ
701 3494 794 3549 τοῦ
839 3494 1007 3565 νόμου
1054 3493 1149 3547 καὶ
1188 3491 1297 3547 τῶν
1345 3490 1639 3565 προφητῶν
1685 3481 1836 3562 χειρὶ

1942 3510 2096 3565 posse
2116 3494 2364 3565 expediri
2402 3502 2458 3549 et
2476 3492 2714 3565 eﬂ'ugere
2748 3492 3161 3557 animadvertit,
3196 3505 3386 3547 curam
3418 3490 3518 3543 ha-

262 3588 524 3658 αγωγὶαψ
584 3587 667 3641 ἔτι
713 3586 1051 3657 παραμένειν
1104 3584 1581 3657 προσλιπαροῦντα
1629 3584 1719 3639 τὸν
1758 3584 1831 3637 δί-

1942 3587 2064 3642 bere
2107 3600 2299 3641 eorum
2328 3585 2423 3656 qui
2467 3600 2637 3655 super
2665 3594 2867 3641 terram
2915 3599 3037 3639 eum
3065 3598 3265 3654 genere
3296 3581 3518 3637 contin-

264 3695 404 3734 καιον
437 3681 576 3755 (30),
604 3681 751 3743 ὅπως
789 3679 855 3734 ἂν
899 3680 964 3733 ἐκ
994 3677 1088 3732 τοῦ
1130 3678 1433 3749 παραδόξου
1466 3678 1689 3733 πιθανὸν
1733 3678 1828 3731 αὐ-

1942 3677 2164 3747 gebant;
2213 3691 2447 3747 cumque
2476 3676 2750 3748 Abraham
2783 3682 3036 3747 negasset
3098 3690 3288 3731 eorum
3334 3673 3427 3744 qui
3460 3674 3518 3729 in

262 3772 363 3832 τοῖς
392 3771 450 3825 τὺ
487 3773 756 3842 κήρυγμα
787 3769 1017 3838 γένοιτο,
1058 3768 1161 3821 ὑπό
1194 3785 1339 3833 τινος
1370 3771 1436 3824 ἐκ
1473 3768 1583 3822 τῶν
1621 3768 1831 3841 νεκρῶν

1942 3783 2105 3824 carne
2126 3768 2371 3824 viverent
2399 3769 2568 3822 vitam
2594 3767 2923 3838 provisionis
2949 3774 3226 3837 expertem
3251 3780 3393 3831 esse,
3418 3765 3518 3820 sed

263 3860 680 3925 ἁναϐεϐιωκότος
714 3860 1233 3930 καταγγελλόμενον.

1940 3861 2161 3918 abunde
2196 3862 2279 3918 eis
2307 3861 2641 3932 propositam
2672 3875 2796 3915 esse
2822 3859 3129 3914 doctrinam
3160 3865 3327 3928 atque
3359 3857 3515 3912 insti-

266 3954 516 4009 tutionem
579 3951 713 4023 legis
762 3966 829 4007 ac
877 3949 1304 4021 prophetarum;
1345 3949 1526 4005 adhuc
1558 3964 1912 4021 perseverare
1948 3950 2171 4007 divitem
2201 3952 2496 4007 instantem
2533 3965 2596 4005 ac
2638 3948 2990 4020 ﬂagitantem,
3038 3956 3185 4004 utex
3220 3948 3519 4019 improviso

265 4052 315 4098 ct
394 4046 694 4116 inopinato,
722 4042 1000 4100 credibilis
1049 4042 1129 4100 eis
1183 4042 1499 4114 praedicatio
1551 4043 1726 4110 ﬂeret,
1771 4059 1893 4113 quae
1940 4045 2008 4101 ab
2065 4044 2253 4116 aliquo
2304 4044 2396 4116 qui
2444 4059 2513 4101 ex
2578 4042 2809 4099 mortuis
2858 4042 3147 4098 revixisset
3220 4041 3515 4097 annuntia-

265 4146 426 4195 retur.

337 4250 393 4305 Γ.
423 4252 488 4305 Τί
526 4245 641 4317 οὗν,
685 4245 858 4315 εἷπον,
902 4251 961 4303 ἐν
1001 4249 1210 4313 τούτοις
1241 4250 1359 4303 ἐστὶ
1390 4249 1452 4302 τὸ
1481 4249 1658 4319 δόγμα
1689 4248 1838 4321 (3|);

2012 4246 2078 4304 G.
2108 4243 2370 4313 Quaenam
2401 4245 2568 4317 igitur
2600 4246 2653 4300 in
2679 4244 2787 4310 his,
2820 4246 3068 4315 inquam,
3101 4242 3370 4298 sententia
3396 4242 3518 4297 est?

274 4373 336 4386 —
354 4344 429 4398 M.
468 4344 712 4414 Ἐπειδὴ,
739 4343 892 4415 φησὶ,
915 4341 1011 4396 τοῦ
1036 4343 1136 4414 μὲν
1165 4341 1415 4412 Λαζάρου
1449 4339 1586 4410 πρὸς
1608 4342 1721 4403 τοῖς
1743 4356 1837 4392 πα-

1939 4365 2007 4379 -
2028 4336 2101 4391 Μ.
2125 4336 2421 4403 Quoniam,
2445 4336 2649 4405 inquit,
2674 4335 2867 4389 Lazari
2903 4334 3122 4404 quidem
3159 4334 3341 4387 anima
3369 4332 3515 4387 circa

276 4433 448 4503 ροῦσιν
481 4433 706 4505 ἄσχολός
731 4435 879 4486 ἐστιν
901 4434 934 4503 ἡ
960 4431 1128 4503 ψυχὴ.
1149 4431 1245 4486 καὶ
1273 4430 1409 4501 πρὸς
1434 4429 1585 4481 οὐδὲν
1608 4429 1715 4484 τῶν
1736 4445 1840 4482 κα-

1939 4429 2228 4499 praesentia
2265 4432 2532 4499 occupata
2571 4435 2677 4494 est,
2701 4436 2755 4483 et
2778 4428 2845 4483 ad
2879 4427 3087 4483 nullam
3119 4441 3308 4482 earum
3334 4441 3515 4479 rerum

271 4525 655 4594 ταλειφθέντων
685 4524 885 4596 ἑαυτὴν
914 4522 1254 4594 ἐπιστρέφει,
1284 4524 1329 4576 ὁ
1369 4521 1426 4577 δὲ
1458 4521 1707 4587 πλούσιος
1732 4521 1842 4575 olo-

1940 4528 2073 4582 quas
2106 4512 2401 4582 reliquerat
2455 4527 2577 4568 sese
2605 4514 2909 4580 convertit;
2970 4514 3124 4570 dives
3154 4520 3361 4583 autem,
3392 4522 3516 4569 tan-

271 4575 510 4689 νέιῖὲεῇ
525 4575 535 4579 ⁷
551 4575 645 4688 ι’ἐῷ
670 4575 776 4671 «ἑένέ
802 4575 872 4687 £5
912 4575 1286 4690 ..ἐρέεὲὶῃξοξῇ
1313 4575 1412 4670 καὶ
1448 4615 1587 4686 μετά
1613 4575 1840 4668 θάνατον

1941 4617 2097 4675 quam
2128 4602 2278 4658 visco
2311 4602 2550 4668 cuidam,
2603 4605 2815 4660 carnali
2852 4605 2976 4660 vita!
3007 4606 3175 4660 etiam
3210 4618 3335 4676 post
3368 4621 3517 4661 mor-

271 4706 345 4761 ετι
371 4709 725 4780 προσίσχεται
750 4710 887 4779 (53).
908 4711 974 4779 ἣν
997 4709 1118 4761 οὐδὲ
1136 4707 1487 4777 παυσάμενος
1509 4704 1604 4760 τοῦ
1626 4707 1723 4779 ζῇν
1742 4723 1843 4759 κα-

1940 4702 2040 4751 lem
2071 4695 2250 4750 adhuc
2279 4694 2522 4750 adhaeret
2554 4714 2566 4749 :
2592 4712 2758 4767 quam
2799 4712 2899 4753 nec
2929 4711 3053 4752 cum
3087 4697 3267 4752 vivere
3296 4697 3516 4766 quidem

270 4791 435 4863 Θαρῶς
460 4792 789 4856 ἀπεδύσατο,
822 4790 937 4846 ἀλλ’
968 4790 1047 4845 ἔτι
1075 4790 1225 4862 αὑτῷ
1248 4790 1337 4844 διὰ
1380 4789 1658 4862 φροντίδος
1685 4790 1837 4844 ἐστὶν

1945 4790 2186 4847 lesiisset
2239 4789 2457 4861 penitus
2500 4796 2750 4851 exuerat,
2776 4790 2872 4845 sed
2903 4789 3082 4844 adhuc
3127 4789 3175 4843 ei
3203 4804 3350 4843 curae
3388 4802 3521 4843 caro

270 4882 299 4953 ἡ
339 4883 473 4955 σὰρξ
498 4884 593 4937 κα).
639 4883 701 4936 τὸ
740 4877 880 4954 αἷμα
913 4883 1000 4950 (δι’
1032 4880 1108 4937 ὧν
1137 4882 1247 4954 γάρ
1288 4883 1413 4947 τοὺς
1452 4880 1838 4945 κοινωνοῦντας

1940 4893 1985 4939 et
2017 4882 2242 4953 sanguis
2265 4890 2380 4936 erat
2405 4881 2652 4953 (perhoc
2681 4882 2831 4936 enim
2867 4881 3016 4952 quod
3041 4888 3195 4953 rogat
3219 4887 3277 4933 ut
3310 4880 3389 4934 illi
3422 4881 3516 4950 qui

270 4973 403 5046 αὐτῷ
428 4974 526 5029 τοῦ
558 4974 751 5042 γένους
781 4974 1125 5047 ἐξαιρεθῆναι
1160 4973 1271 5027 τῶν
1297 4973 1483 5027 κακῶν
1519 4974 1710 5038 δεῖται,
1745 4974 1839 5045 δῆ-

1946 4973 2323 5030 communione
2345 4973 2563 5045 generis
2595 4987 2720 5028 eum
2757 4972 3172 5045 contingebant,
3206 4970 3367 5027 malis
3413 4972 3522 5026 exi-

269 5062 348 5129 λός
373 5065 489 5118 ἐστι
526 5064 693 5137 μήπω
734 5064 834 5136 τῆς
879 5064 1149 5137 σαρκικῆς
1172 5064 1283 5137 (3'4)
1314 5064 1559 5129 ὲκλυθεὶς
1588 5082 1835 5136 προσπα-

1942 5070 2241 5132 me’rentur,
2295 5064 2644 5137 perspicuum
2701 5072 2786 5121 est
2814 5066 2961 5136 quod
3017 5063 3257 5121 nondum
3313 5063 3518 5119 carnali

330 5242 439 5319 (l9)
467 5248 671 5319 Αὐτῆς
692 5247 906 5319 αἰτίας.
938 5245 1210 5311 Βούσίας.
1382 5317 1390 5319 _
1469 5317 1478 5319 _
1509 5316 1520 5319 ξ
1569 5316 1593 5319 _
1779 5317 1787 5319 _
2012 5249 2125 5319 (27)
2158 5251 2301 5318 Hap’
2325 5248 2568 5319 ἑαυτοῦ.
2606 5249 2647 5319 Α
2688 5247 2809 5303 κατ’
2836 5244 3015 5319 αὐτόν.

330 5316 440 5399 (20)
492 5314 975 5399 Ἀναμιχρεῒσινλ
1089 5319 1146 5372 in
1187 5322 1336 5399 textu
1369 5316 1721 5373 ἀνελθοῦσιν·
1777 5317 1830 5374 in

1512 5316 1593 5372 3073
1605 5333 1689 5373 σιν
1708 5334 1721 5348 ·
1777 5317 1830 5374 in
1971 5359 1982 5368 .
2152 5314 2530 5399 [Ιρὸσεκτῶγ.
2556 5318 2664 5399 ΑΒ
2683 5314 3088 5390 προσηκόντων.

268 5386 502 5458 margine
536 5406 553 5442 :
580 5386 887 5458 ἀναχθεῖσι.
922 5387 977 5476 ’Β
1007 5386 1375 5458 ἀνασχεθεϊσι.
2011 5386 2125 5517 (29)
2156 5386 2320 5445 Πίον.
2357 5389 2401 5443 Α
2432 5389 2524 5443 τὸν
2565 5388 2699 5475 βίον.

330 5454 438 5517 (21)
465 5460 549 5513 Οὐ
575 5459 710 5517 τήν.
740 5460 785 5512 Α
813 5457 853 5510 Β
885 5458 1006 5511 ουδὲ
1039 5460 1158 5517 τήν.
2012 5459 2104 5517 (30
2159 5460 2419 5515 Δίκαιον.
2444 5460 2487 5513 Α
2512 5458 2699 5511 πλουσι

352 5458 438 5529 21)
465 5460 549 5513 Οὐ
575 5459 710 5525 τήν.
740 5460 785 5512 Α
813 5458 853 5510 Β
885 5458 1006 5511 οὐδὲ
1039 5460 1158 5527 τήν.
2012 5458 2124 5531 (30)
2159 5460 2419 5515 Δίκαιον.
2444 5460 2487 5513 Α
2512 5458 2786 5511 πλούσιον.

352 5525 442 5601 ag)
480 5525 899 5601 Ἀποτεέεσᾷᾔ.
929 5525 1356 5601 ᾼρπετελέσθη.
2012 5532 2128 5601 (3|)
2152 5529 2229 5585 Τὸ
2253 5531 2462 5601 δόγμα.
2479 5529 2529 5601 β
2559 5528 2703 5601 delet
2728 5528 2811 5582 τό.

332 5526 442 5732 (22⁷)
480 5526 899 5596 Ἀποτελεσθῇ.
929 5526 1356 5597 Λάπετελέσθη.
2012 5526 2128 5601 (31)
2152 5529 2229 5585 Τὸ
2253 5531 2462 5600 δόγμα.
2487 5529 2529 5581 Β
2559 5528 2703 5583 delet
2728 5528 2811 5582 τό.

355 5596 446 5734 25)
486 5599 608 5691 Τὴν
642 5594 777 5653 οὖν.
811 5598 859 5651 Λ
894 5597 950 5650 τί
975 5593 1090 5652 οὖν.
2017 5600 2130 5668 (52)
2160 5602 2374 5655 Οίονεί.
2400 5600 2442 5652 Α
2477 5598 2518 5651 Β
2538 5595 2670 5652 οἷον.
2844 5669 2856 5687 Ι

354 5668 421 5722 24
498 5667 741 5734 Andrei.
765 5671 810 5721 A
840 5667 1100 5734 ἀπάγειν.
2018 5671 2129 5734 (33)
2156 5671 2579 5734 Προσίσχεται.
2615 5668 2657 5720 Α
2689 5686 2856 5734 προσε

484 5667 741 5743 ᾉπᾴιιςει.
765 5671 810 5721 Α
832 5667 1100 5743 ἀπάγειν.
1120 5738 1137 5743 _
1173 5737 1189 5743 Δ
1318 5737 1330 5743 _
1412 5738 1428 5743 _
2156 5671 2579 5743 Hpoclo’gsny.
2615 5668 2657 5720 A
2689 5669 3036 5743 προσέχεται.

335 5671 442 5734 (24)
488 5671 741 5739 Ἀπὰγει.
765 5671 810 5721 Α
840 5671 1100 5735 ἀπάγειν.
2039 5672 2108 5726 33
2156 5671 2579 5738 Προσίσχεται.
2615 5671 2657 5720 Α
2689 5671 2856 5739 προσέ

476 5737 1008 5813 Εκδιδασξόέιξθα.
1050 5738 1094 5793 Α
1116 5737 1493 5810 διδασκόμεθα.
2018 5671 2129 5813 (54)
2164 5739 2481 5809 Σαρκικῆς.
2511 5738 2551 5791 Β
2577 5741 2861 5813 σαρκίνης.

338 5806 447 5875 (26)
474 5810 665 5878 Ἔχει.
692 5809 737 5864 Δ
768 5806 814 5863 Β
845 5807 980 5877 ἕξει.
