3992 6498
375 376 445 431 87

1636 387 1694 443 S.
1749 386 2082 444 GREGORII
2119 386 2416 444 NYSSENI

3583 381 3658 438 88

379 475 577 532 aﬂectu
607 476 886 532 exsolutus
911 478 1069 546 eral).
1108 492 1202 546 per
1236 477 1358 543 bas,
1394 479 1589 549 inquit,
1626 479 1967 535 narrationes

2087 480 2263 550 lsiag),
2316 481 2381 534 έκ
2427 480 2651 543 τούτων,
2698 479 2851 548 φησὶ,
2893 476 3000 531 τῶν
3039 475 3394 546 διηγημάτων
3427 472 3661 543 οἰόμεθα

379 567 762 623 existimamus
789 582 1017 624 censere
1064 567 1353 623 Dominum
1386 570 1539 640 quod
1584 582 1838 641 oporteat
1869 586 1968 626 eos

382 659 473 729 qui
498 659 555 714 in
586 660 980 728 carnevivunt,
1011 675 1177 731 quam
1205 661 1443 717 maxime
1466 662 1769 718 secundum
1793 663 1968 717 virtu-

382 761 489 806 tem
520 751 776 817 vivendo,
799 752 1207 823 quodammodo
1257 753 1501 824 separari
1534 761 1590 808 et
1619 752 1861 824 expediri
1901 754 1969 808 ab

385 844 582 898 ali'ectu
615 846 826 910 carnis,
856 861 924 901 ne
966 853 1090 916 post
1145 856 1378 906 mortem
1416 847 1520 900 alia
1568 855 1746 901 morte
1769 861 1970 902 rursus

385 950 531 1007 Opus
573 936 897 1004 habeamus,
929 952 1053 1008 quae
1086 936 1349 1008 reliquias
1374 936 1615 993 carnalis
1635 938 1864 1008 glutinis
1891 952 1973 994 se-

388 1036 561 1098 paret,
585 1036 845 1084 excernat
876 1037 931 1084 et
964 1040 1254 1101 expurget;
1307 1029 1400 1086 sed
1432 1037 1691 1100 tanquam
1734 1029 1972 1086 vinculis

388 1122 598 1176 circum
628 1121 862 1175 animam
899 1122 1263 1192 ruptis,nulla
1285 1134 1543 1192 corporea
1568 1119 1819 1176 molestia
1851 1133 1972 1174 eam

390 1210 458 1265 ad
486 1226 607 1266 sese
633 1214 964 1274 attrahente,
996 1212 1145 1267 celer
1184 1218 1238 1266 et
1260 1211 1552 1282 expeditus
1569 1210 1623 1266 ei
1653 1225 1853 1267 cursus
1903 1208 1973 1264 ad

393 1303 596 1356 bonum
627 1305 927 1373 contingat.
953 1302 1088 1357 Nam
1113 1303 1158 1359 si
1181 1304 1307 1374 quis
1332 1309 1516 1358 mente
1537 1302 1779 1356 carnalis
1813 1299 1974 1371 peni.

392 1402 483 1448 tus
506 1401 655 1449 totus
685 1393 930 1450 redditus
951 1394 1137 1460 fuerit,
1164 1402 1220 1450 et
1250 1393 1401 1448 omni
1433 1392 1605 1448 animi
1629 1399 1779 1448 motu
1808 1400 1974 1462 atque

391 1483 678 1540 ellicientia
709 1485 764 1538 in
804 1485 1181 1541 voluntatibus
1205 1485 1392 1541 carnis
1432 1491 1753 1554 occupetur,
1798 1483 1846 1538 is
1872 1495 1975 1537 nec

394 1577 441 1633 si
469 1587 620 1633 extra
651 1593 873 1633 carnem
908 1577 1133 1648 quidem
1163 1579 1422 1643 evaserit,
1466 1579 1537 1634 ab
1590 1577 1878 1633 aﬂ'ectibus
1912 1591 1977 1631 ac

396 1670 899 1739 perturbationibus
938 1669 1058 1740 ejus
1090 1670 1319 1736 recedit,
1363 1670 1462 1726 sed
1515 1669 1975 1741 quemadmodum

396 1763 495 1830 illi,
533 1763 629 1834 qui
665 1764 723 1817 in
784 1762 1153 1820 fmtidioribus
1209 1763 1345 1818 locis
1392 1762 1603 1819 diutius
1651 1760 1975 1816 commorati

372 1865 545 1923 ,sunt,
572 1871 675 1912 nec
707 1857 753 1913 si
794 1858 846 1912 in
865 1873 1063 1928 purum
1091 1856 1333 1928 quidem,
1371 1870 1594 1911 suavem
1621 1862 1672 1910 et
1702 1868 1979 1908 amomum

396 1964 579 2005 aerem
628 1950 969 2016 transierint,
1006 1949 1203 2020 integri
1227 1963 1293 2003 ac
1329 1947 1489 2003 vacui
1521 1954 1653 2002 sunt
1678 1945 1866 2001 abillo
1897 1946 1984 2000 in-

395 2045 553 2110 grato
583 2047 638 2096 et
666 2039 965 2110 injucunda
1011 2040 1181 2096 odore
1208 2054 1370 2110 quem
1402 2047 1621 2110 pr0pter
1667 2036 1971 2093 diuturnio-

394 2145 510 2187 rem
555 2131 611 2186 in
669 2146 739 2188 eo
782 2134 1269 2187 commorationem
1301 2138 1705 2186 contraxerunt
1744 2147 1758 2183 :
1791 2129 1865 2184 ita
1914 2143 1984 2184 ne

396 2232 510 2277 tum
541 2222 785 2293 quidem,
807 2237 934 2277 cum
961 2222 1202 2278 carnalis
1252 2222 1389 2288 vita,
1422 2237 1549 2277 cum
1585 2222 1782 2278 subtili
1811 2229 1868 2277 et
1895 2220 1983 2275 in-

396 2312 598 2369 visibili
625 2318 960 2366 commutata
983 2309 1170 2374 fuerit,
1217 2311 1336 2366 ﬁeri
1390 2310 1568 2381 possit
1607 2310 1744 2381 quin
1796 2309 1986 2364 carnis

401 2410 650 2458 amantes
679 2417 906 2472 prorsus
943 2401 1224 2456 attrahant
1253 2401 1459 2471 aliquid
1492 2418 1560 2457 ex
1608 2401 1986 2472 graveolentia

401 2503 567 2564 atque
593 2491 788 2549 [cetere
810 2491 1199 2548 earnali.Unde
1213 2493 1432 2564 gravior
1443 2493 1525 2550 eis
1549 2493 1706 2549 dolor
1730 2494 1951 2549 exsistit
1968 2533 1984 2557 ,

402 2599 527 2640 cum
557 2598 622 2640 ex
669 2582 983 2652 huiusmodi
1010 2583 1426 2638 circumstantia
1458 2582 1641 2637 anima
1668 2583 1842 2653 magis
1872 2597 1987 2637 ma-

409 2676 619 2731 terialis
649 2674 907 2731 evaserit.
957 2672 1188 2728 Videtur
1221 2680 1402 2729 autem
1440 2674 1629 2745 aliquo
1675 2672 1838 2728 modo
1860 2688 1986 2728 eum

402 2766 718 2837 bujusmodi
774 2766 1034 2836 opinione
1096 2766 1389 2823 concinere
1453 2774 1619 2837 atque
1669 2766 1985 2833 convenire,

402 2859 546 2929 quod
571 2871 945 2929 saepenumero
970 2875 1004 2915 a
1028 2858 1306 2915 nonnullis
1329 2857 1555 2922 dicitur,
1572 2856 1819 2928 conspici
1839 2856 1989 2912 vide-

403 2953 532 3009 licet
559 2952 706 3007 circa
737 2952 1047 3008 conditoria
1103 2960 1268 3023 atque
1318 2951 1649 3022 repositoria
1691 2964 1986 3020 corporum

406 3044 719 3099 umbratilia
772 3044 1019 3113 quaedam
1070 3051 1288 3114 spectra
1339 3051 1706 3099 mortuorum.
1757 3041 1893 3096 Nam
1940 3043 1989 3098 si

2010 1825 2053 1880 Β

2069 571 2227 627 τοῦτο
2259 571 2371 641 (35)
2407 569 2756 642 δογματίζειν
2782 570 2872 622 τὸν
2903 567 3129 639 Κύριον,
3170 567 3231 619 τὸ
3271 566 3380 619 δεῖν
3421 565 3505 618 δτι
3550 565 3663 634 μά-

2068 666 2226 720 λιστα
2250 667 2380 731 τοὺς
2410 668 2468 720 ὲν
2496 665 2661 738 σαρκὶ
2701 663 3061 736 βιοτεύοντας,
3091 662 3179 717 διὰ
3204 662 3305 732 τῆς
3348 660 3490 714 κατά
3528 660 3665 731 ἀρεο

2069 758 2170 828 τὴν
2191 756 2336 829 ζωῆς
2356 798 2372 823 ,
2393 756 2722 830 χωρίζεσθαι
2753 773 2871 820 πως
2914 756 3009 809 καὶ
3038 754 3370 809 ἀπολύεσθαι
3394 753 3494 822 τῆς
3520 750 3665 822 πρὸς

2071 848 2242 920 αὐτὴν
2274 848 2535 919 σχέσεως,
2574 849 2662 903 ἴνα
2694 848 2831 920 μετὰ
2863 847 2954 902 τὸν
2995 847 3222 903 θάνατον
3251 847 3325 918 μὴ
3359 846 3524 899 πάλιν
3563 843 3668 897 ἄλ-

2071 941 2165 995 λου
2196 940 2428 996 θανάτου
2475 940 2746 1014 δεώμεθα,
2776 942 2845 996 τά
2875 940 3104 1011 λείψανα
3138 939 3251 1010 (36)
3300 938 3403 1009 τῆς
3448 934 3667 1007 σαρκώο

2071 1032 2196 1096 δους
2251 1031 2449 1104 κόλλης
2512 1030 2975 1101 ἀποκαθαίροντος
3027 1029 3139 1100 (37)
3160 1044 3175 1059 ⁸
3225 1027 3363 1081 ἀλλά
3408 1026 3666 1094 καθάπερ

2072 1121 2286 1192 δεσμῶν
2315 1123 2414 1192 τὴν
2439 1121 2618 1192 ψυχὴν
2657 1120 2768 1192 (58)
2798 1118 3265 1192 περιρραγέντων.
3299 1117 3497 1186 κοῦφος
3521 1117 3666 1187 αὐτῇ

2073 1217 2169 1270 καὶ
2197 1215 2387 1278 ἄνετος
2429 1214 2459 1267 ὁ
2494 1213 2631 1285 πρὸς
2671 1213 2732 1268 τὸ
2771 1212 2977 1282 ἀγαθὸν
3019 1211 3244 1280 γένηται
3270 1208 3491 1280 δρόμος,
3520 1207 3675 1260 οὐδε-

2078 1307 2207 1376 μιᾶς
2260 1304 2423 1358 αὐτὸν
2481 1302 2593 1374 (39)
2654 1304 2975 1375 σωματικῆς
3026 1300 3319 1372 ἀλγηδόνος
3362 1299 3476 1370 (ιο)
3523 1298 3669 1368 πρὸς

2075 1392 2273 1464 ἑαυτὴν
2322 1392 2665 1464 ἀφελκούσης
2710 1392 2845 1464 (41).
2905 1391 2993 1455 Ὧς
3033 1390 3086 1444 εῐ
3120 1408 3206 1456 τις
3258 1390 3381 1455 δλος
3427 1389 3495 1443 δι’
3523 1388 3669 1444 ὅλων

2075 1484 2497 1557 ἀποσαρκωθείη
2537 1487 2603 1556 τῇ
2645 1483 2871 1556 διανοίᾳ.
2906 1485 3084 1537 πᾶσαν
3130 1483 3308 1554 ψυχῆς
3350 1480 3564 1549 κίνησεν
3606 1496 3671 1533 τε

2076 1578 2172 1632 καὶ
2208 1576 2492 1649 ἐνέργειαν
2530 1577 2590 1630 ἐν
2635 1579 2749 1640 τοῖς
2793 1575 3062 1646 θελήμασι
3120 1575 3218 1645 τῆς
3262 1572 3463 1647 σαρκὸς
3503 1573 3676 1643 ἀσχο-

2076 1669 2208 1734 λῶν,
2243 1672 2273 1724 ὁ
2302 1668 2544 1732 τοιοῦτος
2582 1669 2704 1724 οὐδὲ
2730 1668 2831 1739 τῆς
2858 1666 3061 1741 σαρκὸς
3090 1666 3195 1733 ἔξω
3223 1666 3517 1737 γενόμενος
3557 1662 3676 1716 τῶν

2081 1765 2201 1817 κατ’
2241 1762 2411 1833 αὐτὴν
2455 1761 2793 1831 παθημάτων
2826 1760 3140 1831 χωρίζεται,
3171 1756 3420 1829 καθάπερ
3456 1755 3572 1828 (ιε)
3618 1756 3673 1809 οῖ

2082 1856 2176 1909 ἐπὶ
2226 1852 2388 1908 πλέον
2449 1852 2890 1924 ἐνδιατρίψαντες
2931 1856 3047 1916 τοῖς
3095 1848 3514 1921 δυσωδεστέροις
3559 1846 3674 1901 τῶν

2082 1946 2288 2010 τόπων,
2338 1943 2460 1998 οὐδὲ
2493 1945 2543 1996 εἰ
2580 1942 2717 2014 πρὸς
2762 1942 2852 1996 τὸν
2899 1938 3131 1994 εὔπνουν
3174 1940 3314 2011 ἀέρα
3364 1935 3678 2009 μετέλθοιεν

2083 2033 2447 2107 καθαρεύουσι
2473 2033 2575 2103 τῆς
2598 2030 2841 2103 ἀηδείας,
2871 2032 2940 2102 ῆν
2979 2030 3068 2085 διὰ
3089 2028 3191 2099 τῆς
3215 2025 3586 2100 χρονιωτέρας
3612 2025 3675 2077 έν

2083 2132 2221 2202 αὐτῇ
2251 2129 2528 2199 διαγωγῆς
2554 2125 2886 2198 ἀναμίξαντο
2938 2125 3052 2195 (5'5)
3079 2142 3093 2156 ο
3146 2123 3321 2185 οὕτως
3367 2122 3487 2176 οὐδὲ
3534 2119 3679 2191 πρὸς

2082 2222 2175 2277 τὸν
2201 2222 2337 2294 ἀηδῆ
2362 2221 2475 2292 (44)
2506 2220 2601 2274 καὶ
2639 2218 2907 2273 ἄϐλεπτον
2941 2218 3051 2289 (45)
3083 2217 3196 2288 βίον
3232 2217 3333 2286 τῆς
3368 2214 3678 2286 μεταϐολῆς

2083 2315 2382 2385 γενομένης
2404 2353 2419 2377 ,
2465 2310 2687 2366 δυνατὸν
2736 2310 2805 2364 ἂν
2852 2312 2937 2380 εἴη
2989 2311 3116 2373 τοὺς
3177 2306 3542 2380 φιλοσάρκους
3598 2306 3676 2377 μὴ

2085 2402 2416 2475 ἁφέλκεσθαί
2450 2400 2563 2474 (46)
2594 2420 2647 2456 τι
2682 2401 2901 2464 πάντως
2947 2400 3049 2469 τῆς
3100 2398 3371 2469 σαρκικῆς
3400 2396 3513 2467 (47)
3547 2395 3679 2449 δυσ-

2085 2495 2271 2560 ωδίας,
2316 2494 2383 2548 δι’
2412 2487 2488 2548 ὧν
2538 2492 2651 2565 (48)
2683 2492 2844 2546 πλέον
2878 2491 3060 2555 αὐτοῖς
3083 2492 3117 2560 ἡ
3156 2489 3315 2559 ὀδύνη
3359 2488 3676 2559 βαρύνεται,

2088 2584 2461 2656 ὑλωδεστέρας
2485 2586 2550 2638 ὲκ
2584 2582 2845 2653 τοιαύτης
2881 2582 2992 2652 (49)
3036 2582 3414 2652 περιστάσεως
3440 2580 3542 2649 τῆς
3572 2579 3681 2649 ψυ-

2086 2679 2188 2750 χῆς
2212 2677 2506 2749 γινομένης
2534 2676 2669 2748 (59).
2700 2677 2857 2729 Δοκεῖ
2883 2675 2943 2728 δέ
2975 2691 3094 2738 πως
3127 2673 3264 2745 πρὸς
3284 2672 3538 2743 τοιαύτην
3562 2669 3677 2742 (51)

2086 2769 2360 2841 ὑπόληψιν
2397 2768 2646 2839 συνᾴδειν
2671 2766 2701 2821 δ
2728 2767 2882 2837 παρά
2921 2781 3081 2819 τινων
3119 2765 3339 2833 λέγεται
3365 2763 3498 2834 (52),
3549 2762 3680 2816 πολ-

2087 2862 2244 2926 λάκις
2281 2862 2512 2933 δρᾶσθαι
2549 2862 2651 2925 τάς
2696 2861 2824 2931 περὶ
2853 2859 2969 2929 (55)
2999 2858 3108 2912 τῶν
3157 2857 3429 2929 σωμάτων
3470 2857 3676 2919 θέσεις,

2088 2954 2326 3025 σκιοειδῆ
2384 2971 2505 3008 τινα
2561 2953 2672 3007 τῶν
2727 2950 3133 3023 κατοιχομένων
3180 2951 3560 3020 φαντάσματα.
3614 2949 3678 3002 El

2088 3047 2198 3120 γὰρ
2227 3049 2369 3100 τοῖόν
2396 3064 2448 3100 τι
2470 3047 2581 3116 (54)
2601 3044 2831 3114 γίνεται,
2861 3043 3031 3107 οὕτως
3062 3042 3344 3113 ἐλέγχεται
3369 3043 3470 3111 τῆς
3493 3040 3681 3111 ψυχῆς

405 3151 595 3192 revera
623 3137 700 3191 ita
719 3136 798 3203 ﬁt,
828 3145 1208 3207 argumentum
1232 3144 1320 3192 est
1335 3136 1573 3190 animam
1598 3135 1741 3190 ultra
1761 3133 1983 3190 modum

2090 3142 2125 3213 ἡ
2160 3141 2302 3212 πέρα
2337 3139 2432 3193 τοῦ
2463 3138 2674 3200 δέοντος
2711 3137 2967 3209 γινομένη
2993 3135 3104 3208 (55)
3136 3135 3231 3189 νῦν
3265 3134 3401 3206 πρὸς
3423 3134 3515 3187 τὸν
3542 3150 3682 3203 σαρ-

406 3243 559 3285 nunc
608 3228 665 3283 in
694 3228 798 3284 bac
820 3230 932 3284 vita
966 3228 1142 3285 fuisse
1185 3243 1316 3299 erga
1367 3229 1644 3284 carnalem
1667 3227 1836 3283 vitam
1861 3225 1992 3282 affe-

406 3330 580 3385 ctam,
602 3321 740 3377 adeo
769 3329 829 3377 ut
856 3337 925 3377 ne
944 3336 1111 3378 carne
1139 3321 1360 3391 quidem
1385 3330 1613 3377 extrusa
1641 3321 1806 3391 plane
1828 3320 1898 3375 ab
1926 3336 1993 3377 ea

405 3412 538 3467 velit
563 3413 801 3474 avolare.
824 3428 1005 3484 neque
1041 3413 1343 3469 concedere
1401 3420 1462 3468 ut
1513 3413 1766 3468 absoluta
1817 3414 1993 3485 tigura

411 3504 480 3559 ad
515 3504 569 3558 id
600 3504 748 3576 quod
778 3505 1024 3575 conspici
1070 3521 1181 3561 non
1242 3512 1427 3576 potest
1468 3513 1525 3561 et
1554 3504 1747 3560 formae
1796 3520 1993 3575 expers

409 3603 515 3661 est,
546 3598 937 3653 transmutatio
970 3596 1085 3663 ﬁat,
1114 3597 1209 3654 sed
1246 3599 1396 3654 circa
1421 3598 1660 3668 speciem
1700 3605 1993 3669 postquam

409 3685 619 3754 species
643 3686 914 3742 dissoluta
946 3686 1111 3742 fuerit
1142 3690 1307 3745 etiam
1337 3704 1487 3745 nunc
1516 3698 1755 3755 maneat,
1787 3696 1842 3745 et
1866 3704 1992 3744 eum

404 3775 519 3842 jam
555 3783 711 3829 extra
746 3791 867 3830 eam
925 3778 1184 3842 evaserit,
1224 3779 1374 3835 illius
1429 3780 1706 3836 desiderio
1750 3780 1997 3835 materia

413 3866 549 3921 locis
620 3866 857 3929 oberret,
891 3867 1214 3940 circumque
1274 3886 1338 3926 ea
1377 3881 1627 3927 versetur
1687 3880 1852 3942 atque
1902 3887 1998 3925 va-

406 3963 586 4027 getur.

482 4063 548 4118 G.
564 4070 678 4134 Ego
691 4080 825 4121 vero
837 4068 1119 4137 paululum
1130 4084 1522 4142 commoratus,
1536 4075 1767 4147 repetita
1780 4078 1998 4127 senten-

411 4152 486 4207 tia
517 4167 707 4210 eorum
747 4171 869 4225 quae
898 4154 1046 4211 dicta
1070 4166 1251 4223 erant,
1282 4156 1538 4223 Videtur,
1585 4163 1833 4230 inquam,
1860 4162 1998 4217 mihi

406 4262 477 4301 ex
505 4246 572 4303 iis
591 4261 711 4317 quae
728 4246 890 4304 modo
914 4248 1062 4304 dicta
1094 4256 1248 4314 sunt,
1276 4250 1546 4307 exsistere
1566 4250 1833 4323 quiddam
1872 4268 1999 4309 con-

2095 3230 2238 3301 κώδη
2299 3229 2413 3301 βίον
2461 3227 2834 3301 προσπάθεια,
2880 3227 2957 3292 ὡς
3009 3226 3143 3299 μηδὲ
3193 3225 3523 3291 ὲξωσθεῖσαν
3576 3225 3680 3293 τῆς

2095 3322 2297 3395 σαρκὸς
2324 3321 2580 3394 καθαρῶς
2606 3320 2773 3392 αὐτὴν
2805 3320 2917 3391 (56)
2944 3319 3146 3373 ἐθέλειν
3177 3317 3515 3388 ἀφίπτασθαι
3539 3316 3679 3386 (57),

2098 3413 2233 3486 μηδὲ
2270 3415 2572 3485 συγχωρεῖν
2598 3411 2695 3482 τὴν
2726 3411 2958 3482 παντελῆ
2999 3409 3243 3481 γίνεσθαι
3277 3409 3389 3479 (58)
3437 3408 3576 3481 πρὸς
3618 3407 3681 3461 τὸ

2094 3503 2271 3567 ἀειδὲς
2297 3503 2391 3557 τοῦ
2428 3504 2706 3573 σχήματος
2744 3502 3122 3573 μεταποίησιν,
3160 3499 3296 3553 ἀλλά
3338 3499 3682 3582 παραμένειν

2096 3598 2177 3650 ἔτι
2221 3596 2301 3667 τῷ
2334 3597 2463 3650 εῖδει
2505 3596 2643 3667 μετά
2688 3594 2749 3649 τὸ
2776 3594 3003 3666 λυθῆναι
3046 3593 3109 3647 τὺ
3150 3588 3312 3657 εἶδος,
3342 3593 3439 3646 καὶ
3466 3592 3572 3656 ἔξω
3595 3608 3682 3659 γε-

2096 3689 2327 3759 νομένην
2352 3689 2454 3759 ῆδη
2483 3687 2672 3742 τούτου
2694 3686 2844 3758 πόθῳ
2871 3688 2982 3750 τοῖς
3008 3687 3107 3757 τῆς
3129 3685 3260 3755 ὖλης
3280 3684 3682 3738 ὲπιπλανᾶσθαι

2096 3783 2302 3845 τόποις,
2342 3782 2437 3835 καὶ
2472 3782 2601 3853 περὶ
2630 3781 2829 3844 αὐτοὺς
2865 3777 3322 3850 ἀναστρέφεσθαι.

2164 4072 2224 4127 Γ.
2258 4075 2402 4146 Ἐγὼ
2422 4078 2477 4133 δὲ
2503 4075 2697 4150 μικρὸν
2717 4072 2957 4144 ἐπισχὼν
2988 4072 3086 4127 καὶ
3108 4034 3391 4125 ἀναλαϐὼν
3424 4067 3525 4139 τὴν
3571 4064 3682 4118 τῶν

2099 4163 2406 4237 εἰρημένων
2431 4163 2693 4229 διάνοιαν,
2723 4165 2884 4217 Δοκεῖ
2917 4180 3028 4234 μοι,
3062 4158 3235 4227 εἷπον,
3266 4163 3381 4225 τοῖς
3411 4161 3541 4233 περὶ
3575 4178 3680 4213 πα-

2099 4257 2209 4311 θῶν
2235 4256 2346 4329 (59)
2392 4255 2892 4329 προεξητασμένοις
2922 4254 3256 4309 ἀνακύπτειν
3285 4257 3349 4308 ἐκ
3393 4252 3502 4306 τῶν
3541 4255 3680 4325 εἰρη-

408 4340 641 4395 trarium
673 4341 744 4398 iis
791 4358 913 4413 quae
942 4343 1011 4399 de
1039 4343 1328 4401 alrectibus
1370 4359 1435 4400 ac
1484 4344 1983 4415 perturbationibus

2102 4347 2279 4419 μένων
2311 4364 2397 4411 τις
2424 4346 2756 4410 ἐναντίωσις.
2794 4346 2857 4399 Et
2883 4346 2994 4416 γὰρ
3026 4348 3090 4400 ἐκ
3112 4345 3214 4415 τῆς
3240 4343 3378 4414 πρὸς
3407 4343 3476 4396 τά
3513 4342 3682 4412 ἄλογα

411 4439 570 4485 antea
589 4445 823 4488 excussa
843 4442 1009 4503 atque
1034 4436 1350 4491 examinata
1374 4442 1524 4491 sunt.
1560 4434 1700 4491 Nam
1731 4436 1778 4492 si
1808 4452 1875 4493 ex
1925 4452 1983 4495 ea

2101 4439 2423 4509 συγγενείας
2451 4437 2708 4509 ἐνομίσθη
2738 4437 2810 4491 τὰ
2848 4436 3073 4492 τοιαῦτα
3111 4436 3215 4507 τῆς
3245 4434 3425 4505 ψυχῆς
3466 4436 3524 4487 ὲν
3549 4433 3681 4504 ἡμῖν

408 4534 531 4590 quae
557 4535 682 4575 cum
711 4522 889 4579 brutis
911 4532 997 4579 est
1021 4528 1344 4597 cognatione
1369 4531 1504 4585 tales
1523 4530 1576 4585 in
1602 4532 1763 4588 nobis
1794 4533 1983 4589 animae

2095 4531 2438 4605 ἐνεργεῖσθαι
2479 4532 2776 4603 κινήματα,
2818 4530 2919 4583 ὅσα
2951 4526 3277 4601 προσλαϐὼν
3308 4524 3421 4597 (60)
3455 4523 3484 4577 ὁ
3525 4523 3683 4593 λόγος

409 4619 596 4669 motus
623 4612 760 4669 ιιιῐίσί
806 4624 1091 4686 putantur,
1137 4619 1329 4689 quales
1363 4620 1612 4690 superior
1644 4623 1983 4680 enumeravit

2094 4623 2543 4696 ἀπηριθμήσατο,
2579 4622 2750 4694 θυμόν
2775 4639 2838 4675 τε
2877 4622 2971 4676 καὶ
3011 4620 3196 4691 φόϐον,
3240 4619 3336 4673 καὶ
3367 4616 3560 4689 ἡδονὴν
3584 4619 3680 4672 καὶ

478 4791 594 4862 (55)
626 4791 807 4847 Τοῦτο
844 4792 988 4850 delet
1016 4798 1083 4848 Α.

630 4863 709 4937 Τὰ
725 4864 891 4937 iam:
926 4867 961 4937 Α
990 4866 1085 4919 τοῦ
1113 4867 1183 4923 τὰ
1209 4866 1351 4937 λείψ.

479 4931 595 5001 (37)
638 4931 1194 5005 ’Δποκὰθαίροντος.
1223 4939 1267 4991 Α
1291 4931 1345 4992 iu
1365 4938 1614 5010 margine
1642 4940 1993 4997 ἀποδιιστῶν-

441 5019 517 5058 οξ.

479 5073 593 5151 (ἒξ)
630 5073 752 5151 Τὴν
777 5074 1009 5151 Ψυᾈὴντ
1045 5076 1091 5151 Α
1120 5077 1164 5132 Β
1190 5080 1256 5150 τῇ
1285 5077 1467 5151 ψυχῇ-’

499 5143 589 5217 739i
627 5147 843 5217 ᾼὺτόν.
869 5143 924 5200 Β
938 5143 1142 5217 αὑτήν.

500 5212 592 5290 49)
628 5215 1015 5290 ἶΑλγηδόνοςο
1047 5212 1437 5290 Βεάχθηδόνοςο

478 5280 597 5362 li!)
635 5280 1062 5362 ᾉφέτῖκούσᾶιςς
1095 5288 1140 5362 Β
1161 5280 1525 5362 Ϊὲφέλκρῦσηςς

629 5350 925 5434 {deﬁciar-3p.
954 5350 1000 5413 Ᾱ
1017 5350 1236 5434 Βαλλᾷ
1255 5350 1529 5434 καθάπέρ.

476 5421 590 5502 ea
633 5421 1037 5502 meam,
1065 5431 1111 5483 Α
1137 5431 1179 5502 Β
1215 5421 1573 5502 ἀνεμάξαὺτο.

480 5488 594 5571 (ἕξ)
634 5488 859 5571 Ἀηὲᾔέ
874 5498 919 5549 Α
948 5499 992 5550 Β
1018 5501 1193 5571 ἀειδῆ.

504 5561 597 5632 45)
641 5561 995 5622 Ἀϐλεπτον.
1026 5570 1083 5630 Α,
1102 5561 1316 5626 λε’πτόν.

501 5632 598 5749 46)
634 5632 1047 5715 Ἀφέλκςσθαι.
1086 5642 1123 5692 Α
1151 5642 1192 5692 Β
1229 5642 1568 5710 ἐφέλκεσθαι.

507 5701 573 5749 47
631 5704 946 5749 Σηοκικηρκ
982 5706 1025 5749 Π
1053 5710 1311 5749 ηηηνῖυηπρ

631 5703 955 5781 ξᾳρκικῆς.
982 5706 1025 5760 Β
1053 5700 1329 5781 σαρκίνης.

477 5766 593 5841 (48)
618 5766 832 5827 Δινῶν.
866 5766 921 5828 Ᾱ’
944 5778 998 5831 in
1031 5766 1277 5851 margine
1291 5766 1364 5835 δι’
1394 5778 1478 5842 οὗ.

406 5020 437 5055 τ

2158 4804 2271 4877 (49)
2310 4807 2613 4875 Τοιαύτης.
2642 4805 2686 4857 Β
2708 4804 2818 4877 τῆς
2844 4803 3123 4877 τοιαύτης.

2188 4874 2279 4946 50)
2307 4874 2661 4946 Γινομένης.
2690 4876 2736 4929 Α
2758 4874 3075 4946 γενομένης.

2186 4941 2277 5016 51)
2308 4941 2466 5015 Πρὸςῖ
2498 4941 2798 5016 τοιαύτην.
2828 4941 3035 5016 Αίπρὸς
3066 4943 3173 5016 τὴν
3188 4941 3463 5016 τοιαύτην.

2167 5009 2282 5087 (52)
2324 5009 2384 5070 ’Ὀ
2418 5009 2789 5087 εἰαράτινων
2835 5009 3090 5087 λέγεται.
3121 5009 3294 5087 ’Βητὺ
3338 5009 3409 5069 π.’
3431 5030 3482 5087 τ.
3522 5009 3677 5087 λέγει-

2095 5083 2237 5142 σθαι.
2267 5083 2309 5140 Ἀ
2345 5087 2400 5142 iu
2429 5083 2676 5157 margine
2701 5084 2764 5138 τὸ
2788 5083 3049 5149 πολλάκις
3080 5083 3234 5154 παρά
3259 5099 3421 5139 τινων
3451 5083 3679 5153 λεγόμε-

2095 5175 2183 5211 νον
2212 5157 2466 5211 ὁρᾶσθαι.

2095 5175 2183 5213 νον
2212 5174 2466 5213 οοασυαι.

2164 5175 2183 5210 ν
2212 5174 2466 5227 ορασυαι.

2164 5228 2279 5299 (55)
2318 5227 2429 5299 Τὰς
2456 5227 2687 5299 περίχΑ
2716 5226 2760 5299 β
2786 5226 2917 5299 περὶ
2937 5226 3057 5299 “=44-

2160 5293 2274 5367 (5l)
2307 5297 2477 5352 Τοῖόν
2496 5293 2570 5368 τι.
2603 5297 2646 5349 Β
2672 5296 2751 5368 τῷ
2779 5293 2892 5350 δντι
2913 5297 3142 5368 ,γίνεται
3171 5293 3367 5361 οὕτως.

2188 5369 2278 5437 55)
2306 5367 2624 5438 Γινομένη,
2657 5368 2701 5421 Α
2723 5366 3013 5438 γενομένη.

2191 5440 2280 5507 56)
2313 5437 2541 5503 Αὐτὴν.
2578 5438 2619 5488 Β
2646 5438 2838 5507 αὐτῆς.

2168 5506 2283 5580 (57)
2327 5509 2731 5580 Ἀφίπτασθαι.
2765 5506 2811 5560 Α
2842 5506 3193 5580 έςρίπτασθαι.

2167 5577 2280 5648 (58)
2316 5580 2620 5633 Γίνεσθαι.
2653 5579 2696 5631 Β
2733 5577 3007 5648 γενέσθαι.

2172 5646 2285 5717 (59)
2311 5648 2542 5704 Παθῶν.
2579 5650 2623 5702 Α
2656 5649 2697 5700 Β
2721 5646 2829 5701 τῶν
2864 5646 3074 5702 παθῶν.

2172 5716 2286 5791 (60)
2313 5717 2696 5787 Προσλαόών.
2726 5719 2771 5770 Α
2799 5716 3109 5789 προλαϐών.
