3992 6478
209 415 270 470 95
1267 418 1355 476 DE
1393 420 1617 478 ANIMA
1656 422 1747 479 ET
1784 424 2389 485 RESURRECTIONE.
3388 449 3468 506 9;

207 524 423 599 μετοχὴν
444 525 624 581 καλοῦ
652 545 802 593 τινος
828 529 887 584 ἐν
907 530 982 601 τῷ
1006 532 1154 604 καλῷ
1187 536 1476 608 κινουμένη
1505 537 1639 606 (91),
1660 537 1773 591 ἀλλ’

1895 540 1987 594 ius
2033 541 2278 611 indigeat
2323 556 2513 597 earum
2553 557 2737 598 rerum
2809 560 2931 616 quas
2981 545 3126 602 circa
3175 547 3377 601 bonum
3406 563 3464 607 et

204 622 327 694 αὕτη
350 619 483 676 οὖσα
508 623 546 694 ἡ
564 622 669 676 τοῦ
705 624 869 678 καλοῦ
895 625 1073 695 φύσις,
1096 628 1125 681 ὅ
1166 628 1221 682 τί
1258 646 1390 682 ποτε
1422 631 1519 683 καὶ
1551 626 1691 684 εἶναι
1718 630 1781 684 τὸ

202 715 351 771 καλὸν
374 716 404 770 6
425 714 554 779 νοῦς
585 715 921 785 ὑποτίθεται,
953 717 1075 772 οὔτε
1108 720 1206 792 τὴν
1236 720 1552 794 ἐλπιστικὴν
1574 722 1787 793 κίνησιν

200 808 254 860 ἐν
287 809 448 877 ἑαυτῇ
496 807 747 878 δέχεται.
796 808 940 880 Πρὸς
980 810 1089 880 γὰρ
1114 810 1176 864 τὸ
1219 810 1295 883 μὴ
1337 813 1512 882 παρὸν
1560 814 1594 883 ή
1633 812 1788 876 ἐλπὶς

199 896 478 967 ὲνήργηται
502 896 625 968 (92)
658 897 840 968 μόνον.
879 900 945 952 Ὅ
969 888 1033 954 δὲ’
1067 900 1180 970 ἔχει
1211 919 1315 965 τις,
1351 902 1405 956 τί
1434 903 1530 956 καὶ
1552 902 1789 968 hilariter;

201 988 351 1058 φησὶν
383 990 412 1041 ὁ
464 988 803 1054 Ἀπόστολος
845 990 978 1061 (95).
1014 989 1152 1044 Οῠτε
1190 992 1296 1072 εῆς
1344 994 1783 1063 μνημονευτικῆς

202 1077 466 1148 ἐνεργείας
497 1078 652 1147 πρὸς
694 1079 793 1151 τὴν
834 1079 944 1134 τῶν
990 1080 1161 1136 ὄντων
1205 1081 1517 1153 ἐπιστήμην
1560 1082 1781 1153 ἐπιδεής

205 1173 320 1224 ἐστι·
341 1168 405 1223 τὺ
430 1169 547 1242 γὰρ
579 1169 914 1243 βλεπόμενον
941 1170 1036 1226 τοῦ
1067 1172 1505 1245 μνημονευθῆναι
1535 1173 1645 1245 (94)
1683 1175 1784 1228 οὐκ

200 1259 480 1316 ἐπιδέεται.

1887 631 2178 687 honestum
2202 633 2608 704 intelliguntur,
2643 649 2769 690 cum
2798 636 2917 707 ipsa
2947 637 3020 691 sit
3055 638 3323 692 bonorum
3356 639 3467 707 ple-

1888 722 2102 790 nitudo,
2137 739 2317 794 neque
2354 733 2617 798 tanquam
2652 729 2929 799 particeps
2979 732 3217 801 alicujus
3246 732 3376 788 boni
3412 740 3467 788 et

1889 813 2105 870 honesti
2138 815 2194 871 in
2235 816 2379 871 bono
2409 827 2678 885 versetur,
2715 820 2809 877 sed
2853 823 2972 893 ipsa
3015 823 3088 877 sit
3131 823 3302 892 ipsius
3336 824 3465 878 boni

1889 914 1944 960 et
1990 905 2208 961 honesti
2241 916 2437 963 natura
2470 908 2862 982 (quodcunque
2903 913 3125 969 tandem
3164 915 3328 970 etiam
3362 915 3465 968 bo-

1890 1010 2020 1048 num
2046 1005 2102 1051 et
2132 995 2425 1054 honestum
2451 1014 2575 1055 esse
2613 1016 2770 1057 mens
2798 1002 3173 1075 ponit),neque
3200 1003 3461 1072 sperandi

1889 1094 2095 1140 motum
2116 1085 2171 1141 in
2194 1102 2316 1143 sese
2345 1089 2586 1143 admittit
2618 1091 2766 1161 (spes
2811 1093 2956 1147 enim
2983 1093 3052 1149 ad
3089 1092 3144 1147 id
3173 1095 3317 1164 quod
3356 1108 3466 1149 non

1889 1175 2044 1232 adest
2068 1177 2336 1232 duntaxat
2365 1180 2656 1236 adhibetur
2675 1221 2691 1246 ,
2748 1183 2892 1253 quod
2923 1190 3105 1239 autem
3134 1186 3258 1253 quis
3305 1184 3469 1237 habet

1889 1280 1991 1321 cur
2023 1268 2189 1324 etiam
2224 1271 2454 1340 speret?
2478 1272 2659 1341 inquit
2685 1272 2907 1330 divinus
2938 1272 3466 1348 Apostolus),neque

201 1357 581 1413 reminiscendi
632 1372 699 1413 ac
751 1358 1078 1415 recordandi
1133 1358 1421 1416 ellicientia
1467 1359 1536 1416 ad
1590 1374 1773 1415 rerum
1812 1360 2100 1418 scientiam
2150 1378 2292 1434 opus
2329 1365 2513 1423 habet.
2583 1367 2743 1434 Quod
2804 1370 2951 1425 enim
2992 1369 3208 1427 videtur
3285 1385 3474 1427 recor-

201 1447 404 1504 datione
451 1464 572 1505 non
618 1449 845 1520 indiget.

273 1563 422 1618 Ἐπεὶ
453 1564 573 1635 (95)
603 1564 664 1618 δὲ
697 1563 808 1637 (96)
839 1559 932 1619 οὗν
971 1565 1169 1630 παντὸς
1207 1565 1410 1635 ἀγαθοῦ
1456 1566 1714 1622 ἐπέκεινα
1751 1568 1786 1639 ή

202 1656 311 1712 θεία
349 1655 538 1727 φύσις,
583 1657 651 1710 τὸ
682 1656 739 1709 δὲ
769 1656 967 1727 ἀγαθὸν
1004 1656 1209 1727 ἀγαθοῦ
1242 1658 1392 1728 φίλον
1429 1659 1665 1726 πάντως,
1702 1659 1791 1714 διὰ

201 1748 344 1801 τοῦτο
372 1749 429 1802 ἐν
458 1749 638 1819 ἑαυτῇ
665 1750 775 1816 (97)
818 1747 1120 1819 βλέπουσα,
1154 1750 1250 1803 καὶ
1272 1749 1303 1804 ὃ
1338 1750 1451 1822 ἔχει
1482 1751 1658 1817 θέλει,
1694 1752 1789 1806 καὶ

202 1839 229 1892 ὃ
266 1838 403 1893 θέλει
442 1838 583 1910 ἔχει,
608 1841 761 1895 οὐδὲν
783 1839 891 1895 τῶν
924 1840 1123 1907 ἔξωθεν
1149 1843 1229 1906 είς
1257 1841 1455 1914 ἑαυτὴν
1495 1843 1782 1915 δεχομένη,

206 1931 297 1997 ἔξω
318 1931 376 1985 δὲ
400 1931 579 2000 una");
607 1932 780 1999 οὐδὲν,
813 1933 894 1987 ὅτι
927 1934 1003 2005 μὴ
1040 1934 1074 2004 ἡ
1106 1934 1275 1987 κακία
1323 1934 1494 2005 μόνη,
1534 1934 1689 2005 ἥτις,
1737 1936 1786 1988 εί

208 2023 297 2081 κᾶν
327 2025 435 2098 (98)
468 2027 784 2098 παράδοξον
827 2029 1021 2094 εἰπεῖν,
1057 2030 1114 2082 ἐν
1151 2027 1229 2100 τῷ
1270 2028 1346 2101 μὴ
1388 2026 1527 2082 εἶναι
1560 2029 1621 2082 τὸ
1646 2024 1786 2083 εἶναι

207 2115 340 2185 ἔχει’
368 2117 429 2170 οὐ
476 2116 594 2189 γὰρ
623 2116 757 2188 ἀλλη
791 2118 874 2181 τίς
912 2119 1027 2172 ἐστι
1063 2117 1156 2172 καὶ
1182 2118 1379 2181 κακίας
1411 2118 1524 2190 (99)
1542 2119 1783 2187 γένεσις,

207 2210 251 2262 εί
278 2207 349 2280 μὴ
385 2206 481 2262 τοῦ
523 2211 685 2273 ὄντος
709 2210 843 2281 (99')
880 2210 1153 2283 στέρησις.
1193 2211 1267 2264 Τὸ
1305 2211 1364 2264 δὲ
1406 2210 1609 2282 κυρίως
1645 2209 1704 2264 δν
1749 2213 1783 2282 ἡ

208 2300 292 2355 τοῦ
314 2301 522 2371 ἀγαθοῦ
547 2302 714 2372 φύσις
734 2302 903 2358 ἐστίν.
937 2304 1001 2357 '0
1029 2298 1120 2357 οὖν
1146 2304 1203 2356 ἐν
1236 2301 1314 2373 τῷ
1345 2301 1459 2356 ὄντι
1487 2303 1588 2356 οὐκ
1616 2301 1783 2367 ἐστιν,

211 2391 262 2444 ἐν
305 2390 383 2461 τῷ
423 2391 501 2464 μὴ
544 2388 689 2446 εἶναι
729 2392 945 2455 πάντως
990 2391 1158 2446 ἐστίν.
1209 2391 1457 2445 Ἐπειδὰν
1485 2386 1579 2445 οὖν
1618 2390 1714 2445 καὶ
1752 2392 1786 2463 ἡ

211 2482 344 2553 ψυχὴ
373 2482 558 2539 πάντα
582 2483 654 2538 τὰ
689 2484 908 2538 ποικίλα
930 2483 1028 2555 τῆς
1054 2483 1267 2552 φύσεως
1290 2481 1789 2554 ἀποσκευασαμένη

209 2575 471 2645 κινήματα
514 2575 762 2647 θεοειδὴς
809 2575 1020 2645 γίνεται
1054 2574 1152 2646 (1),
1203 2574 1296 2629 καὶ
1348 2573 1636 2646 ὑπερδᾶσα
1690 2572 1788 2645 τὴν

212 2665 493 2736 ἐπιθυμίαν
539 2668 605 2721 ἐν
644 2667 837 2739 ἐκείνῳ
869 2661 937 2741 ᾖ,
977 2665 1113 2737 πρὸς
1151 2665 1181 2719 ὃ
1221 2665 1326 2719 ὑπὸ
1359 2667 1461 2735 τῆς
1496 2663 1791 2735 ἐπιθυμίας

212 2755 336 2820 τέως
359 2756 607 2829 ὑπῄρετο
637 2757 735 2827 (2),
775 2754 957 2810 οὐκέτι
986 2756 1126 2831 τινὰ,
1150 2756 1226 2823 (5)
1262 2755 1456 2827 σχολὴν
1490 2755 1703 2810 δίδωσιν
1731 2757 1791 2810 ἐν

216 2846 387 2918 ἑαυτῇ,
412 2846 540 2902 οὗτε
564 2849 632 2919 τῇ
654 2847 850 2912 ἐλπίδι,
873 2845 997 2900 οὔτε
1030 2849 1097 2919 τῇ
1128 2845 1204 2917 (4)
1238 2848 1429 2920 μνήμῃ
1449 2887 1464 2911 ,
1489 2846 1550 2899 τὸ
1572 2846 1678 2919 γὰρ
1713 2846 1789 2917 (5)

216 2937 556 3009 ἐλπιζόμενον
600 2938 730 3009 ἔχει·
773 2940 807 3010 ἠ
851 2937 909 2992 δὲ
933 2936 1008 3008 (ϐ)
1050 2937 1180 3008 περὶ
1213 2935 1313 3008 τὴν
1346 2937 1646 2991 ἀπόλαυσιν
1681 2937 1791 2992 τῶν

219 3031 421 3099 ἀγαθῶν
458 3030 691 3103 ἀσχολία
721 3029 818 3101 τὴν
860 3030 1078 3100 μνήμην
1114 3026 1369 3101 ἐκκρούει
1399 3028 1499 3099 τῆς
1529 3028 1788 3093 διανοίας·

1963 1565 2233 1632 Quoniam
2279 1565 2447 1638 igitur
2475 1566 2659 1623 divina
2708 1574 2908 1622 natura
2962 1583 3131 1639 supra
3171 1583 3333 1623 omne
3373 1569 3473 1624 bo-

1895 1673 2025 1712 num
2072 1666 2180 1724 est,
2233 1673 2299 1712 ac
2345 1658 2492 1714 bono
2551 1658 2758 1714 bonum
2805 1674 3035 1730 prorsus
3077 1659 3312 1714 amicum
3362 1669 3469 1726 est,

1820 1784 1863 1840 Β
1896 1748 2102 1803 idcirco
2122 1764 2246 1804 cum
2272 1750 2506 1820 seipsam
2551 1749 2819 1817 intuetur,
2872 1757 2927 1805 et
2965 1750 3112 1820 quod
3140 1750 3307 1805 habet
3340 1750 3473 1819 vult,

1891 1849 1947 1897 et
1984 1843 2130 1913 quod
2173 1843 2292 1897 vult
2342 1843 2530 1908 habet,
2578 1843 2719 1897 nihil
2767 1851 3058 1899 externum
3112 1842 3169 1897 in
3220 1858 3342 1898 sese
3379 1842 3476 1897 ad-

1893 1934 2139 1989 mittens.
2178 1932 2348 1989 Extra
2374 1948 2496 1989 eam
2545 1943 2728 1989 autem
2774 1933 2912 1988 nihil
2945 1943 3309 2005 praeterquam
3359 1935 3477 1988 sola

1891 2025 2162 2081 vitiositas
2185 2031 2289 2087 est,
2313 2039 2457 2095 quae,
2487 2025 2591 2081 etsi
2614 2024 2767 2080 dictu
2795 2025 3098 2082 absurdum
3129 2034 3185 2080 et
3207 2039 3237 2078 a
3264 2025 3476 2095 vulgari

1894 2115 2153 2187 Opinione
2189 2115 2427 2169 alienum
2471 2122 2578 2179 est,
2616 2116 2673 2170 in
2721 2131 2789 2171 eo
2829 2116 2977 2186 quod
3018 2132 3128 2170 non
3162 2124 3267 2182 est,
3313 2130 3475 2171 suum

1893 2191 2018 2265 esse
2048 2208 2231 2263 habet.
2264 2205 2385 2263 Non
2422 2207 2569 2262 enim
2610 2207 2719 2262 ulla
2752 2207 2858 2260 alia
2890 2207 3171 2277 generatio
3205 2206 3476 2262 vitiositas

1893 2308 1998 2365 est,
2026 2313 2190 2368 quam
2233 2298 2355 2367 ejus
2389 2298 2539 2368 quod
2587 2305 2676 2353 est
2704 2298 2939 2368 privatio
2979 2297 3079 2369 (a).
3108 2296 3262 2364 Quod
3295 2305 3477 2352 autem

1894 2391 2117 2462 proprie
2159 2396 2265 2455 est,
2302 2389 2433 2444 boni
2482 2396 2679 2445 natura
2719 2397 2828 2445 est.
2863 2388 3018 2455 Quod
3055 2390 3224 2460 igitur
3264 2389 3318 2444 in
3352 2396 3479 2445 ente

1894 2496 2004 2535 non
2026 2491 2131 2545 est,
2162 2480 2217 2534 in
2254 2496 2320 2536 eo
2348 2480 2495 2552 quod
2535 2497 2645 2536 non
2674 2488 2759 2536 est
2786 2497 3015 2551 prorsus
3046 2490 3149 2537 est.
3178 2481 3478 2553 Postquam

1895 2573 2065 2643 igitur
2120 2571 2304 2626 anima
2363 2588 2605 2644 quoque,
2662 2572 2965 2644 segregatis
3011 2573 3268 2628 omnibus
3313 2573 3480 2628 variis

1896 2669 2109 2717 naturae
2153 2664 2414 2727 motibus,
2452 2663 2564 2720 Deo
2611 2664 2813 2720 similis
2843 2663 3033 2740 eﬂecta
3078 2663 3265 2728 fuerit,
3317 2671 3482 2734 atque

1900 2762 2158 2824 superata
2209 2755 2513 2825 cupiditate
2561 2756 2616 2809 in
2672 2756 2767 2811 illo
2809 2756 2995 2823 fuerit,
3049 2755 3119 2810 ad
3173 2756 3320 2826 quod
3349 2756 3480 2811 olim

1897 2860 1928 2899 a
1957 2846 2256 2917 cupiditate
2280 2847 2600 2917 erigebatur
2625 2855 2679 2902 et
2736 2847 3071 2903 incitabatur
3102 2862 3215 2902 non
3245 2848 3481 2917 amplius

1898 2939 2237 2995 consistendi
2280 2939 2464 2995 locum
2493 2941 2547 2995 in
2599 2955 2721 2996 sese
2750 2941 2866 3006 dat,
2900 2955 3079 3010 neque
3124 2939 3262 3010 spei,
3306 2955 3482 3010 neque

1900 3029 2263 3085 recordationi
2285 3072 2299 3097 ,
2330 3046 2455 3084 nam
2487 3031 2635 3102 quod
2662 3031 2884 3102 quidem
2916 3031 3243 3101 sperabatur
3286 3031 3480 3098 habet;

221 3120 303 3174 καὶ
320 3120 461 3175 οὕτω
486 3123 593 3192 τὴν
625 3118 999 3191 ὑπερέχουσαν
1037 3119 1286 3188 μιμεῖται
1326 3116 1471 3188 ζωὴν
1502 3118 1615 3182 τοῖς
1660 3114 1792 3171 ίδιὼ-

1898 3118 2257 3187 occupatione
2300 3126 2481 3173 autem
2533 3119 2889 3175 l'ruendorum
2942 3120 3212 3176 bonorum
3278 3136 3485 3175 memo-

225 3230 345 3284 μασι
384 3215 483 3286 τῆς
539 3213 694 3278 θείας
744 3210 957 3282 φύσεως
1001 3210 1460 3282 ἐμμορφωθεῖσα,
1503 3209 1578 3274 ὡς
1626 3209 1791 3281 μηδὲν

222 3308 601 3380 ὑπολειφθῆναι
626 3305 734 3361 τῶν
753 3305 926 3361 ἄλλων
947 3302 1106 3374 αὐτῇ,
1144 3301 1284 3380 πλὴν
1313 3303 1413 3373 τῆς
1446 3302 1794 3373 ἀγαπητικῆς

224 3377 521 3465 διαθέσεως,
556 3399 802 3471 φυσικῶς
839 3397 915 3469 τῷ
959 3396 1108 3468 καλῷ
1134 3377 1578 3467 τέροσφυομένης.
1623 3392 1795 3446 Τοῦτο

223 3493 320 3562 γάρ
353 3494 498 3548 ἐστιν
531 3495 570 3565 ἡ
603 3492 790 3564 ἀγάπη
812 3530 827 3555 ,
850 3493 884 3563 ἡ
922 3490 1058 3562 πρὸς
1087 3488 1149 3542 τὸ
1183 3485 1521 3557 καταθύμιον
1556 3485 1793 3539 ἐνδιάθε-

225 3600 303 3648 τος
334 3585 538 3655 σχέσις.
584 3584 752 3639 Ὅταν
775 3578 867 3638 οὖν
892 3585 926 3654 ἡ
957 3580 1105 3651 ἁπλῆ
1144 3580 1222 3653 (7)
1252 3579 1346 3633 καὶ
1386 3577 1663 3648 μονοειδὴς
1699 3576 1795 3631 καὶ

225 3675 453 3747 ἀκριϐῶς
474 3673 779 3739 θεοείκελος
820 3674 896 3746 (8)
928 3676 961 3745 ἡ
1002 3672 1148 3744 ψυχὴ
1182 3669 1441 3742 γινομένη
1474 3667 1549 3739 (9)
1581 3667 1796 3739 εὕροιτο

226 3766 425 3837 ἀληθῶς
448 3767 662 3823 ἁπλοῦν
694 3783 755 3819 τε
776 3765 869 3820 καὶ
900 3764 1061 3820 ἄῦλον
1091 3761 1315 3832 ἀγαθὸν,
1342 3761 1517 3814 ἐκεῖνο
1538 3757 1600 3811 τὸ
1637 3757 1795 3829 μόνον

227 3846 356 3909 τοιόν
387 3873 443 3909 τι
478 3855 598 3927 (10)
631 3853 913 3925 ἀγαπητὸν
942 3853 1037 3907 καὶ
1068 3852 1329 3924 ἐράσμιον
1367 3847 1709 3921 προσφύεται
1735 3864 1797 3901 τε

228 3946 362 4019 αὐτῷ
413 3950 512 4005 καὶ
581 3947 1034 4018 συνανακιρνᾶται
1074 3942 1184 4016 (11)
1231 3942 1319 3998 διὰ
1358 3943 1458 4014 τῆς
1505 3939 1797 4011 ἀγαητῆς

229 4041 479 4111 κινήσεώς
522 4057 584 4095 τε
610 4042 705 4094 καὶ
734 4037 1032 4110 ἐνεργείας,
1069 4036 1208 4109 πρὸς
1242 4035 1306 4088 τὸ
1331 4035 1418 4089 ἀεὶ
1446 4032 1798 4105 καταλαμϐα-

232 4130 436 4203 νόμενόν
467 4150 533 4188 τε
562 4132 659 4187 καὶ
690 4130 1076 4203 εὑρισκόμενον
1115 4125 1313 4198 ἑαυτὴν
1357 4127 1660 4200 μορφοῦσα·
1703 4125 1800 4181 καὶ

315 4362 399 4430 91)
421 4362 781 4432 Κινουμένη.
811 4364 854 4415 Α
885 4363 928 4415 Β
950 4361 1230 4432 γινομένη.

313 4433 399 4504 92)
439 4432 813 4502 Ἐνήρτηται.
841 4435 951 4504 ΑΒ
971 4434 1291 4504 ἐνεργεῖται..

292 4502 399 4573 (95)
448 4501 839 4573 Ἀπόσλιόλοςῃ
873 4503 918 4557 Α
950 4501 1233 4573 praemittit
1260 4501 1418 4573 θεῖος.

293 4567 398 4643 (94)
434 4567 966 4643 Μνημονευθθῆναιξ
989 4573 1035 4626 Α
1059 4575 1101 4626 Β
1134 4567 1585 4643 μνημονεύεσθαι.

296 4589 398 4643 (ναι)
434 4589 960 4643 Μνημονευυηναι.
989 4589 1035 4626 Α
1059 4589 1101 4626 Β
1134 4590 1242 4695 μνὲ
1287 4589 1418 4625 ovem

296 4642 402 4715 (95)
455 4645 636 4715 Ἐπεί.
670 4644 796 4698 Ain
823 4644 1071 4715 margine
1092 4646 1212 4698 ἐπει
1245 4589 1286 4714 ξ
1301 4639 1418 4699 οὖν.

297 4713 402 4787 (96)
452 4714 525 4768 Δέ
555 4716 697 4787 delet
722 4716 783 4787 Β.

296 4784 402 4857 (97)
454 4787 548 4839 Ἐν
569 4784 849 4854 ἐαυτῇ.“Ἀ
871 4787 914 4840 Β
948 4787 1164 4857 ἑαυτήν.

302 4850 407 4926 (98)
432 4857 503 4909 Et
527 4856 661 4910 κάν.
683 4850 746 4910 Et
774 4857 917 4913 delet
939 4859 999 4912 Β.
1032 4850 1399 4926 Caeterumad
1437 4852 1634 4926 verba,
1656 4850 1802 4921 ἥτις.

240 4922 399 4998 alia).
416 4926 717 4998 παράδοξον
746 4929 938 4998 εἰπεῖν,
957 4929 1010 4982 in
1032 4930 1184 4982 calce
1210 4924 1417 4998 codicis
1439 4923 1489 4998 tl
1502 4924 1610 4998 ista
1624 4923 1801 4998 legas;

240 4989 349 5079 ξίσί
370 4989 527 5079 τινα,
550 4989 718 5079 ,ἅπερ
738 4999 787 5050 οἱ
809 4989 1101 5079 ἔξωςφασὶν
1124 4998 1183 5049 ὲν
1206 4996 1285 5067 τῷ
1305 4993 1557 5079 ¹γίνεσθξιι
1585 4989 1728 5074 ἔχειν
1746 4990 1806 5043 τὸ

240 5058 384 5148 εἶναι,
410 5058 606 5148 οὑξ-ἐν
631 5058 1035 5148 τῷιγεγόνένὶιι,
1058 5058 1362 5148 ὥσπερῖτῆν
1390 5064 1548 5148 σιειὰν
1571 5058 1680 5148 τῶν
1706 5078 1807 5148 frm-

248 5135 443 5210 ξιάτῳν.
477 5136 625 5210 Αὕτη
812 5133 1285 5210 χωρισθνεῖσαίτῆς
1313 5133 1571 5210 ποιούσης
1590 5133 1807 5210 -αἰτίας,

243 5203 447 5280 ἀφανὴς
470 5203 697 5280 γίνεται,
745 5203 1087 5280 ου’ἓιαθάπερ
1116 5209 1173 5280 αξ
1212 5203 1390 5260 οὖσίαι
1432 5203 1657 5280 καὶξτῶν
1688 5219 1810 5280 ποις

243 5273 439 5350 ούντων
482 5273 1072 5350 αἰτίωνχωρισθέντων
1108 5278 1327 5350 μένουσι
1350 5293 1363 5306 ·
1392 5275 1633 5350 τοιαύτηΔ
1657 5274 1751 5327 καὶ

246 5347 401 5419 itania.
423 5348 480 5402 ἐν
506 5346 585 5418 τῷ
616 5343 895 5417 γίγνεσθαι
925 5350 1025 5419 κα)Ἀ
1051 5343 1385 5419 πράττεσθαι
1420 5347 1580 5418 μόνον
1601 5343 1721 5415 ’ἔχει
1749 5343 1810 5398 τὸ

247 5406 395 5483 εἶναι,
423 5406 567 5474 ὂπεό
587 5406 779 5473 ταύτόν
812 5421 928 5473 ἐστι
960 5417 1038 5490 τῷ
1172 5412 1335 5471 εἶναι.

1897 3205 2035 3261 riam
2065 3222 2097 3261 a
2143 3216 2327 3263 mente
2369 3217 2614 3265 removet
2643 3225 2707 3264 ac
2739 3211 2963 3268 missam
2997 3209 3166 3279 facit;
3211 3220 3376 3279 atque
3407 3211 3482 3265 ita

1896 3299 2067 3354 vitam
2130 3317 2384 3371 superam
2444 3313 2496 3358 et
2550 3305 2865 3370 excelsam,
2937 3304 3233 3360 informata
3286 3305 3485 3361 divinae

1899 3399 2112 3447 naturae
2138 3393 2567 3462 prOprietatibus
2599 3396 2872 3460 imitatur,
2904 3397 3040 3452 adeo
3076 3404 3134 3450 ut
3167 3397 3304 3451 nihil
3336 3397 3484 3451 aliud

1897 3481 1949 3537 ei
1976 3482 2318 3552 relinquatur
2350 3493 2718 3555 praeterquam
2754 3486 3072 3541 dilectionis
3107 3487 3360 3551 aﬂ'ectus,
3392 3490 3483 3556 qui

1899 3573 2227 3628 naturaliter
2293 3576 2345 3630 ei
2424 3576 2570 3646 quod
2638 3576 2844 3631 bonum
2915 3585 2971 3631 et
3038 3577 3332 3633 honestum
3400 3591 3487 3634 est

1901 3664 2164 3720 adhaeret.
2214 3665 2272 3721 ld
2323 3667 2470 3722 enim
2521 3667 2747 3722 dilectio
2797 3675 2903 3732 est,
2963 3667 3167 3731 animo,
3208 3668 3483 3735 videlicet,

1900 3758 2102 3815 insitus
2137 3757 2361 3815 habitus
2405 3770 2459 3815 et
2491 3759 2723 3817 aﬂ‘ectus
2753 3762 2821 3816 ad
2854 3761 2907 3816 id
2934 3760 3081 3831 quod
3114 3762 3292 3831 placet
3321 3771 3486 3832 atque

1900 3850 2053 3905 cordi
2078 3857 2182 3907 est.
2206 3848 2344 3905 Cum
2371 3851 2540 3921 igitur
2568 3851 2800 3923 simplex
2823 3864 2877 3909 et
2904 3852 3199 3908 uniformis
3228 3868 3293 3908 ac
3326 3855 3487 3924 plane

1901 3941 2096 3998 similis
2136 3940 2249 3997 Deo
2298 3942 2481 3997 anima
2526 3943 2694 4010 facta,
2735 3953 2899 4000 nacta
2958 3944 3125 4001 fuerit
3177 3944 3310 4000 illud
3357 3961 3487 4001 vere

1903 4033 2133 4104 simplex
2173 4043 2229 4089 et
2282 4035 2525 4090 materiae
2568 4035 2793 4106 dolique
2827 4051 3023 4107 expers
3063 4037 3292 4104 bonum,
3339 4036 3486 4107 quod

1906 4124 2084 4180 solum
2107 4140 2295 4182 revera
2322 4125 2551 4198 dignum
2584 4126 2731 4197 quod
2754 4127 3018 4198 diligatur
3037 4135 3092 4183 et
3116 4126 3348 4184 amabile
3380 4136 3483 4192 est,

1975 4348 2089 4417 (99)
2124 4348 2231 4403 Καὶ
2251 4347 2481 4417 κακίας.
2518 4346 2629 4417 Καί
2651 4344 2857 4417 del_et__A
2889 4352 2944 4401 et
2969 4346 3035 4403 Β.

1998 4415 2113 4485 99‘)
2150 4417 2260 4471 Τοῦ
2290 4416 2485 4482 ὄντος.
2526 4416 2629 4486 Ai)
2662 4415 2757 4468 τοῦ
2786 4415 2961 4480 ὄντος.

1998 4424 2113 4485 99')
2150 4424 2260 4471 Τοῦ
2290 4424 2485 4482 ὄντος.
2526 4424 2573 4467 A
2596 4424 2629 4486 ἡ
2662 4424 2752 4468 του

1976 4424 2053 4559 (1)
2083 4488 2339 4559 Γίνεται.
2369 4486 2412 4537 Β
2434 4484 2752 4559 γεγένηται.

1975 4553 2053 4629 (2)
2096 4558 2108 4576 '
2120 4557 2405 4629 Tnﬁoero.
2424 4555 2476 4629 Β
2499 4553 2748 4627 ἐπῄρετο.

1978 4626 2055 4694 (5)
2089 4626 2227 4682 de
2266 4627 2308 4678 B
2350 4627 2513 4681 delet.

1979 4698 2056 4764 (4)
2087 4697 2230 4765 Τῇ...
2256 4694 2352 4765 τῇ.
2392 4696 2531 4750 delet
2562 4696 2623 4751 B.

1981 4769 2056 4837 (5)
2088 4768 2156 4821 Τὸ
2178 4766 2308 4836 γάρ.
2340 4768 2382 4819 Β
2410 4766 2470 4819 τὸ
2501 4766 2599 4837 μὲν
2629 4766 2758 4837 γάρ.

1980 4838 2055 4907 (6)
2099 4838 2160 4891 Ἠ
2193 4837 2279 4890 δέ.
2312 4838 2357 4907 ιι
2379 4838 2445 4906 τῇ
2472 4836 2549 4890 δέ.

2007 4904 2058 4975 7)
2099 4908 2170 4961 Ἠ
2192 4904 2377 4974 ἁπλῆ..
2420 4904 2488 4959 Ἦ
2522 4906 2663 4961 delet
2690 4907 2735 4961 A
2764 4919 2818 4965 et
2858 4908 2918 4961 Β.

2006 4979 2059 5048 8)
2099 4976 2365 5044 Ἀκριϐῶς
2398 4977 2750 5044 θεοείκελος.
2800 4978 2854 5032 ln
2890 4978 3039 5033 calce
3068 4977 3272 5031 codicis
3300 4978 3343 5031 A
3375 4977 3487 5031 haec

1911 5050 2194 5118 annotatio
2241 5048 2564 5118 legebatur;
2600 5048 2737 5100 Καθ’
2782 5049 3038 5118 ὁμοίωσιν
3083 5047 3323 5118 δηλονότι
3388 5048 3485 5102 καὶ

1916 5115 2170 5190 μετοχὴν,
2201 5117 2262 5169 οὑ
2294 5119 2418 5190 οιατ’
2447 5117 2632 5190 οὐσίαν
2652 5115 2929 5190 γινομένη.

2007 5185 2409 5261 9)Ᾰ“Γινομένη.
2436 5188 2479 5261 LA
2511 5195 2569 5261 et
2660 5185 2947 5261 γενομένη.

2017 5258 2095 5325 10)
2137 5257 2303 5310 Τοῖόν
2330 5272 2405 5311 τι.
2436 5257 2478 5308 Β
2503 5256 2579 5327 τῷ
2606 5256 2737 5310 ὄντι.

2007 5328 2094 5399 11)
2127 5325 2659 5396 Συνανακιρνᾶξαι.
2689 5329 2731 5381 Δ
2760 5328 2805 5381 Β
2834 5326 3310 5398 συνανακίρναται.

1980 5188 2004 5399 Ξ

309 5617 383 5690 (a)
435 5621 713 5690 Σχόλιον.
773 5619 909 5676 Sunt
966 5619 1223 5675 nonnulla
1276 5635 1393 5688 qua:
1438 5619 1688 5673 dicuntur
1736 5618 1801 5672 ab
1905 5636 2009 5673 non
2048 5620 2186 5674 sicut
2220 5616 2533 5690 subsgtntim
2576 5614 2788 5690 remotis
2827 5613 2993 5690 etiam
3036 5611 3214 5690 causis
3246 5611 3483 5690 efﬁcient

248 5689 484 5758 externis,
536 5694 591 5744 in
641 5707 701 5744 eo
740 5689 878 5758 quod

250 5757 297 5811 in
325 5778 381 5815 eo
410 5761 548 5832 quod
574 5760 718 5828 facta
755 5757 901 5823 sint;
930 5760 1372 5832 quemadmodum
1414 5758 1655 5812 umbram
1683 5774 1802 5832 cor-

251 5830 439 5897 porum.
492 5830 624 5888 Ηιεσ
673 5832 813 5886 enim
834 5839 1033 5885 remota
1062 5847 1226 5886 causa
1246 5831 1493 5900 e/[iciente
1522 5830 1801 5897 evanescit,

919 5692 1052 5758 ﬁant
1102 5686 1382 5744 essentiam
1420 5690 1639 5753 habere,
1694 5705 1799 5743 non
1902 5690 2043 5743 tibus
2079 5699 2314 5744 manent.
2352 5686 2500 5758 Talis
2567 5687 2728 5739 etiam

2797 5684 3057 5738 vitiositas
3105 5683 3160 5735 in
3215 5698 3276 5734 eo
3350 5682 3486 5745 quod

1900 5760 1962 5830 ﬁt
2011 5769 2060 5814 et
2105 5760 2284 5828 aqitur
2331 5757 2599 5830 duntaxat
2649 5757 2930 5812 essmtiam
2973 5752 3146 5821 habet,
3179 5751 3317 5822 quod
3352 5751 3484 5804 idem

1912 5847 2033 5885 cum
2082 5848 2141 5885 eo
2192 5838 2273 5884 est
2319 5828 2457 5900 quod
2498 5842 2600 5882 non
2647 5836 2746 5882 est.
