3992 6444
432 344 465 355 ”
508 380 578 438 ea
1761 380 1820 440 δ.
1860 378 2185 437 cueconu
2217 380 2503 439 NYSSENI

509 515 633 556 eum
667 500 906 557 adhaeret
951 502 1153 567 eidem,
1187 509 1303 556 tum
1355 515 1461 555 una
1496 498 1886 554 eommiscctur
1915 508 2072 569 atque

2179 497 2337 553 τοῦτο
2360 498 2617 571 γινομένη
2653 500 2744 554 διά
2765 500 2863 571 τῆς
2897 498 2993 553 τοῦ
3033 495 3239 568 ἀγαθοῦ
3268 495 3611 568 ὁμοιότητος,
3630 498 3767 570 ὅπερ

511 602 977 664 contemperatur,
1034 611 1132 666 per
1176 596 1485 650 dilectionis
1542 600 1748 648 motum
1809 600 1865 646 et
1913 593 2084 646 actio-

506 697 654 745 nem.
708 684 775 739 ad
832 686 889 740 id
939 687 1085 756 quod
1137 701 1354 756 semper
1408 693 1464 741 et
1501 682 1987 754 comprehenditur
2026 688 2085 737 et

506 771 785 828 invenitur
837 788 960 829 sese
998 774 1272 839 formans,
1322 782 1488 844 atque
1533 773 1586 828 id
1632 788 1725 842 per
1770 770 2081 828 similitudi-

504 878 628 917 nem
676 865 805 919 boni
856 865 1098 919 evadens
1150 865 1296 935 quod
1349 865 1468 935 ejus
1519 862 1664 934 quod
1718 861 2083 931 participatur

506 961 672 1023 atque
724 957 1041 1025 percipitur,
1080 966 1278 1010 natura
1325 964 1450 1011 est:
1499 968 1625 1009 cum
1671 963 1851 1008 autem
1896 952 1953 1007 in
1982 951 2079 1006 illo

506 1046 779 1116 cupiditas
817 1064 925 1102 non
972 1049 1063 1113 sit,
1101 1056 1382 1119 propterea
1433 1045 1577 1117 quod
1615 1060 1716 1101 nec
1748 1043 1914 1100 ullius
1949 1044 2077 1115 qui-

506 1136 628 1192 dem
667 1139 791 1194 boni
838 1141 1085 1197 defectus
1131 1141 1186 1195 in
1232 1155 1298 1195 eo
1348 1138 1442 1202 sit,
1494 1151 1842 1207 consequens
1888 1134 2072 1203 fuerit,

2189 590 2224 659 ἠ
2262 588 2359 643 τοῦ
2405 589 2763 660 μετεχομένου
2805 588 2968 657 φύσις
3012 589 3179 651 ἐστὶν,
3223 587 3520 659 ἐπιθυμίας
3551 589 3667 659 (12)
3711 591 3769 643 ἐν

2186 679 2379 749 ἐκείνῳ
2404 679 2477 750 μὴ
2517 678 2686 750 οὔσης
2717 679 2807 733 διά
2844 680 2903 734 τὸ
2938 680 3074 752 μηδέ
3111 697 3254 745 τινος
3284 679 3395 734 τῶν
3430 678 3656 747 ἀγαθῶν
3690 679 3771 733 εν.

2185 769 2334 825 δειαν
2360 773 2418 825 ἐν
2442 771 2589 842 αύτῷ
2613 767 2771 835 εἶναι,
2801 770 3093 825 ἀκόλουθον
3133 770 3197 825 ἀν
3222 771 3308 842 ετη
3335 770 3431 825 καὶ
3452 771 3554 841 τὴν
3589 770 3769 839 ψυχὴν

2184 862 2243 915 ἐν
2273 861 2352 933 τῷ
2384 862 2622 917 ἀνενδεεῖ
2647 863 2936 933 γινομένην
2965 861 3077 933 (15)
3115 861 3398 916 ἐκϐάλλειν
3435 863 3530 931 ἀφ’
3568 862 3769 930 ἑαυτῆς

2185 955 2281 1010 καὶ
2304 954 2401 1025 τὴν
2430 953 2830 1026 ἐπιθυμητικὴν
2854 952 3068 1024 κίνησίν
3096 970 3154 1007 τε
3182 954 3277 1008 καὶ
3296 951 3558 1014 διάθεσιν.
3583 952 3620 1023 ἡ
3650 951 3761 1021 (id)

2182 1047 2305 1100 τότε
2341 1046 2553 1115 γίνεται
2592 1046 2775 1117 μόνον,
2821 1046 2951 1100 ὅταν
2988 1044 3101 1116 (15)
3141 1044 3216 1117 μὴ
3269 1046 3420 1116 παρῇ
3468 1043 3533 1097 τὸ
3575 1041 3769 1096 ποθού-

2184 1153 2365 1208 μενον.

506 1232 666 1283 etiam
704 1231 962 1294 animam,
1005 1246 1129 1285 cum
1169 1246 1236 1287 eo
1291 1228 1547 1293 evaserit,
1596 1228 1688 1282 ubi
1728 1228 1808 1281 rei
1855 1227 2060 1282 nullius
2100 1237 2315 1297 egestas
2356 1234 2480 1290 est,
2515 1241 2581 1282 ex
2642 1240 2762 1281 sese
2799 1226 2998 1295 ejicere
3048 1240 3268 1296 quoque
3330 1223 3759 1293 concupiscendi

505 1328 709 1375 motum
751 1332 914 1393 atque
940 1321 1214 1387 allectum,
1248 1322 1341 1393 qui
1367 1329 1500 1375 tunc
1527 1320 1795 1375 duntaxat
1825 1319 2067 1384 exsistit,
2107 1334 2232 1375 cum
2269 1335 2377 1375 non
2422 1318 2663 1374 adfuerit
2707 1319 2760 1374 id
2808 1319 2955 1389 quod
3003 1318 3363 1374 desideratur.

574 1471 721 1529 Talis
763 1484 947 1529 autem
1007 1475 1272 1531 doctrina:
1312 1483 1479 1545 atque
1522 1473 1808 1530 sententiae
1856 1472 2078 1529 divinus

502 1579 720 1634 quoque
768 1566 928 1621 nobis
984 1566 1281 1637 Apostolus
1340 1575 1533 1619 auctor
1586 1572 1690 1621 est.
1743 1564 1879 1619 Cum
1929 1564 2076 1619 enim

504 1656 745 1712 omnium
789 1673 970 1712 rerum
1015 1673 1246 1728 quarum
1299 1674 1444 1712 nunc
1490 1656 1541 1712 in
1583 1656 1743 1713 nobis
1767 1654 1897 1711 boni
1938 1671 2077 1725 quo-

502 1762 611 1817 que
653 1762 818 1802 causa
859 1747 1040 1803 studia
1099 1749 1284 1819 vigent
1333 1747 1684 1802 abolitionem
1748 1753 1802 1801 et
1840 1745 2075 1816 quietem

2248 1473 2355 1526 Τοῦ
2385 1473 2441 1528 δὲ
2473 1474 2567 1529 τοῦ
2595 1474 2836 1529 τοιούτου
2856 1474 3123 1546 δόγματος
3143 1474 3237 1527 καὶ
3265 1475 3293 1527 ὁ
3322 1472 3463 1536 θεῖος
3501 1470 3763 1525 ’Λπόστο-

2179 1562 2268 1626 λος
2293 1563 2424 1634 ἡμῖν
2456 1564 2807 1636 καθηγήσατο
2826 1603 2844 1629 ,
2890 1564 3108 1617 πάντων
3139 1562 3249 1617 τῶν
3279 1562 3375 1616 νῦν
3418 1564 3476 1617 ὲν
3500 1563 3632 1634 ἡμῖν
3663 1561 3762 1616 καὶ

2179 1654 2273 1708 ἐπὶ
2311 1652 2389 1725 τῷ
2445 1656 2715 1727 κρείττονι
2753 1654 3205 1725 σπουδαζομένων
3248 1653 3460 1707 παῦλάν
3506 1669 3628 1707 τινα
3660 1652 3761 1706 καὶ

2179 1744 2514 1815 καταστολὴν
2548 1745 2914 1816 προαγγεῖλας
2932 1789 2946 1812 ,
2990 1745 3158 1817 μόνης
3188 1744 3244 1797 δὲ
3270 1744 3382 1816 (16)
3412 1744 3510 1815 τῆς
3537 1743 3760 1814 ἀγάπης

502 1838 795 1907 quamdam
831 1849 994 1910 atque
1036 1839 1369 1895 sedationem
1408 1848 1462 1894 et
1487 1838 1645 1893 finem
1678 1835 1919 1891 futurum
1951 1843 2072 1891 ante

2179 1834 2277 1904 ούχ
2305 1834 2482 1906 εὑρὼν
2513 1834 2626 1907 (17)
2651 1837 2739 1889 τὸν
2757 1836 2899 1907 ὅρον.
2920 1837 3252 1908 Προφητεῖαι
3278 1834 3406 1905 γάρ,
3438 1834 3594 1904 φησὶ,
3623 1850 3760 1886 κατ·

502 1929 903 1995 denuntiasset,
964 1932 1137 1986 solius
1179 1930 1492 1985 dilectionis
1538 1938 1592 1984 et
1637 1929 1923 1985 cbaritatis
1964 1937 2072 1985 ter-

2179 1924 2617 1998 αργηθήσονται,
2667 1927 2762 1982 καὶ
2819 1926 3048 1997 γνώσεις
3096 1928 3210 1998 (18)
3250 1926 3568 1979 παύσονταιο
3619 1925 3653 1995 ἡ
3702 1923 3759 1977 δὲ

500 2019 708 2073 minum
759 2036 865 2074 non
913 2020 1138 2075 invenit.
1176 2020 1309 2075 Nam
1352 2021 1648 2091 prophetiae
1690 2020 2073 2076 abolebuntur.

498 2108 699 2181 inquit,
748 2120 802 2165 et
848 2113 1193 2181 cognitiones
1238 2121 1293 2167 et
1346 2113 1592 2168 scientiae
1649 2112 1957 2182 quiescent,
2020 2115 2076 2165 et

500 2202 663 2258 finem
720 2203 1031 2267 habebunt;
1064 2204 1307 2259 ebaritas
1353 2212 1535 2259 autem
1567 2219 1632 2258 ac
1677 2203 1899 2258 dilectio
1934 2218 2077 2256 nun-

500 2309 663 2363 quam
707 2295 931 2349 excidit.
981 2294 1138 2359 Quod
1188 2294 1415 2364 perinde
1465 2292 1548 2349 est
1605 2310 1669 2349 ac
1714 2294 1758 2349 si
1819 2294 2072 2358 dixisset,

501 2385 730 2455 Semper
762 2385 951 2440 eadem
982 2394 1099 2451 est;
1122 2385 1255 2454 quin
1285 2388 1450 2438 etiam
1484 2400 1607 2438 cum
1638 2384 1796 2437 fidem
1841 2391 1895 2438 et
1925 2399 2073 2453 spem

499 2493 606 2530 una
642 2492 766 2530 cum
812 2477 1082 2531 cbaritate
1118 2484 1282 2546 atque
1319 2475 1614 2531 dilectione
1648 2491 1965 2544 permanere
1993 2476 2075 2530 di-

498 2574 668 2628 ceret,
717 2581 915 2621 rursus
953 2580 1073 2620 eam
1109 2567 1275 2621 etiam
1324 2566 1435 2621 illis
1484 2566 1705 2637 praefert
1742 2577 1903 2636 atque
1938 2583 2074 2636 pra:-

497 2657 672 2727 ponit,
713 2673 893 2726 neque
929 2658 1156 2727 injuria.
1196 2657 1330 2711 Nam
1373 2674 1498 2727 spes
1543 2660 1758 2714 interim
1801 2668 2069 2723 movetur,

494 2746 624 2801 dum
681 2763 790 2801 non
848 2748 976 2801 licet
1020 2746 1127 2801 frui
1184 2753 1348 2816 atque
1390 2748 1558 2817 potiri
1618 2749 1686 2803 iis
1735 2748 1899 2802 rebus
1952 2763 2074 2817 quze

494 2848 803 2907 sperantur.
869 2837 934 2891 Et
976 2838 1165 2892 itidem
1201 2838 1334 2893 fides
1389 2839 1825 2894 sustentaculum
1868 2853 1931 2892 ac
1981 2837 2073 2892 lir-

492 2937 829 2985 mameutum
870 2937 955 2983 est
1001 2930 1411 2983 iucertitudinis
1467 2944 1657 2983 earum
1710 2945 1893 2983 rerum
1950 2943 2072 2999 qure

492 3032 806 3087 sperantur.
839 3017 973 3071 Nam
1003 3027 1057 3072 et
1087 3020 1162 3072 ita
1201 3034 1320 3073 eam
1348 3018 1617 3082 definivit,
1649 3033 1771 3073 cum
1820 3019 2067 3074 diceret:

492 3107 590 3164 Est
633 3117 811 3163 autem
843 3108 975 3164 fides
1002 3125 1207 3172 rerum,
1243 3126 1363 3179 qua:
1389 3117 1701 3179 sperantur,
1738 3110 2065 3164 substantia.

492 3200 627 3254 Cum
660 3209 840 3253 autem
875 3199 1085 3255 venerit
1109 3200 1161 3254 id
1192 3198 1338 3270 quod
1360 3208 1638 3269 speratur,
1665 3201 1786 3255 aliis
1813 3201 2068 3255 omnibus

490 3292 925 3363 quiescentibus,
985 3293 1275 3346 cbaritatis
1333 3306 1396 3347 ac
1442 3293 1757 3348 dilectionis
1779 3293 2068 3349 efﬁcientia

490 3392 694 3449 manet,
737 3387 939 3456 quippe
977 3401 1102 3440 cum
1155 3401 1264 3440 non
1320 3387 1563 3441 inveniat
1610 3386 1754 3457 quod
1814 3401 1934 3440 eam
1978 3403 2072 3441 ex-

490 3477 658 3548 cipiat
681 3486 733 3531 et
756 3477 809 3530 in
843 3477 1021 3531 locum
1047 3476 1171 3548 ejus
1204 3476 1487 3532 succedat.
1514 3476 1880 3542 Quamobrem
1906 3477 2069 3530 etiam

491 3570 868 3624 universarum
905 3569 1187 3623 actionum
1229 3584 1351 3639 qua:
1393 3583 1517 3623 cum
1546 3569 1746 3622 virtute
1776 3566 2071 3637 perficiuna

490 3670 578 3716 tur
625 3669 793 3730 atque
850 3662 1014 3714 etiam
1053 3662 1189 3730 legis
1251 3669 1650 3731 pra-ceptorum
1704 3659 2069 3729 principatum

492 3758 658 3804 tenet.
713 3749 770 3804 Si
816 3750 980 3819 igitur
1026 3751 1093 3804 ad
1140 3751 1287 3805 hunc
1333 3749 1493 3805 finem
1547 3749 1842 3819 aliquando
1888 3751 2071 3803 anima

492 3840 821 3910 pervenerit,
865 3839 1096 3892 aliarum
1135 3854 1316 3892 rerum
1354 3854 1463 3892 non
1503 3840 1609 3893 erit
1645 3855 1833 3909 egena,
1872 3840 2074 3909 quippe

492 3946 675 3985 rerum
729 3930 987 3983 nimirum
1039 3931 1423 3983 universarum
1483 3930 1875 3999 plenitudinem
1924 3946 2073 3984 com-

493 4024 672 4095 plexa,
705 4039 800 4093 per
830 4038 994 4093 quam
1024 4023 1198 4077 solam
1230 4022 1636 4092 quodammodo
1677 4022 1851 4092 ipsius
1874 4022 2074 4076 divinae

490 4116 846 4173 beatitudinis
898 4118 950 4171 in
998 4132 1120 4171 sese
1180 4131 1509 4170 conservare
1565 4114 1779 4187 insigne
1828 4116 2063 4170 videtur.

489 4207 627 4261 Nam
668 4216 719 4262 et
769 4210 875 4261 vita
925 4222 1138 4276 superm
1200 4214 1411 4261 naturze
1468 4206 1708 4261 cbaritas
1768 4214 1931 4276 atque
1977 4206 2066 4260 di-

490 4300 650 4355 lectio
682 4308 784 4367 est,
816 4301 1074 4371 quoniam
1109 4300 1253 4370 quod
1286 4300 1489 4354 bonum
1519 4306 1575 4353 et
1621 4299 1909 4355 honestum
1955 4307 2063 4365 est,

719 4479 1083 4553 Ἐπιθιξμίας.
1110 4485 1151 4535 Α
1174 4483 1217 4534 Β
1247 4483 1539 4553 ἐπιθυμίας
1570 4482 1648 4538 δέ.

1101 4553 1143 4604 Β
1168 4548 1489 4624 γενομένην.

588 4687 675 4825 15)
711 4687 922 4743 Ὅταν.
946 4693 990 4744 Α
1031 4692 1107 4744 ὅτ’
1141 4693 1226 4748 ἄν.

588 4758 650 4810 lli
699 4759 771 4812 Δέ
802 4761 944 4815 delet
979 4762 1043 4815 Α.

587 4758 672 4815 lli)
699 4759 771 4812 Δέ
802 4761 944 4815 delet
979 4762 1043 4815 Α.

590 4823 921 4903 1ἶ)ῌὺρῴν.
961 4834 1006 4883 Α
1035 4834 1089 4885 in
1121 4830 1368 4903 margine
1385 4823 1537 4903 εὗρε.

558 4898 672 4969 (18)
701 4899 986 4968 Γνὼσεις.
1012 4902 1053 4953 Β
1085 4898 1345 4969 γλῶσσαι.

560 4968 651 5037 (19
708 4972 933 5025 Iliam.
964 4974 1010 5025 Α
1038 4973 1079 5023 Β
1099 4968 1377 5026 ἐκπίπτει.

560 4970 672 5110 (20)
711 5042 1377 5110 Συμπαραμεμενηκένω

496 5033 517 5121 1
555 5033 670 5121 ρο)
711 5042 1408 5121 Σημπαραμεμενηκέναι.
1460 5042 1507 5097 Δ
1559 5045 1613 5100 in
1662 5050 1906 5121 margine
1943 5053 2068 5110 σύν-

489 5109 904 5180 δεδραμηκέναι.

560 5181 672 5254 (21)
706 5183 943 5251 Πιιρείη.
981 5183 1027 5234 Α
1054 5182 1095 5233 Β
1126 5184 1273 5254 παρῇ
1306 5185 1362 5254 ἡ.

530 5249 1148 5328 ,(2⁸2λιίᾳὶήςπίστις.
1186 5249 1415 5328 Adubjaec
1457 5256 1617 5328 verba
1666 5257 1720 5313 in
1772 5261 1923 5317 calce
1970 5280 2066 5319 eo-

488 5315 630 5403 dic‘is
769 5315 876 5403 ista
901 5315 1239 5403 legebantur,
1279 5325 1407 5403 "Ott.
1445 5327 1616 5380 πᾶσαι
1650 5330 1759 5403 τῆς-
1785 5315 2066 5403 ψυχῆςᾶἱ

490 5386 627 5470 πρδς
654 5388 715 5440 το
742 5386 982 5470 κρεῖττον
1010 5393 1279 5470 ἐνέργειαι
1302 5394 1623 5470 παύσοντας
1650 5386 1823 5463 ἐλπὶς,
1857 5386 2062 5470 aps-st},

494 5460 702 5577 μέήμη,
737 5460 832 5512 καὶ
860 5460 982 5512 ὅσαι
1010 5460 1275 5530 τοιαῦται,
1314 5466 1454 5535 πλὴν
1479 5467 1577 5537 τῆς
1604 5460 1953 5542 ἀγαπήτικῆς
1984 5460 2068 5528 xi:-

548 5543 721 5577 .σεωε.

492 5542 721 5596 νησεως.

717 5598 1196 5683 ρτηρειέόντων.
1233 5603 1279 5658 Α
1309 5605 1364 5660 in
1392 5612 1543 5662 textu
1577 5607 1976 5683 ἀτρεμούντων,
2009 5613 2063 5672 in

496 5667 739 5735 margine
776 5667 1143 5735 ἠρεμούντων.

728 5733 1045 5815 Ὲῦέργεια.
1082 5741 1123 5792 Β
1159 5743 1457 5815 ἐνέργειαν.

563 5803 680 5875 (23)
719 5804 1163 5875 Εὑρίσκουσαν.
1207 5803 1262 5864 Α’
1290 5803 1329 5865 Β
1364 5814 1705 5883 εύρίσκουσα.

559 4693 580 4900 ἓ

2176 2018 2366 2089 ἀγάπη
2399 2017 2520 2071 οὐδέ
2547 2034 2677 2072 ποτε
2720 2019 2907 2072 πίπτει
2936 2020 3069 2091 (19)·
3096 2020 3232 2092 ὅπερ
3258 2019 3371 2073 ἴσον
3412 2019 3530 2071 ἐστί
3566 2015 3645 2088 τῷ
3670 2016 3762 2069 ἀεὶ

2174 2107 2436 2172 ὡσαύτως
2475 2109 2640 2179 ἔχειν·
2672 2109 2806 2163 ἀλλά
2836 2111 2930 2164 καὶ
2960 2112 3140 2165 πίστιν
3184 2112 3279 2165 καὶ
3309 2109 3499 2164 ἐλπίδα
3539 2125 3759 2179 συμπα-

2181 2201 2619 2271 ραμεμενηκέναι
2651 2200 2766 2271 (20)
2794 2203 2858 2273 τῇ
2887 2202 3073 2273 ἀγάπῃ
3098 2202 3292 2271 λέγων,
3321 2202 3482 2255 πάλιν
3507 2203 3603 2255 καὶ
3633 2200 3758 2254 τού-

2176 2307 2283 2346 των
2314 2292 2481 2363 αὐτὴν
2512 2293 2864 2365 ὑπερτίθησιν
2891 2294 3135 2356 εἰκότως.
3174 2294 3238 2346 Ἦ
3262 2292 3370 2363 γάρ
3403 2292 3559 2356 ἐλπὶς
3593 2292 3758 2363 μέχρι

2177 2383 2385 2438 ἐκείνου
2422 2387 2671 2449 κινεῖται,
2699 2384 2804 2448 ἕως
2837 2384 2903 2439 ἂν
2933 2386 3007 2456 μὴ
3037 2385 3235 2457 παρείη
3262 2385 3369 2456 (21)
3395 2384 3500 2438 τῶν
3538 2384 3757 2448 ἐλπιζο-

2179 2476 2356 2547 μένων
2383 2476 2701 2540 ἀπόλαυσις,
2723 2477 2816 2530 καὶ
2840 2478 2874 2548 ἠ
2904 2477 3084 2541 πίστις
3114 2477 3224 2547 (22)
3241 2476 3500 2539 ὡσαύτως
3526 2475 3758 2546 ἔρεισμα

2171 2569 2272 2641 τῆς
2316 2569 2424 2622 τῶν
2475 2567 2848 2639 ἐλπιζομένων
2898 2568 3122 2641 ἀδηλίας
3166 2569 3397 2637 γίνεται.
3452 2566 3610 2621 Οὕτω
3648 2569 3757 2639 γὰρ

2173 2659 2343 2730 αὐτὴν
2390 2660 2483 2714 καὶ
2526 2661 2759 2730 ὡρίσατο
2789 2661 2979 2729 λέγων·
3020 2661 3175 2713 Ἔστι
3211 2660 3269 2713 δὲ
3311 2658 3492 2722 πίστις
3538 2657 3755 2721 ἐλπιζό⁴

2176 2750 2352 2823 μένων
2386 2751 2703 2816 ὑπόστασις.
2748 2752 2998 2805 Ἐπειδὰν
3030 2751 3088 2804 δὲ
3127 2750 3257 2822 ἔλθῃ
3290 2750 3349 2803 τὸ
3381 2749 3754 2818 ἐλπιζόμενον,

2171 2838 2279 2892 τῶν
2314 2838 2488 2893 ἀλλων
2516 2840 2926 2913 εύτηρεμόντων
2955 2842 3067 2912 (25)
3099 2840 3337 2905 πάντων,
3389 2843 3423 2912 ή
3476 2839 3621 2894 κατά
3657 2839 3757 2911 τὴν

2171 2932 2393 3001 ἀγάπην
2421 2932 2669 3004 ἐνέργεια
2695 2934 2805 3005 (21)
2844 2934 3029 3005 μένει,
3075 2936 3136 2989 τὸ
3163 2935 3539 3005 διαδεχόμενον
3579 2933 3757 3004 αὐτὴν

2170 3025 2268 3095 οὐχ
2310 3024 2666 3098 εὑρίσκουσαν
2710 3026 2844 3098 (25).
2890 3027 2979 3080 Διδ
3036 3029 3131 3081 κα)⁵
3173 3027 3489 3100 προτερεύει
3548 3025 3659 3080 τῶν
3695 3043 3758 3079 τε

2171 3116 2291 3168 κατ’
2336 3115 2537 3187 ἀρετὴν
2575 3118 3026 3188 κατορθουμένων
3075 3120 3354 3186 ἁπάντων,
3393 3122 3485 3174 καὶ
3516 3118 3625 3171 τῶν
3658 3117 3757 3171 τοῦ

2172 3205 2335 3277 νόμου
2368 3208 2865 3280 παραγγελμάτων.
2898 3209 2960 3262 Εἰ
2983 3205 3077 3264 οὗν
3107 3211 3200 3264 ἐπὶ
3228 3209 3386 3264 τοῦτο
3416 3227 3545 3265 ποτε
3578 3209 3639 3263 τὸ
3663 3209 3757 3263 τέ-

2170 3295 2259 3360 λος
2293 3297 2547 3366 φθάσειεν
2585 3302 2618 3371 ή
2649 3299 2816 3371 ψυχὴ,
2856 3300 3119 3366 ἀνενδεῶς
3144 3301 3253 3368 ἔξει
3280 3302 3389 3355 τῶν
3422 3302 3620 3367 ἄλλων,
3657 3300 3756 3354 ἅτε

2170 3387 2234 3458 δὴ
2269 3388 2363 3441 τοῦ
2398 3390 2761 3463 πληρώματος
2806 3393 3272 3467 περιδεδραγμένη
3298 3393 3404 3447 τῶν
3435 3394 3624 3458 δντων,
3660 3395 3758 3447 καὶ

2170 3475 2318 3529 δοκεῖ
2345 3476 2458 3549 (26)
2490 3480 2624 3552 μάνη
2666 3500 2782 3547 πως
2820 3483 2990 3554 αὐτῆς
3025 3484 3138 3555 (27)
3169 3484 3267 3554 τῆς
3295 3482 3444 3546 θείας
3488 3482 3755 3553 μακαριάο

2170 3585 2335 3640 τητος
2352 3572 2409 3622 ἐν
2432 3573 2567 3643 αὐτῇ
2604 3572 2715 3645 (28)
2746 3574 2940 3639 σώζειν
2970 3575 3061 3629 τὸν
3088 3575 3518 3647 χαρακτῆρα.Ἦ
3550 3591 3611 3627 τε
3643 3574 3756 3643 γὰρ

2174 3658 2287 3730 ζωὴ
2318 3661 2416 3731 τῆς
2462 3661 2573 3715 ἀνω
2611 3664 2825 3733 φύσεως
2855 3665 3044 3736 ἀγάπη
3077 3667 3242 3731 ἐστὶν,
3280 3665 3464 3736 ἐπειδὴ
3496 3664 3557 3717 τὺ
3588 3664 3756 3718 καλὸν

2173 3753 2456 3824 ἀγαπητὸν
2480 3755 2591 3826 (29)
2617 3756 2833 3821 πάντως
2860 3758 2976 3810 ἐστὶ
3010 3758 3123 3829 (50)
3152 3761 3262 3822 τοῖς
3290 3756 3638 3827 γινώσκουσι·
3678 3773 3757 3824 γι·

2175 3842 2371 3897 νώσκει
2393 3845 2449 3897 δέ
2479 3847 2611 3899 αὐτὸ
2632 3848 2742 3917 (51)
2768 3849 2829 3901 τὸ
2860 3849 3040 3902 Θεῖον·
3075 3850 3108 3920 ἡ
3134 3849 3190 3903 δὲ
3215 3850 3416 3917 γνῶσις
3448 3847 3637 3916 ἀγάπη
3666 3846 3756 3915 γε·

2176 3952 2350 3989 νεται.
2386 3937 2476 3989 Διὸ
2522 3938 2584 3991 τὸ
2620 3937 2733 4009 (52)
2771 3938 2933 3993 καλόν
2961 3941 3077 3993 ἐστι
3113 3943 3177 4011 τῇ
3199 3943 3357 4009 φύσει
3395 3939 3455 3992 τὸ
3490 3939 3758 4008 γινωσκόο

2178 4044 2355 4098 μενον,
2382 4029 2474 4083 τοῦ
2501 4031 2558 4085 δέ
2581 4031 2794 4104 ἀληθῶς
2827 4033 2939 4105 (55)
2958 4033 3126 4089 καλοῦ
3154 4037 3181 4088 ό
3206 4033 3469 4104 ὑϐριστὴς
3495 4033 3556 4085 οὺ
3586 4048 3754 4102 προσ-

2176 4118 2401 4172 άπτεται
2435 4120 2595 4192 κόρος
2642 4122 2785 4191 (ὅθ’
2817 4124 2979 4195 κόρου
3017 4124 3075 4178 δέ
3108 4124 3206 4195 τὴν
3236 4120 3587 4193 ἀγαπητικὴν
3616 4119 3755 4191 πρὸς

2170 4208 2230 4262 τὸ
2279 4211 2440 4266 καλὸν
2484 4213 2668 4282 σχέσιν
2710 4214 2821 4286 (55)
2863 4216 2923 4268 οὐ
2963 4215 3379 4279 διακόπτοντος,
3412 4214 3501 4269 ἀεὶ
3550 4214 3585 4285 ἡ
3631 4211 3754 4266 θεία

2175 4300 2288 4369 ζωὴ
2320 4302 2385 4355 δι’
2418 4304 2638 4374 ἀγάπης
2665 4306 3113 4379 ἐνεργηθήσεται,
3148 4309 3182 4380 ἡ
3210 4308 3348 4379 καλή
3380 4324 3440 4361 τε
3472 4305 3616 4360 κατά
3647 4302 3753 4371 φύ-

2250 4485 2362 4562 (26)
2525 4483 2726 4562 δοκεῖ.
2750 4486 2793 4541 Α
2818 4488 2872 4545 in
2902 4492 3147 4562 margine
3172 4488 3357 4562 xal._&.

2246 4556 2359 4631 (ᾖ)
2390 4554 2607 4631 ᾼρτῆςᾼ.
2644 4559 2687 4631 ᾼ
2717 4560 2768 4610 in
2800 4554 3051 4631 margine
3073 4560 3231 4631 αὖῖή.
3271 4560 3311 4612 Β
3340 4558 3500 4630 αὕτη.

2408 4626 2505 4701 ξεν
2531 4625 2705 4695 αὐτῇ.
2734 4630 2852 4701 ΑᾈΒ
2880 4625 2942 4683 ἐν
2966 4633 3152 4701 ἑαυτῇ.

2244 4696 2355 4772 (29)
2405 4698 2749 4772 Ιᾼγαπητίέν·
2783 4699 2824 4772 Β
2852 4696 3139 4772 exarare}
3162 4702 3299 4772 ὲσῖιο

2243 4766 2354 4833 (50)
2395 4766 2639 4833 Πάντως
2665 4768 2818 4823 ἐστι.
2868 4766 3188 4828 Ἐστίίιοιει
3229 4768 3291 4825 Β.

2243 4837 2356 4907 (51)
2390 4839 2563 4907 Αῠτό.
2601 4838 2642 4889 Β
2670 4838 2847 4893 ἑαυτό.
3506 4852 3511 4855 “

2242 4906 2354 4975 (52)
2386 4906 2482 4961 Διό
2518 4909 2605 4960 τό.
2642 4908 2683 4959 Β
2707 4908 2861 4963 διότι.
2892 4909 2970 4963 Ad
3001 4910 3160 4966 verba
3190 4910 3323 4964 διότι
3354 4908 3516 4965 καλόν
3539 4912 3655 4964 ἐστι
3696 4912 3752 4967 in

2169 4976 2319 5033 calce
2348 4977 2555 5032 codicis
2576 4977 2611 5031 A
2645 4978 2762 5033 haec
2783 4989 3048 5034 notantur
3074 4997 3087 5031 :
3118 4981 3243 5034 Ὅτι
3272 4981 3434 5052 κόρον
3453 4982 3557 5034 οὐκ
3578 4982 3693 5061 ἔχει
3714 4987 3749 5052 η

2169 5047 2305 5079 ..Λλι-
2330 5048 2421 5079 ρλ..
2450 5047 2581 5079 ne)...
2622 5048 2731 5079 αυτ...
2767 5050 2935 5079 Lat.-."
2969 5051 3280 5079 2...-_--....t.
3333 5052 3512 5079 ...αι-..ρ
3580 5053 3749 5079 Δρ---

2168 5047 2305 5138 πρὸς
2330 5048 2421 5101 τὸν
2450 5047 2581 5100 Θεὸν
2622 5048 2731 5102 τῶν
2764 5050 2935 5118 ἁγίων
2967 5051 3281 5174 ἀγαπητικὴ
3331 5047 3530 5122 σχέσις.

2166 5134 2259 5174 ουν
2273 5119 2419 5171 ἐστιν
2441 5119 2473 5190 δ
2498 5120 2635 5190 παρῖ
2656 5120 2963 5190 Ὠριγένους
2991 5124 3138 5175 ἀναπ
3171 5121 3356 5185 ασθε¹ις
3378 5121 3483 5175 τῶν
3502 5123 3638 5174 νύων
3659 5122 3751 5175 κόο

2170 5207 2282 5281 ρος.
2302 5190 2443 5281 ξαὶῄ
2462 5189 2526 5241 ἐκ
2548 5188 2740 5281 3502103
2750 5191 3099 5281 κατάπξωσις
3118 5191 3298 5274 αὐτῶν
3317 5191 3749 5281 καὶ·ἀνά3ιλησις,

2166 5252 2258 5329 ἀφ⁵
2290 5252 2350 5314 οὗ
2386 5252 2446 5347 τδ
2478 5258 2911 5343 πολυθρύλλητον
2933 5252 3111 5332 δόγμα
3149 5263 3250 5386 τὶς
3274 5262 3382 5316 τῶν
3403 5262 3590 5331 ψυχῶν

2166 5329 3181 5421 “M9559?T‘E-?E°fi5‘i"’¥3?°‘i"f“f§9ii
3238 5332 3750 5421 “armasse;

2167 5401 2481 5472 φερομένων
2506 5402 2898 5465 κατασκευάζει
2924 5401 2995 5454 τά
3031 5402 3319 5485 Ἐλληνικά
3338 5401 3657 5473 μυθεύματα
3680 5404 3753 5473 τῇ

2166 5471 2593 5542 ἐκκλησιαστικῇ
2651 5471 2876 5542 ἀληθείᾳ
2927 5472 3004 5535 ὡς
3059 5490 3244 5528 κακων
3298 5472 3754 5542 παστιγκάπηλος

2166 5541 2371 5613 προῃσμῖ
2380 5541 2466 5613 ξαι
2505 5540 2833 5613 σπουδάσας.

2260 5606 2351 5681 55)
2394 5609 2736 5681 ἈληθῶςηΒ
2766 5606 3019 5681 ἀληθοῦς.

2382 5683 2464 5755 ζζὺ
2484 5680 2901 5755 Δεφοσάπτιεςῄτριι
2922 5700 2978 5735 κ.
3078 5684 3238 5755 κόρος
3265 5684 3327 5738 οὐ
3352 5683 3747 5755 προσάπτεται..

2237 5749 2350 5837 (55)
2382 5749 2538 5818 Πρὸς
2584 5750 2651 5804 τὸ
2701 5752 2892 5805 καλὸν
2938 5749 3174 5822 σχέσινί.
3203 5756 3245 5809 Β
3292 5749 3477 5826 σχέσιν
3508 5752 3643 5825 πρὸς
3684 5752 3751 5806 τὸ

2166 5837 2348 5878 καΛον.
