3992 6442
170 367 243 429 31

1294 361 1385 418 DE
1422 359 1640 419 ANIMA
1687 359 1777 415 ET
1818 357 2427 417 RESUBRECTIONE.
3414 362 3487 423 98

195 502 277 542 σιν
301 480 438 547 ἔστι,
467 481 572 536 καὶ
618 479 995 552 ἁγαπητικῶς
1020 476 1155 549 πρὸς
1181 475 1241 531 τὸ
1281 477 1444 530 καλὸν
1475 476 1540 530 ὲκ
1576 475 1794 546 φύσεως

1896 488 2125 546 prorsus
2163 473 2234 530 ab
2282 474 2354 531 iis
2402 474 2497 546 qui
2550 474 2605 530 id
2661 484 3004 546 cognoscunt
3055 474 3351 535 dilectione
3395 479 3486 536 di-

200 579 336 647 ἔχει,
365 574 462 629 κα).
489 574 625 644 ὅρον
653 573 775 644 (56)
821 571 921 642 τῆς
957 566 1097 624 κατὰ
1121 567 1220 639 τὴν
1238 566 1470 638 ,ἀγάπην
1513 566 1795 637 ἐνεργείας

199 671 304 725 οὐκ
342 668 453 740 εχει
476 708 492 734 ,
520 665 718 737 ἐπειδὴ
745 664 869 718 οὐδὲ
897 660 992 715 τοῦ
1034 659 1200 714 καλοῦ
1227 676 1281 714 τι
1313 659 1487 731 πέρας
1506 658 1794 729 καταλαμ-

202 762 446 821 ϐάνεται,
477 758 554 821 ὼς
592 753 993 824 συναπολὴγειν
1023 750 1104 822 τῷ
1132 749 1328 820 πέρατι
1359 748 1454 803 τοῦ
1499 747 1667 802 καλοῦ
1696 746 1796 819 τὴν

198 853 427 921 ἀγάπην
451 865 467 880 ο
499 848 646 919 μόνῳ
677 846 790 916 γὰρ
820 843 899 913 τῷ
930 842 1040 914 (57)
1072 842 1302 912 ἐναντίῳ
1330 841 1392 895 τὸ
1426 840 1589 895 καλὸν
1625 857 1796 912 περαι-

200 942 415 997 τιοῦται
440 958 455 971 ·
507 932 571 992 οὗ
612 938 670 991 δὲ
721 935 833 1006 (58)
863 937 897 1006 ὴ
948 932 1108 1003 φύσις
1145 931 1494 995 άνεπίδεκτός
1540 932 1656 985 ἐστι
1699 929 1794 985 τοῦ

202 1035 469 1106 χείρονος,
498 1031 636 1101 πρὸς
666 1029 728 1083 τὸ
754 1026 1056 1098 ἀπέραντόν
1078 1041 1141 1079 τε
1169 1025 1266 1079 καὶ
1295 1023 1546 1094 ἀόριστον
1569 1024 1632 1079 τὸ
1655 1025 1794 1093 thra-

200 1126 295 1179 θὺν
323 1123 717 1196 προελεύσεται
744 1120 878 1192 (59).

1898 583 2065 638 gnum
2120 567 2357 624 habetur
2406 587 2420 623 :
2475 569 2832 639 cognoscitur
2887 576 3071 627 autem
3136 570 3193 625 id
3258 572 3486 630 numine

1898 658 2121 727 divino;
2177 659 2378 715 notitia
2427 674 2560 714 vero
2604 660 2659 715 in
2708 660 3062 739 dilectionem
3119 666 3482 733 convertitur,

1899 761 2189 822 propterea
2239 753 2387 824 quod
2438 763 2636 809 natura
2692 753 2897 808 bonum
2925 762 2983 809 et
3041 754 3332 811 honestum
3399 763 3484 813 est

1904 843 1962 898 id
2046 844 2192 916 quod
2261 847 2659 917 cognoscitur;
2740 846 2796 901 id
2881 854 3065 901 autem
3132 848 3277 917 quod
3354 862 3484 904 vere

1894 939 2102 994 bonum
2159 944 2216 993 et
2265 937 2555 993 honestum
2602 945 2707 1002 est,
2747 952 2775 991 a
2821 937 3086 1007 petulanti
3140 946 3306 1007 atque
3353 953 3485 1009 pro-

1892 1035 2050 1084 terva
2096 1028 2347 1084 satietate
2389 1043 2497 1082 non
2554 1027 2855 1098 attingitur.
2913 1027 3087 1083 Porro
3120 1032 3374 1084 satietate
3402 1030 3486 1086 di-

1894 1119 2171 1187 lectionis;
2205 1119 2454 1177 habitum
2494 1129 2549 1174 et
2599 1120 2853 1175 all‘ectum
2889 1120 2957 1175 ad
3000 1121 3052 1175 id
3103 1122 3249 1190 quod
3278 1121 3483 1176 bonum

201 1230 256 1275 et
300 1219 601 1274 honestum
656 1222 765 1279 est,
829 1227 936 1268 non
995 1211 1446 1281 interrumpente,
1486 1211 1669 1265 divina
1715 1210 1798 1267 vit

1898 1228 2116 1285 semper
2162 1229 2259 1285 per
2303 1215 2627 1270 charitatem
2678 1229 2744 1270 ac
2796 1214 3148 1270 dilectionem
3211 1216 3482 1288 exigetur,

196 1326 327 1384 quae
354 1309 470 1363 vita
502 1322 629 1361 cum
675 1312 869 1359 natura
913 1303 1056 1359 bona
1095 1312 1260 1373 atque
1326 1302 1552 1357 honesta
1585 1310 1690 1367 est,
1758 1310 1873 1358 tum
1913 1319 2042 1375 erga
2089 1306 2142 1362 id
2184 1305 2330 1377 quod
2372 1306 2578 1361 bonum
2616 1314 2669 1361 et
2717 1307 3007 1361 honestum
3040 1316 3144 1371 est,
3179 1307 3485 1365 dilectionis

202 1401 404 1458 aﬂectu
445 1409 641 1453 natura
679 1395 907 1467 praedita
936 1400 1042 1460 est,
1070 1408 1136 1448 ac
1166 1394 1460 1448 terminum
1484 1403 1538 1448 et
1566 1395 1871 1451 satietatem
1921 1397 2182 1468 diligendi
2235 1400 2469 1456 actionis
2506 1413 2617 1453 non
2669 1398 2854 1463 habet,
2908 1400 3169 1469 quoniam
3216 1417 3317 1455 nec
3354 1402 3483 1456 boni

198 1503 258 1553 et
298 1491 525 1549 honesti
559 1489 777 1560 quidem
817 1487 1017 1557 aliquis
1055 1486 1178 1541 linis
1206 1485 1651 1555 deprehenditur,
1690 1494 1750 1541 ut
1789 1502 1898 1543 una
1928 1504 2053 1544 cum
2091 1491 2198 1544 line
2228 1490 2357 1545 boni
2410 1500 2466 1547 et
2507 1491 2722 1546 honesti
2771 1491 3011 1547 charitas
3048 1499 3212 1562 atque
3262 1492 3485 1548 dilectio

198 1598 426 1655 quoque
468 1579 704 1635 desinat.
750 1576 887 1633 Nam
926 1576 1045 1631 solo
1088 1577 1367 1632 contrario
1405 1576 1608 1630 bonum
1653 1583 1819 1648 atque
1874 1578 2164 1635 honestum
2234 1582 2563 1636 terminatur
2609 1589 2775 1651 atque
2843 1580 3052 1636 ﬁnitur.
3094 1582 3265 1651 Cujus
3300 1591 3482 1640 autem

199 1673 334 1731 boni
385 1686 454 1729 ea
489 1679 687 1727 natura
723 1678 829 1734 est,
879 1682 1002 1738 quae
1035 1666 1279 1722 deterius
1301 1681 1412 1721 non
1455 1667 1728 1732 admittat,
1764 1668 1816 1723 id
1851 1668 1909 1723 in
1934 1670 2207 1725 inlinitum
2246 1681 2301 1726 et
2358 1670 2839 1726 indeterminatum
2870 1686 3046 1742 usque
3084 1672 3482 1742 progredietur.

288 1810 447 1864 Ἐπεὶ
476 1804 569 1863 οὖν
607 1805 829 1877 ἑλκτικὴ
859 1805 967 1861 τῶν
1006 1805 1223 1859 οἰκείων
1248 1806 1399 1858 πᾶσα
1425 1803 1585 1874 φύσις
1622 1804 1790 1871 ἐστὶν,

1968 1808 2238 1875 Quoniam
2289 1809 2460 1879 igitur
2516 1809 2786 1879 cujusque
2839 1816 3051 1864 naturze
3103 1824 3167 1865 ea
3226 1810 3311 1866 vis
3373 1819 3481 1878 est,

202 1904 404 1957 οἰκεῖον
426 1898 486 1953 δέ
519 1916 635 1963 πως
674 1896 754 1967 τῷ
778 1895 894 1966 Θεῷ
916 1896 976 1949 τὸ
1008 1894 1371 1966 ἀνθρώπινον,
1401 1894 1495 1949 ἅτε
1528 1894 1593 1965 δὴ
1628 1895 1794 1967 φέρον

1896 1905 1955 1953 ut
1994 1897 2195 1963 al'linia,
2253 1898 2497 1967 propria,
2548 1906 2713 1968 atque
2759 1905 2991 1967 cognata
3031 1899 3295 1965 attrahat,
3354 1917 3485 1972 pro-

206 1997 267 2051 ὲν
313 1993 498 2063 ἑαυτῷ
549 1991 643 2045 τοῦ
686 1988 992 2062 ἀρχετύπου
1048 1988 1341 2060 μιμήματα
1388 1987 1524 2058 (40),
1579 1987 1794 2042 ἕλκεται

1896 1990 2163 2061 pinquum
2221 1998 2404 2045 autem
2462 1990 2868 2060 quodammodo
2918 1997 3083 2061 atque
3123 1993 3483 2061 conjunctutu

203 2086 352 2143 κατὰ
380 2084 563 2140 πᾶσαν
593 2082 834 2152 ἀνάγκην
864 2079 1001 2151 πρὸς
1030 2080 1093 2133 τὸ
1131 2079 1273 2132 θεῖόν
1302 2095 1362 2131 τε
1398 2079 1492 2133 καὶ
1536 2077 1795 2146 συγγενὲς

203 2182 240 2252 ἡ
274 2178 448 2250 ψυχή.
485 2179 577 2230 Δεῖ
602 2174 708 2248 γὰρ
735 2174 911 2245 πάντη
943 2172 1039 2228 καὶ
1072 2172 1290 2236 πάντως
1314 2171 1393 2244 τῷ
1421 2171 1541 2243 Θεῷ
1574 2172 1793 2227 ἀποσω-
1830 2206 1835 2211 -

207 2272 368 2343 θῆναι
420 2269 483 2322 τὺ
518 2268 672 2322 ῐδιοψ
723 2266 835 2321 ἀλλ’
890 2267 939 2319 εί
991 2265 1089 2336 μὲν
1138 2264 1313 2336 κούφη
1367 2263 1461 2318 καὶ
1508 2262 1795 2334 ἀπέριττός

204 2364 346 2434 τύχῃ
402 2359 539 2430 (41),
597 2357 865 2429 μηδεμιᾶς
913 2355 1234 2426 σωματικῆς
1277 2353 1573 2426 ἀχθηδόνος
1625 2352 1795 2423 αὐτὴν

208 2451 507 2522 πιεζούσης
528 2490 544 2514 ,
590 2450 741 2522 ἡδεῖα
772 2447 868 2502 καὶ
908 2445 1128 2511 εύκολος
1157 2447 1293 2518 αὐτῇ
1328 2445 1440 2517 (42)
1474 2446 1508 2516 ἡ
1542 2443 1679 2516 πρὸς
1705 2443 1796 2497 τὸν

208 2543 593 2615 ἐπισπώμενον
646 2537 1032 2613 προσχώρησις
1078 2537 1309 2607 γίνεται.
1358 2537 1421 2590 Et
1451 2536 1507 2589 δὲ
1547 2538 1661 2599 τοῖς
1696 2534 1795 2606 τῆς

210 2633 584 2709 προπαθείας
610 2631 761 2702 ἥλοις
785 2631 862 2696 είς
886 2630 985 2702 τὴν
1014 2629 1152 2700 πρὸς
1173 2626 1243 2681 τὰ
1267 2625 1443 2698 ὑλώδη
1468 2625 1651 2697 σχέσιν
1674 2625 1790 2695 (45)

210 2728 507 2799 καταπαρῇ
540 2723 672 2796 (44),
706 2717 817 2777 οἷόν
854 2739 977 2776 τινα
1008 2720 1121 2794 (45)
1156 2720 1387 2791 πάσχειν
1414 2718 1560 2782 εἰκὸς
1580 2718 1638 2771 ὲν
1683 2719 1796 2781 τοῖς

214 2815 585 2893 συμπτώμασι
622 2814 731 2870 τῶν
763 2811 1021 2885 σεισμῶν,
1046 2812 1116 2865 τὰ
1152 2808 1517 2883 ὲμπιεσθέντα
1544 2810 1656 2873 τοῖς
1686 2806 1795 2880 χώ-

216 2927 349 2983 μασι
409 2906 674 2977 σώματαο
740 2902 1049 2976 προκείσθω
1108 2902 1166 2956 δὲ
1231 2900 1354 2956 καθ’
1422 2900 1678 2954 ὑπόθεσιν
1736 2897 1796 2953 τὸ

218 3002 292 3073 μὴ
317 3001 430 3072 (46)
468 2997 805 3071 βεϐαρῆσθαι
842 2997 1003 3069 μόνον
1051 2995 1189 3049 αὐτὰ
1220 2996 1332 3056 τοῖς
1365 2989 1791 3064 συμπτώμασιν,

216 3093 352 3150 ἀλλὰ
379 3093 475 3147 καὶ
501 3087 992 3161 διαπεπερονῆσθαί
1014 3104 1153 3140 τισιν
1176 3084 1381 3148 ὀϐελοῖς
1414 3082 1447 3153 ἢ
1479 3082 1656 3171 ξύλοις
1679 3082 1790 3145 τοῖς
1816 3113 1858 3171 C

217 3171 544 3257 ἐνευρεθεῖσι
590 3179 701 3252 (47)
746 3179 823 3251 τῷ
874 3176 1090 3251 χώματι
1129 3174 1242 3249 (48)
1269 3190 1284 3204 °
1334 3176 1469 3248 ὅπερ
1509 3169 1600 3228 οὖν
1642 3172 1788 3237 εἰκὸς

217 3277 505 3347 ὑπομεῖναι
546 3273 615 3328 τὰ
645 3271 787 3327 οὕτω
832 3270 1150 3340 διακείμενα
1191 3266 1456 3339 σώματα,
1490 3263 1639 3336 παρὰ
1681 3263 1789 3318 τῶν

214 3369 430 3423 οἰκείων
458 3367 555 3437 τῆς
588 3362 954 3435 συμπτώσεως
990 3360 1144 3423 ὁσίας
1179 3358 1289 3431 (49)
1336 3358 1523 3413 ἕνεκεν
1570 3356 1789 3423 ἐξελκό-

222 3476 376 3532 μενα·
410 3458 732 3524 ξανθήσεται
761 3453 869 3524 γὰρ
895 3453 1111 3516 πάντως
1135 3490 1149 3517 ,
1190 3451 1285 3504 καὶ
1320 3448 1787 3521 σπαραχθήσεται,

95 3563 102 3570 ’
216 3554 311 3608 κα)⁵
336 3554 445 3606 πᾶν
474 3549 650 3605 ὁτιοῦν
675 3548 780 3602 τῶν
811 3546 1209 3618 χαλεπωτάτων
1241 3543 1512 3607 πείσεται,
1542 3540 1634 3593 τοῦ
1683 3539 1791 3611 χὼ-

221 3661 385 3717 ματος
406 3641 545 3697 αὐτὰ
583 3640 679 3694 καὶ
703 3638 810 3693 τῶν
841 3638 986 3709 ἥλων
1026 3636 1115 3692 διὰ
1139 3636 1237 3708 τὴν
1276 3635 1383 3689 τῶν
1416 3631 1791 3704 ἐφελκομένων

220 3737 339 3808 βίαν
370 3731 803 3798 καταξαινόντων
824 3746 839 3761 ⁸
868 3728 1107 3784 τοιοῦτόν
1141 3728 1193 3782 τί
1225 3744 1317 3799 μοι
1352 3725 1500 3780 δοκεῖ
1538 3725 1633 3779 καὶ
1663 3722 1793 3795 περὶ

216 3828 315 3901 τὴν
342 3825 521 3897 ψυχὴν
544 3823 789 3893 γίνεσθαι
820 3821 989 3885 πάθος
1008 3861 1023 3886 ,
1056 3820 1187 3911 ὅταγ
1219 3819 1253 3891 ἠ
1282 3817 1402 3911 θεία
1424 3815 1653 3911 ᾃύναμις
1688 3813 1793 3869 ὑπὸ

218 3919 627 3992 φιλανθρωπίας
668 3920 733 3971 ὲκ
772 3916 881 3971 τῶν
921 3914 1131 3983 ἀλόγων
1160 3908 1223 3966 τε
1261 3909 1356 3965 καὶ
1404 3908 1603 3965 ὑλικῶν
1649 3925 1791 3980 συμ-

218 4010 527 4081 πτωμάτων
559 4008 856 4079 ἐφέλκηται
883 4005 993 4075 (50)
1018 4004 1081 4057 τὸ
1113 4003 1265 4058 ἴδιον.
1300 4000 1376 4055 oo
1405 4000 1514 4073 γὰρ
1541 3998 1651 4072 (51)
1698 4016 1792 4071 μι-

218 4103 328 4157 σῶν
354 4102 466 4157 οὐδ’
502 4100 840 4173 ἀμυνόμενος
866 4097 959 4151 ἐπ).
999 4098 1065 4169 τῇ
1095 4096 1239 4166 κακῇ
1271 4092 1407 4165 ζωῇ,
1433 4092 1575 4146 κατά
1604 4109 1669 4161 γε
1703 4090 1795 4145 τὸν

216 4192 350 4263 ὲμὸν
382 4192 562 4261 λόγον,
592 4191 788 4259 ἐπάγει
821 4190 932 4254 τοῖς
968 4183 1373 4258 ἑξημαρτηκὸσι
1397 4182 1495 4246 τὰς
1529 4181 1794 4254 όδυνηρὰς

214 4284 487 4348 διαθέσεις
512 4285 540 4338 ό
563 4281 717 4346 Θεὸς,
753 4281 868 4351 (52)
903 4283 933 4334 ό
973 4275 1420 4348 ἀντιποιούμενός
1448 4292 1507 4328 τε
1537 4276 1631 4329 καὶ
1658 4274 1795 4345 πρὸς

215 4374 406 4430 ἑαυτὸν
439 4373 610 4427 ἕλκων
649 4373 757 4427 πᾶν
787 4371 978 4442 ὅτιπερ
1004 4366 1171 4423 αὐτοῦ
1212 4365 1372 4439 χάριν
1398 4360 1560 4436 ἦλθεν
1597 4365 1677 4428 είς
1704 4364 1796 4432 γέ-

1895 2080 2006 2136 Deo
2039 2097 2215 2154 genus
2251 2083 2550 2138 humanum
2595 2092 2699 2147 est,
2750 2083 2952 2154 quippe
2987 2083 3170 2140 ferens
3215 2086 3272 2140 in
3313 2101 3371 2143 se
3396 2087 3485 2142 ni-

1894 2171 2096 2226 mirum
2156 2172 2448 2243 imaginem
2493 2173 2813 2243 principalis
2853 2174 3061 2244 ﬁgurae,
3093 2178 3484 2232 necessarium

1895 2264 2055 2334 plane
2093 2272 2178 2319 est
2223 2274 2281 2319 ut
2324 2265 2512 2319 anima
2558 2266 2810 2319 trahatur
2838 2267 2905 2320 ad
2956 2267 3009 2322 id
3060 2271 3205 2338 quod
3239 2270 3482 2329 divinum

1896 2356 2059 2413 simul
2112 2365 2278 2427 atque
2322 2362 2616 2428 Cognatum
2664 2367 2750 2414 est
2804 2358 3054 2430 (oportet
3105 2361 3251 2416 enim
3284 2377 3485 2433 usque-

1894 2439 2114 2520 quaque
2164 2447 2385 2519 penitus
2438 2464 2503 2503 ac
2542 2464 2769 2520 prorsus
2800 2450 2910 2507 Deo
2955 2467 3115 2507 suum
3144 2455 3482 2527 reservari);

1898 2539 1995 2596 sed
2025 2539 2073 2596 si
2104 2541 2325 2610 quidem
2358 2541 2516 2605 levis,
2556 2541 2807 2613 expedita
2839 2552 3002 2613 atque
3045 2544 3261 2600 sincera
3295 2547 3484 2612 fuerit,

1894 2642 1949 2686 et
1987 2631 2127 2686 nihil
2180 2630 2562 2686 redundantiae
2607 2632 3117 2705 super-unitatisque
3164 2636 3221 2689 in
3278 2651 3339 2692 se
3386 2638 3486 2693 ha-

1895 2722 2107 2786 buerit,
2161 2723 2311 2777 nulla
2358 2728 2623 2792 corp’orea
2679 2725 2930 2780 molestia
2995 2741 3116 2782 eam
3180 2738 3483 2799 premente,

1891 2814 2171 2884 jucundus
2210 2830 2275 2869 ac
2309 2813 2492 2869 facilis
2524 2815 2572 2869 ei
2602 2816 2666 2870 ad
2700 2816 3066 2873 attrahentem
3108 2832 3370 2875 accessus
3401 2820 3481 2876 ﬁt.

1898 2906 1996 2960 Sin
2037 2915 2222 2961 autem
2261 2906 2571 2962 affectionis
2603 2907 2776 2963 clavis
2818 2908 2886 2962 ad
2926 2924 3051 2964 eum
3094 2909 3340 2965 habitum
3388 2912 3484 2983 qui

1896 3011 2024 3051 cum
2082 2998 2466 3054 materialibus
2519 2998 2855 3069 coniunctus
2910 3010 2996 3055 est
3052 3008 3108 3056 et
3165 3001 3481 3060 alﬁnitatem

1898 3091 2061 3147 habet
2108 3091 2265 3149 allisa
2310 3092 2478 3147 fuerit
2521 3110 2537 3148 :
2586 3094 2749 3163 quale
2803 3093 3067 3163 quiddam
3118 3101 3280 3150 terra:
3332 3106 3483 3153 motu

1896 3184 2157 3253 collapsis
2210 3183 2474 3249 7cditiciis,
2528 3184 2857 3256 corporibus
2904 3185 3048 3241 mole
3078 3193 3243 3256 atque
3287 3200 3486 3258 aggere

1896 3276 2174 3346 Oppressis
2207 3284 2370 3346 atque
2400 3275 2640 3341 obtritis,
2690 3276 2942 3333 accidere
2975 3292 3072 3348 par
3101 3292 3166 3332 ac
3188 3278 3486 3336 verisimile

1896 3377 1980 3421 est
2048 3368 2309 3437 (ponatur
2348 3376 2528 3422 autem
2571 3369 2805 3438 exempli
2842 3370 3037 3440 gratia,
3067 3384 3176 3425 non
3210 3370 3387 3426 solum
3418 3385 3484 3425 ea

1898 3465 2120 3527 gravata
2164 3472 2289 3513 esse
2344 3458 2608 3524 molibus,
2644 3459 2823 3520 ruina,
2870 3469 3033 3528 atque
3062 3460 3182 3514 labe
3210 3459 3481 3525 locorum,

1897 3548 2256 3605 verumetiam
2288 3544 2532 3605 verubus
2572 3549 2927 3620 quibusdam,
2973 3557 3070 3605 aut
3098 3550 3270 3606 clavis
3323 3558 3378 3605 et
3412 3552 3482 3606 li-

1897 3641 2019 3713 gnis
2054 3639 2110 3695 in
2151 3642 2328 3696 ruinis
2363 3648 2419 3696 et
2448 3641 2739 3712 aggeribus
2775 3641 3015 3696 inventis
3050 3642 3278 3712 trajecta
3317 3649 3483 3712 atque

1896 3732 2160 3788 transﬁxa
2181 3732 2326 3803 esse)
2352 3750 2368 3801 ;
2398 3733 2541 3803 quod
2576 3733 2743 3804 igitur
2771 3735 2844 3786 ita
2870 3731 3064 3788 all'ecta
3103 3748 3332 3804 corpora
3366 3733 3483 3789 suf-

1898 3822 2043 3881 ferre
2076 3825 2373 3881 verisimile
2423 3832 2530 3894 est,
2591 3825 2745 3894 dum,
2795 3832 2857 3879 ut
2908 3831 3229 3895 parentetur
3284 3826 3366 3881 eis
3417 3840 3484 3881 ac

1895 3918 2044 3988 iusta
2081 3918 2470 3990 exsequiarum
2515 3919 2923 3990 persolvantnr,
2975 3931 3005 3973 a
3056 3918 3379 3988 propinquis
3427 3924 3483 3972 et

1898 4011 2228 4067 necessariis
2257 4026 2324 4067 ex
2380 4010 2502 4069 labe
2551 4017 2717 4080 atque
2755 4008 2917 4065 ruina
2959 4009 3327 4064 extrahuntur
3371 4009 3484 4080 (la-

1898 4102 2234 4159 cerabuntur
2256 4103 2400 4159 enim
2428 4117 2656 4172 prorsus
2688 4102 3483 4171 dilaniabunturque.etquam

1899 4193 2247 4249 atrocissime
2291 4192 2758 4261 acerbissimeque
2820 4190 3234 4254 tractabuntur,
3286 4202 3484 4258 aggere

1900 4281 2066 4337 simul
2100 4288 2155 4339 et
2189 4281 2362 4338 clavis
2403 4289 2694 4351 eapropter
2732 4280 2842 4335 vim
2896 4279 3286 4333 attrahentium
3339 4279 3482 4335 dila-

1900 4372 2274 4439 cerantibus):
2300 4371 2572 4443 ejusmodi
2604 4369 2877 4442 quoddam
2901 4369 3305 4427 incommodum
3335 4369 3485 4425 circa

215 4482 363 4520 νεσιν
384 4484 399 4497 ·
434 4465 549 4520 ἀλλ’
576 4466 605 4518 ὁ
639 4464 738 4536 μὲν
764 4462 857 4516 ἐπὶ
883 4460 960 4533 τῷ
994 4460 1264 4532 κρείττονι
1286 4455 1473 4529 σκοπῷ
1504 4456 1640 4530 πρὸς
1664 4456 1793 4508 ἑαυ-

1898 4462 2137 4517 animam
2177 4477 2399 4534 quoque
2439 4463 2572 4519 mihi
2626 4462 2879 4519 accidere
2928 4462 3168 4527 videtur,
3210 4476 3335 4517 cum
3377 4462 3482 4518 hu-

216 4556 330 4622 τὺν,
360 4557 421 4620 ὃς
455 4556 570 4608 ἐστι
616 4552 768 4626 πηγὴ
810 4554 991 4624 πάσης
1034 4550 1466 4624 μακαριότητος,
1500 4548 1796 4603 ἐπισπᾶται

213 4645 315 4717 τὴν
344 4646 527 4716 ψυχήν
568 4644 714 4713 (55)⁶
756 4642 1139 4714 ὲπισυμϐαίνει
1187 4642 1245 4697 δὲ
1293 4642 1413 4695 κατ’
1461 4641 1708 4710 ἀνάγκην
1760 4639 1793 4711 ἡ

214 4736 440 4806 ἀλγεινὴ
466 4734 701 4799 διάθεσις
726 4733 803 4805 τῷ
826 4733 1123 4806 ἑλκομένῳ.

1902 4553 2166 4610 inanitate
2209 4562 2359 4610 mota
2394 4553 2583 4610 divina
2617 4554 2863 4624 potentia
2914 4568 2982 4610 ex
3021 4553 3255 4610 rationis
3287 4568 3486 4624 exper-

1900 4644 2050 4700 tibus
2095 4652 2151 4701 et
2184 4646 2568 4703 materialibus
2598 4646 2744 4717 quod
2774 4660 2937 4700 suum
2984 4655 3069 4702 est
3109 4645 3337 4699 attrahit
3368 4645 3485 4699 rui-

1901 4736 2008 4790 nis.
2064 4735 2175 4792 Nee
2213 4737 2359 4792 enim
2415 4739 2544 4794 odio
2600 4753 2664 4795 ac
2721 4739 3068 4794 vindicanda:
3128 4754 3308 4809 pravae
3358 4739 3484 4792 vita:

215 4847 407 4895 causa,
451 4846 569 4886 mea
607 4831 828 4902 quidem
866 4830 1151 4901 opinione,
1184 4827 1329 4884 Deus
1398 4828 1467 4885 iis
1503 4826 1596 4898 qui
1669 4830 2018 4897 peccaverint
2060 4832 2303 4889 dolorem
2384 4833 2649 4890 facientes
2706 4833 2930 4889 adhibet
2991 4832 3323 4897 all'ectiones,
3390 4829 3482 4898 qui

213 4930 269 4979 et
300 4924 660 4996 apprehendit
698 4931 754 4981 et
792 4923 1051 4990 vindicat,
1100 4929 1153 4979 et
1201 4922 1267 4981 ad
1312 4936 1373 4978 se
1409 4920 1579 4975 trahit
1626 4919 1891 4992 quidquid
1922 4923 2097 4994 ipsius
2151 4924 2328 4996 gratia
2364 4924 2617 4996 provenit
2687 4923 2744 4980 in
2809 4939 2993 4980 rerum
3058 4931 3345 4989 naturam;
3386 4920 3481 4976 sed

284 5111 401 5189 (ξιξ)
430 5112 632 5189 ῖρρονο
661 5112 709 5189 A.
728 5112 772 5163 B
800 5109 979 5189 κόρον·

256 5177 404 5266 ,(³7)
428 5182 609 5264 μόνῳ
647 5181 757 5261 Ττῖρ
790 5177 1019 5266 τῷςιειοο
1064 5179 1105 5232 Β
1136 5178 1295 5258 μρναυ
1336 5178 1445 5251 γὰρ
1468 5178 1530 5234 τὸ
1552 5177 1797 5235 ἐναντίον
1850 5220 1857 5225 .

211 5248 462 5323 τῷκαλῷ
480 5248 847 5323 περατοῦται.
948 5248 1302 5321 περατοῦται.
1413 5248 1445 5310 ⁷.

286 5323 399 5389 (58)
428 5316 510 5376 ea
539 5316 625 5374 δέ.
653 5322 697 5373 Α
725 5321 767 5371 Β
797 5318 938 5373 οὐδέ.

287 5387 397 5459 (59)
430 5392 887 5457 Προελεύσεται.
921 5390 962 5441 Β
988 5387 1429 5459 προσελεύσεται.

284 5459 398 5530 (40)
424 5461 766 5530 Μιμήματα.
800 5460 842 5530 Β
881 5459 1124 5530 μίμημα.

285 5528 396 5595 (ill
416 5528 612 5602 sum.
644 5533 690 5583 Α
718 5531 760 5582 Β
783 5528 958 5602 τύχοι.
992 5529 1258 5602 (imorum
1299 5529 1365 5586 ad
1390 5529 1575 5595 verba,
1602 5528 1719 5587 ἀλλ’
1748 5531 1797 5584 εί

215 5601 315 5671 μὲν
337 5597 629 5673 κούφηζῖιι
657 5597 1127 5673 marginecodicis
1158 5599 1341 5673 B_h:ec
1373 5609 1528 5673 erant
1557 5609 1739 5673 notata
1777 5616 1791 5652 :

302 5667 567 5757 μί’ἕέἀίιίος
590 5667 871 5743 Γερμαὴ
890 5667 1117 5723 ὼδέλισε
1144 5669 1309 5739 μέρος
1327 5670 1437 5727 τῶν
1463 5669 1793 5742 ἔμπροσθεν,

215 5743 294 5804 ὡς
316 5743 459 5797 νόθα.

278 5811 596 5893 (ιιὲυὶύτῇ.
634 5811 680 5865 Β
708 5808 867 5879 αὕτη.

1972 5107 2085 5179 (45)
2114 5109 2218 5173 Είς
2237 5105 2685 5179 τὴνσυζσχέσιν.
2719 5106 2761 5158 Β
2786 5107 2923 5179 τῇ...
2954 5103 3158 5174 σχέσει.

1971 5175 2084 5243 (44)
2114 5175 2461 5245 Καταπαρῇ.
2496 5175 2536 5227 Β
2562 5175 2929 5247 ηταπαρέίη.

1999 5249 2087 5304 45)
2122 5252 2277 5301 Τίνα.
2306 5248 2348 5299 Β
2376 5263 2448 5299 τι.

1995 5319 2086 5387 46)
2120 5316 2194 5370 Τὸ
2217 5316 2322 5385 μήο
2361 5318 2403 5368 Β
2428 5315 2506 5387 τῷ
2539 5316 2633 5387 μή·

1996 5384 2086 5453 47)
2128 5384 2550 5453 Ἐνευρεθεῖάι.
2571 5386 2612 5437 Β
2638 5384 2930 5454 εὑρεθεῖσι.

1996 5393 2086 5453 47)
2128 5393 2540 5453 Ἐνευρεθεῖσι.
2572 5393 2612 5437 Β
2638 5393 2785 5454 stipat

1972 5393 2086 5528 (l8)
2125 5455 2210 5528 Τῷ
2234 5455 2478 5528 χώματι.
2496 5460 2550 5528 -Λ
2581 5456 2640 5507 ὲν
2662 5472 2711 5528 τ.
2734 5472 2785 5524 χ.

1974 5525 2088 5598 (49)
2134 5527 2359 5598 Ὀσίας.
2388 5527 2428 5577 Β
2458 5526 2564 5598 τῆς
2590 5525 2763 5598 ὁσίας.

1972 5590 2085 5668 (50)
2129 5590 2513 5668 Ἐφέᾷκηζαι.
2535 5596 2585 5668 ᾼ
2614 5594 2926 5668 ἐφέλκεται.
2957 5591 3000 5644 Β
3031 5590 3257 5663 ὲφὲλκη.

1973 5665 2087 5735 (51)
2113 5668 2195 5719 Οὐ
2230 5665 2358 5734 γάρ.
2394 5667 2435 5717 Β
2464 5665 2583 5717 οὐδὲ
2612 5665 2740 5733 γάρ.

1973 5738 2087 5806 (52)
2132 5738 2193 5788 '0
2228 5739 2390 5806 Gsd¢_
2414 5735 2453 5786 Β
2491 5735 2654 5806 delet.

1972 5804 2085 5879 (5⁸5)
2127 5804 2488 5861 Ἐπισπᾶται
2516 5804 2632 5872 τὴν
2653 5808 2722 5876 ψ.
2758 5806 2798 5857 Β
2824 5823 2875 5859 τ.
2899 5804 2960 5875 ψ.
2992 5805 3184 5856 ἕπισπ.
