3992 6462
525 373 592 430 99
1799 365 1858 422 S.
1897 363 2228 423 GBEGORII
2265 361 2558 420 NYSSENI

3717 367 3825 420 {00

524 486 615 541 ille
663 483 886 556 quidem
927 483 1152 539 meliore
1197 483 1385 539 animo
1429 489 1596 554 atque
1629 482 1866 538 consilio
1899 482 1968 538 ad
1997 496 2141 546 sese,
2182 481 2276 551 qui
2319 480 2502 535 omnis
2532 477 2892 534 beatitudinis
2928 475 3053 534 fons
3094 483 3200 544 est,
3269 477 3506 532 animam
3543 478 3817 536 attrahit:

521 597 586 636 ex
624 580 954 636 necessitate
998 587 1182 634 autem
1239 579 1290 634 ei
1341 578 1486 650 quod
1522 579 1818 634 attrahitur
1863 577 2063 633 accidit
2135 577 2226 632 illa

2305 574 2517 631 affectio
2549 574 2768 630 acerba.

593 669 672 720 Ac
725 666 1192 736 quemadmodum
1224 667 1324 732 illi,
1353 669 1448 737 qui
1505 683 1645 722 auro
1697 668 1981 723 materiam
2011 667 2105 721 im-

2284 666 2396 719 Καὶ
2427 664 2617 736 ὥσπερ
2653 664 2754 735 τὴν
2785 661 3150 734 ὲμμιχθεῖσαν
3177 658 3257 731 τῷ
3286 660 3496 732 χρυσίῳ
3526 658 3645 731 (54)
3685 658 3822 730 ὓλην

523 755 744 813 mistam
774 774 876 829 per
909 741 1092 830 ignem
1141 766 1467 829 expurgant,
1515 774 1625 814 non
1672 759 1848 814 solum
1883 759 1938 814 id
1967 758 2113 829 quod

521 848 894 904 adulterinum
953 857 1038 905 est
1097 849 1228 920 igne
1281 849 1677 920 liquefaciunt,
1731 850 1828 907 sed
1879 850 2115 906 omnino

523 943 901 997 necessarium
939 950 1046 1005 est,
1081 951 1138 995 ut
1178 957 1376 1011 purum
1407 957 1629 1012 quoque
1660 957 1767 997 una
1805 958 1929 999 eum
1961 943 2102 997 adul-

525 1032 724 1097 terino,
764 1032 1012 1102 improbo
1045 1039 1210 1101 atque
1233 1041 1492 1103 corrupto
1523 1032 1785 1103 liqueﬁat,
1817 1041 1982 1104 atque
2012 1033 2116 1089 hoc

524 1132 853 1192 consumpto
878 1122 1012 1177 illud
1035 1134 1283 1179 maneat:
1307 1125 1497 1179 eodem
1528 1125 1692 1179 modo
1712 1126 1872 1195 plane
1889 1139 2116 1181 necesse

527 1225 630 1281 est,
668 1222 726 1269 ut
759 1215 887 1268 dum
929 1215 1204 1270 vitiositas
1263 1217 1583 1286 purgatorio
1617 1217 1728 1287 lgni
1780 1217 2110 1282 absumitur,

527 1309 708 1360 anima
751 1321 987 1376 quoque,
1025 1324 1146 1377 quae
1193 1324 1318 1362 cum
1369 1309 1672 1364 vitiositate
1719 1310 1870 1364 unita
1905 1319 2006 1377 est,
2058 1312 2112 1366 in

529 1401 652 1470 igne
671 1399 763 1461 sit,
787 1399 964 1454 donec
999 1401 1051 1454 id
1080 1401 1226 1470 quod
1259 1402 1572 1471 inspersum
1611 1411 1695 1457 est
1721 1401 2110 1469 adulterinum,

526 1490 812 1543 matcriale
850 1497 1017 1559 atque
1049 1490 1292 1544 fucatum
1333 1499 1386 1545 et
1421 1502 1739 1560 corruptum
1770 1499 1945 1544 totum
1981 1493 2115 1546 abo-

526 1578 705 1632 lcatur
767 1577 892 1648 igne
927 1588 1342 1648 consumptum.
1396 1579 1525 1632 Item
1555 1578 2015 1647 quemadmodum
2065 1579 2114 1634 si

524 1668 612 1721 cui
646 1667 892 1723 funiculo
923 1668 1096 1721 lutum
1131 1669 1379 1723 tenacius
1410 1669 1628 1736 penitus
1671 1668 2110 1732 circumlinatur,

525 1759 732 1814 deinde
778 1775 875 1830 per
930 1760 1200 1829 quoddam
1249 1768 1542 1830 angustum
1595 1759 1840 1815 foramen
1896 1761 2111 1814 initium

527 1849 672 1904 funis
717 1850 1045 1919 trajiciatur,
1096 1865 1160 1905 ac
1219 1852 1488 1906 violenter
1537 1851 1738 1921 aliquis
1773 1853 2047 1908 introrsus
2082 1867 2112 1907 a

525 1943 838 1997 summitate
879 1942 1060 1997 funem
1090 1943 1366 2007 attrahat,
1408 1944 1632 1998 omnino
1666 1960 1890 2000 necesse
1927 1955 2009 2002 est
2053 1955 2112 2000 ut

527 2032 676 2089 funis
722 2034 946 2103 quidem
1006 2045 1273 2102 sequatur
1333 2035 1722 2103 attrahentem,
1761 2037 1933 2091 lutum
1983 2051 2114 2093 vero

525 2127 897 2181 circumlitum
940 2142 1006 2181 ex
1053 2128 1293 2182 violenta
1345 2129 1614 2184 tractione
1667 2137 1819 2185 extra
1866 2129 2113 2188 foramen

526 2231 768 2289 maneat,
816 2235 846 2275 a
887 2221 1017 2277 fune
1054 2221 1331 2279 detersum
1371 2232 1425 2279 et
1451 2225 1732 2290 abrasum,
1763 2225 1923 2296 eique
1948 2241 2111 2282 causa

527 2314 766 2379 exsistit,
829 2322 892 2366 ut
950 2329 1076 2367 cum
1133 2329 1199 2369 eo
1255 2315 1310 2368 in
1366 2316 1606 2370 transitu
1659 2331 1768 2370 non
1831 2317 2115 2373 commode

531 2413 744 2474 agatur,
790 2404 887 2460 sed
923 2405 1217 2459 violentam
1265 2403 1493 2460 sufferat
1546 2406 1614 2460 ab
1663 2407 1975 2462 altrahente
2016 2424 2113 2464 ex-

532 2493 839 2549 tensionem
872 2509 885 2546 :
921 2494 1028 2548 tale
1069 2494 1332 2564 quiddam
1385 2495 1520 2549 mihi
1556 2495 1773 2551 videtur
1807 2497 1957 2551 circa
1994 2499 2114 2552 ani-

531 2601 675 2640 mam
719 2601 939 2656 quoque
982 2586 1209 2656 cogitari
1245 2594 1409 2656 atque
1436 2587 1662 2658 intelligi
1697 2599 1969 2658 oportere,
1994 2607 2113 2645 eam

531 2675 785 2729 videlicet
832 2674 1213 2730 materialibus
1246 2686 1411 2745 atque
1450 2679 1685 2734 terrenis
1714 2679 2001 2735 atl‘ectibus
2031 2681 2114 2735 in-

531 2765 770 2820 volutam
825 2765 1078 2820 laborare
1129 2773 1294 2836 atque
1345 2769 1607 2832 distendi,
1645 2769 1774 2823 dum
1813 2769 1957 2826 Deus
1992 2771 2115 2841 qui-

528 2855 648 2908 dem
696 2854 840 2924 quod
893 2871 1055 2909 suuut
1103 2865 1186 2910 est
1217 2856 1285 2909 ad
1337 2871 1458 2912 sese
1500 2857 1668 2911 trahit
1706 2876 1719 2912 :
1756 2859 1902 2928 quod
1933 2868 2112 2914 autem

530 2947 768 3001 alienum
832 2954 936 3010 est,
1005 2955 1297 3015 propterea
1355 2947 1501 3016 quod
1551 2962 1676 3002 eum
1745 2949 1928 3003 anima
1975 2965 2113 3021 quo-

530 3038 823 3093 dammodo
853 3035 1139 3100 coaluerit,
1163 3033 1428 3089 violenter
1449 3035 1733 3090 abraditur
1761 3045 1814 3091 et
1831 3037 2098 3106 abstergi—

531 3141 645 3197 tur,
675 3145 941 3199 acresque
968 3131 1018 3186 ei
1059 3138 1227 3203 atque
1259 3128 1633 3184 intolerabiles
1663 3128 1819 3184 aﬂ'ert
1855 3128 2096 3186 dolores.

528 3252 600 3264 -—
626 3222 690 3276 G.
720 3221 862 3291 Ergo
889 3222 1179 3291 judicium,
1209 3225 1452 3293 inquam,
1483 3222 1752 3287 divinum,
1777 3229 1836 3278 ut
1862 3223 2098 3290 videtur,

2214 758 2265 811 οἱ
2303 756 2392 811 διά
2428 756 2598 828 πυρὸς
2647 753 3080 826 ἐκκαθαροῦντες
3109 753 3223 823 (55)
3263 754 3324 806 οὑ
3361 753 3522 822 μόνον
3555 751 3616 805 τὺ
3666 750 3822 806 νόθον

2214 849 2293 920 τῷ
2320 849 2459 921 πυρὶ
2488 851 2767 920 τήκουσιν,
2802 847 2937 901 ἀλλά
2965 846 3106 901 κατά
3136 848 3317 900 πᾶσαν
3348 845 3596 916 ἀνάγκην
3629 843 3733 898 καὶ
3757 843 3820 897 τὸ

2215 940 2456 1012 καθαρὸν
2469 939 2548 1011 τῷ
2573 939 2810 1010 κιϐδήλῳ
2834 938 3330 1008 συγκατατήκεται,
3352 937 3608 990 κάκείνου
3619 937 3680 990 δὲ
3698 935 3818 1006 (56)

2213 1032 2610 1102 δαπανωμένου
2634 1031 2794 1084 τοῦτο
2821 1031 2972 1100 μένει
2992 1046 3007 1062 ·
3048 1029 3192 1083 οὕτω
3231 1029 3326 1082 καὶ
3362 1031 3462 1099 τῆς
3499 1029 3707 1092 κακίας
3735 1027 3817 1098 τῷ

2215 1125 2498 1196 ἀκοιμήτῳ
2525 1124 2635 1194 (57)
2668 1123 2800 1194 πυρὶ
2825 1121 3252 1193 δαπανωμένης,
3289 1121 3504 1191 ἀνάγκη
3532 1122 3690 1174 πᾶσα
3716 1120 3814 1174 καὶ

2213 1216 2312 1288 τὴν
2364 1217 2661 1271 ἑνωθείσαν
2713 1217 2850 1286 αὐτῇ
2885 1214 3064 1286 ψυχὴν
3113 1215 3171 1268 ὲν
3214 1213 3294 1284 τῷ
3340 1214 3472 1284 πυρὶ
3523 1209 3708 1277 εἶναι,
3734 1212 3812 1274 ὡς

2215 1308 2414 1377 ἂν(58)
2443 1309 2504 1362 τὸ
2525 1307 2977 1378 κατεσπαρμένον
3031 1305 3185 1360 νόθον
3215 1305 3310 1359 καὶ
3339 1304 3558 1368 ὑλῶδες,
3589 1304 3689 1357 καὶ
3725 1303 3811 1356 κί-

2219 1401 2414 1471 ϐδηλον
2447 1398 2774 1470 ἀπαναλωθῇ
2803 1399 2916 1470 (59)
2942 1397 3020 1469 τῷ
3048 1396 3250 1467 αἰωνίῳ
3267 1396 3380 1466 (60)
3408 1397 3541 1466 πυρὶ
3554 1392 3806 1449 δαπανῶ-

2217 1510 2397 1564 μενον.
2441 1493 2550 1545 Καὶ
2592 1490 2843 1559 καθάπερ
2873 1489 2928 1542 εί
2950 1505 3056 1543 τινι
3097 1488 3318 1559 σχοινίῳ
3347 1487 3517 1558 πηλὸς
3542 1486 3653 1540 τῶν
3683 1486 3807 1540 κολ-

2213 1581 2558 1652 λωδεστέρων
2586 1581 2674 1634 διά
2703 1579 2900 1650 βάθους
2933 1577 3331 1650 περιπλασθείη
3355 1617 3369 1640 ,
3398 1573 3517 1630 εἶτα
3541 1577 3632 1630 διά
3660 1593 3805 1639 τινος

2213 1671 2409 1724 λεπτοῦ
2449 1671 2777 1741 χωρήματος
2809 1671 2842 1740 ἡ
2885 1667 3028 1741 ἀρχὴ
3064 1665 3375 1737 διεξαχθείη
3416 1666 3518 1737 τῆς
3550 1665 3764 1736 σχοίνου
3786 1707 3802 1728 ,

2213 1766 2307 1817 καὶ
2339 1764 2529 1834 βιαίως
2557 1763 2668 1834 (61)
2711 1780 2795 1826 τις
2825 1763 2917 1814 ἐπὶ
2951 1760 3019 1815 τά
3063 1760 3215 1823 ἐντὸς
3265 1760 3330 1812 ὲκ
3368 1757 3463 1812 τοῦ
3509 1758 3682 1828 ἄκρου
3707 1757 3804 1829 τὴν

2215 1859 2422 1927 σχοῖνον
2453 1854 2763 1924 ἐφέλκοιτο,
2795 1855 3007 1924 ἀνάγκη
3035 1853 3186 1906 πᾶσα.
3213 1851 3311 1922 τὴν
3343 1851 3442 1921 μὲν
3471 1849 3702 1903 ἕπεσθαι
3727 1849 3804 1920 τῷ

2221 1946 2588 2016 ὲπισπωμένῳ
2608 1985 2624 2008 ,
2656 1944 2750 1998 τὸν
2791 1944 2848 1997 δὲ
2894 1939 3356 2012 παραπλασθέντα
3389 1937 3500 2007 (62)
3535 1935 3710 2007 πηλὸν
3742 1937 3804 1989 ὲκ

2156 2011 2197 2067 Β
2221 2037 2321 2108 τῆς
2350 2011 2528 2108 βιαίας
2559 2011 2722 2107 δλκῆς
2754 2035 2858 2100 ἔξω
2879 2011 3298 2105 τῆςτρυμαλιᾶς
3320 2031 3500 2102 μένειν
3527 2028 3628 2098 τῆς
3655 2027 3802 2097 σχοί-

2215 2148 2306 2186 νου
2353 2129 2744 2201 ἀποξυόμενον,
2779 2129 2875 2183 καὶ
2911 2129 3081 2180 αἴτιον
3121 2127 3258 2197 αὐτῇ
3287 2121 3534 2194 γίνεσθαι
3561 2121 3678 2192 (63,)
3709 2120 3801 2174 τοῦ

2217 2223 2293 2294 μὴ
2328 2221 2639 2276 εὐοδοῦσθαι
2678 2220 2820 2274 κατά
2852 2219 2952 2291 τὴν
2983 2218 3236 2291 πάροδον,
3272 2216 3410 2271 ἀλλά
3449 2214 3632 2286 βιαίαν
3665 2214 3801 2268 ὑπο-

2218 2313 2402 2384 μένειν
2431 2313 2496 2366 ὲκ
2521 2311 2612 2366 τοῦ
2644 2311 3007 2382 ὲφελκομένου
3033 2309 3130 2381 τὴν
3164 2307 3340 2362 τάσιν·
3368 2305 3609 2360 τοιοῦτόν
3629 2303 3684 2358 τί
3713 2321 3800 2375 μοι

2213 2405 2360 2459 δοκεῖ
2387 2405 2481 2458 καὶ
2527 2405 2588 2458 τὸ
2615 2403 2742 2475 περὶ
2769 2402 2868 2472 τὴν
2896 2401 3071 2474 ψυχὴν
3106 2403 3304 2455 ἐννοεῖν
3344 2401 3463 2462 ταῖς
3503 2397 3720 2460 ὑλικαίς
3743 2413 3800 2450 τε

2215 2497 2308 2550 καὶ
2369 2496 2593 2565 γεώδεσι
2655 2494 3053 2566 προσπαθείαις
3112 2491 3514 2562 ὲνειληθεῖσαν,
3568 2489 3799 2560 κάμνειν

2215 2585 2308 2638 καὶ
2339 2584 2734 2649 διατείνεσθαι,
2765 2579 2984 2655 τοῦμὲν
3012 2583 3147 2636 Θεοῦ
3182 2581 3243 2636 τὸ
3273 2582 3402 2635 ἴδιον
3438 2580 3574 2650 πρὸς
3606 2579 3797 2634 ἑαυτὸν

2214 2676 2492 2739 ἕλκοντος·
2524 2675 2618 2729 τοῦ
2651 2676 2696 2729 δ’
2740 2675 3052 2746 ἀλλοτρίου,
3097 2672 3185 2726 διὰ
3233 2671 3293 2725 τὸ
3333 2672 3650 2743 συμφυῆναί
3683 2688 3797 2734 πως

2214 2768 2374 2838 αὐτῇ,
2397 2767 2584 2837 βιαίως
2599 2766 3006 2838 ἀποξυρομένου
3028 2764 3272 2836 (ϐό-65),
3304 2764 3399 2818 καὶ
3427 2765 3523 2827 τὰς
3547 2763 3794 2834 δριμείας

2203 2862 2340 2931 αὐτῇ
2367 2858 2462 2912 καὶ
2487 2859 2892 2922 ἀνυποστάτους
2928 2858 3229 2930 ἀλγηδόνας
3260 2861 3580 2928 ἐπάγοντος.
3612 2887 3682 2898 —
3715 2859 3775 2914 Γ.

2203 2949 2433 3012 Οὐκοῦν,
2457 2945 2630 3011 εἶπον,
2654 2950 2752 3020 οὐχ
2778 2951 2811 3021 ἡ
2834 2950 2953 3004 θεία
2980 2949 3093 3021 (66)
3121 2951 3321 3021 κρίσις,
3343 2950 3418 3014 ὡς
3446 2951 3612 3016 ἔοικε,
3638 2954 3780 3008 κατά

2203 3040 2264 3094 τδ
2283 3039 2394 3111 (67)
2418 3040 2850 3110 προηγούμενον,
2865 3043 2978 3103 τοῖς
3003 3040 3442 3111 ἐξημαρτηκόσιν
3459 3042 3658 3111 ἐπάγει
3682 3044 3778 3114 τὴν

2204 3132 2444 3195 κόλασιν,
2467 3130 2601 3184 ἀλλά
2630 3131 2690 3184 τὸ
2720 3131 2821 3200 μὲν
2847 3130 2959 3202 (68)
2995 3132 3068 3194 ὡς
3100 3132 3129 3184 6
3162 3131 3317 3200 λόγος
3344 3132 3624 3198 ἀπέδειξεν
3646 3135 3778 3206 (69),

2204 3222 2410 3292 ἀγαθὸν
2439 3225 2652 3294 ἐνεργεῖ
2694 3223 2854 3295 μόνον
2898 3223 2993 3276 τοῦ
3038 3223 3209 3277 κακοῦ
3246 3225 3643 3296 ἀποκρίνουσα,
3685 3227 3780 3282 καὶ

528 3319 637 3356 non
667 3319 733 3359 ex
768 3320 930 3362 causa
972 3308 1258 3379 principali
1299 3319 1463 3381 atque
1499 3313 1772 3383 praecipua
1806 3316 2105 3370 cruciatum

2209 3313 2343 3384 πρὸς
2370 3314 2468 3386 τὴν
2487 3315 2586 3388 τῆς
2612 3314 3008 3384 μακαριότητος
3033 3313 3696 3386 κοινωνίανιὲπισπωμένη
3716 3333 3729 3345 ·
3757 3319 3786 3370 ό

526 3393 749 3449 adhibet
787 3395 855 3452 iis
899 3398 994 3468 qui
1025 3399 1396 3469 deliquerunt,
1442 3403 1538 3458 sed
1593 3403 1726 3458 illud
1773 3404 2018 3476 quidem,
2048 3417 2106 3461 ut

524 3487 702 3540 oratio
735 3486 1155 3557 demonstravit,
1215 3491 1416 3548 bonum
1469 3493 1757 3567 duntaxat,
1789 3495 1919 3550 dum
1973 3495 2026 3552 id
2074 3511 2104 3550 a

525 3574 668 3627 malo
717 3579 953 3632 secernit
1029 3587 1082 3633 et
1141 3582 1351 3648 eximit,
1413 3592 1467 3638 et
1529 3585 1598 3638 ad
1667 3587 2104 3641 communionem

523 3664 880 3723 beatitudinis
935 3671 1201 3736 attrahit,
1266 3681 1566 3742 Operatur;
1621 3673 1859 3731 divulsio
1923 3685 2104 3731 autem

523 3755 833 3812 coalitionis
864 3769 918 3813 et
956 3764 1447 3829 coagmentationis
1475 3766 1525 3820 ei
1561 3767 1705 3836 quod
1733 3766 1970 3820 trahitur
2001 3765 2104 3820 do-

522 3843 693 3899 lorem
717 3846 940 3901 facit.—
956 3849 1026 3904 Μ.
1053 3850 1224 3915 ldcm,
1252 3849 1431 3918 inquit
1453 3853 1730 3923 magistra,
1754 3867 1857 3924 ego
1887 3870 2107 3926 quoque

527 3933 741 3997 sentio,
797 3941 854 3987 et
910 3933 1054 4004 quod
1100 3949 1198 4003 pro
1247 3937 1553 4006 quantitate
1614 3938 1927 3996 vitiositatis
1985 3955 2106 4011 quae

524 4023 577 4076 in
632 4039 963 4094 unoquoque
1013 4027 1197 4093 fuerit,
1232 4029 1510 4086 cruciatus
1540 4044 1605 4084 ac
1656 4030 1862 4086 doloris
1907 4033 2104 4090 modus

522 4116 870 4171 adhibeatur.
913 4116 1032 4172 Non
1060 4121 1206 4172 enim
1238 4135 1337 4190 par
1359 4129 1445 4175 est
1475 4130 1791 4193 utrumque,
1827 4133 1941 4180 tum
1977 4142 2101 4182 eum

519 4210 638 4279 qui'
665 4209 719 4262 in
760 4209 918 4265 malis
951 4211 1134 4266 vetitis
1173 4213 1361 4267 tandiu
1397 4225 1647 4271 versatus
1688 4216 1780 4281 sit,
1829 4223 1945 4270 tum
1977 4233 2102 4274 eum

519 4301 612 4370 qui
665 4300 718 4353 in
773 4300 1068 4355 mediocria
1117 4302 1316 4357 delicta
1369 4303 1617 4372 quaedam
1668 4303 1946 4371 inciderit,
2006 4322 2104 4376 per

522 4392 894 4460 purgationem
937 4393 1129 4447 vitiosi
1173 4394 1391 4450 habitus
1441 4411 1508 4450 ex
1557 4411 1715 4466 aequo
1770 4397 2096 4453 discruciari

522 4488 687 4550 atque
739 4481 944 4546 dolere,
997 4484 1091 4538 sed
1124 4500 1222 4554 pro
1269 4487 1432 4541 modo
1479 4503 1543 4542 ac
1579 4491 1888 4559 quantitate
1928 4500 2101 4548 mate-

2204 3403 2261 3457 δὲ
2288 3403 2385 3473 τῆς
2403 3403 2679 3473 συμφυΐας
2699 3401 3037 3472 διασπασμὸς
3057 3400 3217 3474 ὀδύνη
3235 3403 3313 3473 τῷ
3340 3403 3617 3476 ἑλκομένῳ
3637 3405 3786 3474 γίνε-

2207 3510 2318 3547 ται.
2339 3523 2410 3532 —
2427 3491 2496 3546 M.
2522 3491 2698 3557 Οὕτω,
2729 3492 2890 3564 φησὶν
2911 3493 2944 3562 ἡ
2967 3490 3306 3557 διδάσκαλος,
3337 3495 3429 3548 καὶ
3457 3495 3485 3548 6
3508 3495 3644 3566 ὲμός
3669 3497 3787 3548 ἐστι

2207 3584 2383 3652 λόγος,
2406 3583 2501 3636 καὶ¹
2520 3584 2602 3636 ὅτι
2628 3581 2827 3654 μέτρον
2849 3581 2953 3650 τῆς
2981 3580 3276 3652 ἀλγηδόνος
3307 3585 3340 3654 ὴ
3370 3585 3470 3655 τῆς
3495 3585 3693 3648 κακίας
3726 3587 3786 3638 ἐν

2208 3675 2424 3745 ἑκάστῳ
2449 3673 2683 3743 ποσότης
2699 3671 2867 3726 ἐστίν.
2886 3673 2961 3726 Οὐ
2978 3672 3087 3744 γὰρ
3109 3674 3255 3736 εἰκὸς
3271 3676 3335 3728 ὲκ
3354 3674 3448 3728 τοῦ
3467 3676 3580 3728 ἴσου
3598 3675 3690 3728 τὸν
3712 3677 3793 3739 εἰς

2208 3764 2461 3818 τοσοῦτον
2483 3764 2595 3836 (70)
2622 3764 2679 3818 ὲν
2704 3765 2987 3835 ἀπηγορευ
2996 3763 3175 3834 μένοις
3187 3765 3446 3832 γεγονότα
3465 3767 3675 3830 κακοῖς,
3699 3767 3796 3818 καὶ

2202 3857 2295 3911 τὸν
2341 3857 2582 3928 μετρίοις
2609 3857 2722 3928 (71)
2777 3855 3165 3927 συνενεχθέντα
3209 3855 3702 3927 πλημμελήμασιν,
3733 3857 3792 3908 ἐν

2200 3949 2268 4018 τῇ
2298 3948 2480 4019 κρίσει
2512 3947 2626 4017 (72)
2651 3949 2750 4017 τῆς
2780 3946 3059 4018 μοχθηρᾶς
3083 3945 3249 4010 ἕξεως
3278 3945 3586 4015 ἀνιαθῆναι.
3629 3942 3793 3995 Ἀλλά

2203 4040 2355 4111 παρά
2385 4040 2444 4094 τὸ
2473 4040 2637 4095 ποσὸν
2666 4040 2766 4110 τῆς
2800 4039 2930 4108 ὕλης
2951 4080 2965 4106 ,
3001 4039 3034 4110 ἢ
3073 4039 3255 4091 πλεῖον
3285 4037 3320 4108 ἢ
3355 4037 3575 4091 ἔλαττον
3602 4035 3714 4107 (75)
3754 4036 3790 4106 ἡ

2207 4131 2442 4202 ὀδυνηρά
2473 4133 2656 4201 ἐκείνη
2684 4129 2815 4201 φλὸξ
2841 4131 3221 4202 ὲξαφθήσεται,
3250 4130 3326 4192 ὼς
3351 4129 3417 4183 ἂν
3443 4129 3553 4199 (74)
3577 4128 3639 4181 τὸ
3662 4128 3793 4182 ὑπο-

2205 4224 2406 4292 τρέφον
2525 4218 2594 4295 ᾮ
2625 4225 2805 4277 τοίνυν
2837 4223 3004 4286 πολὺς
3031 4225 3060 4276 6
3103 4222 3310 4294 ὑλώδης
3340 4221 3528 4274 ἔπεστι
3556 4221 3788 4290 φόρτος,

2207 4310 2407 4381 πολλὴν
2439 4311 2651 4383 ἀνάγκη
2693 4312 2788 4364 καὶ
2818 4311 3207 4382 διαρκεστέραν
3247 4311 3331 4364 ἐπ’
3371 4311 3519 4381 αὐτῷ
3560 4312 3676 4382 (75)
3706 4312 3793 4379 γί-

2206 4402 2392 4455 νεσθαι
2431 4402 2526 4472 τὴν
2559 4401 2951 4456 ἀναλίσκουσαν
2981 4403 3173 4472 φλόγα·
3215 4396 3259 4472 ᾧ
3286 4402 3343 4456 δὲ
3369 4401 3455 4455 ἐπ’
3488 4402 3710 4457 ἔλαττον
3755 4406 3791 4472 ἡ

2205 4479 2298 4546 τοῦ
2328 4495 2498 4563 πυρὸς
2519 4493 2730 4564 δαπάνη
2761 4495 3256 4566 ἐγκαταμέμικται,
3288 4494 3541 4548 τοσοῦτον
3578 4497 3792 4550 ὑποκαο

522 4573 636 4636 rirc,
667 4573 750 4626 vel
785 4575 1028 4644 longiore
1071 4577 1158 4629 vel
1209 4576 1457 4634 breviore
1498 4582 1763 4651 temporis
1797 4585 1976 4654 spatio
2008 4585 2100 4640 illa

2209 4585 2452 4638 ταϐαίνει
2472 4585 2570 4657 τῆς
2599 4585 2959 4658 σφοδροτέρας
2976 4603 3034 4640 τε
3052 4586 3146 4641 καὶ
3161 4586 3489 4658 δριμυτέρας
3509 4588 3792 4660 ἐνεργείας

737 4819 990 4894 Χρυσίῳ.
1021 4821 1061 4872 Β
1083 4822 1289 4894 χρυσῷ.

590 4890 701 4960 (55)
758 4890 1280 4960 Ἐκκαθαροῦὶθτεᾲ
1308 4893 1348 4946 Β
1370 4893 1809 4960 ἐκκαθαίροντες.

589 4959 701 5033 (56)
729 4959 800 5013 Δέ
839 4961 979 5015 delet
1014 4963 1070 5016 Β.
1105 4963 1186 5016 Ad
1230 4966 1414 5028 verba,
1449 4959 1700 5018 κάκείνου
1719 4965 1951 5019 δεδαπαν
1997 4968 2092 5036 μέ-

589 5052 629 5090 ),
650 5034 702 5084 in
722 5031 871 5085 calce
895 5031 1106 5086 codicis
1137 5037 1176 5085 A
1202 5034 1314 5089 hzec
1338 5045 1627 5088 notantur:
1656 5036 1813 5088 Κατὰ
1838 5037 1935 5090 τὴν
1956 4985 2092 5090 ἀνω-

515 5047 629 5106 νου,
650 5031 702 5084 in
722 5031 872 5106 calce
895 5031 1106 5106 codicis
1125 5034 1314 5106 ‘Aihzec
1338 5045 1627 5106 notantur:
1656 5036 1813 5088 Κατὰ
1838 5037 1935 5106 τὴν
1960 5031 2072 5090 ἀνω

515 5101 657 5177 τέρω
697 5103 824 5177 παρ’
850 5103 980 5172 ἡμῖν
1023 5102 1304 5177 λεχθεῖσαν
1349 5105 1613 5177 διάταξιν,
1653 5106 1781 5177 ἔνθα
1822 5101 1948 5177 περὶ
1992 5107 2092 5177 τῆς

514 5171 904 5246 ἀφανισθείσης
943 5171 1143 5246 κακίας
1190 5171 1565 5246 διαλαμϐάνει,
1615 5176 1835 5246 νοητέον
1884 5171 1978 5230 καὶ
2022 5171 2090 5231 τά

516 5243 758 5360 παρόντα
790 5243 884 5296 καὶ
914 5243 980 5296 τὰ
1014 5243 1161 5316 ἑξῆς.
1201 5243 1497 5313 ’Δνάγνωθι
1518 5243 1940 5300 ταῦτα’κάκεῖνα
1967 5249 2089 5301 ἐπι-

519 5325 585 5360 ne
607 5329 716 5360 ιως.

563 5325 716 5374 ελως.

754 5383 1083 5458 Ἀκριμήζῳ.
1126 5384 1170 5458 A_
1203 5384 1258 5439 in
1304 5392 1454 5458 textu
1492 5386 1794 5458 καθαρσίῳ,
1833 5389 1888 5443 in
1940 5405 2087 5444 mar-

517 5449 977 5526 δίης-ἀκοιμήτῳζ
1005 5449 1046 5505 Β
1079 5455 1379 5526 καθαρσίῳ.

595 5519 704 5588 (58)
756 5519 977 5585 Ὠςάίρ.
1018 5526 1061 5576 Δ
1087 5526 1190 5588 ἕως
1220 5519 1305 5579 ἀν.

519 5657 531 5669 .
590 5590 703 5658 (59)
759 5591 1166 5669 ξΑπᾳνιξλωθῇ.
1206 5595 1250 5648 Α
1295 5597 1350 5650 in
1391 5603 1542 5651 textu
1587 5596 1732 5650 ἆπαν
1767 5597 2090 5668 ἀναλωθείη,

517 5660 573 5712 in
603 5660 848 5732 margine
873 5660 1138 5732 ἀναλωθῇ.

588 5730 698 5794 (60)
739 5728 964 5791 Αίωνίῳ
989 5728 1130 5784 delet
1160 5733 1227 5787 Α.

588 5798 697 5860 (6|)
739 5797 973 5862 Βιαίως.
1029 5801 1074 5854 A
1121 5801 1177 5856 in
1221 5811 1370 5859 textu
1403 5806 1688 5869 βεϐαίωσις
1739 5806 1845 5861 τῶν
1888 5806 1999 5872 έπί,
2030 5808 2086 5862 in

2204 4830 2450 4901 margine
2481 4830 2685 4901 βιαίως.

2275 4901 2388 4974 (623.)
2427 4902 2962 4974 Παραπλασᾷἐντα.
3001 4905 3043 4974 ᾼ
3074 4901 3533 4974 περιπλασθέντα.

2274 4971 2385 5040 (65)
2417 4974 2727 5041 Γίνεσθαι.
2765 4973 2806 5026 Β
2837 4973 3107 5041 γενέσθαι.

2274 5040 2497 5116 (tif-65)
2544 5040 3032 5116 Ἀποξυρομέκου.
3065 5044 3181 5116 ΑΒ
3216 5042 3613 5116 ἀποξυομένου.

2427 5115 2570 5185 Οὐχ.
2590 5115 2628 5182 ἠ
2660 5110 2807 5169 θεία.
2826 5110 2884 5166 Ἀ
2914 5113 3058 5167 delet
3085 5115 3204 5185 οὐχ.

2272 5183 2385 5251 (67)
2426 5183 2586 5237 Κατὰ
2613 5186 2702 5240 τό.
2741 5186 2787 5238 Α
2815 5184 2877 5237 οὐ
2912 5185 3074 5239 κατά.

2273 5254 2384 5325 (68)
2437 5254 2616 5325 Ἀλλὰ
2637 5255 2700 5325 τὸ
2722 5255 2857 5324 μέν.
2892 5255 2938 5306 Α
2969 5255 3011 5325 Β
3039 5256 3153 5309 ἀλλ’
3183 5257 3236 5325 ἡ.

2273 5323 2384 5396 (69)
2440 5323 2797 5390 Ἀπέὃειξέν.
2836 5326 2878 5377 Β
2907 5324 3200 5393 ὑπέδειξεν.

2273 5395 2386 5464 (70)
2423 5398 2522 5460 El;
2555 5397 2850 5452 τοσοῦτον
2889 5397 2930 5450 Β
2953 5397 3116 5452 delet.

2273 5399 2364 5464 (7O
2423 5399 2522 5460 Είς
2555 5399 2850 5452 τοσοῦτον
2889 5399 2930 5450 Β
2953 5399 3116 5452 delet.

2272 5399 2386 5535 (71)
2425 5468 2716 5534 Μετρίοις.
2748 5466 2789 5518 Β
2821 5467 2970 5522 addit
2999 5469 3160 5521 τισίν.

2267 5538 2380 5608 (72)
2420 5538 2644 5608 Κρίσει.
2684 5539 2724 5588 Β
2754 5537 3037 5608 καθάρσει.

2422 5607 2639 5681 lucina-
2670 5609 2707 5673 ἢ
2740 5607 3011 5681 ἔλαττον.
3051 5610 3090 5660 Β
3119 5608 3316 5663 πλείων
3349 5611 3380 5681 ἢ
3417 5609 3679 5665 ἐλάττων.

2269 5679 2382 5746 (74)
2432 5677 2529 5740 Ὡς
2558 5678 2653 5732 ἄν.
2682 5681 2723 5729 A
2761 5680 2800 5729 Β
2827 5681 2931 5741 ἕως
2960 5681 3043 5733 ἄν.

2270 5747 2383 5819 (75)
2437 5747 2561 5800 Ἐπ’
2594 5749 2772 5814 αὐτῷ.
2811 5753 2854 5801 Λ
2887 5751 2928 5801 Β
2958 5752 3043 5803 ἐπ’
3078 5749 3263 5806 αὑτοῦ.
