3992 6438
191 385 266 444 ιυΙ
1226 371 1314 426 DE
1355 370 1570 425 ANIMA
1603 369 1692 425 ET
1731 368 2338 426 RESURRELTIONE.
3325 377 3428 436 ιω

188 491 458 562 ήκόλασις,
486 488 618 544 ὅσον
642 489 947 560 ἠλάττωται
984 488 1063 558 τῷ
1093 488 1192 558 τῆς
1242 487 1439 551 κακίας
1475 486 1658 558 μέτρῳ
1684 485 1744 540 τὸ

1851 483 2062 543 ﬂamma
2077 487 2380 553 doloritica,
2405 489 2647 559 quandiu
2683 490 2848 546 fuerit
2874 478 2927 547 id
2962 493 3108 563 quod
3146 508 3265 549 eam
3294 495 3424 558 alat,

186 583 537 652 ὑπερκείμενον.
578 582 699 652 Χρὴ
734 580 842 654 γὰρ
882 580 1060 649 πάντη
1094 579 1187 633 καὶ
1212 580 1434 642 πάντως
1459 577 1748 649 ἐξαιρεθῆ-

1851 577 2199 634 accendetur.
2262 579 2363 634 Cui
2419 579 2587 651 igitur
2640 596 2893 651 magnum
2947 582 3227 638 inhaaserit
3283 598 3427 640 onus

183 675 256 726 ναί
297 689 419 726 ποτε
451 672 513 726 τὸ
554 673 726 726 κακὸν
756 673 821 725 ἐκ
860 671 952 724 τοῦ
1003 670 1174 734 ὂντος,
1212 670 1307 724 καὶ
1354 670 1492 740 ὅπερ
1540 670 1597 722 ἐν
1637 671 1748 731 τοῖς

1851 670 2150 737 materiale,
2193 669 2249 725 in
2302 685 2370 726 eo
2419 685 2647 728 necesse
2685 678 2772 727 est
2809 687 3060 742 magnam
3106 687 3172 728 ac
3216 672 3425 729 diutius

182 765 423 833 φθάσασιν
442 763 681 834 εἴρηται,
710 764 772 816 τὸ
792 763 955 826 ὄντως
979 761 1091 833 (76)
1117 761 1193 833 μὴ
1224 761 1305 827 ὃν,
1329 761 1450 832 μηδ’
1475 755 1616 813 εἶναι
1638 760 1748 827 (T7)

1851 758 2135 816 durantem
2175 776 2300 816 esse
2338 760 2636 826 ﬂammam,
2671 777 2793 832 quae
2832 763 3116 818 materiam
3143 779 3262 819 eam
3289 780 3425 819 con-

181 855 314 916 ὅλως.
366 854 589 925 Ἐπειδὴ
645 853 750 924 γάρ
795 853 900 918 ἔξω
941 854 1042 924 τῆς
1088 852 1460 924 προαιρέσεως
1505 853 1540 921 ἡ
1587 849 1748 904 κακία

1851 862 2032 905 sumat
2081 869 2094 905 :
2133 851 2189 905 in
2243 866 2310 907 eo
2356 865 2508 916 vero,
2549 851 2640 906 cui
2687 852 2888 908 minori
2935 853 3112 923 spatio
3161 856 3425 924 temporis

183 941 300 998 εἶναι
323 943 480 1012 φύσιν
513 945 618 997 οὐκ
646 943 778 1013 ἔχει,
810 944 937 996 ὅταν
965 943 1114 995 πᾶσα
1155 939 1478 1010 προαίρεσις
1517 938 1633 1009 (78)
1687 938 1745 991 ἐν

1851 938 1992 1009 ignis
2024 939 2116 994 ille
2171 955 2505 997 consumens
2546 941 2888 1011 admovetur,
2919 951 3131 999 tantum
3159 945 3227 1001 de
3261 947 3423 1002 velte-

183 1035 246 1105 τῷ
269 1035 381 1104 Θεῷ
408 1035 657 1104 γένηται,
697 1036 777 1098 εἰς
805 1034 1040 1104 παντελῆ
1068 1033 1373 1103 ἀφανισμὸν
1393 1035 1428 1104 ἡ
1467 1032 1634 1084 κακία
1667 1031 1742 1103 μὴ

1851 1031 2116 1088 mentiore
2150 1039 2314 1102 atque
2361 1036 2572 1089 acriore
2615 1036 2931 1105 operatione
2972 1051 3134 1106 poma
3174 1039 3420 1104 remittit,

182 1132 393 1201 χωρήσει
423 1129 564 1200 (79).
594 1129 672 1199 τῷ
706 1129 869 1199 μηδὲν
896 1128 1062 1199 αὐτῆς
1091 1125 1486 1196 ὑπολειφθῆναι
1514 1123 1741 1193 δοχεῖον.

1851 1129 2140 1191 quantum,
2175 1123 2323 1192 quod
2353 1125 2421 1178 ad
2454 1125 2677 1180 modum
2711 1126 3027 1183 vitiositatis
3055 1127 3266 1192 attinet,
3290 1130 3424 1184 sub-

179 1222 359 1288 jectum
403 1221 572 1275 fuerit
613 1222 964 1276 diminutum.
998 1221 1225 1293 Oportet
1255 1223 1401 1277 enim
1475 1219 1698 1290 penitus
1762 1232 1824 1271 ac
1863 1232 2086 1286 prorsus
2139 1219 2435 1288 aliquando
2469 1221 2676 1275 malum
2729 1222 2894 1276 eximi
2936 1239 3001 1278 ex
3047 1238 3113 1277 eo
3150 1223 3295 1293 quod
3337 1233 3422 1282 est

182 1321 227 1366 et
261 1313 396 1382 quod
442 1313 498 1367 in
548 1314 927 1383 superioribus
975 1313 1179 1368 dictum
1219 1322 1324 1375 est,
1393 1313 1446 1368 id
1496 1311 1642 1382 quod
1727 1309 1908 1378 reipsa
1956 1324 2067 1363 non
2124 1318 2231 1377 est,
2294 1327 2364 1366 ne
2415 1328 2538 1368 esse
2579 1314 2797 1383 quidem
2853 1315 3100 1370 omnino.
3157 1314 3425 1380 Quoniam

181 1403 304 1455 enim
346 1417 405 1458 ea
454 1405 576 1458 vitii
638 1405 1002 1474 nequitiaeque
1049 1412 1245 1458 natura
1291 1417 1398 1467 est,
1461 1411 1520 1456 ut
1578 1407 1733 1457 extra
1771 1401 2108 1455 voluntatem
2142 1409 2196 1456 et
2244 1403 2535 1458 arbitrium
2604 1421 2712 1460 non
2762 1405 2855 1469 sit,
2902 1420 3024 1460 cum
3098 1407 3276 1461 omnis
3333 1424 3426 1461 vo-

184 1499 341 1552 luntas
383 1508 435 1554 et
483 1514 651 1554 omne
685 1499 971 1554 arbitrium
1009 1499 1062 1552 in
1111 1497 1223 1554 Deo
1255 1499 1437 1565 fuerit,
1473 1497 1540 1552 ad
1615 1496 1920 1551 absolutam
1983 1504 2150 1565 atque
2200 1495 2500 1566 perfectam
2553 1509 2608 1554 et
2687 1508 2986 1553 extremam
3072 1499 3422 1554 abolitionem

182 1595 228 1640 et
268 1586 541 1640 interitum
598 1586 868 1642 vitiositas
915 1587 1215 1656 redigetur,
1261 1595 1320 1641 ut
1361 1585 1572 1640 nullum
1619 1583 1740 1654 ejus
1781 1585 2189 1654 receptaculum
2233 1587 2594 1657 relinquatur.

239 1716 290 1769 Γ.
306 1714 461 1768 Ἀλλά
483 1714 536 1768 τί
566 1717 755 1790 κέρδος
771 1719 881 1792 (80)
892 1723 990 1793 τῆς
1008 1717 1251 1790 χρηστῆς
1272 1717 1482 1780 ἐλπίδος
1507 1715 1643 1788 (81),
1663 1708 1743 1768 εἶ-

1921 1718 1983 1775 G.
2005 1721 2108 1776 Sed
2134 1719 2277 1789 quod
2296 1719 2507 1776 lucrum
2535 1728 2590 1774 et
2612 1732 2794 1787 operae
2809 1720 3048 1789 pretium
3073 1725 3176 1785 est,
3202 1731 3423 1786 inquam

190 1817 271 1850 που
299 1802 419 1868 ἐγὼ,
455 1801 533 1871 τῷ
578 1802 912 1876 λογιζομένῳ
941 1807 1064 1860 ὅσον
1102 1809 1218 1861 ἐστὶ
1242 1807 1408 1862 κακὸν
1438 1808 1531 1860 καὶ
1560 1809 1738 1858 ἐνιαυσ-

1851 1820 1962 1876 ego,
1991 1805 2155 1874 hujus
2184 1805 2340 1860 bonae
2374 1806 2486 1875 spei
2510 1809 2775 1874 reputanti
2799 1816 3061 1878 quantum
3097 1809 3168 1864 sit
3198 1810 3423 1873 malum,

188 1890 344 1942 σιαίαν
365 1891 474 1959 (82)
513 1892 686 1964 μόνην
716 1895 972 1967 ὑποσχεῖν
998 1897 1292 1968 ἀλγηδόνα,
1340 1899 1389 1951 εί
1429 1898 1472 1951 δ’
1506 1899 1584 1959 εἰς
1615 1893 1742 1949 αἰώ-

1851 1896 1928 1949 vel
1966 1909 2208 1948 annuum
2263 1896 2438 1950 solum
2487 1896 2760 1951 sustinere
2813 1898 3140 1963 crueiatum,
3184 1899 3330 1967 quod
3378 1900 3426 1953 si

187 1980 282 2031 νιόν
309 1998 356 2032 τι
374 1981 652 2054 διάστημα
673 1985 705 2055 ή
739 1986 962 2057 ἄσχετος
981 1988 1161 2057 ἐκείνη
1184 1988 1340 2058 ὀδύνη
1376 1986 1739 2059 παραταθείην

1851 2004 2018 2058 usque
2053 1987 2120 2042 ad
2149 1996 2415 2042 aeternum
2450 1985 2722 2056 quoddam
2767 1987 3113 2043 intervallum
3161 1990 3425 2044 intolera-

186 2073 256 2134 τίς
278 2072 335 2124 ἐκ
360 2073 469 2143 (85)
485 2076 587 2146 τῆς
612 2075 838 2148 ὕστερον
863 2079 1074 2143 ἐλπίδος
1103 2079 1484 2134 ὑπολέλειπται
1510 2079 1618 2152 (84)
1639 2094 1744 2131 παο

1851 2079 1972 2134 bilis
2014 2077 2105 2133 ille
2151 2078 2311 2134 dolor
2343 2085 2672 2148 prorogetur
2699 2117 2715 2143 ,
2748 2092 3000 2146 quamam
3049 2092 3113 2132 ex
3147 2078 3425 2148 posterius

187 2164 420 2232 ραμυθία,
527 2167 669 2238 πρὸς
706 2169 826 2224 ὅλον
854 2169 1025 2224 αίῶνα
1053 2171 1522 2242 συνδιαμετρεῖται
1567 2172 1600 2242 ἡ
1648 2169 1744 2223 κό-

1851 2170 2030 2225 l‘utura
2074 2185 2170 2241 spe
2199 2171 2507 2225 consolatio
2550 2168 2882 2240 relinquitur
2921 2169 2971 2224 ei
3005 2170 3094 2224 cui
3130 2171 3198 2225 ad
3249 2178 3423 2225 totam

187 2250 340 2313 λασιςς
359 2256 512 2310 -Μ,
534 2251 699 2310 Ὥστε
720 2257 830 2329 (85)
853 2258 1177 2328 προνοητέον
1199 2256 1231 2327 ἦ
1258 2255 1486 2310 καθόλου
1507 2253 1616 2308 τῶν
1644 2257 1745 2327 τῆς

1851 2260 2206 2317 aeternitatem
2258 2274 2433 2331 pennae
2479 2258 2676 2315 modus
2713 2271 2778 2314 ac
2823 2274 3084 2316 mensura
3117 2259 3427 2332 redigitur?

184 2340 357 2404 κακίας
385 2340 492 2410 (86)
522 2339 888 2410 μολυσμάτων
914 2339 1141 2407 φυλάξαι
1171 2338 1268 2410 τὴν
1284 2339 1460 2411 ψυχὴν
1489 2341 1662 2413 ἀμιγῆ
1684 2359 1745 2396 τε

189 2434 270 2485 καὶ
297 2430 700 2502 ἀκοινάωητον⁹
753 2431 786 2500 ἢ
837 2431 886 2483 εἰ
930 2429 1086 2483 τοῦτο
1123 2431 1300 2503 πάντη
1346 2433 1628 2504 ἀμήχανον
1658 2434 1746 2488 διὰ

186 2521 236 2575 τὸ
267 2521 499 2593 ἔμπαθες
527 2522 651 2594 (87)
679 2521 776 2592 τῆς
807 2521 1020 2591 φύσεως
1064 2522 1254 2594 ἡμῶν,
1284 2523 1360 2586 ὡς
1392 2525 1475 2578 ὅτι
1512 2524 1747 2595 μάλιστα

188 2614 235 2665 ἐν
283 2613 512 2684 μετρίοις
561 2614 679 2666 τισὶ
733 2614 827 2667 καὶ
868 2612 1286 2684 εύθεραπεύτοις
1340 2610 1480 2668 εἶναι
1537 2614 1604 2667 τὰ
1649 2618 1746 2685 τῆς

189 2706 364 2775 ἀρετῆς
399 2704 817 2774 ἀποτεύγματα.
863 2700 982 2758 Οἶδε
1014 2704 1120 2776 γὰρ
1151 2707 1184 2776 ἡ
1228 2705 1555 2776 εὐαγγελικὴ
1602 2706 1747 2759 διδα-

189 2795 360 2849 σκαλία
393 2798 486 2850 καὶ
508 2796 722 2868 μυρίων
747 2797 1026 2867 ὀφειλέτην
1047 2797 1168 2850 τινὰ
1197 2797 1472 2851 ταλάντων
1505 2795 1745 2868 (88-89),

187 2890 266 2942 καὶ
293 2889 662 2943 πεντακοσίων
682 2888 973 2960 δηναρίων,
1008 2889 1101 2942 καὶ
1137 2890 1491 2960 πεντήκοντα,
1526 2888 1620 2942 καὶ
1653 2905 1747 2940 κο-

184 2980 384 3051 δράντου
429 2983 582 3046 τινὸς
615 2981 750 3051 (90),
799 2981 933 3051 ὅπερ
995 2981 1055 3034 τὸ
1087 2980 1312 3052 ἔσχατόν
1355 2984 1500 3034 ἐστιν
1546 2979 1658 3052 (9|)
1693 2982 1749 3031 ἐν

188 3075 456 3145 νομίσμασι
484 3090 498 3104 ⁸
535 3074 643 3144 τὴν
671 3073 726 3125 δὲ
758 3071 852 3126 τοῦ
878 3071 1012 3126 Θεοῦ
1045 3073 1258 3126 δικαίαν
1292 3073 1474 3145 κρίσιν
1497 3073 1584 3127 διὰ
1613 3072 1750 3126 πάν-

187 3181 279 3218 των
304 3165 579 3230 διεξιέναι,
623 3165 715 3218 καὶ
743 3164 818 3235 τῷ
859 3165 1013 3235 βάρει
1061 3163 1156 3217 τοῦ
1184 3165 1494 3236 ὀφλήματος
1526 3181 1748 3218 συνεπι-

186 3256 440 3310 τείνουσαν
466 3259 575 3328 τὴν
599 3256 842 3326 ἀνάγκην
863 3256 961 3326 τῆς
983 3256 1354 3326 ἀπαιτήσεως.
1383 3257 1479 3310 καὶ
1495 3256 1614 3308 οὐδὲ
1634 3255 1748 3326 (92)

183 3347 278 3400 τῶν
313 3347 690 3420 σμικροτάτων
731 3346 1105 3418 ὑπερορῶσαν.
1139 3346 1249 3418 Τὴν
1277 3347 1334 3400 δὲ
1363 3346 1615 3403 ἀπόδοσιν
1642 3346 1751 3400 τῶν

183 3438 486 3508 ὀφλημάτων
522 3437 590 3490 τὸ
634 3437 964 3505 Εὑαγγέλιον
999 3431 1150 3489 εἶπεν
1201 3437 1300 3489 οὐκ
1347 3437 1412 3490 ἐκ
1453 3436 1750 3508 χρημάτων

186 3529 459 3592 διαλύσεως
493 3527 764 3598 γίνεσθαι,
801 3528 938 3582 ἀλλά
967 3526 1354 3601 παραδίδοσθαι
1382 3530 1496 3592 τοῖς
1528 3527 1750 3598 βασανι-

187 3626 316 3684 σταῖς
337 3623 424 3677 τὸν
451 3621 772 3691 ὑπόχρεων,
815 3619 920 3684 ἕως
963 3619 1048 3686 ἂν,
1085 3618 1246 3691 φησὶν
1270 3659 1286 3684 ,
1332 3619 1516 3691 ἀποδῷ
1549 3621 1656 3673 πᾶν
1687 3618 1750 3671 τὸ

187 3713 511 3785 ὀφειλόμενον
530 3730 546 3745 ·
582 3714 716 3784 ὅπερ
745 3712 896 3766 οὐδὲν
927 3711 1114 3783 ἕτερόν
1147 3712 1316 3776 ἐστιν,
1355 3711 1388 3783 ἢ
1417 3712 1507 3765 διὰ
1538 3713 1636 3782 τῆς
1659 3711 1751 3783 βα-

189 3805 332 3858 σάνου
347 3805 441 3876 τὴν
460 3802 770 3874 ἀναγκαίαν
791 3803 1013 3873 ὀφειλὴν
1034 3802 1313 3868 ἀποτίσαι,
1334 3802 1394 3855 τὸ
1418 3803 1638 3876 ὄφλημα
1651 3804 1750 3874 τῆς

187 3895 279 3949 τῶν
305 3896 567 3968 λυπηρῶν
602 3895 909 3966 μετουσίας,
937 3889 1012 3950 ὧν
1040 3896 1152 3964 (95)
1181 3895 1332 3967 παρά
1357 3897 1446 3949 τὸν
1476 3896 1588 3967 βίον
1617 3896 1751 3950 ὑπό-

186 4005 341 4058 χρεως
357 3990 598 4058 ἐγένετο,
625 3989 797 4059 ἀμιγῆ
821 4006 881 4041 τε
903 3988 996 4043 καὶ
1018 3989 1253 4060 ἄκρατον
1269 3987 1362 4042 τοῦ
1384 3988 1628 4042 ἐναντίου
1650 3989 1749 4060 τὴν

185 4081 354 4152 ἡδονὴν
385 4083 490 4135 ὑπὸ
520 4080 780 4145 ἀϐουλίας
807 4081 1078 4151 ἐλόμενος,
1108 4083 1201 4135 καὶ
1230 4081 1423 4148 οὕτως,
1465 4082 1609 4137 ἅπαν
1637 4083 1747 4154 (94)

185 4172 496 4245 ἀποθέμενος
523 4173 587 4227 τὺ
618 4173 894 4244 ἀλλότριον
922 4173 1136 4241 ἑαυτοῦ,
1165 4175 1302 4246 ὅπερ
1337 4175 1484 4228 ἐστὶν
1517 4176 1551 4246 ἡ
1580 4176 1751 4246 ἁμαρ-

184 4263 278 4328 τία,
301 4267 392 4318 καὶ
423 4266 524 4338 τὴν
551 4267 616 4318 ἐκ
647 4264 756 4317 τῶν
772 4265 1100 4337 ὀφλημάτων
1117 4265 1379 4336 αἰσχύνην
1401 4266 1748 4336 ἀποδυσάμε-

185 4370 278 4417 νος,
295 4355 347 4408 ἐν
369 4355 659 4425 ἐλευθερίᾳ
682 4372 741 4408 τε
761 4355 854 4408 καὶ
875 4353 1158 4427 παρῤησίᾳ
1180 4355 1422 4425 γένηται.
1449 4353 1514 4408 Ἦ
1534 4354 1577 4406 δ’
1599 4353 1750 4407 ἐλευ-

186 4442 324 4511 θερία
371 4444 526 4497 ἐστὶν
552 4445 586 4514 ἡ
621 4444 757 4514 πρὸς
786 4443 845 4496 τὸ
877 4444 1170 4498 ἀδέσποτόν
1204 4461 1260 4496 τε
1289 4444 1382 4496 καὶ
1416 4443 1748 4516 αὐτοκρατὲς

1861 2345 1994 2399 -Μ.
2018 2345 2206 2416 Itaque
2225 2346 2628 2418 providendum
2651 2346 2820 2403 fuerit
2843 2353 2905 2402 ﬁt
2927 2350 3013 2403 vel
3037 2350 3258 2418 penitus
3284 2359 3340 2404 et
3370 2349 3430 2404 in

1845 2437 2169 2494 universum
2223 2439 2293 2492 ab
2346 2438 2779 2508 inquinamentis
2847 2438 3164 2494 vitiositatis
3217 2439 3431 2510 integra

1846 2539 2013 2601 atque
2037 2531 2216 2587 omnis
2241 2530 2588 2600 cognationis
2609 2547 2808 2602 expers
2832 2531 3014 2586 anima
3034 2540 3430 2597 conservetur;

1849 2629 1942 2675 aut
1971 2622 2018 2676 si
2065 2623 2121 2677 id
2162 2631 2388 2692 propter
2422 2621 2650 2678 allectus
2692 2632 2746 2678 et
2786 2623 2941 2688 vitia,
2982 2623 3185 2693 quibus
3233 2631 3431 2678 natura

1848 2723 2038 2770 nostra
2063 2713 2303 2769 obnoxia
2337 2719 2442 2779 est,
2481 2714 2631 2768 nulla
2662 2714 2877 2770 ratione
2916 2729 3150 2785 prorsus
3181 2709 3430 2785 expediri

1849 2819 1912 2859 ac
1959 2805 2078 2859 ﬁeri
2118 2812 2320 2876 potest,
2381 2811 2441 2858 ut
2480 2804 2535 2859 in
2574 2820 2738 2875 quam
2774 2807 3018 2861 maxime
3058 2806 3430 2862 mediocribus

1849 2896 2180 2966 quibusdam
2218 2903 2527 2964 curatuque
2574 2883 2829 2951 fac-ilibus
2869 2897 3088 2953 delictis
3122 2898 3434 2952 consistant

1848 2990 2074 3045 virtutis
2122 2989 2472 3044 incommoda
2503 2999 2668 3060 atque
2716 2990 3065 3046 detrimenta.
3093 2989 3257 3063 Novit
3285 2992 3431 3046 enim

1850 3079 2165 3150 evangelica
2195 3078 2449 3133 doctrina
2484 3087 2540 3134 et
2569 3078 2751 3135 decies
2790 3079 2938 3133 mille
2989 3081 3343 3147 talentorum,
3376 3089 3434 3138 et

1852 3168 2280 3240 quingentorum
2304 3169 2656 3224 denariorum
2694 3161 2748 3223 et
2769 3171 3184 3242 quinquaginta,
3213 3178 3268 3226 et
3290 3187 3432 3242 qua-

1852 3262 2064 3318 drantis
2112 3261 2372 3332 alicujus,
2414 3261 2562 3332 quod
2612 3262 2668 3316 in
2708 3270 2928 3317 moneta
2966 3273 3274 3319 extremum
3321 3274 3431 3331 est,

1853 3352 2145 3425 quemdam
2184 3354 2526 3409 debitorem:
2562 3369 2626 3408 ac
2653 3354 2862 3424 justum
2892 3354 2985 3410 Dei
3014 3354 3283 3425 judicium
3319 3372 3435 3411 om-

1855 3445 1947 3498 nia
1977 3443 2257 3514 persequi,
2291 3459 2504 3514 proque
2538 3445 2918 3516 magnitudine
2946 3447 3074 3501 aeris
3106 3446 3268 3501 alieni
3307 3463 3435 3518 pro-

1850 3549 2048 3605 rogare
2081 3545 2136 3588 et
2164 3535 2460 3590 extendere
2493 3535 2879 3590 necessitatem
2925 3538 3236 3600 solutionis,
3271 3552 3337 3592 ac
3367 3555 3435 3594 ne

1851 3625 2082 3681 minima
2111 3625 2333 3696 quidem
2357 3627 2640 3696 despicere
2666 3641 2729 3681 ac
2757 3628 3054 3698 praeterire.
3091 3627 3431 3685 Solutionem

1851 3727 2032 3774 autem
2069 3717 2383 3773 debitorum
2415 3733 2528 3772 non
2559 3734 2622 3773 ex
2657 3719 3016 3788 pecuniarum
3045 3719 3328 3777 decisione
3368 3737 3434 3777 ac

1849 3809 2218 3864 dissolutione
2253 3809 2370 3864 ﬁeri
2412 3807 2766 3880 Evangelium
2806 3810 2966 3876 dixit,
3005 3811 3101 3867 sed
3137 3812 3280 3867 tradi
3315 3821 3433 3868 tor-

1849 3900 2066 3956 toribus
2099 3900 2426 3966 obaeratum,
2451 3900 2624 3956 donec
2657 3902 2899 3968 solverit,
2934 3903 3134 3974 inquit,
3161 3904 3432 3976 quidquid

1851 3991 2060 4062 debet(
2093 3995 2237 4063 quod
2283 3991 2421 4047 nihil
2453 3991 2600 4048 aliud
2645 3999 2749 4059 est,
2792 3993 2900 4050 nisi
2947 4010 3045 4064 per
3097 4003 3432 4053 tormentum

1851 4085 2232 4140 necessarium
2260 4100 2334 4140 aes
2365 4084 2603 4140 alienum
2631 4085 2866 4152 solvere,
2886 4085 3153 4152 debitum,
3186 4089 3430 4160 inquam,

1851 4175 2296 4246 participationis
2326 4193 2511 4232 rerum
2553 4176 2795 4231 tristium
2835 4186 2890 4232 et
2917 4179 3260 4243 acerbarum,
3293 4196 3432 4249 qua-

1850 4280 1970 4320 rum
2005 4267 2440 4337 participationis
2473 4283 2570 4337 per
2601 4274 2818 4336 tempus
2847 4267 2974 4321 vitae
3007 4267 3221 4324 debitor
3250 4270 3433 4327 factus

1851 4363 1954 4420 est,
1989 4370 2115 4410 cum
2140 4371 2346 4411 meram
2374 4357 2749 4425 contrariique
2775 4357 3108 4415 admistione
3146 4375 3260 4415 non
3304 4370 3433 4417 tem-

1852 4453 2094 4516 peratam
2145 4447 2484 4516 voluptatem
2538 4447 2757 4502 consilii
2813 4448 3119 4504 stoliditate
3165 4451 3433 4519 expetivit

186 4532 481 4602 ἐξομοίωσις
504 4574 520 4600 ,
571 4535 604 4604 ἡ
633 4532 752 4587 κατ’
782 4533 955 4604 ἀρχὰς
987 4533 1084 4604 μὲν
1116 4535 1250 4604 ἡμῖν
1285 4534 1436 4606 παρὰ
1467 4533 1602 4588 Θεοῦ
1633 4534 1746 4605 (95)

1853 4545 2017 4608 atque
2038 4535 2250 4608 elegit),
2282 4545 2448 4607 atque
2477 4537 2550 4592 ita
2593 4538 2685 4592 ubi
2717 4539 2986 4609 quidquid
3019 4555 3048 4594 a
3091 4556 3150 4597 se
3191 4543 3432 4598 alienum

184 4621 367 4693 δεδωρη
377 4625 537 4695 μένη,
560 4624 993 4694 συγκαλυφθείσα
1008 4625 1197 4696 τῇτῶν
1213 4624 1540 4696 ὀφλημάτων
1561 4625 1749 4698 αἰσχύ-

184 4729 257 4784 vn.
289 4716 438 4769 Πᾶσα
452 4717 496 4769 δ’
526 4714 805 4785 ἐλευθερία
845 4715 943 4786 μία
969 4716 1051 4779 τίς
1068 4717 1185 4769 ἐστι
1209 4720 1273 4788 τῇ
1309 4717 1468 4787 φύσει
1489 4719 1584 4772 καὶ
1611 4719 1748 4789 πρὸς

185 4807 363 4878 ἑαυτὴν
378 4809 595 4870 οἰκείως
615 4807 748 4878 ἔχει.
769 4808 1095 4873 Ἀκολούθως
1116 4807 1208 4863 οῦν
1234 4811 1342 4862 πᾶν
1364 4809 1473 4880 (96)
1504 4811 1564 4864 τὸ
1592 4810 1747 4864 ἐλεύ-

186 4892 324 4968 θερον
349 4899 423 4969 τῷ
461 4897 634 4970 ὁμοίῳ
664 4899 1168 4971 συναρμοσθήσεται
1193 4917 1206 4931 ·
1245 4899 1414 4974 ἀρετὴ
1439 4900 1494 4954 δὲ
1525 4901 1748 4955 ἀδέσπο-

247 5100 352 5173 (76)
397 5101 468 5173 Td
503 5102 708 5173 ὅντως.
744 5102 856 5173 ᾼῨΒ
884 5101 962 5173 τῷ
989 5102 1124 5158 ὄντι.

246 5172 353 5241 (77)
388 5169 561 5227 Εἶναι
593 5172 735 5226 delet
773 5171 834 5225 Β.

244 5240 350 5309 (78)
389 5242 566 5298 Πᾶσα
592 5242 936 5310 προαίρεσις
965 5241 1106 5295 delet
1135 5240 1195 5294 B.

247 5311 354 5381 (79)
392 5312 488 5379 Μὴ
519 5309 799 5380 χωρήσει.
831 5313 872 5363 Α
903 5312 943 5362 Β
983 5309 1399 5381 μεταχωρήσειε.

242 5380 351 5464 ρξε’)
389 5383 632 5464 139699-
669 5388 713 5434 Α
742 5381 784 5464 β
812 5381 874 5464 εδ
900 5381 1110 5464 κέρδος-

246 5450 352 5519 (81)
405 5453 700 5516 Ἐλπίδος.
731 5454 774 5504 Α
808 5452 849 5502 Β
881 5449 1082 5521 ταύτης
1115 5449 1348 5512 ἐλπίδος.

245 5521 351 5589 (82)
402 5523 826 5575 Ἐνιαυσιαίαν.
865 5522 906 5571 Β
938 5521 1223 5574 ἐνιαύσιον.

244 5591 348 5659 (85)
393 5592 488 5656 Τίς
510 5593 597 5645 ἐκ.
634 5593 678 5643 Α
715 5592 852 5660 τίςὴ
887 5592 969 5642 ἐκ.

245 5661 298 5720 (8
312 5663 350 5730 i)
401 5663 413 5679 '
428 5660 926 5714 ΥπολέλειπταιΒ
955 5660 1323 5713 ὑπολείπεται.

245 5731 352 5799 (8:3)
394 5731 592 5785 ".0073.
633 5731 674 5782 B
705 5731 808 5783 ὅτι.

242 5799 352 5872 (τιὸ)
396 5801 507 5870 Τῆς
535 5802 768 5866 κακίας.
813 5800 923 5868 Τῆς
959 5799 1192 5872 delctA,
1239 5804 1334 5860 sed
1394 5804 1430 5856 Β
1477 5804 1637 5860 habet
1685 5805 1749 5856 ἐκ

1853 4639 1957 4693 est,
1989 4627 2045 4682 id
2075 4636 2158 4684 est
2193 4636 2474 4699 peccatum
2505 4628 2823 4699 deposuerit
2846 4638 2900 4685 et
2939 4631 3221 4701 abjecerit,
3255 4634 3431 4702 pudo-

1857 4736 2103 4791 remque,
2156 4737 2316 4791 quem
2349 4738 2413 4777 ex
2445 4722 2646 4779 debitis
2689 4733 3062 4788 contraxerat,
3107 4727 3340 4790 exuerit,
3375 4726 3429 4782 in

1855 4813 2107 4869 libertate
2142 4816 2308 4871 simul
2352 4825 2405 4871 et
2442 4815 2641 4871 ﬁducia
2677 4825 2947 4872 versetur.
2998 4819 3171 4873 Porro
3201 4817 3430 4874 libertas

1853 4912 1939 4962 est
1972 4906 2301 4963 assimilatio
2346 4915 2402 4962 et
2445 4909 2754 4980 exaequatio
2783 4925 2922 4980 _cum
2956 4925 3022 4966 eo
3066 4910 3211 4981 quod
3252 4909 3430 4964 domi-

1855 5105 2070 5158 κακίας.
2228 5115 2230 5117 ’

2438 5180 2571 5251 Α-Β.
2609 5179 2870 5251 ἐμπαθές.

1925 5247 2139 5316 (88-89)
2187 5248 2322 5302 de
2351 5247 2680 5305 ταλάντωιὲ.
2713 5251 2753 5302 Β
2783 5250 2873 5302 τα)
2885 5250 3058 5301 άντων
3099 5247 3239 5303 τινά.

1927 5317 2040 5386 (90)
2085 5318 2270 5384 Τινός.
2315 5319 2357 5369 Β
2397 5320 2568 5384 Ἐνός.

1925 5385 2038 5460 (ili)
2082 5388 2257 5460 Ὅπερ
2286 5388 2353 5460 τὸ
2381 5390 2519 5460 ἔσχ.
2558 5389 2607 5446 ὲ.
2645 5391 2684 5441 Β
2710 5390 2845 5460 ὅπερ
2882 5387 2993 5442 ἐστὶ
3019 5385 3080 5440 τὸ
3111 5387 3356 5459 ἔσχατον.

1922 5456 2036 5527 (92)
2075 5456 2250 5527 ρῠδέ.
2287 5456 2549 5527 seeae.

1921 5522 2034 5600 (95)
2074 5522 2208 5600 Ϊον·
2245 5528 2288 5581 Β
2310 5522 2384 5600 ,ὧι

1923 5597 2037 5666 (94)
2079 5598 2264 5650 Ὅταν
2294 5597 2434 5655 delet
2461 5601 2521 5652 B.

1923 5665 2034 5736 (95)
2073 5666 2239 5736 IIde
2265 5669 2432 5722 Θεοῦ.
2467 5672 2508 5722 Α
2542 5671 2580 5722 Β
2601 5668 2704 5724 ὑπὸ
2731 5668 2820 5723 τοῦ
2849 5665 3008 5724 Θεοῦ.

1925 5735 2035 5810 (96)
2075 5735 2204 5793 Πᾶν
2235 5738 2377 5794 delet
2405 5739 2464 5794 B.
