3992 6452
221 392 311 450 105
1204 381 1293 437 DE
1325 378 1541 435 ANIMA
1574 375 1660 431 ΕΤ
1695 373 1779 429 RE

1886 369 2297 431 RREETIONE-
3336 363 3435 419 106

223 511 306 580 τὴν
328 503 625 577 περίληψιν.
656 499 801 555 Ἀλλ’
824 500 853 553 ὁ
870 500 928 553 ἐν
948 499 1059 561 τοϊς
1090 496 1255 551 πᾶσιν
1274 493 1550 563 ἐσόμενος,
1576 491 1765 580 ἐντοῖς

1886 485 2013 542 )eus
2045 484 2173 550 erit,
2203 481 2473 540 vitiositas
2498 481 2851 553 nequitiaque
2873 480 3135 537 nimirum
3166 479 3221 534 in
3249 494 3434 535 rerum

226 574 289 672 μή
313 574 450 658 οὖσιν
476 574 577 651 οὐκ
616 595 789 650 ἔσται.
826 622 895 633 -
918 591 980 648 Γ.
1004 587 1070 642 Τί
1094 586 1186 642 οὖν
1214 584 1319 657 χρὴ
1348 583 1556 672 λέγειν,
1589 578 1760 672 εἷπον,

1886 584 2062 632 natura
2094 591 2206 631 non
2228 576 2356 631 erit.
2386 574 2522 629 Nam
2565 574 2611 629 si
2637 576 2761 645 quis
2798 575 3151 630 vitiositatem
3178 574 3344 629 etiam
3385 582 3441 628 et

363 685 484 747 τοὺς
506 679 853 754 μικροψύχως
879 681 996 741 ταῖς
1024 675 1315 747 συμϐολαῖς
1342 671 1455 742 (11)
1479 668 1763 739 διακειμέ-

1886 667 2164 737 nequitiam
2209 680 2334 721 esse
2374 665 2641 734 posuerit,
2692 665 2969 734 quomodo
3016 664 3330 719 servabitur
3373 677 3437 716 ea

224 750 532 842 νουςς-Μ,
831 768 966 839 πρὸς
995 762 1221 829 αὐτοὺς,
1252 764 1416 833 φησὶν
1440 760 1476 832 ἡ
1511 760 1765 815 διδάσκα-

1886 755 2139 816 ιθηιειιιία
2179 768 2289 824 qua
2327 753 2533 809 dicitur
2577 753 2724 824 quod
2770 756 2824 806 in
2856 754 3110 808 omnibus
3142 752 3286 808 Deus
3328 750 3439 809 sit?

223 867 403 930 λος,ὃτι
423 863 627 930 Μάτην,
647 851 871 922 ὧοῦτοι,
898 855 1338 923 δυπνασχετείτε
1363 854 1457 904 καὶ¹
1478 850 1766 922 δυσχεραί-

1888 845 2017 900 llius
2046 843 2216 907 enim,
2246 842 2843 907 videlicetvitiositatis
2874 843 3236 913 nequitiaeque
3264 859 3441 898 exeru-

222 976 322 1011 νετε
344 956 418 1025 τῷ
440 953 613 1024 είρμῷ
643 951 745 1020 τῆς
779 946 1082 1016 ἀναγκαίας
1110 944 1450 1017 πραγμάτων
1483 941 1597 1014 (12)
1637 943 1766 995 ἀκο-

1886 938 1980 993 »ιὶο
2007 944 2175 1009 atque
2207 938 2534 999 subtractio,
2565 936 2941 1007 imperfectam
2975 952 3039 990 ac
3073 953 3181 991 non
3223 938 3439 1005 plenam

220 1023 429 1111 λονθίας,
460 1023 775 1113 ἀγνοοῦντες
799 1039 933 1109 πρὸς
958 1039 1139 1093 ὅντινα
1172 1036 1369 1090 σκοπὸν
1396 1033 1466 1088 τὰ
1494 1033 1613 1088 καθ’
1633 1033 1764 1086 ἐκα-

1886 1028 2031 1085 ιίῐίοἰι
2076 1030 2321 1084 omnium
2372 1024 3251 1100 comprehensionem.Verumqui
3269 1023 3321 1078 in
3337 1038 3448 1078 om-

221 1154 327 1191 στον
363 1139 417 1189 ἐν
446 1133 524 1204 τῷ
547 1133 709 1187 παντὶ
739 1128 1164 1201 οἰκονομούμενα
1194 1127 1440 1199 φέρεται,
1470 1127 1553 1179 ὅτι
1591 1125 1767 1180 πάντα

1886 1118 2030 1174 tibus
2048 1120 2187 1187 erit,
2217 1117 2274 1172 in
2298 1116 2367 1174 iis
2396 1134 2518 1189 quae
2539 1132 2647 1174 non
2669 1126 2798 1173 sunt
2820 1134 2928 1174 non
2946 1121 3069 1175 crit.
3093 1113 3165 1160 '—
3201 1117 3267 1173 G.
3295 1118 3438 1184 Quid

1868 1215 2035 1285 igitur
2077 1223 2292 1286 Oportet
2320 1214 2523 1277 dicere,
2559 1214 2804 1283 inquam,
2840 1213 2909 1267 ad
2955 1228 3050 1269 eos
3083 1212 3174 1283 qui
3215 1212 3442 1267 calami-

1868 1312 2009 1363 tates
2028 1316 2079 1362 et
2115 1307 2459 1361 incommoda
2484 1321 2650 1375 parvo
2672 1321 2736 1360 ac
2757 1299 3002 1362 demisso
3021 1308 3205 1363 animo
3224 1304 3444 1360 ferunt?

1872 1428 1947 1440 —
1977 1399 2048 1454 Μ.
2069 1398 2327 1455 Dicamus
2345 1401 2412 1455 ad
2437 1414 2550 1466 eos,
2571 1400 2748 1471 inquit
2770 1402 3026 1472 magistra
3047 1441 3063 1465 ,
3105 1399 3252 1456 Heus
3308 1401 3442 1454 vosl

1871 1491 2079 1548 frustra
2093 1507 2190 1547 vos
2206 1490 2477 1547 aiﬂictatis
2498 1501 2553 1546 et
2573 1493 2906 1547 excruciatis
2923 1501 3084 1562 atque
3100 1490 3446 1546 ol‘feudimini

1868 1591 1924 1640 et
1944 1584 2207 1655 angimini
2230 1584 2371 1640 serie
2393 1587 2721 1641 necessaria:
2751 1601 2932 1641 rerum
2963 1585 3363 1642 vicissitudinis
3391 1593 3449 1641 et

222 1680 396 1751 δοχεᾶι,
434 1679 585 1749 παρὰ
610 1679 711 1748 τῆς
739 1675 799 1728 τὸ
832 1676 940 1729 πᾶν
965 1673 1380 1745 συστησαμένης
1408 1673 1600 1742 σοφίας
1634 1691 1766 1727 κατ-

1886 1673 2299 1744 :onsequentiae,
2337 1673 2652 1744 ignorantes
2683 1675 2751 1729 ad
2798 1675 3074 1745 quodnam
3106 1676 3446 1746 propositum

224 1770 435 1842 εσκάσθη
464 1771 597 1840 (16),
630 1770 715 1837 ἐφ’
733 1761 838 1834 ᾧτε
865 1762 1002 1820 εἶναί
1025 1783 1077 1819 τι
1101 1764 1336 1837 χώρημα
1366 1765 1611 1818 δεκτικὸν
1632 1766 1769 1832 ἀγα-

1886 1772 2036 1835 itque
2063 1766 2358 1820 consilium
2383 1767 2698 1838 singulatim
2728 1783 2815 1822 res
2840 1783 3071 1838 quaeque
3115 1768 3446 1833 refcrantur.

223 1858 333 1924 θῶν,
376 1860 434 1913 τὸ
479 1860 567 1914 ἀεὶ
598 1861 666 1930 τῇ
715 1856 1001 1930 προσθήκῃ
1048 1855 1144 1909 τοῦ
1195 1856 1541 1929 είσχεομένου
1590 1856 1773 1927 μεῖζον

1886 1873 1997 1927 quae
2033 1858 2088 1912 in
2114 1859 2470 1915 universitate
2495 1860 2972 1926 administrantur,
3006 1862 3264 1932 quoniam
3298 1876 3454 1933 opor-

223 1949 493 2020 γινόμενον.
1308 1933 1318 1943 ’

1886 1957 1954 2005 let
1982 1951 2168 2004 omnia
2197 1951 2393 2006 ordine
2440 1965 2504 2005 ac
2544 1951 2926 2007 vicissitudine
2965 1952 3202 2022 quadarn
3249 1970 3451 2010 secun-

222 2043 334 2098 dum
378 2042 732 2100 artiﬁciosam
778 2043 1045 2098 creatoris
1074 2050 1127 2098 et
1173 2041 1415 2097 auctoris
1446 2041 1769 2111 sapientiam
1841 2041 2040 2098 divina:
2095 2043 2378 2098 conciliari
2446 2053 2612 2115 atque
2681 2046 2943 2117 conjungi
2997 2055 3227 2103 naturae.
3313 2048 3450 2103 Nam

224 2138 402 2192 idcirco
475 2135 696 2189 ratione
785 2136 1010 2204 praedita
1094 2146 1287 2190 natura
1373 2132 1625 2203 provenit
1709 2133 1765 2186 in
1841 2146 2025 2188 rerum
2077 2140 2351 2197 naturam,
2442 2149 2513 2189 ne
2560 2133 2766 2190 divitiae
2819 2136 3127 2193 divinorum
3183 2140 3450 2194 bonorum

225 2231 391 2283 otios:e
427 2234 596 2298 atque
629 2226 857 2281 inutiles
891 2235 1098 2291 essent,
1147 2228 1242 2283 sed
1268 2227 1426 2297 quasi
1462 2240 1595 2281 vasa
1630 2225 1877 2295 quaedam
1925 2234 1980 2281 et
2014 2226 2189 2281 libero
2258 2227 2486 2283 arbitrio
2532 2228 2758 2299 praedita
2824 2231 3129 2286 animarum
3203 2244 3447 2303 recepta-

224 2320 328 2373 cula
351 2335 379 2373 a
407 2319 694 2387 sapientia,
745 2333 866 2387 qua:
895 2318 1141 2373 condidit
1164 2327 1220 2374 et
1248 2317 1538 2374 constituit
1584 2331 1766 2371 rerum
1804 2324 2057 2372 naturam
2091 2318 2428 2387 universam,
2473 2327 2665 2390 parata
2695 2328 2844 2387 sunt,
2916 2334 2977 2378 ut
3044 2333 3190 2380 esset
3232 2326 3452 2395 aliquod

226 2425 306 2465 vas
328 2419 378 2464 et
408 2411 860 2480 conceptaculum
889 2424 1059 2480 capax
1081 2410 1376 2476 bonorum,
1437 2407 1585 2479 quod
1622 2422 1840 2479 semper
1878 2409 2193 2465 accessione
2231 2408 2352 2480 ejus
2395 2412 2541 2483 quod
2584 2411 2983 2482 infunderetur,
3032 2417 3209 2487 majus
3277 2419 3453 2477 elliceo

226 2511 371 2558 retur.

218 1229 309 1298 χρὴ
329 1226 471 1290 τάξει
497 1223 603 1276 τινὶ
633 1222 728 1274 καὶ
760 1219 1051 1290 ἀκολουθίᾳ
1086 1218 1227 1271 κατά
1257 1218 1356 1289 τὴν
1390 1214 1642 1287 τεχνικὴν
1671 1212 1766 1267 τοῦ

219 1315 561 1388 καθηγεμόνος
604 1312 796 1381 σοφίαν
828 1314 892 1382 τῇ
925 1310 1045 1382 θείᾳ
1070 1309 1556 1381 προσοικειωθῆναι
1583 1306 1763 1377 φύσει.

220 1407 397 1461 Τούτου
432 1406 540 1475 γὰρ
570 1403 755 1456 ἕνεκεν
778 1405 811 1473 ἡ
836 1400 1028 1473 λογικὴ
1054 1400 1214 1470 φύσις
1238 1396 1399 1470 ἦλθεν
1424 1401 1502 1463 εἰς
1530 1399 1764 1469 γένεσιν,

219 1499 280 1563 ὡς
304 1498 383 1552 τὸν
403 1498 511 1568 (15)
535 1495 763 1549 πλοῦτον
783 1494 893 1547 τῶν
909 1493 1067 1545 θείων
1082 1490 1304 1559 ἀγαθῶν
1329 1490 1404 1563 μὴ
1420 1490 1588 1562 ἀργὸν
1603 1487 1764 1545 εἶναι’

220 1590 316 1642 ἀλλ’
330 1583 433 1642 οἷον
449 1587 648 1655 ἀγγεῖά
672 1602 795 1639 τινα
817 1583 1174 1655 προαιρετικά
1194 1582 1306 1653 (14)
1322 1583 1429 1635 τῶν
1444 1582 1631 1652 ψυχῶν
1653 1581 1765 1652 (15)

284 2592 502 2664 Τοιαύτη
549 2592 657 2665 γὰρ
697 2594 731 2663 ἡ
759 2591 855 2646 τοῦ
902 2591 1047 2646 θείου
1080 2591 1286 2663 ἀγαθοῦ
1321 2590 1600 2663 μετουσία,
1632 2591 1775 2645 ὥστε

228 2684 425 2754 μείζονα
461 2686 561 2739 καὶ
601 2683 989 2756 δεκτικώτερον
1032 2686 1205 2738 ποιεῖν
1243 2684 1334 2737 τὸν
1377 2686 1434 2737 ἐν
1459 2676 1504 2750 ᾧ
1533 2684 1770 2752 γίνεται,

226 2777 281 2829 ἐκ
311 2776 582 2847 δυνάμεως
616 2776 728 2847 (17)
768 2777 860 2829 καὶ
895 2775 1156 2846 μεγέθους
1196 2773 1512 2846 προσθήκην
1537 2774 1780 2844 ἀναλαμ-

227 2868 470 2940 6ανομένη
522 2868 606 2939 τῷ
638 2868 944 2939 δεχομένῳ,
991 2868 1066 2931 ὡς
1123 2866 1188 2920 ἂν
1221 2866 1332 2937 (18)
1381 2864 1637 2931 αὔξεσθαι
1688 2865 1780 2920 τὸν

226 2961 557 3032 τρεφόμενον,
593 2961 684 3014 καὶ
718 2960 792 3031 μὴ
824 2960 1010 3031 λήγειν
1042 2959 1172 3012 ποτὲ
1209 2958 1305 3028 τῆς
1333 2956 1631 3029 αὐξήσεως.
1669 2959 1780 3027 Τῆς

228 3050 320 3121 γὰρ
342 3052 447 3122 (19)
501 3052 692 3123 πηγῆς
728 3051 847 3104 τῶν
877 3050 1095 3119 ἀγαθῶν
1134 3048 1461 3103 ἀνέκλειπτα
1500 3048 1781 3118 πηγαζού-

231 3158 335 3211 σης,
364 3146 395 3215 ἡ
420 3145 514 3199 τοῦ
546 3144 866 3215 μετέχοντος
900 3142 1080 3212 φύσις,
1107 3141 1197 3195 διὰ
1231 3141 1293 3194 τὸ
1321 3142 1486 3213 μηδὲν
1519 3140 1613 3195 τοῦ
1643 3142 1785 3212 λαμ-

231 3231 500 3305 ϐανομένου
546 3234 1016 3306 περιττωματικόν
1050 3250 1112 3286 τε
1152 3232 1262 3303 (20)
1298 3229 1436 3286 εἶναι
1480 3234 1574 3287 καὶ
1612 3233 1785 3303 ἄχρη-

1949 2588 2276 2659 llujusmodi
2317 2592 2463 2647 enim
2508 2600 2590 2650 est
2629 2594 2799 2651 divini
2829 2598 2959 2654 boni
2987 2602 3355 2675 participatio,
3398 2617 3455 2661 ut

1878 2680 2139 2750 majorem
2192 2690 2357 2752 atque
2412 2685 2754 2753 capaciorem
2836 2690 3003 2745 faciat
3053 2709 3177 2747 eum
3240 2697 3292 2749 in
3346 2715 3457 2767 quo

1878 2773 2112 2838 exsistit,
2158 2773 2286 2826 dum
2320 2773 2387 2827 ad
2428 2778 2683 2844 potentiae
2731 2781 3228 2854 magnitudinisque
3278 2786 3457 2845 incre-

1881 2872 2124 2918 mentum
2156 2867 2395 2920 sumitur
2428 2882 2457 2920 a
2486 2870 2801 2940 recipiente,
2840 2882 2900 2927 ut
2931 2889 3149 2946 semper
3172 2891 3383 2935 crescat
3411 2883 3456 2937 is

1882 2953 1974 3023 qui
2006 2953 2194 3020 alitur,
2224 2963 2279 3010 ct
2304 2972 2583 3027 nunquam
2615 2974 2865 3017 crescere
2889 2962 3124 3020 desinat.
3149 2965 3283 3021 Nam
3310 2968 3459 3024 finite

1882 3046 2151 3102 bonorum
2198 3051 2544 3105 continenter
2597 3059 2651 3108 et
2699 3054 3074 3113 indesinenter
3126 3064 3461 3119 scaturientc

1886 3146 2049 3208 atque
2081 3149 2356 3203 manante,
2383 3150 2576 3196 natura
2612 3147 3012 3216 participanlis,
3064 3153 3191 3221 quia
3222 3154 3358 3209 nihil
3393 3172 3459 3211 ex

1887 3245 1954 3285 eo
1993 3232 2138 3301 quod
2190 3234 2446 3300 sumitur,
2499 3247 2972 3295 excrementosum
3022 3251 3074 3299 et
3128 3245 3322 3300 inutile
3355 3257 3461 3311 est,

230 3345 355 3391 στον,
373 3329 487 3383 ὅλον
519 3328 587 3383 τὸ
613 3330 818 3398 εἰσρέον
843 3327 1157 3399 προσθήκην
1187 3326 1281 3379 τοῦ
1307 3327 1434 3380 ἰδίου
1466 3328 1779 3397 ποιουμένου

1891 3320 2018 3374 dum
2050 3321 2314 3390 quidquid
2347 3322 2545 3386 inﬂuit,
2585 3339 2699 3380 sua)
2742 3331 3111 3398 magnitudini
3141 3334 3350 3403 adjicit,
3386 3334 3461 3392 si-

229 3421 325 3491 (21)
355 3423 639 3491 μεγέθους,
678 3421 1041 3492 ἐλκτικωτέρα
1082 3437 1142 3472 τε
1174 3419 1289 3490 ἅμα
1327 3419 1421 3472 τοῦ
1457 3418 1783 3489 κρείττονος,

229 3511 312 3563 καὶ
329 3509 808 3583 πολυχωρητοτέρα
826 3508 1382 3579 γίνεται,ἀμφοτέρων
1400 3507 1647 3577 ἀλλήλοις
1669 3524 1789 3561 συν-

229 3604 574 3668 επιδιδόντων,
594 3602 689 3672 τῆς
722 3618 782 3654 τε
823 3599 1160 3672 τρεφομένης
1194 3599 1475 3666 δυνάμεως
1504 3599 1563 3650 ἐν
1588 3601 1653 3668 τῇ
1673 3598 1788 3669 (22)

229 3694 323 3747 τῶν
352 3695 576 3763 ἀγαθῶν
604 3692 836 3763 ἀφθονίᾳ
857 3692 991 3763 πρὸς
1020 3692 1079 3744 τὸ
1101 3692 1282 3763 μεῖζον
1305 3689 1669 3759 ἐπιδιδούσης,
1694 3689 1787 3742 καὶ

229 3787 314 3856 τῆς
337 3786 643 3859 τρεφούσης
684 3783 967 3855 χορηγίας,
1005 3785 1071 3853 τῇ
1117 3781 1224 3834 τῶν
1260 3780 1639 3851 αὐξανομένων
1671 3776 1786 3851 (23)

230 3878 444 3933 ἐπιδόσει
469 3877 1020 3949 συμπλημμυρούσης
1040 3876 1172 3948 (24).
1211 3877 1395 3928 Ἔστιν
1421 3871 1514 3928 οὖν
1542 3873 1687 3935 εἰκὸς
1710 3873 1791 3935 είς

234 3971 449 4025 τοιοῦτον
467 3968 835 4039 ἀναϐήσεσθαι
864 3966 1109 4037 μέγεθος,
1137 3966 1220 4034 ἐφ’
1244 3965 1301 4018 ὃν
1326 3964 1434 4035 (25)
1469 3963 1593 4034 ὄρος
1618 3963 1792 4024 οὐδεὶς

231 4064 496 4118 ἐπικύπτει
523 4064 639 4133 (26)
663 4061 757 4133 τὴν
790 4060 1039 4131 αὔξησιν.
1074 4055 1208 4112 Εἶτα
1228 4057 1483 4111 τοιούτων
1511 4058 1641 4127 ἡμῖν
1657 4071 1791 4126 προ-

1895 3411 2005 3465 inul
2047 3421 2099 3466 et
2137 3413 2204 3467 ad
2248 3415 2633 3469 attrahendum
2674 3418 2817 3486 quod
2854 3421 3048 3476 melius
3096 3433 3181 3479 est
3210 3428 3386 3493 aptior
3412 3441 3465 3484 et

1893 3503 1960 3556 ad
2005 3504 2059 3558 id
2094 3505 2418 3574 capiendum
2476 3509 2772 3576 spatiosior
2817 3510 2894 3571 ﬁt,
2949 3521 3183 3585 utroque
3230 3518 3462 3575 invicem

1893 3594 2065 3648 altero
2103 3610 2210 3647 una
2239 3610 2364 3649 cum
2404 3597 2577 3652 altero
2607 3614 2906 3667 crescente,
2938 3612 3053 3659 tum
3092 3608 3310 3675 virtute,
3343 3628 3465 3670 (tum

1894 3684 2056 3738 alitur
2092 3693 2312 3754 propter
2339 3688 2552 3756 copiam
2588 3700 2643 3742 et
2687 3691 3076 3750 abundantiam
3111 3676 3376 3757 bonorum
3409 3707 3462 3759 in

1894 3777 2070 3844 majus
2105 3777 2442 3846 proliciente,
2493 3789 2607 3834 tum
2643 3783 2692 3836 vi
2728 3784 3114 3842 alimentorum
3150 3797 3468 3863 suppedita—

1893 3867 2029 3922 trice
2069 3883 2176 3921 una
2203 3883 2326 3922 cum
2356 3870 2694 3927 incremento
2722 3882 2888 3945 atque
2923 3879 3171 3947 profectu
3211 3899 3468 3942 (ξι-ρεςεξτ-

1893 3959 2028 4013 tium
2064 3960 2398 4015 abundante.
2433 3962 2531 4017 Est
2562 3965 2726 4034 igitur
2757 3969 3053 4025 verisimile
3081 3973 3132 4027 in
3166 3990 3283 4029 cam
3337 3992 3465 4033 cva-

1896 4066 2056 4107 suros
2085 4067 2209 4107 esse
2239 4054 2690 4121 magnitudinem,
2746 4058 2799 4111 in
2836 4075 2942 4129 qua
2987 4065 3168 4120 nullus
3200 4070 3468 4123 terminus

230 4156 498 4227 κειμένων,
533 4151 889 4224 χαλεπαίνετε
910 4150 997 4204 διὰ
1030 4150 1129 4221 τῆς
1160 4148 1497 4218 τεταγμένης
1513 4148 1645 4218 ἡμῖν
1668 4143 1779 4198 ὁδοί

1897 4141 2258 4212 interrumpat
2277 4154 2331 4197 et
2359 4146 2621 4214 impediat
2651 4150 3072 4208 incrementum.
3099 4155 3160 4206 Et
3191 4171 3315 4211 cum
3342 4162 3468 4214 talia

230 4247 352 4317 πρὸς
378 4248 468 4300 τὸν
505 4247 639 4300 ἴδιον
674 4243 875 4299 σκοπὸν
929 4240 1224 4314 προϊούσης
1258 4241 1357 4310 τῆς
1392 4238 1641 4308 φύσεως;
1715 4236 1779 4288 ΟιΣ

1898 4233 2060 4288 nobis
2083 4234 2359 4303 proposita
2388 4237 2519 4301 sint,
2556 4237 2937 4308 iudignamini,
2972 4243 3017 4295 si
3038 4260 3135 4311 per
3161 4248 3467 4304 ordinatam

230 4336 326 4408 γὰρ
354 4338 497 4391 ἐστιν
535 4337 711 4399 ἄλλως
751 4334 1004 4387 ἐπέκεινα
1037 4333 1148 4404 (27)
1187 4329 1439 4399 γενέσθαι
1466 4329 1557 4381 τὸν
1595 4327 1779 4398 δρόμοι

1899 4333 2212 4394 certamque
2242 4326 2387 4379 viam
2421 4342 2531 4396 quo
2561 4329 2877 4395 destinavit,
2909 4343 3104 4389 natura
3136 4347 3321 4395 nostra
3354 4360 3475 4412 pro-

230 4404 367 4499 ἡμίν,
397 4430 470 4500 μὴ
500 4426 599 4483 τοῦ
637 4428 927 4500 βαροῦντος
958 4428 1135 4499 ἡμᾶς,
1176 4423 1271 4477 τοῦ
1308 4418 1600 4492 ἐμϐριθοῦς
1651 4417 1779 4485 λέγο

1897 4414 2180 4485 greditur?
2210 4415 2328 4470 Non
2359 4417 2505 4472 enim
2533 4420 2692 4497 aliter
2717 4422 2783 4475 ad
2809 4424 2898 4478 illa
2931 4443 3156 4483 cursum
3197 4404 3368 4489 nobis
3390 4438 3470 4491 in-

230 4519 405 4573 τούτου
436 4521 532 4574 κα)¹
568 4517 801 4587 γεώδους
833 4518 1075 4588 φορτίου,
1108 4516 1205 4585 τῆς
1236 4511 1414 4583 ψυχῆς
1463 4509 1616 4580 ἡμῶν
1659 4509 1779 4561 ἀπο·

1903 4505 2125 4560 tendere
2155 4517 2319 4576 atque
2346 4507 2634 4565 instituere
2661 4512 2811 4576 licet,
2843 4532 3005 4586 quam
3039 4524 3083 4575 si
3118 4522 3169 4575 id
3195 4541 3304 4593 quo
3353 4544 3477 4597 gra-

234 4612 545 4676 σεισθέντος,
582 4612 679 4683 τῆς
705 4628 764 4664 τε
801 4609 937 4682 πρὸς
970 4609 1102 4665 αὐτὸ
1131 4603 1491 4677 συμπαθείας,
1512 4602 1579 4671 ἢν
1607 4601 1664 4654 ἐν
1690 4598 1779 4670 τῷ

1899 4602 2269 4662 ναιηιιν,ιιιοσ
2307 4600 2595 4655 molestum
2645 4602 2864 4674 inquam
2915 4624 2980 4663 ac
3031 4620 3268 4669 tcrreum
3312 4612 3491 4683 onus,

231 4698 279 4752 δε
303 4701 379 4771 τῷ
410 4702 524 4772 (28)
553 4701 652 4772 βίῳ
670 4702 999 4771 ἐσχήκαμεν,
1029 4698 1117 4752 διὰ
1144 4696 1449 4767 κρείττονος
1478 4690 1779 4762 ἐπιμελείας

1902 4689 1972 4743 ab
2002 4690 2184 4744 anima
2231 4701 2419 4749 nostra
2472 4700 2901 4763 excusserimus,
2959 4712 3018 4756 ut
3059 4720 3157 4774 pcr
3197 4710 3475 4766 meliorem

232 4791 659 4864 ἑγκαθαρθέντας
676 4793 812 4864 (29),
856 4796 914 4845 ἐν
938 4791 1015 4861 τῷ
1043 4789 1268 4862 καθαρῷ
1295 4784 1590 4858 δυνηθῆναι
1628 4799 1779 4853 προσ·

1903 4795 2094 4835 curam
2134 4797 2199 4837 ac
2245 4782 2585 4853 diligentiam
2629 4791 2914 4859 expurgati
2960 4800 3124 4862 atque
3173 4799 3374 4865 expiati
3411 4801 3479 4853 ab

232 4884 569 4955 οικειωθῆναι
588 4883 647 4935 τὸ
676 4883 875 4953 ὅμοιον.
906 4882 968 4933 Εἰ
988 4881 1044 4933 δέ
1068 4880 1149 4933 σοί
1175 4896 1258 4942 τις
1277 4878 1373 4932 καὶ
1391 4875 1607 4947 πρὸςοτὸ
1634 4872 1779 4941 σῶμα

1901 4887 1986 4937 ea,
2036 4888 2199 4943 quam
2231 4875 2287 4929 in
2336 4875 2438 4930 hac
2486 4875 2599 4931 vita
2637 4893 2763 4933 cum
2811 4881 2906 4935 illo
2948 4897 3114 4939 onere
3161 4885 3475 4947 habuimus.

246 4971 376 5027 τῡῦτο
393 4975 578 5045 σχέσις
595 4973 732 5037 ἐστὶ,
751 4972 844 5026 καὶ
862 4971 1022 5025 λυπεῖ
1048 4988 1106 5024 σε
1127 4971 1161 5041 ἡ
1186 4967 1278 5023 τοῦ
1301 4970 1490 5039 ηγαπη
1497 4965 1656 5037 μένου
1683 4961 1779 5035 (5οί

1906 4963 2307 5031 convenientia,
2329 4965 2719 5034 conjunctione
2739 4976 2904 5038 atque
2924 4985 3196 5028 consensu
3223 4988 3320 5042 per
3339 4978 3483 5044 puri-

303 5127 406 5201 (11)
446 5130 801 5199 Συμϐολαῖς.
840 5133 884 5182 Α
918 5128 1241 5200 συμφοραῖς.
1267 5125 1310 5178 Β
1353 5123 1490 5193 πρὸς
1530 5120 1630 5183 τὰς
1662 5134 1796 5189 συμ·
2126 5120 2612 5201 ῌριουιέένρυλΑμ,
2701 5125 3017 5201 ποιουμένη,

242 5189 422 5267 me.
530 5189 549 5199 -
759 5189 774 5197 ’
1203 5189 1213 5191 τ
1402 5189 1413 5193 -
1976 5189 2088 5267 (ea,
2408 5192 2472 5267 4.
2505 5192 2548 5243 Β
2587 5192 2801 5267 mea

300 5261 408 5341 (12)
448 5270 831 5341 Πραγμάτων.
854 5270 987 5341 Α,Β
1006 5267 1114 5321 τῶν
1126 5280 1344 5341 πραγμ.
2130 5261 2661 5341 ᾼ-ὑξαφίομένων..Λ
2700 5261 3030 5341 αὐξομένων.

302 5329 410 5409 (15)
463 5329 558 5404 Ὠς
582 5329 706 5395 :r'dr.
737 5342 803 5403 A,
830 5340 872 5391 Β
902 5329 1043 5394 ὥστε
1076 5329 1189 5391 τόνξ
1260 5329 1302 5334 ”
1490 5384 1493 5389 τ
1978 5329 2091 5467 (2ί)
2131 5329 2848 5399 Συμσιελνιυιμιιοούσης.Β.⁷
2881 5333 3444 5410 συμπλημμερούσης.

302 5406 412 5467 (Nl
452 5410 854 5467 Προαιοετικά.
886 5412 951 5467 A.
978 5410 1022 5461 Β
1046 5411 1140 5462 καὶ
1162 5420 1383 5467 προαιρ.
1998 5399 2091 5467 25)
2145 5401 2261 5467 Ἐφ’
2296 5400 2386 5454 ὄν.
2413 5403 2536 5463 Λ,Β
2558 5399 2755 5467 ἐφ’ὧν.

452 5399 854 5480 Πρὸαιρετικᾶ.
886 5412 951 5476 Α,
978 5410 1025 5480 Β
1046 5411 1140 5462 καὶ
1162 5420 1383 5476 προαιρ.
1687 5478 1695 5480 _
2145 5401 2261 5480 Ἐφ’
2296 5400 2386 5480 ὄις.
2413 5403 2478 5463 Λ,
2495 5403 2536 5454 Β
2535 5404 2644 5480 ἐφ’
2660 5399 2755 5459 ὧν.

300 5471 411 5549 (15)
456 5471 580 5532 Τῶν
703 5482 745 5533 Β
776 5481 843 5533 τὰ
872 5471 979 5533 τῶν
999 5478 1060 5548 ψ.
1273 5543 1289 5549 Α
1331 5471 1341 5474 ⁷
1677 5478 1698 5500 ”
1984 5471 2097 5549 (ᾔ)
2149 5471 2945 5549 ξξπικόπτεικΒ-ἐπισκύπτει.

301 5541 413 5617 (16)
455 5541 872 5617 Κατεὶγχάσθη.
909 5541 1379 5602 Κατεσκευάσθω.
1985 5541 2098 5617 (21)
2142 5541 2547 5617 ξεῖπξκειῖαὲΑ
2577 5546 2664 5617 ἐπ’
2699 5546 2900 5617 ἐκεῖνα.

328 5611 415 5690 1:7)
454 5619 549 5690 Ἐκ
575 5619 790 5690 δυνάμ.
820 5611 940 5684 Ᾱ,Β
969 5620 1045 5682 εἰς
1076 5618 1271 5686 δυνάμ.
2247 5613 2315 5667 δὲ
2337 5611 2509 5690 ῖῷ·
2541 5613 2618 5684 τῷ
2640 5614 2789 5690 τῇδεο

334 5682 415 5757 !8)
449 5688 579 5744 Ἂν.
610 5690 653 5741 Β
681 5682 787 5744 aa.
873 5682 879 5684 -
1052 5756 1059 5757 7
1215 5682 1228 5686 τ
1985 5684 2094 5757 (39)
2148 5682 2765 5757 ῘΕγκαθαρᾷέντὰς-ζᾉ,
2789 5684 2831 5736 Β
2852 5684 3328 5757 ἐκκαθαρθέντας.
3388 5740 3393 5753 ³

305 5752 418 5828 (Et?)
462 5756 574 5827 Ίῆς
603 5759 737 5828 γάρ.
768 5761 811 5811 Β
846 5757 963 5821 πῶς
996 5756 1121 5828 γάρ.
1601 5823 1611 5828 _
1918 5823 1948 5828 _
1987 5755 2098 5828 (50)
2151 5752 2588 5828 Ἠγιιπημένου.
2615 5758 2653 5828 ᾼ
2706 5756 2761 5811 in
2791 5758 3035 5827 margine
3065 5752 3485 5827 ἀγαπωμένονς.

309 5822 418 5897 (20)
459 5822 958 5898 Πέῥιὲτὼματικόν
985 5822 1134 5880 τε.’Β
1179 5823 1729 5896 περιττωματικόντι.

1915 5823 1958 5878 Β
1989 5826 2043 5879 in
2089 5832 2240 5877 textu
2275 5822 2464 5879 eodem
2510 5825 2691 5880 modo.

520 5922 790 5982 PATROL.
825 5921 941 5981 Gn.
982 5921 1178 5980 XLVI
3112 5914 3150 5974 [ι
