  <div class='ocr_page' id='page_1' title='image "/cluster/home/n/w/nwhite01/storage/ocr_20150623/46:no.3/coo.31924054869668/062.png"; bbox 0 0 3992 6456; ppageno 0'>
   <div class='ocr_carea' id='block_1_1' title="bbox 306 388 407 448">
    <p class='ocr_par' dir='ltr' id='par_1_1' title="bbox 306 388 407 448">
     <span class='ocr_line' id='line_1_1' title="bbox 306 388 407 448; baseline 0.01 -1"><span class='ocrx_word' id='word_1_1' title='bbox 306 388 407 448; x_wconf 72' lang='grc'>169</span> 
     </span>
    </p>
   </div>
   <div class='ocr_carea' id='block_1_2' title="bbox 1310 370 2426 439">
    <p class='ocr_par' dir='ltr' id='par_1_2' title="bbox 1310 370 2426 439">
     <span class='ocr_line' id='line_1_2' title="bbox 1310 370 2426 439; baseline -0.009 0"><span class='ocrx_word' id='word_1_2' title='bbox 1310 384 1400 439; x_wconf 85' lang='lat' dir='ltr'><strong>DE</strong></span> <span class='ocrx_word' id='word_1_3' title='bbox 1437 381 1656 439; x_wconf 78' lang='lat' dir='ltr'><strong>ANIMA</strong></span> <span class='ocrx_word' id='word_1_4' title='bbox 1685 380 1773 435; x_wconf 83' lang='lat' dir='ltr'><strong>ET</strong></span> <span class='ocrx_word' id='word_1_5' title='bbox 1813 370 2426 433; x_wconf 76' lang='lat' dir='ltr'><strong>RESURRECTIONE.</strong></span> 
     </span>
    </p>
   </div>
   <div class='ocr_carea' id='block_1_3' title="bbox 3482 365 3585 420">
    <p class='ocr_par' dir='ltr' id='par_1_3' title="bbox 3482 365 3585 420">
     <span class='ocr_line' id='line_1_3' title="bbox 3482 365 3585 420; baseline 0 0"><span class='ocrx_word' id='word_1_6' title='bbox 3482 365 3585 420; x_wconf 76' lang='grc'><strong>110</strong></span> 
     </span>
    </p>
   </div>
   <div class='ocr_carea' id='block_1_4' title="bbox 314 479 1898 573">
    <p class='ocr_par' dir='ltr' id='par_1_4' title="bbox 314 496 1898 573">
     <span class='ocr_line' id='line_1_4' title="bbox 314 496 1898 573; baseline -0.003 -17"><span class='ocrx_word' id='word_1_7' title='bbox 314 501 402 557; x_wconf 76' lang='grc' dir='ltr'>θεν</span> <span class='ocrx_word' id='word_1_8' title='bbox 423 497 487 554; x_wconf 85' lang='grc' dir='ltr'><strong>τδ</strong></span> <span class='ocrx_word' id='word_1_9' title='bbox 512 496 637 556; x_wconf 78' lang='grc' dir='ltr'>ἷσον</span> <span class='ocrx_word' id='word_1_10' title='bbox 656 501 834 556; x_wconf 73' lang='grc' dir='ltr'>δοκεῖ.</span> <span class='ocrx_word' id='word_1_11' title='bbox 863 500 937 554; x_wconf 80' lang='grc' dir='ltr'><strong>Οὐ</strong></span> <span class='ocrx_word' id='word_1_12' title='bbox 953 498 1063 571; x_wconf 85' lang='grc' dir='ltr'><strong>γὰρ</strong></span> <span class='ocrx_word' id='word_1_13' title='bbox 1081 499 1196 571; x_wconf 75' lang='grc'>(52)</span> <span class='ocrx_word' id='word_1_14' title='bbox 1214 499 1382 573; x_wconf 79' lang='grc' dir='ltr'>ἄλλην</span> <span class='ocrx_word' id='word_1_15' title='bbox 1398 499 1521 555; x_wconf 81' lang='grc' dir='ltr'>τινὰ</span> <span class='ocrx_word' id='word_1_16' title='bbox 1542 498 1636 554; x_wconf 79' lang='grc' dir='ltr'><strong>τοῦ</strong></span> <span class='ocrx_word' id='word_1_17' title='bbox 1653 499 1898 570; x_wconf 84' lang='grc' dir='ltr'>σώματος</span> 
     </span>
    </p>
   </div>
   <div class='ocr_carea' id='block_1_5' title="bbox 2005 479 3581 573">
    <p class='ocr_par' dir='ltr' id='par_1_5' title="bbox 2005 479 3581 555">
     <span class='ocr_line' id='line_1_5' title="bbox 2005 479 3581 555; baseline -0.006 -7"><span class='ocrx_word' id='word_1_18' title='bbox 2005 508 2130 548; x_wconf 87' lang='lat' dir='ltr'><strong>cum</strong></span> <span class='ocrx_word' id='word_1_19' title='bbox 2166 490 2419 547; x_wconf 74' lang='lat' dir='ltr'><strong>doctrina</strong></span> <span class='ocrx_word' id='word_1_20' title='bbox 2482 486 2926 543; x_wconf 89' lang='lat' dir='ltr'><strong>resurrectionis.</strong></span> <span class='ocrx_word' id='word_1_21' title='bbox 2975 484 3113 540; x_wconf 83' lang='lat' dir='ltr'><strong>Nam</strong></span> <span class='ocrx_word' id='word_1_22' title='bbox 3180 482 3326 555; x_wconf 87' lang='lat' dir='ltr'><strong>quod</strong></span> <span class='ocrx_word' id='word_1_23' title='bbox 3343 479 3538 537; x_wconf 89' lang='lat' dir='ltr'><strong>dicunt</strong></span> <span class='ocrx_word' id='word_1_24' title='bbox 3566 516 3581 539; x_wconf 79' lang='lat'><strong>.</strong></span> 
     </span>
    </p>
   </div>
   <div class='ocr_carea' id='block_1_6' title="bbox 316 589 1899 664">
    <p class='ocr_par' dir='ltr' id='par_1_6' title="bbox 316 589 1899 664">
     <span class='ocr_line' id='line_1_6' title="bbox 316 589 1899 664; baseline -0.004 -16"><span class='ocrx_word' id='word_1_25' title='bbox 316 592 622 664; x_wconf 69' lang='grc' dir='ltr'><strong>ἐπινοήσεις</strong></span> <span class='ocrx_word' id='word_1_26' title='bbox 643 589 767 662; x_wconf 87' lang='grc'>(55)</span> <span class='ocrx_word' id='word_1_27' title='bbox 793 591 955 662; x_wconf 88' lang='grc' dir='ltr'>φύσιν</span> <span class='ocrx_word' id='word_1_28' title='bbox 983 590 1088 656; x_wconf 78' lang='grc' dir='ltr'><strong>ἔξω</strong></span> <span class='ocrx_word' id='word_1_29' title='bbox 1107 591 1207 662; x_wconf 86' lang='grc' dir='ltr'>τῆς</span> <span class='ocrx_word' id='word_1_30' title='bbox 1228 590 1436 662; x_wconf 83' lang='grc' dir='ltr'><strong>δρομῆς</strong></span> <span class='ocrx_word' id='word_1_31' title='bbox 1465 589 1579 662; x_wconf 75' lang='grc'>(54)</span> <span class='ocrx_word' id='word_1_32' title='bbox 1615 589 1725 644; x_wconf 88' lang='grc' dir='ltr'><strong>τῶν</strong></span> <span class='ocrx_word' id='word_1_33' title='bbox 1756 606 1899 643; x_wconf 88' lang='grc' dir='ltr'>στοι-</span> 
     </span>
    </p>
   </div>
   <div class='ocr_carea' id='block_1_7' title="bbox 318 679 1902 757">
    <p class='ocr_par' dir='ltr' id='par_1_7' title="bbox 318 679 1902 757">
     <span class='ocr_line' id='line_1_7' title="bbox 318 679 1902 757; baseline -0.003 -19"><span class='ocrx_word' id='word_1_34' title='bbox 318 684 493 757; x_wconf 88' lang='grc' dir='ltr'>χείων.</span> <span class='ocrx_word' id='word_1_35' title='bbox 529 684 795 755; x_wconf 80' lang='grc' dir='ltr'><strong>Διαφέρει</strong></span> <span class='ocrx_word' id='word_1_36' title='bbox 826 683 885 737; x_wconf 79' lang='grc' dir='ltr'>δὲ</span> <span class='ocrx_word' id='word_1_37' title='bbox 909 681 1180 750; x_wconf 77' lang='grc' dir='ltr'>τοσοῦτον,</span> <span class='ocrx_word' id='word_1_38' title='bbox 1205 683 1331 736; x_wconf 76' lang='grc' dir='ltr'>ὅσον</span> <span class='ocrx_word' id='word_1_39' title='bbox 1360 683 1487 753; x_wconf 85' lang='grc' dir='ltr'>παρ’</span> <span class='ocrx_word' id='word_1_40' title='bbox 1527 680 1683 752; x_wconf 76' lang='grc' dir='ltr'>ἡμῶν</span> <span class='ocrx_word' id='word_1_41' title='bbox 1718 679 1817 751; x_wconf 82' lang='grc' dir='ltr'>μὲν</span> <span class='ocrx_word' id='word_1_42' title='bbox 1840 681 1902 734; x_wconf 85' lang='grc' dir='ltr'>τὸ</span> 
     </span>
    </p>
   </div>
   <div class='ocr_carea' id='block_1_8' title="bbox 321 771 1901 845">
    <p class='ocr_par' dir='ltr' id='par_1_8' title="bbox 321 771 1901 845">
     <span class='ocr_line' id='line_1_8' title="bbox 321 771 1901 845; baseline -0.004 -14"><span class='ocrx_word' id='word_1_43' title='bbox 321 776 448 831; x_wconf 80' lang='grc' dir='ltr'>αὐτὸ</span> <span class='ocrx_word' id='word_1_44' title='bbox 462 774 719 843; x_wconf 81' lang='grc' dir='ltr'>λέγεσθαι</span> <span class='ocrx_word' id='word_1_45' title='bbox 736 774 899 829; x_wconf 78' lang='grc' dir='ltr'>πάλιν</span> <span class='ocrx_word' id='word_1_46' title='bbox 914 774 1042 845; x_wconf 81' lang='grc' dir='ltr'>περὶ</span> <span class='ocrx_word' id='word_1_47' title='bbox 1052 773 1149 845; x_wconf 80' lang='grc' dir='ltr'>τὴν</span> <span class='ocrx_word' id='word_1_48' title='bbox 1160 773 1336 845; x_wconf 73' lang='grc' dir='ltr'>ψυχὴν</span> <span class='ocrx_word' id='word_1_49' title='bbox 1350 772 1462 844; x_wconf 79' lang='grc'>(55)</span> <span class='ocrx_word' id='word_1_50' title='bbox 1478 788 1541 827; x_wconf 89' lang='grc' dir='ltr'><strong>συ</strong></span> <span class='ocrx_word' id='word_1_51' title='bbox 1549 771 1901 845; x_wconf 80' lang='grc' dir='ltr'>μπήγνυσθαι</span> 
     </span>
    </p>
   </div>
   <div class='ocr_carea' id='block_1_9' title="bbox 321 861 1902 939">
    <p class='ocr_par' dir='ltr' id='par_1_9' title="bbox 321 861 1902 939">
     <span class='ocr_line' id='line_1_9' title="bbox 321 861 1902 939; baseline -0.003 -18"><span class='ocrx_word' id='word_1_52' title='bbox 321 869 501 939; x_wconf 84' lang='grc' dir='ltr'>σῶμα,</span> <span class='ocrx_word' id='word_1_53' title='bbox 525 867 591 920; x_wconf 82' lang='grc' dir='ltr'><strong>ὲκ</strong></span> <span class='ocrx_word' id='word_1_54' title='bbox 603 866 714 920; x_wconf 82' lang='grc' dir='ltr'><strong>τῶν</strong></span> <span class='ocrx_word' id='word_1_55' title='bbox 733 865 913 920; x_wconf 81' lang='grc' dir='ltr'>αὐτῶν</span> <span class='ocrx_word' id='word_1_56' title='bbox 935 865 1213 937; x_wconf 76' lang='grc' dir='ltr'><strong>στοιχείων</strong></span> <span class='ocrx_word' id='word_1_57' title='bbox 1239 862 1709 936; x_wconf 82' lang='grc' dir='ltr'>συναρμοζόμενον</span> <span class='ocrx_word' id='word_1_58' title='bbox 1724 879 1737 894; x_wconf 88' lang='grc'><strong>·</strong></span> <span class='ocrx_word' id='word_1_59' title='bbox 1762 861 1902 916; x_wconf 83' lang='grc' dir='ltr'>ὲκεί-</span> 
     </span>
    </p>
   </div>
   <div class='ocr_carea' id='block_1_10' title="bbox 318 950 1901 1026">
    <p class='ocr_par' dir='ltr' id='par_1_10' title="bbox 318 950 1901 1026">
     <span class='ocr_line' id='line_1_10' title="bbox 318 950 1901 1026; baseline -0.006 -14"><span class='ocrx_word' id='word_1_60' title='bbox 318 974 442 1022; x_wconf 88' lang='grc' dir='ltr'>νους</span> <span class='ocrx_word' id='word_1_61' title='bbox 466 956 524 1009; x_wconf 78' lang='grc' dir='ltr'>δὲ</span> <span class='ocrx_word' id='word_1_62' title='bbox 553 954 764 1009; x_wconf 70' lang='grc' dir='ltr'>οἴεσθαι</span> <span class='ocrx_word' id='word_1_63' title='bbox 788 954 925 1026; x_wconf 79' lang='grc' dir='ltr'>πρὸς</span> <span class='ocrx_word' id='word_1_64' title='bbox 938 954 1071 1008; x_wconf 74' lang='grc' dir='ltr'>ἄλλα</span> <span class='ocrx_word' id='word_1_65' title='bbox 1094 952 1216 1007; x_wconf 85' lang='grc' dir='ltr'>τινὰ</span> <span class='ocrx_word' id='word_1_66' title='bbox 1244 951 1472 1024; x_wconf 85' lang='grc' dir='ltr'>σώματα</span> <span class='ocrx_word' id='word_1_67' title='bbox 1496 950 1692 1021; x_wconf 83' lang='grc' dir='ltr'>λογικά</span> <span class='ocrx_word' id='word_1_68' title='bbox 1718 968 1780 1004; x_wconf 84' lang='grc' dir='ltr'><strong>τε</strong></span> <span class='ocrx_word' id='word_1_69' title='bbox 1806 950 1901 1004; x_wconf 76' lang='grc' dir='ltr'><strong>καὶ</strong></span> 
     </span>
    </p>
   </div>
   <div class='ocr_carea' id='block_1_11' title="bbox 318 1042 1897 1117">
    <p class='ocr_par' dir='ltr' id='par_1_11' title="bbox 318 1042 1897 1117">
     <span class='ocr_line' id='line_1_11' title="bbox 318 1042 1897 1117; baseline -0.003 -15"><span class='ocrx_word' id='word_1_70' title='bbox 318 1048 515 1117; x_wconf 79' lang='grc' dir='ltr'>ἄλογα,</span> <span class='ocrx_word' id='word_1_71' title='bbox 558 1048 656 1102; x_wconf 78' lang='grc' dir='ltr'><strong>καὶ</strong></span> <span class='ocrx_word' id='word_1_72' title='bbox 686 1045 991 1115; x_wconf 81' lang='grc' dir='ltr'><strong>ἀναίσθητα</strong></span> <span class='ocrx_word' id='word_1_73' title='bbox 1011 1045 1111 1117; x_wconf 78' lang='grc' dir='ltr'>τὴν</span> <span class='ocrx_word' id='word_1_74' title='bbox 1136 1045 1315 1117; x_wconf 81' lang='grc' dir='ltr'>ψυχὴν</span> <span class='ocrx_word' id='word_1_75' title='bbox 1346 1042 1711 1099; x_wconf 77' lang='grc' dir='ltr'>καταπίπτειν</span> <span class='ocrx_word' id='word_1_76' title='bbox 1739 1043 1851 1115; x_wconf 81' lang='grc'>(56)</span> <span class='ocrx_word' id='word_1_77' title='bbox 1879 1058 1897 1076; x_wconf 85' lang='grc'><strong>·</strong></span> 
     </span>
    </p>
   </div>
   <div class='ocr_carea' id='block_1_12' title="bbox 318 1132 1899 1210">
    <p class='ocr_par' dir='ltr' id='par_1_12' title="bbox 318 1132 1899 1210">
     <span class='ocr_line' id='line_1_12' title="bbox 318 1132 1899 1210; baseline -0.004 -17"><span class='ocrx_word' id='word_1_78' title='bbox 318 1133 401 1205; x_wconf 71' lang='grc' dir='ltr'>οἷς</span> <span class='ocrx_word' id='word_1_79' title='bbox 425 1139 488 1193; x_wconf 79' lang='grc' dir='ltr'>τὸ</span> <span class='ocrx_word' id='word_1_80' title='bbox 535 1139 635 1210; x_wconf 82' lang='grc' dir='ltr'>μὲν</span> <span class='ocrx_word' id='word_1_81' title='bbox 662 1140 727 1192; x_wconf 81' lang='grc' dir='ltr'><strong>ὲκ</strong></span> <span class='ocrx_word' id='word_1_82' title='bbox 763 1137 871 1190; x_wconf 83' lang='grc' dir='ltr'><strong>τῶν</strong></span> <span class='ocrx_word' id='word_1_83' title='bbox 905 1134 1001 1190; x_wconf 82' lang='grc' dir='ltr'>τοῦ</span> <span class='ocrx_word' id='word_1_84' title='bbox 1035 1136 1241 1207; x_wconf 85' lang='grc' dir='ltr'><strong>κόσμου</strong></span> <span class='ocrx_word' id='word_1_85' title='bbox 1288 1135 1469 1207; x_wconf 81' lang='grc' dir='ltr'>μερῶν</span> <span class='ocrx_word' id='word_1_86' title='bbox 1510 1132 1646 1190; x_wconf 84' lang='grc' dir='ltr'>εἶναι</span> <span class='ocrx_word' id='word_1_87' title='bbox 1671 1135 1772 1206; x_wconf 85' lang='grc' dir='ltr'>τὴν</span> <span class='ocrx_word' id='word_1_88' title='bbox 1802 1134 1899 1188; x_wconf 89' lang='grc' dir='ltr'>σύ-</span> 
     </span>
    </p>
   </div>
   <div class='ocr_carea' id='block_1_13' title="bbox 319 1225 1900 1301">
    <p class='ocr_par' dir='ltr' id='par_1_13' title="bbox 319 1225 1900 1301">
     <span class='ocr_line' id='line_1_13' title="bbox 319 1225 1900 1301; baseline -0.003 -16"><span class='ocrx_word' id='word_1_89' title='bbox 319 1247 512 1285; x_wconf 85' lang='grc' dir='ltr'>στασιν</span> <span class='ocrx_word' id='word_1_90' title='bbox 536 1230 900 1301; x_wconf 74' lang='grc' dir='ltr'><strong>ὁμολογεῖται,</strong></span> <span class='ocrx_word' id='word_1_91' title='bbox 919 1229 1180 1297; x_wconf 75' lang='grc' dir='ltr'>διαφωνεῖ</span> <span class='ocrx_word' id='word_1_92' title='bbox 1205 1227 1263 1281; x_wconf 83' lang='grc' dir='ltr'>δὲ</span> <span class='ocrx_word' id='word_1_93' title='bbox 1294 1227 1356 1281; x_wconf 76' lang='grc' dir='ltr'>τὸ</span> <span class='ocrx_word' id='word_1_94' title='bbox 1386 1228 1462 1298; x_wconf 79' lang='grc' dir='ltr'><strong>μὴ</strong></span> <span class='ocrx_word' id='word_1_95' title='bbox 1492 1228 1556 1281; x_wconf 78' lang='grc' dir='ltr'><strong>ὲκ</strong></span> <span class='ocrx_word' id='word_1_96' title='bbox 1590 1227 1700 1281; x_wconf 84' lang='grc' dir='ltr'><strong>τῶν</strong></span> <span class='ocrx_word' id='word_1_97' title='bbox 1720 1225 1900 1281; x_wconf 85' lang='grc' dir='ltr'>αὐτῶν</span> 
     </span>
    </p>
   </div>
   <div class='ocr_carea' id='block_1_14' title="bbox 315 1314 1897 1390">
    <p class='ocr_par' dir='ltr' id='par_1_14' title="bbox 315 1314 1897 1390">
     <span class='ocr_line' id='line_1_14' title="bbox 315 1314 1897 1390; baseline -0.006 -14"><span class='ocrx_word' id='word_1_98' title='bbox 315 1321 528 1376; x_wconf 74' lang='grc' dir='ltr'>οἴεσθαι</span> <span class='ocrx_word' id='word_1_99' title='bbox 547 1320 655 1373; x_wconf 85' lang='grc' dir='ltr'><strong>τῶν</strong></span> <span class='ocrx_word' id='word_1_100' title='bbox 679 1318 800 1374; x_wconf 84' lang='grc' dir='ltr'>κατ’</span> <span class='ocrx_word' id='word_1_101' title='bbox 824 1319 998 1390; x_wconf 82' lang='grc' dir='ltr'>ἀρχὰς</span> <span class='ocrx_word' id='word_1_102' title='bbox 1023 1316 1141 1390; x_wconf 86' lang='grc'>(57)</span> <span class='ocrx_word' id='word_1_103' title='bbox 1172 1318 1228 1371; x_wconf 81' lang='grc' dir='ltr'>ὲν</span> <span class='ocrx_word' id='word_1_104' title='bbox 1248 1320 1316 1389; x_wconf 83' lang='grc' dir='ltr'>τῇ</span> <span class='ocrx_word' id='word_1_105' title='bbox 1340 1317 1428 1371; x_wconf 81' lang='grc' dir='ltr'>διὰ</span> <span class='ocrx_word' id='word_1_106' title='bbox 1460 1314 1661 1388; x_wconf 83' lang='grc' dir='ltr'>σαρκὸς</span> <span class='ocrx_word' id='word_1_107' title='bbox 1691 1316 1803 1387; x_wconf 73' lang='grc' dir='ltr'>ζωῇ</span> <span class='ocrx_word' id='word_1_108' title='bbox 1830 1317 1897 1386; x_wconf 79' lang='grc' dir='ltr'>τῇ</span> 
     </span>
    </p>
   </div>
   <div class='ocr_carea' id='block_1_15' title="bbox 314 1406 1900 1482">
    <p class='ocr_par' dir='ltr' id='par_1_15' title="bbox 314 1406 1900 1482">
     <span class='ocr_line' id='line_1_15' title="bbox 314 1406 1900 1482; baseline -0.002 -18"><span class='ocrx_word' id='word_1_109' title='bbox 314 1411 464 1482; x_wconf 78' lang='grc' dir='ltr'>ψυχῇ</span> <span class='ocrx_word' id='word_1_110' title='bbox 496 1409 902 1482; x_wconf 79' lang='grc' dir='ltr'>προσφυέντων.</span> <span class='ocrx_word' id='word_1_111' title='bbox 933 1408 1145 1464; x_wconf 80' lang='grc' dir='ltr'>Οὐκοῦν</span> <span class='ocrx_word' id='word_1_112' title='bbox 1172 1408 1235 1462; x_wconf 88' lang='grc' dir='ltr'>τὸ</span> <span class='ocrx_word' id='word_1_113' title='bbox 1266 1407 1365 1478; x_wconf 81' lang='grc' dir='ltr'>μὲν</span> <span class='ocrx_word' id='word_1_114' title='bbox 1398 1406 1472 1479; x_wconf 85' lang='grc' dir='ltr'>μὴ</span> <span class='ocrx_word' id='word_1_115' title='bbox 1501 1407 1608 1472; x_wconf 76' lang='grc' dir='ltr'><strong>ἔξω</strong></span> <span class='ocrx_word' id='word_1_116' title='bbox 1636 1407 1732 1461; x_wconf 82' lang='grc' dir='ltr'><strong>τοῦ</strong></span> <span class='ocrx_word' id='word_1_117' title='bbox 1758 1407 1900 1461; x_wconf 79' lang='grc' dir='ltr'>εἰκό-</span> 
     </span>
    </p>
   </div>
   <div class='ocr_carea' id='block_1_16' title="bbox 316 1497 1899 1571">
    <p class='ocr_par' dir='ltr' id='par_1_16' title="bbox 316 1497 1899 1571">
     <span class='ocr_line' id='line_1_16' title="bbox 316 1497 1899 1571; baseline -0.003 -14"><span class='ocrx_word' id='word_1_118' title='bbox 316 1520 408 1566; x_wconf 83' lang='grc' dir='ltr'><strong>τος</strong></span> <span class='ocrx_word' id='word_1_119' title='bbox 432 1499 575 1556; x_wconf 78' lang='grc' dir='ltr'>εἶναι</span> <span class='ocrx_word' id='word_1_120' title='bbox 610 1501 672 1555; x_wconf 81' lang='grc' dir='ltr'>τὸ</span> <span class='ocrx_word' id='word_1_121' title='bbox 695 1500 855 1555; x_wconf 72' lang='grc' dir='ltr'>πάλιν</span> <span class='ocrx_word' id='word_1_122' title='bbox 900 1500 1002 1571; x_wconf 81' lang='grc' dir='ltr'>τὴν</span> <span class='ocrx_word' id='word_1_123' title='bbox 1029 1499 1206 1571; x_wconf 72' lang='grc' dir='ltr'>ψυχὴν</span> <span class='ocrx_word' id='word_1_124' title='bbox 1256 1501 1315 1553; x_wconf 84' lang='grc' dir='ltr'>ὲν</span> <span class='ocrx_word' id='word_1_125' title='bbox 1362 1499 1576 1569; x_wconf 83' lang='grc' dir='ltr'>σώματι</span> <span class='ocrx_word' id='word_1_126' title='bbox 1609 1497 1720 1569; x_wconf 85' lang='grc'>(58)</span> <span class='ocrx_word' id='word_1_127' title='bbox 1748 1498 1899 1568; x_wconf 82' lang='grc' dir='ltr'>γενέ-</span> 
     </span>
    </p>
   </div>
   <div class='ocr_carea' id='block_1_17' title="bbox 318 1589 1899 1664">
    <p class='ocr_par' dir='ltr' id='par_1_17' title="bbox 318 1589 1899 1664">
     <span class='ocr_line' id='line_1_17' title="bbox 318 1589 1899 1664; baseline -0.001 -17"><span class='ocrx_word' id='word_1_128' title='bbox 318 1594 464 1657; x_wconf 83' lang='grc' dir='ltr'>σθαι,</span> <span class='ocrx_word' id='word_1_129' title='bbox 497 1590 649 1664; x_wconf 75' lang='grc' dir='ltr'>παρὰ</span> <span class='ocrx_word' id='word_1_130' title='bbox 685 1593 784 1664; x_wconf 83' lang='grc' dir='ltr'>τῆς</span> <span class='ocrx_word' id='word_1_131' title='bbox 811 1591 917 1657; x_wconf 76' lang='grc' dir='ltr'><strong>ἔξω</strong></span> <span class='ocrx_word' id='word_1_132' title='bbox 960 1589 1280 1662; x_wconf 76' lang='grc' dir='ltr'>φιλοσοφίας</span> <span class='ocrx_word' id='word_1_133' title='bbox 1311 1589 1789 1663; x_wconf 77' lang='grc' dir='ltr'>μεμαρτυρῆσθω·</span> <span class='ocrx_word' id='word_1_134' title='bbox 1836 1591 1899 1645; x_wconf 83' lang='grc' dir='ltr'>τὸ</span> 
     </span>
    </p>
   </div>
   <div class='ocr_carea' id='block_1_18' title="bbox 314 1678 1897 1753">
    <p class='ocr_par' dir='ltr' id='par_1_18' title="bbox 314 1678 1897 1753">
     <span class='ocr_line' id='line_1_18' title="bbox 314 1678 1897 1753; baseline -0.003 -15"><span class='ocrx_word' id='word_1_135' title='bbox 314 1684 371 1738; x_wconf 85' lang='grc' dir='ltr'>δὲ</span> <span class='ocrx_word' id='word_1_136' title='bbox 398 1682 699 1738; x_wconf 84' lang='grc' dir='ltr'>ἀσύστατον</span> <span class='ocrx_word' id='word_1_137' title='bbox 731 1682 826 1736; x_wconf 82' lang='grc' dir='ltr'>τοῦ</span> <span class='ocrx_word' id='word_1_138' title='bbox 880 1678 1103 1736; x_wconf 77' lang='grc' dir='ltr'>ἐκείνων</span> <span class='ocrx_word' id='word_1_139' title='bbox 1145 1681 1413 1752; x_wconf 84' lang='grc' dir='ltr'>δόγματος</span> <span class='ocrx_word' id='word_1_140' title='bbox 1451 1680 1567 1751; x_wconf 84' lang='grc'>(59)</span> <span class='ocrx_word' id='word_1_141' title='bbox 1612 1679 1803 1753; x_wconf 80' lang='grc' dir='ltr'>καιρὸς</span> <span class='ocrx_word' id='word_1_142' title='bbox 1831 1680 1897 1734; x_wconf 83' lang='grc' dir='ltr'>ἂν</span> 
     </span>
    </p>
   </div>
   <div class='ocr_carea' id='block_1_19' title="bbox 313 1766 1898 1848">
    <p class='ocr_par' dir='ltr' id='par_1_19' title="bbox 313 1766 1898 1848">
     <span class='ocr_line' id='line_1_19' title="bbox 313 1766 1898 1848; baseline -0.002 -20"><span class='ocrx_word' id='word_1_143' title='bbox 313 1777 401 1848; x_wconf 77' lang='grc' dir='ltr'>εἴη</span> <span class='ocrx_word' id='word_1_144' title='bbox 434 1766 922 1846; x_wconf 76' lang='grc' dir='ltr'>διασκορπίσασϐαι</span> <span class='ocrx_word' id='word_1_145' title='bbox 958 1773 1096 1846; x_wconf 86' lang='grc'>(60),</span> <span class='ocrx_word' id='word_1_146' title='bbox 1136 1775 1232 1827; x_wconf 78' lang='grc' dir='ltr'><strong>καὶ</strong></span> <span class='ocrx_word' id='word_1_147' title='bbox 1259 1772 1327 1826; x_wconf 83' lang='grc' dir='ltr'><strong>δι’</strong></span> <span class='ocrx_word' id='word_1_148' title='bbox 1360 1772 1531 1843; x_wconf 76' lang='grc' dir='ltr'>αὐτῆς</span> <span class='ocrx_word' id='word_1_149' title='bbox 1564 1772 1621 1826; x_wconf 83' lang='grc' dir='ltr'>δὲ</span> <span class='ocrx_word' id='word_1_150' title='bbox 1658 1773 1770 1843; x_wconf 75' lang='grc'>(61)</span> <span class='ocrx_word' id='word_1_151' title='bbox 1799 1772 1898 1843; x_wconf 76' lang='grc' dir='ltr'>τῆς</span> 
     </span>
    </p>
   </div>
   <div class='ocr_carea' id='block_1_20' title="bbox 2001 573 3587 653">
    <p class='ocr_par' dir='ltr' id='par_1_20' title="bbox 2001 573 3587 653">
     <span class='ocr_line' id='line_1_20' title="bbox 2001 573 3587 653; baseline -0.01 -13"><span class='ocrx_word' id='word_1_152' title='bbox 2001 586 2242 641; x_wconf 87' lang='lat' dir='ltr'><strong>animam</strong></span> <span class='ocrx_word' id='word_1_153' title='bbox 2276 588 2568 653; x_wconf 72' lang='lat' dir='ltr'><strong>postquam</strong></span> <span class='ocrx_word' id='word_1_154' title='bbox 2602 592 2634 632; x_wconf 89' lang='lat' dir='ltr'><strong>a</strong></span> <span class='ocrx_word' id='word_1_155' title='bbox 2657 591 2891 648; x_wconf 88' lang='lat' dir='ltr'><strong>corpore</strong></span> <span class='ocrx_word' id='word_1_156' title='bbox 2921 576 3196 649; x_wconf 87' lang='lat' dir='ltr'><strong>disjuncta</strong></span> <span class='ocrx_word' id='word_1_157' title='bbox 3234 573 3399 630; x_wconf 85' lang='lat' dir='ltr'><strong>fuerit</strong></span> <span class='ocrx_word' id='word_1_158' title='bbox 3419 611 3435 637; x_wconf 90' lang='lat'><strong>,</strong></span> <span class='ocrx_word' id='word_1_159' title='bbox 3461 587 3587 627; x_wconf 86' lang='lat' dir='ltr'><strong>rur-</strong></span> 
     </span>
    </p>
   </div>
   <div class='ocr_carea' id='block_1_21' title="bbox 2001 669 3586 748">
    <p class='ocr_par' dir='ltr' id='par_1_21' title="bbox 2001 669 3586 748">
     <span class='ocr_line' id='line_1_21' title="bbox 2001 669 3586 748; baseline -0.013 -12"><span class='ocrx_word' id='word_1_160' title='bbox 2001 693 2099 736; x_wconf 89' lang='lat' dir='ltr'><strong>sus</strong></span> <span class='ocrx_word' id='word_1_161' title='bbox 2129 684 2442 748; x_wconf 84' lang='lat' dir='ltr'><strong>penetrare,</strong></span> <span class='ocrx_word' id='word_1_162' title='bbox 2472 680 2526 728; x_wconf 90' lang='lat' dir='ltr'><strong>et</strong></span> <span class='ocrx_word' id='word_1_163' title='bbox 2553 670 2839 727; x_wconf 82' lang='lat' dir='ltr'><strong>insinuare</strong></span> <span class='ocrx_word' id='word_1_164' title='bbox 2895 684 2955 725; x_wconf 91' lang='lat' dir='ltr'><strong>se</strong></span> <span class='ocrx_word' id='word_1_165' title='bbox 3006 670 3061 724; x_wconf 91' lang='lat' dir='ltr'><strong>in</strong></span> <span class='ocrx_word' id='word_1_166' title='bbox 3086 669 3269 739; x_wconf 86' lang='lat' dir='ltr'><strong>aliqua</strong></span> <span class='ocrx_word' id='word_1_167' title='bbox 3310 677 3542 735; x_wconf 84' lang='lat' dir='ltr'><strong>corpora</strong></span> <span class='ocrx_word' id='word_1_168' title='bbox 3570 700 3586 724; x_wconf 88' lang='lat'><strong>,</strong></span> 
     </span>
    </p>
   </div>
   <div class='ocr_carea' id='block_1_22' title="bbox 2001 762 3586 834">
    <p class='ocr_par' dir='ltr' id='par_1_22' title="bbox 2001 762 3586 834">
     <span class='ocr_line' id='line_1_22' title="bbox 2001 762 3586 834; baseline -0.011 -7"><span class='ocrx_word' id='word_1_169' title='bbox 2001 786 2111 826; x_wconf 91' lang='lat' dir='ltr'><strong>non</strong></span> <span class='ocrx_word' id='word_1_170' title='bbox 2162 765 2457 822; x_wconf 79' lang='lat' dir='ltr'><strong>admodum</strong></span> <span class='ocrx_word' id='word_1_171' title='bbox 2492 763 2774 834; x_wconf 73' lang='lat' dir='ltr'><strong>discrepat</strong></span> <span class='ocrx_word' id='word_1_172' title='bbox 2831 762 2900 817; x_wconf 87' lang='lat' dir='ltr'><strong>ab</strong></span> <span class='ocrx_word' id='word_1_173' title='bbox 2940 775 3005 817; x_wconf 87' lang='lat' dir='ltr'><strong>ea</strong></span> <span class='ocrx_word' id='word_1_174' title='bbox 3066 774 3228 830; x_wconf 91' lang='lat' dir='ltr'><strong>quam</strong></span> <span class='ocrx_word' id='word_1_175' title='bbox 3296 769 3586 829; x_wconf 86' lang='lat' dir='ltr'><strong>speramus</strong></span> 
     </span>
    </p>
   </div>
   <div class='ocr_carea' id='block_1_23' title="bbox 1999 849 3585 927">
    <p class='ocr_par' dir='ltr' id='par_1_23' title="bbox 1999 849 3585 927">
     <span class='ocr_line' id='line_1_23' title="bbox 1999 849 3585 927; baseline -0.011 -10"><span class='ocrx_word' id='word_1_176' title='bbox 1999 859 2430 923; x_wconf 84' lang='lat' dir='ltr'><strong>resurrectione,</strong></span> <span class='ocrx_word' id='word_1_177' title='bbox 2462 856 2719 927; x_wconf 85' lang='lat' dir='ltr'><strong>quoniam</strong></span> <span class='ocrx_word' id='word_1_178' title='bbox 2748 860 2807 910; x_wconf 90' lang='lat' dir='ltr'><strong>et</strong></span> <span class='ocrx_word' id='word_1_179' title='bbox 2835 863 3022 909; x_wconf 85' lang='lat' dir='ltr'><strong>nostra</strong></span> <span class='ocrx_word' id='word_1_180' title='bbox 3057 865 3275 923; x_wconf 89' lang='lat' dir='ltr'><strong>quoque</strong></span> <span class='ocrx_word' id='word_1_181' title='bbox 3308 849 3585 918; x_wconf 87' lang='lat' dir='ltr'><strong>scriptura</strong></span> 
     </span>
    </p>
   </div>
   <div class='ocr_carea' id='block_1_24' title="bbox 2001 947 3585 1018">
    <p class='ocr_par' dir='ltr' id='par_1_24' title="bbox 2001 947 3585 1018">
     <span class='ocr_line' id='line_1_24' title="bbox 2001 947 3585 1018; baseline -0.01 -9"><span class='ocrx_word' id='word_1_182' title='bbox 2001 954 2155 1018; x_wconf 85' lang='lat' dir='ltr'><strong>dicit,</strong></span> <span class='ocrx_word' id='word_1_183' title='bbox 2204 968 2271 1008; x_wconf 75' lang='lat' dir='ltr'><strong>ex</strong></span> <span class='ocrx_word' id='word_1_184' title='bbox 2313 950 2598 1006; x_wconf 86' lang='lat' dir='ltr'><strong>elementis</strong></span> <span class='ocrx_word' id='word_1_185' title='bbox 2651 947 2842 1004; x_wconf 89' lang='lat' dir='ltr'><strong>mundi</strong></span> <span class='ocrx_word' id='word_1_186' title='bbox 2877 954 2933 1003; x_wconf 89' lang='lat' dir='ltr'><strong>et</strong></span> <span class='ocrx_word' id='word_1_187' title='bbox 2986 959 3135 1000; x_wconf 90' lang='lat' dir='ltr'><strong>nunc</strong></span> <span class='ocrx_word' id='word_1_188' title='bbox 3172 953 3426 998; x_wconf 87' lang='lat' dir='ltr'><strong>constare</strong></span> <span class='ocrx_word' id='word_1_189' title='bbox 3482 953 3585 994; x_wconf 92' lang='lat' dir='ltr'><strong>no-</strong></span> 
     </span>
    </p>
   </div>
   <div class='ocr_carea' id='block_1_25' title="bbox 2001 1035 3586 1113">
    <p class='ocr_par' dir='ltr' id='par_1_25' title="bbox 2001 1035 3586 1113">
     <span class='ocr_line' id='line_1_25' title="bbox 2001 1035 3586 1113; baseline -0.011 -12"><span class='ocrx_word' id='word_1_190' title='bbox 2001 1056 2177 1102; x_wconf 87' lang='lat' dir='ltr'><strong>strum</strong></span> <span class='ocrx_word' id='word_1_191' title='bbox 2203 1052 2407 1113; x_wconf 81' lang='lat' dir='ltr'><strong>corpus</strong></span> <span class='ocrx_word' id='word_1_192' title='bbox 2430 1082 2446 1109; x_wconf 91' lang='lat'><strong>,</strong></span> <span class='ocrx_word' id='word_1_193' title='bbox 2481 1048 2537 1096; x_wconf 87' lang='lat' dir='ltr'><strong>et</strong></span> <span class='ocrx_word' id='word_1_194' title='bbox 2577 1042 2634 1095; x_wconf 88' lang='lat' dir='ltr'><strong>in</strong></span> <span class='ocrx_word' id='word_1_195' title='bbox 2683 1048 2965 1111; x_wconf 87' lang='lat' dir='ltr'><strong>posterum</strong></span> <span class='ocrx_word' id='word_1_196' title='bbox 3016 1035 3308 1092; x_wconf 82' lang='lat' dir='ltr'><strong>conﬂatum</strong></span> <span class='ocrx_word' id='word_1_197' title='bbox 3347 1043 3402 1087; x_wconf 91' lang='lat' dir='ltr'><strong>et</strong></span> <span class='ocrx_word' id='word_1_198' title='bbox 3454 1046 3586 1086; x_wconf 90' lang='lat' dir='ltr'><strong>con-</strong></span> 
     </span>
    </p>
   </div>
   <div class='ocr_carea' id='block_1_26' title="bbox 2002 1124 3581 1199">
    <p class='ocr_par' dir='ltr' id='par_1_26' title="bbox 2002 1124 3581 1199">
     <span class='ocr_line' id='line_1_26' title="bbox 2002 1124 3581 1199; baseline -0.009 -7"><span class='ocrx_word' id='word_1_199' title='bbox 2002 1138 2253 1193; x_wconf 86' lang='lat' dir='ltr'><strong>stitutum</strong></span> <span class='ocrx_word' id='word_1_200' title='bbox 2291 1135 2357 1190; x_wconf 89' lang='lat' dir='ltr'><strong>iri</strong></span> <span class='ocrx_word' id='word_1_201' title='bbox 2391 1151 2404 1189; x_wconf 90' lang='lat'><strong>:</strong></span> <span class='ocrx_word' id='word_1_202' title='bbox 2441 1141 2499 1189; x_wconf 90' lang='lat' dir='ltr'><strong>et</strong></span> <span class='ocrx_word' id='word_1_203' title='bbox 2526 1132 2673 1187; x_wconf 88' lang='lat' dir='ltr'><strong>idem</strong></span> <span class='ocrx_word' id='word_1_204' title='bbox 2715 1130 2958 1187; x_wconf 83' lang='lat' dir='ltr'><strong>externis</strong></span> <span class='ocrx_word' id='word_1_205' title='bbox 3006 1126 3352 1199; x_wconf 84' lang='lat' dir='ltr'><strong>philosophis</strong></span> <span class='ocrx_word' id='word_1_206' title='bbox 3382 1124 3581 1194; x_wconf 81' lang='lat' dir='ltr'><strong>placet.</strong></span> 
     </span>
    </p>
   </div>
   <div class='ocr_carea' id='block_1_27' title="bbox 1999 1218 3587 1291">
    <p class='ocr_par' dir='ltr' id='par_1_27' title="bbox 1999 1218 3587 1291">
     <span class='ocr_line' id='line_1_27' title="bbox 1999 1218 3587 1291; baseline -0.009 -8"><span class='ocrx_word' id='word_1_207' title='bbox 1999 1226 2120 1283; x_wconf 85' lang='lat' dir='ltr'><strong>Non</strong></span> <span class='ocrx_word' id='word_1_208' title='bbox 2168 1228 2315 1283; x_wconf 89' lang='lat' dir='ltr'><strong>enim</strong></span> <span class='ocrx_word' id='word_1_209' title='bbox 2348 1223 2568 1279; x_wconf 88' lang='lat' dir='ltr'><strong>aliunde</strong></span> <span class='ocrx_word' id='word_1_210' title='bbox 2608 1222 2836 1279; x_wconf 75' lang='lat' dir='ltr'><strong>conflari</strong></span> <span class='ocrx_word' id='word_1_211' title='bbox 2871 1236 3072 1291; x_wconf 90' lang='lat' dir='ltr'><strong>corpus</strong></span> <span class='ocrx_word' id='word_1_212' title='bbox 3120 1218 3431 1290; x_wconf 79' lang='lat' dir='ltr'><strong>excogitare</strong></span> <span class='ocrx_word' id='word_1_213' title='bbox 3461 1230 3587 1286; x_wconf 85' lang='lat' dir='ltr'><strong>pos-</strong></span> 
     </span>
    </p>
   </div>
   <div class='ocr_carea' id='block_1_28' title="bbox 2000 1301 3585 1385">
    <p class='ocr_par' dir='ltr' id='par_1_28' title="bbox 2000 1301 3585 1385">
     <span class='ocr_line' id='line_1_28' title="bbox 2000 1301 3585 1385; baseline -0.011 -11"><span class='ocrx_word' id='word_1_214' title='bbox 2000 1318 2147 1382; x_wconf 88' lang='lat' dir='ltr'><strong>sint,</strong></span> <span class='ocrx_word' id='word_1_215' title='bbox 2203 1329 2368 1385; x_wconf 87' lang='lat' dir='ltr'><strong>quam</strong></span> <span class='ocrx_word' id='word_1_216' title='bbox 2411 1328 2477 1369; x_wconf 79' lang='lat' dir='ltr'><strong>ex</strong></span> <span class='ocrx_word' id='word_1_217' title='bbox 2537 1326 2811 1367; x_wconf 87' lang='lat' dir='ltr'><strong>concursu</strong></span> <span class='ocrx_word' id='word_1_218' title='bbox 2849 1310 3266 1365; x_wconf 84' lang='lat' dir='ltr'><strong>elementorum.</strong></span> <span class='ocrx_word' id='word_1_219' title='bbox 3321 1301 3585 1359; x_wconf 75' lang='lat' dir='ltr'><strong>Diﬂeren-</strong></span> 
     </span>
    </p>
   </div>
   <div class='ocr_carea' id='block_1_29' title="bbox 2000 1392 3585 1464">
    <p class='ocr_par' dir='ltr' id='par_1_29' title="bbox 2000 1392 3585 1464">
     <span class='ocr_line' id='line_1_29' title="bbox 2000 1392 3585 1464; baseline -0.008 -5"><span class='ocrx_word' id='word_1_220' title='bbox 2000 1405 2078 1459; x_wconf 90' lang='lat' dir='ltr'><strong>tia</strong></span> <span class='ocrx_word' id='word_1_221' title='bbox 2129 1410 2312 1459; x_wconf 83' lang='lat' dir='ltr'><strong>autem</strong></span> <span class='ocrx_word' id='word_1_222' title='bbox 2368 1409 2423 1458; x_wconf 89' lang='lat' dir='ltr'><strong>et</strong></span> <span class='ocrx_word' id='word_1_223' title='bbox 2470 1400 2849 1456; x_wconf 81' lang='lat' dir='ltr'><strong>controversia</strong></span> <span class='ocrx_word' id='word_1_224' title='bbox 2888 1398 2945 1453; x_wconf 91' lang='lat' dir='ltr'><strong>in</strong></span> <span class='ocrx_word' id='word_1_225' title='bbox 3003 1412 3068 1453; x_wconf 91' lang='lat' dir='ltr'><strong>eo</strong></span> <span class='ocrx_word' id='word_1_226' title='bbox 3132 1395 3390 1451; x_wconf 86' lang='lat' dir='ltr'><strong>consistit</strong></span> <span class='ocrx_word' id='word_1_227' title='bbox 3434 1392 3585 1464; x_wconf 87' lang='lat' dir='ltr'><strong>quod</strong></span> 
     </span>
    </p>
   </div>
   <div class='ocr_carea' id='block_1_30' title="bbox 1999 1487 3588 1568">
    <p class='ocr_par' dir='ltr' id='par_1_30' title="bbox 1999 1487 3588 1568">
     <span class='ocr_line' id='line_1_30' title="bbox 1999 1487 3588 1568; baseline -0.006 -19"><span class='ocrx_word' id='word_1_228' title='bbox 1999 1509 2031 1549; x_wconf 88' lang='lat' dir='ltr'><strong>a</strong></span> <span class='ocrx_word' id='word_1_229' title='bbox 2064 1496 2224 1552; x_wconf 86' lang='lat' dir='ltr'><strong>nobis</strong></span> <span class='ocrx_word' id='word_1_230' title='bbox 2275 1497 2496 1568; x_wconf 89' lang='lat' dir='ltr'><strong>quidem</strong></span> <span class='ocrx_word' id='word_1_231' title='bbox 2536 1496 2779 1560; x_wconf 86' lang='lat' dir='ltr'><strong>dicitur,</strong></span> <span class='ocrx_word' id='word_1_232' title='bbox 2826 1493 2969 1548; x_wconf 86' lang='lat' dir='ltr'><strong>idem</strong></span> <span class='ocrx_word' id='word_1_233' title='bbox 3022 1505 3217 1546; x_wconf 88' lang='lat' dir='ltr'><strong>rursus</strong></span> <span class='ocrx_word' id='word_1_234' title='bbox 3265 1490 3413 1545; x_wconf 90' lang='lat' dir='ltr'><strong>circa</strong></span> <span class='ocrx_word' id='word_1_235' title='bbox 3467 1487 3588 1541; x_wconf 89' lang='lat' dir='ltr'><strong>ani-</strong></span> 
     </span>
    </p>
   </div>
   <div class='ocr_carea' id='block_1_31' title="bbox 1999 1577 3587 1652">
    <p class='ocr_par' dir='ltr' id='par_1_31' title="bbox 1999 1577 3587 1652">
     <span class='ocr_line' id='line_1_31' title="bbox 1999 1577 3587 1652; baseline -0.006 -13"><span class='ocrx_word' id='word_1_236' title='bbox 1999 1599 2144 1641; x_wconf 89' lang='lat' dir='ltr'><strong>mam</strong></span> <span class='ocrx_word' id='word_1_237' title='bbox 2200 1586 2445 1642; x_wconf 87' lang='lat' dir='ltr'><strong>eamdem</strong></span> <span class='ocrx_word' id='word_1_238' title='bbox 2495 1599 2857 1641; x_wconf 86' lang='lat' dir='ltr'><strong>concrescere</strong></span> <span class='ocrx_word' id='word_1_239' title='bbox 2891 1596 3112 1652; x_wconf 88' lang='lat' dir='ltr'><strong>corpus,</strong></span> <span class='ocrx_word' id='word_1_240' title='bbox 3164 1578 3309 1650; x_wconf 90' lang='lat' dir='ltr'><strong>quod</strong></span> <span class='ocrx_word' id='word_1_241' title='bbox 3369 1593 3437 1632; x_wconf 83' lang='lat' dir='ltr'><strong>ex</strong></span> <span class='ocrx_word' id='word_1_242' title='bbox 3484 1577 3587 1631; x_wconf 87' lang='lat' dir='ltr'><strong>iis-</strong></span> 
     </span>
    </p>
   </div>
   <div class='ocr_carea' id='block_1_32' title="bbox 1999 1669 3587 1738">
    <p class='ocr_par' dir='ltr' id='par_1_32' title="bbox 1999 1669 3587 1738">
     <span class='ocr_line' id='line_1_32' title="bbox 1999 1669 3587 1738; baseline -0.008 -6"><span class='ocrx_word' id='word_1_243' title='bbox 1999 1676 2124 1732; x_wconf 88' lang='lat' dir='ltr'><strong>dem</strong></span> <span class='ocrx_word' id='word_1_244' title='bbox 2164 1677 2453 1734; x_wconf 88' lang='lat' dir='ltr'><strong>elementis</strong></span> <span class='ocrx_word' id='word_1_245' title='bbox 2515 1683 2669 1732; x_wconf 87' lang='lat' dir='ltr'><strong>coeat</strong></span> <span class='ocrx_word' id='word_1_246' title='bbox 2729 1683 2783 1730; x_wconf 90' lang='lat' dir='ltr'><strong>et</strong></span> <span class='ocrx_word' id='word_1_247' title='bbox 2847 1675 3248 1738; x_wconf 89' lang='lat' dir='ltr'><strong>concinnetur;</strong></span> <span class='ocrx_word' id='word_1_248' title='bbox 3320 1669 3397 1723; x_wconf 91' lang='lat' dir='ltr'><strong>illi</strong></span> <span class='ocrx_word' id='word_1_249' title='bbox 3456 1682 3587 1722; x_wconf 88' lang='lat' dir='ltr'><strong>vero</strong></span> 
     </span>
    </p>
   </div>
   <div class='ocr_carea' id='block_1_33' title="bbox 2001 1759 3584 1840">
    <p class='ocr_par' dir='ltr' id='par_1_33' title="bbox 2001 1759 3584 1840">
     <span class='ocr_line' id='line_1_33' title="bbox 2001 1759 3584 1840; baseline -0.007 -16"><span class='ocrx_word' id='word_1_250' title='bbox 2001 1775 2233 1840; x_wconf 88' lang='lat' dir='ltr'><strong>putant,</strong></span> <span class='ocrx_word' id='word_1_251' title='bbox 2291 1768 2360 1824; x_wconf 91' lang='lat' dir='ltr'><strong>ad</strong></span> <span class='ocrx_word' id='word_1_252' title='bbox 2421 1769 2528 1824; x_wconf 91' lang='lat' dir='ltr'><strong>alia</strong></span> <span class='ocrx_word' id='word_1_253' title='bbox 2578 1768 2829 1839; x_wconf 68' lang='lat' dir='ltr'><strong>quaedam</strong></span> <span class='ocrx_word' id='word_1_254' title='bbox 2887 1779 3142 1836; x_wconf 88' lang='lat' dir='ltr'><strong>corpora,</strong></span> <span class='ocrx_word' id='word_1_255' title='bbox 3200 1771 3316 1817; x_wconf 86' lang='lat' dir='ltr'><strong>tum</strong></span> <span class='ocrx_word' id='word_1_256' title='bbox 3371 1759 3584 1814; x_wconf 86' lang='lat' dir='ltr'><strong>ratione</strong></span> 
     </span>
    </p>
   </div>
   <div class='ocr_carea' id='block_1_34' title="bbox 315 1850 1898 1935">
    <p class='ocr_par' dir='ltr' id='par_1_34' title="bbox 315 1861 1894 1935">
     <span class='ocr_line' id='line_1_34' title="bbox 315 1861 1894 1935; baseline -0.001 -16"><span class='ocrx_word' id='word_1_257' title='bbox 315 1864 456 1920; x_wconf 78' lang='grc' dir='ltr'>κατὰ</span> <span class='ocrx_word' id='word_1_258' title='bbox 491 1865 555 1918; x_wconf 85' lang='grc' dir='ltr'>τὸ</span> <span class='ocrx_word' id='word_1_259' title='bbox 579 1864 798 1934; x_wconf 78' lang='grc' dir='ltr'>εὔλογον</span> <span class='ocrx_word' id='word_1_260' title='bbox 827 1864 1246 1935; x_wconf 84' lang='grc' dir='ltr'>ἁνακυπτούσης</span> <span class='ocrx_word' id='word_1_261' title='bbox 1275 1865 1405 1935; x_wconf 74' lang='grc' dir='ltr'>ἡμῖν</span> <span class='ocrx_word' id='word_1_262' title='bbox 1431 1861 1894 1932; x_wconf 80' lang='grc' dir='ltr'>ἀκολουθίας,φαο</span> 
     </span>
    </p>
   </div>
   <div class='ocr_carea' id='block_1_35' title="bbox 2005 1850 3584 1935">
    <p class='ocr_par' dir='ltr' id='par_1_35' title="bbox 2005 1850 3584 1933">
     <span class='ocr_line' id='line_1_35' title="bbox 2005 1850 3584 1933; baseline -0.009 -15"><span class='ocrx_word' id='word_1_263' title='bbox 2005 1863 2250 1933; x_wconf 85' lang='lat' dir='ltr'><strong>praedita,</strong></span> <span class='ocrx_word' id='word_1_264' title='bbox 2279 1870 2395 1918; x_wconf 88' lang='lat' dir='ltr'><strong>tum</strong></span> <span class='ocrx_word' id='word_1_265' title='bbox 2431 1863 2661 1919; x_wconf 87' lang='lat' dir='ltr'><strong>rationis</strong></span> <span class='ocrx_word' id='word_1_266' title='bbox 2699 1870 2862 1931; x_wconf 88' lang='lat' dir='ltr'><strong>atque</strong></span> <span class='ocrx_word' id='word_1_267' title='bbox 2914 1859 3052 1915; x_wconf 91' lang='lat' dir='ltr'><strong>adeo</strong></span> <span class='ocrx_word' id='word_1_268' title='bbox 3103 1869 3303 1914; x_wconf 87' lang='lat' dir='ltr'><strong>sensus</strong></span> <span class='ocrx_word' id='word_1_269' title='bbox 3335 1850 3584 1923; x_wconf 74' lang='lat' dir='ltr'><strong>expertia</strong></span> 
     </span>
    </p>
   </div>
   <div class='ocr_carea' id='block_1_36' title="bbox 313 1941 1756 2026">
    <p class='ocr_par' dir='ltr' id='par_1_36' title="bbox 313 1941 1756 2026">
     <span class='ocr_line' id='line_1_36' title="bbox 313 1941 1756 2026; baseline -0.003 -17"><span class='ocrx_word' id='word_1_270' title='bbox 313 1955 551 2025; x_wconf 77' lang='grc' dir='ltr'>νερῶται</span> <span class='ocrx_word' id='word_1_271' title='bbox 590 1941 789 2026; x_wconf 56' lang='grc' dir='ltr'>ῥαδίως</span> <span class='ocrx_word' id='word_1_272' title='bbox 817 1955 934 2007; x_wconf 75' lang='grc' dir='ltr'>ἐστὶ</span> <span class='ocrx_word' id='word_1_273' title='bbox 954 1954 1068 2024; x_wconf 71' lang='lat'><strong>(62)</strong></span> <span class='ocrx_word' id='word_1_274' title='bbox 1097 1952 1321 2006; x_wconf 81' lang='grc' dir='ltr'>δυνατὸν</span> <span class='ocrx_word' id='word_1_275' title='bbox 1349 1952 1449 2023; x_wconf 78' lang='grc' dir='ltr'>τὴν</span> <span class='ocrx_word' id='word_1_276' title='bbox 1478 1951 1756 2025; x_wconf 77' lang='grc' dir='ltr'>ἀλήθειαν.</span> 
     </span>
    </p>
   </div>
   <div class='ocr_carea' id='block_1_37' title="bbox 1990 1948 3583 2027">
    <p class='ocr_par' dir='ltr' id='par_1_37' title="bbox 1990 1948 3583 2027">
     <span class='ocr_line' id='line_1_37' title="bbox 1990 1948 3583 2027; baseline -0.007 -18"><span class='ocrx_word' id='word_1_277' title='bbox 1990 1956 2230 2011; x_wconf 87' lang='lat' dir='ltr'><strong>animam</strong></span> <span class='ocrx_word' id='word_1_278' title='bbox 2266 1956 2437 2026; x_wconf 76' lang='lat' dir='ltr'><strong>redigi</strong></span> <span class='ocrx_word' id='word_1_279' title='bbox 2497 1966 2664 2027; x_wconf 87' lang='lat' dir='ltr'><strong>atque</strong></span> <span class='ocrx_word' id='word_1_280' title='bbox 2695 1954 2935 2011; x_wconf 90' lang='lat' dir='ltr'><strong>transire</strong></span> <span class='ocrx_word' id='word_1_281' title='bbox 2967 1972 2980 2008; x_wconf 92' lang='lat'>:</span> <span class='ocrx_word' id='word_1_282' title='bbox 3042 1964 3163 2022; x_wconf 56' lang='lat' dir='ltr'><strong>quae.</strong></span> <span class='ocrx_word' id='word_1_283' title='bbox 3197 1948 3417 2020; x_wconf 85' lang='lat' dir='ltr'><strong>quidem</strong></span> <span class='ocrx_word' id='word_1_284' title='bbox 3460 1959 3583 2001; x_wconf 91' lang='lat' dir='ltr'><strong>cor-</strong></span> 
     </span>
    </p>
   </div>
   <div class='ocr_carea' id='block_1_38' title="bbox 313 2040 3588 2120">
    <p class='ocr_par' dir='ltr' id='par_1_38' title="bbox 313 2040 3588 2120">
     <span class='ocr_line' id='line_1_38' title="bbox 313 2040 3588 2120; baseline -0.003 -19"><span class='ocrx_word' id='word_1_285' title='bbox 313 2064 448 2117; x_wconf 89' lang='lat' dir='ltr'><strong>pora</strong></span> <span class='ocrx_word' id='word_1_286' title='bbox 495 2049 628 2120; x_wconf 90' lang='lat' dir='ltr'><strong>quin</strong></span> <span class='ocrx_word' id='word_1_287' title='bbox 662 2064 729 2102; x_wconf 81' lang='lat' dir='ltr'><strong>ex</strong></span> <span class='ocrx_word' id='word_1_288' title='bbox 778 2048 1028 2118; x_wconf 89' lang='lat' dir='ltr'><strong>partibus</strong></span> <span class='ocrx_word' id='word_1_289' title='bbox 1068 2048 1257 2104; x_wconf 80' lang='lat' dir='ltr'><strong>mundi</strong></span> <span class='ocrx_word' id='word_1_290' title='bbox 1304 2046 1615 2102; x_wconf 81' lang='lat' dir='ltr'><strong>conﬂentur</strong></span> <span class='ocrx_word' id='word_1_291' title='bbox 1658 2062 1770 2102; x_wconf 92' lang='lat' dir='ltr'><strong>non</strong></span> <span class='ocrx_word' id='word_1_292' title='bbox 1795 2047 2099 2116; x_wconf 89' lang='lat' dir='ltr'><strong>dubitatur,</strong></span> <span class='ocrx_word' id='word_1_293' title='bbox 2126 2064 2229 2105; x_wconf 89' lang='lat' dir='ltr'><strong>nec</strong></span> <span class='ocrx_word' id='word_1_294' title='bbox 2281 2050 2349 2105; x_wconf 89' lang='lat' dir='ltr'><strong>de</strong></span> <span class='ocrx_word' id='word_1_295' title='bbox 2391 2065 2454 2106; x_wconf 91' lang='lat' dir='ltr'><strong>ea</strong></span> <span class='ocrx_word' id='word_1_296' title='bbox 2498 2064 2560 2104; x_wconf 85' lang='lat' dir='ltr'><strong>re</strong></span> <span class='ocrx_word' id='word_1_297' title='bbox 2633 2047 3011 2104; x_wconf 82' lang='lat' dir='ltr'><strong>controversia</strong></span> <span class='ocrx_word' id='word_1_298' title='bbox 3060 2053 3176 2110; x_wconf 88' lang='lat' dir='ltr'><strong>est;</strong></span> <span class='ocrx_word' id='word_1_299' title='bbox 3244 2040 3340 2098; x_wconf 90' lang='lat' dir='ltr'><strong>sed</strong></span> <span class='ocrx_word' id='word_1_300' title='bbox 3404 2040 3461 2093; x_wconf 90' lang='lat' dir='ltr'><strong>in</strong></span> <span class='ocrx_word' id='word_1_301' title='bbox 3520 2051 3588 2093; x_wconf 88' lang='lat' dir='ltr'><strong>eo</strong></span> 
     </span>
    </p>
   </div>
   <div class='ocr_carea' id='block_1_39' title="bbox 310 2128 3584 2210">
    <p class='ocr_par' dir='ltr' id='par_1_39' title="bbox 310 2128 3584 2210">
     <span class='ocr_line' id='line_1_39' title="bbox 310 2128 3584 2210; baseline -0.004 -15"><span class='ocrx_word' id='word_1_302' title='bbox 310 2140 588 2196; x_wconf 85' lang='lat' dir='ltr'><strong>dissensio</strong></span> <span class='ocrx_word' id='word_1_303' title='bbox 614 2146 719 2201; x_wconf 88' lang='lat' dir='ltr'><strong>est,</strong></span> <span class='ocrx_word' id='word_1_304' title='bbox 759 2137 907 2208; x_wconf 88' lang='lat' dir='ltr'><strong>quod</strong></span> <span class='ocrx_word' id='word_1_305' title='bbox 957 2138 1035 2192; x_wconf 87' lang='lat' dir='ltr'><strong>illi</strong></span> <span class='ocrx_word' id='word_1_306' title='bbox 1074 2153 1183 2192; x_wconf 90' lang='lat' dir='ltr'><strong>non</strong></span> <span class='ocrx_word' id='word_1_307' title='bbox 1226 2128 1421 2208; x_wconf 78' lang='lat' dir='ltr'><strong>putant</strong></span> <span class='ocrx_word' id='word_1_308' title='bbox 1454 2152 1518 2193; x_wconf 81' lang='lat' dir='ltr'><strong>ex</strong></span> <span class='ocrx_word' id='word_1_309' title='bbox 1565 2137 1761 2193; x_wconf 89' lang='lat' dir='ltr'><strong>iisdem</strong></span> <span class='ocrx_word' id='word_1_310' title='bbox 1809 2139 2059 2208; x_wconf 88' lang='lat' dir='ltr'><strong>partibus</strong></span> <span class='ocrx_word' id='word_1_311' title='bbox 2109 2153 2176 2195; x_wconf 86' lang='lat' dir='ltr'><strong>ea</strong></span> <span class='ocrx_word' id='word_1_312' title='bbox 2226 2139 2457 2196; x_wconf 83' lang='lat' dir='ltr'><strong>conﬂari</strong></span> <span class='ocrx_word' id='word_1_313' title='bbox 2521 2155 2642 2209; x_wconf 73' lang='lat' dir='ltr'><strong>quae</strong></span> <span class='ocrx_word' id='word_1_314' title='bbox 2701 2146 2883 2210; x_wconf 85' lang='lat' dir='ltr'><strong>partes</strong></span> <span class='ocrx_word' id='word_1_315' title='bbox 2964 2137 3032 2192; x_wconf 85' lang='lat' dir='ltr'><strong>ab</strong></span> <span class='ocrx_word' id='word_1_316' title='bbox 3065 2137 3221 2192; x_wconf 87' lang='lat' dir='ltr'><strong>initio</strong></span> <span class='ocrx_word' id='word_1_317' title='bbox 3286 2136 3340 2187; x_wconf 91' lang='lat' dir='ltr'><strong>in</strong></span> <span class='ocrx_word' id='word_1_318' title='bbox 3391 2145 3584 2185; x_wconf 79' lang='lat' dir='ltr'><strong>carna-</strong></span> 
     </span>
    </p>
   </div>
   <div class='ocr_carea' id='block_1_40' title="bbox 311 2227 3582 2302">
    <p class='ocr_par' dir='ltr' id='par_1_40' title="bbox 311 2227 3582 2302">
     <span class='ocr_line' id='line_1_40' title="bbox 311 2227 3582 2302; baseline -0.005 -12"><span class='ocrx_word' id='word_1_319' title='bbox 311 2236 347 2290; x_wconf 90' lang='lat' dir='ltr'><strong>li</strong></span> <span class='ocrx_word' id='word_1_320' title='bbox 383 2233 496 2287; x_wconf 79' lang='lat' dir='ltr'><strong>vila</strong></span> <span class='ocrx_word' id='word_1_321' title='bbox 550 2232 748 2286; x_wconf 68' lang='lat' dir='ltr'><strong>animae</strong></span> <span class='ocrx_word' id='word_1_322' title='bbox 779 2230 1148 2285; x_wconf 67' lang='lat' dir='ltr'><strong>adhaaserant.</strong></span> <span class='ocrx_word' id='word_1_323' title='bbox 1175 2227 1319 2300; x_wconf 82' lang='lat' dir='ltr'><strong>Ergo</strong></span> <span class='ocrx_word' id='word_1_324' title='bbox 1350 2229 1469 2285; x_wconf 89' lang='lat' dir='ltr'><strong>veri</strong></span> <span class='ocrx_word' id='word_1_325' title='bbox 1524 2228 1745 2301; x_wconf 85' lang='lat' dir='ltr'><strong>quidem</strong></span> <span class='ocrx_word' id='word_1_326' title='bbox 1800 2244 1908 2283; x_wconf 91' lang='lat' dir='ltr'><strong>non</strong></span> <span class='ocrx_word' id='word_1_327' title='bbox 1947 2230 2201 2287; x_wconf 87' lang='lat' dir='ltr'><strong>absimile</strong></span> <span class='ocrx_word' id='word_1_328' title='bbox 2234 2246 2357 2287; x_wconf 88' lang='lat' dir='ltr'><strong>esse</strong></span> <span class='ocrx_word' id='word_1_329' title='bbox 2391 2230 2538 2302; x_wconf 90' lang='lat' dir='ltr'><strong>quod</strong></span> <span class='ocrx_word' id='word_1_330' title='bbox 2590 2231 2776 2286; x_wconf 88' lang='lat' dir='ltr'><strong>anima</strong></span> <span class='ocrx_word' id='word_1_331' title='bbox 2818 2246 3013 2286; x_wconf 85' lang='lat' dir='ltr'><strong>rursus</strong></span> <span class='ocrx_word' id='word_1_332' title='bbox 3068 2229 3123 2282; x_wconf 90' lang='lat' dir='ltr'><strong>in</strong></span> <span class='ocrx_word' id='word_1_333' title='bbox 3194 2238 3428 2296; x_wconf 91' lang='lat' dir='ltr'><strong>corpore</strong></span> <span class='ocrx_word' id='word_1_334' title='bbox 3488 2237 3582 2277; x_wconf 42' lang='lat' dir='ltr'><strong>exi-</strong></span> 
     </span>
    </p>
   </div>
   <div class='ocr_carea' id='block_1_41' title="bbox 310 2314 3592 2392">
    <p class='ocr_par' dir='ltr' id='par_1_41' title="bbox 310 2314 3592 2392">
     <span class='ocr_line' id='line_1_41' title="bbox 310 2314 3592 2392; baseline -0.003 -11"><span class='ocrx_word' id='word_1_335' title='bbox 310 2326 494 2387; x_wconf 87' lang='lat' dir='ltr'><strong>sistat,</strong></span> <span class='ocrx_word' id='word_1_336' title='bbox 578 2330 819 2379; x_wconf 51' lang='lat' dir='ltr'><strong>externae.</strong></span> <span class='ocrx_word' id='word_1_337' title='bbox 876 2321 1237 2392; x_wconf 75' lang='lat' dir='ltr'><strong>philosOpbiae</strong></span> <span class='ocrx_word' id='word_1_338' title='bbox 1306 2322 1629 2377; x_wconf 89' lang='lat' dir='ltr'><strong>testimonio</strong></span> <span class='ocrx_word' id='word_1_339' title='bbox 1688 2323 2110 2392; x_wconf 86' lang='lat' dir='ltr'><strong>comprobatum</strong></span> <span class='ocrx_word' id='word_1_340' title='bbox 2165 2331 2308 2380; x_wconf 90' lang='lat' dir='ltr'><strong>esto.</strong></span> <span class='ocrx_word' id='word_1_341' title='bbox 2354 2323 2512 2392; x_wconf 89' lang='lat' dir='ltr'><strong>Quod</strong></span> <span class='ocrx_word' id='word_1_342' title='bbox 2561 2333 2744 2379; x_wconf 88' lang='lat' dir='ltr'><strong>autem</strong></span> <span class='ocrx_word' id='word_1_343' title='bbox 2813 2337 3003 2378; x_wconf 88' lang='lat' dir='ltr'><strong>eorum</strong></span> <span class='ocrx_word' id='word_1_344' title='bbox 3064 2319 3314 2377; x_wconf 89' lang='lat' dir='ltr'><strong>doctrina</strong></span> <span class='ocrx_word' id='word_1_345' title='bbox 3398 2314 3592 2372; x_wconf 91' lang='lat' dir='ltr'><strong>consi-</strong></span> 
     </span>
    </p>
   </div>
   <div class='ocr_carea' id='block_1_42' title="bbox 310 2411 3584 2486">
    <p class='ocr_par' dir='ltr' id='par_1_42' title="bbox 310 2411 3584 2486">
     <span class='ocr_line' id='line_1_42' title="bbox 310 2411 3584 2486; baseline -0.002 -17"><span class='ocrx_word' id='word_1_346' title='bbox 310 2427 456 2479; x_wconf 75' lang='lat' dir='ltr'><strong>stere</strong></span> <span class='ocrx_word' id='word_1_347' title='bbox 481 2429 591 2469; x_wconf 90' lang='lat' dir='ltr'><strong>non</strong></span> <span class='ocrx_word' id='word_1_348' title='bbox 644 2414 839 2484; x_wconf 88' lang='lat' dir='ltr'><strong>possit,</strong></span> <span class='ocrx_word' id='word_1_349' title='bbox 896 2412 1280 2482; x_wconf 84' lang='lat' dir='ltr'><strong>tempestivum</strong></span> <span class='ocrx_word' id='word_1_350' title='bbox 1345 2411 1509 2468; x_wconf 80' lang='lat' dir='ltr'><strong>fuerit</strong></span> <span class='ocrx_word' id='word_1_351' title='bbox 1569 2413 1884 2484; x_wconf 86' lang='lat' dir='ltr'><strong>dispicere,</strong></span> <span class='ocrx_word' id='word_1_352' title='bbox 1921 2421 2089 2485; x_wconf 87' lang='lat' dir='ltr'><strong>atque</strong></span> <span class='ocrx_word' id='word_1_353' title='bbox 2152 2432 2250 2485; x_wconf 88' lang='lat' dir='ltr'><strong>per</strong></span> <span class='ocrx_word' id='word_1_354' title='bbox 2328 2432 2449 2472; x_wconf 85' lang='lat' dir='ltr'><strong>eam</strong></span> <span class='ocrx_word' id='word_1_355' title='bbox 2506 2430 2628 2486; x_wconf 84' lang='lat' dir='ltr'><strong>quae</strong></span> <span class='ocrx_word' id='word_1_356' title='bbox 2682 2431 2749 2470; x_wconf 81' lang='lat' dir='ltr'><strong>ex</strong></span> <span class='ocrx_word' id='word_1_357' title='bbox 2804 2422 2953 2470; x_wconf 90' lang='lat' dir='ltr'><strong>recta</strong></span> <span class='ocrx_word' id='word_1_358' title='bbox 2997 2414 3207 2469; x_wconf 87' lang='lat' dir='ltr'><strong>ratione</strong></span> <span class='ocrx_word' id='word_1_359' title='bbox 3260 2411 3421 2467; x_wconf 87' lang='lat' dir='ltr'><strong>nobis</strong></span> <span class='ocrx_word' id='word_1_360' title='bbox 3489 2427 3584 2466; x_wconf 80' lang='lat' dir='ltr'><strong>ex-</strong></span> 
     </span>
    </p>
   </div>
   <div class='ocr_carea' id='block_1_43' title="bbox 311 2489 3633 2574">
    <p class='ocr_par' dir='ltr' id='par_1_43' title="bbox 311 2489 3633 2574">
     <span class='ocr_line' id='line_1_43' title="bbox 311 2489 3633 2574; baseline 0 -15"><span class='ocrx_word' id='word_1_361' title='bbox 311 2508 460 2563; x_wconf 85' lang='lat' dir='ltr'><strong>sistit</strong></span> <span class='ocrx_word' id='word_1_362' title='bbox 505 2503 1003 2573; x_wconf 79' lang='lat' dir='ltr'><strong>consequentiam,</strong></span> <span class='ocrx_word' id='word_1_363' title='bbox 1046 2503 1225 2573; x_wconf 85' lang='lat' dir='ltr'><strong>quoad</strong></span> <span class='ocrx_word' id='word_1_364' title='bbox 1283 2504 1403 2573; x_wconf 76' lang='lat' dir='ltr'><strong>ejus</strong></span> <span class='ocrx_word' id='word_1_365' title='bbox 1470 2503 1584 2559; x_wconf 85' lang='lat' dir='ltr'><strong>lieri</strong></span> <span class='ocrx_word' id='word_1_366' title='bbox 1657 2512 1884 2574; x_wconf 86' lang='lat' dir='ltr'><strong>potest,</strong></span> <span class='ocrx_word' id='word_1_367' title='bbox 1926 2506 2217 2561; x_wconf 86' lang='lat' dir='ltr'><strong>ostendere</strong></span> <span class='ocrx_word' id='word_1_368' title='bbox 2260 2520 2325 2562; x_wconf 88' lang='lat' dir='ltr'><strong>ac</strong></span> <span class='ocrx_word' id='word_1_369' title='bbox 2367 2506 2653 2563; x_wconf 83' lang='lat' dir='ltr'><strong>declarare</strong></span> <span class='ocrx_word' id='word_1_370' title='bbox 2702 2506 3010 2562; x_wconf 88' lang='lat' dir='ltr'><strong>veritatem.</strong></span> <span class='ocrx_word' id='word_1_371' title='bbox 3626 2489 3633 2497; x_wconf 66' lang='grc'><em>’</em></span> 
     </span>
    </p>
   </div>
   <div class='ocr_carea' id='block_1_44' title="bbox 381 2592 1898 2669">
    <p class='ocr_par' dir='ltr' id='par_1_44' title="bbox 381 2594 1893 2669">
     <span class='ocr_line' id='line_1_44' title="bbox 381 2594 1893 2669; baseline -0.001 -17"><span class='ocrx_word' id='word_1_372' title='bbox 381 2597 477 2662; x_wconf 89' lang='grc' dir='ltr'>Τίς</span> <span class='ocrx_word' id='word_1_373' title='bbox 506 2594 599 2652; x_wconf 80' lang='grc' dir='ltr'>οὖν</span> <span class='ocrx_word' id='word_1_374' title='bbox 633 2598 662 2650; x_wconf 87' lang='grc' dir='ltr'><strong>ό</strong></span> <span class='ocrx_word' id='word_1_375' title='bbox 696 2596 824 2668; x_wconf 72' lang='grc' dir='ltr'>περὶ</span> <span class='ocrx_word' id='word_1_376' title='bbox 863 2595 1069 2650; x_wconf 84' lang='grc' dir='ltr'>τούτων</span> <span class='ocrx_word' id='word_1_377' title='bbox 1096 2596 1290 2665; x_wconf 80' lang='grc' dir='ltr'>λόγος;</span> <span class='ocrx_word' id='word_1_378' title='bbox 1344 2597 1407 2650; x_wconf 82' lang='lat' dir='ltr'><strong>Oi</strong></span> <span class='ocrx_word' id='word_1_379' title='bbox 1443 2597 1578 2666; x_wconf 73' lang='grc' dir='ltr'>πρὸς</span> <span class='ocrx_word' id='word_1_380' title='bbox 1605 2597 1893 2669; x_wconf 78' lang='grc' dir='ltr'>διαφόρους</span> 
     </span>
    </p>
   </div>
   <div class='ocr_carea' id='block_1_45' title="bbox 2005 2592 3590 2669">
    <p class='ocr_par' dir='ltr' id='par_1_45' title="bbox 2070 2592 3590 2669">
     <span class='ocr_line' id='line_1_45' title="bbox 2070 2592 3590 2669; baseline -0.002 -17"><span class='ocrx_word' id='word_1_381' title='bbox 2070 2598 2328 2665; x_wconf 64' lang='lat' dir='ltr'><strong>Quaenam</strong></span> <span class='ocrx_word' id='word_1_382' title='bbox 2366 2597 2536 2669; x_wconf 82' lang='lat' dir='ltr'><strong>igitur</strong></span> <span class='ocrx_word' id='word_1_383' title='bbox 2583 2599 2733 2655; x_wconf 88' lang='lat' dir='ltr'><strong>hisce</strong></span> <span class='ocrx_word' id='word_1_384' title='bbox 2756 2597 2824 2655; x_wconf 91' lang='lat' dir='ltr'><strong>de</strong></span> <span class='ocrx_word' id='word_1_385' title='bbox 2880 2598 3044 2653; x_wconf 88' lang='lat' dir='ltr'><strong>rebus</strong></span> <span class='ocrx_word' id='word_1_386' title='bbox 3077 2596 3255 2651; x_wconf 87' lang='lat' dir='ltr'><strong>oratio</strong></span> <span class='ocrx_word' id='word_1_387' title='bbox 3296 2607 3378 2651; x_wconf 90' lang='lat' dir='ltr'><strong>est</strong></span> <span class='ocrx_word' id='word_1_388' title='bbox 3403 2596 3427 2649; x_wconf 84' lang='lat'><strong>?</strong></span> <span class='ocrx_word' id='word_1_389' title='bbox 3456 2592 3590 2661; x_wconf 84' lang='lat' dir='ltr'><strong>Qut-</strong></span> 
     </span>
    </p>
   </div>
   <div class='ocr_carea' id='block_1_46' title="bbox 312 2688 1898 2762">
    <p class='ocr_par' dir='ltr' id='par_1_46' title="bbox 312 2689 1891 2762">
     <span class='ocr_line' id='line_1_46' title="bbox 312 2689 1891 2762; baseline -0.001 -17"><span class='ocrx_word' id='word_1_390' title='bbox 312 2694 507 2762; x_wconf 77' lang='grc' dir='ltr'>φύσεις</span> <span class='ocrx_word' id='word_1_391' title='bbox 548 2689 645 2762; x_wconf 77' lang='grc' dir='ltr'>τὴν</span> <span class='ocrx_word' id='word_1_392' title='bbox 677 2689 854 2761; x_wconf 79' lang='grc' dir='ltr'>ψυχὴν</span> <span class='ocrx_word' id='word_1_393' title='bbox 900 2690 1328 2760; x_wconf 79' lang='grc' dir='ltr'>μετοικίζοντες,</span> <span class='ocrx_word' id='word_1_394' title='bbox 1380 2692 1596 2760; x_wconf 81' lang='grc' dir='ltr'>συσχεῖν</span> <span class='ocrx_word' id='word_1_395' title='bbox 1640 2690 1751 2760; x_wconf 83' lang='grc'>(65)</span> <span class='ocrx_word' id='word_1_396' title='bbox 1802 2708 1891 2760; x_wconf 88' lang='grc' dir='ltr'><strong>μοι</strong></span> 
     </span>
    </p>
   </div>
   <div class='ocr_carea' id='block_1_47' title="bbox 2005 2688 3589 2762">
    <p class='ocr_par' dir='ltr' id='par_1_47' title="bbox 2005 2688 3589 2756">
     <span class='ocr_line' id='line_1_47' title="bbox 2005 2688 3589 2756; baseline -0.002 -12"><span class='ocrx_word' id='word_1_397' title='bbox 2005 2690 2106 2745; x_wconf 91' lang='lat' dir='ltr'><strong>bus</strong></span> <span class='ocrx_word' id='word_1_398' title='bbox 2146 2690 2211 2745; x_wconf 86' lang='lat' dir='ltr'><strong>ad</strong></span> <span class='ocrx_word' id='word_1_399' title='bbox 2248 2689 2496 2747; x_wconf 87' lang='lat' dir='ltr'><strong>diversas</strong></span> <span class='ocrx_word' id='word_1_400' title='bbox 2557 2700 2786 2745; x_wconf 86' lang='lat' dir='ltr'><strong>naturas</strong></span> <span class='ocrx_word' id='word_1_401' title='bbox 2836 2691 3076 2743; x_wconf 89' lang='lat' dir='ltr'><strong>animam</strong></span> <span class='ocrx_word' id='word_1_402' title='bbox 3130 2688 3372 2742; x_wconf 85' lang='lat' dir='ltr'><strong>transire</strong></span> <span class='ocrx_word' id='word_1_403' title='bbox 3425 2697 3589 2756; x_wconf 86' lang='lat' dir='ltr'><strong>atque</strong></span> 
     </span>
    </p>
   </div>
   <div class='ocr_carea' id='block_1_48' title="bbox 311 2780 1898 2854">
    <p class='ocr_par' dir='ltr' id='par_1_48' title="bbox 311 2780 1890 2854">
     <span class='ocr_line' id='line_1_48' title="bbox 311 2780 1890 2854; baseline 0 -18"><span class='ocrx_word' id='word_1_404' title='bbox 311 2783 529 2837; x_wconf 81' lang='grc' dir='ltr'>δοκοῦσι</span> <span class='ocrx_word' id='word_1_405' title='bbox 555 2781 653 2845; x_wconf 77' lang='grc' dir='ltr'><strong>τὰς</strong></span> <span class='ocrx_word' id='word_1_406' title='bbox 689 2781 789 2851; x_wconf 81' lang='grc' dir='ltr'>τῆς</span> <span class='ocrx_word' id='word_1_407' title='bbox 827 2780 1041 2851; x_wconf 85' lang='grc' dir='ltr'>φύσεως</span> <span class='ocrx_word' id='word_1_408' title='bbox 1070 2782 1337 2851; x_wconf 76' lang='grc' dir='ltr'>ἰδιότητας</span> <span class='ocrx_word' id='word_1_409' title='bbox 1357 2798 1371 2812; x_wconf 73' lang='grc'><strong><em>⁸</em></strong></span> <span class='ocrx_word' id='word_1_410' title='bbox 1432 2781 1526 2835; x_wconf 81' lang='grc' dir='ltr'><strong>καὶ</strong></span> <span class='ocrx_word' id='word_1_411' title='bbox 1559 2781 1737 2835; x_wconf 87' lang='grc' dir='ltr'>πάντα</span> <span class='ocrx_word' id='word_1_412' title='bbox 1784 2783 1890 2854; x_wconf 75' lang='grc' dir='ltr'>χρὴ</span> 
     </span>
    </p>
   </div>
   <div class='ocr_carea' id='block_1_49' title="bbox 2005 2780 3590 2854">
    <p class='ocr_par' dir='ltr' id='par_1_49' title="bbox 2005 2782 3590 2853">
     <span class='ocr_line' id='line_1_49' title="bbox 2005 2782 3590 2853; baseline -0.003 -18"><span class='ocrx_word' id='word_1_413' title='bbox 2005 2782 2234 2853; x_wconf 79' lang='lat' dir='ltr'><strong>migrare</strong></span> <span class='ocrx_word' id='word_1_414' title='bbox 2268 2784 2465 2853; x_wconf 82' lang='lat' dir='ltr'><strong>placet,</strong></span> <span class='ocrx_word' id='word_1_415' title='bbox 2523 2783 2578 2837; x_wconf 92' lang='lat' dir='ltr'><strong>hi</strong></span> <span class='ocrx_word' id='word_1_416' title='bbox 2629 2783 2763 2838; x_wconf 88' lang='lat' dir='ltr'><strong>mihi</strong></span> <span class='ocrx_word' id='word_1_417' title='bbox 2810 2783 3175 2853; x_wconf 87' lang='lat' dir='ltr'><strong>proprietates</strong></span> <span class='ocrx_word' id='word_1_418' title='bbox 3218 2790 3430 2834; x_wconf 67' lang='lat' dir='ltr'><strong>natura:</strong></span> <span class='ocrx_word' id='word_1_419' title='bbox 3457 2793 3590 2833; x_wconf 88' lang='lat' dir='ltr'><strong>cou-</strong></span> 
     </span>
    </p>
   </div>
   <div class='ocr_carea' id='block_1_50' title="bbox 314 2870 1898 2945">
    <p class='ocr_par' dir='ltr' id='par_1_50' title="bbox 314 2870 1892 2944">
     <span class='ocr_line' id='line_1_50' title="bbox 314 2870 1892 2944; baseline 0.001 -19"><span class='ocrx_word' id='word_1_420' title='bbox 314 2875 429 2944; x_wconf 72' lang='grc' dir='ltr'>(ει)</span> <span class='ocrx_word' id='word_1_421' title='bbox 450 2870 840 2944; x_wconf 79' lang='grc' dir='ltr'>καταμιγνύειν</span> <span class='ocrx_word' id='word_1_422' title='bbox 868 2891 927 2927; x_wconf 88' lang='grc' dir='ltr'><strong>τε</strong></span> <span class='ocrx_word' id='word_1_423' title='bbox 955 2874 1047 2928; x_wconf 72' lang='grc' dir='ltr'><strong>καὶ</strong></span> <span class='ocrx_word' id='word_1_424' title='bbox 1075 2873 1376 2944; x_wconf 79' lang='grc' dir='ltr'>ἀναφύρειν</span> <span class='ocrx_word' id='word_1_425' title='bbox 1408 2873 1544 2944; x_wconf 77' lang='grc' dir='ltr'>πρὸς</span> <span class='ocrx_word' id='word_1_426' title='bbox 1581 2872 1804 2943; x_wconf 78' lang='grc' dir='ltr'>ἄλληλα,</span> <span class='ocrx_word' id='word_1_427' title='bbox 1833 2874 1892 2926; x_wconf 87' lang='grc' dir='ltr'>τὸ</span> 
     </span>
    </p>
   </div>
   <div class='ocr_carea' id='block_1_51' title="bbox 2005 2870 3597 2945">
    <p class='ocr_par' dir='ltr' id='par_1_51' title="bbox 2005 2871 3597 2945">
     <span class='ocr_line' id='line_1_51' title="bbox 2005 2871 3597 2945; baseline 0 -20"><span class='ocrx_word' id='word_1_428' title='bbox 2005 2871 2231 2929; x_wconf 82' lang='lat' dir='ltr'><strong>fundere</strong></span> <span class='ocrx_word' id='word_1_429' title='bbox 2260 2875 2552 2942; x_wconf 87' lang='lat' dir='ltr'><strong>videntur;</strong></span> <span class='ocrx_word' id='word_1_430' title='bbox 2619 2890 2920 2945; x_wconf 88' lang='lat' dir='ltr'><strong>omnesque</strong></span> <span class='ocrx_word' id='word_1_431' title='bbox 2970 2890 3056 2930; x_wconf 90' lang='lat' dir='ltr'><strong>res</strong></span> <span class='ocrx_word' id='word_1_432' title='bbox 3111 2874 3255 2927; x_wconf 86' lang='lat' dir='ltr'><strong>inter</strong></span> <span class='ocrx_word' id='word_1_433' title='bbox 3292 2888 3414 2928; x_wconf 91' lang='lat' dir='ltr'><strong>sese</strong></span> <span class='ocrx_word' id='word_1_434' title='bbox 3462 2886 3597 2926; x_wconf 91' lang='lat' dir='ltr'><strong>con-</strong></span> 
     </span>
    </p>
   </div>
   <div class='ocr_carea' id='block_1_52' title="bbox 313 2960 1898 3064">
    <p class='ocr_par' dir='ltr' id='par_1_52' title="bbox 313 2960 1890 3035">
     <span class='ocr_line' id='line_1_52' title="bbox 313 2960 1890 3035; baseline -0.001 -16"><span class='ocrx_word' id='word_1_435' title='bbox 313 2965 531 3032; x_wconf 77' lang='grc' dir='ltr'>ἆλογον,</span> <span class='ocrx_word' id='word_1_436' title='bbox 557 2964 618 3018; x_wconf 81' lang='grc' dir='ltr'>τὸ</span> <span class='ocrx_word' id='word_1_437' title='bbox 645 2960 888 3032; x_wconf 75' lang='grc' dir='ltr'>λογικὸν,</span> <span class='ocrx_word' id='word_1_438' title='bbox 918 2963 978 3017; x_wconf 82' lang='grc' dir='ltr'>τὸ</span> <span class='ocrx_word' id='word_1_439' title='bbox 1011 2963 1323 3034; x_wconf 74' lang='grc' dir='ltr'>αἰσθητικὸν</span> <span class='ocrx_word' id='word_1_440' title='bbox 1350 2964 1462 3035; x_wconf 83' lang='lat'><strong>(65)</strong></span> <span class='ocrx_word' id='word_1_441' title='bbox 1486 3005 1499 3030; x_wconf 90' lang='lat'><strong>,</strong></span> <span class='ocrx_word' id='word_1_442' title='bbox 1538 2964 1600 3019; x_wconf 77' lang='grc' dir='ltr'>τὸ</span> <span class='ocrx_word' id='word_1_443' title='bbox 1633 2965 1890 3034; x_wconf 79' lang='grc' dir='ltr'>ἀναίσθη-</span> 
     </span>
    </p>
   </div>
   <div class='ocr_carea' id='block_1_53' title="bbox 2005 2960 3591 3064">
    <p class='ocr_par' dir='ltr' id='par_1_53' title="bbox 2005 2962 3591 3036">
     <span class='ocr_line' id='line_1_53' title="bbox 2005 2962 3591 3036; baseline 0.001 -17"><span class='ocrx_word' id='word_1_444' title='bbox 2005 2962 2232 3021; x_wconf 84' lang='lat' dir='ltr'><strong>fundere</strong></span> <span class='ocrx_word' id='word_1_445' title='bbox 2262 2974 2427 3036; x_wconf 90' lang='lat' dir='ltr'><strong>atque</strong></span> <span class='ocrx_word' id='word_1_446' title='bbox 2461 2967 2840 3031; x_wconf 86' lang='lat' dir='ltr'><strong>commiscere,</strong></span> <span class='ocrx_word' id='word_1_447' title='bbox 2872 2967 3087 3022; x_wconf 86' lang='lat' dir='ltr'><strong>ratione</strong></span> <span class='ocrx_word' id='word_1_448' title='bbox 3123 2980 3339 3032; x_wconf 81' lang='lat' dir='ltr'><strong>carens,</strong></span> <span class='ocrx_word' id='word_1_449' title='bbox 3372 2966 3591 3021; x_wconf 87' lang='lat' dir='ltr'><strong>ratione</strong></span> 
     </span>
    </p>
   </div>
   <div class='ocr_carea' id='block_1_54' title="bbox 314 3053 1892 3128">
    <p class='ocr_par' dir='ltr' id='par_1_54' title="bbox 314 3053 1892 3128">
     <span class='ocr_line' id='line_1_54' title="bbox 314 3053 1892 3128; baseline -0.001 -19"><span class='ocrx_word' id='word_1_450' title='bbox 314 3073 409 3109; x_wconf 89' lang='grc' dir='ltr'><strong>τον</strong></span> <span class='ocrx_word' id='word_1_451' title='bbox 436 3071 449 3084; x_wconf 94' lang='grc'><strong>·</strong></span> <span class='ocrx_word' id='word_1_452' title='bbox 482 3054 639 3126; x_wconf 73' lang='grc' dir='ltr'>εἰπερ</span> <span class='ocrx_word' id='word_1_453' title='bbox 670 3057 726 3107; x_wconf 80' lang='grc' dir='ltr'>ὲν</span> <span class='ocrx_word' id='word_1_454' title='bbox 753 3053 999 3125; x_wconf 84' lang='grc' dir='ltr'>ἀλλήλοις</span> <span class='ocrx_word' id='word_1_455' title='bbox 1025 3054 1198 3108; x_wconf 81' lang='grc' dir='ltr'>ταῦτα</span> <span class='ocrx_word' id='word_1_456' title='bbox 1224 3055 1453 3124; x_wconf 79' lang='grc' dir='ltr'>γένοιτο,</span> <span class='ocrx_word' id='word_1_457' title='bbox 1484 3056 1618 3127; x_wconf 75' lang='grc' dir='ltr'>μηδέ</span> <span class='ocrx_word' id='word_1_458' title='bbox 1649 3074 1752 3109; x_wconf 90' lang='grc' dir='ltr'>τινι</span> <span class='ocrx_word' id='word_1_459' title='bbox 1782 3055 1892 3128; x_wconf 88' lang='grc'>(66)</span> 
     </span>
    </p>
   </div>
   <div class='ocr_carea' id='block_1_55' title="bbox 317 3144 1895 3220">
    <p class='ocr_par' dir='ltr' id='par_1_55' title="bbox 317 3144 1895 3220">
     <span class='ocr_line' id='line_1_55' title="bbox 317 3144 1895 3220; baseline 0.001 -19"><span class='ocrx_word' id='word_1_460' title='bbox 317 3148 535 3217; x_wconf 81' lang='grc' dir='ltr'>φύσεως</span> <span class='ocrx_word' id='word_1_461' title='bbox 583 3146 758 3217; x_wconf 77' lang='grc' dir='ltr'>είρμῷ</span> <span class='ocrx_word' id='word_1_462' title='bbox 802 3146 944 3200; x_wconf 83' lang='grc' dir='ltr'>κατὰ</span> <span class='ocrx_word' id='word_1_463' title='bbox 975 3144 1037 3200; x_wconf 82' lang='grc' dir='ltr'>τὸ</span> <span class='ocrx_word' id='word_1_464' title='bbox 1084 3148 1474 3219; x_wconf 78' lang='grc' dir='ltr'>ἀμετάπτωτον</span> <span class='ocrx_word' id='word_1_465' title='bbox 1518 3148 1613 3202; x_wconf 75' lang='grc' dir='ltr'><strong>ἀπ’</strong></span> <span class='ocrx_word' id='word_1_466' title='bbox 1650 3148 1895 3220; x_wconf 79' lang='grc' dir='ltr'>ἀλλήλων</span> 
     </span>
    </p>
   </div>
   <div class='ocr_carea' id='block_1_56' title="bbox 316 3236 1892 3309">
    <p class='ocr_par' dir='ltr' id='par_1_56' title="bbox 316 3236 1892 3309">
     <span class='ocr_line' id='line_1_56' title="bbox 316 3236 1892 3309; baseline -0.002 -18"><span class='ocrx_word' id='word_1_467' title='bbox 316 3237 781 3308; x_wconf 76' lang='grc' dir='ltr'>διαστοιχιζόμενα</span> <span class='ocrx_word' id='word_1_468' title='bbox 803 3236 936 3308; x_wconf 91' lang='grc'>(67).</span> <span class='ocrx_word' id='word_1_469' title='bbox 960 3237 1032 3291; x_wconf 85' lang='grc' dir='ltr'>Τὸ</span> <span class='ocrx_word' id='word_1_470' title='bbox 1060 3237 1168 3309; x_wconf 87' lang='grc' dir='ltr'>γὰρ</span> <span class='ocrx_word' id='word_1_471' title='bbox 1194 3239 1291 3309; x_wconf 76' lang='grc' dir='ltr'>τὴν</span> <span class='ocrx_word' id='word_1_472' title='bbox 1314 3239 1480 3309; x_wconf 71' lang='grc' dir='ltr'>αὐτὴν</span> <span class='ocrx_word' id='word_1_473' title='bbox 1500 3237 1678 3309; x_wconf 72' lang='grc' dir='ltr'>ψυχὴν</span> <span class='ocrx_word' id='word_1_474' title='bbox 1694 3237 1892 3306; x_wconf 82' lang='grc' dir='ltr'>λέγειν,</span> 
     </span>
    </p>
   </div>
   <div class='ocr_carea' id='block_1_57' title="bbox 318 3328 1894 3401">
    <p class='ocr_par' dir='ltr' id='par_1_57' title="bbox 318 3328 1894 3401">
     <span class='ocr_line' id='line_1_57' title="bbox 318 3328 1894 3401; baseline -0.003 -15"><span class='ocrx_word' id='word_1_475' title='bbox 318 3333 416 3387; x_wconf 84' lang='grc' dir='ltr'>νῦν</span> <span class='ocrx_word' id='word_1_476' title='bbox 445 3331 544 3401; x_wconf 85' lang='grc' dir='ltr'>μὲν</span> <span class='ocrx_word' id='word_1_477' title='bbox 573 3330 794 3401; x_wconf 67' lang='grc' dir='ltr'>λογικήν</span> <span class='ocrx_word' id='word_1_478' title='bbox 822 3348 880 3384; x_wconf 91' lang='grc' dir='ltr'><strong>τε</strong></span> <span class='ocrx_word' id='word_1_479' title='bbox 911 3330 1005 3384; x_wconf 83' lang='grc' dir='ltr'><strong>καὶ</strong></span> <span class='ocrx_word' id='word_1_480' title='bbox 1036 3331 1402 3401; x_wconf 74' lang='grc' dir='ltr'>διανοητικὴν.</span> <span class='ocrx_word' id='word_1_481' title='bbox 1441 3330 1528 3385; x_wconf 75' lang='grc' dir='ltr'>διὰ</span> <span class='ocrx_word' id='word_1_482' title='bbox 1553 3331 1651 3399; x_wconf 75' lang='grc' dir='ltr'>τῆς</span> <span class='ocrx_word' id='word_1_483' title='bbox 1683 3328 1894 3383; x_wconf 77' lang='grc' dir='ltr'>τοιᾶσδε</span> 
     </span>
    </p>
   </div>
   <div class='ocr_carea' id='block_1_58' title="bbox 318 3421 1896 3493">
    <p class='ocr_par' dir='ltr' id='par_1_58' title="bbox 318 3421 1896 3493">
     <span class='ocr_line' id='line_1_58' title="bbox 318 3421 1896 3493; baseline -0.001 -16"><span class='ocrx_word' id='word_1_484' title='bbox 318 3424 414 3477; x_wconf 74' lang='grc' dir='ltr'>τοῦ</span> <span class='ocrx_word' id='word_1_485' title='bbox 449 3423 697 3492; x_wconf 85' lang='grc' dir='ltr'>σώματος</span> <span class='ocrx_word' id='word_1_486' title='bbox 719 3421 1014 3493; x_wconf 76' lang='grc' dir='ltr'>περιϐολῆς</span> <span class='ocrx_word' id='word_1_487' title='bbox 1043 3422 1320 3491; x_wconf 79' lang='grc' dir='ltr'>γίνεσθαι·</span> <span class='ocrx_word' id='word_1_488' title='bbox 1350 3423 1510 3476; x_wconf 84' lang='grc' dir='ltr'>πάλιν</span> <span class='ocrx_word' id='word_1_489' title='bbox 1538 3422 1594 3475; x_wconf 84' lang='grc' dir='ltr'>δὲ</span> <span class='ocrx_word' id='word_1_490' title='bbox 1620 3421 1756 3492; x_wconf 72' lang='grc' dir='ltr'>μετὰ</span> <span class='ocrx_word' id='word_1_491' title='bbox 1787 3421 1896 3475; x_wconf 80' lang='grc' dir='ltr'><strong>τῶν</strong></span> 
     </span>
    </p>
   </div>
   <div class='ocr_carea' id='block_1_59' title="bbox 319 3511 1896 3587">
    <p class='ocr_par' dir='ltr' id='par_1_59' title="bbox 319 3511 1896 3587">
     <span class='ocr_line' id='line_1_59' title="bbox 319 3511 1896 3587; baseline -0.003 -18"><span class='ocrx_word' id='word_1_492' title='bbox 319 3515 565 3587; x_wconf 78' lang='grc' dir='ltr'>ἑρπετῶν</span> <span class='ocrx_word' id='word_1_493' title='bbox 602 3513 863 3584; x_wconf 80' lang='grc' dir='ltr'>φωλεύειν</span> <span class='ocrx_word' id='word_1_494' title='bbox 888 3512 1021 3585; x_wconf 88' lang='grc'>(68),</span> <span class='ocrx_word' id='word_1_495' title='bbox 1061 3513 1094 3584; x_wconf 83' lang='grc' dir='ltr'>ἢ</span> <span class='ocrx_word' id='word_1_496' title='bbox 1144 3516 1255 3578; x_wconf 84' lang='grc' dir='ltr'>τοῖς</span> <span class='ocrx_word' id='word_1_497' title='bbox 1289 3513 1495 3584; x_wconf 79' lang='grc' dir='ltr'>ὀρνέοις</span> <span class='ocrx_word' id='word_1_498' title='bbox 1535 3511 1896 3580; x_wconf 78' lang='grc' dir='ltr'>συναγελάζε-</span> 
     </span>
    </p>
   </div>
   <div class='ocr_carea' id='block_1_60' title="bbox 322 3603 1896 3677">
    <p class='ocr_par' dir='ltr' id='par_1_60' title="bbox 322 3603 1896 3677">
     <span class='ocr_line' id='line_1_60' title="bbox 322 3603 1896 3677; baseline -0.002 -19"><span class='ocrx_word' id='word_1_499' title='bbox 322 3606 471 3669; x_wconf 78' lang='grc' dir='ltr'>σθαι,</span> <span class='ocrx_word' id='word_1_500' title='bbox 524 3604 558 3675; x_wconf 78' lang='grc' dir='ltr'>ἢ</span> <span class='ocrx_word' id='word_1_501' title='bbox 601 3604 944 3677; x_wconf 82' lang='grc' dir='ltr'>ἀχθοφορεῖν,</span> <span class='ocrx_word' id='word_1_502' title='bbox 986 3604 1018 3676; x_wconf 83' lang='grc' dir='ltr'>ἢ</span> <span class='ocrx_word' id='word_1_503' title='bbox 1065 3604 1439 3675; x_wconf 71' lang='grc' dir='ltr'>σαρκοϐορεῖν,</span> <span class='ocrx_word' id='word_1_504' title='bbox 1485 3604 1520 3675; x_wconf 81' lang='grc' dir='ltr'>ἢ</span> <span class='ocrx_word' id='word_1_505' title='bbox 1569 3603 1896 3675; x_wconf 78' lang='grc' dir='ltr'>ὑποϐρύχιον</span> 
     </span>
    </p>
   </div>
   <div class='ocr_carea' id='block_1_61' title="bbox 321 3695 1898 3768">
    <p class='ocr_par' dir='ltr' id='par_1_61' title="bbox 321 3695 1898 3768">
     <span class='ocr_line' id='line_1_61' title="bbox 321 3695 1898 3768; baseline -0.003 -17"><span class='ocrx_word' id='word_1_506' title='bbox 321 3695 484 3762; x_wconf 75' lang='grc' dir='ltr'>εἶναι,</span> <span class='ocrx_word' id='word_1_507' title='bbox 515 3697 548 3768; x_wconf 75' lang='grc' dir='ltr'>ἢ</span> <span class='ocrx_word' id='word_1_508' title='bbox 582 3700 675 3751; x_wconf 77' lang='grc' dir='ltr'><strong>καὶ</strong></span> <span class='ocrx_word' id='word_1_509' title='bbox 702 3696 839 3766; x_wconf 81' lang='grc' dir='ltr'>πρὸς</span> <span class='ocrx_word' id='word_1_510' title='bbox 869 3696 929 3748; x_wconf 87' lang='grc' dir='ltr'>τὸ</span> <span class='ocrx_word' id='word_1_511' title='bbox 962 3696 1285 3767; x_wconf 78' lang='grc' dir='ltr'>ἀναίσθητον</span> <span class='ocrx_word' id='word_1_512' title='bbox 1311 3696 1690 3766; x_wconf 75' lang='grc' dir='ltr'>μεταπίπτειν,</span> <span class='ocrx_word' id='word_1_513' title='bbox 1721 3695 1898 3766; x_wconf 79' lang='grc' dir='ltr'>ριζου-</span> 
     </span>
    </p>
   </div>
   <div class='ocr_carea' id='block_1_62' title="bbox 325 3786 1896 3861">
    <p class='ocr_par' dir='ltr' id='par_1_62' title="bbox 325 3786 1896 3861">
     <span class='ocr_line' id='line_1_62' title="bbox 325 3786 1896 3861; baseline -0.002 -19"><span class='ocrx_word' id='word_1_514' title='bbox 325 3789 499 3861; x_wconf 84' lang='grc' dir='ltr'>μένην</span> <span class='ocrx_word' id='word_1_515' title='bbox 534 3805 595 3841; x_wconf 90' lang='grc' dir='ltr'><strong>τε</strong></span> <span class='ocrx_word' id='word_1_516' title='bbox 643 3789 738 3842; x_wconf 72' lang='grc' dir='ltr'><strong>καὶ</strong></span> <span class='ocrx_word' id='word_1_517' title='bbox 780 3786 1309 3859; x_wconf 80' lang='grc' dir='ltr'>ἀποδενδρουμένην,</span> <span class='ocrx_word' id='word_1_518' title='bbox 1359 3787 1453 3841; x_wconf 81' lang='grc' dir='ltr'><strong>καὶ</strong></span> <span class='ocrx_word' id='word_1_519' title='bbox 1483 3787 1693 3841; x_wconf 84' lang='grc' dir='ltr'>κλάδων</span> <span class='ocrx_word' id='word_1_520' title='bbox 1724 3786 1896 3857; x_wconf 64' lang='lat' dir='ltr'><strong>smpti-</strong></span> 
     </span>
    </p>
   </div>
   <div class='ocr_carea' id='block_1_63' title="bbox 325 3873 1896 3950">
    <p class='ocr_par' dir='ltr' id='par_1_63' title="bbox 325 3873 1896 3950">
     <span class='ocr_line' id='line_1_63' title="bbox 325 3873 1896 3950; baseline -0.003 -14"><span class='ocrx_word' id='word_1_521' title='bbox 325 3899 440 3946; x_wconf 85' lang='grc' dir='ltr'>σεις</span> <span class='ocrx_word' id='word_1_522' title='bbox 465 3880 575 3950; x_wconf 82' lang='grc'>(69)</span> <span class='ocrx_word' id='word_1_523' title='bbox 607 3876 1130 3937; x_wconf 81' lang='grc' dir='ltr'>ἀναϐλαστάνουσαν.</span> <span class='ocrx_word' id='word_1_524' title='bbox 1164 3879 1257 3933; x_wconf 67' lang='grc' dir='ltr'><strong>καὶ</strong></span> <span class='ocrx_word' id='word_1_525' title='bbox 1303 3873 1360 3932; x_wconf 76' lang='grc' dir='ltr'>ἐν</span> <span class='ocrx_word' id='word_1_526' title='bbox 1406 3878 1615 3942; x_wconf 80' lang='grc' dir='ltr'>τούτοις</span> <span class='ocrx_word' id='word_1_527' title='bbox 1649 3878 1684 3950; x_wconf 83' lang='grc' dir='ltr'><strong>ἢ</strong></span> <span class='ocrx_word' id='word_1_528' title='bbox 1715 3877 1896 3942; x_wconf 78' lang='grc' dir='ltr'>ἄνθος,</span> 
     </span>
    </p>
   </div>
   <div class='ocr_carea' id='block_1_64' title="bbox 322 3968 1895 4046">
    <p class='ocr_par' dir='ltr' id='par_1_64' title="bbox 322 3968 1895 4046">
     <span class='ocr_line' id='line_1_64' title="bbox 322 3968 1895 4046; baseline -0.003 -19"><span class='ocrx_word' id='word_1_529' title='bbox 322 3975 359 4046; x_wconf 76' lang='grc' dir='ltr'><strong>ἧ</strong></span> <span class='ocrx_word' id='word_1_530' title='bbox 384 3969 623 4042; x_wconf 81' lang='grc' dir='ltr'>ἀκάνθην</span> <span class='ocrx_word' id='word_1_531' title='bbox 642 3970 774 4043; x_wconf 76' lang='grc'>(70),</span> <span class='ocrx_word' id='word_1_532' title='bbox 790 3970 824 4041; x_wconf 82' lang='grc' dir='ltr'><strong>ἢ</strong></span> <span class='ocrx_word' id='word_1_533' title='bbox 841 3969 1101 4043; x_wconf 86' lang='grc' dir='ltr'>τρόφιμόν</span> <span class='ocrx_word' id='word_1_534' title='bbox 1117 3990 1169 4025; x_wconf 89' lang='grc' dir='ltr'><strong>τι</strong></span> <span class='ocrx_word' id='word_1_535' title='bbox 1191 3968 1535 4042; x_wconf 76' lang='grc' dir='ltr'>φυομένην,ἢ</span> <span class='ocrx_word' id='word_1_536' title='bbox 1556 3969 1895 4040; x_wconf 83' lang='grc' dir='ltr'>δηλητήριον,</span> 
     </span>
    </p>
   </div>
   <div class='ocr_carea' id='block_1_65' title="bbox 322 4061 1899 4135">
    <p class='ocr_par' dir='ltr' id='par_1_65' title="bbox 322 4061 1899 4135">
     <span class='ocr_line' id='line_1_65' title="bbox 322 4061 1899 4135; baseline -0.004 -15"><span class='ocrx_word' id='word_1_537' title='bbox 322 4067 478 4121; x_wconf 82' lang='grc' dir='ltr'>οὐδὲν</span> <span class='ocrx_word' id='word_1_538' title='bbox 505 4065 688 4135; x_wconf 76' lang='grc' dir='ltr'>ἕτερόν</span> <span class='ocrx_word' id='word_1_539' title='bbox 715 4066 881 4128; x_wconf 78' lang='grc' dir='ltr'>ἐστιν,</span> <span class='ocrx_word' id='word_1_540' title='bbox 909 4064 942 4135; x_wconf 83' lang='grc' dir='ltr'>ἢ</span> <span class='ocrx_word' id='word_1_541' title='bbox 971 4064 1166 4117; x_wconf 77' lang='grc' dir='ltr'>ταύτὸν</span> <span class='ocrx_word' id='word_1_542' title='bbox 1196 4061 1450 4134; x_wconf 77' lang='grc' dir='ltr'>ἡγεῖσθαι</span> <span class='ocrx_word' id='word_1_543' title='bbox 1478 4063 1547 4117; x_wconf 86' lang='grc' dir='ltr'>τὰ</span> <span class='ocrx_word' id='word_1_544' title='bbox 1577 4062 1776 4128; x_wconf 80' lang='grc' dir='ltr'>πάντα,</span> <span class='ocrx_word' id='word_1_545' title='bbox 1806 4062 1899 4116; x_wconf 76' lang='grc' dir='ltr'><strong>καὶ</strong></span> 
     </span>
    </p>
   </div>
   <div class='ocr_carea' id='block_1_66' title="bbox 327 4148 1901 4228">
    <p class='ocr_par' dir='ltr' id='par_1_66' title="bbox 327 4148 1901 4228">
     <span class='ocr_line' id='line_1_66' title="bbox 327 4148 1901 4228; baseline -0.001 -19"><span class='ocrx_word' id='word_1_546' title='bbox 327 4156 455 4228; x_wconf 80' lang='grc' dir='ltr'>μίαν</span> <span class='ocrx_word' id='word_1_547' title='bbox 485 4157 543 4209; x_wconf 79' lang='grc' dir='ltr'>ἐν</span> <span class='ocrx_word' id='word_1_548' title='bbox 564 4157 675 4218; x_wconf 80' lang='grc' dir='ltr'>τοῖς</span> <span class='ocrx_word' id='word_1_549' title='bbox 701 4150 849 4209; x_wconf 73' lang='grc' dir='ltr'>οὖσιν</span> <span class='ocrx_word' id='word_1_550' title='bbox 882 4148 1018 4208; x_wconf 80' lang='grc' dir='ltr'>εἶναι</span> <span class='ocrx_word' id='word_1_551' title='bbox 1045 4153 1143 4227; x_wconf 78' lang='grc' dir='ltr'>τὴν</span> <span class='ocrx_word' id='word_1_552' title='bbox 1168 4153 1278 4225; x_wconf 78' lang='grc'>(71)</span> <span class='ocrx_word' id='word_1_553' title='bbox 1299 4153 1461 4225; x_wconf 87' lang='grc' dir='ltr'>φύσιν</span> <span class='ocrx_word' id='word_1_554' title='bbox 1482 4154 1539 4207; x_wconf 81' lang='grc' dir='ltr'>ὲν</span> <span class='ocrx_word' id='word_1_555' title='bbox 1562 4153 1901 4225; x_wconf 79' lang='grc' dir='ltr'>συγκεχυμέ-</span> 
     </span>
    </p>
   </div>
   <div class='ocr_carea' id='block_1_67' title="bbox 322 4240 1901 4320">
    <p class='ocr_par' dir='ltr' id='par_1_67' title="bbox 322 4240 1901 4320">
     <span class='ocr_line' id='line_1_67' title="bbox 322 4240 1901 4320; baseline -0.002 -19"><span class='ocrx_word' id='word_1_556' title='bbox 322 4264 394 4320; x_wconf 67' lang='lat' dir='ltr'><strong>vn</strong></span> <span class='ocrx_word' id='word_1_557' title='bbox 407 4248 514 4301; x_wconf 78' lang='grc' dir='ltr'>τινὶ</span> <span class='ocrx_word' id='word_1_558' title='bbox 529 4245 622 4301; x_wconf 73' lang='grc' dir='ltr'><strong>καὶ</strong></span> <span class='ocrx_word' id='word_1_559' title='bbox 638 4244 934 4318; x_wconf 82' lang='grc' dir='ltr'>ἀδιακρίτῳ</span> <span class='ocrx_word' id='word_1_560' title='bbox 951 4240 1205 4316; x_wconf 85' lang='grc' dir='ltr'>κοινωνίᾳ</span> <span class='ocrx_word' id='word_1_561' title='bbox 1221 4246 1576 4316; x_wconf 77' lang='grc' dir='ltr'>πεφυρμένην</span> <span class='ocrx_word' id='word_1_562' title='bbox 1593 4244 1728 4317; x_wconf 74' lang='grc'>(72),</span> <span class='ocrx_word' id='word_1_563' title='bbox 1747 4245 1901 4318; x_wconf 88' lang='grc' dir='ltr'>μηδε-</span> 
     </span>
    </p>
   </div>
   <div class='ocr_carea' id='block_1_68' title="bbox 2004 3057 3589 3130">
    <p class='ocr_par' dir='ltr' id='par_1_68' title="bbox 2004 3057 3589 3130">
     <span class='ocr_line' id='line_1_68' title="bbox 2004 3057 3589 3130; baseline -0.001 -18"><span class='ocrx_word' id='word_1_564' title='bbox 2004 3057 2316 3127; x_wconf 60' lang='lat' dir='ltr'><strong>praeditum,</strong></span> <span class='ocrx_word' id='word_1_565' title='bbox 2354 3074 2518 3115; x_wconf 90' lang='lat' dir='ltr'><strong>sensu</strong></span> <span class='ocrx_word' id='word_1_566' title='bbox 2560 3059 2869 3130; x_wconf 67' lang='lat' dir='ltr'><strong>praeditum,</strong></span> <span class='ocrx_word' id='word_1_567' title='bbox 2914 3074 3083 3115; x_wconf 88' lang='lat' dir='ltr'><strong>sensu</strong></span> <span class='ocrx_word' id='word_1_568' title='bbox 3143 3074 3370 3123; x_wconf 83' lang='lat' dir='ltr'><strong>carens;</strong></span> <span class='ocrx_word' id='word_1_569' title='bbox 3414 3058 3589 3129; x_wconf 87' lang='lat' dir='ltr'><strong>siqui-</strong></span> 
     </span>
    </p>
   </div>
   <div class='ocr_carea' id='block_1_69' title="bbox 2004 3149 3589 3215">
    <p class='ocr_par' dir='ltr' id='par_1_69' title="bbox 2004 3149 3589 3215">
     <span class='ocr_line' id='line_1_69' title="bbox 2004 3149 3589 3215; baseline 0.001 -12"><span class='ocrx_word' id='word_1_570' title='bbox 2004 3149 2126 3205; x_wconf 89' lang='lat' dir='ltr'><strong>dem</strong></span> <span class='ocrx_word' id='word_1_571' title='bbox 2171 3150 2286 3206; x_wconf 83' lang='lat' dir='ltr'><strong>liaee</strong></span> <span class='ocrx_word' id='word_1_572' title='bbox 2321 3150 2552 3207; x_wconf 85' lang='lat' dir='ltr'><strong>invicem</strong></span> <span class='ocrx_word' id='word_1_573' title='bbox 2593 3151 2743 3206; x_wconf 89' lang='lat' dir='ltr'><strong>aliud</strong></span> <span class='ocrx_word' id='word_1_574' title='bbox 2815 3151 2871 3206; x_wconf 92' lang='lat' dir='ltr'><strong>in</strong></span> <span class='ocrx_word' id='word_1_575' title='bbox 2906 3151 3016 3205; x_wconf 90' lang='lat' dir='ltr'><strong>alio</strong></span> <span class='ocrx_word' id='word_1_576' title='bbox 3060 3152 3190 3215; x_wconf 88' lang='lat' dir='ltr'><strong>sint,</strong></span> <span class='ocrx_word' id='word_1_577' title='bbox 3244 3150 3395 3205; x_wconf 93' lang='lat' dir='ltr'><strong>nullo</strong></span> <span class='ocrx_word' id='word_1_578' title='bbox 3429 3160 3589 3205; x_wconf 44' lang='lat' dir='ltr'><strong>natus</strong></span> 
     </span>
    </p>
   </div>
   <div class='ocr_carea' id='block_1_70' title="bbox 2004 3232 3590 3312">
    <p class='ocr_par' dir='ltr' id='par_1_70' title="bbox 2004 3232 3590 3312">
     <span class='ocr_line' id='line_1_70' title="bbox 2004 3232 3590 3312; baseline 0.002 -16"><span class='ocrx_word' id='word_1_579' title='bbox 2004 3257 2079 3296; x_wconf 63' lang='grc' dir='ltr'><strong>ηιξ</strong></span> <span class='ocrx_word' id='word_1_580' title='bbox 2132 3242 2289 3312; x_wconf 88' lang='lat' dir='ltr'><strong>quasi</strong></span> <span class='ocrx_word' id='word_1_581' title='bbox 2335 3257 2555 3299; x_wconf 72' lang='lat' dir='ltr'><strong>carcere</strong></span> <span class='ocrx_word' id='word_1_582' title='bbox 2604 3249 2659 3297; x_wconf 88' lang='lat' dir='ltr'><strong>et</strong></span> <span class='ocrx_word' id='word_1_583' title='bbox 2711 3244 2955 3300; x_wconf 87' lang='lat' dir='ltr'><strong>claustro</strong></span> <span class='ocrx_word' id='word_1_584' title='bbox 2998 3232 3410 3299; x_wconf 85' lang='lat' dir='ltr'><strong>immutabiliter</strong></span> <span class='ocrx_word' id='word_1_585' title='bbox 3455 3244 3590 3299; x_wconf 79' lang='lat' dir='ltr'><strong>alte-</strong></span> 
     </span>
    </p>
   </div>
   <div class='ocr_carea' id='block_1_71' title="bbox 2005 3333 3587 3404">
    <p class='ocr_par' dir='ltr' id='par_1_71' title="bbox 2005 3333 3587 3404">
     <span class='ocr_line' id='line_1_71' title="bbox 2005 3333 3587 3404; baseline 0.001 -17"><span class='ocrx_word' id='word_1_586' title='bbox 2005 3347 2127 3387; x_wconf 89' lang='lat' dir='ltr'><strong>rum</strong></span> <span class='ocrx_word' id='word_1_587' title='bbox 2187 3333 2255 3388; x_wconf 85' lang='lat' dir='ltr'><strong>ab</strong></span> <span class='ocrx_word' id='word_1_588' title='bbox 2316 3333 2491 3389; x_wconf 89' lang='lat' dir='ltr'><strong>altero</strong></span> <span class='ocrx_word' id='word_1_589' title='bbox 2534 3333 2828 3404; x_wconf 86' lang='lat' dir='ltr'><strong>dirempta.</strong></span> <span class='ocrx_word' id='word_1_590' title='bbox 2880 3333 3017 3389; x_wconf 88' lang='lat' dir='ltr'><strong>Nam</strong></span> <span class='ocrx_word' id='word_1_591' title='bbox 3064 3335 3313 3391; x_wconf 90' lang='lat' dir='ltr'><strong>eamdem</strong></span> <span class='ocrx_word' id='word_1_592' title='bbox 3352 3336 3587 3390; x_wconf 86' lang='lat' dir='ltr'><strong>animam</strong></span> 
     </span>
    </p>
   </div>
   <div class='ocr_carea' id='block_1_72' title="bbox 2005 3422 3588 3497">
    <p class='ocr_par' dir='ltr' id='par_1_72' title="bbox 2005 3422 3588 3497">
     <span class='ocr_line' id='line_1_72' title="bbox 2005 3422 3588 3497; baseline 0.003 -21"><span class='ocrx_word' id='word_1_593' title='bbox 2005 3422 2187 3477; x_wconf 90' lang='lat' dir='ltr'><strong>dicere</strong></span> <span class='ocrx_word' id='word_1_594' title='bbox 2265 3436 2414 3478; x_wconf 86' lang='lat' dir='ltr'><strong>nunc</strong></span> <span class='ocrx_word' id='word_1_595' title='bbox 2463 3425 2681 3495; x_wconf 86' lang='lat' dir='ltr'><strong>quidem</strong></span> <span class='ocrx_word' id='word_1_596' title='bbox 2735 3433 2791 3478; x_wconf 89' lang='lat' dir='ltr'><strong>et</strong></span> <span class='ocrx_word' id='word_1_597' title='bbox 2858 3427 3069 3481; x_wconf 89' lang='lat' dir='ltr'><strong>ratione</strong></span> <span class='ocrx_word' id='word_1_598' title='bbox 3120 3434 3172 3482; x_wconf 91' lang='lat' dir='ltr'><strong>et</strong></span> <span class='ocrx_word' id='word_1_599' title='bbox 3234 3427 3588 3497; x_wconf 85' lang='lat' dir='ltr'><strong>intelligentia</strong></span> 
     </span>
    </p>
   </div>
   <div class='ocr_carea' id='block_1_73' title="bbox 2004 3516 3588 3590">
    <p class='ocr_par' dir='ltr' id='par_1_73' title="bbox 2004 3516 3588 3590">
     <span class='ocr_line' id='line_1_73' title="bbox 2004 3516 3588 3590; baseline 0.004 -24"><span class='ocrx_word' id='word_1_600' title='bbox 2004 3520 2170 3582; x_wconf 89' lang='lat' dir='ltr'><strong>atque</strong></span> <span class='ocrx_word' id='word_1_601' title='bbox 2201 3516 2479 3585; x_wconf 81' lang='lat' dir='ltr'><strong>cogitandi</strong></span> <span class='ocrx_word' id='word_1_602' title='bbox 2513 3517 2561 3572; x_wconf 90' lang='lat' dir='ltr'><strong>vi</strong></span> <span class='ocrx_word' id='word_1_603' title='bbox 2596 3518 2906 3587; x_wconf 80' lang='lat' dir='ltr'><strong>praeditam,</strong></span> <span class='ocrx_word' id='word_1_604' title='bbox 2944 3533 3041 3588; x_wconf 88' lang='lat' dir='ltr'><strong>per</strong></span> <span class='ocrx_word' id='word_1_605' title='bbox 3086 3519 3247 3575; x_wconf 86' lang='lat' dir='ltr'><strong>talem</strong></span> <span class='ocrx_word' id='word_1_606' title='bbox 3298 3521 3588 3590; x_wconf 87' lang='lat' dir='ltr'><strong>quemdam</strong></span> 
     </span>
    </p>
   </div>
   <div class='ocr_carea' id='block_1_74' title="bbox 2006 3605 3591 3682">
    <p class='ocr_par' dir='ltr' id='par_1_74' title="bbox 2006 3605 3591 3682">
     <span class='ocr_line' id='line_1_74' title="bbox 2006 3605 3591 3682; baseline 0.005 -24"><span class='ocrx_word' id='word_1_607' title='bbox 2006 3605 2254 3674; x_wconf 91' lang='lat' dir='ltr'><strong>corporis</strong></span> <span class='ocrx_word' id='word_1_608' title='bbox 2301 3607 2560 3661; x_wconf 88' lang='lat' dir='ltr'><strong>amictum</strong></span> <span class='ocrx_word' id='word_1_609' title='bbox 2617 3607 2771 3673; x_wconf 81' lang='lat' dir='ltr'><strong>ﬁeri;</strong></span> <span class='ocrx_word' id='word_1_610' title='bbox 2812 3624 3034 3665; x_wconf 89' lang='lat' dir='ltr'><strong>rursum</strong></span> <span class='ocrx_word' id='word_1_611' title='bbox 3071 3626 3201 3665; x_wconf 89' lang='lat' dir='ltr'><strong>vero</strong></span> <span class='ocrx_word' id='word_1_612' title='bbox 3257 3626 3380 3666; x_wconf 90' lang='lat' dir='ltr'><strong>eum</strong></span> <span class='ocrx_word' id='word_1_613' title='bbox 3422 3615 3591 3682; x_wconf 68' lang='lat' dir='ltr'><strong>repti-</strong></span> 
     </span>
    </p>
   </div>
   <div class='ocr_carea' id='block_1_75' title="bbox 2007 3696 3591 3764">
    <p class='ocr_par' dir='ltr' id='par_1_75' title="bbox 2007 3696 3591 3764">
     <span class='ocr_line' id='line_1_75' title="bbox 2007 3696 3591 3764; baseline 0.008 -16"><span class='ocrx_word' id='word_1_614' title='bbox 2007 3696 2150 3752; x_wconf 90' lang='lat' dir='ltr'><strong>libus</strong></span> <span class='ocrx_word' id='word_1_615' title='bbox 2183 3697 2239 3751; x_wconf 93' lang='lat' dir='ltr'><strong>in</strong></span> <span class='ocrx_word' id='word_1_616' title='bbox 2278 3702 2531 3755; x_wconf 87' lang='lat' dir='ltr'><strong>cavernis</strong></span> <span class='ocrx_word' id='word_1_617' title='bbox 2575 3699 2789 3755; x_wconf 88' lang='lat' dir='ltr'><strong>latitare</strong></span> <span class='ocrx_word' id='word_1_618' title='bbox 2818 3740 2831 3764; x_wconf 92' lang='lat'><strong>,</strong></span> <span class='ocrx_word' id='word_1_619' title='bbox 2884 3709 2976 3756; x_wconf 86' lang='lat' dir='ltr'><strong>aut</strong></span> <span class='ocrx_word' id='word_1_620' title='bbox 3004 3717 3130 3757; x_wconf 87' lang='lat' dir='ltr'><strong>eum</strong></span> <span class='ocrx_word' id='word_1_621' title='bbox 3156 3703 3417 3760; x_wconf 87' lang='lat' dir='ltr'><strong>-aviculis</strong></span> <span class='ocrx_word' id='word_1_622' title='bbox 3460 3721 3591 3761; x_wconf 91' lang='lat' dir='ltr'><strong>con-</strong></span> 
     </span>
    </p>
   </div>
   <div class='ocr_carea' id='block_1_76' title="bbox 2005 3787 3591 3860">
    <p class='ocr_par' dir='ltr' id='par_1_76' title="bbox 2005 3787 3591 3860">
     <span class='ocr_line' id='line_1_76' title="bbox 2005 3787 3591 3860; baseline 0.008 -22"><span class='ocrx_word' id='word_1_623' title='bbox 2005 3787 2242 3855; x_wconf 77' lang='lat' dir='ltr'><strong>gregari,</strong></span> <span class='ocrx_word' id='word_1_624' title='bbox 2293 3796 2388 3842; x_wconf 89' lang='lat' dir='ltr'><strong>aut</strong></span> <span class='ocrx_word' id='word_1_625' title='bbox 2437 3788 2688 3844; x_wconf 90' lang='lat' dir='ltr'><strong>sarcinas</strong></span> <span class='ocrx_word' id='word_1_626' title='bbox 2750 3801 2999 3860; x_wconf 85' lang='lat' dir='ltr'><strong>gestare,</strong></span> <span class='ocrx_word' id='word_1_627' title='bbox 3029 3798 3124 3847; x_wconf 87' lang='lat' dir='ltr'><strong>aut</strong></span> <span class='ocrx_word' id='word_1_628' title='bbox 3173 3793 3362 3849; x_wconf 91' lang='lat' dir='ltr'><strong>crudis</strong></span> <span class='ocrx_word' id='word_1_629' title='bbox 3410 3796 3591 3850; x_wconf 89' lang='lat' dir='ltr'><strong>carni-</strong></span> 
     </span>
    </p>
   </div>
   <div class='ocr_carea' id='block_1_77' title="bbox 2008 3875 3589 3947">
    <p class='ocr_par' dir='ltr' id='par_1_77' title="bbox 2008 3875 3589 3947">
     <span class='ocr_line' id='line_1_77' title="bbox 2008 3875 3589 3947; baseline 0.006 -18"><span class='ocrx_word' id='word_1_630' title='bbox 2008 3875 2110 3930; x_wconf 89' lang='lat' dir='ltr'><strong>bus</strong></span> <span class='ocrx_word' id='word_1_631' title='bbox 2138 3876 2308 3943; x_wconf 81' lang='lat' dir='ltr'><strong>vesci,</strong></span> <span class='ocrx_word' id='word_1_632' title='bbox 2337 3885 2431 3932; x_wconf 90' lang='lat' dir='ltr'><strong>aut</strong></span> <span class='ocrx_word' id='word_1_633' title='bbox 2470 3881 2812 3937; x_wconf 85' lang='lat' dir='ltr'><strong>submersam</strong></span> <span class='ocrx_word' id='word_1_634' title='bbox 2842 3897 2985 3947; x_wconf 89' lang='lat' dir='ltr'><strong>esse,</strong></span> <span class='ocrx_word' id='word_1_635' title='bbox 3018 3890 3112 3938; x_wconf 88' lang='lat' dir='ltr'><strong>aut</strong></span> <span class='ocrx_word' id='word_1_636' title='bbox 3143 3884 3304 3938; x_wconf 84' lang='lat' dir='ltr'><strong>etiam</strong></span> <span class='ocrx_word' id='word_1_637' title='bbox 3338 3884 3391 3938; x_wconf 93' lang='lat' dir='ltr'><strong>in</strong></span> <span class='ocrx_word' id='word_1_638' title='bbox 3422 3901 3589 3941; x_wconf 82' lang='lat' dir='ltr'><strong>sensu</strong></span> 
     </span>
    </p>
   </div>
   <div class='ocr_carea' id='block_1_78' title="bbox 2006 3974 3591 4042">
    <p class='ocr_par' dir='ltr' id='par_1_78' title="bbox 2006 3974 3591 4042">
     <span class='ocr_line' id='line_1_78' title="bbox 2006 3974 3591 4042; baseline 0.006 -22"><span class='ocrx_word' id='word_1_639' title='bbox 2006 3974 2283 4024; x_wconf 83' lang='lat' dir='ltr'><strong>carentem</strong></span> <span class='ocrx_word' id='word_1_640' title='bbox 2347 3979 2598 4025; x_wconf 88' lang='lat' dir='ltr'><strong>naturam</strong></span> <span class='ocrx_word' id='word_1_641' title='bbox 2661 3974 2989 4042; x_wconf 80' lang='lat' dir='ltr'><strong>degenerare</strong></span> <span class='ocrx_word' id='word_1_642' title='bbox 3022 4012 3039 4038; x_wconf 90' lang='lat'><strong>,</strong></span> <span class='ocrx_word' id='word_1_643' title='bbox 3123 3981 3182 4028; x_wconf 83' lang='lat' dir='ltr'><strong>ut</strong></span> <span class='ocrx_word' id='word_1_644' title='bbox 3234 3975 3318 4029; x_wconf 89' lang='lat' dir='ltr'><strong>vel</strong></span> <span class='ocrx_word' id='word_1_645' title='bbox 3376 3975 3591 4031; x_wconf 77' lang='lat' dir='ltr'><strong>radices</strong></span> 
     </span>
    </p>
   </div>
   <div class='ocr_carea' id='block_1_79' title="bbox 2008 4061 3590 4135">
    <p class='ocr_par' dir='ltr' id='par_1_79' title="bbox 2008 4061 3590 4135">
     <span class='ocr_line' id='line_1_79' title="bbox 2008 4061 3590 4135; baseline 0.004 -24"><span class='ocrx_word' id='word_1_646' title='bbox 2008 4069 2151 4128; x_wconf 82' lang='lat' dir='ltr'><strong>agat,</strong></span> <span class='ocrx_word' id='word_1_647' title='bbox 2193 4061 2277 4115; x_wconf 89' lang='lat' dir='ltr'><strong>vel</strong></span> <span class='ocrx_word' id='word_1_648' title='bbox 2307 4062 2472 4116; x_wconf 88' lang='lat' dir='ltr'><strong>arbor</strong></span> <span class='ocrx_word' id='word_1_649' title='bbox 2504 4063 2720 4127; x_wconf 82' lang='lat' dir='ltr'><strong>evadat,</strong></span> <span class='ocrx_word' id='word_1_650' title='bbox 2753 4078 3145 4134; x_wconf 87' lang='lat' dir='ltr'><strong>ramorumque</strong></span> <span class='ocrx_word' id='word_1_651' title='bbox 3180 4066 3427 4135; x_wconf 84' lang='lat' dir='ltr'><strong>germina</strong></span> <span class='ocrx_word' id='word_1_652' title='bbox 3459 4081 3590 4133; x_wconf 90' lang='lat' dir='ltr'><strong>pro-</strong></span> 
     </span>
    </p>
   </div>
   <div class='ocr_carea' id='block_1_80' title="bbox 2007 4149 3591 4224">
    <p class='ocr_par' dir='ltr' id='par_1_80' title="bbox 2007 4149 3591 4224">
     <span class='ocr_line' id='line_1_80' title="bbox 2007 4149 3591 4224; baseline 0.003 -20"><span class='ocrx_word' id='word_1_653' title='bbox 2007 4149 2197 4215; x_wconf 89' lang='lat' dir='ltr'><strong>ducat,</strong></span> <span class='ocrx_word' id='word_1_654' title='bbox 2248 4160 2303 4206; x_wconf 92' lang='lat' dir='ltr'><strong>et</strong></span> <span class='ocrx_word' id='word_1_655' title='bbox 2346 4152 2402 4207; x_wconf 92' lang='lat' dir='ltr'><strong>in</strong></span> <span class='ocrx_word' id='word_1_656' title='bbox 2438 4152 2525 4208; x_wconf 92' lang='lat' dir='ltr'><strong>his</strong></span> <span class='ocrx_word' id='word_1_657' title='bbox 2562 4154 2647 4207; x_wconf 86' lang='lat' dir='ltr'><strong>vel</strong></span> <span class='ocrx_word' id='word_1_658' title='bbox 2703 4151 2826 4219; x_wconf 81' lang='lat' dir='ltr'><strong>llos,</strong></span> <span class='ocrx_word' id='word_1_659' title='bbox 2886 4154 2970 4209; x_wconf 86' lang='lat' dir='ltr'><strong>vel</strong></span> <span class='ocrx_word' id='word_1_660' title='bbox 3009 4155 3195 4222; x_wconf 89' lang='lat' dir='ltr'><strong>spina,</strong></span> <span class='ocrx_word' id='word_1_661' title='bbox 3253 4155 3336 4208; x_wconf 85' lang='lat' dir='ltr'><strong>vel</strong></span> <span class='ocrx_word' id='word_1_662' title='bbox 3385 4155 3591 4224; x_wconf 83' lang='lat' dir='ltr'><strong>aliquid</strong></span> 
     </span>
    </p>
   </div>
   <div class='ocr_carea' id='block_1_81' title="bbox 2009 4243 3590 4316">
    <p class='ocr_par' dir='ltr' id='par_1_81' title="bbox 2009 4243 3590 4316">
     <span class='ocr_line' id='line_1_81' title="bbox 2009 4243 3590 4316; baseline -0.001 -18"><span class='ocrx_word' id='word_1_663' title='bbox 2009 4243 2286 4299; x_wconf 89' lang='lat' dir='ltr'><strong>nutriendi</strong></span> <span class='ocrx_word' id='word_1_664' title='bbox 2350 4244 2403 4299; x_wconf 87' lang='lat' dir='ltr'><strong>vi</strong></span> <span class='ocrx_word' id='word_1_665' title='bbox 2456 4245 2746 4314; x_wconf 69' lang='lat' dir='ltr'><strong>praeditum</strong></span> <span class='ocrx_word' id='word_1_666' title='bbox 2782 4287 2798 4311; x_wconf 91' lang='lat'><strong>,</strong></span> <span class='ocrx_word' id='word_1_667' title='bbox 2855 4247 2940 4301; x_wconf 85' lang='lat' dir='ltr'><strong>vel</strong></span> <span class='ocrx_word' id='word_1_668' title='bbox 2991 4247 3214 4299; x_wconf 79' lang='lat' dir='ltr'><strong>noxium</strong></span> <span class='ocrx_word' id='word_1_669' title='bbox 3276 4245 3366 4298; x_wconf 84' lang='lat' dir='ltr'><strong>ﬁat</strong></span> <span class='ocrx_word' id='word_1_670' title='bbox 3426 4255 3590 4316; x_wconf 84' lang='lat' dir='ltr'><strong>atque</strong></span> 
     </span>
    </p>
   </div>
   <div class='ocr_carea' id='block_1_82' title="bbox 325 4333 1898 4415">
    <p class='ocr_par' dir='ltr' id='par_1_82' title="bbox 325 4333 1898 4411">
     <span class='ocr_line' id='line_1_82' title="bbox 325 4333 1898 4411; baseline -0.001 -18"><span class='ocrx_word' id='word_1_671' title='bbox 325 4342 456 4411; x_wconf 73' lang='grc' dir='ltr'>μιᾶς</span> <span class='ocrx_word' id='word_1_672' title='bbox 476 4338 732 4410; x_wconf 78' lang='grc' dir='ltr'>ἰδιότητος</span> <span class='ocrx_word' id='word_1_673' title='bbox 750 4338 810 4392; x_wconf 89' lang='grc' dir='ltr'>τὸ</span> <span class='ocrx_word' id='word_1_674' title='bbox 838 4338 1021 4408; x_wconf 73' lang='grc' dir='ltr'>ἕτερον</span> <span class='ocrx_word' id='word_1_675' title='bbox 1047 4338 1139 4392; x_wconf 81' lang='grc' dir='ltr'><strong>τοῦ</strong></span> <span class='ocrx_word' id='word_1_676' title='bbox 1165 4334 1351 4408; x_wconf 79' lang='grc' dir='ltr'>ἑτέρου</span> <span class='ocrx_word' id='word_1_677' title='bbox 1387 4333 1789 4408; x_wconf 83' lang='grc' dir='ltr'>ἀποκρινούσης</span> <span class='ocrx_word' id='word_1_678' title='bbox 1809 4375 1824 4390; x_wconf 91' lang='grc'><strong>.</strong></span> <span class='ocrx_word' id='word_1_679' title='bbox 1843 4337 1898 4391; x_wconf 85' lang='lat'><strong>&#39;0</strong></span> 
     </span>
    </p>
   </div>
   <div class='ocr_carea' id='block_1_83' title="bbox 2005 4333 3591 4415">
    <p class='ocr_par' dir='ltr' id='par_1_83' title="bbox 2005 4335 3591 4407">
     <span class='ocr_line' id='line_1_83' title="bbox 2005 4335 3591 4407; baseline 0 -15"><span class='ocrx_word' id='word_1_680' title='bbox 2005 4335 2222 4400; x_wconf 85' lang='lat' dir='ltr'><strong>evadat,</strong></span> <span class='ocrx_word' id='word_1_681' title='bbox 2252 4335 2388 4389; x_wconf 87' lang='lat' dir='ltr'><strong>nihil</strong></span> <span class='ocrx_word' id='word_1_682' title='bbox 2421 4335 2565 4390; x_wconf 89' lang='lat' dir='ltr'><strong>aliud</strong></span> <span class='ocrx_word' id='word_1_683' title='bbox 2601 4344 2708 4402; x_wconf 85' lang='lat' dir='ltr'><strong>est,</strong></span> <span class='ocrx_word' id='word_1_684' title='bbox 2762 4336 2867 4390; x_wconf 85' lang='lat' dir='ltr'><strong>nisi</strong></span> <span class='ocrx_word' id='word_1_685' title='bbox 2924 4335 3105 4390; x_wconf 88' lang='lat' dir='ltr'><strong>omnia</strong></span> <span class='ocrx_word' id='word_1_686' title='bbox 3153 4335 3293 4390; x_wconf 91' lang='lat' dir='ltr'><strong>idem</strong></span> <span class='ocrx_word' id='word_1_687' title='bbox 3329 4351 3450 4393; x_wconf 89' lang='lat' dir='ltr'><strong>esse</strong></span> <span class='ocrx_word' id='word_1_688' title='bbox 3491 4353 3591 4407; x_wconf 87' lang='lat' dir='ltr'><strong>pu-</strong></span> 
     </span>
    </p>
   </div>
   <div class='ocr_carea' id='block_1_84' title="bbox 321 4420 1893 4501">
    <p class='ocr_par' dir='ltr' id='par_1_84' title="bbox 321 4420 1893 4501">
     <span class='ocr_line' id='line_1_84' title="bbox 321 4420 1893 4501; baseline -0.004 -17"><span class='ocrx_word' id='word_1_689' title='bbox 321 4430 435 4501; x_wconf 57' lang='grc' dir='ltr'>ξὰρ</span> <span class='ocrx_word' id='word_1_690' title='bbox 459 4430 631 4498; x_wconf 83' lang='grc' dir='ltr'>λέγων</span> <span class='ocrx_word' id='word_1_691' title='bbox 661 4426 723 4482; x_wconf 78' lang='grc' dir='ltr'>τὸ</span> <span class='ocrx_word' id='word_1_692' title='bbox 750 4428 880 4482; x_wconf 74' lang='grc' dir='ltr'>αὐτὸ</span> <span class='ocrx_word' id='word_1_693' title='bbox 908 4431 965 4482; x_wconf 84' lang='grc' dir='ltr'>ὲν</span> <span class='ocrx_word' id='word_1_694' title='bbox 1016 4428 1178 4481; x_wconf 63' lang='grc' dir='ltr'>παντὶ</span> <span class='ocrx_word' id='word_1_695' title='bbox 1214 4420 1480 4497; x_wconf 83' lang='grc' dir='ltr'>γίνεσθαι,</span> <span class='ocrx_word' id='word_1_696' title='bbox 1511 4423 1663 4479; x_wconf 79' lang='grc' dir='ltr'>οὐδὲν</span> <span class='ocrx_word' id='word_1_697' title='bbox 1690 4425 1893 4496; x_wconf 75' lang='grc' dir='ltr'>ἕτερον,</span> 
     </span>
    </p>
   </div>
   <div class='ocr_carea' id='block_1_85' title="bbox 322 4516 1901 4593">
    <p class='ocr_par' dir='ltr' id='par_1_85' title="bbox 322 4516 1901 4593">
     <span class='ocr_line' id='line_1_85' title="bbox 322 4516 1901 4593; baseline -0.001 -19"><span class='ocrx_word' id='word_1_698' title='bbox 322 4523 358 4593; x_wconf 82' lang='grc' dir='ltr'><strong>ἢ</strong></span> <span class='ocrx_word' id='word_1_699' title='bbox 388 4522 447 4575; x_wconf 83' lang='grc' dir='ltr'>ἓν</span> <span class='ocrx_word' id='word_1_700' title='bbox 476 4518 613 4575; x_wconf 82' lang='grc' dir='ltr'>εἶναι</span> <span class='ocrx_word' id='word_1_701' title='bbox 642 4521 710 4575; x_wconf 77' lang='grc' dir='ltr'><strong>τὰ</strong></span> <span class='ocrx_word' id='word_1_702' title='bbox 736 4519 913 4575; x_wconf 84' lang='grc' dir='ltr'>πάντα</span> <span class='ocrx_word' id='word_1_703' title='bbox 944 4518 1210 4589; x_wconf 88' lang='grc' dir='ltr'>βούλεται,</span> <span class='ocrx_word' id='word_1_704' title='bbox 1235 4518 1333 4590; x_wconf 83' lang='grc' dir='ltr'>τῆς</span> <span class='ocrx_word' id='word_1_705' title='bbox 1361 4516 1766 4590; x_wconf 79' lang='grc' dir='ltr'>ἐμφαινομένης</span> <span class='ocrx_word' id='word_1_706' title='bbox 1784 4516 1901 4572; x_wconf 85' lang='grc' dir='ltr'>δια·-</span> 
     </span>
    </p>
   </div>
   <div class='ocr_carea' id='block_1_86' title="bbox 325 4605 1906 4687">
    <p class='ocr_par' dir='ltr' id='par_1_86' title="bbox 325 4605 1906 4687">
     <span class='ocr_line' id='line_1_86' title="bbox 325 4605 1906 4687; baseline -0.003 -20"><span class='ocrx_word' id='word_1_707' title='bbox 325 4615 502 4687; x_wconf 75' lang='grc' dir='ltr'>φορᾶς</span> <span class='ocrx_word' id='word_1_708' title='bbox 534 4617 643 4677; x_wconf 78' lang='grc' dir='ltr'>τοῖς</span> <span class='ocrx_word' id='word_1_709' title='bbox 662 4608 814 4667; x_wconf 83' lang='grc' dir='ltr'>οὖσιν</span> <span class='ocrx_word' id='word_1_710' title='bbox 840 4613 990 4665; x_wconf 72' lang='grc' dir='ltr'>οὐδὲν</span> <span class='ocrx_word' id='word_1_711' title='bbox 1022 4607 1159 4684; x_wconf 76' lang='grc' dir='ltr'>πρὸς</span> <span class='ocrx_word' id='word_1_712' title='bbox 1188 4605 1299 4683; x_wconf 86' lang='grc'>(75)</span> <span class='ocrx_word' id='word_1_713' title='bbox 1327 4607 1605 4680; x_wconf 82' lang='grc' dir='ltr'>ἐπιμιξίαν</span> <span class='ocrx_word' id='word_1_714' title='bbox 1628 4608 1737 4664; x_wconf 84' lang='grc' dir='ltr'>τῶν</span> <span class='ocrx_word' id='word_1_715' title='bbox 1760 4609 1906 4663; x_wconf 84' lang='grc' dir='ltr'>ἀκοι-</span> 
     </span>
    </p>
   </div>
   <div class='ocr_carea' id='block_1_87' title="bbox 326 4693 1904 4774">
    <p class='ocr_par' dir='ltr' id='par_1_87' title="bbox 326 4693 1904 4774">
     <span class='ocr_line' id='line_1_87' title="bbox 326 4693 1904 4774; baseline -0.006 -16"><span class='ocrx_word' id='word_1_716' title='bbox 326 4705 581 4774; x_wconf 83' lang='grc' dir='ltr'>νωνήτων</span> <span class='ocrx_word' id='word_1_717' title='bbox 619 4701 1052 4773; x_wconf 79' lang='grc' dir='ltr'>ἐμποδιζούσης·</span> <span class='ocrx_word' id='word_1_718' title='bbox 1101 4699 1178 4763; x_wconf 87' lang='grc' dir='ltr'><strong>ὡς</strong></span> <span class='ocrx_word' id='word_1_719' title='bbox 1221 4700 1468 4770; x_wconf 82' lang='grc' dir='ltr'>ἀνάγκην</span> <span class='ocrx_word' id='word_1_720' title='bbox 1501 4693 1659 4763; x_wconf 83' lang='grc' dir='ltr'>εῖναι,</span> <span class='ocrx_word' id='word_1_721' title='bbox 1701 4699 1803 4753; x_wconf 74' lang='grc' dir='ltr'>κᾶν</span> <span class='ocrx_word' id='word_1_722' title='bbox 1850 4715 1904 4751; x_wconf 89' lang='grc' dir='ltr'><strong>τι</strong></span> 
     </span>
    </p>
   </div>
   <div class='ocr_carea' id='block_1_88' title="bbox 323 4789 1902 4864">
    <p class='ocr_par' dir='ltr' id='par_1_88' title="bbox 323 4789 1902 4864">
     <span class='ocr_line' id='line_1_88' title="bbox 323 4789 1902 4864; baseline -0.003 -15"><span class='ocrx_word' id='word_1_723' title='bbox 323 4795 436 4849; x_wconf 85' lang='grc' dir='ltr'><strong>τῶν</strong></span> <span class='ocrx_word' id='word_1_724' title='bbox 469 4794 706 4859; x_wconf 74' lang='grc' dir='ltr'>ἰοϐόλων,</span> <span class='ocrx_word' id='word_1_725' title='bbox 736 4793 832 4848; x_wconf 74' lang='grc' dir='ltr'><strong>καὶ</strong></span> <span class='ocrx_word' id='word_1_726' title='bbox 859 4791 1210 4864; x_wconf 80' lang='grc' dir='ltr'>σαρκοϐόρων</span> <span class='ocrx_word' id='word_1_727' title='bbox 1241 4790 1353 4862; x_wconf 79' lang='grc'>(74)</span> <span class='ocrx_word' id='word_1_728' title='bbox 1385 4789 1667 4862; x_wconf 78' lang='grc' dir='ltr'>θεάσηται,</span> <span class='ocrx_word' id='word_1_729' title='bbox 1697 4790 1902 4861; x_wconf 75' lang='grc' dir='ltr'>ὁμόφυ-</span> 
     </span>
    </p>
   </div>
   <div class='ocr_carea' id='block_1_89' title="bbox 399 4975 1195 5049">
    <p class='ocr_par' dir='ltr' id='par_1_89' title="bbox 399 4975 1195 5049">
     <span class='ocr_line' id='line_1_89' title="bbox 399 4975 1195 5049; baseline 0 0"><span class='ocrx_word' id='word_1_730' title='bbox 399 4976 517 5049; x_wconf 62' lang='grc' dir='ltr'>(ξῖε)</span> <span class='ocrx_word' id='word_1_731' title='bbox 557 4979 640 5032; x_wconf 71' lang='grc' dir='ltr'>οὐ</span> <span class='ocrx_word' id='word_1_732' title='bbox 666 4976 806 5049; x_wconf 70' lang='grc' dir='ltr'><strong>γάρ.-</strong></span> <span class='ocrx_word' id='word_1_733' title='bbox 825 4977 868 5029; x_wconf 83' lang='lat' dir='ltr'><strong>B</strong></span> <span class='ocrx_word' id='word_1_734' title='bbox 895 4977 955 5030; x_wconf 67' lang='lat' dir='ltr'><strong>oo</strong></span> <span class='ocrx_word' id='word_1_735' title='bbox 981 4975 1195 5049; x_wconf 62' lang='grc' dir='ltr'><strong>γάρ-ἀν·</strong></span> 
     </span>
    </p>
   </div>
   <div class='ocr_carea' id='block_1_90' title="bbox 402 5046 1524 5116">
    <p class='ocr_par' dir='ltr' id='par_1_90' title="bbox 402 5046 1524 5116">
     <span class='ocr_line' id='line_1_90' title="bbox 402 5046 1524 5116; baseline -0.004 -15"><span class='ocrx_word' id='word_1_736' title='bbox 402 5046 514 5116; x_wconf 85' lang='grc'>(55)</span> <span class='ocrx_word' id='word_1_737' title='bbox 567 5046 964 5116; x_wconf 73' lang='grc' dir='ltr'>Ἐπίνὸήσεις.</span> <span class='ocrx_word' id='word_1_738' title='bbox 988 5046 1067 5109; x_wconf 79' lang='grc' dir='ltr'>Α,</span> <span class='ocrx_word' id='word_1_739' title='bbox 1086 5046 1128 5097; x_wconf 87' lang='grc' dir='ltr'><strong>Β</strong></span> <span class='ocrx_word' id='word_1_740' title='bbox 1160 5046 1524 5116; x_wconf 78' lang='grc' dir='ltr'>ἐπινοήσαιεν.</span> 
     </span>
    </p>
   </div>
   <div class='ocr_carea' id='block_1_91' title="bbox 403 5117 1236 5188">
    <p class='ocr_par' dir='ltr' id='par_1_91' title="bbox 403 5117 1236 5188">
     <span class='ocr_line' id='line_1_91' title="bbox 403 5117 1236 5188; baseline 0.007 -6"><span class='ocrx_word' id='word_1_741' title='bbox 403 5117 518 5188; x_wconf 65' lang='grc'>(54)</span> <span class='ocrx_word' id='word_1_742' title='bbox 557 5117 809 5188; x_wconf 78' lang='grc' dir='ltr'>Δρομῆςο</span> <span class='ocrx_word' id='word_1_743' title='bbox 845 5118 887 5169; x_wconf 84' lang='grc' dir='ltr'>Β</span> <span class='ocrx_word' id='word_1_744' title='bbox 913 5117 1236 5188; x_wconf 53' lang='grc' dir='ltr'>συνδρομῆςέ</span> 
     </span>
    </p>
   </div>
   <div class='ocr_carea' id='block_1_92' title="bbox 403 5185 1299 5259">
    <p class='ocr_par' dir='ltr' id='par_1_92' title="bbox 403 5185 1299 5259">
     <span class='ocr_line' id='line_1_92' title="bbox 403 5185 1299 5259; baseline -0.006 -16"><span class='ocrx_word' id='word_1_745' title='bbox 403 5185 517 5259; x_wconf 66' lang='lat' dir='ltr'><strong>(ss)</strong></span> <span class='ocrx_word' id='word_1_746' title='bbox 562 5185 799 5258; x_wconf 62' lang='grc' dir='ltr'><strong>Ψυχὴν.</strong></span> <span class='ocrx_word' id='word_1_747' title='bbox 825 5185 1059 5259; x_wconf 53' lang='lat' dir='ltr'><strong>suam</strong></span> <span class='ocrx_word' id='word_1_748' title='bbox 1097 5185 1299 5259; x_wconf 64' lang='grc' dir='ltr'>ψυχήν.</span> 
     </span>
    </p>
   </div>
   <div class='ocr_carea' id='block_1_93' title="bbox 424 5256 1138 5322">
    <p class='ocr_par' dir='ltr' id='par_1_93' title="bbox 424 5256 1138 5322">
     <span class='ocr_line' id='line_1_93' title="bbox 424 5256 1138 5322; baseline 0.001 -14"><span class='ocrx_word' id='word_1_749' title='bbox 424 5256 516 5321; x_wconf 74' lang='lat'><strong>56)</strong></span> <span class='ocrx_word' id='word_1_750' title='bbox 555 5256 975 5312; x_wconf 66' lang='grc' dir='ltr'>Καταπίπτειν.</span> <span class='ocrx_word' id='word_1_751' title='bbox 1009 5256 1074 5322; x_wconf 71' lang='grc' dir='ltr'>Α,</span> <span class='ocrx_word' id='word_1_752' title='bbox 1095 5258 1138 5309; x_wconf 86' lang='grc' dir='ltr'>Β</span> 
     </span>
    </p>
   </div>
   <div class='ocr_carea' id='block_1_94' title="bbox 429 5328 1408 5398">
    <p class='ocr_par' dir='ltr' id='par_1_94' title="bbox 429 5328 1408 5398">
     <span class='ocr_line' id='line_1_94' title="bbox 429 5328 1408 5398; baseline 0 -19"><span class='ocrx_word' id='word_1_753' title='bbox 429 5328 519 5398; x_wconf 73' lang='grc'><strong>57)</strong></span> <span class='ocrx_word' id='word_1_754' title='bbox 559 5331 696 5398; x_wconf 72' lang='grc' dir='ltr'>κατ’</span> <span class='ocrx_word' id='word_1_755' title='bbox 723 5329 932 5398; x_wconf 82' lang='grc' dir='ltr'>ἀρχάς.</span> <span class='ocrx_word' id='word_1_756' title='bbox 956 5328 1000 5398; x_wconf 73' lang='grc' dir='ltr'><strong>Α</strong></span> <span class='ocrx_word' id='word_1_757' title='bbox 1026 5328 1118 5382; x_wconf 74' lang='grc' dir='ltr'><strong>καὶ</strong></span> <span class='ocrx_word' id='word_1_758' title='bbox 1139 5328 1260 5380; x_wconf 79' lang='grc' dir='ltr'>κατ’</span> <span class='ocrx_word' id='word_1_759' title='bbox 1279 5328 1408 5398; x_wconf 84' lang='grc' dir='ltr'>ἀρχ.</span> 
     </span>
    </p>
   </div>
   <div class='ocr_carea' id='block_1_95' title="bbox 402 5397 1254 5468">
    <p class='ocr_par' dir='ltr' id='par_1_95' title="bbox 402 5397 1254 5468">
     <span class='ocr_line' id='line_1_95' title="bbox 402 5397 1254 5468; baseline -0.002 -18"><span class='ocrx_word' id='word_1_760' title='bbox 402 5397 518 5468; x_wconf 72' lang='lat'><strong>(58)</strong></span> <span class='ocrx_word' id='word_1_761' title='bbox 557 5397 808 5467; x_wconf 63' lang='grc' dir='ltr'>Σώματιέ</span> <span class='ocrx_word' id='word_1_762' title='bbox 837 5400 879 5450; x_wconf 82' lang='grc' dir='ltr'><strong>Α</strong></span> <span class='ocrx_word' id='word_1_763' title='bbox 906 5397 983 5467; x_wconf 85' lang='grc' dir='ltr'>τῷ</span> <span class='ocrx_word' id='word_1_764' title='bbox 1020 5398 1254 5468; x_wconf 83' lang='grc' dir='ltr'>σώματι.</span> 
     </span>
    </p>
   </div>
   <div class='ocr_carea' id='block_1_96' title="bbox 429 5466 1911 5536">
    <p class='ocr_par' dir='ltr' id='par_1_96' title="bbox 429 5466 1911 5536">
     <span class='ocr_line' id='line_1_96' title="bbox 429 5466 1911 5536; baseline -0.001 -15"><span class='ocrx_word' id='word_1_765' title='bbox 429 5466 516 5536; x_wconf 82' lang='lat'><strong>59)</strong></span> <span class='ocrx_word' id='word_1_766' title='bbox 570 5466 843 5523; x_wconf 61' lang='lat' dir='ltr'><strong>&#39;Eaéelrw</strong></span> <span class='ocrx_word' id='word_1_767' title='bbox 863 5466 1178 5536; x_wconf 75' lang='grc' dir='ltr'>δόγματός.</span> <span class='ocrx_word' id='word_1_768' title='bbox 1211 5472 1277 5527; x_wconf 81' lang='grc' dir='ltr'>Α,</span> <span class='ocrx_word' id='word_1_769' title='bbox 1299 5467 1338 5519; x_wconf 90' lang='grc' dir='ltr'><strong>Β</strong></span> <span class='ocrx_word' id='word_1_770' title='bbox 1374 5468 1496 5521; x_wconf 86' lang='grc' dir='ltr'>κατ’</span> <span class='ocrx_word' id='word_1_771' title='bbox 1526 5468 1722 5529; x_wconf 82' lang='grc' dir='ltr'>αὐτοὺς</span> <span class='ocrx_word' id='word_1_772' title='bbox 1753 5467 1911 5535; x_wconf 85' lang='grc' dir='ltr'>δόγμ.</span> 
     </span>
    </p>
   </div>
   <div class='ocr_carea' id='block_1_97' title="bbox 412 5536 1808 5611">
    <p class='ocr_par' dir='ltr' id='par_1_97' title="bbox 412 5536 1808 5611">
     <span class='ocr_line' id='line_1_97' title="bbox 412 5536 1808 5611; baseline -0.005 -16"><span class='ocrx_word' id='word_1_773' title='bbox 555 5540 1127 5611; x_wconf 49' lang='grc' dir='ltr'>Διᾳσξκορπίσα-σθαι.</span> <span class='ocrx_word' id='word_1_774' title='bbox 1161 5542 1227 5603; x_wconf 76' lang='grc' dir='ltr'>Α,</span> <span class='ocrx_word' id='word_1_775' title='bbox 1248 5538 1290 5590; x_wconf 84' lang='grc' dir='ltr'>Β</span> <span class='ocrx_word' id='word_1_776' title='bbox 1315 5536 1808 5607; x_wconf 83' lang='grc' dir='ltr'>διασκοπήσασθαι.</span> 
     </span>
    </p>
   </div>
   <div class='ocr_carea' id='block_1_98' title="bbox 405 5606 1011 5675">
    <p class='ocr_par' dir='ltr' id='par_1_98' title="bbox 405 5606 1011 5675">
     <span class='ocr_line' id='line_1_98' title="bbox 405 5606 1011 5675; baseline 0.002 -15"><span class='ocrx_word' id='word_1_777' title='bbox 405 5606 520 5675; x_wconf 75' lang='grc'>(61)</span> <span class='ocrx_word' id='word_1_778' title='bbox 558 5607 649 5662; x_wconf 83' lang='grc' dir='ltr'><strong>Δέ.</strong></span> <span class='ocrx_word' id='word_1_779' title='bbox 689 5606 840 5663; x_wconf 88' lang='lat' dir='ltr'><strong>Delet</strong></span> <span class='ocrx_word' id='word_1_780' title='bbox 868 5607 1011 5668; x_wconf 78' lang='lat' dir='ltr'><strong>A,B.</strong></span> 
     </span>
    </p>
   </div>
   <div class='ocr_carea' id='block_1_99' title="bbox 407 5676 1322 5745">
    <p class='ocr_par' dir='ltr' id='par_1_99' title="bbox 407 5676 1322 5745">
     <span class='ocr_line' id='line_1_99' title="bbox 407 5676 1322 5745; baseline 0.003 -16"><span class='ocrx_word' id='word_1_781' title='bbox 407 5677 518 5742; x_wconf 72' lang='grc'>(62)</span> <span class='ocrx_word' id='word_1_782' title='bbox 568 5677 814 5745; x_wconf 83' lang='grc' dir='ltr'>Ῥᾳδίως</span> <span class='ocrx_word' id='word_1_783' title='bbox 832 5677 983 5731; x_wconf 78' lang='grc' dir='ltr'>ἐστί.</span> <span class='ocrx_word' id='word_1_784' title='bbox 1009 5679 1051 5730; x_wconf 80' lang='grc' dir='ltr'>Α</span> <span class='ocrx_word' id='word_1_785' title='bbox 1074 5679 1150 5741; x_wconf 78' lang='grc' dir='ltr'>ὡς</span> <span class='ocrx_word' id='word_1_786' title='bbox 1180 5676 1322 5737; x_wconf 85' lang='grc' dir='ltr'>ὲστί.</span> 
     </span>
    </p>
   </div>
   <div class='ocr_carea' id='block_1_100' title="bbox 404 5746 1554 5817">
    <p class='ocr_par' dir='ltr' id='par_1_100' title="bbox 404 5746 1554 5817">
     <span class='ocr_line' id='line_1_100' title="bbox 404 5746 1554 5817; baseline 0.001 -17"><span class='ocrx_word' id='word_1_787' title='bbox 404 5748 518 5817; x_wconf 84' lang='grc'>(65)</span> <span class='ocrx_word' id='word_1_788' title='bbox 557 5746 839 5817; x_wconf 64' lang='grc' dir='ltr'>Συσχεῖν.</span> <span class='ocrx_word' id='word_1_789' title='bbox 860 5748 903 5799; x_wconf 86' lang='grc' dir='ltr'>Β</span> <span class='ocrx_word' id='word_1_790' title='bbox 929 5747 1195 5817; x_wconf 82' lang='grc' dir='ltr'>συγχέειν.</span> <span class='ocrx_word' id='word_1_791' title='bbox 1226 5751 1273 5801; x_wconf 75' lang='grc' dir='ltr'><strong>Α</strong></span> <span class='ocrx_word' id='word_1_792' title='bbox 1317 5749 1554 5817; x_wconf 78' lang='grc' dir='ltr'>συγχεῖν.</span> 
     </span>
    </p>
   </div>
   <div class='ocr_carea' id='block_1_101' title="bbox 405 5814 1911 5889">
    <p class='ocr_par' dir='ltr' id='par_1_101' title="bbox 405 5814 1911 5889">
     <span class='ocr_line' id='line_1_101' title="bbox 405 5814 1911 5889; baseline -0.003 -18"><span class='ocrx_word' id='word_1_793' title='bbox 405 5814 518 5889; x_wconf 68' lang='grc'>(64)</span> <span class='ocrx_word' id='word_1_794' title='bbox 558 5814 763 5873; x_wconf 57' lang='grc' dir='ltr'>Πάντα</span> <span class='ocrx_word' id='word_1_795' title='bbox 793 5817 929 5888; x_wconf 84' lang='grc' dir='ltr'>χρή.</span> <span class='ocrx_word' id='word_1_796' title='bbox 965 5814 1309 5889; x_wconf 45' lang='lat' dir='ltr'><strong>cauum.</strong></span> <span class='ocrx_word' id='word_1_797' title='bbox 1349 5820 1392 5872; x_wconf 84' lang='lat' dir='ltr'><strong>A</strong></span> <span class='ocrx_word' id='word_1_798' title='bbox 1423 5814 1494 5871; x_wconf 77' lang='lat' dir='ltr'><strong>in</strong></span> <span class='ocrx_word' id='word_1_799' title='bbox 1539 5826 1686 5873; x_wconf 75' lang='lat' dir='ltr'><strong>textu</strong></span> <span class='ocrx_word' id='word_1_800' title='bbox 1737 5814 1911 5869; x_wconf 83' lang='grc' dir='ltr'>πάντα</span> 
     </span>
    </p>
   </div>
   <div class='ocr_carea' id='block_1_102' title="bbox 1178 5256 1555 5327">
    <p class='ocr_par' dir='ltr' id='par_1_102' title="bbox 1178 5256 1555 5327">
     <span class='ocr_line' id='line_1_102' title="bbox 1178 5256 1555 5327; baseline 0.008 -19"><span class='ocrx_word' id='word_1_801' title='bbox 1178 5256 1555 5327; x_wconf 83' lang='grc' dir='ltr'>μεταπίπτειν.</span> 
     </span>
    </p>
   </div>
   <div class='ocr_carea' id='block_1_103' title="bbox 2002 4425 3588 4496">
    <p class='ocr_par' dir='ltr' id='par_1_103' title="bbox 2002 4425 3588 4496">
     <span class='ocr_line' id='line_1_103' title="bbox 2002 4425 3588 4496; baseline 0.001 -16"><span class='ocrx_word' id='word_1_802' title='bbox 2002 4429 2121 4482; x_wconf 86' lang='lat' dir='ltr'><strong>tare</strong></span> <span class='ocrx_word' id='word_1_803' title='bbox 2149 4464 2166 4492; x_wconf 93' lang='lat'><strong>,</strong></span> <span class='ocrx_word' id='word_1_804' title='bbox 2199 4436 2474 4495; x_wconf 85' lang='lat' dir='ltr'><strong>unamque</strong></span> <span class='ocrx_word' id='word_1_805' title='bbox 2519 4425 2574 4480; x_wconf 91' lang='lat' dir='ltr'><strong>in</strong></span> <span class='ocrx_word' id='word_1_806' title='bbox 2616 4427 2777 4482; x_wconf 88' lang='lat' dir='ltr'><strong>rebus</strong></span> <span class='ocrx_word' id='word_1_807' title='bbox 2836 4427 3109 4484; x_wconf 85' lang='lat' dir='ltr'><strong>universis</strong></span> <span class='ocrx_word' id='word_1_808' title='bbox 3141 4442 3265 4483; x_wconf 88' lang='lat' dir='ltr'><strong>esse</strong></span> <span class='ocrx_word' id='word_1_809' title='bbox 3296 4437 3546 4483; x_wconf 88' lang='lat' dir='ltr'><strong>naturam</strong></span> <span class='ocrx_word' id='word_1_810' title='bbox 3571 4471 3588 4496; x_wconf 88' lang='lat'><strong>,</strong></span> 
     </span>
    </p>
   </div>
   <div class='ocr_carea' id='block_1_104' title="bbox 2006 4515 3588 4590">
    <p class='ocr_par' dir='ltr' id='par_1_104' title="bbox 2006 4515 3588 4590">
     <span class='ocr_line' id='line_1_104' title="bbox 2006 4515 3588 4590; baseline 0.003 -19"><span class='ocrx_word' id='word_1_811' title='bbox 2006 4515 2295 4572; x_wconf 83' lang='lat' dir='ltr'><strong>inconfusa</strong></span> <span class='ocrx_word' id='word_1_812' title='bbox 2328 4516 2562 4586; x_wconf 88' lang='lat' dir='ltr'><strong>quadam</strong></span> <span class='ocrx_word' id='word_1_813' title='bbox 2611 4524 2666 4573; x_wconf 90' lang='lat' dir='ltr'><strong>et</strong></span> <span class='ocrx_word' id='word_1_814' title='bbox 2717 4518 3032 4574; x_wconf 88' lang='lat' dir='ltr'><strong>indistincta</strong></span> <span class='ocrx_word' id='word_1_815' title='bbox 3090 4529 3253 4590; x_wconf 83' lang='lat' dir='ltr'><strong>atque</strong></span> <span class='ocrx_word' id='word_1_816' title='bbox 3287 4517 3588 4576; x_wconf 87' lang='lat' dir='ltr'><strong>indiscreta</strong></span> 
     </span>
    </p>
   </div>
   <div class='ocr_carea' id='block_1_105' title="bbox 2009 4607 3589 4681">
    <p class='ocr_par' dir='ltr' id='par_1_105' title="bbox 2009 4607 3589 4681">
     <span class='ocr_line' id='line_1_105' title="bbox 2009 4607 3589 4681; baseline 0.001 -18"><span class='ocrx_word' id='word_1_817' title='bbox 2009 4607 2397 4663; x_wconf 87' lang='lat' dir='ltr'><strong>communione</strong></span> <span class='ocrx_word' id='word_1_818' title='bbox 2434 4622 2619 4663; x_wconf 85' lang='lat' dir='ltr'><strong>secum</strong></span> <span class='ocrx_word' id='word_1_819' title='bbox 2677 4608 3066 4673; x_wconf 89' lang='lat' dir='ltr'><strong>commistam,</strong></span> <span class='ocrx_word' id='word_1_820' title='bbox 3123 4609 3274 4663; x_wconf 87' lang='lat' dir='ltr'><strong>nulla</strong></span> <span class='ocrx_word' id='word_1_821' title='bbox 3335 4609 3589 4681; x_wconf 88' lang='lat' dir='ltr'><strong>proprie-</strong></span> 
     </span>
    </p>
   </div>
   <div class='ocr_carea' id='block_1_106' title="bbox 2009 4700 3591 4769">
    <p class='ocr_par' dir='ltr' id='par_1_106' title="bbox 2009 4700 3591 4769">
     <span class='ocr_line' id='line_1_106' title="bbox 2009 4700 3591 4769; baseline 0.001 -15"><span class='ocrx_word' id='word_1_822' title='bbox 2009 4705 2122 4756; x_wconf 87' lang='lat' dir='ltr'><strong>tate</strong></span> <span class='ocrx_word' id='word_1_823' title='bbox 2172 4701 2404 4756; x_wconf 88' lang='lat' dir='ltr'><strong>allerum</strong></span> <span class='ocrx_word' id='word_1_824' title='bbox 2460 4701 2527 4755; x_wconf 92' lang='lat' dir='ltr'><strong>ab</strong></span> <span class='ocrx_word' id='word_1_825' title='bbox 2570 4701 2743 4756; x_wconf 86' lang='lat' dir='ltr'><strong>altero</strong></span> <span class='ocrx_word' id='word_1_826' title='bbox 2787 4712 3125 4758; x_wconf 87' lang='lat' dir='ltr'><strong>secernente.</strong></span> <span class='ocrx_word' id='word_1_827' title='bbox 3182 4700 3283 4769; x_wconf 83' lang='lat' dir='ltr'><strong>Qui</strong></span> <span class='ocrx_word' id='word_1_828' title='bbox 3331 4704 3475 4758; x_wconf 91' lang='lat' dir='ltr'><strong>enim</strong></span> <span class='ocrx_word' id='word_1_829' title='bbox 3508 4702 3591 4756; x_wconf 85' lang='lat' dir='ltr'><strong>di-</strong></span> 
     </span>
    </p>
   </div>
   <div class='ocr_carea' id='block_1_107' title="bbox 2009 4791 3709 4861">
    <p class='ocr_par' dir='ltr' id='par_1_107' title="bbox 2009 4791 3709 4861">
     <span class='ocr_line' id='line_1_107' title="bbox 2009 4791 3709 4861; baseline -0.001 -14"><span class='ocrx_word' id='word_1_830' title='bbox 2009 4792 2085 4847; x_wconf 92' lang='lat' dir='ltr'><strong>cit</strong></span> <span class='ocrx_word' id='word_1_831' title='bbox 2122 4791 2262 4847; x_wconf 90' lang='lat' dir='ltr'><strong>idem</strong></span> <span class='ocrx_word' id='word_1_832' title='bbox 2318 4792 2373 4847; x_wconf 90' lang='lat' dir='ltr'><strong>in</strong></span> <span class='ocrx_word' id='word_1_833' title='bbox 2419 4792 2679 4849; x_wconf 87' lang='lat' dir='ltr'><strong>universa</strong></span> <span class='ocrx_word' id='word_1_834' title='bbox 2737 4799 2935 4847; x_wconf 87' lang='lat' dir='ltr'><strong>natura</strong></span> <span class='ocrx_word' id='word_1_835' title='bbox 3010 4808 3193 4848; x_wconf 87' lang='lat' dir='ltr'><strong>rerum</strong></span> <span class='ocrx_word' id='word_1_836' title='bbox 3248 4791 3362 4848; x_wconf 85' lang='lat' dir='ltr'><strong>ﬁeri</strong></span> <span class='ocrx_word' id='word_1_837' title='bbox 3395 4834 3411 4859; x_wconf 90' lang='lat'><strong>,</strong></span> <span class='ocrx_word' id='word_1_838' title='bbox 3456 4791 3591 4847; x_wconf 89' lang='lat' dir='ltr'><strong>nihil</strong></span> <span class='ocrx_word' id='word_1_839' title='bbox 3698 4850 3709 4861; x_wconf 63' lang='grc'><strong>,</strong></span> 
     </span>
    </p>
   </div>
   <div class='ocr_carea' id='block_1_108' title="bbox 2011 4974 3286 5095">
    <p class='ocr_par' dir='ltr' id='par_1_108' title="bbox 2011 4974 3286 5095">
     <span class='ocr_line' id='line_1_108' title="bbox 2011 4974 3286 5095; baseline -0.003 -60"><span class='ocrx_word' id='word_1_840' title='bbox 2011 4976 2289 5095; x_wconf 47' lang='grc' dir='ltr'>χρήὲιατα,</span> <span class='ocrx_word' id='word_1_841' title='bbox 2326 4976 2381 5030; x_wconf 94' lang='lat' dir='ltr'><strong>in</strong></span> <span class='ocrx_word' id='word_1_842' title='bbox 2422 4977 2673 5047; x_wconf 69' lang='lat' dir='ltr'><strong>margine</strong></span> <span class='ocrx_word' id='word_1_843' title='bbox 2699 4975 2877 5031; x_wconf 85' lang='grc' dir='ltr'>πάντα</span> <span class='ocrx_word' id='word_1_844' title='bbox 2903 4974 2974 5029; x_wconf 83' lang='grc' dir='ltr'>τὰ</span> <span class='ocrx_word' id='word_1_845' title='bbox 3001 4975 3286 5048; x_wconf 75' lang='grc' dir='ltr'>ἰδιώματα.</span> 
     </span>
     <span class='ocr_line' id='line_1_109' title="bbox 2084 5044 2984 5095; baseline 0 0"><span class='ocrx_word' id='word_1_846' title='bbox 2084 5056 2098 5095; x_wconf 82' lang='lat' dir='ltr'><strong>t</strong></span> <span class='ocrx_word' id='word_1_847' title='bbox 2145 5044 2199 5095; x_wconf 81' lang='lat'><strong>5)</strong></span> <span class='ocrx_word' id='word_1_848' title='bbox 2232 5047 2612 5095; x_wconf 72' lang='grc' dir='ltr'><strong>Αὶσθιητικόγ.</strong></span> <span class='ocrx_word' id='word_1_849' title='bbox 2637 5046 2681 5095; x_wconf 86' lang='grc' dir='ltr'><strong>Β</strong></span> <span class='ocrx_word' id='word_1_850' title='bbox 2708 5044 2984 5095; x_wconf 76' lang='grc' dir='ltr'>αἰσθητόν.</span> 
     </span>
    </p>
   </div>
   <div class='ocr_carea' id='block_1_109' title="bbox 2084 5044 2984 5115">
    <p class='ocr_par' dir='ltr' id='par_1_109' title="bbox 2084 5044 2984 5115">
     <span class='ocr_line' id='line_1_110' title="bbox 2084 5044 2984 5115; baseline -0.008 -11"><span class='ocrx_word' id='word_1_851' title='bbox 2084 5044 2199 5115; x_wconf 67' lang='grc'>(65)</span> <span class='ocrx_word' id='word_1_852' title='bbox 2232 5044 2612 5115; x_wconf 61' lang='grc' dir='ltr'>Αίσθητικόόι.</span> <span class='ocrx_word' id='word_1_853' title='bbox 2637 5046 2681 5098; x_wconf 87' lang='grc' dir='ltr'><strong>Β</strong></span> <span class='ocrx_word' id='word_1_854' title='bbox 2708 5044 2984 5113; x_wconf 84' lang='grc' dir='ltr'>αίσθητόν.</span> 
     </span>
    </p>
   </div>
   <div class='ocr_carea' id='block_1_110' title="bbox 2085 5114 3051 5188">
    <p class='ocr_par' dir='ltr' id='par_1_110' title="bbox 2085 5114 3051 5188">
     <span class='ocr_line' id='line_1_111' title="bbox 2085 5114 3051 5188; baseline -0.001 -19"><span class='ocrx_word' id='word_1_855' title='bbox 2236 5114 2658 5188; x_wconf 38' lang='lat' dir='ltr'><strong>Mnester-5A,</strong></span> <span class='ocrx_word' id='word_1_856' title='bbox 2687 5115 2730 5167; x_wconf 89' lang='lat' dir='ltr'><strong>B</strong></span> <span class='ocrx_word' id='word_1_857' title='bbox 2764 5115 2952 5188; x_wconf 72' lang='grc' dir='ltr'>μηδενί</span> <span class='ocrx_word' id='word_1_858' title='bbox 2976 5133 3051 5169; x_wconf 92' lang='grc' dir='ltr'>τι.</span> 
     </span>
    </p>
   </div>
   <div class='ocr_carea' id='block_1_111' title="bbox 2084 5182 3380 5256">
    <p class='ocr_par' dir='ltr' id='par_1_111' title="bbox 2084 5182 3380 5256">
     <span class='ocr_line' id='line_1_112' title="bbox 2084 5182 3380 5256; baseline -0.002 -17"><span class='ocrx_word' id='word_1_859' title='bbox 2084 5182 2196 5256; x_wconf 75' lang='grc'>(67)</span> <span class='ocrx_word' id='word_1_860' title='bbox 2236 5182 2853 5256; x_wconf 62' lang='grc' dir='ltr'>ΔιαστοιχιζόμεναξΔ,</span> <span class='ocrx_word' id='word_1_861' title='bbox 2866 5186 2908 5256; x_wconf 83' lang='grc' dir='ltr'><strong>Β</strong></span> <span class='ocrx_word' id='word_1_862' title='bbox 2928 5182 3380 5256; x_wconf 71' lang='grc' dir='ltr'>διατειχιξόμενα.</span> 
     </span>
    </p>
   </div>
   <div class='ocr_carea' id='block_1_112' title="bbox 2085 5252 3379 5325">
    <p class='ocr_par' dir='ltr' id='par_1_112' title="bbox 2085 5252 3379 5325">
     <span class='ocr_line' id='line_1_113' title="bbox 2085 5252 3379 5325; baseline 0.002 -18"><span class='ocrx_word' id='word_1_863' title='bbox 2085 5252 2199 5323; x_wconf 84' lang='grc'>(68)</span> <span class='ocrx_word' id='word_1_864' title='bbox 2240 5252 2557 5311; x_wconf 66' lang='grc' dir='ltr'>Φωλεύεὶίρ.</span> <span class='ocrx_word' id='word_1_865' title='bbox 2587 5258 2633 5309; x_wconf 84' lang='grc' dir='ltr'><strong>Α</strong></span> <span class='ocrx_word' id='word_1_866' title='bbox 2659 5257 2714 5312; x_wconf 89' lang='lat' dir='ltr'><strong>in</strong></span> <span class='ocrx_word' id='word_1_867' title='bbox 2745 5252 2989 5319; x_wconf 69' lang='lat' dir='ltr'><strong>margine</strong></span> <span class='ocrx_word' id='word_1_868' title='bbox 3021 5252 3379 5325; x_wconf 77' lang='grc' dir='ltr'>ἐμφωλεύειν.</span> 
     </span>
    </p>
   </div>
   <div class='ocr_carea' id='block_1_113' title="bbox 2085 5326 2966 5397">
    <p class='ocr_par' dir='ltr' id='par_1_113' title="bbox 2085 5326 2966 5397">
     <span class='ocr_line' id='line_1_114' title="bbox 2085 5326 2966 5397; baseline 0 -20"><span class='ocrx_word' id='word_1_869' title='bbox 2085 5326 2198 5392; x_wconf 77' lang='lat'><strong>(69)</strong></span> <span class='ocrx_word' id='word_1_870' title='bbox 2250 5327 2584 5395; x_wconf 73' lang='grc' dir='ltr'>Ἐκφύσεις.</span> <span class='ocrx_word' id='word_1_871' title='bbox 2610 5328 2653 5379; x_wconf 89' lang='grc' dir='ltr'><strong>Β</strong></span> <span class='ocrx_word' id='word_1_872' title='bbox 2670 5326 2966 5397; x_wconf 73' lang='grc' dir='ltr'>έμφύσεις.</span> 
     </span>
    </p>
   </div>
   <div class='ocr_carea' id='block_1_114' title="bbox 2084 5394 2906 5485">
    <p class='ocr_par' dir='ltr' id='par_1_114' title="bbox 2084 5394 2906 5485">
     <span class='ocr_line' id='line_1_115' title="bbox 2084 5394 2906 5485; baseline 0 0"><span class='ocrx_word' id='word_1_873' title='bbox 2084 5397 2198 5485; x_wconf 66' lang='lat'><strong>$39)</strong></span> <span class='ocrx_word' id='word_1_874' title='bbox 2233 5394 2560 5485; x_wconf 59' lang='grc' dir='ltr'><strong>,ζικᾷνθηνο</strong></span> <span class='ocrx_word' id='word_1_875' title='bbox 2586 5394 2906 5485; x_wconf 55' lang='lat' dir='ltr'><strong>sseae;</strong></span> 
     </span>
    </p>
   </div>
   <div class='ocr_carea' id='block_1_115' title="bbox 2085 5462 3149 5536">
    <p class='ocr_par' dir='ltr' id='par_1_115' title="bbox 2085 5462 3149 5536">
     <span class='ocr_line' id='line_1_116' title="bbox 2085 5462 3149 5536; baseline -0.002 -18"><span class='ocrx_word' id='word_1_876' title='bbox 2085 5462 2198 5531; x_wconf 63' lang='lat' dir='ltr'><strong>(71&#39;s</strong></span> <span class='ocrx_word' id='word_1_877' title='bbox 2230 5463 2401 5521; x_wconf 77' lang='grc' dir='ltr'>Εἶναι</span> <span class='ocrx_word' id='word_1_878' title='bbox 2420 5467 2554 5536; x_wconf 79' lang='grc' dir='ltr'><strong>τήν.</strong></span> <span class='ocrx_word' id='word_1_879' title='bbox 2589 5462 2745 5520; x_wconf 81' lang='grc' dir='ltr'>Εἶναι</span> <span class='ocrx_word' id='word_1_880' title='bbox 2773 5465 2917 5536; x_wconf 85' lang='lat' dir='ltr'><strong>delet</strong></span> <span class='ocrx_word' id='word_1_881' title='bbox 2939 5465 3003 5517; x_wconf 86' lang='lat' dir='ltr'><strong>A.</strong></span> <span class='ocrx_word' id='word_1_882' title='bbox 3048 5535 3052 5536; x_wconf 11' lang='grc' dir='ltr'>ί</span> <span class='ocrx_word' id='word_1_883' title='bbox 3148 5524 3149 5527; x_wconf 25' lang='grc' dir='ltr'><strong>η</strong></span> 
     </span>
    </p>
   </div>
   <div class='ocr_carea' id='block_1_116' title="bbox 2088 5535 3595 5609">
    <p class='ocr_par' dir='ltr' id='par_1_116' title="bbox 2088 5535 3595 5609">
     <span class='ocr_line' id='line_1_117' title="bbox 2088 5535 3595 5609; baseline 0.001 -20"><span class='ocrx_word' id='word_1_884' title='bbox 2088 5537 2199 5607; x_wconf 71' lang='lat'><strong>(7:2)</strong></span> <span class='ocrx_word' id='word_1_885' title='bbox 2238 5535 2531 5609; x_wconf 57' lang='grc' dir='ltr'>Κοινωῖίῃ</span> <span class='ocrx_word' id='word_1_886' title='bbox 2575 5550 2715 5604; x_wconf 57' lang='lat' dir='ltr'><strong>«ego.</strong></span> <span class='ocrx_word' id='word_1_887' title='bbox 2744 5537 2810 5599; x_wconf 81' lang='grc' dir='ltr'>Α,</span> <span class='ocrx_word' id='word_1_888' title='bbox 2842 5535 2884 5609; x_wconf 70' lang='grc' dir='ltr'>Β</span> <span class='ocrx_word' id='word_1_889' title='bbox 2908 5535 3181 5607; x_wconf 85' lang='grc' dir='ltr'>κοινότητι</span> <span class='ocrx_word' id='word_1_890' title='bbox 3214 5537 3353 5609; x_wconf 85' lang='grc' dir='ltr'>πρὸς</span> <span class='ocrx_word' id='word_1_891' title='bbox 3395 5535 3595 5609; x_wconf 79' lang='grc' dir='ltr'>ἑαυτὴν</span> 
     </span>
    </p>
   </div>
   <div class='ocr_carea' id='block_1_117' title="bbox 2015 5605 2993 5677">
    <p class='ocr_par' dir='ltr' id='par_1_117' title="bbox 2015 5605 2993 5677">
     <span class='ocr_line' id='line_1_118' title="bbox 2015 5605 2993 5677; baseline -0.001 -16"><span class='ocrx_word' id='word_1_892' title='bbox 2015 5605 2390 5677; x_wconf 79' lang='grc' dir='ltr'>πεφυρμένην.</span> <span class='ocrx_word' id='word_1_893' title='bbox 2422 5607 2465 5657; x_wconf 89' lang='grc' dir='ltr'><strong>Β</strong></span> <span class='ocrx_word' id='word_1_894' title='bbox 2505 5605 2993 5677; x_wconf 84' lang='grc' dir='ltr'>συμπεφυρμένην.</span> 
     </span>
    </p>
   </div>
   <div class='ocr_carea' id='block_1_118' title="bbox 2093 5675 2805 5746">
    <p class='ocr_par' dir='ltr' id='par_1_118' title="bbox 2093 5675 2805 5746">
     <span class='ocr_line' id='line_1_119' title="bbox 2093 5675 2805 5746; baseline 0.003 -17"><span class='ocrx_word' id='word_1_895' title='bbox 2093 5675 2215 5746; x_wconf 82' lang='grc'>(75)</span> <span class='ocrx_word' id='word_1_896' title='bbox 2245 5675 2419 5742; x_wconf 74' lang='grc' dir='ltr'>Πρός.</span> <span class='ocrx_word' id='word_1_897' title='bbox 2448 5677 2490 5728; x_wconf 90' lang='grc' dir='ltr'><strong>Β</strong></span> <span class='ocrx_word' id='word_1_898' title='bbox 2523 5675 2659 5746; x_wconf 81' lang='grc' dir='ltr'>πρὸς</span> <span class='ocrx_word' id='word_1_899' title='bbox 2687 5675 2805 5746; x_wconf 81' lang='grc' dir='ltr'>τήν.</span> 
     </span>
    </p>
   </div>
   <div class='ocr_carea' id='block_1_119' title="bbox 2093 5747 3031 5818">
    <p class='ocr_par' dir='ltr' id='par_1_119' title="bbox 2093 5747 3031 5818">
     <span class='ocr_line' id='line_1_120' title="bbox 2093 5747 3031 5818; baseline 0 -17"><span class='ocrx_word' id='word_1_900' title='bbox 2093 5747 2204 5817; x_wconf 69' lang='grc'>(74)</span> <span class='ocrx_word' id='word_1_901' title='bbox 2241 5748 2346 5803; x_wconf 78' lang='grc' dir='ltr'>Καί</span> <span class='ocrx_word' id='word_1_902' title='bbox 2380 5747 2628 5814; x_wconf 79' lang='grc' dir='ltr'>σσρκοϐ.</span> <span class='ocrx_word' id='word_1_903' title='bbox 2664 5747 2705 5798; x_wconf 88' lang='grc' dir='ltr'>Β</span> <span class='ocrx_word' id='word_1_904' title='bbox 2738 5747 2771 5818; x_wconf 79' lang='grc' dir='ltr'><strong>ἢ</strong></span> <span class='ocrx_word' id='word_1_905' title='bbox 2805 5747 3031 5818; x_wconf 81' lang='grc' dir='ltr'>σαρκοϐ.</span> 
     </span>
    </p>
   </div>
  </div>
