  <div class='ocr_page' id='page_1' title='image "/cluster/home/n/w/nwhite01/storage/ocr_20150623/46:no.3/coo.31924054869668/063.png"; bbox 0 0 3992 6442; ppageno 0'>
   <div class='ocr_carea' id='block_1_1' title="bbox 360 367 3698 506">
    <p class='ocr_par' dir='ltr' id='par_1_1' title="bbox 360 367 3698 506">
     <span class='ocr_line' id='line_1_1' title="bbox 360 367 3698 506; baseline -0.002 -71"><span class='ocrx_word' id='word_1_1' title='bbox 360 367 531 506; x_wconf 47' lang='grc' dir='ltr'><strong>(1η</strong></span> <span class='ocrx_word' id='word_1_2' title='bbox 1673 368 1731 425; x_wconf 91' lang='lat' dir='ltr'><strong>S.</strong></span> <span class='ocrx_word' id='word_1_3' title='bbox 1755 369 2087 429; x_wconf 80' lang='lat' dir='ltr'><strong>GREGORII</strong></span> <span class='ocrx_word' id='word_1_4' title='bbox 2123 367 2416 428; x_wconf 73' lang='lat' dir='ltr'><strong>NYSSENI</strong></span> <span class='ocrx_word' id='word_1_5' title='bbox 3596 373 3698 430; x_wconf 67' lang='lat' dir='ltr'><strong>il!</strong></span> 
     </span>
    </p>
   </div>
   <div class='ocr_carea' id='block_1_2' title="bbox 384 487 2003 573">
    <p class='ocr_par' dir='ltr' id='par_1_2' title="bbox 384 487 2003 573">
     <span class='ocr_line' id='line_1_2' title="bbox 384 487 2003 573; baseline -0.002 -22"><span class='ocrx_word' id='word_1_6' title='bbox 384 487 602 573; x_wconf 69' lang='lat' dir='ltr'><strong>ihliud,</strong></span> <span class='ocrx_word' id='word_1_7' title='bbox 664 508 830 567; x_wconf 88' lang='lat' dir='ltr'><strong>quam</strong></span> <span class='ocrx_word' id='word_1_8' title='bbox 872 495 1055 550; x_wconf 83' lang='lat' dir='ltr'><strong>omnia</strong></span> <span class='ocrx_word' id='word_1_9' title='bbox 1087 504 1265 549; x_wconf 84' lang='lat' dir='ltr'><strong>unum</strong></span> <span class='ocrx_word' id='word_1_10' title='bbox 1319 507 1443 550; x_wconf 89' lang='lat' dir='ltr'><strong>esse</strong></span> <span class='ocrx_word' id='word_1_11' title='bbox 1485 491 1601 548; x_wconf 99' lang='lat' dir='ltr'><strong>vult</strong></span> <span class='ocrx_word' id='word_1_12' title='bbox 1628 533 1642 557; x_wconf 91' lang='lat'><strong>,</strong></span> <span class='ocrx_word' id='word_1_13' title='bbox 1680 507 1746 547; x_wconf 88' lang='lat' dir='ltr'><strong>ea</strong></span> <span class='ocrx_word' id='word_1_14' title='bbox 1798 507 1921 564; x_wconf 66' lang='lat' dir='ltr'><strong>quae</strong></span> <span class='ocrx_word' id='word_1_15' title='bbox 1953 493 2003 547; x_wconf 89' lang='lat' dir='ltr'><strong>in</strong></span> 
     </span>
    </p>
   </div>
   <div class='ocr_carea' id='block_1_3' title="bbox 2112 487 3700 573">
    <p class='ocr_par' dir='ltr' id='par_1_3' title="bbox 2114 487 3700 572">
     <span class='ocr_line' id='line_1_3' title="bbox 2114 487 3700 572; baseline 0 -28"><span class='ocrx_word' id='word_1_16' title='bbox 2114 491 2207 546; x_wconf 88' lang='grc' dir='ltr'><strong>λον</strong></span> <span class='ocrx_word' id='word_1_17' title='bbox 2263 491 2507 564; x_wconf 79' lang='grc' dir='ltr'>νομίζειν</span> <span class='ocrx_word' id='word_1_18' title='bbox 2559 489 2737 563; x_wconf 78' lang='grc' dir='ltr'>ἑαυτῷ</span> <span class='ocrx_word' id='word_1_19' title='bbox 2785 490 2879 546; x_wconf 72' lang='grc' dir='ltr'>καὶ</span> <span class='ocrx_word' id='word_1_20' title='bbox 2931 491 3192 560; x_wconf 77' lang='grc' dir='ltr'>συγγενὲς</span> <span class='ocrx_word' id='word_1_21' title='bbox 3234 489 3298 544; x_wconf 82' lang='grc' dir='ltr'><strong>τὺ</strong></span> <span class='ocrx_word' id='word_1_22' title='bbox 3351 487 3700 572; x_wconf 64' lang='grc' dir='ltr'>φαινόμενον,</span> 
     </span>
    </p>
   </div>
   <div class='ocr_carea' id='block_1_4' title="bbox 386 577 2003 654">
    <p class='ocr_par' dir='ltr' id='par_1_4' title="bbox 386 577 2003 652">
     <span class='ocr_line' id='line_1_4' title="bbox 386 577 2003 652; baseline -0.005 -12"><span class='ocrx_word' id='word_1_23' title='bbox 386 577 591 642; x_wconf 70' lang='grc' dir='ltr'>’τθδιισ</span> <span class='ocrx_word' id='word_1_24' title='bbox 631 582 901 639; x_wconf 90' lang='lat' dir='ltr'><strong>universis</strong></span> <span class='ocrx_word' id='word_1_25' title='bbox 971 590 1197 652; x_wconf 76' lang='lat' dir='ltr'><strong>apparet</strong></span> <span class='ocrx_word' id='word_1_26' title='bbox 1256 579 1564 635; x_wconf 78' lang='lat' dir='ltr'><strong>diliereutia</strong></span> <span class='ocrx_word' id='word_1_27' title='bbox 1621 578 1776 633; x_wconf 91' lang='lat' dir='ltr'><strong>nullo</strong></span> <span class='ocrx_word' id='word_1_28' title='bbox 1846 578 2003 633; x_wconf 85' lang='lat' dir='ltr'><strong>modo</strong></span> 
     </span>
    </p>
   </div>
   <div class='ocr_carea' id='block_1_5' title="bbox 2112 577 3701 654">
    <p class='ocr_par' dir='ltr' id='par_1_5' title="bbox 2114 580 3701 654">
     <span class='ocr_line' id='line_1_5' title="bbox 2114 580 3701 654; baseline 0 -19"><span class='ocrx_word' id='word_1_29' title='bbox 2114 582 2236 635; x_wconf 79' lang='grc' dir='ltr'>οὐδὲ</span> <span class='ocrx_word' id='word_1_30' title='bbox 2275 582 2336 635; x_wconf 81' lang='grc' dir='ltr'>τὸ</span> <span class='ocrx_word' id='word_1_31' title='bbox 2371 580 2593 637; x_wconf 76' lang='grc' dir='ltr'><strong>κώνειον</strong></span> <span class='ocrx_word' id='word_1_32' title='bbox 2633 584 2663 637; x_wconf 93' lang='lat'><strong>6</strong></span> <span class='ocrx_word' id='word_1_33' title='bbox 2688 581 2931 646; x_wconf 80' lang='grc' dir='ltr'>τοιοῦτος</span> <span class='ocrx_word' id='word_1_34' title='bbox 2971 581 3049 647; x_wconf 84' lang='grc' dir='ltr'><strong>ὡς</strong></span> <span class='ocrx_word' id='word_1_35' title='bbox 3095 580 3374 654; x_wconf 86' lang='grc' dir='ltr'>ἀλλότριον</span> <span class='ocrx_word' id='word_1_36' title='bbox 3424 581 3526 652; x_wconf 82' lang='grc' dir='ltr'>τῆς</span> <span class='ocrx_word' id='word_1_37' title='bbox 3563 581 3701 643; x_wconf 77' lang='grc' dir='ltr'>ιδίας</span> 
     </span>
    </p>
   </div>
   <div class='ocr_carea' id='block_1_6' title="bbox 422 670 2004 746">
    <p class='ocr_par' dir='ltr' id='par_1_6' title="bbox 422 670 2004 746">
     <span class='ocr_line' id='line_1_6' title="bbox 422 670 2004 746; baseline -0.006 -12"><span class='ocrx_word' id='word_1_38' title='bbox 422 692 611 734; x_wconf 84' lang='lat' dir='ltr'><strong>earum</strong></span> <span class='ocrx_word' id='word_1_39' title='bbox 645 692 849 742; x_wconf 88' lang='lat' dir='ltr'><strong>rerum,</strong></span> <span class='ocrx_word' id='word_1_40' title='bbox 881 675 1086 746; x_wconf 81' lang='lat' dir='ltr'><strong>quibus</strong></span> <span class='ocrx_word' id='word_1_41' title='bbox 1119 675 1260 729; x_wconf 87' lang='lat' dir='ltr'><strong>inter</strong></span> <span class='ocrx_word' id='word_1_42' title='bbox 1286 689 1345 730; x_wconf 86' lang='lat' dir='ltr'><strong>se</strong></span> <span class='ocrx_word' id='word_1_43' title='bbox 1370 673 1520 728; x_wconf 85' lang='lat' dir='ltr'><strong>nulla</strong></span> <span class='ocrx_word' id='word_1_44' title='bbox 1551 670 1868 727; x_wconf 91' lang='lat' dir='ltr'><strong>communio</strong></span> <span class='ocrx_word' id='word_1_45' title='bbox 1902 681 2004 734; x_wconf 92' lang='lat' dir='ltr'><strong>est,</strong></span> 
     </span>
    </p>
   </div>
   <div class='ocr_carea' id='block_1_7' title="bbox 424 764 2010 837">
    <p class='ocr_par' dir='ltr' id='par_1_7' title="bbox 424 764 2010 837">
     <span class='ocr_line' id='line_1_7' title="bbox 424 764 2010 837; baseline -0.003 -16"><span class='ocrx_word' id='word_1_46' title='bbox 424 766 836 837; x_wconf 86' lang='lat' dir='ltr'><strong>permistionem</strong></span> <span class='ocrx_word' id='word_1_47' title='bbox 911 765 1283 836; x_wconf 88' lang='lat' dir='ltr'><strong>impediente,</strong></span> <span class='ocrx_word' id='word_1_48' title='bbox 1347 772 1407 818; x_wconf 89' lang='lat' dir='ltr'><strong>ut</strong></span> <span class='ocrx_word' id='word_1_49' title='bbox 1469 778 1697 819; x_wconf 90' lang='lat' dir='ltr'><strong>necesse</strong></span> <span class='ocrx_word' id='word_1_50' title='bbox 1769 764 1883 828; x_wconf 87' lang='lat' dir='ltr'><strong>sit,</strong></span> <span class='ocrx_word' id='word_1_51' title='bbox 1949 770 2010 818; x_wconf 89' lang='lat' dir='ltr'><strong>ut</strong></span> 
     </span>
    </p>
   </div>
   <div class='ocr_carea' id='block_1_8' title="bbox 422 853 2008 928">
    <p class='ocr_par' dir='ltr' id='par_1_8' title="bbox 422 853 2008 928">
     <span class='ocr_line' id='line_1_8' title="bbox 422 853 2008 928; baseline -0.002 -16"><span class='ocrx_word' id='word_1_52' title='bbox 422 858 638 914; x_wconf 84' lang='lat' dir='ltr'><strong>etiamsi</strong></span> <span class='ocrx_word' id='word_1_53' title='bbox 696 857 936 928; x_wconf 87' lang='lat' dir='ltr'><strong>aliquam</strong></span> <span class='ocrx_word' id='word_1_54' title='bbox 978 857 1210 912; x_wconf 79' lang='lat' dir='ltr'><strong>bestiam</strong></span> <span class='ocrx_word' id='word_1_55' title='bbox 1269 866 1590 911; x_wconf 79' lang='lat' dir='ltr'><strong>venenatam</strong></span> <span class='ocrx_word' id='word_1_56' title='bbox 1642 862 1697 910; x_wconf 92' lang='lat' dir='ltr'><strong>et</strong></span> <span class='ocrx_word' id='word_1_57' title='bbox 1755 853 2008 909; x_wconf 84' lang='lat' dir='ltr'><strong>carnivo-</strong></span> 
     </span>
    </p>
   </div>
   <div class='ocr_carea' id='block_1_9' title="bbox 421 943 2006 1017">
    <p class='ocr_par' dir='ltr' id='par_1_9' title="bbox 421 943 2006 1017">
     <span class='ocr_line' id='line_1_9' title="bbox 421 943 2006 1017; baseline -0.002 -17"><span class='ocrx_word' id='word_1_58' title='bbox 421 960 539 1000; x_wconf 93' lang='lat' dir='ltr'><strong>ram</strong></span> <span class='ocrx_word' id='word_1_59' title='bbox 582 946 796 1011; x_wconf 78' lang='lat' dir='ltr'><strong>videat,</strong></span> <span class='ocrx_word' id='word_1_60' title='bbox 829 947 915 1001; x_wconf 88' lang='lat' dir='ltr'><strong>sui</strong></span> <span class='ocrx_word' id='word_1_61' title='bbox 946 946 1164 1017; x_wconf 74' lang='lat' dir='ltr'><strong>generis</strong></span> <span class='ocrx_word' id='word_1_62' title='bbox 1199 952 1366 1015; x_wconf 86' lang='lat' dir='ltr'><strong>atque</strong></span> <span class='ocrx_word' id='word_1_63' title='bbox 1419 954 1707 1014; x_wconf 76' lang='lat' dir='ltr'><strong>cognatum</strong></span> <span class='ocrx_word' id='word_1_64' title='bbox 1749 943 1856 999; x_wconf 83' lang='lat' dir='ltr'><strong>sibi</strong></span> <span class='ocrx_word' id='word_1_65' title='bbox 1900 959 2006 1013; x_wconf 82' lang='lat' dir='ltr'><strong>pu-</strong></span> 
     </span>
    </p>
   </div>
   <div class='ocr_carea' id='block_1_10' title="bbox 423 1034 2008 1108">
    <p class='ocr_par' dir='ltr' id='par_1_10' title="bbox 423 1034 2008 1108">
     <span class='ocr_line' id='line_1_10' title="bbox 423 1034 2008 1108; baseline 0 -17"><span class='ocrx_word' id='word_1_66' title='bbox 423 1043 502 1093; x_wconf 84' lang='lat' dir='ltr'><strong>tet</strong></span> <span class='ocrx_word' id='word_1_67' title='bbox 538 1037 613 1101; x_wconf 88' lang='lat' dir='ltr'><strong>id,</strong></span> <span class='ocrx_word' id='word_1_68' title='bbox 664 1037 811 1108; x_wconf 83' lang='lat' dir='ltr'><strong>quod</strong></span> <span class='ocrx_word' id='word_1_69' title='bbox 867 1036 1082 1092; x_wconf 78' lang='lat' dir='ltr'><strong>videtur</strong></span> <span class='ocrx_word' id='word_1_70' title='bbox 1111 1075 1126 1100; x_wconf 91' lang='lat'><strong>,</strong></span> <span class='ocrx_word' id='word_1_71' title='bbox 1180 1051 1357 1106; x_wconf 82' lang='lat' dir='ltr'><strong>neque</strong></span> <span class='ocrx_word' id='word_1_72' title='bbox 1405 1035 1641 1090; x_wconf 84' lang='lat' dir='ltr'><strong>cicutam</strong></span> <span class='ocrx_word' id='word_1_73' title='bbox 1698 1034 1918 1106; x_wconf 83' lang='lat' dir='ltr'><strong>quidem</strong></span> <span class='ocrx_word' id='word_1_74' title='bbox 1960 1035 2008 1091; x_wconf 91' lang='lat' dir='ltr'><strong>is</strong></span> 
     </span>
    </p>
   </div>
   <div class='ocr_carea' id='block_1_11' title="bbox 423 1124 2010 1198">
    <p class='ocr_par' dir='ltr' id='par_1_11' title="bbox 423 1124 2010 1198">
     <span class='ocr_line' id='line_1_11' title="bbox 423 1124 2010 1198; baseline -0.002 -16"><span class='ocrx_word' id='word_1_75' title='bbox 423 1135 688 1198; x_wconf 86' lang='lat' dir='ltr'><strong>tanquam</strong></span> <span class='ocrx_word' id='word_1_76' title='bbox 723 1128 958 1183; x_wconf 89' lang='lat' dir='ltr'><strong>alienam</strong></span> <span class='ocrx_word' id='word_1_77' title='bbox 1013 1141 1043 1179; x_wconf 89' lang='lat' dir='ltr'><strong>a</strong></span> <span class='ocrx_word' id='word_1_78' title='bbox 1101 1140 1199 1182; x_wconf 88' lang='lat' dir='ltr'><strong>sua</strong></span> <span class='ocrx_word' id='word_1_79' title='bbox 1244 1133 1442 1180; x_wconf 89' lang='lat' dir='ltr'><strong>natura</strong></span> <span class='ocrx_word' id='word_1_80' title='bbox 1494 1124 1725 1195; x_wconf 73' lang='lat' dir='ltr'><strong>aspiciet</strong></span> <span class='ocrx_word' id='word_1_81' title='bbox 1761 1141 1776 1178; x_wconf 90' lang='lat'><strong>:</strong></span> <span class='ocrx_word' id='word_1_82' title='bbox 1810 1124 1859 1180; x_wconf 93' lang='lat' dir='ltr'><strong>si</strong></span> <span class='ocrx_word' id='word_1_83' title='bbox 1885 1126 2010 1195; x_wconf 93' lang='lat' dir='ltr'><strong>qui-</strong></span> 
     </span>
    </p>
   </div>
   <div class='ocr_carea' id='block_1_12' title="bbox 2115 671 3699 745">
    <p class='ocr_par' dir='ltr' id='par_1_12' title="bbox 2115 671 3699 745">
     <span class='ocr_line' id='line_1_12' title="bbox 2115 671 3699 745; baseline -0.001 -18"><span class='ocrx_word' id='word_1_84' title='bbox 2115 673 2306 743; x_wconf 79' lang='grc' dir='ltr'>ὕψεται</span> <span class='ocrx_word' id='word_1_85' title='bbox 2335 674 2451 745; x_wconf 82' lang='grc'>(75)</span> <span class='ocrx_word' id='word_1_86' title='bbox 2499 673 2748 745; x_wconf 83' lang='grc' dir='ltr'>φύσεως⁶</span> <span class='ocrx_word' id='word_1_87' title='bbox 2804 672 2963 745; x_wconf 71' lang='grc' dir='ltr'>εἴπερ</span> <span class='ocrx_word' id='word_1_88' title='bbox 2995 673 3182 745; x_wconf 76' lang='grc' dir='ltr'>βλέπει</span> <span class='ocrx_word' id='word_1_89' title='bbox 3210 673 3305 728; x_wconf 75' lang='grc' dir='ltr'>καὶ</span> <span class='ocrx_word' id='word_1_90' title='bbox 3327 675 3387 727; x_wconf 83' lang='lat' dir='ltr'><strong>tv</strong></span> <span class='ocrx_word' id='word_1_91' title='bbox 3418 676 3607 743; x_wconf 77' lang='grc' dir='ltr'>φυτοῖς</span> <span class='ocrx_word' id='word_1_92' title='bbox 3637 671 3699 727; x_wconf 73' lang='grc' dir='ltr'>τὸ</span> 
     </span>
    </p>
   </div>
   <div class='ocr_carea' id='block_1_13' title="bbox 2113 763 3699 836">
    <p class='ocr_par' dir='ltr' id='par_1_13' title="bbox 2113 763 3699 836">
     <span class='ocr_line' id='line_1_13' title="bbox 2113 763 3699 836; baseline 0 -18"><span class='ocrx_word' id='word_1_93' title='bbox 2113 763 2455 835; x_wconf 84' lang='grc' dir='ltr'>ἀνθρώπινον</span> <span class='ocrx_word' id='word_1_94' title='bbox 2479 783 2494 798; x_wconf 73' lang='grc' dir='ltr'><strong>ο</strong></span> <span class='ocrx_word' id='word_1_95' title='bbox 2544 765 2661 819; x_wconf 83' lang='grc' dir='ltr'>ἀλλ’</span> <span class='ocrx_word' id='word_1_96' title='bbox 2696 765 2818 819; x_wconf 82' lang='grc' dir='ltr'>οὐδὲ</span> <span class='ocrx_word' id='word_1_97' title='bbox 2857 764 2995 836; x_wconf 81' lang='grc' dir='ltr'>πρὸς</span> <span class='ocrx_word' id='word_1_98' title='bbox 3030 765 3194 819; x_wconf 82' lang='grc' dir='ltr'>αὐτὸν</span> <span class='ocrx_word' id='word_1_99' title='bbox 3214 764 3540 826; x_wconf 80' lang='grc' dir='ltr'><strong>ἀνυπόπτως</strong></span> <span class='ocrx_word' id='word_1_100' title='bbox 3586 764 3699 830; x_wconf 79' lang='grc' dir='ltr'>ἑξει</span> 
     </span>
    </p>
   </div>
   <div class='ocr_carea' id='block_1_14' title="bbox 2112 854 3698 929">
    <p class='ocr_par' dir='ltr' id='par_1_14' title="bbox 2112 854 3698 929">
     <span class='ocr_line' id='line_1_14' title="bbox 2112 854 3698 929; baseline -0.001 -19"><span class='ocrx_word' id='word_1_101' title='bbox 2112 856 2206 911; x_wconf 74' lang='grc' dir='ltr'><strong>τὸν</strong></span> <span class='ocrx_word' id='word_1_102' title='bbox 2234 856 2431 929; x_wconf 81' lang='grc' dir='ltr'><strong>βότρυν</strong></span> <span class='ocrx_word' id='word_1_103' title='bbox 2453 857 2544 912; x_wconf 79' lang='grc' dir='ltr'>τὸν</span> <span class='ocrx_word' id='word_1_104' title='bbox 2569 858 2665 911; x_wconf 77' lang='grc' dir='ltr'>ἑπὶ</span> <span class='ocrx_word' id='word_1_105' title='bbox 2685 859 2753 928; x_wconf 78' lang='grc' dir='ltr'>τῇ</span> <span class='ocrx_word' id='word_1_106' title='bbox 2785 856 2946 929; x_wconf 80' lang='grc' dir='ltr'>χρείᾳ</span> <span class='ocrx_word' id='word_1_107' title='bbox 2967 857 3068 927; x_wconf 85' lang='grc' dir='ltr'><strong>τῆς</strong></span> <span class='ocrx_word' id='word_1_108' title='bbox 3093 856 3240 926; x_wconf 76' lang='grc' dir='ltr'>ζωῆς</span> <span class='ocrx_word' id='word_1_109' title='bbox 3260 854 3698 927; x_wconf 78' lang='grc' dir='ltr'><strong>γεωργούμενον.</strong></span> 
     </span>
    </p>
   </div>
   <div class='ocr_carea' id='block_1_15' title="bbox 2114 942 3703 1018">
    <p class='ocr_par' dir='ltr' id='par_1_15' title="bbox 2114 942 3703 1018">
     <span class='ocr_line' id='line_1_15' title="bbox 2114 942 3703 1018; baseline -0.003 -18"><span class='ocrx_word' id='word_1_110' title='bbox 2114 948 2226 1001; x_wconf 70' lang='grc' dir='ltr'><strong>Καὶ</strong></span> <span class='ocrx_word' id='word_1_111' title='bbox 2268 948 2377 1017; x_wconf 83' lang='grc' dir='ltr'>γὰρ</span> <span class='ocrx_word' id='word_1_112' title='bbox 2424 949 2520 1002; x_wconf 67' lang='grc' dir='ltr'><strong>κα.)⁷</strong></span> <span class='ocrx_word' id='word_1_113' title='bbox 2551 948 2714 1012; x_wconf 82' lang='grc' dir='ltr'>αὐτὸς</span> <span class='ocrx_word' id='word_1_114' title='bbox 2755 947 2870 1018; x_wconf 87' lang='grc'><strong>(76)</strong></span> <span class='ocrx_word' id='word_1_115' title='bbox 2895 944 3006 1000; x_wconf 89' lang='grc' dir='ltr'><strong>τῶν</strong></span> <span class='ocrx_word' id='word_1_116' title='bbox 3036 946 3319 1017; x_wconf 78' lang='grc' dir='ltr'><strong>φυομένων</strong></span> <span class='ocrx_word' id='word_1_117' title='bbox 3339 944 3484 998; x_wconf 88' lang='grc' dir='ltr'>ἑστίν</span> <span class='ocrx_word' id='word_1_118' title='bbox 3511 962 3525 975; x_wconf 78' lang='grc' dir='ltr'><strong>ο</strong></span> <span class='ocrx_word' id='word_1_119' title='bbox 3557 942 3703 1012; x_wconf 78' lang='grc' dir='ltr'><strong>φυτά</strong></span> 
     </span>
    </p>
   </div>
   <div class='ocr_carea' id='block_1_16' title="bbox 2113 1028 3743 1110">
    <p class='ocr_par' dir='ltr' id='par_1_16' title="bbox 2113 1028 3743 1110">
     <span class='ocr_line' id='line_1_16' title="bbox 2113 1028 3743 1110; baseline -0.001 -17"><span class='ocrx_word' id='word_1_120' title='bbox 2113 1038 2171 1093; x_wconf 75' lang='grc' dir='ltr'>δὲ</span> <span class='ocrx_word' id='word_1_121' title='bbox 2205 1040 2340 1110; x_wconf 78' lang='grc' dir='ltr'><strong>ἡμῖν</strong></span> <span class='ocrx_word' id='word_1_122' title='bbox 2363 1040 2457 1094; x_wconf 73' lang='grc' dir='ltr'>καὶ</span> <span class='ocrx_word' id='word_1_123' title='bbox 2475 1039 2547 1093; x_wconf 88' lang='grc' dir='ltr'><strong>τά</strong></span> <span class='ocrx_word' id='word_1_124' title='bbox 2571 1039 2681 1094; x_wconf 89' lang='grc' dir='ltr'><strong>τῶν</strong></span> <span class='ocrx_word' id='word_1_125' title='bbox 2709 1037 2991 1110; x_wconf 77' lang='grc' dir='ltr'><strong>ἀσταχύων</strong></span> <span class='ocrx_word' id='word_1_126' title='bbox 3017 1040 3353 1110; x_wconf 76' lang='grc' dir='ltr'><strong>γεννήματα,</strong></span> <span class='ocrx_word' id='word_1_127' title='bbox 3374 1036 3442 1091; x_wconf 82' lang='grc' dir='ltr'>δι’</span> <span class='ocrx_word' id='word_1_128' title='bbox 3472 1028 3550 1092; x_wconf 78' lang='grc' dir='ltr'>ὧν</span> <span class='ocrx_word' id='word_1_129' title='bbox 3572 1050 3702 1107; x_wconf 76' lang='grc' dir='ltr'>τρε·</span> <span class='ocrx_word' id='word_1_130' title='bbox 3725 1052 3743 1101; x_wconf 59' lang='grc' dir='ltr'>ξ</span> 
     </span>
    </p>
   </div>
   <div class='ocr_carea' id='block_1_17' title="bbox 2116 1130 2350 1202">
    <p class='ocr_par' dir='ltr' id='par_1_17' title="bbox 2116 1130 2350 1202">
     <span class='ocr_line' id='line_1_17' title="bbox 2116 1130 2350 1202; baseline 0.013 -18"><span class='ocrx_word' id='word_1_131' title='bbox 2116 1130 2350 1202; x_wconf 83' lang='grc' dir='ltr'>φόμεθα.</span> 
     </span>
    </p>
   </div>
   <div class='ocr_carea' id='block_1_18' title="bbox 422 1206 3744 1296">
    <p class='ocr_par' dir='ltr' id='par_1_18' title="bbox 422 1206 3744 1296">
     <span class='ocr_line' id='line_1_18' title="bbox 422 1206 3744 1296; baseline 0 -21"><span class='ocrx_word' id='word_1_132' title='bbox 422 1221 545 1277; x_wconf 85' lang='lat' dir='ltr'><strong>dem</strong></span> <span class='ocrx_word' id='word_1_133' title='bbox 613 1220 781 1276; x_wconf 89' lang='lat' dir='ltr'><strong>etiam</strong></span> <span class='ocrx_word' id='word_1_134' title='bbox 825 1220 881 1275; x_wconf 85' lang='lat' dir='ltr'><strong>in</strong></span> <span class='ocrx_word' id='word_1_135' title='bbox 936 1219 1135 1291; x_wconf 86' lang='lat' dir='ltr'><strong>plantis</strong></span> <span class='ocrx_word' id='word_1_136' title='bbox 1178 1218 1357 1274; x_wconf 84' lang='lat' dir='ltr'><strong>cernit</strong></span> <span class='ocrx_word' id='word_1_137' title='bbox 1403 1218 1697 1272; x_wconf 85' lang='lat' dir='ltr'><strong>humanam</strong></span> <span class='ocrx_word' id='word_1_138' title='bbox 1745 1229 2022 1287; x_wconf 89' lang='lat' dir='ltr'><strong>naturam,</strong></span> <span class='ocrx_word' id='word_1_139' title='bbox 2064 1234 2129 1277; x_wconf 90' lang='lat' dir='ltr'><strong>ac</strong></span> <span class='ocrx_word' id='word_1_140' title='bbox 2186 1239 2255 1281; x_wconf 91' lang='lat' dir='ltr'><strong>ne</strong></span> <span class='ocrx_word' id='word_1_141' title='bbox 2292 1225 2390 1281; x_wconf 90' lang='lat' dir='ltr'><strong>tali</strong></span> <span class='ocrx_word' id='word_1_142' title='bbox 2430 1223 2650 1296; x_wconf 88' lang='lat' dir='ltr'><strong>quidem</strong></span> <span class='ocrx_word' id='word_1_143' title='bbox 2676 1223 2993 1294; x_wconf 86' lang='lat' dir='ltr'><strong>suspicione</strong></span> <span class='ocrx_word' id='word_1_144' title='bbox 3023 1221 3092 1278; x_wconf 88' lang='lat' dir='ltr'><strong>de</strong></span> <span class='ocrx_word' id='word_1_145' title='bbox 3136 1223 3259 1294; x_wconf 90' lang='lat' dir='ltr'><strong>ipso</strong></span> <span class='ocrx_word' id='word_1_146' title='bbox 3341 1233 3561 1277; x_wconf 89' lang='lat' dir='ltr'><strong>racemo</strong></span> <span class='ocrx_word' id='word_1_147' title='bbox 3590 1234 3700 1275; x_wconf 70' lang='grc' dir='ltr'><strong>αι-</strong></span> <span class='ocrx_word' id='word_1_148' title='bbox 3734 1206 3744 1214; x_wconf 69' lang='grc'><strong>’</strong></span> 
     </span>
    </p>
   </div>
   <div class='ocr_carea' id='block_1_19' title="bbox 422 1313 3700 1391">
    <p class='ocr_par' dir='ltr' id='par_1_19' title="bbox 422 1313 3700 1391">
     <span class='ocr_line' id='line_1_19' title="bbox 422 1313 3700 1391; baseline -0.002 -17"><span class='ocrx_word' id='word_1_149' title='bbox 422 1317 603 1382; x_wconf 88' lang='lat' dir='ltr'><strong>rebit,</strong></span> <span class='ocrx_word' id='word_1_150' title='bbox 655 1316 749 1386; x_wconf 90' lang='lat' dir='ltr'><strong>qui</strong></span> <span class='ocrx_word' id='word_1_151' title='bbox 801 1328 1052 1369; x_wconf 89' lang='lat' dir='ltr'><strong>racemus</strong></span> <span class='ocrx_word' id='word_1_152' title='bbox 1105 1313 1175 1368; x_wconf 93' lang='lat' dir='ltr'><strong>ad</strong></span> <span class='ocrx_word' id='word_1_153' title='bbox 1219 1329 1381 1369; x_wconf 91' lang='lat' dir='ltr'><strong>usum</strong></span> <span class='ocrx_word' id='word_1_154' title='bbox 1428 1314 1557 1368; x_wconf 72' lang='lat' dir='ltr'><strong>vitae</strong></span> <span class='ocrx_word' id='word_1_155' title='bbox 1622 1313 1967 1384; x_wconf 88' lang='lat' dir='ltr'><strong>producitur.</strong></span> <span class='ocrx_word' id='word_1_156' title='bbox 2023 1315 2239 1373; x_wconf 89' lang='lat' dir='ltr'><strong>Etenim</strong></span> <span class='ocrx_word' id='word_1_157' title='bbox 2287 1320 2338 1377; x_wconf 88' lang='lat' dir='ltr'><strong>is</strong></span> <span class='ocrx_word' id='word_1_158' title='bbox 2401 1334 2623 1391; x_wconf 88' lang='lat' dir='ltr'><strong>quoque</strong></span> <span class='ocrx_word' id='word_1_159' title='bbox 2691 1318 2761 1374; x_wconf 77' lang='lat' dir='ltr'><strong>de</strong></span> <span class='ocrx_word' id='word_1_160' title='bbox 2802 1332 3003 1390; x_wconf 72' lang='lat' dir='ltr'><strong>genere</strong></span> <span class='ocrx_word' id='word_1_161' title='bbox 3046 1317 3391 1390; x_wconf 77' lang='lat' dir='ltr'><strong>germinum,</strong></span> <span class='ocrx_word' id='word_1_162' title='bbox 3440 1316 3700 1386; x_wconf 75' lang='lat' dir='ltr'><strong>stirpium</strong></span> 
     </span>
    </p>
   </div>
   <div class='ocr_carea' id='block_1_20' title="bbox 422 1404 3700 1482">
    <p class='ocr_par' dir='ltr' id='par_1_20' title="bbox 422 1404 3700 1482">
     <span class='ocr_line' id='line_1_20' title="bbox 422 1404 3700 1482; baseline -0 -23"><span class='ocrx_word' id='word_1_163' title='bbox 422 1420 485 1460; x_wconf 89' lang='lat' dir='ltr'><strong>ac</strong></span> <span class='ocrx_word' id='word_1_164' title='bbox 536 1407 850 1477; x_wconf 86' lang='lat' dir='ltr'><strong>plantarum</strong></span> <span class='ocrx_word' id='word_1_165' title='bbox 910 1416 977 1461; x_wconf 81' lang='lat' dir='ltr'><strong>ex</strong></span> <span class='ocrx_word' id='word_1_166' title='bbox 1019 1413 1165 1459; x_wconf 88' lang='lat' dir='ltr'><strong>terra</strong></span> <span class='ocrx_word' id='word_1_167' title='bbox 1237 1404 1619 1459; x_wconf 77' lang='lat' dir='ltr'><strong>enascentium</strong></span> <span class='ocrx_word' id='word_1_168' title='bbox 1672 1412 1835 1474; x_wconf 90' lang='lat' dir='ltr'><strong>atque</strong></span> <span class='ocrx_word' id='word_1_169' title='bbox 1895 1408 2333 1475; x_wconf 83' lang='lat' dir='ltr'><strong>provenientium</strong></span> <span class='ocrx_word' id='word_1_170' title='bbox 2388 1419 2514 1480; x_wconf 89' lang='lat' dir='ltr'><strong>est;</strong></span> <span class='ocrx_word' id='word_1_171' title='bbox 2553 1408 2800 1482; x_wconf 74' lang='lat' dir='ltr'><strong>germina</strong></span> <span class='ocrx_word' id='word_1_172' title='bbox 2861 1417 3044 1464; x_wconf 86' lang='lat' dir='ltr'><strong>autem</strong></span> <span class='ocrx_word' id='word_1_173' title='bbox 3106 1407 3275 1463; x_wconf 89' lang='lat' dir='ltr'><strong>etiam</strong></span> <span class='ocrx_word' id='word_1_174' title='bbox 3337 1404 3499 1461; x_wconf 89' lang='lat' dir='ltr'><strong>nobis</strong></span> <span class='ocrx_word' id='word_1_175' title='bbox 3565 1412 3700 1460; x_wconf 71' lang='lat' dir='ltr'><strong>sunt</strong></span> 
     </span>
    </p>
   </div>
   <div class='ocr_carea' id='block_1_21' title="bbox 420 1494 1589 1568">
    <p class='ocr_par' dir='ltr' id='par_1_21' title="bbox 420 1494 1589 1568">
     <span class='ocr_line' id='line_1_21' title="bbox 420 1494 1589 1568; baseline 0 -19"><span class='ocrx_word' id='word_1_176' title='bbox 420 1494 605 1568; x_wconf 78' lang='lat' dir='ltr'><strong>fruges</strong></span> <span class='ocrx_word' id='word_1_177' title='bbox 662 1497 941 1568; x_wconf 86' lang='lat' dir='ltr'><strong>spicarum</strong></span> <span class='ocrx_word' id='word_1_178' title='bbox 970 1538 986 1563; x_wconf 92' lang='lat'><strong>,</strong></span> <span class='ocrx_word' id='word_1_179' title='bbox 1054 1495 1256 1566; x_wconf 89' lang='lat' dir='ltr'><strong>quibus</strong></span> <span class='ocrx_word' id='word_1_180' title='bbox 1296 1496 1589 1549; x_wconf 85' lang='lat' dir='ltr'><strong>nutrimur.</strong></span> 
     </span>
    </p>
   </div>
   <div class='ocr_carea' id='block_1_22' title="bbox 488 1606 2006 1680">
    <p class='ocr_par' dir='ltr' id='par_1_22' title="bbox 488 1606 2006 1680">
     <span class='ocr_line' id='line_1_22' title="bbox 488 1606 2006 1680; baseline 0.001 -17"><span class='ocrx_word' id='word_1_181' title='bbox 488 1608 775 1676; x_wconf 82' lang='lat' dir='ltr'><strong>Quomodo</strong></span> <span class='ocrx_word' id='word_1_182' title='bbox 794 1608 959 1680; x_wconf 77' lang='lat' dir='ltr'><strong>igitur</strong></span> <span class='ocrx_word' id='word_1_183' title='bbox 972 1606 1163 1664; x_wconf 81' lang='lat' dir='ltr'><strong>falcem</strong></span> <span class='ocrx_word' id='word_1_184' title='bbox 1188 1608 1501 1663; x_wconf 82' lang='lat' dir='ltr'><strong>admovebit</strong></span> <span class='ocrx_word' id='word_1_185' title='bbox 1516 1607 1686 1678; x_wconf 86' lang='lat' dir='ltr'><strong>spicis</strong></span> <span class='ocrx_word' id='word_1_186' title='bbox 1705 1608 1962 1664; x_wconf 90' lang='lat' dir='ltr'><strong>secandis</strong></span> <span class='ocrx_word' id='word_1_187' title='bbox 1978 1606 2006 1665; x_wconf 69' lang='grc'><strong>9</strong></span> 
     </span>
    </p>
   </div>
   <div class='ocr_carea' id='block_1_23' title="bbox 421 1700 2005 1772">
    <p class='ocr_par' dir='ltr' id='par_1_23' title="bbox 421 1700 2005 1772">
     <span class='ocr_line' id='line_1_23' title="bbox 421 1700 2005 1772; baseline 0 -16"><span class='ocrx_word' id='word_1_188' title='bbox 421 1702 705 1769; x_wconf 88' lang='lat' dir='ltr'><strong>Quomodo</strong></span> <span class='ocrx_word' id='word_1_189' title='bbox 728 1700 857 1755; x_wconf 86' lang='lat' dir='ltr'><strong>item</strong></span> <span class='ocrx_word' id='word_1_190' title='bbox 895 1700 1162 1770; x_wconf 76' lang='lat' dir='ltr'><strong>exprimet</strong></span> <span class='ocrx_word' id='word_1_191' title='bbox 1191 1711 1490 1764; x_wconf 84' lang='lat' dir='ltr'><strong>racemum,</strong></span> <span class='ocrx_word' id='word_1_192' title='bbox 1514 1709 1607 1754; x_wconf 90' lang='lat' dir='ltr'><strong>aut</strong></span> <span class='ocrx_word' id='word_1_193' title='bbox 1634 1716 1699 1755; x_wconf 79' lang='lat' dir='ltr'><strong>ex</strong></span> <span class='ocrx_word' id='word_1_194' title='bbox 1732 1715 1863 1755; x_wconf 88' lang='lat' dir='ltr'><strong>arvo</strong></span> <span class='ocrx_word' id='word_1_195' title='bbox 1898 1701 2005 1772; x_wconf 89' lang='lat' dir='ltr'><strong>spi-</strong></span> 
     </span>
    </p>
   </div>
   <div class='ocr_carea' id='block_1_24' title="bbox 419 1788 2003 1860">
    <p class='ocr_par' dir='ltr' id='par_1_24' title="bbox 419 1788 2003 1860">
     <span class='ocr_line' id='line_1_24' title="bbox 419 1788 2003 1860; baseline -0.001 -11"><span class='ocrx_word' id='word_1_196' title='bbox 419 1810 545 1849; x_wconf 85' lang='lat' dir='ltr'><strong>nam</strong></span> <span class='ocrx_word' id='word_1_197' title='bbox 580 1792 822 1857; x_wconf 83' lang='lat' dir='ltr'><strong>elIodiet,</strong></span> <span class='ocrx_word' id='word_1_198' title='bbox 849 1800 941 1846; x_wconf 90' lang='lat' dir='ltr'><strong>aut</strong></span> <span class='ocrx_word' id='word_1_199' title='bbox 981 1788 1166 1846; x_wconf 79' lang='lat' dir='ltr'><strong>liorem</strong></span> <span class='ocrx_word' id='word_1_200' title='bbox 1195 1788 1471 1860; x_wconf 83' lang='lat' dir='ltr'><strong>decerpet,</strong></span> <span class='ocrx_word' id='word_1_201' title='bbox 1501 1796 1595 1845; x_wconf 80' lang='lat' dir='ltr'><strong>au‘t</strong></span> <span class='ocrx_word' id='word_1_202' title='bbox 1617 1806 1745 1847; x_wconf 87' lang='lat' dir='ltr'><strong>aves</strong></span> <span class='ocrx_word' id='word_1_203' title='bbox 1778 1794 2003 1849; x_wconf 84' lang='lat' dir='ltr'><strong>venabi-</strong></span> 
     </span>
    </p>
   </div>
   <div class='ocr_carea' id='block_1_25' title="bbox 2183 1596 3696 1677">
    <p class='ocr_par' dir='ltr' id='par_1_25' title="bbox 2183 1596 3696 1677">
     <span class='ocr_line' id='line_1_25' title="bbox 2183 1596 3696 1677; baseline 0.002 -20"><span class='ocrx_word' id='word_1_204' title='bbox 2183 1605 2310 1669; x_wconf 86' lang='grc' dir='ltr'><strong>Πῶς</strong></span> <span class='ocrx_word' id='word_1_205' title='bbox 2336 1596 2745 1676; x_wconf 73' lang='grc' dir='ltr'>οὗνὲπάξειτὴν</span> <span class='ocrx_word' id='word_1_206' title='bbox 2771 1604 3045 1677; x_wconf 85' lang='grc' dir='ltr'>δρεπάνην</span> <span class='ocrx_word' id='word_1_207' title='bbox 3068 1603 3182 1676; x_wconf 90' lang='grc'>(77)</span> <span class='ocrx_word' id='word_1_208' title='bbox 3207 1604 3495 1676; x_wconf 79' lang='grc' dir='ltr'><strong>ἀσταχύων</strong></span> <span class='ocrx_word' id='word_1_209' title='bbox 3512 1609 3654 1677; x_wconf 83' lang='grc' dir='ltr'>τομῇ</span> <span class='ocrx_word' id='word_1_210' title='bbox 3680 1624 3696 1672; x_wconf 87' lang='lat'><strong>;</strong></span> 
     </span>
    </p>
   </div>
   <div class='ocr_carea' id='block_1_26' title="bbox 2112 1696 3699 1770">
    <p class='ocr_par' dir='ltr' id='par_1_26' title="bbox 2112 1696 3699 1770">
     <span class='ocr_line' id='line_1_26' title="bbox 2112 1696 3699 1770; baseline 0 -19"><span class='ocrx_word' id='word_1_211' title='bbox 2112 1698 2229 1762; x_wconf 89' lang='grc' dir='ltr'><strong>πῶς</strong></span> <span class='ocrx_word' id='word_1_212' title='bbox 2258 1697 2316 1752; x_wconf 81' lang='grc' dir='ltr'>δὲ</span> <span class='ocrx_word' id='word_1_213' title='bbox 2353 1696 2641 1767; x_wconf 77' lang='grc' dir='ltr'>ἀποθλίψει</span> <span class='ocrx_word' id='word_1_214' title='bbox 2669 1697 2762 1751; x_wconf 80' lang='grc' dir='ltr'>τὸν</span> <span class='ocrx_word' id='word_1_215' title='bbox 2790 1697 2984 1770; x_wconf 85' lang='grc' dir='ltr'>βότρυν</span> <span class='ocrx_word' id='word_1_216' title='bbox 3003 1740 3018 1764; x_wconf 92' lang='grc'><strong>,</strong></span> <span class='ocrx_word' id='word_1_217' title='bbox 3056 1696 3090 1767; x_wconf 82' lang='grc' dir='ltr'>ἢ</span> <span class='ocrx_word' id='word_1_218' title='bbox 3131 1696 3379 1769; x_wconf 80' lang='grc' dir='ltr'>ἀνορύξει</span> <span class='ocrx_word' id='word_1_219' title='bbox 3405 1697 3505 1768; x_wconf 85' lang='grc' dir='ltr'><strong>τῆς</strong></span> <span class='ocrx_word' id='word_1_220' title='bbox 3531 1698 3699 1769; x_wconf 88' lang='grc' dir='ltr'>ἀρού-</span> 
     </span>
    </p>
   </div>
   <div class='ocr_carea' id='block_1_27' title="bbox 2110 1787 3698 1861">
    <p class='ocr_par' dir='ltr' id='par_1_27' title="bbox 2110 1787 3698 1861">
     <span class='ocr_line' id='line_1_27' title="bbox 2110 1787 3698 1861; baseline -0.001 -20"><span class='ocrx_word' id='word_1_221' title='bbox 2110 1802 2212 1861; x_wconf 79' lang='grc' dir='ltr'><strong>ρας</strong></span> <span class='ocrx_word' id='word_1_222' title='bbox 2235 1788 2335 1859; x_wconf 83' lang='grc' dir='ltr'>τὴν</span> <span class='ocrx_word' id='word_1_223' title='bbox 2362 1787 2626 1853; x_wconf 76' lang='grc' dir='ltr'>ἄκανθαν,</span> <span class='ocrx_word' id='word_1_224' title='bbox 2648 1788 2683 1859; x_wconf 79' lang='grc' dir='ltr'>ἢ</span> <span class='ocrx_word' id='word_1_225' title='bbox 2713 1787 2775 1841; x_wconf 80' lang='grc' dir='ltr'>τὸ</span> <span class='ocrx_word' id='word_1_226' title='bbox 2800 1787 2960 1852; x_wconf 76' lang='grc' dir='ltr'>ἄνθος</span> <span class='ocrx_word' id='word_1_227' title='bbox 2987 1788 3175 1861; x_wconf 78' lang='grc' dir='ltr'>δρέψει</span> <span class='ocrx_word' id='word_1_228' title='bbox 3208 1787 3342 1859; x_wconf 90' lang='grc'>(78),</span> <span class='ocrx_word' id='word_1_229' title='bbox 3377 1787 3412 1858; x_wconf 79' lang='grc' dir='ltr'><strong>ἢ</strong></span> <span class='ocrx_word' id='word_1_230' title='bbox 3438 1787 3698 1858; x_wconf 74' lang='grc' dir='ltr'>θηρεύσει</span> 
     </span>
    </p>
   </div>
   <div class='ocr_carea' id='block_1_28' title="bbox 420 1876 2003 1961">
    <p class='ocr_par' dir='ltr' id='par_1_28' title="bbox 420 1882 1998 1955">
     <span class='ocr_line' id='line_1_28' title="bbox 420 1882 1998 1955; baseline -0.001 -15"><span class='ocrx_word' id='word_1_231' title='bbox 420 1895 529 1947; x_wconf 87' lang='lat' dir='ltr'><strong>tur,</strong></span> <span class='ocrx_word' id='word_1_232' title='bbox 558 1893 653 1940; x_wconf 90' lang='lat' dir='ltr'><strong>aut</strong></span> <span class='ocrx_word' id='word_1_233' title='bbox 696 1900 763 1940; x_wconf 81' lang='lat' dir='ltr'><strong>ex</strong></span> <span class='ocrx_word' id='word_1_234' title='bbox 792 1884 953 1955; x_wconf 82' lang='lat' dir='ltr'><strong>lignis</strong></span> <span class='ocrx_word' id='word_1_235' title='bbox 1001 1898 1194 1954; x_wconf 81' lang='lat' dir='ltr'><strong>rogum</strong></span> <span class='ocrx_word' id='word_1_236' title='bbox 1241 1882 1525 1948; x_wconf 87' lang='lat' dir='ltr'><strong>accendet,</strong></span> <span class='ocrx_word' id='word_1_237' title='bbox 1563 1898 1688 1938; x_wconf 91' lang='lat' dir='ltr'><strong>cum</strong></span> <span class='ocrx_word' id='word_1_238' title='bbox 1731 1884 1998 1940; x_wconf 90' lang='lat' dir='ltr'><strong>incertum</strong></span> 
     </span>
    </p>
   </div>
   <div class='ocr_carea' id='block_1_29' title="bbox 2112 1876 3697 1961">
    <p class='ocr_par' dir='ltr' id='par_1_29' title="bbox 2112 1876 3697 1952">
     <span class='ocr_line' id='line_1_29' title="bbox 2112 1876 3697 1952; baseline -0.001 -20"><span class='ocrx_word' id='word_1_239' title='bbox 2112 1880 2233 1943; x_wconf 79' lang='grc' dir='ltr'>τοὺς</span> <span class='ocrx_word' id='word_1_240' title='bbox 2261 1877 2505 1952; x_wconf 76' lang='grc' dir='ltr'>ὄρνιθας.</span> <span class='ocrx_word' id='word_1_241' title='bbox 2535 1878 2570 1951; x_wconf 77' lang='grc' dir='ltr'>ἢ</span> <span class='ocrx_word' id='word_1_242' title='bbox 2600 1878 2709 1932; x_wconf 82' lang='grc' dir='ltr'>ἀπὸ</span> <span class='ocrx_word' id='word_1_243' title='bbox 2738 1877 2911 1945; x_wconf 81' lang='grc' dir='ltr'>ξύλων</span> <span class='ocrx_word' id='word_1_244' title='bbox 2936 1876 3234 1931; x_wconf 72' lang='grc' dir='ltr'>ἀναπαύσει</span> <span class='ocrx_word' id='word_1_245' title='bbox 3266 1877 3467 1948; x_wconf 78' lang='grc' dir='ltr'>πυρὰν,</span> <span class='ocrx_word' id='word_1_246' title='bbox 3500 1876 3697 1947; x_wconf 77' lang='grc' dir='ltr'>ἄδηλον</span> 
     </span>
    </p>
   </div>
   <div class='ocr_carea' id='block_1_30' title="bbox 415 1975 2002 2051">
    <p class='ocr_par' dir='ltr' id='par_1_30' title="bbox 415 1975 2002 2051">
     <span class='ocr_line' id='line_1_30' title="bbox 415 1975 2002 2051; baseline -0.004 -14"><span class='ocrx_word' id='word_1_247' title='bbox 415 1983 490 2039; x_wconf 90' lang='lat' dir='ltr'><strong>sit</strong></span> <span class='ocrx_word' id='word_1_248' title='bbox 520 1996 663 2036; x_wconf 88' lang='lat' dir='ltr'><strong>anne</strong></span> <span class='ocrx_word' id='word_1_249' title='bbox 708 1980 978 2051; x_wconf 81' lang='lat' dir='ltr'><strong>cognatis,</strong></span> <span class='ocrx_word' id='word_1_250' title='bbox 1015 1986 1109 2033; x_wconf 91' lang='lat' dir='ltr'><strong>aut</strong></span> <span class='ocrx_word' id='word_1_251' title='bbox 1144 1978 1486 2049; x_wconf 81' lang='lat' dir='ltr'><strong>parentibus,</strong></span> <span class='ocrx_word' id='word_1_252' title='bbox 1520 1984 1614 2030; x_wconf 90' lang='lat' dir='ltr'><strong>aut</strong></span> <span class='ocrx_word' id='word_1_253' title='bbox 1646 1975 2002 2045; x_wconf 84' lang='lat' dir='ltr'><strong>popularibus</strong></span> 
     </span>
    </p>
   </div>
   <div class='ocr_carea' id='block_1_31' title="bbox 417 2067 2049 2140">
    <p class='ocr_par' dir='ltr' id='par_1_31' title="bbox 417 2067 2049 2140">
     <span class='ocr_line' id='line_1_31' title="bbox 417 2067 2049 2140; baseline -0.004 -14"><span class='ocrx_word' id='word_1_254' title='bbox 417 2087 617 2128; x_wconf 88' lang='lat' dir='ltr'><strong>manus</strong></span> <span class='ocrx_word' id='word_1_255' title='bbox 652 2070 972 2137; x_wconf 81' lang='lat' dir='ltr'><strong>aﬂ‘erantur,</strong></span> <span class='ocrx_word' id='word_1_256' title='bbox 1007 2079 1060 2126; x_wconf 89' lang='lat' dir='ltr'><strong>et</strong></span> <span class='ocrx_word' id='word_1_257' title='bbox 1113 2085 1212 2140; x_wconf 91' lang='lat' dir='ltr'><strong>per</strong></span> <span class='ocrx_word' id='word_1_258' title='bbox 1236 2085 1427 2124; x_wconf 92' lang='lat' dir='ltr'><strong>eorum</strong></span> <span class='ocrx_word' id='word_1_259' title='bbox 1483 2084 1685 2139; x_wconf 83' lang='lat' dir='ltr'><strong>corpus</strong></span> <span class='ocrx_word' id='word_1_260' title='bbox 1725 2067 1809 2123; x_wconf 91' lang='lat' dir='ltr'><strong>vel</strong></span> <span class='ocrx_word' id='word_1_261' title='bbox 1855 2067 2000 2138; x_wconf 78' lang='lat' dir='ltr'><strong>ignis</strong></span> <span class='ocrx_word' id='word_1_262' title='bbox 2044 2086 2049 2090; x_wconf 93' lang='grc'>·</span> 
     </span>
    </p>
   </div>
   <div class='ocr_carea' id='block_1_32' title="bbox 414 2156 2006 2232">
    <p class='ocr_par' dir='ltr' id='par_1_32' title="bbox 414 2156 2006 2232">
     <span class='ocr_line' id='line_1_32' title="bbox 414 2156 2006 2232; baseline -0.005 -13"><span class='ocrx_word' id='word_1_263' title='bbox 414 2165 767 2231; x_wconf 82' lang='lat' dir='ltr'><strong>accendatur,</strong></span> <span class='ocrx_word' id='word_1_264' title='bbox 789 2163 873 2219; x_wconf 80' lang='lat' dir='ltr'><strong>vel</strong></span> <span class='ocrx_word' id='word_1_265' title='bbox 894 2170 1076 2218; x_wconf 88' lang='lat' dir='ltr'><strong>crater</strong></span> <span class='ocrx_word' id='word_1_266' title='bbox 1092 2169 1447 2232; x_wconf 89' lang='lat' dir='ltr'><strong>temperetur,</strong></span> <span class='ocrx_word' id='word_1_267' title='bbox 1465 2161 1547 2215; x_wconf 86' lang='lat' dir='ltr'><strong>vel</strong></span> <span class='ocrx_word' id='word_1_268' title='bbox 1564 2160 1721 2217; x_wconf 86' lang='lat' dir='ltr'><strong>cibus</strong></span> <span class='ocrx_word' id='word_1_269' title='bbox 1743 2156 2006 2229; x_wconf 77' lang='lat' dir='ltr'><strong>paretur?</strong></span> 
     </span>
    </p>
   </div>
   <div class='ocr_carea' id='block_1_33' title="bbox 415 2253 2005 2327">
    <p class='ocr_par' dir='ltr' id='par_1_33' title="bbox 415 2253 2005 2327">
     <span class='ocr_line' id='line_1_33' title="bbox 415 2253 2005 2327; baseline -0.006 -11"><span class='ocrx_word' id='word_1_270' title='bbox 415 2257 551 2316; x_wconf 81' lang='lat' dir='ltr'><strong>Nam</strong></span> <span class='ocrx_word' id='word_1_271' title='bbox 586 2257 633 2313; x_wconf 92' lang='lat' dir='ltr'><strong>si</strong></span> <span class='ocrx_word' id='word_1_272' title='bbox 656 2257 781 2327; x_wconf 80' lang='lat' dir='ltr'><strong>quis</strong></span> <span class='ocrx_word' id='word_1_273' title='bbox 823 2264 976 2327; x_wconf 89' lang='lat' dir='ltr'><strong>putet</strong></span> <span class='ocrx_word' id='word_1_274' title='bbox 1004 2256 1243 2310; x_wconf 89' lang='lat' dir='ltr'><strong>animam</strong></span> <span class='ocrx_word' id='word_1_275' title='bbox 1268 2254 1509 2310; x_wconf 90' lang='lat' dir='ltr'><strong>hominis</strong></span> <span class='ocrx_word' id='word_1_276' title='bbox 1539 2270 1633 2325; x_wconf 92' lang='lat' dir='ltr'><strong>per</strong></span> <span class='ocrx_word' id='word_1_277' title='bbox 1655 2253 2005 2324; x_wconf 88' lang='lat' dir='ltr'><strong>unumquod-</strong></span> 
     </span>
    </p>
   </div>
   <div class='ocr_carea' id='block_1_34' title="bbox 418 2343 2004 2420">
    <p class='ocr_par' dir='ltr' id='par_1_34' title="bbox 418 2343 2004 2420">
     <span class='ocr_line' id='line_1_34' title="bbox 418 2343 2004 2420; baseline -0.006 -16"><span class='ocrx_word' id='word_1_278' title='bbox 418 2364 527 2420; x_wconf 90' lang='lat' dir='ltr'><strong>que</strong></span> <span class='ocrx_word' id='word_1_279' title='bbox 559 2348 752 2402; x_wconf 88' lang='lat' dir='ltr'><strong>horum</strong></span> <span class='ocrx_word' id='word_1_280' title='bbox 775 2347 1017 2417; x_wconf 88' lang='lat' dir='ltr'><strong>plantam</strong></span> <span class='ocrx_word' id='word_1_281' title='bbox 1040 2346 1125 2401; x_wconf 87' lang='lat' dir='ltr'><strong>vel</strong></span> <span class='ocrx_word' id='word_1_282' title='bbox 1153 2345 1354 2399; x_wconf 87' lang='lat' dir='ltr'><strong>animal</strong></span> <span class='ocrx_word' id='word_1_283' title='bbox 1394 2344 1534 2407; x_wconf 78' lang='lat' dir='ltr'><strong>ﬁeri,</strong></span> <span class='ocrx_word' id='word_1_284' title='bbox 1561 2358 1625 2398; x_wconf 90' lang='lat' dir='ltr'><strong>ac</strong></span> <span class='ocrx_word' id='word_1_285' title='bbox 1654 2343 1803 2398; x_wconf 90' lang='lat' dir='ltr'><strong>nulla</strong></span> <span class='ocrx_word' id='word_1_286' title='bbox 1836 2356 2004 2413; x_wconf 86' lang='lat' dir='ltr'><strong>appo-</strong></span> 
     </span>
    </p>
   </div>
   <div class='ocr_carea' id='block_1_35' title="bbox 418 2432 2001 2506">
    <p class='ocr_par' dir='ltr' id='par_1_35' title="bbox 418 2432 2001 2506">
     <span class='ocr_line' id='line_1_35' title="bbox 418 2432 2001 2506; baseline -0.004 -12"><span class='ocrx_word' id='word_1_287' title='bbox 418 2437 528 2494; x_wconf 85' lang='lat' dir='ltr'><strong>sita</strong></span> <span class='ocrx_word' id='word_1_288' title='bbox 560 2451 685 2493; x_wconf 85' lang='lat' dir='ltr'><strong>esse</strong></span> <span class='ocrx_word' id='word_1_289' title='bbox 706 2436 864 2506; x_wconf 77' lang='lat' dir='ltr'><strong>signa</strong></span> <span class='ocrx_word' id='word_1_290' title='bbox 881 2435 1083 2505; x_wconf 90' lang='lat' dir='ltr'><strong>quibus</strong></span> <span class='ocrx_word' id='word_1_291' title='bbox 1112 2440 1334 2488; x_wconf 84' lang='lat' dir='ltr'><strong>notetur</strong></span> <span class='ocrx_word' id='word_1_292' title='bbox 1359 2433 1541 2504; x_wconf 91' lang='lat' dir='ltr'><strong>qualis</strong></span> <span class='ocrx_word' id='word_1_293' title='bbox 1575 2432 1797 2503; x_wconf 89' lang='lat' dir='ltr'><strong>quidem</strong></span> <span class='ocrx_word' id='word_1_294' title='bbox 1831 2436 1903 2488; x_wconf 91' lang='lat' dir='ltr'><strong>sit</strong></span> <span class='ocrx_word' id='word_1_295' title='bbox 1935 2448 2001 2488; x_wconf 86' lang='lat' dir='ltr'><strong>ex</strong></span> 
     </span>
    </p>
   </div>
   <div class='ocr_carea' id='block_1_36' title="bbox 415 2523 2005 2598">
    <p class='ocr_par' dir='ltr' id='par_1_36' title="bbox 415 2523 2005 2598">
     <span class='ocr_line' id='line_1_36' title="bbox 415 2523 2005 2598; baseline -0.004 -15"><span class='ocrx_word' id='word_1_296' title='bbox 415 2528 640 2584; x_wconf 86' lang='lat' dir='ltr'><strong>homine</strong></span> <span class='ocrx_word' id='word_1_297' title='bbox 664 2527 850 2598; x_wconf 88' lang='lat' dir='ltr'><strong>planta</strong></span> <span class='ocrx_word' id='word_1_298' title='bbox 876 2526 960 2581; x_wconf 82' lang='lat' dir='ltr'><strong>vel</strong></span> <span class='ocrx_word' id='word_1_299' title='bbox 993 2525 1216 2590; x_wconf 87' lang='lat' dir='ltr'><strong>animal,</strong></span> <span class='ocrx_word' id='word_1_300' title='bbox 1251 2526 1412 2596; x_wconf 89' lang='lat' dir='ltr'><strong>quale</strong></span> <span class='ocrx_word' id='word_1_301' title='bbox 1434 2525 1559 2578; x_wconf 91' lang='lat' dir='ltr'><strong>item</strong></span> <span class='ocrx_word' id='word_1_302' title='bbox 1584 2523 1636 2578; x_wconf 90' lang='lat' dir='ltr'><strong>id</strong></span> <span class='ocrx_word' id='word_1_303' title='bbox 1665 2523 1811 2594; x_wconf 85' lang='lat' dir='ltr'><strong>quod</strong></span> <span class='ocrx_word' id='word_1_304' title='bbox 1846 2524 2005 2578; x_wconf 88' lang='lat' dir='ltr'><strong>aliter</strong></span> 
     </span>
    </p>
   </div>
   <div class='ocr_carea' id='block_1_37' title="bbox 414 2615 2004 2686">
    <p class='ocr_par' dir='ltr' id='par_1_37' title="bbox 414 2615 2004 2686">
     <span class='ocr_line' id='line_1_37' title="bbox 414 2615 2004 2686; baseline -0.003 -11"><span class='ocrx_word' id='word_1_305' title='bbox 414 2618 623 2675; x_wconf 81' lang='lat' dir='ltr'><strong>factum</strong></span> <span class='ocrx_word' id='word_1_306' title='bbox 663 2620 755 2682; x_wconf 91' lang='lat' dir='ltr'><strong>sit,</strong></span> <span class='ocrx_word' id='word_1_307' title='bbox 798 2618 1060 2673; x_wconf 86' lang='lat' dir='ltr'><strong>adversus</strong></span> <span class='ocrx_word' id='word_1_308' title='bbox 1097 2616 1282 2672; x_wconf 88' lang='lat' dir='ltr'><strong>omnia</strong></span> <span class='ocrx_word' id='word_1_309' title='bbox 1320 2615 1525 2686; x_wconf 86' lang='lat' dir='ltr'><strong>pariter</strong></span> <span class='ocrx_word' id='word_1_310' title='bbox 1584 2622 1638 2671; x_wconf 91' lang='lat' dir='ltr'><strong>et</strong></span> <span class='ocrx_word' id='word_1_311' title='bbox 1666 2615 1858 2671; x_wconf 89' lang='lat' dir='ltr'><strong>eodem</strong></span> <span class='ocrx_word' id='word_1_312' title='bbox 1887 2631 2004 2671; x_wconf 90' lang='lat' dir='ltr'><strong>mo-</strong></span> 
     </span>
    </p>
   </div>
   <div class='ocr_carea' id='block_1_38' title="bbox 412 2705 2002 2780">
    <p class='ocr_par' dir='ltr' id='par_1_38' title="bbox 412 2705 2002 2780">
     <span class='ocr_line' id='line_1_38' title="bbox 412 2705 2002 2780; baseline -0.003 -14"><span class='ocrx_word' id='word_1_313' title='bbox 412 2712 505 2776; x_wconf 89' lang='lat' dir='ltr'><strong>do,</strong></span> <span class='ocrx_word' id='word_1_314' title='bbox 539 2710 628 2780; x_wconf 90' lang='lat' dir='ltr'><strong>qui</strong></span> <span class='ocrx_word' id='word_1_315' title='bbox 664 2707 931 2779; x_wconf 86' lang='lat' dir='ltr'><strong>ejusmodi</strong></span> <span class='ocrx_word' id='word_1_316' title='bbox 964 2707 1374 2778; x_wconf 88' lang='lat' dir='ltr'><strong>persuasionem</strong></span> <span class='ocrx_word' id='word_1_317' title='bbox 1408 2705 1746 2777; x_wconf 64' lang='lat' dir='ltr'><strong>praeceperit,</strong></span> <span class='ocrx_word' id='word_1_318' title='bbox 1775 2705 2002 2762; x_wconf 77' lang='lat' dir='ltr'><strong>allectus</strong></span> 
     </span>
    </p>
   </div>
   <div class='ocr_carea' id='block_1_39' title="bbox 407 2798 2002 2867">
    <p class='ocr_par' dir='ltr' id='par_1_39' title="bbox 407 2798 2002 2867">
     <span class='ocr_line' id='line_1_39' title="bbox 407 2798 2002 2867; baseline -0.001 -8"><span class='ocrx_word' id='word_1_319' title='bbox 407 2811 467 2859; x_wconf 86' lang='lat' dir='ltr'><strong>et</strong></span> <span class='ocrx_word' id='word_1_320' title='bbox 482 2801 764 2857; x_wconf 83' lang='lat' dir='ltr'><strong>animatus</strong></span> <span class='ocrx_word' id='word_1_321' title='bbox 791 2801 933 2865; x_wconf 90' lang='lat' dir='ltr'><strong>erit,</strong></span> <span class='ocrx_word' id='word_1_322' title='bbox 962 2807 1023 2854; x_wconf 93' lang='lat' dir='ltr'><strong>ut</strong></span> <span class='ocrx_word' id='word_1_323' title='bbox 1046 2800 1212 2854; x_wconf 88' lang='lat' dir='ltr'><strong>etiam</strong></span> <span class='ocrx_word' id='word_1_324' title='bbox 1254 2799 1591 2867; x_wconf 88' lang='lat' dir='ltr'><strong>necessario,</strong></span> <span class='ocrx_word' id='word_1_325' title='bbox 1616 2798 1700 2854; x_wconf 85' lang='lat' dir='ltr'><strong>vel</strong></span> <span class='ocrx_word' id='word_1_326' title='bbox 1737 2799 2002 2858; x_wconf 90' lang='lat' dir='ltr'><strong>adversus</strong></span> 
     </span>
    </p>
   </div>
   <div class='ocr_carea' id='block_1_40' title="bbox 412 2889 2001 2962">
    <p class='ocr_par' dir='ltr' id='par_1_40' title="bbox 412 2889 2001 2962">
     <span class='ocr_line' id='line_1_40' title="bbox 412 2889 2001 2962; baseline -0.001 -14"><span class='ocrx_word' id='word_1_327' title='bbox 412 2907 511 2948; x_wconf 88' lang='lat' dir='ltr'><strong>eos</strong></span> <span class='ocrx_word' id='word_1_328' title='bbox 571 2906 792 2962; x_wconf 87' lang='lat' dir='ltr'><strong>quoque</strong></span> <span class='ocrx_word' id='word_1_329' title='bbox 820 2890 912 2961; x_wconf 73' lang='lat' dir='ltr'><strong>Qui</strong></span> <span class='ocrx_word' id='word_1_330' title='bbox 945 2889 1000 2944; x_wconf 93' lang='lat' dir='ltr'><strong>in</strong></span> <span class='ocrx_word' id='word_1_331' title='bbox 1055 2904 1238 2945; x_wconf 86' lang='lat' dir='ltr'><strong>rerum</strong></span> <span class='ocrx_word' id='word_1_332' title='bbox 1272 2897 1472 2944; x_wconf 87' lang='lat' dir='ltr'><strong>natura</strong></span> <span class='ocrx_word' id='word_1_333' title='bbox 1500 2890 1691 2945; x_wconf 89' lang='lat' dir='ltr'><strong>vivunt</strong></span> <span class='ocrx_word' id='word_1_334' title='bbox 1727 2889 2001 2956; x_wconf 85' lang='lat' dir='ltr'><strong>homines,</strong></span> 
     </span>
    </p>
   </div>
   <div class='ocr_carea' id='block_1_41' title="bbox 411 2980 2003 3055">
    <p class='ocr_par' dir='ltr' id='par_1_41' title="bbox 411 2980 2003 3055">
     <span class='ocr_line' id='line_1_41' title="bbox 411 2980 2003 3055; baseline 0 -16"><span class='ocrx_word' id='word_1_335' title='bbox 411 2997 577 3055; x_wconf 80' lang='lat' dir='ltr'><strong>asper</strong></span> <span class='ocrx_word' id='word_1_336' title='bbox 599 2992 655 3038; x_wconf 91' lang='lat' dir='ltr'><strong>et</strong></span> <span class='ocrx_word' id='word_1_337' title='bbox 683 2981 912 3036; x_wconf 84' lang='lat' dir='ltr'><strong>immitis</strong></span> <span class='ocrx_word' id='word_1_338' title='bbox 947 2981 1041 3044; x_wconf 89' lang='lat' dir='ltr'><strong>sit,</strong></span> <span class='ocrx_word' id='word_1_339' title='bbox 1076 2991 1171 3035; x_wconf 89' lang='lat' dir='ltr'><strong>aut</strong></span> <span class='ocrx_word' id='word_1_340' title='bbox 1206 2980 1479 3051; x_wconf 90' lang='lat' dir='ltr'><strong>siquidem</strong></span> <span class='ocrx_word' id='word_1_341' title='bbox 1515 2989 1710 3036; x_wconf 88' lang='lat' dir='ltr'><strong>natura</strong></span> <span class='ocrx_word' id='word_1_342' title='bbox 1735 2982 2003 3039; x_wconf 79' lang='lat' dir='ltr'><strong>adversus</strong></span> 
     </span>
    </p>
   </div>
   <div class='ocr_carea' id='block_1_42' title="bbox 412 3070 2003 3146">
    <p class='ocr_par' dir='ltr' id='par_1_42' title="bbox 412 3070 2003 3146">
     <span class='ocr_line' id='line_1_42' title="bbox 412 3070 2003 3146; baseline 0 -17"><span class='ocrx_word' id='word_1_343' title='bbox 412 3074 752 3146; x_wconf 89' lang='lat' dir='ltr'><strong>propinquos</strong></span> <span class='ocrx_word' id='word_1_344' title='bbox 772 3081 826 3127; x_wconf 88' lang='lat' dir='ltr'><strong>et</strong></span> <span class='ocrx_word' id='word_1_345' title='bbox 856 3072 1149 3142; x_wconf 88' lang='lat' dir='ltr'><strong>populares</strong></span> <span class='ocrx_word' id='word_1_346' title='bbox 1170 3072 1240 3126; x_wconf 90' lang='lat' dir='ltr'><strong>ad</strong></span> <span class='ocrx_word' id='word_1_347' title='bbox 1266 3070 1659 3127; x_wconf 86' lang='lat' dir='ltr'><strong>humanitatem</strong></span> <span class='ocrx_word' id='word_1_348' title='bbox 1692 3088 2003 3143; x_wconf 88' lang='lat' dir='ltr'><strong>propensus</strong></span> 
     </span>
    </p>
   </div>
   <div class='ocr_carea' id='block_1_43' title="bbox 407 3161 2001 3226">
    <p class='ocr_par' dir='ltr' id='par_1_43' title="bbox 407 3161 2001 3226">
     <span class='ocr_line' id='line_1_43' title="bbox 407 3161 2001 3226; baseline -0.002 -6"><span class='ocrx_word' id='word_1_349' title='bbox 407 3173 466 3220; x_wconf 86' lang='lat' dir='ltr'><strong>et</strong></span> <span class='ocrx_word' id='word_1_350' title='bbox 493 3163 789 3218; x_wconf 87' lang='lat' dir='ltr'><strong>inclinatus</strong></span> <span class='ocrx_word' id='word_1_351' title='bbox 817 3171 923 3226; x_wconf 85' lang='lat' dir='ltr'><strong>est,</strong></span> <span class='ocrx_word' id='word_1_352' title='bbox 954 3161 1144 3217; x_wconf 89' lang='lat' dir='ltr'><strong>eodem</strong></span> <span class='ocrx_word' id='word_1_353' title='bbox 1185 3161 1352 3216; x_wconf 90' lang='lat' dir='ltr'><strong>modo</strong></span> <span class='ocrx_word' id='word_1_354' title='bbox 1391 3166 1658 3217; x_wconf 90' lang='lat' dir='ltr'><strong>adversus</strong></span> <span class='ocrx_word' id='word_1_355' title='bbox 1688 3177 1850 3217; x_wconf 86' lang='lat' dir='ltr'><strong>omne</strong></span> <span class='ocrx_word' id='word_1_356' title='bbox 1879 3163 2001 3217; x_wconf 88' lang='lat' dir='ltr'><strong>ani-</strong></span> 
     </span>
    </p>
   </div>
   <div class='ocr_carea' id='block_1_44' title="bbox 2104 1966 3694 2041">
    <p class='ocr_par' dir='ltr' id='par_1_44' title="bbox 2104 1966 3694 2041">
     <span class='ocr_line' id='line_1_44' title="bbox 2104 1966 3694 2041; baseline -0.003 -18"><span class='ocrx_word' id='word_1_357' title='bbox 2104 1968 2163 2023; x_wconf 81' lang='grc' dir='ltr'><strong>δν</strong></span> <span class='ocrx_word' id='word_1_358' title='bbox 2193 1971 2242 2023; x_wconf 81' lang='grc' dir='ltr'><strong>εί</strong></span> <span class='ocrx_word' id='word_1_359' title='bbox 2274 1970 2350 2041; x_wconf 80' lang='grc' dir='ltr'><strong>μὴ</strong></span> <span class='ocrx_word' id='word_1_360' title='bbox 2382 1969 2522 2023; x_wconf 85' lang='grc' dir='ltr'><strong>κατά</strong></span> <span class='ocrx_word' id='word_1_361' title='bbox 2570 1968 2871 2038; x_wconf 78' lang='grc' dir='ltr'>συγγενῶν,</span> <span class='ocrx_word' id='word_1_362' title='bbox 2912 1967 2946 2040; x_wconf 81' lang='grc' dir='ltr'>ἢ</span> <span class='ocrx_word' id='word_1_363' title='bbox 2996 1967 3298 2039; x_wconf 87' lang='grc' dir='ltr'>προγόνων,</span> <span class='ocrx_word' id='word_1_364' title='bbox 3327 1966 3694 2038; x_wconf 82' lang='grc' dir='ltr'>ῆόμοφύλων,</span> 
     </span>
    </p>
   </div>
   <div class='ocr_carea' id='block_1_45' title="bbox 2102 2055 3698 2133">
    <p class='ocr_par' dir='ltr' id='par_1_45' title="bbox 2102 2055 3698 2133">
     <span class='ocr_line' id='line_1_45' title="bbox 2102 2055 3698 2133; baseline -0.003 -19"><span class='ocrx_word' id='word_1_365' title='bbox 2102 2063 2137 2133; x_wconf 91' lang='grc' dir='ltr'><strong>ή</strong></span> <span class='ocrx_word' id='word_1_366' title='bbox 2171 2061 2294 2133; x_wconf 78' lang='grc' dir='ltr'>χεὶρ</span> <span class='ocrx_word' id='word_1_367' title='bbox 2327 2060 2694 2132; x_wconf 60' lang='grc' dir='ltr'>φέρεται,,κα’ί</span> <span class='ocrx_word' id='word_1_368' title='bbox 2721 2059 2810 2114; x_wconf 84' lang='grc' dir='ltr'><strong>διὰ</strong></span> <span class='ocrx_word' id='word_1_369' title='bbox 2839 2057 2934 2112; x_wconf 82' lang='grc' dir='ltr'>τοῦ</span> <span class='ocrx_word' id='word_1_370' title='bbox 2966 2056 3219 2128; x_wconf 88' lang='grc' dir='ltr'>σώματος</span> <span class='ocrx_word' id='word_1_371' title='bbox 3243 2057 3421 2111; x_wconf 82' lang='grc' dir='ltr'>αὐτῶν</span> <span class='ocrx_word' id='word_1_372' title='bbox 3442 2055 3555 2128; x_wconf 78' lang='grc' dir='ltr'>ἢτὺ</span> <span class='ocrx_word' id='word_1_373' title='bbox 3582 2057 3698 2129; x_wconf 84' lang='grc' dir='ltr'>πῦρ</span> 
     </span>
    </p>
   </div>
   <div class='ocr_carea' id='block_1_46' title="bbox 2104 2146 3695 2221">
    <p class='ocr_par' dir='ltr' id='par_1_46' title="bbox 2104 2146 3695 2221">
     <span class='ocr_line' id='line_1_46' title="bbox 2104 2146 3695 2221; baseline -0.003 -16"><span class='ocrx_word' id='word_1_374' title='bbox 2104 2152 2425 2215; x_wconf 86' lang='grc' dir='ltr'>ἀνάπτεται,</span> <span class='ocrx_word' id='word_1_375' title='bbox 2486 2149 2521 2221; x_wconf 71' lang='grc' dir='ltr'><strong>ἢ</strong></span> <span class='ocrx_word' id='word_1_376' title='bbox 2549 2151 2578 2202; x_wconf 98' lang='lat'><strong>6</strong></span> <span class='ocrx_word' id='word_1_377' title='bbox 2622 2147 2836 2221; x_wconf 79' lang='grc' dir='ltr'>κρατὴρ</span> <span class='ocrx_word' id='word_1_378' title='bbox 2896 2149 3152 2220; x_wconf 76' lang='grc' dir='ltr'>κιρνᾶται</span> <span class='ocrx_word' id='word_1_379' title='bbox 3195 2146 3328 2219; x_wconf 89' lang='lat'>(79),</span> <span class='ocrx_word' id='word_1_380' title='bbox 3362 2147 3396 2218; x_wconf 80' lang='grc' dir='ltr'><strong>ἢ</strong></span> <span class='ocrx_word' id='word_1_381' title='bbox 3436 2149 3469 2218; x_wconf 83' lang='grc' dir='ltr'><strong>ἡ</strong></span> <span class='ocrx_word' id='word_1_382' title='bbox 3516 2147 3695 2219; x_wconf 80' lang='grc' dir='ltr'>τροφὴ</span> 
     </span>
    </p>
   </div>
   <div class='ocr_carea' id='block_1_47' title="bbox 2105 2239 3695 2314">
    <p class='ocr_par' dir='ltr' id='par_1_47' title="bbox 2105 2239 3695 2314">
     <span class='ocr_line' id='line_1_47' title="bbox 2105 2239 3695 2314; baseline -0.002 -18"><span class='ocrx_word' id='word_1_383' title='bbox 2105 2242 2586 2314; x_wconf 77' lang='grc' dir='ltr'>παρασκευάζεται</span> <span class='ocrx_word' id='word_1_384' title='bbox 2610 2259 2625 2307; x_wconf 93' lang='grc'>;</span> <span class='ocrx_word' id='word_1_385' title='bbox 2654 2241 2728 2295; x_wconf 75' lang='grc' dir='ltr'><strong>Τὸ</strong></span> <span class='ocrx_word' id='word_1_386' title='bbox 2749 2241 2855 2313; x_wconf 88' lang='grc' dir='ltr'><strong>γάρ</strong></span> <span class='ocrx_word' id='word_1_387' title='bbox 2883 2239 3093 2295; x_wconf 74' lang='grc' dir='ltr'>οἴεσθαι</span> <span class='ocrx_word' id='word_1_388' title='bbox 3124 2241 3194 2294; x_wconf 83' lang='grc' dir='ltr'><strong>δι’</strong></span> <span class='ocrx_word' id='word_1_389' title='bbox 3230 2240 3463 2294; x_wconf 76' lang='grc' dir='ltr'><strong>ἑκάστου</strong></span> <span class='ocrx_word' id='word_1_390' title='bbox 3485 2239 3695 2294; x_wconf 82' lang='grc' dir='ltr'>τούτων</span> 
     </span>
    </p>
   </div>
   <div class='ocr_carea' id='block_1_48' title="bbox 2103 2331 3695 2408">
    <p class='ocr_par' dir='ltr' id='par_1_48' title="bbox 2103 2331 3695 2408">
     <span class='ocr_line' id='line_1_48' title="bbox 2103 2331 3695 2408; baseline -0.004 -19"><span class='ocrx_word' id='word_1_391' title='bbox 2103 2338 2202 2408; x_wconf 75' lang='grc' dir='ltr'>τὴν</span> <span class='ocrx_word' id='word_1_392' title='bbox 2229 2334 2409 2407; x_wconf 76' lang='grc' dir='ltr'>ψυχὴν</span> <span class='ocrx_word' id='word_1_393' title='bbox 2431 2335 2526 2387; x_wconf 76' lang='grc' dir='ltr'>τοῦ</span> <span class='ocrx_word' id='word_1_394' title='bbox 2561 2332 2850 2405; x_wconf 83' lang='grc' dir='ltr'>ἀνθρώπου</span> <span class='ocrx_word' id='word_1_395' title='bbox 2873 2332 3120 2402; x_wconf 87' lang='grc' dir='ltr'>γίνεσθαι</span> <span class='ocrx_word' id='word_1_396' title='bbox 3149 2332 3315 2402; x_wconf 72' lang='grc' dir='ltr'>φυτὸν</span> <span class='ocrx_word' id='word_1_397' title='bbox 3340 2332 3376 2404; x_wconf 79' lang='grc' dir='ltr'>ἢ</span> <span class='ocrx_word' id='word_1_398' title='bbox 3409 2331 3570 2395; x_wconf 83' lang='grc' dir='ltr'>ζῶον,</span> <span class='ocrx_word' id='word_1_399' title='bbox 3598 2348 3695 2403; x_wconf 87' lang='grc' dir='ltr'><strong>ση-</strong></span> 
     </span>
    </p>
   </div>
   <div class='ocr_carea' id='block_1_49' title="bbox 2108 2424 3692 2499">
    <p class='ocr_par' dir='ltr' id='par_1_49' title="bbox 2108 2424 3692 2499">
     <span class='ocr_line' id='line_1_49' title="bbox 2108 2424 3692 2499; baseline -0.003 -18"><span class='ocrx_word' id='word_1_400' title='bbox 2108 2430 2235 2499; x_wconf 86' lang='grc' dir='ltr'>μεῖα</span> <span class='ocrx_word' id='word_1_401' title='bbox 2266 2427 2326 2481; x_wconf 83' lang='grc' dir='ltr'>δὲ</span> <span class='ocrx_word' id='word_1_402' title='bbox 2367 2428 2442 2498; x_wconf 83' lang='grc' dir='ltr'><strong>μὴ</strong></span> <span class='ocrx_word' id='word_1_403' title='bbox 2491 2425 2823 2494; x_wconf 78' lang='grc' dir='ltr'>ἐπικεῖσθαι,</span> <span class='ocrx_word' id='word_1_404' title='bbox 2875 2427 3026 2480; x_wconf 85' lang='grc' dir='ltr'>ποῖον</span> <span class='ocrx_word' id='word_1_405' title='bbox 3074 2424 3175 2495; x_wconf 80' lang='grc' dir='ltr'><strong>μὲν</strong></span> <span class='ocrx_word' id='word_1_406' title='bbox 3219 2425 3280 2479; x_wconf 82' lang='grc' dir='ltr'>τὸ</span> <span class='ocrx_word' id='word_1_407' title='bbox 3312 2425 3371 2491; x_wconf 79' lang='grc' dir='ltr'>ἑξ</span> <span class='ocrx_word' id='word_1_408' title='bbox 3401 2424 3692 2497; x_wconf 75' lang='grc' dir='ltr'>ἀνθρώπου</span> 
     </span>
    </p>
   </div>
   <div class='ocr_carea' id='block_1_50' title="bbox 2104 2517 3689 2591">
    <p class='ocr_par' dir='ltr' id='par_1_50' title="bbox 2104 2517 3689 2591">
     <span class='ocr_line' id='line_1_50' title="bbox 2104 2517 3689 2591; baseline -0.004 -17"><span class='ocrx_word' id='word_1_409' title='bbox 2104 2518 2272 2591; x_wconf 77' lang='grc' dir='ltr'>φυτὸν</span> <span class='ocrx_word' id='word_1_410' title='bbox 2312 2517 2347 2591; x_wconf 77' lang='grc' dir='ltr'>ἢ</span> <span class='ocrx_word' id='word_1_411' title='bbox 2403 2518 2562 2584; x_wconf 81' lang='grc' dir='ltr'>ζῶον,</span> <span class='ocrx_word' id='word_1_412' title='bbox 2609 2522 2761 2574; x_wconf 85' lang='grc' dir='ltr'>ποῖον</span> <span class='ocrx_word' id='word_1_413' title='bbox 2804 2518 2917 2590; x_wconf 85' lang='grc'>(80)</span> <span class='ocrx_word' id='word_1_414' title='bbox 2951 2518 3008 2572; x_wconf 87' lang='grc' dir='ltr'>δὲ</span> <span class='ocrx_word' id='word_1_415' title='bbox 3039 2517 3101 2571; x_wconf 83' lang='grc' dir='ltr'><strong>τὺ</strong></span> <span class='ocrx_word' id='word_1_416' title='bbox 3143 2518 3345 2588; x_wconf 79' lang='grc' dir='ltr'>ἑτέρως</span> <span class='ocrx_word' id='word_1_417' title='bbox 3384 2518 3689 2588; x_wconf 81' lang='grc' dir='ltr'>γινόμενον,</span> 
     </span>
    </p>
   </div>
   <div class='ocr_carea' id='block_1_51' title="bbox 2104 2605 3694 2684">
    <p class='ocr_par' dir='ltr' id='par_1_51' title="bbox 2104 2605 3694 2684">
     <span class='ocr_line' id='line_1_51' title="bbox 2104 2605 3694 2684; baseline -0.002 -19"><span class='ocrx_word' id='word_1_418' title='bbox 2104 2611 2243 2684; x_wconf 83' lang='grc' dir='ltr'>πρὸς</span> <span class='ocrx_word' id='word_1_419' title='bbox 2292 2611 2471 2666; x_wconf 79' lang='grc' dir='ltr'>πάντα</span> <span class='ocrx_word' id='word_1_420' title='bbox 2525 2611 2669 2666; x_wconf 78' lang='grc' dir='ltr'>κατὰ</span> <span class='ocrx_word' id='word_1_421' title='bbox 2714 2611 2776 2664; x_wconf 84' lang='grc' dir='ltr'>τὸ</span> <span class='ocrx_word' id='word_1_422' title='bbox 2806 2605 2926 2664; x_wconf 76' lang='grc' dir='ltr'>ἶσον</span> <span class='ocrx_word' id='word_1_423' title='bbox 2954 2611 2983 2664; x_wconf 89' lang='lat'><strong>6</strong></span> <span class='ocrx_word' id='word_1_424' title='bbox 3009 2614 3076 2682; x_wconf 83' lang='grc' dir='ltr'><strong>τῇ</strong></span> <span class='ocrx_word' id='word_1_425' title='bbox 3104 2611 3328 2682; x_wconf 82' lang='grc' dir='ltr'>τοιαύτῃ</span> <span class='ocrx_word' id='word_1_426' title='bbox 3364 2609 3476 2679; x_wconf 76' lang='lat' dir='ltr'>(8i)</span> <span class='ocrx_word' id='word_1_427' title='bbox 3504 2627 3694 2682; x_wconf 80' lang='grc' dir='ltr'>προει-</span> 
     </span>
    </p>
   </div>
   <div class='ocr_carea' id='block_1_52' title="bbox 2102 2701 3692 2775">
    <p class='ocr_par' dir='ltr' id='par_1_52' title="bbox 2102 2701 3692 2775">
     <span class='ocr_line' id='line_1_52' title="bbox 2102 2701 3692 2775; baseline -0.001 -18"><span class='ocrx_word' id='word_1_428' title='bbox 2102 2704 2379 2775; x_wconf 84' lang='grc' dir='ltr'>λημμένος</span> <span class='ocrx_word' id='word_1_429' title='bbox 2412 2702 2678 2775; x_wconf 67' lang='grc' dir='ltr'>ὑπολήψει</span> <span class='ocrx_word' id='word_1_430' title='bbox 2704 2702 3103 2775; x_wconf 82' lang='grc' dir='ltr'>διατεθήσεται,</span> <span class='ocrx_word' id='word_1_431' title='bbox 3133 2702 3208 2766; x_wconf 82' lang='grc' dir='ltr'>ὡς</span> <span class='ocrx_word' id='word_1_432' title='bbox 3234 2704 3353 2756; x_wconf 79' lang='grc' dir='ltr'>κατ’</span> <span class='ocrx_word' id='word_1_433' title='bbox 3381 2701 3493 2772; x_wconf 78' lang='grc'>(82)</span> <span class='ocrx_word' id='word_1_434' title='bbox 3519 2702 3692 2769; x_wconf 85' lang='grc' dir='ltr'>ἀνάγ-</span> 
     </span>
    </p>
   </div>
   <div class='ocr_carea' id='block_1_53' title="bbox 2103 2794 3694 2869">
    <p class='ocr_par' dir='ltr' id='par_1_53' title="bbox 2103 2794 3694 2869">
     <span class='ocr_line' id='line_1_53' title="bbox 2103 2794 3694 2869; baseline -0.001 -19"><span class='ocrx_word' id='word_1_435' title='bbox 2103 2813 2227 2867; x_wconf 86' lang='grc' dir='ltr'>κην,</span> <span class='ocrx_word' id='word_1_436' title='bbox 2288 2797 2321 2869; x_wconf 76' lang='grc' dir='ltr'>ἢ</span> <span class='ocrx_word' id='word_1_437' title='bbox 2380 2797 2476 2850; x_wconf 76' lang='grc' dir='ltr'>καὶ</span> <span class='ocrx_word' id='word_1_438' title='bbox 2516 2796 2635 2850; x_wconf 78' lang='grc' dir='ltr'>κατ’</span> <span class='ocrx_word' id='word_1_439' title='bbox 2668 2794 2850 2850; x_wconf 82' lang='grc' dir='ltr'>αὐτῶν</span> <span class='ocrx_word' id='word_1_440' title='bbox 2900 2795 3010 2849; x_wconf 80' lang='grc' dir='ltr'><strong>τῶν</strong></span> <span class='ocrx_word' id='word_1_441' title='bbox 3043 2796 3102 2848; x_wconf 85' lang='grc' dir='ltr'>ὲν</span> <span class='ocrx_word' id='word_1_442' title='bbox 3156 2797 3223 2868; x_wconf 78' lang='grc' dir='ltr'>τῇ</span> <span class='ocrx_word' id='word_1_443' title='bbox 3269 2794 3428 2866; x_wconf 81' lang='grc' dir='ltr'>φύσει</span> <span class='ocrx_word' id='word_1_444' title='bbox 3471 2794 3694 2859; x_wconf 78' lang='grc' dir='ltr'>ζώντων</span> 
     </span>
    </p>
   </div>
   <div class='ocr_carea' id='block_1_54' title="bbox 2104 2884 3694 2958">
    <p class='ocr_par' dir='ltr' id='par_1_54' title="bbox 2104 2884 3694 2958">
     <span class='ocr_line' id='line_1_54' title="bbox 2104 2884 3694 2958; baseline 0.001 -18"><span class='ocrx_word' id='word_1_445' title='bbox 2104 2884 2411 2957; x_wconf 84' lang='grc' dir='ltr'>ἀνθρώπων</span> <span class='ocrx_word' id='word_1_446' title='bbox 2437 2886 2662 2957; x_wconf 83' lang='grc' dir='ltr'>ἀπηνῶς</span> <span class='ocrx_word' id='word_1_447' title='bbox 2692 2885 2857 2957; x_wconf 78' lang='grc' dir='ltr'>ἔχειν,</span> <span class='ocrx_word' id='word_1_448' title='bbox 2888 2886 2921 2957; x_wconf 77' lang='grc' dir='ltr'><strong>ἢ</strong></span> <span class='ocrx_word' id='word_1_449' title='bbox 2962 2886 3122 2958; x_wconf 76' lang='grc' dir='ltr'>εἴπερ</span> <span class='ocrx_word' id='word_1_450' title='bbox 3152 2886 3247 2939; x_wconf 70' lang='grc' dir='ltr'><strong>ἐπὶ</strong></span> <span class='ocrx_word' id='word_1_451' title='bbox 3272 2887 3381 2941; x_wconf 84' lang='grc' dir='ltr'><strong>τῶν</strong></span> <span class='ocrx_word' id='word_1_452' title='bbox 3404 2886 3694 2957; x_wconf 83' lang='grc' dir='ltr'>ὁμοφύλων</span> 
     </span>
    </p>
   </div>
   <div class='ocr_carea' id='block_1_55' title="bbox 2105 2978 3693 3052">
    <p class='ocr_par' dir='ltr' id='par_1_55' title="bbox 2105 2978 3693 3052">
     <span class='ocr_line' id='line_1_55' title="bbox 2105 2978 3693 3052; baseline 0.001 -21"><span class='ocrx_word' id='word_1_453' title='bbox 2105 2978 2246 3049; x_wconf 80' lang='grc' dir='ltr'>πρὸς</span> <span class='ocrx_word' id='word_1_454' title='bbox 2276 2979 2685 3052; x_wconf 66' lang='grc' dir='ltr'>φιλανθρωπίαν</span> <span class='ocrx_word' id='word_1_455' title='bbox 2715 2980 2781 3033; x_wconf 85' lang='grc' dir='ltr'><strong>ἑκ</strong></span> <span class='ocrx_word' id='word_1_456' title='bbox 2831 2978 3046 3049; x_wconf 85' lang='grc' dir='ltr'>φύσεως</span> <span class='ocrx_word' id='word_1_457' title='bbox 3084 2978 3263 3050; x_wconf 78' lang='grc' dir='ltr'>ῥέποι,</span> <span class='ocrx_word' id='word_1_458' title='bbox 3305 2978 3504 3049; x_wconf 80' lang='grc' dir='ltr'>ὁμοίως</span> <span class='ocrx_word' id='word_1_459' title='bbox 3529 2979 3693 3033; x_wconf 81' lang='grc' dir='ltr'>αὐτὸν</span> 
     </span>
    </p>
   </div>
   <div class='ocr_carea' id='block_1_56' title="bbox 2102 3070 3692 3143">
    <p class='ocr_par' dir='ltr' id='par_1_56' title="bbox 2102 3070 3692 3143">
     <span class='ocr_line' id='line_1_56' title="bbox 2102 3070 3692 3143; baseline 0.002 -19"><span class='ocrx_word' id='word_1_460' title='bbox 2102 3071 2405 3125; x_wconf 85' lang='grc' dir='ltr'>διακεῖσθαι</span> <span class='ocrx_word' id='word_1_461' title='bbox 2437 3072 2575 3143; x_wconf 74' lang='grc' dir='ltr'>πρὸς</span> <span class='ocrx_word' id='word_1_462' title='bbox 2601 3073 2709 3126; x_wconf 82' lang='grc' dir='ltr'><strong>πᾶν</strong></span> <span class='ocrx_word' id='word_1_463' title='bbox 2733 3070 3002 3143; x_wconf 74' lang='grc' dir='ltr'>ἔμψυχον,</span> <span class='ocrx_word' id='word_1_464' title='bbox 3035 3072 3141 3127; x_wconf 77' lang='grc' dir='ltr'>κᾶν</span> <span class='ocrx_word' id='word_1_465' title='bbox 3191 3072 3248 3124; x_wconf 88' lang='grc' dir='ltr'><strong>ἑν</strong></span> <span class='ocrx_word' id='word_1_466' title='bbox 3274 3071 3529 3143; x_wconf 69' lang='grc' dir='ltr'>ἑρπετοῖς,</span> <span class='ocrx_word' id='word_1_467' title='bbox 3555 3072 3692 3142; x_wconf 74' lang='lat'>(85),</span> 
     </span>
    </p>
   </div>
   <div class='ocr_carea' id='block_1_57' title="bbox 2105 3159 3695 3235">
    <p class='ocr_par' dir='ltr' id='par_1_57' title="bbox 2105 3159 3695 3235">
     <span class='ocr_line' id='line_1_57' title="bbox 2105 3159 3695 3235; baseline 0 -20"><span class='ocrx_word' id='word_1_468' title='bbox 2105 3160 2210 3216; x_wconf 77' lang='grc' dir='ltr'>κᾶν</span> <span class='ocrx_word' id='word_1_469' title='bbox 2266 3162 2325 3214; x_wconf 88' lang='lat' dir='ltr'><strong>tv</strong></span> <span class='ocrx_word' id='word_1_470' title='bbox 2347 3160 2557 3233; x_wconf 83' lang='grc' dir='ltr'>θηρίοις</span> <span class='ocrx_word' id='word_1_471' title='bbox 2583 3160 2736 3233; x_wconf 83' lang='grc' dir='ltr'>τύχοι</span> <span class='ocrx_word' id='word_1_472' title='bbox 2753 3178 2768 3193; x_wconf 72' lang='grc'>⁸</span> <span class='ocrx_word' id='word_1_473' title='bbox 2801 3160 2936 3215; x_wconf 83' lang='grc' dir='ltr'>ἀλλὰ</span> <span class='ocrx_word' id='word_1_474' title='bbox 2961 3161 3066 3216; x_wconf 80' lang='grc' dir='ltr'>κᾶν</span> <span class='ocrx_word' id='word_1_475' title='bbox 3085 3162 3143 3214; x_wconf 90' lang='lat' dir='ltr'><strong>tv</strong></span> <span class='ocrx_word' id='word_1_476' title='bbox 3173 3159 3275 3235; x_wconf 76' lang='grc' dir='ltr'><strong>ὕλῃ</strong></span> <span class='ocrx_word' id='word_1_477' title='bbox 3302 3161 3516 3233; x_wconf 80' lang='grc' dir='ltr'>δένδρον</span> <span class='ocrx_word' id='word_1_478' title='bbox 3546 3163 3695 3231; x_wconf 82' lang='grc' dir='ltr'>γίνε-</span> 
     </span>
    </p>
   </div>
   <div class='ocr_carea' id='block_1_58' title="bbox 414 3251 2003 3325">
    <p class='ocr_par' dir='ltr' id='par_1_58' title="bbox 414 3251 2001 3323">
     <span class='ocr_line' id='line_1_58' title="bbox 414 3251 2001 3323; baseline 0 -13"><span class='ocrx_word' id='word_1_479' title='bbox 414 3261 625 3310; x_wconf 87' lang='lat' dir='ltr'><strong>matum</strong></span> <span class='ocrx_word' id='word_1_480' title='bbox 658 3251 887 3309; x_wconf 80' lang='lat' dir='ltr'><strong>affectus</strong></span> <span class='ocrx_word' id='word_1_481' title='bbox 912 3252 1006 3317; x_wconf 89' lang='lat' dir='ltr'><strong>sit,</strong></span> <span class='ocrx_word' id='word_1_482' title='bbox 1044 3253 1161 3309; x_wconf 89' lang='lat' dir='ltr'><strong>sive</strong></span> <span class='ocrx_word' id='word_1_483' title='bbox 1192 3252 1411 3308; x_wconf 86' lang='lat' dir='ltr'><strong>idinter</strong></span> <span class='ocrx_word' id='word_1_484' title='bbox 1444 3254 1678 3323; x_wconf 87' lang='lat' dir='ltr'><strong>reptilia,</strong></span> <span class='ocrx_word' id='word_1_485' title='bbox 1714 3254 1831 3310; x_wconf 89' lang='lat' dir='ltr'><strong>sive</strong></span> <span class='ocrx_word' id='word_1_486' title='bbox 1858 3255 2001 3310; x_wconf 89' lang='lat' dir='ltr'><strong>inter</strong></span> 
     </span>
    </p>
   </div>
   <div class='ocr_carea' id='block_1_59' title="bbox 2112 3251 3695 3325">
    <p class='ocr_par' dir='ltr' id='par_1_59' title="bbox 2112 3252 3695 3325">
     <span class='ocr_line' id='line_1_59' title="bbox 2112 3252 3695 3325; baseline -0.001 -18"><span class='ocrx_word' id='word_1_487' title='bbox 2112 3271 2196 3307; x_wconf 86' lang='grc' dir='ltr'><strong>ται</strong></span> <span class='ocrx_word' id='word_1_488' title='bbox 2226 3254 2362 3324; x_wconf 66' lang='grc'>(84),</span> <span class='ocrx_word' id='word_1_489' title='bbox 2401 3256 2430 3307; x_wconf 91' lang='lat'><strong>6</strong></span> <span class='ocrx_word' id='word_1_490' title='bbox 2449 3254 2509 3307; x_wconf 81' lang='grc' dir='ltr'>τὸ</span> <span class='ocrx_word' id='word_1_491' title='bbox 2529 3253 2705 3324; x_wconf 82' lang='grc' dir='ltr'>δόγμα</span> <span class='ocrx_word' id='word_1_492' title='bbox 2731 3253 2888 3307; x_wconf 83' lang='grc' dir='ltr'>τοῦτο</span> <span class='ocrx_word' id='word_1_493' title='bbox 2927 3252 3386 3325; x_wconf 77' lang='grc' dir='ltr'>παραδεξάμενος,</span> <span class='ocrx_word' id='word_1_494' title='bbox 3404 3252 3574 3323; x_wconf 80' lang='grc' dir='ltr'>δῆμον</span> <span class='ocrx_word' id='word_1_495' title='bbox 3599 3254 3695 3307; x_wconf 82' lang='grc' dir='ltr'>ἀν-</span> 
     </span>
    </p>
   </div>
   <div class='ocr_carea' id='block_1_60' title="bbox 415 3344 1998 3415">
    <p class='ocr_par' dir='ltr' id='par_1_60' title="bbox 415 3344 1998 3415">
     <span class='ocr_line' id='line_1_60' title="bbox 415 3344 1998 3415; baseline 0.001 -15"><span class='ocrx_word' id='word_1_496' title='bbox 415 3345 563 3403; x_wconf 81' lang='lat' dir='ltr'><strong>feras</strong></span> <span class='ocrx_word' id='word_1_497' title='bbox 601 3344 765 3400; x_wconf 81' lang='lat' dir='ltr'><strong>fuerit</strong></span> <span class='ocrx_word' id='word_1_498' title='bbox 799 3364 812 3400; x_wconf 91' lang='lat'><strong>:</strong></span> <span class='ocrx_word' id='word_1_499' title='bbox 849 3344 1150 3415; x_wconf 90' lang='lat' dir='ltr'><strong>quinetiam</strong></span> <span class='ocrx_word' id='word_1_500' title='bbox 1182 3345 1229 3400; x_wconf 89' lang='lat' dir='ltr'><strong>si</strong></span> <span class='ocrx_word' id='word_1_501' title='bbox 1253 3344 1310 3399; x_wconf 93' lang='lat' dir='ltr'><strong>in</strong></span> <span class='ocrx_word' id='word_1_502' title='bbox 1358 3344 1549 3400; x_wconf 85' lang='lat' dir='ltr'><strong>silvam</strong></span> <span class='ocrx_word' id='word_1_503' title='bbox 1574 3345 1832 3400; x_wconf 90' lang='lat' dir='ltr'><strong>arborum</strong></span> <span class='ocrx_word' id='word_1_504' title='bbox 1878 3362 1998 3415; x_wconf 53' lang='lat' dir='ltr'><strong>per-</strong></span> 
     </span>
    </p>
   </div>
   <div class='ocr_carea' id='block_1_61' title="bbox 409 3436 1999 3509">
    <p class='ocr_par' dir='ltr' id='par_1_61' title="bbox 409 3436 1999 3509">
     <span class='ocr_line' id='line_1_61' title="bbox 409 3436 1999 3509; baseline -0.003 -14"><span class='ocrx_word' id='word_1_505' title='bbox 409 3440 625 3496; x_wconf 80' lang='lat' dir='ltr'><strong>venerit</strong></span> <span class='ocrx_word' id='word_1_506' title='bbox 646 3439 694 3495; x_wconf 90' lang='lat' dir='ltr'><strong>is</strong></span> <span class='ocrx_word' id='word_1_507' title='bbox 726 3438 817 3509; x_wconf 91' lang='lat' dir='ltr'><strong>qui</strong></span> <span class='ocrx_word' id='word_1_508' title='bbox 850 3438 993 3492; x_wconf 90' lang='lat' dir='ltr'><strong>hanc</strong></span> <span class='ocrx_word' id='word_1_509' title='bbox 1034 3436 1340 3493; x_wconf 89' lang='lat' dir='ltr'><strong>doctrinam</strong></span> <span class='ocrx_word' id='word_1_510' title='bbox 1363 3437 1647 3507; x_wconf 80' lang='lat' dir='ltr'><strong>amplexus</strong></span> <span class='ocrx_word' id='word_1_511' title='bbox 1680 3437 1772 3503; x_wconf 90' lang='lat' dir='ltr'><strong>sit,</strong></span> <span class='ocrx_word' id='word_1_512' title='bbox 1797 3449 1999 3493; x_wconf 77' lang='lat' dir='ltr'><strong>emtum</strong></span> 
     </span>
    </p>
   </div>
   <div class='ocr_carea' id='block_1_62' title="bbox 413 3525 1997 3601">
    <p class='ocr_par' dir='ltr' id='par_1_62' title="bbox 413 3525 1997 3601">
     <span class='ocr_line' id='line_1_62' title="bbox 413 3525 1997 3601; baseline -0.002 -16"><span class='ocrx_word' id='word_1_513' title='bbox 413 3539 577 3601; x_wconf 86' lang='lat' dir='ltr'><strong>atque</strong></span> <span class='ocrx_word' id='word_1_514' title='bbox 626 3535 955 3583; x_wconf 90' lang='lat' dir='ltr'><strong>conventum</strong></span> <span class='ocrx_word' id='word_1_515' title='bbox 1008 3526 1294 3582; x_wconf 89' lang='lat' dir='ltr'><strong>hominum</strong></span> <span class='ocrx_word' id='word_1_516' title='bbox 1360 3525 1587 3583; x_wconf 89' lang='lat' dir='ltr'><strong>arbores</strong></span> <span class='ocrx_word' id='word_1_517' title='bbox 1643 3527 1997 3583; x_wconf 81' lang='lat' dir='ltr'><strong>existimabit.</strong></span> 
     </span>
    </p>
   </div>
   <div class='ocr_carea' id='block_1_63' title="bbox 411 3618 2001 3690">
    <p class='ocr_par' dir='ltr' id='par_1_63' title="bbox 411 3618 2001 3690">
     <span class='ocr_line' id='line_1_63' title="bbox 411 3618 2001 3690; baseline -0.001 -15"><span class='ocrx_word' id='word_1_518' title='bbox 411 3619 675 3688; x_wconf 65' lang='lat' dir='ltr'><strong>Quaenam</strong></span> <span class='ocrx_word' id='word_1_519' title='bbox 702 3634 835 3690; x_wconf 75' lang='lat' dir='ltr'><strong>ergo</strong></span> <span class='ocrx_word' id='word_1_520' title='bbox 881 3620 1006 3676; x_wconf 67' lang='lat' dir='ltr'><strong>vitae</strong></span> <span class='ocrx_word' id='word_1_521' title='bbox 1036 3619 1178 3673; x_wconf 91' lang='lat' dir='ltr'><strong>ratio</strong></span> <span class='ocrx_word' id='word_1_522' title='bbox 1205 3627 1289 3675; x_wconf 85' lang='lat' dir='ltr'><strong>est</strong></span> <span class='ocrx_word' id='word_1_523' title='bbox 1329 3618 1452 3689; x_wconf 89' lang='lat' dir='ltr'><strong>ejus</strong></span> <span class='ocrx_word' id='word_1_524' title='bbox 1496 3619 1589 3689; x_wconf 92' lang='lat' dir='ltr'><strong>qui</strong></span> <span class='ocrx_word' id='word_1_525' title='bbox 1616 3619 1704 3673; x_wconf 79' lang='lat' dir='ltr'><strong>vel</strong></span> <span class='ocrx_word' id='word_1_526' title='bbox 1736 3619 2001 3676; x_wconf 79' lang='lat' dir='ltr'><strong>adversus</strong></span> 
     </span>
    </p>
   </div>
   <div class='ocr_carea' id='block_1_64' title="bbox 414 3710 1999 3782">
    <p class='ocr_par' dir='ltr' id='par_1_64' title="bbox 414 3710 1999 3782">
     <span class='ocr_line' id='line_1_64' title="bbox 414 3710 1999 3782; baseline -0.001 -15"><span class='ocrx_word' id='word_1_527' title='bbox 414 3712 600 3768; x_wconf 90' lang='lat' dir='ltr'><strong>omnia</strong></span> <span class='ocrx_word' id='word_1_528' title='bbox 631 3717 853 3781; x_wconf 91' lang='lat' dir='ltr'><strong>propter</strong></span> <span class='ocrx_word' id='word_1_529' title='bbox 899 3710 1360 3766; x_wconf 89' lang='lat' dir='ltr'><strong>necessitudinem</strong></span> <span class='ocrx_word' id='word_1_530' title='bbox 1414 3725 1477 3766; x_wconf 89' lang='lat' dir='ltr'><strong>ac</strong></span> <span class='ocrx_word' id='word_1_531' title='bbox 1535 3711 1999 3782; x_wconf 85' lang='lat' dir='ltr'><strong>propinquitatem</strong></span> 
     </span>
    </p>
   </div>
   <div class='ocr_carea' id='block_1_65' title="bbox 416 3798 2001 3870">
    <p class='ocr_par' dir='ltr' id='par_1_65' title="bbox 416 3798 2001 3870">
     <span class='ocr_line' id='line_1_65' title="bbox 416 3798 2001 3870; baseline 0.002 -15"><span class='ocrx_word' id='word_1_532' title='bbox 416 3815 581 3870; x_wconf 92' lang='lat' dir='ltr'><strong>quam</strong></span> <span class='ocrx_word' id='word_1_533' title='bbox 602 3799 832 3856; x_wconf 85' lang='lat' dir='ltr'><strong>subesse</strong></span> <span class='ocrx_word' id='word_1_534' title='bbox 860 3808 1013 3869; x_wconf 89' lang='lat' dir='ltr'><strong>putet</strong></span> <span class='ocrx_word' id='word_1_535' title='bbox 1033 3801 1178 3869; x_wconf 88' lang='lat' dir='ltr'><strong>pius,</strong></span> <span class='ocrx_word' id='word_1_536' title='bbox 1208 3798 1484 3856; x_wconf 71' lang='lat' dir='ltr'><strong>ofﬁciosus</strong></span> <span class='ocrx_word' id='word_1_537' title='bbox 1503 3816 1569 3856; x_wconf 89' lang='lat' dir='ltr'><strong>ac</strong></span> <span class='ocrx_word' id='word_1_538' title='bbox 1599 3802 1891 3867; x_wconf 89' lang='lat' dir='ltr'><strong>sollicitus,</strong></span> <span class='ocrx_word' id='word_1_539' title='bbox 1916 3803 2001 3858; x_wconf 84' lang='lat' dir='ltr'><strong>vel</strong></span> 
     </span>
    </p>
   </div>
   <div class='ocr_carea' id='block_1_66' title="bbox 414 3890 2001 3961">
    <p class='ocr_par' dir='ltr' id='par_1_66' title="bbox 414 3890 2001 3961">
     <span class='ocr_line' id='line_1_66' title="bbox 414 3890 2001 3961; baseline 0 -13"><span class='ocrx_word' id='word_1_540' title='bbox 414 3891 580 3948; x_wconf 84' lang='lat' dir='ltr'><strong>etiam</strong></span> <span class='ocrx_word' id='word_1_541' title='bbox 613 3890 877 3946; x_wconf 87' lang='lat' dir='ltr'><strong>adversus</strong></span> <span class='ocrx_word' id='word_1_542' title='bbox 923 3890 1196 3954; x_wconf 82' lang='lat' dir='ltr'><strong>homines,</strong></span> <span class='ocrx_word' id='word_1_543' title='bbox 1243 3897 1529 3960; x_wconf 85' lang='lat' dir='ltr'><strong>propterea</strong></span> <span class='ocrx_word' id='word_1_544' title='bbox 1562 3891 1708 3961; x_wconf 91' lang='lat' dir='ltr'><strong>quod</strong></span> <span class='ocrx_word' id='word_1_545' title='bbox 1736 3893 1879 3947; x_wconf 90' lang='lat' dir='ltr'><strong>inter</strong></span> <span class='ocrx_word' id='word_1_546' title='bbox 1905 3909 2001 3949; x_wconf 88' lang='lat' dir='ltr'><strong>eos</strong></span> 
     </span>
    </p>
   </div>
   <div class='ocr_carea' id='block_1_67' title="bbox 416 3981 2002 4053">
    <p class='ocr_par' dir='ltr' id='par_1_67' title="bbox 416 3981 2002 4053">
     <span class='ocr_line' id='line_1_67' title="bbox 416 3981 2002 4053; baseline 0.001 -17"><span class='ocrx_word' id='word_1_547' title='bbox 416 3988 754 4052; x_wconf 74' lang='lat' dir='ltr'><strong>caeterasque</strong></span> <span class='ocrx_word' id='word_1_548' title='bbox 785 3996 873 4037; x_wconf 90' lang='lat' dir='ltr'><strong>res</strong></span> <span class='ocrx_word' id='word_1_549' title='bbox 899 3981 1033 4035; x_wconf 90' lang='lat' dir='ltr'><strong>nihil</strong></span> <span class='ocrx_word' id='word_1_550' title='bbox 1066 3981 1335 4037; x_wconf 91' lang='lat' dir='ltr'><strong>interesse</strong></span> <span class='ocrx_word' id='word_1_551' title='bbox 1363 3983 1661 4045; x_wconf 82' lang='lat' dir='ltr'><strong>existimet,</strong></span> <span class='ocrx_word' id='word_1_552' title='bbox 1686 3998 1866 4053; x_wconf 87' lang='lat' dir='ltr'><strong>asper,</strong></span> <span class='ocrx_word' id='word_1_553' title='bbox 1899 3985 2002 4037; x_wconf 89' lang='lat' dir='ltr'><strong>im-</strong></span> 
     </span>
    </p>
   </div>
   <div class='ocr_carea' id='block_1_68' title="bbox 414 4070 2000 4143">
    <p class='ocr_par' dir='ltr' id='par_1_68' title="bbox 414 4070 2000 4143">
     <span class='ocr_line' id='line_1_68' title="bbox 414 4070 2000 4143; baseline 0.002 -15"><span class='ocrx_word' id='word_1_554' title='bbox 414 4072 584 4137; x_wconf 91' lang='lat' dir='ltr'><strong>mitis,</strong></span> <span class='ocrx_word' id='word_1_555' title='bbox 618 4071 952 4127; x_wconf 90' lang='lat' dir='ltr'><strong>inhumanus</strong></span> <span class='ocrx_word' id='word_1_556' title='bbox 974 4079 1029 4127; x_wconf 88' lang='lat' dir='ltr'><strong>et</strong></span> <span class='ocrx_word' id='word_1_557' title='bbox 1071 4070 1404 4129; x_wconf 85' lang='lat' dir='ltr'><strong>inolliciosus</strong></span> <span class='ocrx_word' id='word_1_558' title='bbox 1453 4073 1565 4129; x_wconf 80' lang='lat' dir='ltr'><strong>sit?</strong></span> <span class='ocrx_word' id='word_1_559' title='bbox 1622 4075 1785 4143; x_wconf 80' lang='lat' dir='ltr'><strong>Ergo,</strong></span> <span class='ocrx_word' id='word_1_560' title='bbox 1844 4083 1906 4130; x_wconf 92' lang='lat' dir='ltr'><strong>ut</strong></span> <span class='ocrx_word' id='word_1_561' title='bbox 1933 4091 2000 4131; x_wconf 79' lang='lat' dir='ltr'><strong>ex</strong></span> 
     </span>
    </p>
   </div>
   <div class='ocr_carea' id='block_1_69' title="bbox 410 4163 2001 4235">
    <p class='ocr_par' dir='ltr' id='par_1_69' title="bbox 410 4163 2001 4235">
     <span class='ocr_line' id='line_1_69' title="bbox 410 4163 2001 4235; baseline 0.004 -19"><span class='ocrx_word' id='word_1_562' title='bbox 410 4164 524 4234; x_wconf 85' lang='lat' dir='ltr'><strong>jam</strong></span> <span class='ocrx_word' id='word_1_563' title='bbox 547 4163 713 4219; x_wconf 90' lang='lat' dir='ltr'><strong>dictis</strong></span> <span class='ocrx_word' id='word_1_564' title='bbox 740 4173 987 4235; x_wconf 87' lang='lat' dir='ltr'><strong>apparet,</strong></span> <span class='ocrx_word' id='word_1_565' title='bbox 1020 4163 1319 4234; x_wconf 86' lang='lat' dir='ltr'><strong>rejicienda</strong></span> <span class='ocrx_word' id='word_1_566' title='bbox 1354 4165 1516 4221; x_wconf 78' lang='lat' dir='ltr'><strong>fuerit</strong></span> <span class='ocrx_word' id='word_1_567' title='bbox 1535 4165 1806 4235; x_wconf 84' lang='lat' dir='ltr'><strong>ejusmodi</strong></span> <span class='ocrx_word' id='word_1_568' title='bbox 1824 4170 2001 4223; x_wconf 85' lang='lat' dir='ltr'><strong>oratio</strong></span> 
     </span>
    </p>
   </div>
   <div class='ocr_carea' id='block_1_70' title="bbox 414 4255 2001 4327">
    <p class='ocr_par' dir='ltr' id='par_1_70' title="bbox 414 4255 2001 4327">
     <span class='ocr_line' id='line_1_70' title="bbox 414 4255 2001 4327; baseline 0.003 -17"><span class='ocrx_word' id='word_1_569' title='bbox 414 4265 579 4327; x_wconf 89' lang='lat' dir='ltr'><strong>atque</strong></span> <span class='ocrx_word' id='word_1_570' title='bbox 608 4255 882 4321; x_wconf 89' lang='lat' dir='ltr'><strong>doctrina,</strong></span> <span class='ocrx_word' id='word_1_571' title='bbox 917 4258 1107 4312; x_wconf 89' lang='lat' dir='ltr'><strong>multis</strong></span> <span class='ocrx_word' id='word_1_572' title='bbox 1142 4258 1307 4313; x_wconf 89' lang='lat' dir='ltr'><strong>etiam</strong></span> <span class='ocrx_word' id='word_1_573' title='bbox 1362 4258 1484 4314; x_wconf 89' lang='lat' dir='ltr'><strong>aliis</strong></span> <span class='ocrx_word' id='word_1_574' title='bbox 1517 4258 1691 4315; x_wconf 79' lang='lat' dir='ltr'><strong>rebus</strong></span> <span class='ocrx_word' id='word_1_575' title='bbox 1721 4259 1864 4314; x_wconf 83' lang='lat' dir='ltr'><strong>haud</strong></span> <span class='ocrx_word' id='word_1_576' title='bbox 1900 4260 2001 4315; x_wconf 85' lang='lat' dir='ltr'><strong>im-</strong></span> 
     </span>
    </p>
   </div>
   <div class='ocr_carea' id='block_1_71' title="bbox 416 4348 1997 4422">
    <p class='ocr_par' dir='ltr' id='par_1_71' title="bbox 416 4348 1997 4422">
     <span class='ocr_line' id='line_1_71' title="bbox 416 4348 1997 4422; baseline 0.003 -18"><span class='ocrx_word' id='word_1_577' title='bbox 416 4353 612 4404; x_wconf 86' lang='lat' dir='ltr'><strong>merito</strong></span> <span class='ocrx_word' id='word_1_578' title='bbox 645 4364 746 4405; x_wconf 91' lang='lat' dir='ltr'><strong>nos</strong></span> <span class='ocrx_word' id='word_1_579' title='bbox 792 4348 1191 4405; x_wconf 86' lang='lat' dir='ltr'><strong>abducentibus</strong></span> <span class='ocrx_word' id='word_1_580' title='bbox 1251 4348 1323 4404; x_wconf 89' lang='lat' dir='ltr'><strong>ab</strong></span> <span class='ocrx_word' id='word_1_581' title='bbox 1354 4348 1666 4421; x_wconf 73' lang='lat' dir='ltr'><strong>huiusmodi</strong></span> <span class='ocrx_word' id='word_1_582' title='bbox 1718 4351 1997 4422; x_wconf 89' lang='lat' dir='ltr'><strong>opinione.</strong></span> 
     </span>
    </p>
   </div>
   <div class='ocr_carea' id='block_1_72' title="bbox 411 4438 1999 4511">
    <p class='ocr_par' dir='ltr' id='par_1_72' title="bbox 411 4438 1999 4511">
     <span class='ocr_line' id='line_1_72' title="bbox 411 4438 1999 4511; baseline 0.004 -18"><span class='ocrx_word' id='word_1_583' title='bbox 411 4439 549 4494; x_wconf 84' lang='lat' dir='ltr'><strong>Nam</strong></span> <span class='ocrx_word' id='word_1_584' title='bbox 578 4438 759 4492; x_wconf 84' lang='lat' dir='ltr'><strong>audivi</strong></span> <span class='ocrx_word' id='word_1_585' title='bbox 789 4454 856 4492; x_wconf 78' lang='lat' dir='ltr'><strong>ex</strong></span> <span class='ocrx_word' id='word_1_586' title='bbox 903 4439 973 4491; x_wconf 91' lang='lat' dir='ltr'><strong>iis</strong></span> <span class='ocrx_word' id='word_1_587' title='bbox 1001 4439 1092 4508; x_wconf 90' lang='lat' dir='ltr'><strong>qui</strong></span> <span class='ocrx_word' id='word_1_588' title='bbox 1121 4439 1249 4493; x_wconf 87' lang='lat' dir='ltr'><strong>talia</strong></span> <span class='ocrx_word' id='word_1_589' title='bbox 1291 4439 1537 4504; x_wconf 89' lang='lat' dir='ltr'><strong>tradunt,</strong></span> <span class='ocrx_word' id='word_1_590' title='bbox 1568 4441 1712 4511; x_wconf 92' lang='lat' dir='ltr'><strong>quod</strong></span> <span class='ocrx_word' id='word_1_591' title='bbox 1749 4441 1999 4499; x_wconf 86' lang='lat' dir='ltr'><strong>nationes</strong></span> 
     </span>
    </p>
   </div>
   <div class='ocr_carea' id='block_1_73' title="bbox 415 4529 1995 4604">
    <p class='ocr_par' dir='ltr' id='par_1_73' title="bbox 415 4529 1995 4604">
     <span class='ocr_line' id='line_1_73' title="bbox 415 4529 1995 4604; baseline 0.002 -19"><span class='ocrx_word' id='word_1_592' title='bbox 415 4529 685 4602; x_wconf 90' lang='lat' dir='ltr'><strong>quasdam</strong></span> <span class='ocrx_word' id='word_1_593' title='bbox 740 4530 1046 4583; x_wconf 87' lang='lat' dir='ltr'><strong>animarum</strong></span> <span class='ocrx_word' id='word_1_594' title='bbox 1092 4544 1212 4583; x_wconf 88' lang='lat' dir='ltr'><strong>esse</strong></span> <span class='ocrx_word' id='word_1_595' title='bbox 1240 4540 1450 4599; x_wconf 82' lang='lat' dir='ltr'><strong>ponant</strong></span> <span class='ocrx_word' id='word_1_596' title='bbox 1476 4533 1531 4586; x_wconf 89' lang='lat' dir='ltr'><strong>in</strong></span> <span class='ocrx_word' id='word_1_597' title='bbox 1578 4534 1840 4602; x_wconf 89' lang='lat' dir='ltr'><strong>peculiari</strong></span> <span class='ocrx_word' id='word_1_598' title='bbox 1867 4549 1995 4604; x_wconf 58' lang='lat' dir='ltr'><strong>qua-</strong></span> 
     </span>
    </p>
   </div>
   <div class='ocr_carea' id='block_1_74' title="bbox 2103 3339 3693 3417">
    <p class='ocr_par' dir='ltr' id='par_1_74' title="bbox 2103 3339 3693 3417">
     <span class='ocr_line' id='line_1_74' title="bbox 2103 3339 3693 3417; baseline 0.001 -19"><span class='ocrx_word' id='word_1_599' title='bbox 2103 3344 2338 3417; x_wconf 85' lang='grc' dir='ltr'>θρώπων</span> <span class='ocrx_word' id='word_1_600' title='bbox 2366 3345 2433 3399; x_wconf 87' lang='grc' dir='ltr'><strong>τά</strong></span> <span class='ocrx_word' id='word_1_601' title='bbox 2449 3345 2643 3416; x_wconf 79' lang='grc' dir='ltr'>δένδρα</span> <span class='ocrx_word' id='word_1_602' title='bbox 2655 3346 2894 3417; x_wconf 83' lang='grc' dir='ltr'>οἰήσεται</span> <span class='ocrx_word' id='word_1_603' title='bbox 2914 3344 3048 3415; x_wconf 81' lang='lat'>(85).</span> <span class='ocrx_word' id='word_1_604' title='bbox 3068 3344 3165 3407; x_wconf 85' lang='grc' dir='ltr'>Τίς</span> <span class='ocrx_word' id='word_1_605' title='bbox 3180 3339 3311 3397; x_wconf 80' lang='grc' dir='ltr'>οὖνό</span> <span class='ocrx_word' id='word_1_606' title='bbox 3327 3342 3565 3408; x_wconf 80' lang='grc' dir='ltr'>τοιοῦτος</span> <span class='ocrx_word' id='word_1_607' title='bbox 3579 3344 3693 3415; x_wconf 93' lang='grc'>(86)</span> 
     </span>
    </p>
   </div>
   <div class='ocr_carea' id='block_1_75' title="bbox 2105 3435 3694 3509">
    <p class='ocr_par' dir='ltr' id='par_1_75' title="bbox 2105 3435 3694 3509">
     <span class='ocr_line' id='line_1_75' title="bbox 2105 3435 3694 3509; baseline 0.001 -19"><span class='ocrx_word' id='word_1_608' title='bbox 2105 3436 2220 3508; x_wconf 82' lang='grc' dir='ltr'>βίος</span> <span class='ocrx_word' id='word_1_609' title='bbox 2273 3438 2306 3509; x_wconf 85' lang='grc' dir='ltr'>ἢ</span> <span class='ocrx_word' id='word_1_610' title='bbox 2355 3438 2493 3508; x_wconf 76' lang='grc' dir='ltr'>πρδς</span> <span class='ocrx_word' id='word_1_611' title='bbox 2518 3440 2695 3492; x_wconf 82' lang='grc' dir='ltr'>πάντα</span> <span class='ocrx_word' id='word_1_612' title='bbox 2726 3437 2970 3502; x_wconf 77' lang='grc' dir='ltr'>εὐλαϐῶς</span> <span class='ocrx_word' id='word_1_613' title='bbox 2994 3438 3083 3491; x_wconf 90' lang='grc' dir='ltr'><strong>διά</strong></span> <span class='ocrx_word' id='word_1_614' title='bbox 3120 3436 3182 3490; x_wconf 78' lang='grc' dir='ltr'>τὸ</span> <span class='ocrx_word' id='word_1_615' title='bbox 3208 3435 3500 3506; x_wconf 74' lang='grc' dir='ltr'>ὁμόφυλον,</span> <span class='ocrx_word' id='word_1_616' title='bbox 3526 3436 3560 3508; x_wconf 78' lang='grc' dir='ltr'>ἢ</span> <span class='ocrx_word' id='word_1_617' title='bbox 3595 3440 3694 3491; x_wconf 66' lang='grc' dir='ltr'>καὶ</span> 
     </span>
    </p>
   </div>
   <div class='ocr_carea' id='block_1_76' title="bbox 2104 3527 3692 3601">
    <p class='ocr_par' dir='ltr' id='par_1_76' title="bbox 2104 3527 3692 3601">
     <span class='ocr_line' id='line_1_76' title="bbox 2104 3527 3692 3601; baseline 0.001 -19"><span class='ocrx_word' id='word_1_618' title='bbox 2104 3531 2241 3600; x_wconf 76' lang='grc' dir='ltr'>πρὸς</span> <span class='ocrx_word' id='word_1_619' title='bbox 2271 3531 2398 3594; x_wconf 84' lang='grc' dir='ltr'>τοὺς</span> <span class='ocrx_word' id='word_1_620' title='bbox 2431 3529 2753 3601; x_wconf 83' lang='grc' dir='ltr'>ἀνθρώπους</span> <span class='ocrx_word' id='word_1_621' title='bbox 2783 3528 3008 3598; x_wconf 78' lang='grc' dir='ltr'>ἀπηνῶς</span> <span class='ocrx_word' id='word_1_622' title='bbox 3028 3527 3115 3581; x_wconf 83' lang='grc' dir='ltr'>διὰ</span> <span class='ocrx_word' id='word_1_623' title='bbox 3134 3527 3232 3599; x_wconf 81' lang='grc' dir='ltr'>τὴν</span> <span class='ocrx_word' id='word_1_624' title='bbox 3257 3529 3348 3581; x_wconf 80' lang='grc' dir='ltr'><strong>ἐπὶ</strong></span> <span class='ocrx_word' id='word_1_625' title='bbox 3382 3529 3491 3581; x_wconf 85' lang='grc' dir='ltr'><strong>τῶν</strong></span> <span class='ocrx_word' id='word_1_626' title='bbox 3515 3529 3692 3584; x_wconf 58' lang='grc' dir='ltr'>ἄλλων</span> 
     </span>
    </p>
   </div>
   <div class='ocr_carea' id='block_1_77' title="bbox 2103 3618 3693 3692">
    <p class='ocr_par' dir='ltr' id='par_1_77' title="bbox 2103 3618 3693 3692">
     <span class='ocr_line' id='line_1_77' title="bbox 2103 3618 3693 3692; baseline 0 -18"><span class='ocrx_word' id='word_1_627' title='bbox 2103 3620 2423 3692; x_wconf 70' lang='grc' dir='ltr'>ἀδιαφορίαν</span> <span class='ocrx_word' id='word_1_628' title='bbox 2457 3619 2704 3691; x_wconf 52' lang='grc' dir='ltr'>ἔχοντος</span> <span class='ocrx_word' id='word_1_629' title='bbox 2745 3618 2954 3674; x_wconf 78' lang='grc' dir='ltr'>Οὐκοῦν</span> <span class='ocrx_word' id='word_1_630' title='bbox 2975 3618 3281 3691; x_wconf 74' lang='grc' dir='ltr'>ἀπόϐλητος</span> <span class='ocrx_word' id='word_1_631' title='bbox 3304 3620 3368 3672; x_wconf 83' lang='grc' dir='ltr'>ὲκ</span> <span class='ocrx_word' id='word_1_632' title='bbox 3403 3620 3511 3672; x_wconf 82' lang='grc' dir='ltr'><strong>τῶν</strong></span> <span class='ocrx_word' id='word_1_633' title='bbox 3538 3623 3693 3692; x_wconf 83' lang='grc' dir='ltr'>εἰρη-</span> 
     </span>
    </p>
   </div>
   <div class='ocr_carea' id='block_1_78' title="bbox 2106 3711 3692 3786">
    <p class='ocr_par' dir='ltr' id='par_1_78' title="bbox 2106 3711 3692 3786">
     <span class='ocr_line' id='line_1_78' title="bbox 2106 3711 3692 3786; baseline 0.001 -22"><span class='ocrx_word' id='word_1_634' title='bbox 2106 3713 2285 3783; x_wconf 78' lang='grc' dir='ltr'>μένων</span> <span class='ocrx_word' id='word_1_635' title='bbox 2315 3714 2344 3767; x_wconf 91' lang='grc' dir='ltr'><strong>ό</strong></span> <span class='ocrx_word' id='word_1_636' title='bbox 2369 3713 2612 3777; x_wconf 75' lang='grc' dir='ltr'>τοιοῦτος</span> <span class='ocrx_word' id='word_1_637' title='bbox 2641 3713 2708 3767; x_wconf 84' lang='grc' dir='ltr'>ἂν</span> <span class='ocrx_word' id='word_1_638' title='bbox 2736 3714 2820 3785; x_wconf 70' lang='grc' dir='ltr'><strong>εἵη</strong></span> <span class='ocrx_word' id='word_1_639' title='bbox 2847 3713 3024 3782; x_wconf 84' lang='grc' dir='ltr'>λόγος,</span> <span class='ocrx_word' id='word_1_640' title='bbox 3050 3711 3258 3766; x_wconf 86' lang='grc' dir='ltr'>πολλῶν</span> <span class='ocrx_word' id='word_1_641' title='bbox 3283 3712 3377 3766; x_wconf 78' lang='grc' dir='ltr'>καὶ</span> <span class='ocrx_word' id='word_1_642' title='bbox 3396 3712 3572 3768; x_wconf 75' lang='grc' dir='ltr'>ἄλλων</span> <span class='ocrx_word' id='word_1_643' title='bbox 3593 3716 3692 3786; x_wconf 85' lang='grc' dir='ltr'>τῆς</span> 
     </span>
    </p>
   </div>
   <div class='ocr_carea' id='block_1_79' title="bbox 2101 3803 3693 3876">
    <p class='ocr_par' dir='ltr' id='par_1_79' title="bbox 2101 3803 3693 3876">
     <span class='ocr_line' id='line_1_79' title="bbox 2101 3803 3693 3876; baseline 0.001 -20"><span class='ocrx_word' id='word_1_644' title='bbox 2101 3804 2359 3873; x_wconf 77' lang='grc' dir='ltr'>τοιαύτης</span> <span class='ocrx_word' id='word_1_645' title='bbox 2391 3805 2539 3875; x_wconf 73' lang='grc' dir='ltr'><strong>ἡμᾶς</strong></span> <span class='ocrx_word' id='word_1_646' title='bbox 2584 3804 2905 3876; x_wconf 75' lang='grc' dir='ltr'>ὑπολήψεως</span> <span class='ocrx_word' id='word_1_647' title='bbox 2938 3805 3077 3859; x_wconf 85' lang='grc' dir='ltr'><strong>κατά</strong></span> <span class='ocrx_word' id='word_1_648' title='bbox 3109 3805 3167 3859; x_wconf 86' lang='grc' dir='ltr'>τὸ</span> <span class='ocrx_word' id='word_1_649' title='bbox 3192 3803 3411 3875; x_wconf 75' lang='grc' dir='ltr'>εὔλογον</span> <span class='ocrx_word' id='word_1_650' title='bbox 3450 3807 3693 3875; x_wconf 76' lang='grc' dir='ltr'>ἀπαγόνο</span> 
     </span>
    </p>
   </div>
   <div class='ocr_carea' id='block_1_80' title="bbox 2103 3896 3691 3968">
    <p class='ocr_par' dir='ltr' id='par_1_80' title="bbox 2103 3896 3691 3968">
     <span class='ocr_line' id='line_1_80' title="bbox 2103 3896 3691 3968; baseline 0.001 -19"><span class='ocrx_word' id='word_1_651' title='bbox 2103 3913 2230 3950; x_wconf 86' lang='grc' dir='ltr'>των.</span> <span class='ocrx_word' id='word_1_652' title='bbox 2266 3897 2517 3950; x_wconf 81' lang='grc' dir='ltr'>Ἤκουσα</span> <span class='ocrx_word' id='word_1_653' title='bbox 2544 3896 2653 3968; x_wconf 81' lang='grc' dir='ltr'><strong>γὰρ</strong></span> <span class='ocrx_word' id='word_1_654' title='bbox 2686 3897 2797 3951; x_wconf 86' lang='grc' dir='ltr'><strong>τῶν</strong></span> <span class='ocrx_word' id='word_1_655' title='bbox 2842 3896 3069 3952; x_wconf 69' lang='grc' dir='ltr'>τοιαῦτα</span> <span class='ocrx_word' id='word_1_656' title='bbox 3110 3898 3570 3968; x_wconf 74' lang='grc' dir='ltr'>δογματιζόντων,</span> <span class='ocrx_word' id='word_1_657' title='bbox 3609 3899 3691 3952; x_wconf 78' lang='grc' dir='ltr'><strong>ὅτι</strong></span> 
     </span>
    </p>
   </div>
   <div class='ocr_carea' id='block_1_81' title="bbox 2098 3987 3691 4063">
    <p class='ocr_par' dir='ltr' id='par_1_81' title="bbox 2098 3987 3691 4063">
     <span class='ocr_line' id='line_1_81' title="bbox 2098 3987 3691 4063; baseline 0.001 -22"><span class='ocrx_word' id='word_1_658' title='bbox 2098 3987 2231 4059; x_wconf 70' lang='grc' dir='ltr'>ἔθνη</span> <span class='ocrx_word' id='word_1_659' title='bbox 2264 3989 2387 4041; x_wconf 82' lang='grc' dir='ltr'>τινὰ</span> <span class='ocrx_word' id='word_1_660' title='bbox 2414 3988 2521 4042; x_wconf 84' lang='grc' dir='ltr'><strong>τῶν</strong></span> <span class='ocrx_word' id='word_1_661' title='bbox 2553 3988 2742 4060; x_wconf 68' lang='grc' dir='ltr'>ψυχῶν</span> <span class='ocrx_word' id='word_1_662' title='bbox 2796 3989 3113 4044; x_wconf 84' lang='grc' dir='ltr'>ἀποτίθεται</span> <span class='ocrx_word' id='word_1_663' title='bbox 3154 3989 3267 4059; x_wconf 88' lang='grc'>(87)</span> <span class='ocrx_word' id='word_1_664' title='bbox 3307 3991 3365 4043; x_wconf 83' lang='lat' dir='ltr'><strong>tv</strong></span> <span class='ocrx_word' id='word_1_665' title='bbox 3416 3989 3691 4063; x_wconf 77' lang='grc' dir='ltr'>ἰδιαζούσῃ</span> 
     </span>
    </p>
   </div>
   <div class='ocr_carea' id='block_1_82' title="bbox 2102 4077 3691 4151">
    <p class='ocr_par' dir='ltr' id='par_1_82' title="bbox 2102 4077 3691 4151">
     <span class='ocr_line' id='line_1_82' title="bbox 2102 4077 3691 4151; baseline 0.002 -21"><span class='ocrx_word' id='word_1_666' title='bbox 2102 4078 2209 4131; x_wconf 76' lang='grc' dir='ltr'>τινὶ</span> <span class='ocrx_word' id='word_1_667' title='bbox 2245 4077 2355 4148; x_wconf 90' lang='grc'>(88)</span> <span class='ocrx_word' id='word_1_668' title='bbox 2392 4078 2639 4150; x_wconf 80' lang='grc' dir='ltr'>πολιτείᾳ</span> <span class='ocrx_word' id='word_1_669' title='bbox 2662 4080 2800 4150; x_wconf 83' lang='grc' dir='ltr'>πρὸς</span> <span class='ocrx_word' id='word_1_670' title='bbox 2828 4078 2927 4151; x_wconf 76' lang='grc' dir='ltr'>τὴν</span> <span class='ocrx_word' id='word_1_671' title='bbox 2945 4079 3058 4147; x_wconf 92' lang='grc'>(89)</span> <span class='ocrx_word' id='word_1_672' title='bbox 3083 4080 3139 4133; x_wconf 88' lang='grc' dir='ltr'>ὲν</span> <span class='ocrx_word' id='word_1_673' title='bbox 3163 4078 3376 4150; x_wconf 87' lang='grc' dir='ltr'>σώματι</span> <span class='ocrx_word' id='word_1_674' title='bbox 3403 4078 3550 4151; x_wconf 78' lang='grc' dir='ltr'>ζωὴν</span> <span class='ocrx_word' id='word_1_675' title='bbox 3581 4081 3691 4147; x_wconf 82' lang='grc'>(90)</span> 
     </span>
    </p>
   </div>
   <div class='ocr_carea' id='block_1_83' title="bbox 2105 4167 3691 4241">
    <p class='ocr_par' dir='ltr' id='par_1_83' title="bbox 2105 4167 3691 4241">
     <span class='ocr_line' id='line_1_83' title="bbox 2105 4167 3691 4241; baseline 0.003 -21"><span class='ocrx_word' id='word_1_676' title='bbox 2105 4167 2415 4237; x_wconf 82' lang='grc' dir='ltr'>βιοτεύοντα</span> <span class='ocrx_word' id='word_1_677' title='bbox 2476 4170 2609 4241; x_wconf 79' lang='lat' dir='ltr'>(9i),</span> <span class='ocrx_word' id='word_1_678' title='bbox 2660 4172 2718 4224; x_wconf 87' lang='lat' dir='ltr'><strong>tv</strong></span> <span class='ocrx_word' id='word_1_679' title='bbox 2750 4170 2829 4241; x_wconf 84' lang='grc' dir='ltr'>τῷ</span> <span class='ocrx_word' id='word_1_680' title='bbox 2857 4169 3040 4241; x_wconf 85' lang='grc' dir='ltr'>λεπτῷ</span> <span class='ocrx_word' id='word_1_681' title='bbox 3072 4187 3131 4224; x_wconf 87' lang='grc' dir='ltr'><strong>τε</strong></span> <span class='ocrx_word' id='word_1_682' title='bbox 3160 4171 3253 4224; x_wconf 75' lang='grc' dir='ltr'>καὶ</span> <span class='ocrx_word' id='word_1_683' title='bbox 3288 4170 3559 4241; x_wconf 80' lang='grc' dir='ltr'>εὐκινήτῳ</span> <span class='ocrx_word' id='word_1_684' title='bbox 3592 4170 3691 4240; x_wconf 71' lang='grc' dir='ltr'>τῆς</span> 
     </span>
    </p>
   </div>
   <div class='ocr_carea' id='block_1_84' title="bbox 2103 4259 3699 4334">
    <p class='ocr_par' dir='ltr' id='par_1_84' title="bbox 2103 4259 3699 4334">
     <span class='ocr_line' id='line_1_84' title="bbox 2103 4259 3699 4334; baseline 0.001 -21"><span class='ocrx_word' id='word_1_685' title='bbox 2103 4259 2318 4328; x_wconf 84' lang='grc' dir='ltr'>φύσεως</span> <span class='ocrx_word' id='word_1_686' title='bbox 2363 4261 2572 4315; x_wconf 79' lang='grc' dir='ltr'>ἑαυτῶν</span> <span class='ocrx_word' id='word_1_687' title='bbox 2623 4261 2735 4333; x_wconf 71' lang='grc'>(92)</span> <span class='ocrx_word' id='word_1_688' title='bbox 2775 4265 2838 4334; x_wconf 77' lang='grc' dir='ltr'><strong>τῇ</strong></span> <span class='ocrx_word' id='word_1_689' title='bbox 2868 4261 2962 4315; x_wconf 86' lang='grc' dir='ltr'>τοῦ</span> <span class='ocrx_word' id='word_1_690' title='bbox 2991 4261 3193 4326; x_wconf 83' lang='grc' dir='ltr'>παντὸς</span> <span class='ocrx_word' id='word_1_691' title='bbox 3220 4261 3699 4333; x_wconf 82' lang='grc' dir='ltr'>συμπεριπολοῦν-</span> 
     </span>
    </p>
   </div>
   <div class='ocr_carea' id='block_1_85' title="bbox 2101 4350 3691 4423">
    <p class='ocr_par' dir='ltr' id='par_1_85' title="bbox 2101 4350 3691 4423">
     <span class='ocr_line' id='line_1_85' title="bbox 2101 4350 3691 4423; baseline -0.001 -20"><span class='ocrx_word' id='word_1_692' title='bbox 2101 4367 2192 4414; x_wconf 88' lang='grc' dir='ltr'><strong>τος</strong></span> <span class='ocrx_word' id='word_1_693' title='bbox 2226 4350 2338 4423; x_wconf 78' lang='grc'>(95)</span> <span class='ocrx_word' id='word_1_694' title='bbox 2374 4352 2602 4423; x_wconf 82' lang='grc' dir='ltr'>δινήσει,</span> <span class='ocrx_word' id='word_1_695' title='bbox 2656 4354 2794 4423; x_wconf 74' lang='grc' dir='ltr'>ῥοπῇ</span> <span class='ocrx_word' id='word_1_696' title='bbox 2832 4351 2888 4405; x_wconf 81' lang='grc' dir='ltr'>δέ</span> <span class='ocrx_word' id='word_1_697' title='bbox 2913 4368 3017 4405; x_wconf 90' lang='grc' dir='ltr'>τινι</span> <span class='ocrx_word' id='word_1_698' title='bbox 3057 4353 3123 4422; x_wconf 85' lang='grc' dir='ltr'><strong>τῇ</strong></span> <span class='ocrx_word' id='word_1_699' title='bbox 3160 4351 3295 4422; x_wconf 72' lang='grc' dir='ltr'>πρὸς</span> <span class='ocrx_word' id='word_1_700' title='bbox 3326 4351 3524 4405; x_wconf 86' lang='grc' dir='ltr'>κακίαν</span> <span class='ocrx_word' id='word_1_701' title='bbox 3558 4368 3691 4403; x_wconf 73' lang='lat' dir='ltr'><strong>ms-</strong></span> 
     </span>
    </p>
   </div>
   <div class='ocr_carea' id='block_1_86' title="bbox 2104 4440 3690 4513">
    <p class='ocr_par' dir='ltr' id='par_1_86' title="bbox 2104 4440 3690 4513">
     <span class='ocr_line' id='line_1_86' title="bbox 2104 4440 3690 4513; baseline 0 -21"><span class='ocrx_word' id='word_1_702' title='bbox 2104 4440 2437 4512; x_wconf 80' lang='grc' dir='ltr'>ρορροούσας</span> <span class='ocrx_word' id='word_1_703' title='bbox 2473 4443 2584 4511; x_wconf 62' lang='grc'>(94)</span> <span class='ocrx_word' id='word_1_704' title='bbox 2609 4444 2708 4507; x_wconf 76' lang='grc' dir='ltr'><strong>τὰς</strong></span> <span class='ocrx_word' id='word_1_705' title='bbox 2731 4442 2909 4513; x_wconf 75' lang='grc' dir='ltr'>ψυχὰς</span> <span class='ocrx_word' id='word_1_706' title='bbox 2941 4444 2998 4495; x_wconf 80' lang='lat' dir='ltr'><strong>tv</strong></span> <span class='ocrx_word' id='word_1_707' title='bbox 3034 4441 3243 4511; x_wconf 83' lang='grc' dir='ltr'>σώματι</span> <span class='ocrx_word' id='word_1_708' title='bbox 3274 4440 3386 4513; x_wconf 87' lang='grc'>(95)</span> <span class='ocrx_word' id='word_1_709' title='bbox 3413 4441 3690 4510; x_wconf 85' lang='grc' dir='ltr'>γίνεσθαι·</span> 
     </span>
    </p>
   </div>
   <div class='ocr_carea' id='block_1_87' title="bbox 2106 4528 3696 4604">
    <p class='ocr_par' dir='ltr' id='par_1_87' title="bbox 2106 4528 3696 4604">
     <span class='ocr_line' id='line_1_87' title="bbox 2106 4528 3696 4604; baseline 0 -21"><span class='ocrx_word' id='word_1_710' title='bbox 2106 4532 2322 4603; x_wconf 86' lang='grc' dir='ltr'>πρῶτον</span> <span class='ocrx_word' id='word_1_711' title='bbox 2355 4533 2452 4604; x_wconf 82' lang='grc' dir='ltr'><strong>μὲν</strong></span> <span class='ocrx_word' id='word_1_712' title='bbox 2486 4532 2795 4603; x_wconf 85' lang='grc' dir='ltr'>ἀνθρώποις</span> <span class='ocrx_word' id='word_1_713' title='bbox 2826 4531 2960 4602; x_wconf 87' lang='grc'>(96),</span> <span class='ocrx_word' id='word_1_714' title='bbox 2981 4528 3080 4585; x_wconf 82' lang='grc' dir='ltr'>εἶθ’</span> <span class='ocrx_word' id='word_1_715' title='bbox 3103 4530 3278 4594; x_wconf 78' lang='grc' dir='ltr'>οὕτως</span> <span class='ocrx_word' id='word_1_716' title='bbox 3310 4530 3399 4583; x_wconf 71' lang='grc' dir='ltr'><strong>διὰ</strong></span> <span class='ocrx_word' id='word_1_717' title='bbox 3420 4530 3521 4600; x_wconf 75' lang='grc' dir='ltr'>τῆς</span> <span class='ocrx_word' id='word_1_718' title='bbox 3553 4532 3696 4602; x_wconf 81' lang='grc' dir='ltr'>πρὸς</span> 
     </span>
    </p>
   </div>
   <div class='ocr_carea' id='block_1_88' title="bbox 414 4593 2003 4695">
    <p class='ocr_par' dir='ltr' id='par_1_88' title="bbox 414 4619 1990 4691">
     <span class='ocr_line' id='line_1_88' title="bbox 414 4619 1990 4691; baseline 0.004 -16"><span class='ocrx_word' id='word_1_719' title='bbox 414 4621 541 4675; x_wconf 89' lang='lat' dir='ltr'><strong>dam</strong></span> <span class='ocrx_word' id='word_1_720' title='bbox 568 4619 808 4685; x_wconf 89' lang='lat' dir='ltr'><strong>civitate,</strong></span> <span class='ocrx_word' id='word_1_721' title='bbox 842 4632 1132 4689; x_wconf 84' lang='lat' dir='ltr'><strong>antequam</strong></span> <span class='ocrx_word' id='word_1_722' title='bbox 1166 4620 1230 4674; x_wconf 88' lang='lat' dir='ltr'><strong>ad</strong></span> <span class='ocrx_word' id='word_1_723' title='bbox 1262 4634 1579 4691; x_wconf 87' lang='lat' dir='ltr'><strong>corpoream</strong></span> <span class='ocrx_word' id='word_1_724' title='bbox 1613 4624 1778 4677; x_wconf 89' lang='lat' dir='ltr'><strong>vitam</strong></span> <span class='ocrx_word' id='word_1_725' title='bbox 1832 4624 1990 4681; x_wconf 88' lang='lat' dir='ltr'><strong>deve-</strong></span> 
     </span>
    </p>
   </div>
   <div class='ocr_carea' id='block_1_89' title="bbox 2112 4593 3685 4695">
    <p class='ocr_par' dir='ltr' id='par_1_89' title="bbox 2112 4593 3685 4695">
     <span class='ocr_line' id='line_1_89' title="bbox 2112 4593 3685 4695; baseline -0.001 -20"><span class='ocrx_word' id='word_1_726' title='bbox 2112 4593 2172 4676; x_wconf 75' lang='grc' dir='ltr'><strong>τά</strong></span> <span class='ocrx_word' id='word_1_727' title='bbox 2204 4593 2374 4692; x_wconf 76' lang='grc' dir='ltr'>ἄλογα</span> <span class='ocrx_word' id='word_1_728' title='bbox 2420 4624 2529 4678; x_wconf 88' lang='grc' dir='ltr'><strong>τῶν</strong></span> <span class='ocrx_word' id='word_1_729' title='bbox 2559 4593 2747 4677; x_wconf 71' lang='grc' dir='ltr'>παθῶν</span> <span class='ocrx_word' id='word_1_730' title='bbox 2767 4593 3004 4695; x_wconf 59' lang='grc' dir='ltr'>όειιλίας,</span> <span class='ocrx_word' id='word_1_731' title='bbox 3040 4621 3178 4693; x_wconf 87' lang='grc' dir='ltr'>μετά</span> <span class='ocrx_word' id='word_1_732' title='bbox 3209 4593 3297 4675; x_wconf 69' lang='grc' dir='ltr'><strong>τού</strong></span> <span class='ocrx_word' id='word_1_733' title='bbox 3325 4621 3437 4692; x_wconf 93' lang='grc'>(97)</span> <span class='ocrx_word' id='word_1_734' title='bbox 3478 4593 3685 4690; x_wconf 52' lang='grc' dir='ltr'>ἀνθρωί</span> 
     </span>
    </p>
   </div>
   <div class='ocr_carea' id='block_1_90' title="bbox 417 4711 1995 4782">
    <p class='ocr_par' dir='ltr' id='par_1_90' title="bbox 417 4711 1995 4782">
     <span class='ocr_line' id='line_1_90' title="bbox 417 4711 1995 4782; baseline 0.004 -16"><span class='ocrx_word' id='word_1_735' title='bbox 417 4712 592 4776; x_wconf 86' lang='lat' dir='ltr'><strong>niant,</strong></span> <span class='ocrx_word' id='word_1_736' title='bbox 622 4711 866 4767; x_wconf 85' lang='lat' dir='ltr'><strong>viventes</strong></span> <span class='ocrx_word' id='word_1_737' title='bbox 892 4728 904 4763; x_wconf 84' lang='lat'><strong>:</strong></span> <span class='ocrx_word' id='word_1_738' title='bbox 932 4726 1052 4780; x_wconf 70' lang='lat' dir='ltr'><strong>qua:</strong></span> <span class='ocrx_word' id='word_1_739' title='bbox 1077 4711 1128 4763; x_wconf 93' lang='lat' dir='ltr'><strong>in</strong></span> <span class='ocrx_word' id='word_1_740' title='bbox 1150 4711 1298 4765; x_wconf 88' lang='lat' dir='ltr'><strong>tenui</strong></span> <span class='ocrx_word' id='word_1_741' title='bbox 1333 4720 1495 4781; x_wconf 87' lang='lat' dir='ltr'><strong>atque</strong></span> <span class='ocrx_word' id='word_1_742' title='bbox 1517 4713 1642 4782; x_wconf 81' lang='lat' dir='ltr'><strong>agili</strong></span> <span class='ocrx_word' id='word_1_743' title='bbox 1668 4729 1766 4768; x_wconf 91' lang='lat' dir='ltr'><strong>sua</strong></span> <span class='ocrx_word' id='word_1_744' title='bbox 1799 4726 1995 4772; x_wconf 89' lang='lat' dir='ltr'><strong>natura</strong></span> 
     </span>
    </p>
   </div>
   <div class='ocr_carea' id='block_1_91' title="bbox 415 4801 1994 4871">
    <p class='ocr_par' dir='ltr' id='par_1_91' title="bbox 415 4801 1994 4871">
     <span class='ocr_line' id='line_1_91' title="bbox 415 4801 1994 4871; baseline 0 -12"><span class='ocrx_word' id='word_1_745' title='bbox 415 4819 521 4859; x_wconf 90' lang='lat' dir='ltr'><strong>una</strong></span> <span class='ocrx_word' id='word_1_746' title='bbox 550 4818 675 4859; x_wconf 92' lang='lat' dir='ltr'><strong>cum</strong></span> <span class='ocrx_word' id='word_1_747' title='bbox 704 4801 1596 4871; x_wconf 74' lang='lat' dir='ltr'><strong>revolutioncatqueconversione</strong></span> <span class='ocrx_word' id='word_1_748' title='bbox 1614 4802 1994 4860; x_wconf 83' lang='lat' dir='ltr'><strong>universitatis</strong></span> 
     </span>
    </p>
   </div>
   <div class='ocr_carea' id='block_1_92' title="bbox 484 4958 1776 5035">
    <p class='ocr_par' dir='ltr' id='par_1_92' title="bbox 484 4958 1776 5035">
     <span class='ocr_line' id='line_1_92' title="bbox 484 4958 1776 5035; baseline -0.004 -16"><span class='ocrx_word' id='word_1_749' title='bbox 484 4962 595 5035; x_wconf 82' lang='lat'>(75)</span> <span class='ocrx_word' id='word_1_750' title='bbox 638 4964 906 5035; x_wconf 68' lang='grc' dir='ltr'>Ὄψεται.</span> <span class='ocrx_word' id='word_1_751' title='bbox 930 4961 976 5035; x_wconf 85' lang='lat' dir='ltr'><strong>_A</strong></span> <span class='ocrx_word' id='word_1_752' title='bbox 999 4960 1052 5035; x_wconf 84' lang='lat' dir='ltr'><strong>in</strong></span> <span class='ocrx_word' id='word_1_753' title='bbox 1081 4958 1541 5035; x_wconf 54' lang='lat' dir='ltr'><strong>marginqol&#39;stat,</strong></span> <span class='ocrx_word' id='word_1_754' title='bbox 1569 4959 1776 5032; x_wconf 77' lang='grc' dir='ltr'>ὄψεται.</span> 
     </span>
    </p>
   </div>
   <div class='ocr_carea' id='block_1_93' title="bbox 509 5024 1459 5103">
    <p class='ocr_par' dir='ltr' id='par_1_93' title="bbox 509 5024 1459 5103">
     <span class='ocr_line' id='line_1_93' title="bbox 509 5024 1459 5103; baseline -0.002 -16"><span class='ocrx_word' id='word_1_755' title='bbox 509 5024 597 5103; x_wconf 76' lang='lat'><strong>76)</strong></span> <span class='ocrx_word' id='word_1_756' title='bbox 636 5024 743 5088; x_wconf 57' lang='grc' dir='ltr'><strong>Καὶ</strong></span> <span class='ocrx_word' id='word_1_757' title='bbox 788 5032 995 5096; x_wconf 82' lang='grc' dir='ltr'>αὐτός.</span> <span class='ocrx_word' id='word_1_758' title='bbox 1016 5032 1081 5094; x_wconf 80' lang='grc' dir='ltr'>Δ,</span> <span class='ocrx_word' id='word_1_759' title='bbox 1108 5031 1149 5082; x_wconf 89' lang='grc' dir='ltr'><strong>Β</strong></span> <span class='ocrx_word' id='word_1_760' title='bbox 1169 5024 1262 5083; x_wconf 70' lang='grc' dir='ltr'>καὶ</span> <span class='ocrx_word' id='word_1_761' title='bbox 1285 5024 1459 5103; x_wconf 74' lang='grc' dir='ltr'>οὗτος.</span> 
     </span>
    </p>
   </div>
   <div class='ocr_carea' id='block_1_94' title="bbox 485 5102 1377 5245">
    <p class='ocr_par' dir='ltr' id='par_1_94' title="bbox 485 5102 1377 5245">
     <span class='ocr_line' id='line_1_94' title="bbox 488 5102 1377 5175; baseline -0.004 -17"><span class='ocrx_word' id='word_1_762' title='bbox 488 5102 600 5175; x_wconf 77' lang='grc'>(77)</span> <span class='ocrx_word' id='word_1_763' title='bbox 638 5103 972 5172; x_wconf 71' lang='grc' dir='ltr'>Δρεπάνην.</span> <span class='ocrx_word' id='word_1_764' title='bbox 1003 5103 1066 5164; x_wconf 81' lang='grc' dir='ltr'>Δ,</span> <span class='ocrx_word' id='word_1_765' title='bbox 1092 5103 1135 5153; x_wconf 89' lang='grc' dir='ltr'>Β</span> <span class='ocrx_word' id='word_1_766' title='bbox 1160 5103 1226 5171; x_wconf 81' lang='grc' dir='ltr'>τῇ</span> <span class='ocrx_word' id='word_1_767' title='bbox 1249 5102 1377 5154; x_wconf 85' lang='grc' dir='ltr'>τῶν.</span> 
     </span>
     <span class='ocr_line' id='line_1_95' title="bbox 485 5172 1322 5245; baseline -0.006 -17"><span class='ocrx_word' id='word_1_768' title='bbox 485 5174 599 5245; x_wconf 79' lang='grc'>(78)</span> <span class='ocrx_word' id='word_1_769' title='bbox 638 5175 868 5245; x_wconf 67' lang='grc' dir='ltr'>Δρέψει.</span> <span class='ocrx_word' id='word_1_770' title='bbox 897 5175 962 5238; x_wconf 80' lang='grc' dir='ltr'>Α,</span> <span class='ocrx_word' id='word_1_771' title='bbox 1047 5172 1322 5245; x_wconf 57' lang='grc' dir='ltr'>δρέψεται.</span> 
     </span>
    </p>
   </div>
   <div class='ocr_carea' id='block_1_95' title="bbox 512 5241 1400 5312">
    <p class='ocr_par' dir='ltr' id='par_1_95' title="bbox 512 5241 1400 5312">
     <span class='ocr_line' id='line_1_96' title="bbox 512 5241 1400 5312; baseline -0.001 -16"><span class='ocrx_word' id='word_1_772' title='bbox 512 5241 599 5312; x_wconf 74' lang='grc'><strong>79)</strong></span> <span class='ocrx_word' id='word_1_773' title='bbox 639 5241 938 5311; x_wconf 59' lang='grc' dir='ltr'>Κιρίνὰται.</span> <span class='ocrx_word' id='word_1_774' title='bbox 969 5244 1034 5305; x_wconf 83' lang='grc' dir='ltr'>Α,</span> <span class='ocrx_word' id='word_1_775' title='bbox 1062 5241 1103 5294; x_wconf 84' lang='grc' dir='ltr'><strong>Β</strong></span> <span class='ocrx_word' id='word_1_776' title='bbox 1129 5241 1400 5312; x_wconf 76' lang='grc' dir='ltr'>κίρναται.</span> 
     </span>
    </p>
   </div>
   <div class='ocr_carea' id='block_1_96' title="bbox 487 5250 1999 5386">
    <p class='ocr_par' dir='ltr' id='par_1_96' title="bbox 487 5250 1999 5386">
     <span class='ocr_line' id='line_1_97' title="bbox 512 5250 1400 5312; baseline -0.001 -16"><span class='ocrx_word' id='word_1_777' title='bbox 512 5250 591 5298; x_wconf 81' lang='grc'>79·</span> <span class='ocrx_word' id='word_1_778' title='bbox 639 5250 938 5311; x_wconf 77' lang='grc' dir='ltr'>Κιρνάται.</span> <span class='ocrx_word' id='word_1_779' title='bbox 969 5250 1034 5305; x_wconf 85' lang='lat' dir='ltr'><strong>A,</strong></span> <span class='ocrx_word' id='word_1_780' title='bbox 1064 5250 1103 5294; x_wconf 79' lang='grc' dir='ltr'><strong>Β</strong></span> <span class='ocrx_word' id='word_1_781' title='bbox 1129 5250 1400 5312; x_wconf 76' lang='grc' dir='ltr'>κίρναται.</span> 
     </span>
     <span class='ocr_line' id='line_1_98' title="bbox 487 5250 1999 5386; baseline -0.003 -17"><span class='ocrx_word' id='word_1_782' title='bbox 487 5250 600 5386; x_wconf 69' lang='lat'>(80)</span> <span class='ocrx_word' id='word_1_783' title='bbox 640 5315 838 5386; x_wconf 77' lang='grc' dir='ltr'>Ποῖον.</span> <span class='ocrx_word' id='word_1_784' title='bbox 874 5315 918 5366; x_wconf 81' lang='grc' dir='ltr'><strong>Α</strong></span> <span class='ocrx_word' id='word_1_785' title='bbox 950 5313 1136 5386; x_wconf 78' lang='grc' dir='ltr'>ἕτερον</span> <span class='ocrx_word' id='word_1_786' title='bbox 1166 5311 1481 5382; x_wconf 84' lang='grc' dir='ltr'>γενόμενον,</span> <span class='ocrx_word' id='word_1_787' title='bbox 1532 5314 1680 5364; x_wconf 83' lang='grc' dir='ltr'>ποῖον</span> <span class='ocrx_word' id='word_1_788' title='bbox 1709 5311 1766 5364; x_wconf 78' lang='grc' dir='ltr'>δὲ</span> <span class='ocrx_word' id='word_1_789' title='bbox 1797 5311 1856 5365; x_wconf 83' lang='grc' dir='ltr'>τὸ</span> <span class='ocrx_word' id='word_1_790' title='bbox 1883 5312 1999 5364; x_wconf 73' lang='grc' dir='ltr'>ἑτέ.-</span> 
     </span>
    </p>
   </div>
   <div class='ocr_carea' id='block_1_97' title="bbox 419 5384 858 5454">
    <p class='ocr_par' dir='ltr' id='par_1_97' title="bbox 419 5384 858 5454">
     <span class='ocr_line' id='line_1_99' title="bbox 419 5384 858 5454; baseline -0.002 -17"><span class='ocrx_word' id='word_1_791' title='bbox 419 5384 531 5454; x_wconf 74' lang='grc' dir='ltr'><strong>ρως</strong></span> <span class='ocrx_word' id='word_1_792' title='bbox 554 5384 858 5454; x_wconf 44' lang='grc' dir='ltr'>γενόμενον.</span> 
     </span>
    </p>
   </div>
   <div class='ocr_carea' id='block_1_98' title="bbox 511 5450 1393 5525">
    <p class='ocr_par' dir='ltr' id='par_1_98' title="bbox 511 5450 1393 5525">
     <span class='ocr_line' id='line_1_100' title="bbox 511 5450 1393 5525; baseline -0.002 -18"><span class='ocrx_word' id='word_1_793' title='bbox 511 5452 600 5525; x_wconf 66' lang='lat'><strong>8!)</strong></span> <span class='ocrx_word' id='word_1_794' title='bbox 644 5450 727 5525; x_wconf 62' lang='grc' dir='ltr'><strong>Τῇ</strong></span> <span class='ocrx_word' id='word_1_795' title='bbox 752 5454 1014 5525; x_wconf 68' lang='grc' dir='ltr'>τοιαύτῃ.</span> <span class='ocrx_word' id='word_1_796' title='bbox 1041 5453 1122 5525; x_wconf 76' lang='grc' dir='ltr'><strong>Τῇ</strong></span> <span class='ocrx_word' id='word_1_797' title='bbox 1158 5453 1299 5509; x_wconf 87' lang='lat' dir='ltr'><strong>delet</strong></span> <span class='ocrx_word' id='word_1_798' title='bbox 1335 5452 1393 5505; x_wconf 80' lang='grc' dir='ltr'>Β.</span> 
     </span>
    </p>
   </div>
   <div class='ocr_carea' id='block_1_99' title="bbox 510 5521 1427 5587">
    <p class='ocr_par' dir='ltr' id='par_1_99' title="bbox 510 5521 1427 5587">
     <span class='ocr_line' id='line_1_101' title="bbox 510 5521 1427 5587; baseline -0.001 -12"><span class='ocrx_word' id='word_1_799' title='bbox 510 5521 601 5585; x_wconf 50' lang='grc'>82⁷)</span> <span class='ocrx_word' id='word_1_800' title='bbox 653 5522 752 5586; x_wconf 78' lang='grc' dir='ltr'>Ὠς</span> <span class='ocrx_word' id='word_1_801' title='bbox 790 5521 936 5573; x_wconf 76' lang='grc' dir='ltr'>κατ’.</span> <span class='ocrx_word' id='word_1_802' title='bbox 968 5526 1012 5574; x_wconf 76' lang='grc' dir='ltr'><strong>Α</strong></span> <span class='ocrx_word' id='word_1_803' title='bbox 1048 5521 1124 5587; x_wconf 70' lang='grc' dir='ltr'>ὡς</span> <span class='ocrx_word' id='word_1_804' title='bbox 1158 5525 1253 5577; x_wconf 78' lang='grc' dir='ltr'>καὶ</span> <span class='ocrx_word' id='word_1_805' title='bbox 1285 5524 1427 5575; x_wconf 83' lang='grc' dir='ltr'>κατ’.</span> 
     </span>
    </p>
   </div>
   <div class='ocr_carea' id='block_1_100' title="bbox 488 5589 1464 5662">
    <p class='ocr_par' dir='ltr' id='par_1_100' title="bbox 488 5589 1464 5662">
     <span class='ocr_line' id='line_1_102' title="bbox 488 5589 1464 5662; baseline 0.001 -15"><span class='ocrx_word' id='word_1_806' title='bbox 488 5589 601 5662; x_wconf 60' lang='grc'>(85)</span> <span class='ocrx_word' id='word_1_807' title='bbox 640 5590 770 5662; x_wconf 79' lang='grc' dir='ltr'><strong>Κᾷν</strong></span> <span class='ocrx_word' id='word_1_808' title='bbox 807 5589 876 5641; x_wconf 83' lang='grc' dir='ltr'><strong>ἐν</strong></span> <span class='ocrx_word' id='word_1_809' title='bbox 909 5591 1196 5659; x_wconf 74' lang='grc' dir='ltr'>ἑρπετοῖς.</span> <span class='ocrx_word' id='word_1_810' title='bbox 1228 5592 1375 5647; x_wconf 82' lang='lat' dir='ltr'><strong>Delet</strong></span> <span class='ocrx_word' id='word_1_811' title='bbox 1405 5592 1464 5648; x_wconf 84' lang='grc' dir='ltr'>Β.</span> 
     </span>
    </p>
   </div>
   <div class='ocr_carea' id='block_1_101' title="bbox 511 5659 1268 5729">
    <p class='ocr_par' dir='ltr' id='par_1_101' title="bbox 511 5659 1268 5729">
     <span class='ocr_line' id='line_1_103' title="bbox 511 5659 1268 5729; baseline 0 -14"><span class='ocrx_word' id='word_1_812' title='bbox 511 5659 604 5728; x_wconf 75' lang='grc'>84)</span> <span class='ocrx_word' id='word_1_813' title='bbox 643 5659 905 5729; x_wconf 64' lang='grc' dir='ltr'>Γίνεται.</span> <span class='ocrx_word' id='word_1_814' title='bbox 946 5663 983 5711; x_wconf 82' lang='grc' dir='ltr'><strong>Β</strong></span> <span class='ocrx_word' id='word_1_815' title='bbox 1022 5662 1268 5729; x_wconf 82' lang='grc' dir='ltr'>γένηται.</span> 
     </span>
    </p>
   </div>
   <div class='ocr_carea' id='block_1_102' title="bbox 513 5727 1381 5867">
    <p class='ocr_par' dir='ltr' id='par_1_102' title="bbox 513 5727 1381 5867">
     <span class='ocr_line' id='line_1_104' title="bbox 513 5727 1381 5867; baseline 0.003 -84"><span class='ocrx_word' id='word_1_816' title='bbox 513 5730 603 5867; x_wconf 65' lang='lat'><strong>85)</strong></span> <span class='ocrx_word' id='word_1_817' title='bbox 638 5727 935 5805; x_wconf 67' lang='grc' dir='ltr'>ϐιήσεται.</span> <span class='ocrx_word' id='word_1_818' title='bbox 973 5735 1015 5784; x_wconf 79' lang='grc' dir='ltr'>Λ</span> <span class='ocrx_word' id='word_1_819' title='bbox 1034 5727 1381 5800; x_wconf 12' lang='grc' dir='ltr'>ἠοίηθήσεται.</span> 
     </span>
     <span class='ocr_line' id='line_1_105' title="bbox 513 5799 1378 5863; baseline -0.002 -7"><span class='ocrx_word' id='word_1_820' title='bbox 513 5799 582 5857; x_wconf 81' lang='grc'><strong>86</strong></span> <span class='ocrx_word' id='word_1_821' title='bbox 648 5801 875 5852; x_wconf 77' lang='grc' dir='ltr'>Τοιοιντ(</span> <span class='ocrx_word' id='word_1_822' title='bbox 889 5819 936 5863; x_wconf 84' lang='grc' dir='ltr'><strong>ς.</strong></span> <span class='ocrx_word' id='word_1_823' title='bbox 963 5808 1006 5854; x_wconf 84' lang='grc' dir='ltr'><strong>Α</strong></span> <span class='ocrx_word' id='word_1_824' title='bbox 1035 5801 1131 5854; x_wconf 80' lang='grc' dir='ltr'>τοῦ</span> <span class='ocrx_word' id='word_1_825' title='bbox 1170 5805 1378 5854; x_wconf 60' lang='grc' dir='ltr'>τοιοῦτο</span> 
     </span>
    </p>
   </div>
   <div class='ocr_carea' id='block_1_103' title="bbox 512 5799 1427 5863">
    <p class='ocr_par' dir='ltr' id='par_1_103' title="bbox 512 5799 1427 5863">
     <span class='ocr_line' id='line_1_106' title="bbox 512 5799 1427 5863; baseline 0.001 -7"><span class='ocrx_word' id='word_1_826' title='bbox 512 5799 603 5863; x_wconf 80' lang='grc'><strong>86)</strong></span> <span class='ocrx_word' id='word_1_827' title='bbox 648 5799 875 5852; x_wconf 71' lang='grc' dir='ltr'>Τοιοίντ(</span> <span class='ocrx_word' id='word_1_828' title='bbox 889 5819 936 5863; x_wconf 84' lang='grc' dir='ltr'><strong>ς.</strong></span> <span class='ocrx_word' id='word_1_829' title='bbox 963 5808 1006 5854; x_wconf 84' lang='grc' dir='ltr'><strong>Α</strong></span> <span class='ocrx_word' id='word_1_830' title='bbox 1035 5799 1131 5854; x_wconf 80' lang='grc' dir='ltr'>τοῦ</span> <span class='ocrx_word' id='word_1_831' title='bbox 1170 5805 1427 5858; x_wconf 68' lang='grc' dir='ltr'>τοιούτου.</span> 
     </span>
    </p>
   </div>
   <div class='ocr_carea' id='block_1_104' title="bbox 2104 4713 3695 4787">
    <p class='ocr_par' dir='ltr' id='par_1_104' title="bbox 2104 4713 3695 4787">
     <span class='ocr_line' id='line_1_107' title="bbox 2104 4713 3695 4787; baseline -0.001 -21"><span class='ocrx_word' id='word_1_832' title='bbox 2104 4714 2260 4767; x_wconf 88' lang='grc' dir='ltr'>πίνου</span> <span class='ocrx_word' id='word_1_833' title='bbox 2294 4715 2411 4786; x_wconf 86' lang='grc' dir='ltr'>βίου</span> <span class='ocrx_word' id='word_1_834' title='bbox 2466 4715 2773 4787; x_wconf 81' lang='grc' dir='ltr'>ὲγχὼρησιν</span> <span class='ocrx_word' id='word_1_835' title='bbox 2804 4714 2914 4785; x_wconf 90' lang='lat'><strong>(98)</strong></span> <span class='ocrx_word' id='word_1_836' title='bbox 2945 4713 3404 4785; x_wconf 79' lang='grc' dir='ltr'>ἀποκτηνοῦσθαι,</span> <span class='ocrx_word' id='word_1_837' title='bbox 3436 4713 3695 4766; x_wconf 81' lang='grc' dir='ltr'>κάκεῖθεν</span> 
     </span>
    </p>
   </div>
   <div class='ocr_carea' id='block_1_105' title="bbox 2105 4804 3686 4878">
    <p class='ocr_par' dir='ltr' id='par_1_105' title="bbox 2105 4804 3686 4878">
     <span class='ocr_line' id='line_1_108' title="bbox 2105 4804 3686 4878; baseline -0.001 -20"><span class='ocrx_word' id='word_1_838' title='bbox 2105 4806 2269 4877; x_wconf 78' lang='grc' dir='ltr'>μέχρι</span> <span class='ocrx_word' id='word_1_839' title='bbox 2294 4806 2395 4877; x_wconf 85' lang='grc' dir='ltr'>τῆς</span> <span class='ocrx_word' id='word_1_840' title='bbox 2425 4806 2664 4878; x_wconf 81' lang='grc' dir='ltr'>φυσικῆς</span> <span class='ocrx_word' id='word_1_841' title='bbox 2713 4805 2916 4876; x_wconf 86' lang='grc' dir='ltr'>ταύτης</span> <span class='ocrx_word' id='word_1_842' title='bbox 2964 4806 3057 4860; x_wconf 78' lang='grc' dir='ltr'>καὶ</span> <span class='ocrx_word' id='word_1_843' title='bbox 3090 4804 3417 4876; x_wconf 81' lang='grc' dir='ltr'>ἀναισθήτου</span> <span class='ocrx_word' id='word_1_844' title='bbox 3452 4805 3686 4859; x_wconf 85' lang='grc' dir='ltr'>καταπί-</span> 
     </span>
    </p>
   </div>
   <div class='ocr_carea' id='block_1_106' title="bbox 2174 4964 3247 5035">
    <p class='ocr_par' dir='ltr' id='par_1_106' title="bbox 2174 4964 3247 5035">
     <span class='ocr_line' id='line_1_109' title="bbox 2174 4964 3247 5035; baseline 0.002 -17"><span class='ocrx_word' id='word_1_845' title='bbox 2174 4964 2287 5035; x_wconf 91' lang='grc'>(87)</span> <span class='ocrx_word' id='word_1_846' title='bbox 2339 4964 2716 5021; x_wconf 81' lang='grc' dir='ltr'>Ἀποτίθεται.</span> <span class='ocrx_word' id='word_1_847' title='bbox 2735 4966 2781 5018; x_wconf 85' lang='grc' dir='ltr'><strong>Α</strong></span> <span class='ocrx_word' id='word_1_848' title='bbox 2813 4965 2855 5018; x_wconf 84' lang='grc' dir='ltr'><strong>Β</strong></span> <span class='ocrx_word' id='word_1_849' title='bbox 2881 4965 3247 5020; x_wconf 81' lang='grc' dir='ltr'>ὑποτίθενται.</span> 
     </span>
    </p>
   </div>
   <div class='ocr_carea' id='block_1_107' title="bbox 2175 5036 2660 5105">
    <p class='ocr_par' dir='ltr' id='par_1_107' title="bbox 2175 5036 2660 5105">
     <span class='ocr_line' id='line_1_110' title="bbox 2175 5036 2660 5105; baseline 0.002 -16"><span class='ocrx_word' id='word_1_850' title='bbox 2175 5036 2287 5105; x_wconf 84' lang='grc'>(88)</span> <span class='ocrx_word' id='word_1_851' title='bbox 2322 5037 2461 5089; x_wconf 79' lang='grc' dir='ltr'>τινί.</span> <span class='ocrx_word' id='word_1_852' title='bbox 2498 5036 2539 5087; x_wconf 81' lang='lat' dir='ltr'><strong>u</strong></span> <span class='ocrx_word' id='word_1_853' title='bbox 2570 5038 2660 5105; x_wconf 81' lang='grc' dir='ltr'>τῇ.</span> 
     </span>
    </p>
   </div>
   <div class='ocr_carea' id='block_1_108' title="bbox 2176 5105 3000 5178">
    <p class='ocr_par' dir='ltr' id='par_1_108' title="bbox 2176 5105 3000 5178">
     <span class='ocr_line' id='line_1_111' title="bbox 2176 5105 3000 5178; baseline 0.001 0"><span class='ocrx_word' id='word_1_854' title='bbox 2176 5105 2288 5178; x_wconf 75' lang='lat'>(89)</span> <span class='ocrx_word' id='word_1_855' title='bbox 2315 5105 2472 5178; x_wconf 67' lang='grc' dir='ltr'><strong>Πρές</strong></span> <span class='ocrx_word' id='word_1_856' title='bbox 2496 5105 2629 5174; x_wconf 80' lang='grc' dir='ltr'>τήν·</span> <span class='ocrx_word' id='word_1_857' title='bbox 2670 5106 2710 5158; x_wconf 76' lang='grc' dir='ltr'><strong>Β</strong></span> <span class='ocrx_word' id='word_1_858' title='bbox 2735 5106 2841 5178; x_wconf 70' lang='grc' dir='ltr'><strong>πρὸ</strong></span> <span class='ocrx_word' id='word_1_859' title='bbox 2880 5106 3000 5177; x_wconf 80' lang='grc' dir='ltr'>τῆς·</span> 
     </span>
    </p>
   </div>
   <div class='ocr_carea' id='block_1_109' title="bbox 2175 5111 3693 5246">
    <p class='ocr_par' dir='ltr' id='par_1_109' title="bbox 2175 5111 3693 5246">
     <span class='ocr_line' id='line_1_112' title="bbox 2176 5111 3000 5178; baseline 0.002 -20"><span class='ocrx_word' id='word_1_860' title='bbox 2176 5111 2267 5173; x_wconf 89' lang='grc'><strong>(89</strong></span> <span class='ocrx_word' id='word_1_861' title='bbox 2315 5111 2472 5174; x_wconf 71' lang='grc' dir='ltr'><strong>Πρύς</strong></span> <span class='ocrx_word' id='word_1_862' title='bbox 2496 5111 2629 5174; x_wconf 81' lang='grc' dir='ltr'>τήν.</span> <span class='ocrx_word' id='word_1_863' title='bbox 2671 5111 2710 5158; x_wconf 78' lang='grc' dir='ltr'><strong>Β</strong></span> <span class='ocrx_word' id='word_1_864' title='bbox 2735 5111 2841 5178; x_wconf 82' lang='grc' dir='ltr'>πρὸ</span> <span class='ocrx_word' id='word_1_865' title='bbox 2880 5111 3000 5177; x_wconf 84' lang='grc' dir='ltr'>τῆς.</span> 
     </span>
     <span class='ocr_line' id='line_1_113' title="bbox 2175 5111 3693 5246; baseline 0 -15"><span class='ocrx_word' id='word_1_866' title='bbox 2175 5111 2289 5246; x_wconf 74' lang='lat'>(90)</span> <span class='ocrx_word' id='word_1_867' title='bbox 2336 5176 2440 5229; x_wconf 79' lang='grc' dir='ltr'><strong>Ἐν</strong></span> <span class='ocrx_word' id='word_1_868' title='bbox 2466 5177 2692 5246; x_wconf 81' lang='grc' dir='ltr'>σώματι</span> <span class='ocrx_word' id='word_1_869' title='bbox 2735 5176 2907 5244; x_wconf 77' lang='grc' dir='ltr'>ζωήν.</span> <span class='ocrx_word' id='word_1_870' title='bbox 2943 5178 2988 5230; x_wconf 79' lang='grc' dir='ltr'>Α</span> <span class='ocrx_word' id='word_1_871' title='bbox 3015 5178 3076 5230; x_wconf 86' lang='lat' dir='ltr'><strong>tv</strong></span> <span class='ocrx_word' id='word_1_872' title='bbox 3120 5174 3336 5246; x_wconf 85' lang='grc' dir='ltr'>σώμασι</span> <span class='ocrx_word' id='word_1_873' title='bbox 3362 5176 3528 5244; x_wconf 68' lang='grc' dir='ltr'>ζωῆς,</span> <span class='ocrx_word' id='word_1_874' title='bbox 3564 5177 3604 5227; x_wconf 77' lang='grc' dir='ltr'>Β</span> <span class='ocrx_word' id='word_1_875' title='bbox 3636 5178 3693 5231; x_wconf 85' lang='grc' dir='ltr'>ἐν</span> 
     </span>
    </p>
   </div>
   <div class='ocr_carea' id='block_1_110' title="bbox 2108 5244 2515 5316">
    <p class='ocr_par' dir='ltr' id='par_1_110' title="bbox 2108 5244 2515 5316">
     <span class='ocr_line' id='line_1_114' title="bbox 2108 5244 2515 5316; baseline 0 -18"><span class='ocrx_word' id='word_1_876' title='bbox 2108 5244 2322 5315; x_wconf 77' lang='grc' dir='ltr'>σώματι</span> <span class='ocrx_word' id='word_1_877' title='bbox 2349 5245 2515 5316; x_wconf 78' lang='grc' dir='ltr'>ζωῆς.</span> 
     </span>
    </p>
   </div>
   <div class='ocr_carea' id='block_1_111' title="bbox 2177 5314 3546 5387">
    <p class='ocr_par' dir='ltr' id='par_1_111' title="bbox 2177 5314 3546 5387">
     <span class='ocr_line' id='line_1_115' title="bbox 2177 5314 3546 5387; baseline -0.001 -18"><span class='ocrx_word' id='word_1_878' title='bbox 2177 5314 2687 5387; x_wconf 61' lang='grc' dir='ltr'>(91)Βιοτεύοντα.</span> <span class='ocrx_word' id='word_1_879' title='bbox 2724 5318 2764 5369; x_wconf 87' lang='grc' dir='ltr'>Α</span> <span class='ocrx_word' id='word_1_880' title='bbox 2796 5316 3117 5387; x_wconf 15' lang='grc' dir='ltr'>ἰιιίηιθνςίηο</span> <span class='ocrx_word' id='word_1_881' title='bbox 3138 5314 3546 5387; x_wconf 65' lang='grc' dir='ltr'>ἑμϐιοτεύοντα.</span> 
     </span>
    </p>
   </div>
   <div class='ocr_carea' id='block_1_112' title="bbox 2178 5385 2919 5455">
    <p class='ocr_par' dir='ltr' id='par_1_112' title="bbox 2178 5385 2919 5455">
     <span class='ocr_line' id='line_1_116' title="bbox 2178 5385 2919 5455; baseline 0.001 -16"><span class='ocrx_word' id='word_1_882' title='bbox 2178 5385 2291 5455; x_wconf 73' lang='grc'>(92)</span> <span class='ocrx_word' id='word_1_883' title='bbox 2338 5386 2620 5443; x_wconf 73' lang='grc' dir='ltr'>Ἐαυτῶν.</span> <span class='ocrx_word' id='word_1_884' title='bbox 2647 5389 2691 5439; x_wconf 80' lang='grc' dir='ltr'><strong>Α</strong></span> <span class='ocrx_word' id='word_1_885' title='bbox 2722 5386 2919 5440; x_wconf 75' lang='grc' dir='ltr'>αὐτῶν.</span> 
     </span>
    </p>
   </div>
   <div class='ocr_carea' id='block_1_113' title="bbox 2179 5456 3692 5526">
    <p class='ocr_par' dir='ltr' id='par_1_113' title="bbox 2179 5456 3692 5526">
     <span class='ocr_line' id='line_1_117' title="bbox 2179 5456 3692 5526; baseline -0.001 -15"><span class='ocrx_word' id='word_1_886' title='bbox 2179 5456 2294 5525; x_wconf 76' lang='grc'>(95)</span> <span class='ocrx_word' id='word_1_887' title='bbox 2324 5456 2949 5524; x_wconf 76' lang='grc' dir='ltr'>Συμπεριπολοῦντος.</span> <span class='ocrx_word' id='word_1_888' title='bbox 2978 5458 3023 5509; x_wconf 81' lang='grc' dir='ltr'><strong>Α</strong></span> <span class='ocrx_word' id='word_1_889' title='bbox 3057 5456 3099 5507; x_wconf 88' lang='grc' dir='ltr'>Β</span> <span class='ocrx_word' id='word_1_890' title='bbox 3140 5456 3692 5526; x_wconf 78' lang='grc' dir='ltr'>συμπεριπολΟὖνται.</span> 
     </span>
    </p>
   </div>
   <div class='ocr_carea' id='block_1_114' title="bbox 2179 5527 3406 5599">
    <p class='ocr_par' dir='ltr' id='par_1_114' title="bbox 2179 5527 3406 5599">
     <span class='ocr_line' id='line_1_118' title="bbox 2179 5527 3406 5599; baseline -0.001 -19"><span class='ocrx_word' id='word_1_891' title='bbox 2179 5527 2294 5599; x_wconf 70' lang='grc'>(94)</span> <span class='ocrx_word' id='word_1_892' title='bbox 2322 5528 2829 5599; x_wconf 59' lang='grc' dir='ltr'>Πτεροῤῥορύσιις.</span> <span class='ocrx_word' id='word_1_893' title='bbox 2870 5527 2912 5579; x_wconf 86' lang='grc' dir='ltr'><strong>Β</strong></span> <span class='ocrx_word' id='word_1_894' title='bbox 2941 5527 3406 5599; x_wconf 76' lang='grc' dir='ltr'>πτερορῤυούσας.</span> 
     </span>
    </p>
   </div>
   <div class='ocr_carea' id='block_1_115' title="bbox 2181 5595 2944 5669">
    <p class='ocr_par' dir='ltr' id='par_1_115' title="bbox 2181 5595 2944 5669">
     <span class='ocr_line' id='line_1_119' title="bbox 2181 5595 2944 5669; baseline 0 -18"><span class='ocrx_word' id='word_1_895' title='bbox 2181 5598 2295 5669; x_wconf 76' lang='grc'>(95)</span> <span class='ocrx_word' id='word_1_896' title='bbox 2330 5595 2580 5669; x_wconf 65' lang='grc' dir='ltr'>Σώματι.</span> <span class='ocrx_word' id='word_1_897' title='bbox 2612 5597 2674 5651; x_wconf 88' lang='grc' dir='ltr'><strong>Β,</strong></span> <span class='ocrx_word' id='word_1_898' title='bbox 2708 5596 2944 5669; x_wconf 71' lang='grc' dir='ltr'>σιῦμασι.</span> 
     </span>
    </p>
   </div>
   <div class='ocr_carea' id='block_1_116' title="bbox 2181 5667 3195 5736">
    <p class='ocr_par' dir='ltr' id='par_1_116' title="bbox 2181 5667 3195 5736">
     <span class='ocr_line' id='line_1_120' title="bbox 2181 5667 3195 5736; baseline 0 -15"><span class='ocrx_word' id='word_1_899' title='bbox 2181 5667 2293 5734; x_wconf 86' lang='grc'>(96)</span> <span class='ocrx_word' id='word_1_900' title='bbox 2340 5668 2394 5719; x_wconf 85' lang='grc' dir='ltr'><strong>Ἀ</strong></span> <span class='ocrx_word' id='word_1_901' title='bbox 2403 5667 2714 5736; x_wconf 81' lang='grc' dir='ltr'>νθρώποις.</span> <span class='ocrx_word' id='word_1_902' title='bbox 2742 5667 2909 5720; x_wconf 81' lang='grc' dir='ltr'>Βάνο</span> <span class='ocrx_word' id='word_1_903' title='bbox 2920 5668 3195 5736; x_wconf 80' lang='grc' dir='ltr'>ρωπίνοις.</span> 
     </span>
    </p>
   </div>
   <div class='ocr_carea' id='block_1_117' title="bbox 2181 5735 3694 5808">
    <p class='ocr_par' dir='ltr' id='par_1_117' title="bbox 2181 5735 3694 5808">
     <span class='ocr_line' id='line_1_121' title="bbox 2181 5735 3694 5808; baseline -0.003 -16"><span class='ocrx_word' id='word_1_904' title='bbox 2181 5737 2293 5808; x_wconf 87' lang='lat'>(97)</span> <span class='ocrx_word' id='word_1_905' title='bbox 2327 5735 2495 5791; x_wconf 83' lang='grc' dir='ltr'>Μετὰ</span> <span class='ocrx_word' id='word_1_906' title='bbox 2517 5738 2701 5792; x_wconf 85' lang='grc' dir='ltr'><strong>τοῦ.Α</strong></span> <span class='ocrx_word' id='word_1_907' title='bbox 2725 5740 2862 5808; x_wconf 83' lang='grc' dir='ltr'>μετὰ</span> <span class='ocrx_word' id='word_1_908' title='bbox 2888 5735 2985 5807; x_wconf 76' lang='grc' dir='ltr'>τὴν</span> <span class='ocrx_word' id='word_1_909' title='bbox 3012 5740 3075 5791; x_wconf 78' lang='grc' dir='ltr'>ἐκ</span> <span class='ocrx_word' id='word_1_910' title='bbox 3100 5738 3215 5794; x_wconf 82' lang='grc' dir='ltr'>τοῦ.</span> <span class='ocrx_word' id='word_1_911' title='bbox 3233 5739 3274 5790; x_wconf 87' lang='grc' dir='ltr'>Β</span> <span class='ocrx_word' id='word_1_912' title='bbox 3297 5736 3432 5808; x_wconf 70' lang='grc' dir='ltr'>μετὰ</span> <span class='ocrx_word' id='word_1_913' title='bbox 3457 5735 3554 5807; x_wconf 80' lang='grc' dir='ltr'><strong>τήν</strong></span> <span class='ocrx_word' id='word_1_914' title='bbox 3574 5735 3694 5792; x_wconf 70' lang='grc' dir='ltr'>τοῦ.</span> 
     </span>
    </p>
   </div>
   <div class='ocr_carea' id='block_1_118' title="bbox 2179 5807 3227 5879">
    <p class='ocr_par' dir='ltr' id='par_1_118' title="bbox 2179 5807 3227 5879">
     <span class='ocr_line' id='line_1_122' title="bbox 2179 5807 3227 5879; baseline -0.003 -16"><span class='ocrx_word' id='word_1_915' title='bbox 2179 5807 2293 5879; x_wconf 89' lang='grc'>(98)</span> <span class='ocrx_word' id='word_1_916' title='bbox 2336 5807 2793 5879; x_wconf 64' lang='grc' dir='ltr'>ΈγχώρησινζΑ</span> <span class='ocrx_word' id='word_1_917' title='bbox 2824 5810 2863 5861; x_wconf 87' lang='grc' dir='ltr'><strong>Β</strong></span> <span class='ocrx_word' id='word_1_918' title='bbox 2898 5808 3227 5879; x_wconf 70' lang='grc' dir='ltr'>ἐκχώρησιν.</span> 
     </span>
    </p>
   </div>
  </div>
