3992 6434
238 399 339 454 HS

1364 400 1452 456 DE
1490 403 1709 460 ΑΝΙΜΛ
1745 403 1836 461 ET
1878 404 2487 467 RESURRECTIONE,

3408 422 3514 478 1M

238 486 387 569 πτειν
427 511 607 585 ζωῆς,
655 513 830 607 mea
853 518 934 607 (τῇ
960 515 1119 585 φύσει
1157 516 1353 572 λεπτὸν
1389 520 1484 574 καὶ
1515 521 1820 594 εὐκίνητον,

1927 532 2194 595 vagentur
2222 533 2387 597 atque
2415 526 2694 596 aberrent,
2720 531 3088 602 propensione
3121 548 3253 591 vero
3276 537 3511 607 quadam

238 606 368 674 ὅπερ
415 604 575 658 ἐστὶν
638 607 677 677 ἡ
733 606 898 679 ψυχὴ,
951 606 1165 677 πρῶτον
1206 608 1306 680 μὲν
1346 610 1608 683 ἐμϐριθές
1639 631 1700 668 τε
1729 616 1827 670 καὶ

239 697 555 770 κατωφερὲς
609 698 860 766 γίνεσθαι
916 701 1034 763 τοῖς
1088 699 1445 773 ἀνθρωπίνοις
1489 704 1706 776 σώμασι
1738 707 1831 762 διὰ

239 791 431 852 κακίας
475 790 946 862 είσοικιζόμενον·
977 787 1098 844 εἶτα
1141 793 1241 863 τῆς
1282 792 1506 865 λογικῆς
1545 795 1829 868 δυνάμεως

236 881 680 953 ἀποσϐεσθείσης
718 885 830 947 τοῖς
878 883 1091 953 ἀλόγοις
1134 884 1472 956 ἐμϐιοτεύειν
1498 902 1511 917 ·
1543 887 1750 941 ἐκεῖθεν
1771 888 1827 942 δὲ

234 974 321 1029 καὶ
346 974 449 1044 τῆς
483 973 753 1045 τοιαύτης
781 974 894 1044 (99)
918 974 1027 1028 τῶν
1061 975 1366 1048 αἰσθήσεων
1395 977 1617 1049 χάριτος
1658 980 1826 1048 ἀφαιη

233 1064 503 1137 ρεθείσης,
538 1064 651 1136 τὴν
670 1065 992 1137 ἀναίσθητον
1011 1065 1216 1138 ταύτην
1254 1067 1400 1139 ζωὴν
1429 1067 1525 1140 τὴν
1552 1070 1610 1123 ἐν
1640 1072 1827 1139 φυτοῖς

235 1157 717 1227 μεταλαμϐάνειν·
742 1158 850 1211 ἀπὸ
886 1156 1078 1212 τούτου
1115 1157 1172 1211 δὲ
1219 1158 1381 1212 πάλιν
1401 1159 1487 1214 διὰ
1508 1160 1615 1214 τῶν
1647 1162 1826 1215 αὐτῶν

220 1247 431 1354 ’ἀνιέναι
463 1246 720 1319 βαθμῶν,
749 1248 989 1321 καὶπρὸς
1011 1249 1262 1319 οὐράνιον
1290 1250 1366 1322 (1)
1385 1251 1562 1322 χῶρον
1584 1252 1832 1308 amne-

236 1341 503 1396 ίστασθαι.

1920 612 1990 667 ad
2012 613 2200 668 vitium
2228 625 2393 686 atque
2408 618 2733 688 nequitiam,
2749 621 2908 690 quasi
2931 620 3301 680 deﬂuentibus
3320 620 3514 695 pennis

1922 707 2133 764 animas
2156 710 2307 764 intra
2332 725 2564 782 corpora
2588 712 2783 784 redigi,
2813 715 3053 784 primum
3075 717 3296 787 quidem
3324 718 3516 773 huma-

1923 814 2016 865 na,
2048 802 2246 858 deinde
2268 805 2457 860 eodem
2487 806 2651 864 modo
2674 817 2895 878 propter
2927 810 3391 867 consuetudinem
3427 828 3518 867 ra-

1926 890 2074 947 tione
2095 897 2399 951 carentium
2422 898 2718 955 aﬂectuum
2755 916 2820 956 ac
2843 901 3336 971 perturbationum,
3362 912 3515 974 post-

1923 998 2088 1054 quam
2116 1000 2147 1041 e
2176 987 2288 1041 vita
2320 987 2560 1044 humana
2592 993 2959 1059 excesserint,
3020 994 3073 1048 in
3131 1009 3326 1064 pecora
3351 994 3515 1065 dege-

1922 1086 2139 1139 nerare,
2162 1082 2328 1146 atque
2353 1077 2480 1134 inde
2508 1096 2684 1151 usque
2710 1082 2778 1136 ad
2810 1083 2954 1137 hanc
2980 1084 3289 1153 plantarum
3317 1100 3512 1141 sensu-

1923 1177 2030 1233 que
2055 1175 2332 1222 carentem
2361 1170 2525 1224 vitam
2560 1172 2762 1239 delabi,
2819 1174 2954 1229 adeo
3000 1182 3060 1229 ut
3110 1186 3308 1230 natura
3353 1185 3516 1232 tenue

1922 1267 2086 1328 atque
2109 1261 2270 1332 agile.
2301 1262 2447 1317 sicut
2482 1264 2664 1319 anima
2688 1274 2795 1330 est,
2830 1267 3068 1335 primum
3105 1268 3328 1337 quidem
3375 1283 3512 1339 pon-

1922 1347 2178 1405 derosum
2208 1366 2272 1407 ac
2299 1352 2560 1410 deorsum
2608 1371 2839 1427 vergens
2883 1356 3149 1413 eiliciatur
3203 1361 3259 1413 in
3284 1372 3514 1429 corpora

234 1432 466 1487 humana
512 1443 745 1507 propter
785 1435 980 1491 vitium
1034 1447 1197 1509 atque
1245 1439 1551 1509 nequitiam
1598 1439 1920 1510 immigrans
1972 1462 1985 1498 :
2025 1444 2224 1501 deinde
2259 1449 2476 1504 ratione
2530 1450 2757 1519 praedita
2785 1451 2836 1505 vi
2876 1452 3175 1519 exstincta,
3211 1454 3266 1508 in
3303 1454 3517 1509 ratione

236 1525 553 1582 carentibus
604 1527 770 1581 vitam
825 1528 1064 1600 degere;
1138 1531 1290 1586 illinc
1340 1548 1472 1587 vero
1518 1548 1780 1589 sensuum
1840 1550 2058 1607 quoque
2103 1538 2249 1595 dono
2306 1541 2564 1612 adempto
2611 1543 2753 1598 hanc
2796 1545 3108 1614 plantarum
3159 1547 3342 1611 vitam,
3396 1562 3518 1618 qure

236 1633 425 1675 sensus
465 1636 675 1690 expers
727 1630 835 1688 cst,
885 1622 1121 1678 invicem
1161 1624 1467 1696 suscipere,
1522 1641 1586 1681 ac
1637 1635 1828 1698 postea
1888 1644 2084 1686 rursus
2121 1646 2218 1701 per
2246 1632 2469 1689 eosdem
2505 1634 2710 1705 gradus
2740 1636 3062 1702 ascendere,
3098 1647 3154 1692 et
3199 1638 3413 1695 restitui
3461 1639 3516 1693 in

236 1717 408 1771 locum
436 1716 750 1772 caelestem.

300 1805 373 1858 Τὸ
429 1804 507 1858 δὲ’
533 1805 780 1860 τοιοῦτον
823 1806 1000 1878 δόγμα
1039 1812 1152 1873 τοῖς
1208 1812 1302 1864 καὶ
1350 1812 1586 1883 μετρίως
1628 1813 1825 1885 κρίνεικ.

2009 1815 2190 1889 Atque
2226 1819 2501 1889 ejusmodi
2548 1822 2802 1879 doctrina
2832 1825 2902 1880 ab
2944 1817 3126 1897 iis’qui
3177 1827 3262 1882 vel
3305 1796 3516 1882 inedio-

238 1896 677 1967 ἐπεσκεμμένοις
700 1896 925 1952 αὐτόθεν
946 1898 1248 1969 ἐλέγχεται,
1285 1902 1556 1971 μηδεμίαν
1584 1902 1730 1972 ἔχειν
1747 1901 1824 1973 (2)

238 1988 526 2052 ὲνοὲαυτοίς
555 1989 659 2061 (2‘)
691 1991 895 2045 στάσιν.
919 1991 981 2044 Εἰ
1006 1991 1114 2063 γὰρ
1144 1992 1251 2045 ἀπὸ
1275 1995 1374 2063 τῆς
1402 1994 1656 2066 οὐρανίας
1678 1994 1825 2065 ζωῆς

238 2079 317 2131 διὰ
353 2079 560 2142 κακίας
602 2079 681 2150 (5)
737 2081 829 2133 ἐπὶ
852 2080 945 2134 τὸν
974 2076 1179 2151 ξυλώδη
1208 2081 1372 2153 βίονή
1405 2082 1552 2155 ψυχὴ
1584 2083 1822 2136 κατασύ-

240 2187 405 2240 ρεται,
436 2171 551 2224 άπὸ
561 2170 754 2225 τούτου
776 2170 831 2225 δὲ
858 2172 1020 2227 πάλιν
1042 2172 1108 2226 δι’
1124 2174 1321 2246 ἀρετῆς
1343 2176 1438 2228 ἐπὶ
1462 2174 1553 2228 τὸν
1572 2176 1823 2247 οὐράνιον

239 2262 545 2334 ἀνατρέχει,
574 2263 888 2336 εὑρίσκεται
911 2267 940 2319 ὁ
964 2264 1120 2335 λόγος
1134 2265 1312 2321 αὐτῶν
1339 2266 1582 2339 ἀπορῶν,
1613 2268 1642 2321 ὅ
1663 2285 1715 2321 τι
1743 2266 1821 2340 (4)

238 2359 631 2428 προτιμότερον
665 2359 830 2412 οίεται
869 2358 971 2431 (5),
1017 2358 1126 2413 εἴτε
1170 2362 1269 2432 τὴν
1300 2362 1536 2434 ξυλίνην,
1585 2361 1695 2416 εἴτε
1724 2361 1822 2434 τὴν

239 2450 490 2521 οὐρανίαν
526 2450 699 2521 ζωήν.
728 2449 941 2514 Κύκλος
967 2452 1076 2523 γάρ
1096 2453 1180 2515 τίς
1218 2453 1334 2506 ἐστι
1374 2453 1461 2506 διὰ
1484 2454 1592 2508 τῶν
1623 2453 1822 2525 ὁμοίων

240 2543 588 2614 περιχωρῶν,
623 2544 709 2596 ἀεὶ
752 2544 851 2615 τῆς
877 2542 1077 2614 ψυχῆς,
1108 2544 1167 2596 ὲν
1192 2537 1344 2616 ᾧπερ
1377 2544 1444 2598 ἂν
1473 2539 1529 2617 ᾗ,
1558 2545 1823 2599 ἀστατού-

241 2649 353 2703 σης.
384 2635 448 2687 Ei
481 2633 601 2704 γὰρ
627 2635 690 2686 ἐκ
717 2634 816 2703 τῆς
845 2635 1135 2704 ἀσωμάτου
1178 2632 1323 2703 ζωῆς
1348 2633 1485 2704 πρὸς
1509 2634 1610 2703 τὴν
1644 2651 1823 2704 σωμα-

238 2727 388 2798 τικὴν
415 2727 722 2780 ἀναπίπτει
747 2725 844 2796 (6),
895 2726 988 2779 καὶ
1042 2726 1107 2780 ὲκ
1143 2725 1347 2797 ταύτης
1381 2724 1517 2796 πρὸς
1547 2725 1647 2796 τὴν
1666 2726 1820 2780 ἀναί-

242 2814 463 2885 σθητον·
517 2814 734 2868 ἐκεῖθεν
780 2813 836 2867 δὲ
877 2814 1037 2868 πάλιν
1101 2813 1240 2886 πρὸς
1288 2813 1389 2885 τὴν
1415 2812 1491 2886 (7)
1529 2813 1821 2885 ἀσώματον

240 2908 547 2979 ἀνατρέχει,
606 2906 757 2959 οὐδὲν
789 2905 976 2977 ἕτερον
1007 2905 1040 2975 ἢ
1069 2905 1382 2976 ἀδιάκριτος
1413 2907 1599 2989 κακῶν
1636 2923 1697 2959 τε
1724 2907 1821 2961 καὶ

242 3000 451 3068 ἀγαθῶν
509 3000 775 3068 σύγχυσις
823 2997 974 3067 παρά
1018 2999 1131 3061 τοῖς
1189 2996 1363 3051 ταῦτα
1403 2998 1821 3069 δογματίζουσιν

243 3093 565 3145 ὑπονοείται.
597 3089 732 3144 Οὐτε
755 3089 864 3161 γὰρ
891 3088 1174 3160 ἡούρανίσ.
1189 3087 1432 3160 διαγωγὴ
1467 3091 1522 3142 ὲν
1544 3088 1622 3159 τῷ
1641 3106 1819 3161 μακα-

1927 1907 2098 1963 criter
2137 1911 2437 1967 exercitato
2486 1913 2697 1982 judicio
2754 1914 2981 1980 fuerint,
3019 1932 3083 1972 ex
3147 1917 3329 1986 seipsa
3359 1916 3519 1972 facile

1925 2000 2373 2070 deprehenditur,
2398 2006 2611 2060 nullum
2648 2007 2703 2061 in
2736 2022 2857 2063 sese
2887 2008 3085 2064 stabile
3119 2008 3518 2064 ﬁrmamentum

1924 2092 2147 2149 habere.
2182 2092 2318 2147 Nam
2351 2095 2399 2150 si
2440 2110 2469 2148 a
2529 2098 2744 2154 caelesti
2799 2099 2910 2154 vita
2965 2107 3188 2170 propter
3240 2100 3430 2154 vitium
3463 2109 3521 2154 ct

1923 2185 2227 2255 nequitiam
2259 2185 2326 2239 ad
2359 2187 2594 2257 ligneam
2654 2190 2825 2245 vitam
2855 2191 3037 2246 anima
3072 2191 3416 2259 detrahitur;
3452 2193 3521 2247 ab

1923 2293 1986 2334 ea
2034 2293 2166 2335 vero
2229 2294 2427 2337 rursus
2471 2288 2696 2352 propter
2728 2283 2986 2338 virtutem
3019 2282 3085 2337 ad
3125 2284 3403 2339 caelestem
3430 2301 3520 2340 re‘

1922 2371 2119 2435 currit,
2156 2372 2433 2442 reperitur
2477 2388 2671 2428 eorum
2716 2376 2898 2430 oratio
2933 2375 3189 2431 dubitare
3209 2377 3339 2446 quid
3379 2392 3518 2447 pree-

1921 2464 2197 2528 stahilius,
2232 2465 2515 2537 magisque
2558 2465 2953 2537 praeferendum
3005 2476 3179 2538 putet,
3210 2468 3529 2539 ligneam-ie

1920 2569 1988 2608 an
2013 2556 2293 2612 caelestem
2322 2557 2511 2612 vitam.
2543 2556 2823 2615 Circuitus
2892 2559 3040 2614 enim
3092 2568 3147 2614 et
3174 2560 3335 2631 quasi
3368 2561 3520 2615 orbis

1919 2646 2140 2717 quidam
2158 2655 2263 2714 est,
2279 2649 2372 2717 qui
2397 2664 2495 2718 per
2519 2649 2719 2705 similia
2744 2650 3024 2722 peragitur
3038 2660 3203 2720 atque
3232 2650 3518 2706 coniicitur

1920 2738 2099 2792 anima
2116 2754 2351 2808 semper,
2372 2740 2687 2811 ubicunque
2710 2741 2897 2804 fuerit,
2918 2741 3127 2795 nullum
3164 2741 3378 2795 firmum
3400 2755 3522 2796 cer-

1919 2835 2143 2898 tumque
2169 2828 2507 2884 consistendi
2532 2828 2712 2882 locum
2742 2828 2999 2883 habente.
3018 2826 3153 2882 Nam
3178 2828 3222 2884 si
3244 2843 3308 2884 ex
3334 2829 3520 2885 incor‘

1917 2933 2082 2988 porca
2099 2919 2207 2974 vita
2224 2919 2292 2974 ad
2306 2934 2624 2989 corpoream
2638 2919 2985 2984 delabitur,et
2999 2935 3064 2975 ex
3080 2920 3170 2973 illa
3189 2920 3254 2975 ad
3269 2935 3386 2976 eam
3402 2934 3523 2992 quae

1917 3025 2080 3066 sensu
2107 3019 2286 3079 caret;
2307 3011 2710 3081 itemqueillinc
2734 3026 2927 3066 rursus
2943 3009 3009 3064 ad
3035 3012 3413 3081 incorpoream
3436 3026 3523 3068 re-

1917 3101 2108 3167 currit,
2129 3102 2267 3156 nihil
2283 3100 2431 3156 aliud
2451 3102 2554 3156 nisi
2574 3101 2893 3158 indistincta
2913 3111 3076 3171 atque
3092 3102 3387 3158 indiscreta
3404 3109 3519 3157 tum

248 3184 423 3255 ρισμῷ
464 3183 734 3254 διαμένει,
780 3182 938 3252 εἴπερ
993 3181 1162 3235 κακία
1198 3180 1306 3233 τῶν
1349 3183 1467 3234 ὲ,κεί
1497 3180 1715 3245 ζώντων
1742 3182 1819 3254 (8)

1927 3193 2193 3248 malorum
2226 3204 2337 3247 tum
2370 3193 2638 3248 bonorum
2665 3191 2919 3248 confusio
2949 3192 3017 3246 ab
3040 3191 3238 3262 iis,qui
3265 3191 3379 3247 haec
3407 3198 3522 3246 tra-

245 3278 583 3332 καῦἀπτεται
626 3276 701 3347 (9)
731 3293 746 3308 ·
814 3274 938 3327 οὔτε
970 3274 1039 3328 τὰ
1070 3273 1201 3339 ξύλα
1230 3276 1329 3344 τῆς
1363 3274 1564 3345 ἀρετῆς
1586 3275 1821 3346 ἀμοιρή.

247 3387 320 3423 σει
349 3371 485 3442 (10),
538 3368 699 3437 εἴπερ
751 3365 998 3422 ἐντεῦθεν
1061 3365 1159 3437 μὲν
1188 3366 1278 3419 ἐπὶ
1320 3365 1380 3420 τὸ
1404 3366 1606 3435 ἀγαθὸν
1634 3366 1823 3421 παλιν-

245 3462 454 3533 δρομεῖν
482 3461 691 3515 οἴονται
718 3459 820 3531 τὴν
858 3458 1058 3530 ψυχὴν,
1096 3457 1305 3512 ἐκεῖθεν
1336 3458 1394 3511 δὲ
1428 3457 1521 3511 τοῦ
1553 3457 1697 3515 κατά
1722 3476 1822 3513 κα-

246 3553 361 3607 κίαν
412 3550 752 3623 ἀνάρχεσθαι
798 3550 932 3620 (11).
960 3549 1025 3603 Εί
1052 3549 1158 3622 γὰρ
1193 3551 1252 3603 ὲν
1290 3547 1370 3619 τῷ
1405 3548 1621 3620 οὐρανῷ
1649 3548 1763 3621 (12)
1787 3551 1821 3620 ὴ

245 3642 381 3713 ψυχὴ
416 3638 906 3714 συμπεριπολοῢσα
944 3643 1010 3710 τῇ
1059 3639 1229 3711 κακίᾳ
1280 3639 1677 3711 συμπλέκεται,
1730 3642 1825 3694 καὶ¹

246 3733 328 3787 διὰ
361 3736 578 3803 ταύτης
617 3733 709 3787 ἐπὶ
741 3732 832 3809 τὸν
871 3731 1045 3803 ὑλώδη
1092 3732 1520 3787 καθελκυσθείσα
1560 3732 1695 3803 βίον,
1727 3734 1823 3788 ἀν·-

247 3826 459 3880 ωοείται
517 3824 684 3878 πάλιν
712 3823 960 3879 ἐντεῦθεν
988 3825 1081 3877 ἐπὶ
1133 3824 1231 3897 τὴν
1264 3825 1322 3879 ὲν
1346 3824 1470 3893 seu
1507 3824 1782 3897 διαγωγήν
1810 3841 1823 3858 ·

250 3916 348 3988 ἄρα
372 3918 431 3971 τὺ
466 3916 706 3989 ἔμπαλιν
728 3915 857 3987 παρ’
880 3915 1105 3970 ἐκείνων
1124 3914 1614 3980 κατασκευάζεται,
1642 3915 1704 3968 τδ
1726 3916 1825 3987 τὴν

254 4010 345 4080 μὲν
376 4009 576 4081 ὑλικὴν
624 4007 766 4079 ζωὴν
805 4008 1004 4071 κακίας
1047 4001 1187 4061 εἶναι
1221 4007 1490 4078 κάθαρσιν
1534 4007 1685 4079 (15),
1727 4007 1826 4080 τὴν

251 4102 547 4173 δὲ-ἀπλανῆ
571 4099 872 4172 περιφορὰν
901 4099 1087 4153 κακῶν
1116 4099 1357 4171 ἀρχηγὸν
1384 4103 1478 4153 καὶ
1496 4101 1675 4154 αἰτίαν
1704 4103 1827 4165 ταῖς

250 4194 441 4265 ψυχαῖς
465 4191 738 4262 γίνεσθαι,
764 4190 924 4262 εἰπερ
952 4189 1204 4245 ἐντεῦθεν
1234 4190 1346 4261 (14)
1369 4190 1434 4244 δι’
1461 4190 1663 4262 ἀρετῆς
1694 4208 1829 4245 πτε-

254 4286 592 4356 ροφυήσασαι
624 4280 1125 4354 μετεωροποροῦσιν
1175 4280 1311 4351 (15),
1360 4280 1570 4335 ἐκεῖθεν
1608 4280 1719 4353 (16)
1771 4265 1829 4334 δὲ

252 4376 331 4430 διὰ
371 4377 573 4439 κακίας
617 4374 728 4428 τῶν
765 4374 981 4445 πτερῶν
1031 4372 1404 4427 ἐκπιπτόντων
1468 4373 1830 4443 χαμαιπετεῖς

1927 3284 2085 3349 dunt,
2117 3285 2341 3354 tingitur
2380 3292 2435 3339 et
2465 3284 2833 3340 existimatur.
2883 3282 3073 3354 Neque
3096 3284 3240 3339 enim
3275 3272 3521 3341 caelestis

1926 3376 2035 3430 vita
2078 3378 2133 3431 in
2167 3375 2511 3432 beatitudine
2540 3375 2901 3446 permanebit,
2946 3375 3217 3446 siquidem
3246 3375 3542 3432 vitiositas

1926 3466 2038 3520 illic
2065 3466 2309 3521 viventes
2343 3466 2553 3521 invadit
2588 3484 2603 3521 :
2636 3480 2816 3536 neque
2846 3465 2992 3534 ligna
3050 3478 3115 3520 ac
3154 3464 3377 3533 stipites
3408 3465 3522 3519 vir-

1926 3557 2061 3612 tutis
2084 3563 2337 3626 expertes
2356 3563 2544 3630 _erunt,
2567 3555 2835 3624 siquidem
2861 3554 2991 3608 hinc
3013 3554 3079 3608 ad
3110 3553 3313 3609 bonum
3338 3568 3526 3609 recur-

1927 3662 2069 3712 rere,
2111 3647 2262 3702 illinc
2307 3660 2439 3702 vero
2467 3646 2677 3701 vitiosae
2732 3645 2855 3699 vitae
2884 3644 3100 3697 initium
3144 3643 3527 3723 sumerehani-

1926 3753 2069 3793 mam
2087 3746 2300 3809 putant.
2323 3736 2457 3792 Nam
2481 3737 2528 3792 si
2555 3736 2886 3809 anima,quae
2903 3749 3014 3789 una
3035 3749 3161 3789 cum
3178 3734 3318 3790 coelo
3332 3749 3525 3788 versa-

1928 3838 2017 3884 tur
2043 3843 2170 3883 cum
2202 3828 2336 3884 vitio
2362 3838 2526 3898 atque
2554 3826 2797 3897 nequitia
2814 3825 3184 3892 conﬂictatur,
3215 3838 3280 3879 ac
3304 3834 3528 3895 propter

1926 3919 2279 3976 vitiositatem
2293 3919 2359 3976 ad
2376 3919 2709 3974 materialem
2724 3932 2790 3974 ac
2801 3917 3107 3974 silvestrem
3125 3917 3291 3970 vitam
3304 3916 3526 3972 detrusa

1929 4026 2122 4067 rursus
2136 4010 2266 4066 hinc
2281 4009 2624 4073 subvehitur,
2639 4016 2700 4063 ut
2718 4009 2886 4063 vitam
2908 4006 3068 4079 degat
3085 4007 3139 4061 in
3159 4006 3379 4062 sublimi
3399 4022 3412 4058 :
3433 4019 3523 4061 res

1928 4103 2423 4158 nimiruminversa
2456 4102 2525 4156 ab
2558 4101 2671 4156 illis
2694 4100 2963 4156 asseritur
2991 4107 3156 4170 atque
3193 4096 3529 4184 affirmatur;

1929 4210 2126 4266 nempe
2142 4195 2289 4266 quod
2312 4195 2610 4253 materiaiis
2626 4192 2846 4263 quidem
2864 4194 2987 4246 vita.
3000 4190 3315 4246 vitiositatis
3331 4189 3547 4259 expia--

1930 4288 2123 4342 tricem
2157 4288 2268 4342 vim
2300 4286 2579 4342 contineat
2609 4302 2623 4339 :
2661 4283 2943 4340 stellarum
2971 4296 3102 4336 vero
3155 4279 3523 4335 inerrantium

1931 4378 2181 4449 coeloque
2197 4379 2573 4434 inhaerentium
2591 4375 2880 4432 conversio
2899 4382 3062 4445 atque
3089 4373 3378 4440 revolutio,
3410 4387 3527 4427 ma-

253 4468 529 4538 πρὸσγειοι
593 4465 706 4536 (17)
748 4466 1010 4534 γίνονται,
1051 4465 1115 4536 τῇ
1164 4462 1436 4534 παχύτητι
1487 4466 1587 4535 τῆς
1640 4464 1825 4535 ὑλικῆς

1933 4471 2113 4527 lorum
2153 4485 2321 4527 causa
2355 4478 2519 4542 atque
2551 4469 2880 4540 principium
2901 4468 3190 4524 animabus
3204 4466 3427 4528 existat,
3454 4467 3531 4521 si-

253 4558 725 4630 καταμιγνύμεναι
757 4557 989 4626 φύσεως.
1019 4557 1130 4611 Καὶ
1164 4556 1223 4609 οὐ
1249 4555 1410 4627 μέχρι
1448 4555 1653 4609 τούτων
1691 4556 1834 4611 ἵστα-

252 4664 338 4705 ται
369 4652 479 4706 τῶν
506 4650 762 4705 τοιούτων
802 4650 1085 4720 δογμάτων
1115 4650 1148 4720 ἡ
1178 4648 1396 4715 ἀτοπία,
1426 4648 1504 4720 τῷ
1538 4648 1836 4720 ἀντεστρά-

1939 4560 2161 4632 quidem
2223 4561 2354 4616 hinc
2413 4575 2511 4632 per
2543 4561 2798 4615 virtutem
2851 4558 2968 4614 alas
3014 4556 3226 4628 adeptae
3269 4556 3532 4613 sublimes

1944 4651 2151 4708 abeunt
2181 4660 2346 4723 atque
2395 4652 2642 4708 coelestia
2674 4649 3154 4721 contemplantur;
3216 4648 3368 4703 illinc
3396 4662 3528 4702 vero

258 4744 379 4813 φθαι
410 4743 525 4813 (18)
562 4742 696 4814 πρὸς
719 4739 1026 4797 τούναντίον
1050 4739 1149 4804 τάς
1175 4739 1493 4811 ὑπολήψεις.
1544 4739 1681 4794 Ἀλλ’
1716 4739 1825 4796 οὐδὲ

1943 4755 2039 4812 per
2069 4740 2260 4797 vitium
2306 4753 2468 4813 atque
2496 4740 2798 4811 nequitiam
2845 4738 3004 4815 quasi
3034 4738 3136 4797 alis
3169 4737 3407 4802 amissis,
3425 4736 3530 4796 hn-

348 4948 440 5018 99)
469 4948 773 5017 Τοιαύτης.
804 4945 1058 5003 DelentA
1092 4945 1155 5000 B.
1180 4974 1183 4979 -

327 4950 403 5088 (1)
441 5019 753 5088 Οὐράνιον.
777 5018 842 5083 Α,
876 5019 918 5070 Β
942 5016 1031 5088 τὸν
1068 5016 1183 5088 οὑρι

352 5020 403 5091 ί)
423 5012 753 5101 ’ρύράνιοάξο
777 5018 861 5101 Aa
876 5019 918 5070 Β
935 5016 1031 5100 ,τδγ
1068 5014 1336 5101 aspere?-
1367 5012 1650 5101 αρδετξν,
1670 5012 1839 5101 sine:

261 5082 596 5161 νιον’χῶρόν.
636 5088 749 5143 Sub
785 5082 1032 5144 aStcrisci
1087 5082 1245 5155 si'gno
1274 5085 1328 5137 in
1364 5082 1607 5154 margine
1627 5082 1834 5138 codicis

262 5162 302 5207 Δ
358 5162 426 5207 ad
477 5161 684 5207 calcem
740 5157 1036 5207 nrmﬁaitnr
1074 5156 1156 5207 οὑ.
1187 5153 1341 5207 Τάγα
1391 5154 1485 5207 καὶ
1514 5152 1584 5207 τὰ
1612 5152 1834 5207 τοιαῦτα

262 5162 302 5212 Δ
358 5157 433 5215 ad
477 5157 685 5215 calcem
740 5157 1036 5228 praeﬁgitur
1074 5157 1156 5210 οὐ.
1187 5157 1341 5223 Τάχα
1391 5157 1485 5208 καὶ
1514 5157 1584 5207 τὰ
1612 5157 1834 5207 τοιαῦτα

269 5229 552 5317 Parim
567 5231 766 5317 Ws
781 5229 1000 5317 “sive
1020 5225 1370 5317 sarisa“:
1379 5224 1834 5317 Perteéerffjl’:

261 5292 345 5362 ὦς’
366 5292 531 5355 πᾶσιν
560 5292 793 5371 ὑπάρχει
839 5292 1007 5369 σαφὲς
1034 5299 1147 5360 τοῖς
1189 5292 1293 5348 κᾶν
1328 5293 1463 5365 πρὸς
1500 5292 1839 5365 βραχύτατον

264 5370 442 5441 αὐτοῖς
474 5370 795 5441 ἐπισκήψασ
800 5386 867 5423 ιν.

333 5438 410 5510 (ἓ)
445 5438 687 5510 Ἔχεινλ
699 5440 740 5491 Β
772 5439 916 5510 ἕχον.

334 5508 432 5581 (ἓξ)
461 5506 748 5581 Ἐἁυτοῖς.
767 5506 834 5573 Α,
858 5506 1122 5581 Β-ὲαυτῷ.

336 5577 425 5647 (5)
441 5580 684 5645 Κακίας.
713 5580 758 5632 Α
787 5577 1003 5632 κακίαν.

337 5649 414 5717 (4)
445 5650 517 5702 '0
554 5667 631 5704 τι.
668 5650 829 5703 Βὸτι.

334 5719 410 5791 (εξ)
427 5720 659 5791 Οιενται.
683 5720 726 5771 Β
753 5720 1015 5791 οἰήσεται.

341 5783 416 5851 (6)
450 5783 914 5853 Ἀναπίπτει.Ἀ,
943 5789 985 5840 Β
1009 5785 1397 5856 καταφέρεται,
1427 5786 1491 5839 ὲκ
1523 5783 1579 5837 δὲ
1614 5784 1836 5856 ταύτης.

344 5857 419 5928 (7)
447 5859 602 5931 Πρὸς
625 5861 759 5927 τήν.
790 5860 835 5913 Α
854 5857 990 5928 πρὶς
1019 5854 1080 5910 τὸ
1106 5856 1225 5927 τήν.

2039 4944 2093 5013 8)
2128 4944 2292 5000 Ἐκεῖ
2316 4946 2566 5008 ζώντων.
2600 4945 2642 4996 Β
2674 4942 2893 5008 ζώντων
2928 4944 3063 4997 ἐκεῖ.

2042 5015 2098 5083 9)
2131 5016 2521 5071 Καθάπτεται.
2553 5016 2614 5067 Β.
2639 5012 3067 5068 καταθάπτεται.

2167 5086 2523 5161 ἶΑμοιρήσει.
2556 5086 2598 5137 Β
2627 5084 3037 5161 ἀμοιρήσειεν..
3179 5146 3205 5161 Α
3299 5144 3353 5161 Μ
3471 5147 3486 5161 ⁹

2040 5144 2131 5226 11)
2174 5144 2575 5226 Ἀἂάῥχὲσθαα
2716 5144 2775 5208 ἰιί
2814 5144 2985 5226 textuA
3002 5146 3269 5226 ἀρχεσθαι
3298 5144 3438 5218 βίου,
3470 5147 3525 5202 in

1943 5220 2574 5306 margi;ne__&n&p_j(aq0at.
2595 5224 2652 5305 _B
2667 5223 2931 5306 ἀρχεσθαι
3121 5289 3154 5306 Α,
3194 5287 3249 5306 Δ
3278 5305 3288 5306 7
3328 5288 3393 5306 Α

2017 5287 2130 5365 (1'2)
2173 5297 2269 5351 Ἐν
2297 5287 2648 5365 τὶῦὀὺρανῷ.
2671 5287 2718 5347 A'
2741 5287 2804 5349 'i'n
2836 5287 3082 5362 margine
3108 5289 3157 5347 εί
3189 5287 3298 5360 γὰρ
3323 5288 3409 5361 τῷ·
3433 5288 3526 5344 οὐ⁶

2016 4944 2038 5225 l

1949 5379 2138 5503 ραῖίιέρ).
2160 5436 2483 5506 Κάθαρσιν.
2513 5438 2579 5500 Α,
2610 5430 2990 5506 Βκαθάρσιον.

2018 5498 2132 5575 (14)
2173 5498 2505 5563 Ἐντεῦθεν.
2538 5498 2601 5569 Α,
2638 5505 2680 5555 Β
2713 5498 2963 5575 ἐντεῦθεν
2995 5498 3114 5575 μέν.

2044 5568 2133 5646 15)
2158 5568 2741 5646 Μετεωροποροῦσιν.
2774 5568 3313 5646 Μετεωροπολοῦσιν.

2046 5639 2131 5701 16)
2172 5639 2450 5701 Ἐκεῖῠεν.
2475 5639 2520 5698 Ᾱ
2549 5642 2756 5696 ἐκεῖθεν
2778 5639 2857 5694 δέ.

2045 5709 2131 5784 17)
2161 5717 2492 5784 Πρόσγειοι.
2524 5715 2589 5781 Α,
2621 5713 2664 5765 Β
2684 5709 2995 5784 κᾼαὶγπρόσγ.

2045 5720 2131 5785 17)
2161 5720 2492 5784 Πρόσγειοι.
2524 5720 2589 5781 Δ,
2623 5720 2664 5765 Β
2684 5720 2779 5765 καὶ
2799 5720 2995 5781 πρόσγ.

2018 5720 2134 5858 (18)
2173 5784 2257 5851 Τῷ
2281 5786 2561 5854 ἀντεστρι
2585 5785 2649 5838 Δ.
2681 5782 3018 5851 τὸνὰντεστρ.

2113 5578 2133 5785 ξ
