3992 6446
401 385 506 450 “3

1615 396 1673 451 S.
1715 393 2044 450 GREGORII
2083 395 2122 449 Ν
2138 396 2376 453 YSSENI

3585 411 3688 467 H6

401 504 566 562 miles
593 513 645 560 ct
675 505 868 577 abjccti
911 507 1067 577 liunt,
1125 519 1181 567 et
1231 513 1296 567 ad
1341 519 1544 568 terram
1585 511 1827 581 depressi
1868 527 1988 566 cum

2098 515 2236 586 αὑτὴ
2262 516 2375 586 (l9)
2415 518 2587 586 παγία
2629 521 2875 592 διαμένει
2923 524 3086 595 μέχρι
3122 526 3339 580 πάντων
3363 525 3478 596 (20)
3506 525 3689 590 αὐτοῖς

399 599 767 654 crassitudine
789 603 1091 659 materialis
1116 614 1325 660 naturai
1341 605 1788 661 eommiscentur.
1812 605 1992 674 Atque

401 685 665 744 hactenus
719 690 962 746 nondum
996 695 1254 750 consistit
1286 693 1555 766 ejusmodi
1589 695 1986 750 sententiarum

397 785 561 846 atque
593 781 968 840 doctrinarum
988 786 1324 853 absurditas,
1359 795 1416 843 ut
1450 788 1502 842 in
1529 788 1865 842 contrarium
1897 786 1985 842 iu—

395 885 570 928 versze
596 875 710 928 sint
741 877 1049 946 Opiniones.
1090 879 1194 934 Sed
1227 896 1294 936 ne
1324 880 1440 935 lucc
1470 878 1688 948 quidem
1723 885 1987 948 perpetuo

395 972 550 1020 certa
572 967 895 1042 stabilisque
911 973 992 1029 cis
1021 974 1338 1043 imaginatio
1362 973 1654 1044 opinioque
1684 979 1985 1042 permanet.

395 1053 534 1110 Nam
554 1058 602 1113 si
631 1060 1025 1119 immutabilem
1042 1063 1232 1120 dicunt
1256 1065 1535 1120 caelestem
1558 1079 1680 1121 esse
1709 1071 1988 1126 naturam,

397 1161 509 1216 quo
544 1159 705 1218 pacto
761 1153 814 1207 in
862 1155 1182 1212 immutabili
1224 1157 1408 1227 passio
1460 1163 1515 1211 et
1553 1154 1766 1210 allectio
1811 1154 1990 1208 locum

398 1235 602 1293 habet?
636 1241 874 1314 itemque
935 1247 980 1302 si
1021 1246 1316 1304 aﬂ‘ectibus
1343 1256 1399 1304 et
1430 1249 1580 1304 vitiis
1618 1247 1853 1302 obnoxia
1909 1253 1994 1302 est

396 1328 614 1386 inferna
643 1342 861 1406 natura,
893 1353 1002 1410 quo
1072 1348 1234 1410 pacto
1290 1341 1344 1395 in
1378 1355 1444 1395 eo
1496 1341 1642 1411 quod
1700 1337 1986 1394 affectibus

395 1423 692 1484 obnoxium
717 1435 824 1496 est,
851 1431 1168 1500 passionum
1197 1440 1364 1502 atque
1395 1431 1690 1487 affectuum
1740 1431 1987 1485 vacuitas

394 1519 452 1569 et
487 1514 714 1573 abolitio
767 1521 966 1577 conﬁci
1007 1531 1171 1594 atque
1204 1524 1450 1594 expediri
1509 1523 1726 1593 potest?
1783 1519 1983 1577 Verum

394 1608 728 1676 permiscent
781 1627 847 1667 ea
905 1630 1029 1685 quae
1090 1615 1311 1671 misceri
1353 1630 1462 1670 non
1517 1622 1768 1685 possunt,
1821 1620 1988 1684 atque

2099 608 2130 676 ἡ
2155 608 2397 662 ὑπόνοια.
2427 609 2489 663 Εἰ
2517 610 2626 682 γὰρ
2641 613 2910 681 ἄτρεπτον
2935 615 3031 686 τὴν
3053 617 3308 688 οὐράνιον
3336 617 3450 688 (21)
3470 617 3690 685 λέγουσι

2097 695 2259 764 φύσιν
2289 696 2425 767 (22),
2460 698 2576 762 πῶς
2623 699 2809 772 χώραν
2831 702 2944 772 ἔχει
2984 705 3096 775 (25)
3145 707 3206 759 ὲν
3233 705 3314 776 τῷ
3341 707 3602 777 ἀτρέπτῳ
3631 705 3690 760 τδ

2096 783 2304 852 πάθος;
2337 787 2446 841 Καὶ
2487 790 2536 842 εί
2583 792 2835 863 ἐμπαθὴς
2871 793 2984 865 (24)
3015 797 3048 867 ὴ
3079 798 3232 852 κάτω
3268 797 3449 868 φύσις,
3482 798 3601 862 πῶς
3631 801 3689 854 ὲν

2091 877 2171 948 τῷ
2227 879 2458 951 παθητῷ
2514 883 2870 956 κατορθοῦται
2932 890 2966 958 ἡ
3026 889 3304 955 ἀπάθειας
3358 891 3522 945 Ἀλλά
3584 910 3687 961 qau-

2095 968 2251 1040 ροῦσι
2281 971 2394 1042 (25)
2424 972 2494 1026 τὰ
2522 974 2751 1044 ἄμικτα,
2781 979 2876 1033 καὶ
2913 979 3091 1035 ἐνοῦσι
3121 981 3193 1035 τά
3233 981 3598 1054 ἀκοινώνητα,
3629 984 3687 1036 ἐν

2096 1057 2260 1114 πάθει
2297 1060 2360 1114 τὸ
2404 1062 2692 1132 ἄτρεπτον,
2724 1067 2818 1120 καὶ
2873 1069 2932 1122 ἐν
2987 1069 3066 1139 τῷ
3121 1071 3340 1142 στρεπτῷ
3367 1072 3483 1142 (26)
3525 1073 3688 1128 πάλιν

2096 1149 2440 1223 καθορῶντες
2453 1154 2552 1226 τὴν
2569 1156 2856 1211 ἀπάθειαν.
2877 1159 2985 1212 Καὶ
3013 1160 3134 1212 οὐδὲ
3155 1161 3366 1224 τούτοις
3378 1161 3492 1230 (27)
3515 1162 3690 1215 είσαεὶ

2096 1241 2440 1314 διαμένουσιν
2494 1246 2646 1317 (28)·
2707 1247 2824 1300 ἀλλ’
2870 1248 2994 1303 ὅθεν
3018 1251 3117 1322 τὴν
3163 1252 3342 1324 ψυχὴν
3373 1253 3461 1305 διὰ
3486 1254 3688 1317 κακίας

2089 1332 2395 1404 ἀπῴκησαν
2432 1335 2567 1405 (29),
2599 1339 2777 1392 ἐκεῖσε
2811 1341 2973 1394 πάλιν
3004 1343 3175 1414 αὐτὴν
3213 1344 3289 1406 ὡς
3318 1344 3534 1414 ἀσφαλῆ
3568 1341 3686 1414 (50)

2089 1425 2182 1478 καὶ
2228 1426 2508 1496 ἀκήρατον
2548 1427 2692 1500 ζωὴν
2751 1432 2815 1484 ὲκ
2864 1432 2966 1502 τῆς
3024 1432 3217 1506 ὑλικῆς
3269 1431 3684 1497 ἀνοικίζουσιν,

2087 1515 2277 1585 ὥσπερ
2321 1515 2699 1587 ἐπιλαθόμενοι
2737 1520 2799 1573 τὸ
2843 1522 3054 1576 ἐκεῖθεν
3082 1523 3252 1594 αὐτὴν
3285 1525 3316 1593 ἡ
3361 1523 3532 1577 κακία
3565 1522 3685 1592 (51)

2088 1606 2336 1680 βρύσασα
2365 1606 2502 1675 (52),
2529 1609 2596 1678 τῇ
2619 1609 2767 1664 κάτω
2790 1612 3194 1684 καταμιχθῆναι
3218 1612 3404 1683 φύσει.

396 1699 595 1755 llniunt
617 1718 679 1758 ea
702 1706 907 1774 quibus
960 1707 1104 1764 inter
1152 1723 1212 1763 se
1243 1709 1393 1762 nulla
1459 1707 1773 1763 communio
1804 1712 1924 1772 est;
1982 1703 2036 1756 in
2077 1698 2362 1759 affectione
2393 1701 2912 1769 immutabilitatem,
2949 1706 3004 1759 in
3027 1706 3272 1760 mutabili
3312 1721 3509 1761 rursus
3546 1719 3683 1775 pas-

395 1792 620 1847 sionum
653 1805 706 1850 ct
733 1797 1023 1854 affectuum
1059 1800 1410 1855 abolitionem
1439 1809 1492 1854 et
1526 1797 1855 1852 vacuitatem
1896 1793 2281 1862 imaginantes.
2323 1793 2400 1846 Ac
2438 1809 2508 1849 ne
2561 1793 2617 1850 in
2648 1793 2736 1851 his
2803 1796 3022 1865 quidem
3077 1813 3297 1867 semper
3358 1805 3683 1868 permanent

394 1899 460 1940 ac
493 1896 881 1956 perseverant;
945 1890 1040 1945 sed
1077 1891 1222 1946 unde
1287 1892 1525 1947 animam
1567 1906 1662 1961 per
1698 1889 1892 1944 vitium
1961 1892 2016 1939 et
2053 1884 2351 1954 nequitiam
2391 1885 2758 1952 deduxerunt,
2791 1887 2886 1942 illo
2914 1903 3108 1945 rursus
3151 1905 3271 1945 eam
3302 1898 3563 1960 tanquam
3625 1887 3679 1941 in

393 1983 567 2032 tutam
595 1987 650 2036 et
680 1981 1040 2037 immortalem
1071 1985 1235 2039 vitam
1281 1999 1350 2040 ex
1379 1983 1648 2041 materiali
1687 1982 1980 2046 reducunt,
2018 1976 2176 2047 quasi
2225 1976 2379 2032 obliti
2427 1979 2572 2047 quod
2657 1977 2954 2035 vitiositate
3008 1993 3230 2052 gravata
3281 1982 3433 2037 illinc
3519 1973 3680 2050 quasi

391 2070 589 2146 pennis
613 2073 834 2128 amissis
867 2073 1054 2130 infera:
1081 2076 1370 2132 commista
1399 2084 1612 2132 natura:
1641 2075 1735 2132 sit.

464 2167 647 2238 itaque
679 2168 1004 2226 obtrectatio
1033 2179 1086 2226 et
1114 2173 1446 2242 vituperatio
1495 2173 1664 2245 hujus
1687 2172 1836 2237 vitae,
1870 2182 1984 2224 coa-
2017 2172 2060 2228 B

391 2255 724 2327 lestiumque
757 2274 820 2313 ac
847 2275 1173 2330 superorum
1199 2262 1321 2319 laus
1340 2263 1483 2318 inter
1502 2278 1624 2318 sese
1643 2259 1989 2316 confundun-

393 2355 486 2402 tur
514 2355 570 2404 et
595 2350 1046 2416 commiscentur,
1118 2352 1320 2422 quippe
1349 2366 1474 2408 cum
1507 2353 1599 2406 illa
1633 2351 1854 2422 quidem
1880 2350 1989 2403 vita

393 2455 518 2510 quae
545 2442 686 2497 male
709 2441 861 2496 audit
887 2449 942 2497 et
975 2441 1204 2497 infamia
1235 2443 1468 2508 laborat,
1511 2443 1637 2498 boni
1667 2443 1749 2514 (ut
1772 2442 1987 2495 illorum

396 2533 585 2604 opinio
603 2533 728 2604 fert)
757 2544 949 2590 auctor
968 2542 1024 2589 et
1041 2533 1153 2591 dux
1178 2535 1250 2592 sit
1270 2551 1285 2601 ;
1306 2550 1430 2607 quae
1445 2543 1624 2590 autem
1647 2548 1746 2604 pro
1764 2532 1990 2587 meliore

395 2625 655 2692 habetur,
715 2627 1105 2696 propensionis
1134 2627 1202 2682 ad
1256 2627 1460 2688 malum
1494 2640 1688 2681 ansam
1725 2633 1779 2679 et
1825 2638 1988 2678 occa-

393 2717 605 2776 sionem
629 2718 825 2773 animae
856 2718 966 2774 det.
1021 2717 1292 2785 Quocirca
1321 2715 1592 2788 ejicienda
1635 2731 1703 2771 ex
1736 2713 1987 2769 doctrina

391 2809 640 2868 veritatis
662 2809 842 2864 omnis
874 2808 1015 2864 falsa
1052 2811 1258 2880 pariter
1287 2819 1342 2865 et
1379 2809 1656 2865 instabilis
1701 2808 1768 2862 de
1793 2805 1988 2876 hujus-

391 2896 540 2953 modi
566 2899 733 2954 rebus
780 2900 1070 2969 persuasio
1101 2908 1187 2956 est
1218 2919 1234 2955 :
1271 2916 1338 2954 ac
1386 2916 1454 2956 ne
1481 2901 1606 2955 illos
1651 2899 1869 2970 quidem
1904 2913 1988 2954 se-

391 3003 650 3060 quamur,
707 2990 909 3060 quibus
938 2991 1150 3048 animas
1176 3006 1244 3046 ex
1261 2991 1622 3046 muliebribus
1663 2991 1987 3061 corporibus

395 3079 464 3133 ad
491 3080 704 3135 virilem
757 3083 926 3136 vitam
957 3083 1198 3139 transire
1227 3084 1402 3152 placet
1432 3101 1447 3151 ;
1475 3092 1570 3138 aut
1608 3094 1800 3139 contra
1835 3098 1866 3136 a
1905 3084 1988 3138 vi-

393 3174 589 3229 rilibus
669 3175 995 3246 corporibus
1057 3184 1340 3245 separatas
1391 3176 1604 3232 animas
1686 3177 1828 3230 intra
1877 3191 1986 3230 mu-

393 3263 562 3320 lieres
603 3264 802 3336 redigi,
857 3274 952 3319 aut
977 3267 1143 3321 etiam
1174 3265 1242 3320 ad
1278 3267 1426 3322 viros
1477 3281 1541 3322 ex
1569 3265 1704 3320 viris
1729 3265 1988 3326 transire,

393 3363 452 3412 et
479 3373 549 3414 ex
582 3357 905 3414 mulieribus
936 3374 1130 3414 rursus
1160 3359 1276 3415 ﬁeri
1310 3360 1588 3422 mulieres.
1625 3359 1719 3414 sed
1750 3358 1894 3421 illos,
1928 3367 1989 3412 ut

393 3464 492 3506 eos
518 3451 610 3521 qui
647 3466 677 3505 a
713 3450 946 3508 veritate
994 3451 1393 3515 aberraverint,
1442 3449 1644 3506 missos
1693 3448 1983 3505 faciamus.

2164 2162 2239 2216 Ἦ
2267 2179 2327 2215 τε
2353 2157 2446 2217 οὖν
2474 2163 2694 2235 διαϐολὴ
2736 2163 2831 2218 τοῦ
2859 2165 2986 2236 τῇδε
3015 2165 3153 2236 βίου,
3185 2166 3284 2220 καὶ
3322 2168 3350 2220 ὁ
3372 2165 3480 2220 τῶν
3512 2167 3680 2238 οὐρα-

2093 2253 2224 2309 νίων
2251 2255 2362 2323 (55)
2397 2253 2615 2319 ἔπαινος
2663 2258 2721 2310 ὲν
2748 2256 2998 2328 ἀλλήλοις
3042 2257 3383 2328 συγχέονται,
3410 2260 3504 2313 καὶ
3535 2260 3680 2314 ἀνω·

2093 2346 2386 2417 φεροῦνται
2437 2348 2573 2418 (54),
2623 2346 2717 2400 τοῦ
2775 2350 2872 2420 μὲν
2921 2349 3343 2420 διαϐεϐλημένου
3397 2350 3540 2405 κατά
3580 2351 3680 2422 τὴν

2091 2438 2315 2492 ἐκείνων
2345 2438 2505 2506 δόξαν
2554 2437 2693 2509 πρὸς
2721 2440 2781 2493 τὸ
2818 2441 2979 2494 καλὸν
3019 2441 3428 2511 καθηγουμένου
3452 2459 3466 2474 ο
3500 2441 3595 2494 τοῦ
3622 2442 3680 2496 δὲ

2093 2531 2231 2602 πρὸς
2253 2531 2559 2602 κρείττονος
2582 2533 2693 2603 (55)
2718 2533 3124 2604 ὑπειλημμένου
3149 2534 3248 2605 τὴν
3272 2534 3526 2606 ἀφορμὴν
3541 2534 3682 2588 ἐνδι-

2091 2622 2276 2686 δόντος
2297 2624 2408 2692 (56)
2443 2625 2508 2694 τῇ
2543 2623 2689 2694 ψυχῇ
2728 2625 2825 2694 τῆς
2861 2626 2996 2694 πρὸς
3023 2625 3084 2679 τὸ
3106 2629 3293 2697 χεῖρον
3312 2625 3504 2695 ῥοπῆς.
3537 2626 3678 2679 Ούκ-

2089 2714 2182 2766 οὖν
2211 2714 2478 2784 ἐκϐλητέα
2519 2713 2628 2768 τῶν
2671 2715 2768 2785 τῆς
2794 2715 3052 2785 ἀληθείας
3088 2717 3373 2788 δογμάτων
3401 2719 3552 2772 πᾶσα
3576 2735 3679 2770 πε-

2090 2805 2406 2876 πλανημένη
2439 2823 2499 2859 τε
2530 2807 2623 2860 καὶ
2648 2805 2958 2860 ἀστατούσα
2985 2809 3112 2879 περ).
3144 2809 3250 2862 τῶν
3269 2808 3526 2862 τοιούτων
3551 2810 3680 2863 ὑπό-

2092 2897 2291 2968 ληψις·
2336 2898 2464 2970 μήθ’
2507 2898 2621 2952 ὅσοι
2671 2898 2784 2968 (57)
2834 2899 3182 2952 καταϐαίνειν
3226 2901 3290 2953 ἐκ
3331 2900 3440 2972 (58)
3485 2918 3678 2968 γυναι-

2089 2991 2252 3046 κείων
2301 2991 2568 3061 σωμάτων
2604 2991 2740 3060 πρὸς
2792 2989 2889 3062 τὴν
2919 2990 3163 3062 ἀνδρώδη
3199 2992 3344 3062 ζωὴν
3368 2991 3467 3055 τάς
3497 2991 3679 3061 ψυχάς

2087 3085 2268 3156 δοκείη
2293 3085 2409 3156 (59)
2441 3085 2504 3138 τὸ
2553 3084 2790 3154 ἔμπαλιν
2823 3085 2882 3138 ὲν
2915 3083 3132 3152 γυναιξὶ
3175 3083 3420 3150 γίνεσθαι
3445 3085 3544 3146 τάς
3566 3084 3679 3138 τῶν

2088 3176 2357 3248 ἀνδρικῶν
2403 3175 2673 3247 σωμάτων
2699 3175 3065 3246 χωρισθείσας
3096 3175 3292 3246 ψυχὰς,
3338 3176 3371 3248 ἢ
3407 3177 3501 3230 καὶ
3541 3175 3680 3248 πρὸς

2089 3263 2286 3342 ἄνδρας
2318 3269 2375 3331 ἐξ
2426 3267 2635 3339 ἀνδρῶν
2668 3267 3036 3338 μεταϐαίνειν,
3078 3269 3172 3322 καί¹
3193 3270 3458 3336 γυναῖκας
3481 3269 3545 3321 ὲκ
3575 3286 3677 3336 γυ·-

2089 3361 2288 3416 ναικῶν
2302 3359 2545 3429 γίνεσθαι
2565 3359 2816 3428 λέγουσιν
2839 3358 2976 3429 (40),
3006 3359 3083 3423 ὠς
3111 3359 3212 3428 τῆς
3235 3358 3493 3430 ἀληθείας
3518 3360 3646 3411 ἐστο
3663 3388 3678 3399 -

2091 3453 2395 3524 χασμένους
2423 3451 2880 3521 ἀκολουθήσωμεν
2903 3451 3038 3516 (41).
3075 3450 3132 3503 '0
3159 3451 3256 3520 μὲν
3278 3450 3387 3518 γὰρ
3409 3449 3681 3520 πρότερος

392 3538 529 3602 Nam
557 3542 708 3612 prior
730 3541 948 3612 quidem
985 3542 1193 3612 opinio,
1228 3559 1336 3597 non
1378 3542 1557 3598 solum
1601 3540 1748 3612 quod
1781 3552 1834 3596 et
1891 3542 1974 3596 in-

2093 3547 2142 3599 >ὐ
2183 3545 2342 3615 μόνον
2373 3543 2452 3614 τῷ
2476 3543 2608 3613 (Μ’)
2638 3542 2869 3606 άστατος
2919 3541 3032 3612 (42)
3073 3541 3168 3595 καὶ
3225 3540 3502 3611 ἀπατηλὸς
3535 3535 3679 3594 εἶναι

393 3632 610 3688 stabilis
653 3642 708 3688 et
757 3633 920 3687 fallax
953 3633 1046 3699 sit,
1096 3635 1389 3704 reprobata
1437 3642 1543 3701 est,
1567 3649 1691 3688 eum
1741 3634 1858 3704 ipsa
1888 3647 1984 3703 per

395 3737 519 3780 sese
553 3734 776 3795 pr0pter
805 3727 1116 3783 contrarias
1151 3729 1443 3800 Opiniones
1463 3736 1764 3790 evertatur,
1792 3741 1980 3784 verum

393 3814 558 3872 etiam
587 3815 732 3885 quod
755 3817 921 3887 impia
947 3828 1053 3883 est,
1079 3829 1139 3874 ut
1161 3835 1282 3888 qua:
1316 3817 1518 3882 tradat,
1557 3818 1694 3874 nihil
1725 3817 1780 3872 in
1799 3832 1982 3873 rerum

393 3911 648 3969 naturam
710 3906 962 3976 produci,
998 3910 1107 3965 nisi
1132 3909 1402 3965 vitiositas
1443 3910 1770 3981 principium
1795 3909 1983 3980 cujus-

394 4013 503 4068 que
535 4007 746 4054 natura:
801 4000 914 4056 det.
962 4000 1098 4056 Nam
1150 4001 1196 4056 si
1241 4015 1418 4071 neque
1479 4000 1750 4064 homines.
1809 4017 1986 4071 neque

394 4088 617 4158 plantae,
648 4104 828 4160 neque
877 4105 1096 4160 pecora,
1145 4091 1256 4147 nisi
1282 4104 1522 4160 superne
1553 4091 1607 4145 in
1649 4091 1765 4146 haec
1801 4092 1984 4147 anima

395 4177 619 4252 delapsa
643 4179 828 4246 fuerit,
858 4189 1187 4246 nascuntur,
1231 4182 1417 4252 lapsus
1463 4189 1645 4238 autem
1671 4182 1718 4240 is
1765 4189 1988 4252 propter

394 4269 747 4326 vitiositatem
781 4271 862 4335 ﬁl,
889 4273 1081 4343 utique
1101 4272 1293 4329 vitium
1323 4289 1386 4330 ac
1420 4274 1717 4345 nequitiam
1751 4288 1987 4344 prwesse

395 4367 592 4441 putant
613 4376 798 4418 rerum
827 4364 1116 4422 creationi.
1152 4365 1233 4420 Ac
1265 4367 1412 4423 circa
1448 4367 1589 4423 idem
1623 4368 1984 4438 quodammo-

397 4450 470 4506 do
495 4461 712 4522 tempus
741 4461 978 4524 utraque
1011 4455 1287 4521 accidunt,
1321 4467 1381 4512 ut
1417 4468 1471 4512 et
1493 4458 1656 4514 homo
1681 4475 1746 4514 ex
1777 4459 1984 4528 nuptiis

398 4553 739 4616 procreetur,
767 4553 826 4600 et
853 4546 1047 4604 anima:
1093 4547 1352 4618 delapsus
1373 4563 1496 4606 cum
1533 4552 1844 4622 nuptiarum
1871 4561 1986 4608 stu-

633 4703 788 4759 Οῠδὲ
824 4705 997 4770 αὐτή.
1025 4706 1068 4758 Δ
1095 4705 1216 4758 οὐδὲ
1239 4707 1397 4775 αὕτη.

467 4772 583 4842 (20)
609 4775 876 4829 Πάντων.
904 4778 971 4842 Α,
988 4775 1029 4826 Β
1058 4777 1277 4840 παντός.

469 4845 586 4918 (24)
622 4845 741 4918 Τὴν
768 4845 1069 4918 opprimor}
1098 4846 1140 4896 Β
1164 4846 1224 4898 τὸ
1250 4847 1519 4918 οὐράνιον.

492 4914 585 4970 22)
614 4915 808 4970 Φύσιν
851 4915 1001 4970 Delet
1023 4914 1085 4970 Β.

493 4984 586 5110 25)
619 4984 829 5053 Χώραν
861 4985 1006 5054 ἔχει.
1033 4986 1074 5038 Β
1093 4985 1205 5059 ἔχει
1235 4985 1439 5110 χώραν.

494 5055 564 5108 24
613 5059 682 5110 El
706 5055 998 5110 ἐιιπαθήο.
1028 5059 1071 5109 Λ
1094 5060 1126 5110 ἡ
1161 5061 1314 5110 sum
1353 5059 1438 5110 ής.

494 5055 584 5128 at)
613 5059 682 5110 Et
706 5055 998 5126 ἐμπαθὴς.
1028 5059 1071 5128 Α
1094 5055 1438 5128 η’ὲμπαθής.

492 5125 586 5199 25.)
615 5125 900 5199 Φυρὸῦᾳι.
937 5128 1002 5190 Α,
1040 5125 1367 5199 Βιρύρουσι.

472 5194 584 5270 <29)
628 5198 876 5270 Τρεπτῷι
905 5199 946 5270 β
969 5194 1244 5270 ἀτρέπτῳ.

473 5266 585 5336 (27)
625 5268 879 5336 Τούτοις.
905 5269 944 5321 Β
970 5271 1027 5321 ὲν
1045 5266 1288 5332 τούτοις.

629 5334 1056 5423 ἐξιιιμέιὲουο-ιν.Δ
1072 5339 1113 5391 Β
1125 5339 1570 5423 ¹ξιταὶροιμέειιουσιν.

625 5405 994 5479 ΪΑπῴκηοίακ.
1029 5410 1094 5474 Δ,
1125 5411 1166 5462 Β
1204 5405 1515 5479 ἀπῴκισαν.

499 5475 591 5549 ἰξῷ)
625 5475 920 5549 ἶᾼσφαλμῆ.
1018 5480 1094 5542 εἰς
1129 5481 1261 5549 ἁσφ.

499 5545 588 5619 ξε)
631 5545 699 5619 :H
725 5546 920 5619 ξιακία-
949 5548 1013 5619 Α,
1036 5549 1087 5619 β
1112 5551 1168 5602 ἐν
1201 5545 1387 5619 ιεακιᾳ.

478 5613 590 5692 (Eg)
621 5613 930 5692 Βρύσαᾳα.
953 5616 1309 5692 Α-βρίσασαν.
1345 5613 1405 5678 Β,
1433 5618 1725 5692 βρὺσασαν.

631 5683 958 5756 οὐρανίων.
986 5683 1037 5734 Β
1054 5683 1185 5739 ἕπου
1196 5688 1409 5756 ρανίων.

505 5688 597 5748 55)
631 5688 958 5747 Οῠρονὶων.
986 5688 1027 5734 Β
1054 5688 1409 5756 ἐπουρανίων.
1433 5688 1443 5692 ⁷
1469 5688 1480 5692 ⁷

637 5752 1118 5831 ᾉνῳφεροᾷνται.
1157 5759 1665 5831 ΛΒάναφύρονται.

487 5818 602 5890 (55⁷)
636 5818 796 5886 Πρὸς
817 5821 1169 5890 κρείττονος.
1198 5830 1239 5878 Λ
1270 5828 1310 5877 Β
1332 5818 1470 5897 πρδέ
1495 5830 1554 5880 τὸ
1580 5828 1847 5898 κρεῖττον.

566 4774 586 5124 ξ

2086 3636 2498 3706 ἀπεδοκιμάσθη
2529 3639 2559 3689 ὁ
2590 3635 2743 3702 λόγος
2781 3635 2915 3704 (45),
2933 3634 3094 3696 αὐτὸς
3117 3635 3173 3686 ὲν
3200 3633 3376 3704 ἑαυτῷ
3402 3632 3513 3702 (44)
3538 3631 3680 3702 πρὸς

2079 3727 2178 3791 τὰς
2205 3727 2452 3789 ἐναντίας
2483 3725 2780 3797 ὑπολήψεις
2809 3725 3294 3795 περιτρεπόμενος,
3334 3723 3449 3778 ἀλλ’
3473 3724 3556 3777 ὅτι
3579 3722 3678 3776 καὶ

2081 3819 2294 3883 ἀσεϐῶς
2325 3818 2458 3890 ἔχει,
2509 3818 2673 3889 μηδὲν
2715 3816 2826 3869 τῶν
2871 3817 3041 3870 ὄντων
3091 3817 3170 3879 είς
3192 3814 3409 3883 γένεσιν
3443 3813 3676 3882 ἄγεσθαι

2082 3908 2446 3978 δογματίζων,
2494 3909 2589 3962 καὶ
2621 3905 2817 3970 κακίας
2852 3907 2965 3975 (45)
3015 3909 3080 3976 τῇ
3134 3907 3362 3962 ἑκάστου
3387 3905 3546 3975 φύσει
3573 3905 3677 3976 τὴν

2085 4001 2262 4074 ἀρχὴν
2285 4000 2611 4076 ἐνδιδούσης.
2645 4002 2707 4054 Εἰ
2732 4000 2844 4072 γὰρ
2882 3998 3009 4054 οὔτε
3034 3998 3329 4069 ἄνθρωποι,
3350 3997 3474 4052 οὔτε
3505 3998 3675 4066 φυτὰ,

2083 4094 2208 4150 οὔτε
2266 4094 2608 4165 βοσκήματα,
2648 4093 2723 4162 μὴ
2755 4091 2932 4163 ψυχῆς
2956 4089 3165 4146 ἀνωθεν
3185 4092 3278 4145 ἐπὶ
3305 4090 3480 4144 ταῦτα
3498 4090 3678 4161 ἐμπε-

2090 4187 2294 4255 σούσης
2345 4187 2459 4258 (46)
2507 4185 2731 4254 φύονται
2771 4184 2925 4254 (47)·
2962 4185 2996 4253 ή
3025 4182 3084 4235 δὲ
3121 4181 3329 4244 πτῶσις
3357 4181 3446 4235 διὰ
3474 4179 3679 4243 κακίας

2087 4279 2313 4347 γίνεται,
2367 4277 2476 4346 ἄρα
2505 4277 2797 4345 κατάρχειν
2836 4274 3036 4328 οἴονται
3077 4270 3176 4341 τὴν
3214 4270 3412 4324 κακίαν
3439 4270 3538 4339 τῆς
3566 4269 3679 4323 τῶν

2086 4369 2259 4422 ὄντων
2298 4367 2628 4430 συστάσεως.
2655 4365 2766 4419 Καί
2811 4382 2928 4428 πως
2955 4363 3244 4433 συμϐαίνει
3274 4361 3416 4415 κατὰ
3447 4360 3538 4414 τὸν
3573 4361 3678 4414 αύ-

2085 4461 2176 4516 τὸν
2209 4459 2396 4530 χρόνον
2432 4457 2872 4529 ἀμφότεραμὸ),
2912 4455 3007 4508 καὶ
3056 4455 3340 4523 ἄνθρωπον
3385 4455 3450 4505 ἐκ
3491 4452 3678 4522 γάμου

2089 4549 2339 4620 φύεσθαι,
2367 4549 2463 4602 καὶ
2489 4549 2588 4619 τῆς
2620 4549 2797 4622 ψυχῆς
2831 4549 2928 4620 τὴν
2954 4547 3306 4602 κατάπτωσιν
3339 4547 3404 4616 τῇ
3443 4544 3539 4598 τοῦ
3577 4544 3680 4613 γά-

2192 4708 2282 4778 56)
2324 4705 2718 4772 Ἐνδιδόντος.
2745 4707 2786 4760 Β
2815 4707 3126 4769 ἐνδιδόντες.

2165 4710 2277 4846 (57)
2301 4777 2448 4841 ΜήίΓ
2475 4778 2627 4831 ὅσοι.
2659 4781 2700 4830 Α
2737 4777 2872 4830 ἀλλά
2901 4777 3021 4846 μηδ’
3052 4778 3197 4846 ὅσοις
3241 4769 3472 4844 μεταϐαί

2165 4769 2277 4846 (57)
2301 4777 2448 4841 Μήθ*
2475 4778 2627 4831 ὅσοι.
2659 4769 2700 4830 Ᾱ
2737 4777 2872 4830 ἀλλά
2901 4777 3021 4847 μηδ’
3052 4778 3197 4836 ὅσοις
3241 4769 3608 4844 μεταϐαίνειν.
3635 4769 3680 4824 Β

2093 4850 2286 4902 eodem
2312 4847 2492 4918 modo,
2520 4848 2624 4918 nisi
2656 4848 2801 4918 quod
2833 4849 3037 4901 ondttit
3062 4845 3219 4899 ἀλλά.

2165 4918 2278 4986 (58)
2309 4918 2424 4970 Ἐκ.
2453 4917 2493 4968 Β
2523 4917 2588 4969 ὲκ
2625 4917 2751 4969 τῶν.

2165 4983 2278 5058 (59)
2301 4988 2529 5058 Δρκείη.
2572 4988 2636 5052 Α,
2668 4987 2707 5039 Β
2738 4986 2885 5058 δοκεῖ
2907 4985 2940 5056 ἢ
2966 4983 3298 5058 τὸγξμπαλιν.

2163 5047 2280 5127 (40)
2295 5047 2632 5124 Λέγουσιν(
2665 5059 2710 5109 Α
2766 5047 2945 5125 λέγειν
2977 5047 3384 5127 πάλινξῴςΑτῆς
3416 5047 3679 5127 ἀληθείας

2093 5119 2474 5198 ἡττοχηκέναι.
2525 5128 2566 5178 Β
2621 5119 2946 5196 λέγειν,’ὼς
2984 5127 3081 5195 τῆς
3140 5123 3297 5193 ἁληθ.
3340 5119 3680 5192 ἐστοχασμὲ-

2095 5214 2226 5250 νοις.

2337 5267 2888 5338 Ἀκολουθὴσῳμεν.
2911 5263 3424 5338 Βίάκολουθήσομεν.

2165 5333 2244 5406 (41
2261 5333 2300 5405 δ)
2327 5339 2409 5391 Οὐ
2442 5338 2634 5405 μόνον
2660 5333 2768 5400 τῷ.
2795 5338 2869 5389 Οὐ
2907 5337 3062 5406 μόνον
3089 5334 3175 5388 διᾶ
3203 5333 3286 5388 τό.

2166 5407 2280 5478 (42)
2305 5409 2608 5478 ῗΑστατος.
2634 5409 2675 5458 Β
2697 5407 2926 5469 ἀστατός
2953 5421 3034 5458 τε.

2163 5477 2275 5548 (ιδ)
2309 5477 2372 5548 to
2391 5479 2592 5546 λόγος.
2629 5481 2656 5530 ὁ
2686 5478 2830 5548 delet
2851 5480 2915 5532 Α.

2162 5549 2276 5620 (44)
2307 5547 2550 5620 Ἐα-υτῴ.
2575 5549 2617 5599 Β
2646 5547 2816 5620 αὐτῷ.

2163 5617 2278 5687 (45)
2311 5617 2420 5670 Καὶ
2448 5620 2683 5683 κακίας.
2713 5619 2775 5680 Α,
2815 5618 2855 5668 Β
2888 5618 2962 5687 μὴ
2984 5619 3206 5680 κακίας.

2165 5687 2276 5758 (46)
2313 5687 2854 5758 ἘμπεσούσηςηΑ,
2878 5689 2919 5739 Β
2945 5687 3239 5757 πεσούσης.

2163 5756 2276 5824 (47)
2311 5760 2586 5811 Φύογται.
2620 5759 2681 5810 Β.
2707 5756 2960 5826 φύοντας.

2164 5827 2278 5900 (48)
2302 5828 2529 5895 Χρόνον·
2561 5829 2880 5898 ἀμφότερα.
2915 5828 2956 5880 Β
2980 5827 3266 5900 ἀμφότερα
3291 5829 3502 5898 χρόνον.
