3992 6434
241 347 340 405 H1
1320 343 1411 406 DE
1450 345 1668 404 ANIMA
1703 344 1793 402 ET
1844 339 2448 399 RESURRECTIONE.
3428 321 3565 378 Ηεῇ

251 479 346 533 μου
383 462 717 534 συμϐαίνειν
765 463 989 536 σπουδῇ.
1040 464 1152 519 Καὶ
1183 464 1244 519 τὸ
1274 464 1357 520 ἐτι
1382 466 1574 521 τούτου
1598 465 1837 537 παραλο-

1959 460 2034 516 Ιίο
2054 460 2346 515 conveniat
2378 464 2434 513 et
2471 459 2784 512 concurrat.
2832 450 2902 507 Et
2930 446 3078 523 quod
3119 430 3416 503 absurdius
3447 453 3532 496 εει

252 554 488 625 γὼτερον
524 555 667 626 (49),
719 556 778 610 εί
823 554 944 628 ἔαρι
980 556 1049 613 τὰ
1074 558 1242 613 πολλά
1267 559 1365 631 τῆς
1402 558 1597 628 ἀλόγου
1627 557 1840 628 φύσεως

1959 561 1998 608 ιι
2031 551 2210 608 adhuc
2262 550 2436 620 magis
2474 547 2734 603 abhorret
2778 559 2809 597 a
2839 538 3114 598 communi
3152 550 3320 592 sensu
3368 540 3533 602 atque

257 645 630 712 συνδυάζεται.
660 643 793 717 'Ap‘
835 643 929 703 οὖν
971 648 1120 704 ἐστιν
1163 652 1339 705 εἰπεῖν
1376 652 1458 706 δτι
1490 650 1588 705 καὶ
1626 652 1695 722 τῇ
1730 648 1842 703 ἀνω

251 737 528 809 περιφορᾷ
555 736 621 790 τὸ
651 735 754 810 ἔαρ
785 738 1115 810 ἐμφύεσθαι,
1147 740 1250 813 τὴν
1275 741 1475 797 κακίαν
1498 740 1664 800 ποιεῖ.
1700 739 1843 793 ὥστε

254 826 545 899 συμϐαίνει
561 826 677 901 (50)
706 829 843 903 ὁμοῦ
866 848 928 885 τε
954 831 1048 886 τοῦ
1074 831 1248 887 κακοῦ
1278 832 1376 897 τὰς
1401 815 1580 905 ψυχὰς
1603 832 1845 904 πληρου-

256 919 426 989 μένας
483 919 728 987 πίπτειν,
768 924 867 978 καὶ
897 922 996 988 τὰς
1025 924 1299 997 γαστέρας
1338 925 1448 980 τῶν
1488 924 1701 993 ἀλόγων
1727 924 1838 978 κυΐ-

254 1011 485 1117 σκεσθαι
504 1030 521 1079 ;
542 1014 609 1069 Τί
631 1015 678 1070 δ’
695 1014 764 1117 ἀν
779 1016 909 1091 εἴπῃ
923 1034 1008 1082 τις
1025 1015 1140 1090 (51)
1161 1018 1292 1091 περὶ
1310 1016 1407 1072 τοῦ
1429 1018 1706 1088 γεωπόνου
1728 1017 1844 1089 (52)

251 1107 346 1159 τοῦ
388 1107 870 1179 καταπηγνύοντος
903 1111 1015 1182 (5'5)
1045 1115 1113 1184 τῇ
1143 1114 1214 1184 γῇ
1243 1110 1344 1178 τὰς
1371 1112 1480 1166 τῶν
1498 1112 1681 1184 φυτῶν
1709 1114 1848 1166 ἁποο

254 1199 504 1267 σπάδας;
543 1200 667 1265 Πῶς
721 1204 753 1274 ή
792 1203 984 1258 τούτου
1019 1204 1143 1277 χεὶρ
1172 1205 1561 1277 συγκατέχωσε
1580 1204 1660 1277 τῷ
1694 1204 1848 1277 φυτῷ

251 1288 354 1361 τὴν
400 1290 751 1362 ἀνθρωπίνην
802 1292 1002 1364 ψυχὴν,
1054 1295 1455 1369 συντρεχούσης
1500 1296 1869 1373 πτερορρυήη

257 1402 397 1449 σεως
424 1387 538 1459 (54)
568 1390 633 1459 τῇ
663 1388 758 1442 τοῦ
786 1389 1078 1459 ἀνθρώπου
1112 1392 1250 1462 πρὸς
1281 1390 1380 1463 τὴν
1406 1392 1631 1462 φυτείαν
1660 1393 1803 1463 ὁρμῇ
1829 1409 1845 1458 ἶ

256 1473 332 1527 Τὸ
365 1475 502 1529 αὐτὸ
556 1477 736 1531 τοίνυν
771 1479 971 1533 ἄτοπον
1014 1480 1109 1533 καὶ
1143 1480 1235 1534 ἐπὶ
1262 1481 1356 1535 τοῦ
1398 1482 1587 1553 ἑτέρου
1625 1481 1735 1537 τῶν
1762 1483 1851 1536 λό-

258 1580 370 1633 γων
398 1567 536 1637 (55),
578 1570 671 1623 ἐπὶ
689 1569 752 1623 τὺ
784 1570 996 1626 οἴεσθαι
1045 1572 1146 1644 τὴν
1190 1572 1370 1646 ψυχὴν
1394 1574 1491 1640 τὰς
1521 1575 1770 1641 συνόδους
1790 1578 1849 1631 ὲν

261 1656 497 1730 συζυγίᾳ
527 1659 639 1731 (56)
668 1660 886 1726 ζώντων
918 1666 1386 1738 περιεργάσασθαι
1408 1668 1543 1738 (57),
1573 1669 1606 1739 ἢ
1633 1668 1734 1732 τὰς
1762 1668 1850 1723 λο-

259 1750 414 1820 χείας
434 1753 739 1826 ἐπιτηρεῖν,
767 1756 853 1810 ἵνα
871 1760 983 1822 τοῖς
1003 1759 1290 1830 φυομένοις
1304 1760 1551 1833 σώμασιν
1570 1764 1850 1834 ἐπεισκρι-

259 1841 426 1897 θῶσιν
450 1820 679 1916 (58).’“Ει
726 1820 797 1902 δὲ
826 1820 1050 1905 ἀπείποι
1097 1820 1126 1906 ὲ
1175 1820 1315 1925 ἀνηρ
1363 1820 1454 1908 τ’δν
1498 1856 1698 1926 γάμον,
1727 1820 1849 1929 {es
1885 1820 1925 1875 Β

258 1936 398 2006 γυνὴ
422 1937 624 2009 ἑαυτὴν
650 1939 750 2010 τῆς
765 1940 872 1995 τῶν
892 1941 1094 1997 ὀδυνῶν
1128 1942 1241 2015 (59)
1276 1946 1521 2019 ἀνάγκης
1551 1943 1850 2019 ἐλευθερὼ-

263 2044 445 2081 σειεν·
495 2025 589 2101 ἄρ’
628 2030 690 2084 οὗ
726 2030 954 2105 βαρήσει
997 2035 1097 2106 τὴν
1130 2036 1308 2110 ψυχὴν
1345 2039 1379 2110 ὴ
1411 2039 1614 2104 κακία;
1642 2040 1851 2096 Οὐκοῦν

260 2120 291 2172 ὁ
316 2120 497 2190 γάμος
534 2122 601 2192 τῇ
655 2121 767 2176 ἀνω
795 2125 963 2198 κακίᾳ
998 2127 1058 2181 τὸ
1086 2129 1226 2182 κατά
1272 2129 1381 2185 τῶν
1410 2130 1599 2202 ψυχῶν
1629 2133 1850 2187 ὲνδώσι-

265 2229 366 2282 μον
395 2212 511 2282 (60)
547 2212 783 2279 δίδωσιν,
806 2216 842 2290 ἢ
875 2220 970 2272 καὶ
993 2219 1117 2291 δίχα
1145 2222 1337 2276 τούτου
1381 2225 1720 2282 καθάπτεται
1755 2228 1854 2299 τῆς

258 2304 438 2377 ψυχῆς
462 2308 497 2373 ἡ
518 2308 653 2379 πρὸς
679 2310 737 2362 τὸ
761 2311 1003 2366 ἐναντίον
1029 2313 1229 2386 σχέσις.
1254 2317 1465 2372 Οὐκοῦν
1492 2318 1677 2384 ἄοικος
1700 2322 1757 2374 ὲν
1777 2319 1854 2391 τῷ

264 2397 418 2469 μέσῳ
464 2400 561 2452 καὶ
605 2401 796 2471 ἀλῆτις
849 2405 882 2475 ή
934 2403 1082 2477 ψυχὴ
1125 2408 1552 2481 πεπλανήσεται,
1600 2411 1710 2466 τῶν
1752 2411 1854 2483 μὲν

262 2489 531 2560 οὐρανίων
575 2493 948 2566 ἀπορρυεῖσαο
1005 2495 1258 2569 σώματος
1316 2500 1374 2554 δὲ
1423 2501 1488 2556 ἂν
1534 2502 1677 2559 οὕτω
1705 2502 1855 2573 τύχοι

264 2580 406 2653 πρὸς
434 2582 699 2656 ὑποδοχὴν
732 2585 1106 2661 ἀμοιρήσασα.
1147 2586 1283 2646 Εἶτα
1332 2593 1427 2647 καὶ
1456 2595 1574 2655 πῶς
1614 2594 1704 2649 διά
1730 2597 1854 2650 τού-

264 2691 376 2727 των
407 2676 718 2729 ἐπιστατεῖν
747 2677 808 2731 τὸ
838 2677 993 2733 Θεῖον
1020 2680 1130 2736 τῶν
1161 2682 1330 2739 ὄντων
1359 2685 1741 2758 ὑπονοήσουσι,
1788 2692 1854 2762 τῇ

265 2766 467 2839 τυχαίᾳ
491 2768 662 2840 ταύτῃ
701 2771 794 2823 καὶ
831 2771 1015 2843 ἀλόγῳ
1043 2774 1152 2828 τῶν
1169 2774 1356 2847 ψυχῶν
1384 2780 1731 2835 καταπτώσει
1758 2781 1858 2847 τὰς

266 2860 446 2931 ἀρχὰς
506 2861 606 2932 τῆς
674 2864 1022 2935 ἀνθρωπίνης
1106 2867 1451 2934 ἀνατιθέντες
1509 2871 1620 2943 (61)
1671 2872 1855 2946 ζωῆς;

281 2953 521 3027 Ἀνάγκη
560 2954 671 3027 γάρ
722 2958 872 3011 πᾶσα
906 2960 972 3030 τῇ
1002 2960 1144 3032 ἀρχῇ
1194 2961 1290 3014 καὶ
1318 2960 1390 3015 τὰ
1421 2962 1532 3034 (62)
1563 2965 1703 3035 μετά
1730 2966 1861 3022 ταύ-

271 3061 370 3115 την
393 3044 508 3117 (65)
548 3047 852 3117 συμφώνως
893 3048 1057 3121 ἔχειν.
1105 3052 1168 3104 El
1201 3052 1309 3124 γάρ
1343 3054 1406 3109 ὲκ
1439 3057 1731 3128 συντυχίας
1770 3061 1863 3115 αὐ-

1943 644 2224 715 opinione,
2261 659 2390 699 vere
2447 641 2709 712 pleraque
2740 635 3002 691 animalia
3042 631 3280 687 rationis
3317 624 3531 697 experti

1944 744 2139 792 natura
2161 734 2387 807 praedita
2419 738 2623 788 coeunt
2636 737 2692 785 et
2719 726 3152 799 coniunguntur.
3186 720 3401 791 Ergone
3423 715 3531 772 dici

1947 833 2128 900 potest
2150 825 2295 897 quod
2343 840 2440 880 ver
2467 821 2668 878 efﬁciat
2691 826 2752 875 ut
2806 829 3023 888 superae
3061 826 3281 883 quoque
3322 807 3535 864 revolu-

1945 921 2082 976 tioni
2097 928 2263 989 atque
2290 914 2642 973 conversioni
2663 912 2940 968 vitiositas
2957 909 3302 971 innascatur,
3321 910 3380 957 ut
3407 914 3537 955 con-

1946 1011 2124 1083 tingat
2157 1009 2322 1067 simul
2349 1016 2403 1065 et
2426 1007 2640 1061 animas
2673 1004 2807 1060 vitio
2839 999 3100 1071 compleri
3131 1007 3298 1067 atque
3328 991 3531 1054 delabi,

1947 1112 2002 1161 et
2027 1112 2212 1160 uteros
2232 1102 2521 1158 hrutorum
2544 1097 2902 1153 animantium
2926 1092 3218 1162 concipere
3235 1089 3261 1143 2
3284 1087 3425 1154 Quid
3445 1101 3536 1140 au-

1957 1206 2066 1253 tem
2096 1195 2297 1251 dixerit
2328 1192 2530 1264 aliquis
2572 1191 2641 1246 de
2664 1189 2906 1260 agricola
2956 1191 3200 1243 resectos
3228 1190 3284 1238 et
3314 1179 3534 1234 avulsos

1948 1290 2257 1362 plantarum
2286 1284 2541 1341 surculos
2572 1283 2628 1338 in
2658 1290 2861 1336 terram
2901 1276 3215 1349 deligente?
3238 1289 3347 1344 quo
3376 1279 3538 1343 pacto

1950 1395 2147 1437 manus
2196 1378 2361 1450 hujus
2391 1390 2497 1431 una
2544 1389 2668 1430 cum
2726 1372 2906 1442 planta
2960 1370 3199 1424 animam
3240 1367 3555 1422 humanam:

1950 1484 2097 1532 terra
2114 1473 2299 1529 obruit
2325 1479 2489 1541 atque
2513 1466 2742 1531 defodit,
2758 1469 3125 1520 concurrente
3147 1476 3270 1516 cum
3295 1460 3549 1513 hominis

1950 1566 2135 1623 studio
2174 1561 2458 1635 plantandi
2491 1558 2803 1615 deﬂuxione
2834 1569 3161 1627 pennarum,
3194 1552 3395 1623 quibus
3423 1550 3540 1604 ani-

1951 1673 2041 1714 ma
2072 1655 2386 1728 spolietur?
2413 1653 2616 1709 Eadem
2653 1651 2778 1705 item
2820 1648 3139 1704 absurditas
3170 1654 3254 1701 est
3282 1644 3450 1698 etiam
3481 1642 3539 1697 in

1954 1753 2127 1808 altera
2157 1749 2438 1820 opinione,
2476 1747 2521 1802 si
2547 1744 2673 1816 quis
2703 1748 2857 1814 putet
2886 1740 3101 1795 animas
3135 1738 3317 1793 coitus
3349 1748 3539 1791 eorum

1956 1847 2050 1917 qui
2078 1847 2133 1900 in
2158 1842 2418 1915 conjugio
2446 1839 2662 1898 vivunt,
2699 1835 2986 1906 explorare
3022 1843 3188 1902 atque
3216 1829 3428 1892 rimari,
3452 1825 3542 1881 vel

1954 1913 2199 2006 pariendi
2223 1913 2443 2000 tempus
2483 1926 2798 1989 observare,
2827 1930 2886 1977 ut
2911 1921 2969 1975 in
3001 1933 3234 1991 corpora
3254 1913 3540 1976 nascentia

1955 2024 2391 2081 seseinsinuent.
2420 2017 2578 2085 Quod
2610 2018 2657 2072 si
2678 2017 2760 2069 vir
2782 2013 3001 2084 nuptias
3026 2010 3384 2071 recusaverit,
3419 2021 3542 2059 mu-

1955 2119 2055 2174 lier
2088 2119 2219 2172 item
2253 2130 2314 2171 se
2334 2114 2402 2169 ab
2430 2110 2759 2168 necessitate
2794 2105 3039 2178 pariendi
3071 2100 3406 2162 liberaverit,
3440 2112 3540 2151 an,

1956 2230 2066 2269 non
2106 2211 2345 2266 animam
2368 2206 2642 2261 vitiositas
2685 2198 2972 2273 gravabit?
3019 2195 3288 2262 Quocirca
3338 2191 3544 2260 nuptia:

1958 2317 2173 2373 superae
2213 2297 2499 2353 vitiositati
2562 2308 2752 2349 ansam
2785 2300 2841 2346 et
2893 2287 3241 2344 occasionem
3279 2283 3543 2337 adversus

1960 2398 2175 2451 animas
2210 2392 2344 2448 dant
2379 2408 2392 2444 :
2435 2396 2530 2443 aut
2583 2384 2751 2442 etiam
2809 2382 3017 2451 absque
3072 2377 3279 2447 nuptiis
3315 2373 3545 2449 allectus

1961 2490 2225 2543 adversus
2256 2481 2312 2537 id
2349 2479 2499 2553 quod
2527 2477 2868 2534 contrarium
2903 2479 3009 2538 est,
3044 2470 3283 2526 animam
3313 2467 3543 2521 invadit.

1958 2583 2102 2652 Ergo
2131 2576 2416 2633 domicilio
2445 2588 2644 2629 carens
2680 2567 2899 2625 interim
2932 2573 2987 2622 et
3010 2560 3335 2634 vagabunda
3365 2559 3545 2615 anima

1960 2673 2263 2736 oberrabit,
2326 2684 2450 2725 cum
2483 2683 2514 2723 e
2548 2664 2867 2722 coelestibus
2925 2658 3145 2732 quidem
3177 2652 3466 2711 deﬂuxerit
3492 2656 3547 2706 et

1959 2765 2250 2827 exciderit,
2286 2760 2541 2831 corporis
2587 2770 2720 2813 vero
2757 2753 2826 2818 (si
2875 2751 2951 2805 ita
2980 2746 3267 2817 acciderit)
3302 2749 3550 2813 recepta-

1961 2858 2072 2913 culi
2104 2868 2304 2926 expers
2330 2852 2424 2908 sit.
2461 2848 2529 2903 Et
2555 2843 2835 2918 quomodo
2885 2839 3085 2896 deinde
3123 2853 3218 2907 per
3267 2836 3384 2889 haec
3408 2848 3551 2903 prae.

1961 2965 2085 3008 esse
2112 2947 2278 3004 rebus
2330 2943 2609 3000 universis
2649 2939 2894 2995 divinum
2935 2932 3151 2987 Numen
3205 2931 3263 2984 in
3307 2926 3551 2981 animum

1963 3042 2247 3105 inducent,
2279 3039 2371 3109 qui
2396 3038 2523 3093 huic
2566 3034 2803 3091 fortuita:
2841 3040 2897 3085 et
2933 3030 3141 3083 ratione
3168 3023 3375 3080 carenti
3431 3020 3553 3075 ani-

272 3112 512 3206 τομάτου
540 3112 686 3203 τινὸς
703 3140 731 3193 ό
771 3112 882 3210 βίος
919 3112 1145 3213 ἤρξατο,
1171 3112 1343 3215 τυχέα
1379 3145 1488 3218 (64)
1516 3112 1737 3214 πάντως
1768 3112 1860 3205 καὶ

1969 3149 2183 3190 morum
2201 3130 2503 3203 delapsioni
2528 3125 2801 3198 principia
2818 3124 2945 3178 vita:
2972 3120 3223 3174 humanae
3239 3112 3555 3187 assignant?

274 3231 306 3300 ἡ
343 3231 462 3284 κατ’
504 3230 683 3286 αὐτῶν
711 3232 822 3304 (65)
873 3233 1104 3301 διέξοδος
1144 3235 1374 3304 γίνεται.
1419 3240 1530 3293 Καὶ
1566 3242 1742 3315 μάτην
1765 3244 1867 3316 τῆς

276 3321 427 3386 θείας
450 3323 736 3394 δυνάμεως
764 3327 814 3379 οί
836 3325 1067 3379 τοιοῦτοι
1087 3326 1155 3381 τὰ
1184 3327 1313 3382 ὄντα
1343 3329 1689 3399 ἐξάπτουσιν,
1716 3335 1767 3388 οἱ
1791 3336 1867 3408 μὴ

278 3411 585 3483 βουλήματι
639 3414 768 3485 θείῳ
816 3414 885 3469 τὰ
922 3415 983 3470 ὲν
1009 3415 1089 3487 τῷ
1116 3417 1308 3489 κόσμῳ
1336 3419 1567 3488 φύεσθαι
1594 3420 1865 3492 λέγοντες,

277 3502 396 3557 ἀλλ’
437 3505 521 3567 εἰς
571 3505 814 3576 πονηράν
861 3523 1023 3561 τινων
1080 3505 1194 3579 (66)
1225 3511 1515 3581 συντυχίαν
1557 3512 1662 3577 τάς
1694 3515 1868 3586 ἀρχὰς

277 3594 387 3647 τῶν
416 3594 718 3664 γινομένων
747 3597 1063 3667 ἀνάγοντες,
1093 3599 1168 3664 ὡς
1217 3601 1318 3654 οὐκ
1365 3601 1433 3655 ἂν
1468 3605 1742 3678 συστάσης
1771 3608 1870 3681 τῆς

277 3686 628 3757 ὀνθρωπίνης
671 3688 816 3757 ζωῆς
847 3689 921 3761 μὴ
970 3691 1064 3744 τοῦ
1123 3691 1295 3747 κακοῦ
1327 3694 1511 3761 δόντος
1552 3699 1618 3769 τῇ
1657 3695 1770 3770 ζωῇ
1811 3699 1871 3752 τὸ

278 3779 762 3849 ἑνδόσιμον.Είοῦν
788 3783 822 3852 ἡ
850 3782 992 3855 ἀρχὴ
1013 3784 1106 3837 τοῦ
1126 3784 1240 3855 βίου
1274 3786 1519 3858 τοιαύτη,
1550 3788 1755 3862 δηλαδὴ
1777 3792 1870 3845 καὶ

278 3871 347 3924 τὰ
368 3871 565 3942 ἐφεξῆς
586 3873 726 3927 κατὰ
747 3875 845 3946 τὴν
867 3875 1041 3947 ἀρχὴν
1062 3876 1437 3947 κινηθήσεται.
1463 3880 1537 3933 Οὐ
1565 3880 1674 3953 γὰρ
1698 3881 1762 3934 ἄν
1787 3900 1873 3946 τις

377 3963 765 4062 κακοιῖικαλὸν,
797 3966 927 4062 οὐδὲ
961 3967 1021 4031 ἐξ
1050 3968 1255 4037 ἀγαθοῦ
1284 3969 1343 4023 τὸ
1368 3971 1605 4027 ἐναντίον
1640 3973 1872 4043 φύεσθαι

281 4051 454 4120 λέγοι.
493 4052 651 4106 Ἀλλὰ
678 4054 821 4108 κατά
842 4057 940 4127 τὴν
958 4056 1052 4110 τοῦ
1083 4058 1397 4130 σπέρματος
1430 4060 1611 4130 φύσιν,
1632 4064 1874 4129 καὶτοὺς

283 4144 533 4212 καρποὺς
566 4145 915 4218 ἀναμένομεν
958 4149 1095 4221 (6⁸1).
1138 4150 1350 4205 Οὐκοῦν
1397 4152 1578 4224 πάσης
1604 4156 1702 4226 τῆς
1727 4156 1873 4228 ζωῆς

281 4236 315 4305 ἡ
377 4237 683 4308 αὐτόματος
724 4240 864 4313 αὕτη
917 4243 1012 4295 καὶ
1061 4244 1352 4315 συντυχικὴ
1416 4246 1631 4315 κίνησις
1669 4249 1869 4319 ἠγεμο-

280 4329 596 4490 νεύεξϐξὲὃ),
629 4332 900 4403 μηδεμιᾶς
933 4334 1192 4405 προνοίας
1230 4335 1317 4389 διὰ
1349 4336 1458 4390 τῶν
1495 4335 1667 4393 ὄντων
1693 4338 1873 4409 οίχού-

282 4434 387 4489 σης
533 4460 547 4473 ο

282 4434 387 4489 σης
411 4434 547 4489 (ον).

1967 3227 2206 3281 Prorsus
2233 3223 2380 3280 enim
2435 3234 2664 3276 necesse
2696 3224 2800 3283 est,
2832 3223 2894 3271 ut
2952 3214 3003 3269 id
3027 3210 3171 3285 quod
3222 3207 3554 3281 principium

1967 3319 2349 3390 consequitur,
2388 3316 2547 3372 etiam
2583 3329 2708 3368 cum
2745 3312 2866 3381 ipso
2896 3307 3207 3363 conveniat.
3250 3301 3308 3358 Si
3348 3301 3492 3356 enim
3525 3315 3555 3354 a

1967 3428 2099 3468 casu
2129 3412 2311 3485 aliquo
2331 3406 2627 3463 temerario
2657 3405 2763 3459 vita
2801 3401 3033 3471 alicujus
3073 3398 3291 3453 initium
3325 3393 3554 3464 ceperit,

1970 3504 2229 3561 fortuitus
2270 3503 2434 3557 etiam
2471 3499 2697 3555 omnino
2728 3509 2926 3550 cursus
2955 3500 3008 3547 et
3042 3491 3224 3547 exitus
3253 3487 3375 3557 ejus
3410 3486 3555 3540 exsi-

1971 3598 2084 3652 stit.
2111 3597 2189 3648 Ac
2213 3593 2377 3649 stulte
2406 3597 2461 3647 et
2496 3591 2679 3660 inepte
2702 3597 2866 3657 atque
2889 3582 3129 3639 absurde
3152 3580 3221 3635 ab
3251 3578 3437 3634 divina
3458 3591 3556 3646 po—

1971 3690 2146 3745 tentia
2184 3686 2324 3741 tales
2356 3685 2610 3740 homines
2642 3697 2732 3736 res
2770 3678 3060 3732 universas
3094 3672 3333 3744 pendere
3368 3670 3556 3722 volunt

1971 3782 2066 3853 qui
2088 3796 2197 3835 non
2250 3779 2533 3834 voluntate
2562 3774 2746 3830 divina
2779 3787 2865 3826 res
2906 3766 3213 3823 mundanas
3241 3759 3469 3833 produci
3496 3774 3559 3813 ac

1972 3873 2266 3945 provenire
2294 3869 2507 3930 dicunt,
2543 3863 2640 3920 sed
2673 3863 2738 3916 ad
2770 3874 2997 3933 pravum
3034 3856 3327 3928 quemdam
3369 3864 3558 3907 casum

1972 3966 2217 4021 referunt
2246 3961 2519 4036 principia
2553 3972 2743 4014 eorum
2777 3968 2896 4024 qua:
2915 3956 3242 4014 nascuntur,
3262 3942 3422 4016 quasi
3452 3940 3563 3995 vita

1975 4060 2218 4114 humana
2275 4051 2541 4110 constitui
2574 4056 2627 4105 et
2658 4045 2890 4103 conﬂari
2933 4060 3046 4099 non
3096 4040 3394 4113 potuisset,
3452 4033 3560 4089 nisi

1972 4151 2167 4207 vitium
2197 4148 2549 4203 occasionem
2594 4149 2650 4197 et
2682 4139 2903 4194 initium
2950 4137 3073 4190 vita:
3120 4132 3385 4187 dedisset.
3414 4126 3563 4192 Quo-

1974 4245 2121 4298 circa
2171 4241 2218 4297 si
2272 4236 2604 4310 principium
2666 4232 2792 4286 vita:
2839 4229 2948 4283 tale
2987 4235 3104 4289 est,
3168 4219 3564 4292 consequentia

1975 4350 2197 4408 quoque
2241 4330 2502 4386 nimirum
2553 4324 2717 4380 sicuti
2779 4314 3119 4393 principium
3172 4314 3559 4371 movebuntur.

1977 4428 2093 4481 Non
2129 4425 2274 4479 enim
2311 4419 2511 4489 aliquis
2538 4415 2740 4472 dixerit
2765 4429 2832 4469 ex
2861 4412 3004 4469 malo
3034 4412 3259 4475 bonum,
3290 4419 3466 4478 neque
3497 4417 3565 4458 ex

280 4508 432 4615 bono
472 4513 812 4615 contrarium
851 4515 1029 4615 nasﬂci.
1062 4516 1170 4615 S-ed
1222 4525 1387 4588 prout
1440 4518 1604 4574 fuerit
1638 4521 1869 4579 seminis
1907 4531 2128 4583 natura,
2153 4519 2228 4573 ita
2259 4518 2472 4573 fructus
2493 4527 2713 4584 quoque
2734 4517 3052 4580 exspectare
3105 4505 3366 4562 solemus.
3422 4497 3566 4568 Ergo

282 4602 613 4657 temerarius
634 4602 724 4659 hic
753 4612 917 4675 atque
939 4604 1198 4661 fortuitus
1225 4614 1408 4662 motus
1435 4611 1587 4665 omni
1622 4610 1747 4666 vitae
1769 4613 1990 4682 praeerit
2016 4619 2183 4683 atque
2216 4605 2627 4682 praeibit,nulla
2654 4599 2999 4675 providentia
3034 4613 3130 4669 per
3159 4612 3251 4653 res
3277 4594 3566 4650 universas

282 4693 591 4767 pertinente
628 4704 790 4768 atque
824 4706 1154 4767 permeante.

356 4813 662 4883 Ἀχρηστος
683 4812 742 4866 δὲ
767 4812 1082 4879 παντάπασι
1099 4812 1202 4874 ,καὶ
1227 4813 1261 4885 ἡ
1286 4812 1395 4867 τῶν
1423 4798 1702 4886 λογισμῶν
1722 4814 1860 4871 ἔσται

2052 4811 2273 4869 Inutilis
2312 4809 2444 4864 item
2478 4817 2709 4877 prorsus
2740 4798 3203 4856 eritrationibus
3246 4794 3377 4848 nixa
3431 4807 3566 4862 pru-

284 4903 621 4974 προμήθεια·
671 4906 773 4973 τῆς
817 4904 876 4958 δὲ
927 4905 1351 4977 ἀρετῆςηκέρδος
1391 4905 1564 4973 οὐδὲν,
1587 4884 1694 4960 καὶ
1740 4907 1860 4979 πρὸς

1983 4906 2169 4962 (lentia
2189 4942 2205 4968 ,
2244 4890 2430 4953 dautio
2464 4905 2797 4967 atquecum
2828 4906 2842 4943 :
2880 4889 3103 4945 virtutis
3130 4884 3565 4942 emolumentum

282 4994 348 5047 τὸ
382 4993 495 5064 (70)
524 4994 693 5048 κακὸν
739 4994 1036 5066 ἀλλοτρίως
1071 4996 1216 5067 ἔχειν
1260 4996 1376 5053 ἀντ’
1415 4996 1629 5060 οὐδενὸς
1660 4997 1727 5052 ἂν
1765 4999 1852 5068 εἴη

1988 4998 2243 5061 nullum;
2278 4999 2339 5048 et
2364 5006 2395 5045 a
2426 4988 2562 5045 vitio
2600 4987 2875 5056 integrum
2911 4991 2966 5035 et
3009 4979 3250 5035 alienum
3295 4988 3422 5031 esse
3467 4988 3569 5045 pro

496 5110 1016 5186 ῙΖαΡίΞ-λρπῦτερωξ
1050 5113 1092 5164 Α
1119 5111 1185 5186 ἰιιΔ
1216 5126 1394 5186 marg.
1421 5111 1878 5186 παραδοξότερον.
2052 5109 2169 5186 (66)
2210 5106 2583 5186 ῘΕνδόοίιμον.
2614 5102 2658 5154 Β
2672 5102 2740 5186 ἐν
2762 5100 3059 5186 δόγμασιν.

498 5169 838 5303 Σέἕέϐαίιῖοει.
871 5169 938 5243 Ᾰ,
974 5182 1015 5233 Β
1042 5169 1385 5253 συμϐαίνειν.
1506 5169 1518 5184 ’
1647 5169 1667 5179 ’
1761 5169 1775 5186 ”
2053 5169 2167 5251 (61)
2212 5169 2628 5240 Ἆνατιθὲντες.
2670 5172 2714 5224 Β
2750 5169 3116 5237 ἀνατίθενται.

628 5269 665 5303 η
685 5266 796 5303 τιτι.
823 5251 866 5303 Β
887 5250 1031 5303 εἴποι
1058 5269 1175 5303 τισί
2051 5250 2166 5303 (62)
2201 5247 2296 5303 Τά.
2332 5248 2396 5299 Β.
2426 5244 2509 5298 τό.

2201 5253 2296 5303 Τά.
2335 5253 2396 5299 Β.
2426 5253 2509 5298 τό.

2075 5257 2166 5320 62)
2201 5257 2296 5303 Τά.
2335 5257 2396 5299 u.
2426 5257 2509 5298 το.

2071 5320 2162 5387 63)
2192 5318 2353 5373 Μετὰ
2383 5315 2630 5387 tamn].
2656 5313 2699 5364 Α
2732 5309 2849 5387 μετ’
2878 5307 3068 5378 αὑτήν.

2078 5380 2168 5453 64)
2206 5388 2418 5455 Τυχέα.
2452 5386 2517 5455 A,
2557 5380 2601 5435 B
2623 5380 2841 5455 τυχαία.

2078 5444 2169 5518 65)
2198 5444 2339 5512 Ka'z"
2373 5444 2595 5510 αὐτῶν.
2617 5444 2748 5518 Λ,’Β
2776 5448 2895 5502 κατ’
2921 5444 3104 5518 αὐτόν.

2078 5517 2169 5595 66)
2191 5523 2472 5595 ηυγ-πρᾶγ
2501 5517 2698 5595 τινωιξ.
2725 5517 2972 5595 ῌονηράν
2996 5533 3139 5569 τινα.

1942 5628 1947 5643 ι
2041 5587 2168 5669 ’(67)
2217 5587 2624 5669 Ἆναὶιένομεν.
2716 5587 3102 5669 ἀναμένοιμεν.

2082 5657 2175 5737 68)
2212 5657 2609 5737 Ἠτεξαονέύει.
2633 5662 2679 5737 ἐξ
2706 5657 3082 5737 ῂγεμονεύσει.

2085 5727 2175 5804 69)
2213 5727 2534 5804 Οὶχὸύσης.
2557 5734 2623 5797 Δ,
2641 5732 2685 5804 Β
2702 5727 2966 5804 ηκοῦσης.

2069 5795 2182 5880 (70)
2216 5795 2330 5863 Κᾶῑ
2356 5795 2506 5873 πρὸέ
2528 5795 2617 5859 τό.
2637 5801 2682 5854 Β
2700 5795 2794 5854 καὶ
2818 5799 2879 5852 τὸ
2899 5795 3034 5871 πρὸς
3064 5795 3142 5851 τό.

363 5249 478 5318 (Si)
507 5249 665 5319 Είπῃ
685 5266 796 5318 τις.
823 5251 866 5303 Β
887 5250 1031 5305 εἴποι
1047 5249 1175 5315 τις(

364 5319 480 5461 (52)
499 5322 842 5376 Γεωπόνου.
864 5321 908 5373 Β
933 5323 1226 5394 γεηπόνου.

506 5392 1068 5460 Καταπηγνύοντος.
1094 5394 1158 5461 Α,
1186 5395 1226 5446 Β

389 5390 479 5465 ἓξ)
506 5390 1068 5465 Καταπῃγνροντοζ)
1094 5394 1158 5465 Α,
1186 5395 1229 5446 Β
1253 5394 1726 5465 καταπηγνῦντος.

506 5461 1074 5543 ρςερσρῤυήσ..ΑειΒ
1101 5464 1204 5543 τῇς
1234 5460 1475 5543 ψυχικῆς
1492 5460 1663 5535 ’πτεῤ.

390 5468 460 5584 ἐξ
506 5468 914 5588 ιῗζςερὲῧρυήσ.
942 5468 1007 5522 Δ,
1031 5468 1074 5514 Β
1101 5468 1204 5534 τῆς
1234 5468 1426 5536 ψυχικῑ

366 5468 480 5671 is.)
511 5532 1426 5671 ςὲίσυξῑιῖειεξντενλξιξὲᾷῖί·

391 5599 479 5673 56)
511 5603 614 5656 Ἔν
627 5601 837 5673 συζυτ.
861 5601 926 5658 Β.
955 5602 1061 5655 τῶν
1085 5604 1142 5657 ἐν
1173 5599 1366 5673 σὺξυγ.

504 5648 1137 5765 ᾔέρῖερξὶιὲαξθὰῐᾟξ
1159 5648 1709 5746 ἔτῖἐρὼωάζωσω.
1935 5648 1971 5757 Κ

394 5743 484 5814 58)
528 5744 1025 5822 Επεισθξριθωσιν.
1066 5744 1128 5809 Α,
1164 5746 1206 5797 Β
1231 5744 1600 5816 είσκριθῶσιν.

395 5813 486 5885 59)
536 5814 821 5871 Ὀδυνων.
844 5811 890 5864 Β
922 5812 1144 5868 ὠδίνων.

459 5462 480 5675 ξ

518 5742 1025 5822 ’Βίεισθξριθῶσιιτς
1066 5744 1128 5809 Α,
1164 5746 1206 5797 Β
1231 5742 1600 5816 είσκρὶθῶσιν.

395 5811 486 5885 59)
536 5812 821 5871 Ὀδυνῶν.
844 5811 890 5864 Β
922 5812 1144 5868 ὠδίνων.
