3992 6476
432 346 535 406 H9

1727 350 1781 404 S.
1825 346 2148 409 GREGOBII
2185 348 2479 407 NYSSENI

3577 363 3679 421 190

434 465 609 520 nihilo
643 463 897 518 ducetur.
946 463 1080 518 Nam
1111 464 1298 519 omnia
1342 481 1572 535 prorsus
1621 465 1672 518 iu
1725 471 1998 535 potestate

2108 462 2285 516 Ιιάντα
2339 465 2449 536 γάρ
2490 466 2706 535 πάντως
2748 467 2842 522 ἐπὶ
2882 468 2961 539 τῷ
3001 470 3216 543 φέροντι
3265 472 3529 539 κείσεται,
3582 482 3674 533 καί

431 562 638 612 temere
667 555 933 624 rapientis
959 564 1014 609 et
1041 555 1347 613 auferentis
1376 556 1608 613 fortuna:
1634 557 1742 613 sita
1799 564 1999 620 erunt;

433 662 610 715 neque
649 646 756 700 vita
794 647 1094 717 quidquam
1136 647 1351 703 diﬂ'eret
1386 663 1417 702 a
1452 650 1684 704 navibus
1723 650 2001 719 guberna-

432 748 549 792 tore
575 739 917 803 carentibus,
945 748 1478 796 armamentorumve
1509 741 1853 810 expertibus,
1879 754 2003 811 qua:

432 830 672 885 fortuitis
701 831 923 885 casibus
947 837 1207 901 tanquam
1230 831 1485 887 fluctibus
1511 831 1836 901 quibusdam
1867 832 2003 888 alias

429 920 498 977 ad
533 920 703 976 alium
741 922 1011 975 bonorum
1049 924 1391 977 malorumve
1425 938 1613 977 casum
1650 924 1806 993 quasi
1845 922 2003 992 traji-

430 1007 611 1068 ciatur
634 1022 800 1084 atque
824 1014 1159 1068 traducatur.
1184 1015 1300 1070 Non
1324 1016 1468 1075 enim
1496 1015 1734 1079 lucrum,
1761 1015 1906 1085 quod
1936 1031 2002 1070 ex

434 1106 638 1160 virtute
670 1108 973 1176 contingit,
1008 1108 1192 1163 inesse
1226 1115 1407 1177 potest
1435 1108 1502 1163 iis
1535 1123 1767 1177 quorum
1805 1115 2002 1162 natura

433 1212 500 1250 ex
526 1197 808 1251 contrario
841 1198 1172 1267 principium
1205 1199 1388 1252 habet.
1423 1196 1562 1252 Nam
1593 1197 1864 1267 siquidem
1891 1199 2005 1252 vita

435 1294 624 1349 nostra
658 1286 924 1342 divinitus
960 1289 1321 1358 gubernatur,
1357 1288 1583 1342 dubium
1620 1303 1728 1342 non
1769 1287 2004 1358 amplius

434 1393 557 1436 esse
598 1378 799 1447 poterit
835 1378 966 1447 quin
1001 1379 1273 1433 vitiositas
1318 1378 1441 1432 vitae
1483 1386 1689 1437 nostra:
1717 1394 1825 1434 non
1868 1394 2003 1448 pra:-

434 1470 524 1523 sit.
559 1469 656 1523 Sin
688 1479 870 1528 autem
900 1484 998 1540 per
1034 1469 1226 1523 vitium
1259 1484 1325 1523 ac
1356 1469 1661 1538 nequitiam
1695 1469 2003 1537 nascimur,

437 1561 655 1629 penitus
697 1576 764 1619 ac
810 1577 1038 1633 prorsus
1082 1562 1282 1616 vitiose
1321 1576 1386 1615 ac
1434 1562 1687 1632 nequiter
1735 1562 2003 1617 vivemus.

435 1652 705 1718 Quocirca
757 1668 915 1723 nugae
962 1668 1027 1707 ac
1060 1651 1419 1708 deliramenta
1458 1667 1556 1722 per
1590 1652 1707 1707 haec
1745 1668 1868 1708 esse
1906 1651 2004 1707 de-

438 1743 893 1798 monstrabuntur
923 1750 1046 1812 post
1087 1742 1229 1798 hanc
1264 1743 1429 1796 vitam
1466 1741 1649 1799 futura
1673 1742 1885 1812 judicia
1906 1783 1920 1807 ,
1953 1751 2008 1797 et

440 1850 539 1904 pro
586 1835 787 1888 merito
836 1833 1217 1903 compensatio
1272 1840 1437 1903 atque
1493 1833 1897 1895 remuneratio,
1952 1840 2007 1887 et

436 1942 779 1996 quaecunque
811 1926 915 1980 alia
945 1925 1012 1980 ad
1041 1924 1337 1981 tollendam
1362 1923 1717 1979 vitiositatem
1744 1924 2007 1978 dicuntur

435 2028 491 2077 ct
518 2017 841 2073 creduntur.
871 2016 1008 2071 Nam
1039 2016 1134 2087 qui
1163 2015 1280 2072 fieri
1310 2024 1488 2086 potest
1523 2025 1581 2071 ut
1616 2016 1780 2070 homo
1811 2018 2005 2085 nequi-

434 2109 525 2162 tiae
557 2108 788 2178 vltiique
814 2122 1010 2176 expers
1043 2107 1158 2171 sit,
1191 2106 1284 2176 qui
1320 2121 1419 2176 per
1451 2106 1807 2162 vitiositatem
1841 2113 2004 2159 natus

433 2198 548 2256 sit?
580 2198 868 2264 Quomodo
909 2198 1040 2252 item
1090 2197 1350 2251 alacritas
1389 2197 1559 2251 animi
1595 2198 1847 2266 quaedam
1884 2203 2003 2251 stu—

433 2292 697 2361 diumque
745 2290 812 2345 ad
861 2289 1029 2343 vitam
1078 2303 1206 2344 cum
1253 2288 1455 2343 virtute
1489 2287 1757 2357 agendam
1795 2286 2002 2341 homini

433 2380 646 2451 innasci
672 2379 848 2451 possit
865 2419 881 2444 ,
909 2379 1070 2448 cujus
1103 2385 1298 2432 natura
1324 2392 1356 2431 a
1379 2376 1705 2442 vitiositate,
1730 2384 1792 2431 ut
1827 2376 2004 2443 aiunt,

435 2472 771 2547 principium
804 2471 1012 2526 habet?
1047 2468 1120 2527 Ut
1152 2469 1299 2525 enim
1333 2468 1541 2525 nullum
1569 2484 1637 2527 ex
1668 2468 1849 2523 brutis
1882 2469 2005 2527 anim

433 2564 671 2623 malibus
696 2562 977 2618 hominum
1011 2576 1163 2617 more
1195 2561 1344 2631 loqui
1376 2570 1630 2626 conatur,
1665 2574 1731 2614 ac
1764 2559 2005 2614 naturali

432 2666 810 2726 consuetaque
835 2661 890 2711 et
917 2654 974 2709 in
1005 2668 1115 2725 qua
1142 2652 1410 2713 innutrita
1441 2661 1571 2708 sunt
1600 2667 1734 2709 voce
1765 2654 2003 2719 utentia,

434 2747 571 2803 nihil
599 2747 703 2803 sibi
737 2746 1052 2802 detrimenti
1087 2743 1359 2800 accidisse
1390 2750 1620 2815 putant,
1658 2744 1704 2799 si
1739 2743 2006 2799 orationis

432 2855 500 2894 ac
522 2839 1070 2908 sermonisexpertia
1101 2839 1214 2898 sint
1239 2855 1253 2891 :
1285 2836 1480 2893 eodem
1510 2837 1673 2892 modo
1697 2837 1861 2892 etiam
1893 2836 2005 2903 illi,

432 2930 527 3001 qui
556 2929 747 2994 vitium
770 2944 835 2984 ac
856 2928 1162 2999 nequitiam
1183 2926 1504 2993 existimant
1526 2942 1649 2983 esse
1675 2927 2007 2998 principium

433 3031 489 3078 et
524 3036 751 3077 causam
789 3019 951 3086 vitae,
984 3018 1053 3074 ad
1088 3018 1451 3090 expetendam
1486 3019 1746 3075 virtutem
1767 3059 1782 3084 ,
1819 3026 2010 3088 utpote

2102 556 2253 611 οὐδὲν
2285 558 2314 611 ὁ
2339 557 2452 627 βίος
2483 559 2669 613 διοίσει
2700 560 2810 614 τῶν
2861 562 3275 633 ἀνερματίστων
3301 565 3416 637 (71)
3456 568 3675 634 πλοίων,

2102 650 2224 711 ταῖς
2268 648 2596 721 αὐτομάτοις
2637 650 2966 722 συντυχίαις,
3003 647 3116 707 οἷόν
3138 671 3248 708 τισι
3284 655 3545 726 κύμασιν.
3585 656 3677 709 άλ-

2102 738 2223 791 λοτε
2251 738 2363 809 (72)
2392 739 2527 811 πρὸς
2552 740 2719 813 ἀλλην
2755 742 2938 796 καλῶν
2964 743 2999 813 ἢ
3025 744 3243 813 φαύλων
3276 747 3373 799 σὺν
3399 745 3539 819 τύχῃ
3565 747 3677 815 (75)

2106 829 2587 902 μεθορμιζόμενος.
2622 834 2696 887 Οὐ
2730 834 2839 906 γὰρ
2869 834 2985 889 ἔστι
3013 836 3073 890 τὸ
3092 836 3151 903 ἐξ
3168 838 3368 908 ἀρετῆς
3392 838 3503 907 (74)
3525 841 3680 906 ἐγγε-

2102 921 2287 976 νέσθαι
2325 922 2534 994 κέρδος,
2569 919 2650 987 οἷς
2673 926 2706 996 ἡ
2732 925 2892 994 φύσις
2919 927 2985 980 ἐκ
3008 926 3118 982 τῶν
3143 928 3399 982 ἐναντίων
3425 929 3476 999 (Ἵ
3484 930 3539 997 5)
3580 931 3678 1000 τὴν

2103 1014 2277 1086 ἀρχὴν
2306 1014 2439 1086 ἔχει.
2481 1017 2544 1069 Ei
2570 1016 2669 1087 μὲν
2700 1016 2811 1088 γὰρ
2844 1017 3029 1071 θεόθεν
3057 1020 3418 1089 οἰκονομεῖται
3455 1019 3612 1090 ἡμῶν
3643 1022 3677 1091 η

2105 1104 2238 1177 ζωὴ,
2279 1106 2340 1160 τὸ
2369 1107 2427 1160 δὲ
2465 1106 2579 1178 (76)
2617 1109 2819 1162 κακίαν
2859 1108 3154 1180 κατάρχειν
3189 1109 3291 1180 τῆς
3330 1110 3476 1180 ζωῆς
3522 1109 3677 1180 ἡμῶν

2106 1197 2560 1268 συνομολογεῖται.
2604 1200 2739 1253 Είδέ
2760 1199 2827 1252 δι’
2869 1200 3083 1269 ἐκείνης
3107 1200 3386 1270 φυόμεθα,
3414 1202 3592 1270 πάντη
3618 1217 3675 1252 τε

2105 1288 2197 1347 καὶ
2232 1288 2447 1353 πάντως
2483 1291 2603 1342 κατ’
2642 1291 2813 1360 αὐτὴν
2852 1290 3219 1362 βιοτεύσομεν.
3248 1292 3430 1363 Λῆρος
3465 1288 3560 1345 οὖν
3592 1291 3680 1346 διὰ

2105 1380 2307 1433 τούτων
2364 1380 2844 1453 ἀποδειχθήσεται,
2882 1382 2953 1437 τά
2990 1384 3129 1453 μετὰ
3155 1384 3247 1438 τὸν
3287 1384 3412 1456 τῇδε
3448 1384 3563 1454 βίον
3604 1384 3679 1438 δι-

2107 1471 2409 1542 καιωτήρια
2430 1488 2444 1500 ’
2472 1470 2566 1524 καὶ
2594 1471 2627 1541 ἡ
2663 1471 2798 1541 πρὸς
2827 1471 2939 1543 (77)
2975 1471 3133 1538 ἀξίαν
3170 1473 3524 1534 ἀνταπόδοσις
3545 1473 3680 1543 (78),

2107 1562 2201 1621 καὶ
2229 1560 2328 1615 ὅσα
2349 1561 2484 1615 ἄλλα
2504 1563 2641 1633 πρὸς
2664 1562 2942 1634 ἀναίρεσιν
2977 1562 3078 1632 τῆς
3112 1562 3310 1626 κακίας
3330 1562 3546 1629 λέγεται
3588 1565 3682 1615 καὶ

2108 1649 2461 1703 πεπίστευται
2488 1650 2621 1722 (79).
2647 1649 2770 1714 Πῶς
2797 1649 2906 1720 γὰρ
2932 1650 3153 1703 δυνατὸν
3182 1647 3287 1713 ἔξω
3316 1647 3520 1718 ταύτης
3545 1642 3683 1702 εἶναι

2106 1744 2198 1798 τὸν
2219 1744 2502 1815 ἄνθρωπον
2528 1743 2621 1796 τὸν
2651 1744 2718 1796 δι’
2738 1743 2951 1813 ἐκείνης
2986 1741 3188 1811 φύντα;
3212 1741 3337 1804 Πῶς
3355 1740 3413 1795 δὲ
3447 1743 3542 1795 καὶ
3567 1742 3682 1812 (80)

2107 1837 2250 1906 ὁρμή
2295 1852 2380 1898 τις
2431 1833 2645 1902 ἐγένετο
2701 1833 2813 1902 (81)
2870 1832 3229 1903 προαιρετικὴ
3284 1830 3363 1901 τῷ
3410 1829 3685 1901 ἀνθρώπῳ

2107 1928 2241 1998 πρὸς
2284 1926 2374 1979 τὸν
2409 1926 2529 1979 κατ’
2570 1924 2772 1996 ἀρετὴν
2814 1923 2947 1995 βίον,
3001 1918 3124 1994 οῦή
3168 1921 3329 1993 φύσις
3365 1924 3430 1975 ἐκ
3461 1920 3680 1985 κακίας,

2102 2016 2179 2081 ὡς
2215 2017 2452 2085 λέγουσι,
2484 2014 2583 2086 τὴν
2622 2014 2796 2086 ἀρχὴν
2833 2013 2982 2085 ἔχει;
3036 2015 3124 2090 Ὠς
3152 2014 3262 2085 γὰρ
3294 2014 3395 2067 οὐκ
3416 2014 3683 2085 ἐπιχειρεί

2102 2125 2156 2160 τι
2197 2105 2306 2159 τῶν
2338 2106 2549 2175 ἀλόγων
2574 2105 2686 2176 (82)
2726 2105 3088 2177 ἀνθρωπικῶς
3117 2104 3480 2175 φθέγξασθαι,
3518 2107 3591 2176 τῇ
3623 2104 3683 2158 δὲ

2106 2197 2391 2267 συντρόφῳ
2433 2201 2527 2252 κα).
2577 2197 2715 2250 κατὰ
2761 2196 2923 2266 φύσιν
2965 2196 3278 2267 κεχρημένα
3310 2196 3484 2267 φωνῇ,
3527 2197 3682 2251 0662-

2108 2289 2237 2360 μίαν
2263 2292 2476 2359 ἡγεῖται
2509 2288 2711 2361 ζημίαν
2738 2288 3068 2360 ἀμοιροῦντα
3094 2287 3172 2359 τῷ
3198 2288 3342 2358 λόγῳ
3366 2286 3477 2359 (8'5)
3498 2302 3513 2316 '
3538 2286 3683 2341 κατά

2103 2381 2194 2435 τὸν
2239 2381 2400 2434 αὑτὸν
2451 2381 2672 2452 τρόπον,
2728 2381 2822 2435 καὶ
2857 2375 2940 2442 οἷς
2977 2383 3010 2450 ἡ
3039 2380 3206 2433 κακία
3241 2380 3351 2450 (84)
3400 2378 3682 2449 νομίζεται

2104 2467 2243 2527 εἶναι
2273 2472 2373 2540 τῆς
2405 2470 2550 2541 ζωῆς
2574 2469 2715 2542 ἀρχὴ
2744 2469 2856 2540 (85)
2894 2471 2989 2523 κα).
3023 2468 3171 2523 αἰτία
3190 2507 3206 2534 ,
3232 2469 3334 2521 οὐκ
3360 2466 3428 2521 ἂν
3456 2470 3536 2531 είς
3557 2470 3680 2521 ἐπι-

2107 2562 2304 2635 θυμίαν
2331 2561 2534 2621 ,ἔλθοιεν
2571 2562 2670 2632 τῆς
2707 2561 2929 2632 ἀρετῆς,
2968 2558 3043 2622 ὡς
3071 2558 3177 2626 ἔξω
3206 2558 3307 2628 τῆς
3339 2557 3554 2627 φύσεως
3581 2558 3684 2611 αύ-

2103 2654 2213 2711 τῶν
2237 2653 2423 2725 οὔσης.
2483 2652 2643 2708 Ἀλλά
2692 2652 2797 2723 μὴν
2837 2653 2971 2705 πᾶσι
3014 2652 3125 2713 τοῖς
3161 2649 3589 2721 κεκαθαρμένοις
3618 2650 3684 2703 ἐκ

2105 2746 2382 2817 λογισμῶν
2416 2747 2517 2819 τὴν
2540 2745 2717 2819 ψυχὴν
2744 2743 2835 2798 διὰ
2861 2742 3099 2811 σπουδῆς
3124 2758 3183 2796 τε
3213 2740 3308 2795 καὶ
3333 2739 3627 2809 ἐπιθυμίας
3653 2741 3684 2794 ὁ

2106 2837 2227 2891 κατ’
2259 2836 2371 2906 (86)
2425 2835 2625 2908 ἀρετὴν
2685 2833 2798 2905 βίος
2859 2832 3005 2886 ἐστίν
3035 2830 3168 2903 (87).
3223 2832 3365 2899 Ἀρα
3416 2828 3507 2883 διὰ
3556 2828 3682 2881 τού-

2107 2945 2214 2983 των
2240 2926 2353 2999 (88)
2405 2925 2591 2995 σαφῶς
2629 2924 3049 2987 ἀποδείκνυται,
3090 2921 3153 2975 τὺ
3183 2920 3259 2993 μὴ
3306 2919 3684 2992 πρεσϐυτέραν

2109 3016 2249 3076 εἶναι
2289 3020 2388 3091 τῆς
2436 3018 2581 3089 ζωῆς
2626 3017 2725 3088 τὴν
2755 3015 2986 3081 κακίαν,
3037 3016 3162 3086 μήτ’
3193 3013 3303 3082 (89)
3338 3011 3547 3066 ἐκεῖθεν
3584 3012 3684 3076 τὰς

432 3132 557 3195 quae
589 3122 750 3179 extra
792 3119 1049 3174 naturam
1096 3125 1287 3166 eorum
1331 3110 1441 3177 sit,
1492 3109 1692 3164 adduci
1727 3125 1836 3164 non
1884 3125 2006 3180 pos-

2113 3115 2333 3182 πρώτας
2372 3108 2546 3182 ἀρχὰς
2581 3107 2873 3180 ἐσχηκέναι
2894 3106 2991 3179 τὴν
3019 3106 3199 3176 φύσιν,
3229 3105 3366 3160 ἀλλὰ
3390 3104 3686 3173 κατάρχειν

433 3208 568 3267 sint.
607 3204 773 3275 Atqui
810 3217 1002 3259 omnes
1041 3202 1136 3272 qui
1176 3201 1486 3257 rationibus
1535 3201 1773 3255 animam
1807 3216 2010 3273 purga-

434 3306 548 3369 tam
584 3296 826 3360 habent,
860 3294 1030 3349 vitam
1059 3309 1184 3364 quae
1232 3308 1360 3348 cum
1405 3293 1611 3348 virtute
1647 3293 2009 3364 transigatur,

435 3404 655 3445 summo
683 3387 869 3444 studio
899 3394 1165 3457 appetunt
1201 3394 1367 3455 atque
1405 3387 1831 3456 concupiscunt.
1872 3386 2013 3459 Ergo

437 3496 537 3559 per
572 3480 677 3534 hoc
716 3488 903 3549 aperte
935 3478 1347 3534 demonstratur
1378 3478 1734 3535 vitiositatem
1769 3480 1881 3534 vita
1915 3494 2013 3534 an-

437 3570 729 3649 tiquiorem
760 3586 868 3637 non
896 3584 1021 3626 esse
1048 3589 1064 3626 :
1094 3585 1272 3643 neque
1300 3569 1454 3635 illinc
1478 3571 1711 3641 primam
1741 3570 2010 3642 originem

436 3670 692 3726 naturam
725 3662 1024 3729 habuisse,
1059 3662 1157 3730 sed
1200 3664 1327 3729 vita:
1375 3673 1585 3719 natura:
1629 3671 1915 3723 auctorem
1958 3671 2012 3719 et

438 3769 662 3819 causam
692 3770 817 3809 esse
846 3755 1174 3824 sapientiam
1203 3753 1297 3809 Dei
1321 3793 1338 3819 ,
1366 3771 1491 3825 qua:
1525 3770 1709 3810 rerum
1742 3762 2002 3809 naturam

440 3846 753 3913 universam
784 3844 1136 3913 administrat
1166 3852 1332 3914 atque
1358 3846 1644 3915 gubernat.
1669 3844 1806 3902 Cum
1830 3854 2010 3901 autem

439 3934 623 4001 anima
662 3932 1123 4011 quemadmodum
1164 3933 1404 3988 creatori
1442 3934 1658 4003 placet,
1714 3935 1770 3989 in
1825 3949 2011 3991 rerum

440 4035 692 4091 naturam
731 4026 1082 4095 provenerit,
1130 4032 1266 4081 tunc
1300 4026 1367 4080 ad
1406 4026 1698 4082 arbitrium
1747 4042 1867 4084 eam
1912 4028 2013 4083 eli-

440 4130 603 4195 gere,
655 4112 804 4184 quod
841 4115 1054 4184 placeat
1092 4122 1257 4186 atque
1292 4116 1444 4183 cordi
1488 4115 1596 4181 sit,
1644 4128 1700 4171 et
1740 4118 2012 4189 quidquid

441 4223 537 4287 per
572 4206 888 4262 facultatem
922 4208 1158 4279 eligendi
1188 4208 1539 4273 arbitrarium
1576 4223 1701 4265 esse
1730 4211 2008 4277 voluerit,

439 4300 491 4353 id
525 4300 691 4354 etiam
731 4300 983 4355 evadere.
1031 4298 1185 4355 Hanc
1214 4307 1398 4355 autem
1434 4301 1762 4369 sententiam
1797 4302 2011 4359 discere

439 4389 718 4461 possimus
753 4390 822 4442 ab
852 4390 1212 4454 similitudine
1243 4391 1420 4468 oculi,
1453 4391 1545 4461 qui
1580 4399 1641 4449 ut
1675 4393 1857 4449 videat
1887 4398 2009 4465 qui-

2114 3202 2269 3273 ἡμῶν
2303 3204 2403 3273 τῆς
2433 3201 2578 3271 ζωῆς
2620 3200 2721 3271 τὴν
2762 3198 2823 3253 τὸ
2867 3201 2975 3253 πᾶν
3005 3195 3389 3269 οίκονομοῦσαν
3411 3196 3506 3251 τοῦ
3548 3194 3684 3250 Θεοῦ

2114 3293 2324 3361 σοφίαν.
2378 3289 2669 3345 Ἐλθοῦσαν
2717 3290 2787 3353 δὲ,
2808 3290 2889 3353 είς
2919 3290 3133 3359 γένεσιν
3172 3287 3272 3359 τὴν
3320 3286 3498 3358 ψυχὴν
3544 3284 3686 3339 κατά

2111 3385 2203 3438 τὸν
2231 3383 2535 3455 ἀρέσκοντα
2572 3384 2775 3455 τρόπον
2811 3381 2890 3453 τῷ
2920 3381 3191 3449 κτίσαντι,
3216 3380 3339 3443 τότε
3378 3378 3498 3433 κατ’
3530 3377 3684 3442 ἐξου-

2114 3479 2235 3533 σίαν
2278 3479 2446 3549 αὐτὴν
2484 3478 2756 3551 αἱρεῖσθαι
2796 3477 2858 3531 τὸ
2901 3475 3043 3532 κατά
3074 3476 3298 3548 γνώμην
3332 3478 3399 3531 ἐκ
3438 3475 3538 3547 τῆς
3571 3474 3685 3545 (90)

2112 3571 2506 3643 προαιρετικῖκ
2521 3570 2821 3641 δυνάμεως,
2845 3571 2873 3624 ὂ
2891 3570 2944 3625 τί
2962 3586 3067 3642 περ
3093 3569 3160 3624 ἂν
3187 3568 3358 3622 ἐθέλει
3386 3567 3496 3639 (91)
3525 3565 3687 3620 τοῦτο

2113 3663 2209 3719 καὶ
2246 3662 2557 3734 γινομένην.
2587 3661 2871 3732 Μάθοιμεν
2896 3661 2942 3716 δ’
2968 3660 3038 3716 ἀν
3062 3660 3155 3715 τὸν
3178 3660 3333 3730 λόγον
3358 3660 3424 3713 ἐκ
3447 3657 3540 3716 τοῦ
3574 3658 3685 3713 τῶν

2109 3754 2405 3826 ὀφθαλμῶν
2434 3754 2543 3826 (9‘2)
2559 3753 2975 3825 ύποδείγματος,
3006 3746 3051 3821 ᾧ
3083 3753 3144 3807 τδ
3167 3752 3419 3824 μὲν.ὁρᾷν
3448 3753 3595 3804 ἐστιν
3616 3754 3684 3806 ἐκ

2112 3863 2334 3916 φύσεως
2374 3846 2434 3900 τὸ
2453 3845 2509 3899 δὲ
2538 3846 2612 3917 μὴ
2640 3847 2772 3917 ὁρᾷν
2796 3845 2861 3899 ἐκ
2881 3843 3255 3917 προαιρέσεως
3275 3844 3310 3915 ἢ
3332 3843 3426 3897 καὶ
3455 3841 3681 3905 πάθους.

2113 3938 2326 3992 Γένοιτο
2363 3938 2473 4010 γὰρ
2516 3939 2581 3993 ἄν
2611 3954 2741 3990 ποτε
2775 3938 2870 3992 καὶ
2920 3936 2981 3990 τὸ
3029 3936 3181 4007 παρά
3216 3934 3378 4005 φύσιν
3405 3935 3517 4004 (93)
3563 3934 3687 3987 ἀντὶ

2110 4029 2211 4099 τῆς
2236 4028 2470 4098 φύσεως,
2492 4027 2527 4098 ἢ
2555 4028 2817 4091 ἑκουσίως
2842 4026 2987 4090 τινὸς
3017 4025 3108 4080 τὸν
3129 4022 3408 4095 ὀφθαλμὸν
3435 4023 3685 4095 μύοντος,

2111 4119 2144 4192 ἢ
2197 4121 2262 4174 ἐκ
2302 4120 2507 4183 πάθους
2548 4120 2901 4191 στερηθέντος
2944 4118 3041 4190 τῆς
3071 4117 3266 4188 ὅψεως.
3311 4116 3496 4179 Οὕτως
3539 4115 3688 4170 ἐστιν

2111 4213 2305 4277 εἰπεῖν,
2342 4214 2438 4268 καὶ
2475 4215 2542 4284 τῇ
2603 4213 2748 4284 ψυχῇ
2783 4212 2965 4267 θεόθεν
3002 4213 3100 4284 μὲν
3150 4204 3290 4265 εἶναι
3342 4210 3442 4279 τὴν
3487 4209 3687 4262 σύστα-

2115 4322 2200 4359 σιν
2239 4306 2373 4376 (94),
2410 4304 2678 4377 μηδεμιᾶς
2711 4305 2766 4359 δὲ
2811 4304 3107 4375 νοουμένης
3139 4302 3268 4374 περὶ
3298 4301 3359 4355 τὸ
3389 4302 3543 4355 Θεῖον
3584 4319 3686 4354 κα-

2112 4396 2255 4459 κίας,
2288 4395 2393 4462 ἔξω
2420 4396 2521 4465 τῆς
2550 4396 2670 4450 κατ’
2704 4396 2873 4466 αὐτὴν
2906 4395 3149 4465 ἀνάγκης
3173 4390 3346 4446 εἶναι’
3390 4392 3688 4462 γενομένην

439 4460 562 4533 dem
592 4495 623 4532 a
656 4486 853 4546 natura
870 4480 1053 4543 habet.
1085 4488 1144 4533 ut
1176 4460 1357 4536 autem
1391 4460 1504 4537 non
1523 4484 1727 4549 videat,
1759 4501 1824 4541 ex
1855 4460 2006 4541 arbi-

2113 4488 2171 4541 δὲ
2207 4460 2382 4550 οὕτως
2418 4460 2489 4558 τῇ)
2521 4487 2628 4558 ίδία
2662 4460 2855 4558 γνώμη
2889 4460 3117 4558 πρὸς-το
3141 4484 3330 4538 δοκοῦν
3372 4460 3622 4552 ἄγεσθαι,
3644 4460 3688 4554 Vi)

439 4569 552 4637 trio
590 4583 655 4623 ae
690 4568 1033 4651 praecedente
1064 4570 1376 4635 voluntate,
1412 4575 1498 4635 vel
1549 4576 1713 4639 etiam
1759 4592 1828 4641 ex
1878 4579 2011 4645 vitio

441 4668 605 4728 atque
642 4658 979 4713 calamitate.
1020 4657 1127 4714 Pro
1158 4669 1356 4714 natura
1381 4662 1529 4717 enim
1566 4665 1860 4733 aliquando
1895 4668 2012 4723 lieri

441 4756 625 4819 potest
657 4748 824 4804 etiam
861 4748 916 4805 id
946 4749 1090 4833 quod
1122 4757 1322 4820 praeter
1351 4761 1606 4808 naturam
1638 4763 1756 4820 est,
1790 4765 1885 4823 aut
1914 4773 2008 4813 vo-

882 4928 1159 5004 atlgtgpf.
1186 4928 1228 4981 A
1257 4929 1312 4983 in
1347 4929 1589 5001 margine
1605 4931 2006 5004 ἀκυδερνήτων.

659 4997 931 5054 "Allata.
966 4997 1010 5049 B
1053 4998 1181 5052 ἄλλο
1201 5011 1272 5049 τι.

652 5068 778 5123 Σὺν
807 5068 984 5138 τύχῃ.
1009 5069 1076 5130 Α,
1107 5068 1148 5119 Β
1170 5067 1479 5138 συντυχίαν.

534 4998 605 5053 79.

535 5069 601 5123 75

659 5136 1224 5262 χῖς.
1238 5207 1280 5259 Β
1300 5136 1392 5261 τενῦ
1419 5210 1661 5262 ἐναντίου

541 5278 629 5347 .76)
668 5279 738 5331 Τὸ
769 5277 856 5331 δέ.
888 5285 953 5345 Α,
973 5279 1013 5330 B
1035 5278 1096 5330 τδ
1118 5276 1277 5347 μηδέ.

541 5279 629 5339 76)
668 5279 738 5331 Τὸ
769 5279 856 5331 δέ.
888 5279 1013 5345 A,B
1035 5279 1096 5330 τὸ
1158 5294 1189 5347 η

509 5279 632 5468 {77)
665 5348 735 5437 1H
754 5348 921 5414 πρός.
946 5350 1010 5401 Ai
1032 5295 1189 5418 πρὲἒ.

517 5417 611 5468 118
678 5417 1110 5468 Ανταπόδοσιο.
1136 5417 1177 5468 Β

512 4928 596 4983 ’Ἴ
672 4929 881 4998 Ἀνερμ

512 4928 628 5135 ξτὲξ
659 5001 881 5087 “tuo?

535 5069 601 5123 7o
652 5072 778 5123 Συν
807 5085 880 5122 τυ

665 5348 735 5418 Ἦ
754 5348 1010 5418 πρόςηΛί
1032 5364 1108 5418 πρ

670 5416 1110 5482 Ἂνταπόδοονιςε.
1136 5417 1177 5468 Β
1203 5416 1603 5481 ἀνταποδόσεις.

551 5427 632 5484 ιδ)
675 5427 1110 5482 Ἀνταπόσοσις.
1136 5427 1177 5468 υ
1203 5427 1498 5470 ἀνταποδόσ

414 5478 443 5563 ς
647 5484 1130 5563 ῌεπίστερτ-ᾳιᾷιξ
1161 5486 1498 5563 πιστεύεται.

515 5552 629 5619 (80)
659 5553 732 5607 Δὲ
760 5552 880 5605 καί.
898 5554 943 5605 Λ
972 5556 1015 5605 Β
1033 5555 1077 5607 δ’
1099 5555 1166 5608 ἂν
1192 5553 1302 5611 καί.

519 5622 633 5693 (81)
673 5620 964 5693 Ἐγένετο.
989 5624 1129 5693 A,_B
1166 5624 1463 5693 ἐγγένοιτο.

522 5690 633 5769 ἰξὲ)
672 5690 943 5769 Ἀβδγξυν·
974 5694 1038 5769 A2
1064 5690 1127 5769 ἷξε
1158 5690 1366 5769 θάμνοι
1396 5692 1570 5757 ζώων.

518 5759 629 5823 (85)
670 5759 755 5824 Τῷ
776 5760 957 5837 λόγῳ.
992 5760 1060 5828 Α,
1081 5761 1125 5811 Β
1150 5760 1243 5828 τοῦ
1269 5760 1448 5829 λόγου.

2116 4580 2182 4632 ἐκ
2207 4577 2575 4648 προαιρέσεως
2596 4578 2734 4648 πρὸς
2761 4577 2822 4630 τὸ
2848 4576 3011 4630 καλὸν
3031 4575 3387 4646 ἐπιμύουσαν,
3413 4574 3447 4646 ἢ
3476 4573 3537 4638 ἐξ
3568 4574 3690 4625 ἐπι-ν

2119 4667 2317 4737 ϐουλῆς
2348 4666 2442 4721 τοῦ
2475 4668 2845 4732 συνοικοῦντος
2876 4667 3034 4738 ἡμῶν
3059 4669 3125 4738 τῇ
3158 4664 3269 4736 ζωῇ
3306 4664 3541 4734 πολέμου
3573 4663 3690 4734 (95)

2115 4760 2207 4814 τὸν
2238 4759 2512 4831 ὀφθαλμὸν
2554 4758 2961 4831 βλαπτομένην,
2999 4758 3095 4812 κα).
3131 4758 3192 4811 ἐν
3225 4755 3303 4828 τῷ
3344 4756 3442 4827 τῆς
3474 4755 3694 4825 ἀπάτης

2211 4939 2304 5007 84)
2334 4938 2404 4995 Ἦ
2419 4939 2619 4994 κακία.
2648 4940 2691 4991 Β
2710 4938 2899 4994 κακία.

2212 5009 2302 5131 ξὲξ
2343 5009 2857 5131 ῖίῦρέἔὲένῗθέσῗξέί

2210 5079 2302 5133 86)
2346 5079 2408 5132 '0
2431 5079 2786 5133 κατ’.Βὲστ).ν
2810 5079 2839 5131 ὁ
2873 5079 3015 5132 κατ’.

2210 5150 2303 5217 87)
2348 5150 2572 5202 Ἐστίν.
2596 5148 2743 5203 Delet
2756 5148 2817 5203 Β.

2210 5216 2299 5281 88)
2332 5220 2581 5273 Τούτων.
2604 5220 2669 5281 Α,
2700 5217 2743 5270 Β
2761 5216 2975 5281 τούτου.

2210 5220 2277 5272 88
2332 5220 2581 5273 Τούτων.
2604 5220 2669 5281 Α,
2700 5219 2743 5270 Β
2761 5219 2867 5270 τού·

2186 5219 2299 5358 ἷεθῖ
2327 5286 2497 5354 Μήτ’.
2520 5292 2591 5358 _A.
2616 5288 2677 5358 Β·
2709 5280 2867 5358 μηδέί

2188 5353 2302 5426 (90)
2350 5353 2451 5412 Ἐκ
2468 5356 2596 5423 τῆς.
2621 5357 2667 5409 Α
2696 5353 2748 5410 ἱίι
2772 5353 3019 5426 margine
3034 5353 3140 5409 διά.

2188 5425 2301 5494 (91)
2347 5426 2590 5481 meum.
2617 5429 2679 5491 Α,
2707 5426 2749 5477 B
2769 5425 2948 5494 ὲθέλῂ.

2188 5442 2270 5493 (υτ
2284 5442 2301 5494 )
2351 5442 2590 5481 Ἐσελει.
2617 5442 2679 5491 Λ,
2708 5442 2749 5477 υ
2769 5442 2891 5478 euut
2934 5465 2948 5477 .

2186 5496 2299 5566 (92)
2326 5495 2449 5550 Τῶν
2468 5494 2805 5564 ὀφθαλμῦν.
2821 5442 2963 5566 ῌΔΡΒ
2983 5493 3126 5548 κατά
3150 5493 3241 5548 τὸν
3269 5491 3568 5565 ὀφθαλμόν.

2185 5564 2297 5634 (95)
2327 5567 2539 5619 Φύσιν.
2568 5567 2613 5618 Α
2636 5567 2734 5635 τὴν
2764 5564 2946 5635 φύσιν.

2189 5632 2299 5706 (lli)
2338 5632 2702 5706 Σύο-ταστινξ
2734 5632 2798 5706 Α,
2838 5634 2880 5685 Β
2907 5634 3165 5706 σύστασιν
3195 5632 3382 5705 αὐτῆς.

2192 5702 2304 5776 (95)
2342 5705 2632 5773 Πολέμου.
2671 5706 2735 5769 Λ,
2763 5704 2806 5755 Β
2843 5702 3122 5774 πολεμίου.
