3992 6466
242 389 326 444 121
1366 386 1453 441 DE
1489 386 1707 442 ANIMA
1744 387 1832 444 ET
1866 381 2471 444 RESURRECTIONE.
3411 376 3513 433 12%

242 500 581 574 βιοτεύουσαν
613 502 740 575 (96)
771 503 972 572 σκότει,
1017 504 1112 558 καὶ
1149 504 1209 558 τὸ
1239 503 1353 576 (97)
1381 503 1620 575 ἔμπαλιν
1651 503 1814 558 καθα-

1925 504 2135 558 luntate
2169 516 2270 558 sua
2302 500 2498 555 oculos
2530 497 2718 569 aliquo
2747 496 3078 561 claudente,
3112 502 3208 550 aut
3239 512 3305 551 ex
3338 495 3512 548 inl'or-

242 596 341 666 ρῶς
379 596 516 664 πρὸς
567 594 677 665 τὴν
729 595 983 667 ἀλήθειαν
1033 595 1368 667 βλέπουσαν,
1430 594 1623 665 πόρρω
1679 594 1814 663 γίνε-

1930 594 2087 647 tunio
2121 603 2285 661 atque
2313 591 2633 645 calamitate
2669 602 2770 641 usu
2806 587 3095 641 oculorum
3124 586 3402 655 adempto.
3432 581 3511 637 lta

242 685 353 740 σθαι
379 684 492 755 (98)
526 686 645 740 τῶν
679 687 970 742 σκοτεινῶν
1003 686 1362 758 παθημάτων.

1930 684 2040 738 dici
2074 689 2254 753 potest
2288 682 2357 735 de
2391 680 2576 734 anima
2597 718 2613 742 ,
2639 693 2669 732 a
2698 678 2808 733 Deo
2832 677 3053 748 quidem
3084 693 3204 733 eam
3234 676 3512 732 conditam

242 784 392 847 atque
425 783 687 831 creatam
726 793 881 844 esse,
918 793 985 834 ac
1018 794 1144 834 cum
1180 777 1334 833 nulla
1364 776 1639 832 vitiositas
1671 775 1822 831 circa
1862 774 2110 830 divinum
2165 788 2370 828 numen
2423 770 2917 835 animadvertatur,
2970 783 3090 824 eam
3142 778 3297 823 extra
3347 769 3509 823 vitio-

242 868 409 923 sitatis
448 882 578 925 esse
618 871 1033 927 necessitatem.
1087 872 1225 928 Cum
1277 881 1460 929 autem
1501 874 1605 927 hac
1639 871 1957 927 conditione
1986 876 2172 925 creata
2206 868 2316 932 sit,
2349 883 2449 923 sua
2483 867 2768 921 voluntate
2834 871 3002 934 atque
3069 863 3303 917 arbitrio
3380 862 3509 917 duci

238 975 345 1013 eam
379 976 491 1030 quo
518 961 714 1017 visum
755 961 948 1027 fuerit,
982 972 1077 1018 aut
1110 982 1178 1021 ex
1216 967 1388 1021 libera
1424 967 1710 1023 voluntate
1747 964 1816 1019 ad
1855 967 2059 1019 bonum
2090 973 2144 1019 et
2175 964 2464 1018 honestum
2494 960 2685 1014 oculos
2716 956 3061 1012 claudentem
3083 996 3098 1021 ,
3132 962 3226 1008 aut
3291 970 3355 1009 ex
3421 955 3509 1007 in-

238 1054 381 1109 sidiis
412 1055 538 1109 vitae
568 1064 782 1111 nostrae
811 1058 1179 1115 cohabitantis
1210 1061 1386 1117 hostis
1405 1100 1421 1126 ,
1456 1062 1649 1116 vitium
1683 1069 1740 1117 et
1762 1061 2038 1130 jacturam
2058 1061 2348 1115 oculorum
2375 1056 2740 1112 sustinentem
2762 1095 2778 1120 ,
2805 1062 2859 1108 et
2884 1053 2939 1106 in
2995 1050 3206 1106 fraudis
3262 1050 3512 1107 tenebris

240 1142 500 1197 viventem
532 1160 548 1198 :
593 1153 700 1200 aut
734 1146 898 1201 etiam
932 1162 1001 1202 ex
1040 1149 1322 1203 contrario
1362 1164 1499 1220 pure
1533 1148 1591 1204 in
1624 1148 1909 1205 veritatem
1937 1147 2244 1204 intuentem
2276 1146 2469 1218 procul
2518 1161 2549 1198 a
2598 1142 2910 1199 tenebrosis
2969 1140 3260 1196 affectibus
3318 1149 3374 1195 et
3434 1140 3515 1195 vi-

240 1231 322 1287 tiis
359 1233 582 1289 abesse.

306 1391 438 1445 Πότε
477 1386 577 1445 οὖν
612 1393 736 1465 ἐρεῖ
760 1411 843 1457 τις
869 1394 1161 1465 γινομένην
1195 1395 1331 1467 (99),
1359 1396 1454 1450 καὶ
1478 1395 1626 1460 πῶς;
1669 1395 1814 1449 Ἀλλέ

1999 1389 2231 1456 Quando
2266 1388 2437 1459 igitur
2463 1386 2609 1442 dicet
2640 1385 2839 1456 aliquis
2866 1399 2986 1440 eam
3022 1383 3214 1449 nasci,
3248 1391 3343 1438 aut
3371 1399 3512 1455 quo-

238 1479 328 1551 τὴν
359 1480 457 1550 μὲν
487 1480 730 1552 ζήτησιν
765 1482 862 1554 τὴν
894 1477 1023 1553 περὶ
1054 1482 1146 1536 τοῦ
1181 1485 1300 1548 πῶς
1330 1484 1399 1538 τὰ
1429 1486 1505 1556 (1)
1540 1484 1662 1538 καθ’
1693 1484 1814 1538 ἔκα-

1925 1481 2137 1536 modo?
2168 1482 2347 1550 Atque
2377 1494 2441 1534 ea
2478 1478 2700 1549 quidem
2736 1476 2973 1547 quaestio
2994 1514 3009 1539 ,
3044 1490 3151 1544 qua
3186 1475 3332 1530 scire
3364 1475 3513 1528 desi-

239 1587 351 1623 στον
375 1571 627 1639 γέγονεν,
662 1572 967 1644 ἐξαιρετέον
996 1574 1175 1645 πάντη
1207 1575 1300 1629 τοῦ
1327 1576 1506 1644 λόγου.
1535 1574 1673 1630 Οὔτε
1714 1575 1814 1647 γὰρ

1920 1568 2168 1634 deratur,
2202 1584 2313 1639 qua
2349 1568 2562 1622 ratione
2593 1581 2936 1636 unaquaeque
2978 1581 3069 1620 res
3102 1564 3250 1618 facta
3289 1565 3399 1627 sit,
3440 1580 3508 1619 ex

241 1660 357 1731 περὶ
400 1659 511 1713 τῶν
559 1662 875 1734 προχείρων
919 1663 1051 1732 ἡμῖν
1095 1665 1176 1727 είς
1216 1666 1561 1735 κατανόησιν,
1603 1659 1679 1720 ῶν
1725 1665 1814 1737 τὴν

1920 1662 2175 1716 oratione
2206 1660 2427 1731 penitus
2456 1658 2748 1713 eximenda
2776 1667 2880 1713 est.
2917 1655 3108 1729 Neque
3136 1657 3283 1711 enim
3314 1658 3383 1711 de
3412 1657 3504 1721 iis,

237 1750 505 1820 ἀντίληψιν
531 1752 604 1804 δι’
632 1752 939 1823 αἰσθήσεως
970 1753 1187 1826 ἔχομεν,
1233 1756 1459 1810 δυνατὸν
1500 1759 1567 1812 ἂν
1610 1757 1814 1826 γένοιτο

1917 1767 2040 1822 quae
2073 1752 2232 1805 nobis
2284 1750 2675 1805 animadversu
2720 1750 3054 1819 cognitoque
3092 1747 3281 1802 facilia
3320 1758 3376 1802 et
3412 1764 3508 1801 ex-

236 1838 305 1908 τῴ
329 1839 745 1913 διερευνωμένῳ
776 1841 920 1911 λόγῳ
938 1880 955 1906 ,
987 1843 1047 1896 τὸ
1084 1844 1202 1910 πῶς
1230 1846 1437 1916 ὑπέστη
1469 1847 1531 1899 τὸ
1556 1847 1814 1918 φαινόμε-

1920 1842 2103 1911 pedita
2155 1851 2323 1905 sunt,
2375 1855 2614 1911 quorum
2668 1841 3078 1910 perceptionem
3132 1856 3229 1910 per
3275 1855 3501 1895 sensum

238 1947 315 1980 νον
354 1929 731 2000 κατανοῆσαι,
784 1932 860 1997 ὡς
894 1934 1031 2005 μήτε
1060 1938 1173 1998 τοῖς
1212 1935 1661 2007 θεοφορουμένοις
1723 1938 1814 1991 καὶ

1921 1934 2301 2003 adipiscimur,
2358 1933 2477 1987 ﬁeri
2531 1933 2743 2002 possit,
2794 1938 2856 1984 ut
2906 1933 3048 1985 ratio
3099 1932 3401 1986 scrutati-ix
3454 1938 3509 1985 et

237 2020 395 2087 ἁγίοις
441 2021 682 2093 ἀνδράσι
733 2023 795 2076 τὸ
820 2023 1062 2077 τοιοῦτον
1090 2025 1294 2097 ληπτὸν
1333 2028 1677 2099 νομισθῆναι.
1715 2029 1815 2083 Πί-

238 2128 340 2165 στει
362 2111 469 2183 γὰρ
508 2113 768 2185 νοοῦμεν,
817 2117 980 2188 φησὶν
1013 2117 1090 2188 (2)
1127 2121 1156 2173 ὁ
1211 2119 1529 2185 Ἀπόστολος
1559 2120 1660 2191 (ὅ),
1688 2138 1818 2174 κατ-

237 2201 473 2272 ηρτίσθαι
516 2204 652 2267 τοὺς
693 2204 896 2269 αίῶνας
944 2209 1150 2278 ῥήματι
1192 2208 1348 2274 Θεοῦ,
1387 2213 1466 2275 είς
1511 2211 1572 2264 τὸ
1606 2213 1679 2283 μὴ
1716 2215 1818 2283 ὲμ-

240 2292 569 2367 μαινομένων
606 2292 686 2362 (4)
715 2293 784 2345 τὰ
813 2293 1065 2364 ὁρώμενα
1099 2295 1176 2365 (5)
1218 2298 1525 2366 γεγονέναι·
1574 2300 1675 2351 οὐκ
1725 2298 1813 2363 ἂν,

242 2378 310 2441 ὡς
329 2379 509 2450 οἴομαι
532 2380 639 2451 (6),
687 2380 843 2434 τοῦτο
867 2381 1035 2437 είπὼν
1067 2383 1166 2455 (7),
1195 2384 1354 2457 εἴπερ
1384 2385 1522 2458 ᾤετο
1552 2389 1813 2457 γνωστὸν,

240 2468 363 2524 εἶναι
409 2473 500 2526 διὰ
531 2473 648 2526 τῶν
705 2472 980 2545 λογισμῶν
1025 2475 1086 2528 τὸ
1129 2475 1478 2548 ζητούμενον.
1545 2480 1685 2533 Ἀλλ’
1731 2480 1815 2534 ὅτι

242 2562 329 2631 μὲν
356 2564 626 2634 θελήματι
663 2564 793 2635 θείῳ
816 2567 1175 2637 κατήρτισται
1203 2570 1363 2631 αὑτός
1391 2587 1451 2624 τε
1475 2572 1504 2622 ὁ
1535 2570 1691 2636 αἰὼν,
1720 2573 1815 2625 καὶ

243 2653 402 2707 πάντα
444 2656 546 2708 ὅσα
577 2660 641 2709 ὲν
674 2656 821 2726 αὐτῷ
866 2660 1156 2729 γεγένηται
1195 2662 1479 2728 (ὁστισοῦν
1519 2662 1586 2716 ἂν
1620 2665 1703 2733 εἴη
1736 2664 1813 2736 (8)

238 2738 377 2808 οὗτος
414 2748 442 2798 ὁ
486 2746 652 2811 αίὼν,
691 2740 737 2815 ᾧ
779 2749 1217 2820 παραθεωρείται
1248 2753 1396 2805 πᾶσα
1425 2753 1608 2824 ὁρατὴ⁵
1630 2771 1689 2806 τε
1721 2756 1813 2808 καὶ

240 2835 455 2906 ἀόρατος
478 2838 731 2908 κτίσις),
758 2838 917 2893 τοῦτο
944 2841 1369 2895 πεπιστευκέναι
1390 2844 1554 2914 φησὶν
1580 2846 1609 2897 ὁ
1656 2845 1813 2897 Ἀπό-

243 2924 430 2988 στολος,
478 2927 540 2980 τὸ
570 2927 632 2980 δὲ
681 2927 797 2991 πῶς
845 2931 1056 3001 ἀφῆκεν
1095 2930 1492 3004 ἀδιερεύνητον.
1532 2933 1667 2987 Οὐδὲ
1706 2934 1811 3004 γὰρ

242 3016 441 3084 ἐφικτὸν
489 3018 550 3070 τὸ
588 3019 829 3074 τοιοῦτον
873 3017 1026 3092 οἶμαι
1075 3025 1187 3087 τοῖς
1240 3024 1596 3096 ἀναζητοῦσιν
1650 3021 1808 3089 εἶναι,

1917 2025 2277 2095 inquisitrix,
2320 2024 2596 2093 quomodo
2638 2024 2692 2077 id
2734 2022 2881 2092 quod
2921 2035 3185 2093 apparet,
3230 2025 3285 2077 in
3321 2039 3507 2079 rerum

1917 2127 2169 2173 naturam
2221 2117 2552 2186 productum
2592 2116 2698 2181 sit,
2737 2116 3143 2170 animadvertat
3195 2123 3363 2185 atque
3413 2130 3508 2170 co-

1917 2217 2182 2279 gnoscat,
2214 2208 2354 2263 adeo
2387 2216 2447 2263 ut
2493 2223 2597 2262 nec
2641 2207 2842 2277 spiritu
2893 2208 3115 2276 quidem
3170 2223 3235 2261 ac
3282 2208 3508 2261 numine

1918 2299 2107 2354 divino
2138 2300 2315 2369 raptis
2347 2309 2401 2354 et
2433 2299 2631 2354 amatis
2664 2300 2985 2369 sanctisque
3010 2299 3143 2353 viris
3174 2300 3227 2353 id
3256 2314 3507 2368 compre-

1918 2390 2190 2445 bensibile
2224 2405 2348 2446 esse
2384 2390 2751 2444 existimetur.
2784 2387 2916 2443 Fide
2954 2389 3506 2459 enim‘intelligimus

1880 2510 1885 2515 ι
1916 2482 2225 2551 composita
2256 2496 2322 2535 ac
2350 2480 2593 2550 perfecta
2623 2495 2748 2535 esse
2774 2481 2975 2535 sazcula
3022 2481 3192 2534 verbo
3249 2479 3379 2545 Dei,
3419 2481 3505 2534 in-

1916 2573 2035 2642 quit
2056 2572 2376 2641 Apostolus,
2404 2581 2461 2625 ut
2487 2588 2553 2625 ex
2582 2586 2694 2626 non
2720 2572 3112 2642 apparentibus
3142 2586 3204 2625 ea
3232 2586 3350 2639 quae
3380 2587 3506 2625 con-

1917 2660 2235 2728 spiciuntur
2272 2669 2438 2730 atque
2479 2667 2807 2722 cernuntur,
2852 2659 2995 2713 facta
3031 2675 3155 2715 esse
3192 2661 3506 2730 intelligan-

1917 2760 2027 2805 tur.
2062 2750 2216 2814 Non,
2251 2762 2310 2805 ut
2341 2751 2562 2820 opinor,
2600 2752 2705 2804 hoc
2733 2752 3016 2816 dicturus,
3053 2752 3099 2805 si
3143 2751 3364 2820 quidem
3407 2766 3507 2820 per

1918 2843 2374 2898 ratiocinationes
2396 2883 2410 2907 ,
2447 2842 2500 2896 id
2540 2842 2687 2911 quod
2718 2843 3007 2913 quaeritur,
3044 2843 3306 2913 cognosci
3341 2858 3508 2911 posse

1915 2943 2155 3006 putaret.
2199 2934 2308 2989 Sed
2351 2933 2499 3004 quod
2540 2936 2823 2990 voluntate
2864 2934 3086 3004 quidem
3131 2936 3313 2989 divina
3338 2977 3351 3001 ,
3389 2943 3504 2988 tum

1923 3027 2100 3096 ipsum
2135 3027 2428 3087 saeculum,
2460 3033 2574 3079 tum
2601 3025 2788 3079 omnia
2813 3041 2935 3094 qua:
2958 3040 3024 3081 ex
3050 3025 3145 3080 illo
3176 3025 3316 3079 facta
3343 3037 3502 3091 sunt,

241 3106 419 3171 πολλὰς
459 3109 780 3179 ἀμηχανίας
808 3110 902 3164 τοῦ
932 3114 1062 3183 περὶ
1102 3112 1308 3167 τούτων
1338 3115 1652 3186 ζητήματος
1678 3118 1812 3187 ἡμῖν

1922 3116 2224 3186 composita
2271 3123 2440 3185 atque
2489 3114 2732 3184 perfecta
2786 3116 2895 3170 sint
2949 3114 3360 3185 (quodcunque
3395 3125 3508 3170 tan-

243 3199 667 3267 προδεικνύντος,
706 3202 827 3267 πῶς
862 3205 925 3258 ὲκ
971 3205 1072 3276 τῆς
1105 3205 1350 3278 ἑστώσης
1395 3206 1612 3277 φύσεως
1637 3209 1697 3262 τὸ
1730 3226 1815 3262 κι-

240 3291 475 3361 νούμενον
504 3296 580 3348 ὲκ
609 3294 708 3365 τῆς
737 3296 913 3367 ἁπλῆς
941 3314 1000 3350 τε
1028 3299 1122 3351 καὶ
1150 3298 1473 3353 ἀδιαστάτου
1507 3301 1566 3354 τὸ
1596 3300 1817 3370 διαστη-

243 3386 450 3453 ματικόν
490 3406 561 3441 τε
616 3388 710 3441 καὶ
766 3388 1054 3454 σύνθετον;
1109 3392 1252 3463 ’Ᾱρα
1284 3392 1358 3462 (9)
1394 3392 1454 3457 ἐξ
1492 3393 1664 3461 αὐτῆς
1718 3392 1816 3463 τῆς

240 3475 634 3551 ὑπερκειμένης
662 3480 882 3545 οὖσίας;
926 3482 1065 3535 Ἀλλ’
1108 3483 1207 3553 οὐχ
1234 3483 1488 3553 ὁμολογεί
1531 3483 1594 3537 τὸ
1629 3485 1813 3555 έτερο-

239 3570 376 3635 γενὲς
398 3571 417 3641 ζ
422 3572 512 3642 10)
543 3571 690 3642 ἔχειν
712 3572 849 3644 πρὸς
884 3572 1100 3644 ὲακείνην
1120 3572 1187 3625 τὰ
1216 3572 1367 3639 ὄντα,
1401 3573 1516 3626 ἀλλ’
1552 3571 1817 3644 ἑτέρωθεν

242 3660 387 3714 πόθεν
411 3663 551 3735 (11).
589 3662 695 3717 Καὶ
733 3663 839 3735 μὴν
872 3664 1025 3719 οὐδὲν
1060 3664 1259 3730 ἔξωθεν
1284 3665 1385 3735 τῆς
1419 3665 1568 3727 θείας
1602 3665 1817 3734 φύσεως

239 3752 435 3823 ὁλόγος
482 3756 697 3827 βλέπει.
746 3751 823 3812 Ἦ
866 3757 976 3828 γὰρ
1015 3756 1082 3811 ἂν
1126 3758 1464 3830 διασχισθείη
1515 3758 1653 3830 πρὸς
1699 3757 1815 3811 δια-

242 3847 422 3917 φόρους
454 3848 638 3920 ἁρχὰς
663 3851 697 3920 ὴ
721 3849 1008 3921 ὑπόληψις,
1043 3850 1170 3904 εἴτι
1196 3852 1295 3923 τῆς
1324 3851 1615 3923 ποιητικῆς
1637 3851 1817 3914 αἰτίας

241 3936 333 4004 ἔξω
366 3942 678 4013 νομισθείη,
729 3943 860 4014 παρτ
899 3937 1016 4014 οῦὴ
1050 3943 1274 4015 τεχνικὴ
1317 3944 1500 4013 σοφία,
1538 3943 1641 4008 τὰς
1677 3943 1816 4014 πρὸς

241 4028 327 4099 τὴν
349 4033 523 4088 κτίσιν
561 4034 918 4105 παρασκευὰς
950 4035 1279 4105 ἐρανίζεται.
1328 4035 1482 4087 Ἐπεὶ
1507 4031 1601 4089 οῦν
1629 4035 1689 4089 ἓν
1717 4035 1816 4107 μὲν

240 4120 337 4173 τῶν
374 4123 544 4177 ὄντων
584 4124 647 4176 τὸ
683 4123 877 4189 αἴτιον,
924 4126 1022 4196 οὐχ
1061 4126 1300 4197 ὁμογενῆ
1341 4125 1400 4179 δὲ
1431 4128 1498 4198 τῇ
1555 4127 1815 4198 ὑπερκει-

244 4211 367 4286 μένη
393 4214 555 4283 φύσει
585 4215 655 4269 τὰ
700 4215 765 4268 δι’
806 4215 1022 4286 ἐκείνης
1072 4215 1421 4287 παραχθέντα
1448 4219 1530 4280 είς
1558 4219 1775 4287 γένεσιν
1797 4235 1812 4249 ·

243 4300 320 4371 ίση
362 4305 416 4357 δὲ
458 4305 589 4360 καθ’
622 4307 882 4379 ἑκάτερον
916 4306 1030 4380 (12)
1075 4309 1134 4361 ὲν
1178 4312 1293 4372 τοῖς
1331 4310 1749 4381 ὑπονοουμένοις
1781 4313 1814 4383 ἡ

1919 3207 2042 3262 dem
2072 3207 2238 3263 etiam
2275 3208 2537 3263 szeculum
2577 3219 2697 3273 est,
2730 3225 2855 3263 cum
2891 3225 3002 3280 quo
3033 3225 3141 3264 una.
3175 3210 3506 3279 intelligitur

1916 3299 2100 3354 omnis
2139 3307 2194 3353 et
2234 3298 2473 3354 visibilis
2515 3307 2569 3355 et
2609 3299 2911 3356 invisibilis
2943 3302 3277 3369 creatura),
3311 3302 3416 3356 hoc
3448 3317 3508 3356 se

1916 3392 2142 3446 credere
2170 3390 2312 3446 dicit
2344 3391 2647 3460 Apo’stolus
2669 3431 2685 3457 ,
2736 3394 2832 3448 sed
2874 3396 3163 3463 quomodo
3199 3396 3505 3463 composita

1916 3490 2083 3552 atque
2112 3483 2359 3551 perfecta
2388 3485 2523 3549 sint,
2548 3486 2790 3539 scrutari
2815 3495 2980 3554 atque
3005 3486 3343 3556 investigare
3371 3501 3509 3554 pra:-

1916 3575 2177 3630 termisit.
2215 3574 2407 3646 Neque
2439 3576 2589 3631 enim
2624 3578 2865 3631 arbitror
2901 3577 2954 3630 id
2989 3593 3322 3649 quemquam
3357 3578 3508 3632 inve-

1916 3664 2177 3735 stigando
2215 3665 2437 3736 assequi
2471 3652 2638 3735 atque
2664 3665 3135 3736 comprehendere
3167 3681 3350 3734 posse,
3379 3681 3504 3719 cum

1919 3757 2127 3812 multas
2175 3756 2340 3811 nobis
2393 3757 2628 3826 quaistio
2677 3756 2748 3812 de
2800 3757 2890 3813 his
2921 3756 3086 3813 rebus
3122 3758 3294 3827 prima
3330 3758 3509 3812 fronte

1917 3849 2267 3907 diﬂicultates
2316 3867 2381 3906 ac
2424 3850 2816 3921 perplexitates
2849 3850 3151 3906 ostendat:
3185 3865 3297 3920 quo
3343 3865 3507 3921 pacto

1916 3960 1982 4000 ex
2015 3945 2354 4001 consistente
2392 3959 2459 3999 ac
2500 3944 2689 3999 stabili
2736 3952 2936 3999 natura
2969 3942 3022 3997 id
3051 3943 3197 4013 quod
3228 3952 3503 4004 movetur,

1916 4035 2231 4092 exstiterit?
2255 4035 2386 4090 Item
2413 4050 2480 4091 ex
2505 4035 2743 4105 simplici
2773 4035 2988 4106 pariter
3020 4036 3071 4089 id
3112 4034 3257 4105 quod
3293 4034 3509 4089 dimen-

1916 4123 2172 4180 sionibus
2212 4124 2631 4194 intervallisque
2679 4125 2982 4180 obnoxium
3032 4131 3087 4178 et
3134 4124 3503 4192 compositum

1916 4217 2045 4271 est?
2099 4215 2361 4286 Nunquid
2407 4232 2471 4271 ex
2516 4216 2633 4285 ipsa
2680 4229 2939 4285 suprema
2982 4215 3222 4267 natura?
3265 4214 3338 4266 At
3394 4229 3504 4268 non

1917 4308 2245 4363 conceditur
2275 4322 2457 4377 neque
2486 4314 2742 4369 constat,
2776 4312 3066 4374 propterea
3111 4303 3257 4373 quod
3302 4303 3504 4356 diversi

244 4394 445 4464 ἀτοπία,
493 4397 559 4451 τό
588 4414 649 4451 τε
681 4398 746 4451 ὲκ
778 4397 878 4468 τῆς
919 4400 1138 4469 φύσεως
1184 4400 1278 4455 τοῦ
1323 4400 1458 4455 Θεοῦ
1492 4402 1590 4473 τὴν
1634 4404 1813 4457 κτίσιν

1918 4398 2139 4469 generis
2178 4398 2248 4451 ab
2297 4398 2391 4450 illa
2424 4411 2514 4451 res
2567 4401 2779 4449 caeterae
2825 4393 2971 4460 sint,
3018 4406 3087 4446 an
3139 4392 3359 4446 aliunde
3403 4393 3506 4446 ali-

244 4483 451 4553 οίεσθαι,
482 4488 579 4541 καὶ
612 4488 672 4541 τὸ
700 4487 760 4554 ἐξ
786 4488 981 4559 ἑτέρας
1009 4490 1157 4554 τινὸς
1190 4490 1378 4555 οὐσίας
1405 4468 1702 4563 ὑποστῆναι
1742 4492 1811 4546 τὰ

1915 4468 2113 4544 cunde.
2165 4488 2331 4557 Atqui
2385 4487 2524 4541 nihil
2577 4493 2733 4541 extra
2785 4484 3030 4541 divinam
3082 4492 3334 4537 naturam
3368 4484 3505 4536 ratio

245 4577 405 4632 πάντα
424 4597 438 4612 ·
484 4580 522 4652 ἦ
569 4579 679 4654 γὰρ
715 4580 813 4634 καὶ
836 4580 947 4652 (15)
974 4581 1037 4635 τὺ
1061 4581 1215 4637 Θείον
1243 4585 1301 4637 ὲν
1325 4585 1438 4648 τοῖς
1460 4584 1563 4655 τῆς
1582 4583 1814 4647 κτίσεως

1915 4580 2113 4635 cernit.
2151 4577 2287 4632 Nam
2323 4579 2500 4635 scissa
2542 4577 2806 4632 nimirum
2840 4591 2906 4632 ac
2934 4576 3114 4631 divisa
3145 4582 3294 4631 esset
3318 4575 3506 4644 opinio

249 4664 519 4739 ἰδιώμασιν
557 4665 696 4723 εῖναι
726 4669 1178 4741 ὑπονοηθήσεται,
1212 4672 1371 4744 εἴπερ
1399 4672 1675 4742 ὁμογενῶς
1700 4672 1814 4743 (14)

1915 4671 1967 4725 in
1993 4669 2264 4741 principia
2294 4669 2544 4732 diversa,
2578 4667 2624 4724 si
2654 4668 2788 4737 quid
2814 4675 2972 4721 extra
3002 4679 3229 4720 causam
3258 4663 3505 4719 elIectri-

251 4756 366 4825 πρὸς
400 4759 491 4812 τὸν
536 4758 671 4812 Θεὸν
714 4757 827 4829 ἔχοι
858 4759 970 4831 (15)
999 4760 1068 4814 τὰ
1098 4761 1388 4830 γεγονότα·
1434 4763 1470 4832 1)
1518 4779 1602 4825 τις
1649 4762 1808 4835 ὑλικὴ

1916 4776 2033 4817 cem
2067 4775 2189 4816 esse
2214 4760 2634 4816 existimaretur
2654 4795 2670 4823 ,
2701 4774 2732 4813 a
2767 4773 2876 4828 quo
2900 4757 3207 4811 artiﬁciosa
3234 4753 3502 4824 sapientia

250 4845 393 4912 φύσις
433 4848 542 4915 ἔξω
565 4847 666 4918 τῆς
698 4847 850 4913 θείας
880 4848 1068 4914 οὐσίας
1098 4850 1558 4923 ἀντεξαχθήσεται
1591 4850 1705 4925 (16)
1733 4852 1812 4924 τῷ

1918 4860 2218 4924 apparatus
2271 4853 2341 4907 ad
2392 4851 2699 4908 creandum
2755 4859 3003 4907 sumeret
3053 4857 3109 4905 et
3160 4852 3504 4915 corrogaret.

1923 5071 2055 5109 ποτε
2085 5056 2180 5109 καὶ
2209 5053 2377 5107 ἔστιν.

309 5046 414 5124 (ρο)
452 5049 859 5124 grandaevor-
902 5052 1126 5124 σκότει.
1167 5053 1236 5118 A,
1281 5052 1325 5104 B
1363 5051 1500 5123 βιοτ.
1545 5052 1720 5123 σκότῳ
1754 5053 1810 5124 ἦ.

1992 5125 2069 5195 (9)
2114 5126 2275 5192 Ἄρα.
2317 5125 2363 5177 Α
2387 5123 2444 5178 in
2475 5121 2721 5195 margine
2753 5117 2885 5194 ἄρα.

309 5117 413 5185 (97)
454 5119 564 5172 Καὶ
592 5122 680 5173 τό.
706 5122 752 5172 Α
781 5119 815 5185 ἦ
856 5121 951 5173 καὶ
984 5122 1064 5174 τό.

311 5395 333 5601 ἕ

455 5190 762 5265 Ῑξίνεσθαιο
794 5185 1143 5265 Β-γενέσθαι.
1991 5185 2107 5265 (10)
2156 5185 2548 5265 Ἑτεροτενές.
2585 5185 2627 5246 Ᾰ
2671 5193 2726 5247 in
2767 5185 3014 5261 margine
3052 5185 3391 5259 ὁμολογεῖται
3426 5186 3532 5258 τῷ’

429 5255 893 5335 -ιξινοιεένῃν.-Β”
920 5262 1238 5335 γενομένην.
1918 5255 2249 5335 έτέρογενῶς
2275 5255 2439 5334 ἕχεὶν.

311 5324 670 5402 ί1)ἠῶς,έάα
701 5324 1001 5402 Ᾱπῶςίὲό.
1051 5324 1064 5333 ’
1106 5401 1130 5402 ἦ
1173 5324 1184 5332 ’
1297 5401 1304 5402 ί
1476 5399 1500 5402 _
1990 5324 2105 5402 (it)
2157 5324 2476 5402 Ἐτέῥξυθεν
2506 5334 2714 5389 πόθεν.
2746 5332 2789 5384 B
2826 5327 3089 5402 ὲτέρωθέν
3127 5326 3313 5402 ποθεν.

330 5336 385 5396 1)
418 5336 552 5395 Πῶς
577 5336 670 5383 τά.
701 5336 747 5384 A
770 5336 888 5395 πῶς
920 5336 1001 5385 τό.

421 5400 712 5473 ΠΡοῖῦμεῩν
757 5401 970 5473 φησίῆ
1004 5404 1068 5473 At
1104 5401 1148 5453 Β
1180 5401 1340 5473 φηςὶο
1380 5399 1627 5473 νοοῦμεν·

1990 5336 2106 5473 (11)
2157 5336 2476 5402 Ἐτέρωθεν
2506 5336 2714 5389 πόθεν.
2747 5336 2789 5384 Β
2826 5336 3089 5452 ὲτέέρωθέν
3127 5336 3313 5409 ποθεν.
3418 5396 3430 5409 .

2018 5405 2084 5459 t2
2159 5403 2491 5473 Ἑκάτερον.
2533 5407 2582 5458 A
2619 5405 2675 5459 in
2710 5408 2862 5458 textu
2937 5415 3114 5470 τερον,
3160 5413 3217 5453 tn
3259 5411 3508 5469 margine

334 5466 384 5537 3)
432 5467 495 5523 '0
536 5466 917 5536 Ἄπόστὸλὸς.
944 5466 1130 5526 Delent
1162 5466 1228 5537 Α,
1248 5466 1324 5524 ’Β.
1510 5466 1522 5473 ’

1920 5466 2199 5537 ἑκάτερον.
2355 5466 2373 5473 ⁷
3003 5466 3016 5470 ’
3350 5497 3358 5504 ·

335 5535 391 5665 il
1990 5535 2106 5665 5:22
2145 5543 2504 5665 eam:
2533 5545 2593 5665 ι
2616 5539 3031 5665 missa?"

768 5609 827 5684 ΔΑ
851 5612 904 5663 in
932 5605 1176 5684 margine
1206 5605 1533 5684 βλεπόμενα.

1990 5605 2106 5684 (Mi
2155 5605 2504 5684 Ὀιὶογῖενῷς.
2546 5612 2593 5665 Α
2631 5605 2982 5683 ὁμοιογενῶς.

339 5627 391 5742 υ)
448 5627 746 5729 (ἶρωμενα.
767 5627 827 5691 ,Α
851 5627 904 5663 ιη
932 5627 1176 5692 margine
1206 5627 1533 5692 ΡΑεπομενα.

337 5677 380 5753 ξ
423 5681 647 5753 (leuat.
676 5679 736 5753 Α
766 5695 821 5753 [η
854 5694 1099 5752 margine
1118 5677 1270 5752 οἶμαι
1300 5681 1467 5736 τουτ’.

2016 5627 2106 5675 Mi
2156 5627 2504 5684 Ὀμογενως.
2546 5627 2567 5665 ι

1990 5627 2104 5753 (15)
2147 5684 2403 5753 ἝχοιεΒ
2430 5682 2567 5753 ἔχει.

1919 5760 1926 5769 ”
1991 5743 2105 5823 (16)
2155 5743 2785 5823 Ἁίῖτεεαχθῆσεταιηᾼ
2820 5753 2877 5805 in
2908 5758 3057 5806 textu
3080 5743 3502 5817 ἀντεισαχθήσε-

317 5743 389 5881 g)
421 5743 641 5838 ξίῖὶὠν.
676 5743 721 5799 Β
745 5743 922 5818 οἶμαι.

371 5814 389 5881 )
455 5822 603 5881 οσα,
637 5828 746 5876 etc.
778 5822 844 5881 Δ,
878 5820 919 5870 Β

340 5812 389 5882 8)
425 5818 603 5885 Ὅσα,
637 5828 746 5876 etc.
778 5812 844 5899 A,
878 5820 919 5870 Β
948 5819 1016 5874 τὰ
1058 5820 1116 5875 ἐξ
1157 5821 1367 5878 ἐκείνου
1403 5821 1667 5894 γενόμενα
1698 5824 1726 5878 ὅ
1756 5822 1809 5877 τί
1918 5812 2032 5893 ταὶ,
2069 5812 2123 5880 in
2147 5812 2954 5895 ωδε-εἰοόᾶντεξετασθήσεται.
