3992 6438
475 359 579 414 125

1673 356 1732 414 S.
1768 357 2099 416 GREGORII
2135 358 2426 418 NYSSENI

3632 349 3732 412 128

469 477 740 544 Quoniam
792 476 958 548 igitur
1002 492 1111 532 una
1162 476 1386 549 quidem
1436 492 1619 533 rerum
1652 479 2039 535 universarum

2158 479 2261 550 Βεῷ
2287 479 2431 534 κατά
2459 478 2521 533 τδ
2550 480 2846 549 ἀγέννητον
2880 476 2995 548 (I7)
3027 480 3091 550 τῇ
3128 477 3389 547 ἀῑδιότητι
3439 473 3538 529 τοῦ
3582 475 3732 554 ὄντος

468 584 638 624 causa
665 576 750 623 est
767 608 781 630 ,
813 583 914 623 nec
940 567 1189 639 ejusdem
1214 585 1337 624 cum
1363 585 1621 640 suprema
1649 579 1849 625 natura
1875 586 2040 640 gene-

468 661 547 715 ris
578 666 706 713 sunt
732 675 795 715 ea
825 675 947 731 quae
976 677 1074 731 per
1103 660 1249 716 illam
1286 671 1571 731 procreata
1604 670 1777 717 sunt:
1812 677 1914 732 par
1954 663 2040 716 ni-

2145 548 2520 643 παρισουμένη
2541 587 2554 601 ·
2588 573 2726 642 ὅπερ
2743 548 2829 641 δή
2848 570 2945 625 καὶ
2975 548 3266 641 Μανιχαϊοι
3301 548 3740 638 φαντασθέντες,ὶ

2144 662 2237 717 καί
2266 679 2411 726 τινες
2439 665 2538 732 τῆς
2582 661 2907 733 Ἑλληνικῆς
2936 660 3254 730 φιλοσοφίας
3284 659 3396 730 (l8)
3428 661 3555 721 ταῖς
3594 655 3733 719 ἴσαις

470 750 671 804 mirum
728 751 1021 823 utriusque
1074 753 1354 823 opinionis
1394 753 1708 810 absurditas
1751 762 1873 816 est,
1926 753 2044 809 sive

2158 752 2425 815 ὅπονοίαις
2466 752 2905 823 συνενεχθέντες,
2936 752 3113 822 δόγμα
3138 750 3237 822 τὴν
3263 749 3573 819 φαντασίαν
3600 746 3732 799 ταύ-

467 841 595 909 quis
634 849 785 907 putet
815 857 879 897 ex
914 848 1110 896 natura
1148 841 1243 897 Dei
1277 851 1619 904 creaturam,
1658 842 1775 896 sive
1811 854 1878 895 ex
1932 840 2044 894 alia

2146 861 2249 916 την
2281 844 2626 916 πεποίηνται.

467 934 727 1005 quapiam
783 935 1026 990 essentia
1070 950 1160 991 res
1204 942 1435 990 cunctas
1471 934 1523 988 in
1566 948 1749 989 rerum
1792 940 2046 987 naturam
2087 937 2389 1007 productas
2426 954 2552 996 esse
2589 958 2602 993 :
2636 947 2732 993 aut
2760 954 2910 995 enim
2940 950 3155 993 numen
3209 951 3432 1008 quoque
3484 935 3729 990 divinum

470 1024 899 1092 proprietatibus
926 1033 1139 1079 natura».
1172 1024 1458 1094 praeditum
1502 1039 1629 1079 esse
1669 1022 2099 1092 existimabitur,
2139 1028 2413 1099 siquidem
2456 1028 2703 1100 ejusdem
2738 1045 2864 1085 cum
2899 1030 3011 1085 Deo
3043 1031 3265 1100 generis
3325 1035 3458 1083 sunt
3487 1041 3555 1082 ea
3613 1042 3732 1095 qua:

471 1115 616 1170 facta
658 1124 823 1187 atque
856 1127 1040 1173 creata
1083 1126 1213 1174 sunt
1241 1136 1257 1174 :
1291 1125 1385 1172 aut
1414 1117 1601 1188 aliqua
1633 1124 1835 1172 natura
1869 1119 2171 1178 materialis
2202 1130 2358 1179 extra
2386 1122 2630 1179 divinam
2697 1124 2996 1179 essentiam
3064 1123 3333 1178 adversus
3403 1121 3576 1177 Deum
3644 1123 3729 1177 in-

468 1206 816 1270 troducetur,
853 1214 907 1262 et
936 1221 1061 1260 eum
1097 1222 1164 1262 eo
1205 1207 1643 1278 comparabitur,
1672 1222 1796 1277 qua:
1836 1207 2052 1265 ratione
2091 1226 2202 1266 non
2265 1212 2465 1283 genitae
2530 1213 2919 1284 proprietatis,
2965 1227 3090 1268 cum
3136 1210 3575 1281 sempiternitate
3611 1210 3730 1278 ejus

471 1297 702 1363 quiest,
753 1296 1110 1367 adaequetur:
1158 1296 1308 1369 quod
1354 1298 1617 1353 nimirum
1662 1299 1829 1355 etiam
1864 1298 2154 1359 Manichaai
2185 1305 2500 1375 imaginati,
2527 1315 2587 1360 et
2637 1305 2888 1360 nonnulli
2950 1319 3018 1359 ex
3081 1301 3398 1357 Graecanica
3464 1303 3729 1373 sapientia

472 1387 680 1444 eisdem
724 1388 1082 1459 opinionibus
1130 1391 1382 1457 assensi,
1427 1405 1527 1462 pro
1567 1399 1719 1448 certa
1761 1393 2055 1464 stabilique
2086 1400 2363 1455 sententia
2398 1400 2541 1456 hanc
2565 1398 3014 1470 imaginationem
3045 1396 3380 1451 habuerunt.

540 1523 614 1580 Ut
642 1539 774 1595 ergo
799 1525 1036 1579 maxime
1060 1523 1385 1594 eﬂ‘ugiamns
1407 1532 1461 1577 et
1488 1524 1758 1581 evitemus
1782 1538 1901 1580 eam
1929 1540 2053 1595 qua:

471 1632 537 1673 ex
558 1622 792 1686 utraque
813 1623 969 1686 parte
994 1615 1213 1671 exsistit
1234 1615 1633 1670 ahsurdilatem
1658 1614 1712 1668 in
1737 1615 2048 1685 quaestione

2238 1533 2326 1596 Ὠς
2359 1531 2426 1587 ἀν
2476 1532 2709 1602 μάλιστα
2755 1528 2850 1587 οὖν
2902 1531 3235 1602 ἐκφύγοιμεν
3265 1530 3365 1602 τὴν
3396 1531 3494 1599 ἀφ’
3532 1531 3728 1584 eum-

2157 1639 2250 1693 ρου
2284 1623 2394 1693 (19)
2422 1624 2651 1677 ἀτοπίαν
2678 1625 2737 1676 ὲν
2763 1625 2828 1694 τῇ
2862 1623 3086 1693 ζητήσει
3127 1622 3236 1675 τῶν
3260 1621 3453 1684 ὄντων,
3490 1622 3635 1676 κατὰ
3672 1623 3732 1675 τὺ

472 1710 543 1766 de
570 1711 734 1765 rebus
760 1708 1060 1773 universis,
1087 1706 1335 1776 exemplo
1364 1705 1552 1772 Pauli,
1580 1706 1846 1761 rationem
1869 1745 1885 1771 ,
1910 1723 2041 1776 quo-

2158 1714 2240 1768 τοῦ
2290 1715 2610 1768 Ἀποστόλου
2648 1715 2761 1785 (20)
2794 1714 3129 1782 ὑπόδειγμα,
3165 1712 3729 1784 ἀπολυπραγμόνητον

474 1799 639 1853 modo
674 1796 1105 1868 unumquodque
1139 1803 1386 1851 creatum
1423 1795 1528 1860 sit,
1559 1795 1850 1865 explorare
1887 1803 2053 1865 atque

474 1891 712 1947 scrutari
763 1889 1276 1959 praetermittamus,
1316 1895 1529 1941 tantum
1579 1887 1758 1941 obiter
1788 1886 2055 1942 duntaxat

475 1980 818 2043 indicantes,
863 1979 1010 2049 quod
1055 1987 1240 2034 motus
1285 1978 1487 2033 divinae
1525 1977 1827 2039 voluntatis
1858 1994 1923 2034 ac
1952 1978 2051 2034 de-

475 2070 809 2133 Stinationis,
839 2084 964 2124 cum
995 2068 1251 2132 voluerit,
1286 2083 1377 2125 res
1411 2068 1471 2123 ﬁt
1500 2076 1553 2122 et
1578 2068 1835 2124 voluntas
1863 2070 1930 2125 ad
1962 2084 2055 2123 es-

474 2161 706 2217 sentiam
735 2168 790 2215 et
813 2158 1067 2215 ell'eetnm
1096 2157 1384 2227 redigitur,
1415 2157 1670 2229 protinus
1698 2166 1895 2219 natura
1926 2172 2054 2213 eva-

476 2253 648 2316 dens,
684 2254 812 2322 quia
847 2253 1215 2322 quodcunque
1248 2250 1434 2306 divina
1482 2259 1727 2320 potestas
1780 2250 2057 2319 sapienter

478 2342 687 2412 pariter
708 2347 764 2396 et
786 2339 1084 2394 artiﬁciose
1105 2338 1363 2403 voluerit,
1382 2338 1436 2397 id
1460 2340 1796 2394 voluntatem
1820 2354 2016 2394 vanam
2038 2378 2054 2403 ,

480 2430 809 2487 ineﬂicaeem
838 2437 892 2484 et
921 2430 1128 2499 absque
1152 2428 1351 2485 ell'ectu
1384 2444 1511 2486 esse
1542 2445 1653 2485 non
1686 2429 1917 2500 patitur.
1949 2428 2058 2484 Vo-

482 2523 709 2578 lnntatis
736 2529 916 2576 autem
948 2520 1271 2576 exsiatentia
1301 2528 1464 2591 atque
1497 2520 1805 2576 substantia
1825 2559 1839 2582 ,
1869 2535 2059 2576 essen-

481 2613 558 2667 tia
589 2619 694 2669 est.
724 2611 862 2667 Cum
896 2617 1079 2667 autem
1111 2610 1366 2666 bifariam
1413 2610 1604 2666 divisae
1647 2611 1760 2668 sint
1808 2625 1897 2666 res
1940 2611 2060 2665 uni-

480 2719 685 2769 versae,
719 2712 834 2759 tum
871 2704 928 2759 in
962 2703 1335 2759 intellectuale
1360 2705 1539 2773 (quod
1565 2719 1689 2759 cum
1717 2711 1900 2759 mente
1935 2703 2058 2758 sola

480 2802 697 2850 constat
726 2802 782 2850 et
810 2794 1122 2865 intelligens
1166 2801 1287 2857 est,
1335 2801 1450 2849 tum
1496 2801 1680 2853 mente
1725 2794 1844 2849 sola
1892 2804 2059 2865 atque

482 2887 845 2958 intelligentia
876 2889 1122 2944 cernitur
1152 2896 1208 2944 et
1241 2888 1802 2958 comprehenditur),
1835 2897 1954 2945 tum
2002 2891 2058 2945 in

480 2979 800 3048 corporale,
849 2977 1304 3033 intellectualium
1354 2977 1574 3048 quidem
1631 2986 1888 3034 creatura
1946 2995 2057 3035 non

482 3068 700 3123 videtur
728 3069 917 3137 aliquo
943 3066 1107 3122 modo
1141 3068 1459 3136 discrepare
1488 3082 1551 3122 ac
1584 3067 1807 3125 diversa
1833 3085 1957 3126 esse
1986 3069 2056 3125 ab
2082 3050 2126 3108 ο

483 3158 794 3228 incorporei
822 3166 1023 3214 natura
1046 3198 1061 3221 ,
1098 3159 1192 3214 sed
1224 3173 1349 3214 esse
1374 3159 1818 3230 expropinqno,
1853 3161 2059 3232 quippe

484 3264 610 3304 cum
641 3249 721 3314 id,
744 3249 891 3319 quod
924 3249 1102 3305 visum
1133 3257 1189 3305 et
1214 3256 1445 3315 tactum,
1464 3249 1868 3307 dimensionem
1897 3260 2061 3322 atque

485 3340 833 3396 intervallum
862 3340 1071 3411 cﬂ’ugit,
1116 3341 1393 3396 ostendat.
1437 3341 1592 3407 Quod
1637 3342 1826 3411 utique
1865 3343 1912 3398 si
1938 3343 2063 3413 quis

484 3433 650 3486 etiam
683 3431 751 3488 de
784 3447 1043 3503 suprema
1072 3438 1272 3489 natura
1309 3433 1646 3502 suspicetur,
1681 3449 1792 3490 non
1826 3435 2059 3492 errabit.

482 3521 659 3578 Porro
683 3538 809 3604 cum
840 3539 1105 3594 corporea
1137 3532 1393 3579 creatura
1423 3524 1570 3580 inter
1605 3539 1700 3582 cas
1746 3528 2063 3597 proprieta-

484 3623 568 3670 tes
598 3631 720 3684 qua:
748 3616 957 3670 nullam
979 3632 1104 3673 eum
1137 3616 1326 3673 divino
1354 3615 1591 3674 Numine
1620 3620 2062 3675 communionem

484 3706 724 3769 habent,
760 3714 1042 3774 spectetur
1071 3716 1240 3776 atque
1271 3708 1655 3765 consideretur
1686 3751 1701 3776 ,
1744 3726 1920 3781 eaque
1964 3726 2065 3781 po-

486 3796 761 3851 tissimum
791 3812 1045 3866 magnam
1080 3798 1230 3852 illam
1262 3799 1633 3856 dimcultatem
1681 3816 1748 3856 ac
1794 3803 2067 3872 perplexi-

487 3897 655 3943 tatem
679 3889 878 3945 rationi
908 3891 1191 3962 ingeneret
1209 3930 1224 3955 ,
1253 3907 1376 3961 qua:
1402 3894 1541 3947 ratio
1570 3894 1880 3964 perspicere
1903 3902 2069 3965 atque

487 3978 926 4036 animadvertere
964 3997 1074 4036 non
1114 3990 1327 4051 potest,
1361 3998 1473 4053 quo
1504 3992 1664 4052 pacto
1702 3999 1767 4043 ex
1801 3984 2067 4041 invisibili

486 4068 769 4125 exstiterit
796 4070 848 4125 id
879 4070 1026 4141 quod
1051 4071 1315 4127 videtur?
1339 4088 1405 4128 ex
1431 4087 1499 4128 eo
1534 4073 1679 4141 quod
1712 4082 1916 4128 tactum
1941 4074 2070 4131 cliu-

488 4162 603 4232 git,
631 4162 868 4217 solidum
898 4174 1059 4233 atque
1080 4161 1277 4218 durum
1302 4180 1317 4228 ;
1342 4179 1409 4220 ex
1437 4164 1721 4220 indeﬁnito
1747 4164 2064 4227 deﬁnitum;

488 4271 556 4311 ex
586 4270 652 4310 eo
680 4255 825 4326 quod
873 4263 929 4310 ct
968 4254 1293 4326 quantitatis
1335 4262 1392 4311 et
1435 4255 1830 4327 magnitudinis
1874 4270 2069 4325 expers

488 4352 605 4410 est,
655 4345 709 4400 id
757 4344 906 4415 quod
946 4346 1174 4401 omnino
1209 4345 1487 4403 mensuris
1520 4345 1853 4415 quibusdam
1877 4384 1892 4407 ,
1945 4360 2068 4414 qua:

490 4450 590 4506 per
617 4437 977 4503 quantitatem
1007 4436 1409 4504 intelliguntur,
1437 4438 1794 4499 continetur?
1824 4436 1889 4491 Et
1916 4454 2067 4509 qua:-

492 4541 712 4595 cunque
759 4527 866 4579 alia
897 4526 1215 4594 singulatim
1258 4528 1409 4583 circa
1442 4544 1762 4598 corpoream
1811 4537 2064 4585 naturam

494 4616 1034 4686 comprehenduntur
1067 4616 1136 4671 de
1170 4616 1373 4685 quibus
1395 4624 1609 4676 tantum
1636 4621 1893 4685 dicimus,
1919 4620 2063 4691 quod

494 4707 635 4763 nihil
663 4723 851 4763 earum
880 4722 1063 4763 rerum
1084 4752 1101 4777 ,
1133 4725 1257 4781 quae
1284 4710 1434 4765 circa
1466 4724 1670 4779 corpus
1698 4712 2064 4766 considerari.-

493 4809 604 4867 tur,
635 4812 733 4869 per
759 4812 883 4854 sese
918 4792 1123 4869 corpus
1159 4806 1282 4866 est,
1325 4813 1433 4854 non
1473 4798 1682 4869 ﬁgura,
1732 4813 1842 4854 non
1887 4800 2065 4868 color,

450 5046 453 5055 -
567 5019 678 5087 (17)
729 5017 1100 5087 Ἀγέννητον.
1129 5016 1173 5087 Β
1207 5017 1488 5087 ἀγένητον.

566 5085 680 5158 (18)
719 5085 1106 5158 Φιλοσοφίας.
1142 5086 1189 5138 Λ
1227 5087 1279 5139 in
1313 5085 1557 5158 margine
1589 5085 1803 5158 σοφίας.

566 5155 678 5227 (l9)
729 5158 844 5226 Ἀφ’
871 5155 1186 5227 ἐκατέρου,
1214 5159 1283 5227 _A,
1315 5156 1357 5207 B
1387 5157 1471 5224 ἐφ’
1506 5156 1785 5227 ἑκάτερον.

569 5224 682 5293 (20)
720 5224 880 5285 Κατὰ
907 5227 974 5291 τὸ
1013 5225 1121 5280 τοῦ
1175 5224 1495 5280 Ἀποστόλ.
1540 5225 1583 5277 Β
1608 5224 1750 5283 κατά
1775 5226 1867 5279 τὸν
1916 5225 2074 5279 Ἀπό-

500 5297 704 5350 στολον.

572 5365 686 5432 (21)
726 5363 1345 5440 Παρασςημαινόμενοι.
1394 5364 1442 5417 Α
1503 5365 2071 5440 παρασημαινὰμενοι.

501 5436 544 5489 Β
573 5450 794 5504 παραση
804 5435 1120 5504 μηνάμενοι.

573 5502 685 5576 ea)
728 5502 966 5576 Ἐθέλειέ
998 5505 1062 5566 Α,
1092 5504 1136 5576 Β
1166 5503 1345 5576 ἐθέλη-

565 5574 677 5645 es)
714 5575 1045 5645 Βούλευμαι
1074 5574 1138 5645 Α.
1170 5574 1231 5645 Β.
1274 5573 1537 5645 eam.

596 5643 687 5714 24)
825 5643 1031 5714 φύσις.
1077 5644 1139 5696 'H
1174 5643 1360 5714 delent
1388 5643 1457 5708 A,
1490 5644 1553 5703 Β.

595 5710 691 5787 gs)
741 5710 973 5787 ῖεθέλῃ.
1010 5715 1075 5787 Α,
1109 5714 1149 5766 Β
1173 5713 1423 5787 ἐθελήσῃ.

598 5781 689 5854 26)
728 5782 1212 5853 Διακρινομένων.
1242 5784 1283 5836 Β
1306 5781 1463 5856 διῇρη
1474 5783 1666 5854 μένων.

2152 1803 2242 1858 τὸν
2286 1804 2443 1871 λόγον
2490 1805 2581 1859 τὸν
2622 1807 2750 1875 περὶ
2782 1804 2897 1868 τοῦ,
2930 1804 3047 1868 πῶς
3085 1802 3314 1855 ἕκαστον
3355 1803 3527 1868 ἐστιν,
3567 1820 3731 1856 κατα-

2152 1895 2439 1965 λείψομεν,
2501 1896 2754 1949 τοσοῦτον
2802 1893 3345 1971 παρασημαινόμενοι
3373 1893 3488 1963 (21)
3550 1894 3727 1966 μόνον,

2152 1985 2234 2041 ὃτι
2265 1989 2297 2056 ἡ
2328 1985 2470 2059 ὁρμὴ
2496 1986 2593 2055 τῆς
2628 1986 2777 2050 θείας
2804 1984 3194 2056 προαιρέσεως,
3223 1984 3353 2037 ὅταν
3391 1983 3568 2037 ἐθέλει
3596 1984 3726 2056 (22),

2154 2076 2385 2146 πρᾶγμα
2429 2075 2673 2145 γίνεται,
2728 2076 2822 2128 καὶ
2875 2075 3152 2129 οὑσιοὺται
3204 2074 3266 2128 τὸ
3316 2073 3591 2146 βούλευμα
3618 2074 3727 2147 (25)

2154 2166 2314 2229 εὐθὺς
2361 2167 2394 2238 ἡ
2431 2166 2592 2235 φύσις
2642 2167 2753 2237 (24)
2801 2167 3115 2237 γινόμενον,
3166 2165 3269 2236 τῆς
3320 2167 3727 2238 παντοδυνάμου

2157 2255 2421 2321 ἐξουσίας,
2446 2258 2581 2329 ὅπερ
2606 2258 2675 2312 ἂν
2700 2257 2888 2327 ,σοφῶς
2913 2273 2971 2311 τε
2997 2258 3091 2310 κα).
3111 2257 3373 2326 τεχνικῶς
3404 2257 3568 2330 ἐθέλῃ
3593 2258 3725 2327 (25),

2160 2346 2233 2416 μὴ
2262 2347 2628 2402 ἀνυπόστατον
2667 2349 2926 2421 ποιούσης
2953 2348 3014 2402 τὸ
3041 2347 3275 2418 θέλημα.
3318 2349 3382 2402 Ἢ
3417 2349 3476 2403 δὲ
3499 2332 3607 2403 ⁸τοῦ
3644 2350 3728 2404 θε-

2156 2434 2397 2506 λήματος
2438 2435 2669 2509 ὓπαρξις
2714 2438 2872 2493 ούσία
2927 2440 3066 2493 ἐστί.
3104 2437 3240 2508 Διχῆ
3290 2438 3347 2490 δὲ
3389 2438 3730 2509 διακρινομέ·

2157 2537 2262 2573 νων
2291 2521 2401 2591 (26)
2430 2522 2538 2576 τῶν
2561 2523 2752 2590 ὄντων,
2780 2526 2862 2589 είς
2892 2524 2953 2578 τὺ
2979 2525 3162 2595 νοερόν
3189 2542 3247 2578 τε
3271 2524 3365 2579 καὶ
3394 2528 3728 2596 σωματικόνο

2158 2615 2191 2685 ἡ
2218 2615 2318 2685 μὲν
2340 2614 2447 2671 τῶν
2482 2616 2683 2687 νοερῶν
2721 2617 2898 2681 κτίσις
2920 2618 2980 2670 οὑ
3023 2618 3172 2671 δοκεῖ
3211 2634 3329 2681 πως
3374 2618 3607 2689 ἀπᾴδειν
3638 2619 3731 2689 τῆς

2157 2707 2250 2760 τοῦ
2276 2707 2566 2787 ἀσωμάτου
2591 2709 2825 2779 φύσεως,
2856 2707 2972 2793 ἀλλ’
3005 2710 3070 2762 ὲκ
3090 2707 3184 2762 τοῦ
3216 2708 3485 2778 σύνεγγυς
3516 2704 3655 2762 εῖναι
3675 2709 3734 2761 τὸ

2159 2795 2335 2859 ἀειδές
2358 2814 2416 2850 τε
2446 2797 2540 2851 καὶ
2566 2799 2768 2867 ἀναφὲς
2790 2799 2882 2852 καὶ
2908 2796 3227 2852 ἀδιάστατον
3260 2797 3581 2852 δεικνύουσα
3602 2798 3731 2867 (27).

2161 2886 2339 2957 Ὅπερ
2364 2886 2427 2957 δὴ
2464 2888 2559 2947 καὶ
2587 2889 2716 2958 περὶ
2747 2888 2847 2959 τὴν
2887 2887 3285 2960 ὑπερκειμένην
3310 2887 3477 2956 φύσιν
3498 2886 3734 2941 ὑπονοῶν

2160 2994 2243 3041 τις
2268 2978 2368 3046 οὑχ
2397 2979 2791 3049 ἁμαρτήσεται.
2827 2980 2937 3050 Τῆς
2967 2980 3024 3032 δὲ
3067 2980 3380 3050 σωματικῆς
3416 2980 3651 3042 κτίσεως
3679 2979 3734 3031 ἐν

2158 3066 2538 3137 ἀκοινωνήτοις
2565 3068 2641 3132 ὡς
2662 3069 2798 3140 πρὸς
2819 3069 2879 3123 τδ
2906 3069 3059 3123 Θεῖον
3089 3074 3200 3134 τοῖς
3232 3070 3488 3141 ίδιώμασι
3515 3070 3737 3140 θεωρου-

2161 3156 2361 3226 μένης·
2413 3156 2506 3209 καὶ
2553 3157 2762 3228 ταύτην
2792 3157 2906 3229 (28)
2952 3158 3188 3229 μάλιστα
3223 3158 3320 3231 τὴν
3356 3158 3561 3229 πολλὴν
3597 3160 3735 3228 ἀμη-

2158 3248 2349 3318 χανίαν
2380 3250 2714 3321 ἐμποιούσης
2745 3250 2823 3321 τῷ
2850 3250 3011 3320 λόγῳ,
3046 3253 3121 3323 μὴ
3151 3251 3449 3323 δυναμένου
3485 3253 3733 3314 κατιδεῖν,

2160 3339 2279 3403 πῶς
2306 3343 2370 3394 ὲκ
2387 3339 2482 3393 τοῦ
2499 3341 2730 3414 ἀοράτου
2751 3342 2810 3395 τὸ
2835 3342 3140 3414 ὁρώμενον;
3176 3346 3241 3398 ἐκ
3274 3343 3370 3398 τοῦ
3408 3344 3653 3413 ἀναφοῦς
3679 3342 3734 3396 rb

2163 3432 2387 3504 στερρὸν
2411 3433 2505 3486 καὶ
2524 3434 2836 3503 ἀντίτυπον,
2850 3436 2916 3488 ὲκ
2943 3435 3038 3489 τοῦ
3059 3437 3309 3508 ἀορίστου
3331 3435 3392 3489 τὺ
3409 3435 3733 3509 ὡρισμένον,

2160 3527 2227 3580 ὲκ
2245 3525 2336 3580 τοῦ
2352 3525 2554 3579 ἀπόσου
2576 3544 2635 3579 τε
2659 3527 2752 3580 καὶ
2771 3527 3041 3597 ἀμεγέθου
3061 3528 3172 3599 (29)
3193 3528 3255 3582 τὸ
3277 3529 3499 3593 πάντως
3527 3528 3735 3599 μέτροις

2158 3618 2270 3671 τισὶ
2303 3620 2414 3682 τοῖς
2442 3617 2552 3688 (50)
2580 3619 2719 3672 κατά
2746 3619 2808 3672 τὸ
2853 3618 3020 3672 ποσὸν
3063 3618 3466 3689 θεωρουμένοις
3500 3633 3737 3690 περιειρο

2162 3709 2422 3778 γόμενον;
2456 3708 2569 3762 Καὶ
2593 3709 2662 3763 τὰ
2690 3709 2811 3762 καθ’
2833 3709 3062 3763 ἕκαστον
3091 3710 3194 3764 ὃσα
3224 3710 3353 3781 περὶ
3375 3710 3479 3781 τὴν
3506 3725 3738 3781 σωματι⁴

2164 3799 2265 3867 κήν
2291 3800 2767 3868 καταλαμϐάνεται
2790 3800 2972 3870 φύσιν,
2999 3800 3128 3871 περ).
3151 3795 3227 3855 ὧν
3252 3801 3508 3855 τοσοῦτόν
3544 3815 3736 3871 φαμεν,

2165 3889 2247 3942 ὅτι
2275 3889 2426 3943 οὐδὲν
2452 3889 2539 3958 ἐφ’
2560 3889 2758 3945 ἑαυτοῦ
2795 3890 2902 3945 τῶν
2932 3890 3061 3960 περὶ
3082 3890 3144 3943 τὸ
3166 3890 3325 3960 σῶμα
3355 3889 3737 3963 θεωρουμένων

2168 3979 2328 4051 σῶμά
2353 3982 2519 4045 ἐστιν,
2544 3981 2605 4034 οὑ
2629 3981 2834 4051 σχῆμα,
2880 3979 2941 4032 οὑ
2966 3979 3163 4050 χρῶμα
3192 3978 3327 4049 (51),
3374 3978 3436 4031 ού
3463 3980 3650 4052 βάρος,
3678 3976 3735 4029 ού

2166 4071 2439 4143 διάστημα
2460 4112 2474 4135 ,
2532 4073 2593 4126 οὑ
2624 4070 2925 4144 ἁτηλικότης
2959 4071 3093 4142 (52),
3145 4071 3245 4124 οὑκ
3281 4069 3409 4124 ἄλλο
3435 4088 3490 4127 τι
3525 4071 3631 4126 τῶν
3682 4069 3735 4120 ἐν

2160 4163 2413 4233 ςποιότητι
2440 4163 2552 4234 (55)
2585 4163 2972 4235 θεωρουμένων
2999 4162 3172 4227 οὐδὲν,
3216 4160 3353 4216 ἀλλά
3388 4161 3598 4215 τούτων
3617 4161 3741 4215 ἕκα-

2170 4271 2292 4309 στον
2325 4254 2437 4327 (54)
2467 4255 2622 4325 λόγος
2666 4255 2842 4309 ἐστίν’
2877 4256 2913 4325 ἡ
2945 4254 3002 4308 δὲ
3044 4254 3180 4325 πρὸς
3227 4252 3435 4324 ἄλληλα
3471 4249 3737 4321 συνδρομὴ

2099 4380 2141 4435 D
2166 4347 2370 4403 τούτων
2399 4348 2493 4401 καὶ
2518 4346 2715 4412 ἓνωσις
2751 4347 2909 4417 σῶμα
2942 4345 3171 4415 γίνεται.
3216 4343 3371 4397 Ἐπεὶ
3398 4342 3494 4397 οὖν
3523 4345 3578 4396 αί
3611 4358 3740 4410 συμ-

2171 4437 2595 4509 πληρωματικα).
2638 4433 2734 4489 τοῦ
2776 4433 3026 4505 σώματος
3072 4434 3355 4504 ποιότητες
3393 4432 3468 4502 νῷ
3504 4432 3614 4504 (55)
3646 4445 3739 4482 κα⁶
3784 4460 3791 4503 ε

2171 4528 2604 4599 ταλαμδάνονται
2631 4526 2727 4579 καὶ
2752 4525 2853 4579 οὑκ
2894 4522 3166 4595 αἰσθήσει,
3195 4523 3379 4595 νοερὸν
3402 4522 3461 4575 δὲ
3485 4523 3547 4575 τὸ
3574 4520 3738 4580 Θεῖον,

2171 4619 2254 4682 τίς
2280 4585 2442 4680 πόνος
2471 4614 2583 4687 (56)
2615 4615 2723 4667 τῶν
2763 4612 2969 4685 νοητῶν
3000 4585 3068 4667 τά
3111 4585 3359 4683 νοήματα
3402 4609 3739 4682 κατεργάσα-

2172 4710 2331 4774 σοαις
2364 4700 2465 4760 Ὦν
2494 4709 2527 4777 ἡ
2560 4705 2697 4777 πρὸς
2726 4703 2931 4775 ἄλληλα
2960 4704 3230 4775 συνδρομὴ
3259 4702 3357 4773 τὴν
3377 4699 3470 4756 τοῦ
3503 4698 3740 4768 σώματος
3767 4728 3776 4762 ε

2175 4802 2307 4871 ημῖν
2330 4797 2672 4867 ἀπεγέννησε
2716 4792 2896 4866 φύσιν.
2945 4793 3106 4849 Ἀλλά
3134 4791 3307 4846 ταῦτα
3362 4792 3461 4864 μὲν
3503 4790 3607 4855 ἔξω
3652 4784 3739 4838 τιῡ

2248 5015 2362 5086 (27)
2400 5015 2872 5086 ΔεικνύουσαζΛ
2903 5012 3068 5086 delet.
3104 5010 3146 5065 Β
3186 5011 3351 5068 habet
3388 5007 3735 5066 δεικνύουσαι.

2250 5083 2363 5156 (28)
2406 5086 2653 5156 Ταύτην.
2695 5087 2759 5150 Α,
2785 5084 2832 5156 Β
2855 5083 3082 5156 ταύτης.

2249 5151 2361 5221 (29)
2413 5155 2812 5224 ἈμεγέθουείΑ
2841 5151 3163 5224 ἀμεγέθους.

2272 5224 2362 5292 50)
2408 5225 2555 5292 Τοῖς.
2590 5224 2633 5276 Β
2662 5223 2777 5277 τοῦ.

2271 5288 2360 5363 51)
2394 5296 2476 5349 Οὐ
2498 5288 2722 5363 σχῆμα,
2754 5295 2825 5347 οὐ
3184 5290 3248 5363 οὑ
3282 5307 3398 5360 χρ.,
3420 5288 3482 5343 οὑ
3521 5306 3606 5358 σχ.

2271 5360 2363 5431 52)
2405 5365 2485 5417 Οὐ
2516 5360 2951 5431 πηλικότηςᾙΛ
2978 5360 3364 5431 ἣίτι-ηλικότης.

2248 5423 2361 5506 (55)
2412 5435 2517 5488 Ἐν
2557 5423 2856 5506 εἰοιότηέιζ-
2899 5432 2939 5506 A_
2976 5423 3128 5485 addit
3159 5423 3733 5500 καταλαμϐανομένων.

2247 5499 2360 5575 (54)
2404 5505 2729 5575 "Eymg'tor.
2754 5504 2808 5575 ΔΒ
2839 5499 3072 5570 ἑκάστῳ.

2406 5573 2523 5648 Νῷ.
2556 5574 2682 5648 Βᾲὲν
2712 5571 2809 5648 νῷ.
2851 5642 2888 5648 _
2977 5640 2988 5648 _
3092 5639 3104 5648 _
3260 5637 3286 5648 η
3447 5634 3471 5647 η
3543 5632 3554 5648 1

2310 5621 2366 5716 (ξ)
2749 5621 2825 5708 ήλτ.
2851 5642 2910 5698 Β.
2934 5640 3018 5704 τίς
3038 5639 3195 5702 πόνος
3219 5637 3295 5709 τῷ
3310 5634 3481 5708 νοητῴ
3499 5632 3568 5687 τὰ
3585 5621 3737 5697 νοητὰ

2184 5731 2408 5786 κατεργ.

2248 5232 2268 5438 Ξ
