3992 6446
262 362 366 426 199

1401 366 1492 423 DE
1528 364 1748 427 AN-IMA
1785 364 1875 420 ET
1909 361 2521 422 RESURBECTIONE.

3482 363 3586 419 130

337 478 405 537 ι’.
424 478 580 552 Ἐγὼ
595 482 660 541 δέ
675 482 863 540 ταῦτα
880 481 1240 557 διεξελθούσης
1254 479 1565 540 διδασκάλον
1576 482 1687 556 (62)
1698 526 1714 551 ,
1745 487 1900 539 ἐπει-

2082 484 2148 542 G.
2169 484 2284 557 Ego
2309 497 2439 540 vero
2461 525 2477 550 ,
2499 498 2624 541 cum
2651 483 2764 542 haec
2796 482 3052 554 magistra
3088 485 3428 555 exposuisset
3454 521 3470 549 ,
3519 496 3584 536 ac

290 576 357 649 δὴ
380 576 493 642 τοῖς
529 576 764 643 πολλοῖς
794 575 1281 650 παρακαθημένοις
1301 576 1412 650 (77)
1434 577 1613 633 ἐδόκει
1638 577 1701 631 τὸ
1723 593 1894 648 προσ-

296 667 428 739 ῆκον
474 666 788 738 ἐσχηκέναι
840 667 1015 740 πέρας
1059 668 1089 721 ὁ
1141 666 1319 737 λόγος,
1371 666 1631 740 φοὸηθεὶς
1677 667 1751 739 μὴ
1796 666 1897 722 ούκ

307 759 387 816 ἔτι
427 759 457 814 ὁ
507 758 751 815 διαλύων
801 758 914 832 (78)
937 760 1081 829 -ἡμῖν
1117 758 1186 813 τὰ
1228 757 1356 830 περὶ
1395 761 1495 831 τῆς
1545 759 1897 821 ἀναστάσεως

310 854 460 927 παρὰ
482 851 591 907 τῶν
616 852 823 917 ἔξωθεν
861 851 1245 924 προφερόμενα
1264 892 1281 917 ,
1305 851 1437 906 εἴτι
1477 853 1544 905 ἐκ
1574 853 1674 924 τῆς
1709 853 1896 925 ἀρρω-

312 948 468 1012 στίας
504 948 537 1018 ἡ
573 945 895 1010 διδάσκαλος
940 944 1124 1009 πάθοι,
1167 945 1197 998 ὅ
1241 944 1306 1018 δὴ
1340 943 1435 998 καὶ
1491 943 1712 1013 ἐγένετο
1745 943 1896 1015 (79)⁶

309 1037 498 1103 οὔπω,
547 1038 713 1109 φημὶ,
761 1037 858 1091 τοῦ
942 1036 1282 1110 κυριωτάτου
1339 1035 1489 1108 (80)
1560 1034 1674 1090 τῶν
1759 1033 1900 1089 κατὰ

309 1131 489 1202 δόγμα
516 1130 626 1201 (81)
675 1127 1027 1201 ζητουμένων
1078 1129 1108 1181 ὀ
1155 1127 1331 1197 λόγος·
1360 1126 1560 1197 1Ιλψατο.
1599 1128 1740 1200 Φησὶ
1788 1126 1899 1200 γὰρ

310 1227 349 1297 ἡ
396 1223 754 1286 θεόπνευστος
795 1221 838 1277 Γ
842 1219 1012 1293 ραφὴ,
1044 1221 1187 1276 κατά
1225 1238 1286 1275 τε
1340 1220 1440 1293 τὴν
1480 1220 1608 1276 νέαν
1650 1221 1747 1274 καὶ
1795 1220 1898 1290 ἁρ-

313 1316 479 1389 χαίαν
522 1314 634 1385 (82)
678 1312 1059 1379 διδασκαλίαν,
1130 1313 1349 1377 πάντως
1408 1312 1543 1366 ποτὲ
1589 1309 1743 1377 τάξει
1794 1311 1901 1365 τινὶ

258 1380 273 1487 ἶ
312 1380 413 1463 καὶ
471 1380 649 1479 εἱρμῶ
702 1407 801 1479 τῆς
857 1405 1072 1475 φύσεως
1124 1403 1281 1476 ήμῶν
1339 1404 1483 1459 κατὰ
1529 1404 1630 1478 τὴν
1677 1403 1903 1476 παροδι-

313 1500 422 1571 κὴν
470 1498 581 1569 (85)
612 1497 705 1550 τοῦ
740 1497 934 1568 χρόνου
983 1495 1199 1567 κίνησιν
1236 1495 1561 1569 διεξιούσης,
1607 1496 1902 1568 στήσεσθαι

318 1593 420 1660 μὲν
455 1590 554 1661 τὴν
593 1587 762 1661 ῥοώδη
792 1588 999 1662 ταύτην
1031 1588 1204 1662 φορὰν
1236 1589 1336 1661 τὴν
1383 1588 1470 1642 διὰ
1501 1588 1603 1659 τῆς
1646 1588 1753 1643 τῶν
1783 1590 1906 1642 ἐπι·
1938 1573 1982 1628 Β

314 1684 622 1754 γινομένων
656 1681 768 1752 (84)
800 1680 1053 1752 διαδοχῆς
1084 1680 1402 1752 προϊοῦσαν,
1433 1681 1533 1751 τῆς
1562 1679 1619 1733 δὲ
1644 1678 1739 1733 τοῦ
1770 1695 1907 1733 παν-

313 1775 408 1840 τὸς
453 1772 899 1846 συμπληρώσεως
950 1771 1147 1845 μηκέτι
1194 1772 1294 1843 τὴν
1343 1771 1437 1824 ἐπὶ
1468 1771 1530 1824 τὸ
1562 1771 1745 1825 πλεῖον
1791 1771 1905 1844 (85)

315 1867 618 1937 ἐπαύξησιν
664 1863 1072 1937 προδεχομένης
1114 1860 1261 1934 (86),
1294 1859 1441 1915 ἅπαν
1475 1860 1538 1914 τὸ
1579 1860 1687 1913 τῶν
1719 1860 1908 1932 ψυχῶν

314 1961 611 2030 πλήρωμα,
636 1956 800 2011 πάλιν
819 1957 884 2009 ἐκ
904 1953 1000 2008 τοῦ
1020 1953 1230 2017 ἀειδοῦς
1252 1953 1346 2008 καὶ
1373 1952 1772 2024 ἐσκεδασμένου
1791 1953 1906 2024 (87)

316 2052 457 2124 πρὸς
477 2051 538 2104 τὸ
563 2047 818 2113 συνεστὸς
836 2046 931 2101 καὶ
947 2045 1270 2118 φαινόμενον
1293 2043 1776 2110 ἐπανελεύσεσθαι,
1799 2044 1907 2097 τῶν

315 2144 499 2200 αὐτῶν
521 2141 800 2212 στοιχείων
844 2138 985 2193 κατὰ
1002 2138 1094 2192 τὸν
1127 2136 1292 2192 αὐτὸν
1332 2137 1524 2209 εἱρμὸν
1541 2139 1679 2207 πρὸς
1702 2136 1910 2207 ἄλληλα

318 2238 483 2293 πάλιν
503 2232 943 2308 ἀναδραμόντων.
990 2231 1055 2284 Ἦ
1082 2229 1140 2283 δὲ
1176 2229 1399 2300 τοιαύτη
1432 2230 1532 2301 τῆς
1573 2226 1718 2301 ζωῆς
1737 2230 1908 2283 κατά-

318 2341 509 2388 στασις
526 2365 540 2387 ,
582 2320 839 2394 περὶτῶν
862 2319 962 2391 τῆς
988 2319 1138 2382 θείας
1163 2318 1511 2382 διδασκαλίας
1532 2318 1765 2391 Γραφῶν
1796 2319 1910 2393 (88)

316 2416 618 2478 ἀνάστασις
684 2412 942 2481 λέγεται,
994 2413 1063 2482 τῇ
1124 2409 1219 2463 τοῦ
1279 2408 1517 2478 γεώδους
1567 2410 1867 2483 ἀνορθώσει
1891 2452 1907 2479 ,

315 2509 504 2578 πάσης
531 2507 633 2577 τῆς
657 2505 766 2559 τῶν
787 2503 1067 2575 στοιχείων
1089 2506 1356 2575 κινήσεως
1383 2505 1906 2575 συνονομαζομένης.

327 2595 503 2649 -Μ.
547 2598 614 2651 Τί
641 2593 757 2663 οὖν,
802 2594 962 2667 φησὶ,
990 2592 1194 2647 τούτων
1234 2593 1639 2663 ἀμνημόνευτον
1687 2593 1745 2645 ἐν
1791 2594 1904 2654 τοῖς

2001 574 2280 645 plerisque
2333 589 2528 631 eorum
2587 572 2683 643 qui
2742 572 3103 641 assidebant,
3169 580 3584 631 convenientem

2006 669 2163 724 [idem
2194 670 2374 725 oratio
2428 667 2627 739 adepta
2663 681 2790 724 esse
2827 667 3129 735 videretur,
3177 672 3390 726 veritus
3423 685 3513 737 ne,
3540 673 3586 726 si

2003 776 2071 817 ex
2112 762 2307 817 morbo
2348 759 2627 832 magistrae
2678 758 3000 816 humanitus
3056 761 3263 831 aliquid
3314 763 3590 818 accideret

2005 850 2176 923 (quod
2212 852 2473 907 nimirum
2507 852 2673 907 etiam
2719 850 2965 919 accidit),
3023 867 3136 907 non
3176 854 3410 923 amplius
3441 865 3591 910 esset

2003 947 2098 1017 qui
2147 944 2471 1000 dissolveret
2500 957 2565 999 ea
2595 958 2719 1014 qum
2746 944 2817 1000 ab
2843 946 3091 1002 externis
3113 945 3277 1003 nobis
3300 948 3368 1003 de
3401 962 3591 1004 resur-

2005 1037 2249 1093 rectione
2296 1036 2640 1106 objiciuntur
2673 1051 2689 1089 :
2737 1035 3014 1102 Nondum,
3050 1040 3309 1109 inquam,
3354 1039 3407 1093 id
3442 1040 3590 1110 quod

2004 1134 2090 1184 est
2120 1128 2360 1184 maxime
2397 1130 2679 1200 proprium
2713 1138 2879 1200 atque
2920 1130 3280 1200 praecipuum,
3323 1132 3592 1187 maxime-

2006 1237 2114 1292 que
2147 1221 2220 1276 ad
2247 1236 2359 1276 rem
2392 1224 2629 1293 pertinet
2652 1226 2820 1282 exiis
2867 1239 2989 1296 quae
3018 1225 3167 1281 circa
3197 1226 3339 1281 hanc
3368 1234 3590 1283 senten-

2008 1312 2138 1367 tiam
2201 1320 2366 1383 atque
2417 1314 2726 1370 doctrinam
2780 1326 3125 1387 quaeruntur,
3174 1316 3354 1389 attigit
3392 1318 3589 1374 oratio.

2011 1403 2154 1461 Dicit
2187 1407 2333 1461 enim
2376 1406 2642 1463 divinitus
2677 1409 2893 1479 prodita
2940 1407 3249 1477 Scriptura,
3297 1418 3353 1465 et
3393 1426 3596 1465 secun-

2009 1492 2142 1549 dum
2166 1510 2363 1551 novam
2387 1503 2441 1551 et
2461 1497 2762 1553 secundum
2788 1499 3070 1568 antiquam
3112 1497 3442 1565 doctrinam,
3468 1517 3592 1555 eum

2010 1594 2211 1641 natura
2258 1596 2448 1644 nostra
2480 1588 2673 1645 ordine
2713 1589 2951 1659 quodam
2996 1603 3061 1643 ac
3094 1591 3235 1646 serie
3283 1606 3381 1661 per
3415 1600 3596 1646 trans-

2009 1678 2233 1734 itorium
2283 1690 2339 1735 et
2378 1680 2435 1735 in
2491 1681 2680 1736 orbem
2712 1681 3030 1737 redeuntem
3065 1683 3330 1753 temporis
3363 1693 3595 1752 motum,

2009 1770 2266 1841 expedita
2307 1780 2473 1844 atque
2514 1773 2775 1844 explicita
2811 1772 2995 1839 fuerit,
3034 1790 3263 1845 prorsus
3303 1776 3598 1847 aliquando

2011 1861 2149 1949 fore,
2180 1872 2239 1918 ut
2266 1863 2451 1922 ﬂuxus
2476 1866 2696 1937 quidem
2721 1865 2812 1921 hic
2841 1881 3040 1923 cursus
3064 1883 3162 1937 per
3184 1871 3595 1925 successionem

2008 1963 2065 2009 et
2116 1957 2587 2011 continuationem
2664 1957 2901 2012 aliorum
2971 1965 3096 2027 post
3155 1959 3292 2015 alios
3359 1960 3595 2017 invicem

2009 2045 2396 2100 exsistentium
2426 2054 2481 2100 et
2510 2045 2880 2100 exorientium
2905 2043 3265 2115 progrediens
3293 2050 3594 2116 consistat;

2009 2135 2415 2205 complementa
2471 2143 2656 2192 autem
2715 2151 2899 2191 rerum
2945 2136 3329 2191 universarum
3384 2146 3601 2193 natura:

2011 2243 2121 2281 non
2165 2228 2402 2298 amplius
2468 2228 2870 2284 incrementum
2923 2227 2978 2282 in
3025 2229 3204 2298 majus
3256 2229 3598 2297 admittente,

2013 2320 2332 2375 universam
2382 2320 2783 2391 plenitudinem
2806 2329 2860 2375 et
2889 2328 3093 2375 cretum
3132 2320 3441 2375 animarum
3474 2320 3599 2377 nir-

2011 2428 2109 2469 sus
2138 2427 2207 2469 ex
2240 2412 2507 2468 invisibili
2538 2427 2604 2468 ac
2633 2413 2903 2483 dissipato
2928 2419 3075 2469 statu
3115 2412 3184 2466 ad
3210 2428 3335 2468 eum
3368 2422 3597 2480 statum,

2011 2505 2069 2560 in
2102 2521 2214 2577 quo
2251 2507 2515 2562 collectus
2555 2505 2866 2561 consistere
2915 2504 3241 2576 stabilisque
3278 2521 3603 2576 permanere

2012 2610 2180 2670 atque
2213 2615 2484 2670 apparere
2506 2608 2561 2655 et
2592 2599 2841 2669 conspici
2883 2598 3080 2668 possit,
3113 2598 3420 2653 rediturum
3454 2616 3598 2666 esse,

329 2687 644 2762 εἰρημένοις
675 2687 858 2755 ἐστίν;
887 2712 958 2727 —-
992 2683 1054 2738 Γ.
1096 2682 1257 2750 Αὐτὸ,
1303 2683 1466 2754 φημὶ,
1495 2683 1557 2737 τὸ
1601 2682 1777 2753 δόγμα
1807 2682 1905 2754 τῆς

2022 2689 2208 2744 iisdem
2250 2690 2558 2753 elementis,
2603 2706 2701 2759 per
2749 2690 2998 2745 eamdem
3028 2692 3222 2745 seriem
3252 2706 3445 2747 rursus
3479 2693 3602 2746 aliis

330 2782 707 2846 ἀναστάσεως.
1499 2834 1504 2839 _

2022 2780 2083 2834 ad
2119 2781 2225 2834 alia
2267 2781 2557 2851 regressis.
2600 2779 2752 2835 Talis
2780 2788 2962 2835 autem
2995 2780 3121 2834 vitae
3149 2789 3325 2836 status
3357 2782 3426 2835 ab
3458 2781 3604 2835 divi-

2016 2886 2101 2926 me
2121 2871 2386 2927 doctrina:
2413 2870 2723 2942 Scripturis
2752 2871 3090 2926 resurrectio
3110 2872 3332 2937 dicitur,
3371 2873 3475 2927 sub
3501 2888 3603 2927 no-

323 2960 475 3016 mine
518 2956 643 3031 ejus
689 2955 839 3029 quod
885 2963 1125 3013 terreum
1185 2963 1272 3013 est
1302 2996 1318 3024 ,
1389 2957 1686 3013 erectionis
1731 2967 1786 3013 et
1834 2960 2257 3019 instaurationis
2314 2964 2462 3018 omni
2534 2964 2931 3018 elementorum
2975 2972 3123 3018 metu
3183 2965 3600 3034 comprehenso.

326 3091 402 3101 —-
425 3057 496 3112 bl.
533 3055 673 3122 Quid
720 3053 886 3126 igitur
923 3054 1141 3118 horum,
1175 3049 1373 3121 inquit,
1408 3053 1514 3112 est,
1549 3045 1711 3116 cujus
1761 3045 1818 3101 in
1874 3046 2206 3118 supradictis
2250 3046 2454 3101 mentio
2489 3043 2633 3100 facta
2692 3062 2799 3100 non
2836 3045 3036 3101 sit?—
3060 3044 3125 3100 G.
3164 3045 3306 3116 Ipsa,
3352 3047 3597 3117 inquam,

331 3152 583 3210 doctrina
610 3145 1054 3204 resurrectionis.

400 3247 479 3302 M.
497 3242 608 3298 Καὶ
632 3242 737 3315 μὴν
751 3240 941 3307 πολλὰ,
958 3239 1112 3311 φησι,
1126 3238 1235 3293 τῶν
1255 3237 1349 3291 νῦν
1365 3235 1670 3302 διεξοδικῶς
1688 3232 1908 3304 εἰρημέ-
1945 3234 1986 3292 C

329 3356 460 3402 νων,
491 3334 627 3408 πρὸς
645 3333 832 3388 τοῦτον
856 3332 947 3385 τδν
970 3329 1170 3384 σκοπὸν
1197 3328 1373 3401 φέρει.
1402 3358 1473 3367 -
1500 3327 1562 3380 Γ.
1588 3325 1662 3380 Οὐ
1688 3323 1797 3394 γὰρ
1821 3318 1904 3377 οῖ-

262 3426 267 3431 ’
330 3429 448 3494 δας,
483 3421 654 3489 εἷπον,
689 3424 812 3477 ὅσον
845 3421 954 3492 (89)
980 3420 1129 3492 παρὰ
1161 3420 1268 3473 τῶν
1290 3416 1754 3487 ἀντιτεταγμένων
1773 3414 1907 3485 ἡμῖν

333 3520 489 3592 παρὰ
505 3520 603 3591 τῆς
621 3517 734 3588 (90)
756 3515 968 3579 ἐλπίδος
987 3514 1191 3585 ταύτης
1207 3511 1533 3573 ἀντιθέσεως
1554 3509 1663 3580 (91)
1681 3506 1911 3562 ἀνθυπο-

332 3615 561 3684 φέρεται
592 3610 832 3681 σμῆνος;
878 3606 990 3662 Καὶ
1030 3606 1148 3677 ἅμα
1184 3603 1364 3673 λέγειν
1410 3601 1727 3672 ἐπεχείρουν
1750 3636 1766 3661 ,
1809 3599 1910 3651 ὅσα

334 3701 476 3772 πρὸς
498 3696 812 3770 ἀνατροπὴν
828 3695 924 3767 τῆς
946 3694 1295 3756 ἀναστάσεως
1316 3691 1470 3763 παρὰ
1489 3689 1596 3743 τῶν
1622 3685 1913 3760 ἐριστικῶν

336 3790 745 3861 ἐφευρίσκεται.
775 3816 845 3828 -
866 3787 944 3841 Μ.
974 3786 1037 3838 Ἢ
1067 3783 1146 3851 δὲ,
1188 3786 1349 3837 Δοκεῖ
1378 3799 1489 3853 μοι,
1533 3779 1688 3850 φησι,
1715 3777 1916 3850 χρῆναι

336 3883 601 3955 πρότερον
634 3881 702 3935 τὰ
730 3876 1000 3951 σποράδην
1031 3873 1186 3947 παρὰ
1212 3875 1310 3945 τῆς
1341 3873 1491 3936 θείας
1521 3870 1745 3944 Γραφῆς
1790 3867 1919 3939 περὶ

335 3974 528 4028 τούτου
560 3973 652 4027 τοῦ
691 3970 959 4044 δόγματος
984 3967 1278 4024 ἐκτεθέντα
1313 3966 1424 4037 (92)
1448 3965 1517 4021 δι’
1557 3965 1753 4033 ὀλίγων
1798 3962 1911 4014 ἐπιο

335 4066 584 4136 δραμεῖν,
613 4064 689 4128 ὡς
722 4064 788 4119 ἂν
824 4062 1030 4118 ἐκεῖθεν
1059 4062 1246 4132 ἡμῖνὴ
1279 4058 1510 4130 κορωνὶς
1539 4052 1815 4120 ἐπιτεθείη
1842 4049 1919 4121 τῷ

332 4151 499 4221 λόγῳ.
534 4151 781 4203 Ἤκουσα
807 4147 985 4201 τοίνυν
1019 4146 1133 4216 (95)
1166 4144 1263 4199 τοῦ
1295 4143 1461 4199 Δαϐὶδ
1500 4141 1926 4214 ύμνολογοῦντος

335 4244 397 4297 ἐν
442 4241 612 4305 θείαις
658 4239 843 4312 ᾠδαῖς,
884 4239 972 4293 ὅτε
1018 4237 1119 4310 τὴν
1169 4235 1264 4290 τοῦ
1321 4234 1522 4299 παντὸς
1566 4234 1926 4304 διακόσμησιν

335 4334 592 4390 ὑπόθεσιν
628 4334 722 4386 τοῦ
750 4330 920 4403 ὕμνου
951 4330 1320 4402 πεποιημένος
1353 4330 1411 4383 ἐν
1445 4326 1722 4397 ἑκατοστῷ
1757 4327 1926 4396 τρίτῳ

335 4424 537 4499 ψαλμῷ
567 4424 703 4496 πρὸς
730 4423 808 4496 τῷ
837 4423 975 4477 τέλει
1005 4423 1104 4494 τῆς
1136 4418 1411 4493 ύμνῳδίας
1447 4417 1604 4471 τοῦτό
1634 4434 1817 4489 φησιν,
1845 4416 1927 4468 ὅτι

344 4537 364 4571 ί
404 4517 741 4581 Ἀντανελεῖς
763 4514 875 4588 (94)
899 4516 960 4568 τὸ
989 4513 1206 4585 πνεῦμα
1233 4512 1435 4577 αὐτῶν,
1468 4511 1562 4564 καὶ
1588 4510 1919 4579 ἐκλείψουσι,

268 4602 281 4613 ”
336 4611 432 4667 καὶ
456 4612 537 4675 εἰς
564 4610 655 4663 τὸν
679 4607 810 4681 χοῦν
838 4606 1017 4660 αὐτῶν
1040 4605 1482 4677 ἐπιστρέφουσιν.
1513 4601 1925 4668 Ἐξαποστελεῖς

2112 3229 2185 3285 Μ.
2231 3226 2395 3300 Atqui
2444 3232 2635 3295 multa,
2686 3231 2883 3300 inquit.
2922 3246 2986 3286 ex
3036 3231 3103 3287 iis
3136 3246 3254 3300 qua!
3284 3248 3428 3286 nunc
3456 3231 3596 3296 fuse,

2029 3323 2239 3394 prolixe
2277 3333 2442 3394 atque
2471 3323 2692 3393 copiose
2721 3324 2866 3377 dicta
2897 3331 3048 3389 sunt,
3079 3321 3147 3379 ad
3179 3340 3296 3379 cam
3329 3326 3602 3394 pertinent

2027 3415 2383 3472 sententiam.
2430 3446 2500 3456 ——
2542 3414 2609 3471 G.
2667 3415 2861 3469 Annon
2907 3417 3074 3480 nosti,
3133 3417 3373 3486 inquam,
3429 3434 3605 3486 quan-

2030 3506 2146 3553 tum
2197 3499 2266 3553 ab
2316 3498 2649 3553 adversariis
2690 3498 2760 3553 de
2805 3499 2907 3553 hac
2953 3515 3049 3569 spe
3095 3500 3252 3555 nobis
3297 3503 3599 3570 Oppositio-

2033 3606 2161 3646 num
2193 3597 2248 3645 et
2280 3590 2683 3659 subjectionum
2712 3591 2868 3660 quasi
2907 3604 3138 3644 examen
3174 3590 3479 3645 inferatur?
3539 3608 3603 3647 ac

2032 3682 2196 3738 simul
2244 3682 2429 3736 dicere
2463 3682 2723 3748 conabar,
2770 3695 3110 3750 quaecunque
3142 3681 3208 3736 ad
3261 3682 3600 3738 eversionem

2032 3771 2458 3828 resurrectionis
2505 3770 2753 3827 homines
2797 3771 3125 3825 contentiosi
3176 3771 3604 3827 comminiscun-

2036 3872 2148 3918 tur.
2170 3893 2241 3905 -—
2265 3861 2336 3916 Μ.
2360 3865 2429 3916 At
2448 3860 2725 3931 illa,0pus
2741 3875 2868 3916 esse
2895 3858 3028 3912 mihi
3047 3859 3278 3926 videtur,
3299 3861 3494 3930 inquit,
3518 3876 3602 3922 ea,

2026 3971 2150 4027 quae
2181 3954 2387 4025 passim
2419 3969 2485 4010 ac
2512 3954 2748 4026 sparsim
2791 3952 2863 4008 ab
2897 3952 3082 4007 divina
3114 3950 3397 4022 Scriptura
3427 3953 3494 4006 de
3519 3952 3620 4006 hac

2023 4048 2298 4106 sententia
2346 4053 2512 4118 atque
2572 4046 2828 4102 doctrina
2884 4045 3136 4116 exposita
3192 4055 3359 4108 sunt,
3427 4047 3617 4114 paucis

2024 4141 2179 4211 prius
2212 4154 2559 4212 percurrere,
2585 4146 2647 4192 ut
2675 4138 2802 4193 inde
2836 4138 2998 4193 nobis
3018 4137 3142 4192 ﬁnis
3169 4137 3406 4191 orationi
3436 4137 3617 4205 impo-

2024 4240 2211 4286 natur.
2240 4231 2438 4285 Audivi
2488 4230 2657 4301 igitur
2715 4228 2919 4282 divinis
2960 4228 3311 4284 cantionibus
3360 4227 3616 4283 Davidcm

2024 4324 2215 4379 laudes
2245 4324 2336 4377 Dei
2393 4323 2806 4393 praedicantem,
2862 4334 2986 4373 eum
3047 4329 3263 4385 Sumpta
3325 4319 3620 4375 occasione

2033 4416 2364 4485 praedicandi
2414 4416 2482 4467 ab
2534 4427 2717 4468 rerum
2766 4411 3154 4466 universarum
3205 4419 3417 4466 natura:
3464 4412 3618 4482 dige-

2030 4509 2210 4563 stione
2231 4517 2284 4562 et
2307 4505 2786 4560 administratione
2807 4519 2821 4568 ;
2844 4504 2897 4557 in
2914 4503 3219 4558 centesimo
3236 4504 3398 4560 tertio
3412 4505 3623 4575 psalmo

2032 4600 2182 4656 circa
2215 4599 2374 4654 ﬁnem
2400 4596 2679 4653 cantionis
2704 4598 2777 4651 ita
2807 4595 2915 4651 ait:
2947 4614 2965 4648 ι
2990 4594 3222 4652 Auferes
3244 4596 3498 4667 spiritum
3528 4612 3624 4652 eo-

335 4706 399 4762 τδ
442 4704 669 4777 Πνεῦμά
702 4719 797 4757 σου
819 4743 834 4769 ,
869 4700 960 4755 καὶ
992 4699 1409 4770 κτισθὴσονται,
1460 4697 1556 4749 καὶ
1592 4696 1911 4756 άνακαινιεῖς

2036 4709 2179 4757 rum,
2222 4702 2277 4747 et
2331 4690 2608 4754 deﬁcient,
2651 4696 2708 4744 ct
2764 4689 2819 4743 in
2847 4688 3127 4758 pulverem
3175 4702 3338 4744 suum
3388 4702 3623 4743 conver-

410 4914 522 4986 (76)
559 4910 960 4986 Διὸᾳᾳκάλοιξ.
980 4909 1024 4961 Α
1049 4907 1112 4986 Β,
1142 4907 1242 4978 τῆς
1271 4900 1570 4986 διδασκᾼη
1588 4898 1829 4986 .scltoliis
1859 4900 1925 4953 at]

338 4972 543 5042 calcem
572 4983 783 5040 codicis
819 4982 886 5045 A,
916 4980 1032 5033 haec
1072 4972 1243 5048 lego':
1284 4975 1422 5047 Περὶ
1448 4973 1549 5044 τῆς
1577 4972 1927 5034 ἀναστάσεως

337 5057 505 5113 πάλιν
532 5054 863 5123 διαλέγεται.

344 5111 524 5194 ,7777)
562 5111 1108 5194 Παρίὲικαθημένοις.
1134 5126 1199 5194 ᾼ,
1224 5117 1267 5169 Β
1294 5114 1403 5170 τῶν
1429 5111 1926 5186 παρακαθημένων.

409 5187 521 5268 (78)
574 5187 830 5268 ’ϐ’ᾃιαλ.
1057 5191 1197 5243 διαλ.

404 5261 519 5338 (79)
572 5264 857 5338 Ἐγένετο.
886 5262 927 5313 Β
945 5261 1164 5338 γέγονε.

560 5332 964 5412 Κιέριωτὰξου..
988 5333 1038 5412 Ιξ
1055 5347 1302 5412 καιριωτ.

408 5400 524 5479 (81)
563 5400 782 5475 Δόγμα.
824 5405 884 5457 Β.
918 5403 979 5479 τὸ
1003 5400 1207 5479 δόγμα.

432 5471 522 5547 82)
568 5471 872 5547 Ἀρᾇψκνι
910 5477 975 5537 Α,
1003 5472 1045 5523 Β
1083 5471 1339 5547 τὴνλάρχ.

431 5541 523 5615 85)
563 5541 923 5614 Πᾶῥὸδικήν.
958 5547 1001 5615 ᾼ
1024 5541 1358 5615 περιοδικην.

430 5611 520 5691 84)
566 5611 689 5691 Tei-
712 5618 929 5691 émftr.
949 5614 1004 5691 Ρ
1159 5611 1267 5663 τῶν
1293 5613 1444 5677 ὲπιγ.

432 5683 524 5759 85)
570 5689 639 5743 Τὸ
675 5683 909 5759 πλεῖόν.
948 5685 1009 5737 Β.
1043 5683 1226 5759 πλέον.

407 5750 522 5836 (86)
563 5756 1036 5830 Προδεχομένης.
1077 5752 1119 5805 Β
1144 5750 1472 5826 προσδεχομ.

2102 4898 2214 4970 (87)
2265 4892 2848 4970 ἘσξιεδᾳσμέῖουηΒ
2874 4892 3230 4970 διεσκεδ-ασμ.

2105 4956 2218 5041 (88)
2256 4967 2394 5041 Περὶ
2436 4956 2711 5041 amitti;
3072 4963 3130 5041 ἦ.
3157 4956 3286 5041 περὶ
3329 4957 3428 5039 τῆς
3475 4956 3624 5041 θείας

2028 5026 2136 5094 τῶν
2163 5026 2418 5112 Γραφῶν.
2458 5037 2500 5088 Β
2543 5026 2702 5107 παρᾶ
2722 5037 2822 5105 τῆς
2863 5026 3014 5099 θείας
3060 5030 3173 5085 τῶν
3216 5026 3449 5100 Γραφῶν
3476 5026 3622 5080 διδα-

2031 5110 2281 5173 σκαλίας.

2103 5182 2216 5253 (89)
2260 5182 2470 5253 Ὅσον.
2498 5176 2561 5253 _B
2586 5175 2760 5253 v<5_cov.

2101 5245 2215 5319 (90)
2256 5249 2421 5319 Παρὰ
2450 5246 2582 5317 τῆς.
2624 5247 2666 5298 Β
2705 5246 2845 5319 mp):
2865 5245 2986 5319 τῆς.

2105 5311 2217 5393 (91)
2266 5311 2784 5393 Ἀἶρτιθέᾀὲως.-Α,
2816 5316 2854 5367 Β
2878 5311 3220 5393 άντιθέσεων.

2105 5385 2219 5463 (92)
2274 5388 2727 5463 ἙντεθένταηΒ
2767 5385 3074 5463 ἐκτεθέντα.
3131 5459 3139 5463 Δ
3243 5451 3255 5463 .

2106 5449 2220 5533 (95)
2263 5457 2810 5533 Ἤκουσα-τοίνυν.
2861 5451 3297 5533 ‘Scltoliastgs‘in
3344 5449 3496 5533 calce
3534 5465 3628 5504 eo-

2035 5522 2174 5591 dieis
2202 5522 2248 5587 Ἀ
2292 5532 2390 5593 ita,
2442 5530 2573 5601 περὶ
2592 5528 2701 5601 τῆς
2743 5522 2886 5601 κατὰ
2920 5523 3014 5601 τὸν
3062 5522 3225 5601 Δασὶδ
3256 5522 3625 5601 ἀναστάσεως.

2084 5605 2218 5674 »(94)
2269 5592 2667 5674 Ἀνταξηεζιεῒςξ
2730 5598 2773 5649 Α
2818 5596 2893 5649 ita
2942 5596 2996 5649 in
3046 5594 3333 5666 margine;
3378 5592 3433 5647 in
3476 5602 3628 5647 textu

2036 5671 2208 5742 vero,
2223 5671 2523 5736 άνατελεῖς.
