  <div class='ocr_page' id='page_1' title='image "/cluster/home/n/w/nwhite01/storage/ocr_20150623/46:no.3/coo.31924054869668/073.png"; bbox 0 0 3992 6438; ppageno 0'>
   <div class='ocr_carea' id='block_1_1' title="bbox 550 391 647 446">
    <p class='ocr_par' dir='ltr' id='par_1_1' title="bbox 550 391 647 446">
     <span class='ocr_line' id='line_1_1' title="bbox 550 391 647 446; baseline 0.021 -2"><span class='ocrx_word' id='word_1_1' title='bbox 550 391 647 446; x_wconf 86' lang='grc'><strong>151</strong></span> 
     </span>
    </p>
   </div>
   <div class='ocr_carea' id='block_1_2' title="bbox 1792 382 2570 438">
    <p class='ocr_par' dir='ltr' id='par_1_2' title="bbox 1792 382 2570 438">
     <span class='ocr_line' id='line_1_2' title="bbox 1792 382 2570 438; baseline 0.003 -2"><span class='ocrx_word' id='word_1_2' title='bbox 1792 383 1848 437; x_wconf 90' lang='lat' dir='ltr'><strong>S.</strong></span> <span class='ocrx_word' id='word_1_3' title='bbox 1894 382 2221 437; x_wconf 78' lang='lat' dir='ltr'><strong>GREGORII</strong></span> <span class='ocrx_word' id='word_1_4' title='bbox 2273 382 2570 438; x_wconf 72' lang='lat' dir='ltr'><strong>NYSSENl</strong></span> 
     </span>
    </p>
   </div>
   <div class='ocr_carea' id='block_1_3' title="bbox 3699 389 3798 443">
    <p class='ocr_par' dir='ltr' id='par_1_3' title="bbox 3699 389 3798 443">
     <span class='ocr_line' id='line_1_3' title="bbox 3699 389 3798 443; baseline -0.01 0"><span class='ocrx_word' id='word_1_5' title='bbox 3699 389 3798 443; x_wconf 73' lang='grc'><strong>133</strong></span> 
     </span>
    </p>
   </div>
   <div class='ocr_carea' id='block_1_4' title="bbox 537 483 2127 556">
    <p class='ocr_par' dir='ltr' id='par_1_4' title="bbox 537 483 2120 554">
     <span class='ocr_line' id='line_1_4' title="bbox 537 483 2120 554; baseline -0.006 -10"><span class='ocrx_word' id='word_1_6' title='bbox 537 498 740 546; x_wconf 89' lang='lat' dir='ltr'><strong>tentur.</strong></span> <span class='ocrx_word' id='word_1_7' title='bbox 782 487 1014 542; x_wconf 86' lang='lat' dir='ltr'><strong>Emittes</strong></span> <span class='ocrx_word' id='word_1_8' title='bbox 1051 483 1310 554; x_wconf 74' lang='lat' dir='ltr'><strong>Spiritum</strong></span> <span class='ocrx_word' id='word_1_9' title='bbox 1349 492 1524 541; x_wconf 87' lang='lat' dir='ltr'><strong>tuum.</strong></span> <span class='ocrx_word' id='word_1_10' title='bbox 1561 489 1614 534; x_wconf 87' lang='lat' dir='ltr'><strong>ct</strong></span> <span class='ocrx_word' id='word_1_11' title='bbox 1672 484 2025 546; x_wconf 80' lang='lat' dir='ltr'><strong>creabantur,</strong></span> <span class='ocrx_word' id='word_1_12' title='bbox 2066 491 2120 535; x_wconf 92' lang='lat' dir='ltr'><strong>et</strong></span> 
     </span>
    </p>
   </div>
   <div class='ocr_carea' id='block_1_5' title="bbox 2233 483 3799 556">
    <p class='ocr_par' dir='ltr' id='par_1_5' title="bbox 2233 483 3799 556">
     <span class='ocr_line' id='line_1_5' title="bbox 2233 483 3799 556; baseline 0.002 -21"><span class='ocrx_word' id='word_1_13' title='bbox 2233 483 2281 535; x_wconf 75' lang='grc' dir='ltr'><strong>ιδ</strong></span> <span class='ocrx_word' id='word_1_14' title='bbox 2310 483 2602 554; x_wconf 87' lang='grc' dir='ltr'>πρόσωπον</span> <span class='ocrx_word' id='word_1_15' title='bbox 2633 484 2732 555; x_wconf 80' lang='grc' dir='ltr'>τῆς</span> <span class='ocrx_word' id='word_1_16' title='bbox 2777 484 2898 554; x_wconf 85' lang='grc' dir='ltr'>γῆς.</span> <span class='ocrx_word' id='word_1_17' title='bbox 2947 501 2966 535; x_wconf 67' lang='grc' dir='ltr'><strong>ι</strong></span> <span class='ocrx_word' id='word_1_18' title='bbox 3007 486 3190 539; x_wconf 78' lang='grc' dir='ltr'>Πάντα</span> <span class='ocrx_word' id='word_1_19' title='bbox 3225 483 3342 556; x_wconf 80' lang='grc'>(95)</span> <span class='ocrx_word' id='word_1_20' title='bbox 3378 487 3434 538; x_wconf 83' lang='grc' dir='ltr'><strong>ὲν</strong></span> <span class='ocrx_word' id='word_1_21' title='bbox 3478 484 3645 538; x_wconf 82' lang='grc' dir='ltr'>πᾶσιν</span> <span class='ocrx_word' id='word_1_22' title='bbox 3689 483 3799 556; x_wconf 82' lang='grc'>(96)</span> 
     </span>
    </p>
   </div>
   <div class='ocr_carea' id='block_1_6' title="bbox 538 570 2119 642">
    <p class='ocr_par' dir='ltr' id='par_1_6' title="bbox 538 570 2119 642">
     <span class='ocr_line' id='line_1_6' title="bbox 538 570 2119 642; baseline -0.003 -11"><span class='ocrx_word' id='word_1_23' title='bbox 538 577 826 631; x_wconf 86' lang='lat' dir='ltr'><strong>renovabis</strong></span> <span class='ocrx_word' id='word_1_24' title='bbox 861 574 1056 629; x_wconf 77' lang='lat' dir='ltr'><strong>faciem</strong></span> <span class='ocrx_word' id='word_1_25' title='bbox 1093 581 1273 627; x_wconf 79' lang='lat' dir='ltr'><strong>terrae.</strong></span> <span class='ocrx_word' id='word_1_26' title='bbox 1321 590 1339 622; x_wconf 84' lang='grc'>›</span> <span class='ocrx_word' id='word_1_27' title='bbox 1372 570 1564 625; x_wconf 91' lang='lat' dir='ltr'><strong>Omnia</strong></span> <span class='ocrx_word' id='word_1_28' title='bbox 1609 572 1662 625; x_wconf 90' lang='lat' dir='ltr'><strong>in</strong></span> <span class='ocrx_word' id='word_1_29' title='bbox 1704 574 1960 628; x_wconf 89' lang='lat' dir='ltr'><strong>omnibus</strong></span> <span class='ocrx_word' id='word_1_30' title='bbox 1997 587 2119 642; x_wconf 89' lang='lat' dir='ltr'><strong>ope-</strong></span> 
     </span>
    </p>
   </div>
   <div class='ocr_carea' id='block_1_7' title="bbox 539 663 2117 734">
    <p class='ocr_par' dir='ltr' id='par_1_7' title="bbox 539 663 2117 734">
     <span class='ocr_line' id='line_1_7' title="bbox 539 663 2117 734; baseline -0.004 -13"><span class='ocrx_word' id='word_1_31' title='bbox 539 677 749 722; x_wconf 88' lang='lat' dir='ltr'><strong>rantem</strong></span> <span class='ocrx_word' id='word_1_32' title='bbox 778 669 1035 721; x_wconf 75' lang='lat' dir='ltr'><strong>virtutem</strong></span> <span class='ocrx_word' id='word_1_33' title='bbox 1065 664 1295 734; x_wconf 76' lang='lat' dir='ltr'><strong>spiritus</strong></span> <span class='ocrx_word' id='word_1_34' title='bbox 1327 677 1447 726; x_wconf 90' lang='lat' dir='ltr'><strong>eos,</strong></span> <span class='ocrx_word' id='word_1_35' title='bbox 1481 663 1534 716; x_wconf 91' lang='lat' dir='ltr'><strong>in</strong></span> <span class='ocrx_word' id='word_1_36' title='bbox 1563 663 1763 732; x_wconf 83' lang='lat' dir='ltr'><strong>quibus</strong></span> <span class='ocrx_word' id='word_1_37' title='bbox 1793 665 1956 718; x_wconf 91' lang='lat' dir='ltr'><strong>fuerit</strong></span> <span class='ocrx_word' id='word_1_38' title='bbox 1981 664 2117 716; x_wconf 78' lang='lat' dir='ltr'><strong>rivi-</strong></span> 
     </span>
    </p>
   </div>
   <div class='ocr_carea' id='block_1_8' title="bbox 539 754 2120 826">
    <p class='ocr_par' dir='ltr' id='par_1_8' title="bbox 539 754 2120 826">
     <span class='ocr_line' id='line_1_8' title="bbox 539 754 2120 826; baseline -0.003 -13"><span class='ocrx_word' id='word_1_39' title='bbox 539 762 704 815; x_wconf 89' lang='lat' dir='ltr'><strong>ﬁcare</strong></span> <span class='ocrx_word' id='word_1_40' title='bbox 733 761 950 824; x_wconf 90' lang='lat' dir='ltr'><strong>dicens,</strong></span> <span class='ocrx_word' id='word_1_41' title='bbox 980 765 1284 826; x_wconf 90' lang='lat' dir='ltr'><strong>contraque</strong></span> <span class='ocrx_word' id='word_1_42' title='bbox 1328 754 1439 809; x_wconf 86' lang='lat' dir='ltr'><strong>vita</strong></span> <span class='ocrx_word' id='word_1_43' title='bbox 1471 756 1686 824; x_wconf 86' lang='lat' dir='ltr'><strong>privare</strong></span> <span class='ocrx_word' id='word_1_44' title='bbox 1731 770 1826 809; x_wconf 91' lang='lat' dir='ltr'><strong>eos</strong></span> <span class='ocrx_word' id='word_1_45' title='bbox 1853 770 1884 809; x_wconf 89' lang='lat' dir='ltr'><strong>a</strong></span> <span class='ocrx_word' id='word_1_46' title='bbox 1919 755 2120 825; x_wconf 85' lang='lat' dir='ltr'><strong>quibus</strong></span> 
     </span>
    </p>
   </div>
   <div class='ocr_carea' id='block_1_9' title="bbox 536 846 2118 919">
    <p class='ocr_par' dir='ltr' id='par_1_9' title="bbox 536 846 2118 919">
     <span class='ocr_line' id='line_1_9' title="bbox 536 846 2118 919; baseline -0.004 -13"><span class='ocrx_word' id='word_1_47' title='bbox 536 852 800 906; x_wconf 80' lang='lat' dir='ltr'><strong>abfuerit.</strong></span> <span class='ocrx_word' id='word_1_48' title='bbox 825 851 1094 916; x_wconf 83' lang='lat' dir='ltr'><strong>Quoniam</strong></span> <span class='ocrx_word' id='word_1_49' title='bbox 1127 849 1294 919; x_wconf 82' lang='lat' dir='ltr'><strong>igitur</strong></span> <span class='ocrx_word' id='word_1_50' title='bbox 1328 846 1619 901; x_wconf 80' lang='lat' dir='ltr'><strong>recedente</strong></span> <span class='ocrx_word' id='word_1_51' title='bbox 1671 846 1888 916; x_wconf 87' lang='lat' dir='ltr'><strong>quidem</strong></span> <span class='ocrx_word' id='word_1_52' title='bbox 1925 846 2118 915; x_wconf 86' lang='lat' dir='ltr'><strong>spiritu</strong></span> 
     </span>
    </p>
   </div>
   <div class='ocr_carea' id='block_1_10' title="bbox 537 939 2122 1008">
    <p class='ocr_par' dir='ltr' id='par_1_10' title="bbox 537 939 2122 1008">
     <span class='ocr_line' id='line_1_10' title="bbox 537 939 2122 1008; baseline -0.004 -10"><span class='ocrx_word' id='word_1_53' title='bbox 537 944 835 998; x_wconf 86' lang='lat' dir='ltr'><strong>viventium</strong></span> <span class='ocrx_word' id='word_1_54' title='bbox 889 941 1194 1005; x_wconf 88' lang='lat' dir='ltr'><strong>defectum;</strong></span> <span class='ocrx_word' id='word_1_55' title='bbox 1250 939 1544 993; x_wconf 87' lang='lat' dir='ltr'><strong>accedente</strong></span> <span class='ocrx_word' id='word_1_56' title='bbox 1594 946 1776 992; x_wconf 86' lang='lat' dir='ltr'><strong>autem</strong></span> <span class='ocrx_word' id='word_1_57' title='bbox 1832 952 1898 992; x_wconf 91' lang='lat' dir='ltr'><strong>eo</strong></span> <span class='ocrx_word' id='word_1_58' title='bbox 1957 947 2122 1008; x_wconf 85' lang='lat' dir='ltr'><strong>atque</strong></span> 
     </span>
    </p>
   </div>
   <div class='ocr_carea' id='block_1_11' title="bbox 539 1027 2121 1105">
    <p class='ocr_par' dir='ltr' id='par_1_11' title="bbox 539 1027 2121 1105">
     <span class='ocr_line' id='line_1_11' title="bbox 539 1027 2121 1105; baseline -0.004 -17"><span class='ocrx_word' id='word_1_59' title='bbox 539 1043 809 1105; x_wconf 76' lang='lat' dir='ltr'><strong>praesente</strong></span> <span class='ocrx_word' id='word_1_60' title='bbox 841 1047 1030 1088; x_wconf 91' lang='lat' dir='ltr'><strong>eorum</strong></span> <span class='ocrx_word' id='word_1_61' title='bbox 1059 1032 1151 1100; x_wconf 90' lang='lat' dir='ltr'><strong>qui</strong></span> <span class='ocrx_word' id='word_1_62' title='bbox 1186 1029 1512 1093; x_wconf 82' lang='lat' dir='ltr'><strong>defecerint,</strong></span> <span class='ocrx_word' id='word_1_63' title='bbox 1547 1029 1956 1084; x_wconf 84' lang='lat' dir='ltr'><strong>renovationcm</strong></span> <span class='ocrx_word' id='word_1_64' title='bbox 2002 1027 2121 1084; x_wconf 88' lang='lat' dir='ltr'><strong>ﬁeri</strong></span> 
     </span>
    </p>
   </div>
   <div class='ocr_carea' id='block_1_12' title="bbox 538 1121 2122 1190">
    <p class='ocr_par' dir='ltr' id='par_1_12' title="bbox 538 1121 2122 1190">
     <span class='ocr_line' id='line_1_12' title="bbox 538 1121 2122 1190; baseline -0.004 -10"><span class='ocrx_word' id='word_1_65' title='bbox 538 1128 671 1181; x_wconf 84' lang='lat' dir='ltr'><strong>dicit</strong></span> <span class='ocrx_word' id='word_1_66' title='bbox 705 1145 718 1180; x_wconf 88' lang='lat'>:</span> <span class='ocrx_word' id='word_1_67' title='bbox 749 1135 803 1179; x_wconf 87' lang='lat' dir='ltr'><strong>et</strong></span> <span class='ocrx_word' id='word_1_68' title='bbox 835 1127 889 1179; x_wconf 91' lang='lat' dir='ltr'><strong>in</strong></span> <span class='ocrx_word' id='word_1_69' title='bbox 926 1124 1120 1178; x_wconf 91' lang='lat' dir='ltr'><strong>ordine</strong></span> <span class='ocrx_word' id='word_1_70' title='bbox 1147 1121 1440 1184; x_wconf 87' lang='lat' dir='ltr'><strong>orationis,</strong></span> <span class='ocrx_word' id='word_1_71' title='bbox 1491 1136 1680 1176; x_wconf 85' lang='lat' dir='ltr'><strong>eorum</strong></span> <span class='ocrx_word' id='word_1_72' title='bbox 1712 1121 1804 1190; x_wconf 89' lang='lat' dir='ltr'><strong>qui</strong></span> <span class='ocrx_word' id='word_1_73' title='bbox 1852 1135 2122 1175; x_wconf 84' lang='lat' dir='ltr'><strong>renovan-</strong></span> 
     </span>
    </p>
   </div>
   <div class='ocr_carea' id='block_1_13' title="bbox 539 1212 2120 1286">
    <p class='ocr_par' dir='ltr' id='par_1_13' title="bbox 539 1212 2120 1286">
     <span class='ocr_line' id='line_1_13' title="bbox 539 1212 2120 1286; baseline -0.005 -12"><span class='ocrx_word' id='word_1_74' title='bbox 539 1232 644 1282; x_wconf 89' lang='lat' dir='ltr'><strong>tur,</strong></span> <span class='ocrx_word' id='word_1_75' title='bbox 677 1219 924 1272; x_wconf 87' lang='lat' dir='ltr'><strong>del’ectus</strong></span> <span class='ocrx_word' id='word_1_76' title='bbox 961 1215 1237 1286; x_wconf 66' lang='lat' dir='ltr'><strong>praecedit,</strong></span> <span class='ocrx_word' id='word_1_77' title='bbox 1273 1215 1379 1269; x_wconf 92' lang='lat' dir='ltr'><strong>hoc</strong></span> <span class='ocrx_word' id='word_1_78' title='bbox 1431 1213 1556 1282; x_wconf 91' lang='lat' dir='ltr'><strong>ipso</strong></span> <span class='ocrx_word' id='word_1_79' title='bbox 1623 1212 1865 1267; x_wconf 86' lang='lat' dir='ltr'><strong>dicimus</strong></span> <span class='ocrx_word' id='word_1_80' title='bbox 1913 1219 2120 1283; x_wconf 84' lang='lat' dir='ltr'><strong>myste-</strong></span> 
     </span>
    </p>
   </div>
   <div class='ocr_carea' id='block_1_14' title="bbox 539 1303 2122 1373">
    <p class='ocr_par' dir='ltr' id='par_1_14' title="bbox 539 1303 2122 1373">
     <span class='ocr_line' id='line_1_14' title="bbox 539 1303 2122 1373; baseline -0.004 -10"><span class='ocrx_word' id='word_1_81' title='bbox 539 1312 679 1364; x_wconf 87' lang='lat' dir='ltr'><strong>rium</strong></span> <span class='ocrx_word' id='word_1_82' title='bbox 716 1309 1137 1362; x_wconf 87' lang='lat' dir='ltr'><strong>resurrectionis</strong></span> <span class='ocrx_word' id='word_1_83' title='bbox 1181 1304 1438 1360; x_wconf 74' lang='lat' dir='ltr'><strong>Ecclesia:</strong></span> <span class='ocrx_word' id='word_1_84' title='bbox 1468 1303 1809 1366; x_wconf 87' lang='lat' dir='ltr'><strong>aununtiari,</strong></span> <span class='ocrx_word' id='word_1_85' title='bbox 1842 1303 2037 1373; x_wconf 86' lang='lat' dir='ltr'><strong>spiritu</strong></span> <span class='ocrx_word' id='word_1_86' title='bbox 2059 1318 2122 1356; x_wconf 90' lang='lat' dir='ltr'><strong>ac</strong></span> 
     </span>
    </p>
   </div>
   <div class='ocr_carea' id='block_1_15' title="bbox 539 1394 2124 1470">
    <p class='ocr_par' dir='ltr' id='par_1_15' title="bbox 539 1394 2124 1470">
     <span class='ocr_line' id='line_1_15' title="bbox 539 1394 2124 1470; baseline -0.005 -15"><span class='ocrx_word' id='word_1_87' title='bbox 539 1416 763 1457; x_wconf 90' lang='lat' dir='ltr'><strong>munere</strong></span> <span class='ocrx_word' id='word_1_88' title='bbox 816 1399 1139 1470; x_wconf 90' lang='lat' dir='ltr'><strong>prophetico</strong></span> <span class='ocrx_word' id='word_1_89' title='bbox 1189 1399 1331 1452; x_wconf 89' lang='lat' dir='ltr'><strong>hanc</strong></span> <span class='ocrx_word' id='word_1_90' title='bbox 1373 1397 1606 1467; x_wconf 78' lang='lat' dir='ltr'><strong>gratiam</strong></span> <span class='ocrx_word' id='word_1_91' title='bbox 1663 1394 1866 1448; x_wconf 85' lang='lat' dir='ltr'><strong>Davide</strong></span> <span class='ocrx_word' id='word_1_92' title='bbox 1930 1395 2124 1464; x_wconf 64' lang='lat' dir='ltr'><strong>praedi-</strong></span> 
     </span>
    </p>
   </div>
   <div class='ocr_carea' id='block_1_16' title="bbox 535 1485 2120 1562">
    <p class='ocr_par' dir='ltr' id='par_1_16' title="bbox 535 1485 2120 1562">
     <span class='ocr_line' id='line_1_16' title="bbox 535 1485 2120 1562; baseline -0.006 -15"><span class='ocrx_word' id='word_1_93' title='bbox 535 1507 714 1549; x_wconf 87' lang='lat' dir='ltr'><strong>cente.</strong></span> <span class='ocrx_word' id='word_1_94' title='bbox 749 1495 928 1562; x_wconf 82' lang='lat' dir='ltr'><strong>Atque</strong></span> <span class='ocrx_word' id='word_1_95' title='bbox 965 1491 1131 1546; x_wconf 87' lang='lat' dir='ltr'><strong>etiam</strong></span> <span class='ocrx_word' id='word_1_96' title='bbox 1192 1489 1322 1543; x_wconf 84' lang='lat' dir='ltr'><strong>alibi</strong></span> <span class='ocrx_word' id='word_1_97' title='bbox 1360 1488 1495 1542; x_wconf 90' lang='lat' dir='ltr'><strong>dicit</strong></span> <span class='ocrx_word' id='word_1_98' title='bbox 1525 1486 1668 1541; x_wconf 90' lang='lat' dir='ltr'><strong>idem</strong></span> <span class='ocrx_word' id='word_1_99' title='bbox 1705 1487 1793 1541; x_wconf 93' lang='lat' dir='ltr'><strong>hic</strong></span> <span class='ocrx_word' id='word_1_100' title='bbox 1829 1485 2120 1555; x_wconf 81' lang='lat' dir='ltr'><strong>Propheta,</strong></span> 
     </span>
    </p>
   </div>
   <div class='ocr_carea' id='block_1_17' title="bbox 536 1577 2120 1641">
    <p class='ocr_par' dir='ltr' id='par_1_17' title="bbox 536 1577 2120 1641">
     <span class='ocr_line' id='line_1_17' title="bbox 536 1577 2120 1641; baseline -0.005 -3"><span class='ocrx_word' id='word_1_101' title='bbox 536 1601 718 1640; x_wconf 89' lang='lat' dir='ltr'><strong>rerum</strong></span> <span class='ocrx_word' id='word_1_102' title='bbox 745 1585 1125 1638; x_wconf 80' lang='lat' dir='ltr'><strong>universarum</strong></span> <span class='ocrx_word' id='word_1_103' title='bbox 1159 1589 1369 1634; x_wconf 68' lang='lat' dir='ltr'><strong>natura:</strong></span> <span class='ocrx_word' id='word_1_104' title='bbox 1393 1577 1559 1641; x_wconf 85' lang='lat' dir='ltr'><strong>Deus,</strong></span> <span class='ocrx_word' id='word_1_105' title='bbox 1584 1592 1768 1630; x_wconf 90' lang='lat' dir='ltr'><strong>rerum</strong></span> <span class='ocrx_word' id='word_1_106' title='bbox 1799 1585 2120 1630; x_wconf 87' lang='lat' dir='ltr'><strong>cunctarum</strong></span> 
     </span>
    </p>
   </div>
   <div class='ocr_carea' id='block_1_18' title="bbox 537 1666 2121 1744">
    <p class='ocr_par' dir='ltr' id='par_1_18' title="bbox 537 1666 2121 1744">
     <span class='ocr_line' id='line_1_18' title="bbox 537 1666 2121 1744; baseline -0.006 -15"><span class='ocrx_word' id='word_1_107' title='bbox 537 1677 805 1731; x_wconf 87' lang='lat' dir='ltr'><strong>Dominus</strong></span> <span class='ocrx_word' id='word_1_108' title='bbox 831 1671 1287 1744; x_wconf 85' lang='lat' dir='ltr'><strong>apparuitnobis,</strong></span> <span class='ocrx_word' id='word_1_109' title='bbox 1323 1677 1380 1724; x_wconf 92' lang='lat' dir='ltr'><strong>ut</strong></span> <span class='ocrx_word' id='word_1_110' title='bbox 1402 1669 1866 1724; x_wconf 86' lang='lat' dir='ltr'><strong>constitueremus</strong></span> <span class='ocrx_word' id='word_1_111' title='bbox 1921 1666 2121 1723; x_wconf 87' lang='lat' dir='ltr'><strong>festum</strong></span> 
     </span>
    </p>
   </div>
   <div class='ocr_carea' id='block_1_19' title="bbox 536 1756 2124 1832">
    <p class='ocr_par' dir='ltr' id='par_1_19' title="bbox 536 1756 2124 1832">
     <span class='ocr_line' id='line_1_19' title="bbox 536 1756 2124 1832; baseline -0.007 -12"><span class='ocrx_word' id='word_1_112' title='bbox 536 1774 787 1820; x_wconf 84' lang='lat' dir='ltr'><strong>nostrum</strong></span> <span class='ocrx_word' id='word_1_113' title='bbox 820 1765 963 1818; x_wconf 88' lang='lat' dir='ltr'><strong>inter</strong></span> <span class='ocrx_word' id='word_1_114' title='bbox 999 1769 1244 1832; x_wconf 87' lang='lat' dir='ltr'><strong>tegentes</strong></span> <span class='ocrx_word' id='word_1_115' title='bbox 1302 1766 1356 1812; x_wconf 83' lang='lat' dir='ltr'><strong>et</strong></span> <span class='ocrx_word' id='word_1_116' title='bbox 1387 1766 1670 1823; x_wconf 87' lang='lat' dir='ltr'><strong>ornantes,</strong></span> <span class='ocrx_word' id='word_1_117' title='bbox 1706 1756 1908 1812; x_wconf 89' lang='lat' dir='ltr'><strong>festum</strong></span> <span class='ocrx_word' id='word_1_118' title='bbox 1945 1757 2124 1810; x_wconf 87' lang='lat' dir='ltr'><strong>taber-</strong></span> 
     </span>
    </p>
   </div>
   <div class='ocr_carea' id='block_1_20' title="bbox 2222 576 3798 649">
    <p class='ocr_par' dir='ltr' id='par_1_20' title="bbox 2222 576 3798 649">
     <span class='ocr_line' id='line_1_20' title="bbox 2222 576 3798 649; baseline 0.001 -21"><span class='ocrx_word' id='word_1_119' title='bbox 2222 577 2548 647; x_wconf 75' lang='grc' dir='ltr'><strong>ἐνεργοῦσαν</strong></span> <span class='ocrx_word' id='word_1_120' title='bbox 2595 577 2689 630; x_wconf 82' lang='grc' dir='ltr'><strong>τοῦ</strong></span> <span class='ocrx_word' id='word_1_121' title='bbox 2727 577 3036 649; x_wconf 86' lang='grc' dir='ltr'>πνεύματος</span> <span class='ocrx_word' id='word_1_122' title='bbox 3089 578 3348 649; x_wconf 86' lang='grc' dir='ltr'>δύναμιν,</span> <span class='ocrx_word' id='word_1_123' title='bbox 3407 576 3694 640; x_wconf 76' lang='grc' dir='ltr'><strong>ζωοποιεῖν</strong></span> <span class='ocrx_word' id='word_1_124' title='bbox 3740 595 3798 630; x_wconf 84' lang='grc' dir='ltr'><strong>τε</strong></span> 
     </span>
    </p>
   </div>
   <div class='ocr_carea' id='block_1_21' title="bbox 2221 663 3799 741">
    <p class='ocr_par' dir='ltr' id='par_1_21' title="bbox 2221 663 3799 741">
     <span class='ocr_line' id='line_1_21' title="bbox 2221 663 3799 741; baseline 0.001 -20"><span class='ocrx_word' id='word_1_125' title='bbox 2221 668 2413 736; x_wconf 88' lang='grc' dir='ltr'>λέγων,</span> <span class='ocrx_word' id='word_1_126' title='bbox 2442 663 2524 731; x_wconf 74' lang='grc' dir='ltr'>οἷς</span> <span class='ocrx_word' id='word_1_127' title='bbox 2543 667 2608 721; x_wconf 79' lang='grc' dir='ltr'><strong>ἂν</strong></span> <span class='ocrx_word' id='word_1_128' title='bbox 2625 668 2934 740; x_wconf 83' lang='grc' dir='ltr'>ἐγγένηται,</span> <span class='ocrx_word' id='word_1_129' title='bbox 2967 672 3060 724; x_wconf 71' lang='grc' dir='ltr'><strong>καὶ</strong></span> <span class='ocrx_word' id='word_1_130' title='bbox 3077 671 3312 741; x_wconf 77' lang='grc' dir='ltr'>ἀφιστᾷν</span> <span class='ocrx_word' id='word_1_131' title='bbox 3339 669 3439 739; x_wconf 83' lang='grc' dir='ltr'>τῆς</span> <span class='ocrx_word' id='word_1_132' title='bbox 3464 667 3608 734; x_wconf 76' lang='grc' dir='ltr'>ζωῆς</span> <span class='ocrx_word' id='word_1_133' title='bbox 3641 668 3799 722; x_wconf 68' lang='grc' dir='ltr'>πάλιν</span> 
     </span>
    </p>
   </div>
   <div class='ocr_carea' id='block_1_22' title="bbox 2219 754 3799 832">
    <p class='ocr_par' dir='ltr' id='par_1_22' title="bbox 2219 754 3799 832">
     <span class='ocr_line' id='line_1_22' title="bbox 2219 754 3799 832; baseline -0.001 -17"><span class='ocrx_word' id='word_1_134' title='bbox 2219 754 2295 815; x_wconf 85' lang='grc' dir='ltr'>ὧν</span> <span class='ocrx_word' id='word_1_135' title='bbox 2324 762 2391 816; x_wconf 83' lang='grc' dir='ltr'><strong>ἂν</strong></span> <span class='ocrx_word' id='word_1_136' title='bbox 2415 760 2626 831; x_wconf 72' lang='lat'><strong>(97-98)</strong></span> <span class='ocrx_word' id='word_1_137' title='bbox 2659 761 3009 832; x_wconf 85' lang='grc' dir='ltr'>ἀπογένηται.</span> <span class='ocrx_word' id='word_1_138' title='bbox 3053 761 3205 815; x_wconf 77' lang='grc' dir='ltr'>Ἐπεὶ</span> <span class='ocrx_word' id='word_1_139' title='bbox 3237 757 3329 816; x_wconf 80' lang='grc' dir='ltr'>οὖν</span> <span class='ocrx_word' id='word_1_140' title='bbox 3348 763 3414 831; x_wconf 82' lang='grc' dir='ltr'><strong>τῇ</strong></span> <span class='ocrx_word' id='word_1_141' title='bbox 3445 759 3555 830; x_wconf 86' lang='grc'>(99)</span> <span class='ocrx_word' id='word_1_142' title='bbox 3585 762 3799 831; x_wconf 85' lang='grc' dir='ltr'>ἀναχω-</span> 
     </span>
    </p>
   </div>
   <div class='ocr_carea' id='block_1_23' title="bbox 2223 849 3799 922">
    <p class='ocr_par' dir='ltr' id='par_1_23' title="bbox 2223 849 3799 922">
     <span class='ocr_line' id='line_1_23' title="bbox 2223 849 3799 922; baseline -0.001 -19"><span class='ocrx_word' id='word_1_143' title='bbox 2223 851 2380 922; x_wconf 71' lang='grc' dir='ltr'>ρήσει</span> <span class='ocrx_word' id='word_1_144' title='bbox 2407 849 2502 904; x_wconf 89' lang='grc' dir='ltr'><strong>τοῦ</strong></span> <span class='ocrx_word' id='word_1_145' title='bbox 2555 851 2866 922; x_wconf 88' lang='grc' dir='ltr'>πνεύματος</span> <span class='ocrx_word' id='word_1_146' title='bbox 2897 851 2995 922; x_wconf 76' lang='grc' dir='ltr'>τὴν</span> <span class='ocrx_word' id='word_1_147' title='bbox 3035 851 3143 904; x_wconf 92' lang='grc' dir='ltr'><strong>τῶν</strong></span> <span class='ocrx_word' id='word_1_148' title='bbox 3173 850 3391 915; x_wconf 83' lang='grc' dir='ltr'><strong>ζώντων</strong></span> <span class='ocrx_word' id='word_1_149' title='bbox 3426 852 3501 921; x_wconf 86' lang='grc'><strong>(1)</strong></span> <span class='ocrx_word' id='word_1_150' title='bbox 3537 850 3799 919; x_wconf 78' lang='grc' dir='ltr'>ἔκλειψιν,</span> 
     </span>
    </p>
   </div>
   <div class='ocr_carea' id='block_1_24' title="bbox 2221 943 3800 1016">
    <p class='ocr_par' dir='ltr' id='par_1_24' title="bbox 2221 943 3800 1016">
     <span class='ocr_line' id='line_1_24' title="bbox 2221 943 3800 1016; baseline 0 -20"><span class='ocrx_word' id='word_1_151' title='bbox 2221 946 2287 1014; x_wconf 83' lang='grc' dir='ltr'>τῇ</span> <span class='ocrx_word' id='word_1_152' title='bbox 2349 943 2408 996; x_wconf 83' lang='grc' dir='ltr'>δὲ</span> <span class='ocrx_word' id='word_1_153' title='bbox 2462 943 2656 996; x_wconf 87' lang='grc' dir='ltr'>τούτου</span> <span class='ocrx_word' id='word_1_154' title='bbox 2708 945 2728 1014; x_wconf 93' lang='grc'><strong>(</strong></span> <span class='ocrx_word' id='word_1_155' title='bbox 2753 943 2836 1013; x_wconf 80' lang='lat'><strong>‘2)</strong></span> <span class='ocrx_word' id='word_1_156' title='bbox 2903 943 3174 1016; x_wconf 76' lang='grc' dir='ltr'><strong>παρουσίᾳ</strong></span> <span class='ocrx_word' id='word_1_157' title='bbox 3217 944 3309 996; x_wconf 84' lang='grc' dir='ltr'><strong>τὸν</strong></span> <span class='ocrx_word' id='word_1_158' title='bbox 3356 943 3464 996; x_wconf 91' lang='grc' dir='ltr'><strong>τῶν</strong></span> <span class='ocrx_word' id='word_1_159' title='bbox 3519 943 3800 997; x_wconf 84' lang='grc' dir='ltr'>ἐκλειπόν-</span> 
     </span>
    </p>
   </div>
   <div class='ocr_carea' id='block_1_25' title="bbox 2221 1033 3800 1106">
    <p class='ocr_par' dir='ltr' id='par_1_25' title="bbox 2221 1033 3800 1106">
     <span class='ocr_line' id='line_1_25' title="bbox 2221 1033 3800 1106; baseline 0 -18"><span class='ocrx_word' id='word_1_160' title='bbox 2221 1052 2328 1088; x_wconf 87' lang='grc' dir='ltr'><strong>των</strong></span> <span class='ocrx_word' id='word_1_161' title='bbox 2353 1033 2428 1106; x_wconf 79' lang='lat'><strong>(&#39;5)</strong></span> <span class='ocrx_word' id='word_1_162' title='bbox 2471 1034 2864 1105; x_wconf 80' lang='grc' dir='ltr'>ἀνακαινισμὸν</span> <span class='ocrx_word' id='word_1_163' title='bbox 2895 1033 3142 1102; x_wconf 81' lang='grc' dir='ltr'>γίνεσθαι</span> <span class='ocrx_word' id='word_1_164' title='bbox 3172 1034 3350 1103; x_wconf 81' lang='grc' dir='ltr'><strong>λέγει,</strong></span> <span class='ocrx_word' id='word_1_165' title='bbox 3394 1038 3716 1106; x_wconf 85' lang='grc' dir='ltr'>προηγεῖται</span> <span class='ocrx_word' id='word_1_166' title='bbox 3746 1034 3800 1087; x_wconf 83' lang='grc' dir='ltr'>δὲ</span> 
     </span>
    </p>
   </div>
   <div class='ocr_carea' id='block_1_26' title="bbox 2222 1122 3800 1196">
    <p class='ocr_par' dir='ltr' id='par_1_26' title="bbox 2222 1122 3800 1196">
     <span class='ocr_line' id='line_1_26' title="bbox 2222 1122 3800 1196; baseline 0 -17"><span class='ocrx_word' id='word_1_167' title='bbox 2222 1124 2362 1179; x_wconf 83' lang='grc' dir='ltr'>κατὰ</span> <span class='ocrx_word' id='word_1_168' title='bbox 2404 1125 2503 1196; x_wconf 76' lang='grc' dir='ltr'>τὴν</span> <span class='ocrx_word' id='word_1_169' title='bbox 2540 1123 2636 1178; x_wconf 91' lang='grc' dir='ltr'><strong>τοῦ</strong></span> <span class='ocrx_word' id='word_1_170' title='bbox 2684 1124 2843 1193; x_wconf 90' lang='grc' dir='ltr'>λόγου</span> <span class='ocrx_word' id='word_1_171' title='bbox 2878 1124 3030 1188; x_wconf 82' lang='grc' dir='ltr'>τάξιν</span> <span class='ocrx_word' id='word_1_172' title='bbox 3073 1124 3180 1177; x_wconf 87' lang='grc' dir='ltr'><strong>τῶν</strong></span> <span class='ocrx_word' id='word_1_173' title='bbox 3224 1122 3722 1195; x_wconf 75' lang='grc' dir='ltr'>ἀνακαινιζομένων</span> <span class='ocrx_word' id='word_1_174' title='bbox 3767 1127 3800 1194; x_wconf 78' lang='grc' dir='ltr'><strong>ἡ</strong></span> 
     </span>
    </p>
   </div>
   <div class='ocr_carea' id='block_1_27' title="bbox 2221 1214 3791 1287">
    <p class='ocr_par' dir='ltr' id='par_1_27' title="bbox 2221 1214 3791 1287">
     <span class='ocr_line' id='line_1_27' title="bbox 2221 1214 3791 1287; baseline -0.001 -17"><span class='ocrx_word' id='word_1_175' title='bbox 2221 1217 2483 1287; x_wconf 75' lang='grc' dir='ltr'>ἔκλειψις·</span> <span class='ocrx_word' id='word_1_176' title='bbox 2524 1217 2699 1287; x_wconf 85' lang='grc' dir='ltr'>τούτῳ</span> <span class='ocrx_word' id='word_1_177' title='bbox 2731 1216 2925 1286; x_wconf 82' lang='grc' dir='ltr'>ἐκείνῳ</span> <span class='ocrx_word' id='word_1_178' title='bbox 2958 1217 3138 1286; x_wconf 78' lang='grc' dir='ltr'>φαμὲν</span> <span class='ocrx_word' id='word_1_179' title='bbox 3171 1215 3230 1268; x_wconf 82' lang='grc' dir='ltr'><strong>τὸ</strong></span> <span class='ocrx_word' id='word_1_180' title='bbox 3259 1215 3398 1269; x_wconf 79' lang='grc' dir='ltr'>κατὰ</span> <span class='ocrx_word' id='word_1_181' title='bbox 3429 1214 3527 1285; x_wconf 83' lang='grc' dir='ltr'><strong>τὴν</strong></span> <span class='ocrx_word' id='word_1_182' title='bbox 3568 1216 3791 1270; x_wconf 75' lang='grc' dir='ltr'>ἀνάστα-</span> 
     </span>
    </p>
   </div>
   <div class='ocr_carea' id='block_1_28' title="bbox 2225 1306 3800 1378">
    <p class='ocr_par' dir='ltr' id='par_1_28' title="bbox 2225 1306 3800 1378">
     <span class='ocr_line' id='line_1_28' title="bbox 2225 1306 3800 1378; baseline -0.001 -16"><span class='ocrx_word' id='word_1_183' title='bbox 2225 1328 2309 1363; x_wconf 91' lang='grc' dir='ltr'><strong>σιν</strong></span> <span class='ocrx_word' id='word_1_184' title='bbox 2338 1306 2804 1378; x_wconf 84' lang='grc' dir='ltr'>καταγγέλλεσθαι</span> <span class='ocrx_word' id='word_1_185' title='bbox 2837 1312 2902 1378; x_wconf 77' lang='grc' dir='ltr'>τῇ</span> <span class='ocrx_word' id='word_1_186' title='bbox 2945 1307 3238 1378; x_wconf 65' lang='grc' dir='ltr'>Ἐκκλησία</span> <span class='ocrx_word' id='word_1_187' title='bbox 3261 1307 3337 1376; x_wconf 72' lang='grc'>(4)</span> <span class='ocrx_word' id='word_1_188' title='bbox 3370 1307 3688 1377; x_wconf 87' lang='grc' dir='ltr'>μυστήριον,</span> <span class='ocrx_word' id='word_1_189' title='bbox 3728 1307 3800 1378; x_wconf 83' lang='grc' dir='ltr'><strong>τῷ</strong></span> 
     </span>
    </p>
   </div>
   <div class='ocr_carea' id='block_1_29' title="bbox 2223 1398 3801 1474">
    <p class='ocr_par' dir='ltr' id='par_1_29' title="bbox 2223 1398 3801 1474">
     <span class='ocr_line' id='line_1_29' title="bbox 2223 1398 3801 1474; baseline -0.002 -20"><span class='ocrx_word' id='word_1_190' title='bbox 2223 1400 2548 1474; x_wconf 63' lang='grc' dir='ltr'>προφητικῷ</span> <span class='ocrx_word' id='word_1_191' title='bbox 2578 1400 2846 1472; x_wconf 90' lang='grc' dir='ltr'>πνεύματι</span> <span class='ocrx_word' id='word_1_192' title='bbox 2877 1401 2952 1469; x_wconf 87' lang='grc'>(5)</span> <span class='ocrx_word' id='word_1_193' title='bbox 2978 1399 3070 1452; x_wconf 89' lang='grc' dir='ltr'><strong>τοῦ</strong></span> <span class='ocrx_word' id='word_1_194' title='bbox 3102 1398 3265 1451; x_wconf 67' lang='grc' dir='ltr'>Δαϐὶδ</span> <span class='ocrx_word' id='word_1_195' title='bbox 3287 1398 3386 1467; x_wconf 79' lang='grc' dir='ltr'><strong>τὴν</strong></span> <span class='ocrx_word' id='word_1_196' title='bbox 3415 1398 3573 1470; x_wconf 84' lang='grc' dir='ltr'>χάριν</span> <span class='ocrx_word' id='word_1_197' title='bbox 3600 1399 3801 1470; x_wconf 87' lang='grc' dir='ltr'>ταύτην</span> 
     </span>
    </p>
   </div>
   <div class='ocr_carea' id='block_1_30' title="bbox 2222 1489 3795 1566">
    <p class='ocr_par' dir='ltr' id='par_1_30' title="bbox 2222 1489 3795 1566">
     <span class='ocr_line' id='line_1_30' title="bbox 2222 1489 3795 1566; baseline -0.003 -18"><span class='ocrx_word' id='word_1_198' title='bbox 2222 1493 2767 1566; x_wconf 78' lang='grc' dir='ltr'>προεκφωνήσαντος.</span> <span class='ocrx_word' id='word_1_199' title='bbox 2826 1490 2984 1544; x_wconf 79' lang='grc' dir='ltr'>Ἀλλὰ</span> <span class='ocrx_word' id='word_1_200' title='bbox 3037 1490 3132 1543; x_wconf 73' lang='grc' dir='ltr'><strong>καὶ</strong></span> <span class='ocrx_word' id='word_1_201' title='bbox 3176 1489 3439 1559; x_wconf 81' lang='grc' dir='ltr'>ἐτέρωοέν</span> <span class='ocrx_word' id='word_1_202' title='bbox 3475 1490 3552 1560; x_wconf 88' lang='grc'><strong>(6)</strong></span> <span class='ocrx_word' id='word_1_203' title='bbox 3582 1507 3746 1560; x_wconf 81' lang='grc' dir='ltr'>φησιν</span> <span class='ocrx_word' id='word_1_204' title='bbox 3774 1503 3795 1544; x_wconf 80' lang='lat' dir='ltr'><strong>t.</strong></span> 
     </span>
    </p>
   </div>
   <div class='ocr_carea' id='block_1_31' title="bbox 2223 1579 3799 1655">
    <p class='ocr_par' dir='ltr' id='par_1_31' title="bbox 2223 1579 3799 1655">
     <span class='ocr_line' id='line_1_31' title="bbox 2223 1579 3799 1655; baseline 0.001 -17"><span class='ocrx_word' id='word_1_205' title='bbox 2223 1585 2386 1648; x_wconf 78' lang='grc' dir='ltr'>αὐτὸς</span> <span class='ocrx_word' id='word_1_206' title='bbox 2411 1579 2563 1648; x_wconf 75' lang='grc' dir='ltr'>οὗτος</span> <span class='ocrx_word' id='word_1_207' title='bbox 2594 1584 2670 1654; x_wconf 89' lang='grc'><strong>(7)</strong></span> <span class='ocrx_word' id='word_1_208' title='bbox 2701 1584 3003 1655; x_wconf 73' lang='grc' dir='ltr'><strong>προφήτης,</strong></span> <span class='ocrx_word' id='word_1_209' title='bbox 3040 1583 3122 1636; x_wconf 84' lang='grc' dir='ltr'>ὅτι</span> <span class='ocrx_word' id='word_1_210' title='bbox 3153 1584 3181 1635; x_wconf 87' lang='grc' dir='ltr'><strong>ό</strong></span> <span class='ocrx_word' id='word_1_211' title='bbox 3210 1581 3302 1634; x_wconf 83' lang='grc' dir='ltr'><strong>τοῦ</strong></span> <span class='ocrx_word' id='word_1_212' title='bbox 3350 1582 3552 1645; x_wconf 73' lang='grc' dir='ltr'>παντὸς</span> <span class='ocrx_word' id='word_1_213' title='bbox 3580 1579 3711 1645; x_wconf 68' lang='grc' dir='ltr'>Θεὸς</span> <span class='ocrx_word' id='word_1_214' title='bbox 3731 1624 3745 1645; x_wconf 88' lang='grc'><strong>,</strong></span> <span class='ocrx_word' id='word_1_215' title='bbox 3775 1589 3799 1639; x_wconf 80' lang='grc' dir='ltr'><strong><em>ὁ</em></strong></span> 
     </span>
    </p>
   </div>
   <div class='ocr_carea' id='block_1_32' title="bbox 2222 1671 3800 1747">
    <p class='ocr_par' dir='ltr' id='par_1_32' title="bbox 2222 1671 3800 1747">
     <span class='ocr_line' id='line_1_32' title="bbox 2222 1671 3800 1747; baseline -0.005 -16"><span class='ocrx_word' id='word_1_216' title='bbox 2222 1678 2330 1732; x_wconf 92' lang='grc' dir='ltr'><strong>τῶν</strong></span> <span class='ocrx_word' id='word_1_217' title='bbox 2375 1677 2542 1730; x_wconf 74' lang='grc' dir='ltr'>ὅντων</span> <span class='ocrx_word' id='word_1_218' title='bbox 2575 1675 2772 1747; x_wconf 80' lang='grc' dir='ltr'>Κύριος</span> <span class='ocrx_word' id='word_1_219' title='bbox 2807 1675 3074 1743; x_wconf 75' lang='grc' dir='ltr'>ὲπέφανεν</span> <span class='ocrx_word' id='word_1_220' title='bbox 3105 1675 3235 1742; x_wconf 78' lang='grc' dir='ltr'>ἡμῖν</span> <span class='ocrx_word' id='word_1_221' title='bbox 3274 1673 3365 1724; x_wconf 77' lang='grc' dir='ltr'>ἐπ).</span> <span class='ocrx_word' id='word_1_222' title='bbox 3393 1671 3470 1743; x_wconf 82' lang='grc' dir='ltr'>τῷ</span> <span class='ocrx_word' id='word_1_223' title='bbox 3501 1672 3576 1740; x_wconf 83' lang='grc'><strong>(8)</strong></span> <span class='ocrx_word' id='word_1_224' title='bbox 3607 1673 3800 1743; x_wconf 87' lang='grc' dir='ltr'>συστή-</span> 
     </span>
    </p>
   </div>
   <div class='ocr_carea' id='block_1_33' title="bbox 2227 1765 3802 1838">
    <p class='ocr_par' dir='ltr' id='par_1_33' title="bbox 2227 1765 3802 1838">
     <span class='ocr_line' id='line_1_33' title="bbox 2227 1765 3802 1838; baseline -0.002 -16"><span class='ocrx_word' id='word_1_225' title='bbox 2227 1769 2422 1822; x_wconf 83' lang='grc' dir='ltr'>σασθαι</span> <span class='ocrx_word' id='word_1_226' title='bbox 2447 1768 2544 1838; x_wconf 75' lang='grc' dir='ltr'>τὴν</span> <span class='ocrx_word' id='word_1_227' title='bbox 2567 1768 2755 1838; x_wconf 82' lang='grc' dir='ltr'>ἑορτὴν</span> <span class='ocrx_word' id='word_1_228' title='bbox 2786 1769 2842 1820; x_wconf 89' lang='grc' dir='ltr'><strong>ἐν</strong></span> <span class='ocrx_word' id='word_1_229' title='bbox 2867 1768 2980 1830; x_wconf 80' lang='grc' dir='ltr'>τοῖς</span> <span class='ocrx_word' id='word_1_230' title='bbox 3002 1765 3304 1829; x_wconf 79' lang='grc' dir='ltr'>πυκάζουσι</span> <span class='ocrx_word' id='word_1_231' title='bbox 3333 1765 3430 1836; x_wconf 82' lang='grc' dir='ltr'>τὴν</span> <span class='ocrx_word' id='word_1_232' title='bbox 3467 1765 3578 1818; x_wconf 85' lang='grc' dir='ltr'><strong>τῶν</strong></span> <span class='ocrx_word' id='word_1_233' title='bbox 3602 1766 3802 1836; x_wconf 85' lang='grc' dir='ltr'>Σκηνο-</span> 
     </span>
    </p>
   </div>
   <div class='ocr_carea' id='block_1_34' title="bbox 540 1827 2127 1928">
    <p class='ocr_par' dir='ltr' id='par_1_34' title="bbox 540 1850 2120 1921">
     <span class='ocr_line' id='line_1_34' title="bbox 540 1850 2120 1921; baseline -0.008 -9"><span class='ocrx_word' id='word_1_234' title='bbox 540 1859 860 1912; x_wconf 87' lang='lat' dir='ltr'><strong>naculorum</strong></span> <span class='ocrx_word' id='word_1_235' title='bbox 903 1856 1120 1909; x_wconf 71' lang='lat' dir='ltr'><strong>ﬁxionis</strong></span> <span class='ocrx_word' id='word_1_236' title='bbox 1162 1853 1413 1907; x_wconf 83' lang='lat' dir='ltr'><strong>indicans</strong></span> <span class='ocrx_word' id='word_1_237' title='bbox 1455 1866 1551 1921; x_wconf 89' lang='lat' dir='ltr'><strong>per</strong></span> <span class='ocrx_word' id='word_1_238' title='bbox 1605 1850 1876 1919; x_wconf 86' lang='lat' dir='ltr'><strong>ejusmodi</strong></span> <span class='ocrx_word' id='word_1_239' title='bbox 1932 1863 2120 1903; x_wconf 83' lang='lat' dir='ltr'><strong>vocem</strong></span> 
     </span>
    </p>
   </div>
   <div class='ocr_carea' id='block_1_35' title="bbox 2233 1827 3803 1928">
    <p class='ocr_par' dir='ltr' id='par_1_35' title="bbox 2233 1827 3803 1928">
     <span class='ocr_line' id='line_1_35' title="bbox 2233 1827 3803 1928; baseline -0.002 -17"><span class='ocrx_word' id='word_1_240' title='bbox 2233 1858 2440 1928; x_wconf 81' lang='grc' dir='ltr'>πηγίων</span> <span class='ocrx_word' id='word_1_241' title='bbox 2467 1827 2543 1927; x_wconf 86' lang='grc'><strong>(9)</strong></span> <span class='ocrx_word' id='word_1_242' title='bbox 2574 1827 2766 1928; x_wconf 60' lang='grc' dir='ltr'>ἑορτην</span> <span class='ocrx_word' id='word_1_243' title='bbox 2789 1856 2879 1909; x_wconf 81' lang='grc' dir='ltr'><strong>διὰ</strong></span> <span class='ocrx_word' id='word_1_244' title='bbox 2909 1827 3008 1925; x_wconf 63' lang='grc' dir='ltr'><strong>της</strong></span> <span class='ocrx_word' id='word_1_245' title='bbox 3036 1857 3147 1926; x_wconf 90' lang='grc'>(10)</span> <span class='ocrx_word' id='word_1_246' title='bbox 3165 1827 3266 1907; x_wconf 13' lang='grc' dir='ltr'>ἢτοῦ</span> <span class='ocrx_word' id='word_1_247' title='bbox 3291 1827 3582 1925; x_wconf 77' lang='grc' dir='ltr'>πυκασμοῦ</span> <span class='ocrx_word' id='word_1_248' title='bbox 3610 1827 3803 1922; x_wconf 78' lang='grc' dir='ltr'>λέξεως</span> 
     </span>
    </p>
   </div>
   <div class='ocr_carea' id='block_1_36' title="bbox 539 1945 2124 2019">
    <p class='ocr_par' dir='ltr' id='par_1_36' title="bbox 539 1945 2124 2019">
     <span class='ocr_line' id='line_1_36' title="bbox 539 1945 2124 2019; baseline -0.006 -15"><span class='ocrx_word' id='word_1_249' title='bbox 539 1950 632 2004; x_wconf 91' lang='grc' dir='ltr'><strong>τοῦ</strong></span> <span class='ocrx_word' id='word_1_250' title='bbox 658 1947 972 2019; x_wconf 81' lang='grc' dir='ltr'>πυκασμοῦ,</span> <span class='ocrx_word' id='word_1_251' title='bbox 1002 1948 1052 2001; x_wconf 91' lang='lat' dir='ltr'><strong>id</strong></span> <span class='ocrx_word' id='word_1_252' title='bbox 1076 1954 1182 2010; x_wconf 88' lang='lat' dir='ltr'><strong>est,</strong></span> <span class='ocrx_word' id='word_1_253' title='bbox 1219 1947 1550 2012; x_wconf 82' lang='lat' dir='ltr'><strong>tectionis,et</strong></span> <span class='ocrx_word' id='word_1_254' title='bbox 1573 1945 1868 1998; x_wconf 78' lang='lat' dir='ltr'><strong>ornationis</strong></span> <span class='ocrx_word' id='word_1_255' title='bbox 1896 1951 1950 1996; x_wconf 89' lang='lat' dir='ltr'><strong>et</strong></span> <span class='ocrx_word' id='word_1_256' title='bbox 1979 1959 2124 1995; x_wconf 86' lang='lat' dir='ltr'><strong>com-</strong></span> 
     </span>
    </p>
   </div>
   <div class='ocr_carea' id='block_1_37' title="bbox 536 2033 2126 2112">
    <p class='ocr_par' dir='ltr' id='par_1_37' title="bbox 536 2033 2126 2112">
     <span class='ocr_line' id='line_1_37' title="bbox 536 2033 2126 2112; baseline -0.004 -16"><span class='ocrx_word' id='word_1_257' title='bbox 536 2043 817 2112; x_wconf 77' lang='lat' dir='ltr'><strong>positionis</strong></span> <span class='ocrx_word' id='word_1_258' title='bbox 849 2057 868 2093; x_wconf 92' lang='lat'><strong><em>:</em></strong></span> <span class='ocrx_word' id='word_1_259' title='bbox 909 2038 1056 2108; x_wconf 92' lang='lat' dir='ltr'><strong>quod</strong></span> <span class='ocrx_word' id='word_1_260' title='bbox 1084 2040 1214 2092; x_wconf 88' lang='lat' dir='ltr'><strong>olim</strong></span> <span class='ocrx_word' id='word_1_261' title='bbox 1263 2037 1484 2108; x_wconf 85' lang='lat' dir='ltr'><strong>quidem</strong></span> <span class='ocrx_word' id='word_1_262' title='bbox 1517 2052 1586 2090; x_wconf 79' lang='lat' dir='ltr'><strong>ex</strong></span> <span class='ocrx_word' id='word_1_263' title='bbox 1629 2036 1926 2090; x_wconf 82' lang='lat' dir='ltr'><strong>traditione</strong></span> <span class='ocrx_word' id='word_1_264' title='bbox 1957 2033 2126 2090; x_wconf 79' lang='lat' dir='ltr'><strong>Mosis</strong></span> 
     </span>
    </p>
   </div>
   <div class='ocr_carea' id='block_1_38' title="bbox 536 2127 2126 2200">
    <p class='ocr_par' dir='ltr' id='par_1_38' title="bbox 536 2127 2126 2200">
     <span class='ocr_line' id='line_1_38' title="bbox 536 2127 2126 2200; baseline -0.005 -13"><span class='ocrx_word' id='word_1_265' title='bbox 536 2135 851 2188; x_wconf 79' lang='lat' dir='ltr'><strong>inStitutum</strong></span> <span class='ocrx_word' id='word_1_266' title='bbox 884 2142 1001 2186; x_wconf 87' lang='lat' dir='ltr'><strong>erat</strong></span> <span class='ocrx_word' id='word_1_267' title='bbox 1029 2148 1040 2182; x_wconf 90' lang='lat'><strong>:</strong></span> <span class='ocrx_word' id='word_1_268' title='bbox 1074 2130 1493 2200; x_wconf 81' lang='lat' dir='ltr'><strong>prOphetarum,</strong></span> <span class='ocrx_word' id='word_1_269' title='bbox 1517 2130 1911 2199; x_wconf 43' lang='lat' dir='ltr'><strong>opinorhmore</strong></span> <span class='ocrx_word' id='word_1_270' title='bbox 1940 2127 2126 2181; x_wconf 87' lang='lat' dir='ltr'><strong>futura</strong></span> 
     </span>
    </p>
   </div>
   <div class='ocr_carea' id='block_1_39' title="bbox 538 2217 2124 2292">
    <p class='ocr_par' dir='ltr' id='par_1_39' title="bbox 538 2217 2124 2292">
     <span class='ocr_line' id='line_1_39' title="bbox 538 2217 2124 2292; baseline -0.004 -16"><span class='ocrx_word' id='word_1_271' title='bbox 538 2223 854 2292; x_wconf 73' lang='lat' dir='ltr'><strong>legislatore</strong></span> <span class='ocrx_word' id='word_1_272' title='bbox 889 2217 1240 2292; x_wconf 71' lang='lat' dir='ltr'><strong>praediced’te,</strong></span> <span class='ocrx_word' id='word_1_273' title='bbox 1285 2235 1412 2274; x_wconf 91' lang='lat' dir='ltr'><strong>cum</strong></span> <span class='ocrx_word' id='word_1_274' title='bbox 1452 2229 1632 2273; x_wconf 89' lang='lat' dir='ltr'><strong>autem</strong></span> <span class='ocrx_word' id='word_1_275' title='bbox 1683 2233 1902 2289; x_wconf 89' lang='lat' dir='ltr'><strong>semper</strong></span> <span class='ocrx_word' id='word_1_276' title='bbox 1951 2220 2124 2281; x_wconf 90' lang='lat' dir='ltr'><strong>ﬁeret,</strong></span> 
     </span>
    </p>
   </div>
   <div class='ocr_carea' id='block_1_40' title="bbox 539 2309 2126 2379">
    <p class='ocr_par' dir='ltr' id='par_1_40' title="bbox 539 2309 2126 2379">
     <span class='ocr_line' id='line_1_40' title="bbox 539 2309 2126 2379; baseline -0.003 -13"><span class='ocrx_word' id='word_1_277' title='bbox 539 2311 785 2366; x_wconf 79' lang='lat' dir='ltr'><strong>nomium</strong></span> <span class='ocrx_word' id='word_1_278' title='bbox 820 2311 1026 2365; x_wconf 80' lang='lat' dir='ltr'><strong>factum</strong></span> <span class='ocrx_word' id='word_1_279' title='bbox 1069 2318 1204 2364; x_wconf 89' lang='lat' dir='ltr'><strong>erat.</strong></span> <span class='ocrx_word' id='word_1_280' title='bbox 1234 2309 1369 2362; x_wconf 80' lang='lat' dir='ltr'><strong>Nam</strong></span> <span class='ocrx_word' id='word_1_281' title='bbox 1423 2309 1952 2379; x_wconf 62' lang='lat' dir='ltr'><strong>praesigniﬁcabatur</strong></span> <span class='ocrx_word' id='word_1_282' title='bbox 2001 2309 2126 2378; x_wconf 83' lang='lat' dir='ltr'><strong>qui--</strong></span> 
     </span>
    </p>
   </div>
   <div class='ocr_carea' id='block_1_41' title="bbox 539 2399 2127 2471">
    <p class='ocr_par' dir='ltr' id='par_1_41' title="bbox 539 2399 2127 2471">
     <span class='ocr_line' id='line_1_41' title="bbox 539 2399 2127 2471; baseline -0.003 -15"><span class='ocrx_word' id='word_1_283' title='bbox 539 2406 664 2456; x_wconf 90' lang='lat' dir='ltr'><strong>dem</strong></span> <span class='ocrx_word' id='word_1_284' title='bbox 697 2402 904 2456; x_wconf 80' lang='lat' dir='ltr'><strong>veritas</strong></span> <span class='ocrx_word' id='word_1_285' title='bbox 955 2401 1136 2471; x_wconf 85' lang='lat' dir='ltr'><strong>typice</strong></span> <span class='ocrx_word' id='word_1_286' title='bbox 1169 2407 1336 2468; x_wconf 89' lang='lat' dir='ltr'><strong>atque</strong></span> <span class='ocrx_word' id='word_1_287' title='bbox 1361 2399 1590 2468; x_wconf 78' lang='lat' dir='ltr'><strong>figurate</strong></span> <span class='ocrx_word' id='word_1_288' title='bbox 1613 2415 1707 2468; x_wconf 86' lang='lat' dir='ltr'><strong>per</strong></span> <span class='ocrx_word' id='word_1_289' title='bbox 1731 2399 2020 2467; x_wconf 81' lang='lat' dir='ltr'><strong>aenigmata</strong></span> <span class='ocrx_word' id='word_1_290' title='bbox 2043 2409 2127 2452; x_wconf 84' lang='lat' dir='ltr'><strong>at-</strong></span> 
     </span>
    </p>
   </div>
   <div class='ocr_carea' id='block_1_42' title="bbox 539 2489 2125 2563">
    <p class='ocr_par' dir='ltr' id='par_1_42' title="bbox 539 2489 2125 2563">
     <span class='ocr_line' id='line_1_42' title="bbox 539 2489 2125 2563; baseline -0.002 -17"><span class='ocrx_word' id='word_1_291' title='bbox 539 2510 645 2563; x_wconf 89' lang='lat' dir='ltr'><strong>que</strong></span> <span class='ocrx_word' id='word_1_292' title='bbox 681 2493 959 2546; x_wconf 86' lang='lat' dir='ltr'><strong>involucra</strong></span> <span class='ocrx_word' id='word_1_293' title='bbox 1007 2506 1198 2545; x_wconf 89' lang='lat' dir='ltr'><strong>eorum</strong></span> <span class='ocrx_word' id='word_1_294' title='bbox 1263 2505 1385 2560; x_wconf 63' lang='lat' dir='ltr'><strong>qua:</strong></span> <span class='ocrx_word' id='word_1_295' title='bbox 1443 2489 1677 2555; x_wconf 87' lang='lat' dir='ltr'><strong>ﬁebant;</strong></span> <span class='ocrx_word' id='word_1_296' title='bbox 1713 2490 1890 2558; x_wconf 85' lang='lat' dir='ltr'><strong>ipsum</strong></span> <span class='ocrx_word' id='word_1_297' title='bbox 1943 2500 2125 2544; x_wconf 79' lang='lat' dir='ltr'><strong>autent</strong></span> 
     </span>
    </p>
   </div>
   <div class='ocr_carea' id='block_1_43' title="bbox 539 2579 2124 2638">
    <p class='ocr_par' dir='ltr' id='par_1_43' title="bbox 539 2579 2124 2638">
     <span class='ocr_line' id='line_1_43' title="bbox 539 2579 2124 2638; baseline -0.003 -2"><span class='ocrx_word' id='word_1_298' title='bbox 539 2599 727 2638; x_wconf 67' lang='grc' dir='ltr'>τοι-ειη]</span> <span class='ocrx_word' id='word_1_299' title='bbox 793 2581 1270 2636; x_wconf 83' lang='lat' dir='ltr'><strong>tabernaculorum</strong></span> <span class='ocrx_word' id='word_1_300' title='bbox 1351 2579 1568 2634; x_wconf 81' lang='lat' dir='ltr'><strong>ﬁxionis</strong></span> <span class='ocrx_word' id='word_1_301' title='bbox 1630 2579 1825 2634; x_wconf 88' lang='lat' dir='ltr'><strong>festum</strong></span> <span class='ocrx_word' id='word_1_302' title='bbox 1883 2581 2124 2634; x_wconf 89' lang='lat' dir='ltr'><strong>nondum</strong></span> 
     </span>
    </p>
   </div>
   <div class='ocr_carea' id='block_1_44' title="bbox 538 2669 2127 2739">
    <p class='ocr_par' dir='ltr' id='par_1_44' title="bbox 538 2669 2127 2739">
     <span class='ocr_line' id='line_1_44' title="bbox 538 2669 2127 2739; baseline -0.004 -9"><span class='ocrx_word' id='word_1_303' title='bbox 538 2683 678 2739; x_wconf 85' lang='lat' dir='ltr'><strong>erat,</strong></span> <span class='ocrx_word' id='word_1_304' title='bbox 733 2677 826 2729; x_wconf 85' lang='lat' dir='ltr'><strong>sed</strong></span> <span class='ocrx_word' id='word_1_305' title='bbox 857 2674 958 2726; x_wconf 87' lang='lat' dir='ltr'><strong>hac</strong></span> <span class='ocrx_word' id='word_1_306' title='bbox 989 2673 1056 2727; x_wconf 90' lang='lat' dir='ltr'><strong>de</strong></span> <span class='ocrx_word' id='word_1_307' title='bbox 1110 2686 1278 2725; x_wconf 89' lang='lat' dir='ltr'><strong>causa</strong></span> <span class='ocrx_word' id='word_1_308' title='bbox 1331 2671 1485 2738; x_wconf 75' lang='lat' dir='ltr'><strong>juxta</strong></span> <span class='ocrx_word' id='word_1_309' title='bbox 1518 2669 1894 2739; x_wconf 84' lang='lat' dir='ltr'><strong>propheticum</strong></span> <span class='ocrx_word' id='word_1_310' title='bbox 1919 2685 2127 2723; x_wconf 64' lang='lat' dir='ltr'><strong>sermoo</strong></span> 
     </span>
    </p>
   </div>
   <div class='ocr_carea' id='block_1_45' title="bbox 539 2758 2125 2835">
    <p class='ocr_par' dir='ltr' id='par_1_45' title="bbox 539 2758 2125 2835">
     <span class='ocr_line' id='line_1_45' title="bbox 539 2758 2125 2835; baseline -0.006 -17"><span class='ocrx_word' id='word_1_311' title='bbox 539 2780 686 2830; x_wconf 90' lang='lat' dir='ltr'><strong>nem,</strong></span> <span class='ocrx_word' id='word_1_312' title='bbox 739 2763 885 2816; x_wconf 89' lang='lat' dir='ltr'><strong>Deus</strong></span> <span class='ocrx_word' id='word_1_313' title='bbox 941 2776 1170 2835; x_wconf 55' lang='lat' dir='ltr'><strong>summa</strong></span> <span class='ocrx_word' id='word_1_314' title='bbox 1232 2774 1414 2814; x_wconf 89' lang='lat' dir='ltr'><strong>rerum</strong></span> <span class='ocrx_word' id='word_1_315' title='bbox 1458 2773 1522 2813; x_wconf 86' lang='lat' dir='ltr'><strong>ac</strong></span> <span class='ocrx_word' id='word_1_316' title='bbox 1572 2758 1837 2812; x_wconf 89' lang='lat' dir='ltr'><strong>Dominus</strong></span> <span class='ocrx_word' id='word_1_317' title='bbox 1885 2760 2125 2827; x_wconf 87' lang='lat' dir='ltr'><strong>seipsum</strong></span> 
     </span>
    </p>
   </div>
   <div class='ocr_carea' id='block_1_46' title="bbox 538 2852 2127 2914">
    <p class='ocr_par' dir='ltr' id='par_1_46' title="bbox 538 2852 2127 2914">
     <span class='ocr_line' id='line_1_46' title="bbox 538 2852 2127 2914; baseline -0.003 -5"><span class='ocrx_word' id='word_1_318' title='bbox 538 2856 774 2911; x_wconf 88' lang='lat' dir='ltr'><strong>ostendit</strong></span> <span class='ocrx_word' id='word_1_319' title='bbox 810 2853 992 2914; x_wconf 87' lang='lat' dir='ltr'><strong>nobis.</strong></span> <span class='ocrx_word' id='word_1_320' title='bbox 1022 2861 1081 2907; x_wconf 91' lang='lat' dir='ltr'><strong>ut</strong></span> <span class='ocrx_word' id='word_1_321' title='bbox 1138 2853 1572 2907; x_wconf 87' lang='lat' dir='ltr'><strong>constitueretur</strong></span> <span class='ocrx_word' id='word_1_322' title='bbox 1618 2852 1868 2906; x_wconf 83' lang='lat' dir='ltr'><strong>Innnanae</strong></span> <span class='ocrx_word' id='word_1_323' title='bbox 1916 2859 2127 2904; x_wconf 73' lang='lat' dir='ltr'><strong>natura:</strong></span> 
     </span>
    </p>
   </div>
   <div class='ocr_carea' id='block_1_47' title="bbox 538 2941 2130 3010">
    <p class='ocr_par' dir='ltr' id='par_1_47' title="bbox 538 2941 2130 3010">
     <span class='ocr_line' id='line_1_47' title="bbox 538 2941 2130 3010; baseline -0.006 -9"><span class='ocrx_word' id='word_1_324' title='bbox 538 2946 796 3001; x_wconf 83' lang='lat' dir='ltr'><strong>dissoluti</strong></span> <span class='ocrx_word' id='word_1_325' title='bbox 824 2945 997 2998; x_wconf 83' lang='lat' dir='ltr'><strong>nostri</strong></span> <span class='ocrx_word' id='word_1_326' title='bbox 1033 2942 1296 2997; x_wconf 90' lang='lat' dir='ltr'><strong>domicilii</strong></span> <span class='ocrx_word' id='word_1_327' title='bbox 1325 2942 1679 3010; x_wconf 80' lang='lat' dir='ltr'><strong>scenopegia,</strong></span> <span class='ocrx_word' id='word_1_328' title='bbox 1707 2941 1808 2995; x_wconf 88' lang='lat' dir='ltr'><strong>hoc</strong></span> <span class='ocrx_word' id='word_1_329' title='bbox 1826 2954 1930 3004; x_wconf 88' lang='lat' dir='ltr'><strong>est,</strong></span> <span class='ocrx_word' id='word_1_330' title='bbox 1956 2943 2130 2993; x_wconf 59' lang='lat' dir='ltr'><strong>laboro</strong></span> 
     </span>
    </p>
   </div>
   <div class='ocr_carea' id='block_1_48' title="bbox 550 3030 2128 3100">
    <p class='ocr_par' dir='ltr' id='par_1_48' title="bbox 550 3030 2128 3100">
     <span class='ocr_line' id='line_1_48' title="bbox 550 3030 2128 3100; baseline -0.004 -12"><span class='ocrx_word' id='word_1_331' title='bbox 550 3033 867 3088; x_wconf 82' lang='lat' dir='ltr'><strong>naculorum</strong></span> <span class='ocrx_word' id='word_1_332' title='bbox 896 3033 1046 3100; x_wconf 78' lang='lat' dir='ltr'><strong>ﬁxio,</strong></span> <span class='ocrx_word' id='word_1_333' title='bbox 1079 3046 1200 3100; x_wconf 63' lang='lat' dir='ltr'><strong>quae</strong></span> <span class='ocrx_word' id='word_1_334' title='bbox 1227 3045 1423 3084; x_wconf 88' lang='lat' dir='ltr'><strong>rursus</strong></span> <span class='ocrx_word' id='word_1_335' title='bbox 1456 3044 1549 3098; x_wconf 88' lang='lat' dir='ltr'><strong>per</strong></span> <span class='ocrx_word' id='word_1_336' title='bbox 1577 3030 1870 3082; x_wconf 86' lang='lat' dir='ltr'><strong>coitionem</strong></span> <span class='ocrx_word' id='word_1_337' title='bbox 1911 3038 1964 3082; x_wconf 86' lang='lat' dir='ltr'><strong>et</strong></span> <span class='ocrx_word' id='word_1_338' title='bbox 1991 3044 2128 3082; x_wconf 90' lang='lat' dir='ltr'><strong>con-</strong></span> 
     </span>
    </p>
   </div>
   <div class='ocr_carea' id='block_1_49' title="bbox 2222 1939 3801 2019">
    <p class='ocr_par' dir='ltr' id='par_1_49' title="bbox 2222 1939 3801 2019">
     <span class='ocr_line' id='line_1_49' title="bbox 2222 1939 3801 2019; baseline -0.005 -19"><span class='ocrx_word' id='word_1_339' title='bbox 2222 1947 2565 2019; x_wconf 84' lang='grc' dir='ltr'>ἐρμηνεύων,</span> <span class='ocrx_word' id='word_1_340' title='bbox 2602 1945 2637 2015; x_wconf 72' lang='grc' dir='ltr'>ἢ</span> <span class='ocrx_word' id='word_1_341' title='bbox 2675 1945 2841 1998; x_wconf 88' lang='grc' dir='ltr'>πάλαι</span> <span class='ocrx_word' id='word_1_342' title='bbox 2895 1943 2994 2014; x_wconf 86' lang='grc' dir='ltr'><strong>μὲν</strong></span> <span class='ocrx_word' id='word_1_343' title='bbox 3050 1944 3115 1996; x_wconf 87' lang='grc' dir='ltr'><strong>ἐκ</strong></span> <span class='ocrx_word' id='word_1_344' title='bbox 3173 1941 3273 2012; x_wconf 82' lang='grc' dir='ltr'>τῆς</span> <span class='ocrx_word' id='word_1_345' title='bbox 3316 1941 3668 2010; x_wconf 80' lang='grc' dir='ltr'><strong>παραδόσεως</strong></span> <span class='ocrx_word' id='word_1_346' title='bbox 3711 1939 3801 1993; x_wconf 89' lang='grc' dir='ltr'><strong>τοῦ</strong></span> 
     </span>
    </p>
   </div>
   <div class='ocr_carea' id='block_1_50' title="bbox 2222 2030 3804 2107">
    <p class='ocr_par' dir='ltr' id='par_1_50' title="bbox 2222 2030 3804 2107">
     <span class='ocr_line' id='line_1_50' title="bbox 2222 2030 3804 2107; baseline -0.005 -14"><span class='ocrx_word' id='word_1_347' title='bbox 2222 2039 2502 2101; x_wconf 79' lang='grc' dir='ltr'>Μωῦσέως</span> <span class='ocrx_word' id='word_1_348' title='bbox 2522 2037 2822 2107; x_wconf 80' lang='grc' dir='ltr'>νενόμιστο·</span> <span class='ocrx_word' id='word_1_349' title='bbox 2849 2035 3221 2107; x_wconf 72' lang='grc' dir='ltr'>προφητικῶς,</span> <span class='ocrx_word' id='word_1_350' title='bbox 3251 2030 3425 2102; x_wconf 71' lang='grc' dir='ltr'>οἶμαι,</span> <span class='ocrx_word' id='word_1_351' title='bbox 3453 2033 3520 2086; x_wconf 74' lang='grc' dir='ltr'>τὰ</span> <span class='ocrx_word' id='word_1_352' title='bbox 3548 2033 3804 2103; x_wconf 83' lang='grc' dir='ltr'>μέλλοντα</span> 
     </span>
    </p>
   </div>
   <div class='ocr_carea' id='block_1_51' title="bbox 2220 2125 3801 2200">
    <p class='ocr_par' dir='ltr' id='par_1_51' title="bbox 2220 2125 3801 2200">
     <span class='ocr_line' id='line_1_51' title="bbox 2220 2125 3801 2200; baseline -0.004 -17"><span class='ocrx_word' id='word_1_353' title='bbox 2220 2131 2316 2184; x_wconf 84' lang='grc' dir='ltr'><strong>τοῦ</strong></span> <span class='ocrx_word' id='word_1_354' title='bbox 2344 2130 2632 2200; x_wconf 76' lang='grc' dir='ltr'>νομοθέτου</span> <span class='ocrx_word' id='word_1_355' title='bbox 2658 2128 3139 2200; x_wconf 81' lang='grc' dir='ltr'>προαγορεύοντος·</span> <span class='ocrx_word' id='word_1_356' title='bbox 3169 2127 3254 2180; x_wconf 66' lang='grc' dir='ltr'>ἀεὶ</span> <span class='ocrx_word' id='word_1_357' title='bbox 3275 2126 3330 2180; x_wconf 81' lang='grc' dir='ltr'><strong>δὲ</strong></span> <span class='ocrx_word' id='word_1_358' title='bbox 3358 2127 3649 2195; x_wconf 87' lang='grc' dir='ltr'>γενόμενος</span> <span class='ocrx_word' id='word_1_359' title='bbox 3673 2125 3801 2196; x_wconf 88' lang='grc'>(11),</span> 
     </span>
    </p>
   </div>
   <div class='ocr_carea' id='block_1_52' title="bbox 2223 2214 3802 2289">
    <p class='ocr_par' dir='ltr' id='par_1_52' title="bbox 2223 2214 3802 2289">
     <span class='ocr_line' id='line_1_52' title="bbox 2223 2214 3802 2289; baseline -0.004 -17"><span class='ocrx_word' id='word_1_360' title='bbox 2223 2219 2374 2272; x_wconf 74' lang='grc' dir='ltr'>οὔπω</span> <span class='ocrx_word' id='word_1_361' title='bbox 2405 2219 2667 2288; x_wconf 85' lang='grc' dir='ltr'>ἐγεγόνει.</span> <span class='ocrx_word' id='word_1_362' title='bbox 2711 2216 3077 2289; x_wconf 84' lang='grc' dir='ltr'>Προεδηλοῦτο</span> <span class='ocrx_word' id='word_1_363' title='bbox 3110 2216 3208 2287; x_wconf 78' lang='grc' dir='ltr'><strong>μὲν</strong></span> <span class='ocrx_word' id='word_1_364' title='bbox 3236 2215 3343 2286; x_wconf 87' lang='grc' dir='ltr'>γὰρ</span> <span class='ocrx_word' id='word_1_365' title='bbox 3368 2217 3481 2278; x_wconf 84' lang='grc' dir='ltr'>τοῖς</span> <span class='ocrx_word' id='word_1_366' title='bbox 3514 2214 3627 2267; x_wconf 86' lang='grc' dir='ltr'><strong>τῶν</strong></span> <span class='ocrx_word' id='word_1_367' title='bbox 3663 2230 3802 2282; x_wconf 87' lang='grc' dir='ltr'>γινο-</span> 
     </span>
    </p>
   </div>
   <div class='ocr_carea' id='block_1_53' title="bbox 2231 2304 3804 2381">
    <p class='ocr_par' dir='ltr' id='par_1_53' title="bbox 2231 2304 3804 2381">
     <span class='ocr_line' id='line_1_53' title="bbox 2231 2304 3804 2381; baseline -0.005 -17"><span class='ocrx_word' id='word_1_368' title='bbox 2231 2312 2409 2381; x_wconf 84' lang='grc' dir='ltr'>μένων</span> <span class='ocrx_word' id='word_1_369' title='bbox 2441 2311 2723 2380; x_wconf 74' lang='grc' dir='ltr'>αἰνίγμασι</span> <span class='ocrx_word' id='word_1_370' title='bbox 2756 2307 2997 2372; x_wconf 82' lang='grc' dir='ltr'>τυπικῶς</span> <span class='ocrx_word' id='word_1_371' title='bbox 3018 2309 3052 2378; x_wconf 84' lang='grc' dir='ltr'><strong>ή</strong></span> <span class='ocrx_word' id='word_1_372' title='bbox 3079 2307 3304 2377; x_wconf 77' lang='grc' dir='ltr'>ἀλήθεια</span> <span class='ocrx_word' id='word_1_373' title='bbox 3322 2323 3336 2336; x_wconf 78' lang='grc'><strong><em>⁸</em></strong></span> <span class='ocrx_word' id='word_1_374' title='bbox 3368 2305 3506 2374; x_wconf 82' lang='grc' dir='ltr'>αὓτη</span> <span class='ocrx_word' id='word_1_375' title='bbox 3530 2305 3589 2358; x_wconf 82' lang='grc' dir='ltr'>δὲ</span> <span class='ocrx_word' id='word_1_376' title='bbox 3613 2307 3646 2375; x_wconf 83' lang='grc' dir='ltr'>ἠ</span> <span class='ocrx_word' id='word_1_377' title='bbox 3683 2304 3804 2374; x_wconf 82' lang='grc' dir='ltr'>ἀλη-</span> 
     </span>
    </p>
   </div>
   <div class='ocr_carea' id='block_1_54' title="bbox 2224 2393 3801 2469">
    <p class='ocr_par' dir='ltr' id='par_1_54' title="bbox 2224 2393 3801 2469">
     <span class='ocr_line' id='line_1_54' title="bbox 2224 2393 3801 2469; baseline -0.006 -16"><span class='ocrx_word' id='word_1_378' title='bbox 2224 2400 2322 2469; x_wconf 77' lang='grc' dir='ltr'>Οὴς</span> <span class='ocrx_word' id='word_1_379' title='bbox 2372 2399 2718 2469; x_wconf 80' lang='grc' dir='ltr'>σκηνοπηγία</span> <span class='ocrx_word' id='word_1_380' title='bbox 2757 2399 2910 2452; x_wconf 74' lang='grc' dir='ltr'>οὔπω</span> <span class='ocrx_word' id='word_1_381' title='bbox 2950 2393 3039 2468; x_wconf 81' lang='grc' dir='ltr'>ἦν,</span> <span class='ocrx_word' id='word_1_382' title='bbox 3079 2397 3213 2450; x_wconf 75' lang='grc' dir='ltr'>ἀλλὰ</span> <span class='ocrx_word' id='word_1_383' title='bbox 3251 2396 3437 2448; x_wconf 89' lang='grc' dir='ltr'>τούτου</span> <span class='ocrx_word' id='word_1_384' title='bbox 3479 2394 3641 2464; x_wconf 84' lang='grc' dir='ltr'>χάριν</span> <span class='ocrx_word' id='word_1_385' title='bbox 3674 2393 3801 2462; x_wconf 68' lang='grc'>(12),</span> 
     </span>
    </p>
   </div>
   <div class='ocr_carea' id='block_1_55' title="bbox 2225 2482 3803 2558">
    <p class='ocr_par' dir='ltr' id='par_1_55' title="bbox 2225 2482 3803 2558">
     <span class='ocr_line' id='line_1_55' title="bbox 2225 2482 3803 2558; baseline -0.004 -18"><span class='ocrx_word' id='word_1_386' title='bbox 2225 2489 2366 2540; x_wconf 86' lang='grc' dir='ltr'>κατᾶ</span> <span class='ocrx_word' id='word_1_387' title='bbox 2413 2489 2503 2541; x_wconf 71' lang='grc' dir='ltr'>τὸν</span> <span class='ocrx_word' id='word_1_388' title='bbox 2549 2487 2885 2558; x_wconf 78' lang='grc' dir='ltr'>προφητικὸν</span> <span class='ocrx_word' id='word_1_389' title='bbox 2928 2487 3104 2554; x_wconf 91' lang='grc' dir='ltr'>λόγον,</span> <span class='ocrx_word' id='word_1_390' title='bbox 3153 2487 3182 2537; x_wconf 90' lang='grc' dir='ltr'>ὁ</span> <span class='ocrx_word' id='word_1_391' title='bbox 3220 2484 3352 2547; x_wconf 72' lang='grc' dir='ltr'>Θεὸς</span> <span class='ocrx_word' id='word_1_392' title='bbox 3391 2483 3500 2536; x_wconf 89' lang='grc' dir='ltr'><strong>τῶν</strong></span> <span class='ocrx_word' id='word_1_393' title='bbox 3525 2483 3668 2536; x_wconf 81' lang='grc' dir='ltr'>ὅλων</span> <span class='ocrx_word' id='word_1_394' title='bbox 3715 2482 3803 2534; x_wconf 83' lang='grc' dir='ltr'>καὶ</span> 
     </span>
    </p>
   </div>
   <div class='ocr_carea' id='block_1_56' title="bbox 2226 2575 3803 2650">
    <p class='ocr_par' dir='ltr' id='par_1_56' title="bbox 2226 2575 3803 2650">
     <span class='ocr_line' id='line_1_56' title="bbox 2226 2575 3803 2650; baseline -0.004 -17"><span class='ocrx_word' id='word_1_395' title='bbox 2226 2581 2429 2650; x_wconf 83' lang='grc' dir='ltr'>Κύριος</span> <span class='ocrx_word' id='word_1_396' title='bbox 2457 2581 2649 2634; x_wconf 83' lang='grc' dir='ltr'>ἐαυτὸν</span> <span class='ocrx_word' id='word_1_397' title='bbox 2678 2580 2945 2648; x_wconf 82' lang='grc' dir='ltr'>ὲπέφανεν</span> <span class='ocrx_word' id='word_1_398' title='bbox 2967 2581 3116 2649; x_wconf 82' lang='grc' dir='ltr'>ἡμῖν,</span> <span class='ocrx_word' id='word_1_399' title='bbox 3146 2579 3221 2640; x_wconf 85' lang='grc' dir='ltr'>ὡς</span> <span class='ocrx_word' id='word_1_400' title='bbox 3250 2579 3316 2632; x_wconf 82' lang='grc' dir='ltr'>ἂν</span> <span class='ocrx_word' id='word_1_401' title='bbox 3344 2575 3573 2646; x_wconf 79' lang='grc' dir='ltr'>συσταίη</span> <span class='ocrx_word' id='word_1_402' title='bbox 3605 2575 3715 2645; x_wconf 79' lang='grc'>(15)</span> <span class='ocrx_word' id='word_1_403' title='bbox 3742 2577 3803 2643; x_wconf 79' lang='grc' dir='ltr'>τῇ</span> 
     </span>
    </p>
   </div>
   <div class='ocr_carea' id='block_1_57' title="bbox 2226 2665 3804 2742">
    <p class='ocr_par' dir='ltr' id='par_1_57' title="bbox 2226 2665 3804 2742">
     <span class='ocr_line' id='line_1_57' title="bbox 2226 2665 3804 2742; baseline -0.006 -18"><span class='ocrx_word' id='word_1_404' title='bbox 2226 2671 2539 2742; x_wconf 78' lang='grc' dir='ltr'>ἀνθρωπίνῃ</span> <span class='ocrx_word' id='word_1_405' title='bbox 2572 2672 2729 2740; x_wconf 71' lang='grc' dir='ltr'>φύσει</span> <span class='ocrx_word' id='word_1_406' title='bbox 2757 2672 2788 2741; x_wconf 81' lang='grc' dir='ltr'>ἡ</span> <span class='ocrx_word' id='word_1_407' title='bbox 2819 2670 2912 2723; x_wconf 87' lang='grc' dir='ltr'><strong>τοῦ</strong></span> <span class='ocrx_word' id='word_1_408' title='bbox 2950 2669 3284 2732; x_wconf 76' lang='grc' dir='ltr'>διαλυθέντος</span> <span class='ocrx_word' id='word_1_409' title='bbox 3309 2667 3467 2738; x_wconf 79' lang='grc' dir='ltr'>ἡμῶν</span> <span class='ocrx_word' id='word_1_410' title='bbox 3496 2665 3804 2737; x_wconf 81' lang='grc' dir='ltr'>οἰκητηρίου</span> 
     </span>
    </p>
   </div>
   <div class='ocr_carea' id='block_1_58' title="bbox 2228 2757 3806 2832">
    <p class='ocr_par' dir='ltr' id='par_1_58' title="bbox 2228 2757 3806 2832">
     <span class='ocr_line' id='line_1_58' title="bbox 2228 2757 3806 2832; baseline -0.004 -17"><span class='ocrx_word' id='word_1_411' title='bbox 2228 2765 2605 2832; x_wconf 78' lang='grc' dir='ltr'>σκηνοπηγία,</span> <span class='ocrx_word' id='word_1_412' title='bbox 2643 2763 2804 2817; x_wconf 82' lang='grc' dir='ltr'>πάλιν</span> <span class='ocrx_word' id='word_1_413' title='bbox 2839 2762 2926 2814; x_wconf 62' lang='grc' dir='ltr'>διὰ</span> <span class='ocrx_word' id='word_1_414' title='bbox 2962 2765 3061 2832; x_wconf 83' lang='grc' dir='ltr'>τῆς</span> <span class='ocrx_word' id='word_1_415' title='bbox 3111 2760 3327 2812; x_wconf 76' lang='grc' dir='ltr'>συνόδου</span> <span class='ocrx_word' id='word_1_416' title='bbox 3377 2759 3490 2810; x_wconf 87' lang='grc' dir='ltr'><strong>τῶν</strong></span> <span class='ocrx_word' id='word_1_417' title='bbox 3530 2757 3806 2828; x_wconf 83' lang='grc' dir='ltr'>στοιχείων</span> 
     </span>
    </p>
   </div>
   <div class='ocr_carea' id='block_1_59' title="bbox 2227 2847 3806 2921">
    <p class='ocr_par' dir='ltr' id='par_1_59' title="bbox 2227 2847 3806 2921">
     <span class='ocr_line' id='line_1_59' title="bbox 2227 2847 3806 2921; baseline -0.003 -18"><span class='ocrx_word' id='word_1_418' title='bbox 2227 2853 2557 2919; x_wconf 78' lang='grc' dir='ltr'>σωματικῶς</span> <span class='ocrx_word' id='word_1_419' title='bbox 2607 2851 2981 2921; x_wconf 75' lang='grc' dir='ltr'>πυκαζομένη.</span> <span class='ocrx_word' id='word_1_420' title='bbox 3035 2850 3144 2921; x_wconf 81' lang='grc' dir='ltr'><strong>Τὴν</strong></span> <span class='ocrx_word' id='word_1_421' title='bbox 3194 2850 3302 2920; x_wconf 74' lang='grc' dir='ltr'>γὰρ</span> <span class='ocrx_word' id='word_1_422' title='bbox 3366 2847 3659 2918; x_wconf 78' lang='grc' dir='ltr'>περιϐολὴν</span> <span class='ocrx_word' id='word_1_423' title='bbox 3721 2850 3806 2900; x_wconf 80' lang='grc' dir='ltr'>καὶ</span> 
     </span>
    </p>
   </div>
   <div class='ocr_carea' id='block_1_60' title="bbox 2223 2937 3806 3014">
    <p class='ocr_par' dir='ltr' id='par_1_60' title="bbox 2223 2937 3806 3014">
     <span class='ocr_line' id='line_1_60' title="bbox 2223 2937 3806 3014; baseline -0.003 -20"><span class='ocrx_word' id='word_1_424' title='bbox 2223 2942 2312 2994; x_wconf 78' lang='grc' dir='ltr'><strong>τὸν</strong></span> <span class='ocrx_word' id='word_1_425' title='bbox 2356 2944 2420 2995; x_wconf 80' lang='grc' dir='ltr'><strong>ἐκ</strong></span> <span class='ocrx_word' id='word_1_426' title='bbox 2454 2944 2657 3014; x_wconf 86' lang='grc' dir='ltr'>ταύτης</span> <span class='ocrx_word' id='word_1_427' title='bbox 2690 2944 2892 3012; x_wconf 85' lang='grc' dir='ltr'>κόσμον</span> <span class='ocrx_word' id='word_1_428' title='bbox 2935 2945 2968 3012; x_wconf 80' lang='grc' dir='ltr'>ἡ</span> <span class='ocrx_word' id='word_1_429' title='bbox 3009 2942 3102 2994; x_wconf 88' lang='grc' dir='ltr'><strong>τοῦ</strong></span> <span class='ocrx_word' id='word_1_430' title='bbox 3142 2941 3432 3011; x_wconf 88' lang='grc' dir='ltr'>πυκασμοῦ</span> <span class='ocrx_word' id='word_1_431' title='bbox 3479 2939 3629 3005; x_wconf 76' lang='grc' dir='ltr'>λέξις</span> <span class='ocrx_word' id='word_1_432' title='bbox 3675 2937 3806 2992; x_wconf 73' lang='grc' dir='ltr'>κατὰ</span> 
     </span>
    </p>
   </div>
   <div class='ocr_carea' id='block_1_61' title="bbox 2223 3033 3152 3104">
    <p class='ocr_par' dir='ltr' id='par_1_61' title="bbox 2223 3033 3152 3104">
     <span class='ocr_line' id='line_1_61' title="bbox 2223 3033 3152 3104; baseline 0.001 -18"><span class='ocrx_word' id='word_1_433' title='bbox 2223 3033 2325 3103; x_wconf 82' lang='grc' dir='ltr'>τὴν</span> <span class='ocrx_word' id='word_1_434' title='bbox 2356 3034 2490 3086; x_wconf 74' lang='grc' dir='ltr'>ἰδίαν</span> <span class='ocrx_word' id='word_1_435' title='bbox 2517 3035 2755 3104; x_wconf 76' lang='grc' dir='ltr'>ἔμφασιν</span> <span class='ocrx_word' id='word_1_436' title='bbox 2784 3033 3152 3104; x_wconf 84' lang='grc' dir='ltr'>διασημαίνει.</span> 
     </span>
    </p>
   </div>
   <div class='ocr_carea' id='block_1_62' title="bbox 541 3121 3810 3194">
    <p class='ocr_par' dir='ltr' id='par_1_62' title="bbox 541 3121 3810 3194">
     <span class='ocr_line' id='line_1_62' title="bbox 541 3121 3810 3194; baseline -0.001 -14"><span class='ocrx_word' id='word_1_437' title='bbox 541 3142 764 3181; x_wconf 89' lang='lat' dir='ltr'><strong>cursum</strong></span> <span class='ocrx_word' id='word_1_438' title='bbox 814 3124 1206 3178; x_wconf 82' lang='lat' dir='ltr'><strong>elementorum</strong></span> <span class='ocrx_word' id='word_1_439' title='bbox 1263 3121 1621 3190; x_wconf 89' lang='lat' dir='ltr'><strong>corporaliter</strong></span> <span class='ocrx_word' id='word_1_440' title='bbox 1681 3129 2101 3190; x_wconf 89' lang='lat' dir='ltr'><strong>componeretur</strong></span> <span class='ocrx_word' id='word_1_441' title='bbox 2138 3132 2193 3176; x_wconf 89' lang='lat' dir='ltr'><strong>et</strong></span> <span class='ocrx_word' id='word_1_442' title='bbox 2244 3138 2556 3180; x_wconf 88' lang='lat' dir='ltr'><strong>ornaretur.</strong></span> <span class='ocrx_word' id='word_1_443' title='bbox 2612 3129 2886 3183; x_wconf 86' lang='lat' dir='ltr'><strong>Amictum</strong></span> <span class='ocrx_word' id='word_1_444' title='bbox 2943 3128 3086 3181; x_wconf 89' lang='lat' dir='ltr'><strong>enim</strong></span> <span class='ocrx_word' id='word_1_445' title='bbox 3153 3132 3207 3180; x_wconf 93' lang='lat' dir='ltr'><strong>et</strong></span> <span class='ocrx_word' id='word_1_446' title='bbox 3249 3125 3514 3180; x_wconf 87' lang='lat' dir='ltr'><strong>ambitum</strong></span> <span class='ocrx_word' id='word_1_447' title='bbox 3586 3124 3810 3194; x_wconf 86' lang='lat' dir='ltr'><strong>ejusque</strong></span> 
     </span>
    </p>
   </div>
   <div class='ocr_carea' id='block_1_63' title="bbox 543 3211 3456 3288">
    <p class='ocr_par' dir='ltr' id='par_1_63' title="bbox 543 3211 3456 3288">
     <span class='ocr_line' id='line_1_63' title="bbox 543 3211 3456 3288; baseline -0.001 -16"><span class='ocrx_word' id='word_1_448' title='bbox 543 3218 756 3272; x_wconf 90' lang='lat' dir='ltr'><strong>cultum</strong></span> <span class='ocrx_word' id='word_1_449' title='bbox 813 3223 870 3270; x_wconf 87' lang='lat' dir='ltr'><strong>et</strong></span> <span class='ocrx_word' id='word_1_450' title='bbox 910 3223 1162 3268; x_wconf 86' lang='lat' dir='ltr'><strong>ornatum</strong></span> <span class='ocrx_word' id='word_1_451' title='bbox 1190 3214 1411 3282; x_wconf 88' lang='lat' dir='ltr'><strong>propria</strong></span> <span class='ocrx_word' id='word_1_452' title='bbox 1440 3211 1841 3282; x_wconf 75' lang='lat' dir='ltr'><strong>signiﬁcatione</strong></span> <span class='ocrx_word' id='word_1_453' title='bbox 1865 3228 1970 3265; x_wconf 79' lang='lat' dir='ltr'><strong>vox</strong></span> <span class='ocrx_word' id='word_1_454' title='bbox 1993 3215 2304 3286; x_wconf 82' lang='grc' dir='ltr'>πυκασμὸς,</span> <span class='ocrx_word' id='word_1_455' title='bbox 2339 3217 2390 3270; x_wconf 90' lang='lat' dir='ltr'><strong>id</strong></span> <span class='ocrx_word' id='word_1_456' title='bbox 2428 3227 2531 3282; x_wconf 83' lang='lat' dir='ltr'><strong>cst,</strong></span> <span class='ocrx_word' id='word_1_457' title='bbox 2563 3220 2715 3272; x_wconf 86' lang='lat' dir='ltr'><strong>tectio</strong></span> <span class='ocrx_word' id='word_1_458' title='bbox 2747 3219 3154 3288; x_wconf 80' lang='lat' dir='ltr'><strong>compositioque</strong></span> <span class='ocrx_word' id='word_1_459' title='bbox 3183 3217 3456 3287; x_wconf 77' lang='lat' dir='ltr'><strong>designat.</strong></span> 
     </span>
    </p>
   </div>
   <div class='ocr_carea' id='block_1_64' title="bbox 611 3314 2193 3397">
    <p class='ocr_par' dir='ltr' id='par_1_64' title="bbox 611 3314 2193 3397">
     <span class='ocr_line' id='line_1_64' title="bbox 611 3314 2193 3397; baseline -0.001 -15"><span class='ocrx_word' id='word_1_460' title='bbox 611 3329 787 3384; x_wconf 87' lang='lat' dir='ltr'><strong>Dictio</strong></span> <span class='ocrx_word' id='word_1_461' title='bbox 818 3338 996 3382; x_wconf 87' lang='lat' dir='ltr'><strong>autem</strong></span> <span class='ocrx_word' id='word_1_462' title='bbox 1032 3325 1349 3397; x_wconf 73' lang='lat' dir='ltr'><strong>psalmodia:</strong></span> <span class='ocrx_word' id='word_1_463' title='bbox 1400 3324 1465 3379; x_wconf 88' lang='lat' dir='ltr'><strong>ad</strong></span> <span class='ocrx_word' id='word_1_464' title='bbox 1523 3325 1670 3379; x_wconf 89' lang='lat' dir='ltr'><strong>hunc</strong></span> <span class='ocrx_word' id='word_1_465' title='bbox 1725 3324 1948 3378; x_wconf 91' lang='lat' dir='ltr'><strong>modum</strong></span> <span class='ocrx_word' id='word_1_466' title='bbox 2001 3314 2193 3381; x_wconf 80' lang='lat' dir='ltr'><strong>seseC</strong></span> 
     </span>
    </p>
   </div>
   <div class='ocr_carea' id='block_1_65' title="bbox 542 3417 2129 3489">
    <p class='ocr_par' dir='ltr' id='par_1_65' title="bbox 542 3417 2129 3489">
     <span class='ocr_line' id='line_1_65' title="bbox 542 3417 2129 3489; baseline -0.003 -13"><span class='ocrx_word' id='word_1_467' title='bbox 542 3423 706 3476; x_wconf 84' lang='lat' dir='ltr'><strong>habet</strong></span> <span class='ocrx_word' id='word_1_468' title='bbox 735 3440 748 3474; x_wconf 88' lang='lat'><strong>:</strong></span> <span class='ocrx_word' id='word_1_469' title='bbox 782 3420 1050 3476; x_wconf 88' lang='lat' dir='ltr'><strong>Dominus</strong></span> <span class='ocrx_word' id='word_1_470' title='bbox 1084 3419 1228 3474; x_wconf 90' lang='lat' dir='ltr'><strong>Deus</strong></span> <span class='ocrx_word' id='word_1_471' title='bbox 1250 3427 1304 3474; x_wconf 92' lang='lat' dir='ltr'><strong>et</strong></span> <span class='ocrx_word' id='word_1_472' title='bbox 1329 3417 1584 3489; x_wconf 86' lang='lat' dir='ltr'><strong>apparuit</strong></span> <span class='ocrx_word' id='word_1_473' title='bbox 1614 3418 1773 3473; x_wconf 91' lang='lat' dir='ltr'><strong>nobis</strong></span> <span class='ocrx_word' id='word_1_474' title='bbox 1820 3417 1886 3471; x_wconf 93' lang='lat' dir='ltr'><strong>ad</strong></span> <span class='ocrx_word' id='word_1_475' title='bbox 1917 3419 2129 3475; x_wconf 77' lang='lat' dir='ltr'><strong>consti-</strong></span> 
     </span>
    </p>
   </div>
   <div class='ocr_carea' id='block_1_66' title="bbox 541 3509 2129 3578">
    <p class='ocr_par' dir='ltr' id='par_1_66' title="bbox 541 3509 2129 3578">
     <span class='ocr_line' id='line_1_66' title="bbox 541 3509 2129 3578; baseline -0.001 -13"><span class='ocrx_word' id='word_1_476' title='bbox 541 3511 806 3565; x_wconf 88' lang='lat' dir='ltr'><strong>tuendum</strong></span> <span class='ocrx_word' id='word_1_477' title='bbox 833 3509 1032 3564; x_wconf 86' lang='lat' dir='ltr'><strong>festum</strong></span> <span class='ocrx_word' id='word_1_478' title='bbox 1067 3509 1212 3564; x_wconf 85' lang='lat' dir='ltr'><strong>inter</strong></span> <span class='ocrx_word' id='word_1_479' title='bbox 1251 3515 1498 3578; x_wconf 79' lang='lat' dir='ltr'><strong>tegentes</strong></span> <span class='ocrx_word' id='word_1_480' title='bbox 1529 3515 1582 3560; x_wconf 87' lang='lat' dir='ltr'><strong>et</strong></span> <span class='ocrx_word' id='word_1_481' title='bbox 1609 3516 2002 3578; x_wconf 87' lang='lat' dir='ltr'><strong>componentes</strong></span> <span class='ocrx_word' id='word_1_482' title='bbox 2035 3525 2129 3564; x_wconf 90' lang='lat' dir='ltr'><strong>us-</strong></span> 
     </span>
    </p>
   </div>
   <div class='ocr_carea' id='block_1_67' title="bbox 539 3599 2130 3672">
    <p class='ocr_par' dir='ltr' id='par_1_67' title="bbox 539 3599 2130 3672">
     <span class='ocr_line' id='line_1_67' title="bbox 539 3599 2130 3672; baseline -0.002 -16"><span class='ocrx_word' id='word_1_483' title='bbox 539 3619 646 3672; x_wconf 85' lang='lat' dir='ltr'><strong>que</strong></span> <span class='ocrx_word' id='word_1_484' title='bbox 683 3603 749 3656; x_wconf 90' lang='lat' dir='ltr'><strong>ad</strong></span> <span class='ocrx_word' id='word_1_485' title='bbox 779 3617 989 3656; x_wconf 90' lang='lat' dir='ltr'><strong>cornua</strong></span> <span class='ocrx_word' id='word_1_486' title='bbox 1015 3601 1204 3656; x_wconf 89' lang='lat' dir='ltr'><strong>altaris</strong></span> <span class='ocrx_word' id='word_1_487' title='bbox 1232 3619 1245 3655; x_wconf 91' lang='lat'><strong>:</strong></span> <span class='ocrx_word' id='word_1_488' title='bbox 1279 3600 1484 3670; x_wconf 89' lang='lat' dir='ltr'><strong>quibus</strong></span> <span class='ocrx_word' id='word_1_489' title='bbox 1525 3599 1708 3654; x_wconf 79' lang='lat' dir='ltr'><strong>verbis</strong></span> <span class='ocrx_word' id='word_1_490' title='bbox 1749 3615 1845 3670; x_wconf 89' lang='lat' dir='ltr'><strong>per</strong></span> <span class='ocrx_word' id='word_1_491' title='bbox 1872 3601 2130 3670; x_wconf 77' lang='lat' dir='ltr'><strong>aenigma,</strong></span> 
     </span>
    </p>
   </div>
   <div class='ocr_carea' id='block_1_68' title="bbox 541 3690 2137 3762">
    <p class='ocr_par' dir='ltr' id='par_1_68' title="bbox 541 3690 2137 3762">
     <span class='ocr_line' id='line_1_68' title="bbox 541 3690 2137 3762; baseline -0.001 -14"><span class='ocrx_word' id='word_1_492' title='bbox 541 3697 644 3748; x_wconf 86' lang='lat' dir='ltr'><strong>hoc</strong></span> <span class='ocrx_word' id='word_1_493' title='bbox 687 3703 794 3752; x_wconf 90' lang='lat' dir='ltr'><strong>est.</strong></span> <span class='ocrx_word' id='word_1_494' title='bbox 842 3710 939 3762; x_wconf 89' lang='lat' dir='ltr'><strong>per</strong></span> <span class='ocrx_word' id='word_1_495' title='bbox 975 3693 1258 3746; x_wconf 87' lang='lat' dir='ltr'><strong>involucra</strong></span> <span class='ocrx_word' id='word_1_496' title='bbox 1283 3701 1334 3745; x_wconf 94' lang='lat' dir='ltr'><strong>et</strong></span> <span class='ocrx_word' id='word_1_497' title='bbox 1360 3690 1518 3760; x_wconf 85' lang='lat' dir='ltr'><strong>quasi</strong></span> <span class='ocrx_word' id='word_1_498' title='bbox 1547 3691 1920 3758; x_wconf 75' lang='lat' dir='ltr'><strong>integumenta</strong></span> <span class='ocrx_word' id='word_1_499' title='bbox 1949 3693 2137 3746; x_wconf 77' lang='lat' dir='ltr'><strong>verbo-</strong></span> 
     </span>
    </p>
   </div>
   <div class='ocr_carea' id='block_1_69' title="bbox 543 3780 2135 3851">
    <p class='ocr_par' dir='ltr' id='par_1_69' title="bbox 543 3780 2135 3851">
     <span class='ocr_line' id='line_1_69' title="bbox 543 3780 2135 3851; baseline 0 -15"><span class='ocrx_word' id='word_1_500' title='bbox 543 3798 686 3846; x_wconf 88' lang='lat' dir='ltr'><strong>rum,</strong></span> <span class='ocrx_word' id='word_1_501' title='bbox 721 3782 1019 3851; x_wconf 85' lang='lat' dir='ltr'><strong>praedicere</strong></span> <span class='ocrx_word' id='word_1_502' title='bbox 1044 3781 1172 3834; x_wconf 83' lang='lat' dir='ltr'><strong>milii</strong></span> <span class='ocrx_word' id='word_1_503' title='bbox 1201 3781 1416 3834; x_wconf 76' lang='lat' dir='ltr'><strong>videtur</strong></span> <span class='ocrx_word' id='word_1_504' title='bbox 1447 3796 1616 3834; x_wconf 92' lang='lat' dir='ltr'><strong>unum</strong></span> <span class='ocrx_word' id='word_1_505' title='bbox 1651 3780 1852 3836; x_wconf 90' lang='lat' dir='ltr'><strong>festum</strong></span> <span class='ocrx_word' id='word_1_506' title='bbox 1877 3782 2135 3836; x_wconf 90' lang='lat' dir='ltr'><strong>constitui</strong></span> 
     </span>
    </p>
   </div>
   <div class='ocr_carea' id='block_1_70' title="bbox 541 3871 2132 3940">
    <p class='ocr_par' dir='ltr' id='par_1_70' title="bbox 541 3871 2132 3940">
     <span class='ocr_line' id='line_1_70' title="bbox 541 3871 2132 3940; baseline 0 -14"><span class='ocrx_word' id='word_1_507' title='bbox 541 3875 690 3927; x_wconf 90' lang='lat' dir='ltr'><strong>omni</strong></span> <span class='ocrx_word' id='word_1_508' title='bbox 725 3872 938 3926; x_wconf 89' lang='lat' dir='ltr'><strong>ratione</strong></span> <span class='ocrx_word' id='word_1_509' title='bbox 991 3871 1230 3940; x_wconf 67' lang='lat' dir='ltr'><strong>praedita:</strong></span> <span class='ocrx_word' id='word_1_510' title='bbox 1282 3878 1572 3935; x_wconf 66' lang='lat' dir='ltr'><strong>creaturas,</strong></span> <span class='ocrx_word' id='word_1_511' title='bbox 1621 3872 1980 3927; x_wconf 89' lang='lat' dir='ltr'><strong>inferioribus</strong></span> <span class='ocrx_word' id='word_1_512' title='bbox 2022 3887 2132 3927; x_wconf 88' lang='lat' dir='ltr'><strong>una</strong></span> 
     </span>
    </p>
   </div>
   <div class='ocr_carea' id='block_1_71' title="bbox 541 3962 2136 4018">
    <p class='ocr_par' dir='ltr' id='par_1_71' title="bbox 541 3962 2136 4018">
     <span class='ocr_line' id='line_1_71' title="bbox 541 3962 2136 4018; baseline 0.001 -2"><span class='ocrx_word' id='word_1_513' title='bbox 541 3980 665 4018; x_wconf 78' lang='lat' dir='ltr'><strong>cum</strong></span> <span class='ocrx_word' id='word_1_514' title='bbox 699 3963 1068 4017; x_wconf 87' lang='lat' dir='ltr'><strong>eminentibus</strong></span> <span class='ocrx_word' id='word_1_515' title='bbox 1123 3969 1177 4016; x_wconf 90' lang='lat' dir='ltr'><strong>et</strong></span> <span class='ocrx_word' id='word_1_516' title='bbox 1219 3962 1616 4016; x_wconf 78' lang='lat' dir='ltr'><strong>excellentibus</strong></span> <span class='ocrx_word' id='word_1_517' title='bbox 1663 3962 1718 4015; x_wconf 86' lang='lat' dir='ltr'><strong>in</strong></span> <span class='ocrx_word' id='word_1_518' title='bbox 1745 3970 1891 4017; x_wconf 69' lang='lat' dir='ltr'><strong>coetu</strong></span> <span class='ocrx_word' id='word_1_519' title='bbox 1923 3971 1978 4018; x_wconf 87' lang='lat' dir='ltr'><strong>et</strong></span> <span class='ocrx_word' id='word_1_520' title='bbox 2011 3979 2136 4018; x_wconf 88' lang='lat' dir='ltr'><strong>con-</strong></span> 
     </span>
    </p>
   </div>
   <div class='ocr_carea' id='block_1_72' title="bbox 542 4055 2134 4126">
    <p class='ocr_par' dir='ltr' id='par_1_72' title="bbox 542 4055 2134 4126">
     <span class='ocr_line' id='line_1_72' title="bbox 542 4055 2134 4126; baseline 0 -16"><span class='ocrx_word' id='word_1_521' title='bbox 542 4065 708 4112; x_wconf 73' lang='lat' dir='ltr'><strong>ventu</strong></span> <span class='ocrx_word' id='word_1_522' title='bbox 738 4057 1007 4110; x_wconf 90' lang='lat' dir='ltr'><strong>bonorum</strong></span> <span class='ocrx_word' id='word_1_523' title='bbox 1034 4055 1265 4110; x_wconf 84' lang='lat' dir='ltr'><strong>choreas</strong></span> <span class='ocrx_word' id='word_1_524' title='bbox 1301 4055 1648 4110; x_wconf 87' lang='lat' dir='ltr'><strong>ducentibus.</strong></span> <span class='ocrx_word' id='word_1_525' title='bbox 1681 4055 2134 4126; x_wconf 87' lang='lat' dir='ltr'><strong>Quandoquidem</strong></span> 
     </span>
    </p>
   </div>
   <div class='ocr_carea' id='block_1_73' title="bbox 539 4141 2130 4213">
    <p class='ocr_par' dir='ltr' id='par_1_73' title="bbox 539 4141 2130 4213">
     <span class='ocr_line' id='line_1_73' title="bbox 539 4141 2130 4213; baseline 0.002 -18"><span class='ocrx_word' id='word_1_526' title='bbox 539 4144 686 4197; x_wconf 87' lang='lat' dir='ltr'><strong>enim</strong></span> <span class='ocrx_word' id='word_1_527' title='bbox 712 4142 766 4196; x_wconf 92' lang='lat' dir='ltr'><strong>in</strong></span> <span class='ocrx_word' id='word_1_528' title='bbox 802 4141 1033 4212; x_wconf 75' lang='lat' dir='ltr'><strong>ﬁgurata</strong></span> <span class='ocrx_word' id='word_1_529' title='bbox 1061 4157 1125 4196; x_wconf 89' lang='lat' dir='ltr'><strong>ac</strong></span> <span class='ocrx_word' id='word_1_530' title='bbox 1149 4144 1380 4213; x_wconf 87' lang='lat' dir='ltr'><strong>mystica</strong></span> <span class='ocrx_word' id='word_1_531' title='bbox 1416 4143 1600 4212; x_wconf 90' lang='lat' dir='ltr'><strong>templi</strong></span> <span class='ocrx_word' id='word_1_532' title='bbox 1623 4143 1984 4200; x_wconf 81' lang='lat' dir='ltr'><strong>fabricatione</strong></span> <span class='ocrx_word' id='word_1_533' title='bbox 2023 4161 2130 4199; x_wconf 91' lang='lat' dir='ltr'><strong>non</strong></span> 
     </span>
    </p>
   </div>
   <div class='ocr_carea' id='block_1_74' title="bbox 540 4235 2130 4306">
    <p class='ocr_par' dir='ltr' id='par_1_74' title="bbox 540 4235 2130 4306">
     <span class='ocr_line' id='line_1_74' title="bbox 540 4235 2130 4306; baseline 0.002 -18"><span class='ocrx_word' id='word_1_534' title='bbox 540 4236 820 4300; x_wconf 89' lang='lat' dir='ltr'><strong>omnibus,</strong></span> <span class='ocrx_word' id='word_1_535' title='bbox 849 4235 942 4306; x_wconf 90' lang='lat' dir='ltr'><strong>qui</strong></span> <span class='ocrx_word' id='word_1_536' title='bbox 966 4235 1101 4289; x_wconf 90' lang='lat' dir='ltr'><strong>foris</strong></span> <span class='ocrx_word' id='word_1_537' title='bbox 1130 4242 1306 4301; x_wconf 88' lang='lat' dir='ltr'><strong>erant,</strong></span> <span class='ocrx_word' id='word_1_538' title='bbox 1341 4235 1670 4305; x_wconf 88' lang='lat' dir='ltr'><strong>permissum</strong></span> <span class='ocrx_word' id='word_1_539' title='bbox 1703 4245 1821 4291; x_wconf 90' lang='lat' dir='ltr'><strong>erat</strong></span> <span class='ocrx_word' id='word_1_540' title='bbox 1843 4239 1987 4292; x_wconf 87' lang='lat' dir='ltr'><strong>intra</strong></span> <span class='ocrx_word' id='word_1_541' title='bbox 2010 4254 2130 4291; x_wconf 87' lang='lat' dir='ltr'><strong>am-</strong></span> 
     </span>
    </p>
   </div>
   <div class='ocr_carea' id='block_1_75' title="bbox 544 4327 2131 4399">
    <p class='ocr_par' dir='ltr' id='par_1_75' title="bbox 544 4327 2131 4399">
     <span class='ocr_line' id='line_1_75' title="bbox 544 4327 2131 4399; baseline 0.001 -17"><span class='ocrx_word' id='word_1_542' title='bbox 544 4329 716 4382; x_wconf 81' lang='lat' dir='ltr'><strong>bitum</strong></span> <span class='ocrx_word' id='word_1_543' title='bbox 742 4328 1014 4397; x_wconf 88' lang='lat' dir='ltr'><strong>parietum</strong></span> <span class='ocrx_word' id='word_1_544' title='bbox 1076 4338 1384 4397; x_wconf 88' lang='lat' dir='ltr'><strong>penetrare,</strong></span> <span class='ocrx_word' id='word_1_545' title='bbox 1417 4327 1512 4382; x_wconf 83' lang='lat' dir='ltr'><strong>sed</strong></span> <span class='ocrx_word' id='word_1_546' title='bbox 1543 4327 1614 4383; x_wconf 87' lang='lat' dir='ltr'><strong>ab</strong></span> <span class='ocrx_word' id='word_1_547' title='bbox 1663 4328 1914 4399; x_wconf 82' lang='lat' dir='ltr'><strong>ingressu</strong></span> <span class='ocrx_word' id='word_1_548' title='bbox 1949 4329 2131 4398; x_wconf 84' lang='lat' dir='ltr'><strong>prohi-</strong></span> 
     </span>
    </p>
   </div>
   <div class='ocr_carea' id='block_1_76' title="bbox 545 4420 2129 4492">
    <p class='ocr_par' dir='ltr' id='par_1_76' title="bbox 545 4420 2129 4492">
     <span class='ocr_line' id='line_1_76' title="bbox 545 4420 2129 4492; baseline 0.001 -18"><span class='ocrx_word' id='word_1_549' title='bbox 545 4420 818 4474; x_wconf 86' lang='lat' dir='ltr'><strong>bebantur</strong></span> <span class='ocrx_word' id='word_1_550' title='bbox 845 4421 1163 4490; x_wconf 88' lang='lat' dir='ltr'><strong>quicunque</strong></span> <span class='ocrx_word' id='word_1_551' title='bbox 1201 4421 1453 4490; x_wconf 76' lang='lat' dir='ltr'><strong>gentiles,</strong></span> <span class='ocrx_word' id='word_1_552' title='bbox 1485 4429 1539 4474; x_wconf 85' lang='lat' dir='ltr'><strong>et</strong></span> <span class='ocrx_word' id='word_1_553' title='bbox 1569 4421 1794 4477; x_wconf 87' lang='lat' dir='ltr'><strong>alterius</strong></span> <span class='ocrx_word' id='word_1_554' title='bbox 1827 4423 2044 4492; x_wconf 77' lang='lat' dir='ltr'><strong>generis</strong></span> <span class='ocrx_word' id='word_1_555' title='bbox 2075 4434 2129 4476; x_wconf 90' lang='lat' dir='ltr'><strong>et</strong></span> 
     </span>
    </p>
   </div>
   <div class='ocr_carea' id='block_1_77' title="bbox 544 4511 2136 4584">
    <p class='ocr_par' dir='ltr' id='par_1_77' title="bbox 544 4511 2136 4584">
     <span class='ocr_line' id='line_1_77' title="bbox 544 4511 2136 4584; baseline 0.001 -20"><span class='ocrx_word' id='word_1_556' title='bbox 544 4511 790 4566; x_wconf 85' lang='lat' dir='ltr'><strong>nationis</strong></span> <span class='ocrx_word' id='word_1_557' title='bbox 812 4521 1014 4565; x_wconf 90' lang='lat' dir='ltr'><strong>erant:</strong></span> <span class='ocrx_word' id='word_1_558' title='bbox 1057 4514 1298 4582; x_wconf 83' lang='lat' dir='ltr'><strong>itemque</strong></span> <span class='ocrx_word' id='word_1_559' title='bbox 1345 4528 1411 4566; x_wconf 82' lang='lat' dir='ltr'><strong>ex</strong></span> <span class='ocrx_word' id='word_1_560' title='bbox 1445 4512 1511 4566; x_wconf 88' lang='lat' dir='ltr'><strong>iis</strong></span> <span class='ocrx_word' id='word_1_561' title='bbox 1546 4514 1637 4581; x_wconf 91' lang='lat' dir='ltr'><strong>qui</strong></span> <span class='ocrx_word' id='word_1_562' title='bbox 1684 4515 1913 4584; x_wconf 80' lang='lat' dir='ltr'><strong>ingressi</strong></span> <span class='ocrx_word' id='word_1_563' title='bbox 1959 4525 2136 4577; x_wconf 88' lang='lat' dir='ltr'><strong>erant,</strong></span> 
     </span>
    </p>
   </div>
   <div class='ocr_carea' id='block_1_78' title="bbox 543 4604 2129 4674">
    <p class='ocr_par' dir='ltr' id='par_1_78' title="bbox 543 4604 2129 4674">
     <span class='ocr_line' id='line_1_78' title="bbox 543 4604 2129 4674; baseline 0.002 -16"><span class='ocrx_word' id='word_1_564' title='bbox 543 4618 656 4658; x_wconf 90' lang='lat' dir='ltr'><strong>non</strong></span> <span class='ocrx_word' id='word_1_565' title='bbox 678 4619 870 4661; x_wconf 86' lang='lat' dir='ltr'><strong>omnes</strong></span> <span class='ocrx_word' id='word_1_566' title='bbox 897 4618 960 4659; x_wconf 82' lang='lat' dir='ltr'><strong>ex</strong></span> <span class='ocrx_word' id='word_1_567' title='bbox 994 4619 1152 4674; x_wconf 68' lang='lat' dir='ltr'><strong>aequo</strong></span> <span class='ocrx_word' id='word_1_568' title='bbox 1177 4605 1268 4673; x_wconf 84' lang='lat' dir='ltr'><strong>jus</strong></span> <span class='ocrx_word' id='word_1_569' title='bbox 1298 4604 1366 4658; x_wconf 88' lang='lat' dir='ltr'><strong>ad</strong></span> <span class='ocrx_word' id='word_1_570' title='bbox 1404 4604 1722 4659; x_wconf 85' lang='lat' dir='ltr'><strong>interiorem</strong></span> <span class='ocrx_word' id='word_1_571' title='bbox 1767 4606 1946 4660; x_wconf 91' lang='lat' dir='ltr'><strong>locum</strong></span> <span class='ocrx_word' id='word_1_572' title='bbox 1972 4621 2129 4661; x_wconf 49' lang='lat' dir='ltr'><strong>accc.</strong></span> 
     </span>
    </p>
   </div>
   <div class='ocr_carea' id='block_1_79' title="bbox 639 4799 1960 4873">
    <p class='ocr_par' dir='ltr' id='par_1_79' title="bbox 639 4799 1960 4873">
     <span class='ocr_line' id='line_1_79' title="bbox 639 4799 1960 4873; baseline 0.002 -19"><span class='ocrx_word' id='word_1_573' title='bbox 773 4799 992 4873; x_wconf 70' lang='grc' dir='ltr'>Πᾴντα.</span> <span class='ocrx_word' id='word_1_574' title='bbox 1029 4801 1072 4852; x_wconf 87' lang='grc' dir='ltr'><strong>Β</strong></span> <span class='ocrx_word' id='word_1_575' title='bbox 1103 4801 1201 4873; x_wconf 77' lang='grc' dir='ltr'><strong>τὴν</strong></span> <span class='ocrx_word' id='word_1_576' title='bbox 1228 4799 1298 4853; x_wconf 82' lang='grc' dir='ltr'>τὰ</span> <span class='ocrx_word' id='word_1_577' title='bbox 1327 4802 1526 4856; x_wconf 78' lang='grc' dir='ltr'>πάντα.</span> <span class='ocrx_word' id='word_1_578' title='bbox 1558 4804 1603 4854; x_wconf 81' lang='grc' dir='ltr'><strong>Α</strong></span> <span class='ocrx_word' id='word_1_579' title='bbox 1634 4800 1732 4873; x_wconf 82' lang='grc' dir='ltr'><strong>τὴν</strong></span> <span class='ocrx_word' id='word_1_580' title='bbox 1763 4801 1960 4858; x_wconf 73' lang='grc' dir='ltr'>πάντα.</span> 
     </span>
    </p>
   </div>
   <div class='ocr_carea' id='block_1_80' title="bbox 642 4870 1324 4940">
    <p class='ocr_par' dir='ltr' id='par_1_80' title="bbox 642 4870 1324 4940">
     <span class='ocr_line' id='line_1_80' title="bbox 642 4870 1324 4940; baseline 0 -16"><span class='ocrx_word' id='word_1_581' title='bbox 642 4871 731 4940; x_wconf 82' lang='grc'><strong>96)</strong></span> <span class='ocrx_word' id='word_1_582' title='bbox 772 4870 990 4940; x_wconf 68' lang='grc' dir='ltr'><strong>Πᾶς-ιν.</strong></span> <span class='ocrx_word' id='word_1_583' title='bbox 1033 4873 1074 4923; x_wconf 85' lang='grc' dir='ltr'><strong>Β</strong></span> <span class='ocrx_word' id='word_1_584' title='bbox 1100 4870 1324 4924; x_wconf 74' lang='grc' dir='ltr'>ἅπασιν.</span> 
     </span>
    </p>
   </div>
   <div class='ocr_carea' id='block_1_81' title="bbox 613 4936 1774 5010">
    <p class='ocr_par' dir='ltr' id='par_1_81' title="bbox 613 4936 1774 5010">
     <span class='ocr_line' id='line_1_81' title="bbox 613 4936 1774 5010; baseline 0 -15"><span class='ocrx_word' id='word_1_585' title='bbox 613 4936 824 5010; x_wconf 70' lang='grc' dir='ltr'>(9Ἱέ98)</span> <span class='ocrx_word' id='word_1_586' title='bbox 864 4936 977 4994; x_wconf 80' lang='grc' dir='ltr'><strong>Ὧν</strong></span> <span class='ocrx_word' id='word_1_587' title='bbox 1009 4942 1103 4995; x_wconf 80' lang='grc' dir='ltr'><strong>ἄν.</strong></span> <span class='ocrx_word' id='word_1_588' title='bbox 1134 4942 1176 4993; x_wconf 97' lang='grc' dir='ltr'><strong>Β</strong></span> <span class='ocrx_word' id='word_1_589' title='bbox 1198 4941 1272 5004; x_wconf 84' lang='grc' dir='ltr'><strong>ὡς</strong></span> <span class='ocrx_word' id='word_1_590' title='bbox 1305 4941 1391 4996; x_wconf 84' lang='grc' dir='ltr'>ἄν.</span> <span class='ocrx_word' id='word_1_591' title='bbox 1419 4944 1466 4996; x_wconf 80' lang='grc' dir='ltr'><strong>Δ</strong></span> <span class='ocrx_word' id='word_1_592' title='bbox 1517 4941 1663 4998; x_wconf 83' lang='lat' dir='ltr'><strong>delet</strong></span> <span class='ocrx_word' id='word_1_593' title='bbox 1688 4939 1774 4996; x_wconf 76' lang='grc' dir='ltr'>ἄν.</span> 
     </span>
    </p>
   </div>
   <div class='ocr_carea' id='block_1_82' title="bbox 615 5011 1335 5081">
    <p class='ocr_par' dir='ltr' id='par_1_82' title="bbox 615 5011 1335 5081">
     <span class='ocr_line' id='line_1_82' title="bbox 615 5011 1335 5081; baseline -0.001 -15"><span class='ocrx_word' id='word_1_594' title='bbox 615 5012 730 5081; x_wconf 90' lang='grc'>(99)</span> <span class='ocrx_word' id='word_1_595' title='bbox 777 5011 876 5078; x_wconf 79' lang='grc' dir='ltr'><strong>Τῇ.</strong></span> <span class='ocrx_word' id='word_1_596' title='bbox 907 5011 1175 5076; x_wconf 83' lang='lat' dir='ltr'><strong>A,Badd.</strong></span> <span class='ocrx_word' id='word_1_597' title='bbox 1217 5011 1335 5080; x_wconf 81' lang='grc' dir='ltr'>μέν.</span> 
     </span>
    </p>
   </div>
   <div class='ocr_carea' id='block_1_83' title="bbox 648 5081 1290 5146">
    <p class='ocr_par' dir='ltr' id='par_1_83' title="bbox 648 5081 1290 5146">
     <span class='ocr_line' id='line_1_83' title="bbox 648 5081 1290 5146; baseline -0.002 -12"><span class='ocrx_word' id='word_1_598' title='bbox 648 5083 698 5146; x_wconf 94' lang='grc'><strong>1)</strong></span> <span class='ocrx_word' id='word_1_599' title='bbox 736 5084 1004 5136; x_wconf 78' lang='grc' dir='ltr'>Ζώντων.</span> <span class='ocrx_word' id='word_1_600' title='bbox 1041 5082 1085 5132; x_wconf 80' lang='grc' dir='ltr'><strong>Α</strong></span> <span class='ocrx_word' id='word_1_601' title='bbox 1113 5081 1290 5144; x_wconf 74' lang='grc' dir='ltr'>ζώων.</span> 
     </span>
    </p>
   </div>
   <div class='ocr_carea' id='block_1_84' title="bbox 639 5150 1259 5218">
    <p class='ocr_par' dir='ltr' id='par_1_84' title="bbox 639 5150 1259 5218">
     <span class='ocr_line' id='line_1_84' title="bbox 639 5150 1259 5218; baseline -0.002 -13"><span class='ocrx_word' id='word_1_602' title='bbox 639 5151 697 5218; x_wconf 73' lang='grc'><strong>2)</strong></span> <span class='ocrx_word' id='word_1_603' title='bbox 742 5153 979 5207; x_wconf 76' lang='grc' dir='ltr'>Τούτου.</span> <span class='ocrx_word' id='word_1_604' title='bbox 1017 5151 1169 5206; x_wconf 84' lang='lat' dir='ltr'><strong>Delet</strong></span> <span class='ocrx_word' id='word_1_605' title='bbox 1199 5150 1259 5204; x_wconf 92' lang='lat' dir='ltr'><strong>B.</strong></span> 
     </span>
    </p>
   </div>
   <div class='ocr_carea' id='block_1_85' title="bbox 615 5219 1724 5290">
    <p class='ocr_par' dir='ltr' id='par_1_85' title="bbox 615 5219 1724 5290">
     <span class='ocr_line' id='line_1_85' title="bbox 615 5219 1724 5290; baseline 0.001 -15"><span class='ocrx_word' id='word_1_606' title='bbox 615 5219 696 5290; x_wconf 75' lang='lat'><strong>(3)</strong></span> <span class='ocrx_word' id='word_1_607' title='bbox 748 5223 1202 5276; x_wconf 73' lang='grc' dir='ltr'>Ἐκλειπόντων.</span> <span class='ocrx_word' id='word_1_608' title='bbox 1243 5221 1287 5272; x_wconf 80' lang='grc' dir='ltr'>Α</span> <span class='ocrx_word' id='word_1_609' title='bbox 1317 5219 1724 5276; x_wconf 85' lang='grc' dir='ltr'>ἐκλελοιπότων.</span> 
     </span>
    </p>
   </div>
   <div class='ocr_carea' id='block_1_86' title="bbox 645 5290 1715 5360">
    <p class='ocr_par' dir='ltr' id='par_1_86' title="bbox 645 5290 1715 5360">
     <span class='ocr_line' id='line_1_86' title="bbox 645 5290 1715 5360; baseline 0 -14"><span class='ocrx_word' id='word_1_610' title='bbox 645 5291 700 5359; x_wconf 73' lang='grc'>4)</span> <span class='ocrx_word' id='word_1_611' title='bbox 743 5290 823 5359; x_wconf 78' lang='grc' dir='ltr'><strong>Τῇ</strong></span> <span class='ocrx_word' id='word_1_612' title='bbox 849 5292 1166 5360; x_wconf 73' lang='grc' dir='ltr'>ἐκκλησίᾳ.</span> <span class='ocrx_word' id='word_1_613' title='bbox 1195 5291 1240 5344; x_wconf 85' lang='grc' dir='ltr'><strong>Α</strong></span> <span class='ocrx_word' id='word_1_614' title='bbox 1269 5290 1370 5359; x_wconf 78' lang='grc' dir='ltr'>τῆς</span> <span class='ocrx_word' id='word_1_615' title='bbox 1400 5292 1715 5360; x_wconf 82' lang='grc' dir='ltr'>ἐκκλησίας.</span> 
     </span>
    </p>
   </div>
   <div class='ocr_carea' id='block_1_87' title="bbox 643 5361 1849 5434">
    <p class='ocr_par' dir='ltr' id='par_1_87' title="bbox 643 5361 1849 5434">
     <span class='ocr_line' id='line_1_87' title="bbox 643 5361 1849 5434; baseline 0 -20"><span class='ocrx_word' id='word_1_616' title='bbox 643 5361 700 5434; x_wconf 63' lang='grc' dir='ltr'><strong>ξ)</strong></span> <span class='ocrx_word' id='word_1_617' title='bbox 739 5364 1054 5434; x_wconf 55' lang='lat' dir='ltr'><strong>graduum.</strong></span> <span class='ocrx_word' id='word_1_618' title='bbox 1099 5361 1498 5434; x_wconf 61' lang='lat' dir='ltr'><strong>Aithtargine</strong></span> <span class='ocrx_word' id='word_1_619' title='bbox 1527 5362 1849 5434; x_wconf 84' lang='grc' dir='ltr'>χαρίσματι.</span> 
     </span>
    </p>
   </div>
   <div class='ocr_carea' id='block_1_88' title="bbox 643 5429 1530 5500">
    <p class='ocr_par' dir='ltr' id='par_1_88' title="bbox 643 5429 1530 5500">
     <span class='ocr_line' id='line_1_88' title="bbox 643 5429 1530 5500; baseline 0.001 -16"><span class='ocrx_word' id='word_1_620' title='bbox 643 5430 698 5500; x_wconf 83' lang='grc'>6)</span> <span class='ocrx_word' id='word_1_621' title='bbox 750 5431 1086 5500; x_wconf 64' lang='grc' dir='ltr'>Ἑτέρωθεν.</span> <span class='ocrx_word' id='word_1_622' title='bbox 1123 5433 1191 5497; x_wconf 77' lang='grc' dir='ltr'>Α,</span> <span class='ocrx_word' id='word_1_623' title='bbox 1217 5429 1259 5481; x_wconf 87' lang='grc' dir='ltr'>Β</span> <span class='ocrx_word' id='word_1_624' title='bbox 1284 5429 1530 5500; x_wconf 82' lang='grc' dir='ltr'>ἑτέρωθι.</span> 
     </span>
    </p>
   </div>
   <div class='ocr_carea' id='block_1_89' title="bbox 642 5496 1238 5568">
    <p class='ocr_par' dir='ltr' id='par_1_89' title="bbox 642 5496 1238 5568">
     <span class='ocr_line' id='line_1_89' title="bbox 642 5496 1238 5568; baseline 0.002 -14"><span class='ocrx_word' id='word_1_625' title='bbox 642 5496 697 5568; x_wconf 88' lang='grc'><strong>7)</strong></span> <span class='ocrx_word' id='word_1_626' title='bbox 741 5496 941 5563; x_wconf 78' lang='grc' dir='ltr'>Οὗτός.</span> <span class='ocrx_word' id='word_1_627' title='bbox 984 5501 1134 5556; x_wconf 84' lang='lat' dir='ltr'><strong>Delet</strong></span> <span class='ocrx_word' id='word_1_628' title='bbox 1177 5496 1238 5555; x_wconf 89' lang='grc' dir='ltr'>Β.</span> 
     </span>
    </p>
   </div>
   <div class='ocr_carea' id='block_1_90' title="bbox 641 5569 1672 5642">
    <p class='ocr_par' dir='ltr' id='par_1_90' title="bbox 641 5569 1672 5642">
     <span class='ocr_line' id='line_1_90' title="bbox 641 5569 1672 5642; baseline 0.004 -22"><span class='ocrx_word' id='word_1_629' title='bbox 641 5569 697 5642; x_wconf 82' lang='grc'>8)</span> <span class='ocrx_word' id='word_1_630' title='bbox 749 5569 874 5621; x_wconf 75' lang='grc' dir='ltr'>Ἐπί</span> <span class='ocrx_word' id='word_1_631' title='bbox 906 5569 1002 5637; x_wconf 78' lang='grc' dir='ltr'>τῇ.</span> <span class='ocrx_word' id='word_1_632' title='bbox 1047 5572 1092 5642; x_wconf 70' lang='grc' dir='ltr'><strong>Α</strong></span> <span class='ocrx_word' id='word_1_633' title='bbox 1125 5572 1178 5624; x_wconf 91' lang='lat' dir='ltr'><strong>in</strong></span> <span class='ocrx_word' id='word_1_634' title='bbox 1213 5571 1460 5642; x_wconf 79' lang='lat' dir='ltr'><strong>margine</strong></span> <span class='ocrx_word' id='word_1_635' title='bbox 1488 5572 1546 5624; x_wconf 87' lang='grc' dir='ltr'><strong>ἐν</strong></span> <span class='ocrx_word' id='word_1_636' title='bbox 1573 5571 1672 5640; x_wconf 88' lang='grc' dir='ltr'><strong>τῷ.</strong></span> 
     </span>
    </p>
   </div>
   <div class='ocr_carea' id='block_1_91' title="bbox 642 5641 1705 5725">
    <p class='ocr_par' dir='ltr' id='par_1_91' title="bbox 642 5641 1705 5725">
     <span class='ocr_line' id='line_1_91' title="bbox 642 5641 1705 5725; baseline 0.004 -34"><span class='ocrx_word' id='word_1_637' title='bbox 642 5641 1181 5725; x_wconf 29' lang='grc' dir='ltr'>ἓλχΣίιηινοε-ξητίιοιί.</span> <span class='ocrx_word' id='word_1_638' title='bbox 1209 5641 1264 5725; x_wconf 31' lang='grc' dir='ltr'>’Β</span> <span class='ocrx_word' id='word_1_639' title='bbox 1295 5641 1705 5725; x_wconf 65' lang='grc' dir='ltr'>ξκηνοπηγιῶν.</span> 
     </span>
    </p>
   </div>
   <div class='ocr_carea' id='block_1_92' title="bbox 646 5707 1668 5778">
    <p class='ocr_par' dir='ltr' id='par_1_92' title="bbox 646 5707 1668 5778">
     <span class='ocr_line' id='line_1_92' title="bbox 646 5707 1668 5778; baseline 0.004 -18"><span class='ocrx_word' id='word_1_640' title='bbox 646 5707 736 5778; x_wconf 84' lang='grc'>10)</span> <span class='ocrx_word' id='word_1_641' title='bbox 774 5707 879 5760; x_wconf 84' lang='grc' dir='ltr'><strong>Διὰ</strong></span> <span class='ocrx_word' id='word_1_642' title='bbox 902 5707 1030 5776; x_wconf 83' lang='grc' dir='ltr'>τῆς.</span> <span class='ocrx_word' id='word_1_643' title='bbox 1067 5711 1108 5760; x_wconf 86' lang='grc' dir='ltr'><strong>Α</strong></span> <span class='ocrx_word' id='word_1_644' title='bbox 1143 5709 1234 5761; x_wconf 79' lang='grc' dir='ltr'>διὰ</span> <span class='ocrx_word' id='word_1_645' title='bbox 1263 5710 1362 5778; x_wconf 77' lang='grc' dir='ltr'>τῆς</span> <span class='ocrx_word' id='word_1_646' title='bbox 1393 5707 1668 5778; x_wconf 75' lang='grc' dir='ltr'>τοιαύτης.</span> 
     </span>
    </p>
   </div>
   <div class='ocr_carea' id='block_1_93' title="bbox 619 5778 1635 5850">
    <p class='ocr_par' dir='ltr' id='par_1_93' title="bbox 619 5778 1635 5850">
     <span class='ocr_line' id='line_1_93' title="bbox 619 5778 1635 5850; baseline 0 -17"><span class='ocrx_word' id='word_1_647' title='bbox 619 5778 734 5850; x_wconf 83' lang='grc'>(11)</span> <span class='ocrx_word' id='word_1_648' title='bbox 771 5778 1124 5846; x_wconf 72' lang='grc' dir='ltr'>Γενόμενος.</span> <span class='ocrx_word' id='word_1_649' title='bbox 1168 5781 1234 5842; x_wconf 87' lang='lat' dir='ltr'><strong>A,</strong></span> <span class='ocrx_word' id='word_1_650' title='bbox 1272 5779 1313 5828; x_wconf 84' lang='lat' dir='ltr'><strong>B</strong></span> <span class='ocrx_word' id='word_1_651' title='bbox 1354 5781 1635 5849; x_wconf 83' lang='grc' dir='ltr'>γινομένη.</span> 
     </span>
    </p>
   </div>
   <div class='ocr_carea' id='block_1_94' title="bbox 2301 3327 3810 3402">
    <p class='ocr_par' dir='ltr' id='par_1_94' title="bbox 2301 3327 3810 3402">
     <span class='ocr_line' id='line_1_94' title="bbox 2301 3327 3810 3402; baseline -0.001 -20"><span class='ocrx_word' id='word_1_652' title='bbox 2301 3331 2453 3401; x_wconf 87' lang='grc' dir='ltr'>Ἐχει</span> <span class='ocrx_word' id='word_1_653' title='bbox 2485 3331 2541 3383; x_wconf 82' lang='grc' dir='ltr'>δὲ</span> <span class='ocrx_word' id='word_1_654' title='bbox 2572 3333 2604 3402; x_wconf 83' lang='grc' dir='ltr'>ἡ</span> <span class='ocrx_word' id='word_1_655' title='bbox 2651 3330 2810 3402; x_wconf 77' lang='grc' dir='ltr'>ῥῆσις</span> <span class='ocrx_word' id='word_1_656' title='bbox 2847 3331 2946 3400; x_wconf 82' lang='grc' dir='ltr'>τῆς</span> <span class='ocrx_word' id='word_1_657' title='bbox 2983 3329 3301 3401; x_wconf 71' lang='grc' dir='ltr'>ψαλμῳδίας</span> <span class='ocrx_word' id='word_1_658' title='bbox 3339 3327 3525 3382; x_wconf 89' lang='grc' dir='ltr'>τοῦτον</span> <span class='ocrx_word' id='word_1_659' title='bbox 3557 3328 3653 3382; x_wconf 75' lang='grc' dir='ltr'><strong>τὸν</strong></span> <span class='ocrx_word' id='word_1_660' title='bbox 3693 3327 3810 3399; x_wconf 80' lang='grc' dir='ltr'>τρό-</span> 
     </span>
    </p>
   </div>
   <div class='ocr_carea' id='block_1_95' title="bbox 2230 3419 3812 3492">
    <p class='ocr_par' dir='ltr' id='par_1_95' title="bbox 2230 3419 3812 3492">
     <span class='ocr_line' id='line_1_95' title="bbox 2230 3419 3812 3492; baseline -0.002 -18"><span class='ocrx_word' id='word_1_661' title='bbox 2230 3437 2364 3475; x_wconf 80' lang='grc' dir='ltr'>πον’</span> <span class='ocrx_word' id='word_1_662' title='bbox 2395 3423 2524 3486; x_wconf 85' lang='grc' dir='ltr'>Θεδς</span> <span class='ocrx_word' id='word_1_663' title='bbox 2567 3422 2771 3492; x_wconf 84' lang='grc' dir='ltr'>Κύριος</span> <span class='ocrx_word' id='word_1_664' title='bbox 2816 3423 2910 3476; x_wconf 79' lang='grc' dir='ltr'>καὶ</span> <span class='ocrx_word' id='word_1_665' title='bbox 2948 3423 3216 3490; x_wconf 70' lang='grc' dir='ltr'>ὲπέφανεν</span> <span class='ocrx_word' id='word_1_666' title='bbox 3259 3421 3390 3491; x_wconf 78' lang='grc' dir='ltr'>ἡμῖν</span> <span class='ocrx_word' id='word_1_667' title='bbox 3443 3419 3812 3490; x_wconf 76' lang='grc' dir='ltr'>συστήσασθαι</span> 
     </span>
    </p>
   </div>
   <div class='ocr_carea' id='block_1_96' title="bbox 2231 3510 3811 3584">
    <p class='ocr_par' dir='ltr' id='par_1_96' title="bbox 2231 3510 3811 3584">
     <span class='ocr_line' id='line_1_96' title="bbox 2231 3510 3811 3584; baseline -0.003 -18"><span class='ocrx_word' id='word_1_668' title='bbox 2231 3514 2425 3584; x_wconf 78' lang='grc' dir='ltr'>ἑορτὴν</span> <span class='ocrx_word' id='word_1_669' title='bbox 2458 3515 2516 3566; x_wconf 86' lang='grc' dir='ltr'>ὲν</span> <span class='ocrx_word' id='word_1_670' title='bbox 2545 3516 2657 3577; x_wconf 82' lang='grc' dir='ltr'>τοῖς</span> <span class='ocrx_word' id='word_1_671' title='bbox 2686 3514 3020 3577; x_wconf 79' lang='grc' dir='ltr'>πυκάζουσιν</span> <span class='ocrx_word' id='word_1_672' title='bbox 3051 3513 3156 3576; x_wconf 79' lang='grc' dir='ltr'>ἕως</span> <span class='ocrx_word' id='word_1_673' title='bbox 3183 3511 3292 3566; x_wconf 87' lang='grc' dir='ltr'><strong>τῶν</strong></span> <span class='ocrx_word' id='word_1_674' title='bbox 3321 3511 3566 3581; x_wconf 78' lang='grc' dir='ltr'>κεράτων</span> <span class='ocrx_word' id='word_1_675' title='bbox 3597 3510 3694 3564; x_wconf 81' lang='grc' dir='ltr'><strong>τοῦ</strong></span> <span class='ocrx_word' id='word_1_676' title='bbox 3724 3510 3811 3562; x_wconf 84' lang='grc' dir='ltr'><strong>θυ-</strong></span> 
     </span>
    </p>
   </div>
   <div class='ocr_carea' id='block_1_97' title="bbox 2234 3601 3814 3675">
    <p class='ocr_par' dir='ltr' id='par_1_97' title="bbox 2234 3601 3814 3675">
     <span class='ocr_line' id='line_1_97' title="bbox 2234 3601 3814 3675; baseline -0.003 -19"><span class='ocrx_word' id='word_1_677' title='bbox 2234 3603 2568 3675; x_wconf 82' lang='grc' dir='ltr'>σιαστηρίου.</span> <span class='ocrx_word' id='word_1_678' title='bbox 2603 3604 2782 3675; x_wconf 84' lang='grc' dir='ltr'>Ὅπερ</span> <span class='ocrx_word' id='word_1_679' title='bbox 2819 3603 2965 3656; x_wconf 88' lang='grc' dir='ltr'>δοκεί</span> <span class='ocrx_word' id='word_1_680' title='bbox 2995 3619 3084 3673; x_wconf 90' lang='grc' dir='ltr'><strong>μοι</strong></span> <span class='ocrx_word' id='word_1_681' title='bbox 3125 3604 3538 3674; x_wconf 75' lang='grc' dir='ltr'>προαναφωνεῖν</span> <span class='ocrx_word' id='word_1_682' title='bbox 3573 3601 3646 3655; x_wconf 78' lang='grc' dir='ltr'>δι’</span> <span class='ocrx_word' id='word_1_683' title='bbox 3687 3601 3814 3655; x_wconf 80' lang='grc' dir='ltr'>αἰνί-</span> 
     </span>
    </p>
   </div>
   <div class='ocr_carea' id='block_1_98' title="bbox 2232 3693 3814 3767">
    <p class='ocr_par' dir='ltr' id='par_1_98' title="bbox 2232 3693 3814 3767">
     <span class='ocr_line' id='line_1_98' title="bbox 2232 3693 3814 3767; baseline -0.001 -20"><span class='ocrx_word' id='word_1_684' title='bbox 2232 3711 2442 3765; x_wconf 86' lang='grc' dir='ltr'>γματος</span> <span class='ocrx_word' id='word_1_685' title='bbox 2462 3737 2474 3757; x_wconf 95' lang='grc'><strong>,</strong></span> <span class='ocrx_word' id='word_1_686' title='bbox 2506 3696 2567 3748; x_wconf 87' lang='grc' dir='ltr'><strong>τὸ</strong></span> <span class='ocrx_word' id='word_1_687' title='bbox 2604 3696 2730 3766; x_wconf 92' lang='grc' dir='ltr'>μίαν</span> <span class='ocrx_word' id='word_1_688' title='bbox 2759 3694 2948 3767; x_wconf 81' lang='grc' dir='ltr'>ἑορτὴν</span> <span class='ocrx_word' id='word_1_689' title='bbox 2984 3696 3132 3766; x_wconf 80' lang='grc' dir='ltr'>πάσῃ</span> <span class='ocrx_word' id='word_1_690' title='bbox 3165 3697 3230 3766; x_wconf 82' lang='grc' dir='ltr'>τῇ</span> <span class='ocrx_word' id='word_1_691' title='bbox 3258 3694 3448 3766; x_wconf 82' lang='grc' dir='ltr'>λογικῇ</span> <span class='ocrx_word' id='word_1_692' title='bbox 3484 3693 3664 3747; x_wconf 86' lang='grc' dir='ltr'>κτίσει</span> <span class='ocrx_word' id='word_1_693' title='bbox 3699 3711 3814 3746; x_wconf 85' lang='grc' dir='ltr'>συν-</span> 
     </span>
    </p>
   </div>
   <div class='ocr_carea' id='block_1_99' title="bbox 2239 3785 3812 3856">
    <p class='ocr_par' dir='ltr' id='par_1_99' title="bbox 2239 3785 3812 3856">
     <span class='ocr_line' id='line_1_99' title="bbox 2239 3785 3812 3856; baseline 0 -20"><span class='ocrx_word' id='word_1_694' title='bbox 2239 3785 2488 3839; x_wconf 79' lang='grc' dir='ltr'>ίστασθαι</span> <span class='ocrx_word' id='word_1_695' title='bbox 2515 3785 2624 3839; x_wconf 89' lang='grc' dir='ltr'><strong>τῶν</strong></span> <span class='ocrx_word' id='word_1_696' title='bbox 2658 3785 3060 3856; x_wconf 81' lang='grc' dir='ltr'>ὑποδεεστέρων</span> <span class='ocrx_word' id='word_1_697' title='bbox 3092 3787 3203 3848; x_wconf 85' lang='grc' dir='ltr'>τοῖς</span> <span class='ocrx_word' id='word_1_698' title='bbox 3244 3785 3604 3856; x_wconf 80' lang='grc' dir='ltr'>ὑπερέχουσιν</span> <span class='ocrx_word' id='word_1_699' title='bbox 3648 3787 3705 3838; x_wconf 89' lang='grc' dir='ltr'><strong>ἐν</strong></span> <span class='ocrx_word' id='word_1_700' title='bbox 3751 3787 3812 3854; x_wconf 76' lang='grc' dir='ltr'>τῇ</span> 
     </span>
    </p>
   </div>
   <div class='ocr_carea' id='block_1_100' title="bbox 2235 3878 3815 3949">
    <p class='ocr_par' dir='ltr' id='par_1_100' title="bbox 2235 3878 3815 3949">
     <span class='ocr_line' id='line_1_100' title="bbox 2235 3878 3815 3949; baseline 0 -18"><span class='ocrx_word' id='word_1_701' title='bbox 2235 3879 2344 3931; x_wconf 89' lang='grc' dir='ltr'><strong>τῶν</strong></span> <span class='ocrx_word' id='word_1_702' title='bbox 2389 3878 2607 3947; x_wconf 78' lang='grc' dir='ltr'>ἀγαθῶν</span> <span class='ocrx_word' id='word_1_703' title='bbox 2655 3878 2857 3949; x_wconf 85' lang='grc' dir='ltr'>συνόδῳ</span> <span class='ocrx_word' id='word_1_704' title='bbox 2908 3878 3020 3949; x_wconf 72' lang='grc'>(14)</span> <span class='ocrx_word' id='word_1_705' title='bbox 3079 3879 3536 3948; x_wconf 88' lang='grc' dir='ltr'>συγχορευόντων.</span> <span class='ocrx_word' id='word_1_706' title='bbox 3600 3879 3815 3946; x_wconf 79' lang='grc' dir='ltr'>Ἐπειδὴ</span> 
     </span>
    </p>
   </div>
   <div class='ocr_carea' id='block_1_101' title="bbox 2236 3967 3816 4040">
    <p class='ocr_par' dir='ltr' id='par_1_101' title="bbox 2236 3967 3816 4040">
     <span class='ocr_line' id='line_1_101' title="bbox 2236 3967 3816 4040; baseline -0.003 -19"><span class='ocrx_word' id='word_1_707' title='bbox 2236 3970 2344 4040; x_wconf 80' lang='grc' dir='ltr'><strong>γὰρ</strong></span> <span class='ocrx_word' id='word_1_708' title='bbox 2375 3970 2432 4021; x_wconf 81' lang='grc' dir='ltr'><strong>ἐν</strong></span> <span class='ocrx_word' id='word_1_709' title='bbox 2457 3970 2522 4038; x_wconf 80' lang='grc' dir='ltr'>τῇ</span> <span class='ocrx_word' id='word_1_710' title='bbox 2554 3971 2755 4038; x_wconf 79' lang='grc' dir='ltr'>τυπικῇ</span> <span class='ocrx_word' id='word_1_711' title='bbox 2783 3967 2876 4021; x_wconf 89' lang='grc' dir='ltr'><strong>τοῦ</strong></span> <span class='ocrx_word' id='word_1_712' title='bbox 2903 3967 3032 4022; x_wconf 92' lang='grc' dir='ltr'>ναοῦ</span> <span class='ocrx_word' id='word_1_713' title='bbox 3065 3969 3399 4038; x_wconf 82' lang='grc' dir='ltr'>κατασκευῇ,</span> <span class='ocrx_word' id='word_1_714' title='bbox 3423 3968 3486 4020; x_wconf 83' lang='grc' dir='ltr'><strong>οὐ</strong></span> <span class='ocrx_word' id='word_1_715' title='bbox 3513 3968 3628 4038; x_wconf 83' lang='grc'>(15)</span> <span class='ocrx_word' id='word_1_716' title='bbox 3659 3969 3816 4020; x_wconf 77' lang='grc' dir='ltr'>πᾶσιν</span> 
     </span>
    </p>
   </div>
   <div class='ocr_carea' id='block_1_102' title="bbox 2238 4055 3816 4128">
    <p class='ocr_par' dir='ltr' id='par_1_102' title="bbox 2238 4055 3816 4128">
     <span class='ocr_line' id='line_1_102' title="bbox 2238 4055 3816 4128; baseline 0.001 -20"><span class='ocrx_word' id='word_1_717' title='bbox 2238 4058 2417 4124; x_wconf 80' lang='grc' dir='ltr'>ἐφεῖτο</span> <span class='ocrx_word' id='word_1_718' title='bbox 2445 4055 2543 4126; x_wconf 79' lang='grc' dir='ltr'>τῆς</span> <span class='ocrx_word' id='word_1_719' title='bbox 2581 4056 2778 4120; x_wconf 76' lang='grc' dir='ltr'>ἔξωθεν</span> <span class='ocrx_word' id='word_1_720' title='bbox 2811 4055 3103 4128; x_wconf 74' lang='grc' dir='ltr'>περιϐολῆς</span> <span class='ocrx_word' id='word_1_721' title='bbox 3159 4057 3310 4120; x_wconf 84' lang='grc' dir='ltr'>ἐντὸς</span> <span class='ocrx_word' id='word_1_722' title='bbox 3355 4058 3640 4125; x_wconf 80' lang='grc' dir='ltr'>γενέσθαι,</span> <span class='ocrx_word' id='word_1_723' title='bbox 3688 4057 3816 4110; x_wconf 83' lang='grc' dir='ltr'>ἀλλά</span> 
     </span>
    </p>
   </div>
   <div class='ocr_carea' id='block_1_103' title="bbox 2237 4147 3816 4220">
    <p class='ocr_par' dir='ltr' id='par_1_103' title="bbox 2237 4147 3816 4220">
     <span class='ocr_line' id='line_1_103' title="bbox 2237 4147 3816 4220; baseline -0.001 -20"><span class='ocrx_word' id='word_1_724' title='bbox 2237 4147 2588 4219; x_wconf 86' lang='grc' dir='ltr'>περικέκριτο</span> <span class='ocrx_word' id='word_1_725' title='bbox 2627 4149 2736 4220; x_wconf 87' lang='grc'>(16)</span> <span class='ocrx_word' id='word_1_726' title='bbox 2776 4149 2876 4218; x_wconf 81' lang='grc' dir='ltr'>τῆς</span> <span class='ocrx_word' id='word_1_727' title='bbox 2921 4148 3127 4202; x_wconf 76' lang='grc' dir='ltr'>εἰσόδου</span> <span class='ocrx_word' id='word_1_728' title='bbox 3159 4150 3268 4202; x_wconf 72' lang='grc' dir='ltr'>πᾶν</span> <span class='ocrx_word' id='word_1_729' title='bbox 3311 4149 3436 4202; x_wconf 78' lang='grc' dir='ltr'>ὅσον</span> <span class='ocrx_word' id='word_1_730' title='bbox 3476 4148 3690 4202; x_wconf 79' lang='grc' dir='ltr'>ἐθνικδν</span> <span class='ocrx_word' id='word_1_731' title='bbox 3729 4148 3816 4201; x_wconf 83' lang='grc' dir='ltr'>καὶ</span> 
     </span>
    </p>
   </div>
   <div class='ocr_carea' id='block_1_104' title="bbox 2237 4236 3816 4313">
    <p class='ocr_par' dir='ltr' id='par_1_104' title="bbox 2237 4236 3816 4313">
     <span class='ocr_line' id='line_1_104' title="bbox 2237 4236 3816 4313; baseline -0.001 -19"><span class='ocrx_word' id='word_1_732' title='bbox 2237 4240 2553 4310; x_wconf 83' lang='grc' dir='ltr'>ἀλλόφυλον,</span> <span class='ocrx_word' id='word_1_733' title='bbox 2584 4241 2694 4294; x_wconf 92' lang='grc' dir='ltr'><strong>τῶν</strong></span> <span class='ocrx_word' id='word_1_734' title='bbox 2720 4258 2780 4294; x_wconf 90' lang='grc' dir='ltr'><strong>τε</strong></span> <span class='ocrx_word' id='word_1_735' title='bbox 2823 4236 2888 4294; x_wconf 73' lang='grc' dir='ltr'><strong>αὖ</strong></span> <span class='ocrx_word' id='word_1_736' title='bbox 2933 4241 3086 4305; x_wconf 81' lang='grc' dir='ltr'>ἐντὺς</span> <span class='ocrx_word' id='word_1_737' title='bbox 3117 4243 3417 4312; x_wconf 85' lang='grc' dir='ltr'>γινομένων</span> <span class='ocrx_word' id='word_1_738' title='bbox 3443 4243 3579 4313; x_wconf 79' lang='grc'>(17),</span> <span class='ocrx_word' id='word_1_739' title='bbox 3617 4243 3679 4295; x_wconf 82' lang='grc' dir='ltr'><strong>οὐ</strong></span> <span class='ocrx_word' id='word_1_740' title='bbox 3728 4259 3816 4312; x_wconf 84' lang='grc' dir='ltr'>με·</span> 
     </span>
    </p>
   </div>
   <div class='ocr_carea' id='block_1_105' title="bbox 2233 4331 3816 4404">
    <p class='ocr_par' dir='ltr' id='par_1_105' title="bbox 2233 4331 3816 4404">
     <span class='ocr_line' id='line_1_105' title="bbox 2233 4331 3816 4404; baseline 0.001 -19"><span class='ocrx_word' id='word_1_741' title='bbox 2233 4333 2332 4404; x_wconf 83' lang='grc' dir='ltr'>τῆν</span> <span class='ocrx_word' id='word_1_742' title='bbox 2360 4333 2475 4401; x_wconf 91' lang='grc'>(18)</span> <span class='ocrx_word' id='word_1_743' title='bbox 2500 4334 2566 4386; x_wconf 84' lang='grc' dir='ltr'><strong>ἐκ</strong></span> <span class='ocrx_word' id='word_1_744' title='bbox 2610 4331 2704 4387; x_wconf 83' lang='grc' dir='ltr'><strong>τοῦ</strong></span> <span class='ocrx_word' id='word_1_745' title='bbox 2732 4333 2848 4386; x_wconf 83' lang='grc' dir='ltr'>ἴσου</span> <span class='ocrx_word' id='word_1_746' title='bbox 2875 4335 3010 4386; x_wconf 80' lang='grc' dir='ltr'>πᾶσι</span> <span class='ocrx_word' id='word_1_747' title='bbox 3037 4334 3136 4401; x_wconf 83' lang='grc' dir='ltr'>τῆς</span> <span class='ocrx_word' id='word_1_748' title='bbox 3164 4334 3255 4387; x_wconf 78' lang='grc' dir='ltr'><strong>ἐπὶ</strong></span> <span class='ocrx_word' id='word_1_749' title='bbox 3284 4333 3343 4386; x_wconf 82' lang='grc' dir='ltr'><strong>τὸ</strong></span> <span class='ocrx_word' id='word_1_750' title='bbox 3371 4333 3644 4404; x_wconf 79' lang='grc' dir='ltr'>ἐνδότερον</span> <span class='ocrx_word' id='word_1_751' title='bbox 3684 4349 3816 4404; x_wconf 87' lang='grc' dir='ltr'>παρ-</span> 
     </span>
    </p>
   </div>
   <div class='ocr_carea' id='block_1_106' title="bbox 2233 4423 3817 4508">
    <p class='ocr_par' dir='ltr' id='par_1_106' title="bbox 2233 4423 3817 4508">
     <span class='ocr_line' id='line_1_106' title="bbox 2233 4423 3817 4508; baseline -0.002 -30"><span class='ocrx_word' id='word_1_752' title='bbox 2233 4425 2378 4488; x_wconf 89' lang='grc' dir='ltr'>όδου,</span> <span class='ocrx_word' id='word_1_753' title='bbox 2408 4425 2481 4496; x_wconf 81' lang='grc' dir='ltr'>μή</span> <span class='ocrx_word' id='word_1_754' title='bbox 2512 4441 2618 4476; x_wconf 92' lang='grc' dir='ltr'>τινι</span> <span class='ocrx_word' id='word_1_755' title='bbox 2647 4423 3006 4508; x_wconf 79' lang='grc' dir='ltr'>καραρωτέρᾳ</span> <span class='ocrx_word' id='word_1_756' title='bbox 3026 4424 3226 4496; x_wconf 84' lang='grc' dir='ltr'>διαίτῃ,</span> <span class='ocrx_word' id='word_1_757' title='bbox 3259 4424 3352 4479; x_wconf 86' lang='grc' dir='ltr'><strong>καί</strong></span> <span class='ocrx_word' id='word_1_758' title='bbox 3385 4442 3494 4477; x_wconf 87' lang='grc' dir='ltr'>τισι</span> <span class='ocrx_word' id='word_1_759' title='bbox 3526 4427 3817 4496; x_wconf 71' lang='grc' dir='ltr'>περιρρανο</span> 
     </span>
    </p>
   </div>
   <div class='ocr_carea' id='block_1_107' title="bbox 2245 4514 3817 4586">
    <p class='ocr_par' dir='ltr' id='par_1_107' title="bbox 2245 4514 3817 4586">
     <span class='ocr_line' id='line_1_107' title="bbox 2245 4514 3817 4586; baseline -0.001 -18"><span class='ocrx_word' id='word_1_760' title='bbox 2245 4515 2456 4586; x_wconf 85' lang='grc' dir='ltr'>τηρίοις</span> <span class='ocrx_word' id='word_1_761' title='bbox 2502 4514 2884 4583; x_wconf 80' lang='grc' dir='ltr'>ἀφαγνισθεϊσι</span> <span class='ocrx_word' id='word_1_762' title='bbox 2925 4514 3070 4586; x_wconf 86' lang='grc'>(19)·</span> <span class='ocrx_word' id='word_1_763' title='bbox 3111 4517 3274 4569; x_wconf 82' lang='grc' dir='ltr'>πάλιν</span> <span class='ocrx_word' id='word_1_764' title='bbox 3316 4515 3373 4568; x_wconf 83' lang='grc' dir='ltr'>δὲ</span> <span class='ocrx_word' id='word_1_765' title='bbox 3406 4516 3500 4569; x_wconf 76' lang='grc' dir='ltr'>κα).</span> <span class='ocrx_word' id='word_1_766' title='bbox 3537 4517 3594 4567; x_wconf 83' lang='grc' dir='ltr'><strong>ἐν</strong></span> <span class='ocrx_word' id='word_1_767' title='bbox 3642 4516 3817 4576; x_wconf 78' lang='grc' dir='ltr'>αὐτοῖς</span> 
     </span>
    </p>
   </div>
   <div class='ocr_carea' id='block_1_108' title="bbox 2237 4599 3818 4675">
    <p class='ocr_par' dir='ltr' id='par_1_108' title="bbox 2237 4599 3818 4675">
     <span class='ocr_line' id='line_1_108' title="bbox 2237 4599 3818 4675; baseline -0.002 -17"><span class='ocrx_word' id='word_1_768' title='bbox 2237 4604 2448 4668; x_wconf 88' lang='grc' dir='ltr'>τούτοις</span> <span class='ocrx_word' id='word_1_769' title='bbox 2499 4604 2560 4656; x_wconf 88' lang='grc' dir='ltr'><strong>ού</strong></span> <span class='ocrx_word' id='word_1_770' title='bbox 2626 4605 2759 4657; x_wconf 80' lang='grc' dir='ltr'>πᾶσι</span> <span class='ocrx_word' id='word_1_771' title='bbox 2818 4602 3045 4674; x_wconf 81' lang='grc' dir='ltr'>βάσιμος</span> <span class='ocrx_word' id='word_1_772' title='bbox 3094 4599 3163 4675; x_wconf 79' lang='grc' dir='ltr'>ἦν</span> <span class='ocrx_word' id='word_1_773' title='bbox 3211 4606 3240 4658; x_wconf 88' lang='grc' dir='ltr'><strong>ό</strong></span> <span class='ocrx_word' id='word_1_774' title='bbox 3289 4603 3436 4658; x_wconf 72' lang='grc' dir='ltr'>ἔνδον</span> <span class='ocrx_word' id='word_1_775' title='bbox 3487 4605 3636 4671; x_wconf 73' lang='grc' dir='ltr'>ναὸς,</span> <span class='ocrx_word' id='word_1_776' title='bbox 3690 4603 3818 4657; x_wconf 81' lang='grc' dir='ltr'>ἀλλὰ</span> 
     </span>
    </p>
   </div>
   <div class='ocr_carea' id='block_1_109' title="bbox 2310 4803 3816 4874">
    <p class='ocr_par' dir='ltr' id='par_1_109' title="bbox 2310 4803 3816 4874">
     <span class='ocr_line' id='line_1_109' title="bbox 2310 4803 3816 4874; baseline -0.003 -14"><span class='ocrx_word' id='word_1_777' title='bbox 2310 4803 2422 4874; x_wconf 72' lang='grc'>(12)</span> <span class='ocrx_word' id='word_1_778' title='bbox 2475 4804 2655 4858; x_wconf 65' lang='grc' dir='ltr'><strong>Ἀλλὰ</strong></span> <span class='ocrx_word' id='word_1_779' title='bbox 2682 4805 2895 4858; x_wconf 82' lang='grc' dir='ltr'>τούτου</span> <span class='ocrx_word' id='word_1_780' title='bbox 2927 4804 3121 4874; x_wconf 80' lang='grc' dir='ltr'>χάριν.</span> <span class='ocrx_word' id='word_1_781' title='bbox 3154 4805 3292 4860; x_wconf 86' lang='lat' dir='ltr'><strong>Nota</strong></span> <span class='ocrx_word' id='word_1_782' title='bbox 3325 4804 3428 4874; x_wconf 90' lang='lat' dir='ltr'><strong>hoc</strong></span> <span class='ocrx_word' id='word_1_783' title='bbox 3449 4804 3701 4860; x_wconf 88' lang='lat' dir='ltr'><strong>scholiou</strong></span> <span class='ocrx_word' id='word_1_784' title='bbox 3731 4818 3816 4874; x_wconf 73' lang='lat' dir='ltr'><strong>co-</strong></span> 
     </span>
    </p>
   </div>
   <div class='ocr_carea' id='block_1_110' title="bbox 2237 4872 3818 4948">
    <p class='ocr_par' dir='ltr' id='par_1_110' title="bbox 2237 4872 3818 4948">
     <span class='ocr_line' id='line_1_110' title="bbox 2237 4872 3818 4948; baseline -0.001 -21"><span class='ocrx_word' id='word_1_785' title='bbox 2237 4875 2378 4948; x_wconf 80' lang='lat' dir='ltr'><strong>dicis</strong></span> <span class='ocrx_word' id='word_1_786' title='bbox 2404 4872 2450 4927; x_wconf 68' lang='grc' dir='ltr'>Ἀ</span> <span class='ocrx_word' id='word_1_787' title='bbox 2488 4893 2502 4927; x_wconf 89' lang='lat'><strong>:</strong></span> <span class='ocrx_word' id='word_1_788' title='bbox 2552 4874 2905 4948; x_wconf 59' lang='grc' dir='ltr'>Σημείωσαιζ</span> <span class='ocrx_word' id='word_1_789' title='bbox 2961 4872 3048 4930; x_wconf 76' lang='grc' dir='ltr'>διὰ</span> <span class='ocrx_word' id='word_1_790' title='bbox 3095 4877 3208 4948; x_wconf 29' lang='grc' dir='ltr'>τὴν*</span> <span class='ocrx_word' id='word_1_791' title='bbox 3229 4875 3324 4930; x_wconf 89' lang='grc' dir='ltr'><strong>τοῦ</strong></span> <span class='ocrx_word' id='word_1_792' title='bbox 3365 4873 3620 4948; x_wconf 73' lang='grc' dir='ltr'>σώματος</span> <span class='ocrx_word' id='word_1_793' title='bbox 3650 4872 3818 4948; x_wconf 29' lang='grc' dir='ltr'>-ῄμῶν</span> 
     </span>
    </p>
   </div>
   <div class='ocr_carea' id='block_1_111' title="bbox 2237 4940 3818 5066">
    <p class='ocr_par' dir='ltr' id='par_1_111' title="bbox 2237 4940 3818 5066">
     <span class='ocr_line' id='line_1_111' title="bbox 2237 4940 3818 5066; baseline -0.002 -68"><span class='ocrx_word' id='word_1_794' title='bbox 2237 4945 2532 5066; x_wconf 66' lang='grc' dir='ltr'>ἁνάστρισόν</span> <span class='ocrx_word' id='word_1_795' title='bbox 2557 4940 2654 5016; x_wconf 74' lang='grc' dir='ltr'>τῆν</span> <span class='ocrx_word' id='word_1_796' title='bbox 2676 4944 3086 5018; x_wconf 86' lang='grc' dir='ltr'>ἐνανθρώπησιν</span> <span class='ocrx_word' id='word_1_797' title='bbox 3117 4940 3210 5000; x_wconf 80' lang='grc' dir='ltr'><strong>τοῦ</strong></span> <span class='ocrx_word' id='word_1_798' title='bbox 3234 4945 3438 5016; x_wconf 85' lang='grc' dir='ltr'>Κυρίου</span> <span class='ocrx_word' id='word_1_799' title='bbox 3451 4940 3620 5018; x_wconf 74' lang='grc' dir='ltr'>’ἡμῶν</span> <span class='ocrx_word' id='word_1_800' title='bbox 3650 4940 3818 5014; x_wconf 71' lang='grc' dir='ltr'>Ἰησοῦ</span> 
     </span>
     <span class='ocr_line' id='line_1_112' title="bbox 2237 5031 2584 5066; baseline -0.009 0"><span class='ocrx_word' id='word_1_801' title='bbox 2237 5031 2473 5066; x_wconf 80' lang='grc' dir='ltr'>γεγενησ</span> <span class='ocrx_word' id='word_1_802' title='bbox 2511 5032 2584 5066; x_wconf 83' lang='grc' dir='ltr'><strong>αι.</strong></span> 
     </span>
    </p>
   </div>
   <div class='ocr_carea' id='block_1_112' title="bbox 2275 5031 2584 5067">
    <p class='ocr_par' dir='ltr' id='par_1_112' title="bbox 2275 5031 2584 5067">
     <span class='ocr_line' id='line_1_113' title="bbox 2275 5031 2584 5067; baseline -0.013 0"><span class='ocrx_word' id='word_1_803' title='bbox 2275 5031 2584 5067; x_wconf 81' lang='grc' dir='ltr'>εγεντισυαι.</span> 
     </span>
    </p>
   </div>
   <div class='ocr_carea' id='block_1_113' title="bbox 2237 5031 3355 5159">
    <p class='ocr_par' dir='ltr' id='par_1_113' title="bbox 2237 5031 3355 5159">
     <span class='ocr_line' id='line_1_114' title="bbox 2237 5031 2584 5084; baseline -0.012 -17"><span class='ocrx_word' id='word_1_804' title='bbox 2237 5031 2584 5084; x_wconf 84' lang='grc' dir='ltr'>γεγενησυαι.</span> 
     </span>
     <span class='ocr_line' id='line_1_115' title="bbox 2307 5085 3355 5159; baseline 0.007 -22"><span class='ocrx_word' id='word_1_805' title='bbox 2456 5085 2742 5159; x_wconf 55' lang='grc' dir='ltr'><strong>Δξζυστᾳίη.</strong></span> <span class='ocrx_word' id='word_1_806' title='bbox 2934 5094 3089 5159; x_wconf 77' lang='lat' dir='ltr'><strong>textu</strong></span> <span class='ocrx_word' id='word_1_807' title='bbox 3112 5086 3355 5159; x_wconf 85' lang='grc' dir='ltr'>ἐνσταίη.</span> 
     </span>
    </p>
   </div>
   <div class='ocr_carea' id='block_1_114' title="bbox 2307 5154 3149 5225">
    <p class='ocr_par' dir='ltr' id='par_1_114' title="bbox 2307 5154 3149 5225">
     <span class='ocr_line' id='line_1_116' title="bbox 2307 5154 3149 5225; baseline 0.001 -17"><span class='ocrx_word' id='word_1_808' title='bbox 2307 5154 2422 5225; x_wconf 75' lang='grc'>(14)</span> <span class='ocrx_word' id='word_1_809' title='bbox 2461 5156 2724 5221; x_wconf 81' lang='grc' dir='ltr'>Συνόδῳ.</span> <span class='ocrx_word' id='word_1_810' title='bbox 2753 5157 2818 5216; x_wconf 80' lang='grc' dir='ltr'>Δ,</span> <span class='ocrx_word' id='word_1_811' title='bbox 2846 5157 2886 5207; x_wconf 89' lang='grc' dir='ltr'>Β</span> <span class='ocrx_word' id='word_1_812' title='bbox 2913 5157 3149 5225; x_wconf 79' lang='grc' dir='ltr'>συνοδίᾳ.</span> 
     </span>
    </p>
   </div>
   <div class='ocr_carea' id='block_1_115' title="bbox 2307 5216 3816 5295">
    <p class='ocr_par' dir='ltr' id='par_1_115' title="bbox 2307 5216 3816 5295">
     <span class='ocr_line' id='line_1_117' title="bbox 2307 5216 3816 5295; baseline -0.003 -18"><span class='ocrx_word' id='word_1_813' title='bbox 2307 5216 2420 5295; x_wconf 62' lang='lat' dir='ltr'><strong>(iii)</strong></span> <span class='ocrx_word' id='word_1_814' title='bbox 2461 5216 2838 5294; x_wconf 70' lang='grc' dir='ltr'>Κατασᾶιευῇ,</span> <span class='ocrx_word' id='word_1_815' title='bbox 2863 5229 2955 5280; x_wconf 88' lang='grc' dir='ltr'>οὺ.</span> <span class='ocrx_word' id='word_1_816' title='bbox 2986 5216 3137 5281; x_wconf 81' lang='lat' dir='ltr'><strong>Delét</strong></span> <span class='ocrx_word' id='word_1_817' title='bbox 3163 5227 3221 5281; x_wconf 83' lang='grc' dir='ltr'>Β.</span> <span class='ocrx_word' id='word_1_818' title='bbox 3261 5229 3412 5280; x_wconf 90' lang='lat' dir='ltr'><strong>lnter</strong></span> <span class='ocrx_word' id='word_1_819' title='bbox 3433 5225 3641 5279; x_wconf 80' lang='lat' dir='ltr'><strong>scholia</strong></span> <span class='ocrx_word' id='word_1_820' title='bbox 3669 5221 3816 5277; x_wconf 81' lang='lat' dir='ltr'><strong>codi-</strong></span> 
     </span>
    </p>
   </div>
   <div class='ocr_carea' id='block_1_116' title="bbox 2234 5295 3818 5356">
    <p class='ocr_par' dir='ltr' id='par_1_116' title="bbox 2234 5295 3818 5356">
     <span class='ocr_line' id='line_1_118' title="bbox 2234 5295 3818 5356; baseline -0.004 -8"><span class='ocrx_word' id='word_1_821' title='bbox 2234 5295 2316 5350; x_wconf 91' lang='lat' dir='ltr'><strong>cis</strong></span> <span class='ocrx_word' id='word_1_822' title='bbox 2338 5296 2402 5348; x_wconf 89' lang='lat' dir='ltr'><strong>A.</strong></span> <span class='ocrx_word' id='word_1_823' title='bbox 2439 5296 2543 5350; x_wconf 87' lang='lat' dir='ltr'><strong>ista</strong></span> <span class='ocrx_word' id='word_1_824' title='bbox 2574 5298 2943 5350; x_wconf 88' lang='lat' dir='ltr'><strong>occurrebant</strong></span> <span class='ocrx_word' id='word_1_825' title='bbox 2975 5297 3042 5350; x_wconf 87' lang='lat' dir='ltr'><strong>ad</strong></span> <span class='ocrx_word' id='word_1_826' title='bbox 3074 5299 3174 5351; x_wconf 88' lang='lat' dir='ltr'><strong>has</strong></span> <span class='ocrx_word' id='word_1_827' title='bbox 3207 5314 3391 5356; x_wconf 68' lang='lat' dir='ltr'><strong>voces,</strong></span> <span class='ocrx_word' id='word_1_828' title='bbox 3415 5297 3537 5348; x_wconf 85' lang='grc' dir='ltr'>Ὅτι</span> <span class='ocrx_word' id='word_1_829' title='bbox 3563 5295 3624 5346; x_wconf 85' lang='grc' dir='ltr'><strong>οὐ</strong></span> <span class='ocrx_word' id='word_1_830' title='bbox 3659 5295 3818 5347; x_wconf 82' lang='grc' dir='ltr'>πᾶσιν</span> 
     </span>
    </p>
   </div>
   <div class='ocr_carea' id='block_1_117' title="bbox 2233 5361 3818 5436">
    <p class='ocr_par' dir='ltr' id='par_1_117' title="bbox 2233 5361 3818 5436">
     <span class='ocr_line' id='line_1_119' title="bbox 2233 5361 3818 5436; baseline 0.001 -19"><span class='ocrx_word' id='word_1_831' title='bbox 2233 5365 2424 5436; x_wconf 76' lang='grc' dir='ltr'>ἐφετὸν</span> <span class='ocrx_word' id='word_1_832' title='bbox 2450 5365 2600 5427; x_wconf 79' lang='grc' dir='ltr'>ἐντὸς</span> <span class='ocrx_word' id='word_1_833' title='bbox 2630 5366 2723 5419; x_wconf 88' lang='grc' dir='ltr'><strong>τοῦ</strong></span> <span class='ocrx_word' id='word_1_834' title='bbox 2751 5366 2878 5420; x_wconf 85' lang='grc' dir='ltr'>ναοῦ</span> <span class='ocrx_word' id='word_1_835' title='bbox 2910 5367 3178 5433; x_wconf 85' lang='grc' dir='ltr'>γενέσθαι,</span> <span class='ocrx_word' id='word_1_836' title='bbox 3207 5369 3301 5421; x_wconf 80' lang='grc' dir='ltr'><strong>καὶ</strong></span> <span class='ocrx_word' id='word_1_837' title='bbox 3329 5367 3584 5436; x_wconf 80' lang='grc' dir='ltr'>διάφορος</span> <span class='ocrx_word' id='word_1_838' title='bbox 3608 5361 3677 5434; x_wconf 81' lang='grc' dir='ltr'>ἦν</span> <span class='ocrx_word' id='word_1_839' title='bbox 3708 5365 3741 5434; x_wconf 84' lang='grc' dir='ltr'>ἠ</span> <span class='ocrx_word' id='word_1_840' title='bbox 3765 5363 3818 5412; x_wconf 82' lang='grc' dir='ltr'>ὲν</span> 
     </span>
    </p>
   </div>
   <div class='ocr_carea' id='block_1_118' title="bbox 2233 5435 2693 5506">
    <p class='ocr_par' dir='ltr' id='par_1_118' title="bbox 2233 5435 2693 5506">
     <span class='ocr_line' id='line_1_120' title="bbox 2233 5435 2693 5506; baseline 0 -17"><span class='ocrx_word' id='word_1_841' title='bbox 2233 5435 2409 5506; x_wconf 87' lang='grc' dir='ltr'>τούτῳ</span> <span class='ocrx_word' id='word_1_842' title='bbox 2439 5436 2693 5506; x_wconf 81' lang='grc' dir='ltr'>πάροδος.</span> 
     </span>
    </p>
   </div>
   <div class='ocr_carea' id='block_1_119' title="bbox 2306 5489 3783 5574">
    <p class='ocr_par' dir='ltr' id='par_1_119' title="bbox 2306 5489 3783 5574">
     <span class='ocr_line' id='line_1_121' title="bbox 2306 5489 3783 5574; baseline -0.002 -15"><span class='ocrx_word' id='word_1_843' title='bbox 2306 5489 2420 5573; x_wconf 74' lang='grc'>(16)</span> <span class='ocrx_word' id='word_1_844' title='bbox 2475 5489 3075 5574; x_wconf 64' lang='grc' dir='ltr'>’Ᾰλλεὶπερικέκριτα</span> <span class='ocrx_word' id='word_1_845' title='bbox 3111 5510 3176 5570; x_wconf 78' lang='grc' dir='ltr'>Α,</span> <span class='ocrx_word' id='word_1_846' title='bbox 3209 5507 3251 5558; x_wconf 88' lang='grc' dir='ltr'><strong>Β</strong></span> <span class='ocrx_word' id='word_1_847' title='bbox 3275 5505 3392 5560; x_wconf 84' lang='grc' dir='ltr'>ἀλλ’</span> <span class='ocrx_word' id='word_1_848' title='bbox 3424 5503 3783 5573; x_wconf 78' lang='grc' dir='ltr'>ἀπεκέκριτο.</span> 
     </span>
    </p>
   </div>
   <div class='ocr_carea' id='block_1_120' title="bbox 2309 5575 3287 5648">
    <p class='ocr_par' dir='ltr' id='par_1_120' title="bbox 2309 5575 3287 5648">
     <span class='ocr_line' id='line_1_122' title="bbox 2309 5575 3287 5648; baseline 0.003 -20"><span class='ocrx_word' id='word_1_849' title='bbox 2309 5578 2422 5648; x_wconf 67' lang='lat' dir='ltr'><strong>(l7)</strong></span> <span class='ocrx_word' id='word_1_850' title='bbox 2464 5575 2850 5648; x_wconf 45' lang='grc' dir='ltr'><strong>Γιιινομέιξωνζ</strong></span> <span class='ocrx_word' id='word_1_851' title='bbox 2882 5576 2922 5629; x_wconf 83' lang='grc' dir='ltr'>Α</span> <span class='ocrx_word' id='word_1_852' title='bbox 2959 5577 3287 5648; x_wconf 86' lang='grc' dir='ltr'>γενομένων.</span> 
     </span>
    </p>
   </div>
   <div class='ocr_carea' id='block_1_121' title="bbox 2315 5646 3091 5717">
    <p class='ocr_par' dir='ltr' id='par_1_121' title="bbox 2315 5646 3091 5717">
     <span class='ocr_line' id='line_1_123' title="bbox 2315 5646 3091 5717; baseline 0.003 -18"><span class='ocrx_word' id='word_1_853' title='bbox 2315 5647 2426 5715; x_wconf 88' lang='grc'>(18)</span> <span class='ocrx_word' id='word_1_854' title='bbox 2471 5647 2627 5702; x_wconf 80' lang='grc' dir='ltr'>Μετὰ</span> <span class='ocrx_word' id='word_1_855' title='bbox 2658 5646 2792 5714; x_wconf 76' lang='grc' dir='ltr'>τήν.</span> <span class='ocrx_word' id='word_1_856' title='bbox 2828 5646 2869 5717; x_wconf 86' lang='grc' dir='ltr'><strong>Β</strong></span> <span class='ocrx_word' id='word_1_857' title='bbox 2903 5648 3091 5717; x_wconf 84' lang='grc' dir='ltr'>μετῆν.</span> 
     </span>
    </p>
   </div>
   <div class='ocr_carea' id='block_1_122' title="bbox 2315 5716 3400 5787">
    <p class='ocr_par' dir='ltr' id='par_1_122' title="bbox 2315 5716 3400 5787">
     <span class='ocr_line' id='line_1_124' title="bbox 2315 5716 3400 5787; baseline 0.003 -19"><span class='ocrx_word' id='word_1_858' title='bbox 2315 5718 2430 5786; x_wconf 88' lang='grc'>(19)</span> <span class='ocrx_word' id='word_1_859' title='bbox 2483 5716 2940 5784; x_wconf 65' lang='grc' dir='ltr'>Ἁφαπννισθεῖσι.</span> <span class='ocrx_word' id='word_1_860' title='bbox 2974 5718 3014 5769; x_wconf 87' lang='grc' dir='ltr'><strong>Β</strong></span> <span class='ocrx_word' id='word_1_861' title='bbox 3030 5716 3400 5787; x_wconf 73' lang='grc' dir='ltr'>ἀφανισθεῖσι.</span> 
     </span>
    </p>
   </div>
  </div>
