3992 6438
362 378 465 434 155

1432 372 1522 427 DE
1563 371 1777 428 ANIMA
1812 370 1901 426 ET
1939 368 2546 427 RESUBRECTIONE.

3534 373 3639 431 154

370 491 478 554 τοῖς
505 487 622 559 (20)
657 487 875 559 ἱερεῦσι
906 489 1085 559 μόνοις
1127 488 1354 558 νόμιμον
1384 481 1453 557 ἦν
1494 486 1634 540 κατὰ
1659 485 1846 557 χρείαν
1880 486 1952 539 is-

2058 482 2216 538 tlendi
2237 483 2528 547 habebant,
2555 481 2659 537 nisi
2686 482 2907 552 puriore
2958 483 3196 552 quadam
3257 482 3431 538 victus
3468 482 3637 537 ratio-

377 578 630 651 ρουργίας
663 577 820 641 ἐντὸς
850 577 946 630 τοῦ
976 577 1464 647 καταπετάσματος
1494 576 1772 645 γίνεσθαι,
1808 576 1870 629 τὸ
1900 576 1956 629 δὲ

375 668 693 740 ἀπόκρυφόν
728 684 792 720 τε
830 666 924 722 καὶ
957 667 1148 721 ἄδυτον
1182 666 1276 720 τοῦ
1308 666 1467 734 ναοῦ,
1508 668 1565 720 ὲν
1601 658 1646 735 ᾧ
1678 666 1741 719 τὺ
1773 665 1956 718 θυσια-

378 760 593 830 στήριον
625 758 813 831 ἵδρυτο
843 758 1088 830 κεράτων
1114 758 1228 812 τισὶ
1260 757 1586 829 προσϐολαῖς
1619 756 1731 826 (21)
1761 755 1958 810 κεκαλ-

377 850 739 920 λωπισμένον,
770 850 865 902 καὶ
891 849 1077 913 αὐτοῖς
1112 851 1225 913 τοῖς
1253 848 1487 921 ἱερεῦσιν
1516 847 1844 901 ἀνεπίϐατον
1863 841 1954 918 ἦν,

378 942 515 1015 πλὴν
546 942 666 1005 ἐνὸς
693 942 787 995 τοῦ
817 942 1256 1013 προτεταγμένου
1282 943 1380 1013 τῆς
1407 942 1724 1014 ἱερωσύνης,
1746 943 1821 1007 ὼς
1845 942 1954 1013 (22)

374 1033 524 1100 ἀει-’.αξ
553 1032 649 1086 τοῦ
679 1031 925 1086 ἐνιαυτοῦ
954 1033 1095 1086 κατά
1125 1049 1245 1086 τινα
1269 1033 1499 1104 νόμιμον
1532 1034 1764 1105 ἡμέραν,
1798 1034 1956 1104 μόνος

410 1125 821 1196 πορῤητοτέραν
875 1123 996 1177 τινά
1049 1124 1144 1179 καὶ¹
1197 1126 1611 1198 μυστικωτέραν
1662 1126 1956 1197 προσάγων

381 1216 688 1288 ,ερουργίαν
712 1215 805 1268 ἐπὶ
833 1215 893 1269 τδ
919 1214 1067 1279 ἐντὸς
1095 1216 1409 1286 παρεδύετο.
1438 1216 1716 1288 Τοσαύτης
1742 1215 1834 1270 οὖν
1867 1215 1957 1271 οὕ-

376 1323 479 1377 σης
518 1306 629 1376 (25)
666 1307 792 1377 περὶ
818 1305 912 1359 τὸν
940 1306 1065 1361 ναὸν
1095 1307 1283 1361 τοῦτον
1314 1307 1597 1378 διαφορᾶς,
1627 1308 1708 1362 ὅτι
1731 1326 1814 1373 τις
1840 1307 1953 1381 (24)

348 1406 379 1447 ε
406 1396 538 1449 ίκὼν
588 1396 699 1467 (25)
749 1397 844 1451 καὶ
891 1397 1117 1466 μίμημα
1167 1397 1267 1468 τῆς
1321 1399 1517 1469 νοητῆς
1550 1395 1620 1471 ἦν
1675 1400 1951 1455 καταστά·

390 1505 536 1552 τεως,
562 1489 717 1542 τοῦτο
740 1488 839 1558 τῆς
860 1488 1179 1559 σωματικῆς
1211 1492 1645 1561 παρατηρήσεως
1674 1492 1950 1548 διδασκούς

350 1591 512 1647 7ης,
550 1577 633 1631 ὅτι
682 1576 806 1630 οὔτε
855 1577 1005 1630 πᾶσα
1057 1579 1091 1649 ἡ
1142 1578 1332 1650 λογικὴ
1385 1578 1546 1647 φύσις
1582 1579 1659 1650 τῷ
1712 1580 1824 1651 ναῷ
1856 1580 1950 1634 τοῦ

386 1667 532 1730 θεοῦ,
565 1668 805 1721 τουτέστι
837 1670 902 1740 τῇ
935 1668 1194 1741 ὁμολογία
1226 1670 1321 1723 τοῦ
1346 1669 1581 1740 μεγάλου
1616 1670 1750 1724 Θεοῦ
1781 1688 1952 1742 προσ-

380 1759 620 1827 ιγγίζει·
668 1760 782 1813 ἀλλ’
813 1761 863 1813 οἱ
911 1761 1046 1831 πρὸς
1102 1761 1202 1824 τὰς
1260 1760 1474 1831 ψευδεῖς
1525 1762 1818 1832 ὑπολήψεις
1855 1779 1951 1815 πε-

376 1849 708 1921 πλανημένοι
747 1851 903 1915 ἐκτός
940 1852 1047 1904 εἱσι
1094 1850 1190 1905 τοῦ
1236 1851 1381 1905 θείου
1421 1831 1947 1924 περισχοινίσματος.
1984 1831 2026 1889 Β

376 1943 492 1995 Tt?»
522 1943 579 1996 δὲ
616 1942 704 1997 διὰ
729 1943 827 2013 τῆς
855 1943 1147 2014 ὁμολογίας
1178 1944 1329 2009 ὲντὸς
1355 1945 1735 2016 γεγενημένων
1766 1963 1954 2017 προτι-

377 2035 621 2107 μοτέρων
667 2036 779 2106 (26)
820 2036 929 2090 τῶν
987 2038 1196 2103 ἄλλων,
1236 2040 1285 2092 οἱ
1330 2039 1809 2112 περιῤῥαντηρίοις
1859 2040 1954 2095 καὶ

372 2126 616 2195 ἁγνείαις
652 2126 1144 2198 προκαθαιρόμενοι
1167 2128 1301 2199 (27),
1334 2128 1429 2181 καὶ
1465 2129 1669 2183 τούτων
1705 2131 1754 2182 οἱ
1796 2130 1952 2200 ἀφιε-

376 2217 642 2290 ρωθέντες
664 2219 763 2289 ἥδη
791 2217 855 2271 τὸ
885 2219 1045 2273 πλέον
1067 2218 1299 2290 ἔχουσιν,
1326 2219 1465 2273 ὥστε
1489 2220 1590 2290 τῆς
1619 2220 1953 2293 ὲσωτερικῆς

373 2310 654 2378 ἀξιοῦσθαι
691 2313 1098 2381 μυσταγωγίας,
1129 2313 1203 2377 ὼς
1229 2313 1275 2365 δ’
1298 2314 1363 2368 ἀν
1390 2330 1476 2378 τις
1504 2313 1597 2367 ἐπὶ
1622 2313 1683 2367 τὸ
1706 2312 1953 2385 φανερώ-

371 2419 527 2473 τερον
582 2403 814 2474 προάγοι
853 2402 964 2475 (28)
1011 2403 1110 2474 τὴν
1157 2402 1254 2456 τοῦ
1308 2404 1629 2474 αἰνίγματος
1693 2405 1950 2478 ἔμφασιν.

373 2493 557 2547 Ταῦτα
583 2494 695 2548 ἐστι
726 2494 918 2565 μαθεῖν
941 2494 1034 2547 τοῦ
1057 2493 1216 2561 λόγου
1241 2494 1599 2562 διδάσκοντος,
1623 2497 1703 2550 ὅτι
1734 2498 1843 2552 τῶν
1866 2500 1953 2552 λο-

372 2582 544 2651 γικῶν
570 2583 869 2653 δυνάμεων,
900 2584 956 2636 αἱ
990 2582 1088 2654 μέν
1113 2583 1257 2646 τινές
1288 2584 1423 2637 εἰσιν
1451 2579 1562 2639 οἷον
1587 2585 1647 2638 τὸ
1675 2584 1827 2654 ἅγιον
1862 2586 1954 2653 Ou-

374 2673 684 2742 σιαστήριον
709 2672 769 2724 ἐν
802 2670 880 2742 τῷ
911 2669 1089 2742 ἀδύτῳ
1127 2670 1226 2740 τῆς
1260 2669 1511 2739 θεότητος
1539 2669 1949 2742 καθιδρυμένοι·

371 2763 430 2817 αἱ
458 2763 516 2817 δέ
546 2780 688 2827 τινες
726 2762 887 2816 πάλιν
916 2761 1009 2815 καὶ
1053 2760 1259 2814 τούτων
1305 2761 1363 2813 ὲν
1393 2760 1551 2831 ἐξοχῇ
1604 2759 1950 2831 θεωροῦνται,

371 2854 618 2926 κεράτων
657 2854 813 2925 δίκην
854 2852 1293 2924 προϐεϐλημέναι
1313 2893 1327 2916 ,
1356 2851 1452 2905 καὶ
1474 2851 1629 2905 ἄλλαι
1658 2852 1785 2923 περὶ
1812 2852 1954 2905 ὲκεί-

373 2962 473 3008 νας
508 2944 651 2999 κατά
709 2961 830 2998 τινα
871 2942 1077 3009 τάξεως
1106 2942 1431 2996 ἀκολουθίαν
1462 2941 1846 3013 προτερεύουσί
1892 2959 1954 2996 τε

2056 590 2144 639 nc,
2172 589 2237 628 ac
2266 574 2595 645 quibusdam
2631 573 3044 643 aspersionibus
3069 582 3254 629 essent
3281 572 3526 643 expiati;
3572 589 3638 629 ac

2058 679 2253 719 rursus
2275 664 2437 719 etiam
2468 679 2536 719 ex
2590 664 2676 720 his
2701 664 2837 735 ipsis
2885 679 2993 719 non
3049 666 3305 720 omnibus
3360 666 3637 720 internum

2055 757 2320 826 templum
2349 756 2560 827 ingredi
2593 756 2809 821 licebat,
2836 757 2930 812 sed
2969 757 3346 813 sacerdotibus
3372 757 3640 812 duntaxat

2056 844 2402 902 sacriﬁcandi
2453 859 2619 902 causa
2667 846 2811 900 intra
2858 847 3036 903 velum
3077 846 3332 902 versandi
3359 847 3451 917 jus
3477 857 3635 902 erat:

2054 937 2304 991 occultus
2330 951 2460 991 vero
2506 946 2561 991 et
2615 952 2851 994 arcanus
2882 938 3067 1008 templi
3108 938 3261 994 locus
3291 939 3309 1008 (
3340 953 3499 1007 quem
3521 937 3640 992 ἀδυ-

2054 1041 2145 1078 τον
2171 1025 2413 1096 vocant),
2442 1026 2500 1080 in
2528 1041 2637 1097 quo
2666 1029 2838 1084 altare
2869 1028 3198 1084 collocatum
3224 1042 3491 1083 cornuum
3517 1030 3640 1098 qni-

2054 1116 2284 1173 busdam
2316 1118 2704 1188 prominentiis
2753 1119 3075 1196 adornatum
3110 1128 3254 1186 erat,
3293 1120 3428 1190 ipsis
3455 1135 3640 1175 sacer-

2056 1208 2277 1265 dotibus
2307 1209 2627 1267 inaccessus
2650 1220 2788 1279 erat,
2820 1218 3184 1281 praeterquam
3208 1212 3303 1266 uni
3332 1214 3427 1282 qui
3456 1225 3639 1267 sacer-

2053 1298 2204 1354 dotio
2224 1301 2549 1371 praepositus
2575 1312 2713 1369 erat,
2761 1302 2859 1372 qui
2890 1302 3060 1357 semel
3115 1301 3171 1356 in
3206 1317 3352 1356 anno
3393 1302 3640 1372 legitimo

2054 1388 2314 1461 quodam,
2338 1400 2492 1446 certo
2515 1402 2680 1462 atque
2701 1392 2932 1447 solemni
2952 1391 3064 1458 die,
3091 1393 3265 1458 solus,
3296 1401 3353 1445 ut
3376 1407 3639 1453 arcanum

2053 1488 2108 1536 et
2145 1482 2490 1537 reconditum
2514 1484 2788 1554 quoddam
2825 1485 2998 1554 magis
3022 1492 3078 1539 et
3105 1485 3378 1540 occultum
3428 1484 3638 1539 sacrifi-

2052 1571 2199 1626 cium
2232 1570 2475 1637 oil'erret,
2536 1574 2820 1629 introibat.
2873 1573 3010 1630 Cum
3067 1575 3233 1646 igitur
3283 1582 3434 1629 tanta
3493 1582 3640 1630 esset

2053 1664 2201 1719 circa
2242 1665 2345 1720 hoc
2379 1667 2643 1736 templum
2671 1665 3002 1730 differentia,
3029 1666 3178 1737 quod
3226 1665 3406 1737 imago
3438 1669 3642 1735 pariter

2053 1770 2119 1810 ac
2152 1756 2506 1813 simulacrum
2548 1760 2691 1829 ejus,
2751 1759 2845 1830 qui
2896 1768 3078 1815 mente
3130 1757 3636 1827 comprehenditur,

2054 1854 2233 1905 status
2255 1857 2396 1913 erat,
2439 1850 2543 1905 hoc
2585 1850 2846 1905 nimirum
2879 1851 3110 1905 docente
3134 1849 3405 1920 corporali
3446 1849 3638 1904 obser-

2053 1939 2293 2004 vatione,
2334 1938 2480 2011 quod
2504 1954 2612 1995 non
2647 1941 2826 1996 omnis
2877 1953 3128 1996 creatura
3174 1940 3386 1994 ratione
3412 1940 3638 2009 praedita

2053 2028 2256 2098 templo
2283 2027 2402 2092 Dei,
2456 2029 2560 2083 hoc
2591 2037 2676 2084 est
2701 2029 3037 2085 confessioni
3086 2030 3268 2100 magni
3298 2028 3395 2084 Dei
3437 2045 3637 2100 appro-

2056 2119 2321 2190 pinquet;
2350 2117 2445 2175 sed
2474 2120 2567 2189 qui
2603 2119 2757 2175 falsis
2778 2120 3133 2189 Opinionibus
3166 2136 3231 2175 ac
3258 2122 3639 2191 persuasioni-

2053 2212 2157 2267 bus
2203 2211 2416 2268 sed'ucti
2473 2219 2632 2277 sunt,
2680 2212 3076 2282 prohibeantur
3132 2228 3163 2266 a
3215 2214 3387 2283 septis
3436 2213 3638 2268 divinis

2054 2310 2218 2373 atque
2251 2304 2536 2360 cancellis.
2582 2303 2657 2357 Ex
2700 2304 2770 2359 iis
2804 2313 2986 2358 autem
3049 2304 3142 2373 qui
3197 2321 3293 2373 per
3323 2305 3635 2359 conh-ssio-

2052 2409 2177 2449 nem
2215 2394 2363 2449 intro
2395 2394 2620 2451 admissi
2664 2394 2892 2456 fuerint.
2927 2396 3141 2450 caeteris
3170 2397 3551 2451 anteferantur
3574 2412 3639 2451 ac

2052 2494 2316 2557 praestent
2355 2487 2452 2557 qui
2480 2487 2923 2556 aspersionibus,
2963 2487 3200 2557 puritate
3247 2495 3300 2542 et
3330 2502 3359 2540 a
3390 2489 3640 2543 venereis

2054 2578 2389 2645 abstinentia
2422 2586 2551 2633 ante
2588 2578 2795 2633 fuerint
2833 2578 3059 2649 expiati,
3098 2588 3262 2651 atth
3294 2579 3381 2634 his
3440 2580 3518 2633 illi
3545 2581 3637 2650 qui

2053 2670 2344 2725 sacriﬁciis
2391 2669 2649 2725 destinati
2675 2679 2827 2733 sunt,
2861 2670 3059 2725 exinde
3096 2671 3210 2738 jam
3245 2671 3473 2724 meliore
3502 2685 3640 2725 con-

2054 2760 2260 2816 ditione
2286 2762 2420 2825 sint,
2479 2771 2540 2815 ut
2586 2761 2911 2816 interiorum
2962 2776 3244 2815 sacrorum
3286 2762 3640 2817 administra-

2055 2852 2201 2909 tione
2228 2867 2293 2907 ac
2321 2853 2615 2923 praesulatu
2649 2851 2798 2923 digni
2843 2852 3164 2908 habeantur.
3195 2854 3299 2908 Sed
3334 2864 3495 2923 prout
3540 2854 3641 2908 ali-

2054 2944 2179 3013 quis
2205 2944 2271 2999 ad
2300 2944 2699 3000 evidentiorem
2749 2959 2815 2997 ac
2867 2944 3042 3015 magis
3075 2946 3426 3014 perSpicnam
3461 2946 3639 3015 expli-

373 3033 487 3105 (29)
515 3034 609 3089 καὶ
637 3033 1031 3106 δευτερεύουσι.
1053 3034 1126 3086 Τὸ
1139 3033 1196 3086 δὲ
1217 3033 1323 3086 τῶν
1359 3031 1661 3103 ἀνθρώπων
1686 3032 1840 3101 γένος
1867 3033 1955 3087 διὰ

2064 3040 2337 3093 cntionem
2372 3037 2676 3108 aenigmatis
2706 3045 2873 3106 atque
2897 3036 3164 3091 involucri
3183 3036 3640 3108 significationem

373 3124 474 3195 τὴν
524 3123 878 3195 ὲγγινομένην
924 3123 1124 3177 κακίαν
1177 3122 1282 3187 ἔξω
1329 3124 1429 3194 τῆς
1466 3122 1614 3185 θείας
1661 3122 1955 3193 περιϐολῆς

2058 3126 2305 3195 proferre
2341 3127 2536 3197 possit,
2576 3127 2693 3182 ba’c
2719 3125 2933 3180 discere
2968 3126 3094 3180 licet
3144 3126 3375 3181 docente
3406 3126 3642 3189 ratione,

373 3213 666 3288 ἀπεώσθη·
710 3216 846 3287 ὅπερ
889 3213 970 3285 τῷ
1002 3213 1347 3287 περιράντρῳ
1393 3214 1507 3286 (50)
1538 3213 1747 3286 λουτρῷ
1777 3213 1946 3284 καθη-

2058 3216 2205 3287 qnod
2256 3232 2324 3272 ex
2356 3219 2577 3273 ratione
2631 3217 2880 3289 praeditis
2915 3216 3218 3271 virtutibus
3245 3219 3364 3272 aliae
3422 3218 3642 3287 quidem

379 3307 612 3378 ράμενον
642 3306 791 3370 ὲντδς
820 3305 1047 3374 γίνεται.

2058 3309 2224 3365 veluti
2256 3317 2512 3368 sanctum
2539 3310 2713 3366 altare
2744 3309 2858 3365 sint
2910 3310 2966 3363 in
2997 3309 3161 3379 adyto
3204 3308 3435 3364 Deitatis
3467 3310 3629 3364 collo-

373 3407 531 3465 catae,
567 3398 847 3452 nonnulla:
877 3411 1009 3451 vero
1040 3410 1237 3451 rursus
1270 3395 1437 3451 etiam
1471 3410 1537 3451 ex
1591 3395 1678 3449 his
1707 3397 1760 3451 in
1794 3400 2123 3456 excellentia
2167 3402 2591 3472 conspiciantur
2668 3415 2941 3471 cornuum
3017 3400 3193 3455 instar
3237 3402 3638 3470 prominentes.

374 3499 562 3563 atque.
586 3493 707 3547 alia:
738 3490 939 3548 rursus
961 3493 1110 3548 circa
1137 3490 1261 3545 illas
1298 3491 1633 3559 competenti
1668 3502 2153 3565 consentaneoque
2207 3495 2450 3566 quodam
2520 3495 2715 3550 ordine
2779 3503 2896 3548 tum
2924 3495 3218 3564 .primum,
3258 3504 3383 3549 tum
3437 3508 3638 3550 secun-

372 3583 506 3635 dum
568 3582 747 3636 locum
794 3580 1099 3637 obtineant.
1156 3576 1341 3635 Genus
1408 3588 1591 3633 autem
1654 3579 1955 3637 humanum
1995 3591 2219 3654 propter
2270 3585 2627 3641 vitiositatem
2664 3584 2916 3637 innatam
2956 3592 3112 3637 extra
3168 3585 3441 3653 parietum
3496 3585 3637 3640 divi-

374 3688 575 3728 norum
603 3673 868 3728 ambitum
900 3681 1310 3729 summoveatur
1347 3690 1360 3726 :
1397 3670 1544 3741 quod
1574 3671 1664 3726 ubi
1690 3677 2074 3745 conspersorio
2103 3678 2323 3731 lavacro
2351 3678 2633 3747 expiatum
2666 3677 2850 3741 fuerit,
2899 3677 3047 3731 intro
3080 3676 3359 3733 mittatur.

457 3788 597 3842 Ἀλλ’
634 3788 821 3860 ἐπειδὴ
856 3787 1040 3860 μέλλει
1070 3787 1198 3841 ποτὲ
1227 3787 1296 3841 τὰ
1330 3786 1470 3859 μετά
1496 3786 1609 3858 (51)
1643 3786 1816 3841 ταῦτα
1848 3805 1954 3842 πα-

377 3880 745 3951 ραφράγματα
775 3879 1017 3945 λύεσθαι,
1048 3880 1114 3933 δι’
1143 3873 1218 3936 ὧν
1246 3879 1359 3949 (52)
1388 3880 1535 3951 ἡμᾶς
1558 3881 1593 3950 ἡ
1622 3880 1790 3933 κακία
1817 3882 1953 3951 πρὸς

372 3974 444 4026 τὰ
468 3972 617 4036 ἐντὸς
640 3972 735 4026 τοῦ
762 3971 1249 4043 καταπετάσματος
1274 3971 1638 4041 ἀπετείχισεν,
1666 3971 1794 4025 ὃταν
1825 3988 1955 4044 σκη-

376 4062 619 4135 νοπηχθῇ
643 4064 751 4133 (55)
780 4062 943 4117 πάλιν
966 4062 1053 4116 διὰ
1087 4062 1186 4132 τῆς
1215 4062 1562 4126 ἀναστάσεως
1601 4061 1759 4132 ἡμῶν
1784 4064 1817 4133 ἡ
1846 4062 1953 4132 φύ-

377 4172 484 4217 σις,
514 4155 609 4207 καὶ
634 4154 783 4208 πᾶσα
804 4157 838 4225 ἡ
863 4152 1006 4207 κατά
1033 4152 1233 4207 κακίαν
1256 4153 1582 4223 ἐγγινομένη
1615 4151 1726 4223 (τι)
1748 4152 1961 4222 διαφθο-

380 4246 451 4317 ρὰ
483 4244 811 4318 ὲξαφανισθῇ
837 4243 947 4298 τῶν
975 4244 1167 4309 ὄντων,
1202 4241 1324 4297 τότε
1365 4240 1517 4312 κοινὴ
1563 4243 1892 4313 συστήσεται
1921 4245 1955 4315 ἡ

377 4338 507 4409 περὶ
535 4338 627 4391 τὸν
658 4336 790 4391 Θεὸν
829 4335 989 4408 ἑορτὴ
1018 4338 1130 4399 τοῖς
1160 4332 1250 4389 διά
1274 4333 1375 4403 τῆς
1401 4333 1750 4398 ἀναστάσεως
1785 4351 1959 4388 πυκα-

379 4429 581 4482 σθεῖσιν
603 4470 617 4495 ,
647 4427 723 4492 ὡς
759 4427 889 4499 μίαν
914 4445 973 4481 τε
1008 4428 1102 4481 καὶ
1129 4426 1228 4497 τὴν
1263 4424 1433 4497 αὐτὴν
1467 4425 1790 4497 προκεῖσθαι
1820 4427 1957 4481 πᾶσι

2131 3784 2238 3841 Sed
2266 3786 2524 3855 quoniam
2566 3787 2681 3841 haec
2705 3787 2759 3840 in
2796 3785 2977 3842 medio
3020 3788 3268 3857 opposita
3332 3795 3508 3857 septa,
3544 3803 3638 3858 per

2057 3893 2179 3947 quae
2211 3878 2481 3935 vitiositas
2506 3893 2608 3935 nos
2636 3879 2706 3935 ab
2730 3895 2796 3934 eo
2834 3880 2958 3935 loco
2991 3881 3083 3951 qui
3138 3881 3283 3935 intra
3324 3882 3505 3935 velum
3557 3890 3637 3936 est

2054 3969 2288 4032 dirimit,
2319 3969 2617 4041 aliquando
2658 3971 2958 4036 solventur,
2989 3985 3114 4025 cum
3148 3985 3246 4041 per
3275 3971 3637 4027 resurrectio-

2055 4075 2181 4115 nem
2213 4069 2411 4116 natura
2438 4069 2626 4117 nostra
2653 4078 2848 4119 rursus
2872 4061 3028 4132 quasi
3064 4061 3476 4116 tabernaculum
3508 4062 3637 4125 ﬁxa,

2057 4160 2222 4221 atque
2246 4154 2428 4209 omnis
2458 4168 2555 4223 per
2586 4153 2934 4210 vitiositatem
2993 4153 3179 4207 innata
3234 4153 3539 4221 corruptio,
3571 4168 3636 4207 ex

2053 4255 2237 4296 rerum
2262 4252 2456 4298 natura
2490 4243 2694 4298 abolita
2729 4251 2893 4312 atque
2918 4242 3132 4297 sublata
3165 4241 3350 4306 fuerit,
3388 4250 3521 4296 tunc
3570 4243 3637 4299 iis

2053 4331 2146 4399 qui
2182 4345 2279 4401 per
2318 4333 2778 4388 resurrectionem
2820 4331 2966 4397 tecti,
2996 4333 3173 4387 ornati
3210 4341 3373 4402 atque
3411 4347 3635 4403 compo-

2054 4421 2144 4476 siti
2175 4420 2401 4488 fuerint,
2453 4438 2759 4499 commune.
2794 4422 2997 4478 festum
3030 4423 3181 4479 circa
3215 4424 3385 4479 Deum
3433 4428 3637 4481 consti~

376 4518 477 4589 τὴν
529 4516 893 4589 εὐφροσύνην·
958 4515 1159 4588 μηκέτι
1202 4515 1466 4585 διαφορᾶς
1517 4531 1660 4579 τινος
1704 4515 1805 4585 τῆς
1846 4514 1955 4571 τῶν

2058 4519 2265 4580 tuetur,
2297 4521 2357 4568 ut
2380 4513 2636 4568 omnibus
2666 4528 2775 4567 una
2801 4520 2965 4583 atque
2995 4514 3183 4570 eadem
3217 4514 3399 4570 laetitia
3436 4522 3637 4587 propo-

377 4606 510 4662 ῑτων
554 4608 876 4680 μετουσίας,
925 4608 1022 4680 τὴν
1067 4606 1295 4678 λογικὴν
1327 4605 1490 4675 φύσιν
1532 4605 1955 4677 διατεμνούσης,

2058 4614 2238 4673 natur,
2270 4604 2421 4660 nulla
2449 4604 2684 4676 amplius
2722 4604 3028 4661 diﬂ‘erentia
3080 4607 3297 4663 ratione
3353 4608 3634 4678 praeditam

372 4698 513 4754 ἀλλά
548 4697 655 4753 τῶν
696 4697 794 4754 νῦν
821 4696 925 4763 ἔξω
951 4696 1040 4752 διὰ
1077 4697 1178 4769 τὴν
1206 4695 1407 4750 κακίαν
1450 4694 1618 4751 ὄντων
1658 4694 1811 4761 ἐντὸς
1847 4694 1955 4751 τῶν

2058 4704 2308 4753 naturam
2331 4711 2361 4751 a
2391 4696 2810 4768 participatione
2866 4702 3006 4769 atqui
3033 4698 3176 4768 juris
3228 4709 3393 4770 atque
3420 4715 3636 4755 eorum-

372 4790 581 4845 ἀδύτων
621 4790 718 4862 τῆς
758 4788 907 4853 θείας
941 4786 1342 4860 μακαριότητος
1377 4803 1509 4840 ποτε
1554 4785 1955 4856 γενησομένων,

2058 4784 2175 4842 dem
2207 4786 2478 4843 bonorum
2508 4787 2818 4854 dirimente,
2852 4789 2949 4845 sed
2981 4788 3050 4846 iis
3085 4791 3178 4861 qui
3209 4804 3356 4846 nunc
3409 4798 3635 4861 propter

375 4882 471 4936 καὶ
515 4883 628 4946 τοῖς
677 4880 871 4952 κέρασι
924 4879 1019 4935 τοῦ
1064 4878 1474 4951 θυσιαστηρίου,
1515 4876 1787 4945 τουτέστι,
1835 4879 1954 4942 ταῖς

2058 4876 2408 4934 vitiositatem
2439 4885 2595 4933 extra
2634 4887 2784 4947 sunt,
2836 4879 3059 4935 tandem
3129 4881 3427 4952 aliquando
3493 4881 3636 4937 intra

372 4972 687 5043 ὲξεχούσαις
715 4971 828 5025 τῶν
854 4969 1242 5041 ὑπερκοσμίων
1266 4967 1561 5041 δυνάμεσιν
1587 4969 1816 5033 ἑαυτοὺς
1838 4966 1953 5039 (55)

2058 4969 2220 5042 adyta
2249 4967 2450 5025 divina:
2474 4968 2838 5026 beatitudinis
2875 4969 3098 5038 futuris,
3122 4981 3173 5028 et
3207 4970 3469 5029 cornibus
3498 4972 3633 5028 alta—

448 5169 558 5239 (20)
610 5168 793 5224 Ἀλλὰ
817 5166 964 5239 τοῖς.
1009 5167 1081 5239 Α,
1239 5167 1377 5239 ’τοῖςἵ

448 5233 559 5327 (21
597 5237 991 5327 ρροσξουξαῖς.
1025 5238 1093 5303 Δ,
1127 5236 1171 5289 Β
1196 5233 1513 5307 προϐολαῖς.

602 5308 1037 5449 Ἰξςσῖαὲττῗξ-ρῦν
1057 5377 1271 5449 οὔσης,
1304 5375 1382 5430 Ad
1410 5374 1527 5449 haec
1546 5372 1792 5449 Scholion
1815 5372 1949 5449 illud

373 5439 616 5517 legebam
646 5450 702 5502 in
733 5439 1112 5504 calce’codicis
1134 5445 1181 5500 A
1199 5439 1365 5501 Ε’Ὃτι
1389 5444 1557 5517 τύπος
1576 5439 1646 5517 ἦν
1665 5444 1949 5517 καὶ-εικὼν

369 5512 471 5589 τῆς
492 5518 617 5589 νέας
645 5518 849 5589 ταύτης
872 5516 1258 5580 καταστάσεως
1283 5518 1317 5587 ἡ
1355 5514 1457 5585 τῆς
1494 5515 1554 5568 ὲν
1577 5512 1656 5585 τῷ
1686 5512 1800 5583 ναῷ
1827 5516 1945 5568 εἰσ-

2124 5165 2237 5235 (27)
2275 5167 2835 5239 Προκαθαιρόμενοι.
2883 5173 2930 5223 A
2962 5170 3018 5225 in
3062 5170 3314 5243 margine
3351 5172 3635 5247 προκαθη-

2055 5235 2549 5445 ράᾤῖοᾜροάγοι.
2578 5306 2620 5361 Β
2645 5308 2930 5379 προσάγοι.

2146 5375 2240 5445 29)
2278 5377 2717 5444 Προτερεύουσί
2743 5395 2825 5433 τε.
2872 5378 2910 5431 Β

2146 5375 2240 5449 ἓθ)
2278 5375 2717 5449 Προτερεύουσῖ
2743 5375 2845 5433 τε(
2872 5378 2910 5431 Β
2934 5378 3326 5449 προτερεύουσι
3360 5379 3418 5436 δέ
3444 5397 3529 5439 τε.

2276 5445 2665 5521 ζζεριράῃτρῳ.
2706 5448 2770 5513 Α,
2796 5449 2836 5501 Β
2854 5445 3320 5521 περιρραντηρίῳ.

2125 5515 2239 5587 eo
2277 5514 2458 5587 una.
2501 5514 2738 5587 ιιμέσα.

369 5579 494 5659 ὁδου
520 5579 776 5659 διαφορά.
806 5579 842 5589 Γ
928 5658 933 5659 ί
1003 5655 1039 5659 _
1077 5654 1098 5659 μ
1237 5579 1246 5580 ί
1304 5579 1317 5587 ’
1411 5579 1424 5585 ⁷
1627 5579 1640 5585 ’
1771 5579 1783 5583 ⁷
2124 5579 2239 5659 (52)
2277 5586 2359 5638 Δι’
2387 5579 2494 5640 ὧν.
2531 5579 2759 5659 Β’τὰῌδι’
2793 5579 2889 5659 ὧν.

445 5657 556 5733 (21!)
598 5654 738 5733 Ὄέι,
764 5674 873 5733 τις·
909 5658 974 5733 Ag
1003 5655 1046 5733 β
1071 5654 1212 5726 ἥτις·
2124 5654 2237 5733 (ἒξ)
2277 5654 2701 5733 auro-mariti.
2742 5659 2826 5733 ᾼο,
2848 5656 2891 5710 Β
2924 5659 3339 5733 σκηνρπαγτιθῇο

2123 5725 2236 5812 ﬁt.)
2284 5725 2780 5812 intratam-ﬁ
2802 5725 3164 5812 ,ἐγγεῑοέιένηο

2218 5592 2239 5794 ξ

443 5725 535 5796 (25
593 5728 807 5784 Εὶκών.
834 5730 879 5780 Δ
906 5725 1068 5779 εἰκών
1092 5725 1173 5778 τε.

443 5730 555 5875 (26;
594 5796 1056 5869 Προτιμοτέρων.
1085 5796 1147 5862 Λ,

442 5781 555 5870 (Ξϐ)
594 5781 1056 5869 ῙΙροτιμοτέρωγ.
1085 5796 1147 5862 Δ,
1176 5794 1216 5846 Β
1244 5781 1645 5867 πρατιμότεροι.
2125 5781 2237 5867 (55)
2289 5781 2589 5859 Ἑᾶὺτοῦς.
2633 5781 2672 5848 Β
2705 5796 2761 5850 ἐν
2796 5781 3029 5864 ἑαυτοῖᾲ
