3992 6506
303 354 406 410 H3

1552 357 1610 412 S.
1656 352 1979 411 GREGORII
2015 353 2312 413 NYSSENI

3490 363 3587 418 Ml

304 467 384 530 dit
448 489 628 531 :cum
692 475 1024 530 resurrectio
1115 489 1320 545 corpus
1398 484 1645 532 nostrum
1704 489 1897 531 rursus

2000 475 2199 531 νὸντων
2245 477 2383 547 ὑπὲρ
2437 476 2537 546 τῆς
2576 475 2854 540 εὐσεϐείας
2901 474 3000 540 τὰς
3034 475 3294 546 ἀλγεινὰς
3322 474 3436 551 (27)
3483 477 3593 532 τῶν

304 569 372 626 ad
416 568 583 623 vitam
635 569 949 633 reduxerit,
1005 567 1245 638 populus
1321 569 1542 638 quidam
1605 567 1888 623 hominum

302 668 534 726 prorsus
577 668 720 710 unus
771 655 998 719 evadet,
1063 664 1122 710 ut
1160 657 1299 711 nihil
1345 658 1488 713 absit
1553 657 1624 711 ab
1685 672 1753 712 eo
1796 657 1889 727 qui

302 746 561 817 resurgit,
603 745 788 800 infans
814 744 1098 809 videlicet,
1133 747 1317 817 pusio,
1379 763 1534 818 puer,
1572 748 1893 809 adolescen-

301 838 475 903 tulus,
511 837 598 892 vir
620 877 634 902 ,
673 844 861 907 pater,
899 840 1088 904 senex,
1124 846 1179 891 et
1223 838 1405 893 omnia
1436 854 1557 909 quae
1605 840 1747 892 inter
1776 838 1891 892 haec

302 929 669 984 intercedunt.
716 927 888 984 Porro
940 943 1064 983 cum
1129 929 1467 983 continentia
1502 937 1670 1000 atque
1701 929 1891 983 incon-

299 1019 534 1074 tinentia
616 1034 715 1089 per
759 1033 982 1073 carnem
1052 1026 1404 1084 exerceatur,
1477 1026 1594 1075 tum
1669 1026 1892 1090 propter

304 1112 560 1180 pietatem
598 1112 783 1181 gravia
837 1119 1000 1182 atque
1050 1112 1246 1168 acerba
1292 1113 1559 1182 supplicia
1612 1113 1891 1169 sustinen-

302 1205 465 1270 tium,
525 1211 641 1259 tum
683 1205 853 1259 animi
927 1206 1156 1260 mollitia
1217 1206 1610 1278 refugientium
1661 1207 1777 1261 haec
1807 1215 1890 1259 at-

301 1312 409 1367 que
448 1296 738 1353 vitantium
769 1337 784 1362 ,
834 1307 887 1353 et
921 1314 1016 1367 per
1062 1312 1287 1353 sensum
1324 1314 1650 1367 corporeum
1696 1299 1890 1353 horum

303 1396 599 1459 utrumque
667 1389 1116 1461 designautium:
1159 1391 1251 1461 qui
1313 1390 1426 1445 ﬁeri
1474 1402 1688 1461 potest,
1748 1402 1807 1445 ut
1840 1392 1889 1446 id

302 1480 449 1550 quod
500 1481 714 1550 justum
764 1489 868 1543 est,
915 1483 971 1534 in
1005 1479 1219 1550 judicio
1269 1490 1522 1537 servetur
1550 1480 1577 1533 ?
1614 1483 1723 1535 Aut
1766 1497 1890 1535 cum

302 1573 447 1629 idem
497 1588 644 1629 nunc
689 1573 909 1644 quidem
972 1573 1320 1643 peccaverit,
1365 1582 1554 1644 postea
1608 1589 1742 1629 vero
1797 1589 1894 1645 per

300 1661 683 1734 paenitentiam
722 1677 850 1723 sese
882 1662 1215 1733 expiaverit,
1243 1677 1307 1716 ac
1343 1660 1577 1718 fortasse
1608 1677 1799 1718 rursus
1837 1663 1892 1718 in

301 1762 586 1825 peccatum
639 1768 706 1810 ac
742 1753 1006 1810 delictum
1047 1754 1234 1825 lapsus
1286 1754 1382 1817 sit,
1448 1768 1576 1808 cum
1628 1753 1757 1814 item
1793 1770 1894 1827 per

302 1853 512 1901 natura:
549 1844 1037 1911 'vieissitudinem,
1088 1854 1203 1900 tum
1239 1844 1609 1916 inquinatum,
1673 1855 1788 1900 tum
1822 1846 1890 1901 ab

302 1938 686 2009 inquinatione
722 1952 957 1994 vacuum
1020 1952 1225 2009 corpus
1264 1938 1613 1993 immutatum
1676 1936 1887 2003 fuerit;

300 2038 354 2084 ct
396 2037 653 2086 neutrum
693 2030 890 2085 horum
947 2029 1001 2083 in
1070 2036 1396 2101 perpetuum
1428 2041 1433 2045 ‘
1471 2028 1753 2086 suﬂ‘eccrit
1801 2036 1888 2083 at-

1995 567 2292 634 κολάσεων,
2327 567 2438 622 τῶν
2468 586 2524 622 τε
2542 562 2611 622 αὖ
2645 566 3099 642 μαλακιζομένων
3127 569 3264 641 πρὸς
3283 570 3461 624 ταῦτα
3480 569 3589 640 (28)

1991 659 2081 714 διὰ
2110 658 2212 729 τῆς
2241 659 2561 731 σωματικῆς
2581 658 2913 728 αἰσθήσεως,
2944 658 3221 730 ἑκατέρων
3250 657 3363 730 (29)
3387 654 3589 714 τούτων

1994 750 2476 821 ἐπιδεικνυμένων,
2510 749 2627 813 πῶς
2667 749 2783 802 ἔστι
2812 750 2963 821 παρὰ
2994 750 3093 820 τὴν
3127 749 3241 821 (30)
3270 750 3457 819 κρίσιν
3478 750 3588 806 δια-

1995 837 2233 907 σωθῆναι
2263 838 2323 892 τὸ
2348 838 2557 893 δίκαιον
2587 837 2703 910 (51)
2730 856 2747 905 ;
2786 839 2856 891 Ἦ
2899 837 2993 891 τοῦ
3026 836 3142 909 (52)
3171 837 3335 893 αὐτοῦ
3364 839 3462 894 νῦν
3494 841 3593 912 μὲν

1993 930 2547 1002 πεπλημμεληκότος,
2580 926 2740 994 αὖθις
2780 930 2839 984 δὲ
2864 931 2953 985 διὰ
2986 930 3353 1003 μεταμελείας
3399 934 3592 988 ἑαυτὸν

1994 1019 2405 1092 ὲκκαθάραντος
2465 1021 2616 1091 (5'5),
2676 1020 2780 1074 κᾶν
2826 1019 2971 1072 οὕτω
3005 1020 3145 1090 τύχῃ
3201 1020 3363 1075 πάλιν
3406 1023 3500 1075 ἐπὶ
3531 1022 3592 1075 τδ

1994 1111 2313 1182 πλημμελὲς
2336 1111 2745 1184 ὁλισθήσαντος,
2775 1112 3214 1183 ὑπαμειφθέντος
3236 1112 3292 1166 δὲ
3324 1112 3468 1167 κατὰ
3489 1114 3591 1183 τὴν

1992 1202 2313 1258 ἀκολουθίαν
2350 1204 2450 1275 τῆς
2483 1204 2721 1274 φύσεως,
2759 1203 2854 1256 καὶ
2892 1203 2988 1256 τοῦ
3033 1204 3450 1276 μεμολυσμένον
3496 1206 3592 1259 καὶ

1992 1292 2084 1345 106
2108 1293 2412 1365 ἀμολύντου
2459 1294 2730 1366 σώματος,
2762 1295 2857 1348 καὶ
2889 1294 3017 1367 μήθ’
3040 1295 3356 1366 ἑτέρουβό)
3388 1295 3592 1351 τούτων

1994 1386 2072 1448 είς
2109 1385 2171 1437 τὸ
2207 1385 2453 1457 διηνεκὲς
2507 1386 2903 1458 ὲξαρκέσαντος
2930 1426 2946 1451 ,
3000 1388 3153 1439 ποῖον
3187 1386 3267 1457 τῷ
3306 1386 3591 1457 ἀκολάστῳ

1996 1476 2156 1548 σῶμα
2194 1477 2720 1548 συγκολασθήσεται,
2776 1478 2835 1531 τὸ
2886 1477 3154 1550 ρικνωοὲν
3213 1478 3272 1530 ὲν
3321 1477 3400 1548 τῷ
3444 1479 3592 1550 γήρᾳ

1995 1568 2132 1640 πρὸς
2151 1567 2231 1639 τῷ
2252 1568 2503 1640 Θανάτῳ;
2550 1570 2690 1623 Ἀλλ’
2724 1569 2915 1641 ἕτερον
2952 1563 3019 1642 ῆν
3041 1570 3200 1624 τοῦτο
3225 1570 3379 1641 παρὰ
3403 1570 3466 1623 τὸ
3493 1571 3595 1641 τὴν

1993 1659 2273 1732 ἁμαρτίαν
2312 1663 2779 1734 κατειργασμένον
2825 1664 2961 1735 (55),
3015 1664 3131 1718 ἀλλ’
3181 1664 3320 1733 ὅπερ
3349 1680 3592 1734 κατεμο-

1994 1750 2160 1824 λύνθη
2187 1750 2264 1822 τῷ
2297 1751 2494 1821 πείθεις
2527 1754 2619 1807 καὶ
2649 1755 2753 1808 ποῦ
2786 1758 2815 1811 6
2838 1756 3187 1828 πρεσϐύτηςς
3219 1755 3292 1808 Ἢ
3337 1754 3445 1826 γὰρ
3490 1755 3593 1807 οὐκ

1996 1844 2371 1916 ἀναστήσεται
2419 1837 2596 1912 οὗτος,
2630 1847 2725 1900 καὶ
2754 1848 2855 1901 οὐκ
2884 1848 3104 1919 ἐνεργὸς
3129 1850 3164 1918 ὴ
3192 1846 3487 1909 ἀνάστασις
3507 1862 3520 1878 ·
3552 1845 3589 1917 ἢ

1994 1930 2150 1999 οὗτος
2176 1935 2559 2008 ἐγερθήσεται,
2588 1939 2681 1992 καὶ
2723 1938 3068 2008 διαφεύξεται
3093 1939 3192 2011 τὴν
3222 1940 3378 2009 δίκην
3410 1940 3590 1992 661:0-

1997 2027 2274 2098 κείμενος.
2622 2030 2643 2043 “

299 2137 406 2191 que
454 2121 764 2187 duraverit,
827 2120 1116 2192 qualenam
1188 2135 1388 2191 corpus
1445 2135 1554 2176 una
1625 2136 1751 2181 cum
1806 2121 2232 2191 intemperante,
2299 2126 2465 2191 atque
2514 2120 2891 2179 incontmente
2945 2124 3243 2193 punietur;
3283 2132 3471 2179 utrum
3533 2121 3591 2177 id

298 2213 444 2286 quod
497 2214 555 2269 in
616 2220 902 2269 senectute
942 2202 1105 2266 morti
1155 2212 1397 2268 vicinum
1447 2219 1796 2267 contractum
1832 2219 1887 2267 et
1942 2212 2294 2266 incurvatum
2350 2210 2517 2268 fuerit
2559 2213 2583 2265 2
2631 2213 2700 2267 At
2776 2213 2878 2267 hoc
2912 2212 3079 2284 _aliud
3119 2210 3270 2268 ésset
3322 2223 3485 2283 atque
3534 2211 3591 2265 id

298 2306 445 2378 quod
506 2313 791 2376 peccatum
857 2304 1252 2374 perpetraverit
1292 2317 1363 2358 an
1430 2303 1486 2357 id
1543 2303 1689 2374 quod
1744 2304 1877 2359 vitio
1958 2303 2378 2375 coinquinatum
2421 2301 2728 2357 fuerit?Et
2759 2302 2850 2358 ubi
2900 2305 3114 2360 senex?
3174 2301 3311 2358 Nam
3352 2312 3444 2358 aut
3502 2302 3594 2358 hic

300 2412 411 2453 non
450 2402 726 2466 resurget,
752 2401 807 2449 et
836 2393 1176 2449 resurrectio
1216 2408 1325 2447 non
1356 2393 1845 2463 reprtesentabitur
1871 2432 1886 2457 ,
1947 2410 2049 2450 nec
2080 2393 2151 2448 ad
2223 2391 2481 2448 effectum
2530 2393 2871 2457 deducetur,
2944 2395 3040 2451 sed
3098 2394 3345 2451 ineﬂicax
3416 2396 3519 2451 erit
3569 2412 3587 2460 ;

301 2502 398 2550 aut
440 2492 531 2548 hic
563 2497 867 2561 resurget,
931 2496 986 2547 et
1033 2490 1299 2561 judicium
1354 2505 1417 2544 ac
1478 2504 1695 2560 plenam
1744 2488 1963 2563 effugiet
2000 2489 2280 2545 obnoxius
2326 2496 2491 2563 atque
2544 2490 2851 2562 subjectus.

371 2632 561 2690 Dicam
616 2632 784 2688 etiam
858 2630 1066 2702 aliquid
1121 2646 1203 2701 ex,
1241 2630 1308 2686 iis
1376 2645 1499 2701 quae
1561 2629 1899 2700 objiciuntur
1979 2686 1985 2693 ,

299 2724 462 2782 nobis
501 2724 569 2780 ab
619 2724 727 2781 illis
761 2723 855 2795 qui
892 2722 1037 2779 hanc
1074 2722 1382 2778 doctrinam
1421 2739 1532 2779 non
1566 2724 1895 2794 approbant.

299 2810 468 2881 Nihil,
518 2811 797 2884 inquiunt,
854 2827 921 2868 ex
962 2810 1211 2881 partibus
1244 2817 1298 2865 et
1337 2810 1603 2866 membris
1644 2811 1894 2881 corporis

300 2908 537 2963 otiosum
582 2914 637 2963 et
685 2905 804 2962 sine
832 2904 1018 2975 aliquo
1041 2902 1219 2959 oiIicio
1256 2911 1423 2973 atque
1442 2919 1545 2959 usu
1594 2913 1791 2958 natura
1818 2902 1896 2958 fe-

300 2998 396 3053 cit.
449 2995 588 3053 Nam
644 2996 751 3052 alia
797 2993 1017 3065 quidem
1067 2994 1285 3049 vivendi
1343 3009 1568 3049 causam
1623 2996 1677 3049 in
1733 2996 1896 3052 nobis

303 3107 369 3151 ac
422 3089 536 3145 vim
574 3088 880 3156 continent,
920 3086 1041 3144 sine
1097 3086 1302 3154 quibus
1343 3086 1458 3142 fieri
1505 3101 1616 3142 non
1670 3096 1895 3156 potest,

299 3195 379 3243 ιιι.
406 3185 516 3241 vita
564 3195 731 3253 quam
768 3179 825 3234 in
871 3191 1041 3233 carne
1100 3176 1464 3248 transigimus
1505 3178 1808 3236 consistat:
1845 3190 1903 3235 ut

304 3293 423 3344 cor,
476 3275 678 3347 jecur,
729 3270 1054 3336 cerebrum,
1114 3269 1326 3340 pulmo,
1385 3279 1598 3336 venter,
1665 3281 1721 3328 et
1775 3273 1904 3330 re“.

305 3385 415 3444 qua
451 3369 709 3435 viscera;
743 3363 847 3419 alia
880 3376 1012 3420 vero
1072 3361 1348 3419 sentiendi
1398 3364 1573 3419 motui
1616 3366 1902 3423 destinata

304 3470 472 3533 atque
509 3456 773 3515 attributa
805 3461 975 3520 sunt;
1039 3452 1145 3510 alia
1188 3452 1318 3509 item
1365 3454 1562 3525 agendi
1620 3469 1685 3512 ac
1724 3465 1904 3513 trans-

305 3553 470 3611 eundi
508 3550 687 3607 oﬂicio
714 3547 1039 3619 funguntur;
1066 3546 1171 3603 alia
1212 3547 1343 3603 item
1384 3547 1450 3603 ad
1493 3550 1901 3607 successionem

306 3655 651 3717 posterorum
707 3641 905 3697 idonea
941 3647 1106 3710 atque
1174 3641 1590 3697 accommodata
1628 3653 1776 3699 sunt.
1841 3642 1898 3698 Si

306 3740 471 3810 igitur
511 3752 608 3808 per
658 3735 853 3791 eadem
891 3731 1115 3803 quidem
1173 3732 1334 3791 nobis
1387 3734 1544 3801 vita,
1582 3750 1706 3807 qua:
1773 3744 1898 3806 post

306 3832 413 3884 hac
452 3828 579 3895 erit,
616 3825 1000 3883 excercebitur
1032 3831 1199 3894 atque
1231 3824 1601 3897 transigetur,
1663 3826 1731 3882 ad
1762 3827 1898 3883 nihil

308 3919 584 3975 traductio
638 3924 804 3986 atque
854 3914 1166 3969 immutatio
1209 3917 1309 3981 lit;
1371 3917 1460 3971 sin
1532 3925 1714 3973 autem
1773 3934 1901 3974 vera

307 4020 394 4067 est
441 4008 621 4064 oratio
651 4009 755 4079 (ut
785 4005 1047 4062 nimirum
1076 4014 1205 4060 vera
1240 4008 1370 4076 est)
1421 4022 1546 4077 quae
1585 4022 1763 4078 neque
1786 4024 1904 4064 ma-

310 4100 630 4158 trimonium
675 4099 733 4154 in
797 4112 865 4154 ea
905 4096 1016 4152 vita
1054 4112 1190 4168 quae
1217 4097 1694 4156 resurrectionem
1744 4114 1904 4156 exce-

316 4204 477 4268 ptura
523 4193 596 4250 sit
628 4190 865 4264 amplius
913 4190 1095 4248 locum
1144 4180 1365 4246 habere
1399 4187 1670 4258 aflirmat,
1724 4207 1903 4263 neque

310 4289 437 4344 cibo
473 4302 539 4343 ac
569 4286 793 4358 potione
839 4298 961 4340 eam
999 4283 1166 4343 vitam
1216 4297 1340 4353 quae
1407 4289 1541 4338 tunc
1582 4281 1766 4339 futura
1828 4286 1901 4340 sit

316 4377 672 4436 conservari:
710 4377 836 4446 quis
884 4375 992 4431 erit
1033 4391 1168 4432 usus
1195 4375 1449 4445 corporis
1487 4376 1897 4446 partium,cum

312 4485 421 4525 non
480 4470 715 4537 amplius
769 4482 833 4523 ea
896 4475 1119 4536 propter
1159 4482 1280 4537 qua!
1335 4482 1485 4523 nunc
1524 4468 1769 4525 membra
1798 4469 1896 4523 ha~

313 4561 504 4613 bemus
554 4530 650 4628 per
703 4557 851 4611 illam
896 4530 1073 4612 vitam
1104 4530 1461 4627 sperentur?
1517 4556 1654 4614 Nam
1700 4558 1746 4617 si
1802 4576 1901 4615 nu—
1932 4530 1974 4583 θ

314 4650 554 4721 ptiarqu
598 4662 767 4704 causa
828 4655 958 4704 sunt
986 4663 1055 4705 ea
1105 4650 1377 4716 membra,
1424 4665 1548 4720 qua:
1576 4650 1644 4706 ad
1703 4653 1897 4707 matri-

316 4741 559 4796 monium
588 4739 892 4810 .pertinent,
922 4754 1049 4795 cum
1077 4741 1280 4811 nuptiat
1335 4755 1442 4795 non
1493 4738 1730 4806 fuerint,
1761 4742 1897 4796 nihil

312 4847 452 4904 opus
490 4831 756 4888 habemus
808 4830 877 4887 iis
925 4845 1049 4903 qua:
1103 4832 1172 4887 ad
1201 4831 1336 4888 illas
1385 4838 1576 4901 parata
1616 4839 1768 4886 sunt.
1803 4832 1898 4888 Sic

313 4926 377 4980 ad
411 4940 550 4996 opus
585 4938 805 4992 manus,
847 4923 916 4979 ad
964 4937 1206 4993 ,cursum
1260 4921 1448 4994 pedes,
1493 4921 1562 4976 ad
1618 4923 1892 4991 sumptio-

374 5120 497 5194 (Ξῖ)
540 5120 871 5194 Ἀλτεινάςο
913 5119 956 5194 [3
985 5120 1305 5194 ἀλγηδόνες·

384 5188 503 5261 (28)
538 5188 745 5247 Ταῦτα.
777 5188 835 5246 A‘
850 5191 1023 5246 ταῦτα
1053 5188 1165 5245 καί.
1210 5189 1252 5243 Β
1278 5188 1505 5252 ταύτας.

406 5262 498 5333 29)
532 5262 877 5333 Ἑκατέρων.
910 5265 950 5316 Α
975 5262 1262 5333 ἑκάτερον.

406 5270 477 5316 29
532 5270 877 5331 Ἐκατέρων.
910 5270 950 5316 Λ
975 5270 1262 5333 ἑκάτερον.

376 5270 500 5402 (50)
524 5331 853 5402 Παρᾲίτήν.
879 5334 1007 5402 Ain
1038 5331 1287 5399 margine
1315 5331 1446 5400 περὶ
1473 5330 1594 5400 τήν.

387 5400 501 5470 (51)
538 5400 608 5453 Τὸ
646 5401 899 5455 δίκαιον.
932 5401 972 5454 Β
1006 5403 1096 5455 τὸν
1121 5402 1351 5455 δίκαιον.

409 5470 500 5541 52)
530 5472 600 5524 Ἢ
629 5471 755 5525 τοῦ.
783 5471 853 5541 Β.
887 5473 936 5524 εί
958 5472 1050 5526 ἐπὶ
1073 5471 1191 5525 τοῦ.

410 5541 501 5608 55)
548 5540 1031 5611 Ἐξικαθάραντος.
1064 5544 1127 5596 Α.
1146 5540 1584 5611 λὲκκαοὴραντοςη

410 5612 499 5681 34)
524 5608 675 5674 Μήθ’
706 5609 929 5681 ἐτέρου,
962 5610 1020 5662 B.
1056 5612 1180 5681 μηδ’
1205 5608 1412 5681 έτέρού.

387 5680 502 5751 (55)
527 5680 1065 5751 Καθειργᾳσμένον.
1092 5680 1141 5732 Α
1167 5680 1668 5751 κατεργασάμεν-η).

412 5748 503 5820 56)
539 5748 822 5820 thigh-.16
865 5750 919 5820 "tu
950 5751 1192 5820 margine
1228 5748 1410 5817 φασίν.

412 5755 503 5820 56)
539 5755 754 5814 Φησίν.
783 5755 822 5798 Δ
865 5755 919 5800 tu
950 5764 1070 5800 mar

391 5755 506 5889 (57)
532 5818 656 5871 Διά.
698 5819 740 5869 Λ
764 5815 804 5868 Β
834 5816 930 5885 τὴν
965 5816 1070 5892 δεάτ

386 5478 408 5681 Ξ

2072 2629 2231 2685 Είπω
2263 2646 2318 2684 τι
2361 2629 2455 2684 κα)⁵
2480 2654 2483 2657 ·
2506 2630 2636 2684 ἄλλο
2675 2629 2787 2684 τῶν
2819 2630 3244 2703 προφερομένων
3278 2631 3410 2703 ἡμῖν
3438 2628 3594 2700 παρά

1996 2723 2107 2778 τῶν
2159 2723 2223 2776 οὐ
2274 2721 2610 2793 δεδεγμένων
2657 2722 2753 2775 τὸν
2798 2722 2975 2792 λόγον.
3020 2721 3210 2787 Οὐδὲν,
3246 2723 3409 2792 φησὶν
3452 2723 3592 2793 (36),

1996 2816 2282 2887 ἄπρακτον
2300 2814 2411 2869 τῶν
2437 2815 2495 2866 ὲν
2521 2812 2600 2884 τῷ
2631 2813 2844 2885 σώματι
2881 2811 3086 2885 μορίων
3107 2813 3318 2885 ἡφύσις
3342 2813 3591 2884 ἐποίησε.

1997 2901 2080 2955 Τὰ
2110 2902 2211 2972 μὲν
2240 2901 2350 2971 γὰρ
2365 2901 2466 2972 τὴν
2496 2901 2593 2955 106
2638 2900 2740 2972 ζῇν
2777 2902 2958 2956 αίτίαν
2998 2903 3093 2956 καὶ
3117 2902 3345 2975 δύναμιν
3374 2905 3433 2956 ἑν
3457 2905 3595 2975 ἡμῖν

2002 2990 2140 3062 ἔχει,
2154 2986 2230 3046 ὧν
2244 2991 2376 3046 ἄνευ
2394 2992 2652 3063 συστῆναι
2668 2991 2755 3046 διὰ
2767 2992 2881 3063 (57)
2900 2992 3104 3063 σαρκὸς
3120 2992 3265 3065 ζωὴν
3278 2996 3311 3065 ἡ
3320 2994 3437 3065 μῶν
3453 2996 3594 3067 ('58),

2003 3084 2105 3138 οὐκ
2137 3084 2432 3155 ἐνδέχεται,
2453 3080 2587 3150 οἷον,
2632 3084 2850 3155 καρδία,
2874 3080 3052 3158 ἧπαρ,
3085 3087 3404 3156 ἐγκέφαλος,
3436 3088 3598 3141 πνεύ-

2008 3194 2147 3249 μων,
2166 3177 2400 3248 γαστὴρ,
2432 3176 2621 3232 καὶτὰ
2666 3177 2830 3231 λοιπὰ
2868 3177 3154 3250 σπλάγχνα
3177 3197 3190 3210 ο
3218 3178 3289 3232 τὰ
3319 3160 3375 3233 δὲ
3409 3182 3477 3252 τῇ
3508 3182 3597 3234 αἱ·

2005 3267 2237 3340 σθητικῇ
2263 3269 2475 3341 κινήσει
2513 3269 2970 3342 ἀποκεκλήρωται
2991 3287 3006 3303 ο
3032 3271 3103 3324 τὰ
3123 3270 3299 3342 δὲτῆς
3330 3288 3596 3339 παρεκτιο

2004 3361 2108 3431 κῆς
2138 3362 2250 3432 (59)
2279 3362 2375 3416 καὶ
2404 3361 2778 3434 μεταϐατικῆς
2806 3362 3089 3432 ἐνεργείας
3143 3363 3312 3417 ἐστίν’
3365 3365 3500 3419 ἄλλα
3537 3365 3597 3417 δὲ

2004 3453 2142 3525 πρὸς
2162 3453 2261 3523 τὴν
2286 3452 2540 3526 διαδοχὴν
2553 3452 2663 3507 τῶν
2688 3453 3084 3524 ἐπιγινομένων
3108 3453 3429 3525 ἐπιτηδείως
3457 3454 3593 3525 ἔχει.

2003 3545 2068 3598 El
2098 3545 2199 3615 μὲν
2250 3541 2344 3599 οὖν
2392 3546 2453 3599 ὲν
2503 3548 2617 3610 τοῖς
2664 3545 2848 3609 αὐτοῖς
2871 3547 3004 3617 ἡμῖν
3028 3548 3059 3600 6
3094 3545 3237 3617 μετὰ
3268 3544 3441 3599 ταῦτα
3481 3544 3597 3616 βίος

2005 3636 2178 3700 ἔσται,
2213 3638 2352 3709 πρὸς
2377 3637 2531 3692 οὐδὲν
2552 3639 2586 3710 ἠ
2608 3638 2941 3710 μετάστασις
2961 3637 3203 3707 γίνεταιο
3238 3637 3359 3691 εἰδὲ
3386 3637 3597 3710 ἀληθὴς

2002 3730 2031 3781 6
2052 3728 2209 3797 λόγος
2239 3728 2449 3801 (ὥσπερ
2480 3725 2574 3783 οὖν
2600 3731 2747 3784 ἐστιν
2778 3729 3027 3803 ἀληθὴς),
3060 3730 3088 3784 6
3121 3728 3261 3802 μήτε
3284 3730 3463 3799 γάμον
3491 3733 3597 3800 ὲμ-

2007 3820 2391 3874 πολιτεύεσθαι
2423 3821 2502 3893 τῷ
2532 3820 2673 3893 μετὰ
2701 3821 2800 3894 τὴν
2827 3821 3126 3876 ἀνάστασιν
3156 3820 3259 3892 βίῳ
3283 3820 3595 3892 διοριζόμε-

2004 3928 2113 3975 voc,
2143 3914 2280 3983 μήτε
2306 3911 2397 3966 διὰ
2430 3912 2687 3986 βρώσεως
2713 3914 2809 3968 καὶ
2834 3912 3055 3978 πόσεως
3082 3912 3181 3985 τὴν
3207 3912 3332 3967 τότε
3358 3913 3595 3985 διακρα-

2001 4002 2211 4058 τεῖσθαι
2237 4001 2407 4076 ζωὴν,
2429 4005 2512 4070 τίς
2539 4004 2691 4059 ἔσται
2719 4005 2914 4077 χρῆσις
2942 4004 3053 4059 τῶν
3086 4004 3267 4076 μερῶν
3289 4004 3385 4058 τοῦ
3408 4004 3597 4076 σώμαι

2003 4111 2116 4158 τος,
2136 4095 2321 4149 οὐκέτι
2345 4095 2454 4150 τῶν
2480 4094 2546 4150 δι’
2577 4095 2616 4151 ἃ
2649 4095 2745 4150 νῦν
2772 4095 2981 4150 ἐστιτὰ
3004 4095 3140 4167 μέλη
3167 4095 3308 4151 κατὰ
3330 4095 3427 4168 τὴν
3444 4096 3596 4168 ζωὴν

2002 4185 2217 4256 ἐκείνην
2232 4186 2634 4258 ὲλπιζομένωνς
2664 4189 2728 4241 Εἰ
2750 4187 2859 4258 γὰρ
2873 4186 2968 4240 106
2991 4186 3170 4257 γάμου
3184 4186 3344 4259 χάριν
3362 4188 3434 4241 τὰ
3454 4188 3593 4259 πρὸς

2000 4279 2093 4334 τὸν
2128 4279 2306 4351 γάμον
2353 4280 2471 4334 ἐστὶ
2528 4281 2665 4353 μέλη
2698 4281 2833 4351 (50),
2859 4280 2990 4334 ὅταν
3030 4279 3144 4351 (41)
3172 4280 3380 4344 ἐκεῖνος
3418 4281 3494 4352 μὴ
3530 4277 3591 4356 ᾖ,

2001 4371 2121 4425 οὐδὲ
2156 4372 2266 4427 τῶν
2290 4372 2427 4445 πρὸς
2460 4374 2666 4427 ἐκεῖνον
2690 4372 2803 4443 (42)
2831 4372 3081 4443 δεόμεθα.
3116 4371 3273 4427 Οὕτω
3318 4373 3430 4444 (45)
3456 4373 3595 4446 πρὸς

1998 4463 2061 4516 τὸ
2082 4464 2243 4535 ἔργον
2261 4465 2318 4518 αί
2351 4467 2550 4536 χεῖρες,
2590 4464 2844 4535 καὶπρὸς
2869 4465 2961 4519 τὸν
2990 4465 3188 4537 δρόμον
3212 4467 3260 4519 οί
3282 4466 3461 4530 πόδες,
3499 4467 3595 4521 καὶ

2007 4555 2143 4626 πρὸς
2176 4555 2274 4626 τὴν
2327 4556 2642 4627 παραδοχὴν
2675 4557 2789 4627 (AM)
2827 4556 2938 4609 τῶν
2967 4557 3151 4611 σιτίων
3180 4557 3241 4611 τὸ
3278 4558 3474 4629 στόμα,
3498 4560 3593 4613 καὶ

2007 4650 2057 4702 οἱ
2088 4650 2299 4715 ὀδόντες
2329 4650 2465 4721 πρὸς
2487 4650 2583 4722 τὴν
2603 4650 2702 4722 τῆς
2738 4650 2947 4721 τροφῆς
2976 4651 3300 4723 ὑπηρεσίαν,
3331 4651 3426 4705 καὶ
3452 4654 3592 4724 πρὸς

2003 4740 2105 4812 τὴν
2138 4742 2303 4811 πέψιν
2330 4740 2402 4795 τὰ
2423 4742 2729 4813 σπλάγχνα,
2778 4743 2873 4796 καὶ
2897 4743 3033 4814 πρὸς
3057 4743 3158 4813 τὴν
3191 4742 3462 4814 ἀποϐολὴν
3484 4743 3594 4798 τῶν

2005 4832 2416 4904 ἀχρειωθέντων
2438 4833 2488 4886 αἱ
2513 4832 2745 4900 ὲξοδικοὶ
2771 4833 2886 4904 (45)
2903 4832 3013 4887 τῶν
3035 4833 3217 4904 πόρων
3259 4833 3393 4904 (46).
3423 4832 3596 4888 Ὅταν

2000 4921 2095 4979 οὖν
2121 4925 2235 4996 (47)
2282 4927 2464 4981 ἐκεῖνα
2506 4927 2582 4999 μὴ
2607 4923 2666 5002 ᾖ,
2692 4927 2762 4983 τὰ
2778 4927 2845 4982 δι’
2876 4929 3059 4983 ἐκεῖνα
3083 4928 3343 4998 γινομένα
3408 4928 3525 4991 πῶς
3556 4927 3593 4999 ἢ

2097 5195 2188 5268 δῼ)
2222 5196 2621 5268 ῌᾳρεκτίκῆς.
2658 5198 2702 5251 Α
2727 5196 2784 5268 B_
2808 5194 3142 5268 πρακτικῆς.

2096 5264 2189 5333 40)
2206 5265 2408 5333 Μέλη.
2457 5265 2647 5322 Delent
2678 5268 2721 5321 A
2752 5266 2814 5320 Β.

2095 5334 2186 5391 Μ)
2221 5334 2388 5389 Οὺδέ.
2420 5338 2463 5389 Δ
2498 5336 2669 5391 οὐδέν.

2073 5406 2188 5473 (42)
2234 5406 2524 5461 Ἐκεῖνον.
2560 5408 2601 5460 Α
2638 5407 2678 5459 Β
2711 5408 2914 5461 ἐκεῖνο.

2099 5475 2189 5530 Ιιὸ)
2226 5476 2412 5530 Οὕτω.
2457 5477 2501 5529 Α
2527 5476 2566 5529 Β
2595 5476 2740 5530 οὕτω
2767 5477 2881 5529 καί.

2034 5542 2043 5552 ’
2080 5542 2188 5617 (μ)
2225 5546 2604 5617 Παρηδοχήν.
2650 5547 2690 5598 Β
2712 5546 3100 5617 ,παραδρομήνι

2080 5602 2194 5683 (1.5)
2239 5602 2543 5679 ’κέρδικὲίὶ
2582 5616 2627 5668 Α
2658 5617 2699 5667 B
2720 5602 3031 5682 διεξοδὶκᾱν.

2083 5683 2199 5757 (46)
2234 5687 2462 5757 Πρρων.
2496 5687 2535 5739 Β
2569 5687 2810 5757 πύρνων.

2081 5751 2195 5825 (47)
2235 5751 2378 5810 Οὖν.
2410 5756 2561 5812 Deiot
2592 5751 2649 5811 Bt

2102 5123 2196 5194 38)
2237 5122 2445 5194 Ὴμῶν.
2479 5124 2635 5181 Delet
2660 5125 2751 5181 Β..

2097 5195 2188 5265 59)
2222 5196 2621 5265 Παρεκτικῆς.
2658 5196 2751 5251 AI

2096 5264 2167 5318 40
2206 5265 2408 5333 Μέλη.
2457 5265 2647 5322 Delent
2678 5268 2721 5321 A

2095 5269 2189 5406 Μ)
2221 5334 2388 5389 Οὺδέ.
2420 5338 2463 5389 Δ
2498 5336 2669 5391 οὐδέν.

2168 5269 2189 5613 ἐ
