3992 6452
337 435 442 492 με

1426 433 1519 492 DE
1552 433 1777 499 ΑΝΙΜΑ,
1809 434 1897 493 ΕΤ
1939 439 2545 498 RESURRECTIONE.

3536 444 3637 499 M6

341 548 480 621 ὑπὲρ
505 547 653 613 τινος
709 549 891 615 ἔσται,
933 549 1007 613 ὼς
1037 549 1281 621 ἀνάγκην
1310 544 1471 616 εἶναι,
1504 552 1552 605 ει
1577 550 1678 623 μὲν
1706 551 1819 624 (48)
1848 553 1933 624 εῖη

2055 569 2165 608 :iem
2201 554 2452 611 ciborum
2488 570 2586 620 os,
2628 554 2824 610 dentes
2852 553 2919 609 ad
2961 555 3326 613 ministerium
3365 556 3635 619 alimenti.

338 640 570 711 περιττά
601 640 676 694 τά
703 639 934 713 σώματα
971 641 1112 714 πρὸς
1134 641 1288 721 οὐδὲν
1320 642 1458 713 πρὸς
1494 643 1594 715 τὴν
1620 642 1766 715 ζωὴν
1794 644 1937 698 ὲκεί-

339 751 439 805 νην
467 736 756 805 συνεργεῖν
793 734 1071 806 μέλλοντα,
1113 736 1247 807 μηδὲ
1280 733 1393 808 (49)
1434 731 1575 791 εἷναί
1605 755 1658 791 τι
1690 738 1799 793 τῶν
1821 737 1936 809 (50)

340 824 435 881 νῦν
455 825 927 897 συμπληρούντων
952 826 1085 897 ἡμῖν
1112 826 1238 897 (51)
1255 828 1319 880 τὸ
1338 826 1499 899 σῶμα
1525 828 1607 895 (ὲν
1623 827 1803 891 ἀλλοις
1825 827 1935 899 γὰρ

343 919 377 989 ἡ
408 915 567 989 ζωὴ),
598 918 696 970 καὶ
751 918 938 971 οὐκέτι
966 917 1080 991 (52)
1103 916 1163 972 τὸ
1198 918 1441 973 τοιοῦτον
1482 919 1781 973 ἀνάστασιν
1813 921 1933 973 ὀνο-

2037 645 2108 700 ad
2167 647 2584 703 concoctionem
2634 654 2802 717 atque
2856 646 3224 718 dlgestlonem
3270 648 3486 706 viscera
3518 689 3535 716 ,
3581 655 3638 704 et

2035 738 2104 793 ad
2170 739 2524 811 rejectionem
2557 748 2614 796 et
2661 736 3036 799 excretionem
3096 758 3289 801 eorum
3341 759 3464 815 quae
3509 758 3639 799 cor-

2031 839 2193 902 rupta
2250 840 2415 902 atque
2460 833 2677 889 inutilia
2722 833 2869 889 facta
2947 842 3125 902 sunt,
3168 844 3380 892 meatus
3427 836 3504 892 illi
3537 851 3637 907 per

2029 941 2169 996 quos
2218 936 2508 983 transeunt
2563 936 2619 985 et
2671 936 3068 985 excernuntur.
3144 928 3282 985 Cum
3332 928 3500 1000 igitur
3539 930 3622 984 illi

346 1011 561 1083 μάσειε,
590 1009 702 1065 τῶν
735 1010 857 1065 καθ’
884 1010 1115 1066 ἕκαστον
1145 1010 1323 1083 μελῶν
1351 1010 1441 1065 διὰ
1471 1011 1569 1084 τὴν
1601 1012 1787 1086 ἐκείνῃ
1818 1011 1932 1085 (55)

2055 1033 2140 1073 ton
2176 1018 2382 1075 fuerint
2424 1035 2490 1076 ea
2546 1036 2670 1092 quae
2703 1028 2929 1093 propter
2969 1021 3065 1076 illa
3119 1021 3264 1075 facta
3325 1027 3476 1085 sunt,
3499 1036 3611 1092 quo

340 1107 412 1176 τῇ
448 1101 564 1174 ζωῇ
600 1103 906 1175 ἀχρηστίαν
943 1103 1005 1157 οὑ
1052 1102 1529 1175 συνανισταμένων
1564 1100 1644 1175 τῷ
1687 1101 1932 1174 σώματι;

344 1199 408 1252 Εί
433 1197 489 1251 δὲ
502 1195 592 1251 διά
614 1196 837 1251 πάντων
852 1195 1006 1251 ἔσται
1027 1195 1233 1250 τούτων
1252 1195 1489 1268 ἐναργὴς
1508 1196 1622 1267 (54)
1643 1196 1676 1267 ἡ
1699 1196 1933 1251 ἀνάστα-

345 1305 456 1352 σις,
494 1286 699 1358 μάταια
737 1288 873 1358 ἡμῖν
903 1286 998 1341 καὶ
1022 1286 1259 1358 ἀνόνητα
1297 1271 1420 1359 ’(55)
1476 1285 1614 1359 πρὸς
1656 1285 1757 1357 τὴν
1787 1286 1937 1359 ζωὴν

347 1381 566 1452 ἐκείνην
589 1380 988 1453 δημιουργήσει
1003 1382 1031 1434 ό
1056 1380 1295 1452 ἐνεργῶν
1316 1381 1423 1452 ,τὴν
1440 1379 1758 1436 ἀνάστασιν.
1776 1380 1935 1435 Ἀλλά

352 1473 459 1545 μὴν
482 1473 576 1527 καὶ
624 1468 765 1526 εἶναι
794 1471 1071 1527 πιστεύειν
1108 1470 1215 1543 χρὴ
1255 1469 1352 1542 τὴν
1381 1470 1699 1537 ἀνάστασιν,
1735 1472 1829 1526 καὶ
1859 1471 1935 1543 μὴ

354 1566 589 1637 ματαίαν
610 1561 773 1622 εἶναι.
790 1564 1000 1620 Οὐκοῦν
1024 1565 1356 1637 προσεκτέον
1373 1563 1451 1636 τῷ
1476 1563 1640 1636 λόγῳ,
1654 1566 1803 1629 ὅπως
1821 1565 1935 1637 (56)

348 1652 419 1707 ἀν
464 1655 596 1725 ἡμῖν
633 1652 723 1707 διά
752 1652 974 1709 πάντων
1005 1654 1065 1708 ἐν
1094 1652 1171 1725 τῷ
1205 1653 1437 1725 δόγματι
1466 1654 1527 1709 τὸ
1562 1654 1709 1721 εἰκὸς
1733 1655 1934 1710 διασώ-

351 1744 520 1809 (ouo.

2032 1106 2199 1163 modo
2227 1108 2457 1179 cujusve
2491 1110 2667 1180 gratia
2690 1117 2885 1175 erunt,
2927 1118 2989 1165 ut
3023 1124 3252 1167 necesse
3297 1109 3390 1175 sit,
3445 1109 3494 1165 si
3526 1108 3639 1181 qui-

2031 1198 2157 1255 dem
2196 1199 2347 1256 circa
2370 1215 2572 1272 corpus
2622 1217 2733 1256 non
2772 1200 2978 1257 fuerint
3009 1217 3072 1257 ea
3096 1241 3111 1269 ,
3139 1194 3262 1271 Quae
3293 1200 3431 1257 nihil
3479 1200 3643 1271 adju-

2031 1289 2202 1346 menli
2251 1291 2321 1349 iis
2371 1308 2494 1364 quae
2526 1292 2595 1347 ad
2635 1293 2787 1347 illam
2836 1291 3005 1348 vitam
3065 1292 3346 1363 pertinent
3399 1292 3639 1347 allatura

2034 1382 2167 1450 sint,
2217 1384 2357 1440 nihil
2402 1384 2522 1442 fore
2553 1401 2744 1442 eorum
2786 1400 2909 1457 quae
2953 1400 3159 1456 corpus
3213 1395 3461 1442 nostrum
3493 1401 3643 1440 nunc

2042 1476 2391 1531 constituunt
2434 1487 2490 1532 ct
2545 1478 2826 1548 complent
2858 1477 2967 1547 (in
3015 1476 3144 1532 aliis
3192 1476 3342 1532 enim
3388 1475 3502 1531 vita
3557 1473 3643 1530 fu-

2042 1568 2231 1639 erit),
2264 1569 2431 1640 idque
2476 1586 2589 1625 non
2618 1570 2858 1640 amplius
2930 1570 3129 1642 aliquis
3178 1569 3641 1625 resurrectionem

2042 1662 2469 1731 nominaverit,
2511 1679 2637 1719 cum
2722 1663 3024 1736 singularia
3092 1678 3328 1732 quaeque
3395 1662 3645 1716 membra

2045 1761 2270 1824 propter
2308 1769 2502 1811 eorum
2543 1759 2600 1811 in
2651 1757 2746 1811 illa
2792 1756 2904 1811 vita
2943 1755 3324 1818 inutilitatem,
3394 1767 3504 1810 non
3536 1768 3646 1807 una

352 1850 479 1891 cum
552 1849 792 1907 corpore
858 1836 1200 1908 resurgant?
1266 1836 1366 1891 Sin
1446 1844 1628 1893 autem
1686 1854 1785 1909 per
1850 1840 1969 1896 haec
2035 1846 2222 1900 omnia
2278 1840 2656 1904 resurrectio'
2700 1847 3222 1919 reprmsentabitur,
3297 1855 3354 1902 et
3416 1836 3645 1903 exerce-

352 1930 525 1993 bitur,
560 1944 701 1986 vana
754 1931 918 1988 nobis
970 1939 1026 1986 et
1066 1931 1281 1986 inutilia
1347 1931 1415 1987 ad
1472 1931 1623 1987 illam
1678 1933 1842 1988 vitam
1899 1940 2213 2006 procreahit
2275 1941 2323 1997 is
2372 1942 2468 2012 qni
2533 1941 3001 1999 resurrectionem
3054 1946 3278 1996 exercet
3341 1946 3508 2009 atque
3556 1952 3649 1992 re-

354 2032 670 2096 praesentat.
745 2024 913 2095 Atqui
967 2031 1023 2080 et
1060 2039 1186 2081 esse
1241 2025 1706 2081 resurrectionem
1753 2034 1808 2082 et
1839 2043 1949 2083 non
1994 2028 2194 2086 frustra
2248 2048 2368 2088 eam
2445 2036 2569 2090 esse
2611 2033 2840 2089 credere
2892 2040 3128 2103 oportet.
3207 2031 3351 2101 Ergo
3408 2028 3645 2084 orationi

353 2118 643 2191 diligenter
700 2117 920 2173 animus
970 2115 1339 2172 attendendus
1401 2116 1509 2172 erit
1544 2158 1559 2182 ,
1608 2132 1719 2188 quo
1784 2133 1883 2188 per
1956 2122 2147 2177 omnia
2206 2124 2363 2181 nobis
2425 2125 2479 2180 in
2531 2125 2636 2181 hac
2694 2124 2968 2182 sententia
3022 2136 3167 2191 aque
3243 2118 3497 2176 doctrina
3563 2117 3639 2186 id,

358 2211 507 2282 quod
568 2209 850 2281 probabile
898 2216 954 2264 et
1023 2214 1460 2281 consentaneum
1519 2216 1645 2276 est,
1710 2219 2096 2269 conservetur.
2614 2206 2621 2215 ’

447 2300 491 2352 Μ
504 2344 516 2355 .
543 2299 704 2369 Ἐμοῦ
719 2300 776 2353 δὲ
788 2297 959 2355 ταῦτα
973 2298 1350 2366 διεξελθόντος,
1367 2301 1480 2357 Οὐκ
1493 2301 1755 2373 ἀγεννῶς,
1785 2302 1952 2371 φησὶν

2117 2311 2190 2366 Μ.
2210 2310 2304 2367 llis
2323 2326 2352 2365 a
2371 2325 2457 2366 me
2474 2310 2760 2383 expositis,
2781 2304 3007 2387 Egregie
3026 2312 3161 2366 satis
3183 2318 3344 2382 atque
3362 2302 3650 2375 prmia“.

359 2400 392 2469 ἡ
417 2394 753 2459 διδάσκαλος,
771 2392 915 2446 κατά
948 2394 1047 2463 τὴν
1071 2391 1374 2463 λεγομένην
1404 2389 1700 2463 ῥητορικὴν
1722 2392 1831 2445 τῶν
1856 2393 1955 2463 τῆς

358 2488 706 2552 ἀναστάσεως
732 2484 1018 2557 δογμάτων
1046 2484 1518 2555 κατεπεχείρησας
1541 2482 1678 2556 (57),
1706 2483 1954 2548 πιθανῶς

358 2587 473 2647 τοῖς
483 2581 964 2643 ἀνασκευαστικοῖς
980 2576 1088 2632 τῶν
1108 2577 1283 2644 λόγων
1304 2577 1363 2630 ὲν
1385 2576 1572 2649 κύκλῳ
1594 2575 1957 2650 περιδραμὼν

358 2677 461 2750 τὴν
492 2675 769 2747 ἀλήθειαν,
825 2671 966 2727 ὥστε
991 2670 1118 2735 τοὺς
1151 2669 1228 2741 μὴ
1258 2669 1380 2725 λίαν
1424 2669 1875 2741 ὲπεσκεμμένους
1895 2669 1959 2723 τὺ

360 2771 460 2841 τῆς
486 2766 740 2840 ἀληθείας
781 2766 1078 2837 μυστήριον
1101 2761 1299 2816 παθεῖν
1326 2759 1393 2815 ἀν
1425 2778 1544 2827 πως
1572 2760 1688 2832 (58)
1720 2761 1783 2813 τὸ
1810 2759 1955 2814 κατά

361 2860 427 2915 τὸ
454 2859 601 2923 εἰκὸς
633 2857 768 2930 πρὸς
795 2855 887 2910 τὸν
904 2855 1084 2924 λόγον,
1102 2853 1199 2909 κα).
1212 2853 1463 2925 οἰηθῆναι
1481 2852 1557 2925 μὴ
1575 2851 1679 2918 ἔξω
1692 2851 1786 2906 τοῦ
1806 2851 1925 2906 δέον
1942 2881 1956 2892 ο

361 2970 455 3016 τος
474 2950 708 3022 ὲπῆχθαι
726 2949 838 3020 (59)
860 2948 971 3012 τοῖς
991 2945 1305 3018 εἰρημένοις
1330 2946 1430 3018 τὴν
1454 2942 1797 3016 ὲπαπόρησιν
1817 2943 1953 3017 (60).

367 3045 523 3115 Ἔχει
555 3042 612 3097 δὲ
639 3042 737 3113 οὐχ
770 3038 933 3105 οὕτω,
965 3038 1210 3111 φησὶν,ή
1250 3036 1499 3109 ἀλήθεια,
1536 3036 1642 3091 κᾶν
1673 3024 1956 3099 ἀδυνάτως

364 3138 576 3210 ἔχωμεν
598 3136 662 3189 ἑκ
684 3134 795 3189 τῶν
831 3130 1033 3204 όμοίων
1053 3128 1500 3203 ἀντιρητορεύειν
1528 3127 1607 3199 τῷ
1634 3127 1802 3199 λόγῳ,
1832 3124 1954 3181 ἀλλ’

363 3232 394 3286 ό
422 3229 521 3301 μὲν
545 3227 751 3300 ἀληθὴς
798 3225 929 3298 περ)¹
955 3225 1163 3279 τούτων
1192 3221 1351 3292 λόγος
1379 3222 1439 3275 ὲν
1465 3222 1579 3286 τοῖς
1615 3218 1959 3292 ἀποκρύφοις

368 3325 562 3394 σοφίας
595 3321 707 3392 (61)
735 3320 1032 3392 θησαυροῖς
1084 3317 1461 3389 τεταμίευται,
1495 3315 1616 3371 τότε
1647 3318 1728 3381 είς
1749 3315 1814 3371 τὸ
1852 3317 1957 3386 ὲμα

365 3413 533 3484 φανὶς
555 3411 721 3483 ἥξων,
742 3411 874 3465 ὅταν
890 3409 1037 3482 ἔργῳ
1050 3408 1112 3463 τὸ
1132 3408 1233 3478 τῆς
1255 3407 1605 3471 ἀναστάσεως
1621 3405 1962 3478 διδαχθῶμεν

2056 2405 2233 2476 inquit
2279 2406 2565 2476 magistra.
2611 2421 2709 2478 per
2750 2420 2876 2463 eam
2906 2411 3107 2468 artem,
3144 2416 3269 2474 qua:
3292 2401 3537 2458 oratoria
3560 2397 3649 2457 di-

2053 2498 2220 2563 citur,
2272 2498 2603 2554 sententiam
2653 2506 2819 2569 atque
2868 2497 3175 2556 doctrinam
3222 2491 3651 2553 resurrectionis

2054 2604 2352 2663 aggressus
2404 2600 2570 2663 atque
2621 2590 2852 2649 adortus
2899 2605 2982 2654 es,
3037 2586 3507 2660 probabiliterque
3556 2599 3650 2642 re-

2055 2679 2333 2738 futatoriis
2362 2682 2548 2739 verbis
2598 2690 2653 2738 et
2682 2681 3026 2755 argumentis
3059 2678 3308 2750 undique
3359 2678 3650 2733 veritatem

2055 2773 2453 2830 circumeundo
2492 2775 2741 2837 tentasti,
2790 2781 2846 2827 ut
2894 2788 3005 2828 non
3052 2771 3255 2826 mirum
3296 2768 3481 2833 fuerit,
3524 2768 3572 2823 si
3613 2767 3650 2842 ii

2054 2865 2150 2937 qui
2184 2880 2296 2920 non
2325 2866 2621 2921 admodum
2667 2865 2915 2921 veritatis
2960 2864 3282 2935 mysterium
3331 2859 3649 2918 considera-

2054 2964 2175 3013 tum
2203 2965 2372 3028 atque
2402 2966 2756 3031 perspectum
2800 2955 3114 3021 habuerint,
3146 2954 3334 3026 aliquo
3364 2951 3528 3011 modo
3558 2966 3656 3022 per

2056 3049 2165 3106 ista
2206 3050 2379 3106 verba
2426 3057 2595 3121 atque
2650 3055 2974 3120 argumenta
3024 3060 3127 3119 pro
3175 3060 3370 3103 eorum
3400 3043 3656 3116 probabio

2056 3139 2213 3195 litate
2242 3147 2409 3211 atque
2438 3138 2924 3196 verisimilitudine
2955 3145 3428 3203 commoveantur,
3457 3150 3523 3191 ac
3552 3151 3655 3206 pu-

2059 3239 2176 3289 tent
2216 3246 2328 3289 non
2357 3231 2596 3289 absurde
2629 3246 2812 3304 neque
2846 3229 2947 3287 abs
2968 3245 3031 3285 re
3056 3229 3147 3297 iis,
3172 3243 3295 3305 qua:
3323 3227 3470 3285 dicta
3499 3235 3653 3293 sunt,

2059 3321 2343 3378 inductam
2371 3336 2495 3379 esse
2516 3319 2937 3378 dubitationem.
2970 3318 3195 3376 Veritas
3221 3326 3428 3384 autem,
3454 3317 3650 3389 inquit,

2062 3428 2170 3468 non
2204 3413 2278 3468 ita
2307 3429 2430 3469 sese
2468 3411 2655 3479 habet,
2704 3410 2923 3468 etiamsi
2954 3417 3152 3465 contra
3207 3426 3316 3465 non
3378 3409 3656 3480 possimus

368 3505 686 3580 μυστήριον,
720 3504 811 3557 ὅτε
840 3502 1022 3557 οὐκέτι
1046 3501 1229 3573 δεήσει
1256 3499 1518 3572 ῥημάτων
1542 3501 1678 3571 ἡμῖν
1695 3500 1832 3571 πρὸς
1854 3499 1952 3571 τὴν

2064 3518 2093 3555 a
2154 3502 2431 3558 similibus
2490 3500 2838 3572 argumentis
2908 3498 3092 3555 ollicio
3144 3500 3385 3555 oratoris
3442 3498 3499 3554 in
3554 3498 3657 3553 hac

364 3595 735 3668 ἐλπιζομένων
764 3594 878 3667 (62)
906 3593 1233 3666 φανέρωσιν.
1296 3591 1438 3646 Ἀλλ’
1472 3592 1663 3663 ὥσπερ
1712 3593 1770 3646 ὲν
1804 3593 1952 3645 νυκτὶ

2062 3592 2463 3665 disceptatione
2492 3590 2670 3664 fungi,
2724 3590 2820 3647 sed
2854 3605 3005 3667 vera~
3029 3589 3253 3660 quidem
3294 3589 3432 3645 ratio
3461 3588 3657 3643 harum

367 3689 579 3744 πολλῶν
633 3686 966 3759 κινουμένων
1018 3689 1133 3750 τοῖς
1172 3683 1565 3756 διαγρυπνοῦσι
1619 3683 1801 3753 λόγοις
1843 3683 1952 3754 (65)

2064 3698 2249 3739 rerum
2297 3683 2350 3736 in
2396 3680 2598 3739 abditis
2638 3687 2693 3736 et
2722 3680 2954 3736 occultis
3005 3680 3335 3750 arcanisque
3378 3677 3658 3749 sapientia:

370 3779 498 3851 περὶ
553 3779 651 3849 τῆς
704 3776 798 3831 τοῦ
847 3776 997 3848 ἡλίου
1053 3774 1415 3847 λαμπηδόνος,
1455 3775 1542 3829 οἵα
1577 3776 1747 3838 ἐστὶν,
1782 3775 1952 3846 ἀργὴν

2065 3774 2344 3831 thesauris
2392 3771 2677 3829 recondita
2724 3780 3113 3838 conservatur,
3165 3780 3298 3827 tunc
3350 3772 3406 3827 in
3461 3787 3650 3842 propa-

368 3870 632 3943 ποιεῖτὴν
654 3870 750 3925 τοῦ
775 3870 935 3939 λόγου
958 3869 1285 3940 ὑπογραφὴν
1310 3869 1651 3941 προφανεῖσα
1673 3866 1834 3939 μόνον
1858 3868 1952 3940 τῆς

2068 3870 2241 3924 talum
2285 3876 2340 3923 et
2369 3874 2619 3940 apertum
2651 3874 2908 3934 ventura,
2939 3880 3064 3923 cum
3088 3866 3270 3936 reipsa
3299 3864 3657 3920 didicerimus

370 3968 646 4039 ἀκτῖνοςή
678 3965 858 4038 χάρις,
901 3965 1043 4019 οὕτω
1079 3964 1257 4019 πάντα
1294 3964 1553 4035 λογισμὸν
1592 3958 1961 4036 στοχαστικῶς

371 4061 473 4132 τῆς
506 4059 805 4134 μελλούσης
828 4057 1214 4122 καταστάσεως
1232 4057 1636 4130 ἐφαπτόμενον,
1666 4056 1784 4110 ἀντ’
1815 4055 1967 4110 οὐδε-

372 4153 465 4216 νὸς
485 4151 876 4217 ὑποδείκνυσιν,
910 4149 1000 4204 ὅτε
1040 4148 1151 4221 (64)
1179 4149 1404 4221 γένηται
1445 4150 1577 4221 ἡμῖν
1618 4149 1676 4201 ὲν
1703 4149 1770 4220 τῇ
1802 4146 1968 4218 πείρα

373 4244 436 4299 τὸ
464 4242 931 4315 προσδοκώμενον.
966 4241 1184 4314 Ἐπειδὴ
1212 4240 1323 4312 (65)
1357 4241 1413 4294 δὲ
1453 4241 1559 4314 χρὴ
1589 4238 1700 4311 (66)
1737 4239 1813 4311 μὴ
1834 4256 1969 4297 παν-

373 4334 611 4393 τάπασιν
672 4333 1058 4403 άνεξετάστους
1113 4330 1226 4403 (67)
1272 4331 1499 4415 ὲαθῆναι
1544 4329 1645 4394 τὰς
1712 4329 1970 4383 ἀντυπεν.

376 4424 627 4498 εχθείσας
659 4425 792 4495 ἡμῖν
820 4422 1119 4486 ἐνστάσεις,
1156 4420 1357 4474 οὑτωσὶ
1377 4418 1468 4473 τὸν
1486 4434 1553 4472 πε
1562 4418 1617 4491 ρ).
1649 4416 1854 4473 τούτων
1881 4415 1969 4469 λό-

371 4534 471 4589 γον
488 4514 857 4586 διαληψόμεθα
889 4513 1024 4587 (68).
1046 4512 1257 4584 Νοῆσαι
1290 4511 1396 4585 χρὴ
1436 4510 1654 4583 πρῶτον
1683 4509 1809 4574 τίςό
1839 4526 1968 4564 σκο-

374 4609 476 4676 πὸς
507 4610 598 4664 τοῦ
625 4608 770 4665 κατὰ
797 4609 897 4681 τὴν
931 4608 1229 4665 ἀνάστασιν
1270 4605 1561 4677 δόγματος,
1582 4603 1677 4660 καὶ
1699 4601 1808 4675 (69)
1843 4602 1966 4656 ὅτου

377 4702 539 4776 χάριν
567 4703 660 4756 καὶ
685 4702 899 4774 εἴρηται
937 4700 1096 4754 τοῦτο
1129 4697 1283 4771 παρά
1313 4701 1413 4769 τῆς
1444 4697 1606 4767 ἀγίας
1635 4695 1821 4766 φωνῆς
1850 4694 1964 4767 (70)

2068 3962 2393 4034 mysterium
2438 3960 2883 4022 resurrectionis,
2940 3974 3064 4015 cum
3110 3957 3296 4019 verbis
3340 3956 3499 4012 nobis
3549 3971 3656 4012 non

2064 4055 2302 4129 amplius
2344 4070 2484 4125 opus
2531 4052 2720 4118 fuerit,
2776 4050 2843 4105 ad
2893 4067 3087 4107 earum
3129 4066 3312 4108 rerum
3370 4065 3491 4121 quae
3530 4065 3657 4120 spe-

2066 4157 2263 4204 rantur
2284 4145 2809 4203 manifestationem.
2840 4143 2946 4200 Sed
2970 4141 3434 4213 quemadmodum
3457 4144 3657 4197 multas

2065 4238 2405 4309 quaestiones
2458 4236 2527 4292 de
2579 4236 2871 4307 splendore
2903 4235 3061 4301 solis,
3092 4233 3276 4306 qualis
3332 4234 3381 4289 is
3409 4233 3503 4299 sit,
3535 4249 3657 4290 mo-

2067 4332 2325 4387 ventibus
2355 4331 2423 4385 iis
2448 4328 2542 4399 qui
2576 4335 2793 4384 noctem
2822 4327 3484 4398 pervigilem'traducunt,
3519 4328 3664 4383 radii

2070 4420 2236 4478 decor
2270 4421 2463 4492 procul
2485 4422 2754 4477 duntaxat
2785 4436 3056 4493 apparens
3088 4420 3412 4484 frustratur,
3441 4428 3662 4475 vanam,

2069 4528 2177 4584 que
2212 4522 2266 4568 et
2321 4512 2558 4567 otiosam
2604 4520 2769 4583 atque
2800 4514 3069 4569 inutilem
3118 4512 3295 4570 ellicit,
3322 4513 3661 4583 propositam

2070 4604 2499 4675 disputationem
2535 4624 2547 4660 :
2579 4603 2771 4661 eodem
2806 4606 2972 4661 modo
3001 4605 3183 4664 omnis
3213 4605 3356 4660 ratio
3388 4620 3485 4676 per
3527 4620 3661 4661 con-

2069 4697 2318 4768 jecturas
2352 4697 2600 4753 futurum
2628 4706 2834 4754 statum
2864 4699 3167 4770 attingens,
3198 4713 3300 4769 pro
3334 4698 3509 4754 nihilo
3536 4713 3669 4753 esse

376 4796 473 4850 καὶ
523 4796 901 4850 πεπίστευται.
952 4791 1184 4857 Οὐκοῦν,
1243 4790 1319 4855 ὡς
1366 4791 1431 4846 ἀν
1472 4807 1558 4854 τις
1612 4788 1725 4860 ὅρῳ
1763 4787 1874 4842 τινὶ
1904 4787 1952 4842 τί

2073 4791 2421 4855 ostendetur,
2460 4806 2587 4845 cum
2618 4792 2802 4862 reipsa
2830 4793 3041 4863 experti
3095 4790 3393 4857 fuerimus,
3426 4789 3480 4844 id
3510 4789 3663 4859 quod

378 4884 618 4941 τοιοῦτον
665 4886 778 4959 (71)
823 4883 1136 4959 περιλαϐὼν
1170 4882 1566 4956 ὑπογράψειεν,
1593 4880 1766 4946 οὕτως
1808 4880 1964 4954 ἐροῦ-

470 5066 582 5137 (48)
615 5069 686 5122 ΕΖ
715 5067 850 5137 μέν.
899 5067 944 5120 A
970 5069 1018 5120 εί
1069 5066 1169 5137 μὲν
1216 5067 1290 5137 μὴ
1320 5064 1406 5135 εἴη
1440 5064 1569 5134 περὶ
1600 5063 1663 5137 τὸ
1702 5061 1863 5137 σῶμα
1880 5060 1961 5137 Ατὰ

380 5132 518 5219 πρός
548 5132 848 5193 οὐδὲντῶν
881 5138 1019 5209 πρὸς
1050 5132 1148 5210 τὴν
1181 5132 1350 5207 ζωήν.
1395 5132 1457 5187 ’Β
1484 5132 1533 5189 εἰ
1567 5133 1667 5204 μὲν
1704 5132 1963 5206 μὴοὺδὲν

384 5225 518 5262 των.
1660 5224 1671 5234 ⁸

459 5276 568 5369 ςὲἓὶ
601 5279 806 5369 l’ﬂf’ér-
823 5278 1085 5369 £33.5in

458 5347 571 5419 (50)
602 5352 662 5404 Τί
689 5347 827 5408 τῶν.
852 5350 925 5419 fre
953 5347 1097 5404 delet
1127 5348 1187 5401 Β.

602 5351 1247 5489 ῗέιῗνὲιιθ
1273 5416 1445 5487 ὑμῶν.

480 5489 568 5559 5‘2)
602 5491 832 5545 οὐκέτι.
860 5492 907 5543 Α
937 5489 976 5543 Β
1007 5490 1107 5544 οὐκ
1141 5490 1216 5545 ἐτ’
1249 5491 1316 5544 ἀν
1343 5505 1449 5552 τις.

480 5560 571 5628 55)
614 5562 864 5628 Ἑκείνῃ.
911 5560 1262 5630 Αὲνὲκείνῃ.

481 5632 571 5699 54)
615 5632 920 5701 Ἐναργός.
961 5632 1005 5684 Α
1029 5631 1271 5701 ἐνεργός.

457 5635 571 5771 (54)
615 5635 920 5701 Ἐναργός.
961 5635 1005 5684 Α
1029 5635 1271 5701 ἐνεργός.

483 5702 573 5770 53)
621 5703 931 5768 Ἀνόνητα.
972 5701 1016 5755 Α
1049 5702 1281 5769 ἀνόνητα
1309 5698 1362 5751 ἆ.

460 5772 578 5826 (56)
604 5773 825 5826 "Onam.
868 5771 913 5824 A
940 5773 993 5825 in
1023 5773 1269 5826 margine
1295 5773 1362 5826 du:

460 5775 551 5844 (56

464 5844 551 5909 (57

462 5915 556 5978 (58

604 5773 825 5839 Ὅπως.
868 5771 913 5824 Α
940 5773 993 5825 in
1023 5773 1269 5840 margine
1295 5773 1392 5840 ὡς.

607 5844 984 5911 Κατεπεχειξρ.
1016 5841 1054 5892 Β
1088 5839 1569 5912 κατενεχείρησας.

615 5916 727 5970 Ἀν
752 5910 894 5979 πως.
930 5913 975 5966 Δ
1004 5912 1041 5965 Β
1065 5912 1128 5965 ἄν
1158 5928 1208 5964 τι
1233 5910 1393 5967 κατά.

559 5774 578 5981 ξ

2072 4889 2445 4955 exspectatur.
2488 4881 2763 4948 Quoniam
2820 4891 3003 4939 autem
3043 4899 3113 4940 ex
3160 4882 3415 4939 adverso.
3445 4880 3663 4951 objecta

2167 5061 2257 5131 59)
2295 5063 2603 5132 Ἐπῆχθηι.
2642 5062 2685 5116 Α
2719 5063 3048 5133 ἐπαχθῆναι.

2167 5133 2259 5205 66)
2310 5135 2745 5205 Ἐπαπόρησιν.
2779 5134 2819 5205 8
2843 5134 3132 5205 ἀπόρησιν.

2166 5203 2257 5270 61)
2290 5203 2404 5274 Τῆς
2434 5204 2676 5274 σοφίας.
2724 5204 2877 5258 Dolet
2906 5203 2967 5259 Β.

2167 5274 2257 5347 62)
2307 5273 2606 5347 Ἐλπιζομ.
2637 5273 2688 5347 _B
2707 5275 2819 5347 τῶν
2847 5274 3104 5347 ὲλπιζομ.

2169 5345 2258 5415 65)
2286 5347 2517 5414 Λόγοις.
2556 5344 2600 5398 Δ
2637 5344 2678 5398 Β
2705 5345 2896 5412 λόγων.

2142 5415 2258 5483 (64)
2298 5416 2311 5435 '
2327 5415 2764 5469 Υποδείκνυσιν
2788 5415 2904 5468 ὅτε.
2931 5414 2977 5470 Α
2999 5414 3060 5471 Β.
3083 5416 3464 5473 ἀποδείκνυσιν
3508 5416 3659 5476 ὅταν.

2150 5486 2264 5553 (65)
2310 5485 2564 5553 Ἐπειδή.
2595 5486 2639 5539 Δ
2670 5485 2811 5539 ἐπεί.
3028 5509 3037 5519 ·

2153 5556 2265 5622 (66)
2295 5558 2368 5610 Δὲ
2394 5556 2534 5625 χρή.
2581 5554 2733 5610 Delet
2766 5555 2823 5610 Β.

2150 5624 2261 5697 (67)
2296 5624 2787 5697 Ἀνίέξετὰστους.
2818 5627 2856 5679 Α
2885 5625 3275 5693 ἀνεξετάστως.

2151 5696 2261 5770 (68)
2288 5697 2729 5770 Διαῑηψρμερα.
2766 5696 2809 5751 Α
2834 5697 3242 5770 διαληψὼμεθα.

2157 5768 2270 5837 (eo)
2298 5769 2428 5822 Καί.
2448 5767 2610 5837 Delet
2638 5767 2697 5822 Β.

2154 5838 2265 5914 (36)
2292 5836 2521 5914 ιξῳνῆς.
2572 5837 2613 5890 Δ
2646 5839 2699 5914 in
2722 5839 3244 5914 margine_7patcpﬁ;.
3279 5837 3327 5914 _B
3353 5836 3520 5892 delt-'4

2156 5908 2269 5979 (Ἠ)
2312 5909 2603 5964 Τοιοῦτον.
2636 5910 2680 5963 Α
2712 5908 2938 5966 τοιοῦτο.
2975 5910 3016 5965 Β
3047 5908 3126 5981 τῷ
3152 5909 3394 5977 τοιούτῳ.
