3992 6486
398 379 563 480 ιιδ,

1487 400 1577 457 DE
1596 400 1810 458 ANIMA
1842 401 1932 467 ΕΤ
1971 401 2573 464 RESURRECTIONE.

3570 410 3670 468 155

402 506 469 560 Et
500 507 657 580 σῶμά
704 511 827 568 ἐστι
858 516 1134 590 συνδρομὴ
1182 522 1478 594 στοιχείων,
1525 524 1733 598 τούτων
1763 525 1825 579 δὲ
1849 526 1991 596 ἀμή·

2100 530 2312 586 ratione
2337 527 2541 583 mortui
2566 535 2939 597 resurgerem,
2985 526 3143 599 quasi
3184 526 3301 583 ﬁeri
3351 542 3460 583 non
3508 541 3674 597 posse

406 615 564 671 χανος
598 599 714 673 (50)
759 604 827 660 ὲκ
875 606 1128 682 δευτέρου
1172 614 1206 684 ή
1252 613 1487 680 σύνοδος,
1519 615 1657 687 ποίῳ
1700 618 1995 688 χρήσονται

412 692 620 764 σώματι
650 697 699 749 οξ
741 697 1134 771 ἀνιστάμενοι;
1184 704 1354 760 Τοῦτο
1381 706 1562 762 τοίνυν
1596 708 1660 762 τὸ
1684 708 1876 763 δοκοῦν
1907 708 1996 766 διὰ

409 802 554 893 ervo;
576 790 836 893 τεχνικῆς
870 794 1064 889 caspia;
1107 795 1292 863 αὐτοῖς
1331 798 1772 870 συμπεπλέχθαι,
1817 801 1993 871 ἀφρο-

411 878 577 950 σύνην
616 881 895 953 ὠνόμασε,
944 878 1054 940 τῶν
1102 886 1175 960 μὴ
1223 890 1554 946 κατιδόντιον
1603 892 1661 944 ὲν
1705 893 1773 963 τῇ
1828 891 1993 963 λοιπῇ

410 970 583 1025 κτίσει
610 975 672 1028 τὸ
698 975 968 1047 ὑπερέχον
994 980 1093 1051 τῆς
1123 980 1276 1045 Θείας
1308 982 1613 1054 δυνάμεως.
1661 985 1995 1041 Καταλιπὼν

410 1061 521 1133 γὰρ
547 1063 615 1117 τὰ
638 1065 944 1141 ὑψηλότερα
968 1071 1062 1126 τοῦ
1093 1073 1229 1128 Θεοῦ
1261 1074 1516 1146 θαύματα
1542 1077 1678 1147 (51),
1715 1079 1783 1132 δι’
1815 1071 1890 1133 ὧν
1921 1074 1993 1150 ἦν

410 1154 492 1217 είς
534 1155 766 1228 ἀπορίαν
805 1160 1032 1231 ἀγαγεῖν
1061 1165 1150 1218 τὸν
1174 1165 1463 1232 ἀκούοντα,
1501 1161 1634 1233 οἷον,
1660 1169 1714 1221 τί
1742 1168 1804 1222 τὸ
1824 1169 1993 1240 οὐρά-

412 1262 524 1299 νιον
549 1247 726 1318 σῶμα,
746 1251 840 1304 καὶ
859 1252 1040 1318 πόθεν,
1058 1255 1112 1310 τί
1126 1255 1182 1311 δὲ
1201 1258 1263 1311 τὸ
1283 1257 1527 1329 ἡλιακὸν,
1548 1259 1581 1330 ἢ
1605 1259 1664 1312 τὸ
1689 1260 1991 1331 σεληναῖον,

412 1337 533 1445 ire
560 1341 763 1445 91.1035
786 1345 1005 1445 ἄστροις
1032 1349 1374 1421 φαινόμενον,
1414 1352 1443 1403 ὁ
1469 1351 1651 1423 αἰθὴρ,
1693 1353 1722 1405 ὁ
1765 1352 1892 1424 ἀὴρ,
1926 1354 1989 1408 τὸ

414 1430 577 1501 ὕδωρ,
613 1433 645 1504 ἡ
678 1433 747 1505 γῆ
776 1453 792 1503 ;
827 1435 940 1490 ἀλλ’
973 1439 1038 1492 ὲκ
1069 1438 1178 1509 (52)
1223 1439 1331 1494 τῶν
1361 1440 1672 1512 συντρόφων
1720 1442 1852 1513 ἡμῖν
1893 1442 1988 1496 καὶ

411 1522 732 1593 κοινοτέρων
794 1525 1006 1599 ἐλέγχει
1063 1528 1171 1586 τῶν
1231 1532 1597 1605 ἐνισταμένων
1659 1532 1721 1587 τὸ
1796 1532 1989 1588 ἀνεπί-

413 1627 666 1672 σκεπτον.

2091 628 2409 684 censerent,
2443 627 2505 675 ut
2535 619 2787 688 corporis
2822 619 3094 674 elementa
3136 620 3402 688 dissipata
3451 634 3671 674 rursum

2091 710 2313 767 veniant
2334 711 2403 765 ad
2431 725 2799 777 concursum;
2830 718 2885 765 et
2910 724 3033 765 cum
3060 710 3164 764 hoc
3191 710 3355 780 quasi
3393 709 3510 764 ﬁeri
3561 724 3671 764 non

2091 809 2299 870 posset,
2337 814 2439 856 nec
2501 801 2650 855 aliud
2706 808 2906 871 praeter
2963 799 3019 854 id
3069 799 3218 869 quod
3270 814 3335 854 ex
3392 814 3670 854 concursu

2092 887 2363 944 conﬁetur
2447 889 2874 953 elementorum,
2944 901 3151 957 corpus
3236 887 3669 956 relinqueretur,

2095 996 2249 1036 more
2300 995 2492 1035 eorum
2540 982 2634 1051 qui
2700 980 2983 1037 subtiliter
3035 986 3092 1035 et
3140 978 3340 1034 callide
3385 977 3674 1032 disserunt

2094 1088 2160 1128 ac
2192 1072 2504 1143 disputant,
2532 1088 2630 1143 per
2659 1072 2954 1142 quamdam
2982 1071 3439 1140 consequentiam
3465 1083 3530 1124 ea
3551 1084 3673 1138 qua:

2094 1174 2475 1238 proposuerat,
2525 1164 2776 1219 oratione
2827 1164 3185 1227 concludens,
3242 1163 3347 1217 hoc
3396 1160 3563 1215 dicit:
3613 1157 3671 1213 Si

2094 1252 2299 1328 corpus
2324 1264 2411 1313 est
2459 1270 2769 1312 concursus
2797 1256 3219 1319 elementorum,
3273 1267 3337 1308 ac
3386 1251 3503 1307 ﬁeri
3562 1265 3673 1306 non

2094 1360 2304 1422 potest,
2345 1360 2405 1405 ut
2432 1350 2633 1405 iterum
2663 1363 2727 1403 ea
2746 1354 2943 1403 coeant
2968 1355 3023 1402 et
3043 1344 3533 1413 conveniantzquo
3552 1356 3676 1395 cor-

2092 1456 2225 1512 pore
2255 1447 2481 1495 utentur
2507 1438 2666 1507 ii.qui
2694 1435 3026 1506 resurgunt?
3059 1433 3173 1488 Hoc
3203 1431 3393 1503 igitur,
3412 1427 3676 1500 quodper

2092 1530 2448 1586 artiﬁciosam
2467 1525 2756 1598 quamdam
2777 1524 3129 1579 calliditatem
3161 1523 3231 1577 ab
3267 1522 3336 1577 iis
3361 1531 3672 1575 connexum

2091 1632 2146 1677 et
2187 1620 2578 1679 concinnatum
2627 1618 2951 1683 videbatur,
3000 1614 3291 1671 stultitiam
3344 1608 3670 1673 nominavit,

412 1705 656 1815 qu'i‘non
674 1708 1267 1815 animadrertissentin
1287 1716 1498 1789 reliqua
1513 1718 2153 1790 creaturapraestantiam
2184 1729 2237 1774 et
2259 1715 2640 1773 excellentiam
2673 1711 2932 1784 potentiae
2988 1708 3203 1764 divinae.
3257 1706 3491 1764 Omissis
3524 1704 3671 1759 enim

412 1800 1498 1905 sublimioribusmiraculisDei,perquae
1551 1814 1622 1870 ad
1662 1815 2057 1872 dubitationem
2087 1828 2150 1869 ac
2183 1812 2599 1885 perplexitatem
2656 1807 2854 1867 adduci
2903 1810 3120 1876 poterat
3153 1801 3374 1857 auditor
3401 1839 3418 1865 ,
3479 1796 3670 1860 veluti,

411 1894 672 1963 quidnam
700 1900 773 1954 sit
805 1915 1006 1973 corpus
1033 1905 1282 1972 cmleste,
1314 1917 1409 1963 aut
1434 1909 1580 1966 unde
1608 1910 1701 1974 sit,
1723 1909 1985 1980 quidnam
2041 1909 2171 1964 item
2195 1922 2398 1978 corpus
2430 1906 2565 1962 solis
2597 1910 2694 1960 aut
2718 1903 2885 1967 lunae,
2917 1907 3013 1956 aut
3064 1896 3117 1953 id
3156 1895 3304 1966 quod
3371 1892 3426 1947 in
3462 1889 3672 1947 sideri—

412 1987 529 2098 b“?
560 2000 802 2098 ³ΡΡ³Ϊθδι
835 1997 966 2067 (Ιυίά
1023 1999 1216 2098 διειδεῖ,
1268 2003 1405 2073 quid
1457 2019 1575 2069 aer,
1631 2004 1766 2076 quid
1828 2018 1992 2075 aqua,
2035 2013 2202 2068 terra,
2235 2018 2334 2075 per
2391 2017 2479 2067 ea,
2531 2015 2654 2071 quae
2705 1995 2978 2069 frequenti
3033 1989 3434 2049 consuetudine
3508 1985 3672 2042 nobis

411 2091 542 2138 nota
571 2091 850 2158 magisque
878 2092 1194 2147 communia
1222 2102 1374 2161 sunt,
1405 2096 1590 2167 arguit
1620 2095 1677 2153 in
1731 2096 2202 2154 eonsiderantiam
2236 2093 2706 2150 adversariorum.

481 2197 615 2251 Οὐδὲ
646 2202 679 2272 ἡ
711 2204 955 2274 γεωργία
1001 2223 1061 2261 σε
1101 2207 1362 2275 διδάσκει,
1397 2211 1583 2284 φησὶν,
1631 2212 1714 2267 ὅτι
1763 2212 1991 2284 μάταιός

2162 2211 2245 2264 An
2280 2224 2382 2264 nec
2445 2207 2781 2278 agricultura
2842 2202 3063 2274 quidem
3127 2210 3181 2256 te
3224 2198 3406 2259 docet,
3460 2191 3667 2263 inquit,

410 2289 558 2343 ἐστιν
580 2293 607 2344 ό
635 2292 768 2364 πρὸς
796 2294 856 2348 τὸ
884 2296 1076 2353 ἑαυτοῦ
1105 2299 1303 2372 μέτρον
1317 2302 1428 2372 ’τῆς
1452 2301 1602 2368 θείας
1624 2303 1908 2375 δυνάμεως
1927 2304 1991 2358 τὸ

410 2382 677 2455 ΰπερέχον
721 2388 1153 2462 στοχαζόμενοςς
1218 2394 1384 2450 πόθεν
1428 2398 1544 2460 τοῖς
1595 2397 1875 2468 σπέρμασι
1920 2394 1994 2452 τὰ

410 2477 787 2578 περιφυόμενα
814 2480 1063 2578 adipata;
1099 2483 1152 2537 τί
1180 2484 1238 2538 δὲ
1266 2485 1594 2555 καθηγεῖται
1627 2489 1726 2558 τῆς
1755 2487 1994 2559 βλάστης

410 2564 630 2633 αὑτῶνς
679 2567 799 2638 οὐχὶ
842 2570 1096 2638 θάνατος,
1149 2575 1306 2648 εἴπερ
1353 2576 1581 2641 θάνατός
1624 2580 1771 2632 ἐστιν
1814 2580 1848 2650 ἡ
1898 2575 1992 2631 τοῦ

412 2659 799 2729 συνεστηκότος
837 2662 1112 2730 διάλυσις;
1172 2667 1246 2721 Τὸ
1299 2671 1409 2741 γὰρ
1449 2669 1671 2739 σπέρμα
1719 2670 1794 2739 μὴ
1839 2669 1995 2724 ἀνέλ-

411 2748 495 2803 θοι
537 2748 649 2821 (55)
678 2752 756 2817 εἰς
787 2752 1013 2824 ἔκφυσιν
1063 2758 1137 2829 μὴ
1170 2758 1417 2814 διαλυθὲν
1452 2763 1509 2814 ὲν
1551 2764 1617 2831 τῇ
1653 2760 1812 2830 βώλῳ
1853 2760 1987 2829 (54),

411 2838 509 2893 καὶ
556 2842 842 2913 γενόμενον
900 2847 1091 2919 ἀραιὸν
1143 2850 1255 2920 (55)
1302 2851 1398 2905 καὶ
1445 2850 1751 2922 πολύπορον
1776 2889 1792 2914 ,
1847 2849 1990 2904 ὥστε

411 2933 808 3005 καταμιχθῆναι
855 2939 992 3010 πρὸς
1048 2939 1148 3011 τὴν
1206 2942 1620 3014 παρακειμένην
1677 2940 1881 3012 ἰκμάδα
1923 2943 1991 3014 τῇ

410 3025 589 3098 οἰκείᾳ
636 3028 899 3101 ποιότητι,
951 3033 1043 3086 καὶ
1090 3032 1262 3098 οὕτως
1305 3033 1384 3097 είς
1431 3033 1588 3105 ῥίζαν
1623 3034 1718 3088 καὶ
1755 3034 1990 3106 βλάστην

415 3119 862 3196 μεταποιηθῆναι,
891 3123 986 3184 καὶ
1014 3124 1147 3197 μηδὲ
1179 3126 1238 3179 ὲν
1267 3124 1442 3197 τούτῳ
1473 3124 1584 3198 (56)
1621 3128 1824 3198 μεῖναι,
1854 3125 1992 3181 ἀλλὰ

415 3209 737 3312 μεταϐαλεῖν
905 3211 1182 3312 καλάμην,
1226 3218 1341 3282 τοῖς
1391 3217 1481 3279 διὰ
1531 3217 1699 3290 μέσου
1742 3218 1988 3289 γόνασιν,

408 3299 523 3354 οἷόν
553 3317 664 3355 τισι
690 3302 1003 3375 συνδέσμοις
1028 3306 1444 3379 ὑπεζωσμένην,
1472 3310 1609 3383 πρὸς
1634 3310 1697 3371 τδ
1730 3308 1991 3372 δύνασθαι

411 3392 598 3468 φέρειν
642 3393 702 3449 ὲν
741 3393 908 3466 ὀρθίῳ
934 3395 1011 3468 τῷ
1041 3399 1279 3470 σχήματι
1315 3399 1408 3461 τὸν
1454 3400 1658 3473 στάχυν
1684 3401 1763 3473 τῷ
1790 3401 1990 3475 καρπῷ

412 3482 795 3564 βαρυνόμενον.
837 3486 948 3540 Ποῦ
995 3488 1176 3544 τοίνυν
1215 3489 1390 3544 ταῦτα
1421 3490 1554 3562 περὶ
1596 3491 1689 3545 τὸν
1744 3493 1889 3546 σῖτον
1920 3485 1990 3563 ἦν

411 3574 520 3645 πρὸ
562 3575 663 3647 τῆς
706 3578 765 3631 ἐν
811 3581 877 3650 τῇ
913 3577 1068 3652 βώλῳ
1096 3579 1263 3636 αὑτοῦ
1304 3580 1630 3648 διαλύσεωςς
1692 3581 1850 3637 Ἀλλά
1882 3581 1989 3654 μὴν

408 3665 621 3721 ἐκεῖθεν
645 3666 803 3724 τοῦτό
826 3671 995 3728 ἐστιν.
1046 3672 1113 3742 Et
1152 3672 1262 3745 γὰρ
1291 3672 1368 3745 μὴ
1394 3674 1571 3728 ἐκεῖνο
1603 3672 1867 3746 πρότερον
1896 3668 1988 3745 ἦν,

408 3756 607 3824 οὐδ’,ἆν
634 3759 745 3830 (57)
771 3761 801 3814 ό
829 3762 1027 3834 στάχυς
1055 3758 1291 3831 ἐγένετο.
1325 3764 1535 3837 Ὠσπερ
1557 3763 1737 3818 τοίνυν
1762 3762 1824 3818 τὸ
1844 3762 1990 3818 κατὰ

408 3850 503 3912 τὸν
549 3852 748 3923 στάχυν
801 3852 960 3923 σῶμα
1007 3854 1121 3927 (58)
1173 3855 1240 3910 ἐκ
1287 3855 1382 3911 τοῦ
1438 3857 1753 3930 σπέρματος
1799 3855 1992 3927 φαίνε-

410 3959 503 3996 ται
534 3942 667 4012 (59),
696 3945 793 4016 τῆς
822 3945 971 4011 θείας
998 3946 1283 4019 δυνάμεως
1310 3948 1372 4014 ἐξ
1403 3948 1567 4004 αὑτοῦ
1596 3949 1804 4004 ἐκείνου
1835 3947 1992 4003 τοῦτο

411 4034 828 4109 φιλοτεχνούσης
852 4079 866 4104 ,
917 4039 1009 4092 καὶ
1055 4037 1178 4093 οὔτε
1228 4040 1295 4095 δι’
1323 4041 1447 4095 ὅλου
1483 4039 1600 4112 (40)
1650 4040 1845 4096 ταύτόν
1874 4042 1991 4095 ἐστι

409 4121 491 4193 τῷ
520 4125 965 4200 σπέρματαοΰτε
991 4129 1336 4185 παντάπασιν
1369 4130 1556 4203 ἕτερον
1576 4147 1594 4165 ·
1636 4130 1799 4198 οὔτω,
1830 4132 1989 4204 φησὶ,

411 4217 510 4268 καὶ
552 4215 611 4268 τδ
660 4219 955 4290 μυστήριον
986 4220 1085 4291 τῆς
1119 4221 1468 4287 ἀναστάσεως
1635 4239 1718 4277 σοι
1746 4222 1835 4277 διὰ
1878 4223 1990 4277 τῶν

411 4307 474 4360 ὲν
515 4310 626 4370 τοῖς
671 4309 948 4387 σπέρμασι
991 4307 1580 4385 θαυματοποιουμένων
1613 4312 1993 4385 προερμηνεύα

411 4414 532 4453 εται
568 4399 697 4469 (41),
723 4402 798 4465 ὡς
822 4402 923 4472 τῆς
949 4403 1099 4468 θείας
1131 4404 1415 4478 δυνάμεως
1442 4405 1499 4458 ὲν
1525 4405 1604 4477 τῷ
1630 4404 1871 4476 περιόντι
1892 4405 1993 4476 τῆς

410 4489 679 4558 ἐξουσίας,
704 4493 764 4546 οὐ
802 4494 960 4564 μόνον
982 4497 1157 4550 έκεῖνο
1188 4495 1250 4555 τό
1273 4496 1520 4551 διαλυθέν
1553 4514 1636 4551 σοι
1665 4497 1826 4553 πάλιν
1856 4497 1994 4551 ἀπο-

410 4582 678 4654 διδούσης,
721 4584 857 4639 ἀλλὰ
888 4587 999 4658 (49.)
1030 4588 1247 4657 μεγάλα
1268 4605 1328 4642 τε
1362 4588 1458 4643 καὶ
1503 4587 1645 4653 καλὰ
1685 4587 1994 4661 προστιθεί-

413 4691 536 4780 σης,
571 4675 637 4729 δι’
666 4668 743 4730 ὧν
786 4694 868 4732 σοι
915 4679 1048 4780 πρὸς
1080 4680 1140 4734 τὺ
1190 4678 1300 4752 (45)
1348 4681 1990 4756 μεγαλοπρεπέστερονή

413 4769 577 4836 φύσις
624 4769 1110 4834 κατασκευάζεται.
1181 4791 1201 4824 ι
1240 4772 1553 4843 Σπείρεται,
1599 4792 1618 4826 ι
1658 4772 1845 4843 φησὶν,
1886 4790 1906 4824 ι
1933 4773 1993 4829 ὲν

412 4856 609 4953 φθορᾷ,
631 4860 900 4953 ἐγείρεται
921 4863 977 4916 ὲν
996 4862 1305 4936 ἀφθαρσίᾳο
1333 4865 1616 4937 σπείρεται
1638 4867 1696 4918 ὲν
1716 4863 1992 4936 ἀσθενείᾳ,
2024 4896 2070 4953 D

360 4968 367 4975 -
412 4950 686 5020 ἐγείρεται
707 4953 767 5007 ὲν
785 4952 1029 5026 δυνάμει’
1053 4957 1337 5028 σπείρεται
1353 4957 1465 5031 (44)
1484 4959 1542 5013 ὲν
1553 4956 1764 5030 ἀτιμίᾳ.
1792 4956 1995 5029 ἐγείρε-

409 5057 505 5095 ⁶σαι
533 5043 589 5097 ἐν
602 5042 725 5116 δόξῃ
749 5059 764 5077 ο
790 5046 1070 5118 σπείρεται
1101 5049 1262 5120 σῶμα
1278 5049 1527 5120 ψυχικὸν,
1542 5046 1992 5121 ἑγείρεταισῶμα

415 5137 806 5206 πνευματικόν.
870 5139 956 5203 Ὠς
1006 5141 1115 5213 γὰρ
1157 5140 1472 5196 καταλιταῦν
1516 5141 1654 5213 μετὰ
1700 5139 1765 5194 τὸ
1809 5139 1993 5195 διαλυ-

643 5331 991 5405 Ἄμήχανος.
1030 5336 1069 5388 Α
1099 5335 1248 5389 addit
1277 5334 1422 5405 ἐστὶν
1444 5336 1501 5405 ἡ.

486 5400 599 5485 (51)
643 5400 755 5458 Τοῦ
785 5400 845 5458 Θ.
885 5400 1059 5476 θαύμ.
1102 5407 1224 5459 Τῶν
1271 5404 1368 5460 τοῦ
1419 5400 1555 5459 Θεοῦ
1605 5404 1918 5475 θαυμάτων.
1952 5404 1994 5458 Β

413 5468 723 5540 δογμάτων.

487 5540 598 5610 152)
648 5544 809 5599 Ἀλλ’
835 5545 922 5599 ἐκ.
963 5545 1113 5601 Delet
1156 5546 1218 5601 Α.

491 5613 601 5676 (55)
631 5612 728 5681 Μὴ
758 5614 1023 5670 ἁνέλθοι.
1059 5616 1101 5669 Δ
1133 5614 1172 5669 Β
1200 5616 1301 5669 οὐκ
1331 5617 1397 5672 ἂν
1432 5614 1596 5671 ἔλθοι.

488 5682 600 5755 ει)
628 5684 823 5755 βόλφ.
859 5683 900 5755 Β
930 5684 1104 5755 eam.
1604 5716 1607 5717 ί

488 5752 822 5842 ςέἕὶίῖιιῖέιέσ
848 5752 948 5842 5‘99
976 5752 1350 5842 κάξινάμενον
1378 5756 1589 5828 ἀραιόν-

486 5823 601 5892 (56)
634 5822 740 5885 Ἑν·
763 5825 972 5897 τούτῳ.
1003 5822 1061 5877 Α
1087 5826 1145 5880 ὲν
1174 5822 1399 5892 τούτοις,

2092 2305 2237 2376 quod
2270 2304 2470 2359 stultus
2494 2312 2548 2358 et
2582 2302 2801 2370 ineptus
2823 2299 2894 2354 sit
2921 2297 2968 2360 is
2999 2295 3092 2367 qui
3123 2308 3194 2349 ex
3217 2290 3380 2346 modo
3414 2301 3479 2343 ac
3517 2300 3672 2341 men-

2092 2410 2220 2453 sura
2245 2379 2469 2452 suarum
2501 2392 2699 2448 virium
2727 2389 2928 2447 divinae
2953 2385 3206 2459 potentia:
3236 2380 3472 2438 aestimat
3494 2376 3672 2433 excel-

2091 2483 2357 2542 lentiam?
2398 2481 2547 2537 unde
2579 2478 2886 2536 seminibus
2936 2491 3001 2532 ea
3026 2488 3149 2545 qua:
3175 2477 3498 2531 nascuntur,
3548 2479 3673 2519 cor-

2090 2576 2266 2648 pora?
2286 2574 2418 2645 quid
2461 2573 2591 2628 item
2639 2568 2902 2642 praecedit
2958 2581 3150 2625 eorum
3179 2557 3674 2637 germinationem?

2090 2685 2159 2725 an
2186 2684 2299 2723 non
2332 2681 2502 2732 mors,
2535 2666 2583 2720 si
2611 2664 2832 2734 quidem
2868 2676 3017 2717 mors
3056 2666 3161 2723 est,
3193 2653 3466 2727 compacti
3505 2659 3673 2722 atque

2089 2759 2456 2832 coagmentati
2480 2756 2819 2813 dissolutio?
2843 2752 2979 2807 Nam
3013 2766 3201 2807 semen
3223 2763 3332 2804 non
3356 2743 3671 2819 perveniret

2089 2853 2156 2908 ad
2180 2848 2655 2923 germinationem,
2685 2846 2794 2903 nisi
2817 2845 2874 2900 in
2900 2843 3058 2916 gleba
3087 2840 3440 2902 dissolutum,
3483 2834 3669 2890 molli-

2089 2952 2204 3000 tum
2222 2949 2276 2999 et
2309 2955 2495 2998 rarum
2529 2937 2803 3002 cﬂectum,
2829 2944 2993 3007 atque
3017 2934 3072 2989 in
3107 2933 3291 3004 plures
3319 2935 3534 2985 meatus
3553 2924 3670 2982 dif-

2088 3036 2275 3093 fusum
2296 3033 2483 3099 fuerit,
2508 3040 2571 3087 ut
2602 3045 2702 3089 sua
2724 3028 2949 3101 propria
2976 3025 3248 3097 qualitate
3272 3019 3671 3094 permisceatur

2088 3142 2216 3184 cum
2243 3123 2531 3196 adiacente
2574 3120 2827 3186 humore,
2874 3124 3040 3189 atque
3076 3115 3152 3170 ita
3193 3113 3246 3166 in
3307 3109 3551 3165 radicem
3615 3113 3673 3163 et

2088 3233 2313 3292 germen
2390 3218 2808 3275 transmutetur,
2867 3223 2932 3265 ac
3003 3221 3075 3262 ne
3150 3205 3208 3259 in
3282 3201 3371 3259 his
3443 3198 3670 3270 quidem
3759 3233 3769 3241 .

2086 3289 2330 3376 maneat,
2397 3307 2495 3365 sed
2550 3306 2607 3363 in
2663 3303 2846 3362 medio
2892 3299 3098 3357 enatis
3155 3295 3442 3369 geniculis,
3501 3289 3672 3350 veluti

2087 3401 2420 3477 quibusdam
2499 3397 2664 3467 nodis
2746 3403 2802 3451 et
2872 3390 3134 3455 vinculis,
3195 3387 3540 3447 succinctum
3612 3381 3673 3438 in

2088 3497 2335 3553 culmum
2415 3498 2684 3556 mutetur,
2759 3495 2823 3545 ut
2891 3486 2949 3541 in
3033 3481 3207 3554 ﬁgura
3278 3478 3453 3534 ardua
3504 3482 3674 3545 atque

2088 3595 2274 3644 erecta
2302 3583 2511 3654 spicam
2570 3581 2729 3651 fruge
2778 3584 3060 3650 gravatam
3121 3572 3268 3628 l‘erre
3303 3567 3500 3641 possit.
3563 3564 3672 3622 Ubi

2088 3677 2257 3751 igitur
2321 3675 2440 3730 haec
2490 3662 2612 3744 quae
2654 3671 2802 3728 circa
2868 3667 3204 3723 frumentum
3255 3657 3675 3731 conspiciuntur

2088 3747 2267 3835 erant,
2290 3772 2580 3836 antequam
2609 3762 2666 3820 id
2696 3761 2753 3817 in
2778 3758 2932 3833 gleba
2952 3754 3281 3831 dissolutum
3312 3765 3378 3811 ac
3406 3747 3671 3811 diﬂ’usum

2089 3861 2276 3921 esset?
2303 3857 2470 3930 Atqui
2500 3855 2651 3913 illinc
2675 3853 2782 3910 hoc
2814 3858 3000 3907 ortum
3041 3853 3148 3906 est.
3195 3843 3332 3904 Nam
3385 3839 3493 3900 nisi
3537 3837 3674 3896 illud

2085 3957 2242 4031 prius
2275 3956 2494 4020 fuisset,
2530 3968 2604 4008 ne
2657 3950 2816 4022 spica
2847 3944 3071 4019 quidem
3122 3947 3249 3996 nata
3274 3942 3445 3994 esset.
3467 3933 3674 4002 Quem-

2090 4027 2384 4104 admodum
2445 4043 2613 4119 igitur
2650 4052 2852 4110 corpus
2900 4034 3067 4109 spicae
3110 4047 3177 4088 ex
3228 4027 3437 4086 semine
3480 4037 3675 4095 prove-

2088 4142 2194 4209 nit,
2228 4139 2416 4197 divina
2442 4135 2688 4209 potentia
2715 4149 2784 4190 ex
2814 4130 2908 4186 illo
2948 4129 3069 4205 ipso
3099 4125 3207 4181 hoc
3264 4120 3554 4183 elﬁciente,
3610 4130 3675 4172 ac

2090 4247 2272 4303 neque
2303 4208 2529 4303 penitus
2574 4226 2719 4282 idem
2769 4237 2895 4279 cum
2943 4219 3174 4283 semine,
3225 4227 3403 4283 neque
3448 4208 3675 4266 omnino

2091 4323 2161 4379 ab
2195 4336 2262 4379 eo
2292 4321 2571 4391 diversum
2594 4323 2715 4373 est:
2762 4311 2955 4369 eodem
3015 4307 3199 4370 modo,
3231 4304 3428 4375 inquit,
3469 4306 3674 4371 myste-

2091 4413 2233 4468 rium
2275 4423 2499 4481 quoque
2527 4402 2949 4463 resurrectionis
2987 4403 3102 4472 jam
3147 4398 3246 4453 tibi
3279 4410 3375 4467 per
3407 4408 3492 4459 ea,
3551 4406 3674 4461 quae

2094 4502 2420 4560 mirabiliter
2438 4498 2574 4554 ﬁunt
2604 4497 2662 4553 in
2690 4493 2997 4553 seminibus
3027 4488 3506 4563 praesigniﬁcatur,
3526 4483 3673 4554 quod

2092 4590 2279 4646 divina
2308 4587 2569 4644 nimirum
2601 4581 2842 4654 potentia
2872 4595 2970 4652 per
2995 4594 3110 4635 suae
3155 4573 3445 4647 potestatis
3492 4570 3674 4627 excel-

2092 4680 2318 4738 lentiam
2346 4692 2459 4734 non
2497 4676 2676 4733 solum
2704 4671 2838 4728 illud
2868 4671 3199 4728 dissolutum
3231 4666 3332 4723 tibi
3349 4667 3528 4722 denuo
3549 4662 3676 4718 red-

2094 4771 2211 4837 dat,
2248 4766 2610 4826 verumetiam
2650 4764 2758 4819 alia
2808 4764 2907 4819 tibi
2937 4774 3134 4832 magna
3187 4765 3352 4829 atque
3407 4754 3674 4826 praeclara
3749 4737 3754 4740 ’

2098 4863 2342 4935 adjiciat,
2373 4875 2471 4931 per
2495 4873 2618 4930 quae
2664 4855 2765 4913 tibi
2796 4862 2996 4910 natura
3052 4850 3120 4907 ad
3191 4847 3564 4921 augustiorem
3619 4854 3676 4900 ct

2099 4955 2417 5026 ampliorem
2453 4951 2706 5008 decorem
2748 4948 3044 5004 instruitur
3070 4951 3126 5001 et
3156 4948 3474 4999 exornatur.
3529 4956 3547 4990 ι
3574 4937 3677 4992 δεμ

2097 5049 2343 5104 minatur
2370 5046 2572 5110 enim,»
2620 5041 2824 5112 inquit,
2861 5039 2961 5095 «in
3010 5036 3385 5106 corruptione,
3436 5031 3724 5101 resurgit‘

2098 5140 2155 5195 in
2179 5135 2738 5209 incorruptibilitate;
2780 5131 3087 5189 seminatur
3133 5127 3188 5184 in
3213 5123 3555 5192 inﬁrmitate,
3587 5138 3675 5179 re-

2171 5331 2286 5403 (37)
2310 5331 2447 5403 οὐδ’
2474 5330 2569 5403 ᾤ’.
2607 5326 2862 5403 Α-οὑᾷέν.

2171 5395 2284 5471 (58)
2329 5399 2624 5469 Τὸ-σῶμα.
2654 5398 2695 5451 Β
2717 5397 2795 5471 τὰ
2830 5395 3080 5471 σώματα.

2173 5466 2284 5539 (59)
2314 5466 2608 5526 Φαίνεται.
2638 5471 2683 5522 Α
2717 5467 2758 5539 Β
2787 5466 2998 5539 φύεται.

2172 5536 2283 5613 (40)
2314 5542 2392 5596 Δι’
2426 5541 2593 5595 ὅλου.
2623 5538 2759 5613 Βμδϋ
2791 5536 2949 5613 ὄλιργ.

2171 5603 2280 5683 (xii)
2314 5609 2836 5680 Προερμηνεύεται.
2873 5603 2913 5656 Β
2944 5605 3411 5727 προηρμηνευται.

2171 5684 2283 5727 (Mt
2327 5682 2512 5727 Ἀλλὰ
2540 5688 2647 5727 nte.
2689 5678 2731 5727 Δ
2766 5676 2808 5727 Β
2835 5674 2972 5727 ἀλλά
3001 5692 3083 5727 σοι
3118 5692 3188 5727 κα
3246 5672 3406 5727 Ξτεοα

2171 5670 2283 5749 (42)
2327 5670 2513 5736 ’Ᾰλνὶἰὲ
2540 5670 2647 5733 etc.
2675 5678 2738 5749 _A_
2766 5676 2808 5749 Β
2835 5674 2972 5749 ἀλλά
2990 5670 3211 5729 ’σοι’καὶ
3246 5672 3406 5745 Rapa
3440 5670 3675 5743 μεγάλα.

2174 5743 2284 5820 (45)
2320 5750 2474 5817 Πρὸς
2501 5748 2587 5801 τό.
2614 5743 2943 5820 Τό-(Ιοιςι-Λ.

2175 5815 2286 5891 (Η)
2330 5815 2654 5886 Σπειζοεται.
2681 5818 2720 5870 Λ
2756 5815 2906 5871 addit
2934 5815 3060 5885 γάρ.
