3992 6458
456 383 562 440 155
1692 379 1752 440 3.
1788 378 2055 441 GREGOI

2160 382 2461 442 NYSSENI‘
3624 382 3714 438 136

453 498 632 571 surgit
658 499 714 554 in
744 499 1021 570 potentia;
1056 499 1361 557 seminatur
1394 500 1450 556 in
1475 500 1800 573 ignominia,
1838 519 2029 562 resur-

2160 506 2294 578 νῆναι
2327 505 2440 578 (45)
2471 505 2533 559 ιν
2573 506 2641 575 τῇ
2678 501 2836 573 βώλῳ
2866 501 3009 563 σῖτος
3037 500 3138 571 τὴν
3169 498 3228 553 ἐν
3272 498 3352 571 τῷ
3394 495 3545 569 ποσῷ
3588 497 3711 569 βρα.

453 591 533 661 git
602 591 659 647 in
731 592 945 663 gloria;
1005 594 1313 651 seminatur
1365 609 1569 665 corpus
1635 596 1895 661 animale,
1947 612 2037 654 re-

2160 596 2365 669 [ύτητα,
2401 596 2497 653 καὶ
2542 594 2647 668 τὴν
2687 595 2748 648 ὲν
2788 592 2868 664 τῷ
2898 590 3039 663 ποιῷ
3082 591 3363 664 σχήματος
3391 589 3502 663 (46)
3554 589 3721 643 αὐτοῦ

454 681 632 751 surgit
714 696 919 753 corpus
995 683 1308 754 spirituale.
1347 702 1368 738 ι
1412 686 1459 719 ⁸⁸
1513 685 1582 742 Ut
1614 687 1763 743 enim
1815 696 2040 759 postea-

2160 685 2402 759 διότητα,
2429 686 2621 743 ἑαυτὸν
2641 685 2742 739 οὐκ
2761 684 2994 756 ἀφῆκεν,
3014 681 3129 737 ἀλλ’
3153 684 3214 736 ἐν
3233 678 3384 751 αύτῷ
3407 679 3517 752 (4⁵1)
3545 678 3724 750 μένων

451 788 619 843 quam
662 773 718 828 in
770 776 931 845 gleba
978 776 1315 833 dissolutum
1377 793 1443 834 ac
1485 777 1747 835 diffusum
1794 781 2038 835 triticum

2160 776 2344 849 ιτάχυς
2401 776 2613 845 γίνεται
2637 817 2654 845 ,
2721 773 3020 846 πάμπολλα
3063 770 3180 844 (48)
3228 770 3502 842 διαφέρων
3559 767 3729 832 αὐτὸς

452 862 643 927 fuerit,
703 864 894 920 relicta
948 880 1014 921 ea
1063 882 1189 938 qua:
1239 867 1298 923 in
1363 868 1669 939 quantitate
1720 868 2043 926 considera-

2160 868 2357 937 ιαυτοῦ,
2387 869 2629 941 μεγέθει,
2657 868 2752 923 καὶ
2796 866 3005 932 κάλλει,
3041 866 3136 920 καὶ
3166 862 3430 936 ποικιλίᾳ,
3460 862 3557 919 καὶ
3593 861 3725 932 σχή-

451 962 544 1009 tur
589 955 918 1027 exiguitate,
976 966 1035 1013 et
1090 974 1156 1015 ea
1229 975 1353 1030 qua:
1406 961 1461 1015 in
1508 961 1772 1032 qualitate
1826 969 2043 1032 specta-

454 1051 546 1097 tur
603 1046 791 1115 iigurae
809 1060 925 1102 sua:
957 1047 1313 1117 proprietate,
1362 1048 1603 1119 seipsum
1642 1064 1754 1105 non
1789 1051 2041 1119 dimittit,

455 1134 550 1189 sed
584 1136 640 1189 in
674 1136 862 1207 seipse
899 1153 1130 1194 manens
1162 1140 1315 1209 spica
1377 1140 1589 1209 evadit,
1650 1141 1813 1213 longe
1871 1142 2042 1214 pluri-

458 1240 608 1280 tnum
641 1227 758 1297 ipse
792 1243 914 1284 sese
947 1236 1003 1284 et
1044 1230 1444 1302 magnitudine,
1497 1238 1555 1287 et
1609 1232 2041 1301 pulchritudine,

2160 1252 2299 1303 τατο,
2331 1235 2431 1307 τὴν
2454 1235 2680 1307 ἀτιμίαν
2708 1235 2873 1303 λέγω,
2897 1233 2999 1305 τὴν
3034 1232 3264 1304 φθορὰν,
3290 1229 3724 1303 τήν-ἀσθένειαν,

458 1324 515 1373 ct
552 1321 841 1384 varietate,
871 1327 928 1377 et
961 1321 1136 1393 ﬁgura
1164 1339 1437 1395 superans
1478 1334 1644 1396 atque
1672 1325 1992 1395 praecedens
2026 1343 2042 1382 :

2160 1327 2248 1400 τὴν
2290 1326 2432 1381 κατά
2461 1327 2562 1397 τῆς
2599 1327 2716 1399 (5|)
2766 1326 2986 1399 ἡλικίας
3031 1323 3326 1396 διαφορὰν,
3383 1320 3585 1394 ἑαυτὴν
3633 1323 3730 1377 οὐκ

459 1409 536 1465 ita
559 1420 753 1466 natura
774 1426 1000 1484 quoque
1026 1413 1269 1470 humana
1295 1416 1555 1473 omnibus
1593 1417 1712 1473 suis
1774 1417 1831 1473 in
1869 1425 2049 1475 morte

2160 1419 2393 1491 ὶφίησιν,
2424 1419 2538 1474 ἀλλ’
2557 1419 2746 1491 ὥσπερ
2770 1421 2851 1483 εις
2869 1419 3071 1488 στάχυν
3095 1417 3219 1472 τινά
3242 1415 3378 1488 πρὸς
3405 1415 3504 1487 τὴν
3525 1414 3729 1484 ἀφθαρ-

458 1500 668 1557 relictis
695 1503 1143 1574 preprietatibus,
1164 1520 1306 1576 quas
1333 1521 1430 1577 per
1459 1506 1811 1563 adectionem
1839 1521 1906 1563 ac
1937 1508 2048 1564 dis-

2160 1509 2273 1563 τίαν
2297 1508 2640 1581 μεθίσταται,
2685 1509 2784 1564 καὶ
2817 1508 2918 1580 τὴν
2951 1507 3131 1573 δόξαν,
3163 1505 3258 1561 καὶ
3284 1506 3383 1576 τὴν
3413 1504 3602 1576 τιμὴν.
3640 1506 3731 1559 καὶ

459 1595 795 1663 positionem
825 1597 1208 1667 passionibus,
1237 1599 1591 1670 motibusque
1622 1608 1680 1655 et
1711 1599 1880 1655 animi
1921 1616 2049 1671 per-

2160 1599 2248 1673 τὴν
2279 1600 2531 1672 δύναμιν,
2577 1600 2673 1655 καὶ
2717 1598 2817 1671 τὴν
2861 1601 2920 1653 ὲν
2967 1597 3132 1652 παντὶ
3167 1596 3497 1667 τελειότητα,
3537 1596 3632 1648 καὶ
3674 1595 3732 1647 τὸ

456 1685 883 1757 turbationibus
928 1688 1228 1744 obnoxiam
1288 1680 1681 1761 acquisiverat,
1757 1691 2047 1760 dedecore,

2160 1692 2352 1766 μηκέτι
2379 1692 2481 1765 τὴν
2511 1693 2658 1765 ζωὴν
2689 1692 2862 1763 αὐτῆς
2905 1689 3307 1761 οἰκονομεῖσθαι
3336 1691 3449 1753 τοῖς
3483 1689 3732 1758 φυσικοῖς

464 1777 709 1847 inquam,
763 1786 821 1834 et
875 1780 1203 1852 ignominia,
1263 1784 1645 1853 corruptione,
1704 1785 2047 1852 inﬁrmitate,

2160 1786 2462 1859 Ιδιώμασιν,
2486 1786 2601 1841 ἀλλ’
2628 1787 2710 1850 εις
2739 1786 3116 1856 πνευματικήν
3150 1800 3274 1837 τινα
3299 1781 3394 1837 καὶ
3425 1779 3609 1851 ἀπαθῆ
3643 1797 3733 1850 με-

460 1876 682 1924 :ntatum
709 1870 1042 1940 differentia,
1064 1874 1303 1943 seipsam
1334 1890 1444 1931 non
1489 1875 1739 1942 dimittit,
1775 1876 1873 1934 sed
1927 1886 2050 1932 tan-

2160 1877 2384 1949 ταδῆναι
2417 1878 2772 1932 κατάστασιν.
2816 1876 2965 1948 Αὕτη
2997 1876 3107 1947 γάρ
3136 1876 3287 1929 ἐστιν
3314 1875 3347 1945 ἡ
3377 1872 3473 1927 τοῦ
3499 1871 3732 1943 ψυχικοῦ

462 1976 628 2030 quam
660 1963 715 2016 in
754 1966 966 2033 spicam
1006 1964 1328 2034 quamdam,
1358 1966 1415 2021 in
1470 1966 2047 2039 incorruptibilitatcm

2160 1969 2406 2041 σώματος
2442 1969 2663 2041 ἰδιοτης,
2709 1968 2799 2024 ἀεὶ
2830 1968 2945 2041 (52)
2973 1966 3063 2021 διά
3100 1982 3246 2029 τινος
3288 1965 3420 2036 ῥοῆς
3459 1963 3557 2016 καὶ
3589 1961 3735 2033 κινήο

464 2049 809 2115 immutatur,
831 2052 886 2107 in
910 2053 1167 2124 gloriam,
1201 2056 1257 2110 in
1303 2056 1592 2122 honorem,
1624 2057 1679 2112 in
1725 2061 2047 2130 potentiam,

2160 2077 2296 2125 σεως
2325 2060 2436 2115 ἀπὺ
2472 2060 2570 2115 τοῦ
2595 2062 2654 2116 ἐν
2681 2052 2727 2128 ᾧ
2758 2061 2908 2115 ἐστιν
2935 2057 3298 2121 ἀλλοιοῦσθαι,
3337 2054 3433 2111 κα).
3467 2051 3729 2125 μεταϐάλ-

460 2150 517 2197 et
548 2144 600 2197 in
634 2144 781 2198 onmi
808 2161 868 2200 re
887 2145 1304 2216 perfectionem,
1335 2158 1391 2204 et
1421 2150 1474 2204 in
1505 2164 1627 2205 eam
1650 2152 2045 2217 conditionem,

2160 2150 2267 2206 λειν
2310 2152 2390 2214 εἰς
2422 2150 2630 2221 ἕτερον.
2687 2150 2756 2204 Ἀ
2800 2149 2909 2223 γὰρ
2943 2145 3039 2204 οὖν
3068 2148 3185 2218 (53)
3218 2146 3323 2201 οὐκ
3366 2144 3454 2197 ἐπ’
3488 2141 3607 2213 (54)
3646 2140 3738 2195 ἀν-

462 2241 523 2289 ut
554 2235 665 2291 vita
694 2238 817 2307 ejus
845 2253 955 2294 non
1007 2239 1246 2309 amplius
1288 2241 1638 2298 naturalibus
1680 2244 2042 2313 proprietati-

2160 2241 2396 2315 θρώποις
2436 2243 2597 2314 μόνον
2636 2242 2878 2314 ὁρῶμεν,
2917 2240 3055 2296 ἀλλά
3083 2240 3180 2295 καὶ
3220 2238 3282 2291 ἑν
3314 2239 3501 2308 φυτοῖς
3551 2234 3647 2288 καὶ
3681 2232 3737 2287 ὲν

463 2326 569 2382 lius
598 2326 1040 2395 administretur.
1070 2329 1168 2385 sed
1197 2331 1251 2385 in
1284 2331 1627 2400 spiritualem
1655 2331 1968 2403 quemdam,
1992 2341 2047 2390 et

2160 2333 2468 2406 βοσκήμασι
2492 2334 2632 2407 (55),
2682 2334 2891 2390 τούτων
2916 2333 3069 2389 οὐδὲν
3110 2333 3170 2387 ιν
3209 2329 3290 2402 τῷ
3325 2328 3462 2400 τῷδι
3494 2325 3611 2399 (56)
3641 2324 3738 2397 βιῳ

463 2431 494 2470 a
520 2418 943 2488 passiouibusct
963 2419 1135 2475 animi
1157 2422 1400 2476 motibus
1426 2422 2050 2494 perturbationibusque

2160 2425 2643 2499 ὑπολειφθήσεται.

463 2514 761 2569 inununem
791 2521 997 2572 statum
1032 2524 1296 2573 transeat.
1323 2515 1449 2573 Haec
1493 2526 1579 2575 est
1605 2519 1753 2574 enim
1782 2520 2048 2578 animalis
2089 2524 2341 2593 corporis
2365 2524 2696 2594 proprietas,
2735 2530 2796 2576 ut
2838 2535 3057 2590 semper
3122 2533 3220 2588 per
3287 2515 3494 2570 llnnun
3544 2525 3736 2581 quem-

461 2610 591 2684 dam
631 2620 686 2668 et
726 2620 937 2669 motum
982 2614 1050 2669 ab
1095 2629 1163 2672 eo
1199 2615 1257 2670 in
1288 2631 1402 2686 quo
1436 2623 1719 2684 versatur,
1778 2616 2061 2674 diversum
2094 2619 2208 2686 ﬁat,
2249 2631 2304 2676 et
2336 2621 2392 2676 in
2453 2621 2605 2677 aliud
2656 2620 2995 2675 immutetur.
3065 2614 3198 2670 Nam
3253 2628 3373 2683 qua:
3428 2624 3579 2665 utine
3638 2620 3739 2661 non

461 2705 644 2764 solum
677 2707 733 2763 in
764 2707 1106 2778 hominibus,
1135 2710 1232 2768 sed
1255 2711 1420 2768 etiam
1452 2713 1508 2768 in
1536 2715 1741 2785 plantis
1764 2724 1824 2773 et
1851 2715 2122 2787 stirpibus
2150 2726 2317 2789 atque
2350 2718 2645 2789 pecoribus
2671 2717 2815 2772 bona
2874 2715 3147 2776 videmus,
3188 2712 3386 2766 horum
3450 2705 3593 2762 nihil
3675 2703 3732 2757 in

462 2800 561 2856 illa
594 2816 719 2873 quae
744 2808 877 2857 tunc
906 2802 1016 2859 erit
1041 2802 1153 2859 vita
1181 2801 1552 2874 relinquetur.

2145 977 2277 1032 ματι
2307 961 2420 1031 (i9)
2445 976 2460 991 ·
2503 960 2649 1016 κατὰ
2679 959 2773 1014 τὸν
2800 958 2966 1013 αὐτὸν
2992 958 3194 1029 τρόπον
3226 956 3323 1011 καὶ
3346 957 3381 1026 ὴ
3408 952 3726 1026 ἀνθρωπίνη

2142 1048 2306 1118 φύσις
2330 1050 2589 1119 ἑναφεϊσα
2615 1048 2694 1121 τῷ
2716 1049 2936 1121 θανάτῳ
2955 1048 3148 1103 πάντα
3173 1045 3245 1101 τά
3270 1046 3402 1118 περ).
3419 1044 3591 1117 αὐτὴν
3612 1044 3724 1116 (50)

2148 1138 2431 1213 ἰδιώματα,
2460 1144 2561 1198 ὅσα
2584 1143 2674 1199 διά
2709 1143 2812 1214 τῆς
2848 1140 3129 1213 ὲμπαθοῦς
3158 1139 3455 1203 διαθέσεως
3490 1138 3724 1208 ἐπεκτήσ

528 2931 763 2991 Videtur
809 2941 991 2991 autem
1040 2932 1176 2992 mihi
1232 2952 1330 3007 per
1374 2935 1561 2993 omnia
1605 2953 1790 2995 sermo
1830 2956 2055 3013 quoque

2230 2939 2390 2991 Δοκεῖ
2414 2937 2471 2992 δέ
2498 2955 2587 3009 μοι
2620 2937 2716 2990 καὶ
2743 2935 2833 2991 διὰ
2862 2935 3083 2990 πάντων
3111 2930 3500 3003 συναγορεύειν
3542 2930 3574 2982 ὁ
3607 2929 3741 2983 ἀπο-

462 3023 799 3094 apostolicns
848 3040 975 3080 cum
1018 3034 1209 3083 nostra
1240 3029 1308 3082 de
1355 3022 1761 3086 resurrectione
1796 3032 2055 3102 opinione

2161 3029 2407 3093 στολικδς
2450 3029 2610 3098 λόγος
2659 3032 2727 3099 τῇ
2781 3026 2905 3081 καθ’
2968 3027 3115 3097 ἡμᾶς
3156 3023 3421 3095 ὑπολήψει
3472 3023 3574 3093 τῆς
3619 3021 3743 3075 ἀναν

462 3113 826 3179 concordare,
857 3124 1021 3186 atque
1052 3115 1108 3171 id
1137 3117 1450 3183 ostendere,
1492 3118 1639 3188 quod
1668 3121 1833 3175 etiam
1861 3131 2055 3178 nostra

2165 3122 2426 3188 στάσεως,
2477 3121 2760 3176 καὶτοῦτο
2788 3119 3054 3173 δεικνύειν
3087 3119 3224 3190 ὅπερ
3257 3117 3287 3169 ὁ
3335 3116 3606 3188 ἡμέτερος
3638 3115 3745 3184 ὀρι-

460 3208 710 3264 continct
747 3206 1017 3274 deﬁnitio,
1063 3224 1187 3279 qua:
1233 3207 1390 3275 dicit,
1432 3211 1567 3265 nihil
1599 3211 1748 3268 aliud
1792 3229 1917 3271 esse
1965 3230 2049 3271 re-

2160 3215 2296 3285 σμὸς
2325 3215 2570 3286 περιέχει
2602 3213 2797 3282 λέγων,
2836 3211 3020 3281 Μηδὲν
3048 3211 3238 3283 ἓτερον
3266 3204 3403 3262 εἶναι
3431 3205 3743 3266 ἀνάστασιν,

464 3300 889 3362 surrectionem,
923 3316 1085 3371 quam
1117 3300 1170 3355 in
1203 3300 1489 3371 antiquum
1536 3310 1740 3357 statum
1768 3313 1823 3359 et
1861 3306 2057 3361 condi-

463 3394 671 3449 tionem
738 3401 951 3449 natura:
1016 3401 1223 3449 nostrae
1281 3393 1709 3451 restitutionem.
1782 3396 2055 3464 Quoniam

465 3485 613 3543 enim
650 3487 703 3540 in
732 3486 911 3557 prima
947 3487 1161 3559 origine
1193 3485 1405 3552 mundi,
1437 3487 1543 3543 hoc
1573 3503 1604 3543 a
1639 3486 1928 3560 Scriptura
1969 3492 2058 3548 di-

464 3579 730 3661 dicimus,
759 3579 907 3651 quod
939 3581 1177 3651 primum
1210 3580 1478 3653 graminis
1503 3580 1728 3637 herbam
1758 3591 1904 3639 terra
1933 3598 2059 3655 pro-

463 3671 645 3738 duxit,
679 3681 739 3727 ut
772 3674 825 3728 in
858 3674 1177 3729 narratione
1207 3672 1547 3740 continetur,
1594 3675 1793 3731 deinde
1831 3690 1897 3731 ex
1931 3691 2058 3746 ger-

466 3763 617 3820 mine
659 3778 847 3819 scmen
884 3765 1174 3834 provenit:
1208 3766 1355 3835 quod
1412 3775 1704 3837 postquam
1761 3766 1815 3820 in
1856 3774 2057 3821 terram

468 3852 809 3918 deduxisset,
862 3855 1052 3909 eadem
1113 3870 1308 3911 rursus
1360 3856 1575 3927 species
1623 3857 1745 3928 ejus
1795 3857 1942 3927 quod
1990 3855 2061 3913 ab

470 3943 631 3998 initio
666 3950 1016 4015 provenerat,
1068 3953 1229 3999 enata
1281 3954 1403 4001 est:
1436 3944 1491 3999 id
1533 3946 1796 4001 nimirum
1840 3945 2060 4004 divinus

469 4035 768 4106 Apostolus
818 4033 874 4088 in
911 4035 1314 4090 resurrectione
1345 4051 1563 4106 quoque
1599 4035 1715 4091 ﬁeri
1747 4035 1904 4091 dicit.
1938 4035 2059 4092 Non

471 4128 651 4184 solum
702 4124 886 4182 autem
921 4125 1028 4180 hoc
1061 4125 1131 4179 ab
1175 4139 1243 4181 eo
1284 4125 1569 4192 docemur,
1612 4125 1870 4184 videlicet
1912 4127 2059 4199 quod

468 4220 772 4279 humanum
803 4234 977 4292 genus
1012 4218 1080 4274 ad
1113 4217 1641 4290 magnificentiorem
1681 4229 1737 4276 et
1780 4220 2061 4291 angustio-

468 4329 585 4371 rem
611 4323 815 4370 statum
832 4321 889 4370 et
913 4313 1283 4369 conditionem
1311 4313 1658 4381 immutetur;
1686 4329 1876 4370 verum
1894 4314 2059 4369 etiam

470 4409 616 4479 quod
653 4407 789 4463 nihil
813 4407 963 4462 aliud
992 4407 1065 4460 sit
1090 4405 1143 4460 id
1175 4405 1323 4476 quod
1361 4417 1636 4478 speratur,
1682 4407 1787 4463 nisi
1828 4407 1881 4463 id
1913 4404 2059 4479 quod

2158 3304 2193 3375 ἢ
2228 3307 2327 3377 τὴν
2371 3307 2451 3368 εις
2496 3309 2558 3358 τὸ
2608 3305 2831 3376 ἀρχαῖον
2877 3303 2976 3373 τῆς
3019 3302 3234 3371 φύσεως
3270 3299 3428 3371 ἡμῶν
3471 3297 3745 3352 ἀποκατάο

2162 3416 2368 3454 στασιν.
2413 3396 2636 3469 Ἐπειδὴ
2661 3395 2771 3469 γὰρ
2799 3398 2857 3450 ὲν
2885 3397 2953 3466 τῇ
2987 3393 3180 3467 πρώτῃ
3225 3390 3556 3463 κοσμογονίᾳ
3594 3388 3747 3443 τοῦτο

2161 3489 2310 3561 παρά
2342 3489 2441 3560 τῆς
2490 3488 2713 3560 Γραφῆς
2750 3487 3174 3559 μεμαθήκαμεν,
3208 3486 3289 3540 ὅτι
3332 3485 3549 3556 πρῶτον
3585 3481 3746 3536 ἐϐλά-

2161 3599 2356 3651 στησεν
2387 3581 2420 3652 ἡ
2452 3579 2525 3649 γῆ
2559 3577 2788 3651 βοτάνην
2820 3578 3038 3652 χόρτου,
3073 3576 3254 3641 καθὼς
3304 3579 3334 3630 ὁ
3373 3575 3529 3644 λόγος
3562 3574 3745 3645 φησὶν,

2161 3668 2280 3726 εἶτα.
2323 3673 2388 3725 ὲκ
2431 3672 2531 3742 τῆς
2581 3669 2817 3741 βλάστης
2880 3667 3107 3740 σπέρμα
3138 3666 3252 3738 (57)
3298 3665 3536 3736 ἐγένετο,
3581 3660 3747 3734 οὗπερ

2158 3763 2253 3818 επὶ
2282 3762 2378 3836 τὴν
2422 3763 2527 3833 γῆν
2560 3759 2996 3832 καταρρυέντος,
3041 3758 3103 3812 τὸ
3132 3758 3265 3813 αὐτὸ
3298 3756 3463 3812 πάλιν
3489 3752 3633 3821 εἶδος
3655 3754 3748 3808 τοῦ

2105 3904 2128 3924 ,
2162 3856 2221 3922 ἐξ
2241 3856 2417 3929 ἀρχῆς
2440 3854 2664 3926 φυέντος
2685 3854 2955 3928 ἀνέδραμε
2977 3869 2991 3883 ·
3020 3852 3155 3923 φησὶ
3174 3851 3230 3905 δὲ
3249 3848 3406 3905 τοῦτο
3423 3851 3452 3904 ὁ
3471 3850 3617 3915 θεῖος
3639 3849 3747 3920 (58)

2173 3948 2493 4011 Ἀπόστολος
2535 3947 2630 4002 κα).
2672 3947 2767 4000 ἐπὶ
2813 3946 2913 4016 τῆς
2958 3944 3308 4006 ἀναστάσεως
3340 3941 3608 4012 γίνεσθαι.
3673 3941 3747 3994 Οὐ

2165 4042 2325 4112 μόνον
2352 4041 2410 4095 δὲ
2442 4041 2555 4111 (59)
2583 4037 2741 4092 τοῦτο
2768 4037 2897 4109 παρ’
2932 4035 3098 4091 αὑτοῦ
3123 4034 3507 4107 διδασκόμεθα,
3530 4034 3592 4088 τὸ
3618 4033 3747 4105 πρὸς

2160 4134 2222 4189 τὸ
2252 4132 2835 4206 μεγαλοπρεπέστατον
2865 4129 2977 4201 (60)
3029 4128 3386 4199 μεθίστασθαι
3430 4128 3492 4182 τὸ
3538 4125 3747 4198 ἀνθρώ-

2162 4243 2337 4291 πινον,
2382 4225 2496 4279 ἀλλ’
2528 4226 2611 4279 ὅτι
2642 4224 2705 4277 τὸ
2737 4222 3090 4293 ἐλπιζόμενον
3123 4220 3273 4275 οὐδὲν
3298 4221 3484 4293 ἕτερόν
3517 4222 3684 4284 ἑστιν,
3714 4217 3746 4288 ἢ

2160 4316 2298 4389 ὅπερ
2328 4317 2386 4370 ὲν
2414 4315 2650 4386 πρώτοις
2679 4309 2768 4386 ἦν.
2811 4312 3033 4384 Ἐπειδὴ
3064 4312 3173 4384 γὰρ
3203 4312 3266 4367 τδ
3305 4314 3426 4366 κατ’
3454 4312 3630 4383 ἀρχὰς
3653 4311 3748 4381 οὐχ

2162 4410 2239 4475 ὠς
2268 4409 2381 4480 (Gl)
2418 4409 2618 4480 στάχυς
2645 4408 2756 4462 ἀπὸ
2792 4406 2888 4461 τοῦ
2920 4406 3255 4479 σπέρματος,
3300 4404 3417 4459 ἀλλ’
3450 4403 3662 4458 ἐκεῖθεν
3689 4401 3749 4456 τὸ

468 4506 592 4556 erat
638 4500 696 4554 in
746 4498 1039 4571 principio.
1089 4496 1360 4566 Quoniam
1416 4501 1564 4555 enim
1602 4500 1673 4556 a‘b
1730 4499 1889 4556 initio
1946 4516 2055 4557 non

2163 4502 2421 4574 σπέρμα·
2479 4499 2617 4571 μετά
2660 4498 2836 4555 ταῦτα
2878 4499 2936 4552 δὲ
2981 4491 3137 4563 οὗτος
3169 4496 3247 4569 τῷ
3274 4498 3550 4569 σπέρματι
3591 4515 3747 4569 περι-

470 4587 626 4658 spica
651 4602 717 4643 ex
751 4588 982 4652 semine,
1013 4588 1109 4643 sed
1137 4604 1204 4644 ex
1229 4589 1320 4643 illa
1341 4603 1525 4645 semen
1555 4590 1840 4660 provenit:
1870 4597 2055 4663 postea

2166 4594 2382 4665 φύεται,
2410 4594 2445 4664 ἠ
2473 4592 2566 4647 τοῦ
2596 4591 2991 4664 ὑποδείγματος
3025 4591 3316 4646 ἀκολουθία
3342 4590 3529 4661 σαφῶς
3555 4590 3744 4645 ἐπιδεί-

469 4694 604 4737 vero
630 4679 890 4751 deinceps
917 4679 1115 4735 semini
1152 4681 1304 4750 spica
1350 4681 1641 4747 accrescit,
1669 4683 2055 4755 consequentia

2163 4702 2323 4740 κνυσι
2349 4683 2485 4752 (62),
2532 4682 2595 4736 τὸ
2636 4685 2818 4737 πᾶσαν
2848 4680 2948 4753 τὴν
2976 4682 3066 4737 διὰ
3110 4683 3209 4753 τῆς
3238 4684 3588 4746 ἀναστάσεως
3619 4682 3744 4736 ἀνα·

472 4770 853 4828 similitudinis
906 4778 1094 4843 aperte
1136 4772 1400 4837 ostendit,
1442 4774 1590 4847 quod
1620 4773 1710 4829 ubi
1745 4775 1925 4831 omnis
1964 4791 2055 4846 per

2166 4776 2573 4848 ϐλαστήσουσαν
2598 4777 2728 4847 ἡμῖν
2758 4775 3159 4847 μακαριότητα,
3191 4774 3327 4844 πρὸς
3354 4775 3455 4841 τὴν
3485 4774 3545 4840 ἐξ
3580 4776 3747 4845 ἀρχῆς

470 4866 934 4923 resurrectionem
989 4865 1151 4923 nobis
1195 4867 1477 4925 beatitudo
1523 4868 1957 4940 repullulaverit,
2002 4870 2055 4924 in

2166 4871 2448 4926 ἐπανιέναι
2492 4867 2671 4941 χάριν.
2718 4868 2929 4939 Στάχυς
2968 4867 3077 4940 γὰρ
3131 4867 3283 4932 ὄντες
3331 4867 3613 4939 καταρχὰς
3643 4868 3750 4937 (65)

435 5023 448 5037 _
472 4960 755 5032 eritiquam
787 4959 1020 5033 gratiam
1063 4972 1229 5033 atque
1265 4959 1517 5017 decorem
1548 4958 1888 5020 restituetur.
1920 4960 2055 5019 Cum

2166 4962 2368 5036 τρόπον
2393 4960 2516 5017 τινὰ
2548 4959 2644 5016 καὶ
2686 4962 2868 5033 ἡμεῖς,
2898 4960 3087 5032 ἐπειδὴ
3117 4960 3229 5033 (64)
3261 4961 3340 5034 τῷ
3382 4961 3624 5016 καύσωνι
3655 4959 3750 5029 τῆς

543 5097 591 5132 ⁸⁸
630 5096 650 5153 l
668 5098 799 5156 Cor.
832 5115 923 5165 xv,
956 5099 1049 5156 42.

686 5233 1070 5307 Διαλυθῆναι.
1104 5239 1149 5288 A
1177 5234 1494 5307 διαλυθῆναι
1523 5238 1572 5291 ὁ.

547 5303 664 5376 (.46)
701 5303 1035 5376 Σχήματος-
1069 5306 1230 5376 Ατοῦ
1264 5323 1352 5375 6x-

572 5374 665 5447 ἦ)
708 5374 806 5447 Ἐν
830 5374 1020 5442 αὐτῷ.
1048 5378 1091 5430 Α
1117 5374 1158 5428 Β
1185 5377 1241 5429 ὲν
1275 5374 1479 5447 ἑαυτῷ.

577 5444 666 5518 ρξ)
691 5445 1043 5518 adﬁxam.
1076 5447 1119 5499 Α
1150 5444 1432 5518 πάμπολυ,

549 5512 663 5589 (ἐεὶ)
697 5512 1063 5589 ἒχήμαῖιηΑ
1092 5519 1146 5589 in
1177 5512 1323 5589 textu
1358 5517 1560 5589 χάριτι.

549 5584 666 5659 (se)
688 5585 842 5659 (rapi
865 5584 1077 5659 αἰζτήντ
1109 5586 1162 5659 A_
1176 5588 1304 5656 περὶ
1326 5584 1552 5659 ἑαυτήν.

551 5654 663 5728 (si)
695 5655 858 5728 irata
883 5652 1016 5728 τῆς.
1052 5655 1097 5728 Α
1118 5655 1191 5728 ,ΒΑ
1208 5652 1348 5711 κατὰ
1371 5652 1491 5725 τὰςζ

553 5672 667 5785 iis?)
695 5672 858 5777 5‘32
883 5672 1212 5777 ἱηιῗτέῗὲἐι.

555 5792 671 5857 (55)
711 5790 855 5851 ηὗν,
889 5796 930 5845 Δ
957 5794 1072 5846 νῦν.

559 5864 669 5931 (δι)
710 5861 852 5919 Ἐπ’.
893 5864 930 5915 Α
962 5864 1000 5918 u
1026 5864 1094 5917 έν
1120 5863 1362 5934 φῶμεν.
1398 5868 1437 5920 ει
1470 5867 1621 5923 addit
1653 5868 1809 5922 xm.

2230 5237 2346 5306 (55)
2369 5235 2821 5306 Εὺϐρσκήμασι.
2857 5234 2905 5290 R
2933 5235 3101 5292 delet.

2231 5305 2345 5377 (56)
2381 5305 2471 5372 Τῷ,
2498 5305 2599 5377 δέ.
2628 5308 2675 5361 Α
2706 5306 2851 5377 τότε.

2235 5375 2352 5447 (57)
2386 5375 2647 5446 Σπέρμα.
2688 5376 2729 5430 Α
2761 5376 2803 5430 Β
2829 5376 2890 5431 τὸ
2926 5379 3162 5447 σπέρμα.

2235 5447 2351 5513 (58)
2393 5447 2449 5499 Ὁ
2491 5447 2666 5513 θεῖος.
2696 5447 2739 5500 Β
2773 5447 2867 5501 καὶ
2890 5447 2919 5500 ὁ
2945 5447 3109 5511 θεῖος.

2238 5516 2350 5582 (59)
2384 5516 2477 5570 Δέ.
2508 5517 2652 5572 delet
2681 5518 2743 5571 A.

2240 5584 2352 5653 (60)
2381 5585 3053 5657 Μεγαλοπρεπέστατον.
3085 5584 3127 5637 Β
3148 5587 3744 5657 μεγαλοπρεπέστερον.

2242 5657 2355 5727 lli!)
2389 5660 2512 5725 Οὐχ
2542 5657 2639 5722 ὡς.
2674 5659 2716 5710 Λ
2750 5658 2845 5727 οὐχ
2873 5660 2918 5710 ὁ.
2959 5657 2996 5707 Β
3035 5658 3176 5727 οὐχί.

2244 5729 2356 5790 (tit!)
2402 5727 2825 5781 Ἐπιδείκνυστ.
2864 5728 2899 5779 Α
2939 5728 3300 5780 ὑποδείκνυσι.

2244 5799 2355 5863 (liii)
2388 5797 2719 5865 Καταρχάς.
2753 5799 2794 5850 Α
2828 5798 2868 5850 Β
2898 5798 2960 5849 τὸ
2992 5815 3225 5868 καταρχ.

2251 5869 2360 5935 (lii)
2406 5868 2657 5934 Ἐπειδὴ.
2700 5868 2847 5923 Dclct
2883 5868 2938 5922 ll.
