3992 6458
287 396 390 463 137

1342 395 1439 451 DE
1476 392 1697 450 ΔΝΙΜΑ
1733 390 1823 447 ET
1856 388 2464 453 RESURRECTIONE.

3483 394 3585 451 158

300 514 495 582 κακίας
525 515 1046 592 κατεξηράνθημεν,
1074 514 1423 572 ὑπολαϐοῦσα
1448 512 1563 585 (65)
1612 511 1766 584 ἡμᾶς·
1788 508 1901 582 (66)

2033 509 2152 564 :nim
2181 510 2333 582 spica
2361 510 2769 582 (prodammedo
2797 526 2902 569 nos
2928 527 3150 585 quoque
3171 512 3242 570 ab
3261 513 3424 570 initio
3444 530 3593 571 esse-

302 612 342 681 t)
369 609 441 682 γῆ
471 607 561 663 διὰ
588 607 685 664 τοῦ
718 608 957 666 θανάτου
989 607 1102 683 (67)
1126 606 1408 670 λυθέντας,
1445 603 1609 659 πάλιν
1652 601 1794 657 κατὰ
1843 600 1906 656 τὸ

310 699 413 771 ξαρ
451 698 548 771 τῆς
593 699 950 765 ἀναστάσεως
997 697 1199 771 στάχυν
1247 694 1515 761 ἀναδείξει
1561 693 1656 749 τὸν
1698 691 1907 765 γυμνὸν

312 788 505 845 τοῦτον
528 789 730 844 κόκκον
767 789 863 844 τοῦ
891 789 1163 862 σώματος,
1200 784 1473 859 εὐμεγέθη
1503 801 1563 838 τε
1611 781 1707 845 καὶ
1740 783 1909 854 ἀμφι-

316 882 466 953 λαφῆ
500 882 595 936 καὶ
622 881 827 952 όρθιον,
861 882 956 936 καὶ
983 882 1065 947 είς
1089 880 1151 936 τὺ
1177 879 1425 953 οὐράνιον
1459 876 1593 947 ὕψος
1635 872 1911 930 ἀνατεινό-

322 989 507 1043 μενον,
536 971 659 1027 ἀντ).
685 971 943 1044 καλάμης
983 972 1018 1045 ἢ
1054 970 1339 1042 ἀνθέρικος
1369 967 1485 1041 (68)
1532 969 1598 1038 τῇ
1629 964 1913 1039 ἀφθαρσίᾳ

322 1064 419 1125 καὶ
442 1065 556 1127 τοῖς
581 1062 790 1129 λοιποῖς
827 1061 938 1118 τῶν
974 1061 1292 1134 θεοπρεπῶν
1319 1059 1714 1132 γνωρισμάτων
1744 1057 1911 1129 ὡραϊ-

324 1153 576 1226 ξόμενον.
611 1172 631 1207 ι
659 1155 750 1208 Δεῖ
779 1153 889 1226 γὰρ
918 1152 1027 1221 (69)
1054 1153 1114 1206 τὸ
1141 1150 1379 1223 φθαρτὸν
1402 1150 1561 1205 τοῦτο
1589 1149 1910 1215 ἐνδύσασθαι

325 1246 658 1316 ἀφθαρσίαν.
688 1263 708 1297 ι
770 1245 837 1299 Ἦ
879 1245 936 1300 δὲ
966 1244 1262 1316 ἀφθαρσία,
1306 1242 1400 1297 καὶ
1447 1244 1481 1314 ἡ
1532 1241 1680 1310 δόξα,
1730 1242 1829 1297 καὶ
1872 1243 1908 1312 ἡ

250 1372 255 1375 -
326 1338 491 1409 τιμὴ,
533 1337 627 1391 καὶ
673 1338 708 1410 ἡ
741 1336 992 1408 δύναμις,
1042 1337 1150 1390 ίδια
1190 1336 1290 1408 τῆς
1335 1334 1486 1399 θείας
1530 1334 1744 1406 φύσεως
1771 1329 1912 1387 εἶναι

328 1429 691 1500 ὁμολογεῖται,
741 1428 886 1499 άπερ
916 1429 1182 1500 πρότερόν
1208 1444 1269 1481 τε
1297 1428 1426 1500 περ).
1457 1428 1549 1483 τὸν
1578 1427 1700 1482 κατ’
1726 1427 1913 1481 εἰκόνα

328 1517 620 1591 γενόμενον
642 1514 732 1591 ἦν,
764 1520 860 1574 ινα)
888 1518 1130 1584 εἰσαῦθις
1148 1518 1446 1584 ὲλπίζεται.
1490 1520 1549 1574 '0
1566 1520 1677 1591 γὰρ
1699 1518 1915 1592 πρῶτος

332 1607 535 1679 στάχυς
588 1610 618 1662 ό
660 1608 874 1680 πρῶτος
918 1608 1204 1682 ἄνθρωπος
1249 1604 1319 1681 ἦν
1369 1608 1543 1680 ’Δδάμ
1578 1610 1595 1665 ί
1604 1609 1717 1679 70).
1772 1607 1912 1663 Ἀλλ’

333 1698 522 1771 hcet“)
563 1700 632 1772 τῇ
678 1702 779 1772 τῆς
826 1700 1026 1764 κακίας
1069 1701 1260 1773 εἰσόδῳ
1305 1700 1387 1764 είς
1435 1700 1641 1772 πλῆθος
1686 1699 1917 1774 ἡφύσις

332 1790 727 1867 κατεμερίσθη,
759 1790 942 1855 καθὼς
971 1791 1183 1863 γίνεται
1206 1792 1235 1845 ό
1267 1794 1479 1866 καρπὸς
1500 1795 1562 1847 ὲν
1578 1791 1660 1864 τῷ
1689 1792 1912 1866 στάχυῐο

333 1850 510 1946 ούτως
548 1850 608 1937 ὀἱ
818 1850 1048 1944 ἑκαστον
1076 1850 1475 1956 γυμνιιιίκύιιιες⁷
1495 1884 1591 1940 τοῦ
1631 1850 1781 1941 κατὰ
1791 1850 1919 1940 ..τὸν
1947 1850 1991 1905 Β

337 1973 540 2043 στάχυν
588 1975 794 2028 ἐκεῖνον
845 1975 1037 2040 εωους,
1084 1976 1180 2029 καὶ
1223 1978 1291 2049 τῇ
1338 1978 1409 2049 γῇ
1459 1976 1916 2048 καταμιχθέντες,

338 2064 503 2118 πάλιν
534 2065 592 2118 ἑν
633 2069 701 2139 τῇ
734 2068 1027 2131 ἀναστάσει
1076 2068 1217 2122 κατά
1255 2068 1321 2123 τὸ
1373 2068 1672 2141 ἀρχέγονον
1723 2069 1920 2134 κάλλος

340 2155 712 2227 ἀναφυόμεθα,
743 2158 864 2211 ἀντ).
907 2158 1027 2223 ἑνὸς
1059 2159 1151 2223 τοῦ
1184 2158 1401 2231 πρώτου
1431 2160 1661 2233 στάχυος
1689 2160 1922 2219 ἀνάπειο

340 2263 427 2318 ροι
456 2247 569 2321 (7t)
603 2249 865 2323 μυριάδες
886 2250 995 2304 τῶν
1024 2250 1194 2322 ληῖων
1227 2251 1510 2323 γενόμενοι
1545 2252 1694 2325 (79)-

423 2434 483 2489 '0
512 2433 576 2489 δὲ
598 2436 718 2488 κατ’
749 2436 949 2507 ἀρετὴν
981 2435 1095 2507 βίος
1126 2439 1184 2493 ὲν
1215 2438 1391 2511 τούτῳ
1421 2441 1560 2513 πρὸς
1596 2440 1696 2514 τὴν
1726 2439 1925 2500 κακίαν

340 2524 406 2579 τὸ
434 2524 688 2597 διάφορον
722 2524 837 2597 ἔχει
863 2526 995 2599 (75),
1026 2529 1107 2588 δτι
1138 2530 1188 2582 οῖ
1222 2529 1321 2601 μὲν
1363 2530 1599 2587 ἐνταῦθα
1635 2532 1788 2605 παρὰ
1833 2535 1926 2591 τὸν

346 2616 463 2688 βίον
505 2616 574 2671 δι’
622 2618 826 2689 ἀρετῆς
875 2620 1100 2683 ἑαυτοὺς
1158 2622 1600 2694 γεωργήσαντες,
1649 2625 1812 2691 εὐθὺς
1867 2627 1926 2681 ὲν

341 2706 534 2779 τελείῳ
560 2708 640 2780 τῷ
665 2709 861 2779 στάχυϊ
898 2709 1180 2780 φαίνωνται
1216 2712 1329 2783 (74)
1355 2729 1371 2745 ο
1421 2708 1504 2777 οἷς
1532 2714 1590 2768 δὲ
1615 2714 1702 2769 διὰ
1729 2717 1928 2781 κακίας

346 2799 589 2869 ἐξίτηλός
618 2816 677 2854 τε
707 2800 821 2873 (75)
869 2803 963 2856 κα).
993 2803 1368 2877 ἀνεμόφθορος
1416 2806 1446 2870 ό
1484 2806 1683 2872 κόκκος
1735 2807 1928 2877 γέγονε

345 2892 500 2962 παρά
524 2891 614 2945 τὸν
645 2891 757 2962 βίον
776 2892 963 2948 τοῦτον
984 2897 1019 2965 ἠ
1049 2896 1108 2948 ἐν
1127 2894 1207 2967 τῷ
1231 2894 1448 2968 ψυχικῷ
1470 2899 1745 2971 σπέρματι
1771 2900 1931 2955 δύνα-

351 3001 476 3056 μις,
526 2984 775 3056 καθάπερ
816 2986 927 3057 (76)
977 2987 1045 3041 τὰ
1086 2987 1356 3060 λεγόμενα
1399 2990 1704 3063 κεράσὸολα
1738 2991 1846 3063 (77)
1880 2993 1931 3046 οί

342 3078 460 3133 τῶν
485 3077 744 3133 τοιούτων
774 3080 1140 3152 ἐπιστήμονες
1185 3079 1403 3151 λέγουσι
1448 3083 1736 3154 γίνεσθαι·
1788 3085 1935 3145 οὕτω

2006 616 2152 668 mus,
2188 609 2548 673 posteaquam
2581 611 2720 660 aestu
2749 604 3063 661 vitiositatis
3106 605 3448 673 exaruimus,
3494 621 3592 662 εχ·-

2006 701 2200 761 ceptos
2232 705 2335 747 nos
2374 698 2521 747 terra
2550 708 2649 763 per
2684 700 2916 748 mortem
2948 693 3253 750 dissolutos
3297 708 3495 750 rursus
3533 694 3591 748 in

2008 796 2136 838 vere
2172 783 2618 848 resurrectionis,
2666 783 2773 840 hoc
2820 784 3029 839 nudum
3064 786 3314 856 corporis
3356 800 3593 857 granum

2009 873 2219 944 spicam
2250 873 2446 938 elﬁciet
2495 890 2802 946 proceram,
2864 875 3136 947 ingentem
3184 884 3239 932 et
3284 879 3591 948 cepiosam,

2008 963 2237 1021 arduam
2282 970 2338 1021 et
2371 972 2633 1031 erectam,
2686 973 2742 1021 et
2775 965 2841 1021 ad
2879 966 3223 1025 altitudinem
3253 983 3431 1038 usque
3470 968 3597 1026 creti

2010 1056 2432 1127 pertingentem,
2471 1071 2572 1127 pro
2601 1057 2784 1112 culmo
2817 1058 2903 1113 vel
2953 1058 3159 1124 aristis,
3203 1059 3598 1131 incorruptibi-

2010 1145 2163 1202 litate
2186 1146 2528 1218 reliquisque
2548 1147 2751 1205 divinis
2773 1157 2825 1205 et
2842 1151 3100 1219 angustis
3131 1151 3438 1223 insignibus
3465 1168 3600 1207 eon-

2011 1236 2260 1309 spicuam
2328 1245 2384 1293 et
2447 1245 2721 1294 ornatam.
2769 1237 3035 1310 «Oportet
3100 1241 3322 1309 enim,»
3395 1242 3598 1313 inquit,

1998 1328 2371 1415 ‘corruptibile
2389 1329 2496 1386 hoc
2518 1329 2748 1386 induere
2772 1331 3373 1402 incorruptibilitatem.
3409 1352 3427 1385 ι
3463 1332 3604 1390 Con-

2012 1429 2124 1477 stat
2181 1430 2367 1477 autem
2425 1423 2571 1493 quod
2620 1423 3139 1495 incorruptibilitas,
3196 1432 3252 1481 et
3302 1425 3500 1492 honor,
3547 1434 3603 1481 et

2014 1512 2209 1584 gloria,
2262 1523 2319 1571 et
2374 1516 2641 1585 potentia,
2697 1517 2919 1586 propria
2954 1517 3155 1575 divina
3210 1525 3422 1575 natura
3470 1517 3601 1579 sint,

2014 1621 2137 1678 quae
2172 1620 2299 1667 cum
2330 1607 2486 1679 prius
2516 1609 2745 1663 aderant
2774 1607 2848 1674 ei,
2882 1608 2978 1679 qui
3008 1609 3074 1663 ad
3098 1608 3387 1680 imaginem
3425 1606 3605 1663 factus

2015 1705 2123 1764 est,
2186 1707 2301 1755 tum
2366 1700 2425 1755 in
2474 1709 2760 1771 posterum
2822 1701 3068 1757 reditura
3122 1708 3438 1772 sperantur.
3467 1698 3606 1753 Nam

2017 1792 2194 1863 prima
2229 1792 2402 1864 spica,
2435 1792 2646 1864 primus
2673 1793 2840 1848 homo
2866 1794 3036 1848 Adam
3065 1803 3225 1856 erat;
3257 1792 3351 1849 sed
3384 1801 3608 1864 postca-

2020 1901 2181 1957 quam
2231 1901 2328 1956 per
2379 1886 2665 1941 introitum
2717 1886 3036 1943 vitiositatis
3084 1888 3144 1942 in
3196 1886 3604 1941 multitudinem

2019 1983 2218 2031 natura
2251 1977 2430 2034 divisa
2476 1986 2585 2045 est,
2640 1977 2786 2034 sicut
2837 1978 2891 2032 in
2925 1980 3077 2049 spica
3121 1978 3338 2034 fructus
3364 1975 3605 2041 exsistit,

2021 2067 2095 2123 ita
2121 2069 2437 2141 singulatim
2461 2071 2846 2141 unusquisque
2871 2070 3036 2125 homo
3067 2070 3214 2124 illius
3245 2070 3411 2140 spicae
3430 2067 3609 2123 forma

2021 2157 2214 2212 nudati
2258 2165 2313 2213 et
2353 2173 2477 2212 cum
2511 2166 2656 2215 terra
2689 2158 2987 2221 commisti,
3026 2175 3220 2215 rursus
3250 2160 3305 2213 in
3352 2173 3608 2214 resurre-

2021 2249 2205 2306 ctione
2234 2250 2290 2305 in
2316 2251 2598 2321 antiquam
2626 2250 3089 2321 pulchritudinem
3116 2253 3483 2316 renascimur,
3508 2265 3611 2321 pro

2023 2357 2134 2402 una
2184 2343 2279 2399 illa
2317 2343 2498 2416 prima
2543 2344 2718 2416 spica,
2759 2344 2973 2399 inﬁnita
3025 2344 3196 2399 millia
3236 2352 3483 2417 segetum
3522 2340 3609 2400 ef-

2024 2431 2175 2489 fecti.

2095 2524 2269 2581 Porro
2295 2525 2410 2585 vita
2435 2542 2557 2598 quae
2585 2541 2686 2599 per
2708 2527 2970 2584 virtutem
3017 2527 3363 2599 transigitur,
3418 2529 3474 2584 in
3506 2527 3615 2586 hoc

2028 2616 2211 2677 didert
2243 2633 2275 2675 a
2303 2619 2505 2675 vitiosa
2531 2621 2667 2691 vita,
2698 2620 2844 2692 quod
2890 2621 2967 2675 illi
2999 2622 3091 2691 qui
3143 2622 3200 2677 in
3233 2622 3335 2677 hac
3366 2623 3478 2677 vita
3516 2637 3615 2693 per

2026 2711 2285 2768 virtutem
2313 2727 2435 2769 sese
2466 2711 2830 2778 excoluerint,
2868 2716 3055 2768 statim
3092 2714 3145 2767 in
3180 2713 3421 2784 perfecta
3459 2716 3614 2786 spica

2029 2811 2297 2874 apparent
2323 2819 2337 2857 :
2369 2803 2574 2873 quibus
2599 2811 2782 2858 autem
2806 2813 3028 2876 prepter
3053 2805 3404 2860 vitiositatem
3429 2806 3612 2869 exilis,

2029 2895 2281 2958 evanida,
2318 2895 2652 2962 adulterina,
2707 2897 2925 2968 ignava,
2964 2906 3364 2968 ventorumque
3398 2898 3616 2969 injuria:

2031 2986 2271 3043 obnoxia
2302 2986 2389 3044 vis
2426 3003 2525 3058 per
2549 2988 2690 3044 hanc
2717 2989 2883 3043 vitam
2915 2989 2969 3042 in
3004 2988 3226 3042 animali
3264 2990 3472 3045 semine
3491 2988 3615 3056 fuit,

2033 3079 2489 3152 quemadmodum
2522 3097 2607 3147 ea,
2642 3083 2767 3153 qua:
2794 3081 3121 3154 κεράσϐολα,
3159 3082 3214 3141 id
3257 3090 3343 3140 est
3370 3084 3507 3139 dura
3537 3092 3622 3139 at-

349 3172 447 3226 κα).
469 3164 614 3225 οὗτοι
640 3170 776 3244 (78),
808 3171 912 3231 κᾶν
940 3172 1116 3243 φύωσι
1150 3172 1262 3245 (79)
1316 3173 1406 3229 διὰ
1428 3175 1527 3246 τῆς
1559 3177 1927 3245 ἀναστάσεως,

2036 3191 2141 3245 que
2193 3175 2421 3229 immitia
2460 3175 2744 3245 dicuntur,
2801 3176 2992 3233 talium
3038 3192 3223 3232 rerum
3269 3178 3429 3249 periti
3465 3179 3620 3235 nasci

350 3262 553 3334 πολλὴν
582 3263 715 3336 (79‘)
749 3264 1054 3336 ἀποτομίαν
1084 3265 1233 3338 παρὰ
1273 3266 1353 3338 τῷ
1381 3272 1541 3341 κριτῇ
1574 3268 1806 3334 ἕξουσιν,
1839 3270 1934 3325 ἃτε

351 3354 417 3427 δὴ
447 3355 546 3409 οὐκ
595 3354 868 3427 ἰσχύοντες
896 3357 1228 3430 ἀναδραμεῖν
1272 3358 1365 3412 ἐπ).
1404 3359 1468 3414 τὸ
1508 3356 1645 3425 εἶδος
1670 3361 1763 3416 τοῦ
1808 3365 1937 3419 στά-

351 3464 502 3518 χυος,
543 3448 636 3502 κα).
676 3447 929 3518 γενέσθαι
959 3449 1135 3505 ἐκεῖνο
1177 3449 1289 3523 (80)
1337 3452 1474 3523 ὅπερ
1503 3448 1647 3525 ἦμεν
1685 3454 1792 3525 πρὸ
1835 3455 1935 3524 τῆς,

352 3540 452 3603 ξπ).
473 3540 573 3609 τὴν
597 3540 701 3611 γῆν
741 3540 1168 3607 καταπτώσεως.
1213 3541 1280 3597 Ἦ
1308 3541 1365 3603 δὲ
1411 3542 1677 3614 θεραπεία
1700 3544 1792 3599 τοῦ
1820 3548 1912 3600 ὲπι

356 3629 678 3694 πατοῦντος
701 3630 811 3686 τῶν
842 3631 1220 3704 γεννημάτων,
1255 3635 1290 3705 ἡ
1318 3632 1430 3688 τῶν
1462 3633 1717 3699 ζιζανίων
1750 3651 1810 3689 τε
1844 3635 1940 3690 κα)

354 3722 469 3778 τῶν
495 3722 741 3778 ἀκανθῶν
768 3724 888 3778 ἔστι
921 3723 1154 3796 συλλογὴ
1173 3765 1188 3789 ,
1238 3726 1348 3781 τῶν
1379 3727 1831 3796 συναναιρυέντων
1863 3726 1943 3799 τῷ

359 3820 656 3891 σπέρματι,
686 3818 866 3890 πάσης
902 3819 1001 3891 τῆς
1027 3818 1442 3893 ύποτρεφούσης
1471 3818 1570 3891 τὴν
1597 3819 1751 3890 ῥίζαν
1781 3817 1943 3873 δυνά-

363 3926 507 3989 μεως
541 3910 677 3982 πρὸς
701 3912 793 3966 τὸν
819 3911 973 3967 νόθον
1000 3911 1112 3985 (81)
1144 3911 1561 3984 μεταρρυείσης,
1589 3912 1652 3966 δι’
1675 3906 1749 3967 ὧν
1779 3913 1941 3983 ἀτρο-

360 4001 462 4072 φόν
488 4019 547 4056 τε
582 4004 676 4057 καὶ
700 4004 1129 4077 ἀτελεσφόρητον
1159 4004 1223 4058 τὸ
1246 4007 1467 4078 γνήσιον
1494 4004 1678 4078 ἔμεινε
1721 4007 1944 4079 σπέρμα

359 4097 430 4167 τῇ
477 4095 627 4168 παρὰ
657 4095 819 4167 φύσιν
859 4097 1064 4171 βλαστῇ
1113 4098 1226 4170 (82)
1273 4098 1760 4171 συμπεπλεγμένον
1808 4099 1941 4173 (85).

370 4185 624 4242 Ἐπειδὰν
654 4182 749 4244 οὗν
774 4191 884 4244 πᾶν
904 4190 1030 4246 ὅσον
1077 4189 1231 4247 νόθον
1267 4208 1330 4244 τε
1368 4190 1463 4244 κα).
1493 4190 1773 4262 ἀλλότριον
1800 4191 1949 4245 ἐκτι-

360 4277 430 4351 λῇ
466 4279 580 4350 (84)
624 4280 716 4336 τοῦ
763 4282 1049 4354 τροφίμου,
1096 4282 1192 4337 καὶ
1222 4282 1303 4347 είς
1329 4281 1633 4353 ἀφανισμὸν
1671 4282 1820 4356 ἔλθῃ,
1851 4280 1949 4337 τοῦ

361 4374 539 4447 πυρὸς
575 4374 640 4429 τὸ
682 4375 838 4449 παρά
885 4375 1047 4446 φύσιν
1097 4374 1573 4447 ἐκδαπανήσαντος
1619 4373 1698 4445 τῷ
1743 4374 1949 4446 αἰωνίῳ

362 4465 503 4536 πυρὶ
527 4464 831 4537 παραδοθὲν
869 4464 1003 4538 (85),
1032 4464 1155 4519 τότε
1185 4464 1279 4519 κα).
1310 4463 1521 4527 τούτοις
1548 4464 1874 4536 εὑτροφήσει
1910 4466 1944 4535 ἡ

364 4554 550 4625 φύσις,
598 4557 694 4611 καὶ
740 4557 822 4621 εἰς
866 4555 1079 4629 καρπὸν
1121 4555 1510 4628 ἀδρυνθήσεται
1555 4554 1666 4627 (86)
1712 4555 1799 4610 διὰ
1847 4556 1950 4626 τῆς
1982 4538 2026 4594 D

361 4645 623 4718 τοιαύτης
677 4645 1032 4717 ἐπιμελείας,
1088 4647 1327 4717 μακραῖς
1391 4661 1523 4700 ποτε
1577 4647 1846 4717 περιόδοις
1888 4647 1950 4705 τὸ

363 4736 548 4797 κοινὸν
575 4733 714 4802 εἶδος
744 4737 808 4791 τὸ
833 4736 893 4803 ἐξ
915 4739 1087 4810 ἀρχῆς
1117 4739 1251 4809 ἡμῖν
1282 4736 1466 4792 θεόθεν
1499 4737 1788 4808 ὲπιὸληθὲν
1810 4739 1951 4793 dmo-

362 4829 624 4913 λαόούσα.
654 4831 933 4903 Μακάριοι
957 4832 1016 4886 δέ
1040 4833 1179 4885 εἰσιν
1212 4830 1327 4902 (87)
1358 4826 1438 4894 οἷς
1468 4830 1631 4896 εὐθὺς
1656 4831 1719 4886 τὸ
1742 4832 1953 4889 τέλειον

441 4941 556 5013 (65)
589 4943 1019 5001 Ὑπολαόοῦσα.
1057 4944 1099 4999 Β
1130 4942 1358 4999 ὑπολαϐ.
1391 4944 1471 5001 δέ.

443 5012 557 5080 (66)
599 5013 802 5083 Ἠμᾶς.
839 5014 992 5073 Detet
1012 5015 1078 5072 Β.

464 5084 554 5154 67)
581 5083 849 5140 Θανάτου
888 5086 1205 5154 λυθέντας.
1237 5087 1280 5141 Β
1304 5086 1694 5151 ἀναλυθέντας.

466 5153 558 5231 68)
598 5154 1026 5231 ξΑΥθέρικος.-Α
1059 5153 1456 5231 Βάνθερίκων.

442 5223 556 5298 (⁸ξεῦ
583 5224 855 5298 ᾼξξτάρι,
872 5227 924 5298 AA
944 5224 985 5279 Β
1016 5229 1226 5285 add"!!!
1265 5223 1419 5298 ἱρησί-

469 5292 560 5367 go)
595 5292 801 5367 ζΑδᾴιί.
825 5296 868 5350 B
893 5296 1059 5353 delet.
1084 5299 1128 5353 A
1159 5301 1189 5353 ό
1221 5292 1412 5367 Ἀδάμ.

595 5362 956 5441 ᾉ-νάξτειρον.
984 5368 1031 5441 ᾼ
1060 5369 1111 5421 οί
1147 5362 1365 5441 ᾅποροιξ
1410 5367 1449 5420 Β
1479 5369 1535 5421 αἱ
1573 5367 1810 5440 ἄπειροι.

445 5434 561 5523 @222
596 5434 945 5523 Cyme;
979 5436 1036 5523 ει.
1051 5434 1346 5511 γινόμεελοιο

448 5505 565 5575 (75)
608 5505 792 5575 Ἔχει.
821 5507 867 5561 A
903 5506 947 5559 Β
979 5505 1114 5575 ἕξει.

446 5575 563 5649 (ξΙρ)
590 5578 929 5649 imitmur.
958 5576 1001 5631 Β
1029 5579 1275 5649 φύονται.

470 5646 564 5720 Ἐξ)
601 5646 1176 5720 Ἐξίτηλός-τεξΑΒ
1202 5649 1442 5720 ὲξίτηλός
1477 5666 1578 5712 τις.

470 5652 564 5711 75)
601 5652 921 5715 Ἐξίτηλός
947 5664 1031 5703 τε.
1060 5652 1103 5702 Α
1136 5652 1176 5702 Β
1202 5652 1391 5720 agam»

446 5652 563 5790 (79}
591 5716 885 5790 Καθάπερ.
922 5716 963 5770 Β
987 5718 1238 5790 καθάπερ
1262 5720 1391 5790 γάρ·

460 5786 567 5855 ⁷77)
591 5786 960 5853 Κερὰσϐολα.
996 5789 1038 5841 Β
1068 5786 1449 5859 κερασὸόλαια.

451 5790 567 5929 (78)
610 5858 775 5914 Οὕτω
818 5858 916 5913 καὶ
968 5854 1150 5917 οὗτοι.
1192 5860 1236 5917 A
1278 5860 1330 5914 in
1377 5877 1449 5915 ut:

480 5853 567 5932 78)
610 5858 775 5914 Οὕτω
818 5858 916 5913 καὶ
968 5853 1150 5917 οὗτοι]
1192 5860 1236 5917 Α
1278 5860 1330 5914 iu
1377 5860 1622 5933 margine
1662 5853 1806 5913 οὗτοι
1860 5859 1962 5913 κᾶν

2037 3267 2229 3323 dicunt
2255 3283 2270 3320 :
2304 3266 2356 3320 hi
2387 3268 2604 3323 etiamsi
2637 3284 2735 3340 per
2764 3254 3226 3325 resurrectionem
3259 3270 3368 3323 nati
3398 3268 3621 3333 fuerint,

2037 3373 2291 3430 magnam
2325 3358 2584 3414 duritiam
2615 3371 2670 3415 et
2717 3361 3066 3416 severitatem
3095 3361 3300 3432 judicis
3335 3360 3626 3432 experien-

2039 3457 2150 3514 tur,
2184 3456 2244 3503 ut
2269 3449 2363 3520 qui
2395 3449 2657 3506 nimirum
2684 3465 2795 3505 non
2829 3451 3045 3506 valeant
3068 3466 3389 3507 exarescere
3412 3459 3467 3506 et
3493 3466 3625 3507 sur-

2040 3557 2168 3612 gere
2206 3544 2274 3596 ad
2302 3540 2536 3596 formam
2579 3542 2763 3612 spicae,
2799 3551 2854 3597 et
2897 3541 3132 3598 evadere
3162 3543 3295 3597 illud
3326 3543 3470 3613 quod
3502 3556 3630 3596 era-

2040 3649 2173 3690 mus-
2198 3640 2490 3706 antequam
2542 3635 2598 3689 in
2645 3643 2846 3689 terram
2887 3635 3098 3707 delapsi
3140 3650 3410 3692 essemus.
3453 3633 3633 3689 Porro

2030 3734 2300 3800 .curatura
2331 3733 2494 3797 atque
2523 3727 2845 3791 remedium,
2873 3726 3019 3797 quod
3049 3727 3273 3784 adhibet
3302 3727 3351 3786 is
3386 3728 3479 3798 qui
3504 3742 3630 3799 ger-

2045 3817 2287 3874 minibus
2314 3825 2533 3889 praeest,
2566 3818 2672 3874 hoc
2708 3825 2812 3885 est,
2845 3827 2906 3875 ut
2939 3819 3198 3875 nimirum
3227 3821 3439 3876 zizania
3465 3820 3632 3877 simul

2044 3926 2108 3968 ac
2163 3912 2353 3983 spinas
2407 3912 2650 3984 colligat,
2710 3928 2833 3984 quae
2881 3928 2989 3970 una
3034 3929 3159 3969 cum
3207 3914 3418 3970 semine
3460 3923 3637 3970 enatat

2046 4005 2273 4070 fuerint,
2311 4006 2461 4061 omni
2485 4007 2538 4061 vi
2571 4005 2815 4063 radicem
2854 4006 3050 4062 subtus
3077 4007 3255 4062 alente
3281 4007 3336 4062 in
3369 4006 3636 4063 adulteriv

2047 4113 2173 4153 nam
2206 4105 2459 4166 naturam
2497 4099 2812 4155 transfusa:
2845 4098 3049 4169 quibus
3074 4099 3239 4155 rebus
3268 4099 3469 4154 accidit
3499 4106 3559 4154 ut
3581 4106 3637 4155 et

2048 4189 2345 4260 genuinum
2382 4204 2448 4244 ac
2490 4204 2812 4260 germanum
2847 4204 3033 4244 semen
3084 4204 3193 4243 non
3223 4188 3548 4252 nutriretur,
3584 4196 3641 4244 et

2049 4281 2280 4345 idcirco,
2312 4280 2460 4350 quod
2491 4281 2560 4335 ab
2586 4295 2653 4335 eo
2689 4262 3117 4350 gerlniitequod
3149 4291 3346 4349 prauer
3384 4288 3637 4333 naturam

2046 4375 2203 4444 juxta
2228 4382 2446 4432 enatum
2473 4379 2641 4438 esset,
2675 4369 3058 4437 suﬂ‘ocaretur,
3084 4370 3219 4425 nihil
3252 4386 3491 4440 unquam
3512 4385 3638 4442 per-

2054 4465 2180 4523 fecti
2207 4464 2511 4536 producere
2544 4474 2749 4536 posset.
2782 4462 3142 4535 Posteaquam
3174 4463 3342 4533 igitur
3369 4461 3641 4534 quidquid

2057 4574 2165 4615 non
2218 4557 2495 4614 sincerum
2537 4572 2603 4612 ac
2639 4569 2981 4627 germanum,
3023 4554 3119 4611 sed
3172 4554 3543 4610 adulterinum
3582 4561 3641 4609 et

2057 4653 2295 4709 alienum
2324 4659 2430 4715 est,
2456 4666 2522 4706 ex
2562 4665 2629 4706 eo
2658 4649 2803 4720 quod
2832 4648 3111 4704 sincerum
3141 4654 3246 4712 est,
3282 4661 3348 4703 ac
3391 4647 3499 4702 vim
3533 4662 3642 4702 nti-

2057 4745 2259 4809 triendi
2292 4745 2478 4810 habet,
2524 4743 2778 4800 evulsum
2808 4753 2861 4798 et
2905 4733 2972 4797 ad
3021 4741 3303 4796 interitum
3354 4739 3639 4795 redactum

2057 4838 2245 4905 fuerit,
2276 4846 2441 4909 atque
2459 4837 2604 4909 ignis
2630 4836 2683 4892 id
2712 4834 2860 4908 quod
2888 4833 3141 4889 naturale
3163 4849 3271 4889 non
3290 4839 3398 4899 est,
3424 4846 3643 4889 assuma

2056 4953 2234 5028 φυρσι
2262 4952 2350 5028 διά
2382 4952 2484 5022 τῆς
2517 4950 2868 5028 ἀναστάσεως
2899 4945 3101 5017 πολλὴν
3133 4942 3463 5016 ἀποτομίαν.

2150 5023 2240 5091 79)
2268 5020 2491 5079 Φύωσι.
2520 5021 2562 5074 Β
2590 5020 2786 5090 φυῶσι.
2934 5089 2957 5091 _
3014 5087 3064 5091 __
3095 5083 3186 5091 η-
3282 5083 3310 5091 _
3496 5080 3509 5091 ι
3611 5078 3636 5089 _

2150 5080 2265 5161 79‘)
2308 5091 2556 5160 Πολλὴν
2575 5080 2876 5161 ἐχρόνοις.
2929 5089 2970 5144 B
3004 5083 3223 5161 ,Πολλῆς
3247 5083 3347 5161 τῇς
3371 5080 3521 5161 παρὰ
3538 5080 3648 5161 τοῖο

2056 5152 3336 5305 ἓξγτῖἓτρὲθξὶρὶῖξρίῖἕόὲρὲσδέονται’πρὸς
3370 5152 3434 5207 τὸ
3456 5152 3463 5153 “
3487 5153 3639 5225 μάλις

2154 5304 2245 5361 80)
2287 5302 2537 5359 Ἐκεῖνο.
2566 5302 2609 5356 Β
2633 5302 2861 5359 ἐκεῖνον.

2155 5373 2245 5431 81)
2285 5376 2398 5428 Τὸν
2422 5374 2626 5429 νόθον.
2648 5374 2695 5426 Α
2725 5373 2763 5426 Β
2789 5373 2851 5427 τὸ
2879 5373 3053 5428 νόθον.

2155 5442 2247 5513 82)
2275 5442 2543 5512 Βλαστῇ.
2576 5442 2620 5496 Β
2654 5443 2879 5517 βλάστῃ.

2155 5450 2247 5513 82)
2275 5450 2543 5512 Βλαστῇ.
2576 5450 2620 5496 Β
2654 5450 2879 5517 βλάστῃ.

2132 5450 2246 5652 (83)
2275 5513 2842 5596 Evynszflsrpéror.
2871 5514 2917 5567 A
2950 5512 2993 5569 Β
3023 5526 3408 5584 συμπεπνιγμ.

2133 5588 2224 5652 (84
2280 5586 2544 5652 Ἐκτιλη.
2573 5583 2616 5638 Β
2644 5582 2869 5652 ἑκταλῇ.

2133 5582 2245 5655 (84)
2280 5582 2544 5655 Ἐκτιλῇ.
2573 5582 2616 5638 Β
2644 5582 2869 5654 ἑκταλῇ.

2134 5652 2247 5724 (85)
2283 5654 2368 5720 Τῷ
2387 5671 2445 5707 α.
2472 5652 2537 5710 π.
2561 5670 2627 5708 π.
2663 5652 2849 5724 delent
2874 5653 2916 5707 A
2946 5652 3009 5708 Β.

2137 5722 2250 5793 (86)
2291 5726 2550 5792 Ἀδρυνθ.
2599 5722 2876 5795 Ἀνδρυνθ.

2144 5797 2255 5869 (87)
2295 5796 2369 5850 Δέ
2394 5797 2571 5849 εἰσιν.
2609 5794 2652 5848 Α
2688 5793 2734 5848 Β
2754 5793 2935 5852 delent
2968 5796 3127 5849 εἰσιν.

2226 5304 2247 5513 l
