  <div class='ocr_page' id='page_1' title='image "/cluster/home/n/w/nwhite01/storage/ocr_20150623/46:no.3/coo.31924054869668/088.png"; bbox 0 0 3992 6438; ppageno 0'>
   <div class='ocr_carea' id='block_1_1' title="bbox 296 358 393 417">
    <p class='ocr_par' dir='ltr' id='par_1_1' title="bbox 296 358 393 417">
     <span class='ocr_line' id='line_1_1' title="bbox 296 358 393 417; baseline -0.031 0"><span class='ocrx_word' id='word_1_1' title='bbox 296 358 393 417; x_wconf 67' lang='grc' dir='ltr'><strong>ιω</strong></span> 
     </span>
    </p>
   </div>
   <div class='ocr_carea' id='block_1_2' title="bbox 1106 319 2834 422">
    <p class='ocr_par' dir='ltr' id='par_1_2' title="bbox 1106 319 2834 422">
     <span class='ocr_line' id='line_1_2' title="bbox 1106 319 2834 422; baseline -0.004 -13"><span class='ocrx_word' id='word_1_2' title='bbox 1106 356 1193 410; x_wconf 83' lang='lat' dir='ltr'><strong>DE</strong></span> <span class='ocrx_word' id='word_1_3' title='bbox 1230 353 1646 411; x_wconf 81' lang='lat' dir='ltr'><strong>INFANTIBUS</strong></span> <span class='ocrx_word' id='word_1_4' title='bbox 1690 351 1810 422; x_wconf 83' lang='lat' dir='ltr'><strong>QUI</strong></span> <span class='ocrx_word' id='word_1_5' title='bbox 1834 346 2295 406; x_wconf 64' lang='lat' dir='ltr'><strong>PFUEMATURE</strong></span> <span class='ocrx_word' id='word_1_6' title='bbox 2335 319 2834 403; x_wconf 27' lang='lat' dir='ltr'><strong>ABRIPI&#39;UNTUR.</strong></span> 
     </span>
    </p>
   </div>
   <div class='ocr_carea' id='block_1_3' title="bbox 3471 346 3578 401">
    <p class='ocr_par' dir='ltr' id='par_1_3' title="bbox 3471 346 3578 401">
     <span class='ocr_line' id='line_1_3' title="bbox 3471 346 3578 401; baseline 0 -1"><span class='ocrx_word' id='word_1_7' title='bbox 3471 346 3578 401; x_wconf 58' lang='lat'><strong>{6‘2</strong></span> 
     </span>
    </p>
   </div>
   <div class='ocr_carea' id='block_1_4' title="bbox 633 497 3570 546">
    <p class='ocr_par' dir='ltr' id='par_1_4' title="bbox 633 497 3570 546">
     <span class='ocr_line' id='line_1_4' title="bbox 633 497 3570 546; baseline -0.003 -3"><span class='ocrx_word' id='word_1_8' title='bbox 633 497 3570 546; x_wconf 48' lang='grc' dir='ltr'>Μ</span> 
     </span>
    </p>
   </div>
   <div class='ocr_carea' id='block_1_5' title="bbox 1575 666 2260 757">
    <p class='ocr_par' dir='ltr' id='par_1_5' title="bbox 1575 666 2260 757">
     <span class='ocr_line' id='line_1_5' title="bbox 1575 666 2260 757; baseline -0.012 1"><span class='ocrx_word' id='word_1_9' title='bbox 1575 668 1807 757; x_wconf 85' lang='grc' dir='ltr'>ΤΟΥ</span> <span class='ocrx_word' id='word_1_10' title='bbox 1879 666 2260 753; x_wconf 87' lang='grc' dir='ltr'>ΑΥΤΟΥ</span> 
     </span>
    </p>
   </div>
   <div class='ocr_carea' id='block_1_6' title="bbox 1066 831 2813 983">
    <p class='ocr_par' dir='ltr' id='par_1_6' title="bbox 1066 831 2813 983">
     <span class='ocr_line' id='line_1_6' title="bbox 1066 831 2813 983; baseline -0.005 1"><span class='ocrx_word' id='word_1_11' title='bbox 1066 869 1499 983; x_wconf 85' lang='grc' dir='ltr'><strong>ΠΕΡΙ</strong></span> <span class='ocrx_word' id='word_1_12' title='bbox 1618 865 1974 980; x_wconf 80' lang='grc' dir='ltr'><strong>ΤΩΝ</strong></span> <span class='ocrx_word' id='word_1_13' title='bbox 2110 831 2813 978; x_wconf 79' lang='grc' dir='ltr'><strong>ΝΗΠΙΩΝ</strong></span> 
     </span>
    </p>
   </div>
   <div class='ocr_carea' id='block_1_7' title="bbox 1447 1073 2473 1143">
    <p class='ocr_par' dir='ltr' id='par_1_7' title="bbox 1447 1073 2473 1143">
     <span class='ocr_line' id='line_1_7' title="bbox 1447 1073 2473 1143; baseline -0.011 -4"><span class='ocrx_word' id='word_1_14' title='bbox 1447 1083 1584 1140; x_wconf 88' lang='lat' dir='ltr'><strong>IIPO</strong></span> <span class='ocrx_word' id='word_1_15' title='bbox 1630 1080 1809 1137; x_wconf 67' lang='lat' dir='ltr'><strong>ora}:</strong></span> <span class='ocrx_word' id='word_1_16' title='bbox 1828 1073 2473 1143; x_wconf 68' lang='lat' dir='ltr'><strong>MAPHAZOMENQN,</strong></span> 
     </span>
    </p>
   </div>
   <div class='ocr_carea' id='block_1_8' title="bbox 1713 1234 2210 1293">
    <p class='ocr_par' dir='ltr' id='par_1_8' title="bbox 1713 1234 2210 1293">
     <span class='ocr_line' id='line_1_8' title="bbox 1713 1234 2210 1293; baseline -0.012 0"><span class='ocrx_word' id='word_1_17' title='bbox 1713 1238 1914 1293; x_wconf 82' lang='grc' dir='ltr'><strong>ΠΡΟΣ</strong></span> <span class='ocrx_word' id='word_1_18' title='bbox 1959 1234 2110 1291; x_wconf 79' lang='lat' dir='ltr'><strong>IEPI</strong></span> <span class='ocrx_word' id='word_1_19' title='bbox 2110 1234 2210 1291; x_wconf 87' lang='grc' dir='ltr'><strong>ΟΝ</strong></span> 
     </span>
    </p>
   </div>
   <div class='ocr_carea' id='block_1_9' title="bbox 1657 1379 2202 1572">
    <p class='ocr_par' dir='ltr' id='par_1_9' title="bbox 1657 1480 2202 1572">
     <span class='ocr_line' id='line_1_9' title="bbox 1657 1480 2202 1572; baseline 0 0"><span class='ocrx_word' id='word_1_20' title='bbox 1657 1480 2202 1572; x_wconf 87' lang='lat' dir='ltr'><strong>EJUSDEM</strong></span> 
     </span>
    </p>
   </div>
   <div class='ocr_carea' id='block_1_10' title="bbox 1420 1696 2664 1817">
    <p class='ocr_par' dir='ltr' id='par_1_10' title="bbox 1420 1696 2664 1817">
     <span class='ocr_line' id='line_1_10' title="bbox 1420 1696 2664 1817; baseline -0.001 -4"><span class='ocrx_word' id='word_1_21' title='bbox 1420 1700 1605 1815; x_wconf 92' lang='lat' dir='ltr'><strong>DE</strong></span> <span class='ocrx_word' id='word_1_22' title='bbox 1682 1696 2570 1817; x_wconf 82' lang='lat' dir='ltr'><strong>INFANTIBUS</strong></span> <span class='ocrx_word' id='word_1_23' title='bbox 2659 1755 2664 1760; x_wconf 54' lang='grc'><strong>’</strong></span> 
     </span>
    </p>
   </div>
   <div class='ocr_carea' id='block_1_11' title="bbox 1319 1915 2579 2001">
    <p class='ocr_par' dir='ltr' id='par_1_11' title="bbox 1319 1915 2579 2001">
     <span class='ocr_line' id='line_1_11' title="bbox 1319 1915 2579 2001; baseline 0 -24"><span class='ocrx_word' id='word_1_24' title='bbox 1319 1916 1440 1985; x_wconf 83' lang='lat' dir='ltr'><strong>QUI</strong></span> <span class='ocrx_word' id='word_1_25' title='bbox 1524 1915 1982 1979; x_wconf 76' lang='lat' dir='ltr'><strong>PRIEMATURE</strong></span> <span class='ocrx_word' id='word_1_26' title='bbox 2072 1916 2579 2001; x_wconf 36' lang='lat' dir='ltr'><strong>lABRlPlUNTUR,</strong></span> 
     </span>
    </p>
   </div>
   <div class='ocr_carea' id='block_1_12' title="bbox 1722 2075 2228 2135">
    <p class='ocr_par' dir='ltr' id='par_1_12' title="bbox 1722 2075 2228 2135">
     <span class='ocr_line' id='line_1_12' title="bbox 1722 2075 2228 2135; baseline 0.002 -4"><span class='ocrx_word' id='word_1_27' title='bbox 1722 2077 1824 2132; x_wconf 79' lang='lat' dir='ltr'><strong><em>AD</em></strong></span> <span class='ocrx_word' id='word_1_28' title='bbox 1884 2075 2228 2135; x_wconf 78' lang='lat' dir='ltr'><strong>HIERIUM.</strong></span> 
     </span>
    </p>
   </div>
   <div class='ocr_carea' id='block_1_13' title="bbox 1524 2235 2365 2309">
    <p class='ocr_par' dir='ltr' id='par_1_13' title="bbox 1524 2235 2365 2309">
     <span class='ocr_line' id='line_1_13' title="bbox 1524 2235 2365 2309; baseline 0.001 -19"><span class='ocrx_word' id='word_1_29' title='bbox 1524 2235 1808 2294; x_wconf 74' lang='lat' dir='ltr'><strong>Laurentio</strong></span> <span class='ocrx_word' id='word_1_30' title='bbox 1846 2237 2037 2309; x_wconf 77' lang='lat' dir='ltr'><strong>Sifano</strong></span> <span class='ocrx_word' id='word_1_31' title='bbox 2065 2240 2365 2308; x_wconf 73' lang='lat' dir='ltr'><strong>interprete.</strong></span> 
     </span>
    </p>
   </div>
   <div class='ocr_carea' id='block_1_14' title="bbox 1921 2380 1995 2397">
    <p class='ocr_par' dir='ltr' id='par_1_14' title="bbox 1921 2380 1995 2397">
     <span class='ocr_line' id='line_1_14' title="bbox 1921 2380 1995 2397; baseline 0 0"><span class='ocrx_word' id='word_1_32' title='bbox 1921 2380 1995 2397; x_wconf 66' lang='grc'><strong>*-</strong></span> 
     </span>
    </p>
   </div>
   <div class='ocr_carea' id='block_1_15' title="bbox 396 2464 1911 2546">
    <p class='ocr_par' dir='ltr' id='par_1_15' title="bbox 396 2464 1901 2546">
     <span class='ocr_line' id='line_1_15' title="bbox 396 2464 1901 2546; baseline 0.005 -22"><span class='ocrx_word' id='word_1_33' title='bbox 396 2470 489 2525; x_wconf 78' lang='grc' dir='ltr'><strong>Σοὶ</strong></span> <span class='ocrx_word' id='word_1_34' title='bbox 521 2471 640 2542; x_wconf 84' lang='grc' dir='ltr'><strong>μὲν,</strong></span> <span class='ocrx_word' id='word_1_35' title='bbox 686 2464 732 2525; x_wconf 80' lang='grc' dir='ltr'>ὦ</span> <span class='ocrx_word' id='word_1_36' title='bbox 762 2470 966 2544; x_wconf 74' lang='grc' dir='ltr'><strong>ἄριστε,</strong></span> <span class='ocrx_word' id='word_1_37' title='bbox 1012 2470 1212 2537; x_wconf 87' lang='grc' dir='ltr'><strong>πάντες</strong></span> <span class='ocrx_word' id='word_1_38' title='bbox 1247 2473 1498 2543; x_wconf 82' lang='grc' dir='ltr'><strong>σοφισταί</strong></span> <span class='ocrx_word' id='word_1_39' title='bbox 1524 2492 1583 2529; x_wconf 89' lang='grc' dir='ltr'><strong>τε</strong></span> <span class='ocrx_word' id='word_1_40' title='bbox 1621 2475 1716 2530; x_wconf 76' lang='grc' dir='ltr'><strong>καὶ</strong></span> <span class='ocrx_word' id='word_1_41' title='bbox 1744 2473 1901 2546; x_wconf 79' lang='grc' dir='ltr'><strong>λογο-</strong></span> 
     </span>
    </p>
   </div>
   <div class='ocr_carea' id='block_1_16' title="bbox 2013 2464 3588 2546">
    <p class='ocr_par' dir='ltr' id='par_1_16' title="bbox 2079 2467 3588 2545">
     <span class='ocr_line' id='line_1_16' title="bbox 2079 2467 3588 2545; baseline 0.002 -16"><span class='ocrx_word' id='word_1_42' title='bbox 2079 2471 2306 2545; x_wconf 79' lang='lat' dir='ltr'><strong>Dicendi</strong></span> <span class='ocrx_word' id='word_1_43' title='bbox 2347 2470 2572 2544; x_wconf 86' lang='lat' dir='ltr'><strong>quidem</strong></span> <span class='ocrx_word' id='word_1_44' title='bbox 2602 2470 2737 2537; x_wconf 98' lang='lat' dir='ltr'><strong>vim,</strong></span> <span class='ocrx_word' id='word_1_45' title='bbox 2771 2486 2880 2543; x_wconf 89' lang='lat' dir='ltr'><strong>qua</strong></span> <span class='ocrx_word' id='word_1_46' title='bbox 2914 2468 3149 2544; x_wconf 87' lang='lat' dir='ltr'><strong>quisque</strong></span> <span class='ocrx_word' id='word_1_47' title='bbox 3173 2467 3436 2545; x_wconf 61' lang='lat' dir='ltr'><strong>praeditus</strong></span> <span class='ocrx_word' id='word_1_48' title='bbox 3471 2472 3588 2532; x_wconf 58' lang='grc' dir='ltr'><strong>[υθέ</strong></span> 
     </span>
    </p>
   </div>
   <div class='ocr_carea' id='block_1_17' title="bbox 326 2561 1900 2638">
    <p class='ocr_par' dir='ltr' id='par_1_17' title="bbox 326 2561 1900 2638">
     <span class='ocr_line' id='line_1_17' title="bbox 326 2561 1900 2638; baseline 0.003 -21"><span class='ocrx_word' id='word_1_49' title='bbox 326 2563 528 2635; x_wconf 87' lang='grc' dir='ltr'><strong>γράφοι</strong></span> <span class='ocrx_word' id='word_1_50' title='bbox 559 2563 658 2636; x_wconf 82' lang='grc' dir='ltr'><strong>τὴν</strong></span> <span class='ocrx_word' id='word_1_51' title='bbox 688 2561 783 2617; x_wconf 83' lang='grc' dir='ltr'><strong>τοῦ</strong></span> <span class='ocrx_word' id='word_1_52' title='bbox 814 2563 992 2632; x_wconf 84' lang='grc' dir='ltr'><strong>λέγειν</strong></span> <span class='ocrx_word' id='word_1_53' title='bbox 1022 2562 1239 2628; x_wconf 88' lang='grc' dir='ltr'><strong>πάντως</strong></span> <span class='ocrx_word' id='word_1_54' title='bbox 1268 2563 1626 2632; x_wconf 81' lang='grc' dir='ltr'><strong>ἐπιδείξονται</strong></span> <span class='ocrx_word' id='word_1_55' title='bbox 1650 2566 1900 2638; x_wconf 83' lang='grc' dir='ltr'><strong>δύναμιν,</strong></span> 
     </span>
    </p>
   </div>
   <div class='ocr_carea' id='block_1_18' title="bbox 324 2650 1909 2729">
    <p class='ocr_par' dir='ltr' id='par_1_18' title="bbox 324 2650 1909 2729">
     <span class='ocr_line' id='line_1_18' title="bbox 324 2650 1909 2729; baseline 0.001 -21"><span class='ocrx_word' id='word_1_56' title='bbox 324 2650 437 2709; x_wconf 76' lang='grc' dir='ltr'><strong>οἷόν</strong></span> <span class='ocrx_word' id='word_1_57' title='bbox 460 2671 565 2708; x_wconf 85' lang='grc' dir='ltr'><strong>τινι</strong></span> <span class='ocrx_word' id='word_1_58' title='bbox 597 2654 792 2726; x_wconf 83' lang='grc' dir='ltr'><strong>σταδίῳ</strong></span> <span class='ocrx_word' id='word_1_59' title='bbox 818 2653 896 2725; x_wconf 83' lang='grc' dir='ltr'><strong>τῷ</strong></span> <span class='ocrx_word' id='word_1_60' title='bbox 925 2655 1115 2709; x_wconf 86' lang='grc' dir='ltr'><strong>πλάτει</strong></span> <span class='ocrx_word' id='word_1_61' title='bbox 1132 2655 1240 2712; x_wconf 88' lang='grc' dir='ltr'><strong>τῶν</strong></span> <span class='ocrx_word' id='word_1_62' title='bbox 1272 2656 1381 2710; x_wconf 88' lang='grc' dir='ltr'><strong>σῶν</strong></span> <span class='ocrx_word' id='word_1_63' title='bbox 1411 2657 1705 2729; x_wconf 82' lang='grc' dir='ltr'><strong>θαυμάτων</strong></span> <span class='ocrx_word' id='word_1_64' title='bbox 1734 2657 1909 2711; x_wconf 83' lang='grc' dir='ltr'><strong>ἐνδια-</strong></span> 
     </span>
    </p>
   </div>
   <div class='ocr_carea' id='block_1_19' title="bbox 326 2742 1908 2820">
    <p class='ocr_par' dir='ltr' id='par_1_19' title="bbox 326 2742 1908 2820">
     <span class='ocr_line' id='line_1_19' title="bbox 326 2742 1908 2820; baseline 0.002 -21"><span class='ocrx_word' id='word_1_65' title='bbox 326 2746 562 2809; x_wconf 87' lang='grc' dir='ltr'><strong>θέοντες.</strong></span> <span class='ocrx_word' id='word_1_66' title='bbox 598 2744 711 2799; x_wconf 82' lang='lat' dir='ltr'><strong>Kal.</strong></span> <span class='ocrx_word' id='word_1_67' title='bbox 738 2744 848 2815; x_wconf 87' lang='grc' dir='ltr'><strong>γάρ</strong></span> <span class='ocrx_word' id='word_1_68' title='bbox 886 2762 1002 2809; x_wconf 69' lang='lat' dir='ltr'><strong>me;</strong></span> <span class='ocrx_word' id='word_1_69' title='bbox 1028 2742 1167 2801; x_wconf 80' lang='grc' dir='ltr'><strong>οἶδεν</strong></span> <span class='ocrx_word' id='word_1_70' title='bbox 1195 2747 1706 2820; x_wconf 85' lang='grc' dir='ltr'><strong>μεγαλοφωνότερον</strong></span> <span class='ocrx_word' id='word_1_71' title='bbox 1734 2746 1908 2802; x_wconf 76' lang='grc' dir='ltr'><strong>ποιεῖν</strong></span> 
     </span>
    </p>
   </div>
   <div class='ocr_carea' id='block_1_20' title="bbox 324 2834 1912 2910">
    <p class='ocr_par' dir='ltr' id='par_1_20' title="bbox 324 2834 1912 2910">
     <span class='ocr_line' id='line_1_20' title="bbox 324 2834 1912 2910; baseline 0.001 -20"><span class='ocrx_word' id='word_1_72' title='bbox 324 2834 419 2891; x_wconf 75' lang='grc' dir='ltr'><strong>τὸν</strong></span> <span class='ocrx_word' id='word_1_73' title='bbox 448 2836 604 2905; x_wconf 82' lang='grc' dir='ltr'><strong>λόγον</strong></span> <span class='ocrx_word' id='word_1_74' title='bbox 630 2835 854 2907; x_wconf 75' lang='grc' dir='ltr'><strong>γενναία</strong></span> <span class='ocrx_word' id='word_1_75' title='bbox 881 2854 964 2901; x_wconf 86' lang='grc' dir='ltr'><strong>τις</strong></span> <span class='ocrx_word' id='word_1_76' title='bbox 990 2836 1311 2908; x_wconf 79' lang='grc' dir='ltr'><strong>ἀμφιλαφὴς</strong></span> <span class='ocrx_word' id='word_1_77' title='bbox 1339 2837 1661 2910; x_wconf 79' lang='grc' dir='ltr'>προτεθεῖσα</span> <span class='ocrx_word' id='word_1_78' title='bbox 1685 2840 1797 2903; x_wconf 88' lang='grc' dir='ltr'><strong>τοῖς</strong></span> <span class='ocrx_word' id='word_1_79' title='bbox 1821 2838 1912 2892; x_wconf 84' lang='grc' dir='ltr'><strong>δυ-</strong></span> 
     </span>
    </p>
   </div>
   <div class='ocr_carea' id='block_1_21' title="bbox 327 2926 1910 3000">
    <p class='ocr_par' dir='ltr' id='par_1_21' title="bbox 327 2926 1910 3000">
     <span class='ocr_line' id='line_1_21' title="bbox 327 2926 1910 3000; baseline 0.001 -19"><span class='ocrx_word' id='word_1_80' title='bbox 327 2927 582 2997; x_wconf 83' lang='grc' dir='ltr'><strong>ναμένοις</strong></span> <span class='ocrx_word' id='word_1_81' title='bbox 615 2926 889 2992; x_wconf 79' lang='grc' dir='ltr'><strong>ὑπόθεσις,</strong></span> <span class='ocrx_word' id='word_1_82' title='bbox 919 2926 1049 3000; x_wconf 78' lang='grc' dir='ltr'><strong>περὶ</strong></span> <span class='ocrx_word' id='word_1_83' title='bbox 1075 2927 1145 2998; x_wconf 74' lang='grc' dir='ltr'><strong>ἣν</strong></span> <span class='ocrx_word' id='word_1_84' title='bbox 1178 2926 1407 2999; x_wconf 79' lang='grc' dir='ltr'><strong>ὑψοῦται</strong></span> <span class='ocrx_word' id='word_1_85' title='bbox 1432 2929 1461 2980; x_wconf 86' lang='grc' dir='ltr'>ὁ</span> <span class='ocrx_word' id='word_1_86' title='bbox 1496 2928 1673 2999; x_wconf 85' lang='grc' dir='ltr'><strong>λόγος,</strong></span> <span class='ocrx_word' id='word_1_87' title='bbox 1706 2926 1785 2999; x_wconf 83' lang='grc' dir='ltr'><strong>τῷ</strong></span> <span class='ocrx_word' id='word_1_88' title='bbox 1814 2946 1910 3000; x_wconf 82' lang='grc' dir='ltr'><strong>με·</strong></span> 
     </span>
    </p>
   </div>
   <div class='ocr_carea' id='block_1_22' title="bbox 329 3017 1911 3092">
    <p class='ocr_par' dir='ltr' id='par_1_22' title="bbox 329 3017 1911 3092">
     <span class='ocr_line' id='line_1_22' title="bbox 329 3017 1911 3092; baseline 0.002 -21"><span class='ocrx_word' id='word_1_89' title='bbox 329 3018 484 3087; x_wconf 89' lang='grc' dir='ltr'><strong>γέθει</strong></span> <span class='ocrx_word' id='word_1_90' title='bbox 527 3017 635 3073; x_wconf 86' lang='grc' dir='ltr'><strong>τῶν</strong></span> <span class='ocrx_word' id='word_1_91' title='bbox 673 3019 1011 3091; x_wconf 78' lang='grc' dir='ltr'><strong>πραγμάτων</strong></span> <span class='ocrx_word' id='word_1_92' title='bbox 1058 3018 1537 3092; x_wconf 83' lang='grc' dir='ltr'><strong>συνεπαιρόμενος.</strong></span> <span class='ocrx_word' id='word_1_93' title='bbox 1616 3018 1808 3091; x_wconf 82' lang='grc' dir='ltr'><strong>Ἡμεῖς</strong></span> <span class='ocrx_word' id='word_1_94' title='bbox 1852 3019 1911 3074; x_wconf 81' lang='grc' dir='ltr'><strong>δὲ</strong></span> 
     </span>
    </p>
   </div>
   <div class='ocr_carea' id='block_1_23' title="bbox 328 3109 1910 3182">
    <p class='ocr_par' dir='ltr' id='par_1_23' title="bbox 328 3109 1910 3182">
     <span class='ocr_line' id='line_1_23' title="bbox 328 3109 1910 3182; baseline 0.001 -19"><span class='ocrx_word' id='word_1_95' title='bbox 328 3111 475 3163; x_wconf 74' lang='grc' dir='ltr'><strong>κατὰ</strong></span> <span class='ocrx_word' id='word_1_96' title='bbox 496 3112 620 3174; x_wconf 79' lang='grc' dir='ltr'><strong>τοὺς</strong></span> <span class='ocrx_word' id='word_1_97' title='bbox 648 3111 908 3182; x_wconf 78' lang='grc' dir='ltr'><strong>γηραιοὺς</strong></span> <span class='ocrx_word' id='word_1_98' title='bbox 948 3110 1056 3165; x_wconf 89' lang='grc' dir='ltr'><strong>τῶν</strong></span> <span class='ocrx_word' id='word_1_99' title='bbox 1097 3110 1280 3164; x_wconf 80' lang='grc' dir='ltr'><strong>ἵππων</strong></span> <span class='ocrx_word' id='word_1_100' title='bbox 1314 3109 1417 3176; x_wconf 73' lang='grc' dir='ltr'><strong>ἔξω</strong></span> <span class='ocrx_word' id='word_1_101' title='bbox 1443 3110 1538 3163; x_wconf 75' lang='grc' dir='ltr'><strong>τοῦ</strong></span> <span class='ocrx_word' id='word_1_102' title='bbox 1568 3110 1782 3164; x_wconf 83' lang='grc' dir='ltr'><strong>σταδίου</strong></span> <span class='ocrx_word' id='word_1_103' title='bbox 1812 3111 1910 3182; x_wconf 81' lang='grc' dir='ltr'><strong>τῆς</strong></span> 
     </span>
    </p>
   </div>
   <div class='ocr_carea' id='block_1_24' title="bbox 329 3198 1911 3273">
    <p class='ocr_par' dir='ltr' id='par_1_24' title="bbox 329 3198 1911 3273">
     <span class='ocr_line' id='line_1_24' title="bbox 329 3198 1911 3273; baseline -0.001 -18"><span class='ocrx_word' id='word_1_104' title='bbox 329 3201 639 3264; x_wconf 79' lang='grc' dir='ltr'><strong>ὑποθέσεως</strong></span> <span class='ocrx_word' id='word_1_105' title='bbox 672 3201 946 3272; x_wconf 88' lang='grc' dir='ltr'><strong>μένοντες,</strong></span> <span class='ocrx_word' id='word_1_106' title='bbox 984 3203 1045 3254; x_wconf 82' lang='grc' dir='ltr'><strong>τὸ</strong></span> <span class='ocrx_word' id='word_1_107' title='bbox 1090 3198 1185 3266; x_wconf 85' lang='grc' dir='ltr'><strong>οὖς</strong></span> <span class='ocrx_word' id='word_1_108' title='bbox 1218 3201 1375 3273; x_wconf 89' lang='grc' dir='ltr'><strong>μόνον</strong></span> <span class='ocrx_word' id='word_1_109' title='bbox 1415 3202 1537 3264; x_wconf 87' lang='grc' dir='ltr'><strong>ταῖς</strong></span> <span class='ocrx_word' id='word_1_110' title='bbox 1566 3200 1660 3254; x_wconf 74' lang='grc' dir='ltr'><strong>ἐπὶ</strong></span> <span class='ocrx_word' id='word_1_111' title='bbox 1698 3201 1780 3254; x_wconf 68' lang='grc' dir='ltr'><strong>σο)⁸</strong></span> <span class='ocrx_word' id='word_1_112' title='bbox 1802 3200 1911 3254; x_wconf 89' lang='grc' dir='ltr'><strong>τῶν</strong></span> 
     </span>
    </p>
   </div>
   <div class='ocr_carea' id='block_1_25' title="bbox 327 3292 1911 3366">
    <p class='ocr_par' dir='ltr' id='par_1_25' title="bbox 327 3292 1911 3366">
     <span class='ocr_line' id='line_1_25' title="bbox 327 3292 1911 3366; baseline 0.001 -20"><span class='ocrx_word' id='word_1_113' title='bbox 327 3293 503 3362; x_wconf 81' lang='grc' dir='ltr'><strong>λόγων</strong></span> <span class='ocrx_word' id='word_1_114' title='bbox 534 3292 785 3363; x_wconf 80' lang='grc' dir='ltr'><strong>ἁμίλλαις</strong></span> <span class='ocrx_word' id='word_1_115' title='bbox 805 3292 1254 3366; x_wconf 81' lang='grc' dir='ltr'><strong>διαναστήσομεν,</strong></span> <span class='ocrx_word' id='word_1_116' title='bbox 1281 3293 1336 3346; x_wconf 80' lang='grc' dir='ltr'><strong>εί</strong></span> <span class='ocrx_word' id='word_1_117' title='bbox 1355 3293 1457 3346; x_wconf 88' lang='grc' dir='ltr'><strong>πού</strong></span> <span class='ocrx_word' id='word_1_118' title='bbox 1481 3310 1565 3356; x_wconf 90' lang='grc' dir='ltr'><strong>τις</strong></span> <span class='ocrx_word' id='word_1_119' title='bbox 1593 3295 1689 3347; x_wconf 74' lang='grc' dir='ltr'><strong>καὶ</strong></span> <span class='ocrx_word' id='word_1_120' title='bbox 1720 3292 1911 3364; x_wconf 81' lang='grc' dir='ltr'><strong>μέχρις</strong></span> 
     </span>
    </p>
   </div>
   <div class='ocr_carea' id='block_1_26' title="bbox 330 3380 1913 3457">
    <p class='ocr_par' dir='ltr' id='par_1_26' title="bbox 330 3380 1913 3457">
     <span class='ocr_line' id='line_1_26' title="bbox 330 3380 1913 3457; baseline -0.001 -18"><span class='ocrx_word' id='word_1_121' title='bbox 330 3386 492 3457; x_wconf 79' lang='grc' dir='ltr'><strong>ἡμῶν</strong></span> <span class='ocrx_word' id='word_1_122' title='bbox 536 3385 789 3455; x_wconf 75' lang='grc' dir='ltr'><strong>φθάσειεν</strong></span> <span class='ocrx_word' id='word_1_123' title='bbox 839 3380 1008 3456; x_wconf 82' lang='grc' dir='ltr'><strong>ἦχος,</strong></span> <span class='ocrx_word' id='word_1_124' title='bbox 1056 3382 1134 3456; x_wconf 80' lang='grc' dir='ltr'><strong>τῷ</strong></span> <span class='ocrx_word' id='word_1_125' title='bbox 1171 3384 1388 3456; x_wconf 82' lang='grc' dir='ltr'><strong>σφοδρῷ</strong></span> <span class='ocrx_word' id='word_1_126' title='bbox 1432 3402 1493 3441; x_wconf 88' lang='grc' dir='ltr'><strong>τε</strong></span> <span class='ocrx_word' id='word_1_127' title='bbox 1527 3385 1620 3438; x_wconf 71' lang='grc' dir='ltr'><strong>καὶ</strong></span> <span class='ocrx_word' id='word_1_128' title='bbox 1663 3401 1913 3438; x_wconf 87' lang='grc' dir='ltr'><strong>συντετα-</strong></span> 
     </span>
    </p>
   </div>
   <div class='ocr_carea' id='block_1_27' title="bbox 332 3476 1911 3550">
    <p class='ocr_par' dir='ltr' id='par_1_27' title="bbox 332 3476 1911 3550">
     <span class='ocr_line' id='line_1_27' title="bbox 332 3476 1911 3550; baseline -0.003 -18"><span class='ocrx_word' id='word_1_129' title='bbox 332 3479 484 3550; x_wconf 82' lang='grc' dir='ltr'><strong>μένῳ</strong></span> <span class='ocrx_word' id='word_1_130' title='bbox 529 3476 605 3549; x_wconf 83' lang='grc' dir='ltr'><strong>τῷ</strong></span> <span class='ocrx_word' id='word_1_131' title='bbox 636 3476 841 3548; x_wconf 68' lang='grc' dir='ltr'><strong>ἅρματι</strong></span> <span class='ocrx_word' id='word_1_132' title='bbox 881 3476 971 3531; x_wconf 86' lang='grc' dir='ltr'><strong>διὰ</strong></span> <span class='ocrx_word' id='word_1_133' title='bbox 1005 3478 1116 3531; x_wconf 88' lang='grc' dir='ltr'><strong>τῶν</strong></span> <span class='ocrx_word' id='word_1_134' title='bbox 1149 3476 1257 3530; x_wconf 82' lang='grc' dir='ltr'><strong>σῶν</strong></span> <span class='ocrx_word' id='word_1_135' title='bbox 1289 3476 1585 3547; x_wconf 84' lang='grc' dir='ltr'><strong>θαυμάτων</strong></span> <span class='ocrx_word' id='word_1_136' title='bbox 1634 3476 1725 3530; x_wconf 76' lang='grc' dir='ltr'><strong>τὸν</strong></span> <span class='ocrx_word' id='word_1_137' title='bbox 1756 3477 1911 3543; x_wconf 72' lang='grc' dir='ltr'><strong>λόγον</strong></span> 
     </span>
    </p>
   </div>
   <div class='ocr_carea' id='block_1_28' title="bbox 332 3566 1912 3639">
    <p class='ocr_par' dir='ltr' id='par_1_28' title="bbox 332 3566 1912 3639">
     <span class='ocr_line' id='line_1_28' title="bbox 332 3566 1912 3639; baseline -0.003 -15"><span class='ocrx_word' id='word_1_138' title='bbox 332 3568 595 3624; x_wconf 84' lang='grc' dir='ltr'><strong>ἐλαύνων.</strong></span> <span class='ocrx_word' id='word_1_139' title='bbox 661 3567 877 3639; x_wconf 80' lang='grc' dir='ltr'><strong>Ἐπειδὴ</strong></span> <span class='ocrx_word' id='word_1_140' title='bbox 915 3567 972 3621; x_wconf 84' lang='grc' dir='ltr'><strong>δὲ</strong></span> <span class='ocrx_word' id='word_1_141' title='bbox 1009 3567 1294 3639; x_wconf 76' lang='grc' dir='ltr'><strong>συμϐαίνει</strong></span> <span class='ocrx_word' id='word_1_142' title='bbox 1324 3566 1426 3622; x_wconf 82' lang='grc' dir='ltr'><strong>κᾶν</strong></span> <span class='ocrx_word' id='word_1_143' title='bbox 1454 3566 1558 3621; x_wconf 84' lang='grc' dir='ltr'><strong>ὑπὸ</strong></span> <span class='ocrx_word' id='word_1_144' title='bbox 1588 3569 1774 3638; x_wconf 85' lang='grc' dir='ltr'><strong>γήρως</strong></span> <span class='ocrx_word' id='word_1_145' title='bbox 1807 3568 1912 3634; x_wconf 76' lang='grc' dir='ltr'><strong>ἔξω</strong></span> 
     </span>
    </p>
   </div>
   <div class='ocr_carea' id='block_1_29' title="bbox 335 3658 1913 3733">
    <p class='ocr_par' dir='ltr' id='par_1_29' title="bbox 335 3658 1913 3733">
     <span class='ocr_line' id='line_1_29' title="bbox 335 3658 1913 3733; baseline -0.001 -18"><span class='ocrx_word' id='word_1_146' title='bbox 335 3662 471 3733; x_wconf 78' lang='grc' dir='ltr'><strong>μένῃ</strong></span> <span class='ocrx_word' id='word_1_147' title='bbox 492 3660 600 3716; x_wconf 89' lang='grc' dir='ltr'><strong>τῶν</strong></span> <span class='ocrx_word' id='word_1_148' title='bbox 620 3660 844 3731; x_wconf 83' lang='grc' dir='ltr'><strong>ἀγώνων</strong></span> <span class='ocrx_word' id='word_1_149' title='bbox 872 3662 900 3714; x_wconf 84' lang='grc' dir='ltr'>ὁ</span> <span class='ocrx_word' id='word_1_150' title='bbox 925 3661 1105 3724; x_wconf 81' lang='grc' dir='ltr'><strong>ἵππος,</strong></span> <span class='ocrx_word' id='word_1_151' title='bbox 1134 3661 1393 3725; x_wconf 82' lang='grc' dir='ltr'><strong>πολλάκις</strong></span> <span class='ocrx_word' id='word_1_152' title='bbox 1414 3659 1577 3715; x_wconf 76' lang='grc' dir='ltr'><strong>αὐτὸν</strong></span> <span class='ocrx_word' id='word_1_153' title='bbox 1607 3660 1684 3731; x_wconf 82' lang='grc' dir='ltr'><strong>τῷ</strong></span> <span class='ocrx_word' id='word_1_154' title='bbox 1720 3658 1913 3730; x_wconf 83' lang='grc' dir='ltr'><strong>κτύπῳ</strong></span> 
     </span>
    </p>
   </div>
   <div class='ocr_carea' id='block_1_30' title="bbox 328 3752 1908 3824">
    <p class='ocr_par' dir='ltr' id='par_1_30' title="bbox 328 3752 1908 3824">
     <span class='ocr_line' id='line_1_30' title="bbox 328 3752 1908 3824; baseline -0.001 -19"><span class='ocrx_word' id='word_1_155' title='bbox 328 3752 440 3807; x_wconf 85' lang='grc' dir='ltr'><strong>τῶν</strong></span> <span class='ocrx_word' id='word_1_156' title='bbox 479 3753 976 3824; x_wconf 86' lang='grc' dir='ltr'><strong>κατακροαινόντων</strong></span> <span class='ocrx_word' id='word_1_157' title='bbox 1014 3754 1091 3817; x_wconf 86' lang='grc' dir='ltr'><strong>είς</strong></span> <span class='ocrx_word' id='word_1_158' title='bbox 1144 3752 1452 3824; x_wconf 77' lang='grc' dir='ltr'><strong>προθυμίαν</strong></span> <span class='ocrx_word' id='word_1_159' title='bbox 1485 3752 1908 3823; x_wconf 83' lang='grc' dir='ltr'><strong>διεγειρόμενον,</strong></span> 
     </span>
    </p>
   </div>
   <div class='ocr_carea' id='block_1_31' title="bbox 2005 2565 3586 2637">
    <p class='ocr_par' dir='ltr' id='par_1_31' title="bbox 2005 2565 3586 2637">
     <span class='ocr_line' id='line_1_31' title="bbox 2005 2565 3586 2637; baseline 0.003 -17"><span class='ocrx_word' id='word_1_160' title='bbox 2005 2565 2101 2630; x_wconf 89' lang='lat' dir='ltr'><strong>rit,</strong></span> <span class='ocrx_word' id='word_1_161' title='bbox 2146 2578 2337 2621; x_wconf 88' lang='lat' dir='ltr'><strong>omnes</strong></span> <span class='ocrx_word' id='word_1_162' title='bbox 2376 2571 2431 2619; x_wconf 91' lang='lat' dir='ltr'><strong>et</strong></span> <span class='ocrx_word' id='word_1_163' title='bbox 2477 2570 2728 2619; x_wconf 88' lang='lat' dir='ltr'><strong>oratores</strong></span> <span class='ocrx_word' id='word_1_164' title='bbox 2761 2572 2817 2619; x_wconf 87' lang='lat' dir='ltr'><strong>et</strong></span> <span class='ocrx_word' id='word_1_165' title='bbox 2867 2579 3052 2621; x_wconf 88' lang='lat' dir='ltr'><strong>rerum</strong></span> <span class='ocrx_word' id='word_1_166' title='bbox 3103 2566 3399 2637; x_wconf 85' lang='lat' dir='ltr'><strong>scriptores</strong></span> <span class='ocrx_word' id='word_1_167' title='bbox 3439 2566 3586 2624; x_wconf 85' lang='lat' dir='ltr'><strong>haud</strong></span> 
     </span>
    </p>
   </div>
   <div class='ocr_carea' id='block_1_32' title="bbox 2006 2653 3653 2727">
    <p class='ocr_par' dir='ltr' id='par_1_32' title="bbox 2006 2653 3653 2727">
     <span class='ocr_line' id='line_1_32' title="bbox 2006 2653 3653 2727; baseline 0.001 -17"><span class='ocrx_word' id='word_1_168' title='bbox 2006 2654 2298 2710; x_wconf 86' lang='lat' dir='ltr'><strong>diﬂiculter</strong></span> <span class='ocrx_word' id='word_1_169' title='bbox 2327 2653 2447 2718; x_wconf 85' lang='lat' dir='ltr'><strong>tibi,</strong></span> <span class='ocrx_word' id='word_1_170' title='bbox 2482 2668 2517 2708; x_wconf 88' lang='grc' dir='ltr'><strong>ο</strong></span> <span class='ocrx_word' id='word_1_171' title='bbox 2546 2654 2628 2708; x_wconf 91' lang='lat' dir='ltr'><strong>vir</strong></span> <span class='ocrx_word' id='word_1_172' title='bbox 2670 2655 2897 2724; x_wconf 84' lang='lat' dir='ltr'><strong>optime,</strong></span> <span class='ocrx_word' id='word_1_173' title='bbox 2926 2655 3095 2710; x_wconf 91' lang='lat' dir='ltr'><strong>veluti</strong></span> <span class='ocrx_word' id='word_1_174' title='bbox 3131 2656 3187 2711; x_wconf 92' lang='lat' dir='ltr'><strong>in</strong></span> <span class='ocrx_word' id='word_1_175' title='bbox 3228 2656 3405 2713; x_wconf 87' lang='lat' dir='ltr'><strong>stadio</strong></span> <span class='ocrx_word' id='word_1_176' title='bbox 3446 2673 3587 2727; x_wconf 62' lang='lat' dir='ltr'><strong>quoo</strong></span> <span class='ocrx_word' id='word_1_177' title='bbox 3637 2656 3653 2725; x_wconf 57' lang='grc' dir='ltr'>ξ</span> 
     </span>
    </p>
   </div>
   <div class='ocr_carea' id='block_1_33' title="bbox 2008 2743 3588 2817">
    <p class='ocr_par' dir='ltr' id='par_1_33' title="bbox 2008 2743 3588 2817">
     <span class='ocr_line' id='line_1_33' title="bbox 2008 2743 3588 2817; baseline 0.003 -16"><span class='ocrx_word' id='word_1_178' title='bbox 2008 2743 2132 2801; x_wconf 91' lang='lat' dir='ltr'><strong>dam</strong></span> <span class='ocrx_word' id='word_1_179' title='bbox 2186 2761 2284 2816; x_wconf 86' lang='lat' dir='ltr'><strong>per</strong></span> <span class='ocrx_word' id='word_1_180' title='bbox 2319 2745 2737 2814; x_wconf 75' lang='lat' dir='ltr'><strong>amplitudinem</strong></span> <span class='ocrx_word' id='word_1_181' title='bbox 2785 2746 3192 2802; x_wconf 83' lang='lat' dir='ltr'><strong>miraculorum‘</strong></span> <span class='ocrx_word' id='word_1_182' title='bbox 3216 2757 3436 2804; x_wconf 89' lang='lat' dir='ltr'><strong>tuorum</strong></span> <span class='ocrx_word' id='word_1_183' title='bbox 3471 2747 3588 2817; x_wconf 52' lang='lat' dir='ltr'><strong>dis:</strong></span> 
     </span>
    </p>
   </div>
   <div class='ocr_carea' id='block_1_34' title="bbox 2008 2834 3590 2908">
    <p class='ocr_par' dir='ltr' id='par_1_34' title="bbox 2008 2834 3590 2908">
     <span class='ocr_line' id='line_1_34' title="bbox 2008 2834 3590 2908; baseline 0.003 -16"><span class='ocrx_word' id='word_1_184' title='bbox 2008 2843 2298 2892; x_wconf 87' lang='lat' dir='ltr'><strong>currentes</strong></span> <span class='ocrx_word' id='word_1_185' title='bbox 2355 2835 2546 2904; x_wconf 90' lang='lat' dir='ltr'><strong>utique</strong></span> <span class='ocrx_word' id='word_1_186' title='bbox 2585 2834 3043 2891; x_wconf 84' lang='lat' dir='ltr'><strong>demonstrabunt</strong></span> <span class='ocrx_word' id='word_1_187' title='bbox 3078 2854 3093 2891; x_wconf 91' lang='lat'><strong>:</strong></span> <span class='ocrx_word' id='word_1_188' title='bbox 3123 2834 3327 2894; x_wconf 87' lang='lat' dir='ltr'><strong>etenim</strong></span> <span class='ocrx_word' id='word_1_189' title='bbox 3369 2840 3590 2908; x_wconf 63' lang='lat' dir='ltr'><strong>praecla-</strong></span> 
     </span>
    </p>
   </div>
   <div class='ocr_carea' id='block_1_35' title="bbox 2009 2927 3588 3003">
    <p class='ocr_par' dir='ltr' id='par_1_35' title="bbox 2009 2927 3588 3003">
     <span class='ocr_line' id='line_1_35' title="bbox 2009 2927 3588 3003; baseline 0.001 -18"><span class='ocrx_word' id='word_1_190' title='bbox 2009 2944 2135 2985; x_wconf 84' lang='lat' dir='ltr'><strong>rum</strong></span> <span class='ocrx_word' id='word_1_191' title='bbox 2163 2934 2218 2983; x_wconf 88' lang='lat' dir='ltr'><strong>et</strong></span> <span class='ocrx_word' id='word_1_192' title='bbox 2247 2928 2530 3000; x_wconf 82' lang='lat' dir='ltr'><strong>egregium</strong></span> <span class='ocrx_word' id='word_1_193' title='bbox 2558 2928 2955 2998; x_wconf 84' lang='lat' dir='ltr'><strong>copiosumque</strong></span> <span class='ocrx_word' id='word_1_194' title='bbox 2984 2927 3201 2984; x_wconf 87' lang='lat' dir='ltr'><strong>dicendi</strong></span> <span class='ocrx_word' id='word_1_195' title='bbox 3234 2930 3427 3000; x_wconf 89' lang='lat' dir='ltr'><strong>peritis</strong></span> <span class='ocrx_word' id='word_1_196' title='bbox 3459 2946 3588 3003; x_wconf 82' lang='lat' dir='ltr'><strong>pro-</strong></span> 
     </span>
    </p>
   </div>
   <div class='ocr_carea' id='block_1_36' title="bbox 2014 3020 3587 3094">
    <p class='ocr_par' dir='ltr' id='par_1_36' title="bbox 2014 3020 3587 3094">
     <span class='ocr_line' id='line_1_36' title="bbox 2014 3020 3587 3094; baseline 0.001 -18"><span class='ocrx_word' id='word_1_197' title='bbox 2014 3022 2257 3093; x_wconf 88' lang='lat' dir='ltr'><strong>positum</strong></span> <span class='ocrx_word' id='word_1_198' title='bbox 2296 3026 2675 3091; x_wconf 72' lang='lat' dir='ltr'><strong>argumentum</strong></span> <span class='ocrx_word' id='word_1_199' title='bbox 2709 3020 2942 3091; x_wconf 82' lang='lat' dir='ltr'><strong>erigere,</strong></span> <span class='ocrx_word' id='word_1_200' title='bbox 2975 3026 3029 3075; x_wconf 88' lang='lat' dir='ltr'><strong>et</strong></span> <span class='ocrx_word' id='word_1_201' title='bbox 3061 3034 3169 3074; x_wconf 88' lang='lat' dir='ltr'><strong>una</strong></span> <span class='ocrx_word' id='word_1_202' title='bbox 3211 3035 3335 3077; x_wconf 91' lang='lat' dir='ltr'><strong>eum</strong></span> <span class='ocrx_word' id='word_1_203' title='bbox 3370 3025 3587 3094; x_wconf 82' lang='lat' dir='ltr'><strong>magni-</strong></span> 
     </span>
    </p>
   </div>
   <div class='ocr_carea' id='block_1_37' title="bbox 2010 3112 3587 3187">
    <p class='ocr_par' dir='ltr' id='par_1_37' title="bbox 2010 3112 3587 3187">
     <span class='ocr_line' id='line_1_37' title="bbox 2010 3112 3587 3187; baseline 0.001 -17"><span class='ocrx_word' id='word_1_204' title='bbox 2010 3115 2207 3171; x_wconf 88' lang='lat' dir='ltr'><strong>tudine</strong></span> <span class='ocrx_word' id='word_1_205' title='bbox 2252 3127 2437 3169; x_wconf 87' lang='lat' dir='ltr'><strong>rerum</strong></span> <span class='ocrx_word' id='word_1_206' title='bbox 2483 3112 2644 3185; x_wconf 89' lang='lat' dir='ltr'><strong>quasi</strong></span> <span class='ocrx_word' id='word_1_207' title='bbox 2701 3113 2756 3167; x_wconf 87' lang='lat' dir='ltr'><strong>in</strong></span> <span class='ocrx_word' id='word_1_208' title='bbox 2820 3113 2992 3168; x_wconf 88' lang='lat' dir='ltr'><strong>altum</strong></span> <span class='ocrx_word' id='word_1_209' title='bbox 3038 3114 3266 3180; x_wconf 87' lang='lat' dir='ltr'><strong>tollere,</strong></span> <span class='ocrx_word' id='word_1_210' title='bbox 3310 3121 3363 3170; x_wconf 88' lang='lat' dir='ltr'><strong>et</strong></span> <span class='ocrx_word' id='word_1_211' title='bbox 3409 3116 3587 3187; x_wconf 83' lang='lat' dir='ltr'><strong>magis</strong></span> 
     </span>
    </p>
   </div>
   <div class='ocr_carea' id='block_1_38' title="bbox 2009 3203 3588 3276">
    <p class='ocr_par' dir='ltr' id='par_1_38' title="bbox 2009 3203 3588 3276">
     <span class='ocr_line' id='line_1_38' title="bbox 2009 3203 3588 3276; baseline 0 -15"><span class='ocrx_word' id='word_1_212' title='bbox 2009 3203 2419 3276; x_wconf 85' lang='lat' dir='ltr'><strong>quodammodo</strong></span> <span class='ocrx_word' id='word_1_213' title='bbox 2448 3204 2869 3276; x_wconf 81' lang='lat' dir='ltr'><strong>grandiloquam</strong></span> <span class='ocrx_word' id='word_1_214' title='bbox 2897 3213 3061 3275; x_wconf 89' lang='lat' dir='ltr'><strong>atque</strong></span> <span class='ocrx_word' id='word_1_215' title='bbox 3092 3217 3347 3261; x_wconf 84' lang='lat' dir='ltr'><strong>senoram</strong></span> <span class='ocrx_word' id='word_1_216' title='bbox 3373 3205 3588 3262; x_wconf 85' lang='lat' dir='ltr'><strong>etlicere</strong></span> 
     </span>
    </p>
   </div>
   <div class='ocr_carea' id='block_1_39' title="bbox 2012 3294 3588 3367">
    <p class='ocr_par' dir='ltr' id='par_1_39' title="bbox 2012 3294 3588 3367">
     <span class='ocr_line' id='line_1_39' title="bbox 2012 3294 3588 3367; baseline -0.001 -13"><span class='ocrx_word' id='word_1_217' title='bbox 2012 3297 2153 3354; x_wconf 87' lang='lat' dir='ltr'><strong>solet</strong></span> <span class='ocrx_word' id='word_1_218' title='bbox 2203 3296 2531 3352; x_wconf 89' lang='lat' dir='ltr'><strong>orationem.</strong></span> <span class='ocrx_word' id='word_1_219' title='bbox 2580 3294 2694 3352; x_wconf 82' lang='lat' dir='ltr'><strong>Nos</strong></span> <span class='ocrx_word' id='word_1_220' title='bbox 2733 3310 2867 3351; x_wconf 89' lang='lat' dir='ltr'><strong>vero</strong></span> <span class='ocrx_word' id='word_1_221' title='bbox 2917 3306 3177 3367; x_wconf 86' lang='lat' dir='ltr'><strong>tanquam</strong></span> <span class='ocrx_word' id='word_1_222' title='bbox 3239 3297 3367 3367; x_wconf 86' lang='lat' dir='ltr'><strong>equi</strong></span> <span class='ocrx_word' id='word_1_223' title='bbox 3421 3297 3588 3354; x_wconf 89' lang='lat' dir='ltr'><strong>veluti</strong></span> 
     </span>
    </p>
   </div>
   <div class='ocr_carea' id='block_1_40' title="bbox 2012 3386 3590 3458">
    <p class='ocr_par' dir='ltr' id='par_1_40' title="bbox 2012 3386 3590 3458">
     <span class='ocr_line' id='line_1_40' title="bbox 2012 3386 3590 3458; baseline 0.001 -16"><span class='ocrx_word' id='word_1_224' title='bbox 2012 3393 2169 3442; x_wconf 82' lang='lat' dir='ltr'><strong>extra</strong></span> <span class='ocrx_word' id='word_1_225' title='bbox 2216 3387 2453 3443; x_wconf 84' lang='lat' dir='ltr'><strong>stadium</strong></span> <span class='ocrx_word' id='word_1_226' title='bbox 2493 3386 2799 3458; x_wconf 79' lang='lat' dir='ltr'><strong>argumenti</strong></span> <span class='ocrx_word' id='word_1_227' title='bbox 2847 3396 3153 3452; x_wconf 88' lang='lat' dir='ltr'><strong>manentes,</strong></span> <span class='ocrx_word' id='word_1_228' title='bbox 3204 3403 3392 3443; x_wconf 88' lang='lat' dir='ltr'><strong>aurem</strong></span> <span class='ocrx_word' id='word_1_229' title='bbox 3445 3388 3590 3444; x_wconf 81' lang='lat' dir='ltr'><strong>dun-</strong></span> 
     </span>
    </p>
   </div>
   <div class='ocr_carea' id='block_1_41' title="bbox 2015 3473 3583 3546">
    <p class='ocr_par' dir='ltr' id='par_1_41' title="bbox 2015 3473 3583 3546">
     <span class='ocr_line' id='line_1_41' title="bbox 2015 3473 3583 3546; baseline 0.002 -17"><span class='ocrx_word' id='word_1_230' title='bbox 2015 3482 2166 3532; x_wconf 83' lang='lat' dir='ltr'><strong>taxat</strong></span> <span class='ocrx_word' id='word_1_231' title='bbox 2196 3476 2265 3531; x_wconf 88' lang='lat' dir='ltr'><strong>iis</strong></span> <span class='ocrx_word' id='word_1_232' title='bbox 2293 3491 2415 3546; x_wconf 69' lang='lat' dir='ltr'><strong>qua:</strong></span> <span class='ocrx_word' id='word_1_233' title='bbox 2452 3481 2676 3546; x_wconf 81' lang='lat' dir='ltr'><strong>propter</strong></span> <span class='ocrx_word' id='word_1_234' title='bbox 2704 3486 2757 3531; x_wconf 89' lang='lat' dir='ltr'><strong>te</strong></span> <span class='ocrx_word' id='word_1_235' title='bbox 2795 3473 2947 3539; x_wconf 83' lang='lat' dir='ltr'><strong>ﬁant,</strong></span> <span class='ocrx_word' id='word_1_236' title='bbox 2977 3476 3287 3530; x_wconf 84' lang='lat' dir='ltr'><strong>orationum</strong></span> <span class='ocrx_word' id='word_1_237' title='bbox 3322 3478 3583 3532; x_wconf 89' lang='lat' dir='ltr'><strong>certami-</strong></span> 
     </span>
    </p>
   </div>
   <div class='ocr_carea' id='block_1_42' title="bbox 2011 3553 3588 3638">
    <p class='ocr_par' dir='ltr' id='par_1_42' title="bbox 2011 3553 3588 3638">
     <span class='ocr_line' id='line_1_42' title="bbox 2011 3553 3588 3638; baseline 0.002 -17"><span class='ocrx_word' id='word_1_238' title='bbox 2011 3553 2176 3622; x_wconf 86' lang='lat' dir='ltr'><strong>nibus</strong></span> <span class='ocrx_word' id='word_1_239' title='bbox 2224 3567 2614 3637; x_wconf 69' lang='lat' dir='ltr'><strong>prazbebimus,</strong></span> <span class='ocrx_word' id='word_1_240' title='bbox 2664 3567 2709 3623; x_wconf 88' lang='lat' dir='ltr'><strong>si</strong></span> <span class='ocrx_word' id='word_1_241' title='bbox 2748 3566 2888 3622; x_wconf 80' lang='lat' dir='ltr'><strong>forte</strong></span> <span class='ocrx_word' id='word_1_242' title='bbox 2940 3567 3107 3621; x_wconf 87' lang='lat' dir='ltr'><strong>etiam</strong></span> <span class='ocrx_word' id='word_1_243' title='bbox 3153 3565 3222 3620; x_wconf 88' lang='lat' dir='ltr'><strong>ad</strong></span> <span class='ocrx_word' id='word_1_244' title='bbox 3272 3582 3373 3623; x_wconf 89' lang='lat' dir='ltr'><strong>nos</strong></span> <span class='ocrx_word' id='word_1_245' title='bbox 3413 3583 3588 3638; x_wconf 87' lang='lat' dir='ltr'><strong>usque</strong></span> 
     </span>
    </p>
   </div>
   <div class='ocr_carea' id='block_1_43' title="bbox 2012 3657 3590 3727">
    <p class='ocr_par' dir='ltr' id='par_1_43' title="bbox 2012 3657 3590 3727">
     <span class='ocr_line' id='line_1_43' title="bbox 2012 3657 3590 3727; baseline -0.001 -14"><span class='ocrx_word' id='word_1_246' title='bbox 2012 3657 2320 3713; x_wconf 77' lang='lat' dir='ltr'><strong>vehementi</strong></span> <span class='ocrx_word' id='word_1_247' title='bbox 2353 3658 2557 3727; x_wconf 88' lang='lat' dir='ltr'><strong>impetu</strong></span> <span class='ocrx_word' id='word_1_248' title='bbox 2597 3665 2650 3712; x_wconf 89' lang='lat' dir='ltr'><strong>et</strong></span> <span class='ocrx_word' id='word_1_249' title='bbox 2687 3657 2921 3711; x_wconf 87' lang='lat' dir='ltr'><strong>incitato</strong></span> <span class='ocrx_word' id='word_1_250' title='bbox 2946 3671 3113 3710; x_wconf 91' lang='lat' dir='ltr'><strong>curru</strong></span> <span class='ocrx_word' id='word_1_251' title='bbox 3146 3671 3244 3727; x_wconf 85' lang='lat' dir='ltr'><strong>per</strong></span> <span class='ocrx_word' id='word_1_252' title='bbox 3294 3664 3387 3711; x_wconf 88' lang='lat' dir='ltr'><strong>tua</strong></span> <span class='ocrx_word' id='word_1_253' title='bbox 3418 3661 3590 3712; x_wconf 89' lang='lat' dir='ltr'><strong>mira-</strong></span> 
     </span>
    </p>
   </div>
   <div class='ocr_carea' id='block_1_44' title="bbox 2014 3748 3592 3820">
    <p class='ocr_par' dir='ltr' id='par_1_44' title="bbox 2014 3748 3592 3820">
     <span class='ocr_line' id='line_1_44' title="bbox 2014 3748 3592 3820; baseline 0.001 -16"><span class='ocrx_word' id='word_1_254' title='bbox 2014 3750 2140 3804; x_wconf 88' lang='lat' dir='ltr'><strong>cula</strong></span> <span class='ocrx_word' id='word_1_255' title='bbox 2193 3751 2411 3820; x_wconf 83' lang='lat' dir='ltr'><strong>agitans</strong></span> <span class='ocrx_word' id='word_1_256' title='bbox 2471 3749 2779 3804; x_wconf 85' lang='lat' dir='ltr'><strong>orationem</strong></span> <span class='ocrx_word' id='word_1_257' title='bbox 2826 3748 3028 3819; x_wconf 87' lang='lat' dir='ltr'><strong>aliquis</strong></span> <span class='ocrx_word' id='word_1_258' title='bbox 3075 3762 3245 3804; x_wconf 88' lang='lat' dir='ltr'><strong>sonus</strong></span> <span class='ocrx_word' id='word_1_259' title='bbox 3301 3750 3592 3820; x_wconf 84' lang='lat' dir='ltr'><strong>pervenire</strong></span> 
     </span>
    </p>
   </div>
   <div class='ocr_carea' id='block_1_45' title="bbox 330 3840 1911 3918">
    <p class='ocr_par' dir='ltr' id='par_1_45' title="bbox 330 3844 1911 3918">
     <span class='ocr_line' id='line_1_45' title="bbox 330 3844 1911 3918; baseline 0 -20"><span class='ocrx_word' id='word_1_260' title='bbox 330 3846 434 3916; x_wconf 82' lang='grc' dir='ltr'><strong>τήν</strong></span> <span class='ocrx_word' id='word_1_261' title='bbox 463 3862 523 3898; x_wconf 85' lang='grc' dir='ltr'><strong>τε</strong></span> <span class='ocrx_word' id='word_1_262' title='bbox 560 3844 799 3918; x_wconf 79' lang='grc' dir='ltr'><strong>κεφαλὴν</strong></span> <span class='ocrx_word' id='word_1_263' title='bbox 824 3846 1057 3916; x_wconf 81' lang='grc' dir='ltr'><strong>ἀνέχειν,</strong></span> <span class='ocrx_word' id='word_1_264' title='bbox 1103 3845 1195 3898; x_wconf 61' lang='grc' dir='ltr'><strong>καὶ⁵</strong></span> <span class='ocrx_word' id='word_1_265' title='bbox 1220 3846 1352 3917; x_wconf 80' lang='grc' dir='ltr'><strong>ὁρᾷν</strong></span> <span class='ocrx_word' id='word_1_266' title='bbox 1385 3844 1697 3914; x_wconf 81' lang='grc' dir='ltr'><strong>ἐναγώνιον,</strong></span> <span class='ocrx_word' id='word_1_267' title='bbox 1730 3844 1911 3898; x_wconf 78' lang='grc' dir='ltr'><strong>πνέειν</strong></span> 
     </span>
    </p>
   </div>
   <div class='ocr_carea' id='block_1_46' title="bbox 2013 3840 3590 3918">
    <p class='ocr_par' dir='ltr' id='par_1_46' title="bbox 2013 3840 3590 3915">
     <span class='ocr_line' id='line_1_46' title="bbox 2013 3840 3590 3915; baseline -0.002 -15"><span class='ocrx_word' id='word_1_268' title='bbox 2013 3844 2209 3915; x_wconf 81' lang='lat' dir='ltr'><strong>possit.</strong></span> <span class='ocrx_word' id='word_1_269' title='bbox 2244 3842 2354 3899; x_wconf 86' lang='lat' dir='ltr'><strong>Sed</strong></span> <span class='ocrx_word' id='word_1_270' title='bbox 2393 3841 2653 3913; x_wconf 88' lang='lat' dir='ltr'><strong>quoniam</strong></span> <span class='ocrx_word' id='word_1_271' title='bbox 2699 3840 2899 3897; x_wconf 88' lang='lat' dir='ltr'><strong>accidit</strong></span> <span class='ocrx_word' id='word_1_272' title='bbox 2948 3849 3030 3908; x_wconf 88' lang='lat' dir='ltr'><strong>ut,</strong></span> <span class='ocrx_word' id='word_1_273' title='bbox 3062 3841 3228 3898; x_wconf 88' lang='lat' dir='ltr'><strong>etiam</strong></span> <span class='ocrx_word' id='word_1_274' title='bbox 3261 3843 3327 3900; x_wconf 71' lang='grc' dir='ltr'><strong>σοὶ</strong></span> <span class='ocrx_word' id='word_1_275' title='bbox 3365 3850 3590 3913; x_wconf 89' lang='lat' dir='ltr'><strong>propter</strong></span> 
     </span>
    </p>
   </div>
   <div class='ocr_carea' id='block_1_47' title="bbox 332 3935 1913 4008">
    <p class='ocr_par' dir='ltr' id='par_1_47' title="bbox 332 3935 1913 4008">
     <span class='ocr_line' id='line_1_47' title="bbox 332 3935 1913 4008; baseline -0.002 -16"><span class='ocrx_word' id='word_1_276' title='bbox 332 3955 394 3992; x_wconf 83' lang='grc' dir='ltr'><strong>τε</strong></span> <span class='ocrx_word' id='word_1_277' title='bbox 436 3937 684 4008; x_wconf 85' lang='grc' dir='ltr'><strong>θυμῶδες</strong></span> <span class='ocrx_word' id='word_1_278' title='bbox 721 3938 815 3993; x_wconf 75' lang='grc' dir='ltr'><strong>καὶ</strong></span> <span class='ocrx_word' id='word_1_279' title='bbox 863 3937 1137 3991; x_wconf 84' lang='grc' dir='ltr'><strong>ὑποκινεῖν</strong></span> <span class='ocrx_word' id='word_1_280' title='bbox 1183 3938 1309 4001; x_wconf 82' lang='grc' dir='ltr'><strong>τοὺς</strong></span> <span class='ocrx_word' id='word_1_281' title='bbox 1361 3937 1529 4001; x_wconf 79' lang='grc' dir='ltr'><strong>πόδας</strong></span> <span class='ocrx_word' id='word_1_282' title='bbox 1571 3936 1791 4000; x_wconf 84' lang='grc' dir='ltr'><strong>πυκνῶς</strong></span> <span class='ocrx_word' id='word_1_283' title='bbox 1835 3935 1913 4007; x_wconf 84' lang='grc' dir='ltr'><strong>τῷ</strong></span> 
     </span>
    </p>
   </div>
   <div class='ocr_carea' id='block_1_48' title="bbox 332 4022 1910 4100">
    <p class='ocr_par' dir='ltr' id='par_1_48' title="bbox 332 4022 1910 4100">
     <span class='ocr_line' id='line_1_48' title="bbox 332 4022 1910 4100; baseline -0.001 -18"><span class='ocrx_word' id='word_1_284' title='bbox 332 4029 520 4099; x_wconf 81' lang='grc' dir='ltr'><strong>ἐδάφει</strong></span> <span class='ocrx_word' id='word_1_285' title='bbox 542 4029 639 4093; x_wconf 85' lang='grc' dir='ltr'><strong>τὰς</strong></span> <span class='ocrx_word' id='word_1_286' title='bbox 664 4029 831 4093; x_wconf 55' lang='lat' dir='ltr'><strong>dum;</strong></span> <span class='ocrx_word' id='word_1_287' title='bbox 861 4028 1222 4096; x_wconf 87' lang='grc' dir='ltr'><strong>ἐπαύσσοντα,</strong></span> <span class='ocrx_word' id='word_1_288' title='bbox 1249 4022 1293 4097; x_wconf 83' lang='grc' dir='ltr'>ᾧ</span> <span class='ocrx_word' id='word_1_289' title='bbox 1314 4028 1592 4100; x_wconf 81' lang='grc' dir='ltr'><strong>προθυμία</strong></span> <span class='ocrx_word' id='word_1_290' title='bbox 1617 4029 1752 4100; x_wconf 84' lang='grc' dir='ltr'><strong>μόνη</strong></span> <span class='ocrx_word' id='word_1_291' title='bbox 1774 4028 1910 4100; x_wconf 87' lang='grc' dir='ltr'><strong>πρὸς</strong></span> 
     </span>
    </p>
   </div>
   <div class='ocr_carea' id='block_1_49' title="bbox 332 4116 1913 4190">
    <p class='ocr_par' dir='ltr' id='par_1_49' title="bbox 332 4116 1913 4190">
     <span class='ocr_line' id='line_1_49' title="bbox 332 4116 1913 4190; baseline 0.001 -18"><span class='ocrx_word' id='word_1_292' title='bbox 332 4119 462 4183; x_wconf 82' lang='grc' dir='ltr'><strong>τοὺς</strong></span> <span class='ocrx_word' id='word_1_293' title='bbox 494 4119 706 4188; x_wconf 85' lang='grc' dir='ltr'><strong>ἀγῶνας</strong></span> <span class='ocrx_word' id='word_1_294' title='bbox 737 4117 911 4184; x_wconf 76' lang='grc' dir='ltr'><strong>ἐστὶν,</strong></span> <span class='ocrx_word' id='word_1_295' title='bbox 941 4121 975 4188; x_wconf 79' lang='grc' dir='ltr'><strong>ἡ</strong></span> <span class='ocrx_word' id='word_1_296' title='bbox 1002 4119 1060 4170; x_wconf 87' lang='grc' dir='ltr'><strong>δὲ</strong></span> <span class='ocrx_word' id='word_1_297' title='bbox 1086 4116 1180 4171; x_wconf 80' lang='grc' dir='ltr'><strong>τοῦ</strong></span> <span class='ocrx_word' id='word_1_298' title='bbox 1215 4117 1428 4190; x_wconf 81' lang='grc' dir='ltr'><strong>τρέχειν</strong></span> <span class='ocrx_word' id='word_1_299' title='bbox 1462 4117 1689 4190; x_wconf 88' lang='grc' dir='ltr'><strong>δύναμις</strong></span> <span class='ocrx_word' id='word_1_300' title='bbox 1716 4136 1913 4189; x_wconf 81' lang='grc' dir='ltr'><strong>προαν-</strong></span> 
     </span>
    </p>
   </div>
   <div class='ocr_carea' id='block_1_50' title="bbox 331 4208 1915 4284">
    <p class='ocr_par' dir='ltr' id='par_1_50' title="bbox 331 4208 1915 4284">
     <span class='ocr_line' id='line_1_50' title="bbox 331 4208 1915 4284; baseline 0.001 -22"><span class='ocrx_word' id='word_1_301' title='bbox 331 4209 517 4281; x_wconf 78' lang='grc' dir='ltr'><strong>ηλώθη</strong></span> <span class='ocrx_word' id='word_1_302' title='bbox 550 4208 627 4280; x_wconf 86' lang='grc' dir='ltr'><strong>τῷ</strong></span> <span class='ocrx_word' id='word_1_303' title='bbox 666 4211 875 4282; x_wconf 70' lang='grc' dir='ltr'><strong>χρόνῳ¹</strong></span> <span class='ocrx_word' id='word_1_304' title='bbox 928 4209 1022 4263; x_wconf 81' lang='grc' dir='ltr'><strong>τὸν</strong></span> <span class='ocrx_word' id='word_1_305' title='bbox 1048 4210 1210 4265; x_wconf 82' lang='grc' dir='ltr'><strong>αὐτὸν</strong></span> <span class='ocrx_word' id='word_1_306' title='bbox 1236 4211 1437 4283; x_wconf 83' lang='grc' dir='ltr'><strong>τρόπον</strong></span> <span class='ocrx_word' id='word_1_307' title='bbox 1471 4210 1566 4264; x_wconf 76' lang='grc' dir='ltr'><strong>καὶ</strong></span> <span class='ocrx_word' id='word_1_308' title='bbox 1592 4212 1621 4262; x_wconf 86' lang='grc' dir='ltr'>ὁ</span> <span class='ocrx_word' id='word_1_309' title='bbox 1645 4211 1915 4284; x_wconf 83' lang='grc' dir='ltr'><strong>ἡμέτερος</strong></span> 
     </span>
    </p>
   </div>
   <div class='ocr_carea' id='block_1_51' title="bbox 331 4299 1914 4372">
    <p class='ocr_par' dir='ltr' id='par_1_51' title="bbox 331 4299 1914 4372">
     <span class='ocr_line' id='line_1_51' title="bbox 331 4299 1914 4372; baseline 0 -19"><span class='ocrx_word' id='word_1_310' title='bbox 331 4300 491 4370; x_wconf 68' lang='grc' dir='ltr'><strong>λόγος</strong></span> <span class='ocrx_word' id='word_1_311' title='bbox 519 4299 805 4371; x_wconf 81' lang='grc' dir='ltr'><strong>ἐξαγώνιος</strong></span> <span class='ocrx_word' id='word_1_312' title='bbox 833 4301 1007 4371; x_wconf 87' lang='grc' dir='ltr'><strong>μένων</strong></span> <span class='ocrx_word' id='word_1_313' title='bbox 1036 4301 1124 4355; x_wconf 84' lang='grc' dir='ltr'><strong>διὰ</strong></span> <span class='ocrx_word' id='word_1_314' title='bbox 1147 4301 1207 4355; x_wconf 82' lang='grc' dir='ltr'><strong>τὸ</strong></span> <span class='ocrx_word' id='word_1_315' title='bbox 1233 4301 1432 4372; x_wconf 83' lang='grc' dir='ltr'><strong>γῆρας,</strong></span> <span class='ocrx_word' id='word_1_316' title='bbox 1454 4299 1548 4355; x_wconf 75' lang='grc' dir='ltr'><strong>καὶ</strong></span> <span class='ocrx_word' id='word_1_317' title='bbox 1570 4300 1914 4372; x_wconf 81' lang='grc' dir='ltr'><strong>παραχωρῶν</strong></span> 
     </span>
    </p>
   </div>
   <div class='ocr_carea' id='block_1_52' title="bbox 332 4389 1915 4464">
    <p class='ocr_par' dir='ltr' id='par_1_52' title="bbox 332 4389 1915 4464">
     <span class='ocr_line' id='line_1_52' title="bbox 332 4389 1915 4464; baseline 0 -20"><span class='ocrx_word' id='word_1_318' title='bbox 332 4392 426 4445; x_wconf 71' lang='grc' dir='ltr'><strong>τοῦ</strong></span> <span class='ocrx_word' id='word_1_319' title='bbox 457 4389 669 4445; x_wconf 83' lang='grc' dir='ltr'><strong>σταδίου</strong></span> <span class='ocrx_word' id='word_1_320' title='bbox 701 4393 816 4456; x_wconf 82' lang='grc' dir='ltr'><strong>τοῖς</strong></span> <span class='ocrx_word' id='word_1_321' title='bbox 840 4391 1095 4463; x_wconf 83' lang='grc' dir='ltr'><strong>ἀκμαίοις</strong></span> <span class='ocrx_word' id='word_1_322' title='bbox 1116 4392 1259 4447; x_wconf 80' lang='grc' dir='ltr'><strong>κατά</strong></span> <span class='ocrx_word' id='word_1_323' title='bbox 1281 4391 1379 4464; x_wconf 75' lang='grc' dir='ltr'><strong>τὴν</strong></span> <span class='ocrx_word' id='word_1_324' title='bbox 1413 4392 1714 4460; x_wconf 85' lang='grc' dir='ltr'><strong>παίδευσιν,</strong></span> <span class='ocrx_word' id='word_1_325' title='bbox 1748 4392 1915 4462; x_wconf 87' lang='grc' dir='ltr'><strong>μόνην</strong></span> 
     </span>
    </p>
   </div>
   <div class='ocr_carea' id='block_1_53' title="bbox 332 4480 1915 4555">
    <p class='ocr_par' dir='ltr' id='par_1_53' title="bbox 332 4480 1915 4555">
     <span class='ocr_line' id='line_1_53' title="bbox 332 4480 1915 4555; baseline 0.001 -21"><span class='ocrx_word' id='word_1_326' title='bbox 332 4499 418 4536; x_wconf 87' lang='grc' dir='ltr'><strong>σοι</strong></span> <span class='ocrx_word' id='word_1_327' title='bbox 458 4480 698 4536; x_wconf 85' lang='grc' dir='ltr'><strong>δείκνυσι</strong></span> <span class='ocrx_word' id='word_1_328' title='bbox 735 4482 835 4555; x_wconf 79' lang='grc' dir='ltr'><strong>τὴν</strong></span> <span class='ocrx_word' id='word_1_329' title='bbox 885 4483 1191 4555; x_wconf 84' lang='grc' dir='ltr'><strong>προθυμίαν</strong></span> <span class='ocrx_word' id='word_1_330' title='bbox 1238 4482 1334 4537; x_wconf 82' lang='grc' dir='ltr'><strong>τοῦ</strong></span> <span class='ocrx_word' id='word_1_331' title='bbox 1368 4482 1570 4538; x_wconf 78' lang='grc' dir='ltr'><strong>ἐθέλειν</strong></span> <span class='ocrx_word' id='word_1_332' title='bbox 1602 4483 1671 4538; x_wconf 82' lang='grc' dir='ltr'><strong>ἂν</strong></span> <span class='ocrx_word' id='word_1_333' title='bbox 1698 4482 1791 4536; x_wconf 82' lang='grc' dir='ltr'><strong>καὶ</strong></span> <span class='ocrx_word' id='word_1_334' title='bbox 1822 4482 1915 4536; x_wconf 75' lang='grc' dir='ltr'><strong>ἐπὶ</strong></span> 
     </span>
    </p>
   </div>
   <div class='ocr_carea' id='block_1_54' title="bbox 332 4573 1914 4646">
    <p class='ocr_par' dir='ltr' id='par_1_54' title="bbox 332 4573 1914 4646">
     <span class='ocr_line' id='line_1_54' title="bbox 332 4573 1914 4646; baseline 0 -19"><span class='ocrx_word' id='word_1_335' title='bbox 332 4574 431 4629; x_wconf 81' lang='grc' dir='ltr'><strong>σοῦ</strong></span> <span class='ocrx_word' id='word_1_336' title='bbox 463 4573 855 4643; x_wconf 86' lang='grc' dir='ltr'><strong>ἀγωνίσασθαι,</strong></span> <span class='ocrx_word' id='word_1_337' title='bbox 881 4574 1040 4646; x_wconf 76' lang='grc' dir='ltr'><strong>εἴπερ</strong></span> <span class='ocrx_word' id='word_1_338' title='bbox 1064 4574 1270 4646; x_wconf 76' lang='grc' dir='ltr'><strong>ήδῶσιν</strong></span> <span class='ocrx_word' id='word_1_339' title='bbox 1289 4575 1338 4629; x_wconf 76' lang='lat' dir='ltr'><strong>oi</strong></span> <span class='ocrx_word' id='word_1_340' title='bbox 1366 4575 1508 4629; x_wconf 85' lang='grc' dir='ltr'><strong>κατὰ</strong></span> <span class='ocrx_word' id='word_1_341' title='bbox 1530 4574 1658 4638; x_wconf 85' lang='grc' dir='ltr'><strong>τοὺς</strong></span> <span class='ocrx_word' id='word_1_342' title='bbox 1684 4573 1779 4629; x_wconf 80' lang='grc' dir='ltr'><strong>νῦν</strong></span> <span class='ocrx_word' id='word_1_343' title='bbox 1802 4576 1914 4638; x_wconf 83' lang='grc' dir='ltr'><strong>τοῖς</strong></span> 
     </span>
    </p>
   </div>
   <div class='ocr_carea' id='block_1_55' title="bbox 329 4664 1914 4739">
    <p class='ocr_par' dir='ltr' id='par_1_55' title="bbox 329 4664 1914 4739">
     <span class='ocr_line' id='line_1_55' title="bbox 329 4664 1914 4739; baseline -0.001 -20"><span class='ocrx_word' id='word_1_344' title='bbox 329 4664 516 4734; x_wconf 83' lang='grc' dir='ltr'><strong>λόγοις</strong></span> <span class='ocrx_word' id='word_1_345' title='bbox 540 4665 900 4736; x_wconf 83' lang='grc' dir='ltr'><strong>ἀκμάζοντες.</strong></span> <span class='ocrx_word' id='word_1_346' title='bbox 938 4666 1079 4737; x_wconf 65' lang='lat' dir='ltr'><strong>&quot;llo-1)</strong></span> <span class='ocrx_word' id='word_1_347' title='bbox 1103 4664 1162 4721; x_wconf 90' lang='grc' dir='ltr'><strong>δέ</strong></span> <span class='ocrx_word' id='word_1_348' title='bbox 1197 4683 1287 4737; x_wconf 90' lang='grc' dir='ltr'><strong>μοι</strong></span> <span class='ocrx_word' id='word_1_349' title='bbox 1304 4666 1401 4739; x_wconf 81' lang='grc' dir='ltr'><strong>τῆς</strong></span> <span class='ocrx_word' id='word_1_350' title='bbox 1432 4665 1741 4738; x_wconf 86' lang='grc' dir='ltr'><strong>προθυμίας</strong></span> <span class='ocrx_word' id='word_1_351' title='bbox 1767 4665 1914 4719; x_wconf 71' lang='grc' dir='ltr'><strong>ἐστὶν</strong></span> 
     </span>
    </p>
   </div>
   <div class='ocr_carea' id='block_1_56' title="bbox 328 4742 1912 4829">
    <p class='ocr_par' dir='ltr' id='par_1_56' title="bbox 328 4742 1912 4829">
     <span class='ocr_line' id='line_1_56' title="bbox 328 4742 1912 4829; baseline -0.001 -19"><span class='ocrx_word' id='word_1_352' title='bbox 328 4757 365 4829; x_wconf 70' lang='grc' dir='ltr'><strong>ἡ</strong></span> <span class='ocrx_word' id='word_1_353' title='bbox 385 4755 668 4823; x_wconf 82' lang='grc' dir='ltr'><strong>ἐπίδειξις,</strong></span> <span class='ocrx_word' id='word_1_354' title='bbox 687 4756 787 4811; x_wconf 84' lang='grc' dir='ltr'><strong>οὐκ</strong></span> <span class='ocrx_word' id='word_1_355' title='bbox 810 4756 868 4811; x_wconf 83' lang='grc' dir='ltr'><strong>ἐν</strong></span> <span class='ocrx_word' id='word_1_356' title='bbox 892 4752 972 4828; x_wconf 85' lang='grc' dir='ltr'>τῷ</span> <span class='ocrx_word' id='word_1_357' title='bbox 993 4742 1301 4828; x_wconf 83' lang='grc' dir='ltr'><strong>διηγεῖσθαί</strong></span> <span class='ocrx_word' id='word_1_358' title='bbox 1329 4775 1381 4811; x_wconf 90' lang='grc' dir='ltr'><strong>τι</strong></span> <span class='ocrx_word' id='word_1_359' title='bbox 1412 4755 1522 4811; x_wconf 88' lang='grc' dir='ltr'><strong>τῶν</strong></span> <span class='ocrx_word' id='word_1_360' title='bbox 1551 4757 1680 4812; x_wconf 90' lang='grc' dir='ltr'><strong>σῶν.</strong></span> <span class='ocrx_word' id='word_1_361' title='bbox 1708 4756 1912 4810; x_wconf 87' lang='grc' dir='ltr'><strong>Τούτου</strong></span> 
     </span>
    </p>
   </div>
   <div class='ocr_carea' id='block_1_57' title="bbox 325 4846 1914 4922">
    <p class='ocr_par' dir='ltr' id='par_1_57' title="bbox 325 4846 1914 4922">
     <span class='ocr_line' id='line_1_57' title="bbox 325 4846 1914 4922; baseline 0.001 -21"><span class='ocrx_word' id='word_1_362' title='bbox 325 4849 444 4919; x_wconf 83' lang='grc' dir='ltr'><strong>γὰρ</strong></span> <span class='ocrx_word' id='word_1_363' title='bbox 464 4846 622 4919; x_wconf 79' lang='grc' dir='ltr'><strong>μόγις</strong></span> <span class='ocrx_word' id='word_1_364' title='bbox 645 4847 711 4902; x_wconf 77' lang='grc' dir='ltr'><strong>ἂν</strong></span> <span class='ocrx_word' id='word_1_365' title='bbox 736 4849 873 4903; x_wconf 76' lang='grc' dir='ltr'><strong>καὶὸ</strong></span> <span class='ocrx_word' id='word_1_366' title='bbox 894 4849 1141 4922; x_wconf 84' lang='grc' dir='ltr'><strong>σφριγῶν</strong></span> <span class='ocrx_word' id='word_1_367' title='bbox 1162 4866 1220 4903; x_wconf 89' lang='grc' dir='ltr'><strong>τε</strong></span> <span class='ocrx_word' id='word_1_368' title='bbox 1238 4849 1332 4904; x_wconf 77' lang='grc' dir='ltr'><strong>καὶ</strong></span> <span class='ocrx_word' id='word_1_369' title='bbox 1354 4848 1747 4921; x_wconf 78' lang='grc' dir='ltr'><strong>συντεταμένος</strong></span> <span class='ocrx_word' id='word_1_370' title='bbox 1761 4848 1914 4919; x_wconf 84' lang='grc' dir='ltr'><strong>τύχοι</strong></span> 
     </span>
    </p>
   </div>
   <div class='ocr_carea' id='block_1_58' title="bbox 326 4937 1910 5011">
    <p class='ocr_par' dir='ltr' id='par_1_58' title="bbox 326 4937 1910 5011">
     <span class='ocr_line' id='line_1_58' title="bbox 326 4937 1910 5011; baseline 0 -19"><span class='ocrx_word' id='word_1_371' title='bbox 326 4940 512 5008; x_wconf 81' lang='grc' dir='ltr'><strong>λόγος,</strong></span> <span class='ocrx_word' id='word_1_372' title='bbox 541 4937 616 5002; x_wconf 86' lang='grc' dir='ltr'><strong>ὡς</strong></span> <span class='ocrx_word' id='word_1_373' title='bbox 652 4938 727 5011; x_wconf 81' lang='grc' dir='ltr'><strong>μὴ</strong></span> <span class='ocrx_word' id='word_1_374' title='bbox 756 4939 892 4994; x_wconf 79' lang='grc' dir='ltr'><strong>πολὺ</strong></span> <span class='ocrx_word' id='word_1_375' title='bbox 927 4940 1156 4993; x_wconf 86' lang='grc' dir='ltr'><strong>κατόπιν</strong></span> <span class='ocrx_word' id='word_1_376' title='bbox 1182 4939 1281 5011; x_wconf 80' lang='grc' dir='ltr'><strong>τῆς</strong></span> <span class='ocrx_word' id='word_1_377' title='bbox 1315 4939 1472 5006; x_wconf 81' lang='grc' dir='ltr'><strong>ἀξίας</strong></span> <span class='ocrx_word' id='word_1_378' title='bbox 1496 4939 1910 5011; x_wconf 81' lang='grc' dir='ltr'><strong>ἀπολειφθῆναι,</strong></span> 
     </span>
    </p>
   </div>
   <div class='ocr_carea' id='block_1_59' title="bbox 323 5028 1910 5113">
    <p class='ocr_par' dir='ltr' id='par_1_59' title="bbox 323 5028 1910 5113">
     <span class='ocr_line' id='line_1_59' title="bbox 323 5028 1910 5113; baseline -0.001 -28"><span class='ocrx_word' id='word_1_379' title='bbox 323 5032 357 5086; x_wconf 78' lang='grc'>6</span> <span class='ocrx_word' id='word_1_380' title='bbox 384 5028 491 5100; x_wconf 81' lang='grc' dir='ltr'><strong>τὴν</strong></span> <span class='ocrx_word' id='word_1_381' title='bbox 535 5030 818 5102; x_wconf 82' lang='grc' dir='ltr'><strong>ἀμήχανον</strong></span> <span class='ocrx_word' id='word_1_382' title='bbox 866 5030 1073 5101; x_wconf 90' lang='grc' dir='ltr'><strong>ταύτην</strong></span> <span class='ocrx_word' id='word_1_383' title='bbox 1121 5030 1386 5103; x_wconf 85' lang='grc' dir='ltr'><strong>ἁρμονίαν</strong></span> <span class='ocrx_word' id='word_1_384' title='bbox 1422 5029 1519 5085; x_wconf 82' lang='grc' dir='ltr'><strong>τοῦ</strong></span> <span class='ocrx_word' id='word_1_385' title='bbox 1555 5032 1722 5113; x_wconf 67' lang='grc' dir='ltr'><strong>ἠθους</strong></span> <span class='ocrx_word' id='word_1_386' title='bbox 1766 5031 1910 5102; x_wconf 80' lang='grc' dir='ltr'><strong>διερ-</strong></span> 
     </span>
    </p>
   </div>
   <div class='ocr_carea' id='block_1_60' title="bbox 326 5120 1911 5195">
    <p class='ocr_par' dir='ltr' id='par_1_60' title="bbox 326 5120 1911 5195">
     <span class='ocr_line' id='line_1_60' title="bbox 326 5120 1911 5195; baseline 0.001 -21"><span class='ocrx_word' id='word_1_387' title='bbox 326 5120 588 5195; x_wconf 81' lang='grc' dir='ltr'><strong>μηνεύων</strong></span> <span class='ocrx_word' id='word_1_388' title='bbox 621 5122 688 5177; x_wconf 82' lang='grc' dir='ltr'><strong>ἐκ</strong></span> <span class='ocrx_word' id='word_1_389' title='bbox 714 5121 825 5178; x_wconf 89' lang='grc' dir='ltr'><strong>τῶν</strong></span> <span class='ocrx_word' id='word_1_390' title='bbox 854 5122 1112 5179; x_wconf 81' lang='grc' dir='ltr'><strong>ἐναντίων</strong></span> <span class='ocrx_word' id='word_1_391' title='bbox 1133 5124 1605 5194; x_wconf 82' lang='grc' dir='ltr'><strong>συγκεκραμένην.</strong></span> <span class='ocrx_word' id='word_1_392' title='bbox 1651 5122 1778 5187; x_wconf 87' lang='grc' dir='ltr'><strong>Πῶς</strong></span> <span class='ocrx_word' id='word_1_393' title='bbox 1808 5138 1911 5176; x_wconf 89' lang='grc' dir='ltr'><strong>κα-</strong></span> 
     </span>
    </p>
   </div>
   <div class='ocr_carea' id='block_1_61' title="bbox 323 5212 1914 5288">
    <p class='ocr_par' dir='ltr' id='par_1_61' title="bbox 323 5212 1914 5288">
     <span class='ocr_line' id='line_1_61' title="bbox 323 5212 1914 5288; baseline -0.001 -20"><span class='ocrx_word' id='word_1_394' title='bbox 323 5213 513 5284; x_wconf 83' lang='grc' dir='ltr'><strong>θάπερ</strong></span> <span class='ocrx_word' id='word_1_395' title='bbox 535 5214 670 5278; x_wconf 81' lang='grc' dir='ltr'><strong>’ταῖς</strong></span> <span class='ocrx_word' id='word_1_396' title='bbox 706 5214 818 5269; x_wconf 88' lang='grc' dir='ltr'><strong>τῶν</strong></span> <span class='ocrx_word' id='word_1_397' title='bbox 860 5213 1143 5286; x_wconf 83' lang='grc' dir='ltr'><strong>βλεφάρων</strong></span> <span class='ocrx_word' id='word_1_398' title='bbox 1178 5213 1471 5286; x_wconf 74' lang='grc' dir='ltr'><strong>προϐολαῖς</strong></span> <span class='ocrx_word' id='word_1_399' title='bbox 1506 5214 1567 5268; x_wconf 81' lang='grc' dir='ltr'><strong>τὸ</strong></span> <span class='ocrx_word' id='word_1_400' title='bbox 1610 5212 1914 5288; x_wconf 65' lang='grc' dir='ltr'><strong>τῶνάκτί-</strong></span> 
     </span>
    </p>
   </div>
   <div class='ocr_carea' id='block_1_62' title="bbox 323 5302 1913 5377">
    <p class='ocr_par' dir='ltr' id='par_1_62' title="bbox 323 5302 1913 5377">
     <span class='ocr_line' id='line_1_62' title="bbox 323 5302 1913 5377; baseline -0.001 -18"><span class='ocrx_word' id='word_1_401' title='bbox 323 5321 441 5359; x_wconf 84' lang='grc' dir='ltr'><strong>νων</strong></span> <span class='ocrx_word' id='word_1_402' title='bbox 487 5305 726 5376; x_wconf 75' lang='grc' dir='ltr'><strong>ἄκρατον</strong></span> <span class='ocrx_word' id='word_1_403' title='bbox 775 5306 810 5377; x_wconf 73' lang='grc' dir='ltr'><strong>ἡ</strong></span> <span class='ocrx_word' id='word_1_404' title='bbox 859 5304 1020 5376; x_wconf 80' lang='grc' dir='ltr'><strong>φύσις</strong></span> <span class='ocrx_word' id='word_1_405' title='bbox 1069 5302 1500 5370; x_wconf 80' lang='grc' dir='ltr'><strong>ἐπισκιάζουσα,</strong></span> <span class='ocrx_word' id='word_1_406' title='bbox 1569 5303 1913 5375; x_wconf 84' lang='grc' dir='ltr'><strong>κεκραμένον</strong></span> 
     </span>
    </p>
   </div>
   <div class='ocr_carea' id='block_1_63' title="bbox 324 5392 1914 5466">
    <p class='ocr_par' dir='ltr' id='par_1_63' title="bbox 324 5392 1914 5466">
     <span class='ocr_line' id='line_1_63' title="bbox 324 5392 1914 5466; baseline 0 -20"><span class='ocrx_word' id='word_1_407' title='bbox 324 5394 600 5466; x_wconf 82' lang='grc' dir='ltr'><strong>προσάγει</strong></span> <span class='ocrx_word' id='word_1_408' title='bbox 644 5393 708 5450; x_wconf 82' lang='grc' dir='ltr'><strong>τὸ</strong></span> <span class='ocrx_word' id='word_1_409' title='bbox 747 5395 953 5464; x_wconf 85' lang='grc' dir='ltr'><strong>φέγγος</strong></span> <span class='ocrx_word' id='word_1_410' title='bbox 1001 5396 1121 5465; x_wconf 59' lang='grc' dir='ltr'><strong>τοῖς</strong></span> <span class='ocrx_word' id='word_1_411' title='bbox 1164 5393 1439 5466; x_wconf 75' lang='grc' dir='ltr'><strong>ὄμμασιν,</strong></span> <span class='ocrx_word' id='word_1_412' title='bbox 1507 5392 1584 5456; x_wconf 85' lang='grc' dir='ltr'><strong>ὠς</strong></span> <span class='ocrx_word' id='word_1_413' title='bbox 1618 5392 1688 5446; x_wconf 75' lang='grc' dir='ltr'><strong>ἂν</strong></span> <span class='ocrx_word' id='word_1_414' title='bbox 1744 5409 1914 5464; x_wconf 81' lang='grc' dir='ltr'><strong>προσ-</strong></span> 
     </span>
    </p>
   </div>
   <div class='ocr_carea' id='block_1_64' title="bbox 323 5483 1914 5559">
    <p class='ocr_par' dir='ltr' id='par_1_64' title="bbox 323 5483 1914 5559">
     <span class='ocr_line' id='line_1_64' title="bbox 323 5483 1914 5559; baseline -0.001 -18"><span class='ocrx_word' id='word_1_415' title='bbox 323 5486 467 5559; x_wconf 77' lang='grc' dir='ltr'><strong>ηνὴς</strong></span> <span class='ocrx_word' id='word_1_416' title='bbox 510 5486 544 5539; x_wconf 79' lang='grc' dir='ltr'>ὁ</span> <span class='ocrx_word' id='word_1_417' title='bbox 593 5485 746 5557; x_wconf 75' lang='grc' dir='ltr'><strong>ἣλιος</strong></span> <span class='ocrx_word' id='word_1_418' title='bbox 784 5485 1000 5556; x_wconf 87' lang='grc' dir='ltr'><strong>γένοιτο</strong></span> <span class='ocrx_word' id='word_1_419' title='bbox 1022 5526 1037 5552; x_wconf 92' lang='grc'><strong>,</strong></span> <span class='ocrx_word' id='word_1_420' title='bbox 1066 5485 1204 5558; x_wconf 77' lang='grc' dir='ltr'><strong>πρὸς</strong></span> <span class='ocrx_word' id='word_1_421' title='bbox 1239 5484 1341 5557; x_wconf 81' lang='grc' dir='ltr'><strong>τὴν</strong></span> <span class='ocrx_word' id='word_1_422' title='bbox 1379 5483 1446 5537; x_wconf 83' lang='grc' dir='ltr'><strong>ἐκ</strong></span> <span class='ocrx_word' id='word_1_423' title='bbox 1484 5483 1594 5538; x_wconf 91' lang='grc' dir='ltr'><strong>τῶν</strong></span> <span class='ocrx_word' id='word_1_424' title='bbox 1628 5483 1914 5555; x_wconf 75' lang='grc' dir='ltr'><strong>βλεφάρων</strong></span> 
     </span>
    </p>
   </div>
   <div class='ocr_carea' id='block_1_65' title="bbox 327 5575 1913 5651">
    <p class='ocr_par' dir='ltr' id='par_1_65' title="bbox 327 5575 1913 5651">
     <span class='ocr_line' id='line_1_65' title="bbox 327 5575 1913 5651; baseline -0.003 -18"><span class='ocrx_word' id='word_1_425' title='bbox 327 5579 497 5633; x_wconf 81' lang='grc' dir='ltr'><strong>σκιάν</strong></span> <span class='ocrx_word' id='word_1_426' title='bbox 532 5579 860 5651; x_wconf 84' lang='grc' dir='ltr'><strong>συμμέτρως</strong></span> <span class='ocrx_word' id='word_1_427' title='bbox 892 5579 958 5650; x_wconf 73' lang='grc' dir='ltr'><strong>τῇ</strong></span> <span class='ocrx_word' id='word_1_428' title='bbox 1002 5578 1161 5649; x_wconf 70' lang='grc' dir='ltr'><strong>χρείᾳ¹</strong></span> <span class='ocrx_word' id='word_1_429' title='bbox 1198 5577 1695 5649; x_wconf 85' lang='grc' dir='ltr'><strong>κατακιρνάμενος,</strong></span> <span class='ocrx_word' id='word_1_430' title='bbox 1741 5575 1913 5640; x_wconf 79' lang='grc' dir='ltr'><strong>οὕτως</strong></span> 
     </span>
    </p>
   </div>
   <div class='ocr_carea' id='block_1_66' title="bbox 1940 5181 1982 5239">
    <p class='ocr_par' dir='ltr' id='par_1_66' title="bbox 1940 5181 1982 5239">
     <span class='ocr_line' id='line_1_66' title="bbox 1940 5181 1982 5239; baseline 0 0"><span class='ocrx_word' id='word_1_431' title='bbox 1940 5181 1982 5239; x_wconf 88' lang='lat' dir='ltr'><strong><em>C</em></strong></span> 
     </span>
    </p>
   </div>
   <div class='ocr_carea' id='block_1_67' title="bbox 2016 3936 3591 4005">
    <p class='ocr_par' dir='ltr' id='par_1_67' title="bbox 2016 3936 3591 4005">
     <span class='ocr_line' id='line_1_67' title="bbox 2016 3936 3591 4005; baseline 0 -14"><span class='ocrx_word' id='word_1_432' title='bbox 2016 3942 2354 3992; x_wconf 88' lang='lat' dir='ltr'><strong>senectutem</strong></span> <span class='ocrx_word' id='word_1_433' title='bbox 2394 3943 2550 3990; x_wconf 83' lang='lat' dir='ltr'><strong>extra</strong></span> <span class='ocrx_word' id='word_1_434' title='bbox 2585 3936 2888 3989; x_wconf 85' lang='lat' dir='ltr'><strong>certamina</strong></span> <span class='ocrx_word' id='word_1_435' title='bbox 2932 3941 3153 3989; x_wconf 88' lang='lat' dir='ltr'><strong>maneat</strong></span> <span class='ocrx_word' id='word_1_436' title='bbox 3194 3948 3395 4004; x_wconf 89' lang='lat' dir='ltr'><strong>equus,</strong></span> <span class='ocrx_word' id='word_1_437' title='bbox 3444 3949 3591 4005; x_wconf 80' lang='lat' dir='ltr'><strong>saepe</strong></span> 
     </span>
    </p>
   </div>
   <div class='ocr_carea' id='block_1_68' title="bbox 2016 4021 3588 4095">
    <p class='ocr_par' dir='ltr' id='par_1_68' title="bbox 2016 4021 3588 4095">
     <span class='ocr_line' id='line_1_68' title="bbox 2016 4021 3588 4095; baseline -0.001 -14"><span class='ocrx_word' id='word_1_438' title='bbox 2016 4032 2197 4081; x_wconf 87' lang='lat' dir='ltr'><strong>tamen</strong></span> <span class='ocrx_word' id='word_1_439' title='bbox 2237 4021 2460 4079; x_wconf 81' lang='lat' dir='ltr'><strong>fremitu</strong></span> <span class='ocrx_word' id='word_1_440' title='bbox 2497 4024 2773 4095; x_wconf 88' lang='lat' dir='ltr'><strong>pulsuque</strong></span> <span class='ocrx_word' id='word_1_441' title='bbox 2822 4037 2886 4078; x_wconf 92' lang='lat' dir='ltr'><strong>ac</strong></span> <span class='ocrx_word' id='word_1_442' title='bbox 2935 4023 3121 4080; x_wconf 90' lang='lat' dir='ltr'><strong>sonilu</strong></span> <span class='ocrx_word' id='word_1_443' title='bbox 3178 4025 3588 4080; x_wconf 88' lang='lat' dir='ltr'><strong>lascivientium</strong></span> 
     </span>
    </p>
   </div>
   <div class='ocr_carea' id='block_1_69' title="bbox 2014 4113 3590 4185">
    <p class='ocr_par' dir='ltr' id='par_1_69' title="bbox 2014 4113 3590 4185">
     <span class='ocr_line' id='line_1_69' title="bbox 2014 4113 3590 4185; baseline 0 -16"><span class='ocrx_word' id='word_1_444' title='bbox 2014 4114 2511 4184; x_wconf 88' lang='lat' dir='ltr'><strong>insultantiumque</strong></span> <span class='ocrx_word' id='word_1_445' title='bbox 2567 4113 2634 4169; x_wconf 89' lang='lat' dir='ltr'><strong>ad</strong></span> <span class='ocrx_word' id='word_1_446' title='bbox 2690 4113 3031 4169; x_wconf 87' lang='lat' dir='ltr'><strong>alacritatem</strong></span> <span class='ocrx_word' id='word_1_447' title='bbox 3081 4119 3304 4170; x_wconf 86' lang='lat' dir='ltr'><strong>erectus</strong></span> <span class='ocrx_word' id='word_1_448' title='bbox 3341 4120 3396 4169; x_wconf 88' lang='lat' dir='ltr'><strong>et</strong></span> <span class='ocrx_word' id='word_1_449' title='bbox 3425 4124 3590 4185; x_wconf 89' lang='lat' dir='ltr'><strong>caput</strong></span> 
     </span>
    </p>
   </div>
   <div class='ocr_carea' id='block_1_70' title="bbox 2016 4204 3677 4275">
    <p class='ocr_par' dir='ltr' id='par_1_70' title="bbox 2016 4204 3677 4275">
     <span class='ocr_line' id='line_1_70' title="bbox 2016 4204 3677 4275; baseline -0.001 -13"><span class='ocrx_word' id='word_1_450' title='bbox 2016 4207 2190 4274; x_wconf 88' lang='lat' dir='ltr'><strong>tollat,</strong></span> <span class='ocrx_word' id='word_1_451' title='bbox 2225 4214 2294 4275; x_wconf 74' lang='grc' dir='ltr'><strong>,οι</strong></span> <span class='ocrx_word' id='word_1_452' title='bbox 2339 4204 2507 4261; x_wconf 89' lang='lat' dir='ltr'><strong>veluti</strong></span> <span class='ocrx_word' id='word_1_453' title='bbox 2542 4205 2600 4260; x_wconf 91' lang='lat' dir='ltr'><strong>in</strong></span> <span class='ocrx_word' id='word_1_454' title='bbox 2638 4204 2944 4261; x_wconf 86' lang='lat' dir='ltr'><strong>certamine</strong></span> <span class='ocrx_word' id='word_1_455' title='bbox 2978 4219 3226 4264; x_wconf 81' lang='lat' dir='ltr'><strong>versans.</strong></span> <span class='ocrx_word' id='word_1_456' title='bbox 3264 4211 3382 4259; x_wconf 90' lang='lat' dir='ltr'><strong>tum</strong></span> <span class='ocrx_word' id='word_1_457' title='bbox 3426 4205 3590 4260; x_wconf 87' lang='lat' dir='ltr'><strong>ardo-</strong></span> <span class='ocrx_word' id='word_1_458' title='bbox 3674 4264 3677 4267; x_wconf 96' lang='lat'><em>_</em></span> 
     </span>
    </p>
   </div>
   <div class='ocr_carea' id='block_1_71' title="bbox 2015 4293 3589 4364">
    <p class='ocr_par' dir='ltr' id='par_1_71' title="bbox 2015 4293 3589 4364">
     <span class='ocr_line' id='line_1_71' title="bbox 2015 4293 3589 4364; baseline 0.001 -14"><span class='ocrx_word' id='word_1_459' title='bbox 2015 4311 2130 4351; x_wconf 90' lang='lat' dir='ltr'><strong>rem</strong></span> <span class='ocrx_word' id='word_1_460' title='bbox 2187 4296 2244 4351; x_wconf 89' lang='lat' dir='ltr'><strong>in</strong></span> <span class='ocrx_word' id='word_1_461' title='bbox 2303 4295 2505 4361; x_wconf 89' lang='lat' dir='ltr'><strong>oculis,</strong></span> <span class='ocrx_word' id='word_1_462' title='bbox 2556 4302 2671 4349; x_wconf 89' lang='lat' dir='ltr'><strong>tum</strong></span> <span class='ocrx_word' id='word_1_463' title='bbox 2721 4293 2779 4349; x_wconf 91' lang='lat' dir='ltr'><strong>in</strong></span> <span class='ocrx_word' id='word_1_464' title='bbox 2826 4294 3022 4364; x_wconf 86' lang='lat' dir='ltr'><strong>spiritu</strong></span> <span class='ocrx_word' id='word_1_465' title='bbox 3080 4295 3325 4364; x_wconf 88' lang='lat' dir='ltr'><strong>ﬂatuque</strong></span> <span class='ocrx_word' id='word_1_466' title='bbox 3374 4295 3589 4351; x_wconf 86' lang='lat' dir='ltr'><strong>animos</strong></span> 
     </span>
    </p>
   </div>
   <div class='ocr_carea' id='block_1_72' title="bbox 2015 4383 3587 4455">
    <p class='ocr_par' dir='ltr' id='par_1_72' title="bbox 2015 4383 3587 4455">
     <span class='ocr_line' id='line_1_72' title="bbox 2015 4383 3587 4455; baseline 0.001 -15"><span class='ocrx_word' id='word_1_467' title='bbox 2015 4392 2280 4448; x_wconf 87' lang='lat' dir='ltr'><strong>ostentet,</strong></span> <span class='ocrx_word' id='word_1_468' title='bbox 2310 4391 2366 4440; x_wconf 86' lang='lat' dir='ltr'><strong>et</strong></span> <span class='ocrx_word' id='word_1_469' title='bbox 2396 4383 2594 4439; x_wconf 88' lang='lat' dir='ltr'><strong>crebro</strong></span> <span class='ocrx_word' id='word_1_470' title='bbox 2622 4392 2776 4439; x_wconf 89' lang='lat' dir='ltr'><strong>motu</strong></span> <span class='ocrx_word' id='word_1_471' title='bbox 2797 4383 2997 4455; x_wconf 87' lang='lat' dir='ltr'><strong>pedum</strong></span> <span class='ocrx_word' id='word_1_472' title='bbox 3027 4386 3262 4455; x_wconf 85' lang='lat' dir='ltr'><strong>ungulas</strong></span> <span class='ocrx_word' id='word_1_473' title='bbox 3291 4385 3587 4455; x_wconf 88' lang='lat' dir='ltr'><strong>identidem</strong></span> 
     </span>
    </p>
   </div>
   <div class='ocr_carea' id='block_1_73' title="bbox 2016 4474 3586 4544">
    <p class='ocr_par' dir='ltr' id='par_1_73' title="bbox 2016 4474 3586 4544">
     <span class='ocr_line' id='line_1_73' title="bbox 2016 4474 3586 4544; baseline -0.001 -11"><span class='ocrx_word' id='word_1_474' title='bbox 2016 4477 2138 4533; x_wconf 91' lang='lat' dir='ltr'><strong>solo</strong></span> <span class='ocrx_word' id='word_1_475' title='bbox 2168 4476 2368 4542; x_wconf 88' lang='lat' dir='ltr'><strong>illidat,</strong></span> <span class='ocrx_word' id='word_1_476' title='bbox 2401 4474 2491 4530; x_wconf 90' lang='lat' dir='ltr'><strong>cui</strong></span> <span class='ocrx_word' id='word_1_477' title='bbox 2526 4474 2645 4532; x_wconf 87' lang='lat' dir='ltr'><strong>sola</strong></span> <span class='ocrx_word' id='word_1_478' title='bbox 2685 4476 2948 4531; x_wconf 85' lang='lat' dir='ltr'><strong>alacritas</strong></span> <span class='ocrx_word' id='word_1_479' title='bbox 2981 4477 3047 4531; x_wconf 91' lang='lat' dir='ltr'><strong>ad</strong></span> <span class='ocrx_word' id='word_1_480' title='bbox 3079 4477 3379 4532; x_wconf 84' lang='lat' dir='ltr'><strong>certamina</strong></span> <span class='ocrx_word' id='word_1_481' title='bbox 3408 4478 3586 4544; x_wconf 87' lang='lat' dir='ltr'><strong>adest,</strong></span> 
     </span>
    </p>
   </div>
   <div class='ocr_carea' id='block_1_74' title="bbox 2017 4567 3591 4641">
    <p class='ocr_par' dir='ltr' id='par_1_74' title="bbox 2017 4567 3591 4641">
     <span class='ocr_line' id='line_1_74' title="bbox 2017 4567 3591 4641; baseline 0 -15"><span class='ocrx_word' id='word_1_482' title='bbox 2017 4569 2250 4626; x_wconf 78' lang='lat' dir='ltr'><strong>facultas</strong></span> <span class='ocrx_word' id='word_1_483' title='bbox 2300 4576 2484 4625; x_wconf 88' lang='lat' dir='ltr'><strong>autem</strong></span> <span class='ocrx_word' id='word_1_484' title='bbox 2518 4567 2778 4625; x_wconf 85' lang='lat' dir='ltr'><strong>currendi</strong></span> <span class='ocrx_word' id='word_1_485' title='bbox 2829 4576 2958 4624; x_wconf 88' lang='lat' dir='ltr'><strong>ante</strong></span> <span class='ocrx_word' id='word_1_486' title='bbox 2994 4569 3147 4640; x_wconf 86' lang='lat' dir='ltr'><strong>lapso</strong></span> <span class='ocrx_word' id='word_1_487' title='bbox 3194 4577 3444 4641; x_wconf 87' lang='lat' dir='ltr'><strong>tempore</strong></span> <span class='ocrx_word' id='word_1_488' title='bbox 3491 4570 3591 4626; x_wconf 79' lang='lat' dir='ltr'><strong>ah-</strong></span> 
     </span>
    </p>
   </div>
   <div class='ocr_carea' id='block_1_75' title="bbox 2016 4661 3590 4735">
    <p class='ocr_par' dir='ltr' id='par_1_75' title="bbox 2016 4661 3590 4735">
     <span class='ocr_line' id='line_1_75' title="bbox 2016 4661 3590 4735; baseline -0.002 -16"><span class='ocrx_word' id='word_1_489' title='bbox 2016 4671 2235 4734; x_wconf 87' lang='lat' dir='ltr'><strong>sumpta</strong></span> <span class='ocrx_word' id='word_1_490' title='bbox 2290 4671 2374 4719; x_wconf 90' lang='lat' dir='ltr'><strong>est</strong></span> <span class='ocrx_word' id='word_1_491' title='bbox 2404 4680 2419 4718; x_wconf 93' lang='lat'><strong>:</strong></span> <span class='ocrx_word' id='word_1_492' title='bbox 2453 4662 2645 4718; x_wconf 89' lang='lat' dir='ltr'><strong>eodem</strong></span> <span class='ocrx_word' id='word_1_493' title='bbox 2692 4661 2856 4718; x_wconf 89' lang='lat' dir='ltr'><strong>modo</strong></span> <span class='ocrx_word' id='word_1_494' title='bbox 2901 4673 3093 4719; x_wconf 87' lang='lat' dir='ltr'><strong>nostra</strong></span> <span class='ocrx_word' id='word_1_495' title='bbox 3142 4678 3366 4735; x_wconf 88' lang='lat' dir='ltr'><strong>quoque</strong></span> <span class='ocrx_word' id='word_1_496' title='bbox 3409 4663 3590 4719; x_wconf 88' lang='lat' dir='ltr'><strong>oratio</strong></span> 
     </span>
    </p>
   </div>
   <div class='ocr_carea' id='block_1_76' title="bbox 2014 4754 3590 4827">
    <p class='ocr_par' dir='ltr' id='par_1_76' title="bbox 2014 4754 3590 4827">
     <span class='ocr_line' id='line_1_76' title="bbox 2014 4754 3590 4827; baseline 0 -17"><span class='ocrx_word' id='word_1_497' title='bbox 2014 4763 2240 4827; x_wconf 87' lang='lat' dir='ltr'><strong>propter</strong></span> <span class='ocrx_word' id='word_1_498' title='bbox 2262 4763 2600 4812; x_wconf 84' lang='lat' dir='ltr'><strong>senectutem</strong></span> <span class='ocrx_word' id='word_1_499' title='bbox 2623 4761 2780 4810; x_wconf 71' lang='lat' dir='ltr'><strong>extra</strong></span> <span class='ocrx_word' id='word_1_500' title='bbox 2805 4754 3111 4812; x_wconf 85' lang='lat' dir='ltr'><strong>certamina</strong></span> <span class='ocrx_word' id='word_1_501' title='bbox 3133 4771 3382 4819; x_wconf 89' lang='lat' dir='ltr'><strong>manens,</strong></span> <span class='ocrx_word' id='word_1_502' title='bbox 3409 4756 3590 4810; x_wconf 88' lang='lat' dir='ltr'><strong>stadio</strong></span> 
     </span>
    </p>
   </div>
   <div class='ocr_carea' id='block_1_77' title="bbox 2015 4845 3594 4915">
    <p class='ocr_par' dir='ltr' id='par_1_77' title="bbox 2015 4845 3594 4915">
     <span class='ocr_line' id='line_1_77' title="bbox 2015 4845 3594 4915; baseline -0.003 -11"><span class='ocrx_word' id='word_1_503' title='bbox 2015 4848 2220 4905; x_wconf 85' lang='lat' dir='ltr'><strong>cedens</strong></span> <span class='ocrx_word' id='word_1_504' title='bbox 2259 4846 2570 4903; x_wconf 89' lang='lat' dir='ltr'><strong>eruditione</strong></span> <span class='ocrx_word' id='word_1_505' title='bbox 2606 4845 2952 4915; x_wconf 86' lang='lat' dir='ltr'><strong>ﬂorentibus,</strong></span> <span class='ocrx_word' id='word_1_506' title='bbox 2985 4847 3158 4904; x_wconf 88' lang='lat' dir='ltr'><strong>solam</strong></span> <span class='ocrx_word' id='word_1_507' title='bbox 3187 4847 3287 4903; x_wconf 88' lang='lat' dir='ltr'><strong>tibi</strong></span> <span class='ocrx_word' id='word_1_508' title='bbox 3331 4847 3594 4902; x_wconf 62' lang='lat' dir='ltr'><strong>alacritaa</strong></span> 
     </span>
    </p>
   </div>
   <div class='ocr_carea' id='block_1_78' title="bbox 2015 4937 3590 5009">
    <p class='ocr_par' dir='ltr' id='par_1_78' title="bbox 2015 4937 3590 5009">
     <span class='ocr_line' id='line_1_78' title="bbox 2015 4937 3590 5009; baseline 0 -15"><span class='ocrx_word' id='word_1_509' title='bbox 2015 4946 2124 4994; x_wconf 90' lang='lat' dir='ltr'><strong>tem</strong></span> <span class='ocrx_word' id='word_1_510' title='bbox 2152 4948 2205 4994; x_wconf 89' lang='lat' dir='ltr'><strong>et</strong></span> <span class='ocrx_word' id='word_1_511' title='bbox 2231 4938 2566 4993; x_wconf 89' lang='lat' dir='ltr'><strong>voluntatem</strong></span> <span class='ocrx_word' id='word_1_512' title='bbox 2598 4937 2655 4991; x_wconf 91' lang='lat' dir='ltr'><strong>in</strong></span> <span class='ocrx_word' id='word_1_513' title='bbox 2687 4938 2918 5009; x_wconf 75' lang='lat' dir='ltr'><strong>gratiam</strong></span> <span class='ocrx_word' id='word_1_514' title='bbox 2954 4944 3102 4993; x_wconf 80' lang='lat' dir='ltr'><strong>tu’am</strong></span> <span class='ocrx_word' id='word_1_515' title='bbox 3132 4937 3377 4994; x_wconf 86' lang='lat' dir='ltr'><strong>certandi</strong></span> <span class='ocrx_word' id='word_1_516' title='bbox 3402 4945 3590 4994; x_wconf 90' lang='lat' dir='ltr'><strong>osten-</strong></span> 
     </span>
    </p>
   </div>
   <div class='ocr_carea' id='block_1_79' title="bbox 2016 5027 3588 5101">
    <p class='ocr_par' dir='ltr' id='par_1_79' title="bbox 2016 5027 3588 5101">
     <span class='ocr_line' id='line_1_79' title="bbox 2016 5027 3588 5101; baseline 0 -16"><span class='ocrx_word' id='word_1_517' title='bbox 2016 5031 2118 5096; x_wconf 85' lang='lat' dir='ltr'><strong>dit,</strong></span> <span class='ocrx_word' id='word_1_518' title='bbox 2168 5029 2444 5101; x_wconf 88' lang='lat' dir='ltr'><strong>siquidem</strong></span> <span class='ocrx_word' id='word_1_519' title='bbox 2480 5028 2556 5085; x_wconf 88' lang='lat' dir='ltr'><strong>ita</strong></span> <span class='ocrx_word' id='word_1_520' title='bbox 2584 5027 2824 5094; x_wconf 87' lang='lat' dir='ltr'><strong>ﬂoreret,</strong></span> <span class='ocrx_word' id='word_1_521' title='bbox 2857 5038 2918 5084; x_wconf 89' lang='lat' dir='ltr'><strong>ut</strong></span> <span class='ocrx_word' id='word_1_522' title='bbox 2965 5030 3060 5101; x_wconf 89' lang='lat' dir='ltr'><strong>qui</strong></span> <span class='ocrx_word' id='word_1_523' title='bbox 3097 5045 3244 5085; x_wconf 89' lang='lat' dir='ltr'><strong>nunc</strong></span> <span class='ocrx_word' id='word_1_524' title='bbox 3273 5028 3588 5100; x_wconf 85' lang='lat' dir='ltr'><strong>eloquentia</strong></span> 
     </span>
    </p>
   </div>
   <div class='ocr_carea' id='block_1_80' title="bbox 2014 5118 3589 5191">
    <p class='ocr_par' dir='ltr' id='par_1_80' title="bbox 2014 5118 3589 5191">
     <span class='ocr_line' id='line_1_80' title="bbox 2014 5118 3589 5191; baseline -0.001 -16"><span class='ocrx_word' id='word_1_525' title='bbox 2014 5122 2223 5191; x_wconf 85' lang='lat' dir='ltr'><strong>vigent.</strong></span> <span class='ocrx_word' id='word_1_526' title='bbox 2283 5118 2394 5175; x_wconf 89' lang='lat' dir='ltr'><strong>Sed</strong></span> <span class='ocrx_word' id='word_1_527' title='bbox 2440 5135 2604 5189; x_wconf 90' lang='lat' dir='ltr'><strong>quam</strong></span> <span class='ocrx_word' id='word_1_528' title='bbox 2646 5121 2880 5177; x_wconf 83' lang='lat' dir='ltr'><strong>ostendo</strong></span> <span class='ocrx_word' id='word_1_529' title='bbox 2927 5126 3178 5191; x_wconf 88' lang='lat' dir='ltr'><strong>prompta</strong></span> <span class='ocrx_word' id='word_1_530' title='bbox 3225 5119 3484 5175; x_wconf 88' lang='lat' dir='ltr'><strong>voluntas</strong></span> <span class='ocrx_word' id='word_1_531' title='bbox 3532 5128 3589 5176; x_wconf 85' lang='lat' dir='ltr'><strong>et</strong></span> 
     </span>
    </p>
   </div>
   <div class='ocr_carea' id='block_1_81' title="bbox 2016 5209 3589 5282">
    <p class='ocr_par' dir='ltr' id='par_1_81' title="bbox 2016 5209 3589 5282">
     <span class='ocr_line' id='line_1_81' title="bbox 2016 5209 3589 5282; baseline 0.004 -19"><span class='ocrx_word' id='word_1_532' title='bbox 2016 5210 2186 5264; x_wconf 90' lang='lat' dir='ltr'><strong>animi</strong></span> <span class='ocrx_word' id='word_1_533' title='bbox 2215 5211 2537 5282; x_wconf 90' lang='lat' dir='ltr'><strong>propensio,</strong></span> <span class='ocrx_word' id='word_1_534' title='bbox 2570 5225 2679 5266; x_wconf 92' lang='lat' dir='ltr'><strong>non</strong></span> <span class='ocrx_word' id='word_1_535' title='bbox 2714 5225 2781 5267; x_wconf 87' lang='lat' dir='ltr'><strong>eo</strong></span> <span class='ocrx_word' id='word_1_536' title='bbox 2812 5211 3069 5281; x_wconf 89' lang='lat' dir='ltr'><strong>pertinet,</strong></span> <span class='ocrx_word' id='word_1_537' title='bbox 3100 5215 3161 5262; x_wconf 89' lang='lat' dir='ltr'><strong>ut</strong></span> <span class='ocrx_word' id='word_1_538' title='bbox 3186 5223 3253 5263; x_wconf 81' lang='lat' dir='ltr'><strong>ex</strong></span> <span class='ocrx_word' id='word_1_539' title='bbox 3282 5209 3392 5267; x_wconf 92' lang='lat' dir='ltr'><strong>tuis</strong></span> <span class='ocrx_word' id='word_1_540' title='bbox 3423 5211 3589 5269; x_wconf 84' lang='lat' dir='ltr'><strong>rebus</strong></span> 
     </span>
    </p>
   </div>
   <div class='ocr_carea' id='block_1_82' title="bbox 2016 5301 3681 5374">
    <p class='ocr_par' dir='ltr' id='par_1_82' title="bbox 2016 5301 3681 5374">
     <span class='ocr_line' id='line_1_82' title="bbox 2016 5301 3681 5374; baseline 0.002 -19"><span class='ocrx_word' id='word_1_541' title='bbox 2016 5301 2224 5371; x_wconf 87' lang='lat' dir='ltr'><strong>aliquid</strong></span> <span class='ocrx_word' id='word_1_542' title='bbox 2258 5303 2741 5373; x_wconf 78' lang='lat' dir='ltr'><strong>exponere‘velim.</strong></span> <span class='ocrx_word' id='word_1_543' title='bbox 2772 5303 2828 5357; x_wconf 88' lang='lat' dir='ltr'><strong>Id</strong></span> <span class='ocrx_word' id='word_1_544' title='bbox 2871 5303 3020 5359; x_wconf 89' lang='lat' dir='ltr'><strong>enim</strong></span> <span class='ocrx_word' id='word_1_545' title='bbox 3048 5302 3370 5367; x_wconf 90' lang='lat' dir='ltr'><strong>vehemens,</strong></span> <span class='ocrx_word' id='word_1_546' title='bbox 3398 5304 3591 5374; x_wconf 80' lang='lat' dir='ltr'><strong>copio-</strong></span> <span class='ocrx_word' id='word_1_547' title='bbox 3675 5334 3681 5339; x_wconf 86' lang='lat'><strong><em>~</em></strong></span> 
     </span>
    </p>
   </div>
   <div class='ocr_carea' id='block_1_83' title="bbox 2017 5393 3590 5467">
    <p class='ocr_par' dir='ltr' id='par_1_83' title="bbox 2017 5393 3590 5467">
     <span class='ocr_line' id='line_1_83' title="bbox 2017 5393 3590 5467; baseline -0.001 -18"><span class='ocrx_word' id='word_1_548' title='bbox 2017 5408 2190 5467; x_wconf 83' lang='lat' dir='ltr'><strong>saque</strong></span> <span class='ocrx_word' id='word_1_549' title='bbox 2244 5401 2300 5448; x_wconf 90' lang='lat' dir='ltr'><strong>et</strong></span> <span class='ocrx_word' id='word_1_550' title='bbox 2352 5393 2631 5449; x_wconf 84' lang='lat' dir='ltr'><strong>elaborata</strong></span> <span class='ocrx_word' id='word_1_551' title='bbox 2681 5395 2772 5449; x_wconf 76' lang='lat' dir='ltr'><strong>vix</strong></span> <span class='ocrx_word' id='word_1_552' title='bbox 2819 5403 3146 5465; x_wconf 84' lang='lat' dir='ltr'><strong>assequatur</strong></span> <span class='ocrx_word' id='word_1_553' title='bbox 3194 5395 3392 5461; x_wconf 89' lang='lat' dir='ltr'><strong>oratio,</strong></span> <span class='ocrx_word' id='word_1_554' title='bbox 3452 5396 3590 5466; x_wconf 85' lang='lat' dir='ltr'><strong>quin</strong></span> 
     </span>
    </p>
   </div>
   <div class='ocr_carea' id='block_1_84' title="bbox 2016 5485 3591 5558">
    <p class='ocr_par' dir='ltr' id='par_1_84' title="bbox 2016 5485 3591 5558">
     <span class='ocr_line' id='line_1_84' title="bbox 2016 5485 3591 5558; baseline 0.002 -20"><span class='ocrx_word' id='word_1_555' title='bbox 2016 5485 2190 5539; x_wconf 90' lang='lat' dir='ltr'><strong>multa</strong></span> <span class='ocrx_word' id='word_1_556' title='bbox 2229 5498 2341 5539; x_wconf 89' lang='lat' dir='ltr'><strong>non</strong></span> <span class='ocrx_word' id='word_1_557' title='bbox 2382 5494 2713 5558; x_wconf 87' lang='lat' dir='ltr'><strong>assequatur</strong></span> <span class='ocrx_word' id='word_1_558' title='bbox 2750 5502 2874 5557; x_wconf 74' lang='lat' dir='ltr'><strong>qua:</strong></span> <span class='ocrx_word' id='word_1_559' title='bbox 2908 5501 3008 5556; x_wconf 84' lang='lat' dir='ltr'><strong>pro</strong></span> <span class='ocrx_word' id='word_1_560' title='bbox 3057 5485 3324 5557; x_wconf 84' lang='lat' dir='ltr'><strong>dignitate</strong></span> <span class='ocrx_word' id='word_1_561' title='bbox 3355 5487 3433 5543; x_wconf 86' lang='lat' dir='ltr'><strong>rei</strong></span> <span class='ocrx_word' id='word_1_562' title='bbox 3478 5502 3591 5542; x_wconf 79' lang='lat' dir='ltr'><strong>non</strong></span> 
     </span>
    </p>
   </div>
   <div class='ocr_carea' id='block_1_85' title="bbox 2015 5578 3590 5650">
    <p class='ocr_par' dir='ltr' id='par_1_85' title="bbox 2015 5578 3590 5650">
     <span class='ocr_line' id='line_1_85' title="bbox 2015 5578 3590 5650; baseline 0.004 -22"><span class='ocrx_word' id='word_1_563' title='bbox 2015 5583 2236 5641; x_wconf 85' lang='lat' dir='ltr'><strong>tractet,</strong></span> <span class='ocrx_word' id='word_1_564' title='bbox 2287 5593 2409 5646; x_wconf 65' lang='lat' dir='ltr'><strong>qua;</strong></span> <span class='ocrx_word' id='word_1_565' title='bbox 2443 5578 2766 5633; x_wconf 89' lang='lat' dir='ltr'><strong>immensam</strong></span> <span class='ocrx_word' id='word_1_566' title='bbox 2800 5587 2855 5634; x_wconf 88' lang='lat' dir='ltr'><strong>et</strong></span> <span class='ocrx_word' id='word_1_567' title='bbox 2891 5578 3039 5633; x_wconf 88' lang='lat' dir='ltr'><strong>omni</strong></span> <span class='ocrx_word' id='word_1_568' title='bbox 3090 5579 3395 5636; x_wconf 84' lang='lat' dir='ltr'><strong>imitatione</strong></span> <span class='ocrx_word' id='word_1_569' title='bbox 3427 5595 3590 5650; x_wconf 79' lang='lat' dir='ltr'><strong>supe-</strong></span> 
     </span>
    </p>
   </div>
   <div class='ocr_carea' id='block_1_86' title="bbox 325 5667 1911 5742">
    <p class='ocr_par' dir='ltr' id='par_1_86' title="bbox 325 5667 1911 5742">
     <span class='ocr_line' id='line_1_86' title="bbox 325 5667 1911 5742; baseline -0.004 -16"><span class='ocrx_word' id='word_1_570' title='bbox 325 5673 394 5727; x_wconf 80' lang='grc' dir='ltr'><strong>τὸ</strong></span> <span class='ocrx_word' id='word_1_571' title='bbox 422 5670 620 5742; x_wconf 76' lang='grc' dir='ltr'><strong>σεμνόν</strong></span> <span class='ocrx_word' id='word_1_572' title='bbox 650 5689 710 5725; x_wconf 90' lang='grc' dir='ltr'><strong>τε</strong></span> <span class='ocrx_word' id='word_1_573' title='bbox 741 5670 837 5725; x_wconf 80' lang='grc' dir='ltr'><strong>καὶ</strong></span> <span class='ocrx_word' id='word_1_574' title='bbox 866 5670 1204 5741; x_wconf 61' lang='grc' dir='ltr'><strong>μεγαΜφυές</strong></span> <span class='ocrx_word' id='word_1_575' title='bbox 1234 5668 1330 5725; x_wconf 79' lang='grc' dir='ltr'><strong>τοῦ</strong></span> <span class='ocrx_word' id='word_1_576' title='bbox 1363 5668 1528 5739; x_wconf 67' lang='grc' dir='ltr'><strong>ἤθους</strong></span> <span class='ocrx_word' id='word_1_577' title='bbox 1560 5669 1629 5741; x_wconf 78' lang='grc' dir='ltr'><strong>τῇ</strong></span> <span class='ocrx_word' id='word_1_578' title='bbox 1652 5667 1911 5740; x_wconf 74' lang='grc' dir='ltr'><strong>ἐμμέτρῳ</strong></span> 
     </span>
    </p>
   </div>
   <div class='ocr_carea' id='block_1_87' title="bbox 2013 5667 3593 5742">
    <p class='ocr_par' dir='ltr' id='par_1_87' title="bbox 2020 5668 3593 5740">
     <span class='ocr_line' id='line_1_87' title="bbox 2020 5668 3593 5740; baseline 0.001 -18"><span class='ocrx_word' id='word_1_579' title='bbox 2020 5668 2225 5723; x_wconf 86' lang='lat' dir='ltr'><strong>riorem</strong></span> <span class='ocrx_word' id='word_1_580' title='bbox 2266 5669 2408 5725; x_wconf 87' lang='lat' dir='ltr'><strong>hanc</strong></span> <span class='ocrx_word' id='word_1_581' title='bbox 2439 5684 2657 5723; x_wconf 88' lang='lat' dir='ltr'><strong>morum</strong></span> <span class='ocrx_word' id='word_1_582' title='bbox 2703 5676 2758 5724; x_wconf 84' lang='lat' dir='ltr'><strong>et</strong></span> <span class='ocrx_word' id='word_1_583' title='bbox 2792 5670 2999 5740; x_wconf 82' lang='lat' dir='ltr'><strong>ingenii</strong></span> <span class='ocrx_word' id='word_1_584' title='bbox 3046 5670 3494 5725; x_wconf 85' lang='lat' dir='ltr'><strong>concordantiam</strong></span> <span class='ocrx_word' id='word_1_585' title='bbox 3537 5677 3593 5723; x_wconf 80' lang='lat' dir='ltr'><strong>rt</strong></span> 
     </span>
    </p>
   </div>
   <div class='ocr_carea' id='block_1_88' title="bbox 327 5758 1911 5836">
    <p class='ocr_par' dir='ltr' id='par_1_88' title="bbox 327 5758 1911 5836">
     <span class='ocr_line' id='line_1_88' title="bbox 327 5758 1911 5836; baseline -0.004 -18"><span class='ocrx_word' id='word_1_586' title='bbox 327 5763 806 5836; x_wconf 80' lang='grc' dir='ltr'><strong>ταπεινοφροσύνῃ</strong></span> <span class='ocrx_word' id='word_1_587' title='bbox 830 5762 1316 5832; x_wconf 81' lang='grc' dir='ltr'><strong>καταμιγνύμενον,</strong></span> <span class='ocrx_word' id='word_1_588' title='bbox 1340 5762 1440 5816; x_wconf 82' lang='grc' dir='ltr'><strong>οὐκ</strong></span> <span class='ocrx_word' id='word_1_589' title='bbox 1464 5758 1792 5830; x_wconf 72' lang='grc' dir='ltr'><strong>άποστρέφει</strong></span> <span class='ocrx_word' id='word_1_590' title='bbox 1814 5760 1911 5822; x_wconf 79' lang='grc' dir='ltr'><strong>τὰς</strong></span> 
     </span>
    </p>
   </div>
   <div class='ocr_carea' id='block_1_89' title="bbox 2013 5758 3590 5836">
    <p class='ocr_par' dir='ltr' id='par_1_89' title="bbox 2022 5762 3590 5827">
     <span class='ocr_line' id='line_1_89' title="bbox 2022 5762 3590 5827; baseline 0.001 -14"><span class='ocrx_word' id='word_1_591' title='bbox 2022 5762 2441 5817; x_wconf 81' lang='lat' dir='ltr'><strong>consonantiam</strong></span> <span class='ocrx_word' id='word_1_592' title='bbox 2490 5777 2555 5815; x_wconf 75' lang='lat' dir='ltr'><strong>ex</strong></span> <span class='ocrx_word' id='word_1_593' title='bbox 2601 5762 2894 5818; x_wconf 84' lang='lat' dir='ltr'><strong>contrariis</strong></span> <span class='ocrx_word' id='word_1_594' title='bbox 2933 5764 3096 5819; x_wconf 80' lang='lat' dir='ltr'><strong>rebus</strong></span> <span class='ocrx_word' id='word_1_595' title='bbox 3139 5762 3499 5827; x_wconf 80' lang='lat' dir='ltr'><strong>compositam</strong></span> <span class='ocrx_word' id='word_1_596' title='bbox 3536 5771 3590 5814; x_wconf 82' lang='lat' dir='ltr'><strong>et</strong></span> 
     </span>
    </p>
   </div>
  </div>
