3992 6440
544 368 644 422 163

1783 357 1847 415 s.
1873 347 2202 415 aneonn
2245 347 2538 415 N‘t'ssiax't

3711 359 3798 417 Nil

537 486 1004 549 contemperatam
1054 476 1366 548 susceperit
1409 475 1812 548 explicandam.
1858 475 1980 541 Quo
2019 490 2111 546 pa-

2223 476 2378 546 ὄψεις
2414 477 2524 529 τῶν
2570 472 2985 548 προσορῶντων,
3040 474 3176 529 ἀλλά
3227 475 3294 528 δι’
3341 475 3531 546 ἡδονῆς
3587 475 3800 546 βλέπειν

536 580 647 633 cto,
695 573 842 622 sicut
878 567 1262 638 palpebrarum
1303 567 1745 636 prominentibus
1778 567 1924 636 pilis,
1957 565 2119 635 quasi

534 659 679 713 vallo
709 659 948 728 objecto,
985 660 1284 728 puritatem
1315 665 1372 712 et
1395 657 1793 712 vehementiam
1835 655 2118 710 radiorum

534 759 734 805 natura
762 752 1104 806 obumbrans
1144 759 1198 805 et
1227 749 1508 820 frangens,
1542 757 1904 820 temperatum
1934 763 1998 802 ac
2035 747 2120 802 di-

537 843 719 898 lutum
769 844 1122 913 splendorem
1160 842 1341 898 oculis
1373 840 1564 908 infert,
1599 854 1709 910 quo
1749 839 2001 909 placidus
2036 840 2119 895 Sol

536 950 636 1004 pro
670 952 737 991 eo
771 937 933 990 modo
975 950 1135 1005 quem
1171 950 1304 990 usus
1335 933 1533 1003 poscit,
1561 947 1687 987 cum
1720 931 1913 987 umbra
1954 945 2118 1001 quam

538 1026 812 1095 palpebrae
847 1024 1076 1090 faciunt,
1115 1029 1564 1093 contemperatus
1595 1023 1848 1086 exsistat,
1891 1021 1968 1076 ita
1997 1036 2120 1076 mo-

539 1133 659 1172 rum
697 1119 937 1188 gravitas
985 1125 1148 1186 atque
1177 1115 1438 1185 majestas
1470 1129 1596 1169 cum
1634 1113 1912 1168 moderata
1950 1112 2120 1166 animi

535 1211 872 1266 demissith
913 1208 1224 1273 cowmista,
1276 1223 1386 1262 non
1425 1214 1636 1262 avertat
1663 1207 1861 1261 oculos
1907 1206 2122 1260 intuen-

535 1309 694 1368 tium,
761 1305 854 1359 sed
899 1304 1205 1372 jucundum
1257 1301 1461 1358 eﬂiciat
1508 1301 1784 1364 obtutum,
1833 1307 1895 1353 ut
1945 1313 2123 1370 neque

535 1399 824 1468 gravitatis
858 1411 923 1450 ac
964 1394 1278 1450 severitatis
1323 1393 1590 1464 splendor
1626 1393 1982 1455 obscuretur,
2020 1405 2122 1446 ne-

535 1498 643 1557 quc
672 1489 854 1542 latens
895 1487 949 1540 in
984 1487 1186 1556 animo
1220 1486 1301 1541 vis
1353 1494 1578 1556 propter
1605 1484 1974 1539 humilitatem
2021 1481 2121 1538 de-

2221 566 2652 637 παρασκευάζει,
2685 568 2760 631 ὡς
2785 569 2922 639 μήτε
2951 567 3054 638 τῆς
3089 567 3417 638 σεμνότητος
3438 568 3536 638 τὴν
3583 585 3798 640 μαρμαο

2222 657 2396 729 ρυγὴν
2436 657 2840 729 ἀμαυροῦσθαι,
2901 660 3038 731 μήτε
3085 657 3174 712 διὰ
3215 658 3606 730 ταπεινότητος
3638 677 3798 715 κατα-

2220 750 2540 820 φρονεῖσθαι
2565 750 2629 803 τὸ
2666 750 2990 816 ἐνδιάθετον,
3023 749 3160 805 ἀλλὰ
3182 749 3326 805 κατὰ
3351 751 3415 804 τὸ
3443 751 3556 804 ῖσον
3590 753 3652 804 ἐν
3680 753 3799 806 ἐκα-

2218 840 2365 912 τέρῳ
2391 840 2717 913 θεωρεῖσθαι
2740 841 2802 896 τὸ
2827 841 3034 912 ἕτερον,
3062 841 3120 895 ἐν
3145 859 3205 894 τε
3231 841 3312 912 τῷ
3340 841 3530 914 ὑψηλῷ
3558 842 3660 913 τὴν
3693 861 3801 898 κοι-

2220 934 2440 1004 νότητα,
2464 934 2560 988 καὶ
2579 937 2638 988 ἐν
2655 933 2735 1006 τῷ
2761 934 3005 1006 ταπεινῷ
3023 934 3086 988 τὸ
3109 933 3343 1004 ἔμπαλιν
3365 934 3464 1006 τὴν
3485 936 3798 1006 σεμνότητα.

2227 1023 2419 1087 Ἀλλοι,
2453 1023 2629 1078 ταῦτα
2662 1023 3041 1098 διεξερχέσθω,
3078 1023 3177 1077 καὶ
3203 1023 3265 1076 τὸ
3296 1023 3678 1095 πολυόμματον
3707 1025 3799 1095 τῆς

2220 1115 2400 1186 ψυχῆς
2450 1116 2777 1187 ἀνυμνείτω.
2829 1116 3128 1187 Ἰσάριθμοι
3169 1117 3289 1180 ταῖς
3344 1114 3488 1187 θριξὶ
3531 1116 3675 1187 τάχα
3709 1120 3797 1189 τῆς

2221 1208 2464 1279 κεφαλῆς
2495 1209 2545 1262 oi
2574 1208 2676 1279 τῆς
2703 1201 2878 1280 ψυχῆς
2911 1207 3201 1278 ὀφθαλμοὶ,
3236 1207 3574 1278 πανταχόθεν
3613 1209 3797 1280 ἐπίσης

2221 1300 2315 1366 ὀξύ
2359 1318 2421 1353 τε
2451 1301 2548 1355 καὶ
2596 1300 2832 1364 ἀπλανὲς
2882 1299 3211 1372 δεδορκότες,
3241 1298 3382 1352 ὥστε
3435 1299 3715 1371 πόρρωθέν
3744 1319 3795 1356 τε

2222 1391 2458 1464 προϊδεῖν
2489 1408 2502 1423 ·
2563 1391 2660 1445 καὶ
2716 1391 2791 1463 μὴ
2834 1391 3049 1459 ἀγνοεῖν
3099 1391 3164 1443 ἐκ
3201 1388 3294 1442 τοῦ
3343 1388 3631 1458 σύνεγγυς,
3676 1392 3796 1464 μηδέ

2221 1482 2319 1555 τὴν
2347 1483 2542 1552 πεῖραν
2569 1482 2861 1552 ἀναμένειν
2888 1481 2981 1535 τοῦ
3014 1480 3416 1544 λυσιτελοῦντος
3446 1481 3792 1535 διδάσκαλον·

2222 1575 2360 1630 ἀλλά
2383 1573 2444 1630 τὸ
2479 1575 2580 1646 μὲν
2610 1578 2723 1640 τοῖς
2749 1574 2857 1628 τῶν
2880 1574 3110 1629 ἐλπίδων
3137 1575 3436 1647 ὀφθαλμοῖς
3460 1577 3718 1647 προορᾷν,
3742 1573 3794 1628 τὸ

2219 1668 2279 1724 δὲ
2307 1668 2534 1740 θεωρεῖν
2560 1667 2649 1721 διὰ
2679 1670 2780 1738 τῆς
2811 1668 3054 1740 μνήμης,
3088 1668 3216 1724 ἄλλο
3242 1686 3302 1722 τε
3338 1669 3396 1724 δὲ
3430 1669 3574 1722 κατὰ
3607 1668 3666 1721 τὸ
3695 1669 3794 1721 ἐνέ-

536 1767 644 1819 tas,
682 1765 796 1810 tum
849 1759 905 1812 in
957 1758 1264 1814 humilitate
1297 1759 1414 1814 vice
1461 1772 1621 1814 versa
1653 1760 1894 1831 gravitas
1927 1770 1984 1816 et.
2019 1751 2111 1816 se-

2225 1758 2366 1823 0rd);
2394 1761 2454 1812 ἐν
2479 1759 2666 1832 κύκλῳ
2687 1760 3024 1834 περιαθρεῖν,
3050 1760 3226 1815 πάντα
3247 1761 3305 1815 δὲ
3332 1759 3474 1814 κατά
3503 1759 3698 1814 ταύτὸν
3722 1762 3795 1812 ὲν-

533 1851 739 1903 veritas
783 1849 1278 1906 animadvertatur.
1342 1851 1499 1907 Alius
1551 1853 1667 1909 haec
1725 1862 2000 1922 exponat,
2059 1859 2111 1910 et

2221 1855 2406 1928 εργεῖν
2438 1833 2768 1924 ἀσυγχύτως
2812 1853 3018 1918 πάσαις
3047 1856 3168 1918 ταῖς
3195 1853 3476 1917 τοιαύταις
3506 1852 3795 1926 ἐνεργείαις

531 1941 776 1995 animum
837 1943 1002 1996 istum
1056 1944 1435 2012 compluribus
1502 1946 1679 2001 oculis
1741 1947 2111 2016 insignitum,

2221 1945 2312 2000 τὸν
2341 1943 2466 1998 νοῦν
2496 1945 2847 2016 καταλλήλως
2877 1945 3290 2018 ἐπιμερίζοντα.

531 2033 787 2089 laudibus
815 2043 1202 2105 prosequatur.
1250 2034 1502 2091 Forsitan
1542 2039 1689 2092 enim
1730 2039 1870 2109 pilos
1906 2039 2106 2111 capitis
2146 2051 2380 2094 numero
2405 2048 2626 2110 aequant
2659 2039 2830 2094 animi
2865 2038 3034 2103 oeuli,
3068 2038 3323 2109 undique
3392 2039 3607 2110 pariter
3631 2046 3682 2095 et
3737 2053 3795 2093 ex

528 2143 688 2197 aequo
733 2136 947 2184 certum
981 2138 1041 2186 et
1075 2138 1298 2186 acutum
1339 2142 1673 2196 cernentes.
1727 2141 1792 2188 ‘ut
1829 2141 1884 2189 et
1916 2148 1981 2190 ex
2023 2135 2324 2206 longinquo
2406 2133 2774 2204 prospicient,
2831 2133 3085 2204 nihilque
3125 2132 3304 2205 fugiat
3363 2147 3430 2189 ac
3495 2133 3664 2189 lateat
3711 2146 3795 2187 eos

535 2238 604 2279 ex
641 2223 974 2293 propinquo,
1031 2240 1133 2279 nec
1167 2225 1561 2294 experientiam
1617 2225 1874 2282 utilitatis
1916 2235 1967 2282 e:
2046 2227 2315 2282 commodi
2368 2227 2689 2298 magistram
2752 2233 3107 2297 exspectent;
3169 2223 3267 2282 sed
3358 2223 3506 2279 aliud
3589 2223 3796 2294 quidem

523 2315 706 2370 oculis
744 2314 862 2384 spei
915 2315 1258 2384 provideant,
1308 2316 1456 2371 aliud
1488 2332 1618 2372 vero
1645 2333 1740 2387 per
1781 2319 2104 2374 memoriam
2145 2328 2401 2384 cernant,
2447 2317 2597 2374 aliud
2627 2319 2761 2375 item
2809 2319 2865 2374 in
2905 2320 3199 2390 praesentia
3261 2317 3506 2388 undique
3570 2318 3795 2373 circum.

541 2426 654 2482 que
689 2411 838 2464 circa
869 2411 1337 2476 animadvertant,
1373 2413 1559 2467 omnia
1590 2429 1720 2469 vero
1762 2415 1927 2469 simul
1957 2423 2012 2470 ct
2044 2415 2239 2472 eodem
2300 2425 2550 2487 tempore
2583 2415 2839 2471 omnibus
2913 2414 3229 2486 hujusmodi
3294 2414 3611 2470 actionibus
3685 2414 3790 2468 abs-

532 2517 644 2573 que
694 2500 1022 2555 confusione
1075 2503 1468 2556 convenienter
1518 2509 1574 2556 et
1617 2509 1746 2572 apte
1801 2518 1954 2557 mens
1995 2518 2120 2560 sese
2166 2503 2506 2560 distribuens
2549 2503 3085 2574 accommodansque
3153 2502 3354 2558 efﬁciat
3395 2513 3450 2558 et
3530 2510 3793 2574 Operetur.

599 2596 961 2652 Venerandas
1025 2597 1154 2652 item
1219 2598 1562 2668 paupertatis
1615 2597 1838 2654 divitias
1888 2599 2111 2655 admire

2294 2598 2399 2654 Τόν
2431 2616 2492 2654 τε
2527 2599 2721 2671 σεμνὸν
2742 2597 2844 2670 τῆς
2865 2598 3056 2662 πενίας
3090 2597 3320 2651 πλοῦτον
3347 2595 3678 2669 θαυμαζέτω
3705 2598 3790 2648 πάι

529 2699 642 2753 tnr,
674 2689 720 2744 si
745 2689 870 2759 quis
902 2696 1093 2743 nostra
1123 2697 1286 2743 aetate
1311 2696 1395 2743 est
1423 2689 1518 2759 qui
1545 2688 1818 2760 ejusmodi
1851 2704 1965 2744 rem
1993 2705 2111 2745 cum

2223 2695 2304 2749 λιν
2333 2696 2558 2761 ἐκεῖνος,
2606 2695 2660 2748 ετ
2684 2694 2767 2758 τίς
2801 2695 2948 2747 ἐστιν
2974 2694 3032 2746 ἐν
3073 2690 3151 2763 τῷ
3185 2691 3308 2745 καθ’
3338 2692 3487 2763 ἡμᾶς
3525 2691 3628 2762 βίῳ
3657 2689 3794 2752 εἰδὼς

523 2780 689 2836 laude
719 2788 774 2835 et
807 2779 1175 2835 admiratione
1224 2779 1506 2834 celebrare
1550 2779 1712 2834 sciat.
1760 2778 1841 2834 Ac
1883 2778 2111 2835 forsitan

2219 2783 2282 2838 τὸ
2309 2782 2552 2838 τοιοῦτον
2580 2785 2638 2838 ἐν
2668 2783 2877 2855 ἐπαίνῳ
2913 2780 3185 2835 ποιεῖσθαι
3216 2783 3312 2835 καὶ
3355 2780 3623 2851 θαύματι.
3658 2781 3793 2850 Τάχα

537 1578 824 1646 spiciatur,
875 1576 971 1632 sed
1017 1577 1250 1630 alterum
1284 1575 1570 1645 aequaliter
1609 1575 1664 1629 in
1695 1582 1953 1646 utroque,
2002 1581 2117 1629 tum

539 1670 591 1722 in
623 1669 951 1724 celsitudine
997 1683 1061 1724 ac
1105 1668 1444 1724 sublimitate
1474 1669 1712 1726 comitas
1759 1677 1814 1726 et
1864 1669 2121 1725 humani-

530 2873 752 2930 etiamsi
787 2874 943 2945 prius
972 2883 1242 2935 nouerat,
1281 2879 1337 2926 at
1364 2886 1512 2926 nunc
1544 2881 1768 2942 propter
1799 2877 1854 2924 te
1881 2885 2120 2942 pauper-

527 2969 658 3024 tatis
702 2982 923 3038 quoque
979 2965 1322 3021 desiderium
1368 2963 1621 3028 florebit,
1682 2973 1887 3035 tuaque
1939 2963 2117 3019 tenui-

525 3071 616 3116 tas
644 3069 811 3130 atque
846 3058 1138 3130 frugalitas
1175 3057 1494 3129 ingentibus
1526 3055 1707 3112 αι’ωεί
1745 3056 1866 3111 auri
1901 3055 2114 3128 ponde-

524 3152 682 3208 ribus
723 3150 934 3205 beatior
973 3149 1286 3204 habebitur.
1326 3147 1632 3215 Quemnam
1663 3149 1809 3203 enim
1840 3149 1924 3204 vel
1967 3157 2115 3204 terra

528 3243 614 3298 vel
651 3257 803 3298 mare
835 3241 996 3297 ambo
1027 3255 1160 3298 suos
1194 3248 1494 3311 proventus
1530 3240 1764 3310 benigne
1794 3239 2118 3310 impartien-

524 3344 612 3388 tes
640 3333 714 3387 ita
744 3334 963 3388 beatum
994 3331 1376 3395 reddiderunt,
1425 3338 1486 3384 ut
1513 3337 1662 3383 tuam
1695 3330 1861 3382 vitam
1900 3328 2116 3383 animus

527 3425 634 3478 iste
662 3421 1027 3476 materialium
1060 3419 1385 3476 facultatum
1418 3428 1472 3475 et
1503 3417 1914 3474 mundanarum
1948 3433 2115 3488 opum

525 3518 912 3588 contemptor?
959 3517 1031 3573 Ut
1081 3517 1226 3573 enim
1279 3517 1358 3572 illi
1391 3516 1485 3587 qui
1527 3531 1557 3570 a
1614 3513 1762 3570 ferro
1806 3515 2114 3586 rubiginem

529 3611 859 3682 abstergunt
891 3619 946 3666 et
991 3611 1294 3677 abradunt,
1343 3609 1692 3680 splendidum
1734 3607 1788 3662 id
1817 3616 1872 3664 et
1914 3605 1981 3661 ad
2024 3620 2112 3660 ar-

525 3703 678 3776 genti
731 3704 904 3760 decus
950 3701 1224 3758 accedens
1262 3700 1526 3766 alliciunt,
1585 3701 1661 3755 ita
1708 3699 1807 3754 tibi
1857 3699 1982 3752 vitae
2026 3712 2116 3751 ra-

525 3797 674 3862 dius,
706 3797 837 3851 dum
872 3811 1091 3866 semper
1129 3809 1160 3848 a
1195 3795 1449 3864 rubigine
1488 3792 1848 3864 pecuniarum
1883 3791 2116 3861 diligen-

527 3896 613 3943 ter
648 3895 1010 3959 expurgatur,
1058 3885 1266 3940 clarior
1317 3885 1516 3940 evasit.
1577 3883 1704 3939 llaec
1730 3898 1950 3956 quoque
1998 3882 2114 3937 elo-

527 3980 831 4050 quentibus
861 3992 928 4033 ac
961 3977 1184 4032 dicendi
1222 3975 1484 4031 facultate
1515 3974 1758 4046 praeditis
1793 3975 2112 4044 relinquan-

539 4080 666 4138 tur;
717 4081 773 4127 et
812 4069 960 4142 quod
993 4067 1221 4140 pulchre
1271 4068 1464 4133 calles,
1509 4068 1564 4122 in
1599 4067 1802 4138 quibus
1853 4067 2017 4122 rebus
2045 4082 2112 4122 ex

527 4162 846 4234 sumptione
901 4170 958 4217 et
1005 4159 1372 4232 acceptione,
1433 4174 1597 4232 quam
1648 4174 1716 4214 ex
1775 4158 2112 4214 abstinentia

525 4255 666 4310 lucri
714 4256 842 4326 plus
875 4253 1058 4309 laudis
1107 4267 1172 4309 ac
1203 4252 1390 4325 gloriae
1417 4252 1542 4324 quis
1589 4250 1734 4307 ferre
1781 4251 1981 4322 possit.
2020 4248 2113 4306 Lio

2218 2875 2277 2929 δέ
2305 2877 2356 2930 εί
2388 2875 2578 2947 καὶμὴ
2606 2875 2872 2948 πρότερον
2895 2869 2985 2948 ἦν,
3020 2873 3159 2930 ἀλλά
3188 2873 3283 2928 νῦν
3303 2873 3388 2927 διὰ
3415 2874 3475 2927 σέ
3499 2875 3600 2928 καὶ
3626 2873 3794 2934 πενίας

2219 2966 2445 3040 ἀνθήσει
2468 2968 2652 3036 πόθος,
2683 2969 2773 3022 καὶ
2803 2967 2911 3039 πρὸ
2935 2967 3046 3021 τῶν
3075 2966 3494 3024 πολυταλάντων
3531 2966 3628 3021 τοῦ
3646 2967 3785 3038 Κροί-

2219 3075 2314 3112 σου
2344 3057 2601 3127 πλίνθων,
2636 3059 2670 3130 ή
2717 3057 2786 3130 σὴ
2815 3057 3107 3130 πλινθύτης
3137 3055 3638 3129 μακαρισθήσεται.
3674 3055 3792 3109 Τίνα

2217 3146 2326 3219 γάρ
2354 3145 2691 3220 μακαριστὸν
2729 3146 2904 3213 οὕτως
2930 3145 3179 3213 ἀπέδειξε
3209 3147 3280 3219 γῆ
3312 3164 3372 3200 τε
3409 3145 3506 3200 καὶ
3545 3145 3792 3208 θάλασσα,

2216 3243 2336 3304 ταῖς
2373 3240 2531 3306 ἰδίαις
2563 3241 2800 3313 ἑκατέρα
2837 3239 3120 3314 προσόδοις
3161 3237 3504 3310 δεξιουμένη,
3551 3238 3686 3309 ἢὼς
3713 3236 3792 3290 τὸν

2218 3332 2310 3386 σὺν
2341 3331 2457 3402 βίον
2487 3334 2523 3404 ή
2556 3333 2693 3404 πρὸς
2720 3331 2817 3405 τὴν
2857 3331 3048 3404 ὕλικὴν
3073 3331 3394 3403 περιουσίαν
3423 3329 3790 3390 άποδιάθεσιςς

2229 3425 2315 3490 Ὧς
2364 3424 2474 3497 γὰρ
2519 3427 2567 3479 οἱ
2613 3424 2710 3478 τοῦ
2758 3425 2978 3497 σιδήρου
3016 3424 3109 3478 τὸν
3161 3423 3238 3476 ἰὸν
3276 3421 3624 3487 ἀποξέοντες,
3661 3417 3791 3472 στιλ-

2216 3515 2349 3570 πνὸν
2373 3509 2535 3569 αὐτὸν
2561 3516 2656 3570 καὶ
2679 3515 3009 3588 ἀργυροειδῆ
3035 3513 3496 3586 κατεργάζονται,
3526 3512 3699 3576 οὕτως
3722 3511 3792 3563 σοὶ

2216 3608 2568 3681 φανερωτέρα
2600 3609 2824 3678 γέγονεν
2855 3611 2889 3680 ἡ
2920 3608 3014 3662 τοῦ
3046 3607 3164 3678 βίου
3191 3608 3369 3672 ἀκτὶς,
3403 3607 3494 3660 ἀεὶ
3515 3606 3587 3660 δι’
3616 3607 3787 3675 ἐπιμε·

2213 3699 2361 3764 λείας
2384 3699 2478 3754 τοῦ
2509 3700 2588 3753 ἰοῦ
2612 3699 2720 3753 τῶν
2749 3700 3047 3772 χρημάτων
3075 3699 3468 3770 καθαιρομένη.
3499 3700 3613 3752 Καὶ
3634 3697 3790 3752 ταῦτα

2217 3791 2496 3864 παρείσθω
2519 3794 2633 3857 τοῖς
2657 3793 2830 3846 εἰπεῖν
2861 3792 3202 3864 δυναμένοις,
3228 3793 3323 3846 καὶ
3355 3793 3436 3844 ὅτι
3472 3791 3654 3855 καλῶς
3676 3789 3786 3844 ἐπί-

2217 3898 2412 3934 στασαι
2442 3881 2501 3934 ἐν
2537 3883 2678 3935 τίσιν
2702 3882 2818 3936 ἐστὶ
2855 3878 2915 3936 τὸ
2940 3881 3124 3936 λαϐεῖν
3161 3882 3256 3936 τοῦ
3292 3880 3633 3955 καθαρεῦσαι
3665 3881 3790 3951 λήμ-

2219 3989 2389 4044 ματος
2409 3972 2766 4045 ἐνδοξότερον.
2814 3973 2914 4037 Δὸς
2945 3974 3053 4046 γάρ
3085 3992 3174 4045 μοι
3206 3973 3345 4044 μετά
3384 3975 3698 4045 παρρησίας
3723 3973 3790 4024 εξ-

2214 4067 2359 4127 πεῖν,
2387 4065 2468 4118 ὅτι
2499 4066 2561 4118 ού
2603 4067 2820 4120 πάντων
2849 4067 3125 4138 ὑπερορᾷς
3169 4067 3278 4120 τῶν
3312 4065 3638 4149 λημμάτων,
3686 4063 3789 4118 ἀλλ’

2213 4149 2288 4210 ὧν
2315 4154 2468 4210 οὔπω
2494 4172 2579 4220 τις
2623 4155 2864 4226 ἅψασθαι
2911 4157 3020 4211 τῶν
3069 4156 3451 4229 προλαϐόντων
3497 4157 3787 4228 δεδύνηται,

2217 4247 2377 4320 μόνος
2403 4247 2742 4321 περιεδράξιυ
2777 4247 2939 4320 διπλῇ
2967 4252 3033 4320 τῇ
3063 4250 3227 4322 χειρί.
3267 4249 3414 4302 Ἀντὶ
3442 4249 3554 4320 γάρ
3575 4247 3788 4318 ἐσθῆτός

525 4355 652 4405 eeat
694 4348 842 4404 enim
877 4347 1014 4402 mihi
1047 4360 1174 4402 cum
1215 4346 1362 4402 bona
1399 4347 1557 4402 venia
1588 4353 1684 4400 tua
1726 4343 1934 4412 dicere,
1961 4341 2109 4415 quod

2213 4358 2359 4404 τινος
2383 4341 2417 4412 ἢ
2457 4341 2805 4414 ἀνδραπόδων
2834 4341 2866 4413 ἢ
2896 4343 3211 4414 χρημάτων,
3242 4341 3414 4406 αὐτὰς
3441 4341 3551 4396 τῶν
3589 4338 3788 4412 ἀνθρώ-

526 4451 638 4494 non
667 4439 854 4494 omnia
882 4439 1036 4493 lucra
1063 4438 1303 4509 despicis
1326 4447 1491 4510 atque
1511 4437 1844 4505 contemnis,
1864 4435 1959 4492 sed
1987 4452 2110 4507 quae

525 4542 690 4585 nemo
739 4529 1094 4601 superiorum
1127 4529 1308 4584 adhuc
1353 4530 1622 4603 attingere
1663 4537 1720 4585 et
1762 4529 1984 4600 assequi
2014 4544 2110 4600 po-

523 4619 650 4688 tuit,
683 4635 745 4675 ea
781 4621 1052 4676 ambabus
1074 4608 1332 4678 manibus
1362 4623 1516 4678 solus
1543 4623 1862 4692 complexus
1889 4638 1970 4679 es.
2000 4621 2108 4678 Pro

523 4722 677 4770 veste
727 4714 876 4770 enim
927 4715 1112 4786 aliqua
1166 4714 1436 4786 pretiosa,
1491 4728 1590 4783 pro
1639 4714 1952 4785 mancipiis,
2005 4728 2107 4783 pro

524 4805 776 4874 pecuniis
825 4805 976 4874 ipsas
1017 4805 1302 4860 hominum
1342 4805 1556 4860 animas
1599 4815 1811 4874 captas,
1859 4815 1914 4860 et
1947 4806 2001 4860 in
2030 4807 2108 4862 di-

519 4895 775 4950 ieetionis
808 4895 1069 4950 thesauro
1108 4893 1390 4965 depositas
1420 4903 1592 4948 tenes.
1646 4892 1773 4948 lltec
1805 4893 2105 4963 scriptores

516 4996 575 5042 et
635 4997 908 5054 oratores,
965 4987 1166 5059 quibus
1221 4986 1539 5057 bujusmodi
1592 5001 1682 5040 res
1730 4985 1956 5054 pulchre
2007 4987 2104 5038 de-

515 5079 764 5135 scribere
807 5086 1136 5134 ornamento
1179 5084 1286 5142 est,
1331 5087 1640 5147 exponant;
1685 5087 1873 5130 nostra
1919 5080 2102 5130 autem

516 5171 708 5227 senilis
749 5172 930 5227 oratio
970 5179 1182 5225 tantum
1237 5185 1364 5227 sese
1417 5178 1634 5226 moveat
1679 5177 1736 5224 et
1774 5169 1999 5230 excitet,
2041 5176 2103 5221 ut

519 5263 850 5331 pedetentim
891 5271 1260 5335 persequatur
1287 5277 1317 5316 a
1352 5270 1447 5317 tua
1481 5261 1752 5332 sapientia
1783 5261 1944 5316 nobis
1973 5272 2102 5329 pro-

521 5353 754 5420 positam
790 5357 1174 5424 quazstionem,
1211 5368 1408 5423 nempe
1434 5353 1565 5422 quid
1596 5362 1837 5408 statuere
1870 5359 1924 5406 et
1948 5350 2101 5420 judi-

516 5457 646 5496 eare
677 5452 926 5513 Oporteat
955 5446 1023 5501 de
1054 5447 1122 5502 iis
1154 5447 1247 5516 qui
1280 5453 1605 5515 pra-mature
1635 5445 2008 5515 abripiuntur,
2041 5444 2096 5498 in

517 5532 720 5601 quibus
767 5534 1027 5590 nativitas
1072 5538 1235 5592 morti
1288 5535 1682 5606 propemodum
1718 5535 2095 5605 conjungitur.

519 5624 670 5686 Quas
703 5637 791 5675 res
839 5623 1003 5677 etiam
1053 5628 1275 5696 sapiens
1309 5627 1398 5686 ille
1450 5628 1593 5682 inter
1620 5635 1878 5683 externos
1917 5625 2094 5693 Plato,

519 5728 646 5766 cum
695 5713 867 5765 multa
896 5729 962 5766 ex
996 5731 1228 5784 persona
1261 5719 1400 5788 ejus,
1433 5721 1526 5790 qui
1579 5719 1889 5783 revixisset,
1922 5719 2092 5788 (le-ju-

519 5803 679 5856 diciis
709 5818 828 5871 qua:
858 5803 966 5858 illic
999 5807 1140 5874 apud
1183 5809 1391 5865 inferos
1431 5816 1812 5877 exerceantur,
1853 5811 2087 5881 philoso-

2213 4443 2331 4487 πων
2353 4433 2454 4496 τὰς
2471 4432 2651 4505 ψυχάς
2680 4431 2859 4488 λαϐὼν
2882 4433 3047 4504 ἔχεις,
3074 4433 3152 4504 τῷ
3177 4432 3436 4506 θησαυρῷ
3453 4436 3553 4504 τῆς
3578 4434 3788 4502 ἀγάπης

2211 4523 2628 4595 ἐναποθέμενος.
2666 4524 2854 4580 Ταῦτα
2873 4525 3203 4599 λογογράψοι
3235 4527 3330 4580 καὶ
3351 4527 3606 4594 σοφισταὶ
3638 4522 3788 4588 διεξί-

2209 4633 2413 4680 τωσαν,
2445 4611 2528 4680 οἷς
2563 4616 2766 4686 κόσμος
2796 4616 2978 4680 καλῶς
3018 4616 3087 4670 τὰ
3118 4615 3341 4670 τοιαῦτα
3374 4616 3637 4688 γράφειν’
3681 4615 3709 4667 ό
3735 4606 3786 4665 δέ

2209 4708 2432 4778 γήρειος
2477 4707 2634 4779 ἡμῶν
2679 4707 2868 4776 λόγος,
2919 4709 3174 4762 τοσοῦτον
3215 4707 3406 4761 ἑαυτὸν
3449 4707 3781 4767 ὑποκινείτω,

2207 4799 2330 4852 ὅσον
2365 4799 2531 4872 βάδην
2558 4799 2866 4866 ἐπεξελθεῖν
2897 4800 2974 4872 τῷ
2999 4799 3313 4872 προτεθέντι
3346 4801 3482 4871 ἡμῖν
3518 4797 3668 4870 παρά
3693 4798 3784 4868 τῆς

2209 4891 2308 4962 σῆς
2357 4890 2549 4959 σοφίας
2581 4891 2951 4962 προϐλήματι,
2986 4892 3041 4946 τί
3077 4893 3186 4964 χρὴ
3208 4892 3500 4962 γινώσκειν
3531 4888 3784 4963 περὶτῶν

2207 4982 2314 5054 πρὸ
2339 4981 2487 5052 ὧρας
2520 4982 3008 5054 ἀναρπαζομένων,
3047 4985 3132 5053 ἐφ’
3163 4979 3239 5040 ὧν
3275 4983 3475 5057 μικροῦ
3501 4983 3609 5038 δεῖν
3639 4984 3672 5053 ἡ
3698 4978 3783 5049 γὲ-

2204 5086 2350 5138 νεσις
2393 5074 2472 5146 τῷ
2502 5076 2716 5146 θανάτῳ
2763 5079 3130 5131 συνάπτεται·
3179 5079 3274 5132 καὶ
3315 5079 3344 5132 ὁ
3393 5077 3552 5147 σοφὸς
3588 5077 3645 5128 ἐν
3677 5074 3781 5133 τοϊς

2202 5167 2309 5233 ἔξω
2358 5167 2583 5222 Πλάτων
2636 5170 2836 5234 πολλὰς
2880 5173 2944 5225 ἐκ
3007 5171 3302 5244 προσώπου
3361 5168 3780 5228 ἀναϐεϐιωκύτος

2202 5261 2464 5332 περὶτῶν
2490 5264 2698 5317 ἐκεῖθεν
2739 5264 3106 5337 δικαστηρίων
3137 5265 3526 5337 φιλοσοφήσας,
3573 5261 3780 5332 ἀφῆκεν

2201 5353 2509 5426 ἀπόρρητα,
2540 5354 2616 5419 ὡς
2661 5355 2948 5426 κρείττονα
2993 5355 3123 5411 ὄντα
3167 5355 3389 5428 δηλαδὴ,
3436 5357 3468 5426 ἢ
3504 5353 3644 5407 ὥστε
3680 5347 3779 5404 ὑπὸ

2200 5441 2459 5514 λογισμὸν
2485 5444 2830 5518 ἀνθρώπινον
2868 5444 3065 5501 ἐλθεῖν.
3117 5446 3181 5500 Εἰ
3217 5444 3320 5518 μὲν
3348 5442 3442 5500 οὖν
3467 5463 3517 5498 τι
3546 5440 3777 5496 τοιοῦτον

2199 5535 2259 5589 ἐν
2283 5538 2396 5599 τοῖς
2414 5535 2804 5609 ἐξητασμένοις
2829 5537 3092 5603 mima;
3121 5538 3271 5592 λύειν
3302 5538 3400 5601 τὰς
3424 5535 3517 5592 τοῦ
3546 5530 3777 5606 προϐλή-

2201 5644 2371 5698 ματος
2400 5629 2750 5700 ἀμφιϐολίας,
2777 5630 2904 5702 δέξῃ
2937 5631 3139 5702 δηλαδὴ
3166 5631 3256 5685 τὸν
3284 5631 3574 5704 εὑρεθέντα
3594 5627 3771 5695 λόγον’

2201 5722 2252 5774 εί
2267 5720 2323 5774 δέ
2347 5721 2443 5793 μὴ,
2459 5722 2749 5796 συγγνώσῃ
2770 5725 2990 5788 πάντως
3006 5724 3084 5796 τῷ
3099 5725 3268 5797 γήρᾳ,
3285 5724 3451 5794 μόνην
3470 5722 3566 5792 τήν
3582 5715 3773 5790 προθυο

2201 5815 2330 5884 μίαν
2354 5814 2508 5884 ἡμῶν
2537 5818 2613 5878 εἰς
2643 5817 2704 5870 τὸ
2732 5820 3035 5887 παρασχεῖν
3057 5819 3110 5871 τί
3135 5835 3214 5872 σοι
3236 5819 3344 5869 τιίν
3374 5807 3772 5884 κεχαρισμένων
