3992 6448
306 340 401 398 165
1000 341 1093 396 nc
1148 335 1573 396 INFANTIBUS
1627 334 1749 406 QUI
1788 314 2255 399 manarum;
2302 336 2800 408 ABRIPIU‘NTUR.
3268 395 3271 398 ρ
3474 348 3581 413 ita

307 457 722 528 ἀποδεξάμενος.
753 456 874 513 Καὶ
904 460 1011 531 γὰρ
1032 458 1123 513 τὸν
1142 457 1346 531 Ξέρξην
1368 458 1574 511 ἐκεῖνον
1601 456 1691 510 τὸν
1716 457 1883 510 πᾶσαι

2006 456 2162 528 phieo
2212 475 2362 515 more
2407 460 2785 529 disseruisset,
2828 465 3053 535 reliquit
3092 464 3481 538 inexplicatas,
3519 478 3582 527 ut

312 552 407 622 τὴν
423 554 508 620 ὑφ’
528 551 668 622 ἡλίῳ
692 552 903 624 μικροῦ
920 553 1030 607 δεῖν
1052 554 1112 605 ἓν
1134 550 1490 621 στρατόπεδον
1509 549 1888 619 ποιησάμενον,

2005 564 2120 617 quas
2166 551 2408 620 majores
2451 551 2709 607 videlicet
2747 560 2956 620 essent,
2988 570 3153 625 quam
3188 572 3312 627 quite
3341 560 3448 614 sub
3491 574 3581 614 ra-

316 646 407 697 καὶ
457 645 633 697 πᾶσαν
661 644 848 716 ἐαυτῷ
887 645 1240 714 συγκινοῦντα
1277 643 1379 713 τὴν
1422 640 1765 711 οἰκουμένην,
1805 642 1892 694 ὅτε

2065 640 2407 696 ιοὶηιιιίοιιειιι
2474 650 2528 697 et
2581 642 2954 711 conjecturam
3018 646 3316 702 humanam
3383 651 3582 705 cadere
3634 695 3641 702 .

317 736 455 787 κατά
474 734 579 786 τῶν
605 733 881 805 Ἑλλήνων
908 736 1256 806 ἐστράτευσε,
1272 732 1400 804 μεθ’
1425 732 1618 804 ἡδονῆς
1647 730 1893 796 δέξασθαί

2003 741 2244 802 possent.
2291 732 2349 787 Si
2402 734 2574 804 igitur
2613 735 2822 804 aliquid
2855 736 3080 806 quidem
3113 739 3220 794 tale
3271 751 3356 797 est
3412 742 3468 796 in
3510 743 3579 799 iis

316 841 479 896 φησιν
498 828 529 878 ό
542 824 701 893 λόγος
724 825 956 896 πένητός
976 842 1120 902 τινος
1139 824 1329 896 δῶρον.
1355 823 1542 894 ’Υδωρ
1567 821 1623 875 δὲ
1643 822 1705 875 τὸ
1727 820 1892 886 ξένιον

2004 838 2118 894 qua:
2144 824 2541 894 perpendimus
2573 834 2741 897 atque
2771 828 3003 882 scrutati
3029 844 3244 897 sumus,
3277 834 3428 902 quod
3463 835 3580 888 sol-

313 913 401 987 ἦν,
433 918 529 971 ut
555 917 712 972 τοῦτο
747 917 850 971 οὐκ
879 920 939 972 ἐν
966 900 1194 988 ηράμῳ
1232 917 1554 988 φερόμενον,
1589 910 1705 968 ἀλλ’
1734 914 1792 966 ὲν
1816 911 1889 981 τῷ

2003 923 2084 970 vat
2115 917 2411 987 prepositae
2455 919 2782 988 quaestionis
2828 921 3239 992 ambiguitates,
3282 900 3579 993 amplecte-

313 1008 478 1081 κοίλῳ
506 1011 607 1080 τῆς
635 1010 744 1062 τῶν
765 1007 967 1082 χειρῶν
987 1007 1243 1077 παλάμης
1266 1005 1675 1077 περιεχόμενον.
1706 1001 1889 1067 Οὕτως

2002 1007 2073 1063 ris
2122 1020 2175 1064 et
2226 1010 2596 1079 approbabis,
2630 1011 2897 1067 nimirum
2951 1013 3227 1067 inventam
3267 1013 3578 1070 rationem:

312 1096 405 1153 οὗν
455 1101 551 1155 καὶ
598 1103 665 1154 σὺ
709 1102 850 1155 κατά
906 1101 1005 1172 τὴν
1055 1100 1363 1173 προσοῦσάν
1401 1112 1484 1152 σοι
1525 1096 1888 1169 μεγαλοφυῖαν

2002 1101 2079 1156 sin
2124 1099 2331 1164 minus,
2392 1104 2661 1158 senectuti
2702 1118 2933 1173 prorsus
2967 1104 3244 1174 ignosces,
3296 1105 3578 1176 solamque

314 1191 532 1262 μιμήσῃ
562 1190 777 1254 πάντως
806 1191 1032 1255 ἐκεῖνον,
1059 1182 1104 1259 ᾧ
1125 1187 1298 1261 δῶρον
1327 1188 1544 1257 ἐγένετο
1571 1188 1606 1259 ή
1636 1187 1890 1259 προαίρε-

2002 1193 2161 1249 animi
2192 1193 2367 1249 nostri
2395 1195 2847 1264 propensionem,
2878 1210 2988 1266 qua
3015 1196 3115 1250 tibi
3147 1204 3365 1267 gratum
3398 1196 3578 1252 facere

314 1299 420 1346 σις,
450 1282 608 1353 εἰπερ
636 1280 793 1352 ἡμῶν
821 1280 995 1353 βραχύ
1024 1298 1084 1335 τε
1123 1281 1218 1335 καὶ
1242 1279 1510 1344 ὑδατῶδες
1541 1278 1794 1351 εὑρεθείη
1831 1275 1890 1331 τὸ

2002 1283 2266 1354 cupimus,
2319 1285 2674 1354 approbabis.
2727 1285 2941 1341 Etenim
2983 1286 3219 1342 Xerxem
3263 1288 3445 1354 illum,
3481 1291 3578 1359 qui

309 1373 503 1446 δῶρον.
540 1374 751 1445 Ὥσπερ
782 1373 875 1426 ἐπὶ
912 1372 1019 1427 τῶν
1043 1372 1316 1445 οὐρανίων
1348 1370 1642 1443 θαυμάτων
1660 1372 1764 1443 ὁρᾷ
1792 1370 1885 1441 μὲν

1997 1374 2308 1430 universam
2358 1375 2750 1446 propemodum
2783 1393 2905 1446 quae
2937 1378 3043 1434 sub
3081 1378 3201 1433 sole
3233 1385 3321 1434 est
3366 1386 3573 1434 terram

309 1463 508 1534 ἐπίσης
527 1462 596 1516 τὰ
626 1463 920 1534 φαινόμενα
951 1461 1143 1532 κάλλη,
1174 1460 1279 1516 κᾶν
1308 1463 1759 1533 πεπαιδευμένος,
1786 1462 1885 1517 κᾶν

1999 1480 2105 1522 una
2149 1473 2337 1522 castra
2373 1467 2524 1533 fecit,
2571 1473 2628 1523 et
2676 1482 2895 1523 omnem
2946 1476 3220 1524 terrarum
3256 1470 3448 1524 orbem
3486 1485 3575 1526 se—

319 1552 536 1624 ίδιώτης
565 1552 703 1625 τύχῃ
732 1570 816 1615 τις
840 1550 916 1607 ὢν
949 1553 979 1604 ό
1007 1552 1147 1624 πρὸς
1177 1552 1267 1608 τὸν
1293 1552 1522 1626 οὐρανὸν
1544 1552 1885 1608 ἀναϐλέπων*

1995 1572 2117 1613 cum
2168 1558 2361 1625 movit,
2417 1573 2543 1614 cum
2587 1556 2855 1615 adversus
2897 1558 3120 1615 Graecos
3164 1561 3571 1630 expeditionem

306 1649 594 1700 διανοεῖται
634 1645 691 1698 δὲ
733 1646 803 1699 τά
842 1646 972 1717 περὶ
1019 1645 1198 1700 αὐτῶν
1240 1647 1338 1716 οὐχ
1386 1644 1622 1717 ὁμοίως,
1655 1644 1738 1699 ὅτι
1781 1642 1882 1698 ἀπὸ

1996 1644 2140 1713 fecit,
2174 1654 2324 1703 tenet
2370 1646 2515 1701 fama
2563 1649 2823 1717 pauperis
2859 1649 3151 1719 cujusdam
3199 1664 3405 1705 munus
3449 1665 3572 1704 cum

309 1738 625 1807 φιλοσοφίας
663 1736 982 1809 ὁρμώμενος
1002 1777 1018 1802 ,
1048 1738 1144 1792 καὶ¹
1184 1739 1213 1791 ὁ
1241 1738 1431 1808 μόναις
1451 1739 1574 1802 ταῖς
1602 1737 1885 1808 αἰσθήσεσι

1998 1739 2266 1808 voluptate
2312 1739 2616 1807 accepisse.
2670 1739 2727 1793 Id
2767 1750 2946 1795 autem
2979 1741 3182 1795 donum
3239 1756 3384 1812 aqua
3431 1752 3574 1806 erat,

308 1831 369 1880 τὸ
415 1829 736 1899 φαινόμενον
785 1829 1116 1901 ἐπιτρέπων.
1173 1821 1340 1893 Οὗτος
1393 1828 1491 1900 μὲν
1527 1828 1636 1899 γάρ
1686 1829 1721 1900 ἥ
1770 1831 1884 1892 ταῖς

1999 1841 2163 1898 caque
2196 1842 2306 1881 non
2356 1828 2409 1881 in
2469 1827 2619 1882 fictili
2652 1844 2782 1884 vase
2831 1830 3130 1895 ferebatur,
3178 1831 3275 1887 sed
3330 1832 3387 1886 in
3440 1846 3575 1886 cava

308 1922 523 1973 ἀκτῖσιν
553 1921 742 1992 ἣδεται
784 1921 878 1974 τοῦ
924 1922 1099 1991 ἡλίου,
1138 1922 1174 1995 ἢ
1208 1922 1271 1975 τὸ
1302 1921 1499 1984 κάλλος
1541 1919 1646 1974 τῶν
1673 1920 1884 1990 ἄστρων

2000 1934 2257 1973 manuum
2295 1919 2473 1988 palma
2507 1920 2894 1975 continebatur
2924 1938 2938 1976 :
2971 1922 3054 1977 sic
3088 1936 3219 1993 ergo
3251 1930 3310 1977 tu
3355 1937 3576 1993 quoque

309 2012 585 2082 θαύματος
609 2011 762 2076 ἀξιον
785 2013 978 2084 κρίνει,
1012 2013 1047 2084 ἢ
1069 2013 1160 2067 τὸν
1190 2012 1421 2084 ἀριθμὸν
1454 2010 1548 2065 τοῦ
1579 2009 1884 2081 σεληνιαίου

2002 2025 2094 2081 pro
2122 2024 2209 2077 ea,
2244 2025 2353 2081 qua
2382 2011 2646 2082 praeditus
2674 2026 2735 2067 es
2775 2012 2945 2066 animi
2991 2013 3393 2083 magnitudine,
3418 2030 3578 2085 pror-

307 2103 506 2174 δρόμου
531 2103 623 2155 ἐπὶ
648 2097 742 2155 το’ῡ
778 2102 950 2174 μηνὸς
978 2103 1381 2176 παρετήρησεν.

1995 2116 2084 2158 sus
2106 2101 2259 2157 illum
2292 2101 2620 2164 imitaberis,
2652 2101 2743 2156 cui
2775 2117 2874 2172 pro
2905 2118 3135 2158 munere
3161 2104 3416 2159 voluntas
3443 2104 3571 2172 fuit,

310 2199 356 2254 si
404 2209 656 2254 nostrum
692 2201 896 2255 donum
943 2208 997 2254 ct
1045 2200 1303 2271 exiguum
1341 2205 1395 2253 et
1434 2212 1673 2269 aqueum
1721 2196 1890 2251 fuerit
1949 2196 2256 2253 inventum.
2291 2194 2763 2262 Quemadmodum
2809 2197 2865 2253 iu
2905 2198 3227 2253 caelestibus
3292 2199 3575 2256 miraculis

310 2301 637 2360 apparentes
674 2291 1116 2364 pulchritudines
1153 2307 1219 2348 ex
1249 2304 1406 2361 aequo
1443 2290 1664 2360 quidem
1717 2289 1886 2357 videt,
1963 2289 2078 2346 sive
2109 2288 2384 2353 eruditus,
2418 2290 2534 2346 sive
2564 2290 2722 2345 rudis
2759 2296 2815 2344 et
2843 2289 3014 2344 idiota
3045 2289 3247 2355 fuerit,
3294 2292 3342 2346 is
3372 2293 3465 2362 qui
3518 2294 3575 2349 in

311 2386 513 2440 coelum
562 2387 843 2456 suspicit:
877 2385 973 2442 sed
1015 2386 1170 2439 aliter
1196 2385 1265 2440 de
1294 2385 1405 2441 illis
1447 2384 1726 2455 cogitatis,
1754 2385 1851 2455 qui
1891 2399 1923 2438 a
1953 2382 2299 2453 philosophia
2333 2382 2401 2436 ad
2450 2383 2964 2453 contemplationem
2994 2397 3184 2439 earum
3239 2385 3410 2449 venit,
3468 2386 3573 2441 ali-

311 2485 399 2531 ter
424 2477 554 2532 item
600 2479 650 2534 is
673 2478 764 2548 qui
808 2478 944 2533 solis
979 2478 1237 2534 sensibus
1264 2477 1317 2533 id
1343 2476 1489 2548 quod
1521 2484 1750 2547 apparet
1776 2477 2063 2547 permittit.
2117 2476 2219 2531 llic
2305 2475 2458 2531 enim
2509 2476 2596 2531 vel
2684 2491 2745 2530 ra
2770 2476 2878 2533 diis
2921 2476 3057 2532 solis
3105 2476 3428 2543 delectatur,
3491 2478 3577 2535 vel

314 2568 791 2638 pulchritudinem
824 2568 1065 2624 siderum
1115 2568 1381 2640 miraculo
1410 2568 1631 2638 dignam
1665 2566 1898 2637 judicat,
1922 2566 2010 2623 vel
2043 2580 2332 2622 numerum
2369 2565 2584 2622 lunaris
2610 2580 2812 2621 cursus
2846 2566 2901 2620 in
2934 2581 3123 2623 mense
3150 2566 3431 2627 observat.

391 2664 451 2717 ὐ
480 2665 538 2719 δὲ
567 2664 872 2737 διορατικὺς
912 2665 1013 2737 τὴν
1056 2663 1257 2736 ψυχὴν,
1303 2665 1398 2718 καὶ
1436 2662 1526 2717 διὰ
1554 2662 1890 2727 παιδεύσεως

2066 2664 2138 2718 At
2167 2664 2216 2719 is
2242 2663 2339 2733 qui
2366 2662 2553 2719 animo
2583 2662 2879 2733 perspicax
2909 2672 2964 2720 et
2987 2678 3085 2734 per
3111 2663 3476 2721 eruditionem
3502 2659 3573 2720 ad

306 2754 444 2826 πρὸς
469 2754 570 2823 τὴν
611 2753 935 2825 κατανόησιν
984 2753 1092 2807 τῶν
1138 2752 1405 2825 οὐρανίων
1456 2752 1882 2823 κεκαθαρμένος,

1998 2755 2510 2825 contemplationem
2560 2753 2868 2809 caelestium
2915 2761 3183 2824 purgatura
3230 2765 3286 2811 et
3317 2755 3574 2811 excultus

305 2843 622 2898 καταλιπὼν
646 2844 821 2897 ταῦτα
838 2843 905 2898 δι’
924 2839 998 2899 ὧν
1020 2845 1373 2916 εὐφραίνεται
1401 2842 1511 2897 τῶν
1533 2842 1772 2913 ἀλογωτέ
1782 2860 1881 2914 ρων

1996 2855 2100 2911 est,
2153 2847 2379 2902 omissis
2422 2845 2512 2903 his
2567 2845 2774 2917 quibus
2819 2846 3032 2903 ratione
3078 2847 3262 2902 minus
3301 2847 3572 2901 utentium

304 2936 341 3005 ἠ
368 2934 638 3006 αἴσθησις,
687 2934 825 3006 πρὸς
868 2936 968 3006 τὴν
1008 2936 1101 2991 τοῦ
1145 2931 1345 3000 παντὸς
1373 2933 1639 3007 ἁρμονίαν
1682 2933 1880 3005 βλέπει,

1994 2950 2193 2993 sensus
2221 2934 2547 3001 delectatur,
2578 2949 2761 2990 rerum
2788 2935 3172 2991 universarum
3203 2937 3570 3033 barlmoniam,

305 3027 403 3081 καὶ
431 3028 498 3080 ὲκ
517 3026 617 3098 τῆς
649 3027 934 3096 ἐγκυκλίου
969 3028 1237 3099 κινήσεως
1263 3026 1362 3099 τὴν
1390 3026 1455 3080 ὲκ
1478 3025 1590 3080 τῶν
1628 3024 1881 3079 ἐναντίων

1996 3030 2098 3085 hoc
2125 3037 2210 3085 est
2252 3029 2687 3086 consentientem
2717 3038 2773 3085 et
2807 3030 2966 3099 quasi
3019 3024 3399 3087 concinentem
3436 3046 3572 3086 con-

304 3118 675 3189 εὐαρμοστίαν
697 3119 1002 3183 ἐπισκοπεῖ,
1030 3118 1147 3182 πῶς
1181 3120 1248 3190 τῇ
1276 3116 1505 3177 ἀπλανεῖ
1533 3117 1803 3188 περιφορᾷ
1832 3117 1880 3170 oi

1996 3122 2370 3194 spiratisnem,
2404 3122 2809 3193 copulationem
2845 3130 3010 3194 atque
3040 3124 3572 3194 coagmentationem

303 3210 456 3272 ὲντὺς
485 3209 674 3263 κύκλοι
706 3210 842 3282 πρὸς
868 3210 930 3264 τὸ
967 3210 1201 3282 ἔμπαλιν
1242 3209 1613 3264 ἀνελίσσονται
1633 3225 1648 3240 ·
1679 3208 1796 3272 πῶς
1816 3208 1879 3262 τὰ

1995 3214 2256 3280 intuetur,
2294 3221 2350 3269 et
2381 3229 2447 3270 ex
2482 3214 2742 3269 circulari
2773 3223 2941 3286 atque
2979 3215 3033 3270 in
3069 3217 3257 3273 orbem
3303 3216 3571 3273 redeunte

305 3301 366 3354 ἐν
395 3301 578 3365 αὐτοῖς
608 3300 951 3373 θεωρούμενα
971 3302 1078 3357 τῶν
1105 3302 1322 3374 ἄστρων
1354 3304 1652 3369 πολυειδῶς
1680 3320 1881 3375 σχημα-

2000 3316 2141 3360 motu
2186 3318 2309 3361 eam
2361 3321 2482 3376 quae
2522 3322 2590 3362 ex
2623 3308 2924 3363 contrariis
2975 3307 3054 3376 fit,
3112 3307 3475 3379 aputudincm
3521 3316 3576 3363 et

302 3391 514 3456 τίζεται
539 3394 596 3446 έν
617 3394 1041 3465 προσεγγισμοῖς
1071 3410 1132 3447 τε
1163 3395 1258 3448 καὶ
1276 3397 1631 3464 ἀποστάσεσι,
1649 3397 1743 3450 καὶ⁵
1762 3392 1878 3451 ὑπο

1997 3395 2406 3469 congruentiam
2436 3400 2845 3468 contemplatur
2878 3418 2893 3455 :
2921 3414 3032 3470 quo
3052 3408 3212 3470 pacto
3235 3400 3399 3455 orbes
3432 3401 3573 3455 intc-

303 3483 535 3554 δρομαῖς
559 3500 617 3536 τε
647 3484 738 3537 καὶ
759 3484 1051 3555 ἐκλείψεσι,
1078 3485 1171 3538 καὶ
1192 3486 1310 3548 ταῖς
1334 3486 1427 3540 ἐπὶ
1450 3486 1518 3541 τὰ
1549 3487 1754 3556 πλάγια
1781 3505 1879 3540 πα‹

1997 3488 2166 3543 riores
2206 3487 2550 3543 revolutione
2579 3499 2842 3558 motuque
2884 3489 3184 3554 contrario,
3219 3496 3384 3558 atque
3429 3490 3573 3542 iner-

307 3574 646 3645 ραδρομαῖς,
697 3576 793 3646 τὴν
841 3574 1180 3629 ἀδιάλειπτον
1231 3576 1447 3649 ἐκείνην
1494 3576 1758 3649 ἁρμονίαν
1799 3576 1883 3631 ἀεὶ

1999 3578 2234 3632 rantium
2283 3579 2535 3648 cteloque
2584 3579 2970 3636 inhaerentium
3011 3587 3066 3635 et
3112 3580 3403 3635 infixarum
3441 3580 3575 3636 stel-

306 3668 449 3721 κατά
476 3667 545 3720 τά
585 3667 722 3721 αὐτὰ
760 3668 855 3721 καὶ
890 3667 1150 3733 ὡσαύτως
1195 3669 1619 3742 ἐξεργαζόμενοι,
1653 3665 1734 3735 οἷς
1765 3666 1882 3723 οὐδὲ

1997 3667 2165 3721 larum
2226 3652 2466 3721 ambitus
2519 3668 2810 3734 rotundus,
2865 3677 3016 3723 retro
3074 3675 3365 3723 versentur
3409 3675 3573 3738 atque

303 3759 403 3813 τοῦ
431 3759 766 3831 βραχυτάτου
793 3759 902 3814 τῶν
924 3760 1138 3831 ἄστρων
1167 3762 1200 3833 ἡ
1223 3760 1371 3826 θέσις
1401 3760 1711 3834 ἀθεώρητος
1730 3774 1879 3832 περι-

1999 3745 2285 3827 ferantur;
2330 3759 2611 3828 quomodo
2647 3758 2828 3815 sidera
2858 3776 2980 3831 qua:
3027 3761 3083 3815 in
3117 3761 3184 3814 iis
3215 3759 3575 3829 conspiciun-

306 3853 525 3923 οράται,
558 3851 692 3905 ἀλλά
723 3851 902 3906 πάντα
930 3853 1029 3923 τὴν
1070 3850 1194 3924 ἴσην
1223 3852 1449 3925 παρέχει
1494 3852 1747 3925 φροντίδα
1774 3854 1882 3916 τοϊς

1997 3859 2104 3914 tur,
2140 3850 2558 3906 multiformiter
2586 3849 2909 3922 ﬁgurentur,
2939 3852 3133 3908 tumin
3165 3852 3573 3923 appropinqua-

308 3947 404 4000 διὰ
430 3945 531 4015 τῆς
556 3944 745 4014 σοφίας
777 3945 870 3999 ἐπὶ
896 3947 963 3999 τὰ
985 3945 1097 4000 ἄνω
1123 3946 1217 3999 τὸν
1249 3946 1372 4001 νοῦν
1396 3947 1757 4017 μετοικίσασι.
1781 3944 1884 3999 Τὸν

1999 3944 2258 4007 tionibus,
2299 3944 2641 4008 accessibus,
2676 3946 3152 4016 congressibusve,
3184 3952 3300 3999 tum
3340 3945 3575 4002 recessi-

306 4036 475 4091 αὐτὸν
508 4036 709 4106 τρόπον
740 4036 834 4090 καὶ
869 4037 955 4104 σὺ,
995 4031 1040 4092 ὧ
1085 4036 1245 4110 τιμία
1294 4054 1384 4109 μοι
1418 4038 1647 4110 κεφαλὴ,
1691 4037 1790 4111 τὴν
1827 4036 1882 4090 ἐν

1996 4034 2119 4098 bus,
2143 4034 2503 4105 digressibus,
2534 4035 2836 4104 distantiis,
2884 4036 3412 4106 elongationibusve,
3456 4043 3572 4090 tum

303 4129 423 4192 τοῖς
451 4122 570 4180 οὖσι
596 4126 690 4180 τοῦ
724 4126 859 4181 Θεοῦ
896 4127 1209 4199 οἰκονομίαν
1250 4124 1482 4197 βλέπων,
1516 4128 1674 4198 ἀφεὶς
1704 4128 1879 4182 ἐκεῖνα

1997 4126 2434 4197 subiectionibus
2471 4134 2637 4199 atque
2669 4126 2997 4193 defectibus,
3027 4136 3082 4185 et
3121 4128 3362 4198 obliquis
3395 4138 3573 4181 trans-

307 4218 441 4289 περὶ
466 4217 503 4272 ἀ
528 4215 636 4271 τῶν
670 4217 876 4271 πολλῶν
905 4216 1130 4289 ἄσχολός
1157 4219 1304 4274 ἐστιν
1325 4221 1359 4289 ἠ
1383 4219 1590 4273 διάνοια
1624 4218 1883 4291 (πλοῦτον

1993 4218 2253 4274 cursibus
2317 4215 2746 4285 indelicientem,
2810 4217 3237 4283 indesinentem,
3293 4218 3569 4279 stabilem,

312 4310 462 4379 λέγω
483 4308 573 4363 καὶ
592 4309 778 4379 τύφον,
807 4310 900 4364 καὶ
923 4309 1081 4382 δόξης
1107 4310 1404 4381 ἐπιθυμίαν
1428 4310 1610 4382 κενῆς,
1637 4311 1781 4381 ἀπερ
1801 4311 1888 4366 ἀν-

1997 4315 2423 4378 perpetuamque
2460 4306 2616 4362 illam
2645 4306 3098 4364 concordantiam
3143 4316 3199 4363 et
3227 4307 3573 4361 harmoniam

307 4418 505 4473 τικρυς
530 4402 765 4457 ἀκτίνων
796 4402 952 4475 δίκην
989 4402 1500 4475 περιαστράπτοντα
1526 4403 1654 4467 τοὺς
1679 4402 1883 4472 ἀλογω-

1999 4415 2207 4473 semper
2231 4399 2519 4472 aequaliter
2548 4405 2604 4456 et
2630 4399 2820 4455 eodem
2856 4398 3021 4455 modo
3050 4398 3360 4463 elﬁcientia,
3385 4413 3416 4453 a
3453 4399 3575 4468 qui-

307 4492 504 4565 τέρους
516 4494 835 4566 ἐκπλήττειν
849 4493 1083 4560 εἴωθεν),
1095 4493 1215 4548 οὐδὲ
1226 4495 1295 4550 τά
1311 4493 1568 4550 δοκοῦντα
1591 4494 1883 4568 μικρότερα

1999 4494 2092 4549 bus
2120 4509 2192 4550 ne
2220 4492 2437 4548 minimi
2461 4491 2682 4563 quidem
2720 4490 2920 4548 sideris
2951 4492 3094 4547 situs
3114 4507 3276 4563 quem
3300 4506 3412 4545 non
3440 4505 3575 4544 con—

307 4582 423 4636 τῶν
451 4584 509 4639 ἐν
542 4587 653 4649 τοῖς
685 4579 804 4639 οὖσι
837 4583 1225 4656 θεωρουμένων
1274 4584 1604 4650 ἀνεξέταστα
1632 4584 1883 4639 καταλεί-

2001 4584 2283 4656 templetur
2329 4583 2791 4654 praetermittitur,
2848 4583 2945 4639 sed
2996 4583 3183 4638 omnia
3233 4598 3420 4653 parem
3476 4597 3577 4635 cua

308 4690 456 4741 πεις,
473 4676 772 4749 ἀνερευνῶν
785 4694 843 4732 τε
864 4678 956 4732 καὶ
975 4676 1434 4749 διασκοπούμενος
1453 4677 1554 4749 τὴν
1569 4676 1884 4748 ἀνωμαλίαν

1998 4689 2105 4731 ram
2159 4676 2406 4747 praebent
2471 4675 2542 4731 iis
2585 4675 2681 4747 qui
2737 4690 2837 4748 per
2874 4675 3203 4747 sapientiam
3254 4675 3322 4729 ad
3375 4690 3574 4744 supera

311 4767 411 4838 τῆς
440 4768 786 4841 ἀνθρωπίνης
832 4768 979 4841 ζωῆς
998 4783 1014 4799 ⁸
1048 4768 1109 4824 οὐ
1144 4769 1304 4842 μόνον
1329 4768 1429 4840 τὴν
1471 4767 1613 4822 κατά
1656 4767 1887 4823 πλοῦτον

1998 4775 2231 4823 mentem
2279 4766 2646 4823 traduxerunt
2689 4785 2704 4824 :
2740 4766 2931 4822 eodem
2987 4766 3152 4821 modo
3198 4774 3256 4820 tu
3317 4780 3574 4835 quoque,

312 4860 409 4913 καὶ
437 4860 625 4915 πενίαν
649 4859 1095 4933 θεωρουμένην,ἢ
1116 4860 1216 4924 τάς
1236 4859 1378 4915 κατὰ
1395 4858 1466 4913 τὰ
1483 4858 1768 4931 ἀξιώματα
1793 4860 1887 4913 καὶ

1999 4870 2026 4913 ο
2050 4856 2281 4913 charum
2314 4855 2450 4912 mihi
2491 4864 2805 4928 eaput,cum
2836 4853 3366 4910 administrationem
3397 4853 3488 4909 Dei
3517 4855 3575 4909 in

308 4950 381 5004 τά
401 4951 535 5022 γένη
562 4951 824 5024 διαφορὰς
844 4956 862 5020 (
880 4946 1028 5018 οἶδας
1048 4951 1158 5026 γὰρ
1180 4950 1294 5007 ἀντ’
1308 4949 1522 5015 οὐδενὸς
1548 4944 1687 5004 εἶναι
1708 4949 1884 5004 ταῦτα

2002 4946 2157 5005 rebus
2193 4946 2470 5005 universis
2506 4947 2826 5017 consideras
2886 4946 3112 5003 omissis
3150 4946 3260 5002 illis
3281 4945 3427 5001 circa
3452 4956 3578 5015 qua:r

309 5038 396 5107 οἷς
425 5041 490 5097 τὸ
519 5038 659 5099 εἶναι
687 5045 748 5098 οὐ
770 5043 893 5097 καθ’
921 5044 1220 5098 ὑπόστασιν
1246 5042 1454 5097 οίκείαν
1485 5043 1653 5111 ἐστὶν,
1679 5034 1795 5096 ἀλλ’
1827 5041 1885 5095 ἐν

1996 5039 2139 5111 vulgi
2167 5054 2324 5095 mens
2357 5048 2625 5108 occupata
2645 5048 2730 5094 est
2751 5036 2840 5109 (de
2872 5037 3078 5093 divitiis
3099 5037 3313 5107 loquor.
3349 5044 3403 5090 et
3434 5034 3572 5090 delia

308 5136 380 5204 τῇ
417 5134 619 5206 ματαίᾳ
646 5133 907 5206 ὑπολήψει
933 5134 1043 5189 τῶν
1075 5136 1188 5198 τοῖς
1228 5133 1303 5206 μὴ
1324 5127 1475 5188 οὖσιν
1501 5134 1579 5198 ῶς
1610 5133 1884 5205 ὑφεστῶσι

1997 5132 2119 5195 tiis,
2158 5138 2215 5187 et
2248 5146 2404 5187 vanas
2432 5130 2621 5203 gloriae
2656 5130 2980 5201 cupiditate,
3015 5144 3139 5201 quae
3175 5145 3265 5186 res
3298 5128 3456 5198 plane
3482 5144 3573 5183 ra-

311 5226 766 5298 προσκεχηνότων
789 5243 803 5255 ·
835 5227 886 5280 εί
928 5222 1023 5281 οὖν
1056 5244 1143 5290 τις
1173 5225 1423 5297 ἀφέλοιτο
1448 5225 1543 5279 τοῦ
1570 5225 1887 5298 λαμπρυνοο

2000 5221 2211 5278 diorum
2234 5221 2293 5275 in
2314 5220 2537 5276 modum
2564 5221 2721 5292 quasi
2746 5219 2961 5295 fulgure
2994 5218 3436 5292 prtestriugentes
3475 5225 3576 5274 eos

316 5317 482 5388 μένου
525 5319 594 5389 τῇ
621 5317 750 5393 δόξῃ
778 5316 889 5371 τῶν
915 5319 993 5382 εἰς
1035 5317 1178 5372 αὐτά
1206 5315 1508 5389 βλεπόντων
1539 5315 1638 5389 τὴν
1666 5315 1888 5389 μύησιν,

2020 5311 2089 5383 ιιιί
2109 5312 2321 5368 ratione
2344 5312 2525 5369 minus
2549 5321 2800 5378 utuntur,
2816 5311 3250 5384 obstupefacere,
3271 5321 3433 5382 atque
3453 5304 3596 5381 ρει·-⁴

312 5409 467 5464 οὺδδν
488 5409 943 5480 ὐπολειφθήσεται
961 5410 1040 5481 τῷ
1065 5407 1552 5480 μεγαλοφρονοῦντι
1575 5408 1667 5462 ἐπὶ
1685 5406 1764 5479 τῷ
1782 5407 1888 5462 δια·

2003 5403 2206 5465 eulsos,
2258 5401 2520 5458 attonitos
2548 5408 2604 5458 et
2655 5407 3040 5458 consternatos
3093 5397 3322 5455 reddere
3352 5396 3579 5469 solent),

312 5499 461 5571 κένῳ
502 5500 812 5574 φυσήματι,
859 5499 962 5556 κᾶν
1007 5503 1159 5555 πᾶσα
1206 5500 1503 5572 χρημάτων
1554 5501 1589 5571 ἡ
1627 5497 1727 5571 ῦλη
1756 5498 1888 5570 παρ’

2003 5509 2101 5551 nec
2126 5508 2190 5550 ea
2234 5493 2479 5565 quidem,
2527 5507 2651 5564 quae
2678 5492 2906 5547 minima
2952 5491 3233 5560 videntur,
3262 5506 3329 5548 ex
3361 5491 3429 5548 iis
3454 5500 3579 5562 quae

313 5590 466 5663 αὐτῷ
490 5592 955 5665 κατορωρυγμένη
983 5591 1183 5665 τύχῃ),
1213 5591 1354 5648 ἀλλά
1381 5608 1463 5645 σοι
1490 5589 1579 5645 διά
1609 5590 1889 5662 φροντίδος

2003 5587 2055 5642 in
2081 5585 2251 5642 rebus
2298 5584 2572 5642 universis
2600 5582 3041 5647 considerantur,
3074 5583 3365 5639 inexcussa
3408 5584 3579 5639 relin-

313 5684 431 5737 ἐστι
449 5684 648 5753 γνῶναι
675 5684 751 5738 τά
773 5700 835 5737 τι
874 5683 1007 5738 ἀλλα
1046 5685 1146 5756 τῆς
1175 5683 1325 5749 θείας
1356 5681 1665 5754 οἰκονομίας
1698 5684 1834 5754 πρὸς
1862 5683 1889 5735 δ

2002 5677 2147 5747 quis,
2180 5676 2563 5739 considerans,
2598 5673 2899 5745 dispiciens
2920 5681 2974 5730 et
3005 5682 3265 5732 scrutaris
3294 5673 3578 5745 inrequalia

313 5789 365 5827 τι
396 5774 505 5830 τῶν
523 5774 831 5846 γινομένων
856 5772 1089 5827 ικαστον
1113 5773 1318 5844 βλέπει,
1345 5774 1440 5828 καὶ
1462 5774 1605 5836 τίνος
1632 5770 1791 5843 χάριν
1812 5770 1889 5841 τῷ

2003 5777 2167 5826 tatem
2194 5769 2447 5825 humana:
2481 5769 2605 5823 vita:
2631 5782 2643 5820 :
2665 5781 2775 5821 non
2815 5778 2936 5822 eam
2969 5759 3258 5833 duntaxat,
3281 5781 3402 5840 quis
3427 5766 3579 5821 circa
