4106 6430
502 406 508 410 .
598 347 698 404 ίδἸ

1842 338 1902 393 s.
1946 308 2611 399 enecenu'mssm

3765 324 3858 390 ΜΒ

594 462 817 519 divitias
844 469 900 518 et
933 466 1317 532 paupertatem
1348 457 1761 525 consideratur,
1791 458 1879 514 vel
1936 458 2181 527 dignita-

2293 456 2389 527 μὲν
2416 457 2498 521 εἰς
2525 455 2705 527 γῆρας
2732 452 2946 529 μακρὸν
2978 454 3365 525 παρατείνεται
3398 452 3432 524 ἡ
3466 449 3597 523 ζωὴ,
3627 450 3657 505 ὁ
3693 450 3751 504 δὲ
3774 468 3860 505 τοο

595 562 713 608 tum
743 560 800 608 et
830 567 1098 621 generum
1145 549 1486 607 diﬂ'erentias
1516 548 1687 619 (nosti
1729 548 1877 603 enim
1934 547 2050 603 haec
2080 560 2184 617 pro

590 645 767 700 nihilo
790 658 937 711 esse,
960 642 1165 714 quibus
1195 643 1442 699 essentia
1467 655 1581 696 non
1610 650 1695 697 est
1725 639 2028 697 secundum
2059 651 2185 709 pro-

590 737 766 805 priam
789 735 1236 802 subsistentiam,
1273 733 1373 791 sed
1432 733 1490 789 in
1525 747 1668 788 vana
1700 733 1961 803 Opinione
1992 743 2183 786 eorum

587 829 685 899 qui
717 828 883 885 rebus
907 842 1019 883 non
1032 827 1276 894 entibus,
1297 828 1456 898 quasi
1476 824 1914 883 subsistentibus
1932 821 2179 877 inhiant:

591 936 719 977 nam
753 923 801 979 si
828 922 959 992 quis
987 921 1199 977 adimat
1224 922 1276 977 ei
1304 921 1405 992 qui
1429 920 1619 992 gloriae
1639 915 1935 990 splendore
1960 914 2185 971 inﬂatus

589 1022 698 1079 est,
745 1015 1062 1084 opinionem
1115 1023 1171 1070 et
1203 1012 1667 1068 existimationem
1708 1023 1902 1065 eorum
1953 1009 2048 1078 qui
2083 1006 2185 1062 bas

593 1121 684 1162 res
716 1107 917 1161 intueri
954 1106 1159 1171 solent,
1184 1104 1323 1159 nihil
1369 1103 1720 1172 relinquetur
1748 1099 1799 1156 ei
1831 1084 2185 1171 qui'magnos

591 1197 698 1254 sibi
719 1198 791 1253 ob
822 1214 911 1253 res
940 1212 1109 1252 vanas
1141 1196 1373 1265 spiritus
1413 1195 1604 1259 sumit,
1633 1203 1688 1249 et
1717 1193 1900 1263 inepte
1963 1191 2185 1247 inllatus

586 1299 711 1357 est,
778 1292 993 1347 etiamsi
1061 1290 1145 1352 vel
1211 1288 1471 1345 universa
1531 1287 1892 1357 pecuniarum
1956 1286 2185 1341 materia

588 1398 758 1453 penes
827 1397 953 1438 eum
1045 1380 1266 1437 defossa
1339 1380 1467 1452 sit).
1535 1378 1643 1434 Sed
1729 1378 1829 1433 tibi
1886 1391 2037 1432 cura:
2099 1383 2187 1432 est

584 1475 754 1542 scire,
789 1491 915 1533 cum
985 1476 1204 1546 reliqua
1236 1473 1437 1529 divinae
1483 1471 2023 1535 administrationis:
2073 1484 2187 1540 quo

588 1567 836 1640 quidque
860 1577 1070 1639 spectet
1094 1582 1287 1625 eorum
1314 1580 1436 1638 quae
1465 1566 1623 1630 llunt,
1645 1574 1761 1619 tum
1787 1577 1894 1633 qua
1922 1563 1991 1620 de
2016 1574 2185 1617 causa

589 1665 684 1721 alii
707 1664 929 1735 quidem
954 1662 1009 1717 in
1037 1662 1255 1732 longam
1308 1666 1645 1716 senectutem
1677 1657 1786 1712 vita
1839 1662 2184 1727 prorogetur,

589 1755 732 1810 alius
752 1769 883 1810 vero
918 1754 1198 1823 ,hacteuus
1235 1752 1364 1807 vita:
1426 1751 1703 1822 particeps
1756 1753 1848 1813 sit,
1915 1755 2186 1819 quatenus

2288 549 2478 605 σοῦτον
2511 548 2728 620 μετέχει
2758 546 2853 601 τοῦ
2884 546 3005 619 ζῇν,
3047 547 3174 601 ὅσον
3205 545 3277 599 δι’
3309 543 3586 614 ἀναπνοῆς
3613 542 3707 597 τὸν
3734 544 3865 615 ἀέρα

2287 642 2517 707 σπᾶσαι,
2546 639 2644 695 καὶ
2674 638 2838 705 εὐθὺς
2873 637 3175 710 καταλῆξαι
3197 638 3289 693 τὸν
3325 637 3461 709 βίον.
3491 637 3555 689 Ei
3586 635 3695 706 γὰρ
3722 636 3866 691 οὐδὲν

2286 718 2572 789 ἀθεεὶτῶν
2598 734 2659 789 ὲν
2686 732 3036 805 κόσμῳιστι,
3063 731 3242 786 πάντα
3266 730 3322 784 δι
3342 729 3441 798 τῆς
3470 728 3620 791 θείας
3644 726 3866 796 ἐξῆπται

2288 828 2617 901 βουλήσεως,
2643 826 2807 897 σοφὸν
2843 825 2903 880 δὲ
2935 823 3032 880 καὶ
3062 821 3419 896 προνοητικὸν
3444 820 3509 876 τὸ
3540 821 3705 886 Θεῖον,
3737 821 3869 874 πάν-

2285 936 2395 985 τως
2420 937 2509 985 τις
2555 920 2742 975 ἔπεστι
2774 919 2870 973 καὶ
2917 916 3131 981 τούτοις
3159 916 3337 987 λόγος,
3375 915 3476 987 τῆς
3523 914 3713 984 σοφίας
3757 913 3869 984 ἅμα

2284 1012 2380 1067 τοῦ
2411 1011 2548 1067 Θεοῦ
2591 1012 2689 1066 καὶ
2712 1010 2815 1083 τῆς
2864 1010 3231 1082 προνοητικῆς
3280 1007 3594 1080 ἐπιμελείας
3631 1007 3702 1061 τὰ
3733 1024 3863 1075 γνω-

2293 1106 2536 1178 ρίσματα
2560 1104 2763 1177 φέρων.
2778 1101 2853 1157 Τδ
2872 1101 2983 1174 γὰρ
3003 1102 3128 1175 εικῆ
3142 1119 3202 1156 τε
3220 1102 3316 1156 καὶ
3331 1100 3543 1171 ἀλόγως
3570 1097 3726 1171 γινῦμ
3736 1106 3864 1162 ενον,

2285 1197 2385 1252 οὐκ
2415 1196 2665 1267 ἄνεργον
2697 1192 2784 1264 εἴη
2816 1192 2974 1247 Θεοῦ.
3000 1190 3137 1247 Θεοῦ
3168 1191 3279 1263 γὰρ
3322 1192 3475 1255 ῐδιον,
3502 1188 3686 1254 καθώς
3710 1204 3865 1259 φησιν

2286 1288 2320 1363 ἠ
2355 1288 2569 1362 Γραφὴ,
2599 1285 2662 1342 τδ
2687 1286 2868 1341 πάντα
2894 1284 2952 1338 ἐν
2984 1285 3149 1356 σοφίᾳ
3176 1286 3370 1339 ποιεῖν.
3406 1282 3473 1338 Τί
3505 1278 3600 1337 οὖν
3625 1281 3688 1336 τὸ
3713 1279 3865 1352 σοφὸν

2287 1382 2345 1435 ὲν
2391 1379 2627 1451 ἑκείνῳς
2677 1379 2931 1451 Παρῆλθε
2964 1377 3052 1448 διὰ
3092 1378 3402 1448 γεννήσεως
3445 1364 3529 1439 είς
3568 1374 3662 1429 τὸν
3707 1373 3817 1444 βίον
3841 1374 3867 1425 ὀ

2287 1473 2597 1544 ἄνθρωπος,
2647 1471 2854 1527 ἔσπασε
2894 1468 2985 1526 τὸν
3022 1471 3199 1543 ἀέρα,
3253 1467 3364 1524 ἀπὺ
3398 1467 3648 1540 οἰμωγῆς
3681 1465 3742 1520 τὺ
3776 1464 3866 1537 ζῇν

2288 1566 2513 1639 ἤρξατο,
2541 1568 2926 1641 ἐλειτούργησε
2952 1570 3019 1641 τῇ
3044 1568 3205 1638 φύσει
3230 1564 3293 1621 τὸ
3316 1550 3572 1637 δάκρυον,
3595 1562 3867 1634 ἁπήρξατο

2287 1654 2367 1728 τῷ
2394 1657 2495 1730 βίῳ
2520 1657 2628 1712 τῶν
2663 1658 2898 1732 θρήνων,
2939 1658 3069 1730 πρίν
3094 1666 3240 1720 τινος
3268 1656 3560 1727 μετασχεῖν
3600 1653 3710 1707 τῶν
3736 1651 3864 1706 κατὰ

2288 1750 2379 1804 τὸν
2422 1749 2535 1822 βίον
2566 1751 2761 1823 ἡδέων,
2806 1751 2937 1823 πρὶν
2984 1749 3289 1821 τονωθῆναι
3332 1747 3432 1819 τὴν
3475 1743 3750 1816 αἴσθησιν,
3796 1743 3867 1796 ἔτι

589 1856 690 1915 per
735 1816 1155 1914 respirationem
1193 1856 1376 1897 aerem
1414 1806 1681 1905 hauriatl,
1710 1846 1767 1895 et
1814 1806 2068 1910 protinus
2100 1836 2185 1892 vi-

2293 1806 2867 1913 keluitévo;.rdic'vtbv
2902 1841 3081 1916 μελῶν
3115 1806 3425 1913 ἁρμονίαις,
3453 1806 3664 1903 ἁπαλός
3693 1806 3751 1889 τε
3782 1835 3867 1889 καὶ

586 1946 700 1993 tam
731 1937 903 1992 liniat.
933 1934 1069 1991 Nam
1092 1935 1139 1991 si
1166 1933 1306 1989 nihil
1335 1945 1527 1989 eorum
1553 1945 1676 2003 quae
1705 1930 1759 1985 in
1792 1929 1999 1985 mundo
2031 1935 2185 1996 sunt,

586 2047 699 2087 non
730 2046 763 2085 a
794 2029 905 2086 Deo
928 2039 1032 2091 est,
1063 2025 1160 2084 sed
1193 2025 1380 2081 omnia
1415 2037 1447 2079 a
1477 2024 1665 2080 divina
1710 2022 1992 2079 voluntate
2047 2030 2186 2091 pen-

585 2124 741 2192 dent,
782 2136 848 2177 ac
893 2120 1161 2191 sapientia
1198 2114 1865 2191 providendiquevirtute
1895 2112 2185 2187 praeditum

587 2230 795 2273 numen
826 2213 1078 2271 divinum
1103 2218 1212 2274 est.
1238 2224 1469 2283 prorsus
1498 2208 1667 2267 etiam
1699 2208 1790 2265 bis
1829 2207 2016 2278 aliqua
2044 2206 2189 2263 ratio

587 2301 803 2368 subest,
836 2315 959 2373 qtue
992 2299 1281 2373 sapientiae
1304 2295 1401 2356 Del
1433 2297 1598 2354 simul
1629 2303 1686 2354 et
1711 2298 1835 2368 ejus
1877 2310 2046 2362 curat,
2081 2306 2188 2368 qua

587 2394 927 2466 prospicitur
964 2406 1031 2448 ac
1061 2391 1385 2462 providetur
1416 2391 1588 2447 rebus
1608 2389 1887 2446 universis
1909 2428 1923 2452 ,
1949 2388 2188 2461 insignia

589 2487 750 2543 ferat.
786 2484 945 2552 Quod
972 2484 1119 2540 enim
1178 2492 1385 2539 temere
1406 2496 1472 2538 ac
1511 2484 1634 2540 sine
1687 2481 1905 2538 ratione
1929 2480 2013 2545 lit.
2047 2496 2189 2552 opus

589 2578 689 2635 Dei
720 2592 831 2633 non
862 2575 1049 2633 fuerit.
1077 2574 1172 2631 Dei
1202 2585 1444 2646 namque
1469 2573 1750 2647 proprium
1780 2581 1889 2641 est,
1923 2576 2189 2646 quemad-

588 2669 813 2728 modum
862 2666 1045 2740 inquit
1101 2665 1413 2739 Scriptura,
1477 2665 1666 2721 omnia
1724 2674 1854 2721 cum
1915 2664 2188 2737 sapientia

587 2763 793 2819 facere.
832 2759 995 2829 Quod
1043 2758 1216 2832 igitur
1243 2758 1524 2831 sapienter
1567 2758 1778 2814 factum
1810 2758 1868 2814 in
1895 2756 2190 2815 illoiPro-

587 2854 694 2911 diit
725 2855 893 2911 homo
922 2867 1022 2924 per
1054 2850 1399 2908 nativitatem
1438 2850 1497 2905 in
1528 2850 1733 2919 vitam;
1773 2850 1959 2909 hausit
1984 2868 2187 2920 aerem,

588 2964 621 3006 a
642 2949 849 3020 gemitu
875 2948 1042 3002 vitam
1073 2945 1375 3012 inchoavit,
1411 2943 1688 3016 lacrymas
1709 2952 1923 3001 natura
1946 2946 2191 3004 muneris

587 3042 712 3098 vice
767 3038 1064 3112 impendit,
1125 3037 1403 3110 primitias
1429 3037 1557 3092 vitae
1605 3035 1771 3095 solvit
1823 3044 1879 3093 et
1927 3038 2193 3096 libamina

2289 1935 2703 2007 διακεχυμένος,
2743 1936 2840 1991 καὶ
2881 1930 3271 2009 ἁδιάρθρωτος,
3313 1933 3408 1987 καὶ
3442 1931 3503 1986 τὸ
3526 1931 3649 1987 ὅλον
3685 1930 3866 1991 εἰπεῖν,

2291 2030 2424 2103 πρὶν
2466 2027 2719 2098 γενέσθαι
2751 2028 3037 2102 ἅνθρωπος
3094 2026 3293 2098 (εἰπερ
3335 2022 3628 2098 ἀνθρώπου
3671 2023 3796 2076 ῐδιον
3837 2021 3868 2090 ὴ

2290 2119 2483 2193 λογικὴ
2522 2119 2682 2194 χάρις
2728 2119 2910 2175 ἐστίν·
2959 2110 3088 2174 δ’δὲ
3118 2118 3273 2174 οὔπω
3309 2119 3369 2173 ὲν
3398 2116 3579 2188 ἑαυτῷ
3607 2117 3703 2171 τὸν
3723 2113 3868 2185 λὸγον

2292 2211 2621 2285 ἐχώρησεν),
2646 2205 2802 2277 οὗτος
2831 2212 2862 2266 δ
2896 2211 3063 2286 μηδὲν
3093 2210 3254 2267 πλέον
3281 2208 3443 2282 ἔχων,
3469 2207 3566 2263 τοῦ
3592 2208 3653 2263 ὲν
3678 2209 3744 2279 τῇ
3776 2212 3870 2279 μή·

2293 2303 2447 2377 τρώᾳ
2470 2303 2624 2376 νηδΰι
2650 2302 3031 2375 συνεχομένου,
3065 2301 3205 2376 πλὴν
3229 2303 3290 2357 τὸ
3337 2304 3396 2357 ἐν
3444 2300 3568 2366 ἀέρι
3605 2298 3869 2371 γενέσθαι,

2293 2396 2354 2451 ἑν
2382 2396 2558 2468 τούτῳ
2588 2395 2690 2467 τῆς
2719 2395 2937 2467 ἡλικίας
2968 2394 3066 2462 ὢν,
3108 2393 3198 2449 διὰ
3232 2393 3462 2466 θανάτου
3489 2392 3699 2459 λύεται,
3728 2391 3869 2463 ﬁta-

2293 2483 2493 2552 τεθεὶς,
2525 2485 2559 2557 ἢ
2590 2486 2970 2555 καταπνιγεὶς,
3005 2486 3039 2558 ἢ
3080 2484 3226 2540 κατὰ
3258 2485 3320 2539 τὸ
3351 2480 3661 2556 αὐτόματον
3695 2475 3759 2537 δι’
3782 2483 3872 2555 άρ-

2296 2576 2532 2648 ρωστίας
2577 2575 2671 2631 τοῦ
2705 2569 2808 2649 ζῇν
2855 2576 3239 2647 παυσάμενος,
3294 2574 3347 2629 τί
3397 2574 3505 2648 χρὴ
3556 2574 3690 2647 περὶ
3721 2572 3871 2628 αὐτοῦ

2294 2667 2498 2723 ἐννοεῖν
2522 2685 2537 2734 ;
2571 2667 2700 2733 Ιὶῶς
2726 2668 2858 2741 περὶ
2890 2668 2998 2724 τῶν
3024 2667 3167 2724 οὕτω
3211 2666 3681 2737 τετελευτηκότων
3704 2666 3871 2738 ἔχεως

2296 2762 2528 2834 Ὅψεται
2556 2757 2666 2834 ἆρα
2686 2761 2918 2833 κάκείνη
2939 2762 2972 2834 ἡ
2993 2759 3140 2833 ψυχὴ
3170 2761 3262 2817 τὸν
3288 2760 3504 2833 κριτὴν,
3533 2759 3873 2832 παραστήσε-

2296 2871 2388 2909 ται
2425 2853 2566 2925 μετὰ
2589 2852 2699 2908 τῶν
2728 2853 2903 2911 ἄλλων
2930 2853 3009 2925 τῷ
3049 2853 3277 2926 βήματι,
3326 2852 3514 2923 ὑφέξει
3538 2852 3652 2909 τῶν
3693 2852 3871 2924 βεϐιω-

2301 2944 2479 3017 μένων
2503 2944 2603 3019 τὴν
2633 2945 2835 3017 κρίσιν,
2867 2945 3101 3017 λήψεται
3136 2945 3236 3018 τὴν
3256 2934 3382 2999 κατ’
3407 2944 3565 3010 ἀξίαν
3598 2945 3871 3008 ἀντίδοσιν,

2296 3036 2333 3109 ἢ
2362 3035 2495 3107 πυρὶ
2524 3035 2931 3109 καθαιρουμένη
2964 3034 3107 3091 κατὰ
3138 3036 3238 3101 τὰς
3274 3035 3370 3090 τοῦ
3407 3036 3745 3105 Εὐαγγελίου
3772 3042 3873 3106 φῶς

591 3133 801 3191 fecitde
825 3132 1315 3204 ﬂetu,priusquam
1346 3128 1583 3201 alicujus
1602 3129 1681 3186 rei
1712 3130 1767 3187 in
1795 3132 1907 3187 vita
1931 3131 2189 3203 jucunda:

2295 3130 2414 3195 νὰς,
2449 3129 2484 3202 ἢ
2508 3133 2575 3202 τῇ
2599 3126 2776 3202 δρόσῳ
2808 3130 2908 3201 τῆς
2932 3129 3184 3199 εὐλογίας
3210 3116 3662 3202 ἐναποψύχουσα;

590 3227 877 3300 particeps
903 3226 1124 3292 fuisset,
1163 3225 1486 3298 priusquam
1526 3224 1785 3283 sensibus
1815 3236 2099 3299 vegetatus
2130 3238 2185 3286 et
2221 3230 2474 3285 ﬁrmatus
2503 3234 2653 3283 esset
2689 3245 2703 3281 :
2739 3226 2906 3283 etiam
2970 3234 3119 3282 mine
3191 3225 3564 3283 membrorum
3633 3227 3878 3297 compage

590 3328 760 3393 atque
829 3318 1304 3392 coagmentatione
1364 3316 1603 3384 solutus,
1654 3325 1814 3375 tener
1844 3333 1910 3376 ac
1965 3320 2222 3389 dimisus,
2300 3317 2714 3386 inarticulatus,
2763 3318 2996 3376 artubus
3048 3319 3294 3375 nondum
3356 3321 3680 3392 compositis
3731 3329 3875 3389 atque

591 3416 865 3484 formatis,
893 3423 1023 3487 etut
1049 3413 1364 3471 summatim
1386 3406 1924 3485 dicam,priusquam
1956 3414 2120 3471 homo
2142 3414 2320 3473 iactus
2337 3423 2506 3481 esset,
2540 3414 2810 3486 siquidem
2837 3410 3079 3471 hominis
3110 3416 3393 3487 proprium
3413 3415 3621 3472 donum
3665 3412 3875 3471 rationis

588 3513 712 3576 est;
741 3514 798 3561 at
857 3505 948 3561 hic
999 3504 1236 3561 rationis
1273 3504 1517 3560 nendum
1563 3518 1738 3575 capax
1769 3513 1910 3573 erat,
1940 3506 2030 3562 bic
2083 3506 2177 3578 qui
2218 3506 2391 3563 nihilo
2412 3507 2539 3578 plus
2567 3508 2802 3564 habebat
2825 3520 2989 3578 quam
3018 3507 3066 3563 is
3092 3507 3187 3577 qui
3210 3516 3465 3563 materno
3534 3517 3695 3565 utero
3758 3522 3875 3565 con-

590 3604 820 3667 tinetur,
859 3605 1225 3671 pratterquam
1252 3597 1400 3669 quod
1433 3596 1489 3653 in
1529 3612 1656 3654 aere
1695 3597 1819 3666 fuit,
1847 3596 1903 3654 in
1930 3613 1995 3654 ea
2023 3605 2184 3657 aetate
2211 3615 2338 3655 cum
2379 3600 2453 3656 sit
2501 3614 2601 3672 per
2655 3610 2891 3656 mortem
2943 3580 3201 3662 solvitur,
3280 3600 3369 3657 vel
3431 3602 3742 3672 expositus,
3804 3605 3878 3659 vel

578 3696 917 3762 ‘suli‘ocatus,
950 3695 1038 3751 vel
1068 3701 1267 3767 sponte
1286 3707 1385 3765 per
1423 3693 1801 3751 infirmitatem
1825 3695 2013 3753 vivere
2042 3691 2331 3764 desinens,
2375 3697 2509 3768 quid
2545 3695 2615 3753 de
2660 3711 2729 3753 eo
2780 3699 3024 3769 cogitare
3079 3688 3337 3768 oportet?
3404 3695 3699 3764 Quomodo
3761 3700 3875 3754 item

593 3790 662 3846 de
694 3790 766 3845 iis
783 3790 880 3860 qui
908 3788 1057 3842 hunc
1084 3787 1293 3841 exitum
1326 3785 1453 3841 vita:
1483 3786 1796 3844 habuerunt
1822 3784 2072 3844 sentire?
2096 3789 2182 3843 An
2246 3789 2338 3843 illa
2388 3803 2607 3860 quoque
2642 3789 2824 3845 anima
2881 3789 3120 3860 judicent
3156 3781 3382 3857 videbit,
3439 3791 3702 3848 tribunali
3763 3805 3877 3847 cum

593 3881 719 3938 allis
748 3882 996 3945 sistetur,
1025 3876 1234 3935 subibit
1279 3885 1416 3934 actae
1453 3879 1576 3934 vitae
1625 3877 1925 3950 judicium,
1972 3880 2207 3951 accipiet
2232 3892 2332 3951 pro
2362 3884 2560 3938 merito
2582 3882 3003 3939 retributionem
3027 3891 3082 3938 et
3105 3883 3638 3953 compensationem,
3666 3886 3748 3942 vel
3778 3885 3876 3958 igni

595 3979 850 4047 purgata,
888 3970 1045 4044 juxta
1077 3968 1361 4042 Evangelii
1390 3970 1581 4035 verba.
1603 3971 1691 4028 vel
1730 3970 1788 4027 in
1807 3985 1934 4029 rore
1955 3973 2363 4031 benedictionis
2380 3972 2705 4048 refrigerata
2735 3986 2897 4048 atque
2926 3972 3280 4034 reiocillata?

1161 4061 1601 4121 EXPLICATIO.

668 4156 812 4214 Hinc
842 4157 998 4227 plane
1014 4154 1356 4227 manifestum
1377 4157 1607 4229 estquod
1621 4159 1991 4230 purgatorium
2023 4160 2196 4231 ignem

596 4247 761 4306 Pater
782 4249 866 4304 hic
912 4257 1173 4304 tormenta
1218 4249 1591 4320 cruciatusque
1628 4247 1780 4316 dicit,
1838 4250 2027 4322 quibus
2077 4262 2198 4319 post

595 4352 818 4399 mortem
845 4327 1285 4414 quisque'eorum
1314 4343 1405 4414 qui
1442 4352 1787 4413 peccaverunt
1824 4354 1874 4400 et
1902 4355 2025 4402 ante
2050 4364 2197 4404 mor-

599 4444 723 4499 tem,
759 4451 865 4489 non
896 4443 955 4488 ut
1009 4434 1233 4504 dignum
1285 4444 1334 4489 et
1372 4451 1473 4504 par
1512 4445 1653 4499 erat,
1687 4437 2056 4504 paenitentiam
2075 4456 2196 4512 ege-

599 4536 723 4583 runt
755 4529 809 4582 in
839 4527 1063 4597 ﬂamma
1092 4527 1428 4597 afﬁciuntur,
1446 4529 1611 4598 juxta
1632 4528 1944 4596 parabolam
1966 4531 2199 4604 Evange-

2385 4069 2701 4126 Ἐντεῦθεν
2745 4070 2939 4140 δῆλον
2983 4072 3234 4141 τρανῶς,
3274 4073 3365 4128 ὅτι
3414 4074 3745 4144 καθάρσιον
3770 4074 3878 4143 πῦρ

2302 4164 2336 4216 ὀ
2365 4161 2591 4232 Πατὴρ,
2634 4164 2744 4231 τὰς
2772 4165 2922 4233 μετὰ
2960 4164 3075 4235 τὴν
3121 4165 3418 4236 τελευτὴν
3460 4166 3725 4223 ἑκάστου
3768 4166 3879 4222 τῶν

2296 4255 2747 4326 ἡμαρτηκότων,
2781 4257 2882 4311 καὶ
2901 4257 2989 4328 μὴ
3024 4258 3535 4328 μετανοησάντων
3564 4260 3751 4327 ἀξίως
3773 4259 3875 4327 πρὸ

2297 4344 2605 4415 τελευτῆς,
2630 4347 2702 4401 ὲν
2732 4349 2912 4417 φλογὶ
2932 4349 3251 4417 βασάνους
3274 4352 3432 4420 φησι
3453 4368 3468 4382 ·
3497 4352 3654 4407 κατὰ
3690 4351 3878 4420 τὴν-ὲν

2296 4437 2379 4503 τῷ
2404 4440 2749 4509 Εὑαγγελίῳ
2775 4442 3152 4510 παραϐολὴν,
3173 4444 3312 4512 περί
3338 4460 3403 4497 τε
3428 4443 3537 4498 τοῦ
3560 4443 3875 4507 πλουσίου,

2298 4530 2526 4585 καὶτοῦ
2547 4531 2834 4601 Λαζάρου.
2859 4532 3059 4602 Δῆλον
3076 4534 3188 4604 γὰρ
3209 4536 3299 4590 ὅτι
3320 4532 3511 4592 ταῦτα
3531 4532 3649 4591 ὦδε
3673 4536 3880 4606 μέμνη-

600 4614 762 4674 licam
789 4619 852 4673 de
875 4617 1037 4671 divite
1091 4622 1144 4671 et
1201 4614 1412 4671 Lazaro
1472 4618 1513 4670 ί.
1574 4616 1924 4687 Perspicuum
1945 4630 2024 4674 est
2051 4624 2189 4677 enim

2297 4639 2391 4676 ται
2412 4619 2522 4689 τῆς
2546 4623 2892 4692 παραϐολῆς
2914 4623 2995 4691 τῷ
3021 4626 3234 4689 εἰπεῖν,
3251 4626 3288 4695 ἢ
3319 4627 3461 4695 πυρὶ
3494 4627 3879 4697 καθαιρομένη

598 4714 737 4784 quod
759 4710 918 4780 hujus
937 4707 1021 4763 hic
1049 4707 1322 4779 parabolae
1353 4710 1589 4764 meminit
1631 4710 1757 4765 dum
1788 4712 1940 4778 dicit,
1971 4716 2049 4769 vel
2075 4716 2194 4787 igne

598 4812 825 4877 purgata
850 4802 967 4875 (hoc
980 4809 1192 4871 propter
1209 4800 1467 4873 divitem),
1495 4802 1571 4857 vel
1601 4801 1655 4855 in
1672 4819 1789 4859 rore
1817 4803 2194 4864 benedictionis

600 4898 942 4969 refrigerata,
964 4892 1083 4965 (hoc
1102 4903 1315 4963 propter
1328 4890 1642 4964 Lazarum).
1657 4895 1725 4949 At
1743 4896 1839 4952 illa
1850 4899 1988 4967 justi
1998 4899 2195 4970 judicii

598 4987 881 5053 sententia,
920 5002 938 5037 ι
974 4983 1205 5037 Abibunt
1264 4982 1318 5037 hi
1343 4982 1557 5054 quidem
1613 4985 1683 5039 ad
1714 4991 2200 5061 wrernumsuppti-

599 5077 761 5145 cium,
782 5077 919 5147 justi
942 5090 1059 5130 vero
1082 5072 1152 5128 ad
1179 5074 1341 5128 vitam
1366 5082 1621 5130 azternam
1648 5091 1669 5131 .'
1709 5079 1762 5131 ί»
1810 5076 2046 5135 nondum
2074 5091 2198 5140 ante

589 5170 858 5240 judicium
891 5168 1063 5222 locum
1089 5165 1243 5219 habet
1274 5165 1330 5219 in
1365 5165 1473 5220 Itis.
1918 5230 1921 5233 δ

674 5258 779 5315 Sed
826 5261 972 5315 haud
1003 5261 1121 5316 scio
1164 5257 1442 5328 quomodo
1471 5258 1586 5315 huic
1609 5261 1677 5317 de
1729 5262 2047 5333 hujusmodi
2078 5267 2197 5323 ani-

603 5366 690 5404 ma
722 5352 966 5421 cogitare
996 5358 1271 5423 oporteat.
1306 5344 1515 5407 Nomen
1542 5354 1686 5409 enim
1726 5357 2109 5414 retributionis
2142 5365 2198 5415 et

607 5442 1070 5497 remunerationis
1120 5440 1328 5513 aliquid
1366 5451 1622 5513 Oportere
1650 5460 1878 5516 prorsus
1912 5456 2040 5503 ante
2067 5464 2198 5520 prae-

607 5528 780 5586 bitum
799 5532 1309 5603 essesiguiﬁcatmt
1339 5535 1390 5591 ei
1416 5537 1512 5606 qui
1537 5538 1760 5592 ouiniuo
1780 5554 1889 5594 non
1923 5540 2058 5596 vixit
2086 5557 2198 5596 ma-

611 5622 746 5678 teria
758 5622 962 5693 aliquid
987 5627 1256 5695 praebendi
1293 5640 1557 5698 praerepta
1583 5641 1687 5688 est.
1710 5630 1769 5686 lu
1786 5632 1988 5703 quibus
2011 5643 2191 5691 autem

684 5794 705 5829 ¹
737 5794 869 5849 Luc.
906 5812 1016 5861 xvi,
1059 5797 1124 5853 l9
1159 5816 1280 5868 sqq.
1359 5806 1377 5835 ³
1419 5800 1605 5857 Matth.
1649 5821 1770 5866 xxv,
1806 5804 1894 5860 ili.

2302 4714 2501 4784 (τοῦτο
2535 4714 2632 4769 διὰ
2664 4715 2772 4769 τὸν
2805 4718 3149 4788 πλούσιον),
3179 4719 3218 4789 ἢ
3248 4718 3323 4788 τῇ
3359 4719 3561 4788 δρόσῳ
3585 4720 3697 4790 τῆς
3716 4723 3879 4775 εὐλο-

2302 4808 2436 4879 γίας
2485 4808 2969 4881 ἑναποψύκουσμ
3013 4810 3227 4882 (τοῦτο
3275 4812 3373 4867 διὰ
3420 4813 3530 4868 τὸν
3573 4796 3874 4883 Λάζαρον).

2312 4900 2376 4953 Ἠ
2401 4899 2469 4953 δὲ
2490 4899 2799 4969 ἀπόφασις
2818 4901 2925 4955 τοῦ
2945 4901 3182 4958 δικαίου
3198 4904 3423 4972 κριτοῦ,
3458 4923 3478 4957 ι
3502 4906 3879 4960 Ἀπελεύσον-

2302 5008 2398 5045 ται
2421 4987 2732 5061 οὗτοιιμὲν
2751 4995 2840 5059 είς
2867 4993 3109 5049 αἰώνων
3126 4997 3409 5062 κόλασιν,
3464 5001 3519 5052 οι
3567 4996 3634 5050 δὲ
3674 4996 3877 5050 δίκαιοι

2297 5085 2386 5149 εὶς
2417 5081 2572 5152 ζωὴν
2595 5083 2866 5140 αἰώνιονο
2897 5104 2917 5140 ι
2939 5088 3105 5142 οὔπω
3126 5090 3239 5158 πρὸ
3268 5089 3380 5159 τῆς
3416 5092 3674 5159 κρίσεως
3694 5088 3882 5159 χώραν

2297 5174 2426 5244 ἔχει
2455 5174 2525 5229 ἐν
2562 5177 2820 5246 τούτοις.

2383 5265 2523 5320 Ἀλλ’
2558 5269 2658 5322 οὐκ
2692 5266 2809 5324 οἴδα
2834 5271 2954 5337 πῶς
2999 5271 3108 5345 χρὴ
3132 5271 3305 5327 ταῦτα
3338 5273 3470 5346 περὶ
3511 5272 3613 5342 τῆς
3637 5271 3881 5335 τοιαύτης

2296 5354 2553 5429 ἐννοῆσαι
2595 5359 2795 5432 ψυχῆς.
2831 5363 2905 5417 Τὸ
2944 5364 3056 5436 γὰρ
3097 5366 3200 5435 τῆς
3221 5364 3543 5429 ἀντιδόσεως
3592 5365 3782 5434 δνσμα,
3829 5360 3881 5410 τὸ

2295 5451 2494 5522 χρῆναί
2521 5470 2573 5506 τι
2602 5454 2820 5519 πάντως
2842 5457 3365 5529 προπαρασχεθῆναι
3391 5456 3670 5528 σημαίνει,
3700 5451 3792 5507 τοῦ
3827 5449 3880 5503 δὲ

2297 5541 2373 5613 μὴ
2392 5540 2717 5611 βεδιωκότος
2732 5544 2892 5610 ὅλως,
2913 5546 2946 5615 ἡ
2968 5545 3067 5617 ὕλη
3089 5546 3184 5601 τοῦ
3214 5564 3268 5600 τι
3298 5548 3602 5619 παρασχεῖν
3628 5541 3878 5616 παραφῄ-

2299 5651 2475 5706 ρηται.
2495 5636 2611 5707 Ἐφ’
2629 5628 2704 5692 ὧν
2720 5636 2776 5691 δὲ
2791 5636 2937 5702 δόσις
2956 5638 3056 5693 οὐκ
3070 5638 3237 5706 ἔστιν,
3258 5639 3381 5694 οὐδὲ
3400 5638 3668 5703 ἀντίδοσις
3688 5634 3879 5710 κυρίως
