4106 6436
33 5366 75 5377 ..-

80 5390 87 5403 5

58 5458 85 5467 ε

54 5534 90 5585 ἰ

345 392 444 457 169
1120 405 1205 459 ΒΕ
1241 406 1653 463 INFANTIBUS
1698 408 1819 475 QUI
1856 408 2318 465 PIUEMATURE
2366 407 2858 464 ABRlPlUNTUR.
3524 409 3624 465 170

348 518 806 589 ονομασθήσεται.
833 520 929 593 Μὴ
944 521 1107 592 οῦσης
1122 522 1179 575 δὲ
1196 524 1293 593 τῆς
1308 523 1646 589 ἀντιδόσεως,
1665 522 1788 579 οὔτε
1805 525 1942 591 ἀγα-

2069 514 2196 578 latio
2235 538 2344 578 non
2382 528 2485 587 est,
2521 537 2620 577 nec
2641 534 3017 592 compensatio
3046 523 3268 593 quidem
3304 531 3358 579 et
3390 523 3628 578 retribu-

351 613 446 665 θὸν
479 612 623 664 ἐστιν
645 611 774 665 οὔτε
801 613 975 667 κακὸν
998 614 1059 667 τὸ
1083 617 1199 669 κατ’
1231 615 1422 671 ἐλπίδα
1451 616 1830 688 προκείμενον.
1872 615 1944 666 Τὸ

359 704 468 778 γὰρ
498 704 667 776 ὄνομα
700 703 887 769 τοῦτο,
923 706 1031 761 τῶν
1070 706 1191 761 καθ’
1217 708 1474 779 ἑκάτερον
1498 708 1801 787 νοουμένων
1848 707 1943 778 τὴν

362 795 591 867 ἀμοιϐὴν
629 796 1027 865 ἐπαγγέλλεται
1046 815 1059 829 ο
1090 798 1152 851 τὸ
1183 799 1238 851 δὲ
1269 801 1406 871 μήτε
1432 800 1491 852 ὲν
1519 796 1708 868 ἀγαθῷ
1732 799 1866 868 μήτε
1887 800 1946 850 ἐν

364 889 521 961 κακῷ
551 891 963 962 εὑρισκόμενον,
994 893 1052 946 ὲν
1085 892 1260 947 ούδενὶ
1281 892 1498 957 πάντως
1532 892 1679 946 ἐστίν
1701 908 1715 923 ο
1744 892 1945 961 ἀμεσος

365 979 475 1051 γὰρ
496 980 643 1052 ῆτῆς
660 978 918 1051 τοιαύτης
935 979 1262 1045 ἀντιθέσεως
1282 982 1613 1053 ἐναντιότης,
1636 982 1671 1052 ἡ
1696 979 1788 1033 τοῦ
1809 982 1947 1048 ἀγα-

368 1071 461 1124 θοῦ
495 1072 587 1123 καὶ
612 1070 702 1123 τοῦ
729 1070 921 1133 κακοῦ,
950 1072 1111 1140 λέγω,
1144 1066 1220 1126 ὧν
1245 1073 1526 1146 οὐθέτερον
1555 1073 1705 1126 ἔσται
1725 1114 1739 1138 ,
1767 1072 1845 1142 τῷ
1872 1072 1947 1143 μὴ

366 1164 598 1233 θατέρου
621 1164 1048 1236 κατάρξαντι.Τὸ
1064 1162 1228 1234 οὖνέν
1249 1166 1438 1238 μηδενὶ
1458 1166 1516 1220 δν
1542 1167 1691 1220 οὐδὲν
1708 1161 1843 1220 εἷναί
1867 1182 1949 1228 τις

367 1257 511 1307 εἴποι
545 1255 702 1319 ὅλως.
731 1255 796 1310 Et
824 1256 881 1310 δέ
908 1275 993 1320 τις
1024 1257 1086 1310 τὸ
1112 1258 1349 1312 τοιοῦτον
1380 1259 1474 1312 καὶ
1495 1254 1634 1311 εἶναι
1664 1256 1831 1325 λέγοι,
1856 1254 1950 1309 καὶ

366 1348 426 1395 έν
459 1344 683 1412 ἀγαθοῖς
714 1342 875 1410 εἶναι,
909 1347 1160 1413 διδόντος,
1194 1348 1292 1402 οὐκ
1333 1348 1672 1410 ἀποδιδόντος
1692 1345 1787 1400 τοῦ
1814 1343 1949 1399 Θεοῦ

336 1441 346 1450 ’
370 1436 443 1489 τὰ
465 1436 651 1506 ἀγαθά
671 1440 782 1502 τοῖς
808 1438 1090 1502 τοιούτοις,
1133 1440 1292 1494 ποίαν
1317 1440 1464 1509 λέγει
1494 1440 1594 1511 τῆς
1625 1435 1951 1509 ἀποκληρὼ-

374 1547 521 1595 σεως
566 1528 769 1600 ταύτης
822 1530 1045 1598 αἰτίαν;
1104 1531 1216 1586 Ποῦ
1263 1532 1323 1585 τὸ
1346 1532 1549 1585 δίκαιον
1586 1529 1953 1594 συναποδείξει

370 1624 449 1695 τῷ
473 1623 617 1693 λόγῳ
641 1641 656 1687 ;
689 1624 812 1687 Πῶς
835 1623 891 1678 δὲ
923 1627 1040 1688 ταῖς
1064 1624 1461 1694 Εὐαγγελικαῖς
1488 1627 1692 1693 φωναῖς
1731 1624 1956 1694 σύμφω-

373 1733 463 1768 νον
496 1714 657 1779 δείξει
681 1715 743 1768 τὸ
770 1714 978 1787 νόημας
1010 1717 1157 1769 Ἐκεῖ
1180 1715 1690 1787 συναλλαγματικήν
1714 1731 1836 1768 τινα
1854 1714 1955 1784 τῆς

373 1804 657 1873 βασιλεξας
669 1804 767 1874 τὴν
786 1805 1055 1876 ἐμπορίαν
1074 1808 1187 1870 τοῖς
1210 1805 1361 1870 ἀξιον
1370 1805 1551 1876 μένοις
1565 1801 1956 1875 προσγίνεσθαι

373 1895 546 1964 λέγει.
590 1895 806 1967 Ἐπειδὴ
827 1895 935 1966 γὰρ
962 1896 1023 1949 τὸ
1049 1897 1144 1950 καὶ
1170 1895 1249 1960 τὸ,
1281 1896 1433 1967 φησι,
1463 1895 1822 1965 πεποιήκατε,
1854 1891 1952 1963 τὴν
1987 1878 2029 1934 Β

377 1987 657 2059 βασιλείαν
682 1987 987 2042 ἀντιλαϐεῖν
1014 1990 1138 2041 ἐστε
1162 1988 1376 2043 δίκαιοι.
1422 1986 1684 2041 Ἐνταῦθα
1712 1986 1767 2039 δὲ
1794 1984 1956 2057 μηδε-

380 2082 534 2150 μιᾶς,
554 2082 689 2151 μήτε
711 2080 983 2151 πράξεως,
1010 2080 1147 2151 μήτε
1164 2078 1532 2151 προαιρέσεως
1555 2077 1816 2149 ὑπούσης,
1837 2078 1957 2130 τίνα

378 2172 573 2243 καιρὸν
599 2172 711 2243 ἔχει
741 2173 836 2226 καὶ
872 2170 1081 2235 τούτοις
1111 2172 1265 2243 παρά
1292 2169 1385 2225 τοῦ
1416 2170 1551 2224 Θεοῦ
1590 2170 1837 2239 γίνεσθαι
1866 2167 1958 2221 λέ-

376 2274 500 2326 γειν
532 2257 594 2310 τὸ
632 2257 692 2321 ἐξ
720 2257 954 2328 ἀμοιϐῆς
985 2257 1375 2327 ὲλπιζόμενονς
1419 2257 1468 2309 εί
1505 2256 1564 2309 δέ
1592 2274 1675 2319 τις
1698 2254 1959 2308 ἀϐασανί-

380 2366 525 2413 στως
548 2348 639 2403 τὸν
667 2347 907 2402 τοιοῦτον
936 2347 1146 2414 δέξεται
1175 2347 1352 2416 λόγον,
1378 2347 1454 2412 ὡς
1491 2348 1707 2409 πάντως
1734 2348 1793 2400 ὲν
1822 2345 1961 2413 ἀγα-

380 2430 496 2502 θοῖς
543 2438 803 2509 ἐσομένου
836 2438 929 2491 τοῦ
974 2437 1336 2509 παρελθόντος
1378 2437 1549 2502 οὕτως
1579 2437 1671 2491 ἐπὶ
1702 2436 1795 2491 τὸν
1824 2434 1958 2505 βίον,

380 2522 448 2584 ἐκ
492 2531 681 2583 τούτου
717 2528 1182 2600 μακαριστότερον
1231 2528 1635 2602 ἀναφανήσεται
1678 2528 1781 2600 τῆς
1818 2527 1965 2599 ζωῆς

383 2624 444 2676 τὺ
471 2623 548 2692 μὴ
580 2622 826 2693 μετέχειν
856 2621 1021 2693 ζωῆς,
1059 2623 1215 2692 εἴπερ
1236 2622 1438 2693 ’ἐκείνῳ
1473 2620 1570 2693 μὲν
1595 2618 1964 2691 ἀναμφίϐολος

382 2706 419 2784 ἢ
445 2712 557 2768 τῶν
583 2712 804 2782 ἀγαθῶν
826 2712 1105 2783 μετουσία,
1132 2712 1233 2767 κᾶν
1258 2712 1548 2784 βαρϐάρων
1564 2710 1701 2783 τύχῃ
1736 2709 1962 2780 γονέων,

383 2808 480 2861 καὶ
524 2806 601 2878 μὴ
629 2806 1000 2878 νενομισμένῳ
1032 2806 1210 2878 κυηθῇ
1254 2806 1452 2877 γάμῳ·
1484 2804 1560 2877 τῷ
1586 2805 1643 2859 δὲ
1678 2803 1966 2877 βεϐιωκότι

383 2898 478 2953 τὸν
506 2899 752 2970 χωρητόν
798 2916 857 2953 τε
901 2900 995 2952 καὶ
1023 2898 1253 2971 νόμιμον
1292 2902 1359 2973 τῇ
1393 2899 1551 2969 φύσει
1584 2900 1796 2973 χρόνον,
1832 2900 1967 2955 πάν-

384 3008 497 3054 τως
539 2991 573 3061 ῆ
600 2990 760 3043 πλέον
795 2990 829 3063 ἢ
875 2990 1098 3044 ἔλασσον
1131 2992 1159 3044 ό
1189 2992 1290 3061 τῆς
1333 2992 1534 3057 κακίας
1590 2991 1867 3063 μολυσμὸς
1897 2994 1966 3064 τῇ

388 3082 503 3154 ζωῇ
535 3083 934 3154 καταμίγνυται
957 3100 971 3114 °
1000 3083 1058 3155 ἢ,
1088 3084 1137 3137 εἰ
1165 3083 1351 3155 μέλλοι
1388 3085 1666 3149 παντελῶς
1703 3085 1803 3156 τῆς
1832 3086 1970 3157 πρὸς

387 3174 451 3227 τὸ
497 3175 668 3229 κακὸν
702 3176 983 3240 κοινωνίας
1015 3175 1173 3240 ὲκτδς
1210 3171 1369 3240 εἶναι,
1394 3176 1604 3231 πολλῶν
1636 3176 1787 3248 αὐτῷ
1812 3175 1967 3249 δεῖ[ν]

391 3265 634 3338 ῑδρώτων
661 3266 797 3340 πρὸς
826 3267 957 3321 αὐτὸ
984 3267 1142 3321 τοῦτο
1175 3268 1270 3322 καὶ
1294 3268 1490 3324 πόνων.
1520 3267 1598 3323 Οὐ
1624 3269 1734 3338 γὰρ
1763 3268 1972 3339 ἀκμητὶ

388 3359 751 3430 κατορθοῦται
771 3361 883 3424 τοῖς
907 3358 1182 3431 μετιοῦσιν
1202 3361 1371 3432 ἀρετὴ
1380 3358 1478 3433 [ν].
1497 3360 1618 3414 οὐδὲ
1639 3359 1835 3424 ἀπονός
1856 3361 1974 3412 ἐστι

387 3455 504 3516 τοῖς
518 3451 869 3523 ἀνθρώποιςὴ
886 3450 993 3506 τῶν
1010 3451 1331 3522 καθ’ήδονὴν
1346 3452 1717 3522 ἀλλοτρίωσις,
1736 3453 1877 3504 ὥστε
1894 3451 1975 3504 ὲνὶ

388 3544 500 3597 τῶν
525 3542 762 3613 ἀνιαρῶν
782 3543 843 3609 ἐξ
865 3544 1191 3616 ἀμφοτέρων
1214 3542 1599 3615 συνενεχθῆναι
1622 3543 1731 3597 δεῖν
1759 3542 1976 3606 πάντως

390 3636 483 3692 τὸν
503 3637 838 3706 μετασχόντα
846 3635 938 3689 τοῦ
955 3637 1311 3709 χρονιωτέρου
1332 3635 1470 3707 βίου,
1484 3636 1517 3707 ἢ
1533 3635 1627 3689 νῦν
1642 3634 1720 3706 τῷ
1734 3634 1977 3705 ὲπιπόνῳ

392 3728 492 3796 τῆς
522 3728 724 3798 ἀρετῆς
748 3726 1090 3792 ὲναθλοῦντα,
1115 3727 1149 3796 ἥ
1174 3726 1297 3779 τότε
1324 3725 1412 3780 διὰ
1430 3726 1529 3797 τὴν
1548 3725 1606 3778 ὲν
1633 3724 1806 3796 κακίᾳ
1831 3722 1975 3796 ζωὴν

394 3821 460 3890 τῇ
491 3818 760 3873 ἀντιδόσει
803 3818 910 3873 τῶν
938 3816 1202 3887 ἀλγεινῶν
1231 3816 1564 3889 ὀδυνώμενον
1587 3832 1602 3847 ’
1659 3818 1754 3871 ἐπὶ
1781 3816 1838 3870 δὲ
1868 3817 1978 3871 τῶν

396 3910 593 3981 ἀώρων
632 3909 869 3965 τοιοῦτόν
905 3909 1052 3964 ἐστιν
1093 3908 1280 3963 οὐδέν·
1335 3909 1448 3964 ἀλλ’
1482 3909 1683 3973 εὐθέως
1726 3910 1760 3979 ἡ
1797 3908 1977 3981 ἀγαθὴ

396 4004 548 4076 λῆξις
591 4004 717 4067 τοὺς
744 4005 802 4056 ὲν
843 4002 1020 4074 ἀωρίᾳ
1064 4002 1436 4073 μεταστάντας
1462 4002 1769 4073 ἐκδέχεται,
1823 4003 1980 4073 εῐπερ

395 4095 649 4168 ἀληθεύει
673 4095 781 4148 τῶν
808 4093 980 4159 οὕτως
1004 4094 1377 4165 ύπειληφότων
1403 4096 1432 4149 ὁ
1460 4093 1649 4163 λόγος.
1681 4094 1891 4148 Οὐκοῦν
1916 4096 1982 4148 ὲκ

396 4190 496 4244 τοῦ
523 4188 817 4244 ἀκολούθου
861 4189 957 4242 καὶ
988 4187 1083 4244 τοῦ
1114 4186 1274 4256 λόγου
1300 4183 1984 4258 προτιμοτέραδειχθήσε-

394 4300 488 4339 ται
526 4286 559 4355 ἡ
596 4282 808 4352 ἀλογία,
857 4283 953 4336 κοιλ⁵
981 4283 1015 4353 ἡ
1053 4280 1221 4353 ἀρετὴ
1258 4278 1471 4343 οὐδενὸς
1501 4277 1629 4344 ἀξία
1660 4277 1749 4331 διὰ
1777 4276 1982 4331 τούτων

398 4379 827 4446 ἀναφανήσεται.
884 4369 945 4427 Εἰ
985 4374 1093 4445 γὰρ
1134 4370 1375 4443 μηδεμία
1412 4370 1604 4440 γέγονε
1636 4369 1809 4439 ζημία
1845 4368 1983 4439 πρὸς

398 4472 498 4540 τὴν
535 4468 644 4521 τῶν
686 4465 905 4536 ἀγαθῶν
941 4464 1230 4536 μετουσίαν
1272 4462 1350 4533 τῷ
1399 4461 1476 4535 μὴ
1526 4461 1851 4533 μετασχόντι
1885 4462 1984 4532 τῆς

398 4562 637 4633 ἀρετῆς,
694 4561 922 4631 μάταιον
968 4557 1033 4612 ἀν
1064 4557 1149 4629 είη
1180 4557 1240 4610 τὸ
1275 4555 1405 4625 περὶ⁵
1442 4553 1647 4625 ταύτην
1680 4556 1861 4607 πονεῖν
1890 4553 1983 4607 καὶ

398 4654 678 4723 ἀνόνητον,
713 4654 809 4723 τῆς
850 4650 1046 4718 ἀλόγου
1085 4648 1471 4711 καταστάσεως
1503 4648 1561 4700 ὲν
1604 4648 1671 4718 τῇ
1717 4646 1813 4699 τοῦ
1847 4645 1982 4700 Θεοῦ

400 4748 582 4819 κ’ρίσει
615 4743 1067 4818 προτερευούσης.

2046 618 2124 670 ιίο
2153 618 2374 686 proprie
2422 615 2814 671 nominabitur.
2851 613 2952 669 Ubi
2979 623 3157 670 autem
3188 618 3477 671 retributio
3516 631 3625 669 non

2045 716 2152 771 est,
2187 722 2366 778 neque
2392 707 2598 761 bonum
2651 721 2829 773 neque
2868 706 3094 769 malum,
3145 708 3291 777 quod
3327 710 3409 762 vel
3443 722 3629 777 spere-

2047 806 2158 865 tur,
2196 799 2283 853 vel
2310 805 2608 861 metuatur,
2642 800 2984 869 propositum
3021 805 3126 854 cst.
3161 799 3221 853 1d
3242 800 3387 854 enim
3430 815 3626 854 nomen

2047 904 2259 955 eorum,
2282 904 2402 960 qua:
2425 890 2479 944 in
2501 888 2817 944 alterutram
2836 895 3041 959 partem
3066 888 3465 959 intelliguntur,
3486 905 3630 943 com-

2049 975 2426 1044 pensationem
2455 982 2511 1030 et
2543 976 2958 1031 retributionem
3006 977 3316 1047 promittit;
3348 978 3494 1047 quod
3534 992 3631 1031 au-

2051 1076 2159 1123 tem
2178 1083 2355 1139 neque
2379 1069 2433 1122 in
2462 1068 2605 1123 bono
2630 1085 2807 1139 neque
2829 1070 2883 1123 in
2914 1070 3056 1125 malo
3073 1070 3368 1135 invenitur,
3401 1071 3456 1124 in
3485 1071 3632 1124 nulla

2049 1176 2111 1215 re
2139 1174 2368 1229 prorsus
2389 1170 2473 1216 est
2501 1180 2513 1214 :
2546 1160 2670 1215 sine
2708 1161 2885 1217 medio
2910 1171 2994 1217 est
3014 1162 3157 1217 enim
3176 1162 3442 1231 ejusmodi
3461 1177 3631 1233 oppu-

2052 1251 2270 1306 sitionis
2297 1253 2678 1317 contrarietas,
2718 1253 2846 1308 boni
2876 1266 2929 1308 et
2961 1254 3089 1307 mali
3128 1254 3371 1323 inquam,
3404 1270 3635 1324 quorum

2053 1344 2311 1394 neutrum
2380 1341 2663 1410 continget
2692 1341 2739 1396 ei
2796 1341 2888 1411 qui
2921 1356 3030 1396 non
3068 1341 3298 1397 alterius
3324 1344 3633 1413 exemplum

2053 1437 2108 1485 et
2152 1431 2429 1506 specimen
2448 1431 2760 1502 praebuerit.
2789 1430 2947 1497 Quod
2980 1432 3145 1502 igitur
3172 1432 3225 1485 in
3258 1432 3408 1486 nulla
3437 1448 3496 1487 re
3530 1441 3635 1490 est.

2056 1539 2124 1578 ne
2144 1539 2267 1580 esse
2296 1525 2516 1594 quidem
2547 1539 2776 1594 prorsus
2796 1523 2999 1594 aliquis
3024 1524 3245 1579 dixerit.
3267 1524 3421 1590 Quod
3444 1525 3488 1578 si
3514 1526 3639 1593 quis

2058 1617 2167 1671 tale
2194 1624 2248 1671 et
2284 1631 2408 1673 esse
2432 1624 2486 1673 et
2514 1616 2569 1671 in
2620 1616 2781 1672 bonis
2810 1631 2935 1673 esse
2981 1614 3151 1679 dicat,
3185 1617 3298 1671 Deo
3346 1618 3487 1672 bona
3517 1618 3638 1670 tali-

2055 1708 2161 1766 bus
2192 1709 2375 1777 dante,
2413 1726 2523 1765 non
2556 1709 2836 1777 reddente,
2869 1726 3033 1782 quam
3072 1710 3238 1781 hujus
3263 1710 3639 1766 attributionis

2058 1815 2284 1855 causam
2340 1799 2576 1857 aﬂeret?
2606 1803 2696 1858 ubi
2746 1804 3015 1873 justitiam
3054 1803 3108 1858 in
3135 1804 3240 1858 hac
3286 1803 3642 1858 attributione

2058 1889 2223 1945 simul
2254 1890 2437 1947 inesse
2467 1893 2718 1948 oratione
2763 1893 3201 1949 demonstrabit?
3231 1893 3516 1960 Quomodo
3546 1908 3645 1947 au—

2058 1993 2163 2037 tem
2194 1983 2334 2038 hanc
2374 1984 2689 2054 opinionem
2719 2001 2845 2041 cum
2883 1986 3229 2058 Evangelicis
3260 1988 3488 2043 vocibus
3511 2002 3643 2042 con-

2058 2074 2374 2131 cordantem
2406 2078 2693 2134 OStendet?
2720 2068 2836 2132 lllic
2863 2078 3083 2148 quidem
3108 2088 3364 2149 tanquam
3392 2094 3456 2135 ex
3478 2094 3642 2149 negoa

2060 2168 2139 2222 tio
2173 2170 2461 2223 contracto
2492 2185 2717 2241 regnum
2756 2186 2854 2228 eos
2878 2172 2972 2243 qui
3027 2170 3176 2241 digni
3203 2172 3476 2226 habentur
3509 2187 3643 2225 con-

2062 2266 2353 2316 secuturos
2374 2276 2498 2317 esse
2521 2261 2675 2317 dicit.
2708 2262 2980 2329 Quoniam
3004 2264 3151 2319 enim
3177 2263 3282 2319 hoc
3320 2276 3373 2321 et
3399 2264 3522 2330 hoc,
3556 2266 3644 2320 ine

2061 2352 2201 2421 quit,
2228 2350 2458 2418 fecistis,
2484 2369 2701 2425 aequum
2729 2363 2837 2420 est,
2891 2363 2949 2410 ut
2976 2371 3205 2427 regnum
3238 2357 3361 2411 loco
3399 2372 3646 2413 remune-

2060 2443 2294 2502 rationis
2321 2446 2629 2518 accipiatis.
2660 2436 2762 2502 Hic
2784 2463 2915 2504 vero
2958 2463 3084 2504 cuna
3120 2450 3329 2504 nullum
3357 2466 3535 2520 neque
3564 2450 3647 2505 l‘ao

2064 2542 2215 2592 ctum
2244 2552 2422 2608 neque
2474 2539 2731 2595 voluntas
2766 2541 2963 2605 subsit,
2994 2556 3103 2612 qua
3150 2542 3365 2599 ratione
3410 2551 3465 2597 et
3489 2558 3646 2599 occa-

2066 2630 2222 2685 sione
2250 2630 2376 2700 quis
2402 2631 2546 2687 dicet
2570 2632 2737 2687 etiatn
2765 2633 2851 2688 his
2875 2648 2903 2687 a
2934 2632 3045 2689 Deo
3070 2635 3389 2706 contingere
3422 2636 3472 2689 id
3504 2636 3649 2705 quod

2067 2736 2134 2776 ex
2196 2721 2559 2778 retributione
2583 2731 2637 2778 et
2666 2725 3115 2794 compensatione
3173 2725 3461 2796 speratur?
3493 2726 3649 2790 Quod

2069 2812 2118 2867 si
2141 2813 2265 2882 quis
2293 2815 2411 2869 sine
2440 2813 2548 2868 ulla
2574 2815 2901 2870 excussione
2932 2822 2986 2869 et
3011 2800 3415 2871 examinatione
3463 2816 3654 2887 hujus-

2068 2901 2220 2957 modi
2269 2902 2581 2974 opinionem
2612 2904 2993 2972 amplectetur,
3032 2905 3191 2975 quasi
3220 2921 3447 2975 prorsus
3476 2907 3532 2960 in
3564 2907 3655 2961 bo-

2070 2996 2159 3050 nis
2188 2993 2406 3048 futurus
2441 2994 2514 3048 sit
2543 2995 2590 3050 is
2622 2994 2715 3064 qui
2742 2994 2842 3049 hoc
2869 2996 3031 3050 modo
3059 2996 3323 3066 prodierit
3376 2997 3433 3051 in
3464 2997 3653 3065 vitam,

2071 3098 2136 3138 ex
2156 3083 2260 3138 hac
2293 3082 2555 3153 opinione
2584 3084 2811 3139 meliore
2840 3084 3156 3140 conditione
3185 3085 3508 3156 beatiorque
3536 3101 3660 3142 esse

2073 3172 2355 3230 videbitur
2387 3176 2479 3246 qui
2504 3175 2627 3231 vitae
2652 3177 2928 3247 particeps
2960 3179 3189 3233 omnino
3220 3186 3463 3244 nonest,
3494 3195 3657 3249 quam

2078 3266 2173 3336 qui
2210 3267 2360 3333 vivit,
2396 3268 2439 3324 si
2472 3268 2689 3338 quidem
2721 3268 2811 3322 ille
2827 3269 3204 3340 proculdubio
3231 3270 3499 3325 bonorum
3531 3286 3659 3341 par-

2080 3359 2255 3431 tieeps
2282 3360 2409 3423 erit,
2471 3361 2635 3415 etiam
2672 3361 2718 3415 si
2750 3360 3021 3417 Barbaros
3076 3371 3331 3434 parentes
3358 3363 3559 3418 habeat
3607 3375 3661 3417 et

2077 3449 2247 3520 iustis
2271 3450 2640 3521 legitimisque
2661 3453 2871 3522 nuptiis
2897 3462 3199 3523 conceptus
3231 3469 3344 3509 non
3379 3454 3487 3520 sit;
3516 3455 3662 3508 illius

2082 3553 2265 3598 autem
2294 3543 2443 3608 vitae,
2477 3546 2571 3614 qui
2605 3544 2660 3599 id
2711 3545 2857 3615 quod
2909 3552 3107 3599 natura
3152 3548 3298 3616 capit
3341 3554 3504 3617 atque
3534 3562 3668 3601 con-

2083 3638 2281 3703 suevit,
2306 3638 2539 3693 vivendo
2573 3649 2788 3709 tempus
2831 3639 3095 3709 exegerit,
3121 3654 3350 3709 prorsus
3383 3640 3464 3696 vel
3491 3640 3667 3709 major

2082 3726 2169 3781 vel
2225 3727 2408 3781 minor
2453 3727 2834 3799 coinquinatio
2885 3728 3203 3784 vitiositatis
3242 3731 3665 3796 admiscebitur;

2085 3826 2180 3873 aut
2201 3818 2245 3874 si
2263 3820 2480 3888 penitus
2504 3834 2533 3874 a
2561 3820 3086 3875 communionemali
3121 3836 3328 3875 vacuus
3357 3822 3481 3884 erit,
3527 3822 3670 3875 mul-

2087 3915 2159 3970 tis
2199 3914 2249 3969 ei
2311 3913 2378 3969 ad
2410 3914 2513 3968 hoc
2569 3914 2748 3983 ipsum
2794 3913 3091 3969 sudoribus
3113 3921 3167 3969 et
3198 3914 3481 3969 laboribus
3532 3928 3671 3983 opus

2085 4007 2206 4061 erit.
2237 4004 2355 4060 Non
2387 4006 2534 4060 enim
2561 4005 2771 4076 absque
2819 4006 3038 4076 negotio
3087 4006 3181 4076 qui
3230 4006 3415 4060 virtuti
3449 4005 3673 4061 student

2086 4114 2207 4153 eam
2239 4106 2647 4168 assequuntur;
2693 4113 2870 4168 neque
2899 4098 3109 4167 absque
3133 4098 3321 4153 labore
3353 4097 3672 4152 hominibus

2086 4189 2381 4257 contingit,
2420 4199 2479 4242 ut
2508 4205 2537 4242 a
2566 4189 2724 4244 malis
2776 4187 3154 4257 voluptatibus
3187 4187 3348 4241 alieni
3371 4188 3504 4249 sint,
3536 4187 3673 4240 adeo

2087 4290 2149 4334 ut
2177 4295 2407 4350 prorsus
2436 4286 2687 4349 Oporteat
2719 4293 2844 4333 eum
2873 4278 2967 4347 qui
2994 4277 3202 4333 diutius
3232 4278 3284 4332 in
3315 4278 3426 4332 vita
3454 4278 3674 4332 futurus

2087 4372 2181 4436 sit,
2212 4371 2382 4426 altero
2410 4386 2479 4425 ex
2545 4371 2759 4425 duobus
2808 4370 3056 4424 molestis
3096 4369 3439 4439 implicatum
3477 4369 3675 4423 conﬂi-

2088 4464 2245 4528 ctari,
2280 4463 2361 4517 vel
2397 4477 2544 4515 nunc
2577 4462 2634 4516 in
2659 4461 2932 4517 laborioso
2949 4462 3213 4517 exercitio
3240 4463 3460 4519 virtutis
3488 4462 3677 4517 decen-

2091 4553 2427 4620 tantem,vel
2452 4561 2580 4608 tunc
2607 4565 2829 4622 propter
2858 4552 3022 4607 vitam
3055 4568 3150 4622 per
3182 4555 3448 4609 malitiam
3487 4564 3543 4610 et
3578 4571 3677 4610 πιο-

2092 4646 2324 4717 quitiam
2387 4652 2746 4710 transactam,
2810 4645 2865 4698 in
2917 4645 3282 4701 retributione
3338 4648 3577 4701 tristium
3625 4655 3679 4701 et

2010 4734 2056 4789 D
2086 4739 2408 4795 acerbarum
2446 4752 2631 4793 rerum
2662 4736 2947 4792 cruciatus
2971 4743 3026 4792 et
3042 4737 3262 4792 dolores
3304 4740 3625 4794 tolerantem
3664 4757 3675 4791 :

402 4840 459 4894 in
501 4838 850 4909 praematuris
874 4845 1058 4892 autem
1086 4835 1228 4892 nihil
1251 4842 1339 4891 est
1368 4832 1664 4905 ejusmodi.
1692 4831 1799 4888 Sed
1832 4831 2085 4903 protinus
2104 4847 2222 4898 eos,
2257 4832 2351 4901 qui
2384 4830 2672 4885 immatura
2700 4836 2861 4884 aetate
2886 4844 2953 4884 ex
2985 4830 3090 4884 hac
3112 4831 3222 4883 vita
3249 4829 3501 4886 translati
3527 4843 3676 4889 Sunt,

376 4939 449 4993 .si
508 4936 669 4994 modo
710 4952 843 4992 vera
877 4950 1070 4991 eorum
1123 4934 1218 5007 qui
1278 4932 1354 4988 ita
1407 4932 1765 5003 suspicantur
1814 4938 1869 4985 et
1898 4930 2152 4997 credunt,
2183 4928 2369 4999 opinio
2402 4937 2519 4991 est,
2555 4926 2700 4981 bona
2747 4940 2872 4980 sors
2921 4932 3084 4994 atque
3132 4924 3377 4979 conditio
3446 4925 3672 4994 excipit.

402 5026 548 5100 Ergo
600 5042 664 5081 ex
716 5024 1078 5095 consequenti
1142 5023 1378 5079 rationis
1444 5021 1693 5076 carentia
1734 5019 1901 5076 etiam
1946 5020 2068 5090 ipsa
2102 5019 2316 5074 ratione
2350 5033 2475 5073 esse
2517 5016 2868 5087 praestantior
2898 5023 2952 5070 et
2991 5015 3288 5085 Optabilior
3325 5016 3677 5079 ostendetur,

399 5137 457 5178 et
492 5125 669 5179 virtus
699 5121 908 5177 nullius
936 5119 1095 5191 pretii
1156 5135 1257 5191 per
1295 5119 1414 5174 haec
1472 5116 1777 5188 apparebit.
1833 5115 1970 5171 Nam
2007 5118 2055 5170 si
2103 5117 2316 5171 nullum
2355 5115 2618 5170 damnum
2685 5127 2750 5167 ac
2804 5111 3221 5177 detrimentum,
3272 5118 3537 5180 quantum
3615 5113 3681 5166 ad

402 5230 567 5271 usum
590 5221 645 5267 et
678 5211 1151 5284 participationem
1194 5210 1466 5265 honorum
1511 5209 1731 5273 attinet,
1779 5205 1982 5262 accidit
2008 5207 2059 5261 ei
2095 5209 2190 5279 qui
2226 5206 2503 5278 particeps
2534 5203 2753 5260 virtutis
2810 5219 2921 5278 non
2973 5202 3098 5268 fuit,
3140 5216 3342 5256 vanum
3395 5209 3451 5256 et
3493 5202 3686 5256 inutile

400 5308 524 5375 ejus
554 5304 797 5360 studium
823 5302 1008 5363 fuerit,
1050 5316 1175 5356 cum
1208 5308 1390 5357 status
1447 5308 1503 5353 et
1562 5298 1698 5354 ordo
1724 5298 1961 5353 rationis
1996 5312 2194 5368 expers
2224 5297 2439 5368 priores
2461 5303 2648 5366 partes
2680 5295 2735 5350 in
2758 5293 2969 5364 judicio
2998 5293 3093 5347 Dei
3134 5292 3402 5348 obtineat.

471 5404 661 5459 Ταῦτα
715 5404 780 5456 σὺ
835 5401 1016 5456 πάντα
1064 5400 1162 5454 καὶ
1209 5398 1281 5453 τὰ
1324 5397 1551 5452 τοιαῦτα
1587 5397 1991 5467 διανοούμενος,

398 5500 651 5564 ἐξετάσαι
691 5496 782 5550 τὸν
814 5496 946 5567 περὶ
994 5495 1181 5550 τούτου
1215 5493 1373 5561 λόγον
1421 5490 1766 5556 διεκελεύσω,
1795 5490 1872 5553 ὡς
1926 5489 1994 5545 ἂν

397 5594 532 5664 ἡμῖν
576 5589 666 5644 διὰ
695 5590 796 5659 τῆς
827 5587 1121 5642 ἀκολούθου
1156 5586 1434 5656 ζητήσεως
1460 5582 1553 5636 ὲπί
1591 5598 1736 5644 τινος
1777 5580 1994 5650 βεϐαίου

396 5685 671 5754 νοήματος
713 5683 746 5753 ἠ
783 5681 914 5750 περὶ
946 5678 1112 5732 αὑτοῦ
1158 5675 1433 5759 ίδρυνθείη
1476 5673 1703 5728 διάνοια.
1749 5670 1893 5741 Ἐγὼ
1938 5671 1996 5725 δὲ

396 5776 537 5848 πρὸς
568 5774 630 5827 τὸ
653 5772 1023 5843 δυσθεώρητον
1053 5770 1148 5825 τοῦ
1181 5769 1536 5841 προτεθέντος
1565 5764 1721 5835 ἡμῖν”
1741 5764 1997 5834 σκέμμα-

394 5886 489 5931 τος
528 5868 764 5940 βλέπων,
810 5864 1070 5937 ἁρμόζειν
1122 5864 1221 5934 μὲν
1271 5858 1422 5932 οἶμαι
1461 5860 1554 5915 καὶ
1577 5858 1675 5930 τὴν
1708 5857 1803 5912 τοῦ
1837 5858 1998 5910 Ἀπο-

637 5963 911 6023 Parnm.
952 5961 1067 6022 Gtt.
1110 5956 1331 6019 XLVI.

2169 5396 2297 5452 Haec
2329 5404 2385 5452 et
2423 5392 2697 5466 ejusmodi
2730 5393 2938 5458 omnia,
2990 5405 3115 5446 cum
3177 5389 3363 5444 animo
3429 5397 3686 5458 agitarea,

2097 5486 2355 5543 hortatus
2384 5500 2444 5541 es
2461 5498 2567 5548 me,
2604 5492 2664 5538 ut
2693 5483 2856 5552 hujus
2879 5481 2958 5536 rei
2992 5478 3265 5534 rationem
3296 5485 3595 5546 scrutarer,
3628 5487 3691 5534 ut

2097 5593 2200 5650 per
2234 5584 2666 5645 consequentem
2696 5580 2751 5629 et
2772 5578 3201 5627 consentaneant
3233 5570 3595 5639 quaestionem
3623 5584 3690 5623 ac

2101 5668 2532 5739 disputationem
2561 5664 2722 5719 nobis
2746 5663 2800 5717 in
2824 5662 3005 5731 aliqua
3027 5661 3184 5715 ﬁrma
3204 5660 3463 5730 Opinione
3491 5658 3561 5713 de
3591 5658 3694 5712 hac

2105 5777 2164 5817 re
2185 5776 2339 5816 mens
2360 5765 2714 5816 statueretur.
2743 5754 2854 5825 Ego
2869 5770 2998 5810 vero
3025 5753 3471 5810 animadvertens
3490 5762 3696 5822 quanta

2105 5851 2396 5910 diﬂicultas
2425 5867 2488 5909 ac
2521 5848 2859 5922 perplexitas
2898 5847 3032 5916 insit
3090 5848 3145 5904 in
3182 5862 3246 5904 ea
3280 5862 3402 5916 quae
3439 5844 3596 5901 nobis
3628 5841 3696 5899 ad

3299 5944 3340 6007 6
