4106 6432
599 418 696 475 171

1835 410 1893 467 S.
1934 406 2262 465 CREGORII
2301 405 2594 462 NYSSENI

3751 405 3846 465 172

595 528 1052 588 considerandum
1105 535 1161 584 et
1209 525 1692 597 contemplandum
1725 524 2003 597 proposita
2026 500 2174 595 quae-

2279 521 2464 575 στόλου
2499 520 2681 592 φωνήν
2728 518 2806 591 τῷ
2842 520 3064 593 παρόντι
3096 518 3259 590 λόγῳ,
3299 519 3365 591 ἢν
3394 518 3486 573 ἐπὶ
3537 519 3644 574 τῶν
3688 518 3843 593 ἀνεφ-

596 623 703 678 stio
731 630 837 686 est,
873 620 1165 677 convenire
1214 619 1437 690 quidem
1469 619 1667 690 opinor
1723 617 1891 674 etiam
1919 615 2175 688 praesenti

593 713 1046 769 commentationi
1090 712 1450 783 apostolicam
1482 725 1698 775 vocem,
1738 725 1846 781 qua
1895 710 1986 764 ille
2040 723 2177 765 usus

594 815 676 861 est
702 807 757 861 in
786 805 977 861 arduis
1010 812 1065 861 et
1098 804 1298 860 mentis
1336 802 1654 874 cogitationi
1686 800 1984 857 inaccessis
2008 809 2063 854 et
2090 799 2176 854 in-

592 899 1186 970 comprehensibilihus
1242 896 1707 968 qumstionihus.c
1765 893 2089 957 Oaltitudo,
2153 912 2172 946 ι

595 991 873 1060 inquiens,
910 1009 928 1042 ι
967 990 1281 1045 divitiarum
1337 998 1391 1045 et
1432 987 1714 1059 sapientiae.
1748 995 1804 1042 et
1847 976 2179 1057 cognitionis

596 1082 689 1138 Dei
719 1085 732 1137 l
768 1081 940 1149 Quam
976 1081 1353 1138 inscrutabilia
1411 1079 1618 1150 judicia
1650 1079 1789 1149 ejus,
1823 1090 1876 1136 et
1897 1079 2180 1151 investiga-

592 1173 734 1229 biles
761 1174 862 1229 viae
895 1172 1015 1243 ejus
1061 1174 1074 1226 ί
1122 1171 1258 1238 Quis
1310 1171 1457 1227 enim
1496 1170 1754 1242 cognovit
1785 1178 2021 1227 mentem
2072 1170 2179 1226 Do-

594 1266 728 1321 mini
761 1267 826 1320 '?
859 1285 877 1319 ι
906 1264 1011 1321 Sed
1036 1268 1293 1336 quoniam
1322 1280 1517 1322 rursus
1543 1265 1841 1337 Apostolus
1871 1265 1946 1320 ait
1976 1263 2020 1328 ‘,
2050 1278 2180 1337 pro-

594 1359 774 1428 prium
827 1359 1129 1429 spiritualis
1160 1374 1284 1415 esse
1332 1359 1517 1414 omnia
1579 1360 1839 1423 scrutari,
1889 1357 2174 1428 indagare,

593 1449 883 1521 exquirere
904 1456 960 1505 et
987 1451 1300 1506 examinare
1317 1491 1332 1515 ,
1359 1458 1523 1520 atque
1545 1449 1891 1506 commendat
1906 1464 2003 1505 eos
2031 1450 2178 1519 quia

594 1538 781 1595 divina
819 1540 994 1611 gratia
1024 1539 1081 1595 in
1140 1544 1288 1597 omni
1341 1542 1552 1596 ratione
1583 1541 1846 1611 omnique
1866 1540 2181 1612 cognitione

597 1629 757 1685 ditati
821 1639 974 1695 sunt,
1004 1640 1152 1687 recte
1212 1648 1299 1687 me
1344 1631 1620 1686 facturum
1666 1646 1791 1688 esse
1855 1646 2075 1697 censeo,
2107 1632 2176 1696 si,

593 1721 774 1792 quoad
805 1721 925 1791 ejus
971 1722 1089 1777 ﬁeri
1128 1723 1350 1794 poterit,
1400 1722 1812 1794 inquisitionem
1866 1731 1922 1779 et
1955 1723 2179 1779 investi-

594 1812 866 1882 gationem
920 1828 1031 1868 non
1062 1813 1355 1885 negligam,
1414 1830 1591 1886 neque
1627 1815 1770 1887 quod
1804 1814 1859 1870 in
1897 1815 1982 1870 his
2028 1830 2177 1886 quae-

2282 614 2443 667 ίκτων
2481 613 2687 678 ἐκεῖνος
2725 611 3018 683 πεποίηται
3050 610 3254 679 λέγων’
3289 628 3308 661 ι
3331 611 3396 664 Ὢ
3439 608 3601 681 βάθος
3632 611 3843 666 πλούτου

2278 707 2373 761 καὶ
2400 705 2592 779 σοφίας
2615 706 2709 759 καὶ
2739 702 2994 775 γνώσεως
3024 702 3159 757 Θεοῦ
3187 705 3201 757 ι
3251 702 3339 765 Ὠς
3369 701 3756 775 ἀνεξερεύνητα
3781 706 3845 761 τὰ

2278 799 2522 871 κρίματα
2551 796 2735 863 αὐτοῦ,
2770 797 2863 851 καὶ
2890 794 3283 866 ἀνεξιχνίαστοι
3307 795 3363 848 αί
3391 794 3499 849 ὁδοὶ
3531 793 3725 849 αύτοῦί
3760 794 3847 860 Τίς

2278 894 2387 965 γὰρ
2414 891 2554 961 ἔγνω
2599 890 2723 946 νοῦν
2749 889 2992 967 Κυρίου;
3037 907 3056 940 ι
3105 887 3325 959 Ἐπειδὴ
3353 886 3410 941 δὲ
3442 885 3606 949 πάλιν
3633 890 3662 941 6
3701 887 3845 941 Ἀπό-

2278 983 2465 1049 στολος
2495 983 2626 1037 ίδιον
2656 974 2751 1036 τ’ὀῦ
2787 978 3159 1052 πνευματικοῦ
3190 996 3322 1048 φησι
3366 977 3426 1031 τὸ
3456 976 3760 1049 ἀνακρίνειν
3783 980 3845 1033 τά

2277 1070 2478 1135 πάντα,
2514 1071 2608 1124 καὶ
2635 1068 2956 1140 ἀποδέχεται
2982 1068 3109 1129 τοὺς
3139 1068 3291 1138 παρά
3317 1066 3416 1137 τῆς
3457 1065 3612 1131 θείας
3640 1067 3845 1139 χάριτος

2279 1163 2698 1227 πλουτισθέντας
2731 1164 2789 1217 ὲν
2818 1160 2982 1214 παντλ⁵
3018 1159 3162 1230 λόγῳ
3187 1159 3283 1213 καὶ
3312 1157 3459 1229 πάσῃ
3484 1156 3711 1227 γνώσει·
3750 1176 3843 1213 κα·

2277 1256 2386 1321 λῶς
2430 1255 2573 1327 ἔχειν
2619 1257 2762 1325 φημὶ
2796 1252 2870 1325 μὴ
2903 1252 3345 1323 κατολιγωρῆσαι
3379 1250 3477 1319 τῆς
3510 1250 3733 1322 δυνατῆς
3768 1251 3843 1318 ἐξ·

2278 1350 2535 1414 ετάσεως,
2592 1348 2728 1420 μηδὲ
2773 1345 3035 1418 περιιδεῖν
3061 1344 3122 1398 τὸ
3166 1342 3499 1414 ζητούμενον
3546 1343 3604 1397 έν
3655 1342 3845 1408 τούτοις

2277 1439 2633 1513 ἀνερεύνητόν
2690 1456 2748 1492 τε
2800 1439 2894 1492 καὶ
2960 1433 3305 1507 ἀθεώρητον,
3363 1433 3440 1498 ὡς
3487 1436 3554 1488 ἀν
3607 1434 3679 1506 μή
3735 1435 3841 1489 καθ’

2277 1531 2570 1601 ὁμοιότητα
2614 1530 2713 1600 τῆς
2757 1527 2852 1582 τοῦ
2899 1526 3286 1599 προϐλήματος
3329 1526 3659 1592 ὑποθέσεως,
3692 1527 3778 1581 καὶ
3818 1528 3842 1580 6

2279 1620 2408 1694 περὶ
2453 1617 2617 1673 αὐτοῦ
2665 1618 2820 1687 λόγος
2851 1618 3047 1689 ἀτελὴς
3079 1616 3427 1688 ἀφανισθείη,
3468 1618 3501 1687 ἢ
3540 1619 3633 1672 καὶ
3661 1619 3839 1691 ἄωρος,

2278 1711 2532 1783 καθάπερ
2573 1729 2625 1764 τι
2665 1712 2857 1782 νήπιον
2909 1709 3021 1763 τῶν
3078 1710 3381 1781 ἀρτιτόκων
3429 1711 3561 1783 πρὶν
3612 1712 3691 1776 είς
3741 1711 3843 1781 φῶς

2280 1805 2562 1877 προελθεῖν
2606 1804 2702 1858 καὶ
2735 1803 3084 1875 ἀδρυνθῆναι,
3113 1796 3226 1857 οἶόν
3251 1818 3357 1857 τινι
3404 1802 3621 1875 θανάτῳ
3653 1806 3715 1875 τῇ
3755 1806 3843 1873 ρᾳ-
3934 1858 3937 1863 λ

596 1881 755 1967 ritur,
789 1903 865 1958 ita
897 1881 1192 1974 despiciam
1216 1881 1386 1977 atque
1410 1881 1778 1972 contemnam,
1806 1914 1862 1961 ut
1892 1906 1945 1962 id
1968 1881 2178 1977 absque

2280 1896 2449 1968 θυμία
2482 1895 2590 1949 τῶν
2621 1894 2759 1966 πρὸς
2786 1894 2885 1967 τὴν
2918 1894 3145 1967 ζήτησιν
3172 1894 3273 1965 τῆς
3313 1894 3574 1966 ἀληθείας
3615 1895 3843 1949 ἀτονοῦν-

594 1996 930 2052 scrutatione
990 2005 1155 2068 atque
1224 1999 1685 2069 contemplatione
1734 1998 2175 2071 praetermittam;

593 2100 665 2141 ne
694 2086 761 2142 ad
805 2088 1217 2145 similitudinem
1252 2090 1557 2160 argumenti
1599 2091 1893 2162 propositae
1922 2092 2179 2161 quaestio—

594 2175 705 2240 nis,
741 2179 917 2233 oratio
944 2195 1162 2250 quoque
1200 2180 1267 2236 de
1294 2195 1358 2237 ea
1386 2196 1447 2237 re
1491 2181 1807 2249 imperfecta
1861 2193 2176 2246 evanescat,

595 2268 681 2323 vel
711 2268 875 2323 etiam
903 2276 1028 2326 ante
1081 2279 1297 2343 tempus
1330 2273 1499 2329 veluti
1542 2272 1726 2329 infans
1758 2273 1959 2345 aliQuis
2014 2276 2201 2331 modo.

598 2367 782 2424 natus,
844 2361 1163 2431 priusquam
1217 2363 1271 2417 in
1306 2364 1482 2419 lucem
1537 2364 1765 2436 prodeat
1805 2377 1860 2423 et
1895 2378 2176 2440 augescat,

595 2457 855 2520 tanquam
915 2461 1089 2508 morte
1144 2454 1404 2524 quadam,
1467 2457 1522 2511 in
1566 2459 1871 2527 quaestione
1931 2463 2180 2520 veritatis

595 2540 967 2597 deﬁcientium
1011 2545 1225 2615 ignavia
1276 2553 1441 2617 atque
1496 2549 1751 2605 socordia
1806 2553 2039 2609 intereat
2092 2561 2176 2607 at-

593 2646 701 2700 que
730 2641 1133 2703 corrumpatur.
1165 2634 1317 2690 [laud
1352 2637 1518 2707 igitur
1544 2638 1953 2695 incommodum
1982 2643 2176 2699 existi-

594 2736 703 2784 mo,
737 2738 845 2776 non
896 2726 1081 2779 statim
1118 2740 1147 2779 a
1208 2725 1357 2783 fonte
1418 2735 1473 2784 et
1527 2729 1687 2784 initio
1714 2746 1867 2787 more
1893 2740 2175 2789 oratorum

594 2810 648 2866 in
676 2811 907 2882 judiciis
940 2815 1337 2873 decertantium
1368 2833 1492 2874 cum
1526 2822 1963 2892 appositionibus
1993 2825 2177 2896 impli-

591 2903 707 2958 eari
740 2914 904 2974 atque
934 2906 1248 2979 conﬂigere,
1264 2910 1360 2966 sed
1396 2912 1632 2981 quodam
1654 2915 1886 2969 orationi
1921 2916 2179 2987 imposito

592 2994 807 3061 ordine,
846 3012 941 3067 per
994 3002 1442 3071 consequentiam
1508 3006 1801 3075 propositae
1858 3009 2178 3077 qumstionis

593 3085 897 3156 producere
923 3090 1459 3146 commentationem.
1484 3091 1748 3160 Quisnam
1781 3097 1946 3168 igitur
1971 3107 2057 3154 est
2089 3100 2179 3156 ille

593 3177 730 3232 ordo
750 3178 773 3231 ‘P
793 3176 967 3235 Nosse
993 3181 1229 3250 primum
1254 3181 1400 3238 unde
1428 3194 1623 3239 natura
1652 3187 1910 3252 humana,
1943 3198 1999 3245 et
2017 3190 2177 3260 cujus
2204 3214 2246 3273 ρ

592 3268 671 3325 rei
708 3272 885 3338 gratia
920 3280 1210 3341 procreata
1261 3275 1353 3331 sit.
1386 3274 1444 3330 Si
1475 3277 1622 3332 enim
1654 3279 1769 3334 haec
1815 3296 1919 3337 nos
1956 3296 2065 3337 non
2094 3281 2179 3338 fu-

592 3361 793 3430 gerint,
819 3377 919 3417 nec
946 3378 974 3416 a
994 3365 1272 3435 proposita
1290 3367 1511 3437 quidem
1535 3371 1696 3427 nobis
1717 3374 2180 3432 commentatione

590 3450 1051 3509 aberraverimus.
1086 3451 1205 3509 Jam
1240 3471 1370 3512 vero
1431 3473 1827 3529 supervacuum
1864 3463 2027 3520 fuerit
2057 3480 2178 3521 ora-

590 3542 738 3597 tione
766 3543 1019 3618 probare,
1071 3548 1215 3616 quod
1252 3548 1517 3620 quidquid
1567 3553 1869 3609 secundum
1902 3554 2071 3611 Deum
2122 3558 2178 3614 in

589 3647 773 3688 rerum
804 3643 1025 3700 natura,
1060 3644 1173 3692 tum
1231 3648 1415 3697 mente
1445 3644 1768 3714 percipitur,
1800 3654 1913 3701 tum
1939 3648 2177 3718 videtur,

587 3735 656 3776 ex
681 3721 803 3792 ipso
837 3722 951 3779 Deo
975 3727 1274 3781 essentiam
1310 3728 1508 3786 habeat
1543 3751 1555 3785 :
1587 3747 1711 3788 cum
1743 3749 1928 3805 nemo,
1958 3737 2178 3809 opinor,

586 3825 781 3865 eorum
812 3813 906 3882 qui
940 3821 1224 3885 utcunque
1271 3832 1457 3873 rerum
1485 3822 1774 3879 veritatem
1821 3825 2179 3894 contemplati

592 3902 820 3971 fuerint,
880 3903 1194 3974 hujusmodi
1256 3909 1568 3978 opinionem
1616 3924 2034 3987 oppugnaturus
2084 3919 2178 3974 sit.

588 3991 819 4048 Constat
855 3994 1002 4049 enim
1036 3994 1178 4051 inter
1219 4012 1415 4055 omnes
1476 4017 1541 4056 ex
1592 4018 1698 4058 una
1746 4020 1912 4063 causa
1944 4010 2182 4079 pendere

588 4099 679 4141 res
713 4086 1026 4152 universas,
1060 4089 1375 4160 nullamque
1406 4106 1519 4147 rem
1544 4094 1717 4164 ipsam
1754 4112 1820 4153 ex
1852 4113 1972 4155 sese
1988 4115 2179 4157 essen-

587 4177 721 4232 tiam
777 4177 999 4243 hahere,
1033 4195 1209 4251 neque
1262 4182 1347 4238 sui
1379 4182 1555 4254 ipsius
1592 4187 1919 4259 principium
1955 4198 2009 4246 et
2055 4206 2181 4247 cau-

587 4283 704 4324 sam
730 4284 886 4336 esse,
937 4271 1031 4327 sed
1063 4287 1225 4328 unam
1273 4275 1493 4345 quidem
1564 4292 1689 4334 esse
1750 4288 1999 4337 naturam
2068 4300 2178 4340 non

589 4367 828 4416 creatam
903 4370 959 4418 et
1030 4366 1447 4436 sempiternam,
1498 4385 1623 4439 quae
1657 4387 1875 4443 semper
1925 4374 2178 4431 similiter

591 4456 647 4504 et
679 4450 870 4505 eodem
905 4453 1069 4509 modo
1123 4471 1247 4511 sese
1272 4456 1493 4523 habeat,
1535 4462 1684 4516 omni
1720 4464 2058 4521 intervallari
2092 4467 2178 4521 in-

2278 2004 2388 2041 των
2437 1986 2903 2058 διαφθειρόμενος.
2949 1986 3096 2057 Φημὶ
3146 1984 3326 2039 τοίνυν
3374 1985 3558 2050 καλῶς
3598 1985 3735 2057 ἔχειν
3779 1988 3843 2058 μὴ

2281 2076 2586 2151 ῥητορικῶς
2632 2096 2691 2131 τε
2741 2078 2837 2133 καὶ
2871 2075 3248 2147 ἀγωνιστικῶς
3297 2075 3462 2141 εὐθὺς
3511 2076 3649 2132 κατά
3688 2078 3843 2148 στόμα

2282 2173 2417 2245 πρὸς
2475 2171 2773 2237 ἀντιθέσεις
2835 2170 3278 2242 συμπλέκεσθαι,
3333 2170 3475 2225 ἀλλά
3533 2188 3651 2225 τινα
3706 2170 3841 2235 τάξιν

2279 2261 2568 2328 ἐπιθέντας
2595 2262 2673 2334 τῷ
2708 2261 2872 2334 λόγῳ,
2900 2262 2967 2316 δι’
2996 2259 3293 2316 ἀκολούθου
3322 2261 3587 2332 προάγειν
3613 2261 3707 2334 τήν
3730 2261 3843 2332 περὶ

2280 2350 2373 2406 τοῦ
2419 2352 2806 2425 προϐλήματος
2859 2350 3115 2424 θεωρίαν.
3169 2343 3267 2416 Τίς
3317 2347 3409 2407 οὖν
3465 2353 3499 2423 ή
3554 2352 3731 2419 τάξις;
3778 2353 3842 2406 Τὸ

2280 2442 2482 2513 γνῶναι
2530 2443 2745 2515 πρῶτον
2786 2444 2909 2498 ὅθεν
2954 2445 2990 2516 ή
3035 2443 3349 2516 ἀνθρωπίνη
3390 2444 3574 2513 φύσις,
3610 2447 3699 2499 καὶ
3733 2446 3842 2499 ὅτου

2281 2535 2441 2607 χάριν
2471 2531 2634 2607 ἦλθεν
2660 2537 2742 2605 είς
2771 2535 3003 2604 γένεσιν.
3038 2536 3099 2589 Εί
3132 2532 3241 2608 γάρ
3278 2535 3487 2590 τούτων
3520 2537 3593 2609 μή
3630 2538 3840 2611 διαμάρ-

2278 2643 2486 2697 τοιμεν,
2530 2625 2651 2679 οὐδὲ
2686 2626 2784 2697 τῆς
2825 2626 3195 2697 προκειμένης
3239 2628 3375 2699 ήμίν
3418 2627 3653 2701 θεωρίας
3678 2632 3840 2701 ήμαρ-

2278 2718 2505 2790 τηκότες
2552 2718 2809 2789 ἐσόμεθα.
2840 2718 2914 2771 T6
2953 2720 3050 2789 μὲν
3082 2714 3174 2772 οὖν
3207 2719 3431 2772 ὲκΘεοῦ
3463 2723 3571 2775 πᾶν
3600 2721 3627 2775 ὅ
3664 2721 3713 2774 τί
3749 2721 3842 2792 πέρ

2279 2810 2395 2863 ἑστι
2418 2808 2548 2880 ’μετ’
2581 2809 2742 2863 αὑτὸν
2773 2811 2829 2863 ἐν
2859 2813 2970 2874 τοῖς
3005 2804 3155 2864 οὖσιν
3190 2811 3247 2865 ὲν
3274 2813 3340 2884 τῇ
3376 2811 3537 2882 φύσει
3577 2813 3842 2885 νοούμενόν

2278 2919 2339 2955 τε
2386 2900 2482 2954 καὶ
2531 2900 2805 2972 ὁρώμενον
2861 2901 2923 2954 τὸ
2956 2899 3094 2955 εῖναι
3144 2901 3309 2973 ἔχειν,
3362 2905 3618 2975 περιττὸν
3657 2904 3720 2958 ἂν
3763 2902 3838 2976 εἴη

2279 2994 2423 3064 λόγῳ
2450 2992 2979 3057 κατασκευάζεσθαι,
3010 2992 3245 3061 οὐδενὸς,
3276 2990 3451 3067 οἶμαι,
3485 2996 3593 3051 τῶν
3617 2996 3841 3051 ὁπωσοῦν

2280 3083 2709 3155 ὲπεσκεμμένων
2759 3082 2858 3156 τήν
2908 3084 3015 3138 τῶν
3052 3084 3221 3140 ὄντων
3272 3087 3537 3158 ἀλήθειαν
3584 3088 3717 3159 πρὸς
3755 3087 3840 3158 τήν

2280 3175 2537 3247 τοιαύτην
2585 3175 2850 3246 ὑπόληψιν
2894 3175 3262 3248 ἐνισταμένου.
3328 3179 3695 3249 Ὀμολογεῖται
3747 3178 3841 3248 γὰρ

2282 3267 2434 3338 παρά
2478 3266 2716 3330 πάντων,
2772 3267 2900 3337 μιᾶς
2933 3266 3111 3331 αἰτίας
3140 3265 3368 3339 ὲξῆφθαι
3399 3269 3463 3322 τὸ
3495 3272 3620 3335 πᾶν,
3652 3270 3735 3322 καὶ
3764 3268 3842 3321 ού-

2279 3357 2371 3411 δὲν
2400 3357 2506 3411 τῶν
2531 3357 2698 3412 ὄντων
2731 3357 2896 3412 αὑτοῦ
2926 3357 2987 3423 ἐξ
3016 3359 3209 3413 ἑαυτοῦ
3254 3358 3318 3413 τὸ
3365 3355 3510 3415 εἶναι
3539 3362 3697 3434 ἔχειν,
3735 3359 3839 3413 οὐδὲ

2282 3450 2475 3503 ἑαυτοῦ
2504 3447 2643 3503 εἶναι
2683 3450 2859 3522 ἀρχήν
2885 3451 2979 3505 καὶ
3021 3451 3219 3517 αἰτίαν,
3253 3451 3389 3507 ἀλλά
3417 3454 3549 3525 μίαν
3579 3455 3673 3525 μὲν
3700 3453 3840 3523 φύσιν

2280 3537 2421 3595 εἶναι
2463 3542 2714 3596 ἄκτιστον
2768 3543 2860 3596 καὶ
2907 3541 3096 3607 ἀΐδιον,
3128 3542 3215 3597 ἀεὶ
3269 3544 3411 3598 κατά
3467 3545 3533 3599 τά
3586 3543 3719 3599 αύτά
3761 3543 3841 3596 καὶ

2279 3632 2541 3697 ὡσαύτως
2572 3634 2821 3704 ἔχουσαν,
2871 3635 3073 3699 παντὸς
3115 3634 3549 3708 διαστηματικοῦ
3596 3637 3838 3707 νοήματος

2282 3725 2707 3798 ὑπερκειμένην,
2751 3724 2957 3797 ἀναυξῆ
2986 3744 3107 3781 τινα
3151 3726 3244 3781 καὶ
3274 3728 3565 3798 ἀμείωτον,
3595 3729 3685 3783 καὶ
3719 3743 3838 3779 παν-

2282 3817 2372 3882 τὸς
2403 3818 2531 3889 ὅρου
2561 3817 2813 3872 ἐπέκεινα
2848 3818 3260 3891 θεωρουμένηνο
3299 3815 3368 3894 ἧς
3399 3820 3584 3892 ἔργον,
3619 3820 3707 3875 καὶ
3733 3818 3842 3891 χρό-

2283 3926 2392 3973 νος,
2427 3908 2522 3962 καὶ
2553 3909 2734 3973 τόπος,
2768 3911 2861 3964 καὶ
2888 3910 2957 3964 τά
3000 3911 3093 3965 ἐπὶ
3126 3910 3337 3976 τούτοις
3366 3913 3562 3979 πάντα,
3611 3913 3700 3967 καὶ
3723 3913 3774 3964 εἴ
3795 3925 3839 3963 τι

2285 4001 2391 4072 πρὸ
2436 4000 2639 4057 τούτων
2671 4000 3077 4073 καταλαμϐάνει
3122 4005 3156 4075 ή
3199 4003 3375 4059 ἔννοια
3420 4007 3610 4079 νοητόν
3660 4021 3713 4058 τε
3758 4001 3840 4056 καὶ

2283 4094 2672 4167 ὑπερκόσμιον.
2714 4096 2810 4148 Ἐν
2837 4096 2893 4150 δὲ
2935 4095 3042 4149 τῶν
3071 4097 3372 4165 γεγονότων
3406 4099 3503 4152 καὶ
3532 4097 3628 4169 τήν
3655 4095 3841 4166 ἀνθρωο

2238 4252 2242 4259 β
2284 4189 2446 4258 πίνην
2475 4186 2634 4254 φύσιν
2659 4180 2798 4240 εἷναί
2828 4205 3031 4260 φαμεν,
3059 4186 3202 4262 λόγῳ
3234 4190 3340 4245 τινὶ
3364 4192 3465 4262 τῆς
3504 4190 3837 4245 θεοπνεύστου

2280 4278 2627 4344 διδασκαλίας
2647 4280 2826 4352 ὁδηγῷ
2853 4281 2989 4354 πρὸς
3017 4281 3176 4336 τοῦτο
3207 4283 3617 4355 συγχρώμενοι⁹
3646 4285 3701 4347 ὅς
3722 4297 3838 4351 φησι

2281 4372 2503 4426 πάντων
2525 4372 2676 4440 παρά
2698 4372 2793 4425 τοῦ
2816 4372 2951 4426 Θεοῦ
2979 4374 3372 4446 παραχθέντων
3400 4377 3484 4440 είς
3508 4375 3733 4444 γένεσιν,
3758 4368 3840 4424 καὶ

2278 4463 2371 4517 τὸν
2402 4463 2684 4534 ἄνθρωπον
2716 4463 2809 4516 ἐπὶ
2840 4465 2939 4535 τῆς
2982 4464 3088 4536 γῆς
3140 4465 3547 4538 ἀναδειχθῆναι,
3576 4466 3633 4534 ἐξ
3672 4468 3838 4536 ἑτερο-

592 4538 815 4594 tellectu
867 4542 1140 4609 superior,
1191 4542 1514 4601 incrementi
1559 4547 2050 4622 diminutionisque
2078 4568 2175 4609 et-

2280 4555 2455 4624 γενῶν
2506 4557 2951 4628 συγκεκραμένον
2997 4559 3097 4629 τὴν
3132 4558 3313 4628 φύσιν,
3347 4559 3450 4630 τῆς
3481 4559 3629 4623 θείας
3673 4575 3728 4611 τε
3757 4556 3839 4609 καὶ

593 4644 744 4700 pers,
771 4645 893 4700 qua:
919 4631 1061 4685 ultra
1086 4647 1302 4688 omnem
1337 4636 1629 4690 terminum
1650 4654 1775 4695 esse
1803 4643 2178 4722 conspiciatur

2278 4650 2473 4720 νοερᾶς
2500 4649 2706 4715 οὐσίας,
2727 4650 2863 4721 πρὸς
2888 4650 2985 4722 τὴν
3018 4652 3248 4707 ἑκάστου
3272 4652 3378 4706 τῶν
3414 4652 3688 4724 στοιχείων
3708 4647 3839 4717 αὐτῷ

591 4730 649 4777 et
693 4721 1030 4792 intelligatur
1064 4741 1077 4778 :
1110 4724 1270 4793 cujus
1315 4742 1454 4797 opus
1489 4728 1560 4783 sit
1592 4738 1644 4784 et
1673 4738 1886 4801 tempus
1929 4743 1986 4789 et
2023 4735 2176 4794 locus

591 4822 648 4871 et
687 4813 775 4871 his
805 4816 1197 4886 consequentia
1226 4820 1433 4885 omnia,
1481 4834 1545 4875 ac
1570 4822 1615 4878 si
1648 4822 1780 4892 quid
1802 4831 1928 4880 ante
1946 4826 2060 4882 haec
2081 4843 2177 4883 co-

589 4906 783 4976 gitatio
820 4908 1255 4978 comprehendit,
1288 4917 1405 4965 tum
1452 4912 1568 4967 sola
1603 4922 1786 4969 mente
1813 4919 2175 4988 comprehen-

588 4997 766 5063 sibile,
804 5007 919 5054 tum
963 5001 1490 5070 supramundanum.
1550 5002 1727 5059 Unum
1775 5018 1959 5063 autem
2007 5012 2174 5069 exiis

587 5105 708 5158 qua:
758 5090 903 5148 facta
936 5099 1087 5158 sunt,
1124 5101 1377 5150 naturam
1436 5111 1659 5168 quoque
1701 5099 1996 5156 humanam
2045 5119 2170 5161 esse

584 5181 843 5250 dicimus,
900 5186 1151 5242 oratione
1199 5186 1438 5257 quadam
1497 5190 1698 5248 divinae
1726 5192 1991 5251 doctrina:
2030 5194 2171 5253 duce

588 5273 656 5328 ad
677 5274 780 5331 hoc
800 5284 1053 5335 utentes:
1079 5294 1203 5351 quae
1231 5281 1328 5349 ait,
1352 5282 1610 5340 omnibus
1640 5291 1671 5340 a
1708 5284 1817 5343 Deo
1840 5287 1907 5342 ad
1935 5303 2169 5360 genera-

588 5365 790 5421 tionem
834 5369 1144 5439 productis,
1193 5372 1471 5431 hominem
1502 5392 1723 5448 quoque
1765 5391 1933 5451 super
1963 5387 2168 5438 terram

586 5463 832 5511 creatum
870 5474 1013 5523 esse,
1037 5463 1201 5533 cuius
1220 5474 1422 5521 natura
1444 5481 1510 5523 ex
1525 5466 1727 5527 diversi
1747 5472 1966 5540 generis
1998 5473 2166 5531 rebus

587 5552 993 5614 contemperata
1022 5551 1114 5618 sit,
1155 5552 1338 5610 divina
1370 5556 1838 5631 intellectualique
1866 5570 2061 5619 natura
2095 5565 2166 5622 ad

588 5644 705 5687 eam
749 5649 870 5703 quae
897 5640 1164 5712 cujusque
1192 5647 1444 5703 elementi
1483 5650 1534 5705 ei
1563 5652 1875 5710 contributa
1903 5663 2008 5724 est,
2038 5671 2167 5729 pora

663 5804 684 5834 ³
715 5804 880 5869 Rom.
909 5829 962 5869 xi
985 5853 1000 5879 ,
1032 5815 1119 5870 5'5.
1195 5827 1217 5850 '
1255 5821 1276 5874 ι
1305 5822 1430 5880 Cor.
1465 5842 1538 5892 ιι,
1574 5829 1670 5884 10.

2280 4744 2754 4815 συνερανισθεῑσαν
2786 4744 2980 4815 μοῖραν
3018 4743 3451 4815 καταμιχθείσης
3470 4762 3483 4775 ·
3522 4742 3762 4813 γενέσθαι
3789 4739 3838 4791 δὲ

2275 4834 2465 4889 τοῦτον
2514 4835 2665 4907 παρὰ
2708 4833 2801 4888 τοῦ
2848 4834 3248 4906 πεποιηκότος,
3294 4836 3380 4905 ἐφ’
3431 4830 3537 4904 ᾧτε
3587 4831 3717 4889 εἶναι
3751 4833 3837 4900 τῆς

2275 4925 2424 4991 θείας
2473 4943 2532 4979 τε
2584 4927 2679 4981 καὶ
2722 4926 3127 4999 ὑπερκειμένης
3182 4926 3465 4996 δυνάμεως
3515 4923 3746 4997 ἔμψυχόν
3789 4935 3835 4973 τι

2273 5018 2542 5088 ὁμοίωμα.
2591 5018 2806 5073 Βέλτιον
2853 5019 2897 5073 δ’
2944 5018 3015 5073 ἂν
3062 5020 3145 5091 εἴη
3184 5019 3281 5073 καὶ
3320 5019 3490 5091 αὐτὴν
3518 5011 3837 5084 παραθέσθαι

2272 5106 2372 5178 τήν
2415 5104 2561 5175 λέξιν
2588 5107 2816 5180 ἔχουσαν
2856 5107 3068 5173 οὕτως*
3104 5127 3124 5161 ι
3171 5109 3282 5163 Καὶ
3328 5108 3575 5178 ἐποίησε,
3614 5124 3634 5158 ›
3667 5101 3832 5173 φησὶν.

2279 5216 2299 5250 ι
2334 5198 2364 5251 6
2398 5197 2532 5266 Θεὸς
2572 5200 2666 5255 τὸν
2712 5199 2999 5274 ἄνθρωπον
3024 5217 3039 5232 ο
3082 5202 3202 5255 κατ’
3227 5200 3410 5255 είκόνα
3434 5198 3569 5254 Θεοῦ
3601 5195 3834 5263 ἐποίησεν

2274 5293 2457 5350 αὐτόν.
2496 5313 2516 5347 r
2551 5295 2663 5368 Τὴν
2702 5295 2767 5350 δὲ
2798 5295 2976 5349 αίτίαν
3019 5295 3122 5366 τῆς
3150 5293 3246 5349 τοῦ
3287 5292 3429 5359 ζώου
3459 5291 3647 5348 τούτου
3689 5300 3835 5342 κατα·

2275 5388 2495 5459 σκευῆς,
2528 5388 2639 5443 τῶν
2667 5388 2775 5460 πρὸ
2821 5388 2980 5460 ήμῶν
3005 5404 3152 5453 τινες
3183 5388 3389 5460 ταύτην
3430 5382 3831 5442 ἀποδεδώκασιν.

2272 5478 2356 5533 ὅτι
2398 5479 2522 5551 διχῆ
2573 5479 2909 5552 διῃρημένης
2956 5479 3059 5550 τῆς
3111 5480 3347 5544 κτίσεως
3406 5478 3616 5546 πάσης,
3669 5466 3834 5531 καθώς

2273 5588 2439 5643 φησιν
2458 5575 2489 5626 6
2518 5573 2861 5639 ’Δπόστολος,
2899 5576 2979 5638 εἰς
3004 5573 3066 5628 τὸ
3107 5574 3302 5646 ὁρατόν
3343 5589 3404 5626 τε
3446 5569 3541 5624 καὶ
3587 5566 3832 5637 ἀόρατον⁹

2275 5663 2597 5734 σημαίνεται
2611 5663 2699 5718 διά
2726 5668 2824 5736 μὲν
2846 5663 2939 5718 τοῦ
2952 5664 3211 5738 ἀοράτου,
3224 5672 3288 5719 το
3305 5663 3492 5736 νοητὸν
3513 5659 3608 5715 καὶ
3622 5654 3829 5725 dumtta-
