2053 3213
215 181 268 210 απ.
604 174 646 202 DE
664 172 871 202 lNFANTlBUS
889 171 949 204 Qui
966 169 1194 197 Pli/EMATURE
1210 167 1456 196 ABIlIPlUNTUR.
1799 165 1846 192 174

215 237 324 268 τοψδιὰ
337 236 366 264 δὲ
378 236 426 264 τοῦ
441 234 580 271 ὁρατοῦ,τὸ
590 233 718 268 αἰσθητόν
731 241 760 258 τε
778 232 823 258 καὶ
840 229 1013 265 σωματῶδες.

1080 230 1168 255 ioncm
1197 226 1312 252 admista
1332 235 1337 252 :
1357 226 1428 252 hunc
1446 230 1535 251 autem
1562 224 1663 251 idcirco
1677 224 1776 250 factum
1790 231 1852 251 esse

218 295 235 315 ι
246 286 391 317 Creatorc,
416 288 447 311 ut
468 288 542 311 esset
566 282 667 309 divina:
683 286 764 315 atque
786 287 894 314 supera:
911 278 1190 306 vn'tutis'animatum
1205 273 1342 309 quoddam
1367 273 1554 300 simulacrum.
1568 271 1747 298 Commodius
1761 275 1851 297 autem

219 334 301 362 tuerit
313 332 397 361 etiam
410 332 498 367 ipsam
511 331 538 357 in
553 329 671 357 medium
686 329 783 356 aﬂerre
793 328 952 361 dictionem,
971 334 1031 362 quae
1046 325 1110 352 talis
1125 327 1168 352 est
1185 333 1190 350 :
1207 332 1216 348 ι
1235 322 1267 349 Ει
1282 321 1355 353 fecit,
1377 330 1387 346 ι
1407 320 1506 355 inquit,
1529 330 1537 345 ‹
1555 320 1625 347 Deus
1645 320 1793 352 hominem,
1810 327 1853 346 sc-

218 380 338 410 cundum
354 366 502 413 imaginem
518 376 565 404 Dei
582 376 645 403 iecit
656 383 718 402 eum
735 375 757 402 ⁵.
775 385 784 401 ι
804 374 891 401 Porro
903 380 1014 400 Causam
1035 370 1183 399 crcationis
1201 369 1283 404 hujus
1301 366 1438 401 animalis,
1458 366 1567 400 quidam
1591 374 1684 393 eorum
1710 366 1757 400 qui
1789 369 1853 392 ante

219 433 271 455 nos
288 411 497 456 {uernum—hanc
511 422 700 454 reddiderunt,
718 421 791 457 quod
809 428 870 448 cum
891 419 1019 447 bifariam
1051 417 1139 446 divisa
1165 416 1201 443 sit
1224 414 1314 442 omnis
1342 417 1478 444 creatura,
1505 411 1732 447 quemadmodum
1765 411 1853 447 inquit

219 471 382 508 Apostolus.
398 470 426 497 in
443 469 551 497 visibile
564 469 671 497 scilicet
683 473 709 496 et
732 468 870 496 invisibile
887 476 894 493 :
914 474 963 502 per
974 464 1114 493 invisibile
1137 463 1259 498 quidem,
1276 460 1303 489 id
1341 460 1413 495 quod
1449 463 1538 487 mente
1551 459 1652 494 percipi
1691 462 1789 494 potest,
1826 462 1854 484 ct

222 519 436 553 incorporeum;
452 523 501 550 per
512 515 620 543 visibiie
634 519 725 542 autem
738 514 869 542 sensibile
882 517 909 541 et
923 519 1086 548 corporeum
1107 510 1288 545 signiﬁcatur.

254 565 304 598 Et;
315 565 362 593 δύο
375 564 465 592 τοίνυν
477 563 562 591 ταῦτα
576 564 749 599 διῃρημένων
770 563 880 590 πάντων
897 563 951 589 τῶν
965 563 1010 590 δν-

218 619 286 642 των,
299 610 339 642 εἷς
348 609 422 637 τετὸ
436 608 573 644 αἰσθητὸν,
584 608 665 643 λέγω,
680 609 728 635 καὶ
739 609 779 640 εἰς
791 611 822 635 τὸ
835 609 893 635 κατ’
908 608 1012 635 ἔννοιαν

221 656 422 692 θεωροῦμενον·
436 655 484 682 καὶ
498 655 547 689 τῆς
563 654 612 689 μὲν
627 654 774 690 ἀγγελικῆς
790 663 819 681 τε
835 655 882 682 καὶ⁸
899 655 1013 690 ἀσωμά-

221 711 269 730 m
285 701 402 738 φύσεως,
417 702 477 737 ἥτις
489 701 543 728 τῶν
556 701 689 736 ἀοράτων,
705 701 734 727 ἑν
748 703 803 732 τοῖς
816 701 1012 738 ὑπερκοσμίοις

221 756 254 776 τε
265 749 313 776 καὶ
326 748 530 784 ὑπερουρανίοις
545 747 735 783 διαιτωμένης,
747 747 790 775 διὰ
803 747 833 774 τὺ
847 747 1014 783 κατάλληλον

224 791 295 822 εἶναι
311 795 346 829 τῇ
360 793 440 829 φύσει
454 793 485 820 τὸ
499 792 657 828 ἐνδιαίτημα
673 792 701 828 (ἦ
721 801 750 819 τε
765 791 821 828 γὰρ
836 792 916 827 νοερὰ
935 792 1015 826 φύσις

223 839 310 876 λεπτή
334 849 376 872 τις
392 840 438 867 καὶ
457 839 565 875 καθαρὰ
591 839 639 866 καὶ
663 839 769 875 ἀϐαρὴς
792 839 839 866 καὶ.
863 839 1014 875 εὐκίνητος,

223 886 256 914 τό
277 894 308 914 τε
323 885 447 922 οὐράνιον
469 885 549 921 σῶμα
571 885 668 912 λεπτόν
681 894 711 912 τε
727 884 773 911 καὶ
786 885 886 919 κοῦφον
902 885 950 912 καὶ
961 885 1018 911 ἀει-

225 931 346 968 κίνητον)
359 940 366 948 ·
382 932 430 967 τῆς
449 932 477 959 δὲ
490 932 551 967 γῆς,
565 931 578 957 ὂ
591 931 622 966 δὴ
631 931 685 957 τῶν
699 930 834 966 αἰσθητῶν
848 932 920 957 ἐστιν
936 930 1016 966 ἔσχα-

223 985 283 1011 τον,
296 976 403 1008 οἰκείως
418 985 448 1004 τε
458 977 506 1003 καὶ
524 976 697 1011 κᾶταλλήλως
709 976 778 1010 πρὸς
789 977 839 1012 τὴν
851 976 905 1002 τῶν
915 976 1017 1011 νοητῶν

225 1024 256 1060 tv
271 1024 342 1059 αὐτῇ
354 1023 492 1058 διαγωγὴν
506 1022 556 1049 οὐκ
571 1021 700 1057 ἐχούσης·
718 1022 770 1057 (τίς
789 1023 843 1058 γὰρ
858 1022 891 1049 ἂν
914 1022 1019 1056 γένοιτο

224 1069 275 1097 τοῦ
292 1068 449 1104 ἀνωφεροῦς
464 1077 494 1095 τε
513 1068 560 1095 καὶ
584 1067 687 1103 κούφου
712 1069 780 1103 πρὸς
795 1068 825 1095 τὺ
841 1068 910 1104 βαρύ
928 1077 957 1095 τε
972 1069 1019 1095 καὶ

227 1113 356 1150 ἐμϐριθὲς
373 1114 533 1148 κοινωνίιη)
554 1114 591 1145 ὡς
611 1113 644 1141 ἂν
666 1114 702 1149 μὴ
723 1114 833 1145 τελείως
855 1115 967 1150 ἄμοιρός
989 1123 1019 1141 τε

227 1161 276 1189 x31
290 1160 444 1196 ἀπόκληρος
458 1161 474 1196 ἡ
491 1159 528 1195 γῆ
541 1159 592 1194 τῆς
606 1161 702 1195 νοερᾶς
715 1169 744 1186 τε
759 1160 807 1187 καὶ
821 1160 966 1194 ἀσωμάτου
982 1162 1021 1188 δι-

230 1206 343 1242 αγωτῆς
359 1205 413 1241 εἴη,
428 1205 523 1233 τούτου
546 1205 624 1241 χάριν
645 1205 801 1242 προμηθείᾳ
822 1206 956 1241 κρείττονι
972 1206 1021 1242 τὴν

228 1251 402 1288 ἀνθρωπίνην
417 1251 548 1287 συστῆναι
564 1252 685 1285 γένεσιν,
702 1252 735 1286 τῇ
754 1251 834 1286 νοερᾷ
852 1259 881 1277 τε
900 1251 946 1278 καὶ
963 1250 1023 1287 θείᾳ

227 1298 280 1334 τῆς
295 1298 382 1334 ψυχῆς
394 1297 473 1333 οὐσίᾳ.
485 1297 535 1330 τῆς
547 1298 644 1333 γηῖνης
659 1297 756 1333 μοίρας
779 1296 1020 1332 περιπλασοείσης,

229 1344 269 1377 ὡς
279 1343 313 1371 ἂν
323 1344 356 1379 τῇ
373 1343 441 1380 πρὸς
451 1343 480 1370 τὸ
497 1342 625 1378 ἐμϐριθές
631 1351 660 1368 τε
668 1343 713 1369 καὶ
728 1342 890 1377 σωματῶδες
901 1343 1023 1377 συμφυτᾳ

229 1389 406 1425 καταλλήλως
421 1389 519 1425 ἡψυχὴ
535 1388 573 1424 τῷ
585 1388 707 1424 στοιχείῳ
726 1388 776 1423 τῆς
792 1388 843 1423 γῆς
860 1387 1022 1423 ὲμϐιοτεύοι,

231 1435 348 1472 ἐχούσης
368 1444 395 1462 τι
425 1435 493 1471 πρὸς
513 1434 562 1470 τὴν
587 1434 637 1469 τῆς
657 1434 755 1469 σαρκὸς
779 1434 873 1460 οὐσίαν
894 1433 1023 1467 συγγενὲς

231 1482 282 1510 καὶ
296 1480 440 1518 ὁμόφυλον.
458 1481 562 1512 Σκοπὸς
584 1480 611 1507 δὲ
626 1480 679 1507 τῶν
696 1480 844 1516 γινομένων
865 1480 933 1512 ἐστὶ,
953 1479 983 1506 τὸ
996 1481 1024 1507 ὲν

231 1529 309 1565 πάσῃ
332 1529 365 1565 τῇ
388 1528 476 1555 κτίσει
501 1527 545 1555 διὰ
571 1528 620 1563 τῆς
643 1528 740 1563 νοερᾶς
763 1527 871 1562 φύσεως
904 1528 954 1562 τὴν
977 1527 1024 1554 τοῦ

231 1574 335 1607 παντὸς
357 1574 559 1610 ὑπερκειμένην
584 1573 742 1607 δοξάζεσθαι
769 1573 894 1609 δύναμιν,
916 1573 970 1600 τῶν
992 1582 1022 1600 τε

231 1621 402 1658 ιπουρανίων
416 1622 461 1649 καὶ
486 1620 541 1648 τῶν
554 1620 714 1656 ἐπιχθονίων
728 1620 772 1648 διὰ
787 1620 837 1656 τῆς
849 1619 934 1656 αὐτῆς
949 1620 1024 1655 ἐνερ-

232 1667 312 1702 γείας
325 1666 406 1704 (λέγω
419 1667 448 1694 δὲ
461 1666 506 1694 διὰ
520 1666 568 1694 τοῦ
585 1667 653 1703 πρὸς
669 1666 714 1693 τὸν
726 1666 792 1693 Θεὸν
808 1666 927 1702 βλέπειν)
943 1666 1024 1701 ἀλλή-

232 1713 292 1746 bs;
316 1712 384 1749 πρὸς
403 1713 450 1740 τὸν
465 1713 547 1741 αὐτὸν
572 1712 674 1739 σκοπὸν
692 1711 911 1747 συναπτομένων.
939 1712 972 1738 Ἦ
996 1712 1025 1738 δὲ

232 1758 283 1787 τοῦ
311 1758 418 1794 βλέπειν
442 1758 511 1794 πρὸς
535 1758 580 1785 τὸν
610 1758 676 1785 Θεὸν
713 1758 838 1793 ἐνέργεια
864 1758 940 1785 οὐδὲν
962 1758 1026 1785 ἄλλο

233 1804 322 1836 ιστὶν,
335 1803 353 1840 ἢ
368 1803 425 1839 ζωὴ
440 1804 474 1840 τῇ
495 1804 576 1840 νοερᾷ
592 1804 672 1838 φύσει
693 1803 798 1831 ὲοικυῖά
819 1812 849 1830 τε
863 1804 911 1830 καὶ
926 1803 1024 1830 κατάλ-

235 1849 326 1886 ληλος.
353 1849 460 1885 Ὠσπερ
483 1849 537 1885 γὰρ
560 1849 595 1877 τὰ
619 1849 733 1885 σώματα
757 1850 840 1885 γήϊνα
863 1849 937 1881 ὅντα,
965 1851 1026 1881 ταῖς

234 1894 346 1931 γηΐναις
374 1895 559 1931 ᾰακρατεῖται
582 1897 713 1931 τροφαῖς,
740 1896 786 1923 καί
814 1905 839 1923 τι
864 1896 1027 1932 σωματῶδες

235 1940 312 1977 ζωῆς
332 1939 400 1973 εἶδος
419 1941 450 1967 ὲν
472 1941 578 1973 τούτοις
600 1941 857 1976 καταλαμϐάνομεν,
874 1942 975 1976 ὁμοίως
998 1942 1027 1968 ὲν

236 1987 346 2022 ἀλόγοις
367 1995 397 2014 τε
421 1987 468 2015 καὶ
488 1986 606 2021 λογικοῖς
630 1987 840 2023 ὲνεργούμενον·
858 1987 945 2019 οὕτως
959 1985 1028 2014 εἶναι

235 2041 299 2060 τινα
313 2032 366 2069 χρὴ
377 2033 424 2061 καὶ
439 2032 536 2069 νοητὴν
557 2033 629 2069 ζωὴν
644 2033 829 2065 ὑποτίθεσθαι,
842 2033 875 2060 δι’
898 2031 932 2069 ἦς
947 2034 975 2060 ὲν
990 2032 1028 2068 τῷ

236 2077 295 2106 ἆντι
310 2078 481 2114 συντηρείται
496 2078 512 2113 ἡ
527 2078 616 2113 φύσις.
633 2077 666 2103 Et
681 2077 708 2104 δὲ
720 2079 737 2113 ἡ
749 2078 800 2112 τῆς
822 2078 922 2113 σαρκὸς
931 2078 1028 2112 τροφὴ,

237 2123 384 2162 ὲπίρῥυτός
400 2132 442 2157 τις
455 2121 523 2151 οὖσα
540 2124 587 2150 καὶ
602 2124 785 2159 ἀπορρέουσα,
805 2123 839 2149 δι’
857 2123 942 2158 αὐτῆς
957 2131 1029 2158 παρ-

237 2170 299 2198 όδου
311 2169 425 2206 δύναμιν
436 2178 498 2196 τινα
508 2169 626 2205 ζωτικὴν
646 2169 833 2196 ἐναποτίθεται
849 2166 890 2201 οἷς
904 2169 937 2195 ἂν
951 2169 1031 2204 γένη-

1101 560 1168 587 Cum
1190 558 1273 593 igitur
1296 557 1322 584 in
1346 557 1402 583 inec
1425 555 1479 583 duo
1496 554 1584 582 divisa
1606 556 1662 581 siut
1685 553 1776 581 omnia
1796 562 1857 588 qua:

1067 611 1142 638 sunt,
1172 605 1197 632 in
1228 604 1368 636 sensibile,
1397 603 1519 637 inquam,
1551 605 1577 628 et
1603 601 1630 628 in
1654 601 1681 628 id
1707 600 1780 635 quod
1808 608 1857 635 per

1067 651 1169 678 mentis
1200 649 1378 685 agitationem
1397 652 1424 676 et
1451 647 1647 682 cogitationem
1664 646 1858 674 consideratur

1067 700 1095 724 et
1107 695 1283 730 intelligitur,
1303 698 1385 729 atque
1405 693 1527 728 angelica
1548 691 1658 727 quidem
1683 695 1710 720 et
1728 692 1858 727 incorpo-

1069 749 1115 769 rea
1136 745 1252 773 natura,
1273 747 1335 775 qua:
1358 747 1391 766 ex
1419 737 1604 766 invisibilibus
1629 742 1682 770 est,
1710 737 1738 764 in
1764 744 1861 772 supra-

1070 786 1218 815 mundanis
1233 790 1261 814 et
1276 784 1522 820 supercoelestlbus
1537 783 1663 818 partibus
1690 783 1859 810 domicilium

1033 856 1054 883 Β
1071 834 1180 866 habeat,
1202 837 1347 868 propterea
1370 830 1443 867 qttod
1459 838 1491 858 ca
1510 830 1590 858 sedes
1605 829 1643 857 illi
1675 833 1780 856 natura!
1794 837 1861 857 con-

1071 881 1185 907 veniens
1209 882 1236 907 et
1262 877 1471 905 accommodata
1493 876 1529 904 sit
1559 876 1642 909 (nam
1668 875 1738 902 sicut
1765 879 1861 902 natura

1072 924 1265 954 intellectualis
1280 924 1371 951 tenuis
1384 922 1520 958 quaedam,
1535 929 1613 957 pura,
1626 921 1755 956 ponderis
1766 929 1863 956 expers

1071 977 1098 1000 et
1125 972 1204 1008 agilis
1229 975 1281 1003 est,
1309 971 1348 997 ita
1373 976 1477 1005 corpus
1499 975 1609 1003 quoque
1627 968 1749 1001 caeleste,
1771 972 1862 995 tenue.

1073 1020 1130 1047 leve
1147 1023 1174 1046 et
1190 1025 1298 1052 semper
1313 1016 1414 1043 mobile
1433 1015 1486 1049 est)
1504 1023 1510 1041 :
1529 1018 1602 1041 terra
1620 1017 1722 1046 autem,
1744 1021 1804 1049 quae
1817 1022 1864 1040 cx-

1074 1071 1190 1092 tremnm
1209 1064 1339 1091 nimirum
1359 1069 1391 1088 cx
1411 1060 1590 1088 sensibilibus
1607 1064 1659 1091 est,
1684 1067 1746 1086 cum
1763 1059 1796 1085 ad
1814 1059 1865 1086 hor,

1074 1117 1136 1146 apta
1165 1115 1246 1145 atque
1262 1107 1470 1136 accommodata
1487 1114 1541 1133 non
1564 1106 1609 1136 sit,
1628 1109 1657 1132 ut
1676 1106 1702 1132 in
1719 1113 1749 1133 ea
1765 1106 1865 1141 degant

1074 1165 1106 1184 ea
1121 1164 1181 1192 quae
1195 1156 1252 1183 sola
1273 1159 1364 1182 mente
1379 1152 1671 1188 comprehenduntur:
1688 1152 1778 1186 (quam
1792 1152 1866 1179 cnim

1074 1202 1296 1230 communionem
1314 1200 1413 1227 habeat
1429 1198 1455 1225 id
1471 1198 1544 1234 quod
1570 1198 1629 1225 leve
1649 1202 1691 1225 est
1713 1205 1744 1224 ac
1757 1205 1865 1224 sursum

1076 1248 1172 1279 fertur,
1196 1254 1259 1275 cum
1284 1253 1316 1274 eo
1335 1246 1407 1281 quod
1434 1252 1516 1281 grave
1536 1251 1566 1271 ac
1587 1243 1771 1279 ponderosum
1787 1244 1866 1278 est?)

1077 1302 1111 1321 ne
1132 1297 1205 1320 terra
1237 1292 1346 1327 penitus
1373 1299 1472 1326 expers
1497 1299 1530 1319 ac
1550 1300 1638 1320 vacua
1664 1297 1738 1320 esset
1764 1292 1798 1319 ab
1824 1292 1867 1318 in—

1079 1338 1223 1367 lellectuali
1255 1341 1282 1365 et
1318 1338 1479 1372 incorporea
1508 1338 1735 1370 conversatione,
1765 1338 1868 1365 idcirco

1077 1384 1248 1419 providentia
1275 1383 1392 1414 meliori,
1418 1390 1481 1410 cum
1508 1383 1688 1411 intellectuali
1716 1384 1870 1418 divinaeque

1078 1431 1176 1458 anima:
1200 1433 1303 1456 naturae
1328 1433 1435 1465 terrena
1460 1429 1550 1463 portio
1577 1429 1745 1456 circumdata
1769 1435 1795 1457 et
1820 1430 1870 1457 0!:—

1079 1477 1160 1503 ducta
1184 1479 1272 1508 essct,‘
1294 1475 1370 1502 aiunt
1392 1476 1538 1501 humanam
1563 1474 1709 1502 conﬂatam
1737 1483 1800 1504 esse
1821 1484 1871 1503 na-

1079 1527 1181 1555 turam,
1215 1525 1243 1548 ut
1275 1528 1323 1555 per
1349 1528 1408 1548 eam
1438 1528 1491 1556 qua
1511 1528 1573 1548 cum
1602 1521 1721 1556 pondere
1746 1522 1871 1556 corporis

1080 1568 1184 1596 coaluit
1210 1567 1445 1602 coniunctionem,
1467 1571 1531 1602 apte
1557 1571 1639 1602 atque
1665 1569 1872 1596 accommodate

1078 1616 1182 1642 viveret
1204 1614 1296 1641 anima
1328 1613 1356 1641 in
1386 1614 1524 1641 elemento
1546 1620 1636 1646 terrae.
1663 1623 1724 1650 qua:
1747 1615 1872 1642 nonnihil

1079 1661 1252 1696 cognationis
1269 1665 1295 1687 et
1312 1659 1453 1688 aibnitatis
1468 1660 1551 1688 habet
1566 1669 1628 1688 cum
1652 1665 1752 1688 natura
1768 1661 1873 1688 carnis.

1079 1706 1142 1734 llaec
1162 1712 1252 1734 autem
1278 1707 1372 1733 omnia
1397 1706 1450 1733 huc
1473 1710 1617 1741 spectant,
1644 1712 1672 1734 ut
1694 1707 1823 1734 nimirum
1846 1708 1872 1733 in

1079 1753 1153 1780 omni
1174 1757 1302 1780 creatura
1326 1760 1374 1787 per
1395 1752 1610 1780 intellectualem
1630 1756 1757 1779 naturam
1787 1753 1873 1788 glori"

1080 1800 1209 1827 ﬂcaretur
1231 1803 1258 1826 et
1281 1799 1469 1826 celebraretur
1486 1806 1518 1826 ea
1532 1799 1621 1826 virtus
1637 1803 1664 1826 et
1678 1803 1799 1834 potestas
1814 1807 1875 1834 quae

1080 1852 1163 1879 supra
1191 1843 1320 1879 praesidet
1337 1843 1420 1871 rebus
1441 1843 1588 1875 universis,
1617 1847 1674 1870 tum
1704 1844 1873 1876 coelestibus,

1080 1896 1137 1919 tum
1161 1891 1350 1922 terrestribus,
1380 1898 1429 1925 per
1452 1891 1577 1918 eamdem
1606 1889 1777 1918 eﬂlcientiam
1802 1891 1876 1925 (dico

1081 1943 1170 1966 autem
1191 1945 1239 1972 per
1259 1938 1321 1970 hoc,
1349 1941 1378 1964 ut
1398 1936 1432 1964 ad
1459 1936 1543 1964 Deum
1563 1937 1723 1972 respiciant)
1756 1936 1789 1963 ad
1805 1944 1877 1964 eam~

1081 1985 1142 2012 dem
1161 1985 1341 2012 intentionem
1363 1983 1434 2010 inter
1453 1990 1514 2011 sese
1533 1982 1699 2017 conjunctis.
1716 1982 1803 2010 Porro
1820 1982 1877 2010 etii-

1082 2031 1183 2059 cientia
1208 2030 1374 2066 respiciendi
1388 2030 1422 2058 ad
1441 2029 1537 2062 Deum,
1553 2029 1623 2056 nihil
1645 2029 1776 2056 estaliud
1794 2036 1876 2064 quam

1082 2078 1139 2104 vita
1165 2076 1343 2104 intellectuali
1368 2079 1474 2102 naturae
1490 2074 1657 2102 conveniens
1678 2078 1705 2102 et
1721 2081 1877 2101 accommo-

1083 2123 1157 2150 data.
1169 2122 1405 2156 Quemadmodum
1417 2121 1490 2149 enim
1507 2123 1615 2147 terrena
1630 2127 1746 2154 corpora
1761 2120 1878 2147 terrenis

1085 2171 1288 2196 conservantur
1303 2166 1384 2199 cibis,
1397 2173 1429 2193 ac
1442 2172 1604 2200 c0rpoream
1629 2164 1775 2200 quamdam
1790 2165 1818 2192 in
1834 2166 1877 2193 his

237 2223 301 2244 ται·
319 2215 396 2251 πόσῳ
411 2215 510 2252 μᾶλλον
525 2217 542 2251 ἡ
567 2215 697 2251 μετουσία
718 2214 765 2241 τοῦ
782 2214 866 2247 ὅντως
883 2214 970 2246 ὄντος,
984 2214 1025 2241 τοῐ

1084 2214 1146 2242 vita:
1160 2214 1280 2248 speciem
1291 2212 1533 2247 deprehendimus,
1549 2218 1610 2246 quae
1625 2210 1653 2238 in
1670 2211 1758 2239 brutis
1774 2212 1878 2246 pariter

239 2261 286 2292 ἀεὶ
303 2261 428 2298 μένοντος
449 2261 496 2289 καὶ
518 2262 632 2289 πάντοτε
654 2262 786 2293 ὡσαύτως
808 2261 925 2297 ἔχοντος.
943 2262 972 2287 ὲν
993 2261 1032 2296 τῷ

238 2305 311 2336 εἶναι
327 2307 458 2342 φυλάσσει
473 2307 518 2334 τὸν
540 2308 724 2343 μετασχόνταῑ
751 2308 782 2335 Et
801 2305 848 2334 οὖν
867 2306 936 2343 αὕτη
959 2307 1032 2333 ἐστὶν

240 2352 261 2390 ἡ
274 2351 362 2380 οἰκεία
376 2361 407 2379 τε
423 2352 470 2380 καὶ
483 2352 649 2388 κατάλληλος
670 2354 704 2389 τῇ
722 2353 802 2389 νοερᾷ
818 2353 898 2387 φύσει
913 2352 981 2388 ζωὴ,
1003 2352 1034 2379 τὸ

239 2397 290 2426 suo”
303 2397 372 2426 θεοῦ
392 2399 526 2435 μετέχειν,
546 2400 596 2426 οὐκ
608 2399 642 2427 ἂν
654 2399 698 2426 διὰ
711 2399 766 2426 τῶν
778 2399 907 2426 ἐναντίων
927 2399 1034 2433 γένοιτο

232 2445 259 2485 ὶή
275 2444 415 2480 μετουσία,
431 2446 456 2472 εί
478 2445 516 2481 μὴ
527 2445 626 2481 τρόπον
641 2445 701 2472 τινὰ
720 2446 848 2480 συγγενὲς
864 2446 906 2481 εἴη
923 2445 961 2480 τῷ
972 2445 1035 2480 ὀρε-

240 2489 351 2526 γομένῳ
365 2489 396 2517 τδ
418 2490 607 2527 μετεχόμενον.
637 2491 680 2524 Ὠς
700 2491 753 2526 γὰρ
777 2490 910 2526 ὀφθαλμῷ
929 2490 1034 2525 γίνεται

238 2531 294 2571 τῆς
312 2535 400 2572 αὐτῆς
412 2535 430 2572 ὴ
444 2536 593 2569 ἀπόλαυσις
605 2536 644 2572 τῷ
658 2537 776 2573 φυσικὴν
793 2537 880 2573 αὐγὴν
894 2538 923 2564 ὲν
946 2537 1035 2572 ἑαυτῷ

240 2577 313 2617 sipo;
333 2581 384 2618 τὴν
403 2582 451 2610 τοῦ
474 2582 621 2619 ὁμογενοῦς
637 2582 779 2619 ἀντίληψιν
800 2582 882 2619 ἔχειν,
904 2583 953 2610 καὶ
973 2581 1036 2610 οὔτε

240 2625 385 2659 δάκτυλος.
409 2626 471 2654 οὗτε
502 2627 567 2656 ἄλλο
591 2636 618 2654 τι
642 2627 696 2654 τῶν
723 2626 812 2663 μελῶν
834 2627 882 2654 τοῦ
910 2626 1036 2662 σώματος

241 2671 350 2708 ινιργεῖ
365 2673 415 2709 τὴν
433 2673 539 2709 ὅρασιν,
558 2665 649 2701 διὰἻτδ
664 2673 800 2710 μηδεμίαν
813 2674 846 2701 ἐκ
862 2673 970 2708 φύσεως
984 2674 1036 2701 αὑ-

242 2716 296 2754 τὴν
310 2718 339 2745 ὲν
353 2717 426 2754 ἄλλῳ
445 2719 500 2747 τινὶ
513 2718 568 2748 τῶν
584 2719 672 2756 μελῶν
694 2719 927 2747 κατεσκευάσθαι·
949 2719 1036 2752 οὕτως

243 2763 352 2800 ἆνὰγκη
368 2765 444 2792 πᾶσα
458 2765 506 2793 καὶ
526 2765 573 2793 ἐπὶ
593 2766 643 2801 τῆς
663 2766 709 2793 τοῦ
723 2765 790 2793 Θεοῦ
807 2766 951 2801 μετουσίας
965 2764 1034 2793 εἶναι

242 2817 271 2839 τι
289 2810 420 2847 συγγενὲς
439 2811 508 2848 πρὸς
527 2811 560 2838 τδ
579 2812 759 2849 μετεκόμενον
777 2814 806 2841 ὲν
825 2813 858 2848 τῇ
884 2812 964 2848 φύσει
987 2812 1034 2840 τοῦ

282 2902 295 2919 ⁵
313 2901 384 2936 Gen.
401 2910 432 2937 ι,
446 2901 493 2931 27.

1085 2265 1112 2289 et
1133 2260 1240 2287 ratione
1261 2258 1383 2294 praeditis
1402 2262 1546 2285 exercetur
1565 2267 1571 2285 ι
1597 2258 1634 2284 ita
1655 2264 1757 2292 ponere
1772 2261 1878 2292 oportet

1085 2314 1147 2334 esse
1160 2305 1308 2341 quamdam
1325 2303 1408 2331 etiam
1432 2303 1533 2331 mentis
1546 2303 1687 2331 intellectu
1700 2303 1879 2338 comprehen-

1086 2352 1194 2380 sibilem
1224 2354 1252 2378 et
1269 2349 1435 2378 invisibilem
1458 2349 1553 2381 vitam,
1580 2357 1631 2384 per
1655 2356 1738 2384 quam
1769 2349 1798 2376 in
1828 2356 1878 2377 sua

1086 2398 1207 2426 essentia
1228 2400 1326 2423 natura
1350 2399 1542 2423 conservatur.
1558 2395 1638 2429 Quod
1656 2395 1679 2423 si
1705 2395 1797 2423 carnis
1826 2395 1878 2422 ali-

1086 2446 1211 2470 mentum
1233 2441 1345 2474 aﬁluere
1362 2449 1396 2469 ac
1413 2441 1535 2470 deﬂuere
1561 2441 1683 2474 solitum,
1708 2447 1757 2477 per
1777 2442 1880 2468 transi-

1088 2493 1147 2517 tum
1173 2489 1266 2524 ipsum
1289 2489 1341 2516 vim
1374 2488 1523 2524 quamdam
1553 2487 1662 2515 vitalem
1686 2486 1880 2515 subministrat

1088 2534 1192 2571 quibus
1216 2535 1353 2570 ingestum
1376 2534 1470 2567 fuerit,
1492 2537 1599 2569 quanto
1621 2534 1710 2569 magis
1733 2532 1881 2568 participa-

1089 2582 1129 2610 tio
1154 2581 1215 2617 ejus
1240 2580 1288 2616 qui
1311 2587 1407 2608 revera
1427 2584 1480 2613 est,
1497 2579 1544 2615 qui
1570 2585 1679 2614 semper
1692 2582 1784 2606 manet
1797 2581 1880 2613 atque

1089 2626 1188 2656 eodem
1211 2626 1295 2654 modo
1322 2632 1432 2661 semper
1457 2631 1488 2653 se
1517 2623 1609 2658 habet,
1633 2623 1661 2650 in
1686 2631 1736 2651 sua
1759 2624 1879 2651 essentia

1090 2675 1237 2700 conservat
1256 2679 1318 2700 eum
1334 2671 1381 2707 qui
1396 2671 1534 2707 particeps
1550 2669 1611 2705 ejus
1626 2669 1726 2697 fueritl
1750 2669 1778 2696 Si
1797 2670 1880 2705 igitur

1090 2719 1149 2747 hac
1162 2719 1274 2754 propria
1285 2718 1508 2752 conveniensque
1519 2716 1696 2744 intellectuali
1705 2719 1813 2743 natura:
1825 2715 1880 2742 vita

1089 2770 1141 2798 est,
1157 2764 1181 2793 si
1196 2764 1243 2792 Dei
1265 2763 1402 2799 particeps
1417 2763 1462 2794 sit.
1490 2769 1663 2801 nequaquam
1680 2770 1728 2797 per
1741 2761 1881 2789 contraria

1088 2811 1263 2849 participatio
1288 2809 1446 2845 contigerit,
1469 2809 1523 2838 nisi
1547 2809 1640 2838 aliuuo
1661 2808 1743 2837 modo
1758 2808 1784 2835 id
1801 2806 1880 2842 cujus
