4106 6466
461 372 567 431 475
1741 371 1796 427 s.
1834 328 2163 430 cnsooun
2193 372 2485 429 NYSSENI
3640 373 3738 430 ιτθ

458 490 809 566 participatio
855 499 940 546 est
990 502 1287 562 cognatum
1333 497 1500 547 luerit
1538 496 1587 547 ei
1627 491 1774 562 quod
1828 493 2032 563 appetit

2141 494 2523 557 ἀπολαύοντος.
2557 497 2652 546 Διά
2684 475 2841 546 τοῦτό
2878 507 3042 563 φησιν
3076 491 3109 562 ἡ
3140 489 3355 561 Γραφὴ,
3398 489 3524 542 κατ’
3558 490 3739 543 εἰκόνα

457 594 511 640 et
557 586 833 654 particeps
864 596 988 639 esse
1020 582 1194 653 cupit.
1231 581 1303 637 Ut
1337 584 1483 639 enim
1514 583 1675 638 Oculo
1705 598 1841 640 usus
1885 591 2032 654 atque

2150 585 2286 639 Θεοῦ
2318 584 2647 655 γεγενῆσθαι
2693 584 2784 638 τὸν
2838 583 3161 654 ἄνθρωπον·
3192 581 3266 645 ὡς
3312 579 3406 643 ἂν,
3444 575 3623 648 οἶμαι,
3666 580 3740 651 τῷ

456 674 647 729 fruitio
705 674 1019 745 splendoris
1067 674 1341 747 contingit
1391 690 1457 731 ex
1520 690 1586 729 eo
1632 674 1780 745 quod
1824 681 2032 728 natura-

2148 679 2319 751 ὁμοίῳ
2366 678 2586 749 βλέπειν
2623 678 2686 731 τὸ
2731 679 2934 747 ὅμοιον.
2970 675 3044 729 Τὸ
3086 675 3145 729 δὲ
3185 673 3407 745 βλέπειν
3450 672 3544 726 τὸν
3590 672 3742 738 Θεδν,

454 770 561 822 Ιειη
590 768 650 823 in
704 783 828 823 sese
866 768 1212 839 splendorem
1259 768 1425 824 habet
1453 766 1519 821 ad
1551 768 2032 839 apprehensionem

2149 772 2295 824 ἐστὶν
2336 772 2369 841 ἡ
2422 769 2535 841 ζωὴ
2584 769 2683 840 τῆς
2717 768 2918 839 ψυχῆς,
2952 765 3135 832 καθὼς
3190 768 3249 820 ἐν
3293 768 3416 830 τοῖς
3472 764 3745 836 φθάσασιν

453 877 518 918 ae
568 863 980 933 perceptionem
1022 861 1147 931 ejus
1201 859 1350 932 quod
1386 859 1636 930 ejusdem
1681 860 1899 931 generis
1929 866 2032 915 est:

2147 863 2380 934 εἴρηται.
2425 862 2577 915 Ἐπεὶ
2604 861 2661 914 δέ
2687 877 2803 924 πως
2850 861 2883 932 ὴ
2927 855 3021 913 τοῦ
3049 859 3264 929 ἀληθῶς
3310 857 3525 927 ἀγαθοῦ
3554 858 3743 926 ἄγνοια

454 968 519 1009 ac
577 941 760 1025 neque
818 953 1053 1025 digitus,
1113 968 1293 1025 neque
1358 952 1503 1007 aliud
1564 951 1735 1007 ullum
1787 950 2032 1022 corporis

2147 953 2400 1026 καθάπερ
2444 971 2531 1017 τις
2570 952 2767 1025 ὀμίχλη
2812 952 2891 1023 τῷ
2936 950 3231 1023 διορατικῷ
3275 952 3378 1018 τῆς
3423 949 3607 1021 ψυχῆς
3649 953 3742 1006 ἐπ-

456 1045 768 1100 memhrum
819 1045 1004 1101 visum
1046 1051 1286 1108 exercet,
1338 1050 1624 1115 propterea
1660 1043 1806 1114 quod
1851 1043 2041 1099 nullus

456 1138 512 1191 in
559 1137 669 1191 alio
698 1137 956 1207 quopiam
986 1136 1358 1190 membrorum
1405 1149 1435 1189 a
1484 1142 1683 1189 natura
1726 1134 1937 1190 inditus
1971 1135 2042 1192 sit

455 1229 718 1299 splendor
753 1248 767 1283 :
802 1229 878 1283 ita
918 1228 1078 1299 plane
1119 1243 1348 1284 necesse
1390 1236 1477 1284 est
1512 1229 1680 1283 etiam
1727 1228 1782 1283 in
1815 1229 2042 1298 partici-

455 1321 674 1390 patione
717 1320 809 1374 Dei
859 1319 1119 1390 quiddam
1160 1334 1285 1376 cum
1337 1333 1405 1374 eo
1450 1319 1616 1389 cujus
1658 1318 1848 1375 fruitio
1877 1328 2039 1391 atque

453 1412 801 1482 participatio
836 1418 922 1466 est
946 1417 1241 1481 cognatum
1283 1425 1410 1467 esse
1441 1411 1495 1465 in
1537 1418 1737 1466 natura
1775 1410 2034 1469 fruentis.

453 1502 664 1558 idcirco
715 1500 1002 1572 Scriptura
1038 1501 1197 1567 dicit,
1238 1501 1545 1557 secundum
1602 1501 1896 1573 imaginem
1937 1501 2037 1560 Dei

454 1595 729 1650 hominem
773 1592 1159 1659 essetfactum,
1196 1603 1259 1648 ut
1297 1609 1397 1665 per
1436 1594 1492 1650 id
1530 1594 1895 1665 quodrsimile
1926 1603 2031 1663 est,

452 1687 656 1753 simile,
699 1686 918 1760 opinor,
945 1686 1193 1742 videret.
1243 1686 1415 1743 Deum
1448 1697 1631 1743 autem
1667 1688 1876 1753 videre,
1920 1689 2035 1745 vita

2143 1045 2461 1117 εσκότησεν,
2501 1044 2838 1117 παχυνθεῖσα
2878 1043 2934 1098 δὲ
2974 1046 3008 1116 ὴ
3056 1042 3252 1115 ὁμίχλη
3298 1042 3467 1112 νέφος
3504 1042 3738 1111 ἐγένετο,

2142 1137 2285 1192 ὥστε
2324 1135 2414 1191 διὰ
2459 1135 2800 1206 τοῦιβάθους
2839 1136 2938 1208 τῆς
2985 1134 3232 1204 ἀγνοίας,
3274 1134 3376 1207 τὴν
3403 1135 3604 1188 ἀκτῖνα
3642 1134 3740 1204 τῆς
3852 1213 3861 1222 θ

2142 1228 2401 1301 ἀληθείας
2432 1227 2507 1301 μὴ
2536 1226 2849 1284 διαδύεσθαι
2868 1243 2882 1258 ·
2914 1225 3226 1296 ἀναγκαίως
3250 1225 3329 1297 τῷ
3358 1224 3630 1297 χωρισμῷ
3650 1226 3739 1277 τοῦ

2142 1320 2322 1390 φωτὸς
2366 1321 2461 1374 καὶ
2506 1321 2540 1391 ἡ
2589 1319 2703 1390 ζωὴ
2738 1318 2911 1389 αὐτῆς
2944 1317 3306 1383 συνεξέλιπεν.
3360 1317 3602 1389 Εἴρηται
3633 1316 3740 1389 γὰρ

2140 1413 2241 1485 τὴν
2268 1411 2445 1483 ἀληθῆ
2474 1411 2620 1481 ζωὴν
2646 1411 2745 1481 τῆς
2776 1409 2956 1481 ψυχῆς
2994 1410 3053 1463 ἐν
3081 1412 3148 1481 τῇ
3182 1408 3450 1481 μετουσίᾳ
3476 1407 3573 1461 τοῦ
3608 1408 3740 1477 ἀγα-

2143 1502 2238 1557 θοῦ
2295 1502 2669 1575 ἐνεργεῖσθαι,
2716 1502 2818 1572 τῆς
2865 1502 2921 1555 δὲ
2967 1502 3191 1570 ἀγνοίας
3237 1500 3379 1572 πρὸς
3432 1499 3535 1571 τὴν
3594 1499 3740 1554 θείαν

2143 1596 2473 1667 κατανόησιν
2520 1593 2919 1665 ἐμποδιζούσης
2979 1594 3234 1646 ἐκπεσεῖν
3284 1592 3387 1664 τῆς
3445 1591 3595 1662 ζωῆς
3644 1591 3740 1662 τὴν

2141 1689 2320 1762 ψυχὴν
2375 1688 2474 1761 τὴν
2500 1688 2595 1742 τοῦ
2627 1686 2760 1741 Θεοῦ
2794 1688 2869 1758 μὴ
2899 1685 3252 1758 μετέχουσαν.

452 1782 651 1835 anima:
682 1787 790 1845 est,
828 1777 1295 1848 quemadmodum
1346 1778 1401 1832 in
1448 1777 1890 1848 praecedentibus
1948 1779 2159 1835 dictum
2209 1789 2294 1835 est
2346 1778 2620 1846 Quoniam
2697 1784 2882 1833 autem
2948 1775 3090 1846 ejus.
3144 1772 3295 1845 quod
3350 1787 3489 1828 vere
3535 1771 3737 1826 bonum

451 1881 557 1936 cst,
610 1870 944 1943 ignorantia,
970 1870 1137 1926 veluti
1164 1870 1365 1926 nebula
1385 1870 1634 1941 quaedam
1674 1872 2033 1943 perspectiva:
2071 1873 2272 1928 animm
2315 1870 2566 1926 facultati
2600 1870 2858 1925 tenebras
2882 1866 3112 1934 oﬂ'udit;
3177 1866 3384 1922 nebula
3433 1878 3570 1919 vero
3608 1863 3737 1919 den-

452 1976 573 2021 sata
626 1964 803 2019 nubes
841 1962 986 2019 facta
1025 1972 1131 2027 est,
1175 1963 1312 2019 adeo
1352 1970 1413 2017 ut
1470 1979 1569 2035 per
1605 1964 2035 2035 profunditatem
2077 1965 2403 2037 ignorantia
2452 1963 2647 2019 radius
2713 1961 2962 2017 veritatis
3007 1966 3299 2029 penetrare
3353 1973 3470 2013 non
3543 1959 3733 2028 possit,

451 2056 766 2113 necessario
821 2069 931 2108 una
1013 2069 1137 2109 cum
1187 2055 1498 2124 privatione
1573 2056 1716 2112 lucis
1760 2055 1927 2111 etiam
1984 2057 2099 2111 vita
2149 2057 2329 2127 ipsius
2384 2053 2611 2111 defecit.
2676 2050 2893 2108 Dictum
2955 2059 3040 2107 est
3095 2051 3243 2107 enim
3299 2064 3492 2105 veram
3544 2047 3735 2103 animae

449 2148 620 2202 vitam
655 2161 754 2219 per
780 2146 909 2202 boni
945 2146 1428 2217 participationem
1467 2149 1741 2215 exerceri,
1779 2151 2093 2221 ignorantia
2170 2164 2304 2205 vero
2365 2148 2465 2205 Dei
2525 2145 2979 2218 contemplationi
3026 2151 3197 2215 atque
3268 2143 3582 2217 cognitioni
3648 2142 3731 2198 of-

452 2241 670 2296 ﬁciente
700 2240 811 2294 vita
857 2239 1138 2296 excidisse
1182 2243 1423 2296 animam
1467 2256 1591 2319 qute
1621 2241 1719 2297 Dei
1767 2244 2045 2313 particeps
2082 2259 2191 2298 non
2244 2243 2336 2299 sit.

520 2329 695 2385 Porro
718 2344 880 2384 nemo
899 2329 1061 2385 nobis
1087 2331 1476 2386 necessitatem
1505 2334 1751 2401 imponat
1774 2333 2032 2403 originem

2234 2333 2442 2406 Μηδεὶς
2498 2333 2557 2387 δὲ
2610 2330 2952 2402 γενεαλογεῖν
3016 2329 3167 2401 ἡμᾶς
3217 2326 3583 2398 ἀναγκαζέτω
3635 2328 3731 2398 τὴν

451 2423 777 2493 ignorantiae
793 2420 1130 2492 exponendi,
1155 2422 1301 2478 unde
1323 2422 1441 2478 haec
1466 2422 1745 2492 inquiens,
1767 2431 1822 2479 et
1837 2439 1867 2477 a
1891 2441 2033 2495 quo;

453 2516 549 2571 sed
583 2531 651 2570 ex
698 2516 814 2585 ipsa
850 2513 1269 2584 signiﬁcatione
1309 2516 1549 2572 nominis
1593 2504 1860 2586 intelligat
1891 2515 2038 2586 quod

452 2608 687 2663 scientia
724 2616 889 2678 atque
933 2607 1247 2676 ignorantia
1293 2607 1539 2664 indicent
1578 2609 1816 2664 animam
1851 2610 2037 2681 aliquo

454 2700 617 2756 modo
669 2716 794 2757 sese
834 2700 901 2754 ad
942 2699 1151 2771 aliquid
1198 2700 1423 2757 habere.
1455 2700 1601 2757 Nihil
1631 2712 1814 2758 autem
1844 2717 2034 2758 eorum

453 2807 574 2862 quae
619 2791 686 2846 ad
738 2791 948 2862 aliquid
982 2798 1036 2847 et
1071 2791 1452 2863 intelliguntur
1489 2800 1544 2848 et
1587 2793 1872 2861 dicuntur,
1903 2794 2035 2851 sub-

450 2883 715 2938 stantiam
732 2883 990 2954 exprimit
1030 2891 1196 2954 atque
1225 2884 1592 2942 demonstrat.
1624 2885 1745 2943 Alia
1776 2888 1920 2942 enim
1950 2894 2036 2943 est

449 2978 572 3045 ejus
612 2975 757 3045 quod
803 2976 871 3030 ad
920 2975 1129 3045 aliquid
1179 2977 1404 3039 dicitur,
1460 2986 1515 3032 et
1572 2979 1678 3032 alia
1713 2980 2035 3035 substantiae

452 3068 615 3121 ratio.
653 3065 712 3121 Si
759 3066 928 3135 igitur
978 3067 1207 3122 scientia
1259 3070 1570 3124 substantia
1626 3084 1735 3124 non
1786 3078 1892 3136 est,
1937 3071 2035 3127 sed

452 3158 656 3214 mentis
673 3159 823 3214 circa
855 3158 1096 3229 aliquam
1116 3174 1229 3214 rem
1251 3160 1415 3226 actio,
1433 3161 1606 3216 multo
1632 3163 1805 3233 magis
1822 3170 2034 3218 certum

449 3260 612 3321 atque
626 3257 781 3305 extra
808 3251 1243 3305 controversiam
1258 3261 1342 3306 est
1372 3252 1744 3322 ignorantiam
1760 3253 1921 3325 longe
1939 3254 2036 3309 ab-

449 3356 574 3397 esse
607 3339 677 3396 ab
697 3355 763 3396 eo
794 3349 852 3395 ut
870 3340 1179 3395 substantia
1199 3341 1290 3396 sit.
1327 3339 1484 3406 Quod
1516 3349 1700 3397 autem
1728 3342 2033 3398 secundum
2064 3408 2067 3411 ν
2100 3416 2111 3422 _

449 3433 814 3490 substantiam
834 3448 943 3488 non
957 3440 1063 3495 est,
1080 3447 1181 3487 nec
1203 3433 1431 3488 omnino
1459 3434 1679 3503 quidem
1703 3442 1810 3491 est.
1825 3434 2037 3490 Absur-

447 3526 579 3584 dum
620 3528 788 3599 igitur
840 3533 895 3582 et
945 3541 1146 3581 vanum
1184 3526 1351 3581 fuerit
1391 3526 1459 3582 de
1487 3541 1553 3582 eo
1586 3526 1737 3597 quod
1782 3543 1894 3583 non
1921 3536 2030 3595 est,

447 3618 597 3674 unde
646 3618 740 3685 sit,
769 3618 990 3673 curiose
1020 3617 1323 3689 inquirere.
1362 3616 1632 3684 Quoniam
1661 3618 1831 3689 igitur
1863 3620 2030 3675 vitam

2138 2428 2383 2496 ἄγνοιαν,
2419 2425 2582 2491 πόθεν
2620 2424 2759 2496 αὕτη
2805 2424 2978 2493 λέγων
3006 2422 3103 2477 καὶ
3144 2421 3253 2476 ἀπὸ
3282 2421 3434 2485 τίνος
3464 2438 3477 2451 ·
3530 2421 3643 2474 ἀλλ’
3674 2418 3731 2486 ἐξ

2139 2521 2310 2592 αὐτῆς
2334 2519 2522 2574 νοείτω
2546 2518 2646 2590 τῆς
2670 2517 2763 2572 τοῦ
2792 2517 3055 2587 ὀνόματος
3088 2514 3386 2586 σημασίας,
3417 2514 3501 2567 ὅτι
3529 2514 3562 2584 η
3591 2511 3729 2582 γνῶ-

2140 2631 2222 2677 σις
2248 2614 2342 2667 καὶ
2385 2614 2417 2685 ἡ
2462 2613 2653 2682 ἄγνοια
2683 2610 2792 2665 τῶν
2834 2610 2972 2681 πρός
3003 2609 3056 2662 τί
3101 2626 3219 2672 πως
3251 2606 3397 2679 ἔχειν
3427 2607 3528 2679 τὴν
3556 2605 3729 2677 ψυχὴν

2137 2704 2486 2759 ἐνδείκνυται.
2535 2703 2702 2756 Οὐδὲν
2739 2701 2798 2755 δέ
2827 2701 2935 2754 τῶν
2967 2700 3104 2773 πρός
3135 2718 3187 2754 τι
3211 2701 3524 2771 νοουμένων
3549 2716 3607 2752 τε
3638 2698 3726 2751 καὶ

2135 2791 2464 2865 λεγομένων,
2487 2792 2674 2846 οὐσίαν
2704 2791 3052 2864 παρίστησιν.
3078 2791 3269 2855 ’Ἄλλος
3286 2790 3399 2864 γὰρ
3423 2792 3452 2844 ὁ
3476 2788 3570 2843 τοῦ
3598 2790 3728 2861 πρός

2135 2901 2210 2947 τι,
2252 2884 2345 2938 καὶ
2374 2883 2563 2955 ἕτερος
2590 2886 2618 2937 ὁ
2651 2882 2750 2954 τῆς
2779 2884 2968 2948 οὐσίας
3010 2884 3190 2953 λόγος.
3243 2884 3307 2937 Et
3335 2879 3434 2938 οὖν
3468 2886 3501 2954 ἡ
3532 2882 3725 2952 γνῶσις

2135 2975 2294 3030 οὐσία
2316 2975 2416 3028 οὐκ
2440 2974 2605 3040 ἔστιν,
2632 2974 2767 3030 ἀλλά
2801 2975 3027 3048 περιττὴ
3052 2975 3155 3045 τῆς
3175 2975 3418 3040 διανοίας
3446 2975 3721 3049 ἐνέργεια’

2138 3067 2273 3123 πολὺ
2315 3068 2515 3139 μᾶλλον
2555 3070 2588 3140 ἡ
2635 3069 2826 3136 ἄγνοια
2856 3069 3046 3141 πόρρω
3082 3067 3177 3122 τοῦ
3221 3068 3343 3123 κατ’
3370 3070 3562 3123 οὐσίαν
3591 3063 3723 3121 εἶναι

2137 3159 2502 3231 ὡμολόγηται.
2557 3158 2630 3212 Τὸ
2662 3160 2719 3213 δὲ
2770 3159 2844 3232 μὴ
2884 3160 3003 3212 κατ’
3031 3159 3221 3213 οὐσίαν
3271 3157 3365 3225 ὃν,
3415 3159 3540 3212 οὐδὲ
3583 3157 3723 3210 ἐστιν

2136 3253 2293 3315 ὅλως.
2344 3250 2587 3305 Μάταιον
2625 3249 2805 3305 τοίνυν
2832 3250 2899 3305 ἂν
2929 3250 3014 3321 εἴη
3049 3250 3178 3321 περὶ
3208 3248 3302 3303 τοῦ
3339 3250 3417 3321 μὴ
3462 3248 3632 3312 δντος,
3667 3245 3722 3299 τὺ

2139 3341 2263 3397 ὅθεν
2295 3342 2413 3396 ἐστὶ
2445 3340 2922 3414 περιεργάζεσθαι.
2970 3339 3189 3411 Ἐπειδὴ
3231 3339 3416 3394 τοίνυν
3450 3339 3596 3411 ζωὴν
3628 3338 3723 3410 μὲν

2136 3433 2314 3506 ψυχῆς
2346 3434 2444 3505 τὴν
2472 3433 2566 3488 τοῦ
2609 3435 2743 3488 Θεοῦ
2798 3432 3088 3505 μετουσίαν
3126 3433 3155 3485 ὁ
3190 3432 3347 3501 λόγος
3381 3428 3524 3486 εἷναί
3571 3447 3717 3501 φησι,

2137 3525 2338 3596 γνῶσις
2362 3526 2421 3580 δὲ
2455 3524 2596 3580 κατά
2620 3525 2681 3577 τὸ
2706 3522 2985 3596 ἐγχωροῦν
3016 3523 3167 3576 ἐστιν
3198 3525 3232 3593 ἡ
3265 3523 3531 3594 μετουσία
3558 3538 3571 3551 ’
3614 3520 3719 3592 ἡδὲ

2137 3619 2331 3689 ἄγνοια
2357 3617 2478 3689 οὐχί
2517 3618 2661 3681 τινός
2702 3619 2849 3670 ἐστιν
2879 3615 3132 3688 ὓπαρξις,
3166 3615 3302 3670 ἀλλὰ
3322 3617 3428 3687 τῆς
3456 3614 3595 3669 κατά
3624 3613 3718 3686 τὴν

448 3711 672 3781 quidem
725 3711 923 3765 animae
967 3709 1062 3773 Dei
1098 3688 1598 3781 participationem
1657 3688 1784 3767 esse
1841 3726 2030 3768 sermo

2134 3688 2337 3783 γνῶσιν
2389 3688 2670 3782 ἐνεργείας
2705 3711 2984 3782 ἀναίρεσις
3011 3728 3026 3744 ο
3063 3711 3143 3783 τῷ
3178 3709 3236 3764 δὲ
3273 3710 3347 3782 μὴ
3382 3708 3717 3783 ἐνεργεῖσθαι

446 3802 606 3866 dicit,
657 3816 832 3872 eaque
870 3801 1219 3873 partieipatio
1249 3801 1306 3856 in
1331 3816 1400 3857 eo
1439 3808 1718 3870 versatur,
1758 3811 1818 3857 ut
1854 3817 2030 3873 quan-

450 3905 566 3950 tum
612 3893 664 3948 ei
702 3892 835 3946 licet
874 3902 929 3952 et
962 3891 1132 3962 capit,
1181 3891 1414 3946 scientia
1459 3890 1688 3962 praedita
1733 3891 1836 3961 sit;
1872 3894 2031 3964 igno-

447 3984 628 4040 rantia
662 3990 846 4038 autem
880 3998 992 4039 non
1016 3982 1254 4052 alicujus
1278 3980 1614 4048 substantia,
1642 3983 1739 4039 sed
1765 3984 1888 4055 ejus
1908 4000 2031 4055 quae

448 4089 547 4145 per
592 4072 884 4129 scientiam
916 4071 995 4139 ﬁt,
1046 4071 1285 4127 actionis
1322 4071 1581 4128 interitus
1622 4081 1785 4144 atque
1816 4088 2031 4144 perem-

448 4166 564 4236 ptlo
610 4172 724 4234 est;
777 4178 843 4219 ac
881 4163 1199 4220 necessario
1244 4163 1631 4234 consequitur,
1678 4174 1736 4220 ut
1774 4167 1863 4221 ubi
1906 4181 2033 4236 par-

450 4258 696 4328 ticipatio
743 4255 841 4312 Dei
877 4271 991 4312 non
1043 4264 1352 4323 exercetur,
1404 4256 1639 4327 privatio
1684 4268 1736 4313 et
1769 4257 2032 4313 alienatio

448 4352 572 4406 vitae
616 4351 687 4408 sit
711 4350 790 4421 (id
842 4358 1025 4406 autem
1083 4348 1356 4404 malorum
1402 4348 1569 4405 fuerit
1624 4349 1958 4422 extremum)
2011 4366 2027 4404 :

448 4450 857 4512 consequenter
903 4441 1086 4496 omnis
1127 4442 1255 4496 boni
1303 4440 1481 4498 factor
1515 4444 1864 4499 curationem
1900 4444 2032 4499 mali

445 4537 504 4589 in
547 4532 708 4589 nobis
749 4543 1027 4601 operatur.
1078 4531 1228 4586 Bona
1275 4534 1420 4588 enim
1450 4548 1540 4589 res
1573 4536 1791 4591 curatio
1826 4546 1940 4602 est;
1976 4545 2032 4590 at

449 4623 673 4680 modum
706 4624 1012 4679 curationis
1044 4639 1274 4694 prorsus
1306 4625 1545 4695 ignorat,
1581 4629 1675 4696 qui
1707 4644 1819 4684 non
1853 4630 2032 4700 respi-

446 4717 524 4773 cit
557 4716 625 4772 ad
652 4715 975 4787 mysterium
1013 4714 1424 4785 Evangelicum.
1455 4715 1593 4771 Cum
1632 4718 1798 4788 igitur
1825 4720 2027 4774 malum

444 4824 567 4867 esse
615 4810 1058 4866 demonStratum
1107 4807 1200 4874 sit,
1242 4807 1290 4863 si
1332 4822 1362 4862 a
1422 4806 1554 4874 Deo,
1614 4810 1708 4880 qui
1758 4817 1843 4865 est
1892 4812 2027 4877 vita,

445 4903 665 4959 alienati
692 4902 890 4967 simus,
917 4901 1133 4958 curatio
1157 4900 1494 4970 ejuscemodi
1520 4901 1861 4957 inﬁrmitatis
1885 4910 2026 4967 erat,

2128 3803 2224 3859 τοῦ
2273 3803 2410 3858 Θεοῦ
2446 3803 2545 3875 τὴν
2595 3802 2887 3874 μετουσίαν
2939 3805 2973 3873 ἡ
3020 3802 3121 3874 τῆς
3176 3800 3716 3872 ζωῆς”ἀλλοτρέωσις

2129 3880 2445 3965 ἀναγκαίως
2472 3894 2905 3967 ἐπηκολούθησεν
2931 3895 3107 3970 (τοῦτο
3134 3896 3180 3950 δ’
3204 3895 3269 3950 ἂν
3294 3895 3379 3968 εῐη
3407 3895 3514 3950 τῶν
3538 3891 3717 3948 κακῶν

2128 3986 2191 4039 τὸ
2225 3985 2469 4057 ἔσχατον)
2484 4002 2498 4015 ·
2522 3986 2833 4051 ἀκολούθως
2852 3989 2881 4041 ὀ
2903 3986 2999 4041 τοῦ
3029 3989 3229 4053 παντὸς
3253 3990 3462 4059 ἀγαθοῦ
3492 3989 3715 4062 ποιητὴς

2131 4078 2230 4149 τὴν
2279 4077 2373 4131 τοῦ
2422 4077 2590 4131 κακοῦ
2641 4076 2935 4150 θεραπείαν
2992 4083 3050 4134 ἐν
3112 4082 3245 4153 ἡμῖν
3299 4082 3710 4155 κατεργάζεται.

2145 4169 2371 4238 Ἀγαθὸν
2416 4169 2523 4241 γὰρ
2553 4171 2585 4241 ἡ
2617 4170 2902 4241 θεραπεία,
2946 4171 3039 4225 τὸν
3088 4172 3146 4226 δέ
3188 4174 3390 4247 τρόπον
3432 4177 3531 4246 τῆς
3564 4175 3717 4245 θερα-

2133 4261 2294 4325 πείας
2326 4261 2511 4329 ἀγνοεῖ
2556 4263 2773 4326 πάντως
2796 4265 2824 4316 ὁ
2850 4262 2925 4335 μὴ
2955 4264 3091 4334 πρὸς
3119 4264 3181 4318 τὸ
3205 4266 3574 4337 Εὐαγγελικὺν
3603 4265 3716 4338 βλέ-

2134 4369 2251 4407 πων
2287 4356 2603 4426 μυστήριον.
2627 4354 2814 4409 Κακοῦ
2844 4356 3026 4411 τοίνυν
3058 4357 3471 4430 ἀποδειχθέντος
3496 4361 3590 4414 τοῦ
3620 4359 3712 4412 ἀλ-

2131 4442 2491 4517 λοτριωθῆναι
2530 4444 2852 4510 Θεοῦ,δστις
2881 4448 3031 4502 ἐστὶν
3058 4450 3090 4521 ὴ
3119 4449 3253 4521 ζωὴ,
3286 4453 3319 4522 ἠ
3343 4450 3606 4525 θεραπεία
3623 4448 3710 4503 τοῦ

2130 4535 2371 4589 τοιούτου
2447 4537 2880 4609 ἀρῤωστήματος
2929 4535 2997 4611 ἦν
3064 4542 3124 4594 τὸ
3163 4542 3324 4598 πάλιν
3369 4545 3710 4613 οὶκειωθῆναι

2132 4625 2272 4696 Θεῷ,
2305 4626 2401 4680 καὶ
2428 4629 2487 4680 ἐν
2529 4631 2593 4700 τῇ
2624 4628 2737 4701 ζωῇ
2763 4630 3038 4698 γενέσθαι.
3081 4633 3297 4707 Ταύτης
3324 4632 3416 4689 οὖν
3444 4638 3541 4708 τῆς
3571 4634 3708 4703 ζωῆς

2134 4719 2256 4771 κατ’
2303 4717 2492 4772 ἐλπίδα
2536 4722 2904 4793 προκειμένης
2950 4725 3017 4794 τῇ
3052 4724 3364 4798 ἀνθρωπίνῃ
3406 4728 3583 4798 φύσει,
3614 4726 3706 4776 οὐκ

2132 4808 2279 4865 ἐστιν
2313 4811 2487 4865 εἰπεῖν
2533 4813 2740 4883 κυρίως
2790 4814 3055 4869 ἀντίδοσιν
3110 4818 3216 4871 τῶν
3269 4816 3327 4873 εὖ
3377 4819 3706 4890 βεϐιωκότων

2132 4901 2384 4971 γενέσθαι
2422 4897 2522 4973 τὴν
2548 4904 2646 4974 τῆς
2686 4903 2834 4974 ζωῆς
2868 4908 3179 4976 μετουσίαν,
3228 4912 3321 4964 καὶ
3351 4911 3620 4983 τιμωρίαν
3650 4906 3705 4959 τὸ

444 4996 559 5052 Deo
601 5011 795 5052 rursus
841 4992 1099 5065 conjungi
1147 5003 1315 5063 atque
1358 4994 1668 5057 conciliari,
1718 5001 1772 5050 et
1824 4994 1879 5048 in
1914 4996 2025 5049 vita

2134 4995 2387 5067 ἔμπαλιν.
2431 4997 2573 5049 Ἀλλ’
2601 4999 2785 5069 ὅμοιόν
2818 5001 2934 5053 ἐστι
2964 5000 3041 5071 τῷ
3067 5002 3206 5055 κατά
3246 5004 3374 5067 τοὺς
3402 4999 3703 5073 ὀφθαλμοὺς

443 5085 673 5141 versari.
734 5085 867 5141 Cum
912 5100 1045 5155 ergo
1090 5083 1208 5140 haec
1252 5082 1366 5138 vita
1413 5099 1511 5153 per
1562 5100 1715 5154 spem
1774 5085 2027 5140 humanae

2134 5088 2489 5159 ὑποδείγματι
2513 5089 2575 5143 τὸ
2592 5077 2897 5162 λεγόμενόν.
2925 5093 3059 5147 Οὐδὲ
3085 5096 3194 5165 γὰρ
3218 5094 3295 5166 τῷ
3320 5093 3704 5167 κεκαθαρμένφ

444 5187 657 5232 natura:
698 5177 978 5248 proposita
1022 5178 1114 5241 sit,
1166 5192 1279 5232 non
1325 5177 1548 5247 proprie
1591 5174 1702 5230 dici
1726 5182 1907 5247 potest
1941 5191 2027 5232 re-

443 5270 876 5325 munerationem
923 5285 1114 5324 eorum
1151 5269 1247 5339 qui
1294 5268 1435 5337 bene
1472 5269 1745 5335 vixerunt,
1793 5268 2021 5338 partici-

442 5360 719 5426 pationem
766 5367 822 5413 et
867 5373 1027 5414 usum
1079 5361 1207 5415 vitae
1251 5360 1390 5426 fore,
1423 5368 1480 5414 et
1523 5360 1855 5430 supplicium
1901 5360 2024 5415 vice

441 5466 619 5503 versa.
670 5447 781 5503 Sed
832 5450 976 5516 quod
1024 5452 1227 5507 dicitur
1271 5452 1456 5507 simile
1499 5460 1586 5507 est
1641 5453 1691 5507 ei
1744 5468 1906 5523 quam
1951 5452 2021 5508 de

438 5542 616 5594 oculis
660 5539 718 5593 in
759 5538 1000 5594 medium
1059 5542 1336 5600 afferimus
1398 5544 1772 5599 similitudini.
1836 5543 2019 5615 Neque

437 5634 579 5686 enim
619 5631 667 5686 ei
699 5628 793 5697 qui
818 5628 1006 5685 oculos
1031 5643 1288 5704 purgatos
1311 5635 1496 5701 habet,
1522 5636 1804 5705 praemium
1840 5636 2015 5706 quod-

432 5725 555 5779 dam
597 5730 654 5777 et
694 5718 1046 5774 honorarium
1077 5739 1199 5779 esse
1228 5725 1464 5781 dicimus
1486 5742 1677 5782 eorum
1709 5744 1831 5798 quae
1865 5728 2016 5783 cerni

428 5824 671 5885 possunt
687 5802 1213 5874 animadversionem
1240 5838 1252 5872 :
1282 5828 1375 5875 aut
1399 5824 1574 5880 oculis
1591 5824 1861 5880 laboranti
1882 5840 2013 5880 con-

2131 5180 2230 5244 τὰς
2254 5181 2404 5251 ὄψεις
2435 5180 2670 5237 ἐπαθλόν
2718 5184 2771 5237 τί
2801 5200 2983 5256 φαμεν
3011 5182 3147 5240 εἶναι
3174 5189 3269 5241 καὶ
3299 5188 3582 5260 πρεσϐεῖον
3608 5182 3700 5253 τὴν

2130 5275 2239 5328 τῶν
2265 5273 2474 5345 ὁρατῶν
2502 5277 2846 5349 κατανόησιν,
2877 5278 2911 5350 ἦ
2942 5278 3019 5351 τῷ
3061 5281 3323 5347 νοσοῦντι,
3363 5282 3424 5335 τὸ
3454 5277 3698 5351 ἔμπαλιν,

2131 5367 2429 5436 καταδίκην
2476 5368 2598 5421 τινὰ
2655 5370 2748 5422 καὶ
2797 5372 3178 5443 τιμωρητικὴν
3228 5371 3497 5426 ἀπόϐασιν
3534 5370 3590 5423 τὸ
3627 5365 3696 5438 μή

2134 5456 2382 5529 μετέχειν
2402 5457 2499 5529 τῆς
2521 5462 2775 5533 ὀρατικῆς
2806 5462 3104 5532 ἐνεργείας.
3142 5462 3279 5517 Ἀλλ’
3304 5464 3379 5527 ὼς
3401 5459 3697 5530 ἀναγκαίως

2125 5546 2316 5603 ἕπεται
2347 5549 2426 5620 τῷ
2454 5551 2596 5605 κατὰ
2628 5552 2788 5620 φύσιν
2816 5552 3145 5625 διακειμένῳ
3172 5555 3232 5609 τὸ
3262 5555 3500 5625 βλέπειν,
3531 5549 3605 5621 τῷ
3637 5562 3695 5599 τε

2125 5639 2233 5692 ἀπὸ
2270 5638 2475 5703 πάθους
2505 5641 2893 5713 παρενεχθέντι
2923 5642 3022 5712 τῆς
3062 5642 3297 5712 φύσεως,
3333 5645 3392 5698 τὸ
3434 5642 3507 5715 μὴ
3552 5643 3695 5707 ἐνερ-

2126 5731 2241 5797 γεῖν
2269 5729 2367 5802 τὴν
2413 5732 2601 5802 ὅρασιν
2625 5749 2636 5761 ·
2685 5734 2775 5787 τὸν
2821 5733 2983 5788 αὐτὸν
3024 5735 3223 5806 τρόπον
3265 5738 3418 5808 καὶὴ
3463 5727 3694 5808 μακαρία

2126 5822 2238 5896 ζωὴ
2275 5828 2525 5897 συμφυής
2550 5828 2667 5881 ἐστι
2699 5828 2794 5883 καὶ⁹
2820 5827 2995 5891 οίκεία
3023 5832 3137 5895 τοῖς
3168 5829 3597 5902 κεκαθαρμένοις
3629 5817 3693 5874 τὰ
