4106 6444
391 420 494 479 177

1209 423 1297 479 DE
1324 423 1746 485 INFANTIBUS
1775 427 1893 495 QUI
1916 424 2374 486 PBAEMATURE
2393 429 2885 490 ABRIPIUNTUB.

3562 427 3662 482 178

390 539 489 606 τῆς
516 537 698 610 ψυχῆς
734 537 1063 611 αἰσθητήρια
1089 555 1102 573 ο
1138 540 1224 610 ἐφ’
1258 534 1332 597 ὧν
1359 542 1415 596 δὲ
1438 543 1687 616 καθάπερ
1716 561 1798 608 τις
1827 545 1977 616 λήμη
2011 568 2021 606 λ

2108 560 2188 608 ra,
2236 537 2745 605 c‘bndemnationem
2781 546 3077 620 quamdam
3124 555 3178 602 et
3222 545 3493 618 pmnalem
3540 560 3668 601 sen-

390 630 454 679 τὸ
481 628 622 682 κατά
646 630 749 699 τὴν
775 630 995 699 ἀγνοιαν
1023 630 1192 696 πάθος
1218 633 1472 704 ἐμπόδιον
1495 634 1631 705 πρὸς
1664 634 1764 706 τὴν
1794 652 1979 705 μετου-

396 721 518 775 σίαν
539 720 634 774 τοῦ
672 720 928 791 ἀληθινοῦ
965 722 1141 791 φωτὸς
1167 723 1398 792 γίνεται,
1433 726 1750 795 ἀναγκαίως
1785 727 1993 781 ἕπεται-

394 813 459 865 τὸ
483 812 557 884 μὴ
586 813 837 883 μετέχειν
862 814 1091 882 ἐκεῖνον,
1123 809 1184 868 οὗ
1212 814 1313 887 τὴν
1347 819 1637 887 μετουσίαν
1666 817 1809 889 ζωὴν
1840 813 1978 874 εἷναί

398 922 580 974 φαμεν
604 905 699 959 τοῦ
722 908 1057 978 μετέχοντος.

2085 639 2335 705 tentiam,
2375 640 2523 711 quod
2555 658 2663 697 non
2695 656 2922 712 compos
2968 648 3053 697 est
3085 639 3388 695 ellicicntiae
3420 636 3687 692 videndi.‘

2087 727 2196 784 Sed
2223 738 2284 784 ut
2304 733 2620 788 necessario
2648 732 3026 803 consequitur,
3050 738 3110 787 ut
3146 731 3194 787 is
3223 730 3317 800 qui
3360 729 3665 786 secundum

2088 828 2341 877 naturam
2375 824 2676 895 dispositus
2719 833 2806 880 est
2848 824 3049 887 videat,
3106 823 3153 879 is
3205 837 3337 877 vero
3380 821 3540 892 cujus
3596 835 3689 874 cx-

2090 913 2286 968 morbo
2332 922 2528 969 natura
2578 917 2770 972 vitiata
2804 929 2870 972 ac
2918 916 3215 985 depravata
3249 921 3357 980 est,
3395 914 3665 968 visionem

400 1015 513 1053 non
560 1009 813 1057 exerceat
854 1021 869 1056 :
920 1002 1110 1058 eodem
1178 1001 1344 1058 modo
1399 1004 1557 1060 beata
1596 1019 1818 1076 quoque
1870 1005 1983 1060 vita
2022 1014 2257 1076 cognata
2288 1023 2353 1063 ac
2383 1010 2610 1081 propria
2665 1025 2856 1067 eorum
2925 1017 3010 1067 est
3040 1008 3242 1082 quibus
3305 1008 3502 1062 anima:
3541 1019 3670 1061 sen-

398 1092 553 1145 soria
608 1101 838 1164 purgata
880 1100 1011 1150 sunt
1054 1096 1159 1149 :in
1193 1096 1397 1166 quibus
1439 1105 1621 1154 autem
1662 1097 1990 1169 ignorantiae
2024 1097 2241 1166 vitium,
2265 1102 2423 1170 quasi
2458 1101 2710 1171 quaedam
2741 1091 3011 1174 lippitudo
3075 1099 3507 1174 participatfoni'
3556 1096 3671 1152 veri

398 1279 571 1333 vitam
604 1294 726 1335 esse
747 1279 982 1338 dicimus
1016 1283 1420 1354 participantis.

475 1369 693 1424 Τούτων
718 1372 897 1426 τοίνυν
919 1372 1094 1435 οὕτως
1119 1377 1252 1447 ἡμῖν
1278 1376 1623 1449 διῃρημένων
1641 1417 1657 1445 ,
1703 1380 1895 1451 καιρὸς
1921 1380 1986 1435 ἂν

404 1462 493 1533 εἴη
525 1462 828 1529 διεξετάσαι
856 1465 934 1537 τῷ
965 1466 1108 1538 λόγῳ
1126 1468 1188 1522 τὸ
1209 1468 1470 1539 προτεθὲν
1491 1473 1625 1542 ἡμῖν
1655 1471 1952 1543 πρόϐλημα
1972 1489 1986 1504 ⁶

404 1554 646 1608 τοιοῦτον
673 1555 728 1609 δέ
756 1572 811 1608 τι
839 1556 1130 1630 λεγόμενον
1161 1554 1248 1631 ἦν·
1284 1561 1348 1614 Et
1390 1562 1534 1616 κατὰ
1562 1562 1624 1616 τὸ
1664 1560 1871 1618 δίκαιον
1901 1562 1988 1632 γί-

406 1661 562 1698 νεται
589 1645 696 1699 τῶν
721 1647 945 1715 ἀγαθῶν
971 1651 1003 1721 ἠ
1027 1651 1404 1718 ἀνταπόδοσις,
1436 1654 1495 1707 ὲν
1529 1653 1668 1708 τίσιν
1697 1654 1850 1709 ἔσται
1879 1657 1908 1709 6
1933 1656 1991 1711 ἐν

291 1244 305 1256 ,
399 1185 630 1240 luminis
682 1184 883 1254 ofﬁcit,
929 1189 1248 1245 necessario
1296 1189 1579 1259 sequitur,
1625 1198 1689 1244 ut
1735 1204 1844 1246 non
1900 1188 2200 1260 participes
2252 1192 2378 1248 ‘sint
2439 1193 2564 1264 ejus
2614 1194 2778 1265 cujus
2830 1195 3313 1267 participationem
3386 1199 3441 1248 et
3509 1203 3672 1245 usum

2163 1378 2260 1434 llis
2286 1379 2455 1451 igitur
2497 1394 2527 1434 a
2558 1380 2720 1437 nobis
2762 1381 2869 1437 hoc
2901 1380 3064 1436 modo
3093 1379 3372 1437 distinctis
3406 1384 3461 1434 et
3494 1376 3674 1445 expli-

2091 1471 2251 1536 catis,
2276 1474 2657 1542 tempestivum
2682 1472 2846 1530 fuerit
2867 1474 3202 1546 propositam
3237 1472 3397 1528 nobis
3425 1471 3674 1526 oratione

2090 1569 2332 1618 tractare
2376 1571 2540 1634 atque
2590 1564 2872 1621 discutere
2920 1564 3277 1635 quaestionem
3318 1559 3675 1634 :hujusmodi

2095 1657 2276 1706 autem
2321 1651 2583 1723 quiddam
2633 1661 2755 1709 erat
2788 1655 2934 1726 quod
2973 1655 3426 1726 proponebatur:
3469 1651 3529 1708 Si
3576 1667 3676 1723 pro

406 1737 591 1840 νηπίῳ
630 1739 961 1840 τελευτήσας
1003 1742 1094 1796 τὸν
1137 1742 1272 1813 βίον,
1318 1744 1455 1816 μήτε
1489 1745 1659 1800 κακὸν
1684 1746 1741 1800 ὲν
1768 1749 1834 1818 τῇ
1876 1747 1987 1818 ζωῇ

2103 1757 2161 1799 eo
2192 1743 2341 1814 quod
2383 1744 2595 1815 justum
2639 1754 2746 1811 est,
2782 1747 3052 1802 bonorum
3098 1746 3470 1803 renumeratio
3512 1755 3677 1815 atque

407 1828 583 1902 ταύτῃ
610 1829 1068 1903 καταϐαλόμενος,
1102 1836 1237 1906 μήτε
1259 1836 1499 1905 ἀγαθὸνί
1517 1837 1658 1892 ὥστε
1682 1838 1773 1894 διὰ
1790 1839 1993 1894 τούτων

409 1921 664 1989 γενέσθαι
698 1923 847 1994 αύτῷ
889 1923 989 1996 τὴν
1036 1928 1157 1979 κατ’
1191 1927 1350 1994 ἀξίαν
1394 1929 1692 1999 ἀντίδοσιν;
1744 1926 1817 2004 τῼ
1859 1932 1995 2002 πρὸς

408 2013 510 2084 τὴν
529 2013 849 2068 ἀκολουθίαν
866 2015 976 2069 τῶν
1004 2016 1387 2090 ἐξητασμένων
1410 2021 1647 2092 ὀρῶντες
1672 2022 1997 2094 ἀποκρινού-

416 2104 555 2174 μεθα
583 2105 667 2158 ὃτι
690 2105 751 2158 τὸ
782 2107 1226 2179 προσδοκώμενον
1251 2110 1476 2180 ἀγαθὸν,
1505 2112 1705 2167 οίκεῖον
1740 2113 1841 2185 μέν
1879 2116 1995 2169 ἐστι

413 2196 553 2250 κατά
590 2195 754 2265 φύσιν
781 2197 860 2269 τῷ
885 2198 1214 2272 ἀνθρωπίνῳ
1255 2201 1442 2269 γένει,
1496 2202 1714 2273 λέγεται
1761 2205 1817 2258 δὲ
1852 2207 1996 2260 κατά

413 2306 535 2344 τινα
580 2289 813 2344 διάνοιαν
859 2291 920 2345 τὸ
968 2292 1102 2347 αὐτὸ
1150 2294 1245 2346 καὶ
1289 2295 1591 2361 ἀντίδοσις·
1641 2295 1720 2367 τῷ
1750 2296 1807 2350 δὲ
1848 2298 1997 2369 αὐτῷ

412 2379 769 2451 ὑποδείγματι
805 2381 968 2451 πάλιν
1009 2383 1071 2436 τὸ
1102 2383 1280 2454 νόημα
1311 2384 1469 2439 τοῦτο
1512 2387 1994 2458 σαφηνισθήσεται.

412 2473 518 2527 Δύο
556 2476 665 2545 γάρ
709 2493 852 2541 τινες
882 2475 1293 2530 ὑποκείσθωσαν
1320 2476 1399 2549 τῷ
1427 2478 1571 2550 λόγῳ
1603 2479 1997 2551 ἀρῤωστήματί

410 2583 519 2620 τινι
552 2566 692 2621 κατᾶ
722 2566 819 2631 τάς
845 2567 996 2638 ὄψεις
1045 2570 1485 2640 συνενεχθέντες,
1518 2571 1724 2627 τούτων
1754 2571 1811 2626 δὲ
1842 2574 1871 2626 6
1899 2572 1999 2643 μὲν

415 2658 828 2731 σπουδαιότερον
856 2658 1046 2713 ἑαυτὸν
1077 2660 1360 2714 ὲπιδιδότω
1386 2663 1453 2733 τῇ
1502 2661 1794 2734 θεραπείᾳ,
1823 2664 1999 2718 πάντα

415 2749 703 2820 ὑπομένων
730 2750 796 2803 τὰ
829 2750 979 2822 παρὰ
1026 2752 1126 2823 τῆς
1167 2754 1419 2824 ἰατρικῆς
1454 2754 1861 2827 προσαγόμενα,
1898 2756 2000 2809 κᾶν

415 2842 650 2896 ἐπίπονα
681 2840 715 2915 ᾗ
743 2857 757 2872 ⁶
804 2847 831 2897 6
879 2844 936 2897 δὲ
970 2844 1107 2915 πρὸς
1153 2845 1358 2918 λουτρά
1403 2863 1464 2900 τε
1511 2847 1606 2901 καὶ
1651 2849 2001 2918 οἰνοφλυγίας

414 2935 813 3007 ἀκρατέστερον
856 2935 1165 3002 διακείσθω,
1217 2938 1490 3010 μηδεμίαν
1526 2938 1622 2993 τοῦ
1661 2926 2002 3012 ἰατρεύοντος

418 3028 727 3100 συμϐουλὴν
775 3029 911 3100 πρὸς
955 3020 1053 3102 τὴν
1085 3031 1194 3085 τῶν
1235 3032 1528 3106 ὀφθαλμῶν
1563 3036 1774 3104 ὑγίειαν
1823 3054 2000 3109 παρα-

2096 1835 2385 1891 retributio
2423 1837 2504 1900 ﬁt,
2555 1838 2610 1892 in
2670 1839 2871 1910 quibus
2921 1840 3231 1896 versabitur
3266 1839 3313 1895 is
3346 1839 3442 1910 qui
3495 1838 3677 1893 infans

2096 1925 2152 1981 in
2194 1933 2383 1983 tenera
2429 1936 2588 1984 aetate
2631 1930 2803 1983 vitam
2851 1928 3047 1993 ﬁnivit,
3093 1943 3271 1999 neque
3318 1927 3445 1983 boni
3491 1927 3545 1981 in
3577 1925 3679 1980 hac

2095 2016 2207 2072 vita
2253 2032 2433 2089 neque
2461 2018 2588 2073 mali
2627 2019 2925 2091 quidquam
2966 2026 3198 2074 conatus
3227 2025 3283 2074 et
3315 2033 3569 2085 exorsus,
3618 2023 3679 2071 ut

2096 2122 2194 2180 per
2227 2112 2343 2164 haec
2375 2110 2425 2165 ei
2461 2125 2562 2181 pro
2599 2110 2798 2166 merito
2832 2110 3120 2167 retributio
3152 2109 3277 2164 fiat?
3318 2107 3420 2164 Cui
3456 2109 3523 2164 ad
3554 2123 3681 2164 con-

2099 2203 2445 2272 sequentiam
2475 2217 2668 2259 eorum
2692 2218 2816 2274 quae
2836 2203 3147 2259 examinata
3171 2208 3300 2258 sunt
3317 2200 3679 2272 respicientes

2097 2292 2556 2364 respondebimus
2608 2295 2755 2366 quod
2817 2295 3044 2359 bonum,
3105 2293 3252 2364 quod
3310 2301 3678 2363 exspectatur,

2100 2387 2401 2442 secundum
2458 2394 2710 2443 naturam
2758 2386 2981 2458 quidem
3024 2386 3253 2442 humani
3291 2384 3507 2458 generis
3554 2399 3681 2455 pro:

2097 2478 2279 2548 prium
2325 2486 2463 2536 est:
2523 2478 2726 2536 dicitur
2785 2487 2967 2535 autem
3020 2477 3326 2535 secundum
3390 2477 3680 2549 quemdam

2098 2571 2462 2635 intellectum,
2509 2571 2652 2628 idem
2699 2572 2865 2627 etiam
2921 2571 3210 2627 retributio
3245 2588 3258 2625 :
3291 2579 3456 2640 atque
3492 2570 3685 2627 eadem

2102 2679 2299 2719 rursus
2348 2662 2712 2718 similitudine
2762 2678 2960 2719 sensus
3001 2663 3094 2717 hic
3126 2661 3516 2733 explicabitur.
3579 2660 3683 2716 Po-

2101 2764 2308 2809 nantur
2349 2754 2494 2810 enim
2527 2756 2583 2810 in
2628 2755 2879 2811 oratione
2933 2763 3124 2810 nostra
3170 2754 3281 2809 duo
3311 2754 3555 2824 quidam,
3588 2753 3682 2823 qui

2101 2845 2158 2900 in
2177 2845 2427 2902 morbum
2458 2846 2748 2916 quemdam
2778 2845 3072 2901 inciderint
3104 2845 3414 2909 oculorum,
3447 2859 3683 2915 quorum

2101 2952 2249 2991 unus
2297 2936 2496 3007 majori
2558 2951 2683 2991 cum
2738 2935 2923 2992 studio
2975 2934 3261 3006 magisque
3308 2933 3502 2990 sedulo
3560 2949 3685 2990 sese

2105 3026 2378 3082 curationi
2434 3027 2736 3096 permittat,
2786 3026 2973 3081 omnia
3013 3040 3135 3096 qua;
3197 3025 3266 3080 ab
3315 3034 3434 3081 arte
3473 3025 3685 3081 medica

415 3118 726 3190 δεξάμενος.
775 3121 960 3192 Φαμὲν
1006 3121 1205 3189 τοίνυν,
1251 3126 1389 3195 πρὸς
1432 3126 1493 3180 τὸ
1529 3128 1699 3198 πέρας
1745 3131 2003 3202 ἐκατέρου

2110 3120 2500 3184 adhibeantur,
2532 3120 2887 3189 quantumvis
2923 3119 3089 3175 etiam
3125 3118 3372 3175 dolorem
3406 3118 3683 3177 facientia.

420 3212 726 3281 βλέποντες,
758 3213 922 3279 ἀξίως
965 3216 1273 3272 ἀντιλαϐεῖν
1317 3218 1578 3288 ἑκάτερον
1608 3220 1709 3292 τῆς
1743 3223 2003 3294 προαιρέ-

418 3320 559 3366 σεως
607 3302 768 3357 αὑτοῦ
811 3305 937 3368 τοὺς
985 3307 1230 3379 καρπούς
1255 3323 1269 3336 '
1319 3307 1413 3362 τὸν
1469 3309 1568 3379 μὲν
1600 3312 1700 3382 τὴν
1749 3312 2006 3384 στέρησιν

417 3389 516 3443 τοῦ
552 3391 751 3460 φωτὸς,
779 3393 870 3447 τὸν
899 3394 956 3448 δὲ
979 3396 1080 3468 τὴν
1101 3396 1420 3453 ἀπόλαυσιν,
1451 3400 1526 3453 Τὸ
1552 3402 1661 3473 γὰρ
1690 3402 2006 3472 ἀναγκαίως

419 3481 726 3553 ἑπόμενον,
782 3485 1049 3541 ἀντίδοσιν
1096 3489 1160 3541 ἐκ
1210 3492 1600 3561 καταχρήσεως
1644 3494 2002 3566 ὀνομάζομεν.

418 3574 609 3627 Ταῦτα
634 3576 726 3629 καὶ
751 3578 844 3632 ἐπὶ
870 3578 978 3632 τῶν
1001 3580 1210 3650 νηπίων
1243 3578 1592 3652 ζητουμένων
1619 3584 1769 3638 ἔστιν
1807 3588 2002 3653 εἰπεῖν,

418 3667 504 3719 ὃτι
528 3666 563 3736 ἠ
596 3668 695 3738 τῆς
713 3668 856 3738 ζωῆς
879 3670 1094 3742 ἐκείνης
1122 3673 1440 3740 ἀπόλαυσις,
1467 3675 1768 3748 οἰκείαμέν
1798 3677 1913 3732 ἐστι
1939 3682 2005 3751 τῇ

420 3759 740 3830 ἀνθρωπίνῃ
785 3761 984 3829 φύσει·
1021 3763 1120 3835 τῆς
1151 3765 1209 3818 δὲ
1252 3767 1395 3821 κατά
1439 3768 1537 3839 τὴν
1571 3768 1793 3838 ἄγνοιαν
1826 3770 2004 3835 νόσου,

421 3850 641 3904 πάντων
668 3852 849 3923 σχεδὸν
876 3853 983 3908 τῶν
1011 3857 1070 3909 ὲν
1111 3858 1177 3927 τῇ
1211 3859 1375 3929 σαρκὶ
1420 3858 1639 3923 ζώντων
1671 3862 2006 3936 ἐπικρατού-

424 3960 528 4013 σης
549 3983 565 4007 ,
615 3945 644 3996 6
679 3945 775 4015 μὲν
807 3949 925 4010 ταῖς
952 3948 1323 4019 καθηκούσαις
1355 3952 1674 4026 θεραπείαις
1703 3956 1894 4010 ἑαυτὸν
1919 3958 2009 4010 ὲκ-

423 4034 700 4106 καθάρας,
745 4037 840 4091 καὶ
888 4031 999 4092 οἷόν
1044 4056 1183 4095 τινα
1209 4040 1393 4114 λήμην
1432 4043 1526 4097 τοῦ
1557 4045 1865 4117 διορατικοῦ
1909 4047 2010 4117 τῆς

420 4126 604 4197 ψυχῆς
651 4127 963 4193 ἀποκλύσας
1002 4131 1102 4203 τὴν
1147 4132 1388 4202 ἄγνοιαν,
1439 4135 1590 4202 ἀξιον
1633 4138 1732 4207 τῆς
1771 4138 2010 4211 σπουδῆς

422 4218 538 4287 ἔχει
560 4217 624 4270 τὸ
647 4218 854 4290 κέρδος,
880 4222 936 4274 ὲν
957 4223 1020 4292 τῇ
1055 4216 1168 4294 ζωῇ
1192 4227 1259 4296 τῇ
1286 4226 1427 4280 κατὰ
1450 4225 1612 4296 φύσιν
1640 4228 1949 4299 γενόμενος’
1981 4233 2011 4285 6

422 4312 482 4364 δὲ
504 4310 575 4364 τά
598 4309 685 4366 διὰ
715 4314 814 4383 τῆς
841 4313 1041 4384 ἀρετῆς
1063 4314 1281 4385 φεύγων
1310 4316 1604 4389 καθάρσια,
1633 4319 1730 4371 καὶ
1758 4319 2010 4376 δυσίατον

425 4402 605 4473 ἐαυτῷ
633 4403 721 4457 διὰ
764 4403 874 4458 τῶν
900 4404 1192 4477 ἀπατηλῶν
1220 4407 1421 4479 ἡδονῶν
1454 4409 1880 4475 κατασκευάζων
1909 4411 2010 4482 τῆς

423 4493 648 4562 ἀγνοίας
675 4494 775 4566 τὴν
804 4496 981 4561 νόσον,
1026 4497 1180 4570 παρὰ
1207 4498 1370 4567 φύσιν
1394 4500 1679 4567 διατεθεὶς,
1709 4501 2008 4573 ἠλλοτρίω-

425 4601 516 4637 ται
536 4583 632 4637 τοῦ
659 4584 799 4638 κατά
818 4585 997 4654 φύσιν,
1031 4589 1125 4641 καὶ
1150 4588 1415 4660 ἀμέτοχος
1441 4590 1651 4660 γίνεται
1676 4592 1777 4662 τῆς
1804 4592 2008 4657 οἰκείας

426 4678 561 4748 ημῖν
585 4678 677 4731 καὶ
705 4680 1040 4750 καταλλήλου
1069 4682 1234 4754 ζωῆς.
1262 4683 1335 4736 Τὸ
1354 4683 1410 4736 δὲ
1431 4685 1796 4756 ἀπειρόκακον
1817 4686 2008 4757 νήπιον

429 4768 703 4838 μηδεμιᾶς
732 4770 889 4824 νόσου
918 4771 1027 4824 τῶν
1069 4772 1170 4842 τῆς
1218 4771 1396 4843 ψυχῆς
1440 4773 1703 4845 ὀμμάτων
1747 4775 1885 4845 πρὸς
1910 4777 2008 4848 τὴν

424 4859 526 4914 τοῦ
573 4861 750 4931 φωτὸς
798 4863 1084 4934 μετουσίαν
1126 4864 1563 4935 ἐπιπροσθούσης
1589 4905 1603 4929 ,
1658 4867 1715 4919 ἐν
1754 4866 1831 4937 τῷ
1869 4868 2009 4921 κατὰ

426 4950 591 5019 φύσιν
623 4951 853 5020 γίνεται,
892 4952 967 5023 μὴ
1013 4952 1266 5024 δεόμενον
1307 4952 1409 5023 τῆς
1434 4940 1503 5007 ’ἐκ
1539 4953 1634 5008 τοῦ
1669 4954 2009 5026 καθαρθῆναι

426 5044 661 5110 ὑγιείας,
683 5044 766 5097 ὅτι
795 5044 929 5117 μηδὲ
957 5044 1055 5116 τὴν
1081 5044 1254 5117 ἀρχὴν
1282 5044 1380 5115 τὴν
1406 5045 1558 5099 νόσον
1597 5048 1664 5116 τῇ
1690 5045 1834 5117 ψυχῇ
1870 5063 2010 5117 παρ-

426 5134 666 5201 εδέξατο.

2108 3213 2396 3271 sustinens
2437 3232 2451 3269 :
2496 3213 2635 3269 alter
2668 3227 2799 3267 vero
2837 3228 2869 3268 a
2905 3212 3119 3269 balneis
3151 3218 3206 3266 et
3236 3211 3412 3266 nimio
3441 3210 3550 3265 vini
3584 3227 3688 3266 usu

2109 3320 2231 3361 sese
2269 3304 2453 3360 minus
2481 3304 2758 3361 abstinere
2792 3305 2988 3375 possit,
3041 3303 3255 3358 nullum
3311 3301 3508 3358 medici
3558 3318 3690 3358 con-

2109 3397 2296 3453 silium
2357 3397 2500 3467 quod
2572 3397 2641 3452 ad
2699 3397 2988 3453 sanitatem
3058 3397 3345 3452 oculorum
3417 3394 3691 3465 pertineat

2109 3489 2430 3543 admittens.
2477 3488 2724 3544 Dicimus
2771 3489 2938 3557 igitur
2989 3490 3055 3543 ad
3112 3487 3275 3543 ﬁnem
3330 3495 3382 3543 et
3431 3495 3687 3541 eventum

2110 3578 2401 3651 utriusque
2467 3588 2802 3649 spectantes,
2855 3588 3153 3650 utrumque
3206 3595 3322 3635 suae
3383 3578 3689 3633 voluntatis

2109 3670 2305 3741 dignos
2338 3670 2584 3742 recipere
2613 3670 2860 3739 fructus;
2890 3671 3038 3727 hunc
3058 3673 3280 3742 quidem
3301 3670 3687 3742 privationem,

2108 3762 2262 3818 illum
2306 3777 2436 3818 vero
2478 3777 2641 3820 usum
2685 3769 2739 3819 et
2785 3762 3101 3819 fruitionem
3148 3763 3310 3819 lucis.
3343 3761 3501 3829 Quod
3542 3761 3690 3817 enim

2108 3853 2428 3909 necessario
2485 3852 2757 3923 sequitur,
2808 3852 2865 3907 id
2907 3868 3005 3923 per
3057 3852 3406 3921 abusionem,
3457 3852 3693 3908 retribu-

2108 3945 2314 4002 tionem
2341 3956 2397 4001 et
2423 3947 2928 4017 compensationem
2958 3946 3330 4002 nominamus.
3367 3943 3494 3999 Haec
3522 3944 3691 4000 etiam

2110 4038 2180 4094 ad
2228 4054 2291 4097 ea
2338 4054 2461 4110 quae
2490 4040 2558 4096 de
2590 4039 2895 4095 infantibus
2928 4048 3250 4110 quaeruntur
3283 4038 3392 4095 dici
3438 4045 3692 4109 possunt,

2110 4132 2258 4203 quod
2303 4133 2453 4189 illius
2485 4132 2612 4188 vitae
2670 4147 2808 4187 usus
2858 4137 3023 4201 atque
3069 4130 3282 4195 fruitio,
3316 4129 3537 4202 prepria
3567 4127 3693 4197 qui-

2111 4223 2233 4280 dem
2290 4225 2547 4280 humanae
2604 4230 2818 4279 natura:
2871 4222 2975 4283 sit,
3039 4221 3138 4277 sed
3182 4235 3307 4276 cum
3369 4219 3694 4290 ignorantiae

2112 4314 2304 4370 morbo
2338 4331 2537 4371 omnes
2575 4313 2971 4386 propemodum
3022 4313 3117 4384 qui
3173 4314 3230 4367 in
3281 4325 3451 4367 carne
3496 4310 3693 4365 vivunt

2112 4407 2352 4477 correpti
2380 4409 2525 4462 sint:
2550 4407 2645 4477 qui
2672 4403 2892 4476 quidem
2924 4404 3140 4461 idoneis
3170 4411 3225 4460 et
3255 4404 3695 4475 competentibus

2112 4498 2494 4554 curationibus
2528 4513 2652 4554 sese
2678 4497 3086 4568 expurgaverit,
3119 4504 3174 4552 et
3205 4495 3374 4552 veluti
3412 4496 3695 4567 lippitudi-

2111 4605 2234 4645 nem
2282 4588 2574 4660 quamdam
2619 4602 2648 4642 a
2695 4589 3036 4658 perspectiva
3084 4587 3135 4641 vi
3188 4589 3384 4642 animae
3434 4586 3694 4660 ignoran-

2110 4681 2241 4735 tiam
2281 4679 2438 4748 quasi
2485 4676 2835 4743 derivaverit,
2885 4677 3124 4733 abluerit
3170 4685 3337 4748 atque
3387 4675 3693 4737 sustulerit.

2109 4770 2333 4841 dignum
2375 4769 2560 4825 studio
2595 4769 2809 4824 lucrum
2861 4776 3195 4825 consecutus
3233 4769 3288 4823 in
3341 4781 3407 4823 ea
3449 4782 3571 4838 quae
3607 4783 3696 4822 se-

2111 4863 2351 4918 cundum
2395 4867 2653 4915 naturam
2706 4869 2812 4924 est,
2867 4862 2979 4916 vita
3027 4868 3314 4925 versatur;
3383 4857 3477 4927 qui
3513 4864 3697 4911 autem

2114 4970 2178 5010 ea
2229 4968 2352 5024 quae
2384 4967 2482 5023 per
2511 4953 2773 5007 virtutem
2811 4952 3162 5013 adhibentur,
3203 4950 3519 5021 purgatoria
3559 4944 3698 5018 fugit

2116 5045 2379 5107 remedia,
2417 5049 2723 5112 curatuque
2748 5040 3022 5097 difﬁcilem
3071 5041 3174 5097 sibi
3203 5053 3298 5110 per
3341 5035 3568 5092 fallaces
3596 5050 3697 5090 vo-

2119 5139 2358 5207 luptates
2403 5134 2731 5205 ignorantia:
2770 5120 3024 5189 morbum
3069 5130 3251 5193 eﬁicit,
3300 5136 3498 5199 praeter
3530 5134 3695 5181 natu-

428 5242 546 5281 ram
594 5226 897 5299 dispositus
930 5235 984 5283 et
1017 5227 1246 5284 aﬁectus
1287 5227 1502 5283 alienus
1532 5236 1617 5283 est
1651 5227 1720 5282 ab
1767 5243 1833 5283 eo
1863 5228 2011 5299 quod
2064 5227 2369 5284 secundum
2426 5231 2683 5279 naturam
2744 5232 2853 5288 est,
2911 5230 2968 5279 et
3025 5235 3223 5291 expers
3284 5217 3347 5272 ﬁt
3401 5215 3524 5287 ejus
3570 5216 3700 5270 vitae

425 5334 551 5389 quae
583 5322 744 5377 nobis
776 5320 999 5392 proprie
1031 5321 1287 5378 convenit
1327 5328 1382 5376 et
1407 5320 1823 5376 accommodata
1871 5332 1974 5377 est.
2025 5321 2098 5376 At
2148 5321 2364 5390 puellus
2407 5319 2592 5375 infans
2644 5318 2880 5387 simplex
2945 5315 3237 5384 omnisque
3302 5309 3527 5365 malitiae
3598 5323 3697 5367 ex-

422 5428 576 5487 pers,
626 5414 777 5469 nullo
826 5414 990 5469 etiam
1023 5430 1171 5469 nunc
1217 5413 1508 5469 oculorum
1575 5411 1745 5465 animi
1808 5412 2002 5469 morbo
2057 5412 2467 5483 participationi
2514 5411 2657 5466 lucis
2689 5408 2986 5472 oﬁiciente,
3015 5407 3071 5461 in
3115 5422 3182 5463 eo
3238 5407 3387 5478 quod
3442 5404 3698 5461 naturale

422 5518 513 5567 est
567 5521 845 5575 versatur,
917 5512 1155 5566 sanitate
1214 5524 1338 5580 quae
1407 5522 1504 5578 per
1556 5505 1940 5577 purgationem
2003 5508 2297 5580 contingit,
2353 5522 2462 5563 non
2518 5506 2793 5577 indigens,
2847 5505 3053 5575 quippe
3102 5502 3195 5574 qui
3250 5517 3354 5559 nec
3415 5503 3484 5558 ab
3538 5499 3698 5556 initio

422 5605 646 5678 quidem
695 5621 924 5677 prorsus
964 5607 1018 5660 in
1065 5606 1309 5660 animum
1354 5602 1611 5659 morbum
1659 5602 1903 5658 admisit.

497 5697 607 5751 Καί
638 5714 726 5770 μοι
756 5698 903 5752 δοκεῖ
930 5696 1019 5751 διά
1055 5714 1198 5760 τινος
1231 5696 1523 5765 ἀναλογίας
1551 5694 1766 5760 οἰκείως
1808 5694 1952 5765 ἔχειν
1981 5695 2009 5747 6

2185 5690 2266 5744 Ac
2295 5688 2428 5743 mihi
2468 5700 2715 5756 praesens
2748 5683 2874 5739 vitae
2912 5682 3056 5738 ratio
3102 5698 3201 5753 per
3238 5696 3532 5752 quamdam
3561 5696 3697 5737 con-

423 5789 616 5862 παρὼν
638 5790 731 5844 τοῦ
766 5790 883 5861 βίου
907 5791 1107 5861 τρόπος
1140 5791 1204 5861 τῇ
1245 5787 1834 5861 προσδοκωμένῃλζωῇ.
1859 5786 2006 5842 Καθ-

2115 5779 2445 5835 venientiam
2472 5787 2634 5848 atque
2656 5774 3067 5847 proportionem
3095 5772 3278 5827 afﬁnis
3303 5781 3356 5827 et
3390 5771 3696 5843 propinqua

426 5861 572 5953 άπερ
600 5882 707 5955 γὰρ
746 5882 883 5957 θηλῇ
945 5882 1039 5935 καὶ
1067 5880 1297 5950 γάλακτι
1340 5883 1372 5955 ἡ
1406 5881 1595 5954 πρώτη
1641 5880 1749 5935 τῶν
1797 5878 2007 5951 νηπίων

2118 5887 2241 5929 esse
2278 5871 2494 5928 videtur
2536 5869 2583 5925 ei
2619 5868 2742 5924 vitae
2773 5881 2954 5960 quam.
2982 5874 3387 5937 exspectamus.
3418 5861 3696 5929 Quemad-
