4106 6440
1381 391 1405 425 Ι.

513 407 622 469 179

1789 410 1846 465 S.
1871 410 2202 468 GREGORII
2243 411 2536 468 NYSSENI
3653 424 3744 480 l80

515 529 734 587 modum
757 528 900 583 enim
932 529 1108 597 prima
1133 524 1424 581 infantium
1447 533 1579 581 aetas
1605 539 1840 580 mamma
1866 541 1930 581 ac
1951 526 2092 582 lacte

2200 528 2374 600 ἡλικία
2397 528 2756 601 τιθηνουμένη
2777 528 3100 601 ἐκτρέφεται
3128 544 3142 558 ο
3173 523 3291 582 εἶτα
3318 529 3607 602 διαδέχεται
3628 539 3746 590 ταύ-

518 622 722 676 nutrita
767 619 1070 686 educatur;
1105 617 1306 673 deinde
1344 618 1488 674 alius
1535 618 1869 674 conveniens
1916 617 1967 673 ei
2003 619 2092 673 cui

517 713 808 767 adhibetur
840 711 1043 782 excipit
1091 711 1270 776 cibus,
1322 712 1420 782 qui
1464 710 1695 766 idoneus
1739 725 1802 764 ac
1837 709 2094 781 proprius

516 805 588 860 sit
625 805 748 873 ejus
775 804 873 874 qui
905 803 1201 871 enutritur,
1241 803 1420 858 donec
1457 801 1522 856 ad
1559 800 1853 873 perfectam
1897 816 2094 872 perve-

519 897 660 952 nerit
689 902 939 951 aetatem:
970 895 1043 949 ita
1070 893 1266 964 opinor
1290 893 1457 948 etiam
1483 893 1720 947 animam
1761 907 1858 963 per
1879 906 1943 947 ea
1973 906 2095 962 quae

518 999 735 1064 semper
761 983 1126 1054 competentia
1162 981 1266 1038 sibi
1306 990 1471 1052 atque
1512 981 1928 1038 accommodata
1961 981 2093 1048 sint,

518 1076 714 1134 ordine
746 1084 909 1148 atque
941 1077 1331 1148 consequentia
1361 1074 1599 1148 quadam
1629 1075 1948 1147 participem
1977 1075 2094 1132 lieri

519 1171 641 1242 ejus
674 1171 822 1235 vitae,
861 1185 983 1241 qua!
1025 1169 1330 1226 secundum
1378 1180 1634 1224 naturam
1667 1175 1774 1234 est,
1830 1174 2095 1239 quantam

520 1263 669 1334 capit
700 1278 765 1318 ac
789 1270 989 1334 potest,
1019 1263 1088 1319 de
1122 1262 1194 1318 iis
1220 1276 1343 1334 quae
1365 1262 1420 1317 in
1454 1260 1790 1317 beatitudine
1811 1259 2095 1332 proposita

521 1362 671 1417 sunt,
724 1359 932 1424 partem
967 1353 1297 1424 capientem,
1329 1351 1793 1424 quemadmodum
1840 1353 2003 1408 etiam
2040 1351 2094 1406 id

521 1459 552 1497 a
578 1443 749 1500 Paulo
787 1443 1100 1510 didicimus,
1154 1444 1318 1500 aliter
1347 1444 1627 1500 nutriente
1671 1458 1796 1499 eum
1842 1443 1937 1514 qui
1980 1441 2094 1512 jam

519 1549 616 1604 per
650 1537 908 1592 virtutem
937 1534 1197 1600 creverit,
1243 1535 1404 1590 aliter
1436 1533 1700 1588 infantem
1744 1541 1798 1589 et
1839 1531 2093 1602 imperfe-

518 1627 745 1682 ctiorem
773 1645 787 1682 :
819 1641 946 1681 nam
973 1627 1039 1682 ad
1061 1625 1618 1697 bujusmodiquidem
1651 1624 1788 1681 dicit
1812 1642 1825 1678 :
1863 1643 1882 1675 ι
1910 1622 2097 1678 Laetis

519 1726 647 1787 potu
682 1734 778 1773 vos
815 1719 947 1783 alui,
980 1726 1034 1774 et
1065 1733 1176 1774 non
1209 1719 1374 1786 cibo;
1413 1718 1658 1773 nondum
1695 1717 1841 1773 enim
1877 1724 2095 1787 potera-

520 1809 594 1864 tis
614 1810 653 1862 ⁸.
682 1829 699 1863 ι
737 1809 817 1864 Ad
841 1826 935 1867 eos
951 1821 1132 1866 autem
1154 1811 1248 1883 qui
1275 1811 1388 1882 jam
1409 1810 1764 1881 impleverant
1781 1824 2095 1865 mensuram

2191 637 2291 690 την
2319 621 2649 693 κατάλληλος
2677 621 2838 693 ἐτέρα
2861 622 2940 693 τῷ
2969 617 3310 694 ὑποκειμένῳ
3333 624 3520 696 τροφὴ,
3549 627 3746 695 οίκείως

2191 727 2252 764 τε
2280 711 2373 764 καὶ
2418 711 2736 782 ἐπιτηδείως
2764 711 2901 784 πρὸς
2931 711 2994 764 τὸ
3023 712 3358 783 τρεφόμενον
3403 712 3610 784 ἔχουσα,
3651 717 3745 781 ἕως

2191 801 2259 858 ἂν
2286 803 2380 857 ἐπὶ
2402 803 2464 858 τδ
2487 803 2689 858 τέλειον
2718 804 2901 878 φθάσῃ
2923 820 2938 836 ο
2971 803 3144 869 οὕτως
3173 799 3329 875 οῐμαι
3355 805 3447 859 καὶ
3471 807 3564 878 τὴν
3585 809 3749 881 ψυχὴν

2193 893 2281 950 διὰ
2311 895 2419 949 τῶν
2463 897 2550 950 ἀεὶ
2597 896 2946 968 καταλλήλων
2982 895 3136 962 τάξει
3182 898 3292 950 τινὶ
3338 898 3430 951 καὶ
3479 899 3746 971 ἀκολουθίᾳ

2197 987 2445 1059 μετέχειν
2471 988 2571 1060 τῆς
2595 987 2738 1043 κατὰ
2767 988 2929 1057 φύσιν
2957 987 3124 1058 ζωῆς,
3146 989 3223 1052 ὡς
3248 991 3414 1060 χωρεῖ
3433 990 3524 1044 καὶ
3545 990 3746 1046 δύναται

2194 1077 2302 1132 τῶν
2329 1083 2387 1133 ἐν
2425 1082 2492 1152 τῇ
2528 1079 2890 1152 μακαριότητι
2920 1081 3295 1151 προκειμένων
3327 1080 3750 1152 μεταλαμϐάνου-

2197 1189 2287 1239 σα,
2320 1170 2504 1236 καθὼς
2531 1173 2626 1226 καὶ
2653 1171 2803 1243 παρὰ
2828 1171 2924 1226 τοῦ
2968 1172 3180 1226 Παύλου
3225 1172 3289 1225 τὸ
3312 1170 3544 1227 τοιοῦτον
3569 1173 3750 1243 ἐμάθο-

2199 1280 2318 1333 μεν,
2351 1262 2524 1327 ἄλλως
2548 1263 2840 1332 τρέφοντος
2863 1263 2954 1317 τὸν
2986 1265 3088 1334 ἤδη
3129 1263 3220 1317 διὰ
3246 1264 3348 1336 τῆς
3379 1264 3573 1336 ἀρετῆς
3602 1264 3754 1336 αὐξη-

2197 1355 2379 1420 θέντα,
2410 1356 2506 1411 καὶ
2556 1355 2758 1428 ἑτέρως
2781 1356 2841 1409 τὸ
2875 1359 3066 1426 νήπιον
3095 1357 3190 1410 καὶ⁷
3221 1356 3589 1428 ἁτελέστερον.
3624 1357 3753 1427 lips;

2201 1445 2299 1517 μὲν
2353 1446 2462 1519 γὰρ
2507 1449 2632 1510 τοὺς
2690 1447 2963 1512 τοιούτους
3013 1448 3199 1518 φησὶν,
3255 1448 3338 1501 ὅτι
3390 1465 3408 1498 ι
3436 1447 3580 1502 Γάλα
3624 1449 3755 1518 ὑμᾶς

2198 1537 2445 1604 ἐπότισα,
2477 1539 2537 1592 οὐ
2569 1538 2762 1611 βρῶμα
2787 1557 2800 1571 ·
2837 1539 2987 1594 οῠπω
3018 1539 3128 1612 γὰρ
3152 1539 3416 1610 ἠδύνασθε
3437 1557 3450 1570 ·
3485 1557 3503 1590 ι
3556 1540 3684 1610 πρὸς
3705 1540 3754 1595 δὲ

2197 1631 2323 1694 τοὺς
2364 1630 2793 1702 πεπληρωκότας
2823 1633 2884 1686 τὸ
2931 1633 3127 1704 μέτρον
3166 1634 3266 1704 τῆς
3310 1632 3504 1702 νοητῆς
3531 1631 3757 1701 ἡλικίας,

2204 1739 2223 1775 ι
2251 1722 2481 1776 Τελείων
2503 1723 2561 1776 δέ
2587 1726 2724 1786 ἐστι,
2756 1742 2774 1774 ι
2816 1725 3002 1795 φησὶν,
3060 1743 3080 1777 ι
3111 1725 3143 1794 ἡ
3171 1725 3369 1796 στερεὰ
3397 1726 3588 1796 τροφὴ,
3617 1742 3634 1774 ι
3659 1723 3758 1776 τῶν

2198 1813 2285 1869 διὰ
2308 1813 2405 1884 τὴν
2435 1813 2548 1881 ἓξιν
2589 1815 2660 1868 τὰ
2705 1815 3031 1887 αἰσθητήρια
3063 1817 3492 1887 γεγυμνασμένα
3521 1815 3754 1886 ἐχόντων.

518 1901 715 1966 aetatis,
755 1916 878 1972 quae
913 1903 1124 1958 ratione
1152 1917 1218 1956 ac
1261 1909 1441 1957 mente
1483 1901 1821 1972 percipitur:
1865 1919 1884 1952 ι
1913 1899 2096 1955 Perfe-

2200 1905 2462 1976 Καθάπερ
2491 1907 2668 1961 τοίνυν
2688 1906 2787 1960 οὐκ
2815 1906 2960 1960 ἔστιν
2986 1909 3043 1961 ὲν
3071 1910 3182 1971 τοῖς
3210 1907 3417 1978 ὁμοίοις
3442 1909 3610 1960 εἰπεῖν
3633 1902 3758 1959 εἶναι

520 2000 733 2046 ctorum
777 2000 960 2048 autem
989 2002 1094 2058 est,
1121 2012 1139 2046 ι
1178 1993 1376 2064 inquit,
1417 1993 1664 2049 «solidus
1703 1992 1864 2048 cibus
1883 1993 1968 2058 ⁷,»
2004 1992 2097 2062 (ιιιὶ

518 2099 617 2153 per
658 2085 904 2140 habitum
940 2088 1187 2142 sensoria
1225 2087 1428 2143 habent
1472 2087 1793 2144 exercitata.
1826 2084 2099 2152 Quemad-

518 2176 739 2230 modum
791 2177 958 2247 igitur
995 2179 1102 2233 dici
1156 2194 1266 2235 non
1307 2186 1508 2249 potest,
1560 2179 1615 2234 in
1655 2178 1932 2236 similibus
1976 2193 2098 2234 esse

519 2268 694 2320 virum
725 2275 780 2323 et
826 2267 1111 2335 infantem,
1161 2271 1378 2326 etiamsi
1428 2277 1621 2326 neuter
1662 2285 1855 2326 eorum
1905 2270 2099 2324 morbo

520 2358 705 2428 aliquo
733 2359 1042 2429 implicetur
1068 2379 1083 2415 :
1112 2360 1244 2431 (quo
1276 2368 1440 2431 pacto
1464 2361 1610 2416 enim
1643 2361 1696 2414 in
1724 2361 1950 2430 paribus
1971 2375 2096 2416 ver-

521 2452 632 2507 sari
670 2451 885 2508 deliciis
916 2455 1150 2523 possint,
1186 2455 1281 2524 qui
1307 2453 1621 2510 earumdem
1652 2469 1836 2510 rerum
1870 2453 2098 2525 partici-

520 2559 616 2613 pes
658 2560 768 2598 non
798 2545 992 2612 sunt?)
1024 2546 1119 2602 sed
1159 2546 1356 2601 morbo
1381 2545 1602 2617 quidem
1639 2546 1794 2600 nullo
1833 2546 2018 2617 aliligi,
2047 2555 2101 2602 et

518 2633 573 2686 in
612 2632 717 2688 hoc
744 2645 798 2688 et
831 2634 886 2687 in
917 2634 1010 2688 illo
1040 2635 1294 2690 similiter
1327 2634 1550 2698 dicitur,
1586 2633 1830 2706 quandiu
1886 2635 2100 2706 passio-

517 2724 603 2778 nis
637 2731 692 2778 et
738 2724 1052 2782 amictionis
1103 2733 1332 2796 uterque
1369 2741 1566 2796 expers
1605 2735 1710 2792 est,
1757 2726 1854 2782 sed
1883 2725 2098 2782 fructus

515 2815 838 2870 deliciarum
880 2831 992 2872 non
1037 2817 1272 2884 amplius
1301 2817 1372 2871 ab
1409 2817 1602 2873 iisdem
1635 2817 1887 2873 similiter
1917 2816 2098 2888 perci-

516 2906 662 2976 pitur
692 2906 709 2966 (
725 2922 852 2962 nam
886 2909 1015 2964 huic
1041 2908 1260 2978 quidem
1303 2909 1428 2964 licet
1461 2909 1546 2964 vel
1579 2909 1923 2965 orationibus
1949 2909 2098 2964 dele-

517 3005 677 3067 ctari,
711 3004 796 3056 vel
847 3003 1012 3058 rebus
1042 3018 1299 3072 praeesse,
1333 3004 1418 3057 vel
1457 3019 1581 3057 cum
1622 3001 1787 3058 laude
1828 3017 1892 3057 ac
1923 3002 2097 3073 gloria

518 3094 872 3164 magistratus
927 3110 1134 3162 gerere,
1187 3095 1272 3150 vel
1324 3093 1721 3149 benefaciendo
1778 3093 2098 3150 hominibus

2195 1997 2288 2052 τὸν
2339 1997 2506 2068 ἄνδρα
2562 2014 2621 2050 τε
2675 1999 2766 2051 καὶ
2815 1998 2878 2050 τὸ
2922 1999 3132 2067 νήπιον,
3183 1997 3286 2051 κᾶν
3332 1998 3565 2070 μηδεμία
3620 1997 3758 2060 νόσος

2199 2092 2441 2162 ἐκατέρῳ
2484 2091 2689 2146 τούτων
2743 2091 3122 2161 προσάπτηται
3144 2107 3157 2120 ο
3195 2090 3352 2161 (πῶς
3380 2090 3488 2161 γὰρ
3518 2089 3581 2142 ἂν
3614 2091 3667 2142 ἐν
3691 2089 3762 2157 τῷ

2200 2185 2300 2255 ῐσῳ
2338 2184 2440 2255 τῆς
2485 2183 2697 2254 τρυφῆς
2742 2182 3017 2252 γένοιντο,
3054 2183 3104 2235 oi
3135 2180 3244 2234 τῶν
3293 2181 3478 2234 αὐτῶν
3522 2179 3594 2251 μὴ
3641 2196 3759 2250 μετ-

2198 2275 2410 2346 έχοντες
2432 2276 2472 2344 ς)
2497 2275 2632 2329 ἀλλὰ
2669 2275 2732 2329 τὸ
2776 2274 2875 2344 μὲν
2913 2272 2989 2345 μὴ
3029 2272 3327 2327 κακοῦσθαι
3355 2273 3498 2344 νόσῳ
3524 2271 3647 2336 τινὶ,
3679 2271 3762 2323 καὶ

2199 2368 2294 2422 ἐπὶ
2337 2369 2528 2422 τούτου
2575 2368 2672 2422 καὶ
2715 2369 2800 2422 ἐπ’
2831 2369 3037 2422 ἐκείνου
3087 2367 3303 2435 λέγεται
3361 2362 3759 2436 παραπλησίως,

2199 2459 2305 2524 ἐως
2337 2460 2403 2513 ἂν
2427 2460 2531 2525 ἔξω
2557 2460 2763 2524 πάθους
2787 2455 3096 2531 ἑκάτεροςῇ
3124 2473 3138 2486 ⁸
3170 2456 3280 2511 τῶν
3299 2457 3358 2510 δέ
3393 2456 3533 2511 κατά
3570 2451 3765 2526 τρυφὴν

2201 2551 2235 2620 ἡ
2267 2549 2565 2612 ἀπόλαυσις
2613 2550 2795 2603 οὐκέτι
2851 2549 3051 2619 ὁμοίιος
3089 2547 3234 2619 παρὰ
3260 2546 3371 2600 τῶν
3417 2545 3594 2600 αὐτῶν
3621 2545 3761 2612 ἐνερ-

2202 2642 2383 2710 γεῖται
2437 2639 2538 2710 (τῷ
2587 2639 2684 2710 μὲν
2741 2638 2850 2710 γὰρ
2901 2638 3138 2708 ὑπάρχει
3187 2635 3281 2689 καὶ
3334 2635 3426 2688 διὰ
3475 2634 3644 2702 λόγων
3684 2629 3764 2683 εὑ*

2201 2731 2544 2804 φραίνεσθαι,
2586 2731 2681 2785 καὶ
2712 2730 3051 2801 πραγμάτων
3083 2730 3417 2790 ἐπιστατεῖν,
3461 2726 3552 2780 καὶ
3575 2723 3765 2778 εὐδοκί-

2203 2841 2317 2896 μως
2342 2823 2518 2896 ἀρχὰς
2549 2823 2811 2894 μετιέναι,
2846 2821 2941 2875 καὶ
2972 2823 3092 2884 ταῖς
3115 2818 3226 2874 τῶν
3255 2818 3530 2889 δεομένων
3560 2815 3765 2884 εὐεργε-

2201 2917 2342 2980 σίαις
2377 2914 2809 2987 λαμπρύνεσθαι,
2857 2914 3074 2983 γαμετῇ
3109 2927 3169 2964 τε
3214 2911 3508 2970 συνοικεῖν,
3541 2907 3604 2961 ἂν
3636 2905 3768 2958 οὓτω

2200 3007 2337 3080 τύχῃ
2384 3006 2717 3077 καταθυμία,
2768 3006 2862 3059 καὶ
2904 3003 3055 3057 οἴκου
3100 3004 3324 3074 ἄρχειν,
3381 3000 3476 3054 καὶ
3508 3001 3607 3052 ὅσα
3639 2995 3769 3048 κατὰ.

2199 3100 2388 3155 τοῦτον
2414 3100 2560 3154 ἐστιν
2588 3099 2719 3171 ἡδέα
2742 3098 2834 3152 τὸν
2859 3095 3173 3168 παραϐατὸν
3207 3094 3319 3165 βίον
3351 3094 3553 3164 εὑρεῖν,
3581 3087 3768 3159 ἀκροά-

516 3187 805 3258 egentibus
856 3187 1184 3253 clarescere,
1221 3187 1306 3242 vel
1357 3187 1404 3243 si
1459 3201 1549 3242 res
1595 3187 1669 3240 ita
1720 3188 1924 3256 tulerit,
1972 3202 2095 3243 cum

2206 3193 2353 3264 ματά
2379 3209 2438 3245 τε
2465 3191 2559 3244 καὶ
2582 3191 2850 3260 θεάματα,
2877 3188 3041 3260 θῆραι
3076 3188 3170 3241 καὶ
3198 3185 3424 3256 λουτρὰ,
3455 3184 3549 3237 καὶ
3573 3179 3767 3280 γυμνά-

518 3293 709 3343 uxore,
743 3294 863 3349 quae
901 3278 1054 3334 cordi
1113 3279 1205 3345 sit,
1262 3278 1611 3334 matrimonio
1653 3279 1905 3348 junctum
1951 3294 2094 3344 esse,

517 3386 581 3425 ac
616 3371 802 3426 domui
851 3385 1120 3440 praeesse;
1153 3384 1217 3424 ac
1251 3369 1298 3426 si
1340 3385 1448 3439 qua
1487 3370 1593 3424 alia
1623 3385 1720 3440 per
1761 3370 1902 3424 banc
1928 3371 2096 3424 vitam

517 3478 624 3516 una
648 3478 771 3517 cum
792 3463 878 3518 his
898 3462 1144 3533 jucunda
1171 3463 1297 3518 licet
1318 3463 1584 3524 invenire,
1619 3470 1732 3516 tum
1761 3472 2096 3531 acroamata,

518 3564 631 3609 tum
696 3557 1028 3624 spectacula,
1080 3555 1421 3619 venationes,
1493 3555 1732 3616 lavacra.
1789 3559 2095 3626 gymnasia,

516 3649 830 3704 convivales
871 3649 1040 3704 animi
1079 3649 1494 3714 delectationes,
1555 3664 1620 3704 ac
1667 3649 1713 3704 si
1767 3649 1899 3718 quid
1948 3649 2098 3704 aliud

517 3741 787 3810 ejusmodi
831 3748 948 3795 est:
980 3753 1034 3794 at
1079 3741 1274 3798 infanti
1307 3741 1520 3796 delicia:
1562 3749 1692 3796 sunt
1723 3741 1828 3806 lac,
1865 3741 2099 3797 nutricis

519 3832 682 3892 ulna},
712 3829 896 3899 quieta
927 3847 992 3886 ac
1012 3832 1225 3900 placida
1254 3831 1444 3896 motio,
1479 3847 1602 3902 quae
1623 3847 1876 3887 somnum
1905 3831 2101 3888 invitet

518 3930 573 3978 et
598 3922 904 3978 detnulceat
928 3939 944 3989 ;
978 3937 1102 3976 nam
1122 3920 1455 3993 imperfecta:
1474 3923 1652 3978 aetatis
1675 3937 1740 3978 ea
1771 3930 1969 3977 natura
1991 3931 2098 3990 est,

519 4024 578 4069 ut
615 4030 738 4085 quae
781 4023 1004 4084 superet
1045 4015 1187 4069 hanc
1227 4013 1654 4070 oblectationem
1706 4029 1816 4068 non
1858 4013 2098 4085 capiat):

517 4107 708 4162 eodem
743 4106 923 4172 modo,
959 4106 1051 4175 qui
1085 4120 1182 4177 per
1213 4106 1470 4161 virtutem
1504 4106 1560 4159 in
1599 4105 1702 4161 bac
1731 4106 1843 4162 vita
1885 4107 2101 4161 animas

518 4201 885 4267 nutriverunt,
929 4209 1002 4265 et,
1051 4211 1111 4256 ut
1153 4199 1333 4270 inquit
1379 4199 1696 4270 Apostolus,
1753 4199 1953 4254 mentis
1988 4213 2102 4254 suae

519 4309 782 4350 sensuum
828 4293 1200 4350 instrumenta
1234 4301 1623 4358 exercuerunt,
1660 4293 1705 4347 si
1744 4290 1811 4346 ad
1839 4291 2100 4363 incorpo-

518 4399 670 4440 ream
701 4385 850 4439 illam
876 4386 1044 4440 vitam
1075 4385 1464 4453 traducantur,
1506 4401 1608 4456 pro
1637 4385 1847 4442 ratione
1877 4385 2102 4442 habitus

523 4490 588 4532 ac
620 4478 896 4545 potentiae,
929 4491 1054 4546 quae
1082 4476 1136 4530 in
1178 4476 1312 4546 ipsis
1341 4478 1494 4542 insit,
1535 4477 1846 4532 divinarum
1877 4476 2103 4533 delicia-

2203 3302 2314 3349 σια,
2344 3285 2436 3336 καὶ
2473 3282 2768 3354 συμπόσια,
2817 3279 2912 3334 καὶ
2937 3279 3221 3350 θυμηδίαι,
3262 3279 3355 3331 καὶ
3386 3278 3440 3329 εἴ
3465 3292 3517 3328 τι
3545 3270 3772 3326 τοιοῦτον

2199 3378 2382 3448 ἕτερον
2402 3393 2416 3408 ο
2448 3374 2526 3443 τῷ
2551 3375 2609 3428 δὲ
2633 3373 2812 3444 νηπίῳ
2849 3373 2884 3442 ἡ
2924 3370 3125 3442 τρυφὴ,
3155 3371 3217 3422 τὸ
3250 3368 3393 3437 γάλα
3444 3367 3580 3429 ἐστὶ,
3623 3363 3712 3417 καὶ
3739 3363 3770 3429 ἡ

2199 3469 2296 3540 τῆς
2324 3467 2546 3540 τιθήνης
2575 3465 2787 3535 ἀγκάλη
2806 3503 2820 3528 ,
2863 3465 2958 3518 καὶ
2987 3463 3229 3534 ὴρεμαία
3255 3462 3474 3532 κίνησις
3502 3459 3592 3512 τὸν
3617 3456 3770 3509 ὕπνον

2199 3557 2534 3629 ἐφελκομένη
2581 3573 2640 3610 τε
2689 3555 2784 3610 καὶ
2829 3553 3094 3625 ἡδύνουσα
3121 3568 3133 3582 ·
3177 3551 3274 3622 τὴν
3299 3551 3410 3623 γὰρ
3440 3551 3580 3619 ὑπὲρ
3626 3544 3770 3598 τοῦτο

2199 3648 2536 3720 εὐφροσύνην
2561 3687 2576 3712 ,
2627 3647 2687 3701 τὸ
2716 3645 2904 3708 ἀτελὲς
2934 3644 3035 3714 τῆς
3081 3641 3296 3713 ἡλικίας
3323 3640 3575 3711 χωρῆσαι
3622 3635 3777 3704 φύσιν

2199 3742 2298 3797 οὐκ
2326 3740 2460 3811 ἔχει)
2485 3755 2498 3768 ·
2530 3739 2619 3792 τὸν
2649 3738 2814 3792 αὐτὸν
2845 3737 3044 3808 τρόπον
3073 3737 3122 3788 oi
3147 3733 3236 3787 διὰ
3262 3733 3360 3804 τῆς
3399 3731 3600 3803 ἀρετῆς
3624 3729 3680 3780 ἐν
3702 3721 3773 3792 τῷ

2199 3831 2326 3901 τῇδε
2358 3829 2457 3900 βίῳ
2491 3829 2590 3892 τὰς
2628 3827 2806 3899 ψυχὰς
2848 3825 3165 3898 θρέψαντες,
3204 3823 3320 3885 καὶ,
3349 3820 3536 3884 καθώς
3567 3834 3723 3889 φησιν
3746 3813 3776 3868 ὁ

2214 3922 2553 3985 Ἀπόστολος,
2600 3919 3120 3990 καταγυμνάσαντες
3152 3913 3361 3970 ἑαυτῶν
3400 3913 3470 3967 τὰ
3502 3909 3666 3981 νοητὰ
3695 3907 3775 3961 al-

2204 4015 2506 4085 σθητὴρια,
2551 4014 2599 4066 εἰ
2645 4013 2782 4083 πρὸς
2831 4011 2926 4081 τὴν
2974 4008 3262 4080 ἀσώματον
3293 4006 3513 4075 ἐκείνην
3551 4015 3777 4074 μετοικι-

2205 4106 2379 4168 σθείεν
2415 4104 2557 4175 ζωὴν
2581 4145 2596 4170 ,
2645 4107 2776 4176 πρὸς
2818 4105 2974 4172 λόγον
3007 4106 3107 4173 τῆς
3141 4099 3559 4171 ἐνυπαρχούσης
3605 4094 3776 4156 αὐτοῖς

2201 4194 2369 4261 ἒξεώς
2399 4212 2459 4248 τε
2505 4196 2599 4249 καὶ
2629 4194 2942 4265 δυνάμεως,
2977 4195 3076 4263 τῆς
3124 4191 3274 4254 θείας
3305 4190 3523 4262 τρυφῆς
3555 4184 3778 4259 μεταλήι

2200 4289 2410 4357 ψονται,
2444 4287 2478 4357 ἢ
2507 4287 2772 4351 πλείονος,
2800 4285 2833 4355 ἢ
2865 4284 3167 4350 ἐλάττονος,
3195 4281 3340 4336 κατὰ
3369 4282 3473 4354 τὴν
3503 4277 3778 4351 παροῦσαν

2201 4377 2430 4431 ἑκάστου
2457 4376 2686 4447 δύναμιν
2719 4375 2827 4428 τῶν
2856 4372 3232 4444 προκειμένων
3260 4372 3602 4442 μετέχοντες.
3641 4368 3701 4420 'H
3725 4363 3778 4418 δὲ

2202 4469 2465 4538 ἄγευστος
2512 4469 2612 4538 τῆς
2654 4467 2856 4538 ἀρετῆς
2887 4465 3052 4536 ψυχὴ,
3102 4463 3210 4518 τῶν
3263 4462 3361 4534 μὲν
3409 4465 3478 4515 ἐκ
3524 4457 3779 4528 πονηρίας

523 4581 645 4621 rum
694 4567 990 4636 participes
1035 4574 1216 4628 erunt,
1265 4567 1353 4622 vel
1385 4567 1647 4635 majorem
1697 4567 1782 4622 vel
1829 4566 2097 4622 minorem

2203 4557 2410 4624 κακῶν,
2435 4558 2530 4612 ἆτε
2567 4559 2703 4629 μήτε
2728 4559 2826 4628 τὴν
2858 4556 3030 4628 ἀρχὴν
3061 4553 3439 4624 συνενεχθεῖσα
3467 4555 3535 4623 τῇ
3561 4551 3660 4621 τῆς
3689 4565 3780 4601 κα-

522 4655 830 4713 secundum
870 4664 1193 4726 praesentem
1219 4655 1489 4726 cujusque
1519 4658 1815 4726 potentiam
1846 4659 2100 4729 proposi-

521 4755 705 4804 torum
744 4751 955 4816 partem
1003 4745 1304 4814 capientes.
1339 4746 1409 4800 At
1462 4746 1648 4800 anima
1687 4761 1810 4816 quae
1837 4747 2098 4804 virtutem

523 4837 767 4894 nondum
799 4839 1056 4908 gustavit,
1095 4853 1287 4893 eorum
1315 4838 1536 4909 quidem
1574 4838 1846 4893 malorum
1879 4855 2003 4909 qua:
2030 4855 2099 4895 ex

523 4931 872 5001 improbitate
896 4944 961 4985 ac
989 4931 1233 4999 nequitia
1269 4931 1547 4996 oriuntur,
1578 4940 1638 4984 ut
1675 4946 1798 5002 quae
1835 4930 1908 4986 ab
1942 4931 2102 4987 initio

521 5039 750 5093 prorsus
779 5025 836 5078 in
873 5023 1101 5077 malitiae
1125 5021 1377 5078 morbum
1425 5037 1536 5077 non
1580 5023 1859 5089 inciderit,
1902 5039 2099 5095 expers

523 5125 744 5182 manet;
777 5115 929 5172 illius
957 5125 1136 5170 autem
1171 5113 1323 5179 vitae,
1363 5128 1528 5185 quam
1553 5113 1650 5170 Dei
1685 5124 1802 5170 tum
1833 5116 2099 5187 cognitio-

523 5224 644 5263 nem
687 5217 802 5262 tum
839 5208 1317 5278 participationem
1357 5221 1484 5262 esse
1509 5207 1686 5263 oratio
1717 5208 1972 5279 superior
2002 5209 2099 5265 de-

2203 4652 2326 4715 κίας
2353 4650 2513 4722 νόσῳ,
2540 4649 2785 4721 διαμένει
2826 4650 3092 4720 ἀμέτοχος
3137 4649 3236 4719 τῆς
3263 4646 3411 4718 ζωῆς
3439 4646 3680 4716 ἐκείνης,
3719 4643 3780 4711 ἢν

2201 4743 2337 4797 Θεοῦ
2371 4742 2570 4812 γνῶσίν
2602 4759 2662 4793 τε
2713 4742 2809 4800 καὶ
2857 4739 3146 4812 μετουσίαν
3176 4741 3204 4792 ὁ
3239 4737 3346 4808 πρὸ
3375 4737 3586 4790 τούτων
3632 4733 3780 4800 λόγος

2202 4835 2458 4907 ὡρίσατο,
2490 4832 2743 4887 τοσοῦτον
2779 4833 2994 4904 μετέχει
3036 4831 3188 4904 παρὰ
3231 4830 3330 4900 τὴν
3364 4831 3626 4903 πρώτην,
3666 4829 3784 4880 ὅσον

2204 4931 2374 4998 χωρεί
2419 4927 2480 4979 τὸ
2524 4925 2878 4996 τρεφόμενον,
2919 4923 3023 4988 ἓως
3065 4923 3154 4988 ἂν,
3186 4922 3440 4992 καθάπερ
3477 4923 3586 4976 τινὶ
3613 4917 3781 4989 τροφῇ

2205 5018 2528 5088 καταλλήλῳ
2551 5019 2617 5088 τῇ
2648 5016 2849 5087 θεωρίᾳ
2873 5015 2966 5068 τοῦ
2988 5015 3139 5077 ὄντος
3165 5014 3287 5068 ἐναδ
3297 5013 3574 5084 ρυνθεῖσα,
3603 5026 3780 5081 χωρη·

2205 5111 2332 5182 τικὴ
2364 5110 2458 5162 τοῦ
2508 5108 2753 5169 πλείονος
2795 5107 3040 5177 γένηται,
3090 5108 3148 5160 ἐν
3188 5105 3439 5176 δαψιλείᾳ
3479 5103 3575 5157 τοῦ
3619 5102 3786 5160 ὅντως

2205 5209 2358 5270 ὄντος
2389 5202 2510 5258 κατ’
2540 5200 2789 5266 ἐξουσίαν
2821 5200 3145 5270 μετέχουσα.

527 5303 720 5366 ﬁnivit,
751 5310 957 5356 tantam
986 5303 1039 5356 in
1067 5303 1225 5356 initio
1249 5309 1460 5371 partem
1491 5303 1658 5373 capit,
1689 5312 1911 5373 quanta:
1925 5320 2098 5375 capax
2130 5314 2215 5361 est
2247 5303 2302 5359 id
2334 5299 2481 5372 quod
2522 5298 2821 5360 enutritur,
2863 5297 3042 5366 quoad
3093 5304 3352 5366 tanquam
3385 5294 3518 5349 cibo
3552 5289 3781 5363 quodam

528 5391 875 5446 convenienti
922 5401 976 5446 et
1011 5390 1426 5450 accommodato
1469 5392 1535 5447 ad
1585 5394 2101 5465 contemplationem
2141 5394 2283 5464 ejus,
2314 5391 2408 5462 qui
2449 5404 2641 5444 revera
2669 5396 2774 5452 est,
2805 5385 3032 5457 grandis
3073 5385 3265 5441 effecta
3319 5385 3552 5454 majoris
3613 5379 3784 5452 partis

528 5499 698 5554 capax
745 5484 1036 5550 efficiatur,
1091 5487 1315 5558 largiter
1366 5495 1421 5541 et
1465 5487 1684 5543 abunde
1723 5505 1822 5558 pro
1866 5491 2098 5546 arbitrio
2148 5498 2357 5562 partem
2388 5486 2614 5556 capiens
2636 5484 2757 5553 ejus
2787 5483 2882 5552 qui
2914 5498 3104 5538 revera
3137 5491 3243 5538 est.

599 5575 680 5628 Ad
723 5575 838 5628 haac
890 5577 1246 5645 respicientes
1281 5581 1548 5634 malorum
1591 5581 1834 5651 quidem,
1871 5599 1994 5653 quae
2030 5599 2093 5638 ex

529 5661 883 5735 improbitate
906 5682 967 5717 ae
997 5669 1238 5738 nequitia
1263 5671 1558 5729 exsistunt.
1592 5672 1796 5731 pariter
1818 5681 2094 5736 expertem

612 5860 634 5892 ⁶
673 5858 696 5919 ι
729 5859 858 5915 Cor.
890 5874 987 5925 ιιι,
1017 5862 1072 5917 2.
1149 5865 1167 5896 ⁷
1193 5863 1355 5932 Hebr.
1391 5883 1446 5931 ν,
1475 5870 1560 5927 14.

2277 5580 2419 5650 Πρὸς
2463 5579 2633 5632 ταῦτα
2666 5577 2969 5647 βλέποντες,
3005 5575 3109 5641 ἔξω
3141 5575 3239 5645 μὲν
3267 5573 3374 5627 τῶν
3413 5575 3481 5626 ἐκ
3526 5566 3786 5638 πονηρίας

2213 5673 2400 5728 κακῶν
2435 5672 2634 5744 ὁμοίως
2687 5666 2825 5729 εἷναί
2861 5685 3039 5739 φαμεν
3068 5667 3165 5737 τὴν
3210 5666 3384 5736 ψυχὴν
3409 5707 3422 5731 ,
3472 5663 3570 5718 τοῦ
3603 5677 3662 5717 τε
3703 5653 3788 5710 διὰ
