4106 6438
346 320 438 382 ιιι
1144 321 1232 380 DE
1271 323 1685 383 INFANTIBUS
1714 328 1834 395 QUI
1872 326 2331 384 PRA'ZMATURE
2361 323 2860 382 ABRIPIUNTUR.

3534 328 3639 384 18?.

352 441 524 510 πάσης
549 436 759 510 ἀρετῆς
786 438 1044 511 ἦκῡντος,
1089 442 1183 497 καὶ
1212 440 1307 496 τοῦ
1341 444 1476 516 μηδὲ
1504 444 1640 509 ὅλως
1668 463 1937 518 μετεσχη-

2055 447 2284 502 animam
2340 460 2468 503 esse
2514 443 2756 500 dicimus
2807 454 2921 498 tum
2974 440 3095 514 ejus
3139 442 3232 513 qui
3288 457 3385 514 per
3414 457 3641 500 omnem

358 533 508 595 κότος
530 530 627 585 τοῦ
660 529 804 602 βίου.
861 530 940 585 Οὐ
994 532 1101 604 μὴν
1145 534 1204 588 ὲν
1229 534 1309 606 τῷ
1353 536 1526 609 ὁμοίῳ
1550 537 1649 609 τὴν
1682 538 1944 611 ἑκατέρου

357 624 557 679 τούτων
599 622 888 695 διαγωγὴν
936 623 1244 696 ἐννοοῦμεν.
1307 625 1367 680 ’0
1422 628 1521 698 μὲν
1566 629 1674 700 γὰρ
1722 630 1943 701 ἤκουσε,

360 715 542 780 καθὼς
571 717 600 769 ὁ
622 715 926 787 Προφήτης
953 716 1105 787 φησὶ,
1131 715 1240 771 τῶν
1273 717 1539 789 οὐρανίων
1568 719 1944 792 διηγημάτων,

358 808 429 862 δι’
461 801 535 862 ὧν
564 808 600 877 ἡ
630 806 760 871 δόξα
797 807 893 860 τοῦ
918 806 1055 862 Θεοῦ
1085 808 1533 878 καταγγέλλεται,
1574 814 1669 866 καὶ
1715 813 1805 867 διά
1844 814 1947 885 τῆς

366 900 596 964 κτίσεως
622 899 760 972 πρὸς
784 899 886 971 τὴν
913 899 1240 973 κατανόησιν
1266 902 1524 975 ὼδηγήθη
1554 903 1649 957 τοῦ
1674 905 1946 960 Δεσπότου

361 993 461 1063 τῆς
488 990 717 1056 κτίσεως
738 1030 755 1056 ,
799 992 895 1046 καὶ
938 991 1244 1065 διδασκάλῳ
1285 997 1351 1066 τῇ
1382 993 1551 1059 ὅντως
1582 996 1745 1068 σοφίᾳ
1781 998 1948 1069 ἐχρή-

365 1099 518 1146 σατο,
550 1085 618 1155 τῇ
667 1084 726 1136 ὲν
754 1085 868 1147 τοῖς
898 1078 1019 1137 οὖσι
1061 1084 1411 1159 θεωρουμένῃ
1458 1086 1638 1159 σοφίᾳ,
1672 1087 1733 1141 τό
1762 1105 1823 1142 τε
1850 1088 1946 1143 τοῦ

362 1175 543 1245 φωτὸς
570 1174 760 1229 τούτου
787 1174 984 1240 κάλλος
1009 1177 1371 1247 κατανοήσας,
1402 1176 1738 1246 ἀναλογικᾶκ
1765 1179 1827 1233 τὸ
1849 1178 1946 1233 τοῦ

362 1267 624 1339 ἀληθινοῦ
649 1267 824 1336 φωτὸς
857 1267 1051 1332 κάλλος
1084 1269 1295 1341 ἐνόησε,
1327 1269 1422 1324 καὶ
1450 1272 1508 1324 ἐν
1533 1270 1609 1342 τῷ
1637 1273 1821 1343 παγίῳ
1847 1275 1946 1347 τῆς

360 1360 470 1430 γῆς
489 1360 551 1414 τὸ
567 1359 661 1413 τοῦ
682 1359 1041 1432 πεποιηκότος
1064 1362 1232 1434 αὐτὴν
1253 1362 1586 1433 ἀμετάθετον
1609 1365 1902 1437 ἐπαιδεύθη
1929 1384 1942 1397 ·

363 1453 463 1506 καὶ
492 1452 553 1506 τὸ
585 1451 891 1523 ἀμέτρητον
929 1451 1022 1505 τοῦ
1054 1452 1284 1524 ούρανοῦ
1321 1452 1554 1525 μέγεθος
1585 1456 1947 1527 κατανοήσας,

365 1546 504 1617 πρὸς
530 1544 592 1598 τὸ
622 1544 847 1617 ἀπειρόν
875 1562 934 1599 τε
966 1546 1060 1598 καὶ
1099 1546 1350 1617 ἀόριστον
1378 1549 1478 1618 τῆς
1510 1547 1949 1621 ἐμπεριεχούσης

358 1637 424 1691 τὸ
451 1639 561 1691 πᾶν
593 1636 875 1708 δυνάμεως
916 1636 1195 1708 ὠδηγήθη,
1222 1637 1322 1702 τάς
1351 1654 1410 1691 τε
1443 1639 1667 1702 ἀκτῖνας
1698 1638 1823 1692 ίδὼν
1853 1639 1948 1693 τος

360 1728 516 1798 ηλίου
572 1730 638 1782 ὲκ
686 1729 795 1782 τῶν
839 1727 1107 1783 τοσούτων
1158 1728 1469 1800 ύψωμάτων
1537 1729 1732 1809 μέχρις
1792 1730 1949 1803 ἡμῶν

2047 540 2307 597 virtutem
2339 552 2666 611 progressus
2719 535 2875 605 facit,
2929 541 3046 590 tum
3077 534 3200 607 ejus
3245 535 3340 607 qui
3389 550 3460 591 ne
3511 535 3645 592 vitae

2048 630 2268 703 quidem
2294 629 2516 702 penitus
2542 628 2824 701 particeps
2855 626 2979 696 fuit,
3004 642 3115 683 non
3140 638 3326 684 tamen
3360 627 3419 683 in
3439 629 3637 685 eodem

2048 732 2195 781 Statu
2223 730 2391 794 atque
2430 721 2749 779 conditione
2782 719 2900 792 pari
2934 719 3222 792 utriusque
3252 721 3449 777 horum
3500 736 3639 776 con-

2048 816 2416 872 versationem
2466 815 2702 885 vitteque
2742 812 3147 869 traductionem
3198 828 3322 870 esse
3374 814 3636 886 intelligi-

2050 922 2192 964 mus.
2221 906 2324 962 Hic
2349 906 2497 962 enim
2527 907 2806 970 celestes,
2840 912 2898 960 ut
2930 904 3006 960 ait
3030 903 3325 976 Propheta,
3357 905 3639 960 narratio-

2050 1014 2170 1063 nes,
2206 1014 2305 1069 per
2350 1013 2489 1068 quas
2535 997 2711 1068 gloria
2748 995 2843 1053 Dei
2885 996 3268 1059 annuntiatur,
3306 995 3538 1060 audivit,
3584 1007 3638 1052 et

2048 1105 2147 1160 per
2175 1099 2486 1145 creaturam
2516 1088 2581 1143 ad
2610 1088 3105 1144 considerationem
3132 1085 3347 1143 Domini
3373 1094 3641 1143 creaturae

2048 1178 2317 1235 deductus
2360 1186 2465 1244 est,
2517 1187 2572 1233 et
2612 1177 2680 1234 ad
2711 1177 3156 1249 cognoscendam
3190 1192 3309 1234 eam
3349 1192 3473 1248 qua:
3510 1191 3640 1233 vere

2050 1272 2317 1344 sapientia
2348 1279 2454 1337 est,
2506 1270 2771 1342 magistra
2805 1287 2942 1328 usus
2975 1279 3062 1326 est
3097 1285 3161 1327 ea
3198 1270 3471 1342 sapientia
3516 1285 3641 1341 qua:

2050 1365 2105 1420 in
2142 1367 2307 1421 rebus
2336 1365 2609 1420 universis
2652 1363 3070 1438 consideratur,
3120 1370 3174 1417 et
3208 1362 3392 1418 inesse
3430 1361 3638 1417 intelli-

2050 1456 2216 1526 gitur,
2253 1463 2419 1523 atque
2439 1453 2606 1525 hujus
2629 1454 2771 1511 lucis
2793 1452 3208 1525 pulchritudine
3230 1452 3637 1522 animadversa,

2053 1563 2147 1618 per
2178 1547 2594 1603 convenientem
2637 1544 3056 1603 similitudinem
3103 1559 3167 1600 ac
3198 1544 3633 1615 pr0portionem,

2051 1654 2195 1695 verte
2241 1638 2383 1695 lucis
2412 1638 2882 1712 pulchritudinem
2916 1637 3294 1695 consideravit
3333 1647 3390 1693 et
3423 1638 3639 1694 intelle-

2052 1732 2133 1787 xit
2161 1747 2177 1798 ;
2205 1739 2260 1787 et
2291 1747 2387 1802 per
2418 1730 2755 1787 soliditatem
2791 1729 3276 1793 actlrmitudinem
3310 1736 3493 1795 terrm,
3517 1729 3639 1801 ejus

358 1818 674 1891 διηκούσας,
709 1820 772 1875 τὸ
811 1820 886 1893 μὴ
914 1821 1122 1876 ἀτονείν
1154 1820 1251 1886 τὰς
1285 1821 1539 1892 νοητικὰς
1568 1821 1662 1876 τοῦ
1689 1822 1824 1877 Θεοῦ
1864 1826 1949 1878 ὲν-

2055 1824 2145 1895 qui
2173 1823 2465 1888 fcciteam,
2484 1823 2678 1878 didicit
2705 1823 3140 1879 immobilitatem
3166 1838 3232 1878 ac
3258 1822 3637 1879 stabilitatem.

360 1912 587 1983 εργείας
618 1913 756 1985 πρὸς
795 1912 1025 1968 ἕκαστον
1068 1912 1228 1985 ἡμῶν
1271 1912 1380 1967 ἀπὸ
1425 1912 1518 1967 τοῦ
1560 1915 1660 1985 τῆς
1693 1913 1948 1987 θεότητος

362 2002 550 2074 ὕψους.
568 2006 810 2060 κατιέναι
836 2003 925 2059 διὰ
954 2004 1063 2058 τῶν
1110 2004 1449 2075 φαινομένων
1495 2005 1838 2061 ἐπίστευσεν.
1887 2008 1949 2060 Ei

366 2098 477 2169 γὰρ
501 2092 582 2162 εἷς
607 2097 682 2151 ὢν
708 2097 932 2169 φωστὴρ
958 2099 1111 2168 κοινῇ
1138 2115 1198 2150 τε
1227 2097 1286 2151 τὸ
1319 2097 1676 2169 ὑποκείμενον
1709 2098 1854 2153 ἅπαν
1880 2101 1946 2170 τῇ

366 2191 668 2260 φωτιστικῇ
702 2187 926 2258 δυνάμει
976 2188 1353 2259 διαλαμϐάνει,
1387 2188 1480 2242 καὶ
1512 2190 1646 2243 πᾶσι
1677 2191 1790 2254 τοῖς
1823 2207 1951 2261 μετ-

363 2282 583 2353 έχουσιν
610 2280 800 2335 ἑαυτὸν
824 2281 1118 2351 ἐπινέμων,
1150 2279 1270 2345 ὅλος
1291 2280 1506 2351 ἑκάστῳ
1532 2281 1625 2334 καὶ
1647 2280 1950 2353 ἀδιαίρετος

366 2370 634 2440 πάρεστι’
677 2370 828 2440 πόσῳ
862 2369 1060 2440 μᾶλλον
1090 2371 1118 2422 ό
1148 2368 1240 2423 τοῦ
1272 2371 1557 2442 φωστῆρος
1598 2371 1951 2444 δημιουργὸς,

363 2463 466 2517 καὶ
516 2463 695 2517 πάντα
745 2464 805 2515 ὲν
853 2463 987 2516 πᾶσι
1037 2461 1267 2531 γίνεται,
1304 2461 1485 2526 καθώς
1516 2479 1681 2533 φησιν
1714 2464 1743 2515 ό
1787 2463 1949 2517 Ἀπό-

370 2554 578 2618 στολος,
607 2554 699 2608 καὶ
723 2552 938 2625 ἑκάστῳ
970 2553 1223 2625 πάρεστι,
1250 2553 1503 2607 τοσοῦτον
1533 2553 1723 2609 ἑαυτὸν
1754 2553 1949 2621 διδοὺς,

368 2648 495 2700 ὅσον
523 2647 584 2701 τὺ
613 2647 968 2719 ὑποκείμενον
997 2646 1246 2719 δέχεταιί
1291 2646 1451 2700 Ἀλλά
1480 2647 1575 2700 καὶ
1622 2647 1823 2717 στάχυν
1867 2665 1953 2713 τις

372 2736 500 2790 ἰδὼν
527 2738 618 2792 ἐπὶ
645 2738 768 2808 γῆς,
801 2738 895 2791 καὶ
924 2738 1024 2809 τὴν
1051 2739 1117 2791 ὲκ
1144 2736 1310 2807 φυτοῦ
1343 2736 1602 2808 βλάστην,
1631 2738 1725 2790 καὶ
1755 2736 1951 2808 βότρυν

367 2828 599 2900 ὦριμον,
646 2830 741 2883 καὶ
768 2829 826 2883 τὸ
850 2829 951 2900 τῆς
974 2830 1196 2903 ὀπώρας
1226 2830 1443 2894 κάλλος,
1475 2829 1508 2901 ἢ
1539 2830 1597 2882 ἐν
1624 2832 1880 2902 καρποῖς,
1915 2830 1949 2901 ἢ

368 2922 429 2973 ἐν
459 2920 664 2982 ἄνθεσι,
696 2920 790 2974 καὶ
812 2920 910 2991 τὴν
938 2920 1245 2992 αὐτόματον
1276 2921 1436 2985 πόαν,
1475 2922 1570 2975 καὶ
1614 2920 1739 2993 ὅρος
1771 2922 1864 2975 ὲπὶ
1893 2920 1954 2975 τὸ

365 3012 610 3085 αίθέριον
639 3012 773 3084 ὕψος
803 3013 917 3067 ἀπὸ
937 3015 1035 3087 τῆς
1068 3014 1243 3085 ἄκρας
1274 3014 1707 3086 ἀνατεινόμενον,
1737 3016 1955 3081 καὶτὰς

370 3105 431 3156 ὲν
469 3102 764 3174 ὑπωρείαις
804 3104 1007 3173 πηγὰς,
1046 3103 1235 3175 μαζῶν
1266 3104 1422 3175 δίκην
1462 3105 1528 3158 ἐκ
1565 3105 1673 3159 τῶν
1710 3105 1954 3175 λαγόνων

367 3191 466 3246 τοῦ
504 3192 663 3263 ὅρους
696 3193 1077 3265 ἐπιρρεούσας,
1109 3193 1386 3265 ποταμούς
1412 3211 1472 3248 τε
1498 3195 1586 3249 διὰ
1618 3195 1727 3251 τῶν
1760 3196 1954 3251 κοίλων

370 3283 616 3354 ῥέοντας,
654 3284 746 3338 καὶ
775 3284 1048 3340 θάλασσαν
1080 3285 1481 3358 ὑποδεχομένην
1513 3286 1584 3341 τά
1620 3288 1956 3359 πανταχόθεν

370 3375 642 3447 ῥεύματα,
671 3377 762 3431 καὶ
789 3378 847 3431 ὲν
875 3377 953 3449 τῷ
976 3378 1162 3449 μέτρῳ
1194 3378 1480 3449 μένουσαν,
1509 3379 1732 3450 κύματά
1760 3398 1820 3435 τε
1841 3382 1954 3444 τοῖς

366 3469 642 3538 αἰγιαλοῖς
672 3468 983 3542 ὁριζόμενα,
1012 3471 1109 3525 καὶ
1146 3470 1248 3524 οὐκ
1277 3471 1601 3539 ὲπεξιοῦσαν
1650 3472 1793 3545 ὑπὲρ
1828 3474 1955 3537 τοὺς

368 3563 742 3635 τεταγμένους
772 3564 933 3635 ὄρους
964 3564 1106 3618 κατά
1133 3565 1232 3634 τῆς
1257 3565 1488 3638 ἠπείρου
1515 3565 1614 3636 τὴν
1639 3565 1912 3619 θάλασσαν
1936 3581 1952 3597 ’

365 3654 547 3709 ταῦτα
585 3655 679 3708 καὶ⁵
704 3654 773 3710 τά
799 3655 1025 3710 τοιαῦτα
1053 3656 1286 3727 βλέπων,
1323 3657 1441 3719 πῶς
1470 3658 1569 3728 οὐχ
1598 3656 1816 3711 ἅπαντα
1843 3656 1957 3709 δια-

371 3746 532 3801 λάϐοι
554 3747 632 3818 τῷ
652 3747 816 3819 λόγῳ,
836 3747 903 3801 δι’
924 3740 1000 3803 ὧν
1028 3748 1238 3817 γίνεται
1260 3750 1292 3821 ὴ
1322 3749 1640 3803 διδασκαλία
1664 3746 1757 3801 τοῦ
1781 3747 1952 3811 ὄντος,

371 3841 423 3893 εί
468 3841 668 3910 μικρὰν
710 3838 887 3911 ὲαυτῷ
933 3838 1164 3911 δύναμιν
1208 3840 1345 3912 πρὸς
1392 3840 1492 3911 τὴν
1538 3838 1826 3910 μετουσίαν
1853 3837 1956 3908 τῆς

366 3932 587 4003 τρυφῆς
635 3932 846 4003 ἐκείνης
896 3933 1373 4006 παρεσκευάσατο;
1410 3933 1530 3987 Ἵνα
1573 3934 1631 3987 δὲ
1681 3932 1843 4007 παρῶ
1888 3932 1957 3987 τά

372 4021 695 4095 μαθήματα,
717 4024 837 4079 ὅθεν
867 4023 1092 4097 θήγεται
1122 4025 1257 4097 πρὸς
1276 4026 1535 4098 ἀρετὴνηή
1568 4025 1797 4093 διάνοια,
1823 4042 1958 4095 γεω-

370 4117 605 4188 μετρίαν
621 4133 682 4170 τε
709 4119 803 4172 καὶ
830 4117 1209 4190 ἀστρονομίαν,
1237 4118 1331 4172 καὶ
1356 4117 1456 4190 τὴν
1477 4118 1568 4173 διὰ
1596 4116 1691 4172 τοῦ
1719 4116 1954 4191 ἀριθμοῦ

366 4207 701 4279 κατανόησιν
733 4209 834 4280 τῆς
858 4209 1136 4282 ἀληθείας,
1171 4208 1354 4263 πᾶσάν
1388 4225 1450 4262 τε
1485 4209 1710 4280 μέθοδον
1739 4208 1956 4263 ἀποδει-

366 4298 568 4369 κτικὴν
591 4298 699 4353 τῶν
723 4299 1100 4372 ἀγνοουμένων
1126 4302 1222 4357 καὶ
1252 4301 1614 4373 βεϐαιωτικὴν
1635 4300 1744 4355 τῶν
1766 4316 1898 4354 κατε
1907 4316 1955 4351 ι-

364 4391 688 4462 λημμένων,
731 4393 826 4448 καὶ
851 4392 959 4464 πρό
982 4410 1047 4463 γε
1076 4394 1300 4462 τούτων,
1332 4392 1431 4465 τὴν
1458 4392 1559 4464 τῆς
1592 4389 1954 4446 θεοπνεύστου

2052 1921 2325 1974 lmmensa
2372 1932 2595 1988 quoque
2639 1916 2764 1972 οωιί
2813 1915 3191 1988 magnitudine
3230 1917 3639 1979 animadversa,

2052 2008 2120 2064 ad
2155 2006 2429 2063 infinitam
2464 2016 2519 2063 et
2553 2006 3031 2062 indeterminatam
3067 2008 3366 2076 potentiam
3399 2022 3488 2063 res
3520 2008 3642 2062 uni-

2052 2115 2243 2156 versas
2275 2100 2328 2153 in
2360 2113 2421 2155 se
2441 2097 2815 2153 continentem
2844 2096 3117 2152 deductus
3147 2103 3273 2163 est;
3307 2098 3643 2167 conspectis-

2052 2204 2161 2260 que
2189 2188 2362 2244 radiis
2388 2187 2523 2243 solis
2547 2203 2577 2242 e
2612 2186 2782 2242 tantis
2814 2185 3197 2242 altitudinibus
3225 2186 3289 2241 ad
3328 2201 3431 2241 nos
3467 2201 3642 2257 usque

2053 2271 2483 2353 pertinentibus,
2532 2296 2630 2352 per
2675 2295 2741 2337 ea
2773 2294 2896 2350 quae
2943 2286 3231 2349 apparent,
3281 2278 3643 2349 providentia:

2054 2374 2254 2430 divinae
2290 2372 2594 2430 ellicientiis
2629 2372 2943 2428 facultatem
2979 2385 3093 2426 non
3141 2371 3335 2427 deesse
3387 2370 3639 2433 credidit,

2054 2475 2114 2523 ut
2149 2467 2218 2521 ab
2249 2466 2540 2522 altitudine
2569 2465 2789 2522 deitatis
2812 2464 2880 2520 ad
2917 2478 3365 2535 unumquemque
3386 2470 3640 2520 nostrum

2053 2558 2373 2615 descendat.
2403 2558 2538 2614 Nam
2579 2560 2625 2614 si
2659 2574 2831 2613 unum
2862 2556 3137 2612 luminare
3167 2565 3226 2611 et
3272 2556 3642 2613 communiter

2055 2648 2322 2720 quidquid
2351 2648 2663 2717 subjectum
2694 2655 2778 2703 est
2805 2646 3195 2703 illuminatrice
3226 2646 3280 2702 vi
3320 2653 3556 2717 occupat
3586 2653 3642 2702 et

2055 2733 2492 2804 comprehcndit,
2535 2741 2590 2790 et
2635 2734 2892 2789 omnibus
2937 2734 3223 2789 utentibus
3254 2740 3419 2804 atque
3449 2733 3640 2790 fruen-

2057 2826 2205 2882 tibus
2248 2826 2495 2896 seipsum
2538 2825 2881 2895 impertiens,
2930 2831 3081 2879 totus
3122 2824 3425 2896 unicuique
3463 2832 3519 2879 ct
3557 2825 3645 2880 in-

2055 2920 2266 2977 (ivisus
2309 2920 2487 2984 adest,
2537 2926 2747 2990 quanto
2778 2917 2955 2990 magis
2987 2917 3276 2972 luminaris
3322 2916 3642 2984 fabricator,

2055 3019 2111 3067 et
2142 3013 2327 3068 omnia
2375 3012 2429 3066 in
2460 3010 2740 3073 omnibus,
2777 3018 2838 3063 ut
2871 3008 3169 3080 Apostolus
3213 3009 3392 3079 inquit
3413 3009 3456 3074 ⁸,
3496 3011 3645 3067 exsi-

2058 3104 2155 3160 stit
2212 3114 2269 3161 et
2321 3103 2619 3174 unicuique
2670 3101 2846 3167 adest,
2909 3109 3122 3157 tantum
3181 3116 3303 3157 sese
3352 3101 3643 3168 exhibens,

2058 3204 2326 3269 quantum
2374 3195 2681 3267 subjectum
2716 3195 2899 3267 capit!
2942 3194 3256 3262 Quinetiam
3307 3196 3354 3251 si
3385 3195 3513 3267 quis
3561 3196 3646 3252 vel

2056 3290 2267 3360 spicam
2321 3304 2489 3359 super
2518 3296 2721 3343 terram
2774 3286 3144 3358 conspexerit,
3204 3286 3290 3343 vel
3344 3301 3410 3343 ex
3458 3286 3646 3358 planta

2058 3396 2285 3452 germen
2330 3389 2576 3446 enatum,
2624 3379 2709 3435 vel
2756 3393 3036 3434 racemum
3083 3387 3384 3445 maturum,
3416 3379 3503 3434 vcl
3543 3392 3645 3435 au-

2058 3472 2234 3527 tumni
2284 3470 2776 3544 pulchritudinem,
2828 3478 2943 3526 tum
2994 3470 3053 3525 in
3108 3469 3380 3526 fructibus
3420 3479 3534 3526 tum
3587 3472 3645 3526 in

2058 3564 2311 3627 ﬂoribus,
2377 3563 2465 3620 vel
2526 3572 2725 3634 sponte
2787 3561 3198 3634 provenientem
3256 3562 3506 3628 herbam,
3557 3563 3647 3619 vel

2060 3663 2299 3712 montem
2329 3655 2398 3712 ad
2426 3654 2717 3711 aatbeream
2749 3653 3096 3710 altitudinem
3134 3668 3166 3709 a
3202 3652 3492 3709 cacumine
3522 3669 3646 3725 per-

2059 3749 2344 3816 tinentcm,
2391 3755 2447 3804 et
2487 3746 2671 3803 fontes
2720 3746 2778 3803 in
2824 3747 2960 3804 locis
3005 3745 3284 3817 depressis
3321 3746 3548 3802 uberum
3586 3747 3644 3802 in

2059 3837 2283 3894 modum
2326 3854 2392 3895 ex
2424 3837 2695 3895 lateribus
2724 3844 2782 3893 et
2811 3837 3056 3893 hiatibus
3090 3837 3293 3892 montis
3337 3835 3644 3901 alllucntes,

2058 3938 2174 3985 tum
2231 3944 2422 3986 amnes
2472 3945 2570 4001 per
2604 3944 2847 3985 concava
2890 3930 3012 3985 loca
3053 3928 3311 3999 fluentes,
3342 3938 3461 3986 tum
3493 3945 3646 3986 mare

2058 4021 2205 4095 quod
2237 4031 2292 4079 et
2337 4024 2522 4078 omnia
2552 4023 2796 4094 undique
2824 4021 3049 4077 flumina
3084 4023 3307 4093 excipit,
3348 4032 3404 4079 et
3451 4023 3508 4078 in
3544 4038 3645 4079 sua

2059 4133 2317 4175 mensura
2362 4125 2570 4183 manet,
2618 4116 2931 4187 ﬂuctusque
2965 4116 3243 4173 littoribus
3278 4116 3558 4181 terminat,
3590 4126 3646 4173 et

2057 4225 2171 4266 non
2214 4211 2358 4265 ultra
2410 4210 2744 4267 constitutos
2789 4209 2925 4264 lines
2970 4208 3030 4264 in
3068 4207 3442 4263 continentem
3494 4222 3648 4262 mare

2056 4317 2396 4374 erumpens:
2449 4302 2565 4357 haec
2598 4309 2654 4357 et
2688 4300 3004 4371 bujusmodi
3059 4299 3109 4356 si
3136 4299 3262 4371 quis
3306 4299 3644 4361 consideret.

2058 4409 2170 4466 quo
2202 4401 2367 4466 pacto
2406 4408 2519 4450 non
2567 4392 2754 4448 omnia
2795 4391 3009 4447 ratione
3039 4390 3490 4463 comprehendat,
3550 4407 3647 4462 per

367 4484 599 4556 Γραφῆς
619 4486 956 4557 φιλοσοφίαν,
984 4486 1196 4542 τελείαν
1223 4485 1534 4556 ἐπάγουσαν
1555 4484 1825 4554 κάθαρσιν
1845 4485 1951 4549 τοῖς

2064 4501 2186 4556 quae
2221 4484 2495 4556 theologis
2535 4483 2778 4555 cognitio
2810 4482 3028 4539 exsistit
3059 4482 3179 4552 ejus
3208 4482 3303 4554 qui
3343 4482 3465 4539 est?
3495 4480 3649 4536 Nun-

367 4576 438 4630 δι’
468 4577 641 4648 αὐτῆς
668 4578 736 4632 τὰ
765 4578 886 4633 θεῖα
921 4579 1368 4651 πεπαιδευμένοις
1396 4578 1693 4650 μυστήρια.

2064 4577 2194 4650 quid
2231 4592 2453 4650 parvam
2506 4576 2611 4633 sibi
2643 4576 2751 4632 vim
2784 4574 2852 4631 ad
2906 4575 3384 4647 participationem
3426 4574 3647 4630 illarum

366 4670 695 4728 deliciarum
725 4676 1109 4746 comparavit?
1140 4674 1209 4730 Ut
1244 4676 1501 4731 omittam
1537 4674 1757 4729 interim
1790 4673 2147 4745 disciplinas,
2182 4674 2386 4745 quibus
2456 4688 2614 4730 mens
2671 4673 2740 4729 ad
2787 4673 3049 4727 virtutem
3119 4670 3361 4735 acuitur,
3430 4681 3651 4740 geome-

367 4767 563 4825 triam.
589 4770 1112 4838 astronomiamque,
1147 4774 1203 4823 et
1230 4782 1352 4822 eam
1382 4781 1504 4837 quae
1536 4781 1634 4836 per
1667 4780 1959 4820 numerum
1995 4766 2265 4837 contingit
2290 4764 2660 4837 cognitionem
2690 4762 2960 4825 veritatis,
2989 4770 3156 4832 atque
3216 4774 3433 4815 omnem
3454 4834 3457 4837 ι
3480 4757 3650 4813 ratio-

370 4879 503 4919 nem
536 4877 599 4917 ac
629 4862 770 4917 viam
798 4862 1282 4919 demonstrativam
1314 4878 1506 4918 eorum
1557 4876 1681 4933 qua:
1720 4862 2071 4965 ignorantur,
2126 4873 2184 4920 et
2229 4863 2669 4919 confirmativam
2725 4877 2916 4920 eorum
2967 4876 3089 4933 qua
3152 4854 3547 4928 comprehensa
3571 4859 3650 4965 Aet

370 4955 657 5010 intellecta
714 4965 884 5009 sunt:
937 4956 1002 5012 ad
1069 4956 1186 5011 haec
1234 4954 1364 5010 item
1411 4953 1613 5011 divinas
1660 4939 1961 5024 Scriptura:
2000 4953 2429 5027 philosophiam,
2480 4971 2604 5025 qua:
2637 4953 2941 5026 perfectam
2982 4952 3052 5009 iis
3078 4950 3171 5023 qui
3245 4959 3344 5019 per
3390 4957 3514 5000 eam
3566 4939 3649 4996 di-

368 5049 503 5103 vina
533 5047 735 5102 fuerint
760 5048 937 5106 edocti
976 5050 1258 5123 mysteria,
1290 5046 1445 5104 aﬂ‘ert
1475 5047 1882 5120 purgationem.

456 5143 517 5197 ’0
548 5143 605 5197 δὲ
634 5142 859 5214 μηδενὸς
884 5141 1089 5196 τούτων
1130 5141 1189 5194 ὲν
1221 5138 1421 5209 γνώσει
1467 5140 1780 5211 γενόμενος,
1820 5137 1957 5210 μηδὲ

368 5234 808 5307 χειραγωγηθεὶς
852 5235 940 5288 διὰ
967 5233 1061 5288 τοῦ
1091 5234 1299 5304 κόσμου
1345 5232 1483 5297 πρὸς
1511 5233 1611 5304 τὴν
1647 5232 1757 5287 τῶν
1784 5232 1959 5303 ὑπερ-

368 5327 619 5397 κοσμίων
639 5325 860 5395 ἀγαθῶν
881 5327 1229 5398 κατανόησιν,
1256 5326 1465 5390 ἁπαλός
1488 5342 1573 5389 τις
1598 5326 1691 5380 καὶ
1718 5324 1962 5396 ἀγύμνα-

371 5433 503 5481 στος
549 5417 641 5473 aui.
687 5416 918 5489 ἀτριὸὴς
958 5417 1057 5489 τὴν
1101 5417 1341 5473 διάνοιαν
1386 5416 1674 5489 παρελθὼν
1702 5416 1795 5469 τὸν
1823 5415 1957 5486 βίον,

371 5511 577 5574 ἐκεῖνος
602 5511 707 5564 ούκ
751 5511 817 5564 ἂν
848 5511 906 5564 ὲν
942 5513 1055 5575 τοῖς
1079 5512 1263 5577 αὐτοῖς
1300 5512 1407 5583 εἴη,
1433 5513 1494 5565 ὲν
1518 5508 1597 5573 οἷς
1631 5512 1659 5564 ὁ
1686 5509 1843 5577 λόγος
1870 5508 1961 5565 τὸν

373 5604 715 5676 προλαϐόντα
741 5601 1047 5671 ἀπέδειξεν,
1081 5604 1156 5666 ὡς
1189 5606 1386 5677 μηκέτι
1414 5604 1502 5659 διὰ
1532 5603 1690 5658 τοῦτο
1725 5617 1951 5674 μακαριη

432 5784 456 5818 ⁸
492 5785 513 5839 Ι
546 5784 685 5840 Cor.
727 5796 817 5843 xv,
854 5778 944 5832 ‘28.
992 5812 1001 5821 ο

2135 5139 2207 5189 At
2239 5149 2284 5188 IS
2317 5133 2411 5203 qui
2440 5128 2637 5187 harum
2670 5144 2855 5185 rerum
2888 5127 3094 5182 nullius
3121 5121 3486 5193 cognitionem
3518 5118 3650 5175 ade-

2064 5235 2193 5299 ptus
2215 5235 2321 5293 est,
2354 5240 2533 5295 neque
2554 5237 2651 5294 per
2672 5220 2935 5276 mundum
2959 5217 3033 5272 ad
3057 5212 3428 5285 cognitionem
3454 5224 3651 5281 supra-

2065 5319 2474 5377 mundanarum
2519 5331 2701 5372 rerum
2743 5313 2899 5386 quasi
2945 5325 3107 5365 manu
3148 5308 3345 5362 ductus
3373 5312 3479 5371 est,
3519 5303 3651 5359 sim-

2067 5416 2188 5485 plex
2219 5414 2378 5485 adeo,
2415 5420 2570 5467 tener
2590 5417 2645 5465 et
2670 5404 3063 5463 inexercitatus
3092 5407 3384 5470 menteque
3409 5396 3653 5452 incultus

2066 5484 2235 5560 vitam
2268 5484 2567 5565 transiens,
2592 5515 2703 5558 non
2737 5500 2789 5552 in
2824 5495 3018 5550 iisdem
3058 5499 3327 5557 versetur,
3360 5490 3415 5545 in
3448 5489 3655 5561 quibus

2068 5595 2409 5666 superiorem
2456 5591 2608 5646 illum
2643 5597 2987 5643 versaturum
3019 5581 3198 5639 oratio
3232 5577 3653 5641 demonstravit,
