4106 6430
569 314 672 380 483
1797 334 1853 391 S.
1891 336 2152 395 GREGOF

2259 343 2550 403 NYSSENI
3707 364 3795 421 ιει

565 451 624 496 ut
679 442 885 499 idcirco
933 460 1042 501 non
1091 442 1323 517 amplius
1371 448 1525 518 juxta
1580 455 1845 520 prolatam
1898 473 1925 509 a
1980 458 2140 516 nobis

2256 464 2496 537 πότερον
2514 466 2949 533 ἀποδείκνυσθαι,
2974 469 3113 523 κατὰ
3134 470 3231 541 τὴν
3258 474 3661 549 προενεχθεϊσαν
3683 480 3799 549 ἡμῖν

563 537 962 605 ορροςὶινίοηοιη
1016 538 1226 595 beatior
1262 556 1386 596 esse
1424 544 1747 599 ostendatur
1788 547 1835 602 is
1883 549 1979 617 qui
2010 549 2140 605 vita:

2256 557 2536 622 ivriOeatv,
2559 558 2651 611 τὸν
2684 557 2757 629 μὴ
2793 560 3127 631 μετασχόντα
3154 537 3249 616 τοῦ
3273 537 3385 632 βίου
3416 537 3508 617 τόξ’)
3533 537 3798 640 μετασχόν-

563 631 838 700 particeps
870 647 978 686 non
1008 634 1131 699 fuit,
1172 649 1237 689 eo
1265 636 1359 705 qui
1400 639 1657 705 praeclare
1707 641 1979 711 particeps
2018 643 2138 714 ejus

2256 663 2336 711 τος
2357 646 2555 711 καλῶς.
2592 646 2695 700 Τοῦ
2729 647 2830 718 μὲν
2856 648 2964 720 γὰρ
2997 650 3166 720 κακίᾳ
3195 631 3546 723 συνεζηκότος
3572 656 3629 707 οὐ
3657 631 3797 725 μόνον

470 757 477 763 -
564 721 685 775 fuit.
721 721 857 777 Nam
911 738 977 779 eo
1020 726 1241 795 quidem
1293 729 1384 798 qui
1446 744 1569 783 cum
1614 731 1748 786 vitio
1786 735 2141 805 nequitiaque

2256 740 2275 791 5
2317 739 2683 811 ἀπειρόκακος
2728 738 2795 794 ἂν
2845 740 2929 810 εῐη
2975 721 3456 814 μακαριστότερος,
3503 744 3633 799 ἀλλὰ
3657 721 3799 800 καὶὸ

562 813 718 880 vixit,
755 828 865 868 non
897 816 1059 871 modo
1082 816 1337 887 simplex,
1359 821 1580 890 vitiique
1605 836 1667 876 ac
1689 823 1909 878 malitia:
1922 841 2138 895 expers,

562 903 923 958 verumetiam
953 904 1000 960 is
1031 905 1259 962 forsitan
1284 974 1289 979 ἢ
1336 910 1422 980 qui
1453 927 1553 967 nec
1580 928 1805 982 prorsus
1835 916 2053 985 quidem
2073 917 2142 971 ab

564 993 722 1048 initio
746 995 951 1065 prodiit
976 997 1031 1051 in
1060 999 1249 1066 vitam,
1282 1000 1497 1056 beatior
1523 1002 1709 1059 fuerit.
1745 1003 1876 1061 Tale
1901 1008 2045 1061 enim
2077 1007 2146 1062 de

562 1080 704 1136 .iuda
736 1100 955 1155 quoque
982 1074 1096 1157 'per
1126 1089 1509 1161 Evangelicam
1548 1108 1739 1148 vocem
1777 1094 2076 1151 didicimus
2099 1096 2143 1167 ’,

565 1175 712 1244 quod
748 1177 802 1230 in
834 1178 1035 1234 talibus
1058 1180 1104 1236 is
1132 1181 1224 1251 qui
1256 1184 1476 1252 penitus
1510 1184 1566 1240 in
1593 1201 1774 1243 rerum
1809 1195 2004 1242 natura
2036 1189 2143 1243 no’n

565 1275 671 1331 est,
703 1284 770 1323 eo
799 1273 1040 1340 quicum
1071 1274 1370 1332 vltiositate
1399 1278 1648 1345 pervenit
1684 1278 1740 1332 in
1771 1293 1953 1333 rerum
1984 1288 2149 1334 natu-

568 1375 704 1425 ram,
746 1363 971 1419 mellore
1014 1367 1332 1423 conditione
1382 1370 1481 1427 sit.
1514 1366 1650 1423 Nam
1687 1370 1769 1424 illi
1811 1370 2030 1441 qnidem
2069 1372 2140 1426 ob

2251 826 2384 897 μηδὲ
2415 826 2513 899 τὴν
2532 830 2708 900 ἀρχὴν
2738 828 3024 900 παρελθὼν
3057 832 3135 895 είς
3163 831 3255 885 τὸν
3286 833 3415 903 βίον.
3444 832 3686 889 Τοιοῦτον
3703 837 3800 909 γὰρ

2247 916 2341 969 acati.
2363 917 2492 988 περὶ
2513 917 2605 971 τοῦ
2643 919 2811 973 Ἰούδα
2830 918 2917 972 διὰ
2942 920 3041 990 τῆς
3062 921 3433 992 Εὐαγγελικῆς
3456 923 3633 993 φωνῆς
3652 924 3802 978 ἐδιδά-

2246 1007 2476 1079 χθημεν,
2522 1009 2604 1063 ὃτι
2652 1009 2744 1063 ἐπὶ
2790 1010 2899 1066 τῶν
2945 1012 3202 1065 τοιούτων
3232 1015 3477 1083 κρεῖττον
3522 1013 3614 1066 τοῦ
3674 1016 3801 1069 κατὰ

2245 1099 2442 1153 κακίαν
2497 1100 2804 1170 ὑφεστῶτός
2852 1104 2965 1156 ἐστι
3006 1103 3067 1156 τδ
3111 1102 3388 1168 παντελῶς
3434 1103 3799 1158 ἀνυπόστατον.

2244 1187 2335 1260 Τῷ
2367 1188 2467 1260 μὲν
2499 1191 2608 1262 γὰρ
2635 1191 2724 1246 διὰ
2752 1192 2813 1246 τὸ
2848 1192 3012 1263 βάθος
3055 1194 3156 1265 τῆς
3186 1195 3488 1265 ἐμφυείσης
3522 1195 3708 1258 κακίας
3731 1198 3802 1257 εἰς

2244 1278 2468 1352 ἄπειρον
2499 1282 2885 1353 παρατείνεται
2913 1286 2945 1355 ἡ
2974 1284 3060 1338 διὰ
3089 1286 3188 1355 τῆς
3225 1286 3545 1357 καθάρσεως
3579 1284 3799 1350 κόλασις,

2245 1372 2341 1425 τοῦ
2367 1372 2424 1426 δὲ
2461 1373 2535 1445 μὴ
2565 1374 2715 1439 ὄντος
2758 1374 2873 1439 πῶς
2904 1374 2972 1431 ἂν
3002 1376 3162 1449 ὀδύνη
3195 1377 3528 1447 καθάψοιτος

565 1452 996 1520 profunditatem
1033 1458 1237 1516 inuata:
1258 1462 1579 1519 vitiositatis
1618 1464 1674 1518 in
1715 1463 1988 1518 infinitum
2022 1471 2354 1534 prorogatur
2397 1480 2461 1519 ea
2490 1482 2611 1537 quae
2649 1482 2744 1537 per
2784 1469 3169 1540 purgationem
3208 1468 3267 1524 fit
3309 1483 3494 1540 poena,
3524 1482 3645 1523 eum
3682 1481 3807 1540 vero

565 1544 659 1613 qui
697 1561 804 1601 non
847 1557 953 1613 est,
995 1553 1276 1620 quomodo
1326 1555 1485 1610 dolor
1529 1556 1801 1626 attingere
1846 1557 2066 1627 possit?

634 1635 795 1703 Quod
845 1640 894 1694 si
943 1642 1068 1710 quis
1114 1653 1399 1715 comparat
1452 1648 1801 1703 immaturam
1852 1647 2145 1704 infantium

2322 1651 2385 1705 Ei
2413 1651 2471 1706 δέ
2495 1668 2579 1717 τις
2612 1653 2749 1725 πρὸς
2773 1653 2864 1709 τὸν
2890 1652 3013 1709 κατ’
3038 1652 3239 1725 ἀρετὴν
3270 1652 3385 1724 βίον
3410 1652 3584 1725 κρίνοι
3614 1651 3703 1705 τὸν
3722 1668 3805 1721 νη⁸

566 1729 736 1783 vitam
778 1746 902 1784 cum
955 1746 1018 1787 ea
1053 1748 1174 1803 quae
1213 1737 1517 1793 secundum
1553 1739 1810 1795 virtutem
1858 1741 2061 1811 agitur,
2100 1742 2149 1797 is

568 1833 757 1874 revera
807 1820 989 1879 infans
1032 1836 1085 1878 et
1129 1825 1477 1896 importunus
1526 1839 1634 1893 est.
1691 1831 1785 1901 qui
1832 1832 2148 1902 liujusmodi

562 1909 776 1978 judicio
802 1912 870 1968 de
903 1914 1071 1971 rebus
1118 1928 1325 1973 utatur.
1364 1920 1674 1994 Interrogas
1714 1937 1846 1994 ergo
1876 1924 2036 1994 cujus
2067 1923 2147 1979 rei

566 2005 740 2073 gratia
772 2007 825 2060 in
856 2023 921 2063 ea
955 2018 1115 2067 aetate
1139 2013 1265 2082 quis
1294 2029 1325 2069 e
1353 2016 1461 2070 vita
1497 2017 1845 2082 subducitur,
1896 2019 2025 2090 quid
2055 2034 2151 2088 per

566 2095 673 2150 hoc
703 2096 888 2152 divina
914 2101 1184 2171 sapientia
1219 2107 1558 2175 providendo
1586 2108 1785 2164 cavet?
1811 2109 1965 2176 Quod
1998 2109 2046 2165 si
2083 2109 2151 2166 de

568 2186 654 2242 his
679 2188 899 2259 quidem
928 2192 1081 2249 dicas
1112 2210 1233 2265 quae
1266 2196 1613 2268 illegitimum
1644 2207 1863 2271 partum
1886 2211 2148 2271 arguunt,

567 2290 625 2337 et
657 2282 865 2339 idcirco
908 2300 939 2340 a
985 2288 1309 2356 parentibus
1349 2290 1416 2345 de
1471 2291 1651 2347 medio
1690 2292 1985 2358 tolluntur,
2049 2293 2154 2347 im-

568 2374 765 2430 merito
803 2376 1024 2431 malitiae
1073 2392 1301 2448 operum
1344 2395 1377 2434 a
1432 2379 1543 2436 Deo
1571 2381 1839 2438 rationem
1865 2396 2149 2454 reposcas,

567 2463 665 2533 qui
694 2479 758 2520 ea
789 2480 910 2536 quae
960 2467 1015 2521 in
1054 2468 1158 2523 hac
1202 2479 1354 2540 parte
1391 2486 1503 2526 non
1535 2479 1683 2529 recte
1721 2474 1865 2529 facta
1912 2482 2063 2538 sunt,
2097 2475 2151 2528 in

566 2552 834 2635 judicium
866 2558 1105 2615 adducit.
1139 2560 1235 2616 Sin
1283 2571 1465 2618 autem
1501 2565 1722 2635 aliquis,
1762 2566 1981 2624 etiamsi
2026 2565 2147 2621 dili-

567 2632 760 2716 genter
782 2650 1050 2706 educetur
1077 2636 1131 2708 et
1160 2663 1384 2709 curetur
1409 2670 1438 2708 a
1464 2632 1809 2725 parentibus,
1835 2667 2068 2727 votaque
2084 2657 2154 2713 ab

568 2739 765 2796 iisdem
821 2758 922 2814 pro
968 2760 1035 2799 eo
1089 2745 1333 2803 studiose
1374 2747 1769 2819 suscipiantur,
1814 2750 1941 2805 vitae
1969 2757 2154 2805 tamen

569 2833 844 2912 particeps
886 2852 997 2892 non
1042 2846 1149 2899 est.
1198 2840 1389 2896 morbo
1422 2841 1490 2896 ad
1528 2850 1760 2898 mortem
1791 2857 1968 2912 usque
1999 2844 2154 2897 inva-

2253 1740 2425 1813 πιώδη
2453 1743 2546 1797 καὶ
2576 1741 2773 1815 ἄωρον,
2801 1744 2980 1816 ἄωρος
3006 1746 3036 1798 ό
3055 1743 3293 1807 τοιοῦτός
3317 1745 3435 1797 ἐστι
3459 1741 3675 1814 τοιαύτῃ
3696 1741 3806 1813 κρί-

2252 1850 2335 1887 σει
2385 1835 2513 1907 περὶ
2556 1834 2665 1888 τῶν
2714 1835 2882 1889 όντων
2928 1834 3229 1907 χρώμενος.
3258 1835 3505 1905 Ἐρωτᾷς
3560 1829 3651 1888 οὖν
3695 1833 3805 1886 ὅτου

2251 1922 2409 1994 χάριν
2442 1925 2501 1976 ἐν
2535 1922 2711 1993 τούτῳ
2742 1925 2841 1995 τῆς
2887 1924 3102 1995 ἡλικίας
3130 1923 3209 1979 ὢν
3243 1925 3345 1995 τῆς
3379 1921 3526 1993 ζωῆς
3559 1920 3806 1988 ὑπεξάγε-

2250 2031 2369 2083 ται,
2400 2014 2454 2067 τί
2483 2014 2571 2069 διὰ
2597 2015 2787 2068 τούτου
2814 2015 2912 2085 τῆς
2935 2015 3086 2079 θείας
3117 2016 3311 2086 σοφίας
3353 2013 3804 2086 προμηθουμένης.

2264 2104 2403 2158 Ἀλλ’
2428 2108 2477 2160 εί
2510 2106 2608 2177 μὲν
2641 2106 2769 2178 περὶ
2795 2106 2997 2159 τούτων
3018 2104 3218 2175 λέγοις,
3253 2106 3354 2160 ὅσα
3385 2106 3483 2176 τῆς
3513 2104 3808 2175 παρανόμου

2253 2201 2499 2269 κυήσεως
2531 2198 2751 2269 ἔλεγχος
2793 2199 3001 2266 γίνεται
3025 2238 3040 2263 ,
3086 2198 3181 2252 καὶ
3222 2198 3309 2251 διὰ
3349 2196 3509 2252 τοῦτο
3549 2197 3691 2267 παρὰ
3715 2196 3808 2249 τῶν

2252 2288 2671 2360 γεννησαμένων
2699 2286 3105 2359 ἐξαφανίζεται,
3132 2288 3232 2340 οὐκ
3258 2289 3487 2351 είκότως
3511 2286 3576 2341 ἂν
3601 2287 3703 2339 τῶν
3723 2286 3809 2355 τῆς

2253 2380 2454 2443 κακίας
2481 2378 2658 2449 ἔργων
2691 2378 2782 2432 τὸν
2812 2377 2946 2433 Θεὸν
2981 2379 3270 2450 ἀπαιτοίης
3305 2379 3399 2432 τὸν
3432 2379 3607 2448 λόγον,
3636 2377 3719 2430 τὸν
3746 2375 3806 2428 τα

2254 2471 2333 2543 μὴ
2362 2469 2542 2534 καλῶς
2579 2471 2674 2525 ἐπὶ
2713 2469 2887 2542 τούτῳ
2923 2471 3268 2541 γεγενημένα
3295 2471 3378 2534 εἰς
3407 2470 3585 2540 κρίσιν
3612 2469 3807 2537 ἄγοντα.

2256 2565 2318 2617 Ei
2343 2561 2401 2617 δέ
2418 2580 2503 2627 τις
2529 2562 2625 2617 καὶ
2642 2563 3095 2633 ἁνατρεφομένων
3122 2561 3233 2614 τῶν
3260 2562 3614 2633 γεννητόρων,
3646 2559 3729 2614 καὶ
3752 2559 3810 2611 δι¹

2256 2653 2573 2725 ἐπιμελείας
2616 2651 3049 2723 θεραπευόντων,
3094 2651 3189 2707 καὶ
3220 2652 3287 2705 δι’
3316 2653 3484 2723 εὐχῆς
3510 2649 3809 2714 σπουδαζόν-

2253 2763 2383 2811 των,
2416 2744 2567 2817 ὅμως
2597 2744 2659 2798 οὐ
2697 2743 2914 2815 μετέχει
2934 2744 3028 2798 τοῦ
3061 2743 3199 2815 βίου,
3231 2743 3697 2816 κατακρατοῦντος
3725 2740 3807 2810 μὲ-

2256 2856 2346 2911 χρι
2375 2837 2609 2892 θανάτου
2637 2836 2730 2890 τοῦ
2765 2837 3196 2908 ἀῤῥωστήματος
3229 2837 3249 2909 (
3266 2836 3296 2889 ὃ
3335 2837 3506 2907 μόνης
3538 2837 3632 2906 τῆς
3655 2832 3815 2892 αἰτίας

570 2910 810 2982 lescente
841 2927 1008 2998 (quod
1046 2931 1219 2986 solius
1254 2931 1401 2987 haud
1433 2932 1599 2995 dubie
1635 2948 1819 2990 causa:
1848 2910 1978 3006 est),
2010 2934 2152 2989 hanc

2256 2910 2638 3002 ἀναμφιϐόλως
2669 2929 2841 2998 ἐστὶ),
2873 2928 3043 2982 ταῦτα
3090 2929 3216 2999 περὶ
3252 2928 3365 2983 τῶν
3395 2928 3646 2984 τοιούτων
3684 2922 3810 2977 είκάο

568 3012 636 3073 de
681 2993 896 3071 talibus
946 3017 1320 3087 conjecturam
1374 2993 1647 3089 facimus,
1700 3024 1845 3094 quod
1898 2993 2152 3095 perfecta:

2258 2993 2444 3094 ζομεν,
2477 3022 2558 3075 δτι
2594 2993 2809 3084 τελείας,
2836 3021 2951 3073 ἐστὶ
2980 2993 3254 3092 προνοί-ας,
3290 3021 3350 3073 οὐ
3393 3021 3551 3091 μόνον
3576 3014 3812 3087 γεγονότα

569 3104 932 3171 providentiae
959 3108 1053 3172 sit,
1099 3124 1210 3163 non
1243 3110 1404 3166 modo
1437 3113 1662 3167 morbos
1692 3121 2006 3170 contractos
2051 3129 2153 3169 cu-

569 3206 717 3259 rare,
745 3212 935 3253 verum
965 3199 1130 3254 etiam
1162 3217 1231 3257 ne
1260 3203 1328 3258 ab
1355 3203 1511 3258 initio
1537 3206 1757 3275 quidem
1793 3222 2025 3277 prorsus
2054 3207 2155 3261 ali-

570 3286 697 3354 quis
732 3286 787 3342 in
818 3290 985 3346 rebus
1006 3292 1193 3349 vetitis
1217 3302 1486 3357 versetur.
1516 3296 1828 3365 providere.
1847 3298 2158 3355 Verisimile

570 3378 715 3435 enim
746 3387 830 3436 est
856 3397 978 3437 eum
1010 3384 1102 3453 qui
1141 3384 1192 3440 id
1229 3388 1375 3457 quod
1406 3387 1650 3444 futurum
1695 3398 1780 3446 est
1807 3406 1962 3462 teque
1992 3400 2159 3463 atque

569 3474 905 3538 praeteritum
949 3477 1227 3546 cognovit.
1263 3493 1618 3550 progressum
1663 3481 1788 3536 vitae
1828 3481 2056 3539 infantis
2088 3483 2157 3540 ad

568 3562 962 3632 perfectionem
994 3570 1307 3640 prohibere,
1339 3588 1408 3627 ne
1433 3572 1577 3642 quod
1606 3571 1657 3626 vi
1692 3574 1923 3644 praescia
1946 3575 2156 3631 malum

570 3657 1014 3715 animadversum
1059 3668 1144 3716 est
1196 3662 1253 3715 in
1284 3677 1350 3718 eo
1396 3664 1489 3734 qui
1530 3664 1604 3719 ita
1644 3666 1892 3722 victurus
1942 3666 2156 3736 fuisset,

568 3748 910 3815 perﬁciatur,
953 3760 1118 3821 atque
1150 3753 1198 3808 ei
1228 3754 1322 3823 qui
1357 3769 1420 3810 ea
1457 3756 1745 3811 voluntate
1798 3757 2147 3829 arbitrioque

570 3838 824 3896 victurus
851 3840 1203 3910 fuisset,vitii
1232 3846 1605 3917 nequitiaeque
1634 3849 1865 3903 materia
1898 3850 2009 3904 vita
2041 3849 2154 3906 flat.

570 3932 753 4000 Atque
781 3932 931 3989 hunc
963 3935 1303 3991 intellectum
1341 3936 1706 3994 similitudine
1725 3939 1963 4010 quadam
1999 3939 2158 3997 facile

573 4024 741 4081 fuerit
779 4027 1090 4095 exprimere
1145 4037 1310 4101 atque
1362 4039 1787 4101 reprtesentare.
1852 4032 1936 4088 Sit
1984 4034 2154 4099 enim,

573 4115 811 4185 exempli
848 4116 1047 4185 gratia.
1078 4134 1142 4173 ex
1175 4119 1326 4174 omni
1361 4135 1562 4191 genere
1583 4121 1837 4176 ciborum
1867 4123 2154 4193 opiparum

572 4206 850 4275 quoddam
889 4222 955 4263 ac
983 4208 1210 4265 dubium
1243 4213 1494 4268 convivis
1524 4214 1744 4283 epulum
1777 4217 2153 4286 propositum;

572 4294 703 4349 huic
739 4296 928 4365 praesit
964 4310 1034 4351 ex
1082 4299 1330 4355 convivis
1374 4301 1423 4356 is
1483 4301 1578 4373 qui
1638 4313 1833 4359 exacte
1886 4304 2157 4377 cujusque

571 4393 785 4442 naturae
847 4390 1236 4458 proprietatem
1298 4394 1534 4461 noverit,
1585 4395 1718 4465 quid
1779 4397 1873 4453 tali
1932 4398 2153 4470 quidem

572 4488 1005 4547 temperamento
1037 4490 1200 4551 atque
1225 4486 1591 4554 complexioni
1623 4489 1996 4557 commodum,
2025 4490 2157 4561 quid

470 4646 475 4651 ἡ
522 4634 527 4638 ν
571 4570 704 4624 item
732 4570 955 4624 noxium
987 4579 1041 4627 et
1088 4572 1497 4630 incommodum
1530 4578 1622 4643 sit,
1677 4579 1865 4634 addita
1905 4579 1980 4635 sit
2029 4581 2157 4637 item

572 4661 704 4716 huic
730 4676 855 4717 cum
884 4665 1213 4720 auctoritate
1250 4674 1498 4734 potestas
1524 4677 1577 4723 et
1594 4668 1831 4726 officium
1859 4673 2158 4742 quoddam,

573 4762 633 4809 ut
684 4754 751 4810 ad
782 4770 942 4813 suum
974 4756 1262 4811 arbitrium
1327 4760 1498 4814 alium
1537 4761 1761 4830 quidem
1811 4763 1891 4817 uti
1932 4773 1987 4820 et
2047 4765 2158 4820 frui

571 4847 841 4917 appositis
870 4848 1037 4913 sinat,
1082 4850 1251 4903 alium
1311 4868 1443 4907 vero
1510 4855 1818 4924 prohibeat,
1860 4865 1916 4912 et
1968 4861 2153 4914 omnia

571 4938 736 4993 faciat
788 4939 855 4994 ad
917 4940 1043 5003 hoc,
1104 4957 1216 5012 quo
1273 4945 1509 5014 quisque
1557 4962 1661 5002 suo
1720 4957 2172 5019 temperamento.

570 5042 735 5100 atque
776 5034 1143 5103 complcxioni
1175 5038 1462 5092 commoda
1513 5043 2013 5114 convenientiaque
2069 5053 2155 5099 at-

572 5125 768 5195 tingat,
800 5141 868 5180 ne
896 5126 979 5180 vel
1013 5128 1204 5182 morbo
1236 5129 1506 5184 obnovius
1541 5147 1636 5201 per
1667 5134 1949 5189 esculenta
1982 5145 2155 5191 mate-

571 5217 708 5269 riam
772 5218 964 5272 morbo
1021 5220 1287 5290 adjiciens
1342 5222 1690 5290 conficiatur,
1732 5228 1815 5281 vel
1872 5226 2156 5282 robustior

573 5308 922 5369 incommodo
954 5311 1077 5368 cibo
1110 5315 1416 5369 molestiam
1441 5332 1509 5370 ex
1539 5316 1826 5371 liumorum
1866 5320 2154 5374 abundan-

577 5399 650 5451 tia
679 5402 970 5455 contrahat
996 5412 1158 5473 atque
1194 5407 1440 5475 laboret;
1477 5407 1531 5462 in
1566 5408 1652 5463 his
1681 5409 1880 5479 aliqujs
1909 5409 2157 5467 vinolen-

578 5489 666 5543 tiae
698 5487 973 5556 addictus,
1006 5495 1087 5548 vel
1126 5512 1192 5550 ex
1226 5496 1406 5553 medio
1449 5500 1706 5554 convivio
1743 5500 2033 5565 educatur,
2070 5503 2156 5557 vel

580 5595 703 5638 cum
739 5580 969 5650 incipiat
1006 5584 1286 5650 inebriari.
1314 5590 1398 5644 vel
1440 5590 1492 5645 in
1532 5590 1690 5647 linem
1727 5607 1901 5661 usque
1937 5607 2155 5663 perma-

651 5756 673 5795 ι
711 5755 902 5819 Matth.
948 5773 1067 5811 xxv:
1093 5800 1105 5822 ,
1141 5760 1230 5821 Μ.

2257 3112 2584 3186 θεραπεύειν
2613 3113 2683 3167 τὰ
2722 3112 2887 3183 πάθη,
2917 3112 3030 3165 ἀλλ’
3063 3111 3316 3175 ὅπωςοᾶν
3354 3112 3490 3182 μηδὲ
3536 3110 3632 3180 τὴν
3658 3106 3811 3178 ἀρχήν

2254 3222 2337 3273 τις
2368 3208 2480 3270 τοῖς
2501 3204 2967 3277 ἀπηγορευμένοις
2993 3204 3268 3273 ἐγγένοιτο
3297 3205 3565 3276 προνοεῖν.
3599 3200 3695 3252 Τὸν
3719 3198 3812 3265 γὰρ

2256 3299 2535 3370 ἐγνωκότα
2585 3299 2781 3368 ἐπίσης
2811 3296 2890 3367 τῷ
2934 3296 3332 3367 παρεληλυθότι
3357 3296 3422 3350 τὸ
3458 3293 3669 3367 μέλλον,
3710 3290 3813 3340 ἑπιη

2256 3392 2487 3449 κωλύειν
2502 3390 2645 3457 εἰκὸς
2675 3391 2774 3462 τὴν
2800 3389 2893 3444 ἐπὶ
2912 3389 2972 3442 τὸ
2991 3387 3199 3441 τέλειον
3226 3388 3327 3458 τῆς
3349 3386 3497 3457 ζωῆς
3523 3382 3615 3438 τοῦ
3642 3376 3811 3449 νηπίου

2258 3485 2502 3556 πρόοδον,
2536 3484 2612 3547 ὡς
2630 3482 2695 3537 ἂν
2730 3481 2804 3552 μὴ
2828 3482 2894 3552 τῇ
2918 3480 3298 3549 προγνωστικῇ
3325 3478 3552 3547 δυνάμει
3579 3472 3638 3524 τὸ
3666 3480 3812 3522 κατα·

2258 3575 2448 3648 νοηθὲν
2497 3574 2664 3629 κακὸν
2707 3573 2799 3626 ἐπὶ
2848 3569 2942 3625 τοῦ
2998 3570 3282 3642 μέλλοντος
3321 3568 3497 3630 οὕτως
3547 3556 3812 3647 βιώσεσθαι

2256 3665 2568 3736 τελειωθείη
2587 3704 2602 3728 ,
2647 3665 2744 3718 καὶ
2794 3662 3020 3734 γένηται
3052 3661 3131 3733 τῷ
3173 3664 3238 3733 τῇ
3267 3661 3496 3733 τοιαύτῃ
3525 3648 3813 3727 προαιρέσει

2261 3755 2589 3823 συζήσεσθαι
2621 3754 2865 3827 μέλλοντι
2886 3753 2984 3824 ὐλη
3020 3754 3217 3817 κακίας
3239 3753 3268 3806 ὁ
3289 3750 3423 3822 βίος.
3455 3744 3813 3811 Ύποδείγματι

2258 3850 2314 3903 δέ
2334 3866 2440 3903 τινι
2462 3848 2641 3922 ῥᾴδιον
2665 3847 2731 3901 ἂν
2747 3845 2834 3916 εἴη
2854 3847 3202 3919 παραστῆσαι
3221 3846 3282 3899 τὸ
3310 3846 3511 3918 νόημα.
3533 3841 3701 3930 Ἔστω
3719 3829 3813 3930 Υάῗ

2260 3942 2381 3997 καθ’
2414 3940 2667 3995 ὑπόθεσιν
2700 3938 3015 4009 παντοδαπή
3046 3955 3130 4002 τις
3169 3938 3375 4009 εὐωχία
3402 3928 3720 4009 προκειμένη
3747 3928 3813 3988 τῷ

2262 4031 2569 4104 συμποσίῳ,
2600 4029 2958 4085 ἐπιστατείτω
2988 4028 3045 4082 δέ
3070 4042 3153 4092 τις
3183 4027 3426 4092 τοιοῦτος
3452 4024 3559 4078 τῶν
3581 4009 3813 4121 δαιτυμόζ

2260 4140 2388 4189 νων,
2438 4116 2550 4187 οἷος
2587 4120 2831 4193 ἀκριϐῶς
2873 4119 3068 4173 εἰδέναι
3102 4118 3168 4171 τὰ
3207 4119 3303 4188 τῆς
3347 4119 3576 4172 ἑκάστου
3623 4115 3814 4177 φύσεως

2263 4211 2547 4283 ἰδιώματα,
2576 4192 2672 4265 και
2706 4208 2758 4262 τί
2790 4208 2888 4278 μὲν
2911 4206 3244 4278 κατάλληλον
3270 4207 3335 4278 τῇ
3363 4192 3811 4296 τοιαύτῃᾲκράςειι

2259 4301 2313 4355 τί
2342 4300 2399 4354 δὲ
2428 4298 2720 4362 ἐπιϐλαϐὲς
2751 4300 2848 4351 καὶ
2868 4296 3134 4350 ἀνοίκειον
3157 4310 3170 4328 ·
3214 4294 3561 4367 προσκείσθω
3587 4289 3639 4342 δὲ
3661 4289 3814 4345 τούτῳ

2262 4393 2356 4446 καὶ
2379 4391 2670 4462 αὐθεντική
2692 4408 2776 4454 τις
2799 4385 3036 4454 ἐξουσία,
3062 4386 3153 4441 τοῦ
3176 4388 3318 4443 κατὰ
3349 4388 3411 4441 τὸ
3433 4387 3564 4440 ἴδιον
3593 4374 3813 4462 βούλη

2260 4487 2352 4540 τὸν
2397 4485 2495 4556 μέν
2521 4459 2668 4536 τινα
2698 4481 2945 4553 μετέχειν
2978 4479 3087 4535 τῶν
3121 4480 3493 4552 προκειμένων
3519 4474 3631 4545 ἐᾷν,
3657 4466 3740 4521 τὸν
3766 4459 3813 4511 δὲ

2261 4578 2612 4651 ἀποτρέπειν,
2644 4575 2739 4629 καὶ
2772 4575 2950 4628 πάντα
2984 4575 3179 4641 ποιεῖν,
3203 4573 3277 4637 ὡς
3310 4574 3376 4627 ἂν
3408 4569 3549 4626 κατὰ
3580 4564 3673 4632 τὴν
3700 4558 3813 4609 ἑαυ-

2261 4670 2355 4725 τοῦ
2394 4668 2591 4739 κρᾶσιν
2635 4665 2867 4726 ἕκαστος
2913 4661 3022 4715 τῶν
3054 4661 3405 4732 καταλλήλων
3453 4653 3812 4739 προσάποιξοδ

2262 4764 2350 4817 ἵνα
2381 4727 2516 4833 μητε
2549 4760 2577 4812 ό
2605 4754 2844 4825 νοσώδης
2888 4752 3221 4824 ἐπιτριϐείη,
3268 4727 3525 4825 προσθεὶς
3571 4743 3702 4833 {311W-
3739 4727 3815 4783 διά

2260 4851 2370 4907 τῶν
2382 4825 2672 4921 ’ἐδωδίμων
2706 4848 2772 4916 τῇ
2797 4843 2958 4912 νόσῳ,
2997 4843 3133 4923 μῄτε
3157 4842 3187 4894 ο
3218 4840 3622 4923 εὐρωστότερος
3644 4825 3813 4892 κάμοι,

2261 4946 2342 5009 είς
2366 4939 2717 5012 πληθωρικὴν
2745 4936 2935 5006 ἀηδίαν
2965 4921 3244 4986 ἐκπίπτων
3278 4934 3343 5001 τῇ
3370 4921 3682 4991 καταλλήλφ
3709 4924 3813 5012 τρβέ

2263 5042 2359 5110 φῇ·
2404 5037 2463 5088 ἐν
2512 5033 2720 5094 τούτοις
2754 5032 2788 5102 ἢ
2825 5028 3121 5101 μεσοῦντος
3158 5025 3251 5080 τοῦ
3287 5011 3813 5141 συμποσίουλτιςῆτέζ

2295 5133 2322 5141 ..
2391 5131 2403 5141 .
2509 5125 2528 5141 κ
2619 5125 2632 5141 1
2981 5121 2995 5141 ι
3136 5118 3390 5141 ιηι,...-...
3444 5114 3474 5141 ,ξ
3504 5112 3559 5141 ε..
3630 5117 3690 5141 ην

2356 5125 2672 5197 οἰνοφλυγία
2696 5098 3106 5194 προσκειμένων
3133 5118 3415 5211 ὲξάγηται,
3444 5114 3477 5185 ἦ
3504 5112 3563 5211 ἐγ,

2260 5193 2363 5293 τῆς
2406 5193 2597 5292 μέδηςέ
2739 5193 2901 5287 μέχρι
2937 5212 3126 5276 τέλους
3170 5209 3463 5282 παραμένῃ
3498 5198 3573 5271 τῷ
3603 5193 3809 5293 ’δείπνων

2256 5289 2429 5373 ταῦτα
2451 5289 2544 5369 τού
2576 5311 2870 5366 ἐπιστάτου
2900 5304 3329 5376 οἰκονομοῦντος,
3360 5302 3437 5364 ὡς
3466 5296 3532 5352 ἂν
3564 5289 3808 5376 suam?“

2257 5366 2633 5480 νοίηδιαρκῶς
2665 5405 2700 5475 ἠ
2732 5400 2983 5473 τράπεζα
3009 5366 3118 5451 τῶν
3138 5399 3202 5491 ἐκ
3227 5393 3519 5491 πληθώρας
3541 5366 3809 5491 καὶμέῗὲ

2259 5468 2708 5570 καίπαραφορᾶς
2732 5489 2919 5546 κακῶν
2948 5487 3346 5560 καθαρεύουσα.
3374 5486 3588 5570 ’Ὠσπερ
3615 5468 3809 5570 ουῖθέἲέ

2261 5538 2349 5555 σι...
2390 5538 2459 5553 η...
2498 5538 2532 5551 υ.
2577 5538 2603 5549 ν
2646 5538 2706 5558 ,,,
2735 5538 2911 5546 "mm
3551 5538 3561 5545 υ

2259 5592 2366 5649 τῶν
2395 5538 2722 5660 ήδζσῦαιτων
2769 5584 2960 5649 κνίσης
2990 5578 3386 5649 ἀποσπώμενος
3435 5570 3535 5625 οὐκ
3574 5563 3628 5614 ἐν
3667 5538 3808 5619 ήδοϊῇ
