4106 6468
423 398 527 459 185

1246 401 1335 459 DE
1382 401 1802 461 ιΝΡΑΜιΒυε
1838 405 1959 473 QUI
2003 402 2457 463 PBAEMATURE
2492 400 2984 465 ABRIPIUNTUR.

3591 405 3696 465 186

419 518 653 571 ποιεῖται
676 516 791 573 τῶν
822 517 1173 591 καταθυμίων
1194 519 1291 591 τὴν
1312 522 1589 594 στέρησιν,
1618 523 1733 577 ἀλλ’
1751 523 2004 594 ἀκρισίαν

2110 531 2238 577 neat
2270 522 2327 578 in
2368 536 2551 588 cmna,
2581 522 2696 577 haec
2736 523 2812 576 ita
2846 519 3102 591 praefecto
3135 518 3578 584 administrante,
3633 527 3696 576 ut

418 610 539 664 τινὰ
576 609 670 663 τοῦ
699 609 1124 680 ἐπιστατοῦντος
1148 612 1569 682 καταγινώσκει,
1594 611 1670 677 ὡς
1694 612 1872 683 φθόνῳ
1902 612 2010 665 τινὶ

420 702 516 754 καὶ
538 700 601 753 ού
633 700 865 771 προνοίᾳ
893 699 1002 753 τῶν
1033 701 1409 771 προκειμένων
1438 701 1811 772 ἀπείργοντος.
1863 700 1924 752 Et
1950 699 2008 752 δὲ

421 793 559 863 πρὸς
579 794 704 856 τοὺς
720 792 802 846 ἔτι
818 792 1262 864 ἀσχημονοῦντας
1289 797 1356 865 τῇ
1396 795 1701 867 παρατάσει
1717 795 1815 865 τῆς
1837 792 2007 864 μέθης

423 884 687 954 βλέποιέν
714 886 932 957 ἐμέτοις
957 888 1049 940 καὶ
1077 887 1444 959 καρηϐαρίαις
1468 885 1658 958 καὶτῷ
1687 886 2008 958 παραφθέγ-

418 975 614 1043 γεσθαί
638 994 689 1029 τι
715 976 826 1029 τῶν
854 978 914 1030 οὑ
946 978 1193 1041 δεόντων,
1224 978 1384 1051 χάριν
1408 979 1661 1050 ὁμολογεῖ
1686 978 1764 1049 τῷ
1784 978 1891 1050 πρὸ
1909 977 2004 1032 τοῦ

419 1068 663 1122 τοιούτου
710 1068 916 1134 πάθους
961 1069 1064 1140 τῆς
1114 1071 1355 1143 ἀμέτρου
1403 1070 1721 1143 πλησμονῆς
1767 1071 2007 1141 ἀποστή-

420 1170 600 1215 σαντι.
646 1162 709 1215 Ei
743 1162 807 1234 δὴ
837 1162 1085 1232 νενόηται
1119 1165 1252 1234 ἡμῖν
1285 1162 1344 1217 τὸ
1374 1162 1700 1233 ὑπόδειγμα,
1734 1163 1914 1235 ῥᾴδιον
1939 1159 2005 1216 ἂν

420 1254 510 1324 εἴη
547 1254 915 1324 προσαγαγεῖν
940 1253 1000 1308 τὸ
1028 1257 1086 1308 ἐν
1113 1252 1288 1327 τούτῳ
1319 1255 1664 1326 καταληφθὲν
1706 1258 1837 1327 ἡμῖν
1868 1255 2005 1308 θεώ.

301 1410 307 1415 ,
422 1364 491 1418 ρη
500 1365 579 1419 μα
595 1347 673 1419 τῷ
695 1348 1037 1420 προκειμένῳ
1063 1347 1315 1418 νοήματι.
1350 1346 1414 1401 Τί
1433 1348 1540 1419 γὰρ
1562 1347 1623 1400 τὸ
1646 1347 2005 1420 προκείμενον

414 1436 524 1510 iv;
562 1441 725 1494 Ὅτου
764 1440 922 1512 χάριν
948 1442 976 1494 ὁ
1004 1440 1158 1506 Θεὸς,
1189 1440 1391 1511 πολλῆς
1417 1440 1584 1512 οὔσης
1614 1443 1726 1504 τοῖς
1765 1439 2003 1511 πατράσι

418 1531 663 1602 σπουδῆς
705 1531 1039 1603 φυλαχθῆναι
1076 1533 1292 1597 ἑαυτοῖς
1323 1532 1414 1586 τὸν
1454 1531 1547 1586 τοῦ
1592 1532 1707 1604 βίου
1736 1531 2002 1603 διάδοχον,

414 1622 602 1696 ἄωρον
631 1623 890 1690 πολλάκις
917 1627 975 1679 ὲν
999 1625 1078 1698 τῷ
1108 1624 1254 1680 τέλει
1274 1627 1375 1697 τῆς
1403 1627 1618 1698 ἡλικίας
1645 1628 1711 1698 ἐᾷ
1732 1626 1793 1680 τὸ
1814 1625 2004 1697 τεχθὲν

414 1717 870 1788 ἀναρπάζεσθαις
928 1719 1073 1790 Πρὸς
1115 1717 1211 1784 οὒς
1256 1718 1490 1791 ἐροῦμεν
1545 1718 1607 1773 τὸ
1665 1718 2004 1791 συμποτικὸν

409 1813 594 1865 ἐκεῖνο
613 1812 935 1883 ὑπόδειγμα,
956 1813 1037 1868 ὅτι
1051 1814 1148 1886 τῆς
1172 1812 1266 1868 τοῦ
1290 1813 1405 1884 βίου
1423 1812 1705 1887 τραπέζης
1726 1813 1926 1886 πολλήν
1942 1832 2001 1867 τε

2112 614 2323 669 nullum
2354 630 2417 669 ex
2457 613 2795 669 abundantia
2843 619 3005 683 atque
3064 612 3330 667 ebrietate
3385 612 3696 683 mentisque

2110 708 2505 778 depravatione
2534 709 2738 762 malum
2771 705 3047 761 exsistens
3079 706 3133 758 in
3185 704 3363 758 medio
3416 705 3697 775 relinqua-

2110 810 2220 866 tur,
2254 800 2350 855 sed
2403 809 2702 870 perpetuus
2765 796 2929 852 decor
2960 806 3016 852 et
3078 796 3339 851 honestas
3394 796 3452 850 in
3507 809 3692 851 mensa

2109 899 2376 947 servetur.
2415 889 2888 958 Quemadmodum
2946 887 3114 958 igitur
3158 886 3210 940 ei
3262 886 3359 956 qui
3413 900 3445 939 a
3501 885 3695 939 nidore

2108 983 2583 1038 condimentorum
2605 982 2884 1044 avellitur,
2910 979 3147 1050 privatio
3168 991 3357 1033 eorum
3387 991 3509 1048 quae
3539 975 3692 1030 cordi

2109 1081 2268 1139 sunt,
2298 1075 2512 1147 ingrata
2548 1082 2712 1142 atque
2743 1070 3044 1140 injucunda
3075 1077 3181 1133 est,
3222 1075 3387 1137 atque
3422 1068 3695 1136 importu-

2075 1165 2296 1242 'ni‘tatis
2330 1180 2393 1219 ac
2425 1164 2749 1219 temeritatis
2783 1164 3071 1233 cujusdam
3097 1160 3412 1230 praafectum
3433 1159 3695 1214 condem-

2106 1265 2225 1324 nat,
2260 1258 2418 1328 quasi
2471 1256 2674 1310 invidia
2703 1255 2939 1325 quadam
2975 1264 3030 1310 et
3078 1268 3188 1308 non
3232 1250 3575 1322 providentia
3625 1249 3696 1305 ab

2105 1348 2374 1421 appositis
2413 1356 2711 1403 arcentem.
2750 1346 2857 1402 Sed
2887 1347 2933 1403 si
2972 1345 3040 1400 ad
3075 1362 3171 1402 eos
3206 1347 3295 1417 qui
3347 1343 3695 1415 prorogatio-

2105 1458 2176 1499 ne
2205 1440 2491 1497 ebrietatis
2522 1438 2812 1502 vomendo,
2848 1447 3123 1509 caputque
3168 1448 3448 1509 gravatum
3481 1437 3697 1507 jactan-

2104 1535 2198 1598 do,
2237 1548 2301 1588 ac
2328 1541 2532 1588 temere
2560 1547 2683 1602 qua:
2729 1545 2840 1585 non
2895 1530 3054 1586 decet
3112 1528 3465 1601 proferendo,
3524 1527 3694 1583 etiam
3796 1551 3804 1561 ι

2105 1638 2254 1678 nunc
2285 1638 2345 1678 se
2374 1622 2610 1692 turpiter
2640 1628 2893 1692 gerentes
2943 1620 3226 1691 respiciat,
3262 1620 3493 1692 gratiam
3530 1619 3697 1675 habet

2104 1715 2153 1770 ei
2179 1714 2293 1784 qui,
2321 1721 2616 1784 antequam
2649 1712 2780 1766 talia
2810 1711 2914 1767 sibi
2951 1711 3286 1777 acciderent,
3315 1712 3386 1767 ab
3429 1710 3697 1766 immode-

2106 1817 2227 1862 rata
2259 1806 2561 1877 repletione
2597 1820 2721 1861 eum
2756 1805 3121 1877 prohibuerit.
3159 1804 3218 1859 Si
3278 1805 3448 1875 igitur
3505 1804 3697 1861 simili-

413 1904 515 1957 καὶ
534 1877 884 1967 παντοδαπῠῆν
909 1904 1019 1958 τῶν
1054 1877 1327 1975 ἐδωδίμων
1349 1877 1831 1977 τὴν-παρασκευὴν
1854 1877 2004 1975 ἐχού-

2110 1898 2245 1952 tudo
2275 1913 2304 1951 a
2331 1896 2491 1953 nobis
2523 1897 2804 1952 intellecta
2831 1906 2936 1963 est,
2969 1895 3132 1953 facile
3155 1896 3323 1952 fuerit
3355 1898 3410 1952 in
3440 1911 3502 1953 ea
3538 1889 3695 1953 eom-
3754 1968 3757 1973 ί

410 2010 518 2064 σης
544 1993 673 2063 (νόει
706 1993 762 2047 δέ
803 2011 893 2065 μοι
913 1995 1055 2050 κατά
1082 1995 1181 2066 τὴν
1207 1995 1577 2067 ὀψαρτυτικήν
1608 1995 1900 2068 ἐμπειρίαν
1929 1995 2005 2067 μὴ

408 2083 595 2137 πάντα
624 2084 702 2155 τῷ
726 2086 824 2156 τῆς
854 2085 1049 2155 ἡδονῆς
1072 2085 1337 2156 μέλιτιτά
1361 2085 1455 2140 τοῦ
1483 2086 1598 2157 βίου
1629 2086 2005 2155 καταγλυκαί-

408 2176 605 2230 νεσθαί
622 2216 637 2241 ,
688 2177 802 2231 ἀλλ’
831 2177 977 2230 ἔστιν
1013 2178 1148 2232 ὅπου
1172 2179 1269 2233 καὶ
1298 2181 1409 2243 τοῖς
1436 2178 1858 2250 αύστηροτέροις
1895 2177 2006 2231 τῶν

409 2286 483 2323 συ
491 2269 792 2340 μπομάτων
808 2269 906 2341 τὴν
923 2268 1068 2340 ζωὴν
1082 2270 1192 2325 ἐπα
1199 2269 1449 2340 ρτύεσθαι
1460 2311 1477 2337 ,
1489 2265 1578 2323 οἷα
1590 2269 1654 2341 δὴ
1672 2264 2008 2339 φιλοτεχνοῦ-

410 2376 500 2414 σιν
526 2362 575 2414 οἱ
600 2359 708 2413 τῶν
731 2360 861 2432 περὶ
892 2359 1139 2429 γαστέρα
1167 2360 1264 2414 καὶ
1296 2359 1480 2431 θοίνην
1510 2360 1716 2431 ἡδονῶν
1743 2361 2002 2430 τεχνῖται,

405 2455 527 2517 τοῖς
563 2452 942 2524 δριμυτέροις,
977 2449 1010 2521 ἦ
1052 2451 1317 2521 ἁλμῶσιν,
1355 2451 1389 2521 ἢ
1417 2451 1864 2524 παραστύφουσιν
1905 2450 2005 2516 τὰς

403 2542 622 2610 ὀρέξεις
643 2541 749 2597 τῶν
777 2542 1113 2612 δαιτυμόνων
1145 2541 1649 2613 ἀναρριπίζοντες)ο
1671 2542 1794 2594 ἐπεὶ
1821 2537 1914 2594 οὖν
1941 2542 2003 2595 οὐ

406 2632 503 2686 διὰ
528 2634 742 2687 πάντων
763 2634 880 2686 ἐστὶ
897 2632 1004 2686 τῶν
1025 2633 1364 2703 πραγμάτων
1389 2632 1659 2703 μελιειδὴς
1679 2634 1709 2686 ὁ
1735 2632 1868 2702 βίος,
1890 2630 2005 2686 ἀλλ’

405 2729 563 2779 ἔστιν
587 2726 646 2778 ἐν
677 2719 758 2788 οἷς
784 2725 930 2796 ἅλμη
958 2727 1020 2778 τὸ
1046 2725 1176 2795 ὄψον
1220 2725 1392 2786 ἐστὶν,
1415 2725 1449 2797 ἢ
1477 2725 1690 2793 στύψις,
1715 2724 1747 2795 ἢ
1778 2724 2002 2795 ὀξώδης,

408 2819 448 2888 ἦ
484 2817 712 2888 δηκτική
760 2834 845 2880 τις
890 2817 985 2870 καὶ
1027 2817 1247 2888 δριμεῖα
1301 2816 1524 2885 ποιότης
1558 2815 1870 2886 ἐντριϐεἴσα
1892 2818 2006 2881 τοῖς

414 2908 747 2981 πράγμασι,
780 2907 1085 2978 δύσληπτον
1119 2910 1267 2962 ποιεῖ
1288 2908 1386 2979 τὴν
1416 2908 1714 2980 καρυκείαν
1742 2908 1837 2962 τοῦ
1865 2908 2002 2978 βίου,

412 3002 647 3073 πλήρεις
668 3000 725 3053 δὲ
755 3002 804 3054 ot
831 2999 933 3070 τῆς
961 3000 1178 3071 ἀπάτης
1207 3001 1481 3072 κρατῆρες
1509 2998 1848 3054 παντοδαποῦ
1872 2999 2008 3072 κρά-

414 3110 609 3165 ματοςο
632 3086 706 3148 ὧν
721 3095 771 3146 οἱ
796 3094 894 3165 μὲν
908 3092 971 3146 τὸ
992 3092 1237 3162 φυσῶδες
1258 3093 1430 3157 πάθος
1451 3093 1540 3147 διὰ
1568 3092 1662 3147 τοῦ
1687 3092 1889 3162 στύφου
1909 3096 2007 3165 τῆς

2107 1989 2439 2061 preliensam
2470 2005 2500 2042 a
2539 1989 2704 2045 nobis
2753 1990 3184 2060 speculationem
3245 1991 3311 2044 ad
3349 1990 3691 2060 propositum

2107 2095 2331 2138 sensum
2365 2080 2803 2135 accommodare.
2825 2080 2968 2147 Quid
3001 2082 3146 2141 enim
3181 2081 3696 2152 eratpropositum?

2104 2175 2278 2245 Cujus
2313 2175 2392 2230 rei
2415 2176 2612 2246 gratia,
2645 2189 2771 2229 cum
2803 2175 3100 2246 plurimum
3140 2175 3310 2229 studii
3345 2182 3601 2244 parentes
3636 2175 3692 2229 in

2105 2267 2211 2321 hoc
2234 2275 2461 2337 ponant,
2496 2275 2556 2322 ut
2585 2281 2812 2323 suarum
2861 2266 2965 2321 sibi
3017 2267 3343 2321 lacullatura
3401 2281 3695 2322 successor

2106 2369 2438 2424 reservetur,
2473 2359 2616 2415 Deus
2651 2374 2798 2430 saepe
2831 2368 2958 2414 ante
2990 2367 3205 2429 tempus
3245 2374 3310 2414 ac
3366 2367 3696 2428 praemature

2106 2452 2163 2507 in
2189 2451 2509 2529 imperfecta
2527 2458 2687 2506 aetate
2714 2449 2890 2520 abripi
2924 2451 3060 2505 sinit
3090 2450 3142 2505 id
3178 2449 3324 2520 quod
3354 2459 3541 2504 natum
3562 2450 3696 2506 est?

2106 2542 2206 2599 His
2234 2544 2327 2614 qui
2365 2542 2440 2596 ita
2495 2546 2857 2613 interrogant,
2907 2542 3213 2597 referemus
3247 2541 3586 2597 convivalem
3626 2540 3694 2594 il-

2105 2636 2214 2691 lam
2251 2635 2685 2698 similitudinem,
2715 2636 2862 2705 quod
2891 2651 3017 2690 cum
3072 2636 3303 2689 multum
3357 2650 3421 2689 ac
3479 2634 3693 2688 varium

2105 2728 2512 2784 esculentorum
2547 2736 2867 2797 apparatum
2909 2728 3035 2782 vita:
3093 2743 3283 2782 mensa
3334 2726 3532 2781 habeat
3571 2727 3696 2796 (in-

2106 2819 2478 2890 telligeautem
2515 2819 2646 2873 mihi
2682 2818 2986 2874 secundum
3015 2820 3265 2889 peritiam
3299 2820 3376 2875 rei
3404 2818 3697 2874 culinaria)

2107 2913 2352 2982 artisque
2393 2909 2823 2966 condiendorum
2858 2911 3132 2974 ciborum,
3188 2926 3296 2964 non
3347 2925 3540 2966 omnes
3572 2911 3695 2964 vitae

2106 3010 2294 3073 partes
2356 3001 2658 3071 voluptatis
2719 3003 2881 3057 melle
2925 3002 3271 3067 dulcescere,
3333 3003 3426 3057 sed
3492 3002 3694 3056 alicubi

2107 3094 2272 3150 etiam
2307 3095 2693 3150 acerbioribus
2725 3094 2951 3150 casibus
3002 3094 3170 3149 vitam
3217 3094 3455 3158 condiri,
3508 3094 3695 3165 qualia

414 3186 638 3254 ἀπάτης
658 3184 998 3257 ἐμποιοῦσιν,
1025 3186 1077 3239 οἱ
1096 3185 1155 3239 δὲ
1175 3186 1257 3248 είς
1276 3186 1599 3257 παραφορὰν
1620 3185 1746 3249 τοὺς
1781 3185 2004 3257 ἐμπιόν-

2109 3189 2371 3245 nimirum
2396 3187 2639 3243 artiﬁces
2671 3188 3014 3257 voluptatum
3045 3185 3113 3240 ad
3142 3187 3334 3257 epulas
3359 3194 3414 3241 et
3444 3193 3693 3240 ventrem

409 3297 515 3342 τις
548 3277 951 3343 ἐξεκαλέσαντο,
976 3276 1154 3341 ἄλλοις
1183 3277 1240 3330 δὲ
1272 3278 1381 3330 τῶν
1419 3276 1672 3348 πονηρῶς
1696 3277 2004 3348 κτηθέντων

2110 3281 2510 3353 pertinentium
2530 3279 2852 3351 excogitant
2878 3286 2933 3334 et
2965 3285 3229 3343 tractant,
3252 3279 3335 3333 vel
3360 3278 3698 3343 acrioribus,

412 3372 510 3426 τὸν
552 3371 743 3443 ἔμετον
766 3370 867 3443 διὰ,
885 3370 986 3441 τῆς
1027 3370 1261 3443 αἰσχρᾶς
1304 3369 1609 3434 ἀποτίσεως
1655 3371 2002 3443 ἀνεκίνησαν.

432 3465 519 3527 Ὠς
557 3461 623 3517 ἂν
654 3457 761 3516 ὀὖν
803 3462 877 3534 μὴ
922 3461 1256 3534 ἐπιχρονίζοι
1294 3462 1361 3533 τῇ
1398 3460 1621 3533 τοιαύτῃ
1658 3462 1760 3532 τῆς
1796 3464 2005 3535 τραπέ-

414 3558 521 3628 ζης
551 3557 871 3627 παρασκευῇ
905 3557 934 3609 ὁ
975 3553 1050 3625 μὴ
1096 3553 1326 3616 δεόντως
1375 3550 1455 3623 τῷ
1478 3554 1764 3624 συμποσίῳ
1796 3555 2001 3625 χρησά.

413 3663 598 3717 μενος,
634 3646 826 3701 θᾶττον
868 3646 1123 3714 ἐξάγεται
1144 3644 1240 3698 τοῦ
1268 3644 1378 3697 τῶν
1406 3643 1745 3714 δαιτυμόνων
1779 3644 2003 3716 πληρώ-
2049 3648 2058 3657 “

414 3753 611 3807 ματος,
641 3736 934 3806 κερδαίνων
966 3736 1028 3790 rb
1075 3737 1149 3808 μὴ
1188 3738 1248 3789 ἐν
1276 3736 1505 3802 ἐκείνοις
1543 3736 1818 3806 γενέσθαι,
1863 3730 1939 3791 ὧν
1967 3738 2001 3809 ή

410 3828 653 3899 ἀμετρία
680 3827 781 3898 τῆς
822 3827 1175 3890 ἀπολαύσεως
1202 3830 1316 3890 τοῖς
1345 3827 1711 3899 λαιμαργοῦσι
1746 3827 2003 3899 πρόξενος

411 3921 645 3988 γίνεται.
699 3920 869 3975 Τοῦτό
923 3924 1073 3975 ἐστιν
1097 3921 1126 3975 ὃ
1156 3939 1301 3993 φημι
1323 3922 1536 3985 τελείας
1567 3917 1708 3978 εἶναι
1746 3923 2003 3994 προνοίας

414 4013 767 4085 κατόρθωμα,
818 4014 879 4067 τὺ
914 4013 989 4085 μὴ
1023 4014 1183 4083 μόνον
1242 4015 1516 4068 συστάντα
1560 4014 1889 4087 θεραπεύειν
1932 4014 2003 4069 τὰ

412 4106 585 4177 πάθη,
620 4105 755 4159 ἀλλά
800 4107 893 4159 καὶ
919 4105 1148 4159 κωλύειν
1191 4107 1297 4177 πρὸ
1342 4109 1441 4179 τῆς
1471 4109 1806 4172 συστάσεως.
1841 4109 1907 4161 Ὃ
1936 4106 2000 4179 δὴ

412 4199 513 4253 καὶ
537 4198 667 4269 περὶ
706 4197 800 4250 τοῦ
839 4197 1068 4251 θανάτου
1103 4196 1212 4252 τῶν
1242 4201 1545 4267 ἀρτιτόκων
1590 4201 1998 4272 ὑπενοήσαμεν,

410 4294 497 4345 ὅτι
543 4292 572 4343 ὁ
614 4289 755 4360 λόγῳ
782 4289 850 4343 τά
891 4289 1069 4344 πάντα
1113 4289 1284 4343 ποιῶν
1318 4290 1426 4344 ὑπὸ
1455 4291 1867 4362 φιλανθρωπίας
1896 4294 2002 4362 ἀφ-

410 4382 648 4450 αιρεῖται
696 4380 796 4450 τῆς
829 4379 1029 4443 κακίας
1063 4379 1163 4451 τὴν
1194 4379 1347 4444 ὓλην,
1402 4379 1475 4453 μὴ
1509 4381 1682 4444 διδοὺς
1715 4382 1903 4452 καιρὸν
1930 4384 1997 4453 τῇ

409 4471 732 4544 προαιρέσει
760 4473 827 4542 τῇ
851 4470 940 4524 διὰ
966 4471 1068 4540 τῆς
1096 4471 1517 4543 προγνωπικῆς
1553 4473 1833 4544 δυνάμεως
1857 4478 2000 4541 γνωέ

2108 3380 2194 3435 vel
2224 3378 2613 3450 salsuginosis,
2642 3378 2730 3434 vel
2763 3377 3201 3447 astringentibus
3233 3379 3512 3448 appetitus
3557 3392 3695 3433 con-

2107 3472 2356 3525 vivarum
2385 3468 2713 3541 excitantes)
2747 3489 2762 3524 :
2799 3468 3061 3539 quoniam
3088 3483 3220 3538 ergo
3253 3484 3362 3523 non
3397 3485 3493 3539 per
3511 3471 3696 3524 omnia

2105 3562 2320 3632 negotia
2355 3561 2641 3631 Ciliciaque
2679 3560 2793 3615 vita
2827 3558 3013 3615 suavis
3059 3567 3113 3613 et
3154 3558 3400 3627 jucunda
3433 3566 3540 3624 est,
3599 3558 3696 3614 sed

2105 3652 2162 3707 in
2196 3652 2467 3722 aliquibus
2493 3652 2654 3706 etiam
2710 3652 3102 3707 salsamentum
3149 3650 3441 3707 obsonium
3474 3659 3577 3715 est,
3611 3654 3697 3707 vel

2104 3746 2408 3811 astrictiva,
2430 3745 2515 3800 vel
2543 3751 2785 3808 acetosa,
2820 3743 2903 3798 vel
2938 3741 3165 3797 mordax
3195 3744 3443 3813 quaedam
3465 3750 3522 3798 et
3551 3744 3697 3799 acris

2104 3836 2342 3907 qualitas
2381 3835 2628 3906 ingesta,
2671 3842 2726 3890 et
2768 3833 2936 3889 rebus
2998 3832 3181 3887 intrita
3235 3843 3456 3903 sumptu
3507 3833 3698 3889 dillici-

2105 3930 2208 3984 lem
2243 3927 2413 3983 efficit
2444 3927 2570 3982 vitae
2605 3927 2790 3981 cibum
2832 3924 3139 3989 conditum,
3173 3925 3319 3995 pleni
3352 3925 3481 3980 item
3530 3924 3698 3979 varia:

2103 4022 2350 4077 misturae
2414 4018 2627 4074 fraudis
2696 4025 2940 4074 crateres
3011 4024 3143 4072 sunt
3204 4036 3218 4070 :
3295 4033 3529 4086 quorum
3602 4018 3696 4072 alii

2102 4112 2318 4182 quidem
2356 4109 2656 4175 inﬂationis
2683 4110 2873 4165 vitium
2907 4123 3001 4178 per
3034 4107 3208 4164 fastus
3251 4107 3497 4163 fraudem
3546 4107 3699 4179 inge-

2101 4211 2331 4271 nerant,
2391 4203 2485 4257 alii
2547 4216 2677 4257 vero
2734 4203 2790 4255 in
2835 4199 3201 4255 temeritatem
3261 4213 3326 4253 ac
3380 4198 3696 4255 vecordiam

2102 4296 2371 4352 devocant
2402 4309 2499 4350 eos
2530 4293 2624 4362 qui
2668 4292 3015 4354 imbiberint,
3049 4290 3174 4345 aliis
3203 4290 3335 4344 item
3375 4290 3519 4344 male
3545 4305 3697 4360 qme-
3760 4353 3764 4357 η

2102 4389 2333 4442 sitorum
2374 4385 2640 4440 vomitum
2685 4398 2785 4448 per
2825 4390 3041 4451 turpem
3084 4382 3415 4437 solutionem
3453 4392 3693 4437 movent.

2100 4475 2181 4531 Ne
2222 4489 2353 4546 ergo
2393 4474 2450 4529 in
2495 4473 2591 4527 tali
2631 4487 2837 4528 mensa:
2875 4479 3140 4541 apparatu
3182 4470 3392 4527 diutius
3435 4471 3698 4528 immore-

414 4563 660 4635 ρισθείση
697 4564 786 4617 διὰ
814 4563 923 4618 τῶν
955 4564 1134 4635 ἔργων
1175 4565 1233 4617 ἐν
1270 4564 1475 4627 κακίας
1515 4562 1670 4634 ἐξοχῇ
1721 4561 1999 4633 δειχθῆναι

2104 4572 2213 4628 tur,
2244 4564 2337 4635 qui
2373 4578 2481 4617 non
2513 4568 2665 4616 recte
2691 4576 2757 4614 ac
2786 4560 3044 4617 decenter
3086 4562 3339 4618 convivio
3380 4570 3584 4627 utatur,
3617 4562 3699 4617 ci-

409 4659 503 4711 οἷα
529 4658 694 4722 ἐστὶν,
720 4659 849 4711 ὅταν
889 4656 1024 4728 πρὸς
1057 4658 1118 4710 τὸ
1142 4657 1315 4711 κακὸν
1338 4656 1438 4728 τὴν
1467 4656 1643 4728 ὁρμὴν
1673 4655 1808 4727 ἔχοι.
1863 4655 2002 4710 Πολ-

409 4749 572 4812 λάκις
595 4747 653 4800 δὲ
678 4747 777 4818 τὴν
807 4747 1207 4818 σεσοφισμένην
1232 4748 1329 4819 τῆς
1363 4748 1725 4820 φιλαργυρίας
1752 4747 2003 4819 ἀνάγκην

406 4839 502 4894 διὰ
530 4838 637 4892 τῶν
656 4838 914 4892 τοιούτων
936 4839 1147 4910 ἐλέγχει
1174 4840 1204 4893 ὁ
1226 4839 1489 4892 συνιστῶν
1508 4839 1568 4891 τὸ
1591 4837 1685 4892 τοῦ
1717 4838 1832 4908 βίου
1863 4855 2004 4908 συμ-

410 4931 624 4995 πόσιον,
652 4930 727 4994 ὡς
752 4930 843 4995 ἂν,
880 4928 1054 5001 οἶμαι,
1082 4931 1291 5002 γυμνὸν
1316 4931 1426 4985 τῶν
1462 4926 1845 5002 εὐπροσώπων
1869 4945 2000 5001 προ-

410 5020 788 5092 καλυμμάτων
840 5022 902 5075 τὸ
945 5023 1044 5092 τῆς
1088 5022 1449 5094 φιλαργυρίας
1477 5020 1824 5094 ἀρρώστημα
1877 5021 2004 5091 φαί-

408 5128 578 5177 νοιτο,
610 5112 799 5184 μηδενὶ
829 5113 1296 5184 παραπετάσματι
1348 5114 1751 5185 πεπλανημένῳ
1776 5129 2003 5168 σύσκια-

408 5206 657 5277 ζόμενον.
683 5206 821 5260 Φασὶ
841 5208 949 5278 γὰρ
969 5207 1020 5260 oi.
1042 5204 1227 5261 πολλοὶ
1241 5204 1328 5259 διὰ
1338 5204 1498 5260 τοῦτο
1509 5207 1630 5267 ταῖς
1640 5205 1735 5258 τοῦ
1758 5204 2004 5269 πλείονος

409 5297 726 5369 ἐπιθυμίαις
745 5297 1227 5361 ἐπιπλατύνεσθαι,
1243 5297 1319 5360 ὡς
1337 5296 1404 5351 ἂν
1421 5297 1858 5369 πλουσιωτέρους
1875 5297 2004 5360 τοὺς

409 5389 475 5456 ἐξ
497 5390 678 5445 αὐτῶν
705 5390 1003 5459 γεγονότας
1035 5391 1343 5460 ποιήσαιεν,
1374 5381 1450 5445 ὧν
1477 5389 1689 5459 ἐλέγχει
1721 5388 1820 5461 τὴν
1848 5390 2003 5443 νόσον

413 5484 552 5538 ἰδίαν
576 5478 762 5549 οὖσαν,
790 5483 893 5539 οὐκ
908 5482 968 5548 ἐξ
980 5484 1225 5556 ἀνάγκης
1240 5483 1622 5553 ἐγγινομένην,
1637 5483 1672 5554 ἠ
1688 5481 2001 5553 ἀπροφάσι-

411 5594 537 5641 στος
560 5576 671 5630 τῶν
689 5577 934 5631 ἀτέκνων
956 5576 1258 5642 πλεονεξία.
1294 5576 1486 5630 Πολλοὶ
1510 5576 1622 5648 γὰρ
1645 5575 1769 5630 οὔτε
1788 5575 2004 5647 ἔχοντες

411 5669 664 5740 διαδοχὴν
681 5669 775 5724 ἐπὶ
790 5668 1005 5732 πολλοῖς
1029 5664 1111 5734 οἷς
1132 5668 1463 5741 ἐμόχθησαν,
1481 5667 1606 5722 οὗτε
1625 5669 1684 5723 ἐν
1702 5668 1879 5723 ἐλπίσι
1907 5666 2002 5722 τοῦ

418 5762 563 5830 σχεῖν
580 5761 759 5826 ὄντες,
799 5760 923 5816 ἀντὶ
946 5762 1156 5834 μυρίων
1174 5761 1382 5817 τέκνων
1405 5760 1607 5824 πολλὰς
1627 5761 1924 5832 ἐπιθυμίας
1945 5762 2004 5813 ὲν

419 5855 626 5925 exuret:
660 5852 1133 5926 παιδοτροφοῦσιν,
1180 5853 1279 5915 οὐκ
1306 5853 1521 5926 ἔχοντες
1561 5853 1664 5915 ποῦ
1708 5855 1807 5926 τὴν
1840 5854 2005 5929 ἀνάγ-

2105 4654 2218 4711 tius
2251 4652 2506 4708 educitur
2533 4668 2598 4707 ex
2629 4658 2777 4708 ccetu
2806 4660 2973 4722 atque
3012 4667 3280 4710 consessu
3316 4654 3695 4718 convivarum,

2106 4746 2161 4802 id
2196 4746 2335 4800 lucri
2373 4744 2617 4812 faciens,
2652 4744 2801 4814 quod
2854 4743 3040 4798 irrilla
3074 4745 3328 4802 molestia
3378 4754 3544 4816 atque
3582 4754 3699 4800 tur-

2106 4840 2360 4912 pitudine
2392 4855 2504 4894 non
2533 4845 2806 4903 versetur,
2846 4852 3080 4908 quarum
3115 4852 3299 4894 rerum
3338 4836 3697 4892 immoderata

2107 4933 2356 5003 sumptio
2389 4930 2744 4987 lielluonibus
2773 4929 3128 4985 conciliatrix
3162 4929 3404 4986 exsistit.
3448 4928 3565 4985 Hoc
3589 4938 3694 4994 est,

2105 5024 2251 5095 quod
2282 5024 2408 5079 dico
2454 5021 2717 5094 perfectae
2775 5028 2942 5093 atque
2998 5021 3272 5077 absolutae
3328 5019 3697 5089 providentiae

2105 5129 2246 5186 opus
2269 5129 2418 5180 esse,
2447 5129 2566 5170 non
2598 5113 2781 5170 solum
2832 5120 3153 5168 contractos
3188 5125 3387 5167 curare
3437 5111 3689 5178 morbos,

2103 5221 2298 5262 verum
2346 5206 2513 5262 etiam
2574 5205 2872 5276 prohibere
2915 5211 3210 5273 antequam
3259 5202 3693 5258 contrahantur.

2105 5299 2284 5365 Quam
2313 5297 2451 5354 adeo
2480 5297 2799 5368 opinionem
2840 5297 3011 5352 etiam
3041 5294 3111 5349 de
3157 5302 3331 5348 morte
3396 5292 3693 5349 infantium

2104 5392 2268 5446 modo
2316 5398 2574 5446 natorum
2622 5389 2929 5455 habemus,
3006 5386 3153 5457 quod
3218 5386 3267 5441 is
3320 5386 3414 5456 qui
3481 5389 3699 5443 ratione

2103 5487 2292 5541 omnia
2310 5483 2476 5549 facit,
2505 5482 2851 5537 humanitate
2878 5478 3154 5535 adductus
3197 5478 3351 5535 vitiis
3404 5478 3696 5534 materiam
3740 5472 3745 5479 ’

2106 5578 2309 5644 aufert,
2353 5575 2596 5646 spatium
2629 5571 2896 5643 temporis
2939 5570 3214 5627 voluntati
3277 5586 3376 5641 per
3404 5571 3513 5625 vim
3545 5585 3692 5641 prae-

2104 5669 2275 5724 sciam
2316 5674 2518 5722 notatae
2545 5674 2603 5721 et
2649 5663 3050 5720 animadversas
3110 5676 3225 5717 non
3280 5662 3443 5730 dans,
3504 5671 3564 5718 ut
3595 5678 3696 5733 per

2106 5775 2272 5829 opera
2303 5760 2359 5814 in
2416 5758 2679 5827 nequitia:
2707 5754 2939 5826 vitiique
2986 5755 3315 5813 excellentia
3368 5754 3691 5811 ostendatur

2107 5851 2288 5921 qualis
2323 5850 2415 5915 sit,
2452 5863 2579 5905 cum
2609 5847 2676 5906 ad
2704 5846 2911 5904 malum
2946 5847 3212 5920 impetum
3243 5847 3443 5904 habeat
3478 5854 3533 5902 et
3561 5846 3696 5911 οπε-
