4106 6432
475 342 576 398 H7

1710 337 1768 394 S.
1811 334 2136 394 GiiEGOR-fl
2179 336 2471 394 NYSSENI

3635 343 3734 400 188

471 475 646 522 ctum.
696 466 1086 535 Saepenumero
1137 469 1322 517 autem
1380 476 1477 532 per
1531 460 1846 530 hujusntodi
1885 463 2051 518 etiam

2159 480 2260 531 κην
2283 464 2379 533 τῆς
2399 461 2710 533 ἀρρωστίας
2729 458 2936 531 ταύτης
2958 459 3414 530 έπανενέγκωσιν.
3443 461 3506 515 Ei
3525 461 3580 516 δέ
3596 481 3733 529 τινες

470 572 638 614 casus
671 555 984 613 simulatam
1025 563 1191 624 atque
1222 561 1549 624 pratensam
1584 555 1828 609 avaritiae
1862 569 2054 611 neces-

473 649 690 702 sitatem
716 647 898 716 arguit
921 645 969 701 is
997 645 1091 714 qui
1129 647 1258 700 vita:
1287 645 1603 700 convivium
1630 645 1941 709 constituit,
1968 654 2051 712 ut,

471 740 688 808 opinor,
720 739 962 794 nudatus
992 737 1262 808 speciosis
1295 738 1650 805 praetextibus
1683 753 1749 792 ac
1774 739 2052 792 velamen—

469 833 541 886 tis
593 831 848 886 avaritias
909 831 1137 886 morbus
1209 839 1473 900 appareat
1512 831 1663 885 nullo
1700 829 1837 886 falso
1896 840 2054 902 tegu-

469 933 656 977 mento
703 921 1090 978 obumbratus.
1154 921 1291 975 Nam
1350 922 1512 992 vulgo
1581 921 1826 992 plerique
1875 923 2052 987 aiunt,

469 1015 681 1069 idcirco
713 1030 774 1070 se
817 1013 1106 1085 cupiditati
1159 1029 1272 1070 rem
1337 1013 1573 1084 augendi
1632 1013 1936 1085 indulgere,
1993 1022 2054 1070 ut

469 1108 700 1163 ditiores
731 1123 797 1162 ex
835 1122 958 1163 sese
1000 1115 1161 1164 natos
1211 1106 1464 1172 reddant,
1526 1123 1764 1178 quorum
1799 1108 2053 1164 morbum

473 1201 755 1270 proprium
779 1217 924 1265 esse,
955 1211 1010 1256 et
1029 1217 1097 1256 ex
1132 1200 1467 1257 necessitate
1492 1215 1602 1256 non
1629 1201 1845 1258 innasci
1874 1201 2058 1272 arguit

472 1293 871 1350 inexcusabilis
930 1294 1164 1348 avaritia
1218 1293 1557 1369 eorum_qui
1603 1293 1795 1350 liberis
1840 1303 2052 1349 carent.

473 1387 623 1440 Multi
668 1388 813 1442 enim
868 1403 993 1442 cum
1051 1403 1155 1442 nec
1217 1372 1462 1441 babeant
1516 1387 1816 1442 multorum
1869 1387 2058 1442 labore

472 1489 750 1546 partorum
801 1479 1071 1534 bonorum
1143 1492 1538 1541 successores,
1605 1494 1708 1533 nec
1759 1478 2058 1548 aliquando

471 1569 754 1624 habituros
779 1587 906 1626 esse
939 1587 999 1626 se
1027 1578 1276 1642 sperent,
1305 1587 1405 1642 pro
1437 1571 1669 1626 inﬁnitis
1696 1571 1888 1628 liberis
1916 1571 2052 1626 mul-

469 1673 555 1717 tas
597 1665 738 1717 intra
786 1680 908 1720 sese
938 1665 1271 1734 cupiditates
1311 1665 1489 1728 aiunt,
1531 1678 1641 1718 non
1689 1664 1955 1720 habentes
2000 1664 2056 1719 in

471 1769 612 1824 quos
635 1755 928 1809 conferant
963 1756 1128 1824 hujus
1158 1756 1333 1809 morbi
1366 1757 1775 1812 necessitatem.
1815 1754 1972 1822 Quod
2010 1754 2057 1810 si

469 1847 562 1914 qui
596 1847 734 1900 male
759 1848 812 1900 in
841 1848 952 1901 vita
973 1860 1287 1909 versantur,
1321 1863 1385 1902 ac
1413 1848 1597 1902 dedita
1649 1863 1814 1918 opera
1845 1846 2060 1902 consul-

468 1945 636 2007 toque
666 1939 940 2005 crudeles,
973 1951 1162 1994 truces
1193 1947 1358 2009 atque
1392 1940 1666 2011 tyrannici
1703 1949 1852 2001 sunt,
1888 1938 2060 1994 omni-

2156 553 2343 618 κακῶς
2386 552 2778 625 ἐπιδημοῦντες
2808 552 2886 624 τῷ
2911 551 3032 624 βίῳ,
3091 552 3402 624 τυραννικοί
3446 570 3506 606 τε
3534 553 3627 608 καὶ
3650 571 3735 610 πι-

2156 646 2282 717 κροὶ
2315 645 2415 716 τὴν
2449 645 2792 718 προαίρεσιν,
2826 644 3030 709 πάσαις
3058 644 3378 708 ἀκολασίαις
3406 644 3736 717 δεδουλωμέ-

2155 755 2260 800 νοι,
2306 736 2465 808 θυμῷ
2493 737 2876 808 παραπλῆγες,
2931 737 3239 807 φειδόμενοι
3280 737 3390 791 τῶν
3429 737 3737 808 ἀνηκέστων

2155 829 2344 884 κακῶν
2373 828 2605 893 οὐδενὸς,
2623 828 2819 900 λῃσταὶ
2846 829 2941 882 καὶ
2972 827 3310 899 ἀνδροφόνοι,
3341 827 3436 881 καὶ
3471 827 3738 899 πατρίδων

2157 921 2443 993 προδόται,
2495 919 2530 993 ἦ
2570 920 2622 973 εί
2651 937 2705 974 τι
2734 918 2941 974 τούτων
2997 920 3145 972 ἐστὶν
3197 919 3553 991 ὲναγέστερον
3595 917 3739 990 (οἷον

2158 1014 2488 1088 πατροφόνοι
2512 1031 2572 1068 τε
2597 1013 2694 1068 καὶ
2743 1009 3075 1085 μητῳλῷαι,
3124 1012 3219 1066 καὶ
3256 1011 3626 1076 παιδοκτόνοι,
3651 1014 3741 1066 καὶ

2155 1108 2275 1170 ταῖς
2321 1104 2659 1177 παρανόμοις
2694 1105 2904 1176 μίξεσιν
2937 1102 3353 1168 έπιλυσσῶντες)
3375 1144 3391 1168 ,
3443 1102 3492 1157 οί
3521 1102 3742 1157 τοιοῦτοί

2107 1190 2114 1198 ’
2158 1215 2303 1262 τινες
2345 1198 2518 1262 ὄντες.
2559 1198 2618 1250 ὲν
2667 1200 2732 1269 τῇ
2780 1195 2950 1268 κακίᾳ.
2977 1197 3148 1268 ταύτῃ
3185 1196 3586 1266 γηράσκωσιν·
3632 1197 3743 1261 πῶς

2157 1291 2275 1363 ἐρεῖ
2301 1308 2386 1353 τις
2424 1288 2740 1361 συμϐαίνειν
2775 1288 2948 1343 ταῦτα
2974 1291 3086 1353 τοῖς
3111 1288 3606 1360 προεξητασμένοις
3631 1305 3643 1354 ;
3683 1289 3742 1342 Ei

2158 1384 2268 1455 γὰρ
2302 1383 2366 1437 τὸ
2417 1382 2523 1456 πρὸ
2564 1381 2713 1455 ῶρας
2747 1381 3117 1453 ἀνάρπαστον,
3162 1381 3239 1444 ῶς
3277 1381 3342 1436 ἂν
3385 1383 3459 1454 μὴ
3490 1384 3568 1445 είς
3598 1382 3743 1445 τέλος

2160 1475 2302 1529 κατά
2339 1475 2402 1528 τὸ
2427 1475 2730 1546 ὑπόδειγμα
2761 1473 2855 1528 τοῦ
2896 1474 3200 1545 συμποσίου
3244 1477 3359 1539 τοῖς
3402 1474 3602 1528 πάθεσι
3651 1475 3742 1544 τῆς

2160 1568 2306 1638 ζωῆς
2357 1569 2561 1638 ταύτης
2595 1567 3118 1639 ὲλλαιμαργήσειεν,
3169 1564 3548 1637 προνοητικῶς
3590 1565 3744 1630 ὑπεξ-

2159 1665 2351 1730 άγεται
2379 1661 2474 1716 τοῦ
2512 1649 2774 1730 βιωτικοῦ
2807 1659 3111 1731 συμποσίου
3141 1675 3153 1688 ·
3203 1659 3348 1722 τίνος
3384 1659 3545 1730 χάριν
3588 1661 3615 1712 ό
3642 1675 3744 1710 τοι·

2165 1753 2320 1818 οὗτος
2358 1754 2522 1825 μέχρι
2565 1754 2753 1824 γήρως
2781 1754 3108 1823 ἐμπαροινεῖ
3136 1751 3215 1822 τῷ
3247 1753 3559 1823 συμποσίῳ,
3596 1769 3744 1821 πονη-

2169 1848 2268 1920 ράν
2311 1846 2489 1917 ἑαυτῷ
2533 1863 2593 1898 τε
2643 1846 2738 1900 καὶ
2779 1849 2894 1909 τοῖς
2931 1845 3236 1918 συμπόταις
3286 1846 3385 1899 τὴν
3426 1845 3534 1899 τῶν
3569 1844 3743 1898 κακῶν

2168 1937 2540 2009 ἑωλοκρασίαν
2564 1937 2970 2003 ὲπισκεδάζωνς

468 2029 572 2086 bus
623 2031 942 2093 libidinibus
983 2032 1228 2095 obnoxii,
1290 2032 1578 2086 iracundia
1627 2032 1956 2102 praecipites,
1991 2046 2022 2085 a
2052 2031 2202 2086 nullo
2234 2031 2522 2086 incurabiii
2553 2031 2696 2085 malo
2725 2032 3086 2095 abstinentes,
3126 2031 3388 2095 latrones,
3447 2029 3744 2094 homicida,

467 2127 657 2197 patria:
680 2127 1010 2198 proditores,
1047 2144 1111 2183 ac
1147 2128 1193 2184 si
1225 2127 1357 2198 quid
1386 2128 1473 2185 his
1504 2136 1590 2184 est
1626 2127 2026 2194 detestabilius,
2058 2127 2300 2197 magisve
2348 2125 2619 2182 nefarium
2663 2136 2718 2182 et
2753 2127 3148 2182 exsecrandum
3191 2126 3404 2196 (veluti
3446 2124 3744 2198 parricidae,

467 2235 701 2278 matrum
739 2226 1064 2295 pulsatores,
1102 2226 1398 2281 liberorum
1447 2225 1871 2289 interfectores,
1903 2231 1959 2280 et
1997 2223 2233 2295 quadam
2277 2223 2435 2294 quasi
2480 2222 2635 2279 rabie
2690 2223 2891 2279 mentis
2940 2223 3151 2294 legibus
3183 2223 3382 2279 vetitos
3431 2222 3747 2278 concubitus

467 2325 742 2372 sectantes
781 2336 795 2372 :
831 2319 924 2387 qui
967 2332 1090 2372 cum
1122 2318 1260 2373 tales
1306 2319 1444 2374 adeo
1493 2319 1632 2382 siut,
1683 2319 1738 2372 in
1787 2317 1894 2372 hac
1947 2317 2193 2387 nequitia
2245 2324 2410 2386 atque
2463 2316 2760 2372 vitiositate
2813 2323 3215 2373 consenescunt
3251 2317 3573 2386 :quomodo
3614 2316 3749 2371 dicet

469 2409 668 2478 aliquis
693 2409 806 2463 haec
833 2425 1136 2480 congruere
1165 2421 1219 2466 et
1253 2413 1551 2467 convenire
1583 2427 1707 2467 cum
1749 2412 1818 2467 iis
1855 2428 1976 2481 qua:
2021 2426 2188 2482 supra
2237 2411 2466 2482 quesita
2495 2418 2659 2482 atque
2691 2417 2922 2466 tractata
2957 2412 3130 2466 sunt?
3165 2410 3299 2465 Nam
3330 2413 3375 2468 si
3412 2411 3460 2468 is
3496 2413 3587 2484 qui
3617 2427 3747 2484 pra:-

470 2507 683 2555 mature
717 2501 1006 2572 abripitur,
1048 2518 1116 2557 ne
1145 2502 1302 2571 juxta
1335 2503 1745 2559 similitudinem
1785 2504 2020 2559 convivii
2074 2503 2143 2558 ad
2201 2503 2365 2559 linem
2398 2519 2572 2574 usque
2604 2504 2660 2559 in
2690 2503 2837 2560 vitiis
2867 2503 3031 2572 hujus
3103 2503 3228 2559 vitae
3275 2504 3436 2574 quasi
3490 2505 3748 2560 helluetur

469 2599 634 2660 atque
691 2591 1080 2659 debacchetur,
1132 2595 1358 2664 provida
1405 2596 1642 2666 quadam
1697 2597 1953 2652 cautione
2003 2611 2068 2650 ac
2127 2595 2507 2652 benevolentia
2549 2610 2617 2651 ex
2656 2594 2805 2648 vitali
2858 2593 3184 2649 subducitur
3216 2594 3650 2666 convivio:qua
3685 2593 3749 2648 de

469 2699 659 2752 causa,
699 2687 790 2756 qui
828 2689 951 2744 talis
989 2698 1093 2754 est,
1127 2706 1300 2760 usque
1326 2691 1392 2746 ad
1425 2701 1764 2748 senectutem
1805 2693 1860 2748 in
1899 2693 2152 2748 convivio
2182 2691 2573 2758 debacchatur,
2611 2691 2827 2746 noxiam
2871 2697 2984 2745 tum
3016 2689 3156 2756 sibi,
3195 2697 3309 2744 tum
3345 2690 3747 2761 compotoribus

467 2787 522 2831 et
570 2779 815 2835 convivis
862 2780 1128 2834 malorum
1181 2783 1464 2853 crapulam
1497 2783 1834 2840 oﬂ'undens?

542 2871 648 2926 Sed
683 2888 804 2934 cur,
844 2889 1073 2942 prorsus
1120 2875 1328 2947 inquis,
1375 2876 1525 2932 hunc
1576 2878 1797 2948 quidem
1832 2879 2058 2950 provida

2251 2877 2410 2930 Ἀλλά
2440 2876 2528 2930 διὰ
2559 2875 2633 2942 τί,
2664 2875 2882 2938 πάντως
2912 2875 3078 2946 ἐρεῖς,
3109 2875 3202 2928 τὸν
3249 2875 3348 2946 μὲν
3382 2878 3748 2949 προνοητικῶς

470 2964 852 3019 benevolentia
917 2967 1175 3022 subducit
1250 2983 1318 3022 ex
1392 2971 1506 3024 vita
1571 2971 1894 3042 priusquam
1963 2986 2058 3041 per

2167 2970 2428 3038 ὑπεξάγει
2451 2969 2544 3022 τοῦ
2569 2968 2684 3038 βίου
2714 2969 2844 3041 πρὶν
2864 2967 3213 3039 τελειωθῆναι
3231 2968 3320 3023 διά
3341 2968 3440 3023 τοῦ
3468 2971 3638 3026 κακοῦ
3658 2970 3748 3042 τὴν

459 3058 674 3112 "malum
711 3058 966 3114 voluntas
1012 3060 1352 3128 perﬁciatur,
1411 3063 1566 3116 illum
1611 3078 1741 3118 vero
1797 3064 2058 3134 relinquit

2167 3062 2506 3132 προαίρεσιν,
2554 3061 2646 3113 τὸν
2674 3060 2731 3113 δὲ
2763 3059 3353 3128 καταλείπειγενέσθαι
3378 3063 3641 3126 τοιοῦτον,
3677 3062 3747 3126 ὡς

471 3150 634 3203 talem
665 3149 800 3212 fieri,
840 3157 899 3203 ut
932 3152 1127 3205 melius
1161 3151 1266 3222 ipsi
1297 3160 1446 3209 esset
1470 3154 1690 3224 penitus
1711 3165 1902 3209 natum
1947 3171 2057 3210 non

2165 3155 2388 3226 ἄμεινον
2401 3152 2548 3225 αὐτῷ
2561 3149 2700 3208 εἶναι
2720 3151 2780 3206 τὸ
2798 3152 2872 3225 μὴ
2895 3152 3148 3222 γενέσθαι
3176 3153 3342 3219 ὃλως;
3366 3153 3581 3226 Πρδςδὲ
3603 3154 3750 3210 τοῦτο

470 3240 641 3297 esse?
675 3241 754 3296 Ad
788 3241 892 3295 hoc
942 3241 1069 3304 item
1113 3242 1390 3312 ejusmodi
1437 3245 1730 3315 quamdam
1768 3245 2058 3316 benignio-

471 3335 628 3390 ribus
656 3343 706 3390 et
734 3333 1072 3404 aequioribus
1111 3334 1382 3391 rationem
1412 3336 1728 3402 reddemus,
1777 3338 1921 3408 quod
1954 3354 2060 3395 sae-

474 3441 776 3497 penumero
816 3425 925 3480 vita
957 3441 1149 3481 eorum
1181 3426 1277 3498 qui
1311 3427 1450 3482 bene
1495 3427 1756 3493 vixerint,
1793 3429 1955 3484 etiam
1992 3429 2061 3484 iis

472 3520 568 3590 qui
595 3535 660 3574 ex
695 3518 832 3590 ipsis
875 3518 987 3573 nati
1025 3527 1176 3584 sunt,
1218 3533 1387 3575 causa
1429 3519 1678 3576 melioris
1724 3521 2062 3577 conditionis

471 3621 582 3666 est.
633 3610 811 3681 Atque
864 3621 1127 3667 sexcenta
1179 3613 1374 3667 horum
1435 3628 1501 3669 ex
1541 3613 1730 3670 divina
1771 3614 2060 3686 Scriptura

473 3703 790 3758 testimonia
818 3711 968 3767 sunt,
1001 3705 1203 3774 quibus
1237 3715 1424 3776 aperte
1473 3707 1737 3764 docemur
1765 3708 1886 3779 ejus
1913 3725 2062 3765 cura:

473 3789 838 3860 beneficiique
863 3793 1010 3860 quod
1038 3792 1190 3864 digni
1221 3809 1250 3848 a
1280 3793 1392 3850 Deo
1426 3805 1864 3868 consequuntur,
1897 3799 2060 3854 etiam

472 3897 544 3938 ex
578 3879 712 3951 ipsis
745 3884 1061 3952 progenitos
1089 3899 1198 3938 una
1229 3885 1531 3956 participes
1559 3903 1702 3945 esse.
1735 3887 1892 3944 Haud
1936 3905 2064 3945 con-

473 3971 769 4028 temnenda
818 3981 1005 4028 autem
1055 3988 1179 4030 sors
1232 3975 1397 4030 fuerit
1424 3977 1590 4032 etiam
1633 3979 1798 4035 alicui
1833 3980 2064 4052 impedi-

475 4071 662 4120 mento
697 4063 868 4120 fuisse
904 4065 972 4120 ad
1006 4065 1272 4123 malitiam
1338 4074 1393 4122 et
1425 4069 1732 4137 nequitiam
1777 4071 1870 4141 qui
1903 4072 2063 4144 juxta

468 4155 624 4209 illani
665 4156 902 4211 omnino
936 4157 1188 4212 victurus
1242 4155 1460 4214 fuisset.
1523 4159 1630 4214 Sed
1660 4162 1922 4231 quoniam
1973 4164 2064 4220 hic

468 4246 532 4301 in
573 4248 738 4303 rebus
765 4248 993 4305 incertis
1033 4249 1215 4305 oratio
1255 4250 1599 4320 conjecturis
1637 4254 1842 4323 utitur,
1877 4257 2062 4314 nullus

467 4339 699 4393 omnino
746 4341 1131 4410 reprehendet,
1173 4341 1221 4396 si
1279 4342 1335 4397 in
1383 4345 1587 4400 multas
1631 4353 1818 4414 partes
1877 4349 2059 4418 conje-

467 4435 632 4481 ctura
677 4439 914 4484 mentem
944 4431 1177 4487 diducit.
1200 4431 1318 4488 Non
1354 4437 1534 4500 solum
1564 4438 1709 4494 enim
1740 4441 2062 4497 auctoribus

2161 3245 2402 3300 τοιοῦτόν
2469 3262 2591 3298 τινα
2651 3247 2765 3309 τοῖς
2815 3243 3344 3317 εὐγνωμονεστέρας
3402 3246 3750 3318 ἀποδώσομεν

2161 3334 2337 3404 λόγον,
2387 3335 2470 3390 ὅτι
2511 3333 2772 3398 πολλάκις
2808 3335 2842 3406 ἡ
2872 3333 2986 3407 ζωὴ
3023 3335 3132 3390 τῶν
3168 3333 3229 3391 εὖ
3279 3335 3622 3407 βεϐιωκότων
3663 3339 3749 3393 καὶ

2162 3430 2274 3492 τοῖς
2297 3427 2357 3493 ἐξ
2377 3427 2556 3482 αὐτῶν
2579 3426 2833 3481 αίτίατοῢ
2867 3426 3140 3498 βελτίονος
3167 3427 3398 3497 γίνεται.
3425 3431 3536 3485 Καὶ
3569 3429 3748 3502 μυρίαι

2160 3519 2366 3574 τούτων
2412 3520 2478 3574 ὲκ
2515 3520 2615 3590 τῆς
2655 3519 3015 3575 θεοπνεύστου
3064 3522 3290 3594 Γραφῆς
3341 3524 3398 3576 αί
3437 3523 3747 3596 μαρτυρίαι,

2161 3610 2230 3664 δι’
2271 3604 2350 3666 ὧν
2391 3611 2580 3681 σαφῶς
2614 3611 2978 3684 διδασκόμεθα
3017 3613 3118 3683 τῆς
3144 3613 3297 3686 παρά
3317 3614 3412 3668 τοῦ
3434 3615 3571 3670 Θεοῦ
3601 3631 3749 3684 γενο-

2166 3700 2336 3771 μένης
2363 3703 2477 3765 τοϊς
2501 3699 2676 3765 ἀξίοις
2699 3702 3027 3774 κηδεμονίας
3047 3703 3144 3756 καὶ
3172 3705 3299 3768 τοὺς
3317 3704 3376 3770 ἐξ
3411 3705 3594 3758 αὐτῶν
3617 3722 3750 3775 συμ-

2167 3791 2438 3863 μετέχειν.
2467 3793 2695 3862 Ἀγαθὸν
2726 3795 2772 3847 δ’
2810 3794 2877 3849 ἂν
2905 3795 2989 3867 εἴη
3025 3797 3319 3865 κεφάλαιον
3351 3797 3448 3852 καὶ¹
3481 3798 3543 3852 τδ
3579 3801 3748 3870 ἐμπο-

2162 3882 2267 3937 δών
2297 3901 2404 3937 τινι
2443 3885 2582 3957 πρὸς
2618 3886 2815 3940 κακίαν
2850 3888 3104 3957 γενέσθαι
3137 3888 3215 3960 τῷ
3253 3889 3504 3960 μέλλοντι
3539 3891 3749 3954 πάντως

2164 3976 2286 4029 κατ’
2313 3975 2529 4047 ἐκείνην
2566 3975 2877 4047 βιώσεσθαι.
2925 3979 3078 4033 Ἐπεὶ
3131 3980 3190 4033 δὲ
3221 3979 3331 4034 τῶν
3373 3979 3588 4052 ἀδήλων
3615 3983 3642 4035 ό
3668 3981 3748 4034 λό-

2163 4084 2260 4136 γος
2284 4067 2515 4122 ἐνταῦθα
2536 4071 3029 4142 καταστοχάζεται,
3065 4073 3281 4136 πάντως
3309 4073 3486 4138 οὐδεὶς
3514 4075 3746 4128 αἰτιάσε-

2164 4177 2274 4224 ται,
2303 4159 2547 4232 πολλαχῆ
2603 4162 2698 4216 τοῦ
2745 4163 3050 4236 στοχασμοῦ
3083 4164 3183 4236 τὴν
3223 4163 3463 4218 διάνοιαν
3507 4168 3744 4237 ἄγοντος.

2165 4249 2241 4302 Οὐ
2285 4249 2445 4320 μόνον
2488 4251 2598 4323 γὰρ
2648 4255 2762 4317 τοῖς
2795 4253 3229 4324 καθηγουμένοις
3267 4254 3363 4308 τοῦ
3397 4255 3590 4324 γένους
3613 4258 3748 4311 εῐποι

2163 4359 2247 4404 τις
2277 4341 2344 4396 ἂν
2401 4343 2492 4396 τὸν
2537 4344 2670 4397 Θεὸν
2710 4345 3068 4416 χαριζόμενον
3111 4347 3405 4415 ὑπεξάγειν
3431 4352 3534 4421 τῆς
3577 4351 3749 4420 κακῆς

2165 4433 2311 4504 ζωῆς
2344 4433 2436 4488 τὸν
2488 4437 2606 4489 κατ’
2638 4438 2808 4507 αὐτὴν
2843 4437 3193 4509 βιωσόμενον,
3237 4440 3352 4493 ἀλλ’
3380 4443 3428 4494 εί
3458 4443 3555 4497 καὶ
3587 4443 3747 4514 μηδὲν

470 4517 694 4587 generis
720 4519 1120 4588 gratificantem
1155 4521 1323 4579 Deum
1379 4526 1581 4583 dixerit
1615 4529 1817 4600 aliquis
1856 4546 1924 4586 ex
1956 4532 2058 4586 im-

2167 4527 2253 4595 είη
2287 4524 2528 4579 τοιοῦτον
2557 4528 2778 4581 ἐπὶτῶν
2807 4529 2914 4600 πρὸ
2949 4530 3101 4603 ῶρας
3135 4533 3624 4604 ἀναρπαζομένων,
3657 4535 3745 4588 οὐ·

473 4609 652 4680 proba
684 4611 799 4664 vita
835 4612 1143 4669 subducere
1163 4629 1288 4670 eum
1317 4617 1410 4686 qui
1443 4617 1499 4672 in
1537 4634 1601 4674 ea
1635 4621 1886 4678 victurus
1926 4623 2062 4678 fuis-

470 4710 584 4768 set,
625 4718 813 4759 verum
841 4703 1008 4759 etiam
1037 4704 1084 4759 si
1126 4705 1260 4760 nihil
1302 4707 1578 4777 ejusmodi
1617 4712 1690 4765 sit
1719 4712 1774 4766 in
1837 4715 1926 4780 iis,
1965 4715 2059 4786 qui

473 4803 810 4867 praemature
860 4794 1253 4865 abripiuntur,
1313 4796 1458 4852 haud
1525 4799 1829 4856 absurdum
1897 4803 2062 4861 fuerit

469 4887 690 4958 opinari
731 4886 976 4943 atrocius
998 4900 1062 4941 ac
1084 4887 1456 4957 periculosius
1481 4889 1604 4948 illos
1632 4906 1756 4948 sese
1781 4893 1835 4948 in
1865 4895 2060 4951 vitiosa

473 4982 586 5034 vita
613 4986 868 5050 gesturos
900 4977 1095 5045 fuisse,
1124 4994 1287 5048 quam
1313 4979 1533 5036 illorum
1567 4998 1922 5057 quemquam,
1966 4989 2060 5059 qui

472 5072 547 5126 ob
591 5074 760 5126 vitam
794 5085 1030 5142 nequam
1082 5079 1247 5139 atque
1277 5072 1582 5144 improbam
1615 5075 1892 5133 nobilitati
1939 5078 2058 5136 fue-

473 5164 610 5217 rint.
641 5163 774 5218 Nam
802 5165 940 5218 nihil
966 5163 1083 5218 ﬁeri
1125 5163 1246 5219 sine
1276 5161 1388 5219 Deo
1419 5180 1488 5220 ex
1519 5167 1710 5224 multis
1749 5169 1918 5225 rebus
1971 5170 2058 5226 di-

473 5255 764 5310 dicimus:
831 5271 1054 5312 rursum
1112 5270 1246 5311 vero
1289 5272 1400 5312 non
1468 5257 1694 5315 fortuita
1755 5277 1901 5327 esse,
1958 5279 2060 5320 nec

476 5345 693 5402 ratione
743 5361 935 5404 carere
994 5365 1057 5405 ea
1093 5365 1214 5419 quae
1252 5349 1520 5406 divinitus
1573 5353 2058 5423 administrantur,

477 5452 642 5494 nemo
666 5453 776 5492 non
806 5442 1166 5507 concesserit,
1205 5443 1389 5499 sciens
1445 5445 1595 5515 quod
1648 5445 1792 5502 Deus
1822 5448 1966 5504 ratio
1997 5466 2062 5506 ac

481 5527 752 5597 sapientia
805 5537 912 5591 est,
955 5539 1012 5585 et
1062 5533 1242 5588 omnis
1275 5533 1449 5590 virtus
1503 5549 1570 5589 ac
1623 5535 1855 5593 veritas.
1913 5538 2060 5594 Nihil

479 5627 663 5673 autem
707 5617 958 5684 rationis,
991 5622 1203 5677 ratione
1233 5633 1404 5688 caret,
1452 5642 1631 5697 neque
1665 5629 1934 5699 sapientis
1963 5633 2064 5685 ali-

481 5709 613 5778 quid
657 5708 924 5778 insipiens
965 5719 1070 5776 est,
1102 5728 1277 5782 neque
1305 5723 1422 5771 tum
1453 5720 1660 5785 virtus,
1694 5729 1811 5776 tum
1857 5723 2060 5778 veritas

481 5797 773 5852 admiserit
803 5805 964 5871 atque
1005 5802 1326 5858 sustinuerit
1379 5806 1432 5861 id
1475 5811 1619 5866 quod
1683 5826 1806 5866 cum
1859 5812 2061 5870 virtute

2166 4615 2255 4670 δὲν
2282 4617 2510 4681 ἀπεικὸς
2533 4618 2762 4684 οἴεσθαι,
2788 4619 2851 4673 τὸ
2881 4621 3262 4697 χαλεπώτερον
3296 4625 3362 4679 ἂν
3395 4627 3636 4690 ἐκείνους
3659 4629 3748 4680 ἀν-

2163 4707 2593 4778 τιλαμϐάνεσθαι
2621 4710 2715 4763 τοῦ
2743 4711 2883 4766 κατά
2909 4713 3109 4769 κακίαν
3155 4715 3294 4786 βίου,
3325 4717 3358 4788 ἢ
3393 4717 3601 4772 τούτων
3625 4719 3746 4772 ἕκα-

2164 4820 2289 4858 στον
2318 4803 2426 4857 τῶν
2461 4805 2552 4858 ἐπὶ
2595 4807 2833 4879 πονηρίᾳ
2874 4808 3284 4880 γνωρισθέντων
3315 4811 3466 4883 παρά
3489 4813 3580 4868 τὸν
3616 4812 3742 4883 βίον.

2155 4895 2237 4949 Τὸ
2264 4896 2372 4968 γάρ
2402 4897 2566 4967 μηδὲν
2588 4898 2738 4952 ἀθεεὶ⁸
2759 4901 3025 4968 γίνεσθαι,
3045 4901 3134 4957 διὰ
3163 4902 3371 4958 πολλῶν
3388 4903 3708 4975 ἐγνώκαμεν
3725 4918 3739 4931 '

2160 4988 2222 5042 τὸ
2245 4988 2302 5042 δὲ
2334 4986 2402 5042 αὖ
2431 4989 2592 5042 πάλιν
2617 4990 2694 5062 μὴ
2721 4993 2918 5062 τυχαῖά
2953 5011 3010 5046 τε
3037 4996 3132 5048 καὶ
3164 4995 3335 5064 ἄλογα
3363 4991 3505 5050 εἶναι
3528 4997 3597 5051 τὰ
3632 4995 3745 5050 θεό-

2162 5081 2256 5135 θεν
2284 5081 2733 5153 οίκονομούμενα,
2771 5086 2878 5148 πᾶς
2920 5084 2987 5140 ἂν
3032 5087 3438 5158 ὁμολογήσειεν,
3467 5089 3621 5154 εἰδὼς
3667 5088 3744 5141 ὅτι

2161 5174 2341 5237 ὀΘεδς
2372 5173 2528 5244 λόγος
2563 5175 2700 5240 ἐστὶ,
2732 5177 2826 5230 καὶ
2882 5178 3066 5244 σοφία,
3119 5180 3211 5233 καὶ
3259 5183 3409 5236 πᾶσα
3454 5181 3620 5253 ἀρετὴ
3657 5181 3746 5234 καὶ

2161 5265 2482 5334 ἀλήθειαν..
2531 5265 2593 5320 τὸ
2647 5266 2722 5340 μὴ
2772 5267 3025 5339 ένάρετόν
3052 5287 3110 5324 τε
3135 5273 3228 5325 καὶ
3268 5273 3374 5338 ἔξω
3395 5273 3489 5328 τοῦ
3518 5272 3744 5345 ἀληθοῦς

2162 5355 2534 5424 καταδέξαιτο.
2585 5359 2712 5413 Είτε
2771 5355 2865 5414 οὖν
2908 5360 3050 5415 κατά
3093 5362 3192 5426 τὰς
3231 5366 3529 5436 εἰρημένας
3573 5366 3744 5427 αἰτίας

2160 5448 2330 5518 ἄωροι
2357 5465 2498 5514 τινες
2557 5452 2984 5524 ἀναρπάζονται,
3020 5453 3130 5508 εἴτε
3167 5473 3218 5510 τι
3261 5459 3355 5510 καὶ
3383 5459 3566 5532 ἕτερον
3601 5456 3744 5527 παρά

2161 5540 2230 5593 τὰ
2256 5541 2522 5612 εἰρημένα
2549 5545 2686 5608 ἐστὶ,
2723 5544 2784 5598 τὸ
2816 5545 3033 5611 πάντως
3069 5549 3163 5602 ἐπὶ
3191 5549 3380 5621 σκοπῷ
3415 5552 3493 5623 τῷ
3523 5550 3742 5622 βελτίονι

2163 5633 2334 5687 ταῦτα
2385 5634 2635 5702 γίνεσθαι
2687 5639 3169 5710 συνομολογεῖσθαι
3215 5647 3502 5716 προσήκει.
3530 5641 3658 5697 Οῐδα
3687 5641 3740 5696 δέ

2163 5742 2284 5779 τινα
2313 5728 2408 5780 καὶ
2441 5727 2597 5796 λόγον
2627 5729 2814 5800 ἕτερον
2847 5733 2996 5806 παρά
3028 5733 3129 5806 τῆς
3160 5735 3255 5790 τοῦ
3302 5737 3622 5791 Ἀποστόλου
3654 5752 3738 5787 σο-

2166 5817 2293 5888 φίας
2326 5819 2532 5889 μαθὼν,
2563 5821 2629 5874 δι’
2655 5823 2713 5878 ὅν
2735 5841 2878 5890 τινες
2921 5827 3029 5880 τῶν
3071 5831 3210 5884 κατὰ
3251 5829 3450 5885 κακίαν
3481 5827 3740 5898 ὑπερϐαλ-
