4106 6510
401 417 497 475 191

1627 420 1686 479 S.
1725 419 2052 480 GREGORII
2074 421 2366 481 NYSSENI

3552 419 3657 474 193

396 538 646 594 tendant.
674 555 693 589 ι
729 536 1029 593 Lmtabitur
1062 557 1080 591 ι
1115 538 1289 604 enim,
1319 538 1518 611 inquit,
1551 559 1571 593 ι
1600 540 1807 612 justus,
1837 556 1962 597 cum

2076 540 2148 612 τῷ
2175 541 2367 611 αἵματι
2390 538 2486 595 τοῦ
2515 540 2841 615 ἁμαρτωλοῦ
2864 556 2878 574 ·
2919 558 2939 594 ι
2978 539 3078 611 οὐχ
3105 537 3181 602 ώς
3205 537 3505 609 ἐπιχαίρων
3534 541 3658 602 ταῖς

396 630 593 683 viderit
620 628 880 683 ultionem
917 630 1105 699 impii;
1137 646 1333 687 manus
1373 647 1504 687 suas
1526 632 1728 687 lavabit
1759 634 1812 688 in
1847 648 1975 688 san-

396 721 562 790 guine
592 724 902 790 peccatoris
930 722 973 754 ¹⁰
1006 743 1020 780 :
1065 743 1085 776 ι
1131 739 1241 778 non
1269 726 1414 794 quod
1446 725 1669 780 insultet
1693 725 1976 780 doloribus

398 813 770 877 mmrentium,
805 814 901 869 sed
944 814 1090 885 quod
1155 828 1287 871 tunc
1320 817 1557 870 maxime
1588 824 1889 885 cognoscat
1918 823 1975 870 et

396 900 799 956 animadvertat
847 902 904 957 id
956 903 1106 974 quod
1146 918 1214 958 ex
1263 908 1467 959 virtute
1513 904 1696 974 dignis
1734 902 1971 959 accedit.

397 989 688 1062 Signiﬁcat
716 994 863 1049 enim
886 1011 983 1064 per
1010 997 1157 1052 dicta
1178 998 1365 1063 verba,
1396 997 1543 1067 quod
1565 998 1972 1052 contrariorum

394 1096 463 1136 ex
490 1082 723 1139 adverso
746 1087 1087 1156 comparatio
1110 1089 1358 1143 accessio
1378 1088 1575 1143 latitia:
1597 1096 1764 1158 atque
1792 1089 1974 1143 incre-

396 1182 639 1227 mentum
660 1175 864 1232 virtute
890 1178 1132 1247 praeditis
1157 1178 1393 1234 exsistit.
1426 1178 1559 1234 Nam
1588 1195 1685 1250 per
1712 1180 1788 1245 id,
1819 1179 1971 1250 quod

395 1263 556 1329 dixit,
598 1284 616 1317 ι
656 1266 851 1325 Manus
884 1270 939 1343 in
970 1271 1239 1340 sanguine
1271 1272 1577 1341 peccatoris
1605 1274 1772 1340 lavat,
1811 1291 1831 1324 ›
1870 1272 1973 1326 Ιιιι-

389 1358 634 1427 jusmodi
682 1361 844 1417 nobis
894 1363 1101 1432 praebet
1148 1364 1498 1429 sententiam,
1557 1366 1709 1436 quod
1757 1364 1971 1435 puritas

393 1448 514 1516 ejus
567 1448 625 1502 in
680 1449 791 1503 vita
857 1451 1093 1509 actionis
1146 1453 1199 1507 in
1257 1453 1565 1524 perditione
1620 1461 1970 1523 peccatorum

393 1537 828 1604 demonstratur.
863 1539 999 1596 Nam
1033 1543 1252 1598 lavandi
1313 1543 1486 1598 dictio
1533 1544 1790 1613 puritatis
1845 1557 1969 1614 spe-

394 1629 534 1683 ciem
558 1637 613 1684 et
668 1630 960 1702 imaginem
999 1633 1294 1705 signiﬁcat.
1347 1634 1403 1689 In
1471 1636 1741 1707 sanguine
1785 1643 1970 1691 autem

394 1735 558 1776 nemo
589 1720 823 1786 lavatur,
857 1723 952 1779 sed
992 1725 1252 1793 polluitur
1277 1735 1330 1781 et
1377 1725 1697 1796 inquinatur
1739 1742 1754 1779 :
1787 1728 1972 1797 itaque

394 1827 492 1882 per
517 1812 620 1869 hoc
646 1816 870 1884 planum
904 1816 982 1883 lit,
1012 1816 1161 1886 quod
1203 1831 1387 1871 rerum
1433 1818 1755 1872 acerbarum
1781 1832 1847 1872 ex
1875 1816 1973 1871 ad-

2076 631 2185 685 τῶν
2216 633 2533 703 ἀνιωμένων
2557 634 2791 700 ὀδύναις,
2815 633 2930 688 ἀλλ’
2956 632 3032 696 ώς
3048 630 3170 685 τότε
3206 629 3441 701 μάλιστα
3458 631 3658 700 γνωρί-

2076 722 2184 787 ζων
2228 724 2290 777 τὸ
2345 724 2405 792 ἐξ
2445 725 2647 796 ἀρετῆς
2678 727 2793 789 τοῖς
2841 724 3014 789 ἀξίοις
3054 720 3512 794 παραγινόμενον.
3558 722 3660 792 Σηο

2079 815 2257 885 μαίνει
2281 816 2392 887 γάρ
2405 817 2493 870 διὰ
2508 817 2617 871 τῶν
2651 817 2975 888 εἰρημένων,
3008 815 3090 868 ὅτι
3119 813 3402 886 προσθήκη
3435 812 3535 884 τῆς
3565 812 3657 865 εὐ-

2075 904 2348 976 φροσύνης
2375 905 2469 960 καὶ
2500 907 2753 970 ἐπίτασις
2796 908 2911 970 τοῖς
2940 905 3216 977 ἐναρέτοις
3247 905 3452 973 γίνεται
3481 905 3515 974 ἠ
3543 902 3655 957 τῶν

2074 999 2329 1052 ἐναντίων
2378 1000 2817 1070 ἀντιπαράθεσις.
2847 998 2921 1052 Τὸ
2963 999 3070 1070 γάρ
3114 998 3314 1065 εἰπεῖν,
3366 997 3451 1050 ὃτι
3491 1013 3510 1047 ι
3543 995 3657 1060 Τάς

2074 1091 2262 1160 χεῖρας
2311 1091 2369 1144 ἐν
2416 1090 2497 1162 τῷ
2546 1091 2737 1161 αἵματι
2786 1089 2881 1144 τοῦ
2943 1088 3268 1161 ἀμαρτωλοῦ
3320 1088 3590 1152 νίπτεται,
3630 1106 3650 1139 ι

2072 1180 2329 1252 τοιαύτην
2359 1183 2656 1253 παρίστησι
2670 1182 2769 1252 τὴν
2781 1181 3039 1246 διάνοιαν,
3067 1181 3149 1234 ὅτι
3174 1179 3235 1232 τὸ
3256 1178 3657 1250 καθαιρόμενον

2074 1273 2238 1327 αὐτοῦ
2269 1274 2368 1344 τῆς
2402 1275 2543 1329 κατά
2565 1274 2663 1345 τὴν
2692 1272 2837 1343 ζωὴν
2876 1271 3177 1345 ἐνεργείας,
3221 1273 3278 1324 ἐν
3306 1271 3374 1342 τῇ
3411 1268 3659 1338 ἀπωλείᾳ

2073 1362 2182 1418 τῶν
2235 1363 2574 1435 ἁμαρτωλῶν
2613 1363 2994 1417 διαδείκνυται.
3037 1362 3101 1414 Ἦ
3130 1361 3241 1431 γάρ
3266 1359 3361 1414 τοῦ
3399 1356 3657 1429 νίψασθαι

2072 1454 2236 1520 λέξις,
2273 1454 2645 1527 καθαρότητος
2670 1453 2905 1525 ἔμφασιν
2927 1448 3294 1525 διερμηνεύει.
3339 1451 3426 1503 Ἐν
3463 1450 3657 1519 αἵματι
3713 1490 3721 1498 .

2072 1547 2129 1601 δὲ
2165 1548 2289 1617 οὐχὶ
2315 1546 2560 1600 νίπτεταί
2590 1563 2694 1610 τις,
2724 1545 2860 1599 ἀλλά
2885 1544 3171 1616 μολύνεται
3199 1559 3212 1574 ·
3237 1541 3379 1595 ὥστε
3411 1540 3498 1595 διὰ
3530 1539 3656 1593 τοὺ-

2071 1655 2167 1692 του
2195 1637 2355 1709 δῆλον
2382 1636 2655 1706 γενέσθαι,
2688 1636 2771 1689 ὅτι
2800 1637 2834 1707 ἡ
2858 1635 2968 1688 τῶν
3008 1631 3478 1705 σκυθρωποτέρων
3509 1631 3659 1684 ἀντι-

2074 1729 2374 1801 παράθεσις
2407 1728 2510 1800 τὴν
2554 1728 2655 1797 τῆς
2695 1728 2901 1799 ἀρετῆς
2946 1725 3325 1797 μακαριότητα
3365 1722 3657 1777 δείκνυσιν.

2075 1820 2382 1875 Συναπτέον
2439 1819 2619 1873 τοίνυν
2668 1818 2760 1872 ἐπὶ
2810 1817 3090 1887 κεφαλαίῳ
3123 1816 3217 1869 τὸν
3264 1815 3441 1884 λόγον,
3475 1812 3552 1874 ὡς
3590 1812 3659 1865 ἂν

394 1920 556 1961 verso
609 1908 952 1978 comparatio
1012 1908 1236 1963 virtutis
1284 1907 1680 1964 beatitudinem
1738 1908 1968 1964 demon-

2076 1910 2484 1983 εὐμνημόνευτα
2534 1910 2741 1979 γένοιτο
2786 1908 2857 1977 τάη
2895 1907 3239 1979 ἐξητασμένα
3271 1908 3538 1978 νοήματα.
3592 1904 3660 1957 Ἥ

394 2003 554 2051 strat.
581 1996 973 2054 Contrabenda
993 2006 1078 2054 est
1114 1998 1285 2069 igitur
1335 2000 1514 2054 oratio
1574 1999 1631 2054 in
1681 1999 1884 2069 capita,
1910 2008 1972 2055 ut

393 2086 706 2143 intellectus
724 2096 888 2158 atque
921 2089 1228 2154 sententiae,
1267 2103 1405 2159 quas
1429 2090 1785 2145 tractavimus
1808 2098 1972 2161 atque

392 2181 626 2235 scrutati
660 2196 875 2246 sumus,
907 2182 1184 2237 memoriae
1224 2183 1368 2238 haud
1402 2181 1696 2239 diiiiculter
1719 2183 1971 2241 mandari

391 2272 629 2344 possint.
660 2272 799 2329 Nam
845 2273 1139 2330 immatura
1164 2289 1316 2330 mors
1364 2273 1659 2329 infantium
1709 2290 1887 2345 neque
1915 2276 1972 2330 in

392 2367 680 2423 doloribus
702 2381 767 2423 ac
790 2366 1051 2422 maestitia
1077 2383 1202 2425 esse
1223 2382 1348 2423 eum
1376 2367 1573 2437 quisic
1590 2368 1772 2423 vivere
1786 2367 1971 2433 desiit,

393 2458 807 2530 intelligendum
841 2474 966 2515 esse
1011 2459 1172 2514 nobis
1209 2461 1474 2531 suggerit,
1510 2474 1688 2530 neque
1739 2459 1796 2515 in
1852 2460 1973 2531 pari

392 2550 574 2619 ipsum
603 2559 658 2605 et
692 2549 883 2605 eadem
918 2548 1232 2605 conditione
1274 2564 1340 2604 ac
1395 2558 1543 2606 sorte
1594 2550 1802 2606 versari
1846 2565 1972 2604 cum

392 2639 464 2696 iis
493 2639 587 2709 qui
642 2654 738 2710 per
774 2654 991 2695 omnem
1034 2639 1289 2695 virtutem
1330 2639 1393 2694 in
1443 2640 1547 2696 hac
1599 2642 1708 2695 vita
1757 2630 1973 2709 purgati

393 2737 560 2794 sunt,
600 2729 937 2800 providentia
992 2729 1203 2783 meliori
1236 2729 1675 2799 exsuperantiam
1718 2729 1974 2784 vitiorum

391 2820 717 2890 prohibente
746 2820 856 2876 Dco
886 2820 941 2875 in
976 2820 1041 2875 iis
1061 2820 1155 2891 qui
1191 2821 1264 2876 ila
1302 2821 1502 2876 victuri
1527 2820 1783 2877 fuissent.
1816 2820 1974 2886 Quod

392 2917 574 2966 autem
610 2901 861 2965 nonnulii
922 2911 1192 2965 malorum
1219 2909 1428 2965 diutius
1460 2910 1671 2974 vivunt,
1705 2909 1759 2964 id
1794 2909 1976 2965 reddi-

391 2987 505 3056 tam
533 3003 862 3058 sententiam
894 3017 1005 3057 non
1037 3003 1330 3058 subvertit.
1373 3000 1510 3057 Nam
1544 3002 1599 3057 in
1626 3003 1854 3073 gratiam
1880 3016 1978 3071 pa-

394 3100 613 3148 rentum
649 3087 850 3148 malum
896 3094 952 3148 in
985 3094 1094 3150 illis
1142 3094 1436 3164 impeditur
1483 3109 1548 3149 ac
1588 3094 1912 3163 prohibetur
1955 3112 1970 3148 :

2074 2003 2185 2074 γὰρ
2244 2004 2421 2075 ἄωρος
2467 2001 2693 2073 τελευτὴ
2729 2001 2838 2054 τῶν
2875 1999 3087 2071 νηπίων
3124 1997 3249 2052 οὔτε
3294 2001 3352 2053 ἐν
3392 1996 3660 2066 ἀλγεινοῖς
3712 2044 3717 2047 ,

2076 2092 2215 2150 εἶναι
2252 2094 2345 2152 τὸν
2376 2094 2518 2149 οὕτω
2549 2094 2647 2165 τὴν
2681 2092 2825 2164 ζωὴν
2857 2092 3206 2163 παυσάμενον
3236 2091 3377 2144 νοεῖν
3406 2086 3662 2142 ὑποτίθε-

2073 2205 2186 2253 ται,
2213 2186 2340 2240 οὔτε
2372 2186 2515 2241 κατά
2541 2185 2603 2239 τὸ
2634 2187 2749 2240 ἴσον
2800 2187 2913 2248 τοῖς
2934 2183 3023 2237 διά
3056 2183 3238 2253 πάσης
3275 2181 3478 2254 ἀρετῆς
3516 2178 3662 2233 κατά

2073 2276 2168 2329 τὸν
2222 2275 2350 2345 τῇδε
2405 2274 2518 2343 βίον
2565 2273 2998 2343 κεκαθαρμένοις
3058 2271 3287 2341 γίνεται,
3342 2268 3656 2342 προμηθείᾳ

2075 2367 2345 2438 κρείττονι
2370 2363 2465 2418 τοῦ
2487 2362 2621 2417 Θεοῦ
2654 2366 2754 2434 τὴν
2782 2363 2890 2417 τῶν
2922 2363 3107 2418 κακῶν
3134 2362 3405 2434 ἀμετρίαν
3432 2359 3663 2414 κωλύον-

2075 2476 2167 2521 τος
2195 2458 2289 2512 ἐπὶ
2335 2456 2444 2510 τῶν
2481 2455 2781 2527 μελλόντων
2825 2454 2970 2509 οὕτω
3004 2454 3318 2526 βιώσεσθαι.
3346 2453 3420 2507 Τὸ
3450 2452 3507 2507 δὲ
3539 2454 3653 2505 ἐπι-

2077 2549 2266 2604 ϐιῶναι
2294 2565 2447 2612 τινας
2479 2547 2611 2602 τῶνι
2628 2545 2836 2610 κακῶν,
2871 2546 2971 2599 οὐκ
3001 2545 3295 2617 ἀνατρέπει
3333 2544 3432 2614 τὴν
3469 2543 3663 2597 ἀποδο-

2078 2640 2266 2695 θεῖσαν
2319 2638 2580 2693 διάνοιαν.
2617 2638 2697 2709 Τῇ
2733 2637 2844 2708 γὰρ
2877 2635 3016 2707 πρὸς
3062 2637 3189 2699 τοὺς
3229 2633 3663 2706 γεννησαμένους

2077 2733 2261 2805 χάριτι
2279 2731 2341 2786 τὸ
2370 2731 2539 2786 κακὸν
2555 2731 2641 2784 ἐπ’
2667 2730 2890 2783 ἐκείνων
2917 2726 3255 2797 ἐνεποδίσθη·
3276 2721 3357 2790 οἷς
3382 2726 3440 2779 δέ
3464 2725 3565 2778 οὐκ
3593 2719 3662 2794 ἦν

2077 2842 2161 2889 τις
2185 2827 2250 2878 ἐκ
2275 2823 2478 2893 γονέων
2502 2821 2639 2895 πρὸς
2669 2822 2761 2876 τὸν
2808 2821 2940 2876 Θεὸν
2986 2818 3289 2892 παρρησία,
3317 2817 3438 2871 οὐδὲ
3469 2818 3582 2879 τοῖς
3602 2814 3664 2882 ἐξ

2079 2916 2304 2972 ἐκείνων
2356 2915 2415 2968 τὸ
2457 2914 2699 2969 τοιοῦτον
2728 2915 2823 2969 ἐπὶ
2867 2914 2968 2984 τῆς
2998 2911 3318 2984 εὐεργεσίας
3358 2905 3497 2971 εἶδος
3525 2925 3664 2977 συμ-

2080 3007 2454 3080 παρεπέμφθη
2475 3024 2489 3038 '
2526 3007 2560 3077 ἢ
2618 3005 2798 3077 πολλῷ
2830 3004 3209 3077 χαλεπώτερος
3228 3002 3339 3056 τῶν
3372 3002 3463 3055 ἐπὶ
3493 2999 3665 3070 κακία

2077 3098 2372 3170 γνωρίμων
2399 3098 2428 3150 ό
2461 3095 2723 3158 κωλυθεὶς
2746 3095 2835 3149 διά
2854 3094 2946 3147 τοῦ
2965 3095 3193 3149 θανάτου
3218 3093 3470 3162 γενέσθαι
3493 3090 3664 3153 κακὸς

395 3183 599 3253 quibus
633 3191 813 3239 autem
856 3184 1039 3239 nullus
1071 3198 1101 3238 a
1133 3184 1452 3254 parentibus
1474 3183 1543 3238 ad
1593 3182 1763 3238 Deum
1794 3183 1973 3239 aditus

2080 3190 2255 3259 ἐφάνη
2277 3188 2363 3252 ἂν,
2396 3188 2553 3259 εῐπερ
2590 3184 2869 3241 ἀκώλυτον
2907 3184 3034 3255 ἔσχε
3067 3185 3165 3257 τὴν
3197 3183 3493 3254 πονηρίαν
3534 3182 3568 3251 ἢ
3612 3178 3668 3233 εῐ

395 3283 537 3338 erat,
571 3291 640 3330 ne
674 3275 739 3330 ad
770 3290 865 3331 eos
893 3274 1112 3342 quidem
1142 3276 1236 3345 qui
1265 3290 1331 3331 ex
1365 3275 1503 3345 ipsis
1534 3275 1788 3345 p'ognati
1819 3283 1974 3340 sunt,

397 3363 634 3432 amplius
657 3364 923 3434 ejusmodi
972 3363 1223 3419 beneﬁcii
1271 3379 1443 3435 genus
1489 3379 1598 3418 una
1644 3364 1977 3419 transmitti-

396 3464 517 3521 tur;
557 3465 651 3509 aut
684 3456 859 3510 multo
896 3455 1091 3512 saevior
1112 3463 1167 3510 et
1216 3456 1456 3511 atrocior
1488 3455 1599 3511 illis
1638 3456 1732 3525 qui
1772 3456 1844 3511 ob
1876 3471 1975 3512 ne-

395 3548 623 3619 quitiam
662 3548 875 3604 nobiles
922 3555 1074 3613 sunt,
1112 3548 1262 3603 visus
1292 3545 1563 3604 fuissetis
1595 3546 1687 3616 qui
1711 3561 1809 3616 per
1829 3562 1979 3601 mor-

394 3650 502 3696 tem
532 3643 712 3701 malus
758 3639 873 3697 ﬁeri
915 3639 1224 3710 prohibitus
1269 3646 1373 3702 est,
1423 3637 1691 3708 siquidem
1724 3636 1975 3701 liberam,

391 3733 722 3803 expeditam,
755 3739 934 3787 etnon
966 3731 1289 3800 praeclusam
1323 3729 1623 3799 nequitiam
1654 3726 1971 3783 habuisset:

394 3829 492 3877 aut
539 3823 585 3878 si
631 3823 725 3893 qui
769 3823 931 3877 etiam
983 3821 1051 3876 ad
1111 3836 1386 3876 summum
1436 3819 1696 3889 nequitia;
1751 3817 1973 3874 modum

396 3912 674 3984 progressi
698 3922 848 3978 sunt,
872 3912 1169 3983 apostolica
1197 3911 1585 3982 contemplatio
1606 3925 1743 3975 rem,
1775 3909 1844 3965 de
1864 3923 1974 3979 qua

395 4005 718 4073 quaerimus,
740 4004 1081 4071 consolatur,
1111 4004 1256 4073 quod
1291 4003 1548 4057 nimirum
1585 4002 1633 4058 is
1660 4001 1753 4070 qui
1786 4003 1972 4056 omnia

395 4109 522 4147 cum
563 4094 830 4164 sapientia
856 4093 1008 4157 facit,
1040 4095 1207 4150 etiam
1247 4109 1347 4164 per
1375 4093 1576 4149 malum
1609 4090 1815 4162 aliquid
1843 4090 1973 4146 boni

397 4184 607 4241 edicere
634 4185 792 4240 sciat.
833 4184 988 4252 Quod
1016 4186 1063 4241 si
1094 4185 1219 4256 quis
1243 4187 1407 4241 etiam
1442 4184 1498 4239 in
1529 4183 1777 4255 nequitia
1806 4190 1972 4253 atque

2078 3298 2225 3345 τινες
2276 3279 2371 3334 καὶ.
2425 3280 2504 3342 είς
2553 3277 2615 3331 τὸ
2651 3277 2953 3347 ἀκρότατον
2999 3278 3098 3346 τῆς
3157 3274 3424 3346 πονηρίας
3467 3273 3665 3345 μέτρον

2080 3368 2568 3442 προσεληλύθασιν,
2597 3369 2632 3440 ἡ
2656 3368 2985 3440 ἀποστολικὴ
3016 3368 3220 3439 θεωρία
3260 3367 3665 3440 παραμυθεῖται

2077 3463 2139 3515 τὸ
2170 3463 2410 3533 ζήτημα,
2442 3459 2516 3523 ὡς
2545 3459 2742 3524 εἰδότος
2769 3459 2860 3513 τοῦ
2894 3460 3074 3515 πάντα
3104 3462 3162 3514 ἐν
3189 3458 3351 3529 σοφίᾳ
3384 3456 3664 3519 ποιοῦντος

2079 3555 2175 3611 καὶ
2206 3555 2294 3608 διὰ
2324 3554 2417 3607 τοῦ
2484 3554 2657 3608 κακοῦ
2709 3571 2764 3607 τι
2807 3553 2916 3606 τῶν
2943 3550 3166 3620 ἀγαθῶν
3198 3548 3662 3621 κατεργάσασθαι.

2081 3650 2145 3704 Ei
2171 3648 2227 3701 δέ
2253 3666 2336 3712 τις
2379 3649 2474 3701 καὶ
2518 3649 2578 3700 ἐν
2610 3647 2847 3717 πονηρίᾳ.
2875 3645 2935 3698 τὸ
2964 3644 3132 3715 ἄκρον
3167 3643 3302 3714 ἔχει.
3339 3642 3433 3695 καὶ
3460 3642 3546 3694 ἐπ’
3574 3640 3667 3693 οὑη

2078 3740 2193 3794 Sevi.
2218 3738 2492 3809 χρησίμῳ,
2519 3736 2660 3789 κατά
2678 3736 2740 3788 τὸ
2775 3732 2939 3806 ῥηθὲν
2977 3734 3108 3803 ἡμῖν
3142 3730 3466 3800 ὑπόδειγμα,
3510 3725 3669 3797 παρά

2081 3832 2181 3901 τῆς
2211 3829 2307 3883 τοῦ
2338 3829 2474 3881 Θεοῦ
2500 3828 2695 3898 τέχνης
2725 3825 3159 3898 κατεχαλκεύθη.
3181 3823 3340 3877 τοῦτο
3377 3818 3667 3891 προσθήκη

2082 3918 2183 3986 τῆς
2222 3914 2561 3985 εὐφροσύνης
2601 3915 2710 3969 τῶν
2748 3911 2805 3968 εὖ
2851 3914 3189 3985 βεϐιωκότων
3219 3913 3451 3981 γίνεται,
3483 3906 3666 3971 καθὼς

2079 4012 2113 4081 ἡ
2174 4009 2477 4081 προφητεία
2533 4010 2674 4062 νοεῖν
2732 4006 3066 4067 ὑποτίθεται,
3096 4007 3234 4074 ὅπερ
3282 4004 3342 4057 οὐ
3378 4000 3570 4073 μικρὸν
3605 4000 3667 4051 ἐν

2079 4099 2302 4166 ἀγαθοῖς
2330 4098 2395 4151 ἄν
2419 4115 2503 4162 τις
2530 4097 2825 4159 λονίσαιτο,
2871 4095 2990 4149 οὐδὲ
3031 4097 3131 4166 τῆς
3161 4094 3254 4149 τοῦ
3287 4092 3424 4147 Θεοῦ
3447 4106 3668 4162 προμηυ

2086 4184 2236 4248 θείας
2260 4182 2498 4249 ἀνάξιον.

396 4278 748 4348 improbitate
777 4277 1056 4349 fastigium
1103 4295 1168 4334 ae
1212 4279 1473 4334 verticem
1525 4285 1696 4342 tenet,
1739 4285 1795 4331 et
1817 4275 1976 4347 juxta
2015 4277 2350 4347 prepositam
2386 4291 2416 4330 a
2452 4276 2610 4332 nobis
2636 4276 3075 4342 similitudinem,
3100 4276 3167 4332 ad
3225 4275 3436 4331 nullum
3499 4287 3660 4327 usum

398 4370 467 4425 ab
493 4379 610 4425 arte
642 4370 733 4425 Dei
779 4370 1081 4428 fabricatus
1107 4381 1213 4438 est,
1258 4373 1360 4428 hoc
1406 4370 1612 4427 laetitia:
1675 4384 1863 4427 eorum
1911 4369 2009 4439 qui
2047 4369 2188 4425 bene
2238 4370 2496 4425 vixerunt
2528 4369 2801 4440 appendix
2833 4379 2888 4425 et
2923 4369 3350 4425 additamentum
3422 4364 3661 4429 exsistit,

396 4468 855 4536 quemadmodum
921 4470 1207 4540 praphetia
1259 4469 1673 4544 intelligendum
1718 4468 2000 4540 proponit,
2057 4467 2202 4539 quod
2236 4468 2291 4522 in
2323 4466 2482 4522 bonis
2522 4464 2667 4521 haud
2697 4480 2925 4537 parvum
2956 4465 3081 4535 quis
3111 4461 3527 4526 existimaverit,
3561 4473 3663 4515 nec

399 4560 746 4630 providentia
770 4561 861 4615 Dei
885 4562 1193 4633 indignum.

476 4718 519 4750 "'
546 4716 688 4773 l‘sal.
714 4734 849 4775 Lvn.
884 4722 971 4777 Η,
