4106 6446
263 391 350 445 illi:
1266 390 1693 448 TESTIMO‘NIA
1730 391 2104 451 ADVERSUS
2139 392 2446 451 JUht‘EOS.

3405 397 3505 453 ἐὖ

274 544 810 571 -=_===.__:=_.
839 544 1270 573 :==________==H
1303 547 1331 572 ε
1377 547 1382 573 ε
1424 546 1428 573 ,

937 712 2035 833 υοαιωνιιιοα
2155 715 2788 874 »πεπι-

1110 1114 1339 1202 ΤοΥ
1384 1116 1531 1201 EN
1596 1066 1961 1202 ΑΓΙΟΙΣ
1997 1112 2630 1201 ΓΡΗΓΟΡΙΟΥ

1443 1296 1931 1352 ΕΠΙΣΚΟΠΟΥ
1983 1295 2315 1366 ΝΥΙΣΣΗΣ

344 1455 1042 1577 ΕΚΔΟΓΑΙ
1150 1396 2489 1580 ΜΑΡΤΥΡΙΩΝΠΡΟΣ
2585 1396 3398 1577 ΙοΥΔΑΙΟῩΣ

1430 1728 1434 1732 .
1527 1685 1679 1739 Α.Πο
1712 1684 1848 1737 ΤΗΣ
1871 1684 2210 1739 ΠΑΛΑΙΑΣ

252 1840 393 1897 Μετά
450 1858 618 1909 τινος
676 1838 1111 1911 ἐπεξεργασίας
1137 1839 1269 1910 περὶ
1302 1841 1414 1913 τῆς
1462 1841 1636 1911 ἁγίας
1679 1838 1920 1909 Τριάδος
1955 1856 1971 1871 ’
2019 1840 2107 1895 ὅτι
2142 1841 2357 1910 Λόγον,
2390 1839 2488 1893 καὶ
2525 1837 2769 1909 Πνεῦμα
2803 1837 2929 1908 ἔχει
2960 1840 2995 1893 ὁ
3035 1836 3198 1903 Θεὸς,
3221 1835 3370 1891 κατὰ
3400 1835 3508 1901 τὰς

707 1932 985 2005 Γραφάςο
1015 1936 1199 2008 Λόγον
1246 1936 1664 1992 ἐνυπόστατον
1713 1934 1813 1990 καὶ
1849 1932 2053 1998 ζῶντα,
2097 1932 2196 1989 καὶ
2234 1933 2477 2004 Πνεῦμα
2515 1933 2819 1999 ὡσαύτως.

1263 2266 1353 2352 S.
1469 2268 1562 2352 P.
1693 2268 1809 2354 Ν.
1893 2262 2471 2354 GREGURII

1545 2453 1857 2510 EPlStIOPl
1888 2453 2188 2509 NYSSENI

257 2632 893 2747 DEL’ECTA
979 2632 1866 2747 TESTIMONIA
1949 2627 2705 2749 ADVERSUS
2787 2590 3506 2743 JUDXEOS‘”
3604 2592 3605 2595 ‘

1404 2855 1498 2908 EX
1545 2852 1834 2908 VETERE
1863 2850 2359 2908 TESTAMENTO

256 3010 367 3069 Cum
393 3014 596 3086 adjecta
617 3015 854 3087 quadam
884 3012 1117 3066 uberiori
1151 3011 1462 3082 probatione
1491 3010 1555 3063 de
1589 3018 1775 3064 sancta
1805 3008 2096 3073 Trinitate;
2133 3009 2273 3079 quod
2298 3024 2478 3078 nempe
2515 3006 2739 3062 Verbum
2776 3016 2825 3061 et
2862 3006 3120 3075 Spiritum
3152 3005 3340 3060 habent
3370 3002 3507 3057 Deus

695 3108 979 3164 secundum
1030 3107 1362 3177 Scripturas,
1410 3107 1627 3161 Verbum
1672 3104 1961 3160 subsistens
2006 3116 2161 3176 atque
2193 3108 2384 3171 virens,
2413 3114 2460 3160 et
2486 3103 2742 3175 Spiritum
2784 3103 3049 3157 similiter.

534 3265 546 3273 ’
579 3270 896 3333 {lnterprete
923 3271 978 3318 et
998 3264 1265 3318 Scholiasta
1285 3264 1551 3316 Laurentio
1574 3262 1813 3325 Zacaguio
1832 3273 1878 3310 ν.
1906 3262 2034 3312 cl.—
2059 3259 2303 3323 Gallaud.,
2329 3262 2440 3314 Vat.
2472 3260 2595 3313 Bibl.
2621 3264 2763 3313 Patr.
2793 3266 2827 3312 t.
2854 3260 2940 3324 γι,
2965 3278 3013 3327 p.
3039 3262 3171 3326 578.)

313 3589 464 3658 Λέγει
503 3589 677 3643 Δαϐὶδ
728 3589 786 3640 ὲν
828 3586 1062 3658 δευτέρῳ
1119 3586 1211 3640 καὶ
1247 3583 1553 3658 τριακοστῷ
1599 3582 1824 3655 ψαλμῷ’

2002 3584 2141 3640 Dicit
2166 3584 2333 3639 David
2359 3585 2414 3639 in
2440 3585 2653 3655 psalmo
2674 3583 2958 3638 tricesimo
2982 3585 3229 3640 secundo
3255 3603 3268 3639 :
3300 3582 3515 3640 «Verbo

245 3695 275 3727 -ι
304 3679 383 3749 Τῷ
408 3680 566 3751 Λόγῳ
604 3677 816 3748 Κυρίου
847 3678 895 3729 οἱ
928 3676 1145 3747 οὐρανοὶ
1173 3674 1603 3747 ἐστερεώθησαν,
1634 3674 1728 3728 καὶ
1753 3674 1829 3747 τῷ

251 3769 500 3841 Πνεῦματι
538 3769 648 3822 τοῦ
697 3768 961 3838 στόματος
1007 3765 1169 3820 αὐτοῦ
1218 3768 1368 3820 πᾶσα
1410 3769 1444 3837 ἡ
1478 3766 1704 3837 δύναμις
1735 3767 1832 3820 αὐ-

248 3859 359 3915 τῶν.
392 3879 409 3911 )
442 3861 515 3915 Οῦ
549 3860 734 3926 Λόγος
764 3854 857 3912 οὖν
886 3857 1119 3929 ὑπάρχει
1156 3857 1317 3929 ἀέρος
1346 3859 1588 3921 τύπωσις
1625 3874 1833 3928 σημαν-

250 3951 357 4023 τικὴ
424 3952 511 4006 διὰ
578 3949 909 4022 φωνητικῶν
979 3948 1225 4020 ὀργάνων
1271 3949 1638 4021 ἐκφερομένη,
1703 3946 1829 4003 οὔτε

250 4046 454 4116 Πνεῦμα
487 4046 766 4115 στὸματος
798 4043 987 4114 ἀτμὸς,
1020 4044 1084 4095 ὲκ
1128 4041 1237 4094 τῶν
1264 4040 1707 4097 ἀναπνευστικῶν
1738 4058 1833 4112 με-

256 4138 347 4206 ρῶν
378 4138 580 4202 ὲξωθοὺ
597 4153 773 4207 μενος,
808 4133 943 4189 ἀλλὰ
987 4134 1160 4202 Λόγος
1198 4132 1298 4204 μὲν
1339 4133 1367 4185 ὁ
1416 4133 1563 4204 πρδςί
1602 4132 1733 4186 Θεὸν
1773 4135 1832 4186 ὲν

255 4230 397 4302 ἀρχῇ,
428 4232 521 4284 καὶ
550 4228 695 4291 Θεὸς
741 4226 851 4280 ὢν·
899 4225 1123 4294 Πνεῦμα
1170 4224 1228 4279 δὲ
1273 4223 1541 4294 στόματος
1583 4225 1739 4287 Θεοῦ,
1772 4224 1833 4278 τὸ

258 4321 455 4393 Πνεῦμα
482 4325 596 4394 τῆς
621 4319 898 4391 ἀληθείας,
932 4318 961 4371 ὃ
988 4317 1138 4390 παρὰ
1174 4314 1270 4371 τοῦ
1306 4316 1516 4388 Πατρὸς
1542 4315 1835 4386 ἐκπορεύε-

255 4418 349 4466 τὰι.
378 4414 515 4486 Τρία
540 4414 728 4468 τοίνυν
759 4411 887 4475 νόει,
913 4411 1006 4464 τὸν
1038 4409 1445 4481 προστάττοντα
1486 4407 1709 4477 Κύριον,
1741 4408 1834 4461 τὸν

255 4502 677 4575 δημιουργοῦντα
722 4500 914 4568 Λόγον,
967 4499 1059 4554 τὸν
1104 4495 1447 4570 στερεοῦντα,
1495 4497 1740 4552 τουτέστι
1774 4497 1834 4550 τὸ

256 4591 458 4663 Πνεῦμα
480 4611 493 4625 ·
527 4592 637 4663 τὴν
666 4590 772 4664 γὰρ
810 4589 1124 4660 στερέωσιν,
1167 4588 1258 4642 τὸν
1284 4587 1551 4659 ἀγιασμὸν
1587 4583 1710 4641 εἷπε
1738 4586 1832 4640 καὶ

257 4681 342 4753 τὴν
367 4685 780 4755 συμπλήρωσιν.
809 4684 923 4735 Ἵνα
964 4681 1019 4735 δὲ
1071 4679 1252 4753 μάθῃς
1289 4682 1369 4735 ὅτι
1399 4681 1459 4734 οῦ
1487 4679 1659 4752 τούτῳ
1687 4680 1834 4750 λέγει

255 4771 325 4839 τῷ
355 4773 696 4846 προφορικῷ,
729 4772 863 4826 ἀλλὰ
891 4772 968 4843 τῷ
993 4771 1359 4842 ὲνυποστάτῳ,
1392 4773 1420 4825 ὁ
1461 4771 1622 4835 αὐτὸς
1666 4771 1833 4826 ἀλλα·-

261 4860 344 4928 χοῦ
369 4862 549 4933 λέγει·
599 4881 618 4915 ι
656 4862 970 4916 Ἀποστελεῖ
999 4862 1086 4916 τὸν
1125 4861 1296 4931 Λόγον
1330 4860 1515 4928 αὐτοῦ,
1550 4862 1645 4916 καὶ
1680 4861 1832 4933 τήξει

1930 3677 2150 3733 Domini
2185 3678 2313 3734 οωξὶ
2348 3677 2550 3732 ﬁrmati
2581 3684 2748 3743 sunt,
2771 3686 2827 3732 et
2859 3675 3068 3747 Spiritu
3096 3678 3211 3733 oris
3241 3679 3362 3749 ejus
3395 3693 3514 3733 oui-

1930 3770 2020 3825 nis
2046 3770 2224 3825 virtus
2256 3784 2449 3824 eorum
2488 3769 2505 3799 ⁸
2555 3788 2574 3821 υ
2599 3767 2770 3839 Igitur
2806 3767 3049 3824 Verbum
3090 3786 3199 3825 non
3237 3780 3322 3826 est
3362 3771 3511 3825 acris

1929 3865 2256 3935 percussio,
2316 3863 2394 3919 rei
2441 3863 2741 3933 cujuslibet
2789 3860 3185 3934 significativa,
3240 3877 3361 3932 qua:
3416 3879 3515 3933 per

1931 3957 2305 4012 instrumenta
2339 3955 2491 4010 vocis
2525 3955 2743 4017 edatur,
2780 3970 2961 4024 neque
2993 3952 3237 4024 Spiritus
3276 3962 3363 4010 est
3397 3955 3513 4011 oris

1930 4048 2115 4102 anima
2138 4088 2152 4109 ,
2183 4062 2304 4118 quae
2328 4052 2401 4101 'ex
2437 4047 2686 4118 partibus
2729 4046 3114 4115 respirationis
3143 4046 3513 4101 servientibus

1932 4140 2235 4202 emittatur,
2270 4139 2365 4195 sed
2389 4137 2628 4193 Verbum
2655 4137 2874 4207 quidem
2905 4145 2991 4193 est
3022 4137 3073 4191 id
3101 4139 3244 4208 quod
3276 4141 3331 4192 in
3365 4140 3515 4208 prin-

1932 4233 2081 4302 cipio
2108 4240 2226 4287 erat
2257 4231 2402 4301 apud
2436 4230 2642 4295 Deum,
2676 4241 2731 4285 et
2764 4229 2909 4284 Deus
2943 4237 3068 4296 est;
3108 4228 3349 4298 Spiritus
3382 4247 3515 4285 vero

1933 4325 2048 4379 oris
2080 4322 2207 4387 Dei,
2250 4322 2492 4392 Spiritus
2525 4322 2811 4385 veritatis.
2846 4322 2940 4392 qui
2975 4337 3006 4375 a
3042 4321 3206 4377 Patre
3239 4324 3510 4393 procedit.

1935 4416 2065 4471 Tria
2099 4416 2266 4485 igitur
2298 4414 2563 4484 intellige,
2606 4411 2892 4482 iubentem
2923 4420 2978 4468 et
3010 4413 3370 4483 imperantem
3405 4412 3513 4468 Do-

1935 4508 2169 4569 minum,
2201 4520 2401 4561 creans
2430 4502 2672 4560 Verbum
2694 4545 2711 4573 ,
2738 4503 3048 4559 ﬁrmantem
3073 4514 3127 4559 et
3156 4503 3513 4573 solidantem,

1934 4613 2133 4669 nempe
2167 4596 2431 4668 Spiritum
2460 4614 2476 4665 ;
2509 4596 2729 4652 ﬁrmare
2763 4597 2910 4651 enim
2939 4596 3079 4652 dixit
3120 4611 3221 4667 pro
3273 4596 3516 4653 sanctiﬁ‘

1935 4704 2099 4753 care,
2132 4697 2187 4744 et
2228 4688 2525 4759 complere.
2570 4687 2641 4743 Ut
2681 4695 2863 4744 autem
2919 4688 3067 4744 scias
3117 4684 3380 4744 Davidem
3433 4690 3514 4744 di-

1936 4794 2095 4844 cere,
2139 4780 2312 4835 caelos
2354 4795 2461 4833 non
2505 4780 2609 4834 hoc
2645 4780 2849 4845 verbo,
2892 4781 3035 4850 quod
3086 4780 3142 4835 in
3172 4782 3517 4855 pronuntia-

1935 4872 2087 4927 tione
2117 4872 2407 4935 consistit,
2440 4871 2689 4927 [innatos
2722 4887 2847 4926 esse
2869 4911 2884 4936 ,
2924 4871 3019 4927 sed
3054 4888 3119 4929 eo
3152 4873 3296 4941 quod
3334 4873 3514 4942 reipsa

260 4954 400 5008 αὑτάο
420 4956 645 5011 πνεύσει
666 4955 729 5007 τό
745 4953 968 5024 Πνεῦμα
1002 4954 1186 5020 αὐτοῦ,
1211 4954 1303 5007 καὶ
1328 4955 1586 5026 ρυήσεται
1612 4952 1797 5008 ὕδατα.
1812 4973 1830 5006 ι

1939 4959 2228 5024 subsistit,
2260 4960 2404 5016 idem
2435 4960 2567 5016 alibi
2600 4961 2709 5026 ait,
2737 4980 2755 5013 ί
2782 4960 3010 5017 Emittet
3043 4963 3278 5018 Verbum
3316 4979 3513 5029 suum,

260 5044 413 5113 Λόγος
456 5048 516 5101 δὲ
567 5044 936 5109 ἀνυπόστατος
978 5045 1079 5098 οὐκ
1123 5044 1529 5100 ἀποστέλλεται.
1575 5044 1686 5099 Καὶ
1729 5044 1837 5099 πά-

261 5134 364 5190 λιν·
403 5157 422 5191 ι
463 5137 779 5193 ’Λπέστειλε
810 5138 902 5191 τὸν
940 5136 1109 5206 Λόγον
1140 5136 1326 5203 αὐτοῦ,
1381 5136 1477 5191 καὶ
1517 5136 1702 5191 ἰάσατο
1739 5137 1839 5192 αὖ·

262 5228 390 5294 τοὺς,
412 5232 508 5285 καὶ
522 5230 798 5319 ρῤῥύσατο
819 5230 1015 5296 αὐτοὺς
1044 5231 1109 5285 ὲκ
1128 5228 1238 5283 τῶν
1259 5228 1562 5301 διαφθορῶν
1584 5230 1783 5286 αὐτῶν.
1812 5249 1831 5285 ι

358 5405 376 5435 ³
400 5403 551 5461 Psal.
587 5422 767 5469 xxx",
803 5406 857 5462 6.
961 5407 983 5438 '
1014 5405 1163 5462 Psal.
1189 5418 1399 5469 cum,
1428 5404 1519 5460 18.

244 5567 281 5636 ’,
300 5556 403 5636 ._(_i_)
438 5557 633 5636 Exstat
657 5559 763 5636 hoc
793 5557 1031 5636 lfiysseni
1066 5575 1205 5636 opus
1224 5561 1279 5616 in
1308 5560 1520 5636 duobus
1543 5559 1822 5618 Vaticanae

266 5621 594 5700 bibliothecae
631 5621 915 5686 codicibus
947 5621 1178 5700 signatis
1225 5647 1376 5686 num.
1425 5630 1523 5685 451
1559 5640 1615 5684 et
1666 5648 1817 5687 num.

271 5695 417 5769 1907,
478 5716 710 5769 qugim
780 5695 1289 5769 primus'ducentis
1347 5701 1565 5755 circiter
1621 5702 1824 5757 abhinc

271 5768 415 5845 amnis
450 5768 686 5845 seriptus
729 5768 843 5845 εει,
864 5777 920 5824 et
950 5785 1072 5845 cum
1116 5769 1288 5825 Sifani
1321 5770 1571 5825 versione
1614 5770 1668 5824 iu
1706 5787 1825 5826 om-

272 5835 423 5895 nibus
453 5835 580 5897 fere"
606 5835 941 5909 concordat;
982 5839 1121 5896 alter
1158 5855 1285 5897 vero
1316 5849 1603 5899 sexcentos
1623 5849 1677 5898 et
1705 5856 1823 5898 am-

1938 5063 1993 5109 et
2022 5053 2341 5125 liquefaciet
2380 5071 2485 5125 ea;
2529 5055 2765 5125 spirabit
2792 5054 3036 5127 Spiritus
3071 5056 3190 5128 ejus
3212 5100 3226 5125 ,
3265 5065 3321 5113 et
3348 5054 3516 5114 ﬂuent

1937 5142 2094 5212 aqua:
2122 5144 2165 5197 '.
2193 5162 2213 5197 ι
2235 5142 2477 5200 Verbum
2507 5154 2692 5202 autem
2715 5185 2730 5213 ,
2762 5148 2910 5216 quod
2939 5147 3297 5202 subsistentia
3326 5158 3513 5215 caret,

1934 5247 2045 5289 non
2077 5235 2372 5291 emittitur.
2398 5235 2464 5291 Et
2490 5252 2707 5306 rursus,
2749 5256 2770 5290 ι
2795 5236 2942 5294 Misit
2972 5237 3206 5295 Verbum
3234 5255 3395 5295 suum
3418 5281 3433 5306 ,
3462 5249 3516 5296 et

1929 5565 2077 5643 plius
2112 5579 2288 5643 annos
2325 5548 2657 5643 aptiﬂuitate
2676 5574 2922 5643 superat.
2952 5575 3142 5643 Itaque
3169 5569 3364 5625 horum
3388 5572 3512 5643 qui-

1930 5635 2053 5689 dem
2088 5636 2325 5709 primum
2356 5637 2411 5690 in
2434 5637 2593 5692 Notis
2610 5635 2818 5709 nostris
2843 5635 3202 5693 recentiorem
3229 5635 3514 5709 vocamus;

1932 5705 2236 5781 secundum
2296 5707 2865 5781 verq_\_retustiorent;
2919 5725 3044 5763 nam
3106 5709 3171 5762 ad
3228 5705 3516 5781 utriusque

1931 5774 2341 5857 cpdicislidem,
2368 5775 2665 5833 editionem
2685 5779 3100 5851 versionemque
3122 5789 3365 5834 nostram
3386 5774 3515 5835 con.

1934 5858 2303 5902 cmnavrmus.
