4106 6458
625 380 736 438 I95

1877 375 1938 431 S.
1977 372 2310 432 GRECORII
2349 372 2639 429 [\YSSENI
3754 384 3839 439 lilii

619 509 832 556 sanam
862 510 982 559 eos,
1004 504 1060 551 et
1085 497 1288 567 eripuit
1319 511 1415 552 eos
1443 495 1512 553 de
1536 498 1869 568 corruptelis
1897 512 2087 553 eorum
2111 496 2186 550 ³.»

2295 494 2404 548 Καὶ
2450 496 2646 550 πάλιν⁸
2683 514 2701 546 ι
2745 494 3154 561 Ἐξαποστελείς
3210 494 3269 548 τὸ
3319 494 3538 567 Πνεῦμα
3589 512 3708 560 σου,
3761 502 3841 555 καὶ

618 589 686 645 Ει
706 604 923 648 rursus.
951 606 969 638 ι
1003 587 1232 644 Ειιιίιιεε
1253 587 1522 659 Spiritum
1554 598 1809 652 tuum,et
1839 588 2195 649 creabuutur,

611 686 672 736 et
705 678 999 736 renovabis
1033 677 1230 733 faciem
1283 688 1444 734 terrae
1468 679 1511 732 ⁸.
1557 698 1577 732 ι
1620 698 1641 732 ι
1675 677 1812 746 Quis
1844 677 1992 734 stetit
2021 677 2077 732 in
2109 675 2201 731 flr-

614 778 892 825 mamento
922 768 1173 836 Domini,
1202 778 1257 825 et
1284 770 1419 825 vidit
1442 768 1679 826 Verbum
1706 771 1827 839 ejus
1853 770 1914 823 '?
1937 788 1956 821 ι
1979 771 2051 823 At
2076 783 2200 823 ver-

614 863 745 918 hum
771 863 1015 917 hominis
1043 877 1151 917 non
1184 864 1450 919 cernitur.
1480 861 1646 918 Vides
1674 877 1701 915 a
1730 861 1934 917 Davidc
1958 859 2198 916 Verbum

615 953 724 1009 dici
751 993 768 1019 ,
802 969 915 1009 non
943 954 1091 1024 quod
1124 953 1314 1009 auditu
1337 994 1353 1019 ,
1391 953 1489 1010 sed
1525 953 1675 1024 quod
1706 954 1830 1009 visu
1868 952 2197 1024 percipitur,

616 1044 913 1111 nimirum,
979 1045 1125 1115 quod
1168 1046 1348 1115 reipsa
1388 1045 1678 1112 subsistit,
1743 1043 2197 1115 quandoquidem

614 1142 844 1196 verbum
882 1141 1198 1196 substantia
1232 1156 1463 1207 carens,
1502 1142 1685 1197 locum
1706 1180 1722 1204 ,
1756 1148 1817 1195 ut
1852 1154 1953 1211 par
1985 1146 2105 1204 est,
2142 1137 2197 1192 iu

616 1231 727 1288 Deo
753 1234 945 1302 nequit
978 1233 1200 1289 habere.
1235 1231 1349 1288 Nos
1379 1234 1528 1289 enim
1564 1247 1822 1289 sermone
1850 1232 1917 1286 ad
1952 1240 2197 1285 mutuam

615 1321 1075 1378 consuetudinem
1103 1321 1333 1380 Creator
1358 1324 1656 1387 instruxit,
1690 1331 1745 1378 et
1778 1331 1834 1377 ut
1867 1338 1963 1392 per
1990 1334 2202 1377 sermo-

612 1428 737 1468 nem
764 1413 906 1468 alter
933 1414 1163 1471 alterius
1198 1424 1437 1470 mentem
1474 1414 1933 1485 intelligcremus.
1974 1410 2204 1466 Confert

612 1513 799 1561 autem
836 1506 997 1562 nobis
1030 1509 1261 1577 spiritus
1293 1506 1363 1562 ad
1395 1506 1651 1578 corporis
1678 1520 1899 1577 quoque
1928 1501 2202 1559 constitu-

612 1595 822 1651 tionem
844 1595 1284 1652 conservandam
1302 1636 1319 1664 ,
1341 1596 1475 1651 dum
1501 1611 1697 1667 nempe
1718 1593 2015 1649 attrahitur
2037 1600 2202 1663 atque

615 1685 892 1752 hauritur,
934 1688 1193 1759 idemque
1232 1688 1541 1760 respiratur
1572 1703 1637 1743 ac
1677 1686 1965 1753 redditur;
2006 1699 2196 1740 verum

612 1778 684 1837 de
717 1780 863 1844 Deo,
898 1781 992 1851 qui
1024 1781 1177 1836 solus
1206 1782 1572 1853 incorporeus
1601 1789 1721 1847 est,
1758 1797 1867 1836 non
1899 1794 2197 1850 possumus

614 1872 930 1941 hujusmodi
947 1873 1225 1943 quidpiam
1251 1852 1488 1943 opinari.
1509 1890 1530 1925 ι
1554 1871 1743 1929 Annos
1766 1871 2003 1944 perticis,
2026 1870 2190 1941 Deus,
2223 1852 2269 1909 Β

619 1961 828 2016 virtute
874 1971 992 2017 tua.
1035 1962 1294 2017 Christus
1349 1971 1533 2019 autem
1588 1960 1681 2018 Dei
1743 1964 1948 2028 virtus,
1990 1967 2197 2040 Deique

611 2056 882 2123 sapientia
908 2064 994 2111 est
1019 2057 1060 2110 °.
1089 2075 1107 2107 ι
1128 2053 1204 2110 Ex
1229 2070 1465 2127 persona
1494 2054 1821 2127 Sapientiae,
1851 2059 1903 2114 id
1928 2068 2013 2116 est
2034 2058 2193 2118 Filii:

615 2161 635 2195 ι
663 2143 800 2198 Cum
839 2152 1057 2214 pararet
1099 2145 1301 2201 cmlum
1323 2183 1340 2209 ,
1376 2145 1599 2200 aderam
1636 2147 1717 2202 illi
1745 2166 1761 2204 :
1791 2158 1849 2203 et
1876 2164 1978 2220 ego
2008 2164 2194 2217 eram,

606 2250 719 2306 qua
741 2237 1160 2292 delectabatur:
1189 2237 1439 2308 quotidie
1462 2238 1780 2294 oblectabar
1808 2240 1949 2297 facie
1967 2241 2092 2312 ejus
2114 2244 2191 2298 ’.ι

684 2326 976 2393 Quomodo
1005 2328 1121 2383 haec
1154 2338 1304 2384 stare
1332 2339 1630 2399 poterunt,
1659 2331 1707 2386 si
1741 2346 1852 2386 non
1874 2332 2197 2390 subsistens

611 2429 804 2469 revera
839 2414 1012 2472 facies
1044 2417 1209 2471 erat?
1242 2432 1425 2488 neque
1457 2419 1607 2473 enim
1639 2420 1783 2476 alius
1815 2436 1940 2478 esse
1969 2430 2193 2494 potest,

611 2522 739 2560 cum
794 2522 904 2577 quo
943 2508 1221 2563 collocuta
1271 2508 1687 2577 fuerithuis
1739 2513 1886 2568 enim
1935 2518 2198 2587 cognovit

612 2605 848 2652 ruentem
882 2597 1229 2666 Domini,aut
1254 2601 1382 2672 quis
1410 2602 1766 2659 consiliarius
1796 2604 1918 2675 ejus
1952 2605 2059 2662 fuit
2086 2606 2192 2662 '1'»

526 2708 535 2717 ·
613 2687 718 2745 Sed
748 2690 886 2745 satis
923 2691 1026 2746 fuit
1065 2692 1114 2747 ei
1158 2692 1276 2748 sola
1311 2693 1568 2749 voluntas
1602 2693 1672 2749 ad
1727 2697 1978 2753 omnium
2010 2713 2195 2754 rerum

611 2783 969 2838 creationem.
1010 2783 1103 2838 Ait
1139 2786 1287 2841 enim
1321 2783 1610 2857 Scriptura
1634 2827 1650 2852 ,
1677 2806 1697 2838 ι
1728 2787 1791 2842 Ει
1820 2785 2066 2861 Spiritus
2090 2789 2197 2845 Do-

611 2873 745 2928 mini
778 2875 1057 2931 ferebatur
1086 2892 1253 2947 super
1278 2893 1454 2949 aquas
1479 2879 1521 2934 ’.
1549 2899 1568 2931 ›
1593 2879 1807 2946 Quibus
1837 2884 2025 2940 verbis
2059 2885 2194 2940 sub-

610 2966 917 3022 sistentiam
959 2969 1200 3039 Spiritus
1246 2973 1425 3027 sancti
1473 2972 1657 3027 omnia
1703 2973 1974 3042 foventis,
2020 2985 2076 3033 et
2125 2977 2195 3033 ad

610 3056 854 3115 futuram
898 3063 1313 3132 generationem
1364 3064 1730 3132 vivificantis,
1780 3066 2068 3139 Scriptura
2120 3071 2196 3126 si-

2298 588 2700 659 κτισθήσονται,
2722 588 2816 640 καὶ
2842 587 3172 650 ἀνακαινιείς
3202 586 3261 639 τὸ
3277 585 3557 658 πρόσωπον
3576 588 3668 657 τῆς
3692 589 3797 659 γῆς.
3820 610 3836 642 ι

2309 678 2438 743 «Τίς
2474 679 2604 750 ἔστη
2632 680 2691 732 ἐν
2718 678 3159 748 ὑποστηρίγματι
3188 676 3265 747 (2)
3296 676 3512 748 Κυρίου,
3533 680 3620 733 καὶ
3653 674 3746 734 είδε
3767 683 3842 736 τὸν

2301 770 2473 839 Λόγον
2523 769 2722 836 αὐτοῦ;
2758 788 2777 821 ι
2811 770 2983 838 Λόγος
3033 768 3093 822 δὶ
3146 768 3431 839 ἀνθρώπου
3485 771 3546 824 οὑ
3573 770 3843 841 θεωρεῖται.

2311 864 2494 934 Ὁρᾷς,
2535 863 2615 917 ὃτι
2657 864 2760 917 οὐκ
2787 861 3050 928 ἀκουστὸν
3071 902 3086 925 ,
3129 860 3243 915 ἀλλ’
3272 860 3462 933 ὁρατὸν
3505 863 3664 931 Λόγον
3698 863 3841 932 λέγει,

2298 955 2455 1023 δῆλον
2497 955 2589 1008 τὸν
2626 955 3008 1018 ὲνυπόστατον,
3039 954 3198 1008 ὁπότε
3233 953 3376 1008 κατὰ
3410 954 3498 1009 τὸν
3525 956 3696 1008 εἰκότα
3718 956 3844 1025 λογι-

2302 1046 2460 1116 σμὸν,
2490 1045 2611 1098 οὐδὲ
2639 1043 2820 1116 χώραν
2858 1045 2969 1116 ἔχει
3007 1045 3099 1098 ἐπὶ
3139 1045 3275 1098 Θεοῦ
3299 1044 3362 1099 τὸ
3392 1045 3484 1100 τοῦ
3513 1046 3842 1100 ἀνυποστάτου

2299 1136 2480 1206 λόγου.
2524 1136 2702 1207 Ἥμᾶς
2740 1136 2849 1207 γὰρ
2900 1136 3209 1206 ικόσμησεν
3257 1136 3289 1188 6
3341 1137 3666 1209 Δημιουργὸς
3703 1138 3842 1209 λόγῳ,

2298 1228 2387 1283 διὰ
2414 1229 2512 1293 τὰς
2544 1228 2681 1300 πρὸς
2714 1226 2975 1300 ἀλλήλους
3008 1227 3316 1293 συνουσίας,
3356 1229 3449 1283 καὶ
3495 1228 3552 1283 τὸ
3593 1226 3844 1298 γινώσκειν

2299 1321 2448 1391 ἡμᾶς
2488 1319 2557 1374 τὰ
2597 1317 2842 1390 ἀλλήλων
2890 1317 2979 1372 διὰ
3024 1317 3119 1372 τοῦ
3164 1318 3346 1388 λόγου.
3389 1318 3631 1373 Συντελεῖ
3656 1319 3709 1373 δὲ
3736 1321 3845 1389 ἡμῖν

2300 1413 2395 1465 καὶ
2428 1410 2487 1464 τὸ
2517 1409 2736 1482 πνεῦμα
2764 1407 2903 1480 πρὸς
2938 1408 3038 1480 τὴν
3078 1407 3171 1462 τοῦ
3217 1406 3465 1481 σώματος
3494 1408 3749 1471 σύστασιν,
3771 1408 3844 1461 διὰ

2299 1501 2360 1555 τὸ
2403 1500 2743 1573 προσίεσθαι,
2783 1499 2878 1554 καὶ
2920 1499 3082 1554 πάλιν
3123 1499 3459 1555 ἀπωθεῖσθαι
3499 1500 3651 1554 αὑτό·
3681 1500 3763 1552 ἐπὶ
3797 1498 3845 1552 δὲ

2299 1591 2457 1661 Θεοῦ,
2482 1591 2577 1646 τοῦ
2603 1593 2698 1646 καὶ
2723 1592 2888 1665 μόνου
2915 1591 3230 1662 ἀσωμάτου,
3258 1592 3319 1646 οὑ
3344 1591 3562 1646 δυνατὸν
3590 1590 3846 1645 ὑπολαϐεῖν

2298 1685 2495 1740 ταῦτα.
2522 1703 2541 1737 ι
2568 1685 2707 1755 Ἔτη
2727 1684 2920 1749 τελεῖς,
2941 1684 2971 1737 6
2992 1683 3144 1748 Θεὸς,
3170 1688 3238 1756 τῇ
3266 1683 3490 1756 δυνάμει
3515 1700 3625 1737 σου.
3645 1681 3846 1753 Χριστὸς

2299 1776 2356 1832 δὲ
2388 1776 2525 1832 Θεοῦ
2577 1777 2826 1849 δύναμις,
2876 1778 2971 1832 καὶ
3011 1776 3147 1831 Θεοῦ
3190 1776 3370 1847 σοφία.
3410 1794 3429 1828 ι
3466 1777 3559 1830 Ἐκ
3589 1774 3846 1848 προσώπου

2294 1869 2394 1939 τῆς
2421 1868 2639 1938 Σοφίας,
2677 1869 2922 1922 τουτέστι
2947 1866 3039 1922 τοῦ
3072 1867 3223 1935 Υίοῦ,
3244 1886 3265 1920 ι
3286 1868 3478 1923 Ἦνίκα
3503 1866 3745 1940 ἡτοίμαζε
3771 1864 3848 1918 τὸν

2294 1960 2553 2031 οὐρανὸν,
2614 1963 2990 2033 συμπαρήμην
3047 1961 3196 2033 αὐτῷ
3227 1979 3241 1992 ο
3300 1964 3394 2016 καὶ
3449 1961 3557 2031 ἐγὼ
3608 1962 3772 2042 ήμην,
3819 1950 3849 2031 ᾗ
3899 2014 3902 2017 Α

2295 2052 2482 2123 ἔχαιρε
2513 2051 2590 2125 (5)
2612 2070 2627 2085 ·
2655 2052 2777 2108 καθ’
2823 2053 3037 2125 ἡμέραν
3085 2054 3469 2126 ηὐφραινόμην
3500 2052 3575 2125 τῷ
3607 2051 3848 2125 προσώπῳ

2295 2139 2482 2196 αὑτοῦ.
2511 2160 2531 2195 ο

2367 2324 2533 2381 Ποίαν
2552 2320 2649 2381 οὖν
2674 2325 2780 2398 εχει
2807 2325 2990 2397 χώραν
3015 2328 3211 2391 ταῦτα,
3240 2328 3286 2381 εί
3324 2325 3404 2399 μὴ
3430 2321 3501 2397 ἦν
3526 2325 3852 2380 ἐνυπόστατον

2295 2417 2627 2488 πρόσωπυνς
2661 2418 2739 2471 Οὑ
2770 2417 2881 2488 γάρ
2927 2419 3074 2471 ἐστιν
3105 2416 3294 2497 ἄλλος,
3326 2417 3466 2487 πρὸς
3498 2416 3557 2470 ὃν
3591 2414 3850 2484 διαλεχθῇ·

2300 2524 2321 2558 ι
2355 2506 2452 2571 Τίς
2490 2506 2599 2579 γὰρ
2632 2507 2775 2575 ἔγνω
2799 2505 2925 2561 νοῦν
2954 2507 3181 2578 Κυρίου,
3213 2507 3247 2579 ἢ
3277 2506 3361 2571 τίς
3391 2505 3689 2578 σὺμδουλος
3714 2501 3852 2557 αὑτοῦ

2294 2598 2544 2667 ὲγένετο;
2576 2617 2594 2651 ι
2634 2599 2772 2652 Ἀλλ’
2797 2599 3032 2670 ἧρκεσεν
3060 2597 3211 2669 αὑτῷ
3241 2597 3374 2670 μόνη
3400 2597 3652 2669 βούλησις
3675 2596 3748 2657 εἰς
3771 2593 3853 2659 τὴν

2293 2690 2403 2743 τῶν
2428 2690 2644 2746 πάντων
2660 2689 3038 2761 δημιουργίαν.
3062 2687 3290 2760 Εἴρηται
3310 2689 3419 2762 γάρ
3436 2705 3452 2721 ’
3479 2708 3500 2741 ι
3528 2688 3635 2743 Kal
3659 2681 3857 2752 Πνεῦμα

2293 2781 2430 2836 Θεοῦ
2460 2781 2758 2853 ἐπεφέρετο
2784 2782 2968 2836 ἐπάνω
2987 2779 3095 2834 τῶν
3118 2781 3346 2835 ὑδάτων.
3378 2799 3398 2833 ι
3427 2781 3503 2835 Τὸ
3522 2778 3856 2835 ὲνυπόστατον

2293 2874 2387 2929 τοῦ
2416 2874 2573 2944 ἁγίου
2615 2874 2931 2944 Πνεύματος
2955 2874 3246 2936 θάλποντος
3272 2874 3365 2927 καὶ
3394 2870 3772 2943 ζωογονοῦντος
3791 2866 3858 2922 εἰς

2294 2968 2392 3040 τὴν
2423 2967 2724 3040 μέλλουσαν
2743 2967 2908 3040 γονὴν
2931 2966 3001 3020 τὰ
3021 2965 3220 3033 πάντα,
3240 2965 3340 3036 τῆς
3355 2964 3583 3038 Γραφῆς
3597 2959 3852 3035 δηλοὺσης-

2295 3052 2395 3113 Ὧν
2422 3060 2593 3123 οὔτως
2622 3059 2876 3131 ἑχόντων,
2907 3058 3082 3131 σαφὴς
3113 3060 3147 3131 ὴ
3171 3059 3270 3130 τῆς
3297 3058 3463 3129 ἁγίας
3491 3056 3732 3129 Τριάδος,
3759 3052 3857 3105 Πα-

608 3152 861 3222 g'niﬂcat.
900 3152 1034 3219 Quae
1085 3169 1208 3209 cum
1268 3156 1342 3209 ita
1384 3171 1446 3212 se
1486 3156 1760 3223 habeant,
1812 3161 2104 3231 perspicua
2140 3171 2196 3218 et

2296 3151 2446 3224 τρὸς,
2466 3169 2537 3222 φη
2547 3152 2630 3221 μὶ,
2655 3153 2751 3207 καὶ
2777 3151 2929 3217 Υίοῦ,
2951 3151 3047 3207 καὶ
3066 3151 3220 3219 ἁγίου
3247 3151 3388 3206 Πνεύ
3397 3168 3569 3222 ματος
3594 3141 3854 3252 61:65:55?-

610 3245 761 3299 clara
816 3252 901 3301 est
948 3244 1167 3300 Sancta:
1212 3243 1539 3308 Trinitatis.
1585 3247 1798 3314 Patris,
1840 3248 2100 3320 inquam,
2140 3260 2196 3308 et

610 3327 773 3397 Filii,
806 3339 862 3387 et
897 3332 1140 3403 Spiritus
1171 3335 1350 3389 sancti
1381 3334 1808 3393 demonstratio.
1841 3337 2057 3411 Quippe
2089 3340 2196 3396 hu-

605 3423 699 3495 jus
734 3434 940 3481 sanctae
981 3436 1035 3482 et
1073 3428 1922 3496 consubstantialis'Trinitatis,
1956 3433 2195 3504 seipsam

607 3518 963 3590 alloquentis,
992 3528 1079 3576 est
1105 3520 1271 3576 illud:
1299 3540 1319 3573 ι
1342 3519 1637 3579 Faciamus
1663 3524 1941 3582 hominem
1971 3526 2040 3582 ad
2067 3526 2197 3582 imae

605 3611 789 3681 ginem
826 3621 1072 3667 nostram
1105 3620 1162 3667 et
1192 3613 1259 3669 ad
1299 3613 1742 3672 similitudinem.
1779 3617 1845 3672 Et
1881 3615 2014 3674 fecit
2047 3617 2194 3676 Deus

607 3700 887 3757 hominem
906 3743 923 3769 ,
950 3701 1021 3757 ad
1052 3703 1349 3775 imaginem
1380 3703 1477 3760 Dei
1509 3690 1786 3762 fecit‘eum
1821 3709 1887 3762 ιο.
1910 3707 2192 3765 rFormati

606 3794 1013 3861 enim,sumus,
1043 3803 1208 3865 prout
1234 3796 1599 3868 intelligentia
1636 3800 1842 3871 percipi
1875 3807 2090 3872 potest,
2125 3803 2193 3859 ad

607 3883 906 3954 imaginem
939 3882 1245 3955 Unigcniti.
1300 3885 1368 3940 Et
1402 3902 1600 3943 rursus
1627 3906 1639 3941 :
1665 3908 1684 3939 ι
1711 3888 1852 3944 Ecce
1891 3889 2063 3946 Adam
2110 3893 2195 3946 fa-

607 3985 734 4031 ctus
772 3986 858 4032 est
900 3984 1163 4047 tanquam
1195 3993 1341 4034 unus
1393 3995 1459 4034 ex
1497 3978 1656 4036 nobis
1696 3981 1756 4030 “.
1791 4000 1809 4033 ι
1836 3979 1977 4037 Deus
2009 3993 2191 4039 autem

605 4067 796 4123 omnia
827 4083 927 4139 per
956 4067 1195 4123 Verbum
1222 4084 1465 4131 creasse.
1495 4085 1560 4125 ex
1587 4085 1653 4126 eo
1682 4071 2040 4129 manifestum
2071 4084 2156 4130 est
2175 4113 2191 4139 ,

605 4159 751 4229 quod
787 4159 1127 4232 singularum
1156 4176 1340 4216 rerum
1370 4160 1745 4220 creationibus
1776 4166 2077 4235 ascriptum
2107 4176 2194 4223 est

606 4252 741 4307 illud
769 4270 782 4307 :
816 4270 835 4303 ι
860 4251 926 4307 Ει
952 4253 1095 4307 dixit
1123 4251 1300 4320 Deus,
1335 4251 1489 4322 Fiat‘;
1516 4269 1655 4325 squo
1686 4254 1942 4325 loquendi
1970 4272 2189 4327 genere,

604 4360 727 4399 eam
755 4360 877 4414 qua:
908 4359 1003 4415 per
1040 4342 1277 4401 Verbum
1310 4345 1454 4401 facta
1479 4355 1600 4412 est,
1628 4347 1964 4404 creationem
1999 4347 2189 4422 Scrip-

606 4444 731 4489 tura
759 4434 1080 4504 significat;
1114 4436 1221 4491 nisi
1256 4437 1403 4492 enim
1439 4437 1546 4492 hoc
1585 4446 1766 4502 esset.
1818 4441 1953 4497 satis
1993 4440 2191 4499 fuisset

2298 3241 2446 3314 Αὕτη
2473 3243 2604 3311 γοῦν
2641 3244 2778 3316 πρὸς
2810 3243 3010 3316 ἑαυτὴν
3037 3245 3071 3315 ἠ
3110 3243 3245 3313 ἁγία
3272 3243 3368 3297 καὶ
3397 3242 3684 3315 όμοοὺσιος
3712 3234 3858 3308 Τριὰς

2296 3333 2382 3398 τὸ,
2412 3353 2432 3386 ι
2466 3335 2789 3407 Ποιήσωμεν
2816 3335 3102 3406 ἄνθρωπον
3138 3335 3459 3390 κατέίκόνα
3487 3332 3752 3407 ἡμετέραν
3780 3324 3861 3379 καὶ

2297 3425 2420 3481 καθ’
2446 3426 2723 3497 ὁμοίωσιν.
2758 3428 2868 3483 Kal
2897 3427 3155 3500 εποίησεν
3185 3430 3216 3481 6
3257 3427 3391 3492 Θεὸς
3429 3428 3525 3482 τὸν
3561 3424 3855 3496 ἄνθρωπον’

2295 3518 2415 3571 κατ’
2458 3518 2643 3573 εἰκόνα
2687 3518 2825 3572 Θεοῦ
2869 3519 3122 3590 εποίησεν
3167 3518 3350 3575 αὑτόν.
3389 3536 3411 3570 ο
3457 3511 3875 3590 Μεμορφὼμεθε,

2294 3605 2405 3678 γὰρ
2437 3607 2645 3679 νοητῶς
2686 3608 2823 3681 πρὸς
2863 3608 2961 3681 τὴν
3004 3610 3186 3664 εἰκόνα
3223 3608 3319 3665 τοῦ
3362 3608 3717 3680 Μονογενοῦς.
3760 3604 3854 3659 Kal

2295 3697 2494 3753 πάλιν·
2522 3716 2544 3751 ς
2587 3698 2718 3754 Ἰδοὺ
2764 3700 2936 3772 ’Δδὰμ
2962 3700 3182 3770 γέγονεν
3201 3700 3278 3765 ὡς
3303 3696 3384 3766 εἷς
3412 3702 3475 3768 ἐξ
3504 3702 3681 3774 ἡμῶν.
3707 3717 3725 3749 ι
3754 3698 3860 3749 Ὅτι

2293 3791 2351 3845 δὲ
2375 3791 2465 3846 διὰ
2508 3789 2600 3845 τοῦ
2626 3791 2801 3861 Λόγου
2849 3792 2918 3847 τὰ
2949 3793 3129 3848 πάντα
3173 3792 3610 3867 ἐδημιούργησεν
3652 3794 3682 3847 6
3715 3788 3860 3852 Θεὸς.

2297 3884 2465 3955 σαφὲς
2516 3881 2610 3955 ἀφ’
2666 3879 2742 3938 ὧν
2793 3885 2885 3938 ἐπὶ
2939 3886 3171 3940 ἑκάστου
3216 3885 3325 3941 τῶν
3378 3885 3861 3959 δημιουργημὰτων

2294 3975 2602 4049 γέγραπται
2636 3975 2717 4039 τὸ,
2754 3995 2774 4028 ι
2817 3977 2925 4031 Kal
2954 3976 3105 4031 εἶπεν
3128 3980 3158 4031 6
3182 3978 3345 4043 Θεός·
3380 3979 3696 4053 Γενηθήτω,
3732 3997 3748 4029 ι
3773 3972 3860 4045 τῆς

2295 4066 2518 4138 Γραφῆς
2540 4068 2908 4141 σημαινούσης
2934 4069 3032 4141 τὴν
3058 4069 3147 4125 διὰ
3168 4070 3261 4124 τοῦ
3282 4069 3460 4140 Λόγου
3495 4067 3859 4142 δημιουργίαν

2293 4161 2342 4213 εί
2370 4159 2478 4231 γὰρ
2513 4160 2587 4234 μὴ
2615 4161 2772 4216 τοῦτο
2813 4156 2902 4233 ἦν,
2945 4161 3104 4233 ἢρκει
3143 4163 3319 4216 εἰπεῖν
3346 4178 3360 4193 ⁸
3404 4163 3521 4217 Kal
3554 4160 3799 4232 ἐποίησεν
3836 4156 3861 4208 6

2292 4251 2425 4317 Θεὸς
2463 4253 2709 4327 οὐρανὸν,
2752 4254 2847 4307 καὶ
2888 4252 3031 4323 γῆν,’
3059 4255 3154 4308 καὶ
3200 4252 3269 4307 τὰ
3307 4254 3504 4310 λοιπά·
3543 4255 3638 4309 καί
3663 4251 3859 4307 ’πάλιν-

2293 4345 2703 4417 Προστάξαντος
2741 4347 2836 4401 τοῦ
2875 4347 3011 4401 Θεοῦ
3051 4347 3284 4421 ἐγενήθη
3316 4348 3378 4402 τὸ
3421 4349 3742 4422 στερέωμα·
3781 4345 3863 4398 καὶ

2291 4436 2476 4502 πάλιν,
2530 4436 2856 4510 Διεχὼρισεν
2901 4440 2929 4491 6
2980 4437 3132 4503 Θεός.
3167 4439 3278 4493 Kal
3307 4439 3438 4495 ὅταν
3493 4439 3737 4513 ἀκούσῃς
3782 4435 3861 4498 τὺ,

604 4526 795 4581 dicere
813 4569 827 4592 ,
858 4524 923 4580 Et
952 4525 1084 4581 fecit
1118 4526 1262 4583 Deus
1289 4528 1491 4584 coelum
1519 4537 1574 4587 et
1599 4539 1825 4601 terram,
1853 4542 1908 4588 et
1936 4533 2186 4606 reliqua;

2296 4547 2317 4580 σ
2350 4526 2517 4583 Εἶπεν
2542 4531 2571 4583 6
2600 4528 2753 4593 Θεὸς,
2792 4548 2810 4582 ι
2844 4529 3005 4594 εὐθὺς
3035 4533 3101 4602 τῇ
3138 4530 3316 4602 ἐννοίᾳ
3346 4530 3553 4600 σύναγε
3593 4532 3684 4585 τὸν
3715 4525 3863 4584 ἁκού-

602 4624 661 4675 et
696 4632 929 4681 rursus,
965 4614 1133 4674 Jussu
1169 4617 1261 4675 Dei
1301 4619 1505 4676 factum
1533 4630 1619 4678 est
1648 4622 2097 4697 ﬁrmamentum;
2132 4636 2188 4683 et

2295 4636 2465 4673 σαντα
2488 4618 2583 4673 τοῦ
2606 4619 2868 4685 εἰπόντος’
2894 4637 2915 4671 ι
2941 4621 3049 4674 Kal
3073 4616 3226 4675 εἶπεν
3248 4623 3277 4675 ό
3299 4621 3452 4688 Θεός·
3490 4623 3865 4695 Γενηθήτωσαν

604 4724 838 4773 rursus,
867 4704 1068 4766 Divisit
1100 4710 1266 4769 Deus.
1295 4711 1567 4770 Praeterea
1599 4730 1725 4772 cum
1757 4717 2033 4784 audieris,
2057 4739 2077 4773 ι
2101 4718 2188 4774 Di-

2295 4716 2598 4787 φωστῆρες.
2636 4716 2746 4770 Kal
2793 4716 3049 4789 ἐποίησεν
3080 4718 3109 4772 6
3156 4716 3289 4783 Θεὸς
3328 4720 3455 4784 τοὺς
3495 4718 3810 4791 φωστῆρας.
3844 4733 3861 4765 ι

602 4802 685 4858 xit
725 4800 1153 4871 Deus,rstatim
1193 4805 1381 4861 animo
1415 4807 1581 4863 simul
1619 4810 1850 4880 concipe
1889 4828 2049 4878 eum,
2088 4815 2183 4886 qui

2295 4809 2389 4875 Τίς
2427 4804 2583 4875 εἶπε,
2611 4807 2706 4864 καὶ
2747 4806 2828 4874 τίς
2870 4809 3105 4881 ἧκουσε;
3153 4806 3257 4863 Καὶ
3298 4810 3392 4863 ἐπὶ
3438 4810 3656 4865 πλείοσι
3698 4810 3867 4869 τόποις

597 4891 954 4949 obaudiverit
991 4891 1198 4950 dicenti
1224 4912 1238 4948 :
1262 4912 1282 4947 ι
1308 4893 1375 4950 Ει
1412 4896 1555 4953 dixit
1597 4897 1776 4963 Deus,
1819 4896 1980 4956 Fiant
2020 4901 2186 4958 lumi-

2295 4901 2391 4973 τῆς
2421 4900 2666 4966 Παλαιᾶς
2688 4901 2834 4955 ἔστιν
2854 4900 3057 4972 εὑρεῖν,
3081 4892 3266 4973 ⁴ίξρέμα
3294 4902 3757 4974 ὑποδεικνυμένης
3779 4900 3867 4969 τῆς

599 4984 781 5038 naria.
817 4981 884 5038 Et
920 4981 1050 5039 fecit
1099 4982 1244 5041 Deus
1280 4985 1574 5043 luminaria
1598 4991 1663 5043 “.
1698 5009 1716 5042 ι
1747 4990 1883 5058 Quis
1917 4992 2093 5058 dixit,
2128 5004 2187 5051 et

2295 4993 2451 5064 ἁγίας
2468 4994 2695 5068 Τριάδος
2718 4994 2816 5061 τὴν
2833 4993 3134 5050 ὑπόστασιν
3158 4995 3252 5049 καὶ
3272 4996 3331 5050 τὸ
3351 4996 3645 5068 ὁμοοὺσιον
3671 4993 3863 5062 αὐτῆς·

596 5075 726 5148 quis
759 5074 910 5131 dicto
937 5074 1203 5134 obedieus
1237 5077 1386 5134 fuit?
1425 5077 1570 5146 Quin
1607 5088 1664 5136 et
1697 5082 1752 5137 in
1790 5082 2045 5153 pluribus
2075 5082 2184 5141 Ve-

2295 5081 2398 5140 οἷον
2434 5086 2511 5151 ὡς
2548 5087 2645 5151 ἐπὶ
2673 5086 2769 5141 τοῦ
2821 5085 3103 5160 Ἀϐραάμ·
3144 5106 3164 5138 ι
3207 5087 3385 5161 Ὠφθη
3423 5108 3441 5141 ι
3486 5088 3640 5161 γὰρ,
3690 5086 3863 5158 φησὶν.

595 5167 734 5225 teris
767 5165 1107 5231 Testamenti
1143 5170 1281 5228 locis
1311 5170 1657 5250 subobscure
1689 5173 1989 5232 indicatam
2022 5187 2182 5249 repe-

2295 5195 2312 5229 t
2345 5176 2494 5250 αὑτῷ
2519 5178 2548 5232 6
2581 5177 2715 5243 Θεὸς
2745 5177 2881 5251 πρὸς
2906 5181 2972 5250 τῇ
2999 5177 3122 5249 δρυῒ
3147 5181 3213 5251 τῇ
3243 5179 3493 5253 Μαμδρῇ
3516 5220 3533 5244 ,
3565 5178 3865 5250 καθημένου

673 5319 696 5351 ³
735 5316 883 5374 Psal.
912 5335 1022 5400 c_r_t_,
1052 5320 1142 5400 29.
1220 5321 1245 5355 δ
1282 5317 1431 5400 Psal_.
1450 5320 1687 5400 9111,}9.
1762 5321 1785 5354 ⁸
1811 5320 2189 5400 Ιειξθηιηῃιιι

2295 5329 2334 5394 3,
2372 5331 2527 5400 juxta
2561 5329 2726 5385 LXX.
2828 5330 2849 5362 ‘
2877 5330 2897 5386 l
2925 5330 3055 5387 Cor.
3100 5333 3251 5399 1,26.
3335 5336 3355 5367 ⁷
3402 5335 3571 5390 Prov.
3608 5349 3729 5393 vni.
3784 5330 3865 5386 ὅθ.

596 5387 621 5421 ι
655 5388 744 5444 133
797 5404 899 5451 ιι,
935 5390 1043 5457 13;
1077 5389 1237 5444 Βοιῐ..
1274 5405 1365 5450 XI,
1400 5390 1491 5446 34.
1568 5392 1589 5423 ⁸
1627 5391 1767 5447 Gen.
1800 5408 1852 5458 ι,
1883 5394 1941 5450 2.
2020 5397 2065 5428 ⁸⁸
2104 5399 2196 5455 ibit

2295 5387 2506 5466 16:27.
2585 5403 2629 5435 ⁸⁸
2662 5400 2803 5458 Gen.
2839 5416 2933 5470 nt,
2962 5401 3055 5457 22.
3102 5387 3179 5438 7'"
3212 5387 3350 5461 Cen.
3388 5387 3564 5470 πλέη.

669 5543 747 5613 (9.)
779 5542 1301 5629 ’ἕκαστῃριγματα
1326 5546 1624 5629 prgam
1647 5551 1918 5629 λείπῃ-18,
1943 5554 2181 5629 ὑποστή-

601 5610 750 5688 μαξ-ι.
788 5610 963 5688 Quem
1004 5610 1283 5688 ind—ticum
1327 5610 1598 5674 Nobilium
1627 5610 2030 5688 adire'juverit.

667 5681 743 5750 (5)
788 5683 1033 5758 Bptllalm
1074 5686 1219 5758 ωυς
1266 5688 1629 5758 lnterpretum
1679 5681 1847 5745 editio
1905 5708 2030 5747 cum
2071 5693 2173 5750 Ju-

597 5751 741 5832 sl‘ino
761 5751 1044 5832 l‘hlartyre.
1072 5756 1159 5832 in~
1188 5751 1431 5832 Dialogo'
1456 5777 1576 5814 cum
1633 5760 1910 5832 Tryphoni:
1955 5763 2168 5830 Judao,

594 5830 716 5890 pag.
760 5822 887 5891 284,
938 5815 1093 5896 legit,
1190 5815 1568 5901 προσὴαιρεν,
1620 5839 1673 5885 ct
1709 5815 1860 5893 iuox,
1902 5815 1969 5886 ἐν

2283 5562 2421 5634 ώπῳ
2451 5563 2639 5639 αὑτοῦ.
2679 5565 2853 5639 Quam
2875 5567 3168 5639 lectionem
3219 5580 3535 5639 sequuntur
3567 5578 3737 5625 etiam
3766 5569 3871 5623 Ire—

2286 5648 2437 5710 rigens
2458 5634 2725 5710 Adversus
2763 5636 2986 5710 Ιιῳγεεεε
3020 5638 3114 5710 li_b.
3137 5655 3234 5710 iv,
3258 5634 3382 5710 cap.
3412 5639 3535 5710 57s
3563 5640 3870 5710 Cyprianus

2285 5704 2378 5778 lib.
2417 5705 2718 5778 n__Testt'm.
2756 5703 3006 5762 adversus
3033 5706 3189 5773 Jud.,
3224 5724 3273 5765 c.
3313 5703 3385 5778 1';
3409 5718 3461 5766 et
3495 5703 3872 5766 Tetttillianus

2281 5775 2399 5828 adv.
2456 5775 2852 5847 Hermogenem,
2903 5793 3025 5849 cap.
3067 5779 3152 5834 18.
