4106 6482
321 448 424 506 191
1364 432 1789 490 TESTIMONIA
1837 429 2216 488 ADVERSUS
2253 429 2567 487 JUD/EOS.
3497 436 3602 492 598

328 564 488 622 αὑτοῦ
520 563 617 618 ἐπὶ
647 562 749 634 τῆς
787 561 959 632 θύρας
986 558 1084 630 τῆς
1113 556 1315 628 σκηνῆς
1341 553 1506 608 αὐτοῦ
1544 553 1910 625 μεσημϐρίας.
1941 555 1986 615 Α

2087 565 2132 606 :s
2173 558 2382 606 sancta:
2423 550 2715 606 Trinitatis
2752 550 3174 607 subslstentiam
3203 552 3435 624 ejusque
3467 571 3594 612 con-

340 654 676 723 Ἀναϐλέψας
718 653 778 705 δὲ
812 654 926 714 τοῖς
951 648 1245 718 ὀφθαλμοῖς
1265 686 1278 710 ,
1318 639 1445 698 εἶδε·
1483 645 1577 698 καὶ
1624 643 1731 696 ἰδοὺ
1770 644 1918 712 τρεῖς

2093 640 2582 704 bstantialitatem,
2638 640 3103 710 quemadmodum
3153 643 3210 697 in
3248 644 3606 713 Ahrahamo;

329 744 519 815 ἄνδρες
545 740 1013 810 παρειστήκεισαν
1044 734 1228 789 ἐπάνω
1256 732 1420 786 αὑτοῦ
1443 749 1456 763 ·
1483 731 1577 784 καὶ
1616 731 1723 783 ἰδοῦ
1752 744 1920 800 προσ-

2087 747 2148 786 im
2183 732 2393 802 inquit,
2423 750 2441 784 ι
2465 732 2735 802 Apparuit
2770 733 2818 787 ei
2857 731 3000 787 Deus
3033 731 3100 786 ad
3135 749 3398 802 quercum
3435 736 3605 790 Mam-

333 837 568 906 ἐδραμεν
589 833 669 904 (4)
698 833 778 894 είς
808 830 1132 899 συνάντησιν
1167 826 1369 892 αὐτῶν,
1396 825 1489 879 καὶ
1515 821 1921 896 προσεκύνησεν

2087 838 2152 887 ιο,
2189 837 2314 878 cum
2351 823 2443 878 ille
2474 824 2691 879 sederet
2727 823 2781 878 in
2818 825 2963 878 ostio
3016 825 3357 880 tabernaculi
3408 828 3492 882 sui
3551 829 3606 882 in

334 927 426 981 ἐπὶ
455 927 554 996 τὴν
586 925 716 992 γῆν.
745 923 856 976 Kal
896 915 1036 974 εἷπε·
1077 918 1274 990 Κύριε,
1301 918 1352 970 εἰ
1385 911 1543 987 εὗρον
1572 916 1733 987 χάριν
1762 915 1920 967 ὲναν-

2087 913 2274 969 eridie.
2304 912 2368 967 Et
2394 914 2698 985 reSpiciens
2722 915 2900 970 oculis
2929 919 3045 970 suis
3066 915 3202 970 vidit
3230 934 3244 984 ;
3268 924 3322 970 et
3345 933 3474 972 ecce
3497 926 3610 974 tres

332 1016 446 1069 τίον
489 1031 585 1066 σου
609 1051 623 1076 ,
669 1011 743 1082 μὴ
779 1010 1052 1082 παρέλθῃς
1099 1007 1191 1062 τὸν
1238 1006 1403 1061 παῖδά
1442 1024 1556 1061 σου.
1596 1025 1614 1058 ι
1657 1005 1767 1059 Kal
1801 1003 1923 1076 μεθ’

2087 1004 2129 1056 ri
2163 1002 2421 1058 astabant
2453 1019 2619 1074 super
2642 1019 2766 1058 eum
2795 1021 2810 1069 ;
2844 1011 2897 1057 et
2925 1019 3053 1060 ecce
3083 1005 3363 1074 procurrit
3391 1007 3608 1061 obviam

335 1106 500 1175 ἕτερα
520 1118 534 1133 ⁶
565 1122 584 1154 ι
610 1098 742 1156 Eius
769 1100 827 1152 δὲ
855 1099 992 1171 πρὸς
1015 1098 1204 1151 αὐτόν·
1228 1096 1338 1150 Ποῦ
1363 1095 1546 1167 Σάρρα
1574 1096 1608 1164 ἡ
1627 1095 1762 1165 γυνή
1792 1111 1922 1159 σονς

2087 1097 2186 1162 lis,
2220 1103 2274 1152 et
2305 1097 2556 1150 adoravit
2591 1111 2798 1167 pronus
2828 1097 2882 1151 in
2921 1107 3144 1151 terram.
3193 1096 3257 1152 Et
3291 1099 3426 1153 dixit
3455 1119 3468 1153 :
3506 1099 3611 1154 Do-

349 1200 410 1252 Ὂ
434 1198 492 1250 δὲ
517 1194 669 1248 εἶπεν
688 1212 702 1226 ο
745 1193 874 1246 Ἰδοὺ
896 1193 954 1245 ὲν
974 1194 1038 1263 τῇ
1065 1192 1257 1260 σκηνῇ.
1293 1185 1426 1242 Εῐπε
1450 1186 1506 1240 δέ
1525 1205 1538 1217 ·
1574 1186 1930 1258 Ἐπαναστρέ-

2093 1188 2212 1252 ine,
2242 1189 2287 1243 si
2318 1189 2500 1243 inveni
2527 1189 2762 1258 gratiam
2795 1198 2918 1243 ante
2949 1197 3001 1242 te
3024 1229 3038 1253 ,
3068 1204 3137 1244 ne
3166 1200 3464 1260 praetereas
3497 1208 3613 1247 ser-

340 1304 458 1356 φων
485 1284 602 1355 ἥξω
634 1281 768 1353 πρὸς
804 1280 862 1333 σὲ
883 1321 897 1344 ,
932 1280 1075 1333 κατὰ
1098 1279 1187 1332 τὸν
1218 1278 1408 1349 καιρὸν
1431 1276 1618 1330 τοῦτον
1646 1278 1727 1340 είς
1759 1275 1926 1348 ὥρας,

2087 1293 2157 1332 tm
2191 1287 2344 1333 tuum
2375 1279 2438 1332 ¹³.
2466 1300 2483 1331 ι
2508 1280 2571 1333 Et
2602 1288 2723 1349 post
2750 1280 2852 1333 alia
2872 1319 2886 1342 ,
2915 1299 2932 1330 ι
2960 1278 3108 1334 Dixit
3138 1289 3320 1336 autem
3352 1283 3418 1337 ad
3450 1300 3612 1340 eum:

342 1379 435 1433 καὶ
466 1377 574 1442 ἔξει
623 1375 736 1428 υἱὸν
781 1374 966 1444 Σάρρα
1006 1374 1040 1442 ή
1075 1372 1211 1442 γυνή
1253 1388 1366 1424 σου.
1414 1387 1434 1422 ι
1483 1369 1611 1424 Ἰδοὺ
1655 1369 1719 1440 δή
1767 1370 1930 1439 φησὶν

2087 1371 2136 1427 bi
2166 1379 2251 1427 est
2286 1370 2422 1427 Sara
2453 1387 2590 1426 uxor
2621 1372 2759 1425 tua?
2805 1371 2899 1426 llle
2931 1380 3113 1426 autem
3149 1372 3288 1427 dixit
3324 1393 3336 1428 :
3377 1374 3515 1430 Ecce
3560 1376 3614 1430 in

342 1470 573 1541 ὀφθῆναι
611 1467 708 1539 μὲν
737 1466 887 1536 αὐτῷ
915 1465 1006 1518 τὸν
1047 1464 1200 1527 Θεὸν,
1233 1459 1372 1517 εἷναί
1410 1480 1475 1530 γε
1516 1463 1623 1533 μὴν
1663 1465 1812 1532 τρεῖς
1837 1462 1933 1515 ἄν-

2087 1467 2419 1520 ibernaculo.
2452 1464 2597 1519 Dixit
2628 1473 2808 1519 autem
2839 1485 2851 1519 :
2885 1464 3185 1522 Revertens
3212 1467 3428 1522 veniam
3461 1470 3527 1523 ad
3569 1480 3620 1524 te
3689 1535 3692 1538 ἠ

344 1565 477 1634 δρας
511 1563 634 1624 τοὺς
665 1559 1031 1632 ἑωραμένους·
1067 1556 1304 1610 αὑτὸνδὲ
1336 1555 1496 1610 πάλιν
1525 1556 1623 1626 οὐχ
1654 1555 1730 1618 ὼς
1756 1556 1934 1626 τρισὶν

2087 1575 2092 1609 ι
2142 1564 2387 1626 tempore
2441 1556 2632 1610 hocin
2680 1556 2866 1623 horas,
2893 1563 2950 1608 et
3002 1557 3222 1611 habebit
3267 1557 3436 1612 filium
3484 1559 3620 1614 Sara

347 1657 520 1710 εἰπεῖν
539 1671 555 1686 ο
587 1652 810 1724 Κύριοι,
843 1651 890 1703 εί
919 1648 1128 1720 εὕρηκα
1171 1647 1330 1718 χάριν
1361 1646 1602 1702 ἐναντίον
1633 1645 1807 1716 ὑμῶν,
1861 1646 1937 1717 μὴ

2087 1661 2178 1701 κοι-
2205 1657 2296 1702 tua
2329 1647 2393 1702 “.
2420 1667 2438 1698 ι
2465 1648 2541 1702 En
2572 1648 2760 1717 utique
2789 1647 2958 1702 refert
2989 1646 3272 1718 Scriptura
3303 1651 3624 1720 apparuisse

347 1745 656 1818 παρέλθητε
702 1742 794 1796 τὸν
841 1741 1004 1795 παῖδα
1048 1739 1222 1810 ὑμῶν.
1281 1737 1487 1810 Κύριον
1529 1737 1587 1791 δὲ
1636 1735 1938 1809 μοναδικῶς

2087 1739 2266 1794 uidem
2307 1739 2622 1794 Abrahamo
2659 1739 2873 1808 Deum;
2921 1747 2974 1796 et
3015 1755 3148 1796 sane
3189 1749 3302 1796 tres
3346 1743 3624 1798 exstitisse

347 1840 476 1902 τοὺς
496 1839 643 1909 τρεῖς
665 1832 1018 1906 ὀνομάζοντα,
1036 1834 1128 1886 καὶ
1148 1832 1223 1895 ὡς
1242 1831 1340 1885 ἕνα
1362 1830 1642 1901 καταίρειν
1658 1829 1932 1894 ἀξιοῦντα,
1969 1898 1986 1909 Ι

2087 1831 2196 1885 iros
2232 1831 2357 1886 illos
2380 1871 2393 1895 ,
2431 1847 2571 1901 quos
2598 1831 2925 1902 conspexit,
2956 1833 3137 1903 ipsum
3165 1848 3294 1888 vero
3324 1849 3431 1888 non
3465 1833 3624 1904 quasi

352 1898 545 1992 καὶ
565 1898 645 1990 εἷς
664 1898 834 1996 φωνεί
853 1943 865 1955 ·
889 1898 1062 1988 "Hgio.
1093 1925 1158 1978 Ὅ
1167 1941 1235 1995 ρα
1249 1919 1342 1977 οὖν
1360 1924 1486 1986 τοὺς
1501 1898 1765 1992 ὀιρθέντας
1789 1924 1937 1993 τρεῖς
1969 1898 1986 1956 1

2087 1923 2220 1978 'ibus
2253 1922 2463 1978 dixisse
2494 1941 2507 1976 :
2543 1923 2798 1988 Domini,
2845 1924 2891 1979 si
2928 1924 3113 1979 inveni
3164 1925 3394 1996 gratiam
3439 1941 3627 1983 coram

356 2019 457 2090 μὲν
497 2018 693 2081 δντας,
735 2022 832 2069 καὶ
882 2015 1196 2084 ὑφεστῶτας
1242 2013 1622 2077 ἰδιοσυστάτως
1669 2013 1933 2068 ἕκαστονο

2087 2015 2203 2070 ubis
2223 2054 2238 2078 ,
2283 2030 2351 2068 ne
2383 2015 2724 2086 praetereatis
2755 2031 2989 2086 puerum
3020 2025 3264 2072 vestrum
3291 2034 3304 2082 ;
3352 2017 3448 2072 sed
3479 2025 3627 2082 tres,

352 2111 431 2184 τῷ
459 2127 525 2180 γε
573 2109 680 2180 μὴν
717 2108 811 2178 τῆς
850 2106 1137 2178 ὁμοουσίας
1175 2104 1320 2176 λόγῳ
1365 2104 1823 2176 συνειλημμένους
1861 2104 1941 2167 είς

2087 2119 2308 2176 mquam
2366 2120 2512 2160 unus
2571 2113 2793 2171 essent,
2848 2107 3202 2171 nominasse,
3258 2115 3313 2162 et
3370 2116 3627 2178 tanquam

352 2204 480 2266 ἕνα,
507 2202 601 2256 καὶ
619 2199 716 2263 τὰς
733 2197 992 2265 διαλέξεις
1014 2198 1432 2268 ποιησαμένους.
1457 2197 1554 2262 Τίς
1573 2197 1628 2250 δὲ
1661 2197 1796 2269 πρὸς
1821 2195 1944 2251 τίνα

2087 2211 2254 2260 num,
2311 2204 2370 2250 ut
2420 2195 2565 2267 apud
2607 2197 2784 2267 ipsqu
2823 2198 3161 2253 diverterent
3198 2214 3452 2270 rogasse,
3484 2199 3632 2270 iique

356 2295 562 2363 ἔλεγεν·
594 2311 612 2342 ι
640 2290 826 2354 Δεῦτε,
857 2289 1192 2353 καταϐάντες
1224 2288 1541 2360 συγχέωμεν
1565 2289 1664 2360 τὴν
1692 2288 1945 2357 γλῶσσαν

2087 2302 2314 2357 mquam
2351 2304 2497 2344 unus
2534 2289 2756 2353 dixere,
2792 2287 3043 2346 Veniam.
3076 2290 3244 2347 Vides
3277 2291 3444 2361 igitur
3473 2291 3631 2360 illos,

358 2381 568 2448 αύτῶν;
601 2400 619 2433 ›
654 2381 726 2434 Ἢ
753 2380 908 2451 δῆλον
945 2378 1080 2450 πρὸς
1110 2379 1168 2432 ὃν
1197 2373 1372 2432 εἶπεψ
1400 2396 1419 2430 ι
1461 2379 1555 2431 Ἐκ
1582 2378 1819 2450 γαστρὸς
1841 2377 1949 2449 πρὸ

359 2475 638 2545 ἑωσφόρου
685 2471 952 2543 ὲγέννησά
987 2488 1045 2524 σε
1071 2488 1086 2504 ·
1119 2490 1138 2523 ι
1188 2471 1311 2537 καὶ,
1358 2489 1376 2523 ι
1414 2457 1528 2542 [Iph
1581 2471 1675 2524 τοῦ
1707 2469 1858 2538 ήλίου
1889 2468 1951 2522 τὸ

358 2564 534 2636 δνομα
559 2562 722 2616 αὑτοῦ
755 2561 856 2633 (5),
887 2562 981 2615 καὶ
1017 2561 1124 2632 πρὸ
1148 2561 1248 2631 τῆς
1284 2560 1537 2632 σελήνης·
1574 2579 1590 2613 ι
1628 2561 1723 2614 καὶ
1752 2559 1913 2614 πάλιν
1934 2576 1948 2591 ο

366 2676 389 2708 ι
421 2656 624 2724 Κύριος
649 2650 768 2708 εἷπε
804 2654 942 2725 πρός
976 2670 1043 2724 με
1063 2667 1076 2681 ·
1103 2653 1232 2718 Υίός
1258 2671 1359 2724 μου
1385 2651 1435 2706 εί
1457 2654 1544 2713 σὺ.
1577 2653 1688 2720 ἐγὼ
1716 2654 1954 2723 σήμερον

364 2747 674 2817 γεγέννηκά
699 2763 779 2800 σε.
799 2746 1028 2815 Αίτησαι
1053 2747 1184 2815 παρ’
1205 2744 1340 2816 ἐμοῦ
1362 2784 1376 2810 ,
1411 2745 1506 2798 καὶ
1529 2745 1684 2797 δώσω
1715 2761 1796 2798 σοι
1829 2743 1956 2814 ἔθνη

364 2839 468 2910 τὴν
507 2837 872 2908 κληρονομίαν
911 2853 1036 2902 σου,
1079 2835 1177 2890 καὶ
1225 2836 1322 2907 τὴν
1367 2834 1699 2904 κατάσχεσιν
1755 2851 1850 2886 σου
1889 2834 1959 2887 τὰ

369 2931 586 3000 πέρατα
636 2929 734 3000 τῆς
776 2930 897 2999 γῆς·
945 2947 962 2980 ι
1000 2929 1094 2983 καὶ
1130 2927 1315 2990 πάλιν,
1355 2945 1374 2978 ι
1409 2926 1550 2994 Ἐγὼ
1584 2926 1779 2996 ἔσομαι
1814 2924 1962 2996 αὐτῷ

373 3025 456 3084 εἰς
481 3021 714 3093 Πατέρα,
747 3021 841 3075 καὶ
877 3021 1036 3084 αὐτὸς
1059 3020 1210 3074 ἔσται
1245 3036 1334 3090 μοι
1362 3021 1444 3082 εἰς
1467 3018 1592 3071 Υίόν
1619 3035 1633 3084 ;
1666 3037 1683 3068 ›
1715 3018 1780 3070 Τί
1803 3017 1859 3070 δὲ
1880 3017 1962 3082 τὸ,

381 3135 402 3167 σ
439 3113 667 3186 Ἐϐρεξε
705 3113 909 3186 Κύριος
939 3114 1050 3185 πῦρ
1077 3114 1171 3167 καὶ
1205 3113 1346 3166 θεῖον
1378 3110 1531 3182 παρὰ
1563 3109 1807 3181 Κυρίου;
1844 3128 1862 3161 ›
1901 3108 1966 3162 Τί

375 3207 437 3260 δὲ
465 3206 527 3258 τὸ
555 3208 620 3259 ὲκ
655 3205 948 3277 προσώπου
975 3204 1070 3258 τοῦ
1095 3204 1230 3258 Θεοῦ
1267 3204 1366 3274 (6),
1398 3221 1416 3254 ι
1441 3203 1552 3256 Kal
1578 3203 1684 3264 πᾶς
1713 3203 1742 3255 ὁ
1765 3201 1969 3272 ὲκχέων

377 3293 555 3370 αἷμα,
594 3299 716 3352 ἀντὶ
753 3297 846 3352 τοῦ
893 3298 1121 3368 αἵματος
1153 3294 1319 3350 αὐτοῦ
1365 3294 1756 3367 ἐκχυθήσεται,
1788 3295 1870 3348 ὅτι
1912 3295 1971 3348 ἐν

380 3394 552 3446 εικόνι
594 3391 728 3446 Θεοῦ
771 3391 1000 3462 ἐποίησα
1043 3389 1136 3443 τὸν
1178 3389 1496 3460 άνθρωπον;
1532 3406 1551 3440 ι
1613 3387 1777 3459 Ὁρᾷς
1813 3389 1898 3442 ὅτι
1944 3388 1973 3441 ὁ

381 3484 519 3547 Θεὸς
549 3483 619 3536 ἐν
646 3485 832 3538 εικόνι
849 3483 958 3536 τοῦ
989 3481 1138 3536 Θεοῦ
1172 3480 1392 3545 ἐποίησε
1423 3497 1438 3548 ;

2049 2379 2143 2449 qui
2182 2389 2562 2450 apparuerunt
2594 2390 2707 2436 tres
2736 2383 2956 2453 quidem
2990 2384 3304 2451 exstitisse,
3344 2394 3398 2440 et
3442 2400 3633 2440 eorum

2053 2471 2306 2542 singulos
2337 2473 2389 2526 in
2421 2475 2638 2544 pr0pria
2675 2473 2959 2545 hypostasi
2993 2475 3348 2544 substitisse;
3381 2478 3478 2532 sed
3513 2492 3642 2532 con-

2055 2563 2538 2619 substantialitatis
2558 2567 2769 2621 ratione
2798 2567 2852 2620 in
2886 2582 3056 2621 unum
3089 2566 3261 2623 fuisse
3289 2577 3603 2625 contractos
3624 2610 3639 2635 ,

2058 2662 2114 2710 et
2161 2662 2423 2726 tanquam
2469 2673 2638 2711 unum
2686 2659 2990 2715 collocutos
3021 2659 3210 2716 fuisse.
3245 2659 3508 2728 Quisnam
3539 2677 3640 2717 au-

2057 2756 2200 2814 tem,
2254 2756 2308 2802 et
2355 2748 2420 2801 ad
2472 2765 2765 2818 quemnam
2809 2751 3060 2813 dicebat,
3099 2769 3117 2802 ι
3146 2750 3369 2814 Venite,
3416 2751 3645 2808 descen-

2061 2836 2253 2893 dentes
2279 2838 2686 2895 confundamus
2719 2841 2933 2911 linguas
2963 2856 3155 2895 eorum
3185 2842 3228 2873 ¹³
3253 2842 3275 2895 ?
3299 2861 3318 2893 ›
3341 2841 3478 2895 Num
3520 2859 3644 2897 eum

2070 2929 2371 2985 allocutum
2427 2931 2600 2988 fuisse
2649 2942 2898 2997 constat,
2956 2933 3026 2986 ad
3083 2948 3244 3002 quem
3309 2933 3649 2988 dixituEx

2065 3027 2222 3074 utero
2259 3028 2385 3074 ante
2418 3019 2709 3076 luciferum
2757 3021 2924 3092 genui
2959 3031 3011 3077 te
3055 3023 3100 3054 ¹⁶
3125 3039 3140 3088 ;
3166 3039 3184 3072 ι
3211 3029 3297 3089 et,
3341 3039 3360 3073 ι
3385 3023 3526 3078 Ante
3564 3041 3654 3080 so-

2069 3111 2173 3165 lem
2212 3127 2409 3168 nomen
2445 3112 2601 3182 ejus,
2660 3124 2713 3169 et
2765 3121 2890 3169 ante
2937 3114 3125 3168 lunam
3165 3115 3238 3182 ";
3275 3136 3292 3167 ›
3323 3125 3375 3171 et
3415 3102 3654 3180 rursus,

2080 3223 2099 3256 ι
2127 3203 2396 3260 Dominus
2431 3207 2571 3261 dixit
2601 3206 2668 3260 ad
2704 3222 2830 3262 me:
2879 3205 3054 3262 Filius
3103 3223 3256 3263 meus
3305 3223 3366 3263 es
3416 3215 3510 3273 tu,
3555 3225 3656 3280 ego

2073 3295 2237 3351 hodie
2268 3297 2429 3367 genui
2467 3306 2538 3354 te.
2576 3297 2800 3354 Postula
2836 3314 2866 3353 a
2901 3314 3024 3366 me,
3060 3307 3114 3354 et
3149 3301 3292 3354 dabo
3327 3301 3425 3355 tibi
3465 3311 3658 3372 gentes

2075 3389 2449 3446 hereditatem
2481 3400 2627 3445 tuam
2650 3435 2664 3459 ,
2691 3402 2744 3448 et
2768 3393 3178 3462 possessionem
3215 3403 3360 3448 tuam
3394 3394 3660 3448 terminos

2073 3487 2237 3536 terrm
2268 3483 2345 3547 ης
2373 3502 2392 3535 ι
2417 3493 2471 3538 et
2503 3499 2732 3548 rursus,
2771 3503 2790 3536 ‹
2832 3485 2945 3555 Ego
2990 3499 3084 3539 ero
3123 3485 3170 3538 ei
3223 3485 3275 3539 in
3304 3483 3555 3547 Patrem,
3606 3494 3662 3539 et

384 3574 508 3644 ipse
531 3576 635 3629 erit
664 3573 798 3628 mihi
827 3574 885 3627 in
911 3571 1111 3626 Filium
1143 3571 1227 3625 ‘9?
1250 3589 1269 3623 ι
1290 3569 1431 3636 Quid
1463 3569 1592 3625 item
1619 3568 1789 3635 illud,
1815 3586 1834 3620 ι
1860 3563 2122 3625 Dominus
2154 3572 2293 3641 pluit
2325 3571 2504 3643 ignem
2573 3581 2626 3627 et
2662 3572 2896 3642 sulphur
2961 3587 2992 3626 a
3037 3571 3268 3627 Domino
3337 3573 3460 3624 "27»
3520 3571 3664 3638 Quid

383 3683 522 3723 vero
550 3686 615 3724 ex
646 3683 885 3740 persona
916 3668 1011 3723 Dei
1041 3669 1206 3723 etiam
1259 3667 1434 3731 illud,
1498 3684 1516 3717 ι
1575 3665 1642 3720 Et
1691 3666 1874 3721 omnis
1933 3668 2025 3736 qui
2089 3667 2349 3723 effuderit
2386 3669 2708 3739 sanguinem
2753 3667 3028 3732 hominis,
3081 3683 3181 3739 pro
3228 3669 3495 3739 Sanguine
3545 3669 3670 3739 ejus

389 3759 728 3825 cﬂmtdetur,
757 3758 890 3829 quia
920 3757 975 3811 in
1009 3757 1246 3828 imagine
1273 3754 1366 3810 Dei
1401 3755 1502 3810 feci
1535 3755 1811 3811 hominem
1844 3756 1971 3810 ³⁸2»
2017 3755 2185 3814 Vides
2219 3756 2390 3814 Deum
2421 3760 2478 3814 in
2503 3759 2734 3830 imagine
2760 3758 2859 3813 Dei
2887 3758 3083 3815 fecisse
3109 3759 3132 3812 ἲ

466 3875 542 3928 Τὸ
571 3873 627 3926 δὲ
655 3874 713 3926 ὲν
749 3872 813 3942 τῇ
854 3870 1048 3940 Ἐξόδῳ
1079 3867 1196 3932 πῶς
1233 3868 1480 3940 νοητέονο
1517 3889 1535 3921 ι
1569 3870 1680 3924 Kal
1718 3870 1978 3942 ὀρθρίσας

389 3965 638 4035 ὶιωῦσῆς
666 3963 832 4034 ἀνέϐη
858 3964 935 4026 εἰς
969 3962 1027 4014 τὸ
1064 3961 1189 4032 ὅρος
1214 3961 1274 4014 τὸ
1299 3962 1448 4026 Σινᾶ,
1477 3961 1664 4015 καθότι
1698 3961 1983 4029 συνέταξεν

391 4059 547 4130 αύτῷ
587 4057 810 4130 Κύριος.
861 4056 973 4109 Kal
1018 4053 1176 4107 ἔλαϐε
1219 4055 1461 4126 Μωῦσῆς
1493 4056 1592 4119 τὰς
1638 4055 1852 4120 πλάκας
1885 4055 1984 4120 τὰς

392 4151 622 4213 λιθίνας.
652 4149 762 4202 Καὶ
789 4147 990 4218 κατέϐη
1033 4146 1238 4216 Κύριος
1265 4150 1324 4200 ὲν
1347 4147 1545 4220 νεφέλῃ
1568 4189 1580 4210 ,
1611 4148 1704 4200 καὶ
1736 4147 1982 4219 παρέστη

393 4245 548 4304 ἐκεῖ,
587 4242 680 4296 καὶ
715 4240 941 4310 ὲλάλησε
971 4240 1045 4310 (7)
1066 4239 1144 4309 τῷ
1182 4239 1408 4309 ὀνόματι
1439 4238 1666 4309 Κυρίου.
1695 4241 1806 4292 Kal
1840 4256 1985 4310 παρ-

399 4334 536 4404 ῆλθε
563 4333 766 4403 Κύριος
792 4331 901 4384 ἀπὸ
942 4329 1233 4402 προσώπου
1273 4330 1480 4400 Κυρίου
1504 4331 1602 4400 (8).
1639 4349 1658 4382 ι
1693 4332 1850 4394 Ποῐος
1881 4329 1991 4401 ἄρα

399 4427 634 4496 ὲλάλησε
673 4423 875 4495 Κύριος
921 4424 978 4476 ὲν
1020 4424 1244 4492 ὀνόματι
1269 4422 1509 4492 Κυρίου;
1556 4423 1650 4475 καὶ
1676 4425 1826 4486 ποῖος
1850 4439 1993 4492 παρ-

401 4519 534 4591 ῆλθε
570 4518 773 4590 Κύριος
816 4515 925 4570 ἀπὸ
974 4513 1265 4587 προσώπου
1308 4514 1546 4586 Κυρίου;
1581 4516 1646 4568 Ti
1684 4515 1740 4568 δὲ
1771 4516 1838 4568 τὸ
1857 4515 1994 4590 πρὸς

416 4608 614 4666 Ἰακὼὸ
649 4609 726 4680 (9)
763 4605 1075 4678 εἰρημένον,
1127 4625 1144 4657 ι
1205 4604 1350 4675 Ἐγώ
1391 4606 1507 4677 εἰμι
1536 4607 1566 4659 ὀ
1603 4604 1790 4674 ὀφθείς
1829 4621 1913 4658 σοι
1941 4606 2000 4659 ὲν

481 4765 528 4797 ¹³
566 4765 702 4820 Gen.
733 4778 906 4824 xvnt,
940 4761 1060 4817 1-5.
1140 4761 1184 4793 ⁸⁸
1218 4759 1350 4818 ibid.
1388 4760 1450 4822 9,
1491 4761 1576 4816 lO.
1657 4761 1701 4794 ¹⁵
1739 4760 1875 4817 Gen.
1913 4776 1969 4816 ιι

2087 4799 2098 4816 .
2177 4758 2222 4792 ⁸⁸
2260 4757 2406 4813 Psal.
2436 4772 2526 4814 ent
2550 4799 2564 4824 ,
2601 4757 2657 4812 5.

2158 3873 2445 3941 Quomodo
2472 3882 2653 3930 autem
2685 3872 3102 3943 intelligendum
3133 3878 3219 3928 est
3245 3869 3411 3934 illud,
3440 3869 3584 3941 quod
3616 3871 3671 3924 in

2088 3962 2280 4019 Exodo
2311 3965 2581 4036 scriptum
2625 3970 2709 4018 est
2746 3981 2759 4017 :
2805 3981 2824 4013 ι
2869 3961 2936 4015 Ει
2975 3976 3135 4017 mane
3177 3976 3414 4032 surgens
3461 3962 3676 4032 Moyses

2092 4057 2345 4111 ascendit
2375 4057 2431 4111 in
2463 4063 2704 4112 montem
2738 4054 2869 4109 Sina
2890 4095 2904 4119 ,
2941 4055 3088 4109 sicut
3120 4053 3381 4124 praecepit
3409 4053 3456 4108 ei
3493 4053 3676 4106 Domi-

2094 4162 2221 4200 nus.
2250 4145 2326 4199 "Et
2358 4148 2596 4216 sumpsit
2644 4145 2859 4216 Moyses
2891 4145 3111 4200 tabulas
3155 4145 3423 4214 lapideas.
3471 4143 3536 4197 Et
3581 4143 3677 4196 de-

2096 4235 2307 4292 scendit
2339 4237 2603 4293 Dominus
2633 4239 2688 4291 in
2724 4239 2902 4301 nube,
2938 4245 2992 4290 et
3025 4236 3199 4290 astitit
3231 4237 3343 4290 illic
3364 4276 3377 4300 ,
3415 4244 3470 4290 et
3518 4236 3676 4290 locu-

2096 4336 2188 4382 tus
2225 4335 2310 4382 est
2335 4329 2558 4382 nomine
2584 4327 2822 4380 Domini.
2857 4326 2922 4379 Et
2959 4327 3182 4382 transiit
3221 4326 3486 4381 Dominus
3524 4343 3552 4380 a
3591 4326 3676 4380 fa-

2097 4420 2183 4474 cie
2220 4418 2438 4473 Domini
2474 4420 2518 4449 ²¹
2539 4420 2562 4471 ?
2585 4419 2760 4484 rQuis
2791 4433 2923 4483 ergo
2959 4417 3222 4474 Dominus
3259 4419 3479 4474 locutus
3509 4426 3595 4473 est
3625 4419 3684 4473 in

2097 4509 2323 4565 nomine
2355 4508 2606 4563 Domini.
2639 4516 2694 4562 et
2726 4508 2851 4578 quis
2883 4507 3149 4564 Dominus
3179 4509 3440 4564 transivit
3476 4523 3504 4561 a
3543 4507 3684 4562 facie

2108 4599 2368 4657 Domini?
2394 4600 2540 4668 Quid
2569 4603 2731 4656 etiam
2761 4615 2868 4656 Sim
2903 4613 3017 4656 vutt
3049 4601 3181 4656 illud
3225 4601 3372 4673 quod
3411 4602 3476 4656 ad
3514 4599 3688 4657 Iacob

2735 4759 2777 4792 "
2815 4757 2963 4814 Psal.
3004 4775 3154 4825 Lxxt,
3193 4759 3281 4815 Π.
3360 4759 3404 4792 ⁸⁸
3442 4757 3588 4814 Psal.
3623 4772 3689 4824 tt,

410 4834 477 4902 7,
511 4835 566 4890 8.
641 4837 684 4866 "
722 4834 765 4888 ll
797 4834 930 4904 Reg.
967 4847 1076 4899 vn,
1108 4831 1194 4885 Η.
1272 4833 1318 4863 ²⁰
1359 4830 1498 4886 Gen.
1558 4847 1690 4898 xix,
1720 4831 1811 4887 24.
1890 4833 1933 4863 “
1976 4831 2116 4887 Gen.
2151 4845 2244 4899 ix,
2277 4829 2332 4885 6.
2409 4830 2454 4861 ”
2496 4829 2669 4884 Exod.
2711 4843 2904 4895 xxxiv,
2936 4831 3056 4885 4-6.

485 4992 563 5064 (4)
605 4989 853 5064 Romana
883 4987 1026 5064 LXX
1060 4987 1428 5064 interpretum
1465 4987 1723 5064 editio_et
1748 4985 2002 5064 Justinus

414 5057 622 5134 martyr
671 5057 1444 5134 lcgit,_eiavﬁx3taav'_émj_vm
1483 5059 1683 5134 ἀύτρῦ,
1744 5060 1837 5113 καί
1880 5057 2002 5134 ἰδὼν

417 5127 1127 5214 ξροσΞδραμένηιιιξηρῐὶειη
1163 5130 1292 5201 legit
1335 5129 1539 5186 Euseb.
1581 5129 1735 5185 Dem.
1765 5127 2003 5201 evangel.

416 5201 516 5258 lib.
541 5220 593 5263 v,
622 5201 670 5256 ιε.
700 5201 756 5267 9,
787 5209 843 5256 et
872 5201 986 5254 alii.

491 5273 569 5342 (5)
595 5270 654 5325 In
679 5272 928 5342 Romana
949 5269 1092 5326 LXX
1118 5271 1485 5342 Interpretum
1514 5268 1757 5342 editione
1778 5279 1865 5342 est
1893 5278 2011 5342 tan:

422 5338 565 5405 tum,
598 5343 732 5397 Ante
771 5341 935 5396 solem
956 5338 1285 5411 permanebit
1305 5355 1494 5393 nomen
1529 5339 1667 5411 ejus.
1704 5338 2010 5411 Vel'utalii

422 5413 608 5477 codd.,
623 5411 837 5483 Nobilio
856 5408 1013 5476 teste,
1033 5412 1238 5483 legunt,
1253 5419 1522 5483 perinane:
1538 5423 1557 5472 ;
1575 5408 1670 5465 sed
1699 5411 1754 5463 in
1773 5409 2015 5464 editione

425 5484 519 5539 illa
560 5482 903 5538 Psalteriiex
937 5479 1259 5537 earumdem
1287 5479 1802 5550 LXXinterpretutn
1831 5487 2016 5533 trans-

427 5554 650 5616 latione,
682 5567 850 5623 quam
883 5550 1186 5608 Romanam
1214 5561 1433 5616 vocant,
1462 5559 1518 5606 et
1569 5551 2018 5623 ltalaarantiquis-

426 5627 582 5679 simae
616 5622 891 5679 versionis
921 5630 1128 5692 partem
1169 5636 1294 5677 esse
1332 5623 1586 5684 credunt,
1632 5622 1850 5690 legitur,
1883 5624 2019 5692 Ante

428 5694 592 5748 solem
623 5690 951 5764 permanebit
984 5708 1167 5764 nomen
1202 5692 1353 5764 ejus:
1385 5701 1436 5764 et
1480 5701 1601 5764 ante
1627 5693 1837 5764 iuuant
1868 5690 2017 5744 sedes

428 5766 566 5836 ejus,
610 5760 671 5818 ut
714 5764 1017 5836 videre_est
1049 5763 1103 5836 in
1134 5760 1662 5836 d_u_p|icis_Psalterii
1710 5760 2014 5836 e_d_itione_a

433 5830 742 5891 clarissimo
767 5833 888 5887 viro
909 5831 1146 5902 lose-pho
1169 5830 1337 5887 Maria
1359 5832 1522 5894 Caro,
1549 5832 1685 5902 alias
1717 5830 2015 5885 Thomasio

436 5915 748 5975 procurata.
805 5902 956 5958 lianc
1006 5900 1188 5973 itaque
1239 5903 1527 5958 lectionem
1585 5900 1867 5972 Nyssenus
1927 5915 2014 5955 se-

2108 4997 2344 5127 qu(Igilii:
2367 5055 2635 5110 Vattcano
2659 5056 2850 5111 codice
2876 5061 2981 5116 est,
3017 5055 3083 5110 ικ
3101 5054 3390 5127 προσώπου
3415 5052 3511 5127 τοῦ
3533 5053 3693 5127 Θεοῦ,

2110 5130 2204 5182 κα).
2230 5123 2310 5189 τὸ,
2346 5127 2443 5182 καὶ
2467 5128 2596 5190 πᾶς,
2628 5134 2735 5182 etc.
2761 5145 2774 5181 :
2800 5141 2902 5180 nos
2932 5135 3271 5195 postremum
3287 5123 3454 5195 illud.
3487 5125 3580 5176 καὶ
3609 5125 3692 5187 τό,

2110 5199 2405 5280 delendum
2432 5197 2777 5262 censuimus,
2809 5193 2945 5253 cuni
2963 5210 3066 5250 nec
3092 5194 3149 5250 in
3181 5193 3414 5262 Siphani
3443 5196 3699 5250 versione

2111 5275 2450 5340 reperiatur.

2187 5335 2268 5409 "(7)
2305 5337 2573 5409 Rnntan.i_
2589 5335 2734 5409 LXX
2776 5336 3144 5409 Interpretum
3171 5339 3536 5409 eottto_aegtt,
3567 5336 3698 5409 ἐκάη

2115 5403 2273 5463 λεσε”ο
2318 5407 2416 5464 sed
2448 5417 2504 5462 et
2532 5403 3295 5478 Eusebiueraasariensem,
3341 5403 3591 5478 ἐλάλησε,
3624 5407 3699 5460 le-

2113 5481 2265 5552 gisse
2298 5485 2456 5552 notat
2481 5479 2684 5552 ibidem
2718 5476 2990 5552 Nobilius.

2185 5550 2264 5621 (8)
2308 5549 2512 5623 Eadem
2528 5548 2737 5623 editio,
2767 5547 2862 5623 καὶ
2894 5543 3141 5623 παρῆλθε
3164 5543 3369 5623 Κύριος
3402 5546 3510 5623 πρὸ
3533 5563 3703 5623 προσ-

2113 5616 2265 5674 ώπου
2299 5618 2488 5675 αὑτοῦ.
2521 5618 2590 5672 Et
2621 5618 2840 5672 transiit
2882 5616 3142 5671 Dominus
3179 5626 3302 5669 ante
3332 5616 3522 5684 facient
3565 5618 3700 5685 ejus.

2186 5690 2265 5762 (9)
2305 5689 2362 5744 In
2394 5689 2658 5762 Vaticano
2693 5685 2891 5762 codice
2928 5688 3325 5762 recentiori_,‘c_t
3354 5687 3570 5762 inalio,
3597 5702 3706 5762 quo

2115 5756 2256 5818 usus
2283 5768 2369 5815 est
2392 5759 2690 5828 Siphanus,
2725 5758 3010 5822 scribitur,
3034 5757 3179 5828 πρὸς
3225 5756 3497 5828 Ἀῦραὰμ,
3527 5756 3706 5828 mani-

2122 5830 2266 5886 festo
2303 5823 2512 5884 librarii
2561 5843 2784 5888 errore;
2837 5842 2959 5880 nam
2991 5823 3278 5880 hic'locus
3308 5823 3362 5879 in
3411 5823 3480 5880 iis
3527 5823 3706 5879 Gene-

2124 5916 2251 5956 seos
2281 5899 2576 5970 capitibus,
2615 5899 2671 5952 in
2709 5897 2916 5954 auibus
2951 5897 3019 5953 de
3049 5898 3363 5952 Abrahamo
3387 5909 3570 5951 sermo
3599 5903 3702 5950 est.
