4106 6426
387 453 488 511 201
1437 448 1859 507 TESTIMONIA
1910 450 2285 508 ADVERSUS
2339 451 2652 511 JUDEOS.
3579 459 3685 520 203

391 572 504 627 Kal.
545 571 724 638 πάλιν,
777 591 798 624 ι
850 571 984 635 Θεὸς
1032 570 1235 642 Κύριος
1283 535 1378 625 καὶ
1427 571 1697 642 ἐπέφανεν
1755 576 1909 644 ἡμῖν.
1961 591 1973 624 ι

2093 571 2158 626 Et
2213 589 2405 630 rursus
2427 616 2442 640 ,
2475 593 2495 626 ι
2538 573 2684 630 Deus
2717 567 2981 629 Dominus
3019 579 3075 630 et
3120 573 3299 630 illuxit
3359 575 3521 632 nobis
3550 574 3624 630 ‘°.
3659 593 3678 628 ι

401 683 422 717 ι
472 662 928 734 Ἐξαίφνηςῆξει
969 665 1050 727 εἰς
1091 662 1182 716 τὸν
1222 661 1349 716 ναὸν
1405 663 1600 717 ἑαυτοῦ
1642 663 1876 735 Κύριος,
1925 663 1984 717 ὃν

396 758 552 828 ὑμεῖς
574 755 819 824 ζητεῖτε,
849 757 944 810 καὶ
968 755 996 808 6
1022 753 1286 824 Ἀγγελος
1308 755 1407 826 τῆς
1425 755 1710 826 διαθήκης,
1736 755 1794 809 ὃν
1827 757 1985 828 ὑμεῖς

395 849 596 908 θέλετε.
627 867 644 900 ι
677 849 852 920 Χαῖρε
883 847 1107 919 σφόδρα,
1137 846 1375 918 θύγατερ
1403 847 1560 900 Σιών·
1595 850 1858 919 κήρυσσε,
1888 847 1982 900 θύ-

397 958 568 1013 γατερ
601 940 976 1013 Ἰερουσαλήμ.
1017 941 1148 994 Ἰδοὺ
1175 941 1202 992 6
1232 939 1494 1003 Βασιλεύς
1531 957 1622 992 σου
1654 939 1874 1010 ἔρχεταί
1901 957 1981 994 σοι

395 1033 606 1103 πραΰς,
646 1034 742 1087 καὶ
782 1031 1129 1103 ἐπιϐεϐηκὼς
1179 1033 1272 1086 ἐπὶ
1311 1032 1605 1100 ὑποζύγιον
1652 1033 1747 1087 καὶ
1803 1033 1983 1086 πῶλον

391 1124 513 1178 ὄνου
542 1125 674 1196 (15).
713 1145 730 1176 ι
777 1125 874 1188 Τίς
901 1125 958 1179 δέ
997 1141 1126 1178 ποτε
1152 1124 1261 1178 τῶν
1291 1123 1578 1195 βασιλέων,
1609 1125 1714 1196 ὄνῳ
1737 1126 1982 1198 καθήμεο

392 1233 504 1281 νος,
533 1220 612 1280 εἰς
643 1216 1006 1289 Ἰερουσαλὴμ
1043 1216 1294 1285 εἰσῆλθες
1325 1217 1434 1268 Καὶ
1479 1216 1662 1278 πάλιν,
1712 1235 1730 1268 ι
1763 1217 1980 1289 Τέρπου

393 1311 488 1364 καὶ
512 1309 822 1380 εὐφραίνου,
853 1308 1094 1380 θύγατερ
1119 1305 1278 1367 Σιὼν,
1300 1306 1435 1360 διότι
1464 1307 1576 1377 ἐγὼ
1599 1307 1854 1378 ἔρχομαι,
1887 1309 1982 1362 καὶ

393 1400 800 1473 κατασκηνώσει)
831 1403 888 1454 ὲν
919 1400 1068 1470 μέσῳ
1093 1417 1206 1464 σου,
1234 1399 1382 1468 λέγει
1417 1399 1638 1472 Κύριος.
1676 1401 1785 1453 Καὶ
1810 1417 1980 1454 κατα-

393 1495 678 1566 φεύξονται
712 1493 840 1563 ἔθνη
887 1493 1060 1548 πολλὰ
1088 1493 1181 1546 ἐπὶ
1207 1493 1300 1546 τὸν
1347 1493 1552 1564 Κύριον
1591 1495 1648 1546 ἐν
1694 1497 1759 1564 τῇ
1795 1493 1979 1565 ἡμέρα

391 1589 604 1662 ἐκείνῃ,
655 1587 749 1642 καὶ¹
777 1587 990 1640 ἔσονται
1021 1587 1170 1658 αὑτῷ
1218 1589 1299 1650 εἰς
1331 1588 1478 1640 λαόν.
1541 1606 1559 1636 ι
1617 1587 1729 1639 Καὶ
1780 1586 1975 1648 πάλιν,

397 1698 419 1734 ι
464 1681 594 1735 Ἰδοὺ
631 1679 742 1747 ἐγὼ
778 1678 1092 1732 ἀποστέλλω
1123 1679 1212 1732 τὸν
1247 1679 1478 1747 ἄγγελόν
1530 1695 1631 1749 μου
1667 1678 1772 1750 πρὸ
1806 1695 1976 1750 προσ-

389 1771 541 1824 ώπου
572 1788 693 1833 σου,
731 1770 790 1833 ὃς
820 1771 1222 1824 κατασκευάσει
1251 1770 1350 1841 τὴν
1391 1771 1510 1824 ὁδόν
1547 1787 1640 1822 σου
1669 1769 1976 1841 ἔμπροσθέν

391 1877 485 1914 σου
516 1860 650 1932 (14).
686 1879 704 1911 ι
737 1859 848 1912 Καὶ
872 1859 1054 1925 πάλιν,
1098 1879 1115 1909 ι
1147 1859 1442 1928 Στήσονται
1465 1859 1514 1913 οῖ
1541 1860 1700 1924 πόδες
1720 1859 1886 1913 αὐτοὺ
1917 1861 1976 1912 ὲν

2093 667 2224 722 item
2262 708 2278 734 ,
2315 687 2332 720 ι
2365 669 2562 725 Subito
2607 669 2786 724 veniet
2837 667 2893 723 in
2953 668 3215 739 templum
3279 684 3439 724 suum
3496 670 3686 725 Durni-

2093 775 2198 817 nus
2246 776 2410 832 quem
2472 775 2570 817 νος
2621 761 2888 831 qumritis,
2944 769 2999 816 et
3061 761 3302 828 Angelus
3363 759 3682 817 testamenti

2091 863 2252 920 quem
2294 867 2391 907 vos
2437 851 2607 907 vultis
2631 852 2708 906 “.
2737 873 2755 905 ι
2795 851 2960 918 Item,
3017 869 3035 903 ι
3075 850 3264 907 Gaude
3291 853 3680 919 vehementer,

2093 935 2200 991 filia
2237 937 2368 992 Sion
2394 975 2410 1004 ,
2443 940 2699 1008 pradicet,
2738 939 2844 994 lilia
2877 938 3202 995 Jerusalem.
3238 939 3381 995 Ecce
3408 937 3523 996 Rex
3554 950 3682 996 tuus

2091 1028 2241 1082 venit
2275 1029 2374 1084 tibi
2436 1039 2781 1092 mansuetus,
2831 1039 2886 1086 et
2917 1031 3224 1087 ascendens
3275 1047 3440 1101 super
3491 1033 3684 1101 subju-

2089 1121 2264 1188 galem
2311 1131 2362 1175 ct
2401 1123 2609 1191 pullum
2654 1123 2825 1178 asinae
2846 1123 2911 1177 “.
2948 1142 2966 1176 ι
3018 1123 3153 1190 Quis
3190 1139 3318 1180 vero
3360 1139 3549 1196 regum
3581 1141 3682 1180 un-

2089 1227 2252 1281 quam
2311 1213 2470 1269 asino
2526 1213 2794 1279 insidens,
2874 1215 3311 1288 Hierosolymam
3393 1219 3679 1290 ingressus

2089 1307 2222 1360 est?
2265 1307 2330 1362 Et
2384 1323 2578 1364 rursus
2605 1349 2619 1374 ,
2688 1310 2928 1366 «Lauare
2983 1321 3036 1366 et
3077 1313 3272 1382 gaude,
3312 1312 3420 1367 lilia
3498 1313 3631 1368 Sion
3661 1353 3679 1378 ,

2089 1397 2216 1465 quia
2271 1413 2374 1468 ego
2407 1398 2591 1462 venio,
2623 1406 2679 1454 et
2723 1399 2981 1454 habitabo
3039 1400 3092 1454 in
3154 1401 3337 1454 medio
3405 1399 3506 1463 ttti,
3543 1399 3682 1456 dicit

2090 1487 2376 1546 Dominus.
2429 1489 2495 1543 Et
2535 1491 2858 1562 confugient
2910 1501 3104 1562 gentes
3151 1493 3337 1547 multa:
3366 1491 3432 1547 ad
3489 1490 3679 1546 Domi-

2087 1596 2216 1634 num
2247 1580 2303 1634 in
2361 1579 2450 1634 die
2497 1581 2612 1647 illa,
2663 1588 2717 1636 et
2747 1589 2910 1637 erunt
2957 1584 3005 1638 ei
3067 1583 3121 1638 in
3159 1585 3420 1654 populum
3445 1583 3512 1637 ”.
3551 1602 3569 1634 ι
3610 1581 3680 1636 Et

2087 1681 2284 1728 rursus
2304 1714 2318 1736 ,
2348 1693 2366 1723 ι
2403 1673 2545 1728 Ecce
2571 1687 2674 1744 ego
2708 1675 2868 1728 mitto
2899 1675 3150 1746 angelum
3205 1691 3384 1731 meum
3439 1683 3566 1732 ante
3595 1675 3679 1730 fa-

2085 1764 2224 1816 ciem
2259 1771 2428 1823 tuam.
2461 1764 2555 1833 qui
2589 1765 2918 1835 prreparabit
2947 1766 3091 1820 viam
3125 1776 3272 1821 tuam
3321 1777 3446 1824 ante
3476 1779 3531 1822 te
3559 1767 3628 1822 “.
3654 1786 3674 1818 ι

2087 1851 2151 1908 Ει
2183 1869 2378 1909 rursus
2404 1895 2416 1918 ,
2454 1873 2472 1904 ι
2510 1854 2744 1911 Stabunt
2779 1857 2949 1922 pedes
2988 1855 3109 1926 ejus
3149 1857 3204 1911 in
3246 1858 3337 1914 die
3381 1855 3473 1912 illa
3513 1871 3681 1929 snper

388 1956 454 2024 τῇ
477 1953 659 2024 ἡμέρᾳ
683 1951 865 2022 ἐκείνῃ
883 1952 979 2003 ἐπὶ
995 1951 1055 2004 τὸ
1068 1950 1194 2022 ὅρος
1217 1951 1325 2004 τῶν
1359 1949 1670 2014 Ἑλαιῶν,τὺ
1689 1951 1973 2005 κατέναντι

2084 1953 2320 1998 montem
2367 1945 2660 2012 olivarum,
2711 1947 2804 2016 qui
2847 1955 2930 2001 est
2983 1954 3174 2002 contra
3229 1947 3572 2004 Iiierusalcm
3609 1947 3679 2002 ab

399 2041 751 2115 Ἰερουσαλὴμ
797 2041 856 2106 ἐξ
916 2039 1209 2094 ἀνατολῶν.
1276 2059 1295 2092 ι
1357 2040 1467 2094 Καὶ
1530 2038 1667 2110 μετὰ
1733 2039 1972 2111 βραχέα,

394 2155 414 2188 ι
460 2135 666 2199 Ἔδειξέ
695 2151 785 2204 μοι
811 2133 1016 2205 Κύριος
1048 2133 1138 2186 τὸν
1182 2131 1390 2202 Ἰησοῦν
1421 2131 1558 2201 (iii),
1587 2131 1678 2184 τὸν
1709 2131 1857 2202 ἱερέα
1885 2131 1976 2185 τὸν

391 2227 584 2300 μέγαν,
612 2227 822 2280 ἑστῶτα
860 2225 967 2298 πρὸ
1011 2223 1302 2296 προσώπου
1335 2223 1567 2292 ἀγγέλου
1598 2223 1805 2294 Κυρίου
1827 2237 1840 2252 ·
1883 2225 1977 2276 καὶ

386 2323 418 2376 6
438 2319 676 2383 διάϐολος
714 2319 959 2390 εἱστήκει.
996 2318 1062 2370 ὲκ
1090 2316 1280 2382 δεξιῶν
1308 2316 1473 2370 αὑτοῦ
1512 2317 1607 2369 τοῦ
1639 2317 1975 2372 ἀντικεῖσθαι

386 2411 555 2482 αὐτῷ.
591 2412 700 2466 Καὶ
732 2407 853 2464 εἶπε
886 2411 1089 2482 Κύριος
1132 2409 1268 2480 πρὸς
1299 2410 1388 2464 τὸν
1431 2409 1676 2464 διάϐολον
1699 2427 1712 2440 ·
1758 2411 1977 2464 Ἐπιτι-

390 2504 559 2576 μήσαι
606 2503 809 2574 Κύριος
843 2504 902 2554 ἐν
947 2503 1051 2564 σοὶ,
1092 2501 1324 2555 διάϐολε.
1368 2503 1478 2555 Kal.
1505 2499 1907 2572 διεμαρτύρατο
1948 2500 1976 2552 6

385 2597 614 2664 ἄγγελος
638 2597 844 2668 Κυρίου
871 2599 1008 2666 προς
1030 2597 1120 2650 τὸν
1163 2594 1390 2665 Ἰησοῦν,
1419 2595 1596 2662 λέγων
1613 2609 1626 2622 ’
1653 2594 1791 2649 Τάδε
1825 2594 1974 2663 λέγει

385 2689 588 2762 Κύριος
623 2690 1012 2760 παντοκράτωρ
1037 2703 1050 2717 °
1101 2689 1226 2742 Ἐὰν
1258 2691 1378 2751 ταῖς
1421 2687 1559 2750 ὁδοῖς
1589 2686 1700 2758 (16)
1733 2703 1832 2756 μου
1873 2701 1974 2738 πο·

388 2781 590 2855 ρεύσῃ,
637 2782 731 2834 καὶ
759 2781 852 2835 ἐὰν
881 2780 949 2834 τὰ
990 2780 1390 2852 προστάγματά
1442 2796 1544 2850 μου
1589 2777 1831 2851 φυλάξῃ,
1881 2779 1976 2833 καὶ

387 2875 453 2927 σὺ
503 2875 792 2944 διακρινεῖς
839 2873 953 2942 117)
1018 2871 1108 2926 τὸν
1165 2867 1314 2924 οἶκόν
1393 2889 1514 2943 μου.
1603 2871 1712 2924 Καὶ
1793 2870 1974 2936 πάλιν,

391 2987 409 3019 ι
449 2967 644 3021 Ἀκουε
673 2968 776 3040 δὴ,
807 2967 1048 3038 Ἰησοῦς,
1083 2968 1111 3020 6
1155 2969 1333 3040 ἱερεὺς
1364 2969 1392 3020 6
1424 2967 1616 3038 μέγας.
1657 2985 1675 3017 ι
1719 2967 1975 3031 Ἡσαΐας.

392 3080 414 3112 ι
483 3061 759 3132 Ἐμφανὴς
801 3061 1068 3133 ἐγενόμην
1117 3063 1230 3124 τοῖς
1271 3061 1370 3130 ζεμὲ
1431 3060 1505 3132 μὴ
1553 3059 1774 3130 ζητοῦσι
1825 3059 1973 3130 (18),

385 3153 479 3205 καὶ
525 3153 753 3224 εὑρέθην
793 3155 905 3216 τοῖς
949 3153 1050 3223 ἐμὲ
1101 3151 1174 3223 μὴ
1225 3151 1547 3222 ἐπερωτῶσι
1591 3149 1722 3222 (19).
1771 3168 1789 3201 ι
1831 3150 1978 3219 (Καὶ

383 3244 583 3310 πάλιν,
633 3264 652 3298 ι
705 3246 814 3300 Καὶ
871 3244 1096 3316 βασιλέα
1172 3243 1346 3314 μέγαν
1394 3243 1611 3314 ὕφεσθε.
1667 3263 1686 3297 ι
1733 3243 1868 3298 Θεὸν
1915 3243 1972 3297 δὲ

380 3337 558 3402 οὐδεὶς
585 3338 733 3410 ὁρᾷ.)
765 3338 876 3391 Καὶ
906 3337 1088 3392 πάλων
1121 3355 1140 3388 ι
1189 3337 1619 3408 Ἐπιφανήσεται
1647 3336 1850 3408 Κύριος
1884 3336 1970 3388 ἐπ’

379 3428 616 3495 αὐτοὺς,
673 3429 768 3482 καὶ
820 3427 1192 3500 ὲξολοθρεύσει
1239 3428 1447 3490 πάντας
1491 3428 1618 3490 τοὺς
1661 3424 1816 3488 θεοὺς
1863 3423 1973 3476 τῶν

378 3520 572 3576 ἐθνῶν.
603 3541 621 3572 ι
657 3520 767 3574 Καὶ
800 3520 981 3572 πάλιν·
1020 3539 1039 3572 ι
1073 3520 1203 3574 Ἰδοὺ
1245 3521 1478 3590 πάρειμι
1501 3518 1576 3590 τῷ
1608 3517 1772 3582 ἔθνει,
1799 3517 1849 3571 οἳ
1873 3519 1974 3570 οὑκ

377 3610 783 3666 ἐπεκαλέσαντο
813 3611 874 3665 τὸ
905 3611 1077 3682 ὄνομά
1127 3627 1246 3682 μου.
1273 3630 1292 3663 ι
1339 3611 1522 3672 Δασὶδ,
1563 3629 1581 3661 ι
1633 3611 1693 3663 Ὃ
1727 3609 1974 3679 καθήμε-

377 3720 473 3767 νος
518 3703 610 3756 ἐπὶ
636 3703 743 3756 τῶν
773 3703 1039 3776 χερουϐὶμ
1069 3704 1366 3774 ὲμφάνηθι.
1409 3703 1714 3773 Ἐξέγειρον
1750 3702 1849 3773 τὴν
1873 3701 1968 3754 δυ·

379 3797 635 3850 ναστεὶαν
667 3813 794 3862 σου,
843 3797 939 3850 καὶ
973 3796 1094 3851 ἐλθὲ
1136 3800 1216 3862 εἰς
1246 3797 1306 3850 τὺ
1353 3796 1526 3850 σῶσαι
1577 3797 1747 3868 ἡμᾶς.
1788 3815 1806 3848 ι
1859 3795 1969 3847 Καὶ

381 3889 568 3956 πάλιν,
605 3908 623 3940 ι
647 3889 1032 3962 Καταϐἡσεται
1055 3889 1128 3954 ὡς
1155 3889 1308 3953 ὑετὸς
1339 3889 1430 3944 ἐπὶ
1462 3889 1648 3942 πόκον.
1680 3908 1697 3940 ι
1726 3888 1799 3941 Τὸ
1829 3887 1965 3942 ἀτά-

379 4001 548 4057 ραχον
593 3984 685 4036 καὶ
729 3983 857 4038 ἄνευ
904 3983 1082 4053 ψόφου
1116 3984 1217 4054 τῆς
1261 3981 1620 4044 καταϐάσεως
1661 3980 1966 4052 σημαίνων·

376 4077 473 4128 ἐπὶ
499 4077 608 4147 γὰρ
634 4077 734 4148 τὴν
767 4075 869 4146 γῆν
897 4076 1050 4138 ὑετὸς
1081 4074 1447 4138 καταϐαίνων,
1477 4074 1648 4143 ψόφον
1683 4075 1846 4126 ποιεῖ·
1875 4074 1968 4125 ἐπὶ

374 4167 436 4220 δὲ
473 4167 635 4221 πόκον
660 4167 806 4238 ἐρίου
840 4166 1203 4230 καταϐαίνων,
1235 4167 1296 4219 οὑ
1324 4169 1488 4221 ποιεῖ.
1516 4165 1771 4236 Μιχαίας,
1806 4186 1823 4216 ι
1856 4167 1966 4219 Καὶ

379 4261 469 4324 σὺ,
501 4259 744 4330 Βηθλεὲμ
775 4261 846 4330 γῆ
892 4260 1079 4324 Ἰούδα,
1111 4260 1364 4330 οὐδαμῶς
1401 4259 1657 4330 ἐλαχίστη
1687 4255 1738 4312 εἴ
1765 4263 1822 4315 ἐν
1856 4263 1967 4324 τοῖς

376 4352 643 4422 ἡγεμόσιν
681 4351 868 4405 Ἰούδα·
897 4354 960 4406 ἐκ
986 4352 1093 4424 γὰρ
1121 4352 1213 4406 σοῦ
1237 4351 1577 4416 ἐξελεύσεταί
1605 4369 1695 4421 μοι
1725 4351 1965 4422 ἡγούμε-

374 4459 488 4510 νος,
525 4441 636 4514 (20)
666 4441 724 4506 ὃς
756 4445 1011 4514 ποιμανεῖ
1044 4443 1134 4496 τὸν
1163 4443 1292 4496 λαόν
1328 4459 1430 4512 μου
1464 4441 1558 4496 τὸν
1599 4443 1835 4515 Ἰσραήλ·
1871 4445 1964 4497 καὶ

451 4620 498 4651 ⁸⁸
532 4619 873 4686 Psal.cxvtt,
903 4622 997 4676 27.
1073 4622 1116 4655 ⁸⁸
1149 4622 1384 4677 Malaclt.
1419 4641 1502 4688 ιιι,
1540 4625 1590 4678 1.

379 4707 458 4754 ιι,
500 4694 583 4745 Ill.
683 4692 728 4724 ⁸⁵
751 4692 919 4748 Zach.
951 4710 1062 4756 xw,
1091 4693 1146 4748 4.
1241 4694 1473 4749 “Zacb.
1510 4711 1593 4758 ιιι,
1635 4696 1686 4756 1,
1717 4697 1772 4749 ‘2.

376 4759 423 4793 ⁶¹
448 4763 616 4832 SOph.
650 4779 710 4829 ιι,
736 4764 822 4818 11.
899 4765 943 4796 ⁸³
976 4764 1082 4819 lsa.
1109 4763 1308 4828 t.xv,i.
1385 4765 1431 4796 ⁸³
1454 4765 1598 4820 Psal.
1628 4781 1813 4831 Lxm,
1842 4767 1898 4831 2,
1931 4767 1984 4821 5.

451 4968 562 5042 (l5)
589 4967 676 5042 Ita
709 4975 764 5042 et
785 4967 937 5042 apud
966 4966 1246 5024 Iustinum
1282 4967 1573 5042 Martyrem
1605 4971 1833 5041 legitur;
1864 4971 1960 5026 sed
1996 4973 2037 5028 D

379 5038 434 5111 in
471 5039 710 5092 editione
742 5038 878 5092 LXX
922 5039 1284 5111 interpretum
1319 5038 1437 5111 est,
1458 5041 1635 5094 πῶλον
1663 5038 1808 5111 νέον,
1841 5043 1962 5111 ραι-

379 5109 490 5180 lum
536 5125 742 5172 uorum,
795 5117 957 5178 atque
977 5110 1066 5180 fita
1103 5111 1267 5166 etiam
1325 5110 1522 5180 legitur
1561 5113 1708 5180 apud
1757 5109 1956 5168 Euseb.

377 5179 679 5234 Demonstr.
705 5196 889 5249 evang.
936 5179 1028 5234 lib.
1057 5196 1118 5244 Il,
1145 5196 1198 5236 c.
1234 5180 1289 5244 2,
1319 5179 1390 5234 ιι.
1415 5179 1506 5235 28.
1542 5179 1748 5237 Justini
1779 5191 1960 5237 tamen

378 5251 670 5305 lectionem
722 5252 878 5320 sequi
923 5251 1138 5305 videtur
1181 5251 1416 5306 Ircnzeus
1457 5251 1550 5304 lib.
1600 5269 1651 5305 tv
1695 5251 1960 5307 Adversus

375 5325 564 5392 literas.
604 5335 724 5392 gap.
751 5321 842 5384 ὕϋ,
871 5327 927 5392 et
959 5320 1390 5392 Cyprianus/lib.
1435 5337 1494 5383 ιι,
1530 5321 1774 5384 Τεδιὸιη.,
1795 5339 1845 5376 c.
1866 5325 1958 5378 ‘29.

449 5391 561 5513 (:74)
606 5389 708 5446 llic
747 5391 942 5461 incipit
969 5389 1247 5462 antiquior
1273 5391 1573 5446 Vaticanus
1607 5395 1780 5446 codex
1805 5411 1958 5448 nunt.

449 5472 464 5513 t
525 5501 536 5512 .

378 5462 536 5516 I907.

406 5530 559 5656 ἒὶῌῆ)
601 5529 740 5612 Male
790 5530 1064 5588 recentior
1097 5533 1270 5588 codex
1307 5531 1628 5597 Vaticanus,
1681 5532 1847 5598 ἔδειξέ
1885 5553 1950 5606 με

439 5619 466 5655 ν
554 5619 734 5656 ησουν.

373 5601 466 5656 τὸν
512 5603 584 5657 ’1η
594 5601 734 5657 σούν.

446 5639 779 5743 (111)Ίὲ(;ι1έιι
819 5671 1116 5743 antiquior,
1175 5675 1267 5728 ἐὰν
1303 5675 1361 5727 ἐν
1399 5678 1518 5738 ταῖς
1571 5674 1732 5738 ὁδοῖς,
1785 5689 1949 5744 quam

373 5742 748 5815 lectionetnjn
783 5742 1060 5816 aliquibus
1090 5744 1396 5816 codicibus.
1422 5756 1473 5798 et
1507 5746 1651 5815 apud
1678 5742 1950 5816 Hierony-

371 5827 537 5882 munt
565 5828 785 5882 quoque
830 5815 1058 5882 reperiri
1099 5822 1254 5868 ttotat
1285 5815 1556 5870 Nobilius.

445 5880 563 5952 (17)
584 5880 736 5938 Male
776 5880 1051 5938 recentior
1077 5886 1270 5949 codex,
1302 5888 1396 5939 καὶ
1427 5887 1492 5938 σὺ
1545 5885 1598 5939 δὲ
1629 5885 1946 5956 διακρινεῖς.

698 5975 980 6038 Parnm.
1019 5979 1133 6043 Gn.
1170 5977 1382 6043 XL-l'l.

1672 4623 1902 4679 "Zach.
1937 4641 2012 4690 ιιι,
2049 4624 2102 4678 9.

1873 4696 1914 4726 ⁸⁷
1949 4697 2083 4750 ibid.
2109 4695 2162 4749 6.
2264 4698 2309 4727 ³⁸
2335 4697 2466 4751 ibid.
2495 4699 2526 4748 8

1873 4777 1898 4822 '..
1931 4767 1984 4821 5.
2062 4766 2108 4797 “
2132 4766 2278 4822 Psal.
2318 4784 2465 4822 wit.
2501 4769 2532 4821 6

2079 2032 2302 2088 Oriente
2325 2034 2390 2087 ⁸³.
2421 2054 2437 2084 ι
2500 2033 2564 2089 Et
2616 2043 2740 2104 post
2777 2047 2950 2106 pauca
2973 2077 2988 2102 ,
3029 2054 3048 2087 ι
3105 2034 3364 2092 Ostendit
3394 2038 3528 2091 mihi
3566 2035 3680 2092 Do-

2081 2133 2264 2182 minus
2316 2127 2504 2182 .Iesmn
2580 2130 2922 2186 sacerdotem
2976 2145 3234 2201 magnum
3271 2139 3507 2186 stantem
3547 2138 3678 2185 ante

2082 2220 2274 2275 facient
2333 2221 2507 2294 angeli
2562 2221 2775 2277 Domini
2811 2239 2825 2289 ;
2887 2232 2941 2279 et
2978 2223 3229 2280 diabolus
3262 2225 3442 2279 stabat
3481 2239 3512 2278 a
3539 2223 3676 2279 dex-

2079 2314 2214 2366 teris
2260 2313 2404 2382 ejus,
2447 2324 2506 2368 ut
2559 2315 2946 2371 adversaretur
2988 2317 3064 2372 ei.
3125 2317 3190 2371 Et
3221 2317 3363 2372 dixit
3410 2317 3675 2374 Dominus

2079 2406 2146 2458 ad
2196 2405 2475 2461 diabolum
2513 2425 2526 2460 :
2567 2405 2816 2476 Increpet
2872 2408 3138 2466 Dominus
3172 2412 3227 2465 in
3258 2418 3330 2477 te,
3367 2410 3584 2466 diabole
3603 2411 3672 2466 “.

2079 2493 2147 2548 Et
2212 2499 2636 2553 contestabatur
2707 2501 2937 2569 angelus
3017 2500 3228 2558 Domini
3309 2501 3379 2557 ad
3440 2502 3672 2566 Jcsum,

2079 2585 2303 2643 dicens:
2359 2587 2485 2644 limo
2539 2588 2673 2644 dicit
2720 2589 2986 2648 Dominus
3049 2593 3438 2664 omnipotens:
3473 2593 3530 2648 Si
3569 2596 3675 2649 viis

2080 2681 2219 2735 meis
2271 2682 2673 2752 ambulaveris,
2709 2693 2766 2740 et
2804 2695 3076 2757 praecepta
3127 2701 3247 2742 mea
3297 2686 3627 2744 custodieris
3654 2726 3670 2753 ,

2077 2778 2132 2824 et
2165 2777 2222 2825 tu
2250 2770 2524 2840 judicabis
2552 2773 2776 2830 domum
2811 2793 2988 2832 meam
3013 2778 3079 2831 ".
3110 2797 3128 2830 ι
3154 2778 3216 2831 Et
3249 2793 3466 2846 rursus,
3507 2798 3527 2832 ‹
3561 2779 3673 2834 Λιι-

2076 2863 2134 2920 (11
2183 2879 2336 2935 ergo,
2381 2863 2511 2923 Jesu
2551 2869 2812 2924 sacerdos
2857 2885 3053 2941 magne
3084 2856 3167 2924 ⁸⁸]
3193 2890 3212 2921 ι
3254 2869 3447 2938 Isaias,
3496 2890 3516 2924 ι
3553 2871 3670 2928 Ma-

2079 2957 2318 3014 nifestus
2370 2958 2550 3015 factus
2578 2975 2700 3015 sum
2745 2977 2854 3016 non
2910 2966 3289 3034 quaerentibus
3322 2981 3442 3032 me;
3475 2967 3674 3023 inven-

2083 3063 2170 3108 tus
2229 3069 2351 3110 sum
2411 3056 2480 3110 ab
2530 3056 2616 3110 bis
2676 3057 2771 3128 qui
2820 3073 2905 3113 me
2953 3073 3064 3113 non
3119 3059 3533 3131 interrogabant
3555 3059 3665 3114 ⁸³.»

2083 3145 2172 3214 (Et
2222 3161 2414 3203 rursus
2457 3163 2470 3200 :
2515 3166 2533 3198 ι
2581 3147 2645 3202 Ει
2697 3149 2899 3222 Regem
2948 3165 3206 3220 maguum
3258 3151 3518 3210 videbitis
3542 3153 3611 3208 ⁵⁸.
3645 3172 3666 3207 ι

2085 3239 2250 3295 Deum
2309 3252 2488 3297 autem
2543 3259 2708 3299 nemo
2740 3244 2935 3317 videt.)
2988 3246 3052 3300 Et
3105 3263 3322 3315 rursus,
3362 3266 3381 3300 ι
3418 3247 3668 3320 Appare-

2082 3342 2159 3396 bit
2219 3340 2484 3397 Domiuus
2528 3357 2694 3414 super
2720 3358 2836 3408 eos,
2882 3351 2938 3398 et
2980 3343 3260 3414 disperdet
3295 3359 3489 3402 omnes
3538 3346 3672 3402 deos

2076 3436 2317 3505 gentium
2347 3435 2414 3488 ⁵¹.
2437 3455 2456 3486 ι
2491 3433 2557 3488 Et
2613 3451 2809 3492 rursus
2834 3479 2848 3502 ,
2883 3453 2904 3488 ι
2953 3435 3094 3492 Ecce
3147 3437 3342 3492 adsum
3373 3439 3544 3510 genti,
3573 3439 3670 3510 qui

2077 3541 2185 3580 non
2225 3525 2620 3580 invocaverunt
2645 3541 2843 3581 nomen
2901 3539 3079 3582 meum
3103 3528 3168 3582 ⁸⁸.
3194 3548 3214 3582 ι
3269 3527 3438 3584 David
3462 3570 3477 3596 ,
3511 3547 3528 3582 ι
3561 3529 3667 3597 Qui

2076 3619 2234 3672 sedes
2267 3632 2431 3686 super
2468 3615 2788 3684 Clterubim,
2819 3627 3022 3688 appare
3055 3658 3069 3672 .
3122 3617 3314 3674 Escita
3363 3622 3666 3692 potentiam

2077 3717 2259 3774 tuam,
2293 3719 2347 3765 et
2380 3711 2524 3774 veni,
2559 3719 2620 3766 ut
2645 3711 2828 3766 salvos
2862 3709 3032 3768 facias
3067 3726 3170 3768 nos
3189 3709 3258 3768 ⁸³.
3288 3731 3308 3765 t
3351 3713 3416 3769 Et
3446 3727 3664 3782 rursus,

2082 3820 2100 3852 ι
2142 3800 2444 3858 Descendet
2513 3803 2658 3859 sicut
2699 3803 2884 3873 pluvia
2974 3805 3028 3859 in
3077 3805 3254 3861 vellus
3280 3805 3350 3862 “.
3378 3825 3397 3860 ι
3452 3805 3667 3874 Quibus

2075 3895 2257 3950 verbis
2303 3894 2577 3966 significat
2607 3896 3023 3952 descensionem
3063 3896 3186 3967 ejus
3221 3895 3340 3952 fore
3386 3898 3664 3970 quietam,

2078 4003 2144 4042 ac
2191 3987 2312 4043 sine
2361 3989 2851 4060 strepitu;pluvia
2899 3991 3046 4046 enim
3112 4006 3281 4062 super
3316 3998 3520 4047 terram
3565 3991 3667 4046 de-

2071 4082 2373 4146 scendens,
2412 4081 2699 4152 strepitum
2743 4081 2893 4146 facit,
2927 4098 3089 4139 secus
3114 4097 3268 4151 vero,
3301 4083 3346 4139 si
3386 4099 3552 4153 super
3583 4084 3665 4138 Ia-

2072 4187 2156 4226 ntc
2203 4173 2381 4229 vellus
2443 4173 2766 4229 descendat.
2827 4171 3106 4237 Mli-lunas.
3147 4194 3165 4226 ι
3211 4173 3278 4229 Et
3324 4187 3404 4239 tu,
3447 4174 3664 4230 Bethle-

2071 4263 2196 4318 Itcm
2257 4271 2402 4317 terra
2443 4261 2606 4327 Juda,
2654 4277 3002 4334 nequaquam
3061 4265 3288 4318 minima
3317 4280 3378 4322 es
3417 4265 3472 4320 in
3505 4266 3660 4336 prin-

2071 4351 2286 4421 cipibus
2325 4351 2510 4418 Juda;
2565 4366 2631 4407 ex
2669 4361 2721 4408 te
2777 4351 2924 4407 enim
2973 4353 3148 4409 exibit
3196 4353 3331 4408 mibi
3365 4353 3474 4410 dux
3504 4395 3519 4421 ,
3564 4357 3660 4428 qui

2076 4453 2264 4514 pascat
2305 4443 2568 4514 populum
2631 4459 2815 4499 meum
2851 4443 3018 4501 Israel
3055 4463 3068 4513 ;
3107 4453 3159 4502 et
3215 4463 3474 4518 egressus
3535 4449 3660 4520 ejus

2200 4626 2246 4656 "
2271 4623 2441 4679 Zaclt.
2479 4643 2536 4690 ll,
2577 4628 2664 4686 IO.
2707 4629 2788 4682 I-I.
2868 4629 2913 4660 ⁸³
2971 4627 3204 4684 Malaclt.
3241 4645 3326 4692 III,
3364 4629 3425 4695 I;
3461 4631 3655 4688 Matth.

2264 4698 2309 4727 ⁵⁸
2335 4697 2466 4751 ibid.
2495 4699 2548 4750 8.
2629 4697 2672 4730 ⁸³
2701 4696 2800 4753 lsa.
2839 4714 2963 4764 ur,
3003 4701 3050 4755 i.
3131 4701 3176 4733 “
3201 4700 3306 4757 isa.
3335 4718 3531 4765 xutn,
3566 4702 3654 4755 17.

2140 4971 2254 5042 (18)
2280 4968 2335 5024 in
2372 4970 2618 5042 Romana
2647 4971 2786 5026 LXX
2814 4973 3174 5042 lnterprctum
3199 4971 3438 5042 editione
3469 4971 3653 5042 priore

2071 5039 2192 5096 loco
2222 5039 2325 5102 est,
2370 5041 2743 5113 ἐπερωτῶσιν,
2795 5039 3118 5113 posteriore,
3159 5039 3434 5113 ζητοῦσιν,
3469 5039 3653 5097 ἐοοιιε

2071 5123 2233 5182 atque
2253 5113 2382 5184 legit
2403 5109 2652 5184 .l_u$tit_tus
2672 5109 2875 5184 Mariyt‘
2901 5115 2954 5167 iu
2981 5109 3345 5184 Dialogorum
3377 5109 3655 5184 Trgpltoue

2071 5180 2198 5254 pag.
2248 5180 2394 5248 9.49.;
2426 5181 2484 5254 D_.
2531 5180 2919 5254 iiierouyttius,
2952 5191 3006 5236 et
3054 5180 3466 5254 Sfilyprianus—
3503 5183 3594 5238 lib.
3636 5201 3650 5238 I

2075 5251 2362 5306 Testimon.
2403 5251 2658 5306 adversus
2705 5251 2924 5307 Iudwos
2970 5267 3092 5321 cap.
3121 5251 3225 5317 21;
3268 5253 3508 5322 itemque
3541 5255 3651 5309 Ire-

2070 5339 2224 5393 nizeus
2270 5323 2366 5377 lib.
2415 5339 2474 5376 ιιι
2521 5322 2785 5378 Adversus
2833 5325 3082 5386 Itwreses,
3117 5335 3238 5391 cap.
3285 5321 3340 5386 3,
3393 5321 3648 5393 quicum

2069 5392 2322 5464 Nysseuo
2380 5394 2743 5448 concordant.

2139 5463 2408 5533 (11])ριιαι
2433 5464 2797 5519 setnicirculis
2827 5464 3203 5528 incluuuntur,
3239 5471 3440 5518 desunt
3472 5464 3525 5519 in
3561 5481 3650 5521 rc-

2064 5532 2295 5589 centiOri
2327 5532 2594 5604 Vaticano
2623 5536 2832 5596 codice,
2872 5546 2924 5588 et
2959 5535 3012 5587 in
3047 5535 3194 5604 alio,
3225 5549 3335 5604 quo
3385 5550 3520 5590 usus
3564 5546 3651 5592 est

2066 5602 2626 5676 Sipltattus._l'idetttr
2651 5616 2828 5657 autem
2861 5605 3133 5676 respicere
3154 5602 3435 5676 NySscnus
3462 5606 3528 5660 ad
3571 5609 3652 5660 lo-

2062 5672 2212 5746 cuin,
2241 5673 2502 5746 nifallor,
2541 5672 2688 5728 Isaia:
2719 5689 2913 5738 χχχιιι,
2955 5672 3036 5743 17,
3062 5677 3152 5730 ubi
3182 5672 3280 5740 ait,
3315 5673 3505 5746 Regem
3529 5693 3648 5731 cum

2061 5745 2234 5816 gloria
2272 5743 2530 5816 videbitis.

2133 5817 2249 5883 (20)
2287 5814 2513 5868 Comma
2538 5813 2682 5884 istud
2713 5828 2888 5884 usque
2913 5813 2978 5868 ad
3013 5815 3102 5870 illa
3128 5815 3312 5878 verba,
3334 5816 3428 5869 καὶ
3451 5814 3642 5880 ἔξοδοι,

2063 5900 2173 5940 non
2211 5882 2445 5940 habetur
2474 5884 2527 5938 in
2559 5882 2813 5940 Romana
2830 5884 2967 5939 LXX
2996 5887 3356 5954 lnterprctum
3380 5885 3638 5953 editione,

3333 5979 3374 6036 '1

3865 98 3911 210 ἓ

3866 238 3904 272 Β
