4106 6426
512 435 621 486 203

1763 426 1820 483 S.
1849 425 2177 484 GREGORII
2204 426 2500 483 NYSSEM

3671 427 3769 482 9οι

517 546 585 600 ab
644 545 821 612 initio,
879 560 946 602 ex
996 545 1191 602 diebus
1239 544 1428 602 saeculi
1467 544 1534 599 ⁸³.
1585 563 1606 597 ι
1646 544 1880 616 Moyses,
1918 565 1937 597 ι
1969 545 2100 600 Pro-

2204 545 2369 610 ἔξοδοι
2398 545 2564 599 αὑτοῦ
2600 547 2694 599 ἀπ’
2742 544 2914 616 ἀρχῆς
2959 543 3052 613 ἀφ’
3095 542 3316 614 ἡμερῶν
3367 541 3556 606 αἰῶνος
3590 541 3714 614 (il).
3746 563 3766 598 ι

517 637 733 707 pbctam
786 639 1078 696 suscitabit
1122 639 1279 696 vobis
1330 638 1595 694 Dominus
1630 637 1772 694 Deus
1820 649 2000 693 vester
2030 653 2096 691 ex

459 724 470 734 ’
514 727 780 786 fratribus
821 731 1046 795 vestris,
1092 731 1238 786 sicut
1276 745 1408 796 me;
1462 730 1640 801 ipsum
1677 729 1913 784 audietis
1939 729 2098 798 juxta

513 823 740 886 omnia,
797 838 1142 894 quaecunque
1217 824 1431 879 locutus
1527 823 1690 877 fuerit
1766 821 1922 877 vobis
1976 839 1989 875 :
2044 829 2099 875 ct

512 915 652 982 erit,
693 917 1011 986 quicunque
1070 932 1180 972 non
1234 915 1471 971 audierit
1511 917 1829 986 prephetam
1893 913 2044 968 illum
2079 952 2094 979 ,

513 1001 866 1072 disperdetur
886 1004 954 1058 ".
987 1023 1006 1056 ι

587 1092 742 1154 Multi
805 1095 1084 1166 prophetae
1140 1096 1390 1151 suscitati
1443 1103 1594 1151 sunt.
1654 1095 1729 1152 De
1769 1111 1878 1167 quo
1967 1111 2098 1166 ergo

515 1199 708 1240 eorum
755 1186 1042 1257 loquitur?
1073 1187 1174 1254 Qui
1231 1203 1360 1242 vero
1391 1187 1777 1252 suscitabitur,
1818 1189 1986 1258 legem
2031 1204 2099 1244 ne

516 1274 717 1347 Moysis
749 1276 998 1339 docebit,
1053 1292 1122 1330 an
1178 1277 1385 1331 aliam?
1419 1277 1474 1332 Si
1516 1276 1720 1349 Moysis
1773 1277 1991 1348 quidem
2030 1278 2099 1333 le-

513 1380 666 1438 gem,
713 1366 780 1420 ad
822 1365 952 1437 quid
1024 1381 1431 1438 supervacanea
1493 1367 1720 1422 alterius
1784 1367 2092 1431 suscitatio,

516 1470 642 1510 cum
677 1453 892 1527 Moyses
951 1454 1225 1510 sutliciat?
1285 1455 1382 1510 Sin
1439 1464 1621 1512 autem
1683 1456 1880 1522 aliam,
1913 1459 2100 1513 dicant

515 1564 636 1618 qua:
683 1549 776 1616 sit,
836 1557 890 1604 et
939 1563 1190 1618 quaenam
1230 1548 1348 1616 ejus
1403 1547 1654 1603 doctrina
1685 1590 1700 1614 ,
1757 1557 1811 1603 et
1866 1549 2097 1619 quinam

517 1638 786 1711 Propheta
826 1641 980 1712 ipse?
1007 1640 1177 1696 Nemo
1233 1641 1380 1696 enim
1451 1640 1754 1712 alienigena
1796 1641 2098 1711 quidquam

511 1748 702 1787 earum
731 1748 911 1788 rerum
963 1747 1085 1802 quae
1117 1732 1184 1786 ad
1234 1733 1404 1799 legem
1453 1731 1753 1803 pertinent,
1789 1733 1876 1788 vel
1921 1733 2095 1803 petiit,

515 1827 598 1882 vel
655 1828 884 1882 edoctus
951 1825 1054 1880 fuit
1101 1825 1171 1882 ab
1204 1825 1304 1880 eis.
1352 1824 1493 1892 Quin
1537 1832 1592 1880 et
1638 1827 1878 1880 universi
1955 1824 2099 1880 Deus

516 1917 926 1988 prazdictiouem
968 1917 1038 1973 de
1092 1917 1388 1986 semetipso
1437 1916 1636 1970 factam
1709 1916 2093 1982 conﬁrmavit,
2131 1907 2172 1963 Β

514 2008 644 2064 dum
699 2009 918 2079 inquit,
957 2011 976 2060 ἆ
1013 2007 1182 2064 Recte
1225 2008 1408 2062 omnia
1439 2008 1610 2062 locuti
1663 2018 1814 2064 sunt.
1851 2006 2096 2079 Prophe-

514 2111 624 2157 tam
658 2103 741 2158 eis
769 2101 1049 2158 suscitabo
1076 2117 1144 2156 ex
1179 2103 1358 2156 medio
1383 2101 1616 2156 fratrum
1663 2101 1908 2172 ipsorum
1931 2141 1946 2167 ,
1997 2102 2099 2156 sic-

514 2203 576 2249 ut
635 2201 689 2249 te
733 2213 748 2250 :
799 2202 854 2250 et
895 2193 1039 2250 dabo
1089 2193 1314 2250 verbum
1359 2209 1540 2251 nteum
1591 2193 1644 2249 in
1685 2209 1782 2250 ore
1827 2193 1948 2263 ejus
1975 2193 2043 2247 ".
2073 2213 2092 2246 ο

513 2287 798 2359 Perpende
838 2288 1004 2359 igitur
1037 2287 1146 2342 vim
1199 2287 1368 2357 hujus
1399 2287 1530 2342 dicti
1559 2304 1574 2353 ;
1605 2303 1783 2357 neque
1816 2288 1961 2342 enim
2007 2287 2098 2341 alii

515 2380 795 2452 prophetae
825 2379 964 2434 dixit
1011 2393 1072 2436 se
1102 2377 1322 2434 dedisse
1357 2378 1626 2446 verbum;
1669 2394 1795 2433 nam
1849 2378 1927 2433 illi
1983 2393 2102 2434 ser-

515 2479 710 2529 voru’m
745 2487 896 2527 more
947 2471 1323 2526 ministrantes
1347 2511 1364 2538 ,
1423 2469 1716 2524 dicebant:
1757 2489 1776 2520 ‹
1817 2467 1943 2524 Haec
1968 2468 2102 2524 dicit

517 2563 800 2620 Dominus.
844 2581 863 2616 ι
914 2562 1013 2618 llic
1055 2579 1188 2618 vero
1241 2561 1432 2617 eadem
1463 2601 1478 2626 ,
1517 2575 1625 2633 qua
1659 2559 1844 2628 Pater,
1902 2570 2098 2616 aucto-

516 2659 680 2713 ritate
711 2657 930 2728 leproso
976 2655 1233 2719 dicebat,
1286 2673 1305 2707 ι
1351 2653 1507 2719 Volo,
1537 2655 1780 2710 mundus
1829 2662 1950 2710 esto
1971 2654 2040 2708 ⁸⁸.
2077 2673 2095 2707 ι

515 2750 746 2806 Mortuis
808 2765 1029 2822 quoque
1060 2748 1298 2813 dicebat,
1335 2767 1352 2801 ι
1387 2747 1746 2813 Adolescens,
1780 2747 1882 2802 tibi
1931 2747 2056 2803 dico
2081 2787 2097 2814 ,

516 2859 682 2916 surge
704 2845 818 2908 ",i
856 2849 932 2908 et,
979 2860 999 2894 ι
1038 2839 1264 2904 Lazare,
1301 2839 1423 2896 veni
1453 2839 1604 2895 foras
1631 2839 1700 2895 “.
1737 2858 1755 2892 ι
1792 2839 2103 2895 Commina—

517 2944 610 2992 tur
646 2935 808 3001 mari;
844 2942 900 2991 et
934 2933 1224 3004 spiritibus
1269 2947 1396 2989 cum
1433 2938 1706 3003 potestate
1734 2931 1889 2996 dicit,
1931 2949 1951 2983 ‹
1992 2931 2106 2986 Ta-

517 3043 601 3094 ce,
655 3028 976 3084 obmutesce
999 3025 1066 3080 ⁶¹.
1100 3043 1118 3077 ι
1174 3023 1318 3088 Quid
1375 3033 1557 3078 autem
1597 3023 1703 3079 sibi
1753 3024 1881 3079 velit
1927 3023 2099 3089 illud,

525 3141 544 3173 ι
570 3119 898 3189 Prophetam
924 3117 1069 3174 sicut
1097 3123 1206 3183 te,»
1240 3116 1289 3172 si
1325 3114 1529 3188 Moysis
1552 3115 1724 3186 legem
1758 3129 1883 3170 cum
1943 3115 2105 3171 Chri-

520 3213 591 3269 sti
642 3211 760 3282 lege
791 3207 1317 3281 comparaverimus,
1357 3207 1510 3262 nullo
1559 3205 1783 3278 negotio
1831 3205 2103 3278 intellige-

519 3319 666 3368 mus,
723 3302 1000 3374 simulque
1051 3315 1242 3357 eorum
1277 3299 1572 3356 verborum
1633 3306 1874 3355 mentem
1947 3299 2138 3355 asse-5

518 3410 770 3468 quemur,
832 3408 956 3466 quae
1013 3392 1226 3464 Moyses
1260 3392 1316 3447 in
1366 3391 1484 3462 lege
1518 3390 1784 3462 protulit,
1819 3389 1951 3446 dum
2003 3390 2101 3456 ait,

517 3488 638 3546 Non
681 3489 846 3546 licere
896 3485 964 3542 ad
1012 3485 1134 3556 ejus
1183 3483 1442 3540 mandata
1489 3482 1774 3554 quidpiam
1827 3482 2098 3552 adjicere,

519 3597 620 3638 nec
671 3581 741 3638 ab
801 3579 1008 3636 eisdem
1069 3576 1284 3633 auferre
1343 3576 1410 3630 “.
1462 3573 1732 3630 Praeterea
1787 3573 1917 3628 dum
1989 3573 2100 3639 ait,

524 3693 544 3727 ι
585 3673 767 3744 Ipsum
803 3670 1036 3726 audietis
1069 3667 1228 3738 juxta
1293 3664 1515 3730 omnia,
1567 3679 1910 3735 quaacunque
1950 3663 2104 3718 locu-

518 3776 610 3823 tus
649 3765 814 3820 fuerit
851 3763 1008 3818 vobis
1045 3762 1115 3828 ⁸³,
1161 3780 1181 3814 ι
1237 3759 1512 3830 signiﬁcat
1549 3757 1929 3813 excellentiam
1981 3757 2103 3825 ejus

521 3859 722 3929 dequo
761 3853 1178 3928 praedicebatur.
1212 3852 1384 3907 lsaias
1409 3889 1425 3916 ,
1458 3869 1478 3903 ι
1523 3849 1666 3905 Ecce
1705 3848 1848 3904 Deus
1891 3855 2104 3912 noster,

520 3967 650 4010 ecce
677 3949 941 4006 Dominus
975 3962 1108 4003 cum
1145 3943 1469 4000 fortitudine
1497 3942 1666 4005 venit,
1714 3951 1768 3997 et
1815 3940 2103 3996 brachium

521 4062 646 4104 eum
717 4039 1178 4100 dominatione“.
1213 4059 1234 4094 ι
1281 4037 1454 4092 David
1486 4077 1502 4102 ,
1537 4055 1556 4088 ι
1583 4034 1796 4091 Juravit
1843 4035 2104 4090 Dominus

521 4139 693 4196 David
719 4137 1026 4199 veritatem,
1062 4141 1116 4190 et
1149 4147 1257 4189 non
1294 4128 1652 4186 frustrabitur
1689 4142 1808 4184 eam
1837 4143 1850 4178 :
1883 4125 1960 4182 De
1991 4125 2107 4180 fru-

521 4243 616 4287 ctu
661 4229 872 4288 ventris
919 4227 999 4282 tui
1055 4239 1255 4298 ponam
1286 4236 1453 4292 super
1486 4221 1672 4275 sedem
1719 4226 1869 4272 tuam
1894 4217 1959 4270 ⁸⁵.
1993 4236 2012 4270 ι
2042 4215 2107 4271 Et

521 4340 740 4390 rursus,
781 4342 801 4376 ι
832 4320 1085 4392 Disposui
1115 4322 1503 4375 testamentum
1537 4312 1725 4369 electis
1750 4311 1908 4367 meis.
1938 4309 2106 4365 Jura-

520 4418 576 4472 vi
624 4413 796 4470 David
850 4428 1010 4469 servo
1050 4425 1220 4467 meo:
1259 4407 1446 4476 Usque
1476 4406 1533 4460 in
1591 4413 1854 4461 aeternum
1897 4417 2107 4474 praepa-

523 4509 660 4566 rabo
684 4519 872 4563 semen
927 4511 1105 4569 tuum,
1155 4509 1210 4554 ct
1249 4496 1533 4554 aediﬁcabo
1568 4495 1623 4550 in
1676 4493 2104 4566 generationem,

2202 639 2430 709 Μωσῆς,
2457 657 2474 688 ι
2521 638 2814 708 Προφήτην
2855 637 2983 706 ύμῖν
3035 636 3329 704 ἀναστήσει
3385 632 3581 704 Κύριος
3611 634 3716 704 (22)
3748 638 3774 688 ὀ

2200 731 2330 794 θεὶς
2369 731 2523 800 ήμῶν
2557 733 2620 783 ἐκ
2664 729 2769 782 τῶν
2816 725 3060 796 ἀδελφῶν
3113 726 3288 796 ὑμῶν,
3332 724 3406 788 ὼς
3451 725 3573 796 ἐμὲ
3619 726 3771 778 αὑτοῦ

2200 821 2498 875 ἀκούσεσθε
2527 821 2668 874 κατά
2713 821 2890 874 πάντα
2909 859 2923 883 ,
2965 819 3064 872 ὃσα
3095 815 3160 871 ἂν
3192 815 3415 887 λαλήσει
3454 816 3590 886 πρὸς
3617 815 3770 884 ὑμᾶς’

2201 914 2295 968 καὶ
2335 913 2508 979 ἔσται,
2551 912 2610 976 ὃς
2651 911 2717 966 ἂν
2766 912 2840 984 μή
2868 909 3078 983 ἀκούσῃ
3103 907 3198 964 τοῦ
3235 909 3514 981 προφήτου
3554 907 3770 972 ἐκείνου,

2200 1005 2731 1078 ἐξολοθρευθὴσεται.
2773 1023 2790 1055 ι

2271 1099 2464 1153 Πολλοὶ
2499 1099 2803 1166 ἀνέστησαν
2843 1099 3139 1167 προφῆται.
3168 1090 3317 1166 Ἀρα
3347 1094 3474 1164 περὶ
3511 1093 3660 1147 ποίου
3687 1091 3776 1147 αὖ·

2199 1191 2306 1246 τῶν
2335 1191 2518 1259 λέγεις
2562 1183 2730 1252 οὗτος
2759 1187 2816 1241 δὲ
2849 1189 2878 1240 ὁ
2910 1185 3370 1257 ἀναστησόμενος,
3404 1181 3514 1256 ἆρα
3551 1183 3617 1238 τά
3652 1185 3775 1239 Μω-

2202 1282 2338 1345 σέως
2373 1281 2610 1346 διδάξει,
2656 1281 2689 1352 ἦ
2739 1280 2952 1350 ἓτερας.
2979 1280 3042 1332 Et
3075 1280 3176 1351 μὲν
3214 1279 3281 1332 τά
3323 1277 3598 1340 Μωσέως,
3641 1276 3693 1328 τί
3720 1275 3775 1329 τὸ

2202 1375 2514 1446 περίεργον,
2563 1373 2721 1430 ἄλλον
2778 1373 3078 1442 ἀναστῆναι
3132 1369 3426 1443 ἀρκοῦντος
3509 1367 3772 1432 Μωσέωςς

2201 1469 2263 1522 Εἰ
2295 1468 2352 1521 δὲ
2380 1468 2564 1538 ἕτερα,
2599 1465 2931 1531 εἰπάτωσαν,
2965 1466 3058 1519 καὶ
3101 1467 3232 1518 ποῖα
3258 1460 3326 1534 ἦν
3368 1463 3440 1517 τά
3482 1462 3776 1533 διδάγματα

2201 1557 2365 1612 αὑτοῦ
2387 1598 2402 1624 ,
2441 1559 2535 1611 καὶ
2562 1557 2648 1621 τίς
2676 1558 2704 1610 ὁ
2746 1559 3067 1630 προφήτης;
3109 1556 3218 1610 τῶν
3251 1555 3362 1627 γὰρ
3388 1555 3776 1627 νενομισμένων

2200 1651 2377 1714 οὐδεὶς
2405 1649 2629 1716 ἔξωθεν,
2663 1651 2697 1720 ἢ
2735 1649 2992 1716 ἐδίδαξεν,
3032 1650 3066 1719 ἢ
3116 1649 3284 1720 ᾔτησε
3327 1649 3459 1720 παρ’
3499 1646 3674 1701 αὐτῶν
3709 1663 3774 1700 τι.

2201 1744 2312 1796 Καὶ
2341 1742 2501 1806 αὐτὸς
2525 1741 2583 1796 δέ
2609 1742 2638 1794 ὁ
2666 1740 2774 1794 τῶν
2797 1740 2930 1795 ὅλων
2957 1740 3089 1805 Θεὸς
3116 1739 3362 1810 ἐκύρωσε
3393 1738 3506 1810 (25)
3536 1737 3632 1810 τὴν
3655 1737 3776 1807 περὶ

2202 1833 2394 1888 ἐαυτοῦ
2433 1834 2790 1905 προφητείαν,
2829 1831 3019 1897 εἰπὼν,
3069 1852 3089 1884 ι
3135 1832 3342 1902 Ὀρθῶς
3377 1831 3555 1886 πάντα
3596 1829 3776 1898 ἐλάλη-

2201 1943 2298 1981 σαν
2319 1942 2333 1958 ⁶
2367 1927 2662 1997 Προφήτην
2682 1926 2863 1989 αὐτοῖς
2888 1925 3181 1996 ἀναστήσω
3206 1924 3270 1977 ἐκ
3301 1923 3471 1994 μέσον
3501 1923 3607 1976 τῶν
3635 1922 3776 1977 ἀδελ-

2200 2019 2315 2088 φῶν
2345 2017 2545 2081 αὐτῶν,
2567 2017 2758 2089 ὥσπερ
2792 2017 2853 2070 σέ
2873 2033 2886 2048 ·
2917 2017 3012 2070 καὶ
3037 2015 3194 2070 δώσω
3223 2015 3284 2068 τὸ
3313 2015 3468 2086 ῥῆμά
3493 2031 3594 2085 μου
3627 2015 3683 2067 ἐν
3706 2012 3776 2079 τῷ

2202 2103 2428 2179 στόματι
2455 2107 2640 2162 αὑτοῦ.
2675 2127 2692 2160 ι
2739 2107 2937 2161 Σκόπει
2961 2103 3054 2160 οὖν
3089 2105 3186 2177 τήν
3218 2105 3453 2177 δύναμιν
3477 2103 3568 2158 τοῦ
3600 2103 3774 2176 ῥητοῦ.

2199 2201 2335 2256 Οὐδὲ
2359 2199 2468 2271 γάρ
2496 2199 2640 2271 ἄλλῳ
2671 2201 2926 2272 προφήτῃ
2951 2193 3072 2252 εἷπε
3105 2197 3394 2252 δεδωκέναι
3435 2199 3605 2269 ρῆμα’
3635 2195 3778 2250 αὐτοὶ

2199 2293 2310 2366 γὰρ
2339 2292 2724 2365 δονλοπρεπῶς
2749 2291 3122 2355 διακονοῦντες
3155 2289 3339 2358 ἔλεγον
3364 2305 3378 2320 ·
3417 2307 3438 2341 ι
3475 2289 3610 2344 Τάδε
3638 2289 3776 2356 λέγει

2201 2386 2430 2457 Κύριος.
2473 2404 2493 2438 ι
2529 2384 2701 2448 Αύτδς
2728 2385 2787 2438 δὲ
2819 2387 2958 2438 κατά
2983 2383 3045 2438 τὸ
3074 2381 3337 2455 πατρικὸν
3368 2381 3610 2454 ἀξίωμα,
3641 2381 3778 2446 ἔλεγε

2199 2475 2279 2548 τῷ
2303 2474 2526 2547 λεπρῷ,
2577 2495 2597 2528 ι
2637 2475 2819 2541 Θέλω,
2849 2474 3238 2548 καθαρίσθητι.
3278 2493 3298 2526 ι
3338 2474 3466 2538 Τοῖς
3494 2471 3776 2537 τεθνεῶσι,

2208 2587 2228 2620 ι
2256 2568 2526 2622 Νεανίσκε
2557 2567 2694 2638 (24),
2724 2566 2810 2620 σοὶ
2830 2566 2994 2636 λέγω,
3022 2565 3330 2638 ἐγέρθητιοι
3361 2565 3482 2632 καὶ,
3505 2582 3524 2615 ι
3555 2563 3776 2634 Λάζαρε,

2200 2660 2360 2733 δεῦρο
2380 2660 2504 2726 ἔξω.
2537 2680 2556 2712 ο
2590 2661 2668 2732 Τῇ
2690 2660 2936 2733 θαλάσσῃ
2963 2659 3210 2730 ἐπιτιμᾷ,
3233 2658 3464 2721 καὶτοῖς
3491 2656 3779 2727 πνεύμασιν

2202 2753 2261 2805 ἐν
2287 2751 2504 2822 ἐξουσίᾳ
2525 2793 2541 2819 ,
2577 2750 2772 2820 λέγων,
2827 2769 2844 2802 ι
2874 2749 3064 2803 Σιώπα
3082 2789 3096 2814 ,
3129 2747 3442 2818 πεφίμωσο.
3487 2765 3506 2800 ι
3533 2746 3597 2800 Τί
3623 2745 3673 2798 δὲ
3693 2743 3778 2804 τὸ,

2209 2863 2229 2896 ι
2253 2846 2548 2916 Προφήτην
2569 2843 2761 2915 ὥσπερ
2784 2843 2878 2908 at;
2905 2861 2925 2895 ι
2943 2839 3431 2912 Ἀντιπαραθέντες
3462 2838 3530 2892 τὰ
3555 2835 3781 2899 Μωσέως

2201 2939 2314 3001 τοῖς
2347 2935 2584 3007 Χριστοῦ
2615 2935 2733 3007 (25)
2783 2935 3091 3006 εὑρήσομεν
3135 2932 3229 2985 ἐπὶ
3263 2930 3484 3002 σχολῆς,
3519 2929 3612 2984 καὶ
3659 2927 3780 2981 αὐτὸ

2201 3030 2262 3084 δὲ
2293 3029 2354 3083 τὸ
2386 3028 2674 3101 εἰρημένον
2723 3027 2830 3081 ὑπὸ
2867 3025 3112 3090 Μωσέως
3155 3026 3213 3078 ἐν
3239 3023 3316 3095 τῷ
3355 3023 3542 3094 νόμῳ,
3573 3023 3653 3076 ὃτι
3690 3021 3783 3073 οὐκ

2205 3123 2352 3176 ἐστιν
2379 3123 2464 3176 ἐπ’
2491 3119 2672 3175 αὐτῶν
2697 3119 3036 3191 προσθεῖναι,
3064 3117 3161 3171 καὶ
3183 3116 3286 3169 οὒκ
3319 3114 3470 3168 ἐστιν
3498 3114 3590 3168 ἀπ’
3617 3111 3782 3167 αὐτῶν

2205 3212 2444 3283 ἀφελεῖν.
2486 3207 2622 3266 Εἶτα
2663 3211 2760 3265 καὶ
2789 3207 2980 3274 εἰπὼν,
3035 3225 3054 3260 ι
3092 3205 3264 3261 Δύτοῦ
3307 3204 3611 3261 ἀκούσεσθε
3653 3201 3784 3259 κατά

2207 3305 2406 3371 πάντα,
2445 3303 2545 3357 ὅσα
2597 3302 2665 3356 ἂν
2708 3300 2918 3372 λαλήσῃ
2965 3299 3103 3370 πρὸς
3151 3298 3328 3368 ὑμᾶς,
3369 3315 3388 3349 ι
3443 3296 3692 3369 σημαίνει
3727 3293 3783 3346 τὸ

2206 3397 2472 3469 ὑπέροχον
2518 3394 2631 3462 (26)
2674 3392 2767 3448 τοῦ
2817 3388 3318 3464 προφητευομένον.
3376 3388 3605 3452 Ἡσαΐας
3658 3385 3780 3452 (27),

2212 3509 2230 3542 ι
2271 3489 2402 3544 Ἰδοὺ
2428 3490 2456 3542 ὁ
2485 3487 2618 3551 Θεὸς
2655 3484 2812 3558 ήμῶν
2850 3483 2994 3555 (28)⁶
3047 3483 3159 3536 ἰδοὺ
3195 3481 3399 3549 Κύριος
3447 3481 3584 3552 μετά
3618 3476 3785 3548 ἰσχύος

2205 3582 2458 3654 ἔρχεται,
2527 3578 2622 3633 καὶ
2667 3580 2696 3631 ὁ
2753 3574 2990 3649 βραχίων
3039 3573 3178 3646 μετά
3240 3572 3460 3644 κυρίας.
3519 3592 3538 3625 ι
3594 3567 3782 3632 suae,

2211 3691 2229 3724 ι
2269 3673 2472 3741 Ὠμοσε
2502 3669 2707 3740 Κύριος
2732 3666 2810 3737 τῷ
2841 3665 3007 3718 Δαϐὶδ
3045 3664 3326 3736 ἀλήθειαν,
3362 3664 3459 3717 καὶ¹
3487 3663 3548 3718 ού
3579 3661 3651 3733 μή
3679 3661 3786 3714 ἀθε-

2204 3764 2360 3833 τήσει
2391 3761 2562 3832 αὐτήν
2598 3760 2729 3830 (29)
2771 3759 2869 3812 Ἐκ
2901 3756 3113 3829 καρποῦ
3146 3757 3246 3827 τῆς
3276 3756 3485 3820 κοιλίας
3514 3772 3605 3809 σου
3632 3751 3782 3822 θήσο-

2210 3873 2308 3926 μαι
2357 3855 2451 3907 ἐπὶ
2496 3852 2588 3906 τοῦ
2635 3852 2825 3925 θρόνου
2879 3867 2996 3906 σου.
3037 3869 3055 3902 ›
3098 3850 3208 3903 Καὶ
3249 3848 3433 3913 πάλιν,
3479 3866 3499 3900 ι
3533 3845 3784 3916 Διεθὲμήν

2205 3945 2469 4018 διαθήκην
2490 3948 2604 4009 τοῖς
2629 3944 2908 4007 ἐκλεκτοῖς
2940 3959 3064 4014 μου.
3099 3943 3312 4012 Ὢμοσα
3335 3940 3504 3994 Δαόὶδ
3522 3940 3598 4012 τῷ
3627 3935 3785 4006 δούλῳ

2212 4055 2312 4110 μου
2340 4055 2353 4068 ·
2397 4038 2542 4100 Ἕως
2564 4036 2658 4090 τοῦ
2683 4035 2881 4098 αίῶνος
2911 4033 3184 4105 ἑτοιμάσω
3209 4033 3270 4086 τὸ
3309 4033 3533 4104 σπέρμα
3560 4048 3670 4096 σου,
3699 4027 3784 4082 καὶ

2207 4133 2546 4204 οἰκοδομήσω
2581 4132 2662 4196 είς
2695 4129 2892 4200 γενεὰν
2925 4129 3018 4183 καὶ
3044 4127 3236 4197 γενεὰν
3274 4126 3364 4181 τὸν
3401 4125 3588 4198 θρόνον
3619 4138 3726 4177 σου.
3761 4139 3778 4172 ο

2221 4225 2308 4278 Ἐν
2339 4227 2449 4288 τοῖς
2471 4221 2989 4294 Παραλειπομένοις·
3027 4240 3044 4272 ι
3079 4221 3187 4273 Καὶ
3212 4219 3366 4273 ἔσται
3403 4218 3532 4272 ὅταν
3568 4218 3785 4286 πληρω-

2210 4310 2378 4365 θῶσιν
2411 4312 2466 4364 αἱ
2507 4311 2715 4382 ἡμέραι
2752 4326 2868 4374 σου,
2901 4308 2996 4362 καὶ
3028 4307 3343 4381 κοιμηθήσῃ
3374 4307 3516 4378 μετά
3545 4305 3650 4360 τῶν
3687 4319 3785 4356 πα-

2208 4401 2385 4467 τέρων
2422 4417 2538 4454 σου.
2574 4399 2686 4452 Ka‘t
2713 4399 3006 4470 ἀναστήσω
3049 4398 3110 4451 τὸ
3156 4397 3378 4470 σπέρμα
3415 4414 3510 4451 σου
3541 4394 3676 4468 μετά
3711 4395 3783 4455 σὲ,

2209 4492 2239 4546 ὃ
2266 4493 2378 4562 (50)
2411 4490 2560 4543 ἔσται
2599 4491 2664 4544 ἐκ
2693 4489 2792 4560 τῆς
2829 4489 3038 4553 κοιλίας
3077 4506 3171 4541 σου
3194 4527 3209 4551 ,
3251 4489 3345 4541 καὶ
3384 4487 3657 4558 ἑτοιμάσω
3695 4484 3785 4552 τὴν

524 4609 579 4657 et
625 4595 1031 4670 generationem
1063 4592 1248 4648 sedem
1283 4597 1435 4646 tuam
1454 4589 1523 4644 ".
1562 4606 1582 4640 ι
1630 4587 1690 4640 In
1729 4584 2103 4654 Paralipome«

2214 4577 2489 4654 βασιλείαν
2531 4577 2718 4634 αὐτοῦ.
2769 4579 2940 4643 Αὐτὸς
2987 4577 3334 4650 οἰκοδομήσει
3366 4594 3458 4649 μοι
3495 4574 3670 4632 οἷκον’
3699 4573 3786 4628 καὶ

597 4764 643 4796 ⁸⁵
668 4759 833 4816 llich.
875 4774 931 4819 v,
972 4757 1029 4812 2.
1106 4757 1152 4788 ⁵⁸
1191 4753 1348 4809 Deut.
1392 4766 1548 4814 xvltt,
1598 4750 1682 4810 l5.
1742 4747 1832 4803 l9.
1912 4747 1956 4779 ⁵⁷
1997 4747 2162 4819 Deut.
2191 4760 2359 4819 _xvttr,
2401 4742 2490 4807 15,
2537 4741 2628 4819 l3.
2699 4739 2983 4819 "A-hjattb.
3027 4754 3148 4819 Vrit,
3195 4741 3284 4819 3.__
3316 4740 3372 4819 ff
3400 4737 3538 4819 Duc.
3573 4753 3664 4804 vlt,

527 4835 572 4868 ⁸ο
601 4833 758 4890 Joan.
792 4845 872 4892 xt,
896 4831 984 4884 43.
1063 4829 1104 4859 ⁶¹
1130 4825 1295 4880 Marc.
1324 4841 1362 4892 t,
1400 4823 1493 4877 ‘23.

527 4905 572 4938 “
599 4903 750 4962 Psal.
777 4915 1043 4962 Lxxxvm,
1077 4897 1136 4962 4,
1171 4897 1226 4951 5.

526 5092 626 5132 nec
683 5071 826 5144 apud
866 5068 1199 5144 Cyprianum
1223 5063 1369 5144 “liba
1393 5075 1431 5114 ιι
1466 5059 1684 5144 Turini.
1709 5053 2104 5144 ladverjsusing-

526 5092 626 5132 nec
683 5085 826 5144 apud
866 5085 906 5126 υ
951 5085 1199 5139 prtununt
1251 5085 1344 5118 ιιυ.
1394 5085 1431 5114 l!
1469 5085 1684 5115 auum.
1721 5085 1971 5110 uuumoua
2000 5085 2104 5136 au.-

524 5147 691 5212 dmos,
711 5158 831 5212 cap.
867 5085 957 5205 1;,
998 5139 1092 5194 sed
1124 5133 1483 5212 uillilomiuus
1512 5137 1745 5212 exstant;
1759 5123 2106 5212 apudmdust'i-

677 5193 994 5282 ’ἰῐῖᾐῧῖαίοάο
1034 5223 1154 5282 cum
1185 5199 1771 5282 ΤνῃρΙιοιιιε-ρίιπεηὸοό,
1797 5193 1860 5282 et
1883 5193 2105 5282 i'l‘gertul:

526 5287 732 5340 lianum
751 5271 1402 5344 Adversﬁsludwoskap.
1424 5271 1508 5326 l5.
1529 5271 1798 5345 caeterum
1832 5271 2108 5345 antiquior

528 5336 827 5410 vati—cattus
873 5353 1044 5407 codex
1093 5357 1219 5403 ante
1249 5336 1514 5408 Vver'bum,
1567 5338 1758 5404 ἔξοδοι,
1810 5336 2106 5389 articulum

567 5426 703 5481 onit.

531 5442 718 5562 po???)
755 5491 940 5547 Codex
969 5489 1262 5552 recentior,
1293 5485 1399 5549 ἓως
1430 5481 1648 5545 αἰῶνος.
1683 5479 1761 5533 lta
1793 5488 1848 5534 et
1881 5474 2111 5548 Sipbaui

529 5567 724 5705 ςοὶξέ)
749 5630 908 5705 ilice
937 5629 1016 5705 de
1045 5626 1278 5705 Christo_
1303 5621 1599 5705 prophetia
1641 5615 2113 5705 divet‘sis._}:erbi§

529 5687 856 5774 exprit'nitur
897 5699 1229 5774 in_l{omana
1259 5687 1398 5750 LXX
1422 5687 1812 5774 :lnterpretmn'
1838 5687 2107 5774 editio‘nuI;

531 5755 938 5845 sed'NySSenus
964 5769 1253 5825 lectionem
1283 5766 1550 5836 sequitur,
1577 5755 1699 5833 quae
1727 5761 1958 5815 habetur
1989 5755 2109 5810 Act.

640 5847 708 5880 αις)
1475 5868 1486 5876 .

640 5847 668 5880 σι
1475 5868 1486 5876 .

531 5846 731 5973 miésai'
749 5913 930 5972 Codex
962 5907 1254 5974 recentior,
1293 5907 1389 5973 τὴν
1424 5903 1550 5972 περὶ
1592 5900 1776 5967 αὑτοῦ,
1808 5915 1914 5970 quo
1952 5906 2108 5967 pacto

1570 4822 1614 4851 δ’
1638 4806 1794 4874 Deut.
1827 4833 1924 4882 xu,
1952 4817 2042 4872 52.

2204 4806 2354 4873 )elll.
2378 4806 2538 4878 xvm,
2563 4813 2654 4868 48.
2737 4811 2781 4843 “
2803 4813 2910 4866 lsa.
2950 4826 3038 4878 η,
3072 4809 3158 4864 10.
3241 4809 3285 4842 ⁸⁵
3313 4808 3458 4866 l’sal.
3491 4825 3674 4876 cxxxt,
3702 4806 3782 4859 ll.

2211 5061 2266 5110 et
2311 5050 2593 5124 Siplranus
2615 5050 2770 5124 legit.
2851 5119 2887 5124 η
3015 5119 3029 5124 _
3356 5117 3368 5124 _
3691 5111 3703 5124 .

2311 5068 2366 5106 δι
2413 5068 2593 5106 nanus
2623 5068 2770 5122 legit.

2288 5068 2408 5193 ('24s)
2441 5121 2494 5176 In
2531 5121 2720 5193 eodem
2769 5119 2958 5176 codice
2998 5119 3174 5182 deest,
3219 5117 3495 5184 νεανίσκε,
3550 5128 3647 5170 nec
3690 5111 3783 5166 ista

2215 5210 2317 5248 vox
2349 5192 2402 5247 in
2437 5192 2664 5262 Siphani
2697 5194 2954 5247 versione
2981 5197 3226 5262 apparet.

2293 5263 2405 5332 (25)
2445 5257 2627 5317 Codex
2661 5264 2959 5331 antiquior,
2993 5257 3105 5324 τοῖς
3139 5259 3234 5332 τοῦ
3261 5257 3491 5330 Κυρίου.

2289 5330 2402 5402 (³26)
2443 5334 2629 5388 Codex
2665 5330 2952 5392 vetuStior,
2985 5330 3272 5402 ὑπερέχον.

2287 5399 2400 5477 (27)
2444 5404 2581 5477 litate
2609 5404 2884 5477 recentior
2913 5399 3108 5477 codex,
3143 5399 3426 5477 Σοφονίας.

2288 5463 2399 5545 (28)
2442 5473 2892 5545 Sipbanicodex,
2936 5463 3111 5542 ὑμῶν,
3144 5463 3331 5538 vester,
3357 5470 3514 5540 juxta
3541 5463 3680 5523 LXX
3706 5463 3786 5518 ln-

2215 5543 2521 5616 tcrpretuut
2540 5543 2879 5616 editionem.

2289 5601 2402 5686 ('29)
2440 5615 2624 5670 Codex
2671 5614 2962 5686 recentior,
3009 5619 3064 5668 et
3100 5611 3379 5686 Sipbanus
3421 5610 3570 5686 legit,
3611 5601 3781 5686 αὐτόν.

2217 5698 2276 5740 ut
2296 5676 2472 5740 ‘cti'am
2510 5686 2706 5752 legitur
2736 5683 2877 5755 apud
2907 5676 3284 5738 Irentcum'lib.
3314 5698 3376 5737 ιιι
3409 5676 3664 5737 Adversus
3686 5676 3784 5727 Iur-

2219 5774 2358 5812 reses
2392 5771 2512 5812 can.
2550 5760 2602 5808 υ.

2411 5776 2438 5808 ·.
2502 5771 2602 5808 .u.

2287 5771 2496 5898 Et)?“
2525 5825 2761 5881 editione
2794 5822 2930 5877 LXX
2961 5825 3325 5893 interpretum
3352 5832 3456 5891 cst,
3497 5824 3577 5889 ὃς,
3612 5820 3716 5891 qui.
