4106 6444
389 440 498 497 207

1616 426 1673 478 ὃ.
1715 419 2043 480 GREGORII
2077 419 2119 474 N
2132 416 2376 484 YSSENI

3550 411 3656 466 2'8

391 563 449 610 et
501 553 695 620 arguet
747 543 1022 617 gloriosos
1077 549 1259 607 terrm,
1335 547 1390 596 et
1446 541 1713 610 percutiet
1769 546 1969 592 terram

2079 533 2260 598 δόξους
2291 534 2388 605 τῆς
2439 531 2562 602 γῆς,
2596 529 2688 584 καὶ
2734 526 2964 592 πατάξει
3009 526 3106 595 τὴν
3156 525 3258 595 γῆν
3291 524 3367 596 τῷ
3396 523 3540 596 λόγῳ
3562 523 3657 578 τοῦ

391 643 559 700 verbo
586 639 699 696 oris
733 637 840 702 sui,
895 643 948 690 et
987 633 1044 688 in
1103 631 1301 703 spiritu
1349 645 1447 701 per
1500 629 1641 683 labia
1684 627 1973 683 interiicict

391 735 638 806 impium.
700 729 766 784 Et
811 728 916 784 erit
942 725 1157 797 justitia
1211 723 1433 778 cinctus
1485 711 1732 776 lumbum
1770 733 1930 774 suum
1957 756 1972 782 ,

388 835 446 884 et
474 825 704 880 veritate
727 820 1008 876 involutus
1031 826 1212 874 costas
1235 830 1364 870 suas
1385 815 1454 868 "'.
1489 833 1504 866 ι
1541 812 1609 866 Ει
1633 819 1754 883 post
1775 826 1970 883 pauca,

395 935 415 968 ι
457 915 524 970 Et
554 913 658 970 erit
707 912 764 966 in
811 909 900 965 die
943 909 1034 964 illa
1089 905 1242 961 radix
1281 903 1456 971 Iesse,
1501 913 1556 959 et
1608 903 1703 974 qui
1748 918 1976 958 consur-

391 1009 490 1080 git,
537 1015 596 1062 ut
634 1005 892 1076 princeps
945 1001 1016 1056 sit
1057 999 1346 1071 gentium;
1384 996 1440 1052 in
1473 997 1594 1068 ipso
1625 1005 1816 1068 gentes
1835 1009 1971 1066 spe-

392 1102 626 1164 rabunt,
659 1105 713 1151 et
781 1093 886 1148 erit
935 1092 1154 1162 requies
1192 1091 1312 1160 ejus
1372 1088 1638 1144 honor".
1675 1106 1694 1139 ι
1750 1085 1921 1141 David
1953 1125 1974 1152 ,

395 1212 414 1245 ι
457 1190 628 1248 Sedes
667 1197 784 1256 tua,
824 1185 988 1252 Deus,
1026 1186 1084 1239 in
1129 1184 1394 1239 saaeulnm
1437 1182 1664 1250 saeculi;
1706 1181 1858 1252 virga
1890 1179 1972 1236 di-

389 1281 652 1338 rectionis
703 1279 854 1349 virga
904 1275 1056 1348 regni
1111 1276 1210 1329 tui.
1265 1273 1514 1328 Dilexisti
1564 1273 1872 1342 justitiam,
1919 1279 1973 1326 et

387 1375 550 1429 odisti
598 1371 978 1441 iniquitatem;
1019 1377 1308 1438 propterea
1340 1367 1495 1420 unxit
1535 1373 1587 1419 te
1629 1364 1793 1427 Deus.
1828 1364 1972 1421 Deus

388 1475 538 1530 tuus,
575 1462 697 1517 oleo
745 1459 1128 1516 exsultationis
1156 1473 1266 1528 prae
1303 1456 1660 1528 participibus
1715 1457 1822 1512 tuis
1842 1457 1909 1510 ’⁷.
1949 1475 1967 1508 ι

390 1553 554 1610 Vides
605 1569 636 1607 a
674 1551 788 1606 Deo
860 1550 1026 1604 Deum
1104 1547 1275 1618 ungi;
1327 1547 1566 1601 humana
1602 1546 1746 1600 enim
1803 1560 1973 1600 carne

388 1655 690 1716 assumpta,
737 1643 917 1700 faetus
955 1648 1041 1698 est
1068 1660 1087 1696 ι
1135 1641 1382 1712 pontifex
1414 1648 1468 1694 et
1517 1637 1802 1710 aposwlus
1832 1652 1968 1692 con-

390 1737 650 1797 fessionis
715 1743 919 1790 nostrae
944 1733 1011 1790 ⁷⁸.
1052 1753 1071 1787 ι
1115 1732 1180 1787 Et
1215 1733 1377 1803 paulo
1407 1741 1571 1802 post,
1603 1750 1622 1784 ‹
1661 1729 1724 1784 Et
1753 1738 1831 1794 tu,
1867 1727 1972 1784 Do-

387 1833 556 1896 mine,
603 1839 806 1885 terram
860 1826 1122 1891 fundasti,
1155 1835 1207 1882 et
1239 1842 1403 1896 opera
1447 1841 1706 1882 manuum
1749 1832 1968 1882 tuarum

2081 625 2346 694 στόματος
2377 619 2565 684 αὐτοῦ,
2597 619 2689 673 καὶ
2718 620 2774 671 ἐν
2806 615 3081 686 Πνεύματι
3109 615 3198 670 διὰ
3225 613 3449 687 χειλέων
3481 614 3660 668 ἀνελεῖ

2077 713 2250 784 ἀσεϐῆ
2267 715 2380 786 (41)
2396 730 2408 744 ⁸
2427 713 2521 767 καὶ
2545 712 2696 764 ἔσται
2715 708 3030 780 δικαιοσύνη
3048 707 3353 777 ἐζωσμένος
3376 707 3474 778 τὴν
3491 707 3662 775 ὀσφὺν

2077 803 2275 871 αὐτοῦ,
2324 803 2419 857 καλ⁸
2461 801 2719 873 ἀλήθειαν
2763 798 3092 870 ⁴ἡλειμμένος
3129 795 3230 860 τάς
3277 794 3516 866 πλευράς
3560 795 3661 849 αὐ-

2075 895 2191 953 τοῦ.
2227 915 2246 947 ι
2299 895 2409 949 Kal
2444 893 2558 965 μετ’
2609 893 2788 960 ὀλίγα·
2848 909 2866 943 ι
2907 890 3016 944 Kal
3062 889 3214 942 ἔσται
3274 889 3332 942 ἐν
3365 891 3434 960 τῇ
3479 888 3664 962 ἡμέρᾳ

2075 988 2260 1059 ἐκείνῃ
2289 989 2322 1059 ἡ
2352 985 2474 1058 ῥίζα
2501 985 2594 1039 τοῦ
2635 983 2854 1050 Ἰεσσαὶ,
2885 982 2980 1036 καὶ
3018 983 3046 1034 6
3089 979 3446 1050 ἀνιστάμενος
3475 980 3662 1050 ἄρχειν

2075 1080 2244 1134 ἐθνῶν
2262 1097 2273 1107 ·
2310 1081 2394 1133 ἐπ’
2424 1077 2570 1149 αὐτῷ
2594 1076 2722 1147 ἔθνη
2753 1073 3019 1139 ἐλπιοῦσι,
3055 1073 3146 1126 καὶ
3175 1073 3326 1126 ἔσται
3354 1073 3388 1142 ὴ
3417 1070 3664 1124 ἀνάπαυ-

2079 1189 2162 1236 σις
2187 1169 2352 1226 αὐτοῦ
2386 1171 2540 1240 τιμή.
2587 1188 2604 1221 ι
2657 1166 2856 1231 Δαϐὶδ,
2909 1184 2927 1218 ι
2975 1166 3034 1217 ’0
3067 1163 3254 1236 θρόνος
3284 1179 3410 1227 σου,
3440 1163 3469 1214 6
3499 1160 3658 1228 Θεὸς,

2075 1263 2153 1328 είς
2179 1263 2268 1315 τὸν
2290 1261 2461 1316 αίῶνα
2485 1260 2578 1314 to?)
2598 1259 2792 1322 αἰῶνος
2809 1276 2820 1289 ο
2846 1257 3039 1330 ῥάϐδος
3065 1255 3379 1326 εὐθύτητος,
3405 1255 3438 1324 ή
3467 1252 3662 1326 ῥάϐδος

2073 1357 2174 1426 τῆς
2205 1352 2482 1424 βασιλείας
2518 1369 2634 1407 σου.
2683 1351 3007 1420 Ἠγάπησας
3038 1348 3382 1418 δικαιοσύνην
3411 1347 3504 1401 καὶ
3543 1346 3664 1414 ἐμί-

2077 1467 2249 1521 σησας
2293 1449 2557 1520 ἀνομίαν,
2590 1447 2677 1502 διὰ
2708 1446 2865 1500 τοῦτο
2898 1444 3082 1517 έχρισέ
3123 1461 3179 1498 σε
3213 1445 3241 1498 6
3278 1441 3434 1506 Θεὸς,
3477 1442 3506 1495 6
3530 1439 3663 1505 Θεός

2075 1559 2192 1606 σου,
2221 1541 2398 1596 ἔλαιον
2427 1541 2800 1610 ἀγαλλιάσεως
2831 1539 2958 1610 περὶ
3002 1539 3129 1602 τοὺς
3171 1537 3432 1607 μετόχους
3473 1552 3588 1589 σου.
3637 1552 3657 1586 ι

2086 1628 2252 1699 Ὁρᾷς
2280 1629 2362 1683 ὅτι
2403 1631 2432 1682 6
2464 1628 2595 1690 Θεὸς
2640 1628 2852 1700 χρίεται
2885 1626 3038 1699 παρὰ
3075 1626 3166 1681 τοῦ
3195 1625 3360 1680 Θεοῑν
3392 1625 3666 1697 ἐνανθρω-

2074 1719 2238 1783 πίσας
2275 1718 2646 1789 γὰρ’γὲγονεν
2680 1739 2697 1770 ι
2737 1718 3056 1790 ἀρχιερεὺς,
3100 1717 3194 1772 καὶ
3243 1717 3537 1780 ἀπόστολος
3565 1718 3664 1788 τῆς

2071 1811 2363 1882 ὁμολογίας
2389 1810 2566 1882 ήμῶν.
2606 1829 2623 1862 ι
2660 1810 2771 1865 Kal
2807 1809 2922 1880 μετ’
2956 1809 3132 1878 ὀλίγα,
3170 1827 3189 1860 ι
3215 1811 3325 1876 Kal
3354 1811 3441 1874 σὺ,
3469 1809 3662 1880 Κύριε,

387 1931 518 1979 sunt
576 1922 721 1977 coeli.
765 1921 869 1992 Ipsi
929 1920 1228 1990 peribunt,
1282 1929 1340 1972 tu
1397 1927 1581 1974 autem
1639 1933 1970 1988 permanes;

2079 1905 2175 1977 τὴν
2211 1908 2315 1976 γῆν
2370 1903 2774 1976 ἐθεμελίωσας,
2830 1904 2926 1957 καὶ
2971 1903 3110 1975 ἔργα
3161 1903 3272 1957 τῶν
3311 1902 3508 1975 χειρῶν
3570 1919 3663 1957 σου

385 2026 439 2072 et
481 2030 673 2072 omnes
723 2015 868 2069 sicut
928 2012 1318 2068 vestimentum
1368 2019 1734 2066 veterasccnt.
1773 2010 1841 2064 Et
1890 2011 1970 2066 εἱι

383 2117 480 2163 cut
533 2106 870 2178 opertorium
919 2103 1102 2159 volves
1158 2118 1293 2169 eos,
1341 2108 1396 2158 et
1455 2103 1837 2158 mutabuntur.
1889 2101 1988 2158 Tu'

383 2203 567 2252 autem
597 2195 737 2253 idem
768 2195 885 2266 ipse
912 2208 1002 2249 es:
1045 2201 1099 2249 et
1127 2193 1256 2248 anni
1303 2193 1380 2249 tui
1417 2208 1527 2250 non
1563 2192 1820 2250 deﬁcient
1845 2194 1912 2262 ⁷³,
1947 2213 1966 2246 ι

383 2285 524 2356 qui,
585 2284 882 2350 videlicet,
935 2293 1136 2340 unctus
1190 2299 1274 2340 es.

640 2555 730 2614 lli.
773 2556 852 2612 De
886 2557 1163 2612 nativitate
1194 2555 1309 2625 ejus
1347 2571 1413 2611 ea;
1460 2554 1694 2628 Virgine.

458 2707 654 2771 Isaias,
691 2724 711 2758 ι
754 2705 897 2760 Ecce
929 2703 1090 2775 virgo
1124 2704 1177 2758 in
1213 2714 1373 2760 utero
1418 2704 1666 2769 habebit,
1713 2713 1768 2760 et
1797 2703 1973 2772 pariet

384 2800 580 2862 lilium,
631 2808 687 2853 et
732 2796 1012 2851 vocabunt
1063 2811 1262 2850 nomen
1309 2795 1431 2864 ejus
1483 2794 1809 2852 Emmanuel
1833 2797 1902 2861 '°,
1947 2816 1966 2850 ι

383 2889 530 2963 quod
577 2891 972 2959 interpretatur
1013 2886 1306 2942 Nobiscum
1355 2887 1494 2942 Deus
1531 2888 1600 2941 ⁸⁸.
1639 2906 1658 2940 ι
1695 2888 1758 2942 Et
1787 2890 1972 2960 prius-

386 2997 548 3056 quam
595 2989 896 3052 cognoscat
939 2989 1182 3051 patrem,
1224 2980 1309 3035 vel
1359 2990 1612 3044 matrem,
1661 2981 1816 3036 tollet
1863 2982 1984 3036 νίν-ο

386 3085 556 3132 tutem
589 3076 880 3142 Damasci,
926 3086 980 3131 et
1027 3075 1204 3145 spolia
1247 3073 1508 3130 Samaria:
1562 3077 1814 3132 comedet
1843 3077 1907 3132 δ’.
1946 3095 1965 3128 ι

387 3168 451 3223 Et
507 3167 770 3224 Salomon
825 3167 1180 3238 prophetico,
1241 3184 1260 3217 ι
1325 3165 1471 3222 Puer
1523 3183 1671 3223 eram
1726 3169 1974 3240 ingenio-

2073 1999 2211 2053 είσὶν
2242 2000 2292 2052 oi.
2318 1997 2555 2071 οὐρανοί.
2593 1998 2758 2052 Αὐτοὶ
2786 1997 3135 2061 ἀπολοῦνται,
3177 1997 3242 2051 σύ
3273 1996 3330 2050 δέ
3357 1995 3628 2068 διαμένεις
3647 2013 3662 2029 ο

2074 2091 2168 2146 καὶ
2217 2090 2418 2152 πάντες
2459 2090 2532 2152 ὡς
2582 2089 2794 2160 ἱμάτιον
2851 2088 3355 2163 παλαιωθήσονται,
3409 2088 3502 2142 καὶ
3534 2088 3666 2142 ὡσεὶ

2074 2184 2420 2258 περιϐόλαιον
2461 2180 2656 2247 ἑλίξεις
2689 2181 2908 2245 αὐτοὺς,
2936 2181 3030 2234 καὶ
3058 2181 3475 2252 ἀλλαγήσονται.
3505 2179 3578 2234 Σὺ
3607 2179 3666 2234 δὲ

2073 2283 2103 2335 6
2129 2278 2290 2343 αὐτὸς
2307 2273 2375 2344 εἴ,
2399 2277 2494 2333 καὶ
2519 2276 2588 2332 τά
2611 2275 2709 2349 ἐτη
2727 2293 2821 2330 σου
2853 2275 2955 2330 οὐκ
2981 2273 3346 2346 ἐκλείψουσιν,
3382 2293 3402 2327 ›
3427 2272 3522 2328 τοῦ
3545 2289 3665 2344 χρι-

2077 2371 2295 2435 σθέντος
2317 2369 2537 2442 δηλαδή.

2073 2551 2148 2606 l".
2189 2551 2328 2620 Περὶ
2357 2548 2470 2620 τῆς
2505 2548 2847 2620 γεννήσεως
2885 2546 3072 2602 αὐτοῦ
3104 2545 3216 2616 τῆς
3242 2546 3311 2601 ἐκ
3336 2548 3663 2618 Παρθένου.

2158 2711 2406 2776 Ἠσαίας,
2447 2731 2466 2762 ‹
2517 2709 2646 2764 ’1δού
2685 2711 2718 2781 ἡ
2771 2707 3039 2780 παρθένος
3083 2707 3140 2760 ἐν
3167 2705 3368 2777 γαστρὶ
3394 2706 3544 2772 ἕξει,
3572 2705 3668 2760 καὶ

2074 2806 2286 2871 τέξεται
2304 2804 2438 2870 υἱὸν,
2458 2802 2553 2858 καὶ
2584 2801 2876 2856 καλέσουσι
2904 2799 2964 2853 τὸ
2984 2801 3153 2868 ὄνομα
3193 2798 3361 2853 αὐτοῦ
3489 2797 3667 2870 Mya-

2074 2895 2260 2966 νουήλο
2300 2913 2319 2945 ι
2359 2893 2387 2946 ὃ
2430 2890 2813 2964 ἑρμηνεύεται,
2843 2889 2980 2944 Μεθ’
3013 2888 3184 2959 ἡμῶν
3221 2892 3255 2943 ὁ
3285 2890 3457 2954 Θεός·
3499 2907 3517 2940 ι
3559 2888 3670 2942 Kal

2075 2985 2204 3054 πρὶν
2251 2982 2550 3050 ἐπιγνῶναι
2599 2979 2844 3050 πατέρα,
2876 2978 2910 3048 ἢ
2953 2979 3184 3049 μητέρα,
3241 2977 3468 3049 λήψεται
3513 2976 3670 3031 δύνα-

2079 3091 2170 3146 μιν
2219 3072 2534 3145 Δαμασκοῦ,
2596 3073 2691 3127 καὶ
2741 3073 2810 3126 τὰ
2861 3072 3031 3126 σκῦλα
3080 3071 3395 3142 Σαμαρείας
3429 3071 3662 3124 ἔδεται.»

2075 3169 2187 3220 Kal
2214 3165 2464 3238 Σολομὼν
2499 3165 2870 3240 προφητικῶς,
2905 3165 3016 3236 (ιε)
3046 3185 3063 3216 ι
3095 3166 3232 3228 Παῖς
3265 3165 3414 3236 ήμην
3443 3163 3668 3236 εὐφυὴς,

386 3277 502 3325 sua,
544 3269 600 3316 et
651 3261 880 3316 sortitus
925 3274 1048 3315 sum
1094 3259 1332 3312 animam
1375 3258 1573 3316 bonam
1621 3280 1634 3316 :
1671 3261 1846 3333 magis
1879 3275 1975 3316 au-

2079 3258 2255 3330 ψυχῆς
2300 3275 2360 3312 τε
2411 3257 2600 3330 ἔλαχον
2656 3258 2894 3328 ἀγαθῆς·
2953 3257 3152 3329 μᾶλλον
3201 3257 3259 3311 δὲ
3319 3256 3518 3327 ἀγαθὸς
3568 3254 3668 3320 ὢν,

387 3361 494 3408 tem
531 3369 657 3408 cum
689 3367 867 3409 essent
899 3353 1100 3417 bonus,
1146 3351 1268 3408 veni
1312 3350 1380 3406 ad
1422 3366 1623 3423 corpus
1666 3353 1978 3423 incoinqui-

387 3455 574 3501 natum
597 3445 667 3500 ⁸³.
715 3464 734 3498 ι
791 3445 950 3516 (Quis
999 3445 1167 3516 igitur
1217 3454 1343 3500 ante
1403 3445 1743 3501 nativitatem
1800 3447 1978 3502 bonus

387 3545 526 3604 erat,
580 3545 635 3594 et
687 3539 816 3608 quis
862 3539 1014 3593 venit
1066 3537 1120 3592 in
1165 3552 1368 3609 corpus
1419 3538 1912 3594 incontaminatnm
1932 3538 1976 3608 ἲ)

387 3631 579 3697 Isaias,
614 3651 634 3685 ι
663 3631 728 3687 Et
766 3631 1009 3703 cupient,
1060 3631 1107 3687 si
1154 3631 1285 3686 [lant
1329 3633 1457 3703 igne
1498 3633 1794 3688 combusti.
1839 3633 1978 3699 Quia

387 3725 651 3795 parvulus
685 3730 848 3779 natus
876 3730 962 3778 est
1001 3723 1183 3784 nobis,
1219 3723 1364 3779 illius
1395 3731 1450 3778 et
1485 3722 1648 3778 datus
1677 3732 1765 3780 est
1793 3726 1978 3792 nobis,

387 3816 547 3886 cujus
578 3816 919 3886 principatus
947 3829 1116 3885 super
1155 3814 1447 3869 humerum
1481 3815 1623 3884 ejus,
1666 3822 1719 3869 et
1751 3826 1980 3870 vocatur

389 3921 588 3964 nomen
620 3907 740 3976 ejus
786 3906 968 3976 magni
1009 3905 1228 3961 consilii
1272 3907 1549 3976 Angelus,
1585 3904 1978 3975 Admirabilis,

388 3999 785 4064 Consillarius,
837 3996 980 4053 Dens
1031 3997 1224 4063 fortis,
1275 4006 1508 4068 potens,
1570 3995 1831 4067 Princeps
1879 4014 1972 4069 pa-

388 4092 500 4158 cis,
542 4091 704 4147 Pater
754 4091 922 4144 futuri
963 4091 1150 4146 sznculi
1192 4089 1258 4143 εδ.
1309 4109 1327 4142 ι
1389 4089 1454 4142 Ει
1497 4104 1726 4156 rursus,
1766 4107 1785 4142 ι
1839 4089 1980 4145 Ecce

389 4183 623 4254 iuvenca
661 4183 873 4254 peperit
919 4191 974 4237 et
1009 4198 1117 4237 non
1155 4182 1388 4254 peperit.
1425 4199 1444 4232 ι
1483 4179 1596 4235 Iloc
1644 4188 1830 4236 autem
1873 4182 1980 4236 vir-

389 4277 570 4345 ginem
605 4275 855 4330 denotat.
903 4274 968 4330 Et
1018 4289 1237 4342 rursus,
1274 4293 1292 4325 ι
1329 4272 1617 4345 Bntyrum,
1650 4282 1705 4328 et
1740 4275 1848 4327 mel
1880 4288 1975 4328 co-

392 4367 570 4422 medet
588 4367 658 4421 ⁸³.
698 4387 716 4418 ι
755 4367 854 4423 llis
885 4369 1035 4424 enim
1079 4368 1249 4424 rebus
1280 4367 1552 4432 alebatur,
1583 4381 1706 4422 cum
1747 4366 1978 4422 descen-

389 4459 544 4514 deret
573 4466 750 4514 mater
781 4460 902 4530 ejus
949 4475 979 4514 a
1029 4475 1236 4524 censu;
1275 4474 1400 4514 nam
1445 4468 1638 4530 postea
1673 4458 1978 4514 abundavit

391 4551 554 4606 lacte.
602 4548 668 4602 Et
711 4565 928 4615 rursus,
985 4569 1004 4601 ι
1037 4549 1132 4605 Sic
1174 4551 1309 4606 dicit
1361 4549 1624 4605 Dominus
1677 4548 1922 4606 Sabaoth
1959 4569 1972 4605 :

2079 3348 2240 3425 ἦλθον
2277 3355 2356 3418 είς
2391 3352 2549 3424 σῶμα
2579 3351 2859 3423 ἀμίαντον.
2899 3371 2917 3406 ι
2947 3352 3056 3423 (45)
3087 3351 3205 3422 (Τίς
3233 3347 3325 3405 οὖν
3350 3350 3454 3424 πρὸ
3475 3351 3671 3422 γεννή-

2081 3463 2221 3510 σεως
2243 3440 2310 3517 ἦν
2340 3444 2573 3514 άγαθὸς;
2610 3445 2704 3498 καὶ
2736 3445 2819 3509 τίς
2847 3440 3010 3516 ἦλθεν
3035 3448 3116 3509 είς
3147 3446 3306 3516 σῶμα
3333 3443 3596 3516 ἀμίαντον
3617 3443 3670 3516 ;)

2093 3539 2341 3603 Ἡσαΐας,
2380 3556 2399 3590 t
2443 3537 2551 3592 Kal
2581 3537 2900 3609 θελήσουσιν
2933 3539 2982 3591 εί
3017 3537 3354 3608 ἐγενήθησαν
3400 3536 3671 3608 πυρίκαυ-

2081 3651 2217 3698 στοι,
2246 3635 2329 3687 ὅτι
2357 3631 2568 3686 παιδίον
2599 3629 2862 3701 ἐγεννήθη
2894 3632 3046 3702 ἡμῖν,
3072 3629 3186 3692 υἱὸς
3215 3628 3307 3682 καὶ
3331 3628 3484 3700 ἐδόθη
3516 3630 3668 3699 ἡμῖν,

2081 3717 2142 3778 οὗ
2175 3725 2206 3795 ἠ
2239 3723 2380 3795 ἀρχὴ
2409 3723 2504 3776 ἐπὶ
2533 3721 2627 3775 τοῦ
2655 3720 2806 3792 ὤμου
2841 3719 3031 3782 αὐτοῦ,
3062 3719 3176 3791 (44)
3212 3718 3304 3772 καὶ
3335 3717 3577 3771 καλεῖται
3609 3716 3672 3770 τὸ

2079 3819 2251 3887 ὄνομα
2280 3814 2444 3869 αὐτοῦ
2480 3814 2725 3886 μεγάλης
2771 3813 2965 3885 βουλῆς
2993 3812 3277 3882 Ἄγγελος,
3324 3809 3669 3883 Θαυμαστὸς,

2081 3907 2423 3980 Σύμῆουλος,
2457 3907 2589 3971 Θεὸς
2637 3907 2886 3978 ἰσχυρὸς,
2921 3904 3305 3976 ἐξουσιαστὴς,
3353 3905 3556 3976 ’Λρχον
3594 3903 3673 3956 εί-

2085 4002 2288 4074 ρὴνης,
2335 4000 2526 4072 Πατὴρ
2573 3998 2668 4052 τοῦ
2725 3998 3007 4070 μέλλοντος
3057 3992 3271 4062 αἰῶνος.
3326 3996 3434 4050 Kal
3478 3994 3669 4059 πάλιν,

2085 4111 2106 4145 ι
2148 4091 2278 4145 Ἰδοὺ
2311 4094 2344 4163 η
2367 4091 2598 4164 δάμαλις
2629 4091 2840 4155 τέτοκε,
2867 4091 2959 4145 καὶ
2985 4090 3044 4144 οὐ
3071 4090 3256 4142 τέτοκε
3293 4089 3427 4160 (43).
3457 4107 3474 4140 ι
3502 4086 3674 4140 Τοῦτο

2089 4183 2145 4240 δὲ
2178 4183 2329 4255 δηλοῖ
2373 4185 2473 4256 τὴν
2501 4186 2796 4256 Παρθένον.
2829 4185 2941 4238 Kal
2981 4183 3164 4246 πάλιν,
3205 4203 3222 4234 ι
3265 4181 3554 4252 Βούτυρον,
3581 4179 3674 4233 καὶ

2085 4278 2208 4350 μέλι
2243 4277 2476 4349 φάγεται
2518 4279 2648 4350 (46).
2685 4298 2704 4330 ι
2735 4277 2922 4348 Τούτῳ
2947 4278 3055 4348 γὰρ
3091 4275 3349 4348 ἐτρέφετο
3380 4271 3672 4342 κατιούσης

2081 4368 2180 4440 τῆς
2216 4367 2422 4441 μητρὸς
2454 4369 2619 4422 αὐτοῦ
2647 4367 2755 4422 ἀπὸ
2782 4367 2883 4438 τῆς
2911 4367 3240 4439 ἀπογραφῆς
3261 4383 3273 4397 ·
3312 4365 3536 4436 ὕστερον
3562 4362 3674 4434 γὰρ

2081 4460 2386 4532 εὐπόρησεν
2416 4459 2705 4528 γάλακτος.
2744 4459 2852 4512 Kal
2877 4458 3059 4522 πάλιν,
3097 4477 3116 4510 ‹
3153 4456 3339 4520 Οὕτως
3376 4455 3524 4525 λέγει
3557 4452 3674 4507 Κύ-

2087 4568 2197 4623 ριος
2247 4549 2511 4603 Σαϐαὼθ·
2573 4551 2892 4604 Ἐκοπίασεν
2942 4550 3245 4618 Αἴγυπτος,
3307 4547 3400 4602 καὶ
3436 4547 3674 4618 ἐμπορία

392 4640 688 4696 Laboravit
731 4640 1002 4714 [Egyptus
1054 4651 1110 4698 et
1157 4641 1458 4712 negotiatio
1506 4641 1868 4714 Aitbiopum;
1917 4651 1970 4698 et

2079 4641 2356 4696 Αἰθιόπων
2380 4657 2392 4672 ⁶
2427 4642 2523 4695 καὶ
2558 4645 2606 4695 oi.
2634 4641 2881 4713 Σαϐαεὶμ
2908 4641 3100 4714 ἄνδρες
3133 4641 3326 4712 ὑψηλοὶ
3353 4643 3444 4694 ἐπὶ
3473 4640 3531 4693 οὲ
3557 4641 3675 4692 δια-

425 4822 474 4854 τδ
497 4818 599 4876 lsa.
637 4836 716 4882 ιιι,
747 4820 862 4874 1-5.
907 4821 955 4852 ⁷⁸
980 4819 1114 4876 ibid.
1149 4820 1237 4874 l0.

1332 4820 1378 4852 ""
1405 4819 1551 4876 Psal.
1605 4835 1750 4886 xuv,
1782 4820 1836 4882 7,
1871 4820 1925 4874 8.
2005 4821 2054 4854 ⁷⁸
2088 4821 2254 4876 llebr.
2293 4837 2375 4881 In.
2420 4821 2472 4874 1.

2551 4823 2595 4854 ⁷³
2621 4820 2766 4877 Psal.
2801 4837 2878 4882 cr.
2923 4820 3116 4876 26-28.
3193 4819 3240 4852 ⁸⁰
3275 4820 3380 4873 lsa.
3433 4835 3507 4874 vn
3533 4861 3546 4882 ,
3585 4818 3674 4873 14.

389 4893 644 4948 “Matth.
681 4907 718 4958 I,
745 4891 838 4946 23.
917 4890 964 4923 ⁸⁸
990 4891 1094 4947 lsa.
1126 4907 1245 4956 vni,
1269 4891 1326 4949 4.
1405 4891 1452 4922 ⁸³
1475 4891 1604 4962 Sap.
1633 4907 1748 4958 vui,
1783 4889 1874 4956 19,
1903 4890 1997 4948 '20.
2074 4893 2243 4949 l“lsa.
2279 4907 2354 4958 ix,
2394 4893 2446 4957 5,
2473 4891 2526 4947 6.
2605 4894 2650 4924 ⁸⁵
2676 4893 2784 4948 lsa.
2820 4909 2916 4958 vn,
2949 4893 3036 4946 15.

461 5052 574 5125 (4-1)
605 5051 790 5125 Codex
813 5050 1377 5125 recentior,_aa_e6si'c.

462 5118 576 5194 (42)
624 5123 763 5178 Male
817 5124 875 5180 in
933 5122 1220 5179 vetustiori
1279 5121 1470 5177 codice
1536 5118 1805 5176 Vaticano
1861 5121 1978 5186 πῶς

473 5211 557 5247 ην.

432 5212 578 5334 μᾶἓ)
611 5261 744 5329 Ωιιω
796 5261 1166 5334 semicirculis
1219 5260 1598 5334 includuntur,
1661 5260 1864 5316 desunt
1922 5262 1976 5334 in

391 5332 685 5455 getustiori
739 5334 930 5390 codice
978 5332 1270 5399 Vaticano,
1303 5333 1512 5387 librarii
1555 5347 1750 5389 errore
1803 5333 1982 5388 mani-

415 5415 556 5455 esto.

415 5415 556 5458 (3810.

464 5471 578 5542 (44)
604 5474 667 5527 ln
686 5475 990 5542 recentiori
1023 5473 1212 5530 codice
1259 5470 1549 5536 Vaticano,
1578 5479 1632 5527 et
1667 5473 1721 5526 in
1751 5487 1836 5537 eo,
1869 5487 1982 5541 quo

395 5541 973 5613 ‘ususrestSiphanus,
1001 5544 1095 5596 καὶ
1141 5544 1385 5598 καλεῖται
1407 5543 1508 5612 τῆς
1544 5543 1790 5613 μεγάλης
1856 5541 1982 5613 βουέ

394 5609 772 5688 λῆς-ἄγγελος,
803 5613 938 5674 Θεὸς
970 5613 1186 5685 ἰσχυρός
1208 5631 1222 5645 ο
1245 5616 1341 5688 sed
1377 5609 1696 5688 vetustioiis
1731 5609 1982 5688 Vaticani

395 5680 604 5752 codicis
625 5680 940 5738 lec'tionem,
975 5680 1137 5752 quam
1171 5686 1345 5738 secuti
1371 5699 1583 5749 sumus,
1615 5683 1984 5752 pleriqnero-

393 5750 564 5822 dices,
585 5761 638 5804 et
675 5765 782 5822 nan
829 5750 996 5822 pauci
1015 5753 1239 5822 _anliqui
1292 5753 1482 5808 Patres
1529 5749 1807 5807 exhibent.
1848 5749 1984 5805 Vide

387 5813 662 5874 Nobilium
695 5821 748 5874 in
771 5813 1233 5878 adnotationibus
1270 5823 1335 5874 ad
1367 5838 1489 5876 eum
1529 5825 1729 5876 locum.

461 5887 572 5960 (45)
606 5887 806 5946 Locum
846 5887 1000 5938 hunc
1034 5903 1144 5944 non
1202 5891 1425 5946 metnini
1473 5906 1561 5946 me
1605 5894 1807 5963 legisse
1838 5891 1984 5960 apud

2095 5052 2314 5116 lsaiam,
2373 5061 2468 5106 aut
2511 5053 2676 5106 alium
2720 5054 3056 5126 quempiam.
3099 5055 3444 5126 prophetam.
3491 5052 3676 5126 Δάματ

2079 5123 2372 5195 ligantem
2405 5139 2532 5185 vox,
2583 5123 2972 5195 pro_juvenca,
3019 5123 3162 5195 sa‘pe
3204 5123 3493 5193 reperitur
3531 5123 3674 5192 apud

2082 5193 2223 5248 LXX
2293 5192 2643 5264 Interpretes.
2671 5192 2852 5260 Quare
2869 5194 3070 5249 mirum
3095 5192 3180 5250 est
3209 5192 3358 5248 velid
3390 5195 3677 5264 ignorasse

2085 5264 2410 5334 Sipbanum,
2447 5267 2527 5320 vel
2558 5265 2842 5333 legendum
2895 5267 3180 5322 censuisse
3217 5265 3450 5335 δύναμις
3479 5280 3491 5295 ·
3547 5279 3675 5318 nam

2083 5337 2264 5390 alieno
2296 5351 2526 5405 prorsus
2551 5352 2718 5391 sensu
2752 5337 3146 5404 interpretatus
3170 5345 3254 5391 est
3275 5338 3464 5391 virtus.

2158 5406 2272 5476 (3:6)
2311 5406 2526 5460 Similia
2562 5405 3032 5476 liabetNyssenus
3071 5408 3123 5461 in
3153 5409 3406 5461 oratione
3439 5407 3492 5459 in
3540 5407 3674 5462 illud

2084 5475 2356 5546 Apostoli,
2416 5475 2644 5542 Quando
2673 5478 2776 5530 sibi
2801 5475 3084 5538 subiecerit
3121 5480 3326 5540 omnia,
3388 5489 3511 5530 tunc
3570 5479 3678 5545 ipse

2083 5562 2286 5616 quoque
2311 5547 2454 5614 [ilius
2487 5547 2801 5614 subjicietur
2829 5549 2876 5599 ei
2909 5562 2926 5599 :
2963 5549 3054 5600 ubi
3079 5565 3185 5602 non
3226 5550 3386 5618 longe
3417 5548 3486 5600 ab
3522 5549 3678 5602 initio

2088 5618 2201 5670 haec
2236 5619 2438 5688 inquit,
2458 5619 2526 5671 Et
2551 5618 2812 5686 quomodo
2839 5634 2957 5670 cum
2981 5630 3115 5672 esset
3149 5619 3352 5688 infans,
3375 5618 3678 5685 infantilem

2087 5688 2278 5752 accipit
2318 5687 2513 5746 cibum,
2555 5689 2802 5756 butyrum
2845 5700 2893 5741 et
2927 5689 3029 5742 mel
3053 5689 3369 5750 comedens;
3407 5689 3483 5740 ita
3517 5692 3678 5742 etiam

2088 5773 2205 5810 cuin
2237 5759 2573 5826 processisset
2613 5759 2681 5810 ad
2713 5757 3148 5824 adolescentiam,
3185 5776 3288 5812 non
3331 5761 3592 5814 recusarit
3625 5758 3678 5812 id

2086 5827 2226 5895 quoa'
2249 5828 2371 5879 huic
2397 5830 2546 5882 a‘mti
2567 5838 2678 5882 erat
2711 5846 2999 5900 congruens
3029 5840 3079 5882 et
3111 5846 3268 5884 conre
3309 5830 3440 5884 iens.
