4106 6474
440 393 551 450 εδ)

1481 398 1911 454 ΤΕΞἸΊΜΟΝΙᾹ
1951 398 2330 457 ADVERSUS
2389 401 2697 460 JUDASOS.

3624 414 3729 466 220

448 512 710 581 εήσονται
741 510 874 583 (47),
910 513 1005 568 καὶ
1042 514 1123 568 col.
1155 510 1591 586 ἔσονταιηδοῦλοι,
1626 519 1717 572 καὶ
1738 517 1913 571 ὀπίσω
1941 535 2033 570 σου

2145 517 2366 574 Sabaim
2400 520 2503 576 viri
2538 520 2742 577 excelsi
2782 519 2852 575 ad
2885 528 2939 574 te
2973 521 3308 587 transibunt,
3354 531 3407 579 et
3448 522 3526 578 tui
3567 533 3727 579 erunt

451 603 876 676 ἀκολουθήσουσι
923 605 1191 678 δεδεμένοι
1216 602 1577 681 χειροπέδαις,
1616 610 1710 663 καὶ
1754 610 2035 680 διαϐήσον-

450 712 535 749 ται
566 696 703 767 πρὸς
731 695 811 759 σὲ,
854 698 947 750 καὶ
978 700 1415 771 προσκυνήσουσί
1447 719 1529 755 σοι
1569 703 1662 755 καὶ
1680 702 1737 755 ὲν
1759 702 1841 755 σοὶ
1864 717 2034 773 προσ-

449 786 695 852 εὔξονται
725 788 808 842 ὅτι
848 792 875 843 6
918 790 1051 855 Θεὸς
1097 793 1157 845 ὲν
1187 792 1267 846 σοί
1296 793 1448 859 ἐστι,
1485 795 1578 847 καὶ
1609 794 1708 847 οὐκ
1746 794 1862 847 ἔστι
1906 793 2036 858 Θεὸς

452 878 588 949 πλὴν
625 879 740 935 σοῦ.
782 882 856 934 Σὺ
905 884 1014 954 γάρ
1052 876 1104 936 εἴ
1135 883 1302 949 Θεὸς,
1348 888 1441 940 καὶ
1490 887 1591 940 οὐκ
1624 886 1865 958 ᾔδειμεν,
1905 886 2037 951 Θεὸς

450 971 540 1024 τοῦ
587 972 1013 1046 ἸσραὴλΣωτήρ
1038 975 1169 1046 (58).
1202 996 1222 1029 ι
1266 978 1549 1049 ’ῐεζεκιὴλ,
1587 997 1605 1031 ι
1635 981 1743 1035 Kal.
1768 980 2036 1052 ἐπέτρεψέ

455 1080 523 1133 με
558 1064 764 1135 Κύριος
795 1065 937 1119 κατὰ
956 1068 1055 1138 τὴν
1087 1067 1204 1125 ὁδὸν
1243 1068 1343 1139 τῆς
1386 1070 1559 1141 πύλης
1601 1072 1703 1143 τῆς
1735 1072 2038 1144 βλεπούσης

452 1158 593 1212 κατὰ
628 1159 926 1226 ἀνατολὰς,
961 1160 1056 1214 καὶ
1088 1160 1226 1233 αὕτη
1267 1158 1335 1234 ἧν
1366 1164 1749 1238 κεκλεισμένη·
1793 1166 1888 1220 καὶ
1914 1159 2037 1219 εἷπε

452 1251 654 1323 Κύριος
700 1252 835 1326 πρὸς
867 1254 960 1325 μέσ
1009 1254 1107 1308 Υἱὲ
1136 1254 1446 1328 ἀνθρώπου,
1504 1259 1538 1328 vl)
1573 1256 1715 1329 πύλη
1764 1258 1902 1330 αὕτη
1945 1275 2037 1312 κε-

454 1342 744 1416 κλεισμένη
769 1345 939 1412 ἔσται,
965 1347 1060 1400 καὶ
1080 1346 1252 1411 οὐδεὶς
1275 1349 1336 1401 οὐ
1361 1348 1435 1420 μὴ
1457 1348 1639 1421 διέλθῃ
1659 1351 1727 1404 δι’
1744 1352 1935 1422 αὐτῆς,
1954 1334 2037 1405 ὅτι

454 1436 657 1506 Κύριος
681 1439 711 1490 6
738 1438 870 1502 Θεὸς
907 1439 1123 1511 Ἰσραὴλ
1145 1426 1511 1495 εἶσελεύσεται
1542 1442 1676 1514 (49),
1708 1446 1802 1498 καὶ
1829 1443 2039 1509 ἐξελεύ-

454 1543 604 1581 σεται
640 1528 707 1581 δι’
742 1529 934 1600 αὐτῆς,
974 1530 1067 1583 καὶ
1102 1530 1252 1585 ἔσται
1301 1531 1679 1605 κεκλεισμένη.
1721 1552 1739 1586 ι
1784 1534 2031 1601 Ἡσαΐας,

459 1640 478 1671 ε
501 1620 593 1673 Ἐκ
614 1621 820 1686 κοιλίας
851 1625 1053 1695 μητρὸς
1083 1624 1317 1678 ἐκάλεσα
1344 1626 1405 1678 τὸ
1428 1626 1600 1697 ὄνομα
1622 1627 1786 1680 αὑτοῦ
1821 1629 2039 1699 Μάχαι-

455 1729 555 1784 ραν
578 1713 754 1778 ὀξεῖαν
789 1715 923 1787 (50).
964 1736 981 1768 ι
1018 1717 1234 1789 Δανιὴλ,
1271 1737 1289 1771 ι
1334 1719 1465 1773 Ἰδοὺ
1497 1719 1708 1792 ἐτμήθη
1734 1720 1879 1785 λίθος
1907 1722 2035 1775 ἄνευ

451 1806 670 1878 χειρῶν,
702 1809 796 1862 καὶ
826 1809 1062 1876 ἐπάταξε
1100 1811 1191 1865 τὸν
1225 1812 1516 1881 ἀνδριάντα
1538 1853 1552 1877 ,
1577 1813 1670 1866 καὶ
1707 1814 1923 1882 ἐγένετο
1955 1814 2037 1878 εἰς

451 1898 576 1969 ὅρος
610 1899 768 1970 μέγα,
811 1902 905 1955 καὶ
933 1903 1218 1975 ἐπλήρωσε
1268 1905 1367 1976 τὴν
1399 1906 1746 1978 οἰκουμένην.
1788 1927 1808 1961 ι
1854 1908 1913 1962 Ὀ
1943 1904 2035 1963 οὖν

450 1992 678 2063 τμηθεὶς
720 1992 865 2059 λίθος
910 1995 1038 2049 ἄνευ
1070 1996 1269 2066 χειρὸς,
1314 1997 1461 2051 ἔστιν
1506 2000 1534 2052 ὁ
1574 1999 1851 2071 γεννηθεὶς
1906 1999 2034 2055 ἄνευ

452 2084 659 2153 σπορᾶς
701 2084 911 2155 ἀνδρὸς.
971 2086 1196 2152 Ἡσαΐας
1241 2088 1423 2156 πάλιν,
1464 2109 1482 2141 ι
1520 2083 1756 2157 ¹Ἄκουε,
1813 2093 2030 2165 οὐρανὲ,

450 2176 547 2228 καὶ
598 2176 888 2242 ἐνωτίζου,
936 2181 969 2250 ἡ
1027 2179 1119 2250 γῆ,
1164 2183 1246 2236 ὅτι
1276 2181 1480 2253 Κύριος
1540 2183 1835 2254 ἐλάλησενο
1878 2186 2037 2249 Υίοὺς

450 2264 734 2336 ἐγέννησα,
772 2269 866 2320 καὶ
892 2267 1104 2337 ὖψωσα,
1138 2271 1290 2325 αὐτοὶ
1319 2273 1376 2326 δέ
1410 2290 1476 2343 με
1511 2273 1782 2346 ἠθέτησαν
1803 2316 1815 2329 .
1854 2277 2038 2344 Ἔγνω

452 2353 579 2424 βοῦς
616 2355 705 2409 τὸν
740 2356 1113 2427 κτησάμενον,
1146 2359 1239 2413 καὶ
1268 2360 1388 2424 ὄνος
1434 2360 1531 2434 τὴν
1562 2362 1770 2435 φάτνην
1812 2364 1905 2418 τοῦ
1942 2383 2037 2419 κυ-

452 2448 568 2518 ρίου
609 2448 793 2503 αὐτοῦ·
834 2449 1051 2523 Ἰσραὴλ
1083 2452 1139 2506 δέ
1175 2471 1243 2523 με
1280 2455 1381 2509 οὐκ
1413 2454 1575 2524 ἔγνω,
1609 2456 1729 2510 οὐδὲ
1752 2459 1780 2511 6
1809 2456 1936 2521 λαός
1968 2475 2036 2528 με

452 2540 675 2610 συνῆκε.
713 2561 731 2594 ›
771 2543 882 2599 Καὶ
926 2542 1107 2609 πάλιν,
1142 2563 1160 2596 t
1208 2545 1355 2600 Λάϐε
1390 2547 1553 2616 τόμον
1599 2548 1788 2603 καινοῦ
1833 2550 2034 2621 χάρτου

452 2634 690 2703 μεγάλου
714 2633 848 2706 (5i),
871 2638 965 2689 καὶ
984 2637 1194 2708 γράψον
1227 2641 1284 2695 ἐν
1304 2640 1455 2712 αὐτῷ
1470 2642 1692 2713 γραφίδι
1724 2643 2033 2715 ἀνθρώπου,

448 2724 547 2778 τοῦ
578 2725 743 2790 ὀξέως
773 2731 1051 2802 προνομὴν
1088 2731 1308 2797 ποιῆσαι
1356 2732 1589 2787 σκύλων.
1639 2734 1751 2789 Καὶ
1798 2737 2039 2807 προσῆλ-

450 2816 545 2869 θον
592 2818 728 2889 πρὸς
772 2820 871 2891 τὴν
918 2824 1227 2895 προφῆτιν,
1259 2826 1353 2878 καὶ
1397 2827 1453 2878 ἐν
1487 2828 1685 2897 γαστρὶ
1730 2827 1912 2893 ἔλαϐε,
1945 2828 2041 2882 καὶ

447 2910 637 2964 ἔτεκεν
664 2912 800 2966 υίόνο
829 2914 923 2968 καὶ
944 2911 1067 2968 εἶπέ
1106 2935 1194 2988 μοι
1222 2917 1426 2990 Κύριος
1447 2935 1460 2948 '
1494 2919 1739 2975 Κάλεσον
1783 2919 1845 2974 τὸ
1870 2920 2040 2992 ὄνομα

448 3002 650 3070 αὑτοῦ,
700 3005 920 3077 Ταχέως
979 3007 1306 3074 σκύλευσον,
1356 3010 1551 3075 Ὀξέως
1582 3012 1971 3083 προνὸμευσον.
2013 3032 2031 3065 ι

449 3093 629 3162 Τόμον
658 3092 751 3147 οὖν
776 3096 957 3149 καινὸν
988 3096 1215 3168 νοοῦμεν
1242 3100 1338 3171 τὴν
1379 3101 1673 3175 Παρθένονδ
1706 3102 1895 3175 ὥσπερ
1930 3103 2038 3176 γὰρ

2142 612 2308 674 servi,
2372 620 2427 668 ct
2485 622 2611 683 post
2670 623 2724 669 lc
2780 623 3080 684 sequentur
3135 614 3306 669 vincti
3362 613 3619 677 manicis,
3676 624 3728 669 ει

2141 706 2460 761 transibunt
2491 707 2555 763 ad
2593 714 2669 772 te,
2701 711 2756 763 et
2787 708 3096 766 adorabunt
3116 718 3195 774 te,
3217 718 3273 764 et
3297 710 3352 763 in
3387 718 3438 764 te
3466 710 3727 773 orabunt,

2139 796 2400 867 quoniam
2432 798 2489 852 in
2533 804 2587 853 te
2621 798 2763 854 Deus
2798 804 2902 861 est,
2950 805 3006 853 et
3047 814 3155 853 non
3190 807 3276 854 est
3334 799 3477 855 Deus
3518 802 3728 871 abstine

2141 893 2214 941 te.
2246 884 2328 941 Tu
2357 887 2503 941 enim
2536 884 2681 943 Deus
2724 902 2809 951 es,
2852 897 2907 943 et
2947 887 3354 952 nesciebamus,
3382 888 3528 944 Deus
3555 887 3729 944 Israel

2142 974 2402 1031 Salvator
2424 976 2490 1030 ⁸⁸.
2527 995 2544 1028 ι
2575 974 2854 1044 Ezechiel,
2901 996 2919 1029 ‹
2954 975 3020 1031 Ει
3042 978 3320 1033 convertit
3348 994 3435 1034 me
3458 977 3729 1033 Dominus

2140 1067 2209 1122 ad
2255 1068 2402 1122 viam
2446 1077 2619 1139 portae
2661 1068 3010 1138 respicientis
3042 1066 3111 1122 ad
3159 1066 3469 1134 Orientem,
3520 1077 3576 1126 et
3611 1070 3728 1126 haec

2139 1169 2259 1214 erat
2293 1160 2503 1216 clausa.
2530 1160 2596 1214 Et
2624 1159 2763 1214 dixit
2788 1159 3053 1216 Dominus
3081 1160 3150 1215 ad
3176 1177 3262 1216 me
3296 1180 3308 1216 :
3336 1158 3438 1216 Fili
3463 1160 3727 1230 hominis,

2142 1260 2299 1323 porta
2336 1253 2453 1307 lucc
2482 1253 2672 1308 clausa
2702 1253 2828 1320 erit,
2855 1261 2912 1308 et
2960 1269 3124 1309 nemo
3164 1254 3422 1309 transibit
3453 1269 3551 1325 per
3580 1270 3725 1321 eam,

2140 1346 2402 1415 quoniam
2433 1345 2699 1401 Dominus
2726 1345 2869 1402 Deus
2898 1344 3064 1402 Israel
3101 1346 3465 1417 ingredietur,
3499 1354 3554 1403 et
3576 1336 3732 1417 egre-

2140 1437 2323 1492 dietur
2360 1452 2458 1509 per
2508 1453 2653 1501 eam,
2697 1446 2752 1492 et
2800 1439 2905 1493 erit
2949 1438 3138 1493 clausa
3158 1437 3227 1493 ⁸⁷.
3270 1458 3288 1492 ι
3345 1439 3537 1506 Isaias,
3578 1458 3596 1491 ι
3644 1438 3724 1494 Ex

2141 1537 2300 1583 utero
2352 1530 2549 1585 matris
2599 1528 2797 1584 vocati
2862 1546 3062 1586 nomen
3125 1532 3248 1601 ejus
3300 1532 3541 1602 gladium
3597 1548 3730 1588 acu-

2142 1624 2256 1671 tum
2274 1617 2343 1672 ⁸⁸.
2381 1637 2400 1670 ι
2441 1617 2656 1685 Daniel,
2693 1636 2710 1671 ι
2745 1617 2887 1675 Ecce
2940 1620 3226 1677 abscissus
3275 1632 3362 1677 est
3414 1623 3555 1693 lapis
3606 1623 3729 1679 sine

2142 1715 2420 1783 manibus,
2453 1725 2505 1771 et
2535 1716 2812 1787 percussit
2855 1725 3096 1774 statuam
3119 1719 3188 1786 ⁸9,
3231 1729 3287 1775 et
3335 1719 3516 1777 factus
3556 1730 3640 1776 est
3673 1719 3729 1775 in

2144 1815 2388 1863 montem
2447 1824 2749 1879 magnum,
2810 1819 2866 1866 et
2925 1811 3175 1882 implevit
3234 1814 3548 1868 universam
3621 1823 3731 1869 ter-

2143 1901 2341 1953 ram”.
2378 1919 2397 1952 ι
2440 1901 2604 1971 Lapis
2638 1902 2809 1972 igitur
2856 1903 3141 1960 abscissus
3175 1905 3295 1961 sine
3329 1904 3607 1970 manibus,
3662 1905 3732 1958 il-

2143 1992 2255 2047 lum
2315 1994 2505 2064 utique
2550 1993 2830 2064 signiﬁcat
2871 1996 2966 2066 qui
2998 1997 3218 2065 genitus
3269 2004 3353 2052 est
3386 1998 3596 2067 absque
3629 1998 3729 2051 viri

2142 2087 2374 2142 semine.
2423 2086 2600 2143 Isaias
2628 2088 2850 2147 iterum.
2892 2105 2911 2138 ι
2948 2088 3112 2154 Audi,
3151 2088 3378 2152 cadum,
3407 2096 3461 2143 et
3499 2088 3729 2145 auribus

2141 2180 2383 2250 percipe,
2408 2186 2579 2244 terra,
2605 2180 2731 2250 quia
2760 2178 3025 2236 Dominus
3049 2180 3270 2235 locutus
3296 2190 3381 2236 est
3406 2199 3418 2234 :
3445 2178 3615 2237 Filios
3635 2197 3729 2252 ge-

2142 2271 2236 2325 nui
2282 2280 2335 2325 et
2366 2272 2625 2336 exaltavi,
2658 2271 2763 2343 ipsi
2793 2281 2976 2327 autem
3014 2281 3344 2342 spreverunt
3373 2289 3480 2329 me.
3513 2271 3732 2344 Cogno-

2140 2363 2221 2417 vit
2265 2364 2365 2420 bos
2415 2378 2816 2433 possessorem,
2871 2371 2926 2420 et
2982 2365 3175 2421 asinus
3228 2381 3471 2437 praesepe
3519 2365 3729 2421 domini

2142 2455 2267 2525 sui;
2306 2456 2475 2512 Israel
2506 2465 2688 2510 autem
2722 2472 2808 2511 me
2837 2473 2947 2512 non
2981 2458 3264 2528 cognovit,
3289 2467 3345 2513 et
3382 2458 3618 2528 populus
3643 2469 3732 2512 me

2145 2562 2256 2602 non
2300 2548 2573 2625 intellexit
2596 2547 2665 2602 ⁸³.
2700 2565 2719 2599 ι
2767 2547 2833 2602 Ει
2862 2563 3078 2616 rursus,
3117 2567 3135 2600 ι
3167 2548 3338 2604 Sume
3373 2549 3471 2605 tibi
3519 2557 3729 2604 tomum

2145 2652 2299 2691 novae
2366 2637 2574 2691 chartae
2632 2652 2864 2709 magnae,
2928 2646 2983 2693 et
3041 2638 3222 2694 scribe
3278 2639 3334 2694 in
3376 2654 3443 2695 eo
3487 2639 3731 2696 hominis

2145 2728 2322 2798 style,
2377 2736 2436 2781 ut
2488 2728 2749 2784 velociter
2794 2729 3259 2799 depraedationem
3314 2729 3483 2785 faciat
3526 2732 3733 2801 spolio-

2143 2830 2285 2869 rum.
2353 2815 2420 2871 Et
2472 2817 2686 2873 accessi
2740 2818 2805 2872 ad
2860 2818 3306 2888 prophetissam;
3361 2827 3416 2875 et
3471 2819 3527 2875 in
3575 2828 3732 2877 utero

2146 2909 2404 2979 concepit
2433 2918 2489 2965 et
2519 2910 2731 2980 peperit
2772 2911 2968 2965 lilium.
3003 2910 3067 2965 Et
3098 2912 3236 2967 dixit
3263 2911 3530 2970 Dominus
3556 2914 3686 2969 mihi
3712 2932 3730 2969 :

2146 3000 2293 3057 Voca
2336 3017 2537 3057 nomen
2590 3002 2732 3072 ejus,
2786 3003 2910 3058 Cito
2958 3005 3155 3073 spolia,
3206 3002 3479 3060 Velociter
3524 3006 3733 3077 deprae-

2144 3094 2276 3151 dare
2296 3096 2362 3149 9’.
2397 3113 2415 3147 ›
2453 3094 2684 3148 Tomum
2725 3095 2897 3164 igitur
2921 3110 3125 3149 novum
3156 3094 3224 3150 de
3253 3094 3479 3166 Virgine
3525 3098 3731 3152 intelli-

446 3185 477 3237 ὁ
510 3186 717 3257 χάρτης
760 3189 944 3257 και·ιὸς
988 3192 1103 3246 ἐστι
1140 3192 1400 3266 καθαρὸς,
1448 3193 1695 3267 ἄγραφος
1723 3194 1821 3259 ὢν,
1865 3195 2038 3262 οὕτως

2145 3188 2361 3259 gimus;
2395 3187 2854 3258 quemadmodum
2880 3188 3025 3242 enim
3058 3202 3198 3242 nova
3228 3189 3417 3244 charta
3451 3203 3586 3259 pura
3618 3200 3724 3253 est,

447 3278 595 3348 καὶὴ
625 3279 896 3350 Παρθένος
920 3282 1050 3351 ἁγία
1068 3282 1314 3355 ἀμύητος
1343 3285 1556 3358 ἀνδρός.
1584 3289 1695 3341 Καὶ
1719 3288 1876 3342 πάλιν
1902 3290 2036 3361 (5:2),

454 3388 473 3419 ι
520 3369 635 3423 Πᾶν
688 3369 852 3441 ἄρσεν
905 3370 1173 3443 διανοῖγον
1227 3376 1461 3446 μήτραν,
1513 3377 1666 3448 ἆγιον
1718 3377 1796 3449 τῷ
1853 3377 2040 3451 Κυρίῳ

448 3458 799 3531 κληθήσεται.
838 3482 856 3515 ι
892 3463 1058 3517 Οὐδὲν
1086 3465 1142 3519 δὲ
1171 3466 1337 3538 ἄρσεν
1366 3467 1625 3537 διανοίγει
1659 3471 1891 3541 μήτραν,
1923 3471 2038 3524 ἀλλ’

447 3555 482 3623 ἡ
522 3555 772 3608 κοινωνία
808 3555 1000 3626 ἀνδρὸς
1042 3558 1179 3629 πρὸς
1205 3561 1460 3631 γυναῖκα.
1496 3560 1569 3614 Τὸ
1597 3559 1727 3630 γοῦν
1748 3563 2038 3634 εἰρημένον

448 3646 583 3719 περὶ
612 3646 702 3700 τοῦ
732 3647 939 3720 Κυρίου
975 3649 1214 3721 νοητέον.
1260 3650 1554 3722 Συμϐαίνει
1585 3653 1644 3707 δὲ
1674 3654 1901 3720 πολλοὺς
1930 3656 2039 3710 τῶν

450 3739 810 3808 πρωτοτόκων
852 3737 989 3793 εἴναι
1045 3742 1282 3810 ἀσεϐεῖς,
1332 3744 1427 3798 καὶ
1476 3745 1857 3818 ἁμαρτωλούς.
1916 3746 2042 3812 Πῶς

448 3827 545 3884 οὖν
577 3826 720 3886 οὗτοι
762 3832 905 3901 ἆγιοι
939 3832 1015 3904 τῷ
1063 3834 1275 3907 Κυρίῳ,
1306 3835 1396 3889 διὰ
1427 3837 1587 3891 τοῦτο
1634 3838 1726 3892 καὶ
1782 3839 2040 3910 diuinum;

449 3924 539 3977 διὰ
567 3925 620 3977 τί
663 3925 719 3978 δὲ
768 3925 841 3998 μὴ
884 3928 979 3982 καὶ
1035 3929 1139 3981 πᾶν
1188 3928 1358 4000 θῆλυ;
1396 3931 1563 4002 Δῆλον
1610 3927 1724 3993 οὖν,
1755 3933 1837 3985 ὅτι
1880 3934 2045 3997 αὐτὸς

451 4018 605 4085 ἅγιος
630 4017 741 4087 (55)
781 4021 876 4073 καὶ
902 4019 1132 4091 ἄμωμος
1168 4021 1346 4091 μόνος,
1376 4023 1561 4077 Δαϐίδ.
1618 4043 1638 4076 ‹
1675 4026 1878 4096 Μήτηρ
1906 4024 2044 4079 Σιὼν

450 4110 588 4178 ἐρεῖ,
624 4108 964 4180 Ἀνθρωπος,
1015 4110 1110 4163 καὶ
1152 4109 1435 4181 ἄνθρωπος
1474 4112 1738 4183 ἐγεννήθη
1786 4113 1844 4165 ἐν
1879 4110 2037 4184 αὐτῇ,

451 4204 548 4255 καὶ
576 4203 733 4266 αὐτὸς
768 4201 1124 4273 ὲθεμελίωσεν
1145 4203 1313 4274 αὐτὴν
1344 4203 1374 4253 6
1407 4203 1691 4272 ’Ύψιστος.
1733 4220 1751 4254 ι

2144 3298 2268 3335 cum
2319 3281 2459 3336 nihil
2499 3281 2554 3335 in
2580 3295 2643 3335 ea
2674 3280 2944 3349 scriptum
2978 3288 3084 3347 est,
3138 3282 3214 3335 ita
3240 3290 3297 3336 et
3336 3291 3531 3337 sancta
3565 3281 3732 3355 Virgo

2143 3374 2245 3430 viri
2279 3372 2700 3430 consuetudinis
2746 3388 2948 3442 expers
2978 3380 3084 3427 est.
3127 3371 3194 3425 Et
3242 3373 3466 3440 iterum,
3498 3390 3519 3426 ι
3559 3372 3734 3430 Omne

2144 3466 2512 3522 masculinum
2547 3465 2874 3534 adapericns
2913 3464 3160 3530 vulvam,
3210 3475 3467 3520 sanctum
3497 3465 3733 3520 Domino

2143 3557 2430 3613 vocabitur
2450 3557 2519 3608 ³³.
2560 3575 2578 3608 ι
2620 3555 2816 3610 Nullus
2850 3563 3034 3610 autem
3084 3556 3370 3617 masculus
3408 3556 3584 3626 aperit
3614 3558 3728 3611 vul-

2143 3666 2287 3717 vam,
2323 3649 2419 3705 sed
2444 3648 2787 3703 consuetudo
2821 3647 2927 3703 viri
2960 3662 3085 3702 cum
3130 3648 3363 3703 muliere
3401 3666 3413 3702 :
3447 3649 3612 3720 igitur
3643 3649 3733 3703 dio

2146 3751 2297 3797 ctum
2342 3739 2477 3795 illud
2506 3737 2575 3794 de
2604 3738 2836 3793 Domino
2861 3747 2947 3793 est
2978 3738 3414 3808 intelligendum.
3448 3739 3737 3812 Contingit

2150 3841 2333 3889 autem
2368 3845 2428 3889 ut
2459 3832 2814 3902 primogeniti
2861 3847 2971 3886 non
3007 3831 3168 3902 pauci
3204 3831 3357 3902 impii
3382 3832 3494 3887 sint
3523 3841 3577 3888 et
3604 3847 3736 3902 pec-

2148 3935 2389 3980 catores.
2448 3922 2738 3989 Quomodo
2791 3921 2960 3992 igitur
3007 3935 3201 3974 omnes
3257 3921 3295 3975 ii
3342 3923 3520 3976 sancti
3572 3929 3738 3976 erunt

2149 4017 2405 4081 Domino,
2470 4023 2525 4070 et
2572 4022 2862 4085 propterea
2918 4013 3224 4084 inculpati?
3278 4011 3391 4067 Cur
3447 4015 3579 4069 item
3619 4029 3732 4069 non

2148 4125 2310 4164 omne
2329 4108 2492 4164 etiam
2518 4105 2840 4161 femininum
2869 4114 3120 4161 sanctum
3147 4104 3378 4159 Domino
3409 4104 3739 4159 vocabitur?

2150 4202 2496 4259 Manifestum
2528 4200 2695 4270 igitur
2724 4208 2830 4266 est,
2867 4198 3046 4268 ipsum
3095 4196 3273 4253 solum
3313 4204 3567 4250 sanctum
3592 4211 3736 4261 esse,

453 4301 512 4347 et
553 4271 915 4365 inculpatum.
963 4293 1158 4360 David,
1207 4312 1225 4344 ‹
1262 4271 1437 4348 Mater
1483 4291 1615 4347 Sion
1650 4295 1795 4349 dicet
1830 4314 1839 4347 :
1874 4293 2050 4351 IIomo
2084 4271 2143 4352 et
2173 4296 2337 4350 homo
2367 4300 2528 4345 natus
2559 4298 2644 4345 est
2687 4289 2742 4342 in
2772 4303 2857 4353 ea,
2890 4295 2945 4341 et
2990 4288 3105 4357 ipse
3146 4285 3397 4341 fundavit
3461 4274 3581 4341 eam
3647 4288 3739 4341 Al-

455 4385 707 4440 tissimus
737 4386 805 4441 “.
846 4407 866 4439 ι

453 4475 526 4531 Δ⁹.
568 4477 709 4546 Περὶ
742 4477 1075 4550 θαυμάτων,
1122 4473 1210 4534 ὧν
1253 4479 1474 4550 ἔμελλε
1512 4479 1706 4533 ποιεῖν
1746 4480 2042 4547 ἐνανθρω·

2155 4476 2243 4533 ιν.
2279 4475 2352 4529 De
2381 4473 2677 4533 miraculis,
2711 4488 2828 4542 qua:
2850 4470 3086 4550 humana
3121 4484 3279 4524 carne
3314 4477 3591 4537 assumpta
3632 4468 3739 4524 Do-

981 4550 1169 4618 πίσας
1202 4553 1234 4605 ό
1269 4552 1502 4621 Κύριος.

539 4642 809 4714 Ἱερεμίας
837 4642 971 4714 (δι),
1004 4662 1022 4695 ι
1074 4643 1201 4697 Ἰδοὺ
1223 4642 1444 4697 τέθεικά
1468 4660 1526 4696 σε
1553 4644 1631 4707 είς
1657 4642 1920 4715 διαθήκην
1949 4642 2044 4711 γέ-

456 4753 604 4802 νους,
640 4738 741 4795 ,καὶ
783 4738 862 4800 εἰς
890 4736 1005 4806 φῶς
1035 4734 1202 4790 ἐθνῶν
1224 4778 1238 4802 ,
1275 4735 1367 4789 τοῦ
1405 4736 1748 4807 καταστῆσαι
1776 4735 1875 4805 τὴν
1918 4737 2042 4805 γῆν,

527 4891 697 4944 “lsa.
732 4904 856 4947 XLV.
893 4887 978 4950 14,
1016 4888 1101 4941 15.
1178 4888 1221 4919 ⁸⁷
1246 4886 1442 4942 Ezech.
1477 4903 1624 4949 κων,
1661 4887 1711 4950 1,
1747 4887 1800 4939 2.
1873 4885 2042 4941 "lsa.
2078 4902 2225 4945 nu.
2258 4887 2308 4942 Ἰ.

964 4928 978 4953 ’
1022 4928 1264 5013 ’Ϊὶίχοὼ
1315 4928 1537 5025 κιιιξέξ
1567 4928 1728 5012 Νἶιιῖἶ.
1766 4973 1887 5019 νιιι,
1928 4958 2016 5011 17.
2096 4959 2140 4990 9"
2166 4931 2311 5012 Psal.
2346 4972 2569 5021 Lxxxvt,
2609 4956 2661 5009 5.

454 4962 505 4994 θ’
526 4961 631 5017 lsa.
665 4975 788 5025 vm,
834 4960 947 5014 1-5.

530 5104 646 5171 (47)
694 5104 879 5159 Codex
936 5102 1229 5170 recentior,
1277 5102 1698 5173 καταϐήσονται.
1749 5104 1827 5155 Ita
1873 5109 1927 5156 et
1963 5100 2049 5155 Si-

455 5176 632 5248 phani
657 5176 851 5248 codex.

530 5245 642 5317 (48)
672 5243 836 5301 Iidem
887 5244 1108 5301 codices
1160 5244 1350 5316 legunt
1383 5243 1515 5306 Θεὸς
1566 5242 1659 5295 τοῦ
1715 5242 1928 5314 Ἰσραὴλ
1954 5243 2047 5296 καὶ

466 5332 919 5460 M1"zenijglsxitomana
960 5385 1104 5460 LXX
1165 5386 1531 5460 Interprctum
1560 5384 1754 5444 editio,
1809 5383 2047 5460 εἰσελεύ-

458 5454 633 5513 σεται*
661 5458 729 5513 δι’
772 5458 965 5528 αὐτῆς,
998 5454 1332 5530 ingredietur
1366 5473 1456 5526 per
1503 5471 1655 5521 eam;
1688 5466 1885 5510 caetera
1943 5454 2043 5510 de-

458 5539 612 5586 sunt.

531 5599 644 5671 (50)
678 5599 927 5678 Romana
953 5598 1097 5654 LXX
1128 5599 1357 5678 Interpr.
1394 5598 1564 5656 editio
1603 5596 1769 5678 aliter
1788 5596 1948 5678 legit...
1962 5595 2055 5678 Ex

457 5683 610 5728 altera
636 5673 827 5726 matris
864 5687 991 5726 mea:
1030 5674 1230 5727 vocavit
1277 5688 1462 5726 nomen
1494 5684 1689 5730 meum,
1722 5676 1771 5721 et
1796 5673 1970 5735 posuit
1996 5684 2053 5720 os

459 5760 639 5819 meum
662 5741 1074 5819 quasiglqdium
1109 5752 1451 5819 acutum_.____
1524 5811 1542 5819 _
1591 5817 1597 5819 Δ

533 5807 850 5890 (51)Ἠεηᾰ
892 5813 1180 5890 lectionem
1220 5829 1250 5867 a
1523 5811 1778 5890 Ιιιιεινιῃς.⁸
1808 5807 2054 5890 editione

463 5884 738 5940 diversam
794 5885 850 5940 in
884 5884 1215 5950 quibusdam
1241 5885 1524 5939 codicibus
1554 5884 1784 5947 reperiri
1815 5886 2050 5934 testatur

2636 4545 2810 4596 minus
2853 4541 3093 4595 editurus
3119 4550 3255 4595 erat.

2219 4640 2511 4703 Jerentias,
2560 4656 2577 4688 ι
2614 4635 2761 4691 Ecce
2797 4634 2955 4707 posui
3010 4641 3063 4689 te
3113 4634 3168 4688 in
3213 4641 3600 4691 testamentum
3648 4649 3738 4704 ge-

2157 4735 2329 4797 neris,
2368 4735 2421 4785 iu
2456 4731 2632 4785 lucem
2674 4729 2939 4799 gentium,
2983 4735 3042 4782 ut
3099 4726 3469 4782 constitueres
3508 4733 3736 4788 terram,

2387 4886 2432 4918 ⁸⁸
2458 4886 2591 4938 Dan.
2633 4900 2693 4950 ιι,
2733 4884 2824 4938 54.
2902 4882 2947 4913 ⁹⁰
2990 4881 3122 4937 ibid.
3151 4881 3241 4936 55.
3318 4881 3486 4936 "lsa.
3530 4895 3567 4944 ι,
3596 4879 3650 4943 9.,
3682 4881 3736 4937 5.

2153 5102 2409 5157 Nobilius
2441 5102 2493 5155 in
2519 5099 2666 5154 notis
2694 5097 2762 5153 ad
2793 5098 2942 5154 hunc
2962 5099 3167 5153 locum.

2226 5171 2561 5246 (52)_Exodi_
2601 5172 2796 5246 locum
2843 5170 3272 5246 iisdem__pr_op_e
3328 5165 3512 5246 verbis
3555 5163 3740 5220 laudat

2152 5234 2527 5317 Tertullianus
2549 5240 2604 5294 in
2629 5240 2721 5295 lib.
2755 5238 2831 5317 De
2854 5256 3013 5317 caurne
3039 5234 3258 5317 Clirisii,
3293 5234 3565 5317 (ἱερᾶίὶλ⁸

2225 5315 2337 5385 (55)
2359 5313 2543 5368 Codex
2570 5312 2866 5376 recentior,
2902 5309 3057 5380 ἅγιος
3092 5309 3271 5380 μόνος.
3306 5303 3384 5360 Ita
3419 5316 3474 5360 et
3510 5303 3739 5376 Siphani

2151 5387 2345 5440 codex.

2234 5455 2346 5526 (54)
2382 5453 2563 5509 Locus
2620 5454 2727 5526 iste
2780 5466 2890 5526 non
2946 5447 3226 5526 Jeremite,
3271 5446 3366 5526 sed
3409 5446 3565 5526 Isaiae
3616 5455 3741 5513 est;

2161 5517 2285 5583 eum
2323 5517 2502 5580 tamen
2539 5541 2637 5595 pro
2667 5523 2918 5595 Jeremiaa
2949 5521 3070 5595 loco
3099 5519 3381 5595 accepisse
3407 5517 3740 5589 Nyssenum,

2163 5601 2243 5653 vel
2274 5596 2402 5650 inde
2440 5590 2611 5666 patet,
2638 5593 2788 5666 quod
2813 5591 3034 5666 Baruch_
3060 5590 3459 5666 testimonium,
3479 5594 3741 5666 tanquam

2161 5669 2325 5722 unius
2348 5659 2605 5730 eiusdem
2639 5659 2920 5738 prophetae
2950 5660 3285 5738 subiungat;
3318 5659 3740 5738 Bai-uehautem

2159 5753 2302 5808 saepe
2331 5727 2402 5793 ab
2440 5727 2687 5806 antiquis
2710 5727 2812 5790 sub
2839 5727 3091 5791 Ieremia:
3125 5727 3350 5785 nomine
3392 5727 3605 5784 laudari
3649 5739 3732 5782 so-

2158 5811 2252 5865 let.
