4106 6428
453 330 561 385 2ἴῦ

1491 337 1917 395 TESTIMONIA
1952 341 2329 402 ADVERSUS
2380 343 2458 402 1U
2471 346 2695 403 DIEOS.

3620 353 3727 408 ΞΗ

451 446 519 514 τῇ
549 442 885 498 ταπεινώσει
911 446 1093 514 αὑτοῦ,
1117 449 1198 503 ὄτι
1220 449 1434 523 αἴρεται
1466 454 1572 507 ἀπὸ
1598 456 1696 526 τῆς
1731 457 1835 527 γῆς
1866 459 1897 527 ἡ
1929 456 2041 528 ζωὴ

2169 460 2532 529 niquitatibus
2560 462 2744 533 populi
2785 462 2890 519 mei
2924 463 3123 519 ductus
3155 473 3238 520 est
3272 465 3338 522 ad
3371 472 3623 523 mortem.
3675 467 3742 522 Et

453 535 651 588 αὐτοῦ’
696 536 811 591 ἀπὸ
854 538 963 593 τῶν
1007 540 1289 613 ἁμαρτιῶν
1335 545 1429 597 τοῦ
1472 546 1605 600 λαοῦ
1652 566 1755 619 μου
1796 550 1934 620 ἢχθη
1967 546 2065 613 εἰς

456 626 708 681 θάνατον.
737 627 848 683 Καὶ
873 629 1027 685 δώσω
1060 634 1185 697 τοὺς
1218 637 1488 707 πονηροὺς
1508 638 1630 691 ἀντὶ
1657 640 1833 711 ταφῆς
1856 640 2043 705 αὐτοῦ,

459 720 555 772 καὶ
577 721 704 785 τοὺς
744 720 1034 787 πλουσίους
1062 725 1183 778 ἀντὶ
1208 726 1303 779 τοῦ
1335 728 1563 781 θανάτου
1604 730 1791 794 αὑτοῦ,
1817 732 1899 784 ὅτι
1924 732 2048 784 ἀνο-

459 815 590 884 μῖαν
641 816 745 870 οὐκ
792 818 1068 886 ἐποίησεν,
1118 819 1238 872 οὐδὲ
1269 821 1465 893 εὑρέθη
1491 822 1600 893 (61)
1658 823 1809 887 δόλος
1856 824 1914 876 ὲν
1970 824 2048 895 τῷ

459 904 688 976 στ’όματι
729 908 915 964 αὐτοῦ.
956 928 974 959 ι
1022 910 1131 962 Καὶ
1162 910 1301 980 μετά
1330 929 1470 974 τινα,
1516 932 1535 964 ι
1572 912 1672 966 Διά
1698 914 1858 966 τοῦτο
1885 914 2047 978 αὐτὸς

457 1000 860 1071 κληρονομήσει
927 990 1188 1067 πολλοὺς,
1242 1004 1337 1057 καὶ
1391 1004 1500 1058 τῶν
1558 1005 1794 1076 ἰσχυρῶν
1870 1009 2051 1078 μεριεί

458 1092 656 1157 σκῦλα,
694 1093 809 1146 ἀνθ’
836 1087 911 1147 ὧν
946 1095 1218 1167 παρεδόθη
1251 1097 1332 1160 εἰς
1362 1096 1590 1151 θάνατον
1618 1100 1650 1169 ή
1682 1098 1826 1169 ψυχὴ
1856 1098 2045 1163 αὐτοῦ,

458 1185 545 1237 ὅτι
572 1184 804 1255 ἀνομίαν
836 1187 937 1240 οὐκ
977 1187 1203 1257 ἐποίησε
1223 1228 1237 1252 ,
1269 1189 1362 1243 καὶ
1389 1190 1448 1243 ἐν
1481 1193 1592 1253 τοῖς
1622 1191 1845 1261 ἀνόμοις
1875 1190 2051 1259 ἐλογί-

459 1277 595 1347 σθη·
628 1276 720 1330 καὶ
754 1277 914 1342 αὐτὸς
938 1279 1210 1351 ἁμαρτίας
1242 1279 1450 1333 πολλῶν
1484 1281 1783 1353 ἀνήνεγκε,
1835 1282 1928 1336 καὶ
1963 1281 2050 1335 διὰ

457 1370 560 1431 τὰς
602 1368 873 1441 ἁμαρτίας
913 1369 1092 1424 αὐτῶν
1140 1372 1431 1444 παρεδόθη.
1485 1392 1503 1423 ι
1565 1373 1660 1427 Ἐκ
1694 1372 1898 1427 τούτων
1936 1372 2050 1445 (6‘2)

456 1459 620 1529 δῆλον
651 1461 733 1513 ὅτι
764 1461 826 1513 ού
868 1463 997 1531 περὶ
1037 1462 1132 1516 τοῦ
1173 1463 1303 1517 λαοῦ
1333 1463 1428 1517 τοῦ
1474 1465 1812 1535 ἀπαχθέντος
1845 1467 1905 1519 ὲν
1947 1466 2052 1520 Βα-

459 1551 663 1604 ϐυλῶνι
700 1554 729 1604 6
764 1555 1057 1625 Προφήτης
1098 1555 1280 1623 λέγει,
1308 1554 1383 1620 ῶς
1425 1574 1570 1620 τινες
1600 1558 1887 1613 ὑπέλαϐον.
1925 1558 2051 1623 Πῶς

457 1645 571 1713 γὰρ
593 1645 659 1698 ἂν
687 1647 715 1698 ὁ
740 1645 888 1710 λαὸς,
930 1647 1039 1699 ἀπὸ
1064 1647 1172 1700 τῶν
1210 1648 1496 1719 ἁμαρτιῶν
1532 1648 1625 1702 τοῦ
1654 1648 1783 1702 λαοῦ
1810 1651 1947 1722 ἢχθη
1974 1654 2050 1714 είς

459 1736 719 1802 θάλατον;
754 1737 786 1811 ἥ
820 1741 973 1803 ποῖος
1006 1740 1155 1804 λαὸς,
1194 1741 1289 1794 καὶ
1331 1742 1485 1793 ποίου
1518 1740 1684 1807 λαοῦ;
1717 1742 1827 1795 Καὶ
1858 1742 2050 1808 πάλιν,

2159 550 2302 605 dabo
2336 554 2509 608 malos
2534 570 2631 624 pro
2652 556 2935 625 sepultura
2965 561 3107 627 ejus,
3141 567 3195 614 et
3224 559 3421 616 divites
3448 575 3545 630 pro
3567 567 3744 615 morte

2160 643 2328 709 illius,
2363 647 2490 715 quia
2519 646 2861 717 iniquitatem
2896 665 3004 704 non
3049 650 3197 712 fecit,
3229 666 3403 723 neque
3438 652 3599 707 dolus
3655 652 3743 706 in-

2157 747 2355 791 ventus
2384 746 2467 792 est
2499 738 2552 792 in
2604 753 2700 793 ore
2738 755 2839 794 suo
2865 740 2906 792 ⁸.
2942 760 2959 792 ι
2994 742 3063 795 Et
3117 743 3303 810 paulo.
3341 750 3486 811 post,
3524 759 3543 793 ι
3593 739 3732 795 Pro-

2157 834 2345 896 pterea
2402 826 2519 897 ipse
2546 829 2845 896 possidebit
2903 830 3127 893 multos,
3160 844 3214 886 et
3256 830 3478 885 fortium
3533 830 3741 886 dividet

2160 918 2357 987 spolia.
2394 934 2493 988 pro
2522 934 2589 973 eo
2619 920 2766 991 quod
2807 921 3006 976 tradita
3049 929 3134 976 est
3196 922 3261 977 ad
3295 928 3524 976 martem
3560 922 3745 975 anima

2158 1010 2278 1078 ejus
2300 1012 2562 1080 quoniam
2598 1012 2944 1083 iniquitatem
2978 1030 3088 1069 non
3138 1013 3288 1077 fecit,
3320 1022 3374 1068 et
3428 1014 3483 1069 in
3540 1013 3745 1084 iniquis

2158 1111 2442 1172 reputatus
2472 1112 2591 1159 est:
2646 1115 2700 1159 et
2753 1106 2868 1175 ipse
2893 1115 3114 1176 peccata
3149 1108 3444 1161 multorum
3493 1106 3640 1172 tulit,
3690 1115 3747 1161 et

2160 1202 2386 1266 propter
2414 1196 2738 1267 iniquitates
2794 1214 2984 1254 eorum
3024 1199 3257 1255 traditus
3286 1209 3370 1255 est
3402 1200 3440 1252 ⁸.
3479 1217 3496 1250 ι
3526 1197 3600 1252 Ex
3659 1197 3747 1253 his

2156 1296 2305 1358 patet
2334 1289 2659 1359 prophetam
2685 1305 2791 1345 non
2820 1290 2965 1359 loqui
2998 1291 3063 1345 de
3094 1291 3316 1360 populo,
3349 1292 3439 1359 qui
3485 1289 3538 1344 in
3576 1288 3748 1358 Baby-

2159 1378 2339 1432 lonem
2367 1378 2637 1434 adductus
2686 1386 2791 1441 est.
2828 1380 2969 1434 sicut
2997 1381 3248 1435 nonnulli
3287 1379 3554 1450 suspicati
3592 1386 3743 1434 sunt.

2159 1467 2447 1535 Quomodo
2502 1470 2647 1525 enim
2704 1472 2942 1542 populus
2999 1485 3219 1543 propter
3275 1479 3501 1542 peccata
3555 1471 3744 1543 papuli

2159 1562 2358 1618 ductus
2382 1571 2468 1618 est
2498 1564 2566 1618 ad
2600 1572 2851 1631 mortem,
2885 1574 2980 1620 aut
3009 1566 3135 1636 quis
3169 1566 3423 1636 populus,
3456 1573 3511 1620 et
3545 1565 3615 1619 ob
3649 1579 3747 1619 cu-

2154 1654 2248 1724 jus
2283 1656 2469 1725 populi
2500 1665 2722 1725 peccata
2750 1657 2802 1711 id
2833 1672 3032 1727 passus
3058 1658 3188 1714 est?
3220 1657 3288 1710 Et
3308 1659 3529 1722 iterum,
3568 1675 3586 1708 ι
3612 1655 3749 1709 Dor-

2161 1760 2282 1799 sum
2315 1759 2495 1799 meum
2536 1744 2662 1800 dedi
2718 1745 2786 1800 ad
2846 1746 3077 1817 flagella,
3130 1753 3184 1801 et
3234 1762 3405 1818 genas
3466 1761 3619 1802 meas
3674 1746 3741 1799 ad

466 1849 485 1880 ο
522 1830 625 1883 Τὸν
649 1830 817 1885 νῶτόν
846 1850 947 1903 μου
971 1832 1147 1887 ἔδωκα
1168 1836 1247 1897 είς
1273 1834 1559 1904 μάστιγας,
1592 1835 1689 1898 τάς
1717 1835 1773 1889 δὲ
1803 1836 2057 1904 σιαγόνας

2164 1837 2370 1906 alapas,
2399 1844 2450 1891 et
2481 1836 2675 1892 faciem
2726 1852 2901 1892 meam
2932 1853 3043 1893 non
3095 1839 3267 1894 averti
3333 1854 3364 1894 a
3417 1837 3744 1894 confusione.

463 1940 569 1992 μου
617 1925 697 1988 εἰς
746 1924 1101 1997 ῥαπίσματα,
1141 1926 1201 1979 τὸ
1244 1926 1299 1979 δὲ
1331 1926 1624 1998 πρόσωπόν
1683 1944 1783 1997 μου
1812 1927 1912 1980 ούκ
1948 1929 2055 1981 ἀπ-

458 2015 705 2087 ἐστρειζμα
746 2017 855 2071 ἀπὸ
900 2018 1161 2089 αἰσχύνης
1210 2019 1638 2090 ἐμπτυσμάτων.
1682 2038 1701 2071 ι
1739 2019 1849 2073 Καὶ
1870 2020 2053 2086 πάλιν,

466 2127 483 2157 ι
536 2109 648 2161 υύκ
674 2106 820 2179 εἶχεν
855 2106 1013 2173 εἶδος,
1055 2111 1175 2163 οὐδὲ
1206 2111 1420 2176 κάλλος,
1452 2111 1587 2165 ἀλλὰ
1628 2112 1689 2165 τὸ
1722 2107 1858 2175 εἶδος
1887 2112 2055 2166 αὑτοῦ

460 2200 679 2269 ἄτιμον,
703 2199 953 2252 ἐκλεῖπον
981 2200 1129 2271 παρὰ
1163 2201 1288 2263 τοὺς
1327 2201 1476 2264 υἱοὺς
1518 2199 1625 2253 τῶν
1671 2199 1993 2272 ἀνθρώπων.
2029 2218 2049 2251 ι

460 2288 568 2342 Καὶ
586 2290 749 2345 πάλιν
774 2293 802 2344 6
830 2291 1002 2345 ταῦτα
1022 2290 1212 2353 εἰπὼν,
1241 2287 1383 2356 εἷπε,
1416 2311 1434 2343 ί
1464 2290 1575 2363 Τὴν
1597 2291 1652 2344 δὲ
1675 2292 1867 2360 γενεὰν
1887 2291 2054 2347 αὑτοῦ

459 2383 547 2444 τίς
568 2383 918 2454 διηγήσεταις
965 2403 984 2437 ι
1041 2383 1225 2450 Δαϐὶδ,
1281 2402 1299 2435 ι
1336 2385 1455 2437 Ὅτι
1500 2383 1818 2438 ἐκύκλωσαν
1850 2401 1917 2455 με
1952 2383 2056 2438 κύ-

462 2491 553 2536 νες
590 2474 806 2528 πολλοί·
837 2475 1126 2547 συναγωγὴ
1165 2477 1615 2547 πονηρευομένων
1638 2476 1927 2548 περιέσχον
1961 2494 2047 2547 με.

465 2564 703 2637 Ὠρυξαν
741 2567 932 2638 χεῖράς
975 2586 1113 2639 μου,
1159 2569 1253 2621 καὶ
1293 2569 1458 2631 πόδας
1505 2586 1604 2640 μου
1626 2588 1638 2599 ·
1676 2569 2050 2639 ἐξηρίθμησαν

460 2658 643 2713 παντα
664 2659 732 2713 τά
762 2661 895 2713 ὀστᾶ
918 2678 1039 2731 μου.
1064 2662 1227 2715 Αὐτοὶ
1251 2661 1305 2715 δὲ
1334 2661 1688 2731 κατενόησαν,
1720 2662 1815 2714 καὶ
1838 2662 2049 2714 ὲπεῖδόν

465 2769 564 2821 με·
594 2752 968 2823 διεμερίσαντο
998 2753 1067 2808 τὰ
1096 2754 1285 2824 ἱμάτιά
1318 2771 1417 2824 μου
1456 2755 1690 2819 ἑαυτοῖς,
1722 2755 1817 2807 καὶ
1844 2754 1936 2806 ἐπὶ
1958 2755 2051 2808 τὸν

465 2844 756 2915 ἱματισμόν
798 2863 900 2916 μου
948 2846 1141 2901 ἐὸαλον
1186 2846 1408 2918 κλῆρον.
1442 2865 1460 2898 ι
1519 2845 1805 2919 Ἱερεμίας,
1844 2866 1861 2899 ι
1911 2847 2052 2916 Ἐγὼ

460 2936 518 2988 δὲ
569 2936 646 2999 ὡς
694 2937 877 3009 ἀρνίον
929 2938 1135 2993 ἄκακον
1192 2939 1460 3011 ἀγόμενον
1504 2940 1599 2995 τοῦ
1648 2940 1905 3002 θύεσθαι,
1952 2941 2053 2995 οὐκ

461 3026 652 3095 Erum).
689 3048 709 3081 ι
744 3030 854 3084 Καὶ
875 3030 1056 3097 πάλιν,
1100 3015 1124 3082 ἰ
1163 3031 1349 3095 Δεῦτε,
1388 3032 1484 3087 καὶ
1508 3031 1867 3104 ἐμϐάλλιομεν
1900 3030 2053 3097 ξύλον

461 3122 544 3183 εἷς
570 3120 658 3173 τὸν
696 3120 856 3191 ἄρτον
884 3123 1049 3177 αὐτοῦ
1076 3139 1088 3153 ’
1112 3125 1208 3178 καὶ
1234 3125 1583 3197 ὲκτρίψωμεν
1620 3125 1780 3178 αὐτὸν
1807 3125 1918 3179 ἀπὸ
1942 3125 2054 3178 τῶν

462 3209 682 3273 ζώντων
707 3190 839 3281 (65),
864 3213 961 3268 καὶ
985 3214 1044 3266 τὸ
1067 3214 1238 3286 ὄνομα
1260 3190 1424 3269 αὐτού
1446 3190 1507 3268 ού
1544 3216 1618 3287 μὴ
1653 3216 1865 3287 μνησθῇ
1898 3216 1998 3272 ἔτι.
2030 3236 2049 3269 ι
2085 3190 2130 3251 c

462 3301 757 3373 Ζαχαρίας,
798 3323 815 3355 ι
855 3304 968 3359 Καὶ
1015 3304 1207 3360 ἔλαϐον
1252 3307 1320 3360 τὰ
1344 3306 1639 3376 τριάκοντα
1681 3307 1924 3379 ἀργύρια
1957 3308 2055 3381 τὴν

462 3393 631 3464 τιμὴν
678 3395 772 3449 τοῦ
815 3398 1214 3468 τετιμημένου,
1263 3398 1324 3452 ὃν
1370 3399 1705 3470 ἐτιμήσαντο
1753 3399 1863 3452 ἀπὸ
1923 3401 2054 3453 υἱῶν

476 3485 725 3557 Ἰσραήλ*
761 3488 854 3541 κα)⁵
898 3488 1103 3543 ἔδωκαν
1156 3489 1296 3543 αὐτὰ
1328 3492 1409 3554 εἰς
1433 3491 1523 3544 τὸν
1554 3490 1725 3562 ἀγρὸν
1755 3490 1851 3544 τοῦ
1890 3508 2053 3562 κερα-

464 3579 634 3648 μέως,
675 3579 816 3633 καθὰ
842 3580 1103 3649 συνέταξε
1131 3599 1223 3653 μοι
1249 3582 1473 3655 Κύριος.
1512 3600 1532 3634 ι

463 3712 541 3766 Z’.
579 3713 716 3781 Περὶ
756 3716 864 3768 τοῦ
919 3715 1219 3783 σταυροῦ,
1262 3714 1359 3772 καὶ
1410 3716 1516 3771 τοῦ
1543 3715 1868 3786 γενομένου
1911 3717 2056 3770 σκό-

1175 3803 1344 3853 τους.

546 3937 563 3969 ι
604 3918 711 3991 (64)
750 3919 986 3990 Ὅψεσθε
1028 3921 1130 3993 τὴν
1178 3921 1323 3993 ζωὴν
1355 3922 1510 3994 ὑμῶν
1566 3922 1924 3993 κρεμαμένην
1955 3924 2059 3977 ἁττ-

468 4012 654 4065 έναντι
691 4011 800 4065 τῶν
833 4013 1129 4085 ὀφθαλμῶν
1158 4014 1333 4085 ὑμῶν,
1371 4015 1467 4068 καὶ
1500 4015 1559 4068 ού
1604 4016 1677 4087 μὴ
1705 4015 2054 4086 πιστεύσητε,

466 4106 490 4155 ἐ
508 4105 565 4155 ἐν
592 4121 673 4168 τις
703 4104 1032 4176 ἐκδιηγεῖται
1063 4106 1209 4176 ὑμῖν.
1241 4106 1315 4159 Τὸ
1342 4106 1487 4178 πρωῒ
1513 4109 1678 4178 ἐρεῖς·
1702 4106 1825 4171 Πῶς
1843 4107 2059 4175 ἐγένετο

467 4197 493 4248 ὲ
508 4196 701 4266 τπέρα;
718 4198 810 4250 καὶ
832 4197 890 4250 τὸ
908 4197 1165 4272 ὲσπέραςσ
1195 4198 1319 4261 Πῶς
1339 4198 1560 4267 ἐγένετο
1576 4199 1720 4267 πρωῒ
1741 4215 1757 4265 ;
1792 4218 1811 4251 ι
1852 4198 2055 4269 Ἀμὼς,

475 4305 494 4335 ι
528 4287 632 4339 Καὶ
656 4285 807 4341 ἔσται
842 4290 897 4341 ὲν
924 4290 990 4360 τῇ
1014 4288 1198 4360 ἡμέρᾳ
1221 4287 1427 4358 ἐκείνη,
1454 4287 1602 4355 λέγει
1630 4286 1837 4358 Κύριος
1857 4289 1885 4340 6
1905 4287 2056 4353 Θεὸς,

469 4377 698 4431 Δύσεται
754 4382 783 4433 ὁ
826 4379 976 4451 ἥλιος
1027 4381 1411 4453 μεσημϐρίας,
1472 4381 1566 4433 καὶ
1622 4380 1947 4433 συσκοτάσει
2004 4381 2061 4433 ὲν

469 4471 654 4541 ἡμέρᾳ
684 4471 744 4523 τὸ
776 4471 911 4540 φῶς.
956 4490 975 4523 ι
1021 4472 1312 4543 Ἱερεμίας,
1346 4490 1364 4523 ι
1416 4470 1707 4524 Ἐπέδυσεν
1739 4471 1767 4523 6
1794 4470 1946 4541 ἥλιος
1980 4469 2059 4523 ἔτι

2156 1934 2441 1997 sputorum
2473 1928 2515 1984 ⁷.
2556 1947 2576 1982 ι
2610 1928 2675 1983 Et
2702 1944 2922 1995 rursus,
2963 1948 2982 1982 ι
3014 1929 3134 1986 Νοιι
3194 1930 3430 1985 habebat
3484 1930 3746 2000 speciem,

2155 2032 2335 2089 neque
2368 2016 2645 2083 decorem,
2706 2019 2803 2075 sed
2844 2022 3057 2091 species
3112 2020 3234 2091 ejus
3289 2019 3638 2087 inhonorata,
3693 2028 3748 2075 et

2157 2108 2420 2165 deficiens
2444 2125 2557 2180 pra:
2596 2110 2725 2167 filiis
2784 2111 3069 2166 hominum
3093 2112 3137 2165 ⁸.
3175 2129 3194 2164 ι
3256 2110 3323 2165 Ει
3375 2125 3571 2166 rursus
3619 2125 3746 2165 cum
3810 2159 3817 2165 .

2158 2199 2274 2254 haec
2303 2199 2558 2263 dixisset,
2614 2200 2712 2266 ait,
2764 2218 2783 2252 ι
2818 2199 3240 2257 Generationem
3265 2202 3388 2273 ejus
3426 2202 3554 2271 quis
3586 2218 3749 2258 enar-

2159 2290 2304 2345 rabit
2331 2291 2402 2344 ’ἲ
2442 2311 2459 2341 ι
2503 2290 2697 2357 David,
2761 2310 2779 2344 ι
2822 2292 3090 2359 Quoniam
3141 2293 3623 2351 circumdederunt
3664 2308 3751 2349 me

2159 2398 2322 2438 canes
2351 2383 2533 2452 multi,
2592 2384 2893 2439 concilium
2916 2385 3344 2458 .maliguantium
3376 2386 3595 2442 obsedit
3639 2399 3748 2440 me.

2160 2472 2439 2529 Fuderunt
2465 2489 2661 2531 manus
2686 2491 2857 2543 meas,
2893 2483 2943 2532 et
2976 2477 3142 2547 pedes
3194 2494 3388 2546 meos;
3429 2477 3750 2535 dinumera-

2162 2574 2358 2619 verunt
2392 2566 2575 2620 omnia
2606 2582 2732 2624 ossa
2764 2584 2904 2623 mea.
2944 2567 3052 2639 Ipsi
3099 2584 3235 2626 vero
3258 2571 3751 2626 cousideraverunt

2161 2665 2216 2713 et
2273 2659 2632 2727 inspexerunt
2689 2676 2814 2726 me;
2881 2661 3192 2717 diviserunt
3252 2661 3355 2717 sibi
3423 2663 3749 2729 vestimenta
3787 2721 3799 2733 ν

2162 2763 2305 2815 nea,
2336 2759 2389 2804 et
2417 2766 2581 2820 super
2612 2760 2821 2808 vestem
2851 2767 3029 2809 meam
3075 2755 3345 2809 miserunt
3380 2762 3586 2810 sortem
3618 2752 3684 2809 ⁸⁸.
3724 2770 3744 2805 ι

2161 2838 2443 2907 Jeremias,
2486 2862 2504 2896 ι
2534 2843 2646 2914 Ego
2693 2853 2876 2900 autem
2923 2847 3081 2916 quasi
3113 2862 3286 2917 agnus
3334 2846 3601 2902 innocens
3644 2845 3746 2900 du-

2162 2922 2286 2989 ctus
2342 2935 2410 2990 ad
2471 2936 2892 3004 immolandum,
2943 2953 3053 2993 non
3085 2940 3482 3011 cognoscebam
3517 2940 3584 2994 η.
3618 2958 3636 2991 ι
3689 2938 3753 2994 Et

2160 3042 2381 3093 rursus,
2414 3046 2433 3081 ι
2478 3029 2689 3094 Venite,
2735 3041 2789 3087 et
2842 3032 3130 3087 mittamus
3188 3032 3397 3103 lignum
3454 3031 3510 3086 in
3556 3045 3752 3102 panem

2160 3117 2300 3188 ejus,
2342 3129 2396 3174 et
2444 3130 2762 3177 exteramus
2789 3136 2913 3177 eum
2975 3136 3006 3177 e
3058 3119 3394 3186 viventibus,
3448 3128 3501 3176 et
3554 3134 3753 3174 nomen

2165 3210 2284 3282 ejus
2309 3227 2419 3267 non
2442 3220 2777 3269 memoretur
2807 3213 3047 3284 amplius
3078 3212 3143 3265 “.
3186 3232 3204 3265 ι
3245 3210 3576 3274 Zacharias,
3622 3226 3641 3260 ι
3690 3208 3756 3262 Et

2165 3312 2495 3374 acceperunt
2531 3305 2757 3375 triginta
2810 3313 3100 3376 argenteos
3135 3304 3372 3375 pretium
3435 3300 3751 3372 appretiati,

2164 3413 2330 3469 quem
2372 3398 2822 3468 appretiaverunt
2858 3412 2888 3450 a
2930 3397 3057 3453 filiis
3112 3396 3313 3464 Israel;
3364 3402 3419 3450 et
3460 3394 3731 3450 dederunt

2164 3506 2260 3547 eos
2317 3490 2373 3545 in
2430 3505 2623 3561 agrum
2678 3490 2847 3561 figuli,
2907 3490 3052 3546 sicut
3120 3487 3409 3545 constituit
3463 3487 3597 3542 mihi
3650 3484 3757 3541 Do-

2163 3584 2351 3638 minus
2372 3582 2470 3635 ¹³.›

2166 3716 2276 3772 VII.
2312 3716 2392 3773 De
2422 3733 2597 3783 cruce,
2629 3725 2679 3771 et
2711 3715 2937 3771 tenebris
2966 3731 3083 3785 quae
3128 3715 3183 3770 in
3216 3714 3417 3771 Christi
3464 3720 3633 3767 morte
3669 3711 3755 3777 fa-

2800 3797 2903 3843 σιω
2929 3795 3072 3842 sunt.

2245 3935 2263 3968 ι
2304 3916 2576 3973 Videbitis
2602 3916 2770 3971 vitam
2805 3923 3044 3972 vestram
3066 3915 3393 3987 pendentem
3416 3919 3541 3967 ante
3564 3911 3757 3967 oculos

2166 4014 2403 4073 vestros,
2438 4015 2490 4064 et
2518 4021 2625 4062 non
2666 4004 2926 4068 credetis,
2964 4005 3008 4060 si
3043 4005 3168 4075 quis
3201 4003 3544 4059 euarraverit
3577 4000 3755 4056 vobis.

2169 4098 2326 4154 Mane
2359 4100 2511 4155 dices
2557 4118 2570 4153 :
2619 4097 2904 4165 Quomodo
2934 4095 3078 4150 facta
3108 4104 3194 4150 cst
3244 4093 3513 4163 vespera?
3560 4089 3627 4145 Et
3661 4106 3757 4146 vc-

2169 4192 2351 4263 speri:
2385 4192 2669 4259 Quomodo
2702 4191 2908 4245 factum
2938 4196 3025 4245 est
3053 4203 3211 4241 mane
3244 4187 3328 4239 “?
3357 4206 3375 4237 ι
3406 4187 3592 4249 Amos,
3632 4202 3652 4235 ι
3692 4182 3758 4236 Et

2168 4284 2273 4338 erit
2298 4284 2355 4337 in
2381 4284 2471 4339 die
2502 4283 2614 4350 illa,
2642 4282 2776 4337 dicit
2798 4280 3065 4334 Dominus
3100 4277 3262 4342 Deus,
3288 4275 3513 4331 Occidet
3536 4275 3618 4329 sol
3639 4290 3757 4329 me-

2170 4376 2331 4439 ridie,
2379 4385 2434 4431 et
2473 4374 2934 4432 contenebrescet
2968 4372 3023 4425 in
3069 4370 3159 4426 die
3196 4370 3290 4425 lux
3317 4369 3381 4422 ".
3418 4388 3435 4419 ι
3460 4365 3751 4432 Jeremias,

2177 4486 2195 4518 ι
2230 4464 2444 4521 Occidit
2495 4465 2600 4526 sol,
2664 4479 2789 4518 cum
2849 4462 3029 4517 adhuc
3053 4460 3267 4516 medius
3321 4458 3439 4514 dies
3461 4457 3688 4513 esset“.
3733 4474 3752 4507 ι

473 4561 748 4634 μεσούσης
789 4565 885 4634 τῆς
913 4564 1146 4637 ἡμέρας.
1189 4585 1207 4616 ι
1256 4565 1505 4628 Ἡσαΐας,
1539 4582 1557 4615 ι
1598 4563 1765 4633 Ὅλην
1790 4562 1888 4634 τὴν
1928 4563 2057 4634 ὴμέ-

2170 4558 2360 4625 Isaias,
2398 4576 2415 4610 ι
2450 4556 2588 4612 Tota
2620 4556 2708 4612 die
2743 4555 2981 4627 evpandi
3010 4567 3375 4609 manusmeas
3394 4550 3460 4605 ad
3494 4550 3756 4621 populum

473 4672 575 4727 ραν
642 4656 933 4710 διεπέτασα
987 4658 1087 4720 τὰς
1150 4658 1339 4729 χεῖράς
1389 4674 1489 4727 μου
1545 4655 1682 4726 πρὸς
1725 4654 1855 4709 λαὸν
1909 4657 2060 4709 ἀντι-

470 4747 732 4816 λέγοντα,
779 4750 871 4802 καὶ
912 4749 1258 4803 ἀπειθοῦντα.
1305 4768 1323 4801 ι
1367 4750 1479 4802 Καὶ
1529 4748 1726 4812 πάλιν,
1787 4766 1805 4799 ι
1858 4748 2061 4819 Ἀρατε

470 4839 755 4909 σύσσημον
815 4843 893 4904 εἰς
939 4842 1009 4894 τὰ
1052 4840 1199 4912 ἔθνη.
1245 4859 1264 4892 ι
1305 4840 1411 4894 Καὶ
1468 4839 1650 4904 πάλιν,
1711 4858 1729 4891 ι
1768 4840 1881 4892 Καὶ
1938 4840 2060 4892 τότε

471 4930 644 4982 ταῦτα
696 4931 1211 5002 συντελεσθήσεται,
1261 4932 1410 5002 λέγει
1458 4932 1684 5004 Κύριος,
1735 4932 1863 4985 ὅταν
1905 4929 2061 4995 ξύλον

470 5018 646 5085 ξύλων
686 5020 875 5093 κλιθῇ,
929 5023 1024 5077 καὶ
1077 5025 1315 5095 ἀναστῇ,
1351 5025 1446 5077 καὶ
1473 5025 1600 5077 ὅταν
1632 5025 1695 5076 ὲκ
1727 5022 1883 5090 ξύλου
1924 5017 2063 5092 αἷμα

545 5178 568 5211 ⁸
604 5179 705 5235 lsa.
740 5195 860 5247 LIII,
897 5181 1014 5236 4-9.
1092 5181 1387 5245 ‘lsa..t.m,
1423 5182 1507 5235 12.

1610 5183 1630 5214 ⁷
1656 5182 1758 5238 lsa.
1794 5199 1847 5247 ι,
1882 5182 1939 5239 6.
2014 5183 2036 5215 ⁸
2062 5183 2163 5240 lsa.
2196 5201 2317 5249 Lill,
2347 5185 2404 5238 ‘2.

2170 4651 2544 4715 incredulum,
2599 4657 2655 4705 et
2700 4648 3176 4703 contradicent'em
3232 4646 3297 4698 ".
3337 4663 3355 4698 ι
3423 4641 3489 4696 Ει
3540 4656 3757 4703 rursus,

2177 4764 2196 4797 ι
2238 4744 2436 4799 [λογεῑο
2462 4744 2676 4809 signum
2704 4744 2756 4797 in
2776 4749 2967 4813 gentes
2996 4741 3064 4793 ’⁸.
3104 4758 3122 4789 ι
3151 4738 3215 4792 Et
3238 4752 3456 4800 rursus,
3487 4753 3505 4785 ι
3532 4733 3596 4786 Et
3627 4740 3760 4787 tunc

2167 4837 2284 4890 haec
2297 4832 2992 4897 consummabuntur,dicit
3015 4831 3301 4893 Dominus,
3320 4826 3538 4898 quando
3554 4825 3757 4894 lignum

2174 4926 2448 4997 lignorum
2472 4925 2772 4980 inclinatus
2808 4923 3063 4988 fuerit,ct
3110 4928 3378 4991 resurget,
3413 4925 3467 4974 et
3490 4914 3761 4986 quandoe

2170 5019 2319 5091 ligno
2340 5019 2565 5091 sanguis
2591 5018 2880 5075 distillabit
2902 5017 2963 5070 ".
2978 5015 3355 5078 )Zacharias,c
3371 5011 3435 5065 Et
3452 5010 3576 5071 erit,
3603 5009 3657 5063 in
3675 5008 3762 5063 die

3580 5176 3619 5206 ιι
3644 5171 3757 5227 Jer.

2515 5183 2689 5240 “ibid.
2724 5183 2777 5239 8.
2895 5184 2937 5215 "’
2960 5181 3106 5238 Psal.
3143 5193 3259 5242 xxt,
3296 5176 3479 5232 I749.

474 5267 556 5322 xv,
588 5250 671 5305 19.
749 5253 793 5283 "
816 5243 950 5307 ibid.
999 5253 1231 5308 "Zach.
1262 5269 1339 5316 XI,
1376 5243 1475 5319 12;
1514 5251 1704 5306 Matth.
1752 5243 1923 5317 xxvtt,
1958 5255 2049 5310 10.
2131 5243 2348 5313 “Deut.
2382 5270 2576 5322 xxvm,
2610 5255 2700 5319 66,
2738 5254 2827 5310 67.
2874 5255 2917 5286 ¹⁸
2941 5255 3109 5307 Amos
3138 5267 3255 5315 vm,
3280 5249 3334 5304 9.
3382 5243 3554 5301 “Jer.
3594 5261 3682 5309 xv,
3700 5245 3756 5299 9.

475 5322 517 5353 ¹⁷
540 5320 647 5377 lsa.
678 5337 804 5389 va,
838 5322 894 5387 ἓ,
921 5322 1005 5377 12.
1088 5326 1255 5379 “lsa.
1280 5339 1413 5387 uti,
1441 5324 1530 5378 10.
1610 5323 1652 5354 ¹⁹
1677 5322 1988 5392 Zach.1tv,
2025 5326 2081 5392 6,
2110 5326 2161 5381 7.

551 5456 955 5530 (6I)Verbum,
979 5458 1202 5529 εὑρέθη,
1232 5458 1387 5513 deest
1420 5459 1472 5513 in
1496 5456 1742 5530 editione
1784 5456 1927 5511 LXX
1972 5458 2061 5512 ln-

476 5528 808 5601 terpretum,
850 5528 967 5601 sed,
1011 5528 1246 5601 habetur
1292 5530 1435 5599 apud
1488 5528 1793 5601 Justinum,
1830 5536 1885 5583 et
1916 5530 2061 5598 apud

474 5598 642 5664 alios,
674 5616 814 5668 quos
847 5600 1034 5655 laudat
1086 5598 1339 5655 Nobilius
1366 5602 1420 5655 in
1461 5601 1632 5661 notis,
1682 5598 1886 5668 quibus
1925 5601 2067 5657 adde

474 5672 888 5727 Tertullianum
911 5671 1177 5724 Adversus
1199 5669 1445 5735 Judwos,
1470 5686 1592 5741 cap.
1624 5668 1713 5725 10.

559 5742 671 5811 (62)
702 5741 885 5796 Codex
923 5741 1222 5811 antiquior,
1257 5744 1321 5795 ὲκ
1338 5742 1553 5795 τούτου.

559 5808 674 5880 (62)
713 5813 893 5868 Editio
926 5808 1317 5882 LXXlnterpr.
1366 5813 1475 5867 ἀπὸ
1504 5812 1607 5883 γῆς
1637 5808 1877 5876 ζώντων,
1897 5822 2065 5881 quam

2167 5463 2460 5520 lectionem
2485 5468 2797 5533 sequuntur
2832 5457 3088 5533 Justinus
3120 5455 3173 5509 in
3192 5452 3427 5533 “Dialog.
3464 5469 3589 5533 cum
3623 5451 3756 5533 Trg-

2170 5535 2359 5603 phoue,
2423 5549 2545 5604 pag.
2568 5523 2703 5593 '299,
2735 5528 3130 5604 Tertullianus,
3185 5523 3494 5604 Qypria'nus
3540 5523 3755 5604 etmalii.

2248 5593 2358 5667 (till
2392 5593 2616 5658 Divérsa
2648 5612 2731 5657 est
2756 5600 2921 5667 hujus
2964 5597 3067 5651 loci
3097 5593 3401 5667 lectio—tam
3436 5596 3491 5649 in
3517 5593 3758 5667 egitionc

2175 5664 2318 5729 LXX
2355 5674 2741 5743 lnterpretum,
2802 5664 2965 5741 quam
2995 5668 3139 5738 apud
3187 5664 3495 5734 Justinum,
3540 5664 3702 5719 Tcrtu
3731 5691 3756 5703 -

2174 5746 2379 5800 lianum
2414 5753 2465 5799 et
2495 5744 2654 5799 alios.
