4106 6436
345 328 444 382 217

351 445 562 514 ὑγιάσει
602 446 758 518 ἡμᾶς
807 450 951 521 μετὰ
995 450 1088 504 δύο
1137 453 1392 524 ἡμέρας·

361 537 508 610 τρίτῃ
533 539 966 613 άναστησόμεθα
1007 543 1238 598 ἐνώπιον
1267 543 1456 612 αὑτοῦ,
1479 547 1572 600 καὶ
1597 545 1950 616 γνωσόμεθα,

355 630 632 702 διιὲιξωμεν
674 634 773 688 τοῦ
807 636 1009 704 γνῶναι
1053 638 1144 692 τὸν
1191 638 1393 712 Κύριον
1427 640 1579 710 (75),
1623 640 1698 705 ὡς
1754 639 1953 711 ὄρθρον

358 724 574 794 ἕτοιμον
612 726 926 798 εὑρήσομεν
955 730 1066 801 (74)
1110 731 1292 786 αὐτόν.
1336 751 1354 784 ι
1411 731 1598 797 Δαόὶδ,
1639 750 1658 784 ι
1703 733 1826 785 ’Ότι
1853 733 1954 785 οὐκ

358 816 773 886 ἐγκαταλείψεις
809 821 909 892 τὴν
936 820 1115 892 ψυχήν
1150 841 1250 893 μου
1300 825 1380 886 εἰς
1425 823 1580 895 ᾅδην,
1608 823 1729 878 οὐδὲ
1759 823 1954 887 δώσεις

359 909 451 962 τὸν
479 911 623 965 ὅσιόν
655 929 749 965 σου
783 913 911 967 ίδείν
943 915 1257 988 διαφθοράν.
1292 937 1312 970 ι
1352 916 1458 971 Καὶ
1500 917 1684 982 πάλιν,
1725 934 1745 968 ι
1795 917 1952 984 Ἐγε-

360 1001 533 1074 νήθην
571 1004 703 1058 ὡσεὶ
758 1006 1043 1080 ἄνθρωπος
1082 1010 1406 1082 ἀϐοήθητος,
1441 1012 1500 1063 ὲν
1533 1012 1752 1082 νεκροῖς
1796 1007 1952 1062 ἐλεύ-

361 1093 538 1167 θερος.
581 1117 602 1150 ι
638 1099 736 1164 Τίς
772 1099 829 1152 δὲ
878 1101 1160 1175 ἐλεύθερος
1209 1103 1471 1171 Θανάτου,
1527 1105 1576 1156 εἰ
1613 1102 1688 1174 μὴ
1717 1105 1746 1157 ὁ
1785 1101 1952 1167 Θεός;

361 1186 557 1258 Γέγονε
584 1189 695 1262 γάρ
730 1192 864 1245 ὡσεὶ
908 1193 1197 1266 ἄνθρωπος
1235 1197 1574 1266 ἀϐοήθητος,
1608 1193 1954 1258 ταπεινώσας

360 1277 458 1349 τὴν
528 1281 724 1336 ἐαυτοῦ
796 1286 975 1358 σάρκα
1033 1285 1194 1356 μέχρι
1253 1285 1519 1352 θανάτου,
1596 1285 1827 1339 θανάτου
1897 1284 1954 1338 δὲ

363 1376 623 1445 σταυροῦ.
671 1378 919 1444 Ἠσαίας,
959 1397 978 1430 ι
1031 1381 1161 1434 ’1δοῦ
1195 1380 1308 1451 (75)
1333 1380 1524 1450 τίθημι
1549 1380 1607 1432 ἐν
1639 1379 1780 1433 Σιὼν
1808 1377 1954 1432 λίθον

360 1465 778 1536 ἀκρογωνιαῖον,
804 1473 1080 1539 ἐκλεκτὸν,
1107 1472 1326 1544 ἔντιμον
1349 1491 1364 1506 ο
1400 1475 1494 1528 καὶ
1519 1474 1547 1526 ὁ
1579 1471 1850 1527 πιστεύων
1873 1473 1955 1534 εἷς

362 1559 528 1612 αὒτδν
551 1562 610 1614 οὐ
643 1566 1194 1636 καταισχυνθήσεται.
1221 1585 1240 1618 ι
1267 1567 1465 1635 Γέγονε
1493 1565 1604 1638 γὰρ
1631 1585 1650 1618 ι
1681 1567 1762 1629 εἰς
1784 1581 1956 1635 κεφα⁶

361 1647 462 1720 λὴν
491 1654 710 1719 γωνίας,
742 1674 760 1707 ι
789 1656 980 1728 ἐτέρας
1003 1657 1208 1729 δηλαδὴ
1233 1658 1522 1729 οἰκοδομῆς
1545 1657 1658 1730 (76)
1684 1659 1782 1728 τῆς
1811 1656 1953 1710 κατά

362 1741 461 1814 τὴν
506 1745 851 1819 Ἐκκλησίαν,
868 1749 990 1822 ἧτις
1013 1751 1129 1804 ἐστὶ
1157 1751 1269 1823 (77)
1305 1750 1594 1824 θαυμαστὴ
1623 1752 1718 1806 ἐπὶ
1753 1749 1953 1820 ὀφθαλ-

366 1838 488 1906 μοῖς
518 1838 694 1908 ἡμῶν.

753 1933 828 1989 Θ¹.
873 1935 1009 2005 Περὶ
1037 1937 1148 2006 τῆς
1179 1937 1566 2006 ἀναλήψεωρ.

433 2022 618 2087 Δαδὶδ,
654 2043 672 2077 ι
709 2026 902 2100 Ἀνέϐη
947 2031 976 2082 ὁ
1003 2031 1135 2094 θεὸς
1181 2034 1238 2085 ἐν
1279 2029 1603 2102 ἀλαλαγμῷ,
1643 2029 1842 2098 Κύριος
1896 2029 1954 2082 ἐν

363 2119 513 2187 φωνῇ
557 2118 874 2190 σάλπιγγος.
912 2141 932 2175 ι
971 2124 1091 2176 Ὅτι
1133 2123 1188 2176 δὲ
1219 2125 1347 2197 περὶ
1380 2124 1475 2178 τοῦ
1511 2125 1765 2194 Σωτῆρος
1794 2121 1952 2192 ἡμῶν

360 2207 634 2274 λέλεκται,
652 2213 849 2284 Δανιὴλ
862 2215 1032 2284 λέγει,
1051 2235 1070 2268 ι
1109 2217 1427 2288 Ἐθεώρουν,
1453 2237 1470 2268 ι
1490 2218 1644 2289 φησι,
1671 2237 1687 2266 ι
1719 2217 1812 2270 καὶ
1844 2213 1952 2266 ἰδοὺ

365 2298 546 2370 θρόνοι
595 2303 876 2376 ἐτέθησαν,
936 2306 1029 2360 καὶ
1072 2307 1306 2372 Παλαιὸς
1359 2307 1584 2379 ἡμερῶν
1628 2305 1886 2377 ἐκάθητο.
1929 2323 1948 2355 ι

363 2390 466 2446 Καὶ
517 2393 656 2464 μετά
697 2413 839 2461 τινα,
893 2415 912 2447 ι
955 2397 1058 2452 Καὶ
1089 2399 1197 2454 ίδοὺ
1238 2398 1382 2462 μετὰ
1427 2398 1535 2452 τῶν
1585 2397 1826 2470 νεφελῶν
1858 2395 1952 2450 τοῦ

361 2487 617 2554 ούρανοῦ,
651 2488 726 2552 ὡς
753 2490 880 2554 Υἱὸς
904 2489 1194 2564 ἀνθρώπου
1221 2492 1519 2564 ἐρχόμενος
1543 2509 1556 2524 ·
1591 2494 1686 2546 καὶ
1719 2491 1826 2556 ἕως
1857 2489 1953 2545 τοῦ

361 2578 602 2632 Παλαιοῦ
642 2580 749 2634 τῶν
790 2581 1014 2654 ἡμερῶν
1061 2582 1284 2652 ἔφθασε,
1335 2584 1429 2638 καὶ
1486 2583 1770 2656 προσήχθη
1815 2584 1950 2655 (78)ο

361 2671 514 2742 αὐτῷ
541 2672 697 2744 ἐδόθη
726 2676 759 2745 ἡ
792 2675 950 2746 τιμὴ,
973 2675 1068 2729 καὶ
1093 2677 1126 2747 ἡ
1149 2675 1314 2747 ἁρχὴ,
1343 2676 1438 2730 καὶ
1463 2677 1496 2746 ὴ
1538 2674 1812 2746 βασιλείοι-
1861 2676 1954 2728 καὶ

361 2765 564 2829 πάντες
608 2767 658 2819 oi
701 2767 852 2834 λαοὶ,
892 2767 1086 2837 φυλαὶ,
1125 2769 1220 2822 καὶ
1276 2768 1520 2836 γλῶσσαι
1571 2766 1954 2822 δουλεύσουσιν

359 2855 544 2926 αὐτῷ’
582 2858 615 2927 ἡ
662 2859 879 2924 ἐξουσία
929 2859 1132 2924 αὐτοῦ,
1173 2859 1393 2924 ἐξουσία
1445 2858 1694 2922 αἰώνιος.
1725 2859 1849 2929 ἥτις
1891 2857 1952 2910 ού

360 2947 727 3018 παρελεύσει,
782 2951 878 3003 καὶ
907 2952 941 3021 ή
993 2950 1238 3021 βασιλεία
1267 2949 1433 3004 αὑτοῦ
1474 2951 1535 3003 οὺ
1584 2949 1953 3020 διαφθαρήσε-

363 3056 476 3094 ται.
510 3059 528 3092 ι
558 3039 661 3095 Καὶ
681 3041 911 3112 ἀλλαχοῦ
934 3042 1120 3107 Δαόὶδ,
1147 3061 1164 3094 ι
1196 3039 1364 3099 Εἶπεν
1392 3046 1418 3097 ὁ
1441 3043 1640 3113 Κύριος
1661 3042 1739 3113 τῷ
1762 3040 1954 3114 Κυρίῳ

1407 331 1822 389 TESTIMONIA
1870 331 2196 391 ADVERSU
2209 333 2246 392 S
2284 336 2598 396 JUDA‘ZOS.

1444 455 1504 507 ὲν
1549 456 1616 525 τῇ
1651 453 1837 526 ἡμέριι
1875 455 1942 525 τῇ

2059 447 2218 512 faciet
2269 465 2394 528 post
2445 457 2566 514 dies
2618 457 2788 525 duos;
2834 457 2888 512 in
2934 457 3023 512 die
3080 455 3247 512 tertio
3287 470 3648 528 resurgemus
3727 441 3737 450 ’

3544 341 3649 397 213

2054 561 2237 600 coram
2269 562 2356 612 eo,
2397 556 2450 602 et
2478 548 2738 604 sciemus.
2790 546 3194 619 Pcrscquamur
3227 556 3285 602 ut
3335 563 3648 617 cognosca—

2053 653 2178 694 mus
2225 637 2539 704 Dominum,
2588 641 2748 712 quasi
2797 657 2958 697 mane
3007 651 3260 709 paratum
3302 641 3646 696 inveniemus

2053 745 2176 784 etim
2225 733 2293 784 ⁸³.
2333 751 2352 785 ι
2411 732 2601 798 David,
2640 752 2658 784 ι
2698 733 2971 799 Quoniam
3000 749 3110 787 non
3138 734 3494 804 derelinques
3533 733 3651 786 ani-

2053 839 2199 878 mam
2227 839 2402 880 meam
2428 825 2482 880 iu
2511 825 2732 883 inferno
2762 845 2774 880 :
2812 841 2990 896 neque
3025 826 3183 881 dabis
3213 835 3468 880 sanctum
3495 835 3647 879 tuum

2053 917 2238 972 videre
2269 922 2679 988 corruptionem
2721 919 2789 972 '°.
2835 939 2853 972 ι
2887 919 2949 972 Et
2975 935 3190 983 rursus,
3236 937 3254 970 ι
3291 918 3490 974 Factus
3523 935 3645 973 sum

2055 1006 2202 1062 sicut
2253 1007 2418 1061 homo
2445 1009 2563 1064 sine
2593 1009 2871 1079 adjutorio
2905 1010 3049 1064 inter
3075 1017 3323 1064 mortuos
3356 1010 3494 1064 liber
3529 1009 3594 1062 ³³.
3624 1027 3643 1060 ι

2055 1101 2192 1169 Quis
2237 1116 2364 1156 vero
2409 1102 2548 1157 liber
2599 1119 2629 1156 a
2681 1113 2857 1158 morte
2901 1103 3008 1159 nisi
3061 1102 3246 1158 Deus?
3312 1101 3514 1157 Factus
3567 1112 3651 1156 est

2053 1197 2198 1252 enim
2225 1197 2369 1251 sicut
2394 1197 2556 1250 homo
2583 1198 2788 1250 auxilio
2817 1195 3140 1260 destitutus,
3173 1212 3300 1250 cum
3338 1195 3650 1250 humiliavit

2055 1304 2276 1344 carnem
2328 1303 2484 1343 suam
2537 1305 2713 1358 usque
2771 1289 2839 1343 ad
2875 1295 3132 1352 mortem,
3179 1296 3416 1341 mortem
3465 1294 3648 1340 autem

2056 1382 2260 1436 erucis.
2314 1379 2511 1445 Isaias,
2568 1399 2588 1433 ι
2625 1381 2771 1435 Ecce
2811 1397 2912 1451 ego
2947 1395 3087 1452 pono
3139 1381 3192 1434 in
3234 1379 3367 1434 Sion
3413 1377 3648 1448 lapidem

2055 1489 2331 1530 summum
2355 1474 2697 1544 angularem,
2727 1474 2986 1536 electum,
3015 1471 3433 1537 honorabilem;
3471 1477 3525 1524 et
3554 1470 3650 1542 qui

2056 1566 2355 1621 crediderit
2407 1567 2462 1621 in
2497 1583 2647 1630 eum,
2702 1581 2809 1620 non
2841 1566 3215 1620 confundetur
3255 1563 3320 1617 ”.
3363 1583 3382 1616 ι
3419 1561 3648 1616 Factum

2055 1667 2142 1715 est
2185 1661 2331 1714 enim
2373 1679 2390 1711 ι
2422 1660 2474 1714 in
2527 1668 2692 1730 caput
2735 1660 2921 1731 anguli
2975 1658 3020 1690 ³³
3061 1678 3108 1722 ι,
3143 1657 3371 1712 alterius
3397 1655 3652 1710 videlicet

2057 1754 2602 1823 aediliciilEct-lesiae
2659 1771 2784 1826 qua:
2839 1762 2926 1810 est
2997 1753 3274 1809 mirabilis
3352 1751 3408 1806 in
3473 1749 3650 1806 oculis

1985 1818 2030 1878 Β
2059 1849 2290 1905 nostris.

2551 1938 2642 1994 lX.
2688 1939 2767 1994 De
2807 1939 3146 1994 Ascensione.

2125 2030 2322 2098 David,
2379 2049 2397 2082 ι
2438 2031 2706 2086 Ascendit
2744 2031 2886 2086 Deus
2937 2031 2992 2084 in
3031 2031 3234 2101 jubilo,
3287 2027 3555 2081 Dominus
3596 2024 3650 2079 in

2053 2141 2189 2181 voce
2229 2126 2375 2180 tuba:
2417 2125 2485 2182 “.
2521 2145 2538 2176 ι
2597 2123 2724 2179 Πίος
2771 2133 2954 2180 autem
3006 2125 3073 2178 de
3134 2122 3427 2176 Salvatore
3462 2131 3654 2173 nostro

2056 2220 2251 2280 asseri,
2297 2234 2360 2273 ex
2399 2234 2464 2272 eo
2495 2219 2794 2287 colligitur,
2829 2218 2977 2288 quod
3026 2216 3213 2269 Daniel
3243 2213 3414 2279 dicat,
3454 2231 3473 2262 ι
3513 2210 3654 2264 Ecce

2055 2313 2238 2365 throni
2289 2312 2448 2381 positi
2503 2319 2652 2371 sunt,
2685 2321 2737 2365 et
2786 2311 3060 2368 Antiuuus
3101 2307 3314 2360 (herum
3359 2304 3500 2360 sedit
3531 2304 3595 2354 ³⁸.
3629 2323 3648 2356 ι

2057 2398 2122 2452 Ει
2159 2401 2318 2470 paulo
2368 2409 2510 2470 post,
2563 2418 2579 2450 ι
2625 2399 2690 2452 Et
2721 2415 2851 2454 ecce
2881 2415 3006 2454 cum
3046 2399 3290 2453 nubibus
3335 2395 3461 2451 coeli
3493 2393 3654 2466 quasi

2056 2491 2230 2546 Filius
2278 2491 2521 2546 hominis
2570 2493 2832 2554 veniens,
2886 2502 2940 2546 et
3006 2507 3182 2562 usque
3232 2489 3298 2544 ad
3351 2491 3654 2558 Antiquum

2060 2583 2276 2638 dierum
2319 2584 2568 2655 pervenit
2624 2591 2678 2638 et
2723 2585 2997 2638 adductus
3045 2594 3148 2640 est.
3185 2583 3291 2654 ipsi
3351 2583 3516 2638 datus
3569 2589 3655 2638 est

2060 2677 2252 2741 honor,
2293 2675 2666 2746 principatus,
2701 2683 2758 2729 et
2799 2691 3050 2745 regnum,
3103 2682 3156 2728 ct
3209 2689 3400 2728 omnes
3442 2671 3650 2743 pepuli,

2058 2769 2254 2832 tribus,
2303 2777 2356 2822 et
2407 2771 2604 2838 linguze
2637 2768 2745 2838 ipsi
2784 2767 3049 2821 servient.
3098 2764 3351 2820 Potestas
3385 2764 3525 2833 ejus,
3561 2778 3656 2833 ρο⁴

2060 2866 2226 2912 testas
2247 2859 2610 2928 sempiterna,
2635 2873 2760 2926 qum
2794 2873 2900 2911 non
2930 2857 3392 2927 pertransihitzet
3426 2869 3652 2925 regnent

2055 2951 2176 3020 ejus
2202 2967 2308 3004 non
2336 2959 2724 3022 corrumpetur
2745 2950 2813 3005 ³⁸.
2854 2969 2872 3002 ι
2913 2950 2977 3004 Et
3003 2948 3208 3004 alicubi
3232 2947 3424 3009 David,
3459 2967 3475 2998 ι
3507 2946 3656 2999 Dixit

2059 3043 2321 3098 Dominus
2355 3043 2586 3097 Domino
2619 3059 2776 3098 meo:
2807 3043 2948 3098 Sede
2981 3058 3010 3095 a
3044 3043 3256 3098 dextris
3291 3043 3450 3103 meis,
3477 3041 3655 3094 donec

368 3148 494 3202 μου·
527 3131 708 3186 Κάθου
747 3136 810 3186 ἐκ
836 3134 1024 3199 δεξιῶν
1061 3152 1184 3204 μου,
1217 3135 1322 3198 ἕως
1360 3134 1424 3188 ἃν
1459 3134 1536 3188 θῶ
1573 3134 1696 3198 τοὺς
1727 3132 1952 3204 ἐχθρούς

2059 3150 2256 3206 ponam
2283 3135 2537 3190 inimicos
2572 3141 2696 3189 tuos
2731 3135 3031 3188 scabellum
3067 3131 3264 3205 pedum
3288 3140 3507 3186 tuorum
3537 3130 3602 3184 ³⁷.
3630 3147 3650 3182 ι

368 3239 463 3276 σου
493 3223 777 3279 ὑποπόδιον
802 3225 910 3279 τῶν
946 3226 1123 3280 ποδῶν
1154 3244 1268 3280 σου.
1303 3246 1322 3280 ι

577 3319 633 3370 1’.
673 3318 813 3386 Περὶ
850 3317 960 3386 τῆς
989 3319 1177 3388 δόξης
1211 3319 1324 3386 τῆς
1363 3319 1748 3387 Ἐκκλησίας.

437 3408 621 3471 Δαεὶδ,
676 3427 697 3462 ι
745 3411 996 3482 Παρέστη
1053 3415 1086 3484 ή
1138 3412 1431 3483 βασίλισσα
1483 3415 1548 3466 ἐκ
1595 3411 1786 3477 δεξιῶν
1836 3429 1950 3477 σου,

366 3501 426 3552 ἐν
470 3500 752 3573 ἱματισμῷ
803 3502 1113 3575 διαχρύσῳ,
1154 3499 1619 3576 περιϐεϐλημένη,
1671 3503 1956 3558 πεποικιλ-

369 3592 531 3664 μένη-

756 3689 860 3742 ιΑν.
905 3690 1043 3757 Περὶ
1077 3689 1188 3758 τῆς
1218 3687 1558 3760 περιτομῆς.

452 3776 666 3847 Ἐροΰσι
706 3779 762 3833 δέ
804 3779 1004 3846 πάντες
1051 3781 1100 3835 οί
1159 3780 1420 3846 Ἰουδαῖοι,
1469 3784 1640 3837 BHE!
1675 3783 1766 3837 τὸν
1795 3783 1956 3836 αὑτὸν

367 3868 502 3922 Θεὸν
539 3870 799 3937 σέϐεσθε,
847 3872 899 3927 τί
931 3875 1005 3945 μὴ
1041 3874 1458 3946 περιτέμνεσθε,
1502 3876 1534 3946 ἢ
1563 3875 1680 3940 ζῶα
1718 3876 1958 3947 προσφέ-

374 3979 494 4032 ρετε
531 3964 612 4027 είς
655 3963 864 4028 θυσίαν,
911 3965 944 4036 ἢ
993 3965 1373 4032 σαϐϐατίζετε,
1401 3967 1511 4021 τῶν
1543 3958 1780 4040 Γραορῶν
1825 3970 1954 4041 περ).

368 4055 573 4110 τούτοιν
603 4057 1066 4129 διαγορευουσῶνς
1125 4057 1474 4112 Ἀκούσονται
1513 4056 1606 4112 οὖν
1639 4059 1774 4128 (79),
1811 4059 1891 4111 ὅτι
1920 4060 1954 4129 ἠ

371 4151 642 4221 περιτομὴ
686 4153 787 4204 οὐκ
823 4147 892 4224 ἦν
920 4150 980 4216 ἐξ
1017 4152 1212 4224 ἀρχῆς.
1242 4151 1356 4206 ἀλλ’
1396 4152 1456 4204 ἐν
1499 4152 1678 4222 χρόνῳ
1715 4152 1952 4220 ἐγένετο,

371 4239 446 4304 ὡς
476 4241 571 4294 καὶ
612 4243 668 4295 ἐν
693 4243 869 4314 χρόνῳ
896 4243 1215 4314 παυσομένη
1239 4261 1252 4274 ·
1275 4241 1490 4307 ἔπειτα,
1519 4245 1600 4296 ὅτι
1631 4245 1660 4295 ὁ
1685 4243 1817 4308 Θεὸς
1841 4244 1957 4296 δια-

369 4331 672 4402 ταξάμενος
707 4335 818 4394 τοῖς
850 4333 1087 4406 πατράσι
1117 4335 1218 4404 τὴν
1247 4332 1573 4404 περιτομὴν,
1603 4333 1762 4395 αὐτὸς
1783 4329 1956 4396 εἶπεν,

376 4443 394 4476 ι
442 4423 573 4478 Ἰδοὺ
601 4424 800 4495 ἡμέραι
821 4425 1070 4496 ἔρχονται
1094 4425 1241 4494 λέγει
1265 4423 1486 4495 Κύριος,
1513 4425 1605 4478 καὶ
1629 4424 1960 4495 διαθήσομαι

369 4514 446 4583 τῷ
473 4514 606 4585 οἴκῳ
637 4515 745 4586 (80)
771 4515 1010 4587 ,Ἰσραὴλ
1049 4516 1312 4586 διαθήκην
1347 4516 1561 4585 καινὴν,
1595 4515 1656 4567 ού
1690 4515 1830 4568 κατὰ
1859 4513 1958 4586 τὴν

369 4605 653 4676 διαθήκην,
694 4607 760 4678 ἣν
809 4607 1064 4678 διεθέμην
1109 4610 1224 4670 τοῖς
1269 4606 1542 4678 πατράσιν
1603 4605 1782 4660 αὐτῶν
1822 4606 1956 4678 (81),

371 4699 765 4770 ἐπιλαϐομένου
802 4719 903 4772 μου
957 4706 1054 4769 τῖς
1097 4703 1280 4771 χειρὸς
1314 4699 1514 4765 αὐτῶν,
1545 4700 1638 4754 τοῦ
1669 4700 1958 4770 ἐξαγαγεῖν

370 4790 569 4852 αὐτοὺς
597 4793 660 4845 ἐκ
687 4795 790 4864 γῆς
809 4793 1107 4862 Αἰγύπτου,
1142 4793 1225 4846 ὅτι
1259 4793 1413 4846 αὐτοὶ
1442 4793 1544 4844 οὐκ
1572 4792 1854 4862 ἐνέμειναν
1893 4796 1958 4866 τῇ

370 4881 604 4956 διαθήκῃ
636 4903 759 4956 μου,
787 4885 942 4954 κάγὼ
972 4886 1228 4958 ⁴ἦμέλησα
1258 4883 1458 4948 αὐτῶν,
1487 4884 1636 4954 λέγει
1669 4884 1893 4956 Κύριος.
1937 4905 1954 4938 ι

371 4976 483 5030 Καὶ
506 4977 669 5032 πάλιν
697 4978 1017 5051 αίτιώμενος
1045 4979 1172 5042 τοὺς
1208 4977 1498 5042 Ἰουδαίους
1524 4977 1694 5048 λέγει,
1723 4996 1742 5028 ι
1775 4978 1962 5033 Πάντα

2488 3315 2557 3370 Χ.
2615 3315 2686 3369 De
2721 3315 2898 3386 gloria
2953 3314 3229 3369 Ecclesim.

2135 3410 2330 3475 David,
2378 3429 2396 3460 ι
2434 3409 2626 3462 Astitit
2671 3410 2858 3478 regina
2891 3424 2920 3460 a
2969 3407 3178 3461 dextris
3210 3405 3322 3459 tuis
3372 3406 3426 3460 in
3455 3404 3657 3459 vestitu

2062 3503 2349 3566 deaurato,
2398 3500 2833 3566 cireuumnieta,
2881 3501 3158 3568 varicgata
3205 3497 3272 3550 ³⁸.
3313 3517 3330 3548 ι

2515 3682 2604 3736 XI.
2661 3680 2736 3735 De
2776 3681 3206 3736 circumcisione.

2137 3779 2329 3834 Dicent
2370 3785 2553 3830 autem
2586 3773 2760 3829 Judmi
2797 3789 2990 3828 omnes
3034 3793 3045 3829 :
3084 3773 3138 3828 Si
3177 3773 3429 3829 eumdem
3461 3787 3524 3827 ac
3556 3789 3658 3829 nos

2067 3872 2236 3928 Deum
2267 3867 2630 3931 veneramini,
2663 3882 2764 3920 cur
2792 3882 2900 3918 non
2935 3865 3418 3929 circmueidimini,
3449 3867 3659 3920 anima-

2063 3966 2133 4019 lia
2172 3980 2279 4017 non
2326 3962 2538 4018 oll‘ertis
2581 3960 2647 4013 ad
2702 3958 3062 4024 sacriﬁcium,
3093 3975 3193 4013 nec
3225 3957 3525 4013 Sabbatum
3568 3974 3659 4014 ce-

2060 4055 2320 4114 lebratis,
2365 4067 2491 4105 cum
2532 4049 2837 4119 Scriptum
2897 4050 2966 4104 de
3034 4051 3118 4104 his
3177 4050 3338 4103 rebus
3397 4065 3660 4120 expresse

2062 4143 2384 4216 praecipiant
2404 4144 2426 4196 ’ἒ
2451 4142 2642 4196 Sciant
2662 4141 2833 4210 igitur
2855 4142 3332 4196 circumcisionem
3358 4157 3467 4195 non
3490 4142 3661 4196 fuisse

2061 4239 2131 4291 ah
2170 4236 2348 4297 initio,
2394 4234 2492 4288 sed
2542 4241 2694 4286 certo
2745 4239 2995 4299 tempore
3033 4231 3336 4284 institutam
3372 4231 3565 4296 fuisse,
3603 4240 3662 4285 ut

2063 4343 2185 4397 qua)
2231 4325 2399 4380 etiam
2447 4331 2603 4379 certo
2663 4330 2910 4391 tempore
2960 4322 3121 4376 liuent
3173 4321 3426 4376 habitura
3475 4333 3654 4389 esset;

2067 4418 2266 4475 deinde
2316 4416 2510 4481 Deum,
2558 4416 2653 4484 qui
2685 4414 2960 4484 patribus,
3011 4423 3069 4468 ut
3101 4415 3656 4480 eireumcidcrcntur,

2074 4511 2458 4573 mandaverat,
2495 4509 2670 4578 ipsum
2719 4506 2972 4561 dixisse:
3019 4527 3035 4557 ι
3077 4507 3216 4561 Ecce
3263 4508 3378 4562 dies
3409 4509 3658 4574 veniunt,

2069 4607 2145 4660 ait
2183 4603 2468 4667 Dominus,
2515 4610 2568 4656 et
2603 4599 2892 4670 disponam
2939 4599 3123 4654 domui
3161 4598 3326 4656 Israel
3369 4607 3663 4656 testamen-

2067 4708 2184 4752 tum
2237 4711 2464 4759 novum,
2492 4708 2600 4748 non
2625 4694 2780 4763 juxta
2814 4701 3202 4747 testamentum
3231 4693 3377 4763 quod
3413 4693 3662 4764 disposui

2071 4791 2322 4864 patribus
2389 4803 2611 4852 eorum,
2672 4801 2798 4841 eum
2862 4786 3370 4856 appt'eltendi'ego
3438 4802 3661 4840 manum

2067 4901 2257 4942 eorum
2315 4882 2383 4940 ad
2432 4881 2777 4937 educendum
2819 4895 2916 4934 eos
2949 4880 3016 4934 de
3055 4888 3200 4934 terra
3253 4879 3498 4949 Atlgypti,
3535 4881 3663 4948 quia

2069 4979 2176 5051 ipsi
2225 4991 2337 5033 non
2378 4983 2705 5029 manserunt
2760 4972 2815 5026 in
2873 4980 3210 5027 testamento
3266 4987 3411 5034 meo,
3461 4978 3516 5025 et
3563 4988 3664 5042 ego

444 5111 644 5182 nosce
668 5129 722 5175 ν,
760 5113 860 5182 15ς
896 5130 970 5172 γι,
997 5114 1113 5168 1-5.
1189 5113 1235 5144 ³⁰
1251 5111 1400 5167 Psal.
1429 5129 1520 5172 xv,
1554 5112 1642 5167 ιο.
1715 5105 1762 5145 ’³¹
1785 5113 1930 5172 Psal.

2059 5130 2210 5175 :xvn,
2247 5109 2302 5166 6.
2380 5111 2425 5142 ³³
2448 5107 2559 5182 ise:
2585 5123 2783 5182 xxvm,
2819 5108 2915 5182 l6._
2939 5178 2954 5182 Α
2987 5107 3031 5138 ³³
3050 5106 3199 5163 Psal.
3243 5121 3411 5171 exvu,
3441 5105 3534 5170 22,
3568 5106 3658 5161 93.

372 5183 420 5215 ³⁸
439 5181 586 5240 Psal.
614 5185 834 5250 xLVI,6.
912 5185 956 5217 ³⁵
980 5183 1114 5241 Dan.
1147 5200 1242 5248 vn,
1268 5185 1322 5239 9.
1400 5184 1446 5215 "
1475 5185 1612 5240 Dan.
1649 5183 1731 5250 l5,
1767 5186 1855 5242 14.
1930 5187 1952 5220 ³

2059 5188 2158 5244 sal.
2182 5200 2295 5247 (ax,
2331 5182 2378 5236 1.

447 5318 558 5388 (7'5)
595 5319 822 5392 Siphani
861 5320 1030 5392 codex
1081 5329 1130 5376 et
1169 5319 1471 5379 Vaticanus
1525 5321 1824 5389 recentior,
1873 5325 1962 5378 ἐν·

372 5388 545 5462 ὠπιον
577 5388 742 5446 αὑτοῦ
796 5390 1093 5462 διώξωμεν.

447 5461 556 5536 (ξιξ)
590 5461 1071 5536 90t13_aﬂliqtlli)l‘_
1099 5461 1276 5536 Yatic.
1327 5464 1423 5517 καὶ
1469 5463 1798 5536 εὑρήσομεν.

449 5532 559 5606 (75)
590 5533 644 5589 In
667 5532 1078 5606 editioneLXX
1101 5533 1348 5606 Aluterpr.
1383 5532 1601 5592 diversa
1635 5532 1766 5589 sunt
1796 5535 1964 5606 hujus

377 5602 476 5659 loci
515 5602 719 5670 νει-ως
758 5603 856 5659 sed
902 5607 1042 5658 idem
1093 5604 1204 5657 fere
1241 5602 1462 5661 sensus.

444 5676 553 5802 (Ξϐ)
585 5676 774 5732 Codex
813 5675 1066 5745 Siphani,
1089 5683 1143 5729 et
1167 5673 1467 5732 Vaticanus
1488 5677 1784 5745 recentior,
1813 5679 1962 5731 οἰκο-

444 5765 470 5802 2.
491 5765 578 5802 ας.

371 5761 578 5802 νοιιιας.

431 5765 784 5894 ΐ77ῗϐοάῡι
826 5816 1126 5889 antiquior,
1173 5819 1296 5891 ἣτις
1325 5819 1420 5872 καὶ
1459 5817 1592 5873 ἔστι.

2461 5179 2508 5211 ³⁸
2529 5178 2676 5234 Psal.
2714 5194 2859 5244 wa,
2896 5178 2984 5234 10.

2139 5321 2256 5446 (78)
2291 5318 2350 5375 In
2384 5317 2626 5374 editione
2855 5314 3099 5398 .lntcrpr.
3159 5319 3244 5366 est
3290 5310 3659 5393 προσηνέχθη,

2069 5391 2131 5447 ob
2160 5405 2281 5446 atus
2313 5401 2427 5452 est;
2455 5390 2547 5444 sed
2583 5385 2830 5441 Nobilius
2856 5403 2908 5440 ιιι
2937 5395 3084 5441 ιιοιιε
3118 5381 3339 5454 praefert
3366 5383 3662 5438 lectionem

2070 5479 2247 5537 quam
2275 5463 2365 5537 hic
2391 5458 2692 5537 _Nysscuus
2717 5459 3002 5537 sequitur.

2145 5534 2257 5603 (79)
2289 5529 2473 5603 Codex
2522 5529 2817 5603 recentior,
2850 5529 3004 5603 γοῦντ

2143 5595 2256 5672 (80)
2293 5602 2476 5656 Codex
2511 5601 2805 5667 antiquior,
2854 5599 2910 5648 ἐν
2954 5595 3041 5672 τῷ.
3075 5596 3230 5672 οἴκῳ.

2144 5667 2258 5744 (81)
2289 5672 2520 5744 Siphani
2547 5672 2740 5744 codex,
2764 5677 2820 5744 et
2841 5667 3454 5744 recentioryaticanus.
3479 5667 3657 5744 ὑμῶν.

2075 5737 2179 5798 Sed
2205 5737 2368 5830 'mox'
2412 5740 2691 5811 antiquior
2721 5738 2891 5795 codex
2930 5739 3082 5811 legit,
3125 5737 3521 5812 ἐπιλαϐόμενος
3557 5739 3660 5812 τῆς

2067 5833 2268 5886 χειρος.
