4106 6496
391 375 502 434 219

1674 377 1733 434 S.
1761 373 2094 434 GBEGORH
2133 373 2431 430 NYSSENI

3565 367 3682 428 2Ξο

395 497 612 570 neglexi
657 513 777 564 eos,
823 497 897 552 ait
927 496 1195 554 Dominus
1226 497 1292 552 ³³.
1328 515 1348 549 ι
1383 500 1448 551 Et
1488 512 1681 553 rursus
1723 499 1984 552 incusans

2116 496 2158 550 ’ὰ
2191 495 2320 566 ἔθνη
2352 496 2702 568 ἀπερίτμητα
2735 495 2919 568 σαρκὶ,
2952 497 2980 550 ὁ
3001 495 3058 550 δὲ
3084 495 3211 560 λαὸς
3234 487 3386 557 οὗτος
3429 494 3496 564 τῇ
3535 509 3682 564 καρ-

394 590 612 649 Judzeos
654 595 748 657 ait,
801 613 819 644 ι
861 592 1066 649 Omnes
1117 604 1306 665 gentes
1356 595 1756 650 iucircumcisaa
1797 609 1982 657 carne,

395 687 630 754 populus
660 693 840 740 autem
888 686 992 740 iste
1023 687 1446 741 incircumcisus
1475 695 1558 741 est
1593 687 1757 740 corde
1783 685 1924 738 ‘M‘.
1963 704 1981 736 ι

401 775 461 830 Et
501 793 716 837 rursus.
747 796 764 828 ι
799 777 1191 833 Circumcidite
1215 795 1311 832 eor
1346 791 1607 841 vestrum,
1639 789 1692 832 ct
1722 793 1831 831 non
1865 793 1988 832 car-

399 885 522 923 nem
573 870 820 940 praeputii
853 870 1040 924 vestri.
1091 888 1108 921 ι
1150 869 1216 922 Et
1267 871 1486 933 iterum,
1530 887 1548 919 ι
1585 867 1790 923 Novate
1831 868 1988 923 vobis

399 961 639 1025 novalia,
688 969 742 1015 et
793 962 962 1016 nolite
1009 977 1192 1016 serere
1240 977 1404 1031 super
1462 961 1683 1030 spinas;
1737 961 1831 1016 sed
1878 962 1987 1014 cir-

399 1054 699 1108 cumcidite
743 1053 1000 1108 duritiam
1039 1054 1224 1108 cordis
1277 1052 1468 1108 vestri.
1500 1071 1518 1104 ι
1552 1051 1842 1118 Jeremias,
1879 1070 1897 1102 ι
1923 1051 1989 1106 Et

401 1144 781 1199 circumcidite
818 1142 926 1199 Deo
960 1145 1283 1214 praeputium
1315 1143 1499 1198 cordis
1534 1143 1722 1198 vestri.
1759 1162 1777 1194 ι
1817 1141 1990 1197 Porro

403 1251 503 1308 per
551 1236 1028 1292 circumeisionem
1086 1235 1359 1290 neminem
1410 1234 1739 1304 iustiﬁcari,
1784 1250 1847 1288 ex
1907 1235 1990 1290 his

403 1329 756 1398 perspicuum
801 1334 918 1394 est;
974 1327 1249 1382 Abraham
1300 1327 1720 1382 incircumcisus
1787 1326 1992 1396 placuit

403 1417 548 1485 Deo;
606 1433 732 1472 nam
767 1419 919 1490 prius
951 1419 1105 1474 visus
1139 1429 1223 1475 est
1261 1426 1452 1489 gratus
1489 1427 1544 1473 et
1581 1427 1839 1488 acceptus
1882 1417 1992 1472 Deo

404 1526 549 1575 esse,
593 1518 649 1566 et
708 1519 839 1566 tunc
887 1510 1110 1566 demum
1157 1511 1260 1581 ipsi
1306 1510 1784 1566 circumcisionem
1817 1507 1988 1564 dedit.

405 1602 508 1668 Qui
539 1595 704 1657 etiam
751 1603 806 1658 in
845 1602 1069 1660 deserto
1107 1604 1472 1675 quadraginta
1513 1618 1782 1657 annorum
1814 1601 1992 1672 spatio

407 1692 520 1746 nati
552 1691 700 1757 sdnt,
722 1701 787 1747 “et
813 1693 914 1764 ipsi
945 1693 1370 1749 circumcisione
1416 1701 1750 1759 caruerunt;
1789 1692 1994 1760 quique

408 1785 478 1839 ab
519 1783 694 1838 Adam
735 1801 912 1856 usque
955 1785 1020 1840 ad
1075 1785 1444 1841 Abrahamum
1491 1784 1601 1839 Deo
1646 1784 1991 1854 placuerunt,

2093 586 2199 657 δία.
2246 607 2265 639 ι
2335 586 2440 641 Καὶ
2502 588 2696 652 πάλιν,
2759 606 2777 639 ι
2835 586 3234 658 Περιτέμνεσθε
3288 585 3388 654 τὴν
3449 581 3680 654 καρδίαν

2095 678 2272 749 ὑμῶν.
2294 679 2388 732 καὶ
2413 680 2486 750 μὴ
2500 679 2596 751 τὴν
2622 680 2800 751 σάρκα
2816 682 2914 750 τῆς
2937 677 3299 750 ἀκροϐυστίας
3315 675 3468 746 ὑμῶν
3489 672 3619 744 (82).
3655 692 3676 722 ι

2097 769 2202 824 Καὶ
2249 769 2410 823 πάλιν
2452 771 2586 842 (85),
2621 789 2638 821 ι
2675 771 2933 824 Νεώσατε
2983 771 3197 832 ἑαυτοῖς
3245 765 3540 836 νεὼματα,
3585 761 3688 815 καὶ

2100 862 2174 932 μὴ
2208 863 2460 933 σπείρετε
2500 864 2586 915 ἐπ’
2621 863 2884 926 ἀκάνθαις
2918 861 3067 934 (84)’
3107 859 3244 914 ἀλλὰ
3287 856 3682 930 περιτέμνεσθε

2095 975 2156 1028 τὸ
2215 976 2448 1048 σκληρὸν
2498 977 2596 1046 τῆς
2654 977 2880 1048 καρδίας
2925 976 3100 1047 ὑμῶν.
3159 995 3178 1026 ι
3245 973 3510 1046 Ἱερεμίας
3545 971 3684 1043 (85),

2103 1084 2121 1116 ι
2160 1064 2266 1119 Καὶ
2312 1066 2703 1138 περιτέμνεσθε
2757 1067 2835 1136 τῷ
2883 1067 3003 1137 Θεῷ
3034 1067 3134 1137 τὴν
3168 1063 3535 1136 ἀκροϐυστίαν
3582 1059 3687 1134 τῆς

2099 1157 2328 1230 καρδίας
2371 1159 2547 1230 ὑμῶν.
2583 1179 2602 1212 ›
2644 1161 2766 1213 Ὅτι
2795 1160 2851 1213 δὲ
2881 1159 3070 1214 οὐδένα
3099 1159 3299 1212 δικαιοῖ
3329 1160 3362 1229 ὴ
3391 1155 3686 1227 περιτομὴ,

2097 1249 2256 1320 δῆλον
2305 1251 2369 1304 ὲκ
2421 1250 2658 1304 τούτων·
2737 1252 2989 1323 Ἀϐραὰμ
3050 1251 3426 1322 ἀπερίτμητος
3486 1247 3686 1320 εὐηρέ-

2101 1359 2264 1412 στησε
2294 1343 2406 1412 (86)
2464 1345 2542 1414 τῷ
2576 1343 2726 1416 Θεῷ·
2776 1344 2992 1416 πρῶτον
3023 1342 3136 1413 γὰρ
3165 1342 3320 1413 ὤφθη
3353 1341 3687 1420 εὐαρεστῶν,

2099 1435 2192 1488 καὶ
2221 1435 2343 1488 τότε
2391 1435 2538 1507 αὐτῷ
2561 1437 2660 1506 τὴν
2703 1435 3003 1508 περιτομὴν
3047 1435 3248 1490 δίδωσι.
3281 1435 3392 1488 Καὶ
3423 1436 3471 1487 oi
3518 1435 3575 1485 ὲν
3613 1433 3686 1503 τῇ

2100 1527 2294 1598 ἐρήμῳ
2337 1527 2393 1580 δὲ
2419 1528 2798 1598 γεννηθέντες,
2831 1530 2888 1582 ὲν
2930 1531 3042 1592 τοῖς
3075 1527 3482 1598 τεσσαράκοντα
3512 1525 3688 1578 ἔτεσιν

2101 1617 2466 1688 ἀπερίτμητοι
2521 1613 2691 1688 ἦσαν’
2742 1619 2836 1674 καὶ
2867 1621 2914 1672 oi
2959 1619 3067 1674 ἀπὸ
3126 1618 3297 1688 Ἀδὰμ
3343 1617 3548 1688 ὁμοίως
3582 1615 3691 1678 ἕως

2116 1707 2369 1778 Ἀϐραὰμ
2405 1707 2779 1780 εὐηρέστησαν
2807 1709 2884 1780 τῷ
2913 1709 3052 1780 Θεῷ,
3095 1709 3294 1772 πάντες
3327 1708 3693 1778 ἀπερίτμητοι

2100 1794 2270 1868 ἦσαν·
2299 1799 2388 1853 διὰ
2417 1799 2526 1871 γὰρ
2555 1800 2616 1854 τὸ
2645 1801 3032 1870 ἐπιμίγνυσθαι
3057 1801 3149 1855 τὸν
3179 1799 3303 1854 λαὸν
3333 1802 3412 1863 εἰς
3443 1799 3508 1852 τά
3537 1798 3692 1868 ἔθνη,

410 1875 666 1934 similiter
701 1892 892 1934 omnes
928 1877 1302 1932 ineircumcisi
1335 1887 1525 1944 erant;
1563 1891 1686 1930 nam
1735 1875 1861 1944 quia
1895 1891 1992 1944 po-

2116 1891 2259 1962 ὲδόθη
2283 1893 2315 1961 ἠ
2343 1891 2634 1963 περιτομὴ,
2665 1893 2760 1945 καὶ
2793 1894 2824 1963 ἡ
2857 1893 3003 1946 αἰτία
3032 1893 3163 1964 δήλη
3191 1909 3204 1924 ·
3239 1891 3429 1962 εἴληφε
3461 1889 3569 1961 γὰρ
3593 1890 3697 1967 τὴν

411 1968 575 2038 pulus
603 1969 860 2040 gentibus
893 1969 1190 2024 immisceri
1219 1969 1474 2032 debebat,
1511 1969 1720 2023 ideirco
1749 1968 1874 2021 data
1903 1975 1989 2022 est

411 2059 785 2118 circumcisio.
825 2059 1000 2130 liujus
1045 2070 1224 2115 autem
1271 2061 1346 2116 rei
1394 2061 1534 2114 ratio
1565 2059 1858 2114 manifesta
1891 2067 1997 2116 est.

411 2152 865 2208 Circinucisionis
909 2153 1114 2224 quippe
1155 2168 1292 2209 usus
1319 2153 1388 2206 ab
1437 2152 1754 2209 Abrahamo
1782 2152 1999 2206 initium

412 2243 623 2310 habuit,
657 2259 820 2315 quem
859 2260 982 2299 cum
1030 2243 1175 2300 Deus
1216 2259 1382 2315 supra
1411 2259 1605 2300 omnes
1641 2244 1792 2300 illius
1820 2245 2003 2300 aetatis

413 2335 666 2393 homines
711 2338 1017 2403 dilexisset,
1061 2353 1127 2392 ex
1168 2338 1287 2408 ipso
1333 2336 1616 2394 Christum
1649 2353 1869 2408 quoque
1909 2353 1999 2394 se—

413 2431 656 2486 cundum
692 2447 914 2486 carnem
952 2431 1105 2488 nasci
1153 2432 1586 2502 praedestinavit.
1634 2431 1824 2502 Itaque
1852 2440 1914 2486 ut
1947 2431 2003 2486 id

417 2522 561 2592 quod
608 2523 724 2580 ﬁeri
776 2527 1048 2591 voluerat,
1093 2533 1281 2596 posset
1318 2525 1482 2580 etiam
1537 2525 1755 2580 sincere
1778 2531 1834 2580 et
1867 2525 2005 2596 legi-

415 2619 548 2671 time
589 2617 730 2682 ﬁeri,
767 2617 974 2673 ideirco
1008 2633 1147 2688 opus
1199 2618 1303 2673 fuit
1337 2617 1763 2674 circumcisione
1805 2625 1860 2673 et
1910 2634 2004 2674 se-

415 2711 735 2780 gregatione
785 2727 816 2765 a
877 2713 1103 2782 reliquis
1151 2713 1425 2782 gentibus,
1480 2721 1539 2766 ut
1568 2712 1734 2767 veluti
1769 2712 2004 2782 quodam

417 2809 576 2870 scpto
627 2803 712 2857 lex
772 2803 924 2874 ipsos
971 2819 1002 2858 a
1049 2805 1270 2860 caeteris
1315 2803 1636 2858 hominibus
1699 2810 2004 2874 separaret.

2108 1977 2281 2050 ἀρχὴν
2309 1979 2378 2032 τὰ
2405 1980 2502 2049 τῆς
2531 1981 2831 2052 περιτομῆς
2861 1983 2926 2034 ὲκ
2948 1979 3042 2033 τοῦ
3089 1979 3358 2052 Ἀϐραὰμ,
3389 1977 3448 2031 δν
3476 1977 3700 2047 ἀγαπή-

2111 2089 2210 2136 σας
2259 2072 2398 2142 ὐπὲρ
2441 2073 2648 2138 πάντας
2672 2076 2798 2139 τοὺς
2826 2074 2947 2128 τότε
2977 2076 3006 2128 ὁ
3035 2073 3186 2137 Θεὸς,
3218 2071 3277 2137 ἐξ
3301 2070 3466 2124 αὑτοῦ
3504 2085 3700 2138 γεννη-

2109 2163 2370 2236 θήσεσθαι
2399 2166 2493 2218 καὶ
2520 2165 2613 2219 τὸν
2637 2166 2871 2237 Χριστὸν
2895 2164 3039 2218 κατά
3060 2164 3238 2236 σάρκα
3265 2159 3546 2234 προέθετο.
3581 2158 3701 2210 Ἵνα

2111 2251 2202 2310 οὖν
2237 2255 2348 2325 (87)
2378 2258 2514 2328 ὅπερ
2558 2257 2848 2331 ἐϐουλήθη.
2891 2257 3150 2329 καθαρῶς
3189 2253 3440 2325 γενέσθαι
3470 2249 3700 2322 δυνηθῇ,

2112 2349 2207 2401 καὶ
2237 2348 2560 2416 ἀνοθεύτως,
2597 2353 2786 2404 τούτου
2818 2351 2976 2422 χάριν
3019 2349 3206 2422 ἐδέησε
3232 2348 3342 2420 (88)
3375 2343 3699 2416 περιτομῆς,

2112 2436 2331 2507 καὶτῆς
2374 2439 2504 2510 περὶ
2534 2440 2602 2494 τὰ
2639 2437 2802 2494 λοιπά
2835 2441 2966 2512 γένη
3010 2439 3253 2511 ἀμιξίας,
3299 2438 3386 2490 ἵνα
3418 2434 3606 2505 ὥσπερ
3645 2449 3701 2485 τι

2110 2527 2570 2602 διὰιρραγμα,τῶν
2601 2533 2803 2587 λοιπῶν
2825 2535 3018 2597 αὐτοὺς
3039 2531 3340 2606 ἀνθρώπων
3362 2529 3568 2602 χωρίζῃ
3588 2526 3702 2598 (89)

2111 2618 2141 2670 ὁ
2163 2618 2514 2688 νόμος.⁹Ὀθεν
2544 2623 2637 2678 καὶ
2665 2623 2945 2694 τεχθέντος
2967 2623 3062 2676 τοῦ
3091 2623 3156 2676 δι’
3188 2622 3246 2676 ὃν
3273 2620 3447 2675 ταῦτα
3485 2619 3699 2688 γέγονε,

2113 2709 2297 2764 λοιπὸν
2355 2713 2432 2778 ὡς
2477 2715 2708 2788 περιττὰ
2741 2717 2819 2788 τῷ
2865 2716 2984 2788 Θεῷ
3016 2716 3084 2770 τά
3123 2715 3276 2786 παρά
3321 2713 3419 2786 τὴν
3470 2710 3705 2783 ἀρχαίαν

2117 2800 2394 2869 ξενίζοντα
2422 2809 2758 2863 κατάστασιν
2789 2809 3164 2880 ἐκϐέϐληνται.

419 2870 810 2961 Quamobrem
841 2908 909 2950 eo
964 2905 1093 2950 nato
1144 2895 1216 2950 ob
1265 2909 1427 2964 quem
1477 2895 1594 2950 haec
1647 2870 1795 2948 facta
1850 2902 2000 2960 sunt,
2041 2901 2176 2950 tunc
2227 2897 2418 2970 utique
2451 2899 2542 2954 illa
2601 2901 2862 2974 abrogata
2889 2870 3062 2969 fuere,
3103 2917 3226 2973 qua:
3263 2916 3293 2956 a
3358 2899 3466 2956 Deo
3507 2870 3706 2969 praeter

421 2987 710 3058 antiquum
759 3001 946 3044 rerum
987 2987 1238 3044 ordinem
1277 2987 1531 3043 instituta
1578 2986 1814 3042 fuerant.

925 3119 1043 3178 Xll.
1097 3121 1176 3178 De
1198 3123 1508 3194 sacriﬁciis.

499 3256 767 3314 Similiter
803 3256 946 3314 Deus
976 3257 1197 3326 clamat,
1237 3258 1452 3325 dicens,
1487 3278 1506 3310 ι
1537 3256 1674 3314 Vivo
1713 3274 1836 3330 ego,
1881 3259 2016 3316 dicit
2043 3243 2086 3302 (ἶ

425 3347 717 3412 Dominus,
753 3349 1012 3422 quoniam
1042 3351 1110 3406 de
1139 3351 1430 3407 sacriﬁciis
1461 3362 1517 3407 et
1545 3351 1884 3409 holocaustis
1904 3369 2015 3409 non

429 3440 682 3495 mandavi
731 3442 980 3511 patribus
1018 3444 1241 3509 vestris,
1289 3459 1356 3500 ex
1391 3459 1502 3516 quo
1554 3443 1643 3500 die
1692 3445 1882 3500 reduxi
1920 3461 2018 3501 eos

429 3531 497 3586 de
523 3542 668 3588 terra
693 3532 912 3605 Μεννῑί
939 3544 994 3592 et
1018 3551 1192 3606 usque
1223 3536 1292 3592 ad
1324 3538 1471 3598 hunc
1502 3537 1646 3593 diem
1676 3538 1740 3592 δ’.
1767 3557 1786 3590 ›
1823 3537 2016 3601 Isaias,

435 3646 454 3678 ι
486 3625 744 3697 Nunquid
773 3642 873 3698 ego
902 3629 1135 3699 praecepi
1185 3629 1436 3700 patribus
1463 3631 1664 3686 vestris
1685 3633 2020 3688 exeuntibus

431 3730 642 3773 eterra
688 3716 935 3791 Egypti,
993 3727 1053 3774 ut
1096 3719 1361 3778 offerrent
1414 3723 1548 3778 mihi
1598 3723 1922 3779 holocausta
1967 3733 2023 3780 et

435 3809 766 3864 sacriﬁcium
791 3811 852 3862 ’ἐι
886 3808 954 3864 Et
981 3826 1200 3876 rursus,
1236 3832 1253 3865 ι
1274 3812 1396 3878 Quo
1445 3813 1580 3868 mihi
1612 3813 2020 3869 multitudinem

437 3899 838 3953 sacriﬁciorum
855 3908 1187 3968 vestrorum,
1203 3903 1336 3958 dicit
1353 3901 1619 3959 Dominus
1639 3903 1882 3961 ?Pleuus
1899 3921 2022 3960 sum

438 3991 778 4046 holocaustis
823 3991 1077 4059 arietum,
1125 4000 1180 4050 et
1218 3996 1433 4066 adipem
1465 4011 1752 4067 agnorum,
1798 4003 1852 4052 et
1891 4011 2013 4053 san-

437 4083 660 4153 guinem
709 4091 1020 4150 taurorum,
1079 4093 1135 4143 et
1183 4087 1466 4144 hircorum
1510 4090 1680 4146 nolo:
1718 4105 1897 4160 neque
1929 4106 2026 4146 ve-

384 4253 388 4256 ,
437 4175 630 4241 niatis,
667 4185 727 4232 ut
758 4179 1070 4248 appareatis
1103 4179 1259 4233 mihi.
1291 4178 1429 4246 Quis
1457 4181 1603 4235 enim
1631 4182 1886 4252 quaesivit
1911 4183 2027 4238 haec

437 4268 508 4324 de
561 4271 818 4326 manibus
871 4273 1110 4326 vestris?
1154 4271 1382 4328 Calcare
1430 4273 1631 4328 atrium
1680 4289 1860 4330 meum
1914 4291 2027 4330 non

439 4364 746 4431 apponetis.
801 4363 859 4418 Si
895 4363 1139 4421 aﬁeratis
1174 4366 1410 4422 similam
1441 4384 1456 4434 ;
1490 4380 1693 4421 vanum
1737 4366 2026 4422 incensum

440 4453 776 4510 abominatio
829 4456 962 4510 mihi
1012 4465 1118 4513 est.
1152 4457 1484 4516 Neomenias
1519 4467 1755 4525 vestras,
1804 4467 1860 4516 et
1894 4459 2024 4516 sab-

438 4544 564 4598 bata
592 4555 796 4611 vestra,
834 4555 888 4602 et
914 4547 1057 4603 diem
1103 4565 1362 4620 magnum
1397 4568 1506 4606 non
1531 4551 1652 4608 fero
1677 4570 1692 4618 ;
1721 4553 2022 4624 jejunium,

440 4645 494 4689 ct
513 4635 710 4700 otium,
741 4645 794 4692 ct
818 4637 1140 4696 festivitates
1163 4651 1373 4698 vestras
1403 4643 1521 4698 odit
1552 4643 1736 4698 anima
1766 4660 1886 4698 mea
1907 4645 2022 4699 ".‘i

441 4724 510 4780 Et
537 4738 754 4791 rursus,
796 4748 814 4780 ι
840 4727 1142 4796 Lavamini,
1182 4733 1376 4786 mundi
1405 4741 1604 4797 estote,
1646 4735 1857 4790 attferte
1886 4735 2029 4790 mala

2639 3121 2739 3176 IB‘.
2784 3123 2922 3192 Περὶ
2951 3121 3196 3178 Θυσιῶν.
3289 3135 3300 3148 ’

2205 3255 2437 3328 Ὁμοίως
2463 3257 2491 3309 ὁ
2523 3256 2654 3321 Θεὸς
2693 3256 2811 3329 βοᾷ.
2844 3257 3036 3327 λέγων·
3076 3275 3094 3308 ι
3133 3256 3220 3310 Ζῶ
3249 3255 3381 3323 ἐγὼ,
3411 3254 3561 3325 λέγει
3597 3252 3714 3306 Κύ-

2123 3367 2268 3422 ριος,
2309 3350 2392 3403 ὅτι
2423 3351 2552 3422 περ).
2579 3350 2802 3416 θυσιῶν,
2840 3351 2936 3405 καὶ
2964 3349 3433 3421 ὁλοκαυτωμάτων
3483 3348 3584 3401 οὑκ
3618 3347 3708 3400 sv-

2125 3442 2420 3514 ετειλάμην
2455 3442 2590 3509 πρὸς
2618 3445 2744 3507 τοὺς
2783 3442 3028 3516 πατέρας
3071 3441 3244 3514 ὑμῶν,
3285 3433 3465 3511 ἀφ’ἧς
3498 3437 3710 3510 ἡμέρας

2121 3534 2393 3604 ἀνήγαγον
2427 3534 2624 3598 αὐτοὺς
2655 3537 2720 3588 ὲκ
2749 3536 2849 3604 γῆς
2863 3536 3160 3605 Αἰγύπτου,
3191 3535 3287 3588 καὶ
3315 3534 3420 3598 ἕως
3440 3533 3541 3603 τῆς
3573 3531 3711 3602 ἡμέο

2125 3643 2226 3698 ρας
2253 3626 2477 3699 ταύτης.
2512 3645 2531 3679 ι
2585 3628 2813 3690 Ἡσαΐας
2838 3625 2970 3698 (90),
3027 3644 3046 3678 ι
3084 3626 3176 3698 Μὴ
3210 3624 3320 3694 ἐγὼ
3359 3623 3712 3694 ἐνετειλάμην

2123 3716 2236 3778 τοῖς
2289 3715 2559 3787 πατράσιν
2595 3717 2783 3788 ὑμῶν,
2815 3717 3272 3788 ἐκπορευομένοις
3314 3718 3379 3771 ὲκ
3408 3716 3512 3787 γῆς
3545 3712 3713 3782 Αίγύ-

2127 3823 2262 3860 πτου
2299 3812 2686 3880 προσενεγκεῖν
2719 3811 2832 3882 (9|)
2873 3827 2962 3880 μοι
3008 3809 3434 3880 ὁλοκαυτώματα
3485 3807 3581 3862 καὶ
3619 3805 3714 3860 θυ-

2129 3899 2282 3966 σίαν;
2333 3919 2352 3952 ι
2405 3901 2516 3954 Καὶ
2561 3901 2742 3968 πάλιν,
2802 3921 2820 3954 ι
2865 3902 2930 3954 Τί
2980 3919 3071 3973 μοι
3117 3899 3320 3972 πλῆθος
3365 3899 3476 3952 τῶν
3514 3897 3716 3952 θυσιῶν

2131 3991 2309 4063 ὑμῶν,
2327 3993 2478 4063 λέγει
2499 3995 2704 4067 Κύριος
2727 4013 2742 4062 ;
2763 3997 2974 4067 πλήρης
2986 3995 3102 4066 εἰμὶ
3115 3993 3585 4064 ὁλοκαυτωμάτων
3603 3991 3714 4061 (92)

2134 4087 2324 4158 κριῶν,
2357 4087 2451 4142 καὶ
2481 4089 2647 4160 στέαρ
2684 4089 2865 4161 ἀρνῶν
2898 4089 2990 4142 καὶ
3019 4083 3158 4158 αἷμα
3188 4089 3425 4158 ταύρων,
3459 4085 3554 4139 καὶ
3580 4083 3715 4154 τρά-

2132 4197 2246 4249 γων
2280 4181 2341 4234 οὐ
2376 4180 2656 4254 βούλομαι·
2689 4182 2798 4235 οὐδ’
2832 4181 2898 4236 ἂν
2928 4181 3160 4254 ἔρχησθε
3205 4178 3436 4252 ὀφθῆναί
3473 4195 3582 4249 μοι.
3620 4175 3718 4238 Τίς

2133 4275 2242 4346 γὰρ
2274 4271 2572 4344 ὲξεζήτησε
2601 4274 2776 4330 ταῦτα
2821 4276 2886 4328 ἐκ
2921 4274 3031 4328 τῶν
3067 4271 3270 4345 χειρῶν
3313 4271 3501 4343 ὑμῶν;
3531 4271 3718 4322 πατεῖν

2133 4368 2231 4439 τὴν
2275 4369 2444 4440 αὐλήν
2492 4386 2594 4440 μου
2636 4369 2695 4422 οὐ
2746 4367 3142 4440 προσθήσεσθε.
3195 4365 3323 4418 Ἐὰν
3371 4361 3575 4434 φέρητέ
3629 4375 3720 4431 μοι

2136 4459 2435 4531 σεμίδαλιν,
2468 4462 2696 4530 μάταιον
2725 4460 2976 4531 θυμίαμα
3006 4457 3279 4530 βδέλυγμά
3311 4473 3401 4528 μοι
3430 4455 3547 4508 ἐστί
3580 4453 3714 4524 (95).

2137 4551 2249 4615 Τὰς
2293 4550 2588 4622 νεομηνίας
2633 4550 2811 4622 ὑμῶν,
2861 4551 2955 4603 καὶ
2999 4549 3066 4603 τὰ
3097 4548 3354 4603 Σάϐϐατα
3403 4543 3580 4614 ὑμῶν,
3619 4543 3715 4596 καὶ

2135 4643 2352 4714 ἡμέραν
2381 4641 2622 4713 μεγάλην
2644 4643 2744 4696 οὐκ
2769 4642 3053 4712 ἀνέχομαι·
3081 4639 3351 4712 νηστείαν,
3379 4637 3476 4692 καὶ
3499 4635 3720 4708 ἀργίαν,

2138 4735 2356 4799 καὶτὰς
2384 4735 2578 4806 ἑορτὰς
2604 4734 2778 4806 ὑμῶν,
2825 4737 2973 4806 μισεῖ
3006 4737 3039 4806 ἡ
3070 4734 3216 4806 ψυχή
3252 4750 3375 4804 μου.
3413 4750 3433 4783 ι
3477 4729 3588 4783 Καὶ⁸
3620 4727 3720 4782 πάι

442 4834 506 4875 ex
530 4819 819 4876 animabus
842 4821 1044 4892 vestris
1067 4822 1134 4876 ⁸⁵.
1160 4841 1179 4874 ι
1206 4821 1398 4888 David,
1431 4842 1448 4874 ι
1471 4825 1592 4879 Non
1613 4827 1896 4882 comedam
1921 4843 2009 4882 car

2141 4826 2224 4879 λιν
2248 4826 2382 4897 (94),
2417 4843 2436 4876 ‹
2483 4823 2798 4887 Λούσασθε,
2837 4827 2930 4878 καὶ
2958 4824 3186 4895 καθαροὶ
3217 4821 3432 4888 γίνεσθε
3452 4862 3468 4888 ,
3497 4819 3725 4889 ἀφέλετε

551 4935 745 5012 ’ξῃιῐθικν
779 4955 930 5005 xxxi,
965 4939 1056 5005 51,
1087 4939 1158 4996 52
1191 4939 1334 5011 apud
1375 4939 1550 5012 LXX;
1602 4959 1652 4999 c.
1698 4959 1930 4999 xxxvur.

441 5006 490 5041 “
517 5009 652 5065 ibid.
686 5011 770 5065 16.
1227 5006 1242 5011 ’
1523 5029 1529 5034 ·

519 5133 632 5210 (_82)
675 5133 894 5210 Lucum
931 5134 1078 5210 hunc
1107 5136 1195 5210 _in_
1231 5151 1390 5191 sacro
1419 5136 1617 5210 ‘Textu
1671 5154 1781 5210 non
1834 5139 2034 5210 reperi.

449 5200 588 5260 Vide
617 5200 700 5276 ian
751 5206 1014 5276 respiciat
1057 5207 1122 5260 ad
1184 5207 1364 5260 locum
1417 5205 1576 5265 Deut.
1633 5208 1808 5272 x,16.

522 5274 636 5350 (ξιξ)
679 5275 740 5350 [_n
771 5274 1064 5350 recentiori
1099 5277 1567 5350 codice'_additur,
1606 5278 1895 5350 Ἱερεμίου.

525 5346 632 5413 (84)
672 5345 855 5400 Codex
892 5351 1186 5412 recentior,
1223 5347 1320 5400 ἐπ’
1347 5348 1609 5412 ἀκάνθας.
1681 5345 1705 5382 ’⁸

525 5415 642 5492 (Βῆ)
677 5413 1174 5492 Jeremiaenuomen
1203 5420 1364 5492 deest
1395 5419 1507 5492 ltic_
1531 5420 1586 5473 in
1615 5419 1906 5492 recentiori
1936 5434 2031 5474 co-

452 5480 885 5556 diee_V_atieano.
911 5487 1046 5544 Vide
1067 5504 1134 5544 an
1171 5490 1244 5543 sit
1278 5489 1432 5544 locus
1480 5489 1637 5547 Deut.
1677 5506 1750 5555 Χ,
1781 5491 1876 5556 16;
1911 5505 2037 5542 nam

450 5551 915 5628 apundderemiam
948 5557 1061 5628 inec
1103 5561 1268 5615 verba
1299 5575 1386 5614 me
1419 5559 1618 5628 legisse
1649 5551 1773 5615 non.
1797 5551 2044 5615 memini.

674 5619 827 5698 idem
872 5627 1040 5698 codex
1070 5639 1124 5684 et
1157 5619 1823 5698 ὃίριιιιηυεξὲδορλευσεν.

523 5689 634 5756 (87)
675 5691 742 5756 In
773 5695 1065 5752 recentiori
1111 5689 1305 5754 codice
1353 5689 1506 5755 deest
1533 5695 1648 5756 οὖν.

519 5754 630 5887 (88)
670 5754 830 5810 Idem
865 5761 1036 5826 codex
1077 5768 1294 5838 ἐδεήθη.

533 5822 626 5887 89)
674 5821 834 5878 Idem
866 5829 1053 5887 -c0dcx
1074 5838 1294 5887 -διαγωο

2043 4944 2160 4977 ‘M‘
2201 4942 2313 5000 Jer.
2361 4959 2437 5008 Ix,
2473 4941 2562 4997 26.

2675 4943 2721 4975 δ’
2759 4941 2868 4998 Jer.
2901 4959 2997 5010 vti,
3028 4942 3117 4996 Ἠ.
3232 4941 3277 4972 ⁸³
3307 4942 3413 4995 lsa.
3446 4957 3484 5005 ι,
3523 4936 3744 5016 11,Ηι.⁸

2223 5138 2365 5210 (90)
2403 5137 2612 5210 Locum
2669 5137 2818 5210 hunc
2871 5136 3014 5207 apud
3043 5135 3239 5210 Isaiam
3276 5148 3364 5210 me
3393 5133 3588 5204 legisse
3616 5145 3724 5183 non

2145 5205 2408 5274 memini;
2443 5209 2644 5264 similia
2680 5205 2952 5264 habentur
2979 5208 3121 5278 apud
3151 5205 3444 5278 Jeremiani
3480 5217 3602 5270 cap.
3627 5214 3726 5262 vit,

2145 5279 2236 5342 22,
2269 5296 2334 5334 ex
2361 5296 2472 5350 quo
2501 5280 2664 5334 etiam
2716 5281 2838 5335 loco
2881 5275 3248 5348 prmcedentia
3291 5275 3459 5332 verba
3509 5281 3728 5342 sumpta

2146 5350 2319 5406 fuisse
2337 5353 2609 5406 videntur.

2219 5421 2330 5488 (91)
2363 5421 2546 5476 Codex
2581 5420 2858 5491 antiquior
2889 5418 3273 5491 προσενέγκαι.

2219 5492 2327 5562 (92)
2357 5493 2495 5546 Male
2532 5493 2673 5548 idem
2703 5490 2894 5555 codex,
2927 5490 3372 5562 ὁλοκαυτώματα.

2216 5553 2328 5633 (95)
2367 5563 2595 5632 Sipltani
2642 5562 2836 5626 codex,
2875 5553 3261 5633 etVaticanus
3296 5553 3728 5633 recentium-pali-

2148 5626 2322 5686 ταιόν’
2359 5626 2449 5704 μοί
2505 5633 2782 5704 βδέλυγμα
2833 5631 2968 5685 ἐστί.
3035 5630 3314 5703 Sipltanus
3358 5628 3538 5695 vertit,
3583 5626 3729 5683 Vana

2150 5703 2298 5768 mihi,
2330 5703 2380 5757 et
2417 5703 2743 5758 abominatio
2776 5713 2873 5758 cst.

2223 5776 2334 5846 (9i)
2368 5774 2550 5831 Codex
2588 5774 2890 5845 antiquior,
2922 5773 3018 5828 καὶ
3051 5773 3170 5843 μετ’
3195 5769 3373 5841 ὀλίγα.
