4106 6440
767 290 800 323 δ

304 345 404 403 22)

1375 355 1801 415 TESTIMONIA
1858 355 2232 416 ADVERSUS
2271 354 2584 416 JUDAEOS.

3511 357 3628 413 22?.

317 466 417 532 τὰς
449 465 719 538 πονηρίας
768 469 888 523 ἀπὸ
920 468 1030 524 τῶν
1060 468 1248 542 ψυχῶν
1283 471 1458 541 ὑμῶν.
1499 491 1519 525 ι
1567 473 1753 538 Δασιδ,
1793 492 1812 524 ι
1851 473 1926 527 Οὐ

2036 488 2129 529 nes
2157 481 2467 537 taurorum,
2495 479 2588 526 aut
2613 483 2934 542 sanguinem
2965 466 3244 524 hircorum
3283 468 3481 540 potabo
3502 472 3567 524 ⁸⁸.
3593 490 3615 524 ι

328 561 568 630 σάγομαι
595 559 738 630 κρέα
759 559 1007 634 ταύρων,
1036 561 1068 632 ἢ
1099 555 1236 632 αἷμα
1263 563 1482 633 τράγων
1513 565 1726 634 πίομαι.
1768 583 1788 616 ι
1817 565 1927 618 Καὶ

329 653 514 718 πάλιν,
549 671 569 704 ι
601 654 678 706 Οὐ
708 652 941 724 δέξομαι
971 655 1035 708 ἐκ
1068 654 1162 708 τοῦ
1197 655 1348 708 οίκου
1389 673 1482 708 σου
1519 657 1776 728 μόσχους,
1805 657 1926 711 οὐδέ

330 747 400 798 ἐκ
424 744 532 796 τῶν
564 743 832 814 ποιμνίων
865 761 960 800 σου
1005 746 1294 817 χιμάρους.
1335 765 1356 799 ι
1391 747 1502 800 Καὶ
1536 747 1718 811 πάλιν,
1767 765 1785 798 ι
1824 746 1928 800 Θῦ-

333 853 427 890 σον
455 835 534 906 τῷ
556 835 674 906 Θεῷ
704 834 900 889 θυσίαν
925 837 1186 900 αἰηὲσεως
1214 836 1348 905 (95).
1383 857 1404 889 ι
1446 836 1629 908 Ἀμὼς
1649 879 1663 901 ,
1697 857 1716 890 ι
1755 838 1929 909 Μεμί-

334 945 508 1000 σηκα,
555 927 820 999 ὰπῶσμαι
865 930 962 992 τὰς
993 929 1183 1002 ἑορτὰς
1213 929 1386 1000 ὑμῶν,
1423 928 1586 1003 ([96]
1623 932 1716 985 καὶ
1747 933 1810 985 οὐ
1852 930 1928 1002 μὴ

331 1024 626 1097 ὀσφρανθῶ
653 1025 712 1077 ἐν
738 1026 858 1089 ταῖς
885 1023 1258 1094 πανηγύρεσιν
1282 1024 1438 1096 ὑμῶν
1474 1025 1610 1094 (97)·
1660 1024 1795 1079 διότι
1831 1027 1926 1078 καὶ

333 1118 433 1172 ἐὰν
471 1117 732 1189 ἐνέγκητέ
765 1133 856 1188 μοι
886 1114 1318 1186 ὁλοκαυτώματα
1347 1116 1444 1170 καὶ
1489 1116 1679 1181 θυσίας
1714 1117 1924 1190 burim.)

332 1213 398 1264 οὐ
454 1211 819 1282 προσδεξομαι
888 1210 1064 1270 αὐτὰ,
1116 1210 1212 1264 καὶ
1272 1209 1544 1280 σωτηρίου
1608 1207 1928 1278 ἐπιφανείας

335 1303 494 1373 ὑμῶν
524 1303 635 1373 (98)
679 1303 778 1356 οὐκ
817 1301 1199 1371 ἐπιϐλέψομαι.
1245 1302 1603 1372 Μετάστησον
1644 1301 1738 1354 ἀπ’
1793 1299 1925 1372 ἐμοῦ

330 1369 471 1466 ἦχον
670 1410 782 1455 σου,
806 1394 900 1447 καὶ
921 1369 1131 1462 ψαλμδν
1147 1393 1396 1464 ὀργάνων
1419 1369 1520 1446 οὐκ
1545 1369 1872 1462 ἀκούσομαι.
1897 1410 1916 1444 ι

332 1483 466 1555 (99)
498 1483 805 1554 Μαλαχίας,
835 1501 853 1534 ι
885 1483 998 1537 Οὐκ
1021 1482 1136 1536 ἔστι
1160 1499 1260 1552 μου
1285 1481 1498 1552 θέλημα
1524 1483 1582 1534 ἐν
1607 1482 1758 1552 ὑμῖν,
1777 1481 1928 1550 λέγει

331 1573 546 1645 Κύριος
575 1573 1000 1644 παντοκράτωρ,
1031 1571 1126 1626 καὶ
1155 1571 1346 1625 θυσίαν
1373 1572 1434 1624 οὐ
1466 1571 1833 1644 προσδεξομαι
1863 1573 1929 1625 ἐκ

331 1667 445 1720 τῶν
475 1665 674 1738 χειρῶν
695 1666 867 1736 ὑμῶν,
895 1665 1025 1719 διότι
1053 1667 1164 1720 ἀπὸ
1187 1664 1470 1720 ἀνατολῶν
1497 1665 1671 1736 ἡλίου,
1703 1666 1797 1720 καί
1821 1665 1926 1732 ἕως

331 1758 557 1830 δυσμῶν
586 1759 646 1812 τὺ
670 1758 840 1829 ὄνομά
867 1776 972 1830 μου
1000 1759 1312 1826 δεδόξασται
1349 1761 1408 1814 ἐν
1448 1763 1560 1825 τοῖς
1593 1759 1770 1814 ἔθνεσι
1788 1801 1802 1824 ,
1831 1762 1928 1814 καὶ

2029 568 2098 623 Ει
2135 585 2350 634 rursus,
2391 588 2408 620 ι
2436 567 2554 622 Νοη
2607 565 2876 636 accipiam
2927 564 2994 620 de
3037 563 3200 620 demo
3249 572 3343 619 tua
3393 555 3622 633 vitulos,

2030 677 2209 731 neque
2238 663 2305 718 de
2335 660 2593 733 gregibus
2627 659 2734 715 luis
2770 658 2956 713 hircos
2982 659 3047 710 ⁸⁸.
3071 677 3088 710 ι
3125 657 3189 711 Et
3219 673 3430 724 rursus,
3467 678 3484 710 ι
3506 658 3620 712 lm-

2030 754 2173 807 mola
2222 752 2332 809 Deo
2371 752 2702 807 sacriﬁcium
2765 749 2943 805 laudis
2981 750 3048 802 ‘7.
3093 769 3111 800 ι
3156 749 3360 816 Amos,
3401 768 3420 802 ι
3477 749 3623 806 0dio

2030 845 2222 906 habui,
2257 845 2431 914 repuli
2466 843 2794 900 festivitates
2824 849 3037 896 vestras
3075 841 3216 912 (nec
3247 840 3523 895 odorabor
3562 843 3616 895 in

2030 935 2492 991 conventiouibus
2529 935 2752 989 vestris.
2813 933 2974 999 Quia,
3030 932 3076 988 si
3129 933 3444 988 obtuleritis
3483 931 3619 987 mihi

2030 1027 2373 1092 holocausta,
2429 1036 2484 1083 et
2535 1025 3096 1095 sacriﬁcia-vestra),
3155 1041 3266 1080 non
3321 1025 3619 1095 suscipiam

2031 1133 2118 1183 ea,
2175 1126 2229 1173 et
2275 1119 2520 1173 saiutare
2564 1116 2870 1187 praesentia:
2911 1125 3108 1172 vestrae
3153 1132 3263 1172 non
3300 1115 3622 1186 respiciam.

2031 1208 2294 1266 Transfer
2352 1225 2383 1264 a
2446 1225 2532 1265 me
2595 1210 2836 1266 sonitum
2890 1209 3198 1263 carminum
3251 1219 3515 1263 tuorum:
3566 1215 3622 1262 et

2029 1301 2301 1371 psalmum
2328 1315 2658 1370 organorum
2688 1307 2908 1353 tuorum
2943 1314 3050 1354 non
3075 1300 3294 1354 audiam
3318 1299 3385 1354 ⁵⁸.
3415 1318 3433 1352 ι
3460 1298 3630 1354 Mala-

2029 1393 2205 1456 ehias,
2237 1411 2256 1444 ι
2281 1390 2400 1447 Non
2451 1400 2536 1447 est
2575 1393 2832 1448 voluntas
2876 1407 2997 1448 mea
3031 1392 3086 1446 in
3122 1391 3300 1456 vobis,
3341 1391 3478 1446 dicit
3509 1391 3620 1444 Do-

2029 1486 2214 1542 minus
2263 1487 2652 1556 omnipotens:
2697 1493 2751 1541 et
2797 1485 3125 1541 sacriﬁcium
3161 1501 3268 1540 non
3321 1485 3622 1554 suscipiam

2028 1580 2096 1636 de
2127 1578 2386 1635 manibus
2421 1579 2644 1644 vestris,
2677 1579 2805 1648 quia
2837 1579 2906 1634 ab
2941 1587 3064 1634 ortu
3091 1579 3246 1644 solis,
3275 1586 3326 1633 et
3355 1593 3529 1649 usque
3553 1575 3625 1632 ad

2029 1686 2288 1727 occasum
2313 1669 2672 1726 clariﬁcatuut
2700 1677 2784 1727 est
2809 1685 3008 1725 nomen
3043 1686 3222 1725 meum
3251 1670 3305 1724 in
3339 1669 3625 1741 gentibus,

2031 1773 2084 1820 et
2119 1765 2173 1818 in
2201 1765 2353 1818 omni
2399 1765 2523 1820 loco
2558 1765 2846 1820 incensum
2896 1763 3124 1819 oﬂ‘ertur
3151 1764 3358 1818 nomini
3391 1778 3534 1826 meo,
3569 1769 3628 1816 et

333 1855 400 1905 ἐν
425 1851 586 1904 παντὶ
618 1850 768 1921 τόπῳ
803 1849 1056 1922 θυμίαμα
1089 1851 1460 1924 προσφέρεται
1489 1853 1566 1924 (1)
1593 1851 1672 1922 τῷ
1700 1852 1926 1922 ὀνόματί

2036 1858 2367 1913 sacrilicium
2392 1857 2679 1923 nmndum,
2701 1857 2830 1927 quia
2850 1871 3103 1929 magnum
3123 1865 3206 1910 est
3222 1871 3420 1912 nomen
3442 1869 3630 1910 meum

337 1962 467 2016 μου,
496 1945 591 1998 καὶ
619 1945 777 1998 θυσία
807 1943 1056 2016 καθαράο
1098 1943 1232 1998 διότι
1265 1945 1408 2015 μέγα
1437 1945 1496 1999 τὸ
1529 1945 1702 2017 ὄνομα
1737 1965 1837 2018 μου
1871 1949 1932 2000 ἐν

331 2040 450 2102 τοῖς
475 2037 670 2106 ἔθνεσι,
699 2037 846 2106 λέγει
877 2037 1082 2109 Κύριος
1111 2037 1529 2110 παντοκράτωρ.
1584 2057 1604 2087 ι

704 2173 798 2229 lI".
840 2174 981 2243 Περὶ
1021 2174 1128 2229 τοῦ
1162 2175 1562 2234 Σαϐϐατίζὲιν.

411 2290 484 2344 Τὸ
510 2289 784 2344 Σάΰὸατον
809 2289 962 2362 ἐδόθη
987 2291 1193 2356 αὐτοῖς,
1223 2291 1315 2345 τοῦ
1349 2292 1704 2346 καταπαῦσαι
1731 2295 1807 2362 (2)
1832 2296 1930 2367 τὴν

334 2384 740 2454 φιλοχρήματον
764 2383 946 2437 αὐτῶν
976 2383 1295 2455 ἐπιθυμίαν.
1336 2385 1442 2440 Τοῦ
1463 2387 1592 2441 λαοῦ
1633 2387 1742 2458 γὰρ
1775 2405 1932 2441 πενο-

337 2475 526 2548 μένου,
544 2475 850 2542 ἐξελθόντος
871 2477 938 2530 ἐκ
958 2476 1057 2546 τῆς
1073 2476 1348 2546 Αἰγύπτου
1370 2479 1468 2548 (5),
1485 2479 1575 2532 καὶ
1598 2479 1762 2550 μηδὲν
1782 2479 1932 2550 ἕχον-

332 2585 449 2633 τος,
480 2567 620 2639 πλήν
645 2562 720 2622 ὧν
745 2569 1051 2640 ἐχρήσαντο
1075 2568 1227 2641 παρὰ
1255 2570 1364 2624 τῶν
1393 2572 1728 2640 Αἰγυπτίων,
1764 2589 1932 2626 σπου-

331 2661 433 2732 δὴν
463 2663 698 2715 ἐποιεῖτο
725 2661 958 2725 ἕκαστος
979 2661 1066 2714 διὰ
1083 2660 1178 2714 τοῦ
1201 2663 1484 2716 ἀνενδότου
1508 2665 1670 2716 πόνου
1702 2663 1932 2718 πλοῦτον

333 2749 520 2822 ἑαυτῷ
564 2753 938 2824 περιποιῆσαι.
975 2751 1066 2804 Διὸ
1095 2751 1264 2820 λέγει,
1309 2771 1328 2803 ι
1373 2754 1470 2820 ’Ἐξ
1507 2755 1720 2824 ἡμέρας
1769 2755 1927 2826 ἐργᾷ·

332 2847 405 2916 τῇ
436 2845 493 2901 δὲ
527 2845 710 2916 ήμέρα
739 2846 806 2914 τῇ
853 2843 1056 2916 ἐϐδόμῃ
1088 2845 1149 2896 οὐ
1201 2846 1448 2916 ποιήσεις
1502 2847 1610 2898 πᾶν
1662 2846 1823 2918 ἔργον
1872 2848 1930 2901 ἐν

334 2939 499 3008 αὐτῇ.
537 2957 557 2990 ι
590 2937 700 2990 Καὶ
729 2935 827 3008 τήν
853 2936 1034 2990 αἰτίαν
1063 2936 1338 3008 ἐπιφέρει,
1380 2938 1470 2992 ἵνα
1508 2938 1802 3010 ἀναπαύσῃ
1837 2939 1927 3002 σὺ,

333 3029 432 3082 καὶ
454 3030 488 3098 ή
519 3029 652 3098 γυνή
685 3044 779 3081 σου
799 3069 814 3093 ,
846 3029 942 3081 καὶ
971 3029 1000 3080 ὁ
1027 3026 1140 3090 υίός
1176 3045 1290 3092 σου,
1331 3031 1423 3082 καὶ
1455 3032 1488 3102 ή
1524 3029 1770 3102 θυγάτηρ
1809 3049 1926 3094 σου,

333 3123 432 3176 καὶ
467 3124 496 3176 ὁ
533 3123 662 3184 παῖς
691 3138 816 3185 σου,
849 3121 878 3173 ὁ
921 3120 1048 3191 βοῦς
1084 3140 1214 3187 σου,
1245 3122 1335 3176 καὶ
1370 3123 1430 3176 τὸ
1464 3123 1760 3192 ὑποζύγιά)
1810 3143 1926 3180 σου.

2034 1954 2088 2006 in
2117 1950 2394 2022 gentibus,
2426 1951 2561 2006 dicit
2595 1949 2863 2005 Dominus
2891 1950 3242 2020 omnipotens
3266 1947 3337 2004 ".

2373 2172 2512 2230 Xlll.
2546 2173 2622 2228 De
2649 2172 2876 2228 Sabbati
2913 2172 3284 2229 celebratione.

2107 2289 2407 2344 Sabbatum
2444 2287 2636 2343 datum
2685 2295 2770 2342 est
2807 2286 2888 2342 eis
2934 2287 3002 2341 ad
3035 2285 3338 2342 sedandum
3373 2286 3630 2354 nimium,

2032 2397 2144 2452 quo
2178 2379 2531 2444 tenebantur,
2581 2375 2830 2447 pecuniae
2879 2375 3150 2430 studium.
3199 2373 3333 2428 Nam
3365 2389 3488 2430 cum
3527 2390 3626 2442 po-

2033 2474 2196 2544 pulus
2254 2485 2463 2543 pauper
2507 2484 2767 2540 egressus
2805 2475 2954 2523 esset
2985 2482 3050 2522 ex
3095 2465 3355 2537 Egypto.
3403 2475 3457 2520 et
3489 2464 3629 2518 nihil

2034 2570 2264 2624 haberet
2318 2574 2518 2638 praeter
2565 2581 2628 2619 ea
2663 2579 2786 2636 qua:
2835 2563 3185 2619 commodato
3234 2569 3520 2631 acceperat
3559 2559 3630 2614 ab

2033 2657 2331 2727 1Egyptiis,
2388 2654 2774 2723 unusquisque
2831 2665 3055 2720 operam
3113 2648 3305 2712 dabat,
3357 2656 3416 2702 ut
3453 2646 3630 2702 contio

2031 2749 2184 2805 nenti
2224 2757 2390 2817 atque
2441 2745 2671 2800 assiduo
2726 2743 2914 2797 labore
2962 2741 3067 2797 sibi
3117 2740 3340 2794 divitias
3385 2747 3628 2810 pararet.

2033 2841 2399 2908 Quamobrem
2437 2838 2535 2902 ait,
2583 2856 2602 2888 ι
2628 2837 2736 2891 Sex
2764 2835 2962 2890 diebus
3011 2833 3330 2904 operaberis
3357 2848 3374 2900 ;
3407 2831 3494 2887 die
3525 2846 3628 2886 au-

2032 2941 2141 2988 tem
2168 2932 2400 3003 septimo
2419 2947 2525 2986 non
2553 2929 2720 2986 facies
2745 2929 2914 2984 ullum
2933 2943 3072 2998 opus
3091 2929 3144 2982 in
3167 2943 3232 2982 eo
3249 2927 3350 2982 πθ.»
3371 2925 3631 2980 Causaru-

2033 3040 2140 3095 qne
2170 3024 2375 3088 subdit,
2424 3031 2483 3078 ut
2517 3023 2835 3092 requiescas
2872 3028 2951 3082 tu,
2986 3026 3040 3073 et
3083 3035 3222 3074 uxor
3247 3026 3360 3078 tua,
3402 3025 3456 3070 et
3482 3016 3630 3073 ﬁlius

2035 3126 2184 3181 tuus,
2215 3125 2269 3171 et
2302 3115 2410 3170 ﬁlia
2455 3123 2568 3180 tua,
2599 3124 2652 3170 et
2685 3129 2823 3184 puer
2861 3120 3010 3178 tuus,
3052 3120 3106 3166 ct
3139 3111 3337 3165 ancilla
3377 3117 3492 3172 tua,
3524 3110 3624 3163 bos

347 3213 506 3268 Ἐπεί
529 3231 612 3266 τοι
637 3213 781 3278 τίνος
813 3214 1003 3266 ἕνεκεν
1037 3214 1064 3266 ὁ
1107 3215 1317 3286 Ἰησοῦς
1343 3216 1371 3266 ὁ
1399 3215 1492 3268 τοῦ
1525 3217 1682 3286 Ναυῆ
1711 3218 1927 3272 κυκλῶν

2037 3219 2188 3271 tuus,
2225 3218 2274 3262 et
2307 3206 2598 3274 subjugale
2642 3213 2819 3259 tuum.
2866 3203 3082 3272 Alioqui
3135 3203 3296 3269 cujus
3343 3201 3419 3256 rei
3453 3201 3627 3271 gratia

332 3309 436 3380 τήν
473 3305 680 3378 Ἱεριχὼ
719 3307 855 3378 μετὰ
889 3305 1212 3374 σαλπίγγων
1239 3308 1330 3361 ἐπὶ
1365 3309 1505 3362 ἑπτὰ
1542 3309 1792 3380 ἡμέρας,
1826 3313 1928 3365 οὐκ

335 3401 596 3472 ἐσχόλασε
624 3399 702 3470 τῷ
735 3399 1027 3470 Σαϐϐάτῳ;
1075 3400 1199 3461 Πῶς
1229 3401 1286 3453 δὲ
1313 3403 1378 3472 τῇ
1414 3401 1575 3472 ὀγδόῃ
1611 3402 1795 3474 ήμέρᾳ
1827 3421 1926 3456 πε-

338 3495 650 3566 ριτέμνεται
694 3492 939 3556 παιδίον;
988 3492 1086 3546 Διὰ
1131 3493 1186 3544 τί
1231 3491 1286 3544 δὲ
1333 3495 1391 3545 ἐν
1426 3492 1611 3564 ἡμέρᾳ
1645 3494 1927 3548 Σαῦϐἁτου

334 3585 514 3638 τίκτει
541 3583 716 3652 γυνή;
753 3581 880 3644 Πῶς
910 3579 964 3633 δὲ
1005 3580 1098 3634 καὶ
1127 3581 1178 3632 οἱ
1223 3581 1390 3648 ἱερεῖς
1435 3581 1616 3632 πᾶσαν
1642 3579 1834 3634 θυσίαν
1871 3583 1929 3632 ἐν

336 3675 606 3746 Σαϐϐάτῳ
652 3671 897 3730 ποιοῦσι;
950 3671 1074 3736 Πῶς
1105 3671 1165 3724 δὲ
1196 3671 1382 3741 ἥλιος,
1433 3673 1528 3726 καὶ
1563 3670 1795 3742 σελήνη,
1833 3671 1931 3726 καὶ

335 3771 518 3838 ἄστρα
558 3769 651 3822 τὸν
697 3765 1002 3838 ὡρισμένον
1049 3765 1248 3838 δρῦμον
1280 3766 1494 3820 ἐκτελεί
1538 3765 1742 3838 καὶτῷ
1789 3765 1930 3821 Σαϐ-

338 3864 489 3926 ϐάτῳ
513 3879 530 3926 ;

604 4003 700 4054 ῙΔ’.
739 3999 878 4070 Περὶ
909 3998 1014 4054 τοῦ
1046 3997 1648 4069 κατασφραγίζεσθαι.

409 4111 576 4166 Δαῦὶδ
605 4111 702 4178 (4),
739 4131 757 4163 ι
793 4111 923 4182 Ἑση
935 4110 1138 4182 μειώθη
1163 4111 1247 4180 ἐφ’
1265 4111 1413 4181 ἡμᾶς
1435 4111 1493 4163 τὸ
1518 4111 1633 4180 φῶς
1653 4110 1745 4165 τοῦ
1763 4128 1934 4182 προσ.

336 4205 494 4258 ὡπου
536 4221 650 4267 σου,
683 4202 873 4275 Κύριε.
913 4223 934 4256 ι
971 4203 1081 4258 Καὶ
1119 4203 1303 4267 πάλιν,
1344 4222 1362 4253 ι
1393 4201 1627 4274 Ποίησον
1651 4205 1767 4274 μετ’
1795 4205 1931 4274 ἐμοῦ

341 4298 569 4374 σημεῖον
599 4297 678 4361 εἰς
709 4295 913 4366 ἀγαθόν
938 4313 950 4328 ·
987 4296 1081 4349 καὶ
1125 4294 1386 4348 ίδέτωσαν
1422 4296 1469 4346 οί
1515 4295 1800 4364 μισοῦντές
1839 4313 1929 4368 με,

342 4389 439 4442 καὶ
471 4386 934 4458 αίσχυνθήτωσαν,
977 4389 1057 4440 ὅτι
1100 4387 1166 4440 σὺ
1188 4427 1203 4450 ,
1237 4385 1409 4456 Κύριε
1432 4424 1446 4450 ,
1488 4385 1794 4459 ἐϐοήθησας
1841 4406 1930 4460 μοι

344 4482 440 4535 καὶ
475 4479 850 4550 παρεκάλεσάς
889 4497 975 4550 με.
1016 4497 1034 4528 ι
1074 4479 1186 4533 Καὶ
1216 4477 1398 4540 πάλιν,
1450 4494 1469 4528 ι
1528 4477 1777 4542 Ἔδωκας
1821 4482 1930 4544 τοῖς

419 4638 466 4669 ⁸⁵
496 4637 642 4691 Psal.
672 4653 823 4701 XLIX,
861 4635 946 4690 15.
1025 4635 1070 4667 ⁸⁵
1095 4634 1227 4692 ibid.
1253 4636 1308 4690 9.
1384 4634 1430 4666 ’⁸⁷
1463 4633 1600 4690 ibid.
1634 4635 1720 4690 14.

343 4709 386 4740 ³¹
419 4707 538 4764 Jos.
575 4723 649 4772 vt,
686 4709 766 4765 ιο.
847 4709 894 4738 ⁸³
936 4705 1083 4762 Psal.
1129 4723 1201 4771 IV,
1235 4707 1288 4760 7.

1802 4635 1847 4670 ⁸⁸
1871 4635 2040 4698 Amos
2093 4661 2148 4706 v,
2174 4641 2368 4697 Cll-Q5.
2448 4639 2491 4674 ‘9
2516 4639 2746 4695 Malach.
2774 4636 2937 4705 1,·10,
2969 4635 3056 4689 Η.

1370 4706 1415 4738 ⁸³
1447 4704 1593 4772 Psal.
1638 4721 1837 4776 Lxxxv,
1874 4709 1988 4781 17..

2033 3301 2190 3357 Jesus
2217 3301 2358 3355 ﬁlius
2373 3299 2577 3364 Naye“
2603 3309 2809 3368 septem
2827 3297 3023 3352 diebus
3041 3293 3394 3350 circumdans
3410 3291 3637 3346 Jericho

2037 3409 2160 3450 cum
2189 3394 2360 3454 tubis,
2396 3394 2448 3446 in
2485 3391 2724 3446 Sabhato
2754 3388 2984 3444 feriatus
3027 3403 3136 3441 non
3180 3393 3266 3440 est
3288 3387 3314 3439 ?-
3341 3383 3631 3452 Quomodo

2034 3486 2122 3541 die
2154 3493 2346 3540 octava
2379 3481 2796 3540 circumciditur
2825 3479 3009 3550 puer?
3041 3479 3154 3534 Cur
3193 3477 3246 3532 in
3279 3477 3368 3532 die
3404 3475 3631 3531 Sabbati

2035 3577 2235 3631 mulier
2289 3575 2481 3646 parit?
2525 3572 2814 3640 Quomodo
2867 3571 3035 3626 etiam
3093 3566 3414 3624 sacerdotes
3469 3580 3636 3620 omne

2039 3668 2376 3727 sacriﬁcium
2437 3671 2493 3722 in
2548 3665 2794 3722 Sahhato
2852 3662 3110 3718 faciunt?
3161 3659 3446 3727 Quomodo
3501 3658 3632 3712 item

2039 3765 2143 3829 sol,
2199 3771 2254 3818 et
2307 3764 2438 3818 luna
2471 3769 2527 3816 et
2575 3769 2724 3818 astra
2773 3757 3058 3815 deﬁnitum
3091 3769 3316 3812 cursum
3363 3753 3528 3808 etiam
3577 3750 3634 3804 in

2043 3855 2288 3912 Sabbato
2321 3851 2670 3911 conﬁciunt?

2423 3991 2560 4048 XIV.
2592 3988 2669 4045 De
2701 3989 2838 4061 signi
2870 3986 3238 4058 impressione.

2111 4108 2306 4172 David,
2349 4127 2366 4159 ι
2393 4106 2679 4178 Signatum
2731 4111 2818 4162 est
2869 4119 3034 4174 super
3079 4118 3180 4158 nos
3226 4101 3408 4156 lumen
3445 4097 3637 4152 vultus

2039 4205 2144 4266 tui,
2187 4203 2417 4258 Domine
2442 4202 2508 4257 ".
2535 4221 2554 4252 ι
2597 4199 2662 4254 Et
2711 4212 2931 4261 rursus,
2972 4195 3119 4250 «Fac
3163 4207 3376 4249 mecum
3418 4191 3633 4260 signum

2035 4297 2093 4352 in
2124 4298 2288 4360 bono,
2322 4304 2376 4350 et
2411 4293 2639 4350 videant
2665 4293 2756 4362 qui
2793 4290 3034 4345 oderunt
3063 4303 3169 4352 me,
3203 4293 3258 4340 et
3285 4281 3635 4339 confundan-

2038 4396 2149 4454 tur,
2182 4388 2443 4458 quoniam
2481 4397 2561 4448 tu,
2600 4384 2852 4449 Domine,
2888 4379 3147 4450 adjuvisti
3199 4393 3305 4441 me,
3339 4384 3393 4430 et
3435 4389 3637 4429 conso-

2043 4484 2187 4540 latus
2202 4500 2264 4540 es
2294 4497 2378 4536 me
2400 4481 2500 4534 ⁸³.»
2535 4479 2600 4535 Et
2623 4493 2844 4544 rursus,
2877 4493 2895 4526 ι
2919 4471 3125 4528 Dedisti
3175 4468 3548 4526 metuentibus
3580 4472 3635 4522 te

3131 4631 3179 4664 ⁸⁸
3213 4627 3389 4686 Exod.
3417 4644 3508 4698 xx,
3541 4626 3632 4684 ἴθ’

415 4865 526 4936 (ﬂii)
561 4864 742 4942 codex
772 4865 1046 4942 recentior
1083 4875 1135 4918 et
1177 4864 1318 4942 a_lius
1359 4862 1587 4942 S_iphani
1611 4906 1625 4931 ,
1661 4865 1937 4920 δικαιοσύο
1968 4853 2014 4912 Ῑ)
2043 4885 2326 4942 ronymus,
2361 4878 2421 4923 ut
2463 4871 2599 4926 scite
2620 4867 2876 4922 Nobilius
2907 4865 3168 4942 advertit,
3209 4863 3414 4942 habent
3456 4875 3634 4942 σωτη-

339 4935 466 5009 νης.
490 4935 829 5009 invidentur
861 4939 1014 5009 locus
1045 4935 1394 5009 essciPsaltni
1429 4952 1503 4999 iv,
1524 4935 1577 4989 6.

418 5007 532 5079 (96)
586 5007 719 5072 Quae
767 5007 1539 5079 semion-culisini-liniuntur
1591 5006 1824 5070 librarii,
1877 5016 1938 5062 ut

345 5075 518 5150 paiet,
549 5091 740 5150 errore
767 5079 995 5150 deerant
1017 5077 1071 5150 in
1102 5075 1340 5150 ﬁiphani
1365 5077 1576 5150 codice,
1602 5092 1715 5150 nec
1770 5079 1934 5132 etiam

345 5146 620 5204 habentur
663 5147 723 5220 in,
764 5147 1076 5220 recentiori
1102 5146 1390 5210 Vaticano,
1430 5147 1556 5201 licet
1601 5148 1653 5200 in
1697 5156 1936 5220 utroque

343 5221 535 5276 codice
573 5219 818 5288 quaedam
847 5234 911 5272 ex
943 5219 1035 5288 his
1061 5219 1188 5288 loco
1213 5233 1320 5270 non
1350 5233 1452 5270 suo
1489 5220 1824 5273 inserantur.

418 5287 620 5360 ι97)1ιι
648 5289 890 5344 editione
937 5287 1106 5360 LXX,
1137 5291 1502 5358 [interpretum
1545 5289 1767 5360 additur
1805 5304 1931 5354 vox,

346 5357 560 5424 θυσίας,
593 5377 714 5430 qum
747 5367 927 5430 tamen
956 5375 1064 5430 non
1097 5357 1330 5414 habetur
1364 5375 1464 5430 nec
1489 5359 1630 5427 apud
1653 5357 1932 5414 Justinuut

347 5435 402 5486 in
443 5429 670 5500 Dialogo
700 5446 818 5485 cum
857 5429 1134 5498 Tryphone
1169 5445 1292 5498 pag.
1319 5429 1447 5500 958,
1477 5445 1578 5481 nec
1621 5431 1763 5497 apud
1801 5430 1937 5485 Ter-

344 5497 674 5563 tullianum,
721 5503 813 5570 qui
857 5497 1046 5570 inflih.
1100 5517 1132 5554 ν
1170 5497 1312 5554 ίΑιίυ.
1368 5497 1697 5554 Marcionem
1749 5501 1934 5567 habet,

350 5572 472 5628 Non
506 5569 774 5628 odorabo’r
801 5571 859 5624 in
891 5569 1433 5642 frequentiiscestris.

418 5644 534 5715 (98)
559 5643 795 5715 Siphani
823 5639 993 5715 codex
1009 5650 1072 5715 _et
1109 5639 1405 5696 Vaticanus
1435 5640 1731 5715 recentior,
1767 5658 1936 5712 σωτη-

387 5711 864 5782 ίουςέπιφανείας
893 5711 1093 5764 αὐτῶν·
1130 5724 1403 5781 postrema
1445 5711 1930 5782 voxviiletitresse

387 5733 500 5780 ιθυς
538 5733 864 5782 επιφανειας
893 5733 1093 5764 αυτων·
1130 5733 1403 5781 ρυΞιΓειιιιι
1445 5733 1548 5764 \‘UX
1579 5733 1928 5766 \‘lllCllll‘CSSB

347 5733 558 5842 fibrarii
591 5799 773 5841 error.
812 5780 1055 5836 Priorem
1081 5798 1266 5837 vocent
1309 5783 1472 5836 habet
1499 5781 1662 5835 etiam
1709 5783 1928 5852 vulgata

350 5856 878 5923 LXXluterprctum
902 5852 1065 5908 editio
1089 5869 1102 5919 ;
1141 5852 1234 5907 sed
1263 5853 1353 5906 alii
1382 5852 1601 5908 codices
1627 5860 1680 5907 et
1719 5852 1780 5909 Ι).
1801 5853 1929 5910 Hic-

2051 4930 2189 5012 ρίοῦ.
2230 4930 2432 5011 qttiluts
2473 4942 2760 4995 addendus
2790 4949 2874 4992 est
2902 4937 3158 4992 Justinus
3181 4930 3630 4987 model-nudatus.

2119 5013 2230 5078 (99)
2267 5015 2397 5078 Quze
2426 5011 2801 5066 semicirculis
2836 5009 3204 5078 includuntur
3238 5001 3636 5070 nonhabcutur

2321 5028 2397 5066 ua:
2426 5017 2801 5066 semicirculis
2836 5017 3194 5062 includuntur
3238 5017 3498 5066 nonuanc

2119 5015 2230 5084 (99)
2267 5015 2397 5078 Quze
2426 5015 2801 5066 semicirculis
2836 5015 3194 5062 includuntur
3238 5015 3420 5070 nonna

2046 5082 2101 5136 in
2146 5084 2437 5140 recentiori
2471 5081 2758 5136 Vaticano.
2793 5095 2894 5133 nec
2923 5077 3065 5147 apud
3093 5075 3420 5147 Siphanum.

2108 5154 2194 5226 -(l)
2216 5156 2269 5208 In
2292 5155 2538 5226 Romana
2715 5145 3334 5226 li'iterpretuuieditione
3351 5149 3638 5226 esl.,'1:n,eoa-

2045 5207 2236 5292 ἁγὲται
2266 5243 2278 5255 °
2327 5207 2420 5280 sed
2471 5222 2614 5288 apud
2655 5207 2951 5292 Justitriinr
2979 5219 3032 5271 in
3079 5217 3302 5292 Dialogo
3341 5225 3460 5264 cum
3497 5207 3635 5279 Try—

2041 5285 2228 5364 p/ione,
2262 5311 2384 5366 pag.
2415 5285 2559 5366 24767,;
2585 5293 2802 5366 legitur,
2828 5287 2991 5342 θυσία
3025 5285 3413 5366 operositas-retr
3449 5295 3634 5334 verum
3689 5292 3702 5360 ί

2035 5353 2278 5430 inferius
2310 5353 2431 5436 ῃῖιε.
2459 5353 2570 5418 269
2593 5353 2994 5436 etinrNysscno
3025 5353 3148 5436 legit
3180 5353 3636 5436 θυμία-μαηπιροσ-
3682 5375 3684 5377 >

2042 5437 2288 5508 φέρεται.
2310 5421 2637 5507 Ἐἕρι-ἰιιιιιιε
2680 5421 2826 5486 Ιίι).ἰ
2857 5426 2989 5482 Adv.
3013 5421 3171 5490 Ιιιὶί..
3203 5421 3263 5480 (ιζ
3292 5421 3398 5478 ὀϐι
3433 5421 3636 5478 ϐασι-εδ

2041 5509 2243 5561 incensi
2274 5508 2596 5577 eﬂ'eruntnr.

2115 5578 2192 5647 (Ξ)
2233 5567 2414 5634 Codex
2449 5567 2750 5644 antiquior,
2777 5567 3004 5647 παῦσαι.

2115 5633 2192 5718 (5)
2229 5633 2374 5718 Ideni
2405 5633 2612 5718 codex;
2633 5635 3167 5718 πενομένοιλέκχῆς
3196 5633 3500 5718 ᾉίγίτττουΣ

2115 5705 2190 5787 (αἱ)
2257 5717 2443 5772 Codex
2500 5705 2792 5770 Vaticanus
2840 5705 3142 5782 antiquior,
3182 5705 3346 5760 Δαὸιδ
3394 5705 3636 5778 πρῶτος,
3726 5746 3730 5753 .

2053 5788 2419 5861 Ἐσημειὼθη.
