4106 6492
439 366 547 424 ΞΞΞ

1697 376 1754 432 S.
1790 375 2120 434 GllEGOlill
2155 378 2448 436 NYSSENI

3613 383 3748 440 2‘25

444 482 926 552 signiﬁcationem,
959 489 1020 537 ut
1067 482 1279 554 fugiant
1318 497 1350 538 a
1383 483 1523 540 facie
1554 500 1718 544 arcus
1741 486 1811 542 “.
1841 507 1859 540 ‹
1897 487 2034 542 Eze-

2151 491 2496 563 φοϐουμένοις
2540 509 2602 546 σε
2641 491 2972 564 σημείωσιν,
3013 491 3107 546 τοῦ
3163 493 3356 562 φυγεῖν
3396 491 3505 546 ἀπὸ
3549 510 3748 567 προσ-

444 575 608 638 cliicl,
646 592 665 624 ι
688 573 792 629 Fili
845 576 1108 642 hominis,
1141 578 1313 633 transi
1347 579 1585 635 mediam
1615 579 1942 648 Jerusalem,
1980 590 2036 637 et

445 664 512 718 da
546 665 764 736 signum
811 683 981 738 super
1022 668 1230 726 frontes
1277 670 1522 726 virorum
1575 674 1934 742 gementium,
1980 681 2037 728 et

445 757 754 814 dolentium
794 776 962 832 super
991 764 1400 834 iniquitatibus,
1433 781 1554 836 quae
1587 765 1724 819 ﬁtmt
1765 767 1819 818 in
1857 765 2038 821 medio

447 843 694 914 ipsorum
720 847 834 901 ⁵⁵.»
887 848 954 903 Ει
1002 865 1237 916 rursus,
1291 852 1444 908 «Sex
1500 853 1603 906 viri
1659 853 1955 908 veniebant
2005 867 2036 907 a

447 945 607 1008 porta
630 941 872 1006 excelsa,
897 958 1022 1012 qua:
1052 944 1280 1015 respicit
1301 945 1368 998 ad
1397 945 1734 1015 aquilonem,
1767 953 1821 1000 et
1845 947 2038 1006 unius:

449 1029 722 1102 cujusque
767 1034 982 1090 securis
1023 1034 1076 1088 in
1125 1050 1290 1089 manu
1324 1034 1466 1105 ejus.
1499 1035 1823 1104 Audientes,
1862 1039 1935 1093 ite
1982 1037 2036 1092 in

449 1123 749 1189 civitatem,
776 1135 829 1179 et
856 1127 1145 1196 percutite,
1178 1138 1232 1181 et
1253 1142 1362 1181 non
1387 1128 1595 1198 parcite
1618 1129 1795 1184 oculis
1817 1129 2037 1194 vestris,

449 1223 504 1268 et
550 1229 662 1269 non
707 1215 1090 1283 miseremini;
1135 1233 1348 1284 senem,
1403 1227 1458 1273 et
1501 1218 1930 1288 adolescentem,
1987 1228 2042 1276 et

449 1309 742 1379 virginem,
767 1320 818 1364 et
845 1312 1127 1381 parvulos,
1157 1321 1209 1366 et
1242 1313 1498 1368 mulieres
1527 1313 1824 1368 interlicite
1856 1315 1924 1368 ad
1959 1314 2044 1368 in~

452 1401 850 1456 ternecionem.
893 1402 1072 1472 Super
1121 1419 1318 1460 omnes
1345 1412 1550 1468 autem,
1594 1421 1761 1476 super
1784 1422 1924 1476 quos
1961 1413 2044 1461 est.

453 1495 674 1565 signum
734 1483 938 1561 meum,
994 1513 1062 1552 ne
1112 1499 1568 1568 appropinquetis
1589 1499 1701 1554 ⁵⁸.»
1758 1497 2043 1554 Sacriﬁcia

453 1597 635 1643 autem
689 1587 798 1644 illis
841 1588 1092 1645 facienda
1129 1592 1496 1662 praescripsit,
1553 1607 1664 1647 non
1715 1593 1862 1662 quod
1899 1591 2044 1646 Deus

454 1681 747 1737 sacriﬁciis
803 1682 1251 1754 holocaustisque
1299 1683 1588 1754 indigeret,
1625 1685 1720 1740 sed
1755 1685 1885 1756 quia
1917 1700 2046 1740 cum

2138 582 2286 635 ὡπου
2320 581 2494 647 τόξου.
2533 602 2554 636 ι
2590 583 2869 654 Ἰεζεκιὴλ,
2898 603 2916 635 ι
2955 583 3048 636 Υἱὲ
3076 583 3388 654 ἀνθρώπου,
3423 583 3594 637 δίελθε
3627 585 3750 654 μέ-

2140 688 2230 724 σον
2258 673 2355 743 τὴν
2385 673 2760 745 Ἰερουσαλὴμ,
2788 674 2882 726 καὶ
2910 673 2998 737 δὺς
3028 673 3090 727 τὸ
3119 677 3341 744 σημεῖον
3374 675 3467 726 ἐπὶ
3494 673 3560 727 τά
3591 673 3749 745 μέτ-

2137 780 2262 816 ωπα
2301 764 2378 838 (5)
2410 765 2518 818 τῶν
2551 765 2873 836 ἀνθρώπων,
2900 767 3010 820 τῶν
3047 766 3434 833 στεναζόντων,
3462 767 3558 820 καὶ
3588 783 3749 820 κατ-

2138 855 2510 928 ωδυνωμένων
2548 859 2641 912 ἐπὶ
2673 861 2794 923 ταῖς
2842 859 3114 924 ἀδικίαις,
3155 863 3276 923 ταῖς
3319 859 3636 929 γινομέναις
3677 861 3750 912 ὲν

2143 949 2292 1020 μέσῳ
2343 949 2539 1004 αὐτῶν.
2577 970 2595 1003 ι
2629 951 2740 1005 Καὶ
2763 951 2944 1016 πάλιν,
2981 970 2998 1001 ι
3029 953 3125 1018 Ἓξ
3153 953 3343 1023 ἄνδρες
3362 953 3593 1024 ἤρχοντο
3617 949 3752 1004 ἀπὸ

2137 1037 2239 1106 τῆς
2276 1037 2450 1110 πύλης
2475 1041 2576 1110 τὴς
2602 1040 2903 1111 βλεπούσης
2936 1041 3072 1112 πρὸς
3110 1041 3332 1113 βορρᾶν,
3366 1042 3461 1094 καὶ
3495 1037 3748 1094 ἑκάστου

2139 1134 2172 1204 ἡ
2203 1131 2377 1196 πέλυξ
2405 1133 2462 1184 ὲν
2485 1135 2550 1204 τῇ
2579 1133 2722 1204 χειρὶ
2744 1133 2910 1186 αὐτοῦ
2940 1135 3038 1203 (6)’
3071 1135 3360 1196 ἀκούοντες
3383 1135 3459 1204 (7)
3496 1131 3751 1204 πορεύε-

2144 1224 2236 1279 σθε
2263 1227 2342 1289 είς
2370 1225 2470 1297 τὴν
2496 1225 2671 1290 πόλιν,
2699 1227 2794 1278 καὶ
2822 1226 3073 1291 κόπτετε,
3108 1226 3201 1278 καὶ
3232 1227 3306 1298 μὴ
3335 1225 3593 1296 φείσασθε
3617 1226 3753 1288 τοῖς

2143 1318 2440 1388 ὀφθαλμοῖς
2490 1317 2666 1387 ὑμῶν.
2714 1318 2808 1371 καὶ
2863 1317 2936 1388 μὴ
2989 1317 3281 1388 ἐλεήσητε·
3335 1316 3746 1388 πρεσϐύτερον,

2145 1408 2241 1462 καὶ
2270 1407 2570 1472 νεανίσκον,
2601 1407 2694 1461 καὶ
2738 1407 3004 1478 παρθένον
3036 1408 3134 1476 (8),
3162 1408 3258 1462 καὶ
3281 1409 3471 1480 νήπια,
3503 1409 3598 1462 καὶ
3627 1425 3748 1478 γυ-

2144 1503 2337 1563 ναῖκας
2363 1500 2717 1553 ἀποκτείνατε
2747 1500 2820 1568 (9)
2852 1500 2930 1563 εἰς
2957 1498 3252 1570 ὲξάλειψιν·
3280 1501 3373 1553 ἐπὶ
3399 1500 3455 1554 δὲ
3487 1501 3708 1564 πάντας
3732 1541 3750 1563 ,

2145 1589 2230 1663 ἔφ’
2259 1591 2352 1658 οὓς
2392 1595 2510 1646 ἐστι
2535 1593 2596 1645 τὺ
2623 1592 2848 1662 σημεῖόν
2881 1609 3004 1664 μου,
3038 1593 3112 1664 μὴ
3143 1593 3424 1665 ὲγγίσητε.
3461 1613 3478 1645 ι
3516 1593 3652 1665 Περὶ
3680 1593 3752 1646 δὲ

2145 1685 2239 1741 τοῦ
2269 1686 2417 1740 θύειν
2454 1687 2653 1750 αὐτοὺς
2697 1685 2947 1758 εἴρηται,
2976 1686 3073 1756 οὐχ
3100 1686 3181 1740 ὅτι
3222 1689 3252 1741 ὁ
3283 1686 3425 1750 Θεὸς·
3443 1686 3610 1740 ἐδεῖτο
3638 1686 3754 1739 θυ-

453 1773 698 1830 Levitica
749 1777 927 1832 tribus
967 1785 1173 1832 sortem
1216 1779 1268 1830 in
1306 1778 1693 1848 promissionis
1736 1788 1882 1833 terra
1933 1794 2042 1833 non

2151 1781 2299 1848 σιῶν,
2328 1781 2361 1852 ἢ
2389 1779 2877 1849 ὁλοκαυτωμάτων,
2899 1777 3013 1832 ἀλλ’
3031 1779 3222 1850 ἐπειδὴ
3249 1779 3282 1849 ἡ
3307 1777 3568 1848 Λευῖτικὴ
3593 1776 3753 1850 φυλὴ

456 1869 706 1934 haberet,
759 1871 964 1940 quippe
1015 1869 1157 1941 quod
1203 1871 1319 1942 ipse
1371 1871 1516 1928 Deus
1571 1889 1693 1929 sors
1735 1874 1856 1943 ejus
1901 1882 2042 1938 erat,

454 1961 600 2016 hanc
651 1963 734 2018 eis
771 1963 1032 2018 alimenta
1077 1965 1178 2020 sibi
1223 1965 1581 2035 comparandi
1630 1967 1900 2022 rationem
1939 1969 2045 2022 tri-

453 2051 614 2119 buit;
643 2052 866 2108 nolebat
899 2055 1044 2110 enim
1069 2071 1165 2112 eos
1187 2055 1280 2127 qui
1315 2057 1626 2112 sacerdotio
1659 2057 2042 2128 fungerentur,

455 2143 644 2200 labore
679 2160 967 2214 manuum,
1004 2149 1378 2218 negotiatione
1411 2149 1648 2220 aliisque
1684 2149 2047 2206 fraudulentis

453 2237 669 2294 artibus
703 2238 800 2294 ali.

968 2349 1086 2408 XV.
1117 2350 1195 2406 De
1224 2349 1532 2422 Evangelia.

525 2462 722 2527 David,
759 2481 778 2518 ι
800 2464 1069 2523 Dominus
1103 2465 1254 2522 dabit
1286 2469 1514 2523 verbum
1544 2466 2048 2538 evangelizantibus

454 2555 660 2612 virtute
685 2559 854 2612 multa
877 2560 944 2614 ⁸⁷.
971 2579 988 2612 ι
1027 2558 1093 2613 Ει
1121 2576 1342 2626 rursus,
1383 2579 1402 2612 ι
1423 2560 1599 2626 Quam
1624 2559 1860 2630 speciosi
1885 2561 2048 2630 pedes

455 2651 952 2722 evangelizantium
985 2669 1174 2724 pacem
1199 2655 1280 2708 ἐξ
1306 2674 1324 2707 ι

562 2757 710 2820 XVI.
743 2765 822 2822 De
851 2767 1598 2850 incredulitate,.Iudaaorum,
1629 2781 1680 2826 et
1716 2769 1958 2826 Ecclesia

555 2853 559 2878 ε
1123 2849 1381 2909 gentium.

525 2915 698 2986 Isaias
733 2928 829 2986 Dei
876 2930 1120 2998 nomine,
1161 2929 1389 3002 «Neque
1433 2933 1604 2999 nosti,
1639 2947 1820 3002 neque
1869 2932 2047 2998 scisti,

456 3037 634 3092 neque
656 3037 686 3076 a
715 3023 988 3093 principio
1011 3023 1205 3094 aperui
1238 3039 1401 3079 aures
1425 3033 1550 3079 tuas
1577 3041 1591 3091 ;
1623 3040 1883 3089 noveram
1904 3023 2048 3078 enim

2148 1872 2248 1924 οὐκ
2279 1867 2390 1943 εἶχε
2421 1870 2622 1942 κλῆρον
2658 1871 2714 1922 ὲν
2737 1871 2802 1940 τῇ
2831 1872 2900 1940 γῇ
2929 1871 3026 1937 τῆς
3058 1869 3396 1938 ἐπαγγελίας
3415 1908 3430 1929 .
3465 1869 3548 1922 ὅτι
3573 1867 3757 1930 αὐτὸς

2149 1963 2177 2016 ὁ
2204 1962 2336 2026 Θεὸς
2383 1963 2582 2033 κλῆρος
2629 1959 2834 2030 αὐτῆς,
2873 1957 3078 2028 ταύτην
3107 1957 3306 2011 ἔδωκεν
3341 1957 3524 2020 αὐτοῖς
3568 1957 3651 2018 εἰς
3681 1951 3755 2006 τὸ

2148 2057 2443 2129 τρέφεσθαι
2471 2055 2763 2128 πρόφασιν
2793 2055 2894 2107 οὐκ
2919 2052 3170 2106 ἐϐούλετο
3197 2051 3305 2124 γάρ
3344 2051 3543 2114 αὐτοὺς
3589 2051 3759 2118 ἱερα-

2149 2151 2426 2214 τεύοντας,
2461 2150 2569 2203 ἀπὸ
2596 2151 2758 2204 πόνου
2798 2148 2892 2202 καὶ
2919 2145 3300 2218 πραγματείας
3319 2185 3334 2210 ,
3368 2145 3535 2214 ἤγουν
3560 2160 3759 2213 καπη-

2150 2243 2318 2306 λείας,
2351 2241 2670 2313 τρέφεσθαι.

2527 2355 2628 2408 ιε’.
2670 2353 2810 2423 Περὶ
2838 2352 2946 2407 τοῦ
2972 2351 3361 2422 Εὐαγγελίου.

2220 2470 2420 2533 Δαϐὶδ,
2477 2489 2494 2522 t
2536 2469 2742 2535 Κύριος
2784 2467 2947 2522 δώσει
2978 2467 3132 2538 ρἧα
3164 2465 3280 2528 τοῖς
3317 2459 3757 2531 εὐαγγελιζομέ-

2151 2582 2262 2629 νοις
2313 2563 2541 2634 δυνάμει
2589 2561 2778 2632 πολλῇ.
2821 2579 2839 2612 ι
2873 2560 2986 2614 Καὶ
3021 2558 3204 2622 πάλιν,
3265 2575 3284 2608 ι
3331 2556 3419 2618 Ὠς
3465 2555 3657 2627 ὡραῖοι
3699 2554 3754 2606 οι

2153 2658 2313 2722 πόδες
2337 2655 2446 2710 τῶν
2476 2653 2974 2725 εὐαγγελιζομένων
3000 2652 3258 2724 εἰρήνηνι
3303 2668 3321 2700 ι

2152 2773 2271 2842 ις’.
2299 2772 2440 2842 Περὶ
2485 2771 2596 2840 τῆς
2618 2769 2917 2842 ᾼάπιστζας
2950 2767 3070 2842 τῷν·
3106 2765 3432 2842 Ἰουδαίων,
3476 2763 3575 2818 καὶ
3607 2760 3753 2831 περὶ

2565 2840 2686 2895 τῶν
2711 2838 2902 2894 ἐθνῶν
2947 2837 3336 2905 Ἐκκλησίας.

2235 2935 2462 2998 Ἡσαΐας
2485 2936 2547 2988 ἐκ
2570 2932 2862 3004 προσώπου
2884 2930 2978 2984 τοῦ
3002 2928 3160 2992 Θεοῦ,
3195 2947 3212 2980 ι
3237 2926 3374 2982 Οὔτε
3399 2927 3590 2995 ἔγνως.
3614 2923 3752 2978 οὗτε

2153 3028 2426 3099 ἠπίστασο
2457 3026 2604 3097 (10),
2633 3025 2757 3079 οὔτε
2794 3025 2888 3078 ἀπ’
2937 3023 3111 3096 ἀρχῆς
3151 3020 3337 3092 ἦνοιξά
3367 3020 3480 3089 (ΔΙ)
3531 3035 3625 3072 σου
3680 3017 3758 3071 τὰ

456 3113 717 3182 quoniam
739 3115 1108 3184 praevaricans
1131 3116 1583 3186 prmvaricaberis
1603 3117 1671 3171 ‘°.
1696 3137 1712 3168 ι
1746 3117 1808 3170 Et
1833 3133 2047 3180 rursus,

2153 3115 2288 3175 ὧταο
2313 3121 2460 3192 ᾔδειν
2492 3119 2598 3192 γὰρ
2619 3161 2633 3184 ,
2664 3119 2746 3172 ὃτι
2778 3115 3022 3172 ἀπειθῶν
3059 3114 3376 3184 ἀπειθήσεις
3395 3113 3538 3184 ’(12).
3577 3132 3599 3163 ι
3638 3112 3756 3164 Καὶ

462 3222 482 3255 ι
508 3203 760 3273 Magnum
793 3221 996 3261 nomen
1029 3208 1153 3276 ejus
1183 3209 1235 3262 in
1273 3208 1550 3276 gentibus,
1585 3217 1635 3262 et
1666 3207 1719 3261 in
1747 3209 1896 3263 omni
1931 3208 2052 3262 loco

461 3293 750 3352 incensum
777 3295 1006 3353 olfertur
1033 3301 1239 3356 nomini
1277 3317 1419 3364 meo,
1446 3309 1500 3356 et
1529 3300 1864 3356 sacriﬁcium
1893 3317 2054 3355 mun-

459 3389 589 3445 dum
611 3390 720 3445 ⁸ο.»
758 3391 1036 3460 Miclizeas,
1079 3393 1184 3450 «Et
1229 3395 1336 3451 erit
1367 3395 1422 3450 in
1473 3388 1791 3451 novissimis
1837 3395 2052 3449 dierum

461 3484 790 3541 manifestus
840 3501 998 3542 mons
1041 3485 1278 3550 Domini,
1333 3495 1674 3558 praeparatus
1729 3503 1896 3557 super
1931 3503 2056 3542 ver-

460 3575 601 3633 tices
619 3579 914 3646 tuentium,
939 3587 995 3635 et
1013 3580 1318 3636 elevabitur
1338 3597 1504 3652 super
1524 3581 1730 3648 colles;
1751 3590 1804 3636 et
1825 3579 2053 3636 festina-

461 3669 600 3725 bunt
628 3671 696 3727 ad
739 3689 865 3728 eum
903 3673 1110 3744 populi,
1141 3680 1195 3728 et
1235 3675 1394 3729 ibunt
1425 3679 1616 3746 gentes
1651 3673 1855 3738 multa},
1891 3680 1946 3729 et
1978 3672 2058 3726 di-

462 3769 624 3817 cent:
663 3760 878 3830 Venite,
930 3767 1299 3821 ascendamus
1327 3766 1392 3821 ad
1437 3774 1677 3822 montem
1715 3764 1951 3828 Domini,
2003 3772 2057 3820 et

463 3853 532 3907 ad
558 3855 782 3909 domum
804 3856 896 3912 Dei
919 3856 1128 3926 Jacob;
1161 3867 1215 3914 et
1238 3859 1631 3915 illuminabunt
1664 3873 1765 3913 nos
1786 3857 1889 3910 viis
1911 3857 2082 3933 ejus,_

463 3945 593 4015 quia
627 3947 695 4002 de
728 3948 860 4004 Sion
887 3950 1033 4006 exiet
1063 3951 1170 4016 lex,
1198 3961 1251 4006 et
1281 3951 1511 4006 verbum
1547 3947 1765 4004 Domini
1801 3947 1869 4002 de
1894 3935 2056 4002 Jeru-

464 4040 634 4094 salem
661 4041 774 4096 ⁶¹.›
824 4040 1114 4107 Jeremias,
1155 4043 1264 4097 «Et
1309 4043 1450 4098 dixit
1497 4039 1766 4096 Dominus
1817 4040 1886 4094 ad
1933 4055 2054 4095 me:

465 4131 609 4188 Ecce
637 4133 762 4190 dedi
795 4137 960 4191 verba
991 4151 1112 4190 mea
1137 4136 1192 4190 iu
1223 4151 1286 4192 os
1320 4143 1474 4190 tuum
1506 4151 1521 4201 ;
1554 4149 1685 4189 ecce
1717 4131 1984 4188 constitui
2005 4139 2059 4188 te
2093 4191 2102 4196 _

466 4227 631 4282 hodie
661 4243 830 4298 super
861 4239 1051 4298 gentes
1078 4236 1132 4283 et
1163 4245 1331 4299 super
1369 4244 1546 4298 rcges,
1586 4234 1646 4282 ut
1685 4225 1957 4288 eradices,
2003 4233 2060 4281 et

461 4319 786 4388 detrunces,
804 4331 859 4378 et
877 4320 1186 4394 disperdas,
1217 4333 1272 4378 et
1303 4323 1604 4377 reaedJices
1623 4329 1678 4376 et
1705 4320 1922 4390 plantes
1945 4318 2011 4372 θ’.
2035 4334 2054 4369 ›

469 4409 526 4464 Si
563 4412 678 4468 bene
720 4413 788 4469 de
817 4412 1053 4482 Jeremia
1097 4415 1242 4470 dicta
1289 4423 1442 4478 sunt,
1490 4428 1677 4483 ecquae
1729 4425 1897 4482 regna
1956 4409 2062 4464 iste

464 4505 684 4570 evertit,
731 4513 826 4560 aut
873 4522 1013 4577 quas
1051 4516 1242 4578 gentes
1292 4506 1570 4578 perdidit?
1599 4503 1802 4560 Verum
1843 4503 1912 4558 de
1950 4499 2057 4556 Do-

2161 3213 2343 3274 πάλιν,
2381 3231 2398 3264 ι
2433 3212 2594 3278 Μέγα
2619 3211 2682 3264 τὸ
2710 3210 2881 3279 ὄνομα
2907 3207 3073 3262 αὐτοῦ
3102 3209 3158 3262 ὲν
3176 3209 3288 3270 τοῖς
3309 3205 3485 3259 ἔθνεσι
3511 3205 3620 3275 (15)
3653 3204 3757 3258 καὶ

2157 3309 2214 3360 ὲν
2260 3306 2422 3360 παντὶ
2467 3305 2623 3375 τόπῳ
2666 3303 2920 3374 θυμίαμα
2973 3301 3343 3374 προσφέρεται
3396 3297 3475 3369 τῷ
3519 3297 3754 3369 ὀνόματί

2161 3417 2285 3472 μου,
2321 3398 2416 3453 καὶ
2448 3396 2609 3450 Θυσξα
2641 3394 2878 3466 καθαρά.
2921 3414 2940 3447 ι
2977 3393 3243 3464 Μιχαίας,
3279 3410 3300 3443 ι
3337 3392 3448 3445 Καὶ
3477 3391 3628 3445 ἔσται
3659 3390 3754 3444 ἐπ’

2157 3493 2402 3564 ἐσχάτων
2427 3489 2535 3544 τῶν
2563 3487 2786 3561 ἡμερῶν
2808 3485 3053 3558 ἐμφανὲς
3094 3485 3154 3539 τὸ
3189 3485 3316 3556 ὄρος
3341 3484 3571 3556 Κυρίου,
3606 3483 3757 3538 ἕτοι-

2161 3601 2260 3656 μον
2287 3583 2380 3637 ἐπὶ
2412 3583 2512 3646 τὰς
2539 3578 2786 3652 κορυφάς
2815 3577 2926 3632 τῶν
2957 3579 3150 3650 ὀρέων,
3187 3577 3282 3632 καὶ
3313 3576 3757 3647 μετεωρισθήσε-

2157 3693 2248 3730 ται
2279 3673 2536 3746 ὑπεράνω
2578 3671 2688 3725 τῶν
2721 3669 2945 3740 βουνῶν·
2989 3669 3086 3723 καὶ
3129 3667 3427 3722 σπεύσουσι
3457 3667 3570 3738 (Η)
3611 3665 3757 3738 πρὸς

2159 3765 2290 3820 αὐτὸ
2321 3763 2464 3826 λαοὶ,
2495 3762 2590 3816 καὶ
2627 3761 2988 3833 πορεύσονται
3015 3758 3144 3831 ἔθνη
3177 3757 3368 3822 πολλὰ,
3397 3756 3494 3810 καὶ
3527 3756 3753 3828 ἐροῦσι,

2158 3858 2312 3912 δεῦτε
2329 3855 2622 3926 ἀναδῶμεν
2646 3857 2726 3920 είς
2751 3855 2810 3908 τὸ
2837 3854 2964 3926 ὅρος
2989 3854 3223 3923 Κυρίου,
3248 3852 3342 3906 κοιλ¹
3370 3853 3453 3916 είς
3483 3851 3573 3904 τὸν
3601 3846 3757 3904 οἶκον

2157 3945 2252 3998 τοῦ
2299 3944 2434 3998 Θεοῦ
2497 3944 2728 3998 Ἰακώϐ·
2775 3945 2870 3998 καὶ
2915 3941 3212 4012 φωτιοῦσιν
3253 3943 3404 4014 ἡμᾶς
3454 3944 3576 4004 ταῖς
3612 3941 3757 4004 ὁδοῖς

2159 4035 2325 4090 αὐτοῦ
2352 4035 2485 4105 (15)·
2514 4036 2595 4088 ὅτι
2625 4037 2690 4088 ὲκ
2714 4033 2851 4087 Σιὼν
2884 4031 3227 4098 ἐξελεύσεται
3249 4032 3435 4103 νόμος,
3468 4030 3564 4084 καὶ
3595 4030 3756 4098 λόγος

2159 4125 2366 4193 Κυρίου
2393 4125 2454 4190 ἐξ
2488 4123 2862 4195 Ἰερουσαλήμ.
2899 4141 2916 4174 ι
2954 4121 3225 4194 Ἱερεμίας
3254 4120 3365 4194 (l6)
3392 4163 3406 4186 ,
3443 4140 3460 4173 ι
3485 4121 3596 4174 Καὶ
3628 4113 3756 4172 εἷπε

2161 4218 2367 4290 Κύριος
2398 4216 2536 4287 πρός
2574 4233 2672 4288 με,
2705 4216 2812 4270 ἰδοὺ
2843 4214 3050 4268 δέδωκα
3077 4217 3204 4278 τοὺς
3229 4215 3420 4283 λόγους
3452 4231 3552 4284 μου
3588 4213 3646 4266 ὲν
3677 4210 3756 4281 τῷ

2164 4311 2392 4383 στόματί
2420 4328 2514 4363 σου
2533 4327 2546 4342 ο
2586 4309 2694 4364 ἰδοὺ
2730 4309 3044 4380 κατέστησά
3076 4325 3134 4362 σε
3180 4311 3420 4379 σήμερον
3465 4309 3552 4360 ἐπ’
3583 4305 3712 4374 ἕθιη
3735 4345 3751 4368 ,

2163 4404 2260 4458 καὶ
2295 4402 2532 4474 βασιλεῖς
2575 4401 2850 4472 ἐκριζοῦν,
2883 4401 2978 4454 καὶ
3033 4401 3424 4464 κατακόπτειν,
3461 4401 3557 4453 καὶ
3582 4399 3754 4452 ἀπολ-

2163 4495 2332 4562 λύειν,
2361 4493 2456 4548 καὶ
2486 4493 2878 4564 ἀνοικοδομεῖν,
2911 4494 3006 4548 καὶ¹
3041 4492 3458 4548 καταφυτεύειν.
3493 4511 3513 4546 ι
3561 4493 3671 4564 καὶ
3703 4493 3754 4545 εἰ

538 4667 586 4700 ⁸³
610 4667 755 4723 Psal.
787 4682 900 4728 LIX,
925 4666 978 4720 6.
1055 4667 1100 4700 ”
1131 4666 1329 4722 Ezecb.
1365 4646 1442 4733 ιἰς,
1474 4670 1526 4724 4.
1602 4667 1648 4698 ⁵⁸
1674 4667 1807 4722 ibid.
1836 4665 1893 4726 2,
1921 4665 1974 4719 5.
2051 4663 2053 4688 ³

2151 4659 2268 4713 ἐειι.
2302 4654 2584 4733 tavrum.
2660 4655 2709 4687 ⁸⁸
2743 4651 2848 4711 lsa.
2884 4670 2985 4720 LII,
3021 4655 3087 4723 7;
3121 4655 3277 4712 llom.
3312 4671 3365 4720 x,
3400 4655 3487 4709 15.
3566 4655 3612 4688 ”
3645 4653 3750 4710 lsa.

471 4755 662 4807 vatu,
694 4740 748 4793 8.
837 4738 882 4769 ⁶⁰
923 4738 1154 4793 Malach.
1185 4739 1339 4803 1,“.

543 4878 618 4950 (5)
645 4878 871 4949 Siphani
911 4878 1105 4946 codex,
1134 4887 1188 4934 et
1214 4877 1516 4935 Vaticanus
1543 4877 1822 4934 recentior
1876 4875 1968 4929 ἐπὶ
1995 4873 2056 4928 τὸ
2089 4876 2134 4932 Ι)

475 4952 744 5023 μέτςυεφντ

545 5021 620 5094 (6)
645 5021 784 5077 Male
805 5020 860 5094 in
885 5019 1174 5094 recentiori
1200 5017 1486 5094 Vaticano,
1508 5019 1612 5094 καὶ
1628 5019 1858 5094 ἕκαστος
1889 5014 2061 5080 πέλυξ

473 5089 679 5162 ἐστῖτῇ
711 5092 856 5162 χειρὶ
886 5089 1089 5162 αὐτοῦ,
1111 5089 1390 5160 Siphanus
1417 5091 1801 5162 ιρεῑινὲκάστῳ.

545 5165 621 5236 (7)
655 5150 754 5236 ΠῘό
777 5150 1008 5236 multum
1030 5150 1320 5236 discrepat
1345 5150 1512 5236 editio
1531 5150 1799 5236 Romana,
1819 5158 2062 5236 quze_ba-

475 5227 718 5297 bet-{atat
753 5233 962 5294 τούτοις
1003 5227 1480 5302 εἷπεν-ἀκούοντός
1541 5250 1664 5302 μου.
1721 5227 2060 5302 Apudj'cr-

475 5305 764 5359 tdllianum
797 5311 977 5375 tamen
1011 5301 1131 5356 adv.
1162 5300 1294 5357 Iud.
1341 5320 1463 5375 cap.
1520 5299 1578 5358 Η
1623 5299 1842 5374 legitur,
1899 5299 1966 5354 Et
2007 5301 2061 5354 in

477 5376 558 5429 his
584 5375 720 5428 dixit
751 5373 819 5426 ad
849 5375 1170 5428 audientem.

549 5444 1136 5514 (8iCodex_antiqttior
1171 5444 1265 5499 καὶ
1295 5444 1632 5514 παρθένουςο
1693 5443 1789 5501 sed
1841 5444 1898 5497 in
1940 5443 2063 5514 _sin_-

479 5511 679 5580 gulari,
714 5511 1011 5580 παρθένον,
1037 5515 1200 5570 habet
1241 5511 1406 5570 etiam
1461 5515 1686 5570 Tertull.
1751 5514 1872 5570 adu.
1922 5511 2054 5566 Jud.

634 5579 1053 5647 “,0yprianus
1087 5585 1213 5641 adv.
1249 5587 1472 5641 eosdem
1497 5587 1592 5642 lib.
1629 5603 1690 5650 ιι,
1751 5600 1874 5655 cap.
1915 5584 1986 5637 εν
2005 5589 2060 5637 et

481 5663 634 5702 allbl.

551 5718 630 5785 (9)
665 5713 897 5785 Sipltani
929 5720 1101 5778 codex
1129 5735 1184 5780 et
1215 5724 1486 5781 recentior
1509 5724 1634 5782 Vat.
1666 5723 1762 5780 καὶ
1802 5722 2058 5778 ἀποκτεί-

483 5781 914 5866 νατες-ηεεξᾴμςξξξη
945 5793 1268 5866 particulam
1307 5809 1409 5866 nec
1433 5781 1766 5852 editioLXX
1795 5797 2056 5866 interpr»

488 5867 588 5908 nec
625 5849 1024 5920 Tertullianus,
1056 5878 1153 5918 nec
1170 5849 1735 5932 Cyprianusﬁliavbeut.

1444 4739 1486 4772 ⁶¹
1518 4737 1681 4792 Mieh.
1717 4754 1794 4802 iv,
1828 4738 1878 4802 ‘I,
1911 4736 1964 4789 2.
2047 4733 2090 4763 θ’
2114 4728 2227 4785 Jcr.
2260 4744 2298 4796 1,
2332 4727 2419 4780 10.

2263 4869 2348 4942 10)
2373 4869 2620 4942 Romana
2649 4868 2818 4942 editio
2848 4869 3086 4942 ἠπίστω.
3483 4938 3495 4942 _
3618 4939 3637 4942 Α

2267 4938 2349 5013 ll)
2387 4940 2616 5013 Sipliani
2647 4939 2842 5004 codex,
2870 4949 2926 4994 et
2959 4939 3258 4994 Vaticanus
3291 4938 3588 5003 recentior,
3611 4939 3754 5010 ἤνοι-

2167 5010 2282 5076 ξας,
2322 5010 2596 5081 aperuisti.

2239 5077 2559 5146 (12)Ἐιιὶιὶο
2599 5077 2848 5136 Romana
2878 5079 3022 5135 LXX
3055 5079 3286 5150 lnterpr.
3325 5079 3500 5149 ἔγνων
3531 5079 3641 5152 γὰρ
3669 5081 3750 5132 ὅτι

2167 5152 2378 5206 ἀθετῶν
2409 5152 2576 5220 ἀθετή
2586 5167 2720 5220 σεις.

2240 5219 2894 5290 (13)(ἐοι1ειίνιιιίοιιηιιε
2915 5222 3214 5286 recentior,
3247 5221 3342 5275 ἐπὶ
3383 5224 3496 5284 τοῖς
3549 5219 3746 5275 ἔθνεσι.

2167 5293 2290 5348 Mox
2321 5296 2374 5348 in
2397 5292 2688 5350 vetustiori
2723 5295 2879 5350 deest
2929 5293 3100 5363 τόπῳ,
3135 5294 3380 5358 librarii,
3411 5303 3472 5347 ut
3511 5291 3746 5354 videtur,

2167 5381 2378 5420 CI‘I'OI‘B.

2241 5436 2354 5502 (Η)
2385 5434 2524 5489 Male
2553 5435 2726 5490 codex
2751 5434 3034 5504 antiquior
3052 5433 3357 5488 σπείσουσι.

2241 5506 2354 5573 (15)
2397 5505 2474 5558 lta
2529 5513 2584 5575 et
2627 5502 3038 5572 Justinus—legit
3065 5505 3118 5559 in
3143 5505 3293 5559 Dial.
3328 5520 3447 5559 cum
3475 5502 3750 5575 Tryphon

2168 5591 2292 5647 pag.
2313 5573 2576 5647 _336,_sed
2610 5576 2891 5647 habctjrijv
2913 5576 3028 5628 ὁδὸν
3067 5577 3253 5630 αὐτοῦ.

2241 5643 2356 5715 (16)
2399 5643 2580 5717 Locus
2630 5646 2735 5701 iste
2764 5643 3014 5701 Jeremiae
3046 5648 3210 5717 paulo
3257 5645 3494 5702 diversis
3520 5643 3746 5717 jerlJiS.

2169 5717 2264 5771 sed
2289 5713 2480 5771 eodem
2525 5715 2640 5789 fere
2669 5732 2835 5772 sensu
2869 5713 3070 5789 legitur
3108 5719 3163 5773 in
3199 5717 3442 5775 Romana
3479 5715 3616 5770 LXX
3663 5713 3752 5768 ln-

2169 5795 2470 5858 tcrpretum
2509 5786 2770 5863 editione.
