4106 6434
356 425 462 482 223

1398 429 1820 486 TESTLllONlA
1858 427 2235 487 ADVERSUS
2293 429 2606 488 JUD/EOS.

3531 435 3640 492 2:26

343 539 518 595 ταῦτα
537 543 658 614 περὶ
684 543 990 616 Ἱερεμίου,
1025 547 1184 612 ποίας
1206 547 1482 619 βασιλείας
1511 547 1938 622 ἐξερῤίζωσεν,ἢ

2046 547 2198 602 mino
2237 547 2385 603 dicta
2417 557 2570 614 sunt,
2617 547 2710 620 qui
2741 547 2798 603 in
2843 549 2995 605 omni
3032 547 3179 605 ﬁdeli
3217 545 3400 602 anima
3445 547 3641 602 adver-

345 635 476 686 ποῖα
508 633 630 706 ἔθνη
653 635 946 692 ἀπώλεσεν
966 656 980 705 ;
1021 641 1181 696 Ἀλλά
1204 659 1270 693 πε
1277 642 1333 713 pl.
1354 641 1448 696 τοῦ
1465 643 1672 714 Κυρίου
1701 641 1938 714 εἴρηται,

345 727 742 798 ἑκριζώσαντος
785 730 900 784 ἀπὸ
941 733 1122 804 πάσης
1165 733 1346 805 ψυχῆς
1387 733 1750 805 πιστευούσης
1793 731 1943 804 ἀὺτῷ

346 815 448 891 τὴν
493 819 768 890 βασιλείαν
788 821 888 878 τοῦ
937 825 1338 898 Ἀντικειμένου
1357 867 1372 892 ,
1401 825 1460 889 ὃς
1501 825 1840 897 κατέστρεψε
1871 823 1944 878 τὰ

348 913 762 985 οἰκοδομήματα
785 915 890 988 τῆς
916 918 1136 984 κακίας,
1169 919 1264 972 καὶ
1293 917 1400 972 τῶν
1432 917 1722 990 μοχθηρῶν
1745 917 1943 988 δογμά-

345 1003 456 1055 τῶν
481 1005 614 1074 (17),
654 1008 1074 1076 καταφυτεύσας
1095 1007 1164 1062 τὰ
1197 1009 1504 1081 κρείττονα.
1531 1008 1714 1072 Δαὸὶδ,
1759 1026 1778 1060 ι
1824 1007 1944 1060 Ῥὗ-

349 1095 441 1146 σαί
491 1111 561 1165 με
599 1093 659 1159 ἐξ
698 1095 1012 1166 ἀντιλογίας
1032 1095 1182 1160 λαοῦ,
1224 1098 1588 1169 καταστήσεις
1623 1115 1690 1168 με
1727 1099 1808 1161 εἰς
1851 1114 1945 1151 κε-

348 1187 526 1258 φαλὴν
550 1188 738 1244 ἐθνῶν.
767 1189 932 1255 Λαὺς,
961 1189 1020 1244 ὃν
1047 1190 1146 1244 οὐκ
1174 1190 1366 1260 ἔγνων,
1403 1190 1683 1244 ἐδούλευσὲ
1708 1206 1832 1260 μοι·
1863 1193 1942 1254 είς

349 1280 519 1351 ἀκοὴν
553 1280 716 1334 ὠτίου
741 1282 1022 1353 ὑπήκουσέ
1049 1300 1174 1352 μου·
1204 1283 1309 1336 υἱοὶ
1339 1281 1610 1352 ἀλλότριοι
1645 1281 1942 1352 ἐψεύσαντό

351 1388 443 1441 μοι
471 1371 584 1440 (l8)
607 1389 622 1404 ο
648 1373 753 1426 uiol.
779 1373 1050 1445 ἀλλότριοι
1081 1374 1501 1446 ἐπαλαιώθησαν
1537 1376 1632 1428 καὶ
1663 1373 1940 1444 ἐχώλαναν

346 1464 458 1516 ἁπδ
493 1463 600 1516 τῶν
633 1464 836 1536 τρίϐων
858 1466 1058 1520 αὐτῶν.
1101 1486 1120 1518 ι
1154 1467 1396 1538 Μωῦσῆς
1426 1469 1490 1520 ἐκ
1516 1465 1809 1538 προσώπου
1843 1465 1938 1520 τοῦ

348 1555 487 1610 Θεοῦ
521 1555 657 1628 πρὸς
702 1556 989 1628 Ἀϐραὰμ,
1023 1577 1041 1611 ι
1080 1559 1192 1612 Καὶ
1227 1558 1744 1629 ἐνευλογηθήσονται
1769 1559 1826 1612 ἐν
1859 1559 1941 1612 σοὶ

349 1649 534 1701 πάντα
559 1647 628 1702 τὰ
659 1647 869 1720 πέρατα
897 1649 1010 1720 (l9)
1033 1651 1130 1721 τῆς
1147 1653 1302 1722 γῆς.»
1337 1650 1448 1703 Καὶ
1474 1651 1636 1705 πάλιν
1663 1691 1677 1716 ,
1721 1668 1740 1702 ι
1780 1650 1939 1703 Ἀπο-

350 1742 572 1814 nos?!»
615 1741 676 1795 τὺ
711 1742 1002 1813 πρόσωπόν
1052 1760 1153 1814 μου
1183 1743 1275 1796 ἀπ’
1323 1742 1524 1808 αὐτῶν,
1560 1745 1653 1796 καὶ
1693 1743 1853 1810 δείξω
1890 1742 1942 1796 τί

348 1834 502 1888 ἔσται
548 1835 730 1898 αὐτοῖς
760 1835 846 1888 ἐπ’
887 1835 1134 1905 ἐσχάτων
1161 1835 1294 1908 (⁵20),
1324 1836 1405 1888 ὅτι
1433 1836 1598 1905 γενεά
1630 1835 1938 1908 ἐξεστραμ-

2047 639 2180 694 sai-ii
2205 654 2440 711 regnum
2465 638 2682 705 evertit,
2711 638 2804 710 qui
2830 639 3054 694 malitiae
3074 639 3358 694 molimina
3382 637 3638 700 destruit,

2044 741 2097 787 et
2154 747 2543 802 perversorum
2604 732 2728 787 loco
2785 733 3015 788 meliora
3080 733 3337 803 dogmata
3401 733 3634 800 plantat.

2043 822 2234 884 David.
2299 821 2484 878 «Erue
2541 838 2628 878 me
2679 824 2747 879 de
2803 823 3340 879 contradictionibus
3405 823 3637 893 populi;

2045 917 2361 971 constitues
2407 931 2494 970 me
2543 916 2598 970 in
2647 927 2812 988 caput
2866 917 3132 988 gentium.
3178 915 3422 987 Pepulus
3475 929 3639 984 quem

2044 1023 2155 1062 non
2194 1007 2450 1077 cognovi,
2481 1008 2712 1062 servivit
2741 1009 2910 1073 mihi;
2944 1009 3000 1062 in
3041 1009 3232 1062 auditu
3271 1009 3422 1061 auris
3452 1007 3640 1060 obedi-

2045 1100 2122 1154 vit
2154 1099 2310 1154 mihi.
2347 1097 2470 1154 Filii
2503 1100 2666 1156 alieni
2702 1101 2915 1156 mentiti
2955 1109 3086 1157 sunt
3117 1101 3286 1166 mihi;
3335 1100 3428 1154 [iiii
3475 1097 3636 1152 alieni

2046 1195 2337 1251 inveterati
2371 1205 2498 1252 sunt
2521 1206 2576 1251 et
2603 1197 3058 1252 elaudicaverunt
3085 1214 3112 1249 a
3147 1193 3361 1250 semitis
3395 1195 3509 1248 suis
3533 1194 3632 1247 “3.:

2044 1284 2262 1357 Moyses
2293 1287 2384 1342 Dei
2417 1287 2641 1342 nomine
2671 1287 2738 1342 ad
2765 1287 3066 1350 Abraham,
3105 1306 3121 1338 ι
3152 1285 3216 1339 Et
3238 1285 3640 1341 benedicentur

2043 1377 2098 1432 in
2123 1387 2176 1434 te
2197 1394 2389 1435 onmes
2419 1380 2638 1459 termini
2672 1387 2833 1435 terrae
2855 1379 2920 1432 “.
2943 1399 2961 1430 ι
2995 1379 3058 1432 Ει
3087 1393 3303 1441 rursus,
3339 1397 3356 1428 ι
3378 1377 3636 1431 Avertam

2044 1472 2240 1527 faciem
2279 1488 2452 1527 meatu
2491 1473 2558 1528 ab
2585 1471 2702 1538 eis;
2743 1479 2798 1526 et
2831 1471 3121 1528 ostendam
3152 1470 3284 1542 quid
3325 1471 3429 1525 erit
3462 1469 3543 1523 eis
3584 1469 3638 1522 in

2046 1565 2390 1631 novissimis,
2432 1565 2695 1635 quoniam
2726 1564 3012 1634 generatio
3057 1577 3316 1634 perversa
3353 1570 3459 1616 est.
3505 1558 3634 1613 Filii

2046 1659 2251 1730 quibus
2280 1675 2388 1714 non
2420 1666 2506 1714 est.
2529 1657 2662 1714 ﬁdes
2694 1657 2750 1711 in
2781 1657 2861 1712 eis
2891 1675 2904 1725 ;
2940 1655 3043 1726 ipsi
3071 1654 3139 1710 ad
3171 1654 3348 1708 zelum
3374 1665 3644 1722 provoca-

2045 1760 2246 1807 verunt
2279 1767 2366 1808 me
2401 1751 2456 1806 in
2481 1767 2590 1806 non
2619 1749 2750 1815 Deo,
2780 1749 3252 1805 exacerliaverunt
3282 1762 3368 1801 me
3393 1745 3445 1799 in
3479 1742 3642 1799 idolis

2047 1845 2187 1909 suis,
2221 1854 2272 1899 et
2307 1860 2408 1914 ego
2440 1844 2753 1914 provocabo
2788 1857 2885 1898 eos
2913 1839 2979 1894 ad
3016 1841 3194 1895 zelum
3223 1840 3278 1894 in
3308 1854 3413 1892 non
3441 1845 3640 1907 gente:

351 1925 488 1996 μένη
522 1925 688 1978 ἐστίν.
725 1923 844 1977 Υἱοὶ
868 1920 950 1990 οἷς
976 1927 1076 1979 οὐκ
1104 1925 1216 1980 ἔστι
1259 1926 1440 1990 πίστις
1469 1929 1527 1980 ἐν
1548 1927 1748 1990 αὐτοῖς·
1786 1929 1938 1981 αὐτοὶ

2045 1937 2098 1992 in
2135 1943 2294 2008 gente
2327 1936 2490 1992 stulta
2527 1937 2757 1990 irritabo
2789 1933 2912 1988 illos
2937 1934 3006 1989 ⁸⁵.
3028 1951 3045 1984 ι
3082 1931 3148 1985 Et
3182 1931 3334 1993 alibi,
3373 1949 3390 1980 ι
3414 1928 3594 1992 Dabit,
3616 1943 3638 1979 ι

348 2017 744 2090 παρεζήλωσάν
773 2017 885 2088 (21)
924 2036 992 2090 με
1017 2020 1102 2072 ἐπ’
1133 2021 1190 2073 οὐ
1223 2020 1363 2093 Θεῷ,
1397 2020 1757 2094 παρώργισάν
1785 2039 1854 2093 με
1880 2023 1940 2074 ἐν

347 2115 461 2176 τοῖς
499 2112 737 2175 εἰδώλοις
779 2112 982 2180 αὐτῶν,
1015 2113 1172 2181 κάγὼ
1198 2113 1582 2186 παραζηλώσω
1623 2115 1823 2178 αὐτοὺς
1850 2114 1938 2168 ἐπ’

345 2205 450 2258 οὐκ
469 2203 634 2257 ἔθνειο
664 2204 750 2258 ἐπ’
775 2204 918 2258 ἔθνει
948 2205 1196 2277 ἀσυνέτῳ
1229 2207 1514 2280 παροργιῶ
1537 2207 1755 2271 αὐτούς.
1789 2228 1807 2262 ι
1829 2209 1940 2262 Καὶ

347 2295 604 2368 ἀλλαχοῦ,
629 2315 647 2348 ι
673 2297 784 2368 (22)
799 2295 990 2364 Δώσει,
1005 2317 1022 2349 ι
1042 2299 1228 2370 φησὶν,
1247 2317 1267 2352 ι
1284 2299 1409 2364 τοὺς
1422 2301 1692 2371 πονηροὺς
1705 2302 1825 2354 ἀντὶ
1839 2300 1940 2372 τῆς
1981 2339 1986 2346 υ

344 2389 527 2460 ταφῆς
557 2388 742 2444 αὐτοῦ.
783 2409 803 2442 ι
844 2390 1072 2454 Ἡσαΐας
1101 2391 1248 2463 (⁵25),
1293 2411 1311 2444 ι
1363 2393 1643 2465 Ἐμφανὴς
1674 2395 1940 2466 ἐγενόμην

343 2485 462 2546 τοῖς
485 2483 586 2554 ἐμὲ
615 2483 688 2556 μὴ
710 2483 984 2557 ζητοῦσιν,
1013 2485 1243 2558 εὑρέθην
1266 2490 1378 2551 τοῖς
1418 2489 1518 2558 ἐμὲ
1545 2489 1619 2560 μὴ
1647 2490 1940 2562 ἐπερωτῶ-

347 2591 456 2627 σιν.
485 2575 640 2648 ([24]
670 2573 832 2642 Εἷπα,
871 2577 1002 2630 Ἰδοὺ
1023 2579 1250 2648 πάρειμι
1279 2579 1420 2632 ἔθνει
1451 2579 1587 2650 (25),
1612 2579 1665 2632 οἳ
1697 2581 1798 2634 οὐκ
1843 2583 1942 2634 ἐπ-

347 2667 678 2722 εκαλέσαντο
705 2669 765 2723 τὸ
794 2669 967 2742 ὄνομα
1008 2687 1130 2742 μου.
1168 2671 1226 2740 ι)
1251 2671 1433 2738 Δαϐὶδ,
1463 2691 1481 2723 ι
1536 2671 1940 2744 Ἀπηλλοτριω-

350 2760 513 2830 μένος
546 2761 811 2833 ἐγενήθην
860 2765 972 2827 τοῖς
1012 2762 1264 2834 ἀδελφοῖς
1299 2781 1401 2834 μου
1429 2805 1442 2830 ,
1490 2764 1585 2818 καὶ
1630 2767 1780 2832 ξένος
1829 2768 1941 2828 τοῖς

345 2855 486 2916 υἱοῖς
515 2853 614 2924 τῆς
643 2855 851 2926 μητρός
899 2873 1024 2925 μου.
1062 2876 1080 2908 ι
1124 2858 1261 2930 Περὶ
1311 2857 1368 2910 δὲ
1400 2855 1510 2910 τῶν
1553 2857 1722 2912 ἐθνῶν
1756 2857 1938 2926 λέγει,

353 2963 372 2995 ι
431 2945 749 3014 Ἀπαγγελῶ
784 2946 896 3018 (26)
927 2949 988 3000 τὸ
1023 2947 1196 3020 ὄνομά
1229 2967 1322 3003 σου
1355 2952 1469 3014 τοῖς
1515 2949 1766 3019 ἀδελφοῖς
1800 2967 1900 3022 μου
1924 2991 1938 3013 ,

345 3037 410 3090 ἐν
436 3037 587 3109 μέσῳ
631 3039 957 3119 Ἑιικλησίας
997 3041 1226 3113 ὑμνήσω
1258 3058 1338 3096 σε.
1390 3062 1410 3095 ι
1463 3043 1601 3114 Περὶ
1649 3042 1938 3107 Ἰουδαίων,

351 3148 374 3182 ε
406 3131 484 3182 Δι’
507 3132 649 3200 ὑμᾶς
677 3132 1080 3204 βλασφημεῖται
1120 3135 1180 3188 τὸ
1207 3134 1386 3205 ὄνομά
1419 3153 1520 3206 μου
1546 3135 1634 3189 διὰ
1659 3135 1862 3199 παντὸς
1884 3138 1941 3190 ἐν

343 3225 460 3286 τοῖς
489 3223 682 3277 ἔθνεσι.
723 3244 741 3276 ι
773 3224 1077 3296 Μαλαχίας,
1119 3245 1138 3278 ι
1173 3227 1290 3282 Οὐκ
1319 3227 1436 3282 ἔστι
1479 3246 1581 3300 μου
1627 3227 1846 3298 θέλημα
1877 3231 1936 3282 ἐν

346 3313 884 3388 ὕμῖν,λέγειΚύριος
908 3317 1324 3390 παντοκράτωρ.
1354 3337 1372 3370 ι
1402 3317 1554 3391 ([27]
1573 3319 1708 3390 Περὶ
1737 3317 1941 3373 Ἐθνῶν

342 3407 428 3472 δὲ,
462 3427 481 3460 ι
507 3409 626 3463 Ὅτι
645 3411 752 3464 ἀπὸ
777 3411 1050 3466 ἀνατολῶν
1077 3412 1231 3484 ἡλίου
1261 3413 1424 3484 μέχρι
1449 3413 1671 3483 δυσμῶν
1689 3412 1746 3467 τὸ
1767 3412 1940 3484 ὄνομά

348 3519 454 3572 μου
499 3501 807 3568 δεδόξασται
838 3507 896 3558 ἐν
931 3508 1042 3568 τοῖς
1079 3504 1322 3571 Ἐθνεσι,
1357 3503 1505 3574 λέγει
1547 3503 1752 3576 Κύριος
1797 3521 1938 3558 παν-

343 3596 653 3670 τοκράτωρ*
683 3618 702 3651 ι
733 3600 752 3668 )
798 3617 817 3650 ι
849 3599 940 3652 καὶ
979 3601 1036 3653 ἐν
1081 3601 1246 3655 παντὶ
1287 3601 1438 3671 τόπῳ
1468 3597 1720 3670 θυμίαμα
1769 3615 1938 3668 προσ-

345 3693 542 3760 άγεται
579 3692 656 3763 τῷ
693 3693 918 3763 ὀνόματί
953 3711 1089 3764 μου,
1123 3693 1220 3746 καὶ
1260 3691 1405 3764 μέγα
1451 3691 1512 3744 τὸ
1535 3691 1708 3761 ὄνομά
1743 3708 1845 3761 μου
1878 3692 1936 3744 ἐν

339 3786 456 3848 τοῖς
487 3784 703 3840 Ἔθνεσι
723 3827 736 3850 ,
761 3785 910 3856 λέγει
935 3785 1139 3858 Κύριος
1170 3785 1585 3857 παντοκράτωρ.
1627 3804 1646 3836 ι
1683 3785 1702 3856 (
1726 3785 1859 3856 Περὶ
1879 3783 1935 3837 δὲ

357 3875 627 3930 Ἰουδαίων
653 3877 859 3947 λέγει,)
895 3897 913 3930 ι
957 3879 1145 3949 Ὑμεῖς
1178 3877 1233 3931 δὲ
1267 3877 1554 3949 βεϐηλοῦτε
1583 3877 1732 3932 αὐτό.
1769 3896 1788 3929 ι
1831 3879 1936 3930 Δα-

344 3969 454 4035 διδ,
504 3988 522 4020 ι
560 3971 790 4042 Αίτησαι
829 3975 960 4043 παρ’
991 3971 1156 4042 ἐμοῦ,
1196 3971 1292 4025 καὶ
1322 3969 1479 4049 δώσω
1533 3987 1616 4024 σοι
1673 3969 1801 4041 ἔθνη
1833 3969 1936 4041 τὴν

342 4061 712 4133 κληρονομίαν
741 4081 856 4130 σου,
885 4064 978 4118 καὶ
1006 4065 1106 4134 τὴν
1137 4063 1470 4134 κατάσχεσίν
1500 4081 1594 4117 σου
1623 4063 1694 4118 τὰ
1719 4063 1935 4136 πέρατα

339 4155 444 4225 τῆς
475 4155 599 4224 γῆς.
637 4175 655 4208 ι
689 4157 932 4227 Mariis-hc;
960 4157 1096 4230 (28),
1135 4175 1154 4209 ι
1197 4157 1398 4210 Ἔασόν
1441 4175 1507 4228 με
1532 4156 1810 4228 ἐξαλεῖψαι
1843 4156 1936 4212 τὸν

341 4248 471 4302 λαὸν
500 4248 710 4313 τοῦτον,
752 4249 844 4304 καὶ
869 4249 1028 4304 δώσω
1071 4267 1154 4304 σοι
1193 4249 1347 4313 ἔθνος
1392 4249 1567 4321 μέγα,
1617 4252 1712 4304 καὶ
1761 4247 1933 4314 πολὺ,

415 4427 463 4460 ⁸³
497 4426 638 4482 Psal.
669 4443 804 4490 xvn,
845 4427 1038 4483 ιιι-46.
1113 4427 1160 4460 ⁸⁵
1191 4427 1328 4484 Gen.
1360 4441 1459 4490 xu,
1495 4427 1548 4481 5.
1622 4427 1667 4459 ⁸⁵
1707 4425 1863 4482 Deut.
1890 4443 1938 4481 XT

2048 4469 2063 4494 ,
2103 4426 2320 4484 20.21.

342 4513 538 4560 uvm,
567 4497 621 4552 9.
701 4500 746 4532 θ’
775 4499 1055 4558 Psal.:m,
1082 4499 1174 4554 23.
1252 4499 1300 4530 ⁷⁰
1328 4499 1414 4553 lsa
1468 4513 1564 4558 LII,
1616 4500 1670 4554 5.
1743 4499 1790 4529 “
1821 4497 1938 4552 Mal:

2044 4540 2054 4553 .
2101 4515 2140 4556 t.
2178 4499 2264 4554 10.
2343 4499 2390 4529 τ’
2435 4497 2566 4552 ibid.
2601 4498 2686 4552 Η.

343 4571 390 4602 ⁷⁵
423 4568 596 4626 Exod.
630 4586 802 4638 χχιιι,
829 4571 918 4626 10.
1015 4571 1064 4602 ⁷⁸
1088 4569 1194 4626 lsa.
1222 4585 1260 4637 ι,
1299 4571 1386 4626 10.
1489 4571 1530 4602 ⁷⁷
1562 4569 1694 4626 ibid.
1731 4569 1917 4626 15-16.

2043 2031 2243 2099 inquit,
2299 2029 2612 2099 «pessimos
2661 2044 2761 2099 pro
2809 2027 3093 2098 sepultura
3141 2027 3400 2097 ejus“.i
3447 2023 3642 2088 lsaias,

2048 2141 2066 2175 ι
2091 2123 2418 2179 Manifestus
2454 2123 2632 2179 factus
2674 2139 2796 2178 sum
2835 2139 2944 2177 non
2980 2119 3358 2191 quaerentibus
3400 2134 3522 2172 me:
3559 2117 3644 2171 in-

2044 2227 2243 2274 ventus
2303 2235 2424 2274 sum
2477 2218 2548 2273 ab
2598 2217 2708 2284 his,
2763 2217 2856 2287 qui
2912 2232 3001 2271 me
3055 2231 3168 2270 non
3203 2211 3643 2281 interregabant.

2045 2308 2223 2380 (Dixi,
2283 2309 2424 2366 Ecce
2475 2309 2673 2365 adsum
2725 2309 2898 2379 genti,
2953 2309 3044 2379 qui
3096 2324 3206 2362 non
3247 2307 3645 2360 invocaverunt.

2045 2417 2244 2458 nomen
2291 2403 2642 2475 meum)".:
2683 2403 2876 2469 David,
2923 2403 3250 2458 «Alienatus
3307 2401 3487 2456 factus
3520 2414 3643 2455 sum

2045 2493 2310 2551 fratribus
2354 2496 2513 2560 meis,
2549 2503 2606 2551 et
2638 2495 2841 2566 hospes
2879 2495 3005 2550 ﬁliis
3037 2495 3231 2550 matris
3265 2492 3488 2548 mem".
3513 2511 3532 2544 ι
3567 2490 3645 2546 De

2045 2587 2302 2657 gentibus
2328 2597 2508 2642 autem
2540 2588 2637 2653 ait,
2677 2607 2696 2639 ι
2718 2585 3080 2642 Annuntiabo
3110 2600 3312 2640 nomen
3347 2594 3500 2639 tuum
3533 2582 3644 2637 fra-

2043 2681 2226 2734 tribus
2255 2681 2414 2746 meis,
2469 2680 2522 2734 in
2561 2680 2740 2735 medio
2764 2677 3026 2734 Ecclesiae
3066 2678 3303 2732 laudabo
3336 2685 3393 2732 te
3416 2678 3482 2730 ⁸³.
3507 2695 3526 2728 ›
3568 2675 3644 2730 De

2043 2769 2268 2838 Judaeis,
2306 2771 2578 2843 «Propter
2615 2787 2716 2826 vos
2767 2771 3182 2841 blasphematur
3225 2785 3425 2824 nomen
3457 2785 3639 2824 meum

2045 2881 2262 2935 semper
2311 2865 2366 2919 in
2418 2865 2672 2936 gentibus
2692 2866 2758 2918 "°.
2787 2883 2804 2916 ι
2860 2863 3180 2927 lllalacliias,
3223 2862 3379 2919 «Non
3424 2869 3511 2918 est
3540 2878 3642 2916 vo-

2045 2959 2232 3014 luntas
2256 2975 2374 3014 mea
2408 2959 2462 3014 in
2491 2959 2670 3024 vobis,
2700 2957 2836 3012 dicit
2861 2959 3126 3014 Dominus
3155 2959 3507 3028 omnipotens
3531 2957 3634 3010 ⁷³.»

2047 3051 2154 3124 (De
2189 3051 2458 3108 Gentibus
2503 3060 2711 3116 autem,
2749 3071 2766 3103 ι
2801 3051 2942 3118 Quia
2976 3067 3006 3105 a
3037 3051 3172 3108 solis
3195 3059 3321 3106 ortu
3368 3066 3543 3120 usque
3573 3049 3644 3104 ad

2045 3160 2304 3200 occasum
2331 3143 2692 3200 clariﬁcatum
2723 3153 2808 3200 est
2839 3161 3038 3201 nomen
3075 3161 3259 3200 meum
3283 3145 3335 3198 in
3359 3143 3642 3216 gentibus,

2046 3237 2182 3292 dicit
2205 3237 2468 3292 Dominus
2499 3237 2848 3306 omnipotens
2873 3249 2922 3308 :)
2953 3245 3008 3291 et
3038 3238 3094 3292 in
3125 3237 3274 3290 omni
3311 3248 3430 3290 loco
3459 3237 3644 3291 incen-

2049 3345 2172 3387 Snm
2210 3328 2437 3385 oll‘ertur
2472 3329 2682 3383 nomini
2724 3345 2868 3393 meo,
2917 3337 2972 3383 et
3021 3343 3279 3400 magnum
3311 3335 3398 3383 est
3443 3340 3642 3380 nomen

2048 3437 2228 3476 meum
2273 3421 2327 3474 in
2367 3419 2660 3482 Gentibus,
2700 3417 2843 3476 dicit.
2877 3419 3230 3488 omnipotens
3253 3419 3362 3470 ⁷³.)
3407 3415 3514 3486 (De
3541 3415 3643 3472 Ju-

2047 3510 2180 3568 daeis
2197 3522 2378 3566 autem
2397 3511 2576 3578 dicit,)
2597 3530 2614 3562 ι
2637 3509 2746 3566 Vos
2767 3519 2949 3564 autem
2971 3508 3518 3564 contaminatisillnd
3541 3508 3600 3562 ’³.
3616 3525 3638 3562 ι

2047 3604 2242 3669 David,
2283 3623 2300 3656 ι
2324 3603 2547 3658 Postula
2575 3619 2604 3656 a
2636 3619 2753 3668 me,
2790 3611 2845 3656 et
2875 3601 3018 3658 dabo
3059 3602 3156 3656 tibi
3191 3610 3378 3672 gentes
3408 3600 3644 3656 haeredi-

2045 3707 2210 3753 tatem
2227 3705 2401 3761 tuam,
2415 3705 2469 3751 ct
2485 3698 2890 3768 possessionem
2913 3702 3060 3749 tuam
3081 3694 3349 3749 terminos
3365 3693 3596 3748 terrae".
3612 3711 3631 3744 ι

2048 3790 2288 3863 Moyses,
2323 3809 2341 3842 ι
2365 3790 2496 3845 Sine
2536 3806 2621 3846 me
2667 3789 2852 3844 delere
2887 3789 3149 3860 populum
3197 3789 3366 3852 hunc,
3409 3793 3464 3842 et
3495 3787 3640 3863 dabo

2049 3883 2144 3936 tibi
2178 3891 2395 3954 gentem
2426 3887 2776 3951 magnam,et
2800 3880 2974 3934 multo
3003 3879 3178 3950 magis
3207 3866 3372 3948 quam
3395 3875 3512 3932 haec
3533 3859 3636 3929 7‘...

2045 3975 2221 4032 Isaias
2269 3975 2336 4031 de
2389 3971 2616 4038 Judaeis,
2673 3973 2911 4027 (Audite
2962 3972 3190 4027 verbum
3242 3969 3482 4036 Domini,
3547 3967 3643 4022 ﬁlii

2047 4066 2456 4132 Sodomorum;
2510 4066 2778 4121 attendite
2827 4065 2930 4134 legi
2987 4062 3078 4118 Dei
3131 4063 3368 4132 populus
3403 4060 3642 4117 Gomor-

2047 4161 2251 4216 rhae”.
2277 4180 2296 4212 ι
2336 4159 2402 4213 Et
2434 4176 2654 4224 rursus,
2691 4179 2708 4212 ι
2731 4158 2974 4213 Sabbata
3003 4167 3208 4218 vestra,
3244 4163 3298 4209 et
3327 4153 3640 4209 neomcnias

2044 4261 2260 4308 vestras
2284 4251 2399 4306 odit
2422 4253 2604 4307 anima
2629 4267 2746 4306 mea
2776 4268 2790 4306 ;
2827 4256 2952 4304 vota
2984 4257 3168 4304 vestra
3193 4262 3302 4300 non
3322 4245 3636 4302 exaudiam.

2403 4425 2447 4456 “
2476 4425 2578 4480 lsa.
2615 4441 2736 4489 Lm,
2777 4425 2828 4479 9.
2909 4426 2952 4457 ετ
2983 4425 3088 4480 lsa.
3117 4441 3246 4488 va,
3273 4424 3324 4478 l.
3404 4424 3450 4454 ⁸³
3489 4423 3634 4480 Psal.

2767 4497 2815 4529 ⁷³
2846 4496 2980 4552 ibid.
3023 4497 3112 4551 12.
3151 4495 3238 4527 ‘7‘
3271 4495 3420 4551 l’sal.
3473 4511 3534 4562 ll,
3579 4495 3636 4552 8.

417 4727 527 4810 (ιι)
559 4726 614 4782 In
646 4725 1190 4810 recentiorimcodiee
1223 4724 1493 4810 Vaticano
1533 4735 1618 4810 est
1645 4727 1923 4810 A5otﬂwd-
1962 4729 2007 4785 D
2109 4727 2226 4810 (25)
2251 4725 2323 4781 De
2370 4725 2472 4810 hoc
2507 4725 2660 4782 lsaite
2713 4726 2834 4783 loco
2877 4725 3002 4781 vide
3045 4741 3216 4799 supra
3267 4725 3324 4780 in
3380 4725 3537 4781 Notis
3567 4725 3638 4780 ad

344 4795 474 4860 των,
501 4800 682 4869 inepta
713 4799 897 4852 lectio.
940 4795 1218 4869 Siphanus
1272 4798 1471 4869 legisse
1514 4795 1755 4858 videtur,
1805 4795 1932 4868 βλαο

345 4867 660 4941 στημάτων,
680 4871 847 4924 vertit
863 4869 1008 4923 enim
1025 4867 1254 4922 stolones
1273 4879 1322 4923 et
1345 4868 1614 4941 malleoli;
1631 4869 1724 4922 sed
1750 4867 1936 4940 legen—

343 4939 477 5000 dum
515 4941 799 5013 δογμάτων
841 4941 993 4995 iuxta
1030 4941 1387 4996 vetustiorem
1421 4939 1748 4996 Vaticanum
1787 4939 1938 5000 codi-

341 5031 485 5072 cem.

416 5085 530 5156 (l8)
563 5084 623 5138 ln
643 5083 952 5156 antiquiori
975 5081 1262 5156 Vaticano,
1285 5081 1372 5156 μέ.

413 5152 526 5226 (19)
565 5156 620 5210 In
643 5152 888 5208 Romana
929 5155 1192 5226 editione.
1229 5155 1405 5226 πᾶσαι
1430 5152 1710 5226 αίγφυλαί,
1743 5171 1936 5224 quem-

342 5223 639 5283 admodum
663 5227 827 5280 etiam
872 5227 1003 5296 legit
1052 5225 1308 5281 Justinus
1359 5223 1414 5276 in
1447 5223 1594 5280 Dial.
1643 5223 1768 5296 pag.
1799 5226 1932 5292 548,

338 5309 395 5355 et
432 5297 759 5367 Cyprianus.

411 5363 529 5441 (20)
557 5369 801 5441 Romana
840 5365 978 5441 LXX
1035 5365 1277 5441 interpr.
1311 5363 1504 5441 editio,
1558 5367 1646 5441 ἐπ’
1688 5366 1936 5441 ἐσχέετων

339 5435 582 5512 ἡμερῶν.
615 5437 721 5512 Sed
751 5437 1001 5512 Justinus
1033 5439 1085 5490 in
1116 5435 1256 5512 Dial.
1286 5451 1416 5512 cuni
1434 5435 1629 5512 Tryph.
1651 5435 1934 5512 pag._§.i7,

340 5505 642 5566 non'liabet
700 5509 947 5580 ἡμερῶν,
979 5522 1156 5578 neque
1177 5508 1344 5560 etiam
1375 5505 1585 5562 Tertiil.
1617 5505 1739 5561 adv.
1765 5507 1934 5562 Marc.

227 5635 235 5640 .
338 5583 434 5637 lib.
473 5598 544 5647 tv,
578 5596 628 5635 c.
666 5581 756 5636 5|.

410 5653 523 5719 (21)
557 5653 631 5706 lta
655 5650 909 5705 Justinus
932 5664 1149 5719 quoque
1166 5647 1328 5702 modo
1353 5649 1558 5703 relatus
1584 5648 1736 5717 legit,
1759 5655 1927 5718 atque

341 5724 412 5776 ita
451 5725 646 5792 legisse
677 5721 894 5776 videtur
923 5719 1321 5792 Tertullianus;
1353 5735 1480 5792 nam
1509 5719 1670 5792 habet
1698 5719 1788 5792 li_ie
1811 5736 1931 5789 pro-

339 5787 674 5855 uocauerunt,
699 5800 754 5846 et
774 5807 896 5846 mox
919 5789 1210 5862 provocabo
1223 5805 1242 5842 :
1255 5790 1364 5862 sed
1391 5791 1444 5843 in
1461 5790 1706 5847 editione
1723 5787 1927 5846 Roma-

339 5880 408 5921 na
443 5862 585 5919 LXX
610 5859 972 5932 lnterpretum
1005 5873 1087 5918 est
1117 5859 1468 5932 παρώξυναν.

413 5937 524 6009 (22)
559 5936 642 5990 -υο
683 5929 784 5988 hac
812 5934 1044 5991 lectione
1077 5929 1502 5988 vizlc‘Nobilium
1541 5933 1594 5988 in
1625 5931 1804 5990 Notis.

2193 4805 2214 4828 Ε

2193 4805 2214 4828 θ
2396 4797 2406 4810 ’
3117 4797 3130 4799 ,

2037 4799 2249 4939 αἱ(Ξῶ
2291 4797 2429 4935 lani;
2487 4869 2852 4924 semicirculis
2894 4868 3258 4923 includuntur
3319 4871 3548 4939 destiny
3579 4866 3636 4920 in

2038 4936 2338 4996 recentiori
2398 4938 2692 5004 Vaticano,
2761 4940 2860 4999 sed
2915 4941 3191 4996 habentur
3247 4938 3391 5008 apud
3434 4936 3637 5006 Sipha-

2039 5027 2232 5150 “"2353
2258 5082 2312 5136 In
2342 5081 2608 5136 Vaticano
2639 5080 2760 5134 eod.
2796 5089 2882 5136 est
2907 5079 3084 5143 ἔθνου,
3107 5077 3404 5134 manifesto
3427 5076 3639 5150 librarii

2050 5149 2260 5210 errore.
2305 5153 2490 5208 Eilitio
2545 5152 2813 5211 Rmnana,
2860 5161 2914 5206 et
2957 5153 3046 5204 alii
3095 5152 3303 5218 legunt,
3359 5150 3466 5202 ἰδοὺ
3517 5149 3639 5218 εἰμὶ

2039 5223 2292 5312 ἔθνειὲηοι
2318 5223 2575 5278 Justinus
2620 5224 2673 5278 in
2703 5222 2924 5291 Dialago
2953 5237 3070 5276 cum
3116 5217 3310 5291 Trgpli.
3357 5235 3477 5290 pag.
3505 5217 3638 5284 242,

2458 5363 3112 5437 ῐῖοῃιιιιιιβιηγήσομαι,
3159 5375 3394 5437 eamque
3445 5359 3640 5416 lectio-

2041 5433 2165 5493 nem
2201 5433 2508 5506 sequuntur
2529 5433 2986 5506 Tertullian’us'et
3009 5433 3338 5506 Cyprianus.

2115 5508 2227 5579 (‘27)
2259 5501 2392 5576 Qum
2423 5517 2530 5562 tam
2555 5508 2663 5570 hic,
2699 5520 2872 5579 quam
2894 5501 3640 5579 intrasemicirculisjncln-

2042 5571 2247 5635 duntur
2270 5571 2476 5636 desunt
2500 5579 2553 5632 in
2579 5571 2876 5632 recentiori
2894 5574 3159 5631 Vaticano
3187 5582 3242 5628 et
3261 5572 3405 5644 apud
3439 5571 3641 5642 Sipha-

2042 5667 2224 5790 nutglél
2292 5722 2518 5777 Videtur
2597 5717 2882 5790 Nyssenus
2965 5715 3241 5790 respicere
3306 5714 3373 5770 ad
3453 5713 3638 5768 locum

2039 5786 2215 5919 Baebii.
2268 5809 2446 5863 xxxii,
2503 5791 2590 5858 10,
2649 5786 2886 5861 ejusque
2945 5786 3158 5844 referre
3221 5801 3470 5854 sensum,
3525 5798 3636 5840 non

2045 5879 2135 5920 ver
2179 5879 2228 5917 a.
