4106 6448
529 467 635 522 29.7

1805 477 1867 532 ὃ.
1909 474 2243 532 οπεουιιιι
2279 475 2575 534 ΝῗὸδΕΝὶ

3728 475 3849 529 223

523 595 830 658 Laramini,
887 594 1007 666 puri
1059 604 1255 652 estote.
1307 595 1502 652 Manus
1555 604 1752 651 vestra:
1807 595 2111 665 inquinata:

2230 597 2418 652 ιᾶλλον
2446 598 2661 652 τούτου.
2696 617 2714 650 ο
2754 597 2981 660 Ἡσαΐας
3003 597 3133 669 περὶ
3174 597 3468 663 Ἰουδαίων,
3500 616 3518 650 ι
3561 596 3846 650 ’Δκουετε

522 699 654 744 sunt
703 688 1060 759 sanguine".
1114 708 1133 740 ι
1173 689 1236 742 Et
1281 705 1405 743 cum
1455 691 1542 742 lex
1595 696 1780 758 aperte
1821 687 1966 742 dicat
2007 704 2116 740 non

521 789 786 850 oportere
845 778 1042 834 festum
1095 789 1251 834 extra
1284 779 1682 849 Jerosolymam
1733 792 1796 831 ac
1852 777 2115 847 templum

523 873 828 936 celebrare,
876 872 1035 942 juxta
1085 871 1242 935 illud,
1281 890 1299 924 «
1349 870 1424 926 Te
1457 871 1614 926 decet
1664 871 1923 942 hymnus,
1977 869 2118 926 Deus

527 967 586 1021 in
624 967 758 1022 Sion
791 976 884 1036 ;et
912 968 1008 1022 tibi
1043 969 1300 1024 reddetur
1335 975 1521 1020 votum
1558 965 1613 1020 iu
1647 963 1953 1020 Jerusalem
1977 965 2025 996 ⁷⁸
2052 984 2066 1033 ;
2095 983 2112 1017 ι

527 1059 897 1114 nihilominus
938 1062 1202 1130 scriptum
1252 1065 1357 1119 est,
1415 1057 1776 1111 «Adorabunt
1828 1056 2116 1111 Dominum

531 1153 916 1222 unusquisque
946 1152 1014 1208 de
1061 1151 1184 1205 loco
1219 1168 1322 1206 suo
1342 1151 1410 1206 ".
1440 1170 1456 1200 ι
1493 1149 1560 1203 Ει
1601 1165 1794 1205 rursus
1823 1148 2117 1220 Propheta,

529 1260 550 1291 «
574 1242 824 1312 Magnum
859 1258 1060 1297 nomen
1091 1244 1212 1312 ejus
1246 1246 1300 1298 in
1329 1242 1621 1304 Gentibus,
1656 1250 1710 1296 et
1741 1242 1796 1296 in
1827 1245 1975 1295 onmi
2003 1241 2121 1294 loco

529 1334 813 1388 incensum
841 1335 1071 1390 offertur
1095 1337 1304 1390 nomini
1340 1337 1484 1404 ejus.
1514 1344 1567 1391 ct
1593 1337 1930 1391 sacrificium
1963 1351 2122 1389 l‘ltllll-

525 1427 655 1480 dum
685 1466 700 1480 .
742 1447 760 1479 ι
804 1446 822 1478 «
876 1427 986 1484 Vos
1011 1437 1195 1483 autem
1221 1429 1515 1484 interliciet
1547 1427 1849 1492 Dominus,
1887 1427 2124 1482 servien-

523 1517 677 1573 tibus
737 1527 919 1573 autem
978 1519 1113 1574 mihi
1166 1519 1458 1573 vocabitur
1509 1533 1708 1571 nomen
1753 1530 1977 1581 novum,
2030 1514 2124 1569 cui

527 1611 887 1667 benedieetur
910 1629 1077 1683 super
1105 1628 1325 1668 omnem
1362 1619 1566 1665 terram
1591 1611 1660 1662 ⁸⁸.
1682 1629 1705 1662 ι
1743 1609 1806 1663 At
1842 1609 1973 1680 quid
2006 1623 2124 1662 ma-

527 1705 613 1774 gis
643 1720 870 1766 novum,
905 1721 1071 1776 quam
1106 1721 1306 1759 nomen
1336 1703 1820 1758 Christianorum?
1847 1702 1908 1755 Et
1928 1699 2122 1766 David,

533 1816 553 1849 «
575 1797 995 1852 Annuntiabunt
1022 1798 1296 1866 justitiam
1335 1797 1456 1865 ejus
1485 1797 1688 1867 populo
1719 1796 1812 1866 qui
1840 1803 2121 1859 nascetur,

526 1903 692 1958 quem
755 1887 884 1942 fecit
940 1888 1207 1944 Dominus
1230 1889 1342 1942 θ’.»
1397 1888 1534 1943 Cum
1573 1899 1758 1944 autem
1808 1886 1975 1942 David
2024 1887 2121 1952 ait,

532 1980 720 2037 «Deus
761 1981 1073 2037 inhabitare
1121 1981 1249 2035 facit
1301 1982 1465 2036 unius
1502 1982 1672 2035 moris
1719 1981 1775 2034 in
1820 1979 1986 2033 domo
2004 1979 2117 2044 9',»

525 2087 737 2128 morem
785 2073 938 2128 illum
981 2072 1280 2142 significat,
1327 2080 1436 2142 q‘uo
1466 2072 1718 2128 Mosaicae
1765 2073 1872 2144 legi
1916 2072 2125 2128 addicti

526 2173 836 2218 ceterarum
918 2165 1160 2234 gentium
1244 2166 1524 2220 consortia
1589 2165 1855 2220 vitabant.
1927 2164 2122 2234 Isaias,

532 2272 555 2305 «
576 2253 896 2325 lmplebitur
916 2257 1095 2311 omnis
1117 2266 1262 2312 terra
1286 2258 1599 2328 cognitione
1629 2257 1867 2318 Domini.
1901 2267 1961 2313 ut
1982 2275 2126 2330 aqua

528 2349 700 2402 multa
733 2349 799 2403 ad
844 2349 1206 2418 operiendam
1255 2366 1407 2404 mare
1431 2350 1530 2404 ⁸³.»
1574 2349 1766 2415 David,
1817 2351 2126 2408 «Memorcs

527 2447 714 2504 erunt,
758 2447 812 2495 et
841 2450 1237 2496 convertentur
1261 2442 1326 2496 ad
1363 2439 1656 2498 Dominum
1683 2460 1876 2500 omnes
1905 2447 2127 2501 termini

527 2539 712 2596 terrae,
729 2541 782 2587 et
799 2533 1110 2588 adorabunt
1135 2549 1320 2590 coram
1338 2551 1404 2592 eo
1422 2551 1614 2593 etnues
1633 2539 1821 2608 patria:
1842 2537 2123 2603 Gentium,

529 2627 793 2694 (“Ioniam
829 2625 1043 2680 Domini
1076 2635 1161 2682 est
1189 2643 1442 2698 regnum,
1483 2641 1535 2684 et
1579 2629 1696 2699 ipse
1723 2629 2040 2685 dominatur
2070 2631 2124 2685 in

526 2717 736 2772 Gentes
759 2717 858 2772 “.r
901 2716 1058 2773 llaud
1115 2718 1356 2774 alienum
1411 2729 1591 2776 autem
1635 2721 1800 2776 fuerit
1853 2722 2128 2777 sciscitari

527 2811 694 2868 etiam
721 2825 749 2864 a
779 2809 1005 2870 ludatis.
1037 2827 1160 2880 «pne
1184 2825 1329 2865 nunc
1357 2811 1502 2868 forte
1532 2813 1617 2868 lex
1645 2813 1822 2883 vigeat
1847 2831 1863 2879 ;
1889 2813 2126 2870 Mosaica

529 2918 621 2968 ne,
656 2917 779 2972 quae
803 2901 1095 2966 obsolevit,
1129 2912 1294 2972 atque
1322 2903 1639 2974 negligitur,
1671 2912 1958 2973 propterea
1981 2903 2127 2974 quod

529 3009 634 3048 nec
669 2993 930 3063 templum
981 3009 1130 3046 nunc
1167 2994 1261 3058 sit,
1318 3008 1420 3048 nec
1467 2995 1646 3057 locus,
1701 3011 1802 3050 nec
1834 2996 2124 3066 propheta,

529 3085 626 3155 qui
669 3085 978 3139 futurorum
1007 3085 1292 3156 quidpiam
1322 3086 1694 3158 prmnuutict;
1746 3103 1849 3142 nec
1879 3103 2032 3156 arca,
2070 3089 2128 3144 in

527 3191 640 3247 qua
684 3177 818 3247 legis
850 3177 1048 3232 tabulae
1093 3185 1260 3248 atque
1289 3177 1594 3250 Decalogus
1643 3179 2032 3246 servabantur,
2071 3181 2126 3236 in

2217 690 2376 758 λόγον
2423 691 2630 762 Κυρίου
2665 690 2772 744 υἱοὶ⁸
2828 689 3081 760 Σοδόμων
3122 690 3254 759 (29)·
3306 688 3610 759 προσέχετε
3662 687 3846 758 νόμον

2220 782 2390 848 Θεοῦ,
2431 782 2558 845 λαὸς
2591 783 2898 854 Γομόρρας.
2953 800 2969 832 ι
3006 783 3116 835 Keti.
3158 782 3345 844 πάλιν,
3392 801 3409 832 «
3449 781 3529 834 Τὰ
3562 780 3846 834 Σάϐϐατα

2222 877 2396 947 ὑμῶν,
2431 877 2524 930 καὶ
2558 878 2657 940 τὰς
2692 876 2984 947 νεομηνίας
3017 877 3220 946 μισείή
3251 875 3394 946 ψυχή
3436 889 3558 944 μου·
3604 873 3712 928 xal.
3738 871 3847 936 τὰς

2221 968 2384 1036 εὐχὰς
2417 967 2569 1038 ὑμῶν
2606 969 2666 1020 ού
2709 966 3074 1036 προσδέξομαι
3099 983 3112 996 ο
3153 964 3442 1028 λούσασθε,
3472 962 3720 1034 καθαροὶ
3754 962 3846 1030 γί-

2222 1059 2400 1112 νεσθε·
2431 1061 2484 1112 αἱ
2522 1062 2700 1130 χεῖρες
2729 1057 2885 1130 ὑμῶν
2927 1056 3338 1128 μεμολυσμέναι
3381 1056 3598 1127 αἵματι.
3662 1073 3683 1106 ι
3727 1054 3848 1106 Καὶ

2220 1155 2303 1220 ὅτι
2328 1152 2423 1206 τοῦ
2467 1153 2633 1223 νόμου
2681 1151 2868 1222 σαφῶς
2909 1149 3314 1220 διαγορεύοντος
3350 1149 3412 1202 τὸ
3457 1148 3531 1220 μὴ
3572 1147 3694 1200 δεῖν
3731 1145 3846 1210 ἔξω

2236 1245 2593 1316 Ἰερουσαλὴμ
2623 1246 2717 1298 καὶ
2755 1245 2844 1298 τοῦ
2895 1243 3024 1297 ναοῦ
3067 1243 3346 1315 ἑορτάζειν
3377 1241 3518 1295 κατὰ
3549 1241 3638 1303 τὸ,
3689 1255 3711 1288 ι
3747 1235 3845 1290 Σοὶ

2225 1339 2426 1410 πρέπει
2459 1338 2627 1407 ’ύμνος
2648 1378 2661 1401 ,
2693 1338 2721 1389 ό
2748 1337 2900 1401 Θεὸς,
2929 1339 2988 1388 ὲν
3018 1335 3174 1388 Σιών·
3199 1336 3292 1388 mi.
3319 1334 3401 1386 eo".
3425 1331 3844 1402 ἀποδοθήσεται

2221 1432 2356 1502 εὐχὴ
2387 1431 2444 1482 ὲν
2481 1428 2857 1500 Ἰερουσαλὴμ,
2896 1448 2912 1479 ι
2944 1428 3276 1499 γέγραπται,
3311 1446 3329 1477 ί
3364 1429 3485 1481 Ὅτι
3517 1426 3840 1497 προσκυνῇ.

2227 1540 2376 1578 σουσι
2405 1522 2483 1594 τῷ
2509 1522 2698 1592 Κυρίῳ
2730 1523 2792 1573 ὲκ
2821 1519 2914 1574 τοῦ
2949 1521 3115 1573 τόπου
3163 1519 3330 1574 αὑτοῦ
3359 1519 3593 1582 ἕκαστος
3631 1515 3776 1587 (50).
3816 1536 3837 1568 ι

2225 1617 2336 1672 Καὶ
2367 1617 2526 1672 πάλιν
2563 1618 2592 1668 ό
2621 1616 2939 1686 Προφήτης,
2985 1632 3004 1665 «
3046 1613 3204 1681 Μέγα
3250 1612 3311 1665 τὺ
3356 1612 3528 1683 ὄνομα
3567 1609 3749 1665 αὑτοῦ
3781 1611 3843 1665 ἐν

2223 1711 2338 1771 τοῖς
2375 1707 2617 1768 Ἕθνεσι,
2645 1695 2740 1758 καὶ
2768 1707 2824 1757 ἐν
2862 1704 3025 1757 παντὶ
3049 1703 3199 1772 τόπῳ
3238 1703 3490 1773 θυμίαμα
3517 1700 3843 1771 προσφέρε-

2223 1816 2314 1852 ται
2339 1799 2416 1869 τῷ
2445 1799 2671 1867 ὀνόματι
2703 1793 2888 1859 αὑτοῦ,
2931 1795 3026 1848 καὶ
3064 1793 3224 1848 θυσία
3252 1793 3488 1864 καθαρά.
3535 1811 3552 1844 ν
3588 1810 3608 1843 «
3657 1791 3843 1862 Ὑμεῖς

2224 1889 2282 1944 δὲ
2314 1889 2492 1943 ἀνελεῖ
2527 1887 2750 1960 Κύριος’
2789 1889 2901 1950 τοῖς
2941 1885 2998 1939 δὲ
3040 1885 3352 1939 δουλεύουσί
3403 1902 3496 1956 μοι
3553 1882 3842 1953 κληθήσε-

2228 2000 2318 2036 ται
2354 1981 2526 2051 ὄνομα
2561 1980 2769 2043 καινὸν,
2813 1979 2842 2032 ὃ
2885 1978 3316 2050 εύλογηθήσεται
3367 1979 3460 2032 ἐπὶ
3502 1979 3695 2048 πάσης
3732 1977 3839 2046 τῆς

2228 2077 2353 2148 γῆς.
2388 2098 2408 2130 ι
2450 2077 2514 2129 Τί
2543 2075 2600 2130 δὲ
2629 2074 2942 2145 καινότερον
2981 2073 3076 2127 τοῦ
3106 2073 3216 2126 τῶν
3247 2071 3594 2144 Χριστιανῶν
3632 2071 3842 2142 ὀνόμα-

2227 2187 2354 2238 τος;
2390 2169 2500 2223 Ketl.
2547 2171 2576 2222 6
2608 2168 2773 2222 Aa6‘t5
2797 2209 2811 2232 ,
2844 2186 2863 2219 ι
2918 2165 3304 2236 ’Λναγγελοῦσι
3341 2166 3438 2236 τήν
3470 2165 3839 2236 δικαιοσύνην

2228 2263 2392 2318 αὑτοῦ
2419 2262 2536 2334 λαῷ
2557 2262 2633 2334 τῷ
2655 2261 3060 2334 τεχθησομένῳ.
3095 2260 3152 2314 ὃν
3183 2259 3440 2332 ἐποίησεν
3467 2261 3496 2312 6
3533 2258 3770 2330 Κύριος.
3809 2278 3830 2310 ι

2231 2359 2339 2412 Καὶ
2368 2359 2448 2411 ὅτι
2486 2357 2584 2428 μὲν
2610 2356 2672 2410 τὸ
2717 2358 2891 2410 εἰπεῖν
2923 2355 3014 2408 τὸν
3051 2353 3213 2407 Δαϐὶδ
3234 2353 3314 2418 τδ,
3349 2371 3368 2404 ι
3420 2353 3480 2406 '0
3513 2349 3662 2416 Θεὸς
3697 2369 3837 2406 κατ-

2227 2447 2422 2514 οικίζει
2455 2448 2821 2520 μονοτρόπους
2852 2448 2912 2500 ἐν
2966 2446 3122 2517 οἴκῳ,
3153 2465 3172 2497 ι
3211 2443 3465 2516 σημαίνει
3493 2443 3555 2496 τὸ
3588 2442 3734 2515 πρὸς
3769 2441 3837 2495 τὰ

2235 2541 2403 2612 Ἕθνη
2433 2540 2494 2593 τὸ
2523 2540 2630 2595 τῶν
2657 2539 2763 2592 ὑπὸ
2790 2539 2954 2610 νόμον
2993 2539 3247 2608 ἄμικτον.
3265 2535 3514 2601 Ἡσαΐας,
3537 2555 3556 2587 «
3597 2536 3836 2606 Πληρω-

2229 2634 2455 2704 θήσεται
2487 2634 2636 2686 πᾶσα
2669 2634 2700 2702 ἡ
2728 2635 2798 2704 γῆ
2831 2630 2924 2684 τοῦ
2955 2629 3160 2699 γνῶναι
3191 2629 3284 2684 τὸν
3319 2628 3544 2700 Κύριον,
3574 2627 3658 2690 ὡς
3687 2626 3837 2698 ὕδωρ

2230 2727 2366 2781 πολὺ
2400 2725 2789 2795 κατακαλύψαι
2813 2723 2924 2795 (51)
2959 2722 3253 2777 θάλασσαν.
3295 2741 3314 2774 ι
3363 2721 3566 2786 Δαῦὶδ,
3613 2739 3634 2771 «
3680 2717 3836 2790 Μνη-

2232 2817 2520 2890 σθήσονται
2557 2815 2652 2870 καὶ
2691 2817 3192 2887 ὲπιστραφήσονται
3235 2812 3373 2884 πρὸς
3414 2811 3624 2883 Κύριον
3656 2810 3835 2863 πάντα

2228 2909 2300 2962 τὰ
2350 2911 2563 2980 πέρατα
2606 2907 2706 2978 τῆς
2747 2907 2890 2977 γῆς,
2936 2908 3032 2960 καὶ
3073 2907 3543 2978 προσκυνήσουσιν
3594 2903 3832 2956 ἐνώπιον

2229 3001 2395 3056 αὑτοῦ
2428 3002 2600 3055 πᾶσαι
2623 3002 2679 3054 αἱ
2709 2999 2940 3066 πατριαὶ
2983 2997 3092 3050 τῶν
3123 2996 3324 3065 ἐθνῶν,
3362 2999 3445 3050 ὃτι
3484 2995 3577 3049 τοῦ
3620 2994 3832 3067 Κυρίου

2231 3097 2264 3165 ή
2301 3093 2548 3164 βασιλεία
2566 3135 2580 3158 ,
2606 3094 2700 3146 καὶ
2723 3093 2882 3156 αὐτὸς
2905 3090 3155 3156 δεσπόζει
3213 3092 3323 3144 τῶν
3350 3089 3538 3144 ἐθνῶν.
3568 3107 3588 3140 ι
3648 3086 3831 3142 Καλὸν

2229 3185 2288 3239 δὲ
2316 3185 2411 3238 καὶ
2442 3185 2502 3237 τὸ
2527 3181 2790 3236 πυθέσθαι
2811 3182 2918 3236 τῶν
2954 3181 3242 3245 Ἰουδαίων,
3273 3180 3355 3243 τίς
3379 3181 3408 3232 6
3447 3178 3676 3251 κρατῶν
3715 3179 3832 3230 ἐστι

529 3270 733 3340 quibus
790 3279 903 3325 tres
959 3269 1081 3325 illas
1131 3271 1410 3327 solemnes
1459 3271 1810 3328 celebritates
1863 3288 2123 3345 peragere

2233 3278 2328 3334 νῦν
2347 3279 2454 3351 ἄρα
2489 3277 2626 3348 (5'2),
2664 3277 2891 3348 πότερον
2916 3272 2946 3330 6
2982 3274 3278 3338 Μωσαῖκδς
3309 3275 3473 3346 νόμος
3495 3315 3510 3338 ,
3549 3268 3618 3328 οὗ
3653 3273 3832 3374 παρά.-

530 3365 844 3433 oportebat,
902 3376 957 3420 et
997 3380 1108 3420 non
1157 3365 1307 3419 alibi.
1344 3364 1503 3431 Item,
1546 3365 1725 3432 «Quia
1775 3365 2061 3422 auferetur
2093 3385 2124 3423 a

527 3455 733 3511 Judmis
765 3471 991 3528 regnum
1033 3457 1148 3525 Dei,
1182 3467 1234 3513 et
1265 3456 1491 3512 dabitur
1534 3459 1683 3530 genti
1729 3459 1955 3514 facienti
2007 3461 2125 3515 fru-

531 3558 656 3606 ctus
709 3551 830 3620 ejus
853 3550 955 3606 ⁸⁸.»
990 3547 1116 3605 llaec
1161 3558 1343 3606 autem
1392 3565 1500 3606 non
1561 3552 1668 3606 alia
1715 3551 1899 3619 fuerit,
1959 3569 2124 3624 quam

528 3641 972 3699 Christianorum
996 3658 1150 3713 gens,
1173 3658 1293 3712 qua:
1314 3643 1441 3696 vita:
1472 3645 1608 3712 legis
1631 3644 1829 3700 divinat
1859 3645 2126 3701 institutis

529 3751 794 3790 consona:
848 3731 1064 3788 fruetus
1126 3734 1373 3790 exhibet.
1431 3733 1619 3800 David,
1685 3734 2017 3793 «Confessio
2075 3745 2130 3792 et

529 3825 945 3894 magnificentia
995 3839 1136 3894 opus
1175 3825 1318 3892 ejus,
1368 3835 1422 3880 et
1453 3826 1671 3894 justitia
1701 3827 1824 3896 ejus
1853 3839 2038 3884 manet
2071 3829 2126 3883 iu

532 3919 797 3973 saeculum
854 3921 1172 3976 saeculis'a
1212 3919 1516 3975 Confitetur
1578 3930 1761 3976 autem
1811 3922 1960 3977 Patri
2017 3940 2128 3978 non

531 4029 631 4068 sua
683 4014 862 4085 ipsius
913 4023 1158 4084 peccata,
1215 4015 1308 4085 qui
1356 4015 1624 4070 innocens
1657 4024 1763 4080 est,
1805 4017 1898 4071 sed
1936 4033 2126 4072 eorum

532 4113 780 4173 peccata,
835 4104 928 4174 qui
988 4105 1040 4158 in
1079 4105 1256 4175 ipsum
1299 4105 1572 4161 credunt:
1622 4122 1746 4160 nam
1805 4122 1930 4160 cum
1983 4108 2132 4160 dicat

2231 3372 2390 3434 ϐασες
2410 3373 2528 3424 ἐστι
2557 3368 2673 3434 νῦν,
2705 3369 2800 3421 καὶ
2826 3367 2888 3420 ού
2910 3367 3163 3438 τήρησις,
3186 3365 3274 3418 διὰ
3306 3364 3368 3417 τὺ
3399 3363 3534 3434 μηδὲ
3558 3363 3656 3416 τὸν
3680 3360 3828 3425 ναὸν,

2231 3466 2265 3536 ἢ
2295 3465 2386 3518 τὸν
2419 3463 2581 3516 τόπον
2620 3456 2760 3514 εἶναι
2785 3500 2798 3524 ,
2835 3459 2867 3529 ἢ
2898 3460 3184 3530 προφήτην
3215 3455 3600 3529 προμηνύοντά
3635 3472 3688 3509 τι
3723 3452 3830 3506 τῶν

2236 3554 2561 3626 μελλόντων,
2590 3553 2623 3624 ἢ
2659 3552 2756 3623 τὴν
2787 3551 3038 3614 κιϐωτὸν,
3067 3553 3125 3604 ὲν
3213 3550 3271 3603 αἱ
3300 3549 3528 3614 πλάκες,
3556 3549 3660 3602 καὶ
3689 3549 3721 3619 ή
3745 3547 3832 3599 Δε-

2235 3650 2486 3717 κάλογος,
2523 3649 2578 3700 ἐν
2604 3641 2684 3710 οἷς
2718 3645 2826 3698 ἔδει
2861 3644 2970 3715 (55)
3013 3645 3110 3708 τὰς
3148 3645 3298 3717 τρεῖς
3326 3641 3522 3714 ἑορτὰς
3556 3639 3827 3714 πληροῦν,

2237 3741 2332 3795 καὶ
2375 3741 2475 3793 οὐκ
2515 3737 2768 3808 ἀλλαχοῦ.
2820 3738 2950 3799 Καί,
3003 3756 3022 3788 «
3057 3737 3180 3790 Ὅτι
3215 3735 3516 3807 ἀρθήσεται
3558 3733 3676 3787 ἀπὸ
3721 3729 3829 3785 τῶν

2248 3833 2517 3888 Ἰουδαίων
2545 3833 2579 3902 ἡ
2621 3829 2868 3902 βασιλεία
2905 3828 2998 3882 τοῦ
3028 3828 3186 3895 Θεοῦ,
3217 3827 3312 3880 καὶ
3347 3826 3640 3895 δοθήσεται
3684 3823 3826 3876 ἔθνει

2236 3924 2478 3978 ποιοῦντι
2500 3922 2627 3984 τοὺς
2657 3922 2907 3992 καρποὺς
2947 3920 3136 3991 αὐτῆς.
3181 3938 3199 3971 ι
3252 3917 3424 3970 Τοῦτο
3451 3916 3494 3970 δ’
3538 3917 3605 3970 ἂν
3649 3915 3734 3985 εἴη
3771 3911 3829 3968 τὸ

2236 4014 2579 4088 Χριστιανῶν
2631 4013 2802 4077 ἔθνος,
2844 4013 2970 4076 τοὺς
3016 4013 3392 4084 προσήκοντας
3435 4011 3686 4081 καρποὺς
3728 4005 3828 4076 τῆς

2234 4109 2376 4164 κατὰ
2409 4107 2540 4162 Θεὸν
2585 4105 2858 4169 πολιτείας
2918 4103 3378 4173 ἐπιδεικνύμενον.
3406 4101 3602 4165 Δαϐὶδ,
3647 4119 3668 4152 ι
3707 4095 3828 4163 Ἐξ-

533 4197 729 4264 David,
772 4197 957 4253 «Dixit
1003 4197 1266 4253 Demittus
1301 4197 1533 4253 Domino
1571 4214 1712 4258 meo.
1757 4199 1886 4263 sede
1922 4214 1951 4252 a
2002 4200 2123 4254 der

2230 4201 2561 4274 ομολόγησις
2593 4200 2686 4252 καὶ⁷
2718 4196 3162 4269 μεγαλοπρέπεια
3189 4197 3248 4249 τὸ
3277 4195 3438 4266 ἔργον
3467 4189 3766 4256 αύτοῦ,›ιαὶ
3794 4187 3825 4256 ὴ

531 4292 638 4347 tris
667 4291 804 4347 meis
825 4291 896 4353 ⁸⁷,
922 4311 940 4343 ι
979 4299 1033 4347 et
1079 4292 1314 4361 reliqua.
1358 4289 1530 4347 Isaias
1573 4293 1780 4348 clarius
1811 4293 1908 4357 ait,
1951 4293 2123 4346 «Dicit

2232 4294 2552 4364 δικαιοσύνη
2590 4293 2757 4347 αὐτοῦ
2805 4292 2954 4364 μένει
2988 4294 3068 4355 είς
3098 4291 3190 4344 τὸν
3221 4290 3392 4343 αἰῶνα
3421 4287 3514 4341 τοῦ
3553 4286 3770 4347 αἰῶνος.
3801 4298 3820 4331 ο

533 4383 800 4438 Dominus
832 4384 1056 4440 Christo
1099 4401 1221 4440 meo
1267 4385 1410 4456 Cyro
1435 4385 1541 4440 ⁸⁸.»
1578 4387 1750 4440 Aiunt
1797 4393 1980 4442 autem
2018 4386 2134 4440 haec

2245 4387 2682 4459 Ἐξομολογεῖται
2709 4387 2764 4440 δὲ
2788 4385 2866 4457 τῷ
2894 4386 3089 4456 Πατρὶ,
3113 4386 3171 4438 οὐ
3201 4383 3298 4447 τὰς
3327 4381 3520 4436 ἑαυτοῦ
3549 4376 3827 4450 ἁμαρτίας

533 4477 602 4530 de
632 4475 777 4546 Cyro
801 4475 1096 4531 Persarum
1136 4494 1264 4548 rege
1292 4479 1443 4533 dicta
1476 4495 1620 4542 esse,
1654 4481 1750 4534 sed
1791 4479 2024 4534 ridicula
2049 4486 2123 4534 est

2233 4480 2263 4531 6
2293 4480 2543 4549 ἄμωμος,
2573 4477 2710 4532 ἀλλὰ
2747 4478 2845 4542 τὰς
2873 4476 2984 4530 τῶν
3018 4477 3106 4530 ἐπ’
3145 4475 3296 4546 αύτῷ
3329 4473 3717 4529 πιστευόντων
3745 4470 3823 4522 ὅτι

535 4566 914 4633 hujuscemodi
962 4568 1170 4638 opinio.
1205 4569 1491 4636 Quomodo
1523 4571 1670 4624 enim
1726 4571 1937 4641 reliqua
1986 4570 2123 4638 Cyre

2237 4569 2330 4623 τοῦ
2361 4569 2524 4622 Δαϐὶδ
2551 4570 2818 4633 είπόντος,
2847 4589 2866 4622 «
2899 4565 3066 4622 Εἶπεν
3090 4569 3118 4622 6
3143 4568 3347 4638 Κύριος
3368 4567 3446 4637 τῷ
3476 4565 3670 4637 Κυρίῳ
3703 4574 3821 4634 μου·

532 4659 916 4713 conveniunt?
976 4661 1365 4730 u’tpprehendi
1413 4662 1695 4718 dexteram
1753 4671 1941 4730 tuam;
1991 4663 2126 4718 obe-

533 4751 691 4805 dient
739 4757 866 4806 ante
919 4749 1112 4807 faciem
1164 4753 1286 4822 ejus
1338 4762 1570 4824 gentes;
1631 4763 1685 4808 et
1744 4754 2126 4810 fortitudinem

536 4859 725 4914 regum
760 4843 1137 4914 disrumpunt;
1173 4847 1418 4914 aperiam
1468 4855 1595 4901 ante
1629 4862 1754 4900 eum
1797 4847 2022 4916 januas,
2073 4853 2128 4902 et

534 4937 787 4991 civitates
833 4952 939 4990 non
978 4936 1328 4991 claudentur.
1381 4939 1522 4993 Ante
1563 4946 1619 4992 te
1667 4939 1779 5003 ibo,
1829 4947 1884 4995 et
1915 4945 2126 4994 montes

2238 4661 2421 4716 Κάθου
2444 4664 2507 4714 ὲκ
2534 4661 2722 4728 δεξιῶν
2759 4680 2861 4733 μου
2889 4702 2902 4726 ,
2947 4681 2964 4713 ι
2999 4662 3092 4716 καὶ
3128 4661 3197 4715 τὰ
3236 4658 3418 4721 λοιπὰ,
3471 4657 3701 4720 Ἡσαΐας
3733 4669 3824 4706 σα-

2238 4754 2497 4826 φέστερον
2528 4754 2698 4824 λέγει,
2741 4773 2759 4806 «
2796 4755 2956 4824 Λέγει
3002 4755 3030 4806 ὁ
3079 4754 3284 4826 Κύριος
3333 4751 3410 4822 τῷ
3455 4749 3679 4824 Χριστῷ
3723 4760 3822 4817 μου

2235 4846 2404 4917 Κύρῳ
2428 4847 2568 4916 (5i).
2601 4867 2617 4898 ι
2658 4848 2891 4914 Λέγουσι
2917 4847 2973 4900 δὲ
3004 4848 3084 4910 εἰς
3115 4846 3296 4918 Κύρον
3321 4845 3413 4898 τὺν
3444 4844 3662 4916 Πέρσην
3676 4837 3824 4911 εἰρῆ-

2235 4938 2361 4994 σθαι
2396 4939 2590 4994 ταῦτα.
2625 4939 2837 4994 Γελοῖον
2866 4940 2954 4993 δέ·
3009 4939 3109 4993 ποῦ
3143 4939 3252 5010 γὰρ
3281 4937 3514 5010 ἁρμόζει
3559 4937 3729 5008 Κύρῳ
3757 4929 3823 4984 τὰ

604 5100 673 5134 ⁷⁷·
704 5098 845 5154 Psal.
877 5115 1021 5162 una
1053 5099 1109 5153 9..
1175 5103 1222 5132 τι·
1253 5099 1420 5166 Soph.
1454 5117 1512 5164 Il,
1547 5101 1634 5154 ll.
1695 5102 1740 5134 τ’
1777 5100 2009 5156 Malach.
2049 5119 2086 5162 ι,
2114 5103 2123 5152 l

2315 5100 2362 5131 ⁸⁸
2394 5099 2496 5155 lsa.
2529 5115 2655 5164 va,
2719 5101 2802 5155 l5.
2850 5101 2928 5155 l6.
3015 5099 3059 5132 ⁸¹
3095 5099 3240 5153 Psal.
3275 5114 3387 5162 va,
3439 5097 3528 5151 32.
3605 5089 3816 5166 “Psal.

535 5171 782 5235 va1|,7.
845 5171 1182 5232 "lsa.xr.9.
1259 5171 1808 5238 l"‘Psal.x.ct,‘28,‘2.9.
1874 5171 2382 5238 “Matth.xxn,45.
2447 5170 2845 5237 "Psal.c.\',5.

608 5325 797 5398 (“2min
825 5325 1068 5380 editione
1091 5323 1359 5385 Romana,
1384 5334 1439 5398 et
1470 5327 1611 5394 apud
1640 5326 1777 5381 alios
1803 5336 1889 5381 cst
1930 5328 2117 5398 ἄρχον-

531 5411 622 5456 τες
654 5395 921 5464 Σοδόμων,
957 5404 1080 5465 post
1132 5412 1251 5462 quze
1281 5397 1445 5467 verba
1473 5398 1643 5467 codex
1670 5398 1894 5467 Siphaai
1931 5395 1982 5453 et
2007 5395 2117 5453 Va-

533 5467 750 5540 ticanus
787 5469 1058 5540 recentior
1082 5467 1288 5540 addunt
1313 5466 1426 5540 καί.
1471 5466 1766 5540 Sequentia
1823 5485 1952 5524 vero
1991 5485 2121 5540 pro-

535 5535 712 5608 plu-ta:
743 5537 905 5608 verba
937 5538 988 5589 in
1014 5538 1286 5608 epitomen
1317 5538 1525 5607 redegit
1545 5535 1844 5608 Nyssenus.

605 5605 719 5674 ('50,
758 5603 812 5655 In
840 5603 1126 5660 vetustiori
1175 5603 1642 5672 Vaticano'dees't,
1703 5609 1964 5671 ἕκαστος·
2026 5609 2122 5665 sed

535 5672 840 5728 habebatur
863 5674 917 5727 in
947 5675 1168 5743 Siphani
1187 5677 1396 5742 codice,
1420 5685 1468 5732 et
1500 5681 1552 5732 in
1577 5680 1818 5734 editione
1854 5679 2125 5733 Ιὶυιιιιιηιι.

535 5744 808 5820 Eusebius
862 5745 1012 5820 Dem,
1053 5745 1560 5820 Eran_g._lil).__l,ic.
1598 5751 1662 5811 6,
1707 5765 1829 5820 pag.
1873 5751 1958 5810 t9,
1995 5749 2125 5803 ἕκα-

533 5828 658 5878 στος
700 5818 763 5868 ἐκ
801 5813 894 5867 τοῦ
934 5815 1104 5886 τόπου
1150 5813 1349 5870 αὐτῶν.
1407 5815 1540 5874 Vide
1579 5813 1833 5874 eumdem
1881 5820 1975 5875 lib.
2024 5835 2122 5886 tu,

526 5897 656 5953 cap.
695 5887 750 5948 ‘2,
781 5902 930 5939 nuui.
957 5885 1044 5937 16.

602 5956 715 6029 (5|)
749 5957 932 6013 Codex
964 5955 1244 6012 recentior
1297 5954 1613 6027 Vaticanus,
1647 5958 1909 6028 καλύψαι.

2925 5173 2968 5204 ⁸⁷
3001 5169 3274 5233 Psal.c1x,
3301 5168 3350 5222 1.
3427 5167 3601 5225 "lsa.
3629 5163 3818 5226 at.v,l.

2300 5325 2412 5400 ('52)
2444 5325 2499 5379 In
2550 5328 2843 5400 recentiori
2891 5326 3160 5380 Vaticano
3203 5333 3306 5400 est,
3351 5328 3480 5392 τοὺς
3517 5325 3818 5400 Ἰουδαίους,

2230 5398 2316 5470 τίς
2348 5399 2375 5450 6
2407 5398 2626 5470 ξρατῶν
2662 5401 2809 5451 ἐστιν
2854 5400 2983 5468 ἄρα,
3013 5399 3477 5470 atqueitaeliam
3517 5397 3824 5470 legisset!!-

2230 5468 2392 5521 detur
2416 5463 2726 5538 Sipbanus;
2752 5463 2917 5523 vertit
2949 5463 3118 5534 enim",
3161 5466 3302 5535 Quid
3335 5484 3474 5522 nunc
3508 5463 3668 5540 igitur
3691 5463 3823 5516 obti-

2233 5547 2582 5676 ΠϐἱῖὅὸΗίιθο
2617 5611 2781 5666 verba
2811 5609 3195 5680 subjungenda
3245 5625 3370 5665 esse
3410 5610 3663 5664 videntur
3705 5607 3822 5680 post

2235 5673 2600 5764 pltecedentia
2628 5682 2742 5746 illa,
2772 5680 2860 5734 διὰ
2893 5673 2954 5733 τὸ
2997 5673 3134 5752 μηδὲ
3164 5681 3254 5735 τὸν
3295 5680 3442 5748 ναὸν,
3474 5683 3507 5752 ἢ
3544 5679 3634 5734 τὸν
3662 5673 3819 5727 τόπον

2234 5765 2422 5892 ῗιμνέλ)
2477 5817 2636 5892 lianc
2676 5818 2832 5875 Isaiae
2887 5819 3068 5875 locum
3131 5823 3547 5892 intelligendum
3594 5833 3714 5892 esse
3753 5811 3820 5892 de

2231 5887 2456 5962 gltrisio
2489 5889 2864 5962 Tertullianus
2889 5907 3108 5962 quoque
3153 5893 3274 5947 adv.
3311 5887 3546 5946 “Juda'es
3578 5909 3627 5947 c.
3683 5887 3733 5949 7,
3769 5889 3821 5934 αι

2232 5959 2544 6028 Cyprianus
2568 5961 2664 6018 lib.
2688 5978 2702 6017 ι
2733 5959 2976 6032 Τεειὶηι.,
3003 5959 3124 6033 cap.
3149 5963 3240 6031 2i,
3265 5971 3574 6026 autumant,
3603 5968 3814 6016 nomen.
