4106 6444
1386 366 1802 426 TESTIMONIA
1843 369 2212 429 ADVERSUS
2250 372 2560 430 JUDAZOS.
3481 376 3588 430 254

325 485 588 550 ’11σαῖας·
642 505 661 538 ι
701 486 1052 560 Παρώξυναν
1093 485 1152 540 τὸ
1199 485 1420 558 Πνεῦμα
1466 487 1528 540 τὸ
1585 489 1760 558 ἅγιον,
1818 493 1889 544 κα

2014 489 2182 548 Isaias
2227 511 2240 546 :
2297 511 2317 544 ‹
2368 490 2845 546 Exacerbaverunt
2881 490 3144 560 Spiritum
3194 501 3482 554 sanctum,
3533 499 3590 544 et

317 579 564 649 ἐστράφη
608 579 793 643 αὐτοῖς
846 582 932 643 εἰς
979 578 1190 650 ἔχθραν.
1214 608 1283 618 -
1331 579 1390 631 Ὁ
1414 573 1561 644 οἶκος
1589 581 1681 634 τοῦ
1716 583 1889 635 ’Ῑακὼε

2015 597 2316 638 conversus
2343 590 2428 638 est
2457 583 2536 638 eis
2569 583 2622 636 in
2652 583 2995 636 inimicitiam
3019 583 3172 636 '°.—
3193 582 3396 638 Domus
3418 581 3589 636 Jacob

317 669 645 742 παρώξυναν
670 671 732 724 τὸ
767 671 994 742 Πνεῦμα
1030 672 1250 742 Κυρίου.
1289 691 1307 724 ι
1349 674 1520 743 Ἰωήλο
1563 692 1580 724 ι
1619 674 1728 727 Kal.
1756 673 1885 728 ἐστα

2011 674 2367 729 exacerbavit
2413 673 2680 744 Spiritum
2716 673 2932 728 Domini
2959 675 3024 727 ⁸ο,
3058 693 3076 726 ι
3133 673 3289 728 Joel:
3325 691 3344 725 ι
3383 672 3449 727 Et
3483 673 3589 727 erit

316 765 376 817 ἐν
407 765 529 826 ταῖς
558 763 815 833 ἐσχάταις
845 765 1100 835 ἡμέραις,
1136 764 1310 834 ἐκχεῶ
1342 764 1448 817 ἀπὸ
1475 765 1567 818 τοῦ
1594 765 1889 836 Πνεῦματός

2013 763 2066 816 in
2117 764 2327 820 ultimis
2370 765 2586 829 diebus,
2616 765 2890 820 effundam
2943 764 3011 819 de
3061 763 3267 834 Spiritu
3320 778 3442 818 meo
3489 779 3587 818 su-

319 871 422 921 μου
453 855 544 906 ἐπὶ
569 856 746 908 πᾶσαν
766 855 966 926 σάρκα,
981 875 999 907 ι
1027 855 1224 928 δηλαδὴ
1245 856 1344 927 τὴν
1367 857 1748 924 πιστεύουσαν,
1771 876 1791 910 ι
1813 861 1889 912 κα“

2010 869 2108 924 per
2155 869 2370 910 omnem
2429 871 2682 921 carnem,
2718 875 2736 906 ι
2780 855 3118 911 credentium
3149 854 3436 920 videlicet,
3478 873 3495 906 ι
3534 865 3587 909 et

319 945 412 997 ἐπὶ
443 947 574 1009 τοὺς
602 948 750 1010 υἱοὺς
774 948 948 1018 ὑμῶν,
977 949 1068 1002 καὶ
1102 949 1193 1002 ἐπὶ
1216 949 1313 1013 τὰς
1342 949 1649 1021 θυγατέρας
1677 951 1849 1022 ὑμῶν,
1883 972 1889 1006 ι

2010 961 2174 1016 super
2208 947 2349 1003 filios
2405 957 2659 1011 vestros,
2718 957 2772 1002 et
2829 963 2994 1018 super
3052 947 3196 1002 filias
3224 953 3440 1002 vestras
3459 946 3526 1010 °‘,
3561 965 3579 996 ι

321 1038 413 1090 καὶ
447 1037 514 1090 τὰ
548 1037 696 1108 ἑξῆς.
715 1039 966 1102 Ἡσαΐας·
1002 1057 1021 1091 ι
1056 1041 1279 1110 Πνεῦμα
1319 1040 1524 1113 Κυρίου
1573 1043 1660 1094 ἐπ’
1695 1043 1815 1112 ἐμὲ,
1846 1038 1889 1097 οἶ

2007 1047 2061 1094 et
2101 1040 2332 1110 reliqua.
2366 1039 2537 1096 Isaias
2581 1057 2594 1092 :
2634 1059 2652 1092 ι
2701 1040 2940 1110 Spiritus
2989 1038 3202 1094 Domini
3252 1053 3416 1110 super
3475 1053 3583 1103 me,

322 1129 524 1182 εἵνεκεν
539 1129 724 1200 ἐχρισέ
747 1148 813 1201 με
838 1131 1003 1202 (55),ι
1037 1132 1150 1195 καὶ,
1168 1151 1186 1183 ι
1212 1133 1682 1187 Ἐπαναπαῦσεται
1701 1135 1786 1188 ἐπ’
1811 1136 1889 1188 αὑ-

2006 1138 2230 1202 propter
2259 1131 2408 1201 quod
2446 1131 2600 1186 unxit
2639 1147 2726 1186 me
2753 1132 2818 1186 δ’.
2853 1149 2872 1182 ι
2909 1129 2994 1196 Ει,
3034 1151 3051 1182 ι
3094 1130 3464 1199 liequiescent
3490 1144 3584 1183 su-

316 367 407 423 233

318 1219 408 1274 τὸν
434 1221 576 1275 ima
608 1222 908 1294 πνεύματα.
930 1243 948 1275 ι
986 1220 1114 1286 Καὶ,
1139 1244 1156 1276 ι
1183 1225 1401 1296 Κατέὄη
1424 1225 1646 1296 Πνεῦμα
1677 1228 1903 1299 Κυρίου,

318 1314 413 1366 καὶ
469 1315 752 1386 ὡδήγησεν
797 1317 1010 1380 αὐτούς.
1041 1336 1059 1368 ι
1096 1318 1225 1384 Καὶ,
1266 1338 1285 1369 ι
1324 1317 1548 1388 Πνεῦμα
1597 1320 1906 1392 ἐπιστήμης

316 1405 521 1475 ἔπλησε
544 1407 806 1478 Βεσελεὴλ
827 1408 916 1460 τὸν
937 1409 1288 1479 ἀρχιτέκτονα
1309 1411 1406 1481 τῆς
1432 1411 1654 1480 σκηνῆς
1682 1412 1905 1482 Πνεῦμα

314 1499 770 1569 παροξυνόμενον,
811 1499 906 1553 καὶ
951 1499 1174 1570 Πνεῦμα
1220 1498 1418 1572 ἐξᾶραν
1460 1501 1643 1554 Ἠλίαν
1689 1503 1747 1555 ἐν
1800 1503 1902 1574 ἆρ-

319 1609 468 1662 ματι,
498 1593 594 1645 καὶ
626 1592 856 1664 ζητηθὲν
893 1594 1022 1663 παρ’
1060 1592 1364 1647 Ἐλισσαίου
1389 1593 1689 1649 διπλάσιον.
1719 1613 1738 1647 ι
1771 1596 1901 1664 Καὶ,

320 1703 340 1734 ι
377 1684 605 1754 Πνεῦμα
643 1685 773 1756 παρ’
811 1684 944 1755 ἐμοῦ
981 1683 1341 1751 ἐξελεύσεται,
1379 1687 1470 1738 καὶ
1517 1687 1683 1756 πνοήν
1723 1689 1903 1741 πᾶσαν

312 1774 424 1842 ἐγὼ
452 1775 704 1845 ἐποίησα.
729 1794 750 1828 ι
771 1775 900 1841 Καὶ,
937 1793 956 1827 ι
1001 1775 1131 1828 Ἰδοὺ
1162 1777 1191 1830 6
1215 1778 1344 1838 παῖς
1375 1793 1476 1847 μου
1504 1775 1532 1828 6
1565 1776 1838 1844 ἐκλεκτὸς,
1874 1779 1902 1830 6

2007 1234 2106 1287 per
2157 1235 2282 1274 eum
2342 1229 2550 1291 septem
2625 1220 2852 1290 spiritus
2877 1221 2942 1276 ⁸³.
2981 1240 2998 1272 ι
3037 1220 3147 1283 Et,
3208 1239 3227 1271 ι
3291 1219 3585 1276 Descendit

2009 1307 2248 1379 Spiritus
2287 1310 2502 1366 Domini
2537 1322 2590 1367 et
2619 1313 2725 1370 dux
2757 1328 2948 1368 eorum
2985 1312 3087 1366 fuit
3114 1312 3180 1365 “.
3214 1330 3232 1360 ι
3270 1310 3357 1375 Et,
3397 1329 3416 1362 ι
3455 1310 3583 1380 Spi~

2007 1401 2150 1457 ritus
2186 1404 2467 1473 sapientiae
2519 1405 2764 1474 implevit
2817 1404 3056 1459 Beseleel
3091 1401 3434 1458 tabernaculi
3493 1417 3583 1456 ar.

2007 1489 2302 1545 chitectunt
2349 1493 2414 1546 ⁸⁸.
2473 1492 2716 1563 Spiritus
2773 1494 3011 1548 incitans
3080 1491 3290 1554 Eliam,
3348 1506 3585 1560 eumque

2005 1586 2203 1645 tollens
2254 1589 2310 1643 in
2349 1599 2597 1654 currum,
2636 1586 2731 1657 qui
2773 1586 2974 1654 duplex
3005 1593 3064 1638 ut
3105 1582 3161 1638 in
3197 1597 3257 1638 se
3288 1581 3445 1638 ﬁeret
3477 1579 3582 1634 Eii-

2005 1691 2131 1734 seus
2165 1677 2403 1748 postulat
2426 1676 2490 1730 “.
2523 1694 2540 1727 ι
2592 1675 2676 1741 Et,
2717 1693 2736 1727 ι
2783 1673 3022 1744 Spiritus
3063 1687 3094 1728 e
3127 1687 3214 1727 me
3249 1671 3580 1742 egredietur,

2003 1782 2057 1826 et
2109 1770 2296 1824 ﬂatum
2346 1784 2564 1824 omnem
2608 1783 2708 1838 ego
2743 1766 2848 1823 feci
2878 1767 2946 1823 ⁸⁷.
2977 1785 2997 1818 ι
3034 1765 3140 1830 Et,
3181 1783 3200 1816 ι
3258 1763 3400 1820 Ecce
3445 1779 3584 1835 puer

309 1868 594 1938 ἀγαπητός
629 1885 751 1938 μου,
787 1869 866 1932 εἰς
901 1867 960 1920 ὃν
981 1867 1270 1938 εὐδόκησεν
1318 1870 1351 1940 ἠ
1401 1868 1545 1941 ψυχή
1590 1887 1714 1940 μου,
1745 1869 1889 1942 θήσω

2003 1879 2161 1919 meus
2215 1863 2424 1918 electus
2451 1903 2466 1927 ,
2513 1861 2747 1916 dilectus
2782 1874 2969 1924 meus,
3005 1859 3059 1913 in
3099 1873 3210 1928 quo
3257 1859 3400 1914 bene
3428 1872 3581 1913 com-

309 1959 370 2011 τδ
396 1959 624 2029 Πνεῦμὰ
653 1977 752 2030 μου
787 1961 873 2012 ἐπ’
897 1959 1079 2014 αὐτόν.
1117 1978 1137 2012 ι
1167 1960 1296 2021 Καὶ,
1329 1979 1346 2013 ι
1373 1961 1529 2025 Οὐαὶ,
1565 1962 1730 2016 τέκνα
1758 1963 1893 2016 ἀπο-

315 2053 522 2114 στάται,
570 2051 696 2104 τάδε
746 2051 892 2120 λέγει
947 2051 1183 2120 Κύριος-ο
1231 2052 1550 2122 Ἐποιήσατε
1596 2052 1790 2124 βουλὴν
1830 2054 1890 2107 οὐ

308 2143 373 2195 δι’
403 2144 562 2213 ἐμοῦ,
591 2144 684 2196 καὶ
733 2144 1008 2215 συνθήκην
1046 2143 1158 2216 (56)
1203 2145 1263 2197 οὐ
1305 2143 1392 2198 διὰ
1437 2143 1530 2198 τοῦ
1575 2144 1893 2216 Πνεῦματός

308 2250 432 2302 μου.
471 2252 489 2284 ι
529 2233 660 2299 Ka‘t,
695 2251 714 2286 ι
763 2235 910 2287 Ἐκεῖ
961 2236 1295 2307 συνήντησαν
1349 2234 1557 2304 ἔλαφοι,
1599 2235 1694 2289 καὶ
1751 2229 1890 2289 εἶδον

304 2325 372 2378 τὰ
406 2325 674 2396 πρόσωπα
711 2325 988 2396 ἀλλήλωνο
1027 2326 1244 2399 ἀριθμῷ
1293 2327 1599 2398 παρῆλθον,
1651 2327 1746 2382 καὶ
1794 2327 1890 2398 μία

302 2415 484 2468 αὐτῶν
516 2417 616 2486 οὐχ
659 2416 954 2488 ὑπελείφθη
997 2417 1134 2488 (57),
1173 2418 1304 2472 διότι
1351 2417 1556 2490 Κύριος
1589 2418 1890 2474 ἐνετείλατο

302 2505 518 2569 αὑταῖς,
539 2507 633 2559 καὶ
657 2507 718 2559 τὸ
741 2507 964 2578 Πνεῦμα
991 2508 1155 2561 αὐτοῦ
1178 2509 1484 2579 συνήγαγεν
1509 2509 1677 2573 αὑτάς
1699 2509 1833 2580 (58).
1864 2528 1882 2562 ι

303 2597 410 2649 Καὶ
446 2597 529 2649 ὅτι
566 2598 916 2668 ήὰνάστασις
953 2599 1040 2653 διὰ
1069 2600 1161 2654 τοῦ
1213 2601 1528 2672 Πνεῦματος
1560 2602 1884 2672 ἐνεργεῖται,

302 2685 468 2739 Δαϐιδ
493 2686 689 2756 λέγει·ι
714 2689 1044 2755 ’Δντανελεῖς
1065 2691 1126 2745 τὸ
1150 2692 1366 2763 πνεῦμα
1387 2693 1587 2761 αὐτῶν,
1605 2695 1698 2746 καὶ
1715 2693 1887 2747 ἐκλεί-

299 2775 484 2844 deum,
524 2779 615 2831 καὶ
660 2781 740 2843 εἰς
786 2781 876 2835 τὸν
913 2782 1042 2853 χοῦν
1077 2783 1256 2840 αὐτῶν
1290 2784 1727 2856 ἐπιστρέφουσιν.
1769 2785 1887 2852 Ἐξ-

302 2867 619 2931 αποστελείς
659 2869 720 2922 τὸ
763 2871 986 2942 Πνεῦμά
1022 2889 1146 2938 σου,
1202 2873 1299 2926 καὶ
1343 2873 1746 2946 κτισθήσονται,
1794 2877 1889 2930 καὶ

303 2957 636 3024 ἁνακαινιεῖς
670 2959 731 3014 τὸ
758 2963 1048 3034 πρόσωπον
1077 2964 1176 3036 τῆς
1206 2965 1332 3036 γῆς.
1375 2983 1393 3019 ι

373 3132 421 3211 ff
453 3131 560 3211 lsa.
590 3152 742 3200 mu,
778 3137 865 3211 10.
911 3138 1184 3211 __“_lili_ch.
1229 3155 1290 3207 ιι,
1326 3142 1376 3196 7.
1489 3143 1531 3176 ⁶¹
1569 3141 1686 3199 Joel
1716 3161 1778 3211 ιι,
1811 3144 1900 3201 28.

2001 1955 2208 2026 placuit
2267 1955 2463 2009 anima:
2507 1968 2660 2017 mea),
2719 1967 2918 2023 ponam
2964 1951 3220 2022 spiritum
3263 1966 3444 2008 meum
3484 1966 3579 2006 su-

2000 2063 2098 2118 per
2125 2063 2246 2103 eum
2272 2048 2336 2102 ⁸⁸.
2376 2067 2394 2098 ›
2433 2047 2532 2110 Ει,
2584 2063 2603 2098 ι
2650 2044 2763 2110 Vae,
2799 2045 2891 2098 filii
2922 2045 3233 2100 desertores
3255 2084 3269 2111 ,
3299 2045 3415 2116 ban
3445 2043 3580 2099 dicit

1999 2136 2268 2192 Dominus
2310 2155 2322 2191 :
2357 2135 2585 2191 Fecistis
2650 2136 2979 2200 consilium,
3028 2150 3140 2190 non
3191 2150 3287 2205 per
3333 2150 3464 2200 me;
3523 2142 3580 2189 et

1999 2239 2217 2301 pactum
2243 2272 2258 2296 ,
2297 2245 2404 2284 non
2442 2244 2540 2299 per
2595 2227 2862 2299 Spiritum
2921 2241 3104 2281 meum
3139 2225 3205 2279 ‘9.
3237 2243 3257 2279 ι
3296 2225 3384 2292 Ει,
3417 2244 3437 2278 ι
3499 2224 3578 2281 lbi

1996 2326 2359 2372 occurrerunt
2415 2317 2608 2384 cervi,
2659 2323 2714 2372 et
2761 2315 3015 2371 viderunt
3066 2313 3236 2371 facies
3273 2315 3419 2372 inter
3471 2331 3570 2384 se;

1996 2425 2228 2466 numero
2264 2410 2640 2475 transierunt,
2673 2416 2728 2464 et
2784 2423 2891 2463 una
2943 2408 3190 2477 ipsarum
3219 2423 3331 2463 non
3360 2424 3577 2464 reman-

1995 2504 2064 2559 sit
2102 2522 2117 2559 :
2151 2504 2279 2575 quia
2332 2503 2598 2560 Dominus
2649 2504 2730 2559 eis
2761 2502 3075 2569 mandavit,
3130 2511 3186 2558 et
3219 2501 3457 2572 Spiritus
3493 2503 3578 2574 ip-

1995 2598 2113 2653 sius
2142 2601 2498 2670 congregavit
2527 2615 2622 2655 eas
2643 2601 2711 2654 "°.
2745 2619 2772 2652 ι.
2805 2600 3076 2655 Caeterum
3112 2599 3573 2655 resurrectionem

1996 2704 2216 2762 quoque
2246 2689 2482 2761 Spiritus
2513 2689 2708 2757 eflicit;
2751 2689 2919 2744 David
2958 2691 3104 2746 enim
3145 2691 3242 2757 ait,
3286 2710 3303 2743 ι
3343 2689 3575 2746 Auferes

1998 2783 2252 2854 spiritum
2323 2797 2512 2837 eorum
2544 2823 2560 2849 ,
2596 2789 2651 2836 et
2697 2781 3006 2848 deficient,
3061 2789 3116 2836 et
3179 2783 3234 2837 in
3293 2784 3571 2852 pulverem

1999 2889 2161 2930 suum
2225 2883 2590 2930 revertentur.
2633 2873 2866 2929 Emittes
2930 2872 3196 2945 Spiritum
3262 2885 3463 2936 tuum.
3518 2883 3574 2933 et

1995 2966 2350 3035 creabantur,
2384 2976 2438 3024 et
2471 2967 2764 3024 renovabis
2790 2966 2985 3024 faciem
3023 2975 3188 3024 terra
3209 2967 3278 3024 τί.
3310 2988 3328 3022 ι

2014 3145 2198 3217 ⁸³183.
2233 3162 2345 3210 th,
2392 3150 2441 3202 1.
2546 3147 2730 3202 6315a.
2783 3164 2875 3213 χι,
2909 3147 2964 3202 2.
3073 3149 3120 3182 ⁶¹⁵
3151 3148 3257 3204 lsa.
3307 3165 3440 3217 LXII,
3478 3151 3570 3208 Η-

297 3205 344 3235 ⁶⁵
377 3203 550 3260 Exod.
587 3222 746 3272 mu,
774 3207 827 3263 1.
905 3208 950 3240 ⁸⁸
979 3209 1041 3264 ιν
1078 3209 1156 3264 Rc
1199 3250 1212 3262 .
1259 3203 1316 3274 ιι,
1347 3211 1438 3278 10,
1479 3213 1566 3267 11.
1631 3216 1674 3247 ⁸⁷
1706 3203 1811 3271 Isa.
1840 3233 1889 3271 ω

298 3277 345 3306 ’⁸
373 3274 481 3332 lsa.
526 3291 710 3337 xxxiv.
765 3278 852 3337 15.
889 3278 969 3333 16.
1090 3227 1314 3337 τίῖἐειι.
1355 3297 1474 3337 CIII.
1504 3283 1596 3337 29.
1633 3285 1723 3337 50.
1828 3316 1833 3319 -

1998 3257 2010 3282 ,
2047 3215 2136 3273 16.
2178 3203 2351 3274 “15a.
2381 3233 2512 3284 un,
2549 3217 2568 3270 1
2598 3235 2612 3286 ;
2646 3218 2836 3274 Matth.
2863 3203 2973 3288 'xu,
3005 3219 3088 3276 18.
3117 3203 3568 3290 ⁶⁹1εειλιέᾶί1ξ

298 3277 345 3306 ’⁸
373 3274 481 3332 lsa.
526 3291 710 3343 xxxiv,
765 3278 852 3346 15,
889 3278 969 3333 16.
1090 3282 1134 3313 τί
1161 3274 1314 3337 Ρεειι.
1355 3274 1474 3350 cuit,
1504 3283 1596 3350 29,
1633 3285 1723 3340 50.
1828 3316 1833 3319 -

527 3427 817 3510 Respicere
841 3432 1057 3488 videtur
1079 3435 1146 3489 ad
1182 3434 1334 3510 Isaia:
1361 3437 1536 3510 locum
1565 3438 1619 3493 in
1644 3455 1766 3509 cap.
1795 3456 1872 3507 ιι,

299 3498 334 3552 2
368 3497 488 3578 :_Et
516 3497 806 3578 requiescet
840 3521 996 3578 super
1033 3522 1152 3558 eum
1201 3506 1431 3572 Spiritus
1484 3507 1601 3570 Dei,
1649 3497 1872 3578 spiritus

300 3571 594 3649 sapientiae,
621 3581 694 3649 et
740 3571 1056 3649 intefiecnts,
1088 3571 1308 3643 spiritus
1349 3579 1578 3649 consilii,
1623 3571 1686 3633 ρι’
1712 3581 1875 3649 forti-

300 3640 522 3718 tudinis,
550 3641 770 3718 spiritus
812 3645 1067 3718 scientiis,
1089 3640 1152 3718 Ae:
1192 3647 1444 3714 pietatis;
1491 3640 1722 3718 replebil'
1754 3667 1874 3705 eum

300 3711 514 3791 spiritus
559 3711 772 3766 timoris
793 3712 1060 3791 _Domini._
1083 3711 1300 3791 Septem
1339 3719 1483 3791 enim
1519 3711 1747 3791 spiritus
1785 3722 1874 3776 hic

298 3789 681 3850 supputanlur,
730 3783 897 3837 etiam
946 3799 978 3839 a
1018 3783 1356 3844 Tertulliano
1409 3789 1504 3844 lib.
1548 3783 1579 3845 ἢ
1608 3790 1874 3847 Adversus

299 3847 485 3915 um,
521 3867 646 3920 cap.
685 3853 774 3908 17.
813 3888 826 3900 ι

361 3921 465 3996 (56)
497 3923 558 3980 Ιιι
581 3922 844 3981 Romana
895 3923 1038 3980 LXX
1068 3925 1298 4000 lntcrpr.
1332 3929 1570 3989 editione
1603 3941 1708 4002 est,
1750 3948 1876 3986 συν-

323 5921 356 5950 τ.
619 5905 897 5968 fnum.
946 5900 1060 5968 Gn.
1106 5903 1341 5984 Χινῐςὶ

1983 3442 2177 3519 θήκας,
2223 3446 2683 3519 quemadmodum
2731 3449 3066 3519 etiamlegit
3099 3447 3337 3505 Irenaeus
3367 3448 3462 3503 lib.
3516 3464 3572 3504 ιν
3640 3449 3648 3455 ’

1980 3514 2113 3590 Adv.
2146 3514 2304 3576 Iurvi,
2333 3531 2453 3585 cap.
2492 3517 2583 3590 23.
2623 3518 2728 3574 Sed
2766 3514 3072 3590 Cyprian'us
3121 3521 3175 3575 in
3222 3536 3308 3590 ep.
3347 3519 3415 3573 55
3441 3535 3568 3572 cum

1978 3582 2604 3655 Nyssenoconcordat‘;
2641 3590 2770 3660 legit
2798 3582 2964 3655 enim,
3001 3590 3216 3659 fecistis
3256 3582 3561 3644 conventio-

1983 3670 2165 3807 mg?)
2208 3725 2410 3782 Eadem
2461 3725 2708 3782 Romana
2749 3727 2942 3796 editio,
3003 3730 3104 3784 οὐκ
3133 3727 3402 3798 ἀπώλετο,
3459 3743 3560 3784 mm

1986 3806 2165 3863 perm.
2380 3854 2383 3858 ,

2057 3865 2171 3938 (58)
2214 3865 2416 3925 Eadem
2451 3868 2639 3938 editio,
2672 3869 2832 3926 αὐτά.
