4106 6480
259 327 391 434 ἰδ-ι

1484 396 1573 452 DE
1609 390 2085 453 PROFESSIONE
2122 393 2560 453 CHRISTIANA.
3554 395 3658 449 938

335 643 3624 685 gzm

1630 845 2044 964 PARS
2146 851 2404 962 ΙΙΙ.

594 1267 1564 1414 Asan-1'ch
1644 1274 1890 1385 ιη·

2061 1273 3426 1396 αιεσειιιαινει.

1354 1695 1585 1781 ΤΟΥ
1657 1692 2038 1782 ΑΥΤΟΥ
2111 1696 2734 1785 ΓΡΗΓΟΡΙΟΥ

1834 1905 2018 1958 ΠΕΡΙ
2057 1905 2142 1957 T0
2155 1905 2200 1956 Υ

323 2130 482 2244 TI
551 2125 790 2244 ΤΟ
868 2124 1793 2240 ΧΡΙΣΤΙΑΝΩΝ
1866 2122 2438 2244 ΟΝΟΜΑ
2514 2130 2627 2241 Η
2701 2123 3653 2252 ΕΠΑΓΓΕΔΜΑ

1715 2387 1896 2440 ΠΡΟΣ
1929 2387 2309 2443 ΑΡΜΟΝΙΟΝ.

1350 2864 1888 2953 EJUSDEM
1972 2863 2064 2952 S.
2140 2861 2721 2955 GREGORII

1575 3105 1698 3164 AD
1774 3104 2403 3174 HARMONIUM

463 3287 834 3445 QUID
918 3309 1378 3416 NOMEN
1455 3310 2342 3419 PROFESSIOVE
2431 3309 3506 3423 CHRISTIANOBUM

1679 3580 1880 3660 SIBI
1932 3581 2274 3662 VELlT.

1617 3828 1885 3881 Laurentio
1910 3831 2077 3882 Silano
2101 3834 2394 3895 interprete.

417 4251 610 4319 Ὅπερ
645 4244 867 4300 ποιοῦσι
906 4242 1036 4312 πρὸς
1076 4243 1202 4306 τοὺς
1233 4241 1570 4314 κρατοῦντας
1597 4245 1647 4296 οἱ
1679 4246 1789 4305 τοῖς
1819 4245 1954 4313 ἠμε-

2130 4243 2286 4310 Quod
2317 4243 2459 4312 apud
2491 4243 2846 4312 magistratus
2870 4249 2924 4295 et
2955 4256 3051 4296 eos
3078 4243 3170 4312 qui
3205 4259 3389 4299 rerum
3422 4243 3646 4314 potiun-

365 4342 528 4411 ρινοῖς
565 4337 927 4406 ὑποκείμενοι
961 4334 1145 4407 φόροις
1171 4373 1186 4396 ,
1226 4336 1275 4388 εἰ
1309 4332 1570 4386 πλειόνων
1611 4332 1834 4404 ἡμερῶν
1865 4333 1952 4385 ὲλ-

366 4431 614 4501 λειφθείη
644 4428 707 4482 τὸ
735 4427 918 4500 χρέος,
960 4425 1172 4497 ἁθρόως
1195 4424 1306 4479 τῶν
1332 4423 1474 4477 κατὰ
1508 4423 1674 4494 μέρος
1703 4423 1956 4494 ὀφλημά-

368 4536 474 4574 των
504 4516 889 4580 ἀποτιννύντες
929 4516 987 4570 ἐν
1025 4513 1307 4584 κεφαλαίῳ
1341 4511 1402 4566 τὸ
1431 4512 1654 4581 ὄφλημα
1675 4552 1688 4575 ,
1725 4513 1779 4564 εἴ
1809 4530 1956 4576 τινος

371 4611 680 4681 ἐπιτύχοιεν
717 4608 1015 4680 εὐπορίας,
1049 4605 1209 4660 τοῦτο
1256 4607 1468 4676 ποιήσω
1511 4605 1608 4657 καὶ
1651 4603 1813 4667 αὐτὸς
1861 4605 1956 4657 ἐπὶ

373 4701 472 4769 τῆς
510 4699 838 4772 σεμνότητός
874 4715 988 4752 σου.
1017 4695 1324 4767 Χρεωστῶν
1365 4695 1475 4766 γάρ
1504 4711 1586 4747 σοι
1613 4694 1674 4746 τὸ
1708 4693 1953 4764 συνεχῶς

377 4792 703 4847 ἱπιστέὶλειν
725 4794 876 4866 (διότι
901 4795 1014 4855 τοῖς
1043 4791 1389 4862 Χριπιανοῖς
1417 4792 1450 4860 ή
1469 4788 1768 4858 ἐπαγγελία
1794 4788 1953 4860 χρέος

374 4884 494 4936 ἐστὶ
513 4882 552 4953 ),
591 4883 690 4953 τὴν
718 4887 775 4935 ὲν
807 4884 884 4956 τῷ
914 4883 1238 4954 παρελθόντι
1271 4884 1448 4954 χρόνῳ
1472 4882 1580 4936 τῶν
1606 4882 1952 4953 γραμμάτων

373 4973 630 5042 ἔλλειψιν,
658 4973 724 5044 ἢν
751 4975 1017 5040 ἀκουσίως
1056 4974 1386 5046 πεποίημαι,
1423 4973 1516 5028 νῦν
1555 4973 1954 5046 ἀποπληρῶσαι

375 5065 662 5135 βούλομαι,
680 5065 932 5120 τοσοῦτον
953 5065 1198 5129 ἐκτείνας
1217 5066 1317 5134 τῆς
1349 5065 1636 5136 ἐπιστολῆς
1651 5066 1712 5118 τὸ
1734 5066 1952 5138 μέτρον,

372 5158 517 5212 ὥστε
560 5159 654 5212 κα)⁵
705 5157 840 5228 πρὸς
872 5157 944 5212 τὰ
989 5157 1192 5228 συνήθη
1245 5157 1425 5226 μέτρα
1469 5157 1579 5210 τῶν
1611 5159 1956 5228 γραμμάτων

371 5250 778 5322 διαιρουμένην,
800 5251 922 5325 ἀντὶ
955 5249 1164 5304 πολλῶν
1202 5247 1546 5318 νομισθῆναι.
1593 5249 1680 5312 Ὦς
1712 5250 1758 5302 δ’
1787 5249 1854 5303 ἂν
1880 5250 1954 5321 μὴ

378 5344 555 5413 μάτην
587 5343 930 5414 ἁδολεσχοίην
959 5343 1038 5414 τῷ
1064 5344 1229 5414 μήκει
1261 5341 1356 5394 τοῦ
1381 5341 1708 5411 γράμματος
1734 5381 1748 5404 ,
1774 5343 1956 5406 καλῶς

375 5437 517 5506 ἔχειν
553 5437 791 5508 ἡγοῦμαι
828 5436 915 5490 διὰ
944 5436 1044 5505 τῆς
1092 5433 1503 5504 ἐπιστολιμαίου
1534 5433 1739 5504 ταύτης
1770 5435 1953 5504 φωνῆς

2059 4345 2172 4397 tur,
2203 4335 2414 4389 faciunt
2463 4335 2498 4388 ii
2531 4338 2624 4403 qui
2655 4332 2996 4402 quotidianis
3023 4335 3385 4405 vectigalibus
3416 4335 3644 4393 obnoxii

2059 4435 2208 4489 sunt,
2245 4438 2301 4481 ut
2326 4427 2370 4481 si
2398 4425 2764 4494 complurium
2795 4423 3006 4478 dierum
3035 4441 3112 4481 aes
3141 4426 3381 4482 alienum
3406 4427 3476 4483 ab
3510 4428 3645 4498 ipsis

2061 4518 2398 4586 persolutum
2426 4531 2532 4569 nun
2567 4516 2657 4579 sit,
2690 4516 2744 4570 in
2779 4529 2942 4570 unam
2966 4532 3237 4572 summam
3258 4528 3510 4574 coactum
3537 4521 3646 4575 sin-

2059 4610 2332 4679 gular-ium
2354 4609 2664 4664 debitorum
2697 4625 2771 4664 ws
2791 4609 3030 4664 alienum
3049 4609 3380 4680 dependant,
3411 4612 3454 4668 si
3480 4630 3644 4684 quam

2062 4702 2201 4757 forte
2226 4703 2368 4757 nacti
2393 4699 2597 4755 fuerint
2620 4703 2866 4771 pecunim
2893 4702 3230 4767 facultatem,
3260 4705 3314 4759 id
3341 4706 3506 4760 etiam
3533 4707 3647 4776 ipse

2061 4792 2255 4848 faciam
2286 4791 2431 4862 apud
2461 4799 2609 4845 tuam
2638 4793 3070 4862 amplitudinem.
3106 4791 3240 4847 Nam
3268 4811 3394 4849 cum
3418 4795 3644 4850 debeam

2063 4885 2287 4940 crebras
2320 4884 2386 4938 ad
2430 4894 2480 4939 te
2534 4885 2753 4939 mittere
2784 4885 3020 4948 litteras,
3054 4886 3255 4956 quippe
3303 4902 3426 4941 cum
3484 4888 3642 4942 Chri-

2063 4973 2256 5030 stianis
2312 4973 2605 5042 promissio
2636 4973 2879 5027 debitum
2912 4975 3005 5037 sit,
3038 4989 3201 5044 quam
3260 4977 3315 5029 in
3369 4977 3646 5045 praeterito

2063 5075 2307 5135 tempore
2367 5066 2574 5118 invitus
2631 5064 2733 5119 feci
2793 5066 3093 5119 litterarum
3167 5067 3669 5134 intermissionem,

2059 5173 2208 5213 nunc
2239 5158 2458 5227 explere
2476 5165 2900 5226 eteompensare
2924 5158 3071 5219 volo,
3089 5159 3144 5212 in
3174 5166 3384 5212 tantum
3404 5159 3649 5228 cpistola-

2059 5249 2282 5304 modum
2313 5248 2609 5312 excedens,
2637 5257 2699 5301 nt
2727 5249 2772 5304 si
2799 5249 2866 5302 ad
2897 5259 3216 5303 consuetum
3257 5250 3480 5304 modum
3505 5251 3650 5304 litte-

2058 5355 2246 5393 rarum
2283 5339 2581 5402 dividatur,
2609 5340 2731 5394 loco
2756 5341 3049 5394 multarum
3077 5339 3432 5408 epistularum
3456 5341 3646 5396 haberi

2058 5432 2251 5500 possit.
2289 5429 2491 5486 Verum
2522 5447 2594 5485 ne
2630 5431 2834 5485 frustra
2869 5431 3176 5484 litterarum
3221 5431 3532 5500 prolixitate
3563 5434 3647 5486 lu-

373 5529 472 5601 τὴν
518 5529 659 5583 κατὰ
705 5530 994 5600 πρόσωπον
1041 5527 1198 5597 ἡμῶν
1252 5525 1538 5580 συνουσίαν
1585 5524 1949 5596 μιμήσασθαι.

2061 5523 2205 5586 dam,
2239 5537 2304 5578 ac
2328 5523 2586 5593 nugando
2619 5531 2836 5592 tempus
2891 5530 3086 5585 teram,
3123 5533 3270 5578 recte
3313 5525 3445 5578 mihi
3471 5525 3646 5578 factu-

374 5622 664 5691 Μέμνησαι
699 5623 809 5692 γὰρ
833 5621 1071 5685 πάντως,
1106 5621 1186 5672 ὅτι
1214 5619 1322 5672 τῶν
1353 5619 1489 5690 πρὸς
1522 5618 1780 5688 ἀλλήλους
1820 5619 1954 5671 πάν-

375 5729 492 5765 τοτε
521 5715 673 5784 ἡμῖν.
697 5713 872 5780 λόγων
916 5713 970 5764 αί
1009 5711 1286 5781 ἀφορμαὶ,
1331 5709 1552 5779 μελέται
1590 5709 1724 5778 πρὸς
1755 5709 1956 5780 ἀρετὴν

375 5807 468 5860 καὶ
501 5804 804 5873 γυμνασίαι
852 5803 988 5869 πρὸς
1019 5802 1330 5871 θεοσέϐειαν
1358 5797 1496 5870 ἦσαν
1518 5839 1534 5867 ,
1571 5801 1664 5855 σοῦ
1707 5802 1804 5869 μὲν
1831 5803 1955 5852 ἐπι-

2063 5631 2160 5670 rus
2207 5630 2329 5669 esse
2370 5614 2578 5678 videor,
2612 5618 2656 5668 si
2717 5629 2812 5682 per
2862 5613 3212 5683 epistolarem
3257 5615 3399 5670 hanc
3455 5633 3644 5670 vocem

2064 5707 2312 5762 imitatus
2336 5707 2490 5761 fuero
2517 5707 2968 5762 consuetudinem
3001 5724 3106 5777 qua
3132 5723 3314 5762 coram
3349 5711 3491 5764 inter
3544 5726 3644 5763 nos

2066 5800 2144 5854 uti
2177 5800 2434 5854 solemus.
2457 5796 2762 5868 Meministi
2789 5799 2952 5862 enim,
2988 5810 3071 5856 sat
3100 5800 3234 5862 scio,
3260 5802 3401 5863 quod
3432 5814 3646 5864 semper
