4106 6438
569 370 672 422 939

1772 361 1828 418 S.
1876 357 2195 416 GREGORII
2232 357 2520 415 NYSSENI

3727 363 3835 418 2:20

573 488 889 549 argumenta
922 495 1259 546 sermonum,
1295 480 1492 549 quibus
1524 480 1663 535 inter
1694 494 1793 534 nos
1824 479 1900 532 uti
1935 478 2146 532 soleba-

2263 478 2517 539 ττατικῶς
2556 477 2639 529 ἀεὶ
2686 479 2796 538 τοῖς
2845 477 3153 548 λεγομένοις
3190 477 3660 549 ἀνθυποφέροντος
3685 519 3700 544 ,
3739 485 3835 531 καὶ

578 587 716 639 mus,
745 571 1133 628 meditationes
1167 573 1388 628 virtutis
1417 580 1593 634 erant,
1626 579 1680 627 et
1721 571 1785 624 ad
1818 569 1911 624 Dei
1939 570 2144 624 cultum

576 673 739 732 atque
757 663 1012 731 pietatem
1053 664 1492 725 exercitationes,
1516 677 1640 716 cum
1665 671 1718 715 tu
1754 661 1972 730 quidem
2008 674 2146 729 prae-

576 757 817 824 ceptoris
839 771 904 809 ac
926 755 1172 826 magistri
1198 769 1348 809 more
1367 769 1580 823 semper
1599 754 1664 808 iis
1680 767 1799 822 qua
1827 751 2149 805 dicebantur

574 861 636 900 ex
666 846 898 900 adverso
930 846 1230 915 subjiceres
1257 853 1312 901 et
1340 859 1648 914 opponeres
1697 844 1964 913 nihilque,
2000 844 2147 914 quod

574 937 854 992 diceretur
915 937 1126 1007 absque
1181 937 1506 991 cxcussione
1545 944 1708 1005 atque
1746 935 2150 990 examinatione

574 1029 926 1094 admitteres;
953 1043 1055 1082 nos
1089 1042 1217 1082 vero
1245 1028 1336 1096 qui
1359 1033 1518 1080 aetate
1544 1026 1996 1093 praecederemus,
2027 1040 2151 1095 quae

577 1134 672 1190 per
699 1119 1146 1186 consequentiam
1184 1117 1454 1172 sermonis
1484 1115 1780 1170 identidem
1807 1117 2151 1185 requireren-

576 1221 685 1273 tur,
717 1210 1164 1265 dissolveremus.
1198 1208 1254 1261 Si
1286 1209 1452 1280 igitur
1499 1223 1647 1264 nunc
1678 1208 1842 1263 etiam
1910 1209 1986 1262 ita
2030 1207 2150 1261 ﬁeri

576 1312 874 1373 posset,-ut
921 1317 951 1354 a
985 1308 1080 1354 tua
1121 1299 1412 1370 prudentia
1439 1299 1587 1354 omni
1639 1300 1877 1354 sermoni
1934 1297 2151 1352 occasio

530 1461 536 1466 _
573 1397 816 1457 daretur,
865 1393 1002 1448 nihil
1039 1409 1105 1448 eo
1137 1392 1334 1448 melius
1374 1406 1438 1445 ac
1495 1391 1865 1462 prastabilins
1903 1389 2152 1444 accidere

575 1493 780 1554 posset.
818 1483 1025 1551 Duplex
1063 1484 1208 1539 enim
1240 1484 1456 1552 utrique
1479 1493 1728 1539 nostrum
1761 1482 1974 1534 lucrum
2006 1479 2156 1534 exsi-

575 1584 764 1640 steret,
802 1584 915 1630 tum
943 1592 1006 1630 ex
1040 1585 1232 1630 mutuo
1264 1582 1583 1645 conspectu,
1617 1574 1755 1644 (quo
1789 1571 1916 1643 quid
1954 1572 2007 1625 in
2040 1571 2151 1626 vita

575 1669 706 1722 mihi
735 1667 1022 1737 dulcius?)
1055 1677 1167 1723 tum
1199 1683 1264 1723 et
1298 1683 1364 1724 eo
1389 1667 1533 1737 quod
1560 1667 1746 1736 plectri
1776 1667 1833 1721 in
1865 1664 2088 1719 modum
2121 1677 2152 1718 a

577 1770 666 1814 tua
697 1760 981 1829 prudentia
1037 1768 1227 1814 nostra
1254 1768 1466 1814 vetusta
1524 1759 1738 1813 cithara
1769 1756 2149 1812 suscitaretur.

2246 570 2396 622 οὐδὲν
2428 569 2797 634 ἀνεξετάστως
2844 569 3287 639 παραδεχομένου
3322 568 3430 622 τῶν
3473 569 3793 638 λεγομένων
3814 586 3830 600 ο

2246 662 2405 732 ἡμῶν
2437 661 2492 712 δέ
2520 659 2606 712 διὰ
2635 659 2696 712 τὸ
2722 661 2981 730 προήκειν
3004 660 3080 731 τῷ
3100 661 3276 731 χρόνῳ
3302 661 3370 713 τὰ
3396 661 3660 713 ἑκάστοτε
3682 660 3837 727 παρά

2247 752 2347 820 τῆς
2376 749 2468 802 τοῦ
2499 749 2658 814 λόγου
2690 749 3008 813 ἀκολουθίας
3043 750 3449 820 ἐπιζητούμενα
3474 749 3832 803 διαλυὸντων.

2250 844 2311 896 Εἰ
2344 843 2443 912 μὲν
2474 839 2566 896 οὖν
2592 839 2658 914 ἦν
2684 842 2906 896 δυνατὸν
2937 843 3031 894 καὶ
3059 841 3153 895 νῦν
3185 841 3426 910 γίνεσθαι
3455 841 3650 905 οὕτως,
3691 839 3836 892 ὥστε

2249 935 2403 1007 παρὰ
2427 933 2526 1003 τῆς
2553 935 2650 1005 σῆς
2681 934 2948 996 συνέσεως
2975 933 3210 986 δίδοσθαι
3240 933 3382 1002 λόγῳ
3418 933 3513 1004 τὴν
3546 931 3834 1004 ἀφορμὴν,

2249 1026 2327 1097 τῷ
2353 1027 2515 1080 παντὶ
2546 1029 2795 1098 κρεῖττον
2824 1026 2889 1080 ἂν
2915 1021 2981 1096 ἦν
3003 1025 3063 1078 τὸ
3085 1024 3342 1079 τοιοῦτον.
3375 1025 3594 1094 Διχόθεν
3625 1024 3740 1094 γάρ
3771 1024 3839 1077 ἃν

2252 1119 2496 1189 ὑπῆρχεν
2528 1118 2858 1188 ἀμφοτέροις
2890 1117 2949 1169 τὸ
2976 1117 3164 1188 κέρδος
3187 1157 3201 1180 ,
3229 1115 3293 1170 ἐκ
3329 1133 3388 1170 τε
3417 1115 3511 1169 τοῦ
3552 1117 3839 1187 προσορᾷν

2251 1211 2532 1281 ἀλλήλους,
2560 1205 2641 1281 (οὗ
2665 1210 2717 1262 τί
2744 1209 2962 1278 γλύκιον
2985 1209 3090 1262 τῶν
3113 1209 3251 1262 κατά
3276 1209 3365 1261 τὸν
3392 1209 3504 1278 βίον
3529 1208 3657 1278 ἐμοί
3673 1207 3711 1277 ;)
3745 1207 3839 1260 καὶ

2253 1305 2317 1356 ἐκ
2357 1303 2451 1356 τοῦ
2484 1301 2635 1372 παρὰ
2677 1302 2777 1371 τῆς
2812 1302 2910 1372 σῆς
2949 1306 3308 1373 φρονήσεως,
3345 1302 3624 1373 πλήκτρου
3655 1302 3836 1372 δίκην,

2251 1395 2350 1465 τὴν
2375 1394 2614 1463 γηραιάν
2653 1392 2809 1462 ήμῶν
2841 1392 3210 1445 ἀνακινείσθαι
3244 1391 3499 1462 κιθάραν.
3539 1393 3695 1445 Ἐπεὶ
3724 1392 3780 1444 δέ
3804 1395 3838 1462 ή

2252 1486 2346 1540 τοῦ
2388 1486 2503 1556 βίου
2547 1485 2761 1555 ἀνάγκη
2797 1485 3072 1539 διεστάναι
3111 1487 3258 1556 ἡμᾶς
3303 1484 3721 1559 παρασκευάζει
3759 1484 3839 1554 τῷ

2255 1574 2466 1646 σώματι
2486 1615 2500 1636 ,
2535 1575 2636 1628 κᾶν
2663 1576 2711 1627 εἰ
2740 1574 2838 1638 τὰς
2862 1574 3038 1644 ψυχὰς
3074 1575 3476 1646 συναπτώμεθα
3495 1616 3509 1639 ,
3537 1575 3838 1642 ἀναγκαῖον

2255 1664 2320 1718 ἂν
2350 1664 2435 1735 εἴη
2458 1705 2471 1727 ,
2499 1664 2596 1718 καὶ
2619 1664 2678 1717 τὸ
2704 1663 2794 1718 σδν
2833 1664 3125 1734 πρόσωπον
3159 1664 3505 1725 ὑποδύεσθαι.
3531 1667 3584 1717 εί
3612 1664 3720 1716 πού
3755 1680 3840 1726 τις

2255 1755 2574 1826 ἀντίρρησις
2607 1755 2745 1826 πρὸς
2770 1756 2859 1808 τὸν
2887 1755 3064 1824 λόγον,
3107 1755 3248 1809 κατά
3279 1755 3340 1808 τὸ
3362 1755 3677 1819 ἀκόλουθον,
3708 1757 3839 1825 ἡμῖν

577 1827 979 1919 Sed—quoniam
1035 1850 1161 1904 vitae
1192 1849 1496 1904 necessitas
1538 1847 1688 1911 facit,
1740 1857 1799 1902 ut
1832 1861 2062 1916 corpore
2081 1845 2152 1900 ab

2263 1849 2575 1918 ἀναφανείη.
2636 1847 2832 1909 Καλῶς
2885 1847 2928 1901 δ’
2969 1848 3035 1902 ἂν
3085 1847 3198 1918 ἔχοι
3251 1849 3506 1901 ὑπόθεσίν
3555 1866 3682 1901 τινα
3732 1847 3839 1900 τῶν

578 1943 809 1996 invicem
861 1941 1125 2010 disjuncti
1184 1941 1380 2005 simus,
1425 1941 1642 1996 etiamsi
1709 1938 1908 1994 animis
1934 1953 2152 2008 semper

576 2033 998 2102 cnnjungamur,
1028 2031 1404 2087 necessarium
1450 2029 1636 2094 fuerit,
1672 2030 1846 2084 sicubi
1870 2027 2150 2084 contradi-

573 2121 685 2176 ctio
723 2123 903 2194 aliqua
939 2123 1096 2178 nobis
1119 2123 1389 2180 exsistere
1412 2122 1529 2178 visa
1581 2121 1764 2188 fuerit,
1817 2136 1915 2192 per
1953 2136 2149 2176 conse-

2256 1936 2592 2007 ψυχωφελῶν
2633 1936 2911 2006 προθεῖναι
2949 1937 3026 2006 τῷ
3065 1937 3172 1991 τῶν
3217 1939 3561 2009 γραμμάτων
3605 1937 3797 2007 σκοπῷ
3822 1975 3837 1999 ,

2256 2025 2354 2081 εἶθ’
2382 2028 2524 2081 οὕτω
2551 2027 2686 2096 πρὸς
2708 2026 2767 2079 τὸ
2795 2028 3152 2099 προκείμενον
3185 2030 3551 2102 ἀσχοληθῆναι
3571 2029 3652 2100 τῷ
3672 2029 3836 2097 λόγῳ.

2255 2119 2485 2184 Οὐκοῦν,
2514 2119 2589 2182 ὡς
2621 2121 2677 2172 ἐν
2707 2119 3076 2190 προϐλήματι,
3110 2121 3374 2192 ζητείσθω
3396 2123 3525 2194 παρ’
3550 2122 3742 2194 ήμῶν·

575 2215 850 2281 quentiam
877 2215 1139 2270 adversus
1175 2229 1482 2271 sermonem
1511 2214 1676 2268 etiam
1708 2221 1859 2266 tuam
1885 2214 2070 2268 subire
2093 2226 2404 2282 personam.
2432 2210 2788 2265 Commodum
2815 2220 2996 2266 autem
3012 2211 3183 2268 fuerit
3206 2215 3436 2283 primum
3457 2222 3838 2285 argumentum

576 2306 871 2374 quoddam,
891 2306 1034 2360 unde
1055 2305 1234 2375 aliqua
1247 2305 1313 2358 ad
1337 2305 1576 2358 animum
1593 2305 1803 2359 utilitas
1821 2306 2104 2373 perrexere
2121 2303 2624 2372 possit,proponere
2650 2301 2807 2371 quasi
2825 2317 3049 2372 scopum
3079 2305 3403 2369 litterarum,
3425 2322 3533 2375 quo
3557 2309 3838 2376 spectent;

577 2397 771 2454 deinde
796 2397 876 2451 sic
910 2395 978 2450 ad
1005 2411 1119 2450 rem
1153 2395 1486 2466 propositam
1525 2393 1767 2450 sermoni
1789 2408 2009 2464 cperam
2041 2393 2192 2449 dare.
2221 2391 2389 2464 Igitur
2410 2393 2473 2444 al
2499 2392 2853 2462 quaerendum
2883 2409 2912 2448 a
2941 2394 3100 2450 nobis
3132 2398 3473 2466 pmpositum
3499 2407 3623 2453 esto
3647 2418 3663 2454 :

719 2556 852 2623 Quae
876 2555 946 2610 sit
969 2553 1264 2610 Christiani
1288 2553 1518 2609 hominis
1552 2553 1811 2624 professio
1830 2555 1856 2609 2

649 2669 919 2723 Fortassis
943 2669 1087 2723 enim
1112 2667 1258 2722 haud
1283 2667 1493 2722 inutilis
1539 2668 1644 2722 erit
1675 2667 1839 2736 hujus
1870 2667 1945 2722 rei
1969 2668 2153 2722 consi-

578 2762 810 2816 deratio.
842 2760 976 2814 Nam
1009 2760 1054 2815 si
1092 2760 1248 2830 plene
1272 2767 1435 2830 atque
1467 2770 1656 2816 exacte
1681 2763 1960 2815 inventum
1987 2759 2153 2814 fuerit

577 2853 630 2906 id
666 2851 812 2922 quod
846 2867 940 2922 per
969 2852 1074 2906 hoc
1104 2866 1299 2906 nomen
1328 2851 1660 2915 declaratur,
1696 2866 1954 2921 magnum
1987 2851 2152 2920 adju-

576 2953 817 2998 nientum
841 2943 1018 3012 adepti
1043 2942 1307 2998 fuerimus
1330 2943 1394 2995 a.l
1422 2943 1588 2996 vitam
1613 2957 1734 2996 cum
1757 2943 1956 2996 virtute
1986 2952 2158 2996 trans-

579 3035 850 3106 igendam,
869 3035 915 3088 si
950 3035 1001 3088 id
1027 3035 1168 3104 quod
1199 3033 1562 3093 nominamur,
1590 3049 1685 3100 per
1707 3033 1993 3088 sublimem
2020 3048 2159 3101 quo-

579 3142 690 3196 que
723 3127 846 3180 vitae
877 3127 1143 3179 rationem
1180 3140 1304 3180 vere
1335 3140 1457 3179 esse
1509 3123 1848 3179 Studeamus.
1881 3122 2158 3189 Quemad-

2409 2553 2471 2606 Τί
2495 2551 2600 2606 τοῦ
2633 2552 2986 2620 Χριστιανοῦ
3019 2553 3082 2608 τὸ
3111 2554 3454 2625 ἐπάγγελμα
3466 2575 3486 2623 ;

2333 2665 2487 2734 Τάχα
2519 2665 2628 2736 γὰρ
2653 2665 2752 2718 οὐκ
2775 2665 2876 2730 ἔξω
2906 2665 2998 2718 τοῦ
3023 2665 3422 2732 λυσιτελοῦντος
3443 2672 3476 2740 ἡ
3500 2672 3633 2743 περὶ
3653 2671 3838 2726 τούτου

2263 2755 2454 2825 σκέψις
2497 2759 2806 2827 γενήσεται.
2844 2758 2904 2810 Et
2935 2758 3044 2828 γὰρ
3085 2759 3328 2830 ἀκριϐῶς
3355 2761 3612 2834 εὑρεθείη
3659 2764 3721 2816 τὸ
3752 2765 3840 2817 διὰ

2259 2845 2353 2898 τοῦ
2380 2847 2641 2915 ὀνόματος
2669 2847 2860 2900 τούτου
2887 2847 3235 2920 δηλούμενον,
3259 2849 3458 2922 πολλὴν
3488 2852 3553 2906 ἂν
3583 2853 3841 2923 λάϐοιμεν

2261 2937 2399 3007 πρὸς
2425 2937 2514 2990 τὸν
2539 2937 2659 2990 κατ’
2698 2939 2896 3010 ἀρετὴν
2923 2939 3037 3010 βίον
3085 2942 3372 3012 συνεργίαν
3397 2960 3412 2974 ο
3445 2943 3684 3015 ἀληθῶς,
3709 2947 3840 3015 ὅπερ

2261 3029 2634 3100 ὀνομαζόμεθα
2660 3069 2673 3093 ,
2703 3030 2861 3084 τοῦτο
2901 3031 2995 3085 καὶ
3022 3028 3159 3085 εἶναι
3198 3033 3285 3086 διὰ
3319 3035 3415 3103 τῆς
3449 3035 3668 3106 ὑψηλῆς
3697 3035 3841 3088 πολι-

2262 3119 2411 3181 τείας
2447 3120 2855 3184 σπουδάζοντες.
2882 3122 3094 3192 ’Ὠσπερ
3125 3123 3233 3195 γάρ
3254 3125 3308 3177 εί
3331 3142 3414 3189 τις
3444 3128 3648 3198 ἰατρὸς,
3677 3128 3708 3197 ἢ
3746 3128 3840 3198 ῥή-

501 3289 506 3292 _
581 3216 804 3271 modum
849 3218 994 3271 enim
1027 3217 1071 3272 si
1107 3217 1230 3285 quis
1259 3216 1523 3278 medicus,
1555 3215 1636 3269 vel
1668 3224 1872 3280 orator,
1897 3214 1983 3268 vel
2032 3228 2159 3284 geo-

2263 3225 2396 3280 τωρ,
2415 3209 2447 3278 ἢ
2470 3209 2790 3282 γεωμέτρης
2813 3211 3092 3266 καλεῖσθαι
3108 3213 3416 3286 ποθήσειεν,
3435 3217 3533 3270 οὐκ
3556 3217 3626 3271 ἃν
3641 3217 3842 3283 δέξαιτο

580 3321 754 3364 metra
780 3308 962 3362 vocari
981 3307 1361 3370 desiderasset,
1377 3323 1488 3361 non
1511 3306 1840 3371 admitteret,
1864 3314 1921 3361 ut
1940 3315 2160 3378 propter

2263 3301 2330 3370 ’τῇ
2361 3300 2687 3372 ἀπαιδευσίᾳ
2722 3303 2821 3373 τὴν
2851 3304 3166 3376 ἐπωνυμίαν
3195 3305 3546 3378 ἐλέγχεσθαι,
3585 3310 3663 3382 μὴ
3701 3311 3841 3380 εἰρι-

581 3400 908 3471 impenitiam
944 3415 1248 3470 cognomen
1273 3400 1786 3470 reprehenderetur,
1827 3399 1873 3455 si
1908 3399 2052 3454 facto
2076 3413 2160 3469 pe-

2266 3392 2529 3461 σκὸμενος
2562 3394 2654 3446 ἐπὶ
2697 3395 2794 3466 τῆς
2835 3397 3032 3468 πείρας
3066 3398 3094 3451 ὃ
3120 3400 3464 3470 ὀνομάζεται,
3496 3401 3615 3456 ἀλλ’
3645 3404 3674 3456 ὁ
3706 3401 3840 3456 κατὰ

582 3489 758 3543 riculo
781 3488 828 3544 is
854 3503 960 3541 non
981 3488 1336 3553 inveniretur,
1354 3487 1512 3557 cujus
1535 3489 1757 3543 nominc
1771 3489 2160 3558 appellaretur,

582 3579 675 3636 sed
704 3581 795 3650 qui
827 3596 955 3634 vere
980 3580 1170 3634 harum
1223 3580 1457 3649 alicujus
1505 3580 1910 3651 professionum
1942 3582 2164 3637 nomine

582 3673 842 3743 appellari
870 3674 1049 3735 vellet,
1080 3690 1148 3728 ne
1208 3670 1344 3727 falso
1411 3682 1627 3743 Sumpta
1681 3675 1976 3744 appellatio
2029 3689 2164 3729 con-

580 3767 854 3829 vincatur,
895 3765 1012 3832 ipso
1043 3765 1227 3818 studio
1259 3773 1422 3834 atque
1459 3765 1721 3820 exercitio
1747 3766 1906 3820 (idem
1959 3765 2165 3821 faceret

583 3856 930 3924 appellationi
951 3855 1165 3910 :eodem
1183 3871 1282 3910 nos
1299 3872 1515 3926 quoque
1539 3857 1770 3922 modo,si
1792 3873 1978 3912 verum
1996 3859 2167 3912 homi-

586 3943 673 3996 nis
690 3941 987 3996 Christiani
1010 3942 1368 4011 professionis
1387 3958 1612 4013 sc0pum
1629 3945 1929 3998 scrutando
1947 3944 2166 4000 invene-

585 4035 779 4096 rimus,
823 4033 1060 4087 nolimus
1089 4048 1200 4086 non
1230 4048 1353 4088 esse
1384 4033 1436 4087 id
1465 4034 1608 4103 quod
1668 4033 1798 4088 illud
1835 4049 2032 4089 nomen
2065 4049 2166 4104 pro

585 4125 744 4178 nobis
775 4123 1084 4194 pollicetur,
1148 4141 1215 4178 ne
1250 4125 1302 4178 in
1349 4140 1450 4180 nos
1485 4127 1648 4179 etiam
1679 4127 1912 4196 quadret
1935 4127 1989 4180 id
2020 4127 2162 4196 quod

585 4214 656 4268 ab
678 4214 920 4268 externis
958 4222 1014 4268 et
1053 4213 1364 4268 inﬁdelibus
1397 4214 1464 4269 de
1502 4215 1661 4269 simia
1684 4216 1850 4286 vulgo
1886 4225 2162 4270 narratur.

586 4311 751 4362 Aiunt
774 4309 918 4362 enim
952 4308 1240 4377 quemdam
1266 4308 1319 4360 in
1355 4307 1489 4362 urbe
1521 4307 1850 4362 Alexandria
1871 4309 2168 4364 circulato-

585 4414 700 4452 rem
715 4406 768 4452 et
789 4399 1239 4468 prastigiatorem
1254 4401 1566 4454 exercuisse
1581 4415 1644 4454 ac
1659 4401 1915 4456 docuisse
1928 4401 2163 4468 simiam,

588 4498 644 4542 ut
679 4488 922 4558 agilitate
951 4490 1184 4559 quadam
1221 4495 1274 4544 in
1312 4489 1541 4545 formam
1571 4500 1624 4545 et
1650 4492 1892 4545 habitum
1921 4491 2166 4546 saltatri-

2265 3482 2522 3554 ἀλήθειάν
2565 3501 2618 3537 τι
2649 3485 2854 3540 τούτων
2894 3490 3398 3559 προσαγορεύεσθαι
3441 3492 3645 3559 θέλων,
3679 3493 3748 3556 ὡς
3778 3491 3840 3546 ἂν

2270 3572 2344 3644 μὴ
2373 3573 2722 3646 ψευδώνυμος
2754 3578 2786 3648 ή
2814 3577 3003 3647 κλῆσις
3036 3580 3330 3652 ἐλέγχοιτο,
3373 3583 3521 3655 αὑτῷ
3549 3573 3631 3656 τῷ
3655 3587 3839 3652 ἐπιτη-

2263 3667 2491 3738 δεύματι
2519 3669 2619 3739 τὴν
2650 3671 3017 3742 προσηγορίαν
3045 3674 3406 3748 πιστώσηταιο
3434 3677 3527 3730 τὸν
3553 3678 3720 3730 αὐτὸν
3747 3674 3838 3729 καὶ

2261 3762 2426 3831 ἡμεῖς
2463 3761 2683 3832 τρόπον,
2719 3763 2878 3836 εἴπερ
2901 3766 2993 3831 τὸν
3027 3766 3199 3837 ἀληθῆ
3236 3767 3439 3822 σκοπὸν
3467 3768 3560 3822 τοῦ
3586 3771 3842 3840 Χριστια⁹

2267 3851 2358 3904 νοῦ
2391 3853 2806 3924 ἐπαγγέλματος
2826 3854 3169 3922 ἐξετάζοντες
3187 3859 3420 3930 εὕρομεν
3450 3877 3463 3890 ·
3488 3861 3592 3913 οὐκ
3629 3861 3694 3914 ἂν
3719 3855 3844 3911 ἐλοί·

2271 3942 2408 4012 μεθα
2435 3943 2508 4014 μὴ
2535 3940 2866 4010 εἶναιτοῦτο,
2894 3948 3030 4019 ὅπερ
3053 3948 3115 4000 τὸ
3138 3949 3308 4020 ὄνομα
3329 3951 3469 4021 ὑπὲρ
3488 3951 3650 4022 ήμῶν
3681 3954 3843 4016 ἐπαγο

2267 4035 2517 4102 γέλλεται
2545 4053 2557 4064 '
2585 4037 2660 4099 ὡς
2690 4036 2754 4090 ἂν
2783 4038 2857 4108 μὴ
2891 4039 2950 4091 τὸ
2982 4041 3106 4110 περὶ
3131 4039 3222 4092 τοῦ
3248 4041 3478 4112 πιθήκου
3510 4040 3752 4112 διήγημα
3785 4036 3842 4088 τὸ

2269 4128 2419 4198 παρὰ
2458 4131 2568 4191 τοῖς
2599 4129 2703 4194 ἔξω
2735 4130 3164 4201 περιφερόμενον
3202 4132 3295 4184 καὶ
3325 4133 3456 4202 ήμῖν
3493 4131 3840 4205 ἐφαρμόσειε.

2266 4220 2403 4272 Φασὶ
2433 4220 2541 4290 γάρ
2583 4238 2702 4272 τινα
2732 4220 2839 4273 τῶν
2875 4221 3292 4291 θαυματοποιῶν
3323 4223 3417 4276 ἐπὶ
3457 4225 3556 4294 τῆς
3600 4221 3842 4286 Ἀλεξάν-

2264 4309 2394 4379 δρου
2429 4310 2634 4374 πόλεως
2672 4312 2993 4382 ἀσκήσαντα
3033 4313 3263 4384 πίθηκον
3315 4314 3406 4367 διά
3452 4331 3599 4377 τινος
3630 4315 3842 4382 εὐστρο-

2267 4401 2396 4470 φίας
2424 4401 2763 4471 ὀρχηστικῶς
2789 4405 3238 4474 σχηματίζεσθαι,
3267 4406 3358 4458 καὶ
3381 4406 3680 4477 περιθεῖναι
3703 4400 3842 4471 αὐτῷ

2270 4494 2560 4563 πρόσωπον
2595 4493 2936 4564 ὀρχηστικὸν,
2972 4495 3064 4548 καὶ
3101 4496 3301 4568 ἐσθῆτα
3338 4496 3415 4566 τῷ
3460 4495 3840 4568 ἐπιτηδεύματι

587 4583 669 4635 cis
718 4596 840 4636 sese
890 4589 1264 4650 componeret,
1313 4584 1474 4650 eique
1520 4583 1812 4638 saltatrieis
1845 4583 2160 4652 apposuisse

2273 4562 2582 4654 πρόσφορον
2603 4600 2617 4614 ’
2633 4562 2739 4638 και
2766 4585 2925 4656 χορὸν
2963 4586 3114 4656 αύτῷ
3134 4562 3560 4659 περιστήσαντα,
3585 4562 3842 4642 ἐνευδοκι-

588 4689 901 4748 personam,
939 4688 1000 4726 ac
1051 4681 1254 4726 vestem
1285 4673 1711 4728 circumdedisse
1737 4673 2000 4727 exercitio
2044 4687 2173 4726 con-

586 4766 926 4832 venientem;
990 4771 1202 4819 etcum
1258 4765 1488 4818 chorum
1540 4764 1589 4818 ci
1651 4763 2014 4828 adhibuisset,
2052 4764 2169 4833 pla-

586 4862 773 4914 cuisse
803 4873 866 4912 ac
911 4859 1245 4912 celebratum
1297 4857 1580 4910 hominum
1624 4871 1879 4912 sermone
1905 4858 1956 4910 in
1993 4857 2170 4925 pretio

587 4954 762 5007 fuisse
791 4960 1013 5021 pmptcr
1041 4951 1279 5012 simiam,
1311 4965 1436 5020 qua:
1475 4951 1540 5002 ad
1569 4951 1850 5003 cantilenae
1885 4950 2076 5004 modos
2104 4964 2169 5003 ac

586 5059 875 5098 numerum
935 5057 1058 5098 sese
1094 5043 1336 5100 ﬂecteret
1393 5049 1912 5110 contorqueretque,
1971 5055 2036 5094 ac
2077 5055 2174 5110 per

586 5137 770 5189 omnia
801 5152 924 5206 qum
955 5143 1008 5190 et
1032 5135 1265 5189 faciebat
1289 5141 1342 5188 et
1367 5132 1550 5187 facere
1582 5133 1890 5198 videbatur,
1917 5139 2170 5186 naturam

587 5229 905 5284 occultaret.
939 5229 1074 5283 Cum
1125 5238 1305 5284 autem
1347 5231 1491 5298 capti
1552 5237 1738 5284 essent
1792 5227 1871 5280 rei
1929 5227 2174 5281 novitate

589 5322 1250 5390 spectatores,quemdam
1286 5321 1501 5374 caeteris
1530 5319 1853 5374 astutiorem
1879 5317 1954 5370 ibi
1977 5316 2170 5379 fuisse,

590 5411 682 5478 qui
713 5411 841 5463 ludo
869 5415 1101 5480 quodam
1142 5412 1482 5466 inhiantibns
1524 5411 1841 5479 spectaculo
1871 5408 2176 5462 ostenderit

593 5498 805 5552 simiam
840 5516 963 5555 esse
989 5504 1223 5560 simiam.
1242 5504 1687 5557 Acclamantibus
1713 5502 1857 5555 enim
1881 5501 2096 5554 cunctis
2122 5509 2176 5552 ct

594 5583 1053 5649 appiaudcntibus
1087 5591 1317 5658 agilitati
1345 5591 1538 5653 simiae,
1569 5589 1636 5642 ad
1655 5596 1874 5642 cantum
1899 5596 1953 5642 et
1981 5587 2176 5639 modu-

596 5670 851 5723 lationem
880 5684 1005 5743 apte
1040 5695 1100 5732 se
1151 5681 1422 5734 moventis
1473 5691 1525 5735 et
1557 5677 2006 5746 circumagentis,
2053 5693 2178 5745 pro-

592 5759 791 5827 iecisse
819 5777 939 5815 cum
967 5766 1118 5822 aiunt
1143 5772 1198 5824 in
1230 5773 1510 5827 orchestra
1533 5787 1562 5827 e
1596 5768 1840 5826 bellariis
1870 5783 1931 5825 ea
1959 5783 2079 5837 quae
2104 5776 2179 5822 ta-

2277 4676 2395 4744 μεϊν
2428 4673 2506 4743 τῷ
2543 4674 2761 4744 πιθήκῳ
2789 4675 2925 4746 πρὸς
2963 4675 3055 4728 τὸν
3083 4675 3182 4730 τοῦ
3209 4677 3402 4747 μέλους
3431 4678 3637 4749 ῥυθμὸν
3663 4673 3840 4730 ἑαυτὸν

2274 4764 2630 4834 ἐκλυγίζοντι,
2657 4767 2751 4820 καὶ⁵
2779 4766 2868 4820 διά
2899 4767 3114 4820 πάντων
3137 4770 3594 4840 ἐπικρυπτομένῳ
3623 4767 3722 4836 τήν
3749 4760 3843 4831 φύ-

2276 4873 2378 4920 σιν,
2410 4852 2491 4919 οἷς
2517 4857 2689 4910 ἐποίει
2715 4875 2773 4910 τε
2807 4859 2902 4911 καὶ
2936 4860 3206 4928 ἐφαίνετο.
3251 4859 3633 4928 Κατεχομένου
3675 4856 3729 4910 δὲ
3752 4849 3841 4906 τοῦ

2274 4949 2500 5018 θεάτρου
2531 4949 2665 5019 πρὸς
2691 4950 2751 5002 τὸ
2778 4951 3143 5022 καινοπρεπὲς
3170 4950 3262 5004 τοῦ
3286 4950 3579 5019 θεάματος,
3616 4945 3842 5017 παρόντα

2272 5038 2394 5091 τινὰ
2424 5037 2532 5090 τῶν
2554 5039 2912 5110 ἁστειοτέρων
2936 5041 3125 5112 παιδιᾷ
3153 5056 3259 5092 τινι
3286 5039 3458 5105 δεῖξαι
3479 5041 3592 5103 τοῖς
3619 5048 3844 5108 προσκε-

2273 5129 2463 5200 χηνόσι
2497 5129 2572 5200 τῷ
2601 5129 2854 5202 θεάματι,
2889 5132 3120 5202 πίθηκον
3145 5131 3273 5185 ὄντα
3293 5131 3384 5184 τὸν
3409 5130 3658 5202 πίθηκον.
3701 5128 3844 5179 Ἐπιο

2275 5221 2525 5275 ϐοώντων
2567 5224 2677 5295 γὰρ
2721 5225 2956 5288 πάντων,
2991 5228 3086 5282 καὶ
3121 5228 3553 5298 ἐπικροτούντων
3599 5224 3715 5284 ταῖς
3753 5213 3838 5268 τοῦ

2277 5314 2509 5384 πιθήκου
2537 5320 2952 5387 περιστροφαῖς,
2985 5319 3274 5390 εὐρύθμως
3305 5317 3442 5388 πρὸς
3464 5318 3565 5388 τήν
3589 5314 3724 5387 ᾠδὴν
3753 5304 3840 5361 καὶ

2276 5408 2336 5458 τὸ
2378 5407 2538 5476 μέλος
2582 5424 2835 5476 συγκινου
2845 5409 3007 5478 μένου
3031 5449 3046 5475 ,
3075 5411 3228 5482 ῥίψαι
3255 5410 3418 5478 φασιν
3445 5409 3606 5461 αὑτὸν
3635 5404 3721 5459 ἐπὶ
3749 5398 3842 5466 τῆς

2276 5498 2586 5568 ὀρχήστρας
2623 5501 2731 5552 τῶν
2759 5503 3128 5571 τραγημάτων
3155 5504 3336 5554 ἐκεῖνα
3367 5502 3467 5554 ὅσα
3491 5501 3588 5571 τὴν
3621 5492 3843 5566 λιχνείαν

2277 5587 2386 5639 τῶν
2416 5588 2671 5642 τοιούτων
2699 5589 2904 5660 θηρίων
2927 5589 3210 5658 ἐφέλκεται
3237 5607 3250 5619 ·
3275 5589 3366 5644 τὸν
3389 5590 3444 5643 δὲ
3479 5590 3644 5660 μηδὲν
3667 5578 3846 5656 μελλή-

2280 5693 2468 5741 σαντα,
2504 5680 2691 5749 ἐπειδὴ
2732 5681 3104 5751 διασπαρέντα
3146 5677 3252 5734 εῐδε
3302 5681 3409 5750 πρὸ
3447 5680 3544 5733 τοῦ
3592 5673 3746 5748 χοροῦ
3779 5665 3844 5719 τὰ

2280 5768 2565 5836 ἀμύγδαλα
2586 5811 2600 5834 ,
2638 5771 3003 5841 ἐκλαθόμενοι)
3047 5773 3144 5841 τῆς
3174 5790 3232 5826 τε
3260 5773 3567 5844 ὀρχήστρας
3587 5813 3601 5842 ,
3628 5767 3718 5824 καὶ
3741 5757 3841 5814 τῶν
