4106 6456
246 429 358 490 Est

1414 451 1500 505 DE
1563 450 2037 511 PROFESSIONE
2088 450 2531 512 CHRISTIANA.

3485 452 3602 513 ’242

284 561 530 635 κρὸτων,
558 568 668 624 καὶ
709 572 837 628 τῶν
862 575 964 649 τῆς
985 575 1206 647 ἐσθῆτος
1228 576 1652 649 καλλωπισμῶν,
1683 580 1913 652 ἐπιδρα-

2019 581 2148 636 Ιίιιηι
2173 581 2474 638 bestiarum
2504 582 2800 654 ingluviem
2824 582 3110 638 attrahunt
3147 592 3307 654 atque
3336 583 3601 653 invitant;

304 658 422 728 pain
452 672 525 710 τε
542 658 765 726 αὐτοῖς,
805 665 912 719 καὶ
936 666 1054 729 ταῖς
1070 665 1176 719 τῶν
1206 666 1402 737 χειρῶν
1429 668 1709 739 παλάμαις
1731 669 1917 722 συλλέ-

320 767 435 820 γειν
463 750 533 804 τὰ
561 752 952 826 εὑρισκόμενα
969 773 983 786 ο
1024 757 1117 810 καὶ
1141 756 1215 820 ὡς
1242 756 1309 812 ἂν
1335 758 1410 828 μὴ
1444 759 1696 828 ἐμποδὼν
1722 760 1808 829 εἴη
1852 760 1915 813 τὸ

321 845 666 914 προσωπεῖον
695 845 779 916 τῷ
802 847 1053 917 στόματι,
1087 849 1485 920 περιαιρεῖσθαι
1513 850 1653 904 κατὰ
1681 850 1915 922 σπουδὴν

330 935 529 991 ἑαυτοῦ
550 937 661 999 τοῖς
682 935 836 1001 ὄνυξι
861 937 960 1009 τὴν
983 938 1379 1010 σεσοφισμένην
1407 939 1623 1012 μορφὴν
1654 939 1812 1012 περιθ
1823 940 1917 1011 ρύ-

332 1045 541 1083 πεοντα
562 1070 578 1093 ,
606 1027 749 1083 ὥστε
798 1029 964 1083 αὐτὸν
1018 1029 1229 1101 ἀθρόως
1268 1030 1482 1100 γέλωτα
1525 1033 1746 1104 κινῆσαι
1800 1034 1916 1097 τοῖς

333 1119 580 1184 θεαταῖς,
634 1119 759 1174 ἀντὶ
796 1121 907 1174 τῶν
944 1120 1182 1175 ἐπαίνων
1224 1139 1283 1176 τε
1330 1123 1424 1177 καὶ
1461 1122 1773 1195 θαύματος,
1810 1125 1917 1179 είδ-

330 1209 514 1280 εχθῶς
548 1211 643 1264 καὶ
682 1210 906 1279 γελοίως
934 1213 997 1266 ἐκ
1024 1211 1132 1267 τῶν
1164 1213 1257 1268 τοῦ
1284 1216 1626 1287 προσωπείου
1648 1216 1916 1287 λειψάνων

328 1302 773 1374 διαςαινὸμενον.
806 1302 1016 1376 Ὠσπερ
1040 1300 1135 1359 οὖν
1169 1305 1278 1359 οὐκ
1301 1305 1600 1377 ἐξήρκεσεν
1631 1308 1826 1380 ἐκείνῳ
1848 1309 1916 1363 ,τὸ

330 1395 728 1465 σεσοφισμένον
765 1395 950 1467 σχῆμα
984 1397 1119 1470 πρὸς
1149 1398 1212 1452 τὸ
1250 1398 1571 1470 νομισθῆναι
1606 1400 1912 1471 ἄνθρωπον,

328 1484 768 1557 ἀπελεγχθείσης
811 1487 871 1541 ὲν
911 1488 975 1557 τῇ
1015 1486 1223 1561 λιχνείᾳ
1261 1488 1369 1541 τῶν
1402 1491 1773 1560 τραγημάτων
1816 1492 1913 1562 τῆς

329 1579 575 1650 φύσεως·
607 1578 780 1643 οὕτως
801 1580 847 1633 οἱ
868 1579 945 1652 μὴ
969 1580 1183 1651 ἀληθῶς
1203 1583 1371 1654 αὐτὴν
1397 1583 1497 1656 τὴν
1524 1583 1684 1653 φύσιν
1705 1584 1916 1639 ἑαυτῶν

326 1674 401 1743 τῇ
439 1672 624 1724 πίστει
653 1669 1070 1742 μορφώσαντες,
1106 1672 1302 1744 ῥᾳδίως
1331 1675 1388 1726 ἐν
1408 1676 1527 1738 ταῖς
1546 1673 1641 1727 τοῦ
1668 1674 1916 1733 διαϐόλου

327 1763 598 1835 λιχνείαις
625 1762 1120 1834 ἀπελεγχθήσονται
1138 1763 1264 1818 ἄλλο
1286 1779 1337 1817 τι
1364 1764 1514 1829 ὄντες
1544 1766 1675 1838 παρ’
1696 1768 1725 1822 δ
1746 1770 1906 1838 ἐπαγ-

326 1855 638 1925 γέλλονται.
684 1855 829 1909 ’Δντὶ
864 1854 974 1928 γὰρ
1018 1855 1262 1926 ἰσχάδος,
1296 1856 1328 1929 ἢ
1361 1858 1430 1929 ἀρ
1445 1858 1698 1932 υγδάλης,
1733 1861 1767 1933 ἢ
1808 1861 1917 1915 τῶν

2019 671 2165 725 illam
2189 686 2325 727 vero
2350 673 2485 727 nihil
2525 681 2866 739 cunctatam,
2903 681 2965 727 ut
2994 673 3192 728 viderit
3215 682 3344 730 aute
3371 676 3603 731 chorum
3652 663 3667 679 ’

2016 762 2265 834 dispersa
2318 765 2623 836 amygdala,
2656 766 2887 822 oblitam
2921 774 2974 821 et
2993 766 3331 829 saltationis,
3362 777 3417 822 et
3446 768 3604 837 plau-

2017 867 2203 915 suum,
2233 861 2288 906 et
2320 854 2998 920 vestisornamentorum,
3061 855 3374 910 accurrisse
3403 858 3469 911 ad
3513 872 3602 918 ea,

2015 951 2071 998 et
2100 958 2360 999 manuum
2402 946 2599 1015 palmis
2620 947 2918 1018 collegisse
2955 962 3079 1017 quae
3110 947 3399 1012 inveniret,
3441 954 3496 1003 et
3536 963 3605 1003 ne

2017 1034 2414 1106 impedimento
2438 1043 2613 1103 esset,
2662 1052 2958 1108 personam
2991 1038 3073 1092 ori
3113 1036 3425 1094 detraxisse
3458 1036 3605 1091 cele-

2016 1128 2173 1191 riter,
2204 1135 2369 1199 atque
2391 1130 2664 1200 unguibus
2684 1130 2799 1185 suis
2815 1130 3194 1186 assimulatam
3217 1127 3448 1184 formam
3476 1142 3604 1182 cor-

2016 1220 2235 1291 rupisse
2288 1227 2454 1292 atque
2506 1221 2863 1287 dilacerasse,
2914 1229 3083 1295 atque
3116 1222 3195 1276 ita
3221 1236 3320 1292 pro
3347 1219 3605 1275 laudibus

2016 1320 2072 1370 et
2098 1313 2460 1371 admiratione
2488 1314 2660 1371 risum
2710 1315 2926 1370 abunde
2958 1314 3367 1386 spectatoribus
3395 1313 3604 1368 movis-

2018 1418 2097 1469 se,
2131 1412 2194 1459 ut
2218 1420 2341 1475 quae
2365 1406 2544 1475 turpis
2592 1420 2657 1459 ac
2680 1404 2912 1461 ridicula
2967 1420 3034 1461 ex
3066 1418 3317 1475 personae
3353 1402 3605 1473 reliquiis

2017 1510 2078 1552 se
2099 1497 2545 1567 conspiciendam
2585 1497 2870 1567 praeberet.
2928 1495 3402 1563 Quemadmodum
3435 1494 3605 1566 igitur

2018 1586 2097 1642 illi
2137 1602 2247 1642 non
2274 1588 2413 1642 satis
2455 1586 2557 1642 fuit
2590 1587 2725 1643 falsa
2748 1596 2910 1658 atque
2932 1585 3254 1643 assimulata
3287 1585 3606 1654 adscitaque

2019 1677 2217 1742 forma,
2248 1680 2315 1734 ad
2342 1680 2448 1735 hoc
2486 1690 2545 1734 ut
2584 1682 2750 1737 homo
2784 1681 3222 1743 existimaretur,
3263 1677 3605 1748 deprehensa

2017 1784 2114 1840 per
2146 1770 2440 1840 ingluviem
2474 1771 2829 1827 bellariorum
2857 1780 3053 1825 natura
3080 1789 3092 1826 :
3125 1770 3199 1825 ita
3224 1770 3319 1840 qui
3345 1784 3454 1823 non
3482 1784 3605 1823 vere

2017 1860 2193 1932 ipsam
2228 1869 2483 1917 naturam
2531 1879 2687 1919 suam
2734 1864 2839 1920 fide
2878 1862 3256 1928 formaveriut,
3291 1861 3449 1917 facile
3508 1876 3605 1930 per

326 1946 594 2001 τοιούτων
629 1947 808 2011 τινὸς,
837 1944 897 2000 τὸ
926 1947 1200 2013 κενόδοξον
1248 1948 1343 2002 καὶ
1373 1949 1673 2021 φιλότιμον,
1719 1952 1813 2006 καὶ
1851 1953 1914 2007 τὸ

2019 1952 2217 2008 diaboli
2272 1969 2457 2010 escam
2512 1966 2566 2010 et
2623 1957 2919 2025 ingluviem
2980 1956 3402 2018 convincentur,
3452 1953 3601 2023 quod

330 2040 648 2111 φιλοκερδὲς
689 2040 783 2093 καὶ
821 2040 1130 2112 φιλήδονον,
1177 2043 1272 2096 καὶ
1311 2043 1411 2096 ὅσα
1447 2043 1582 2098 ἄλλα
1627 2045 1850 2100 τοιαῦτα
1878 2049 1915 2120 ἠ

2019 2044 2165 2099 aliud
2196 2045 2308 2100 sint
2342 2055 2506 2115 atque
2536 2061 2649 2117 prae
2682 2061 2740 2101 se
2769 2045 2947 2100 ferant
2978 2059 3042 2099 ac
3082 2044 3467 2113 profiteantur.
3495 2041 3603 2097 Pro

333 2133 483 2205 κακὴ
510 2132 606 2186 τοῦ
627 2133 877 2188 διαϐόλου
901 2134 1098 2206 ἀγορὰ,
1118 2137 1231 2200 τοῖς
1252 2136 1453 2207 λίχνοις
1481 2137 1590 2192 τῶν
1612 2138 1915 2211 ἀνθρώπων

2019 2135 2222 2190 caricis
2248 2134 2394 2191 enim
2426 2136 2510 2191 vel
2549 2136 2873 2207 amygdalis,
2919 2143 3015 2191 aut
3073 2132 3387 2203 hujusmodi
3417 2133 3603 2201 aliquo

331 2228 460 2280 ἀντὶ
477 2226 847 2297 τραγημάτων
876 2227 1210 2297 προτιθεῖσα,
1243 2229 1438 2301 ῥᾳδίως
1463 2230 1544 2294 εἰς
1560 2230 1776 2301 ἔλεγχον
1793 2230 1916 2301 ἄγει

331 2320 434 2383 τὰς
466 2318 795 2389 πιθηκώδεις
821 2318 1000 2391 ψυχὰς
1023 2361 1039 2385 ,
1069 2319 1125 2373 οἶ
1148 2318 1255 2373 διάν
1284 2321 1569 2392 μιμήσεως
1616 2323 1917 2392 ἐσχηματι-

329 2413 544 2484 σμένης
572 2412 666 2465 τὸν
696 2411 1123 2482 Χριστιανισμδν
1158 2411 1554 2481 ὑποκρίνονται.
1579 2413 1641 2467 τὸ
1679 2413 1779 2483 τῆς
1808 2431 1914 2467 σω-¹

327 2505 609 2577 φροσύνης
639 2504 679 2575 ἢ
706 2505 771 2559 τδ
806 2505 906 2575 τῆς
933 2504 1264 2575 πραότητος,
1289 2504 1323 2576 ἦ
1358 2521 1501 2569 τινος
1523 2505 1686 2576 ἄλλης
1710 2505 1915 2577 ἀρετῆς

328 2600 677 2668 προσωπεῖον
722 2598 782 2650 ἐν
820 2594 899 2666 τῷ
952 2594 1130 2668 καιρῷ
1172 2596 1283 2649 τῶν
1328 2596 1666 2667 παθημάτων
1700 2598 1934 2676 ἑαυτοῖς,

328 2687 705 2755 ἀφανίζοντες.
754 2685 963 2741 Οὐκοῦν
1011 2688 1306 2755 ἀναγκαῖον
1351 2687 1417 2741 ἂν
1457 2689 1543 2758 είη
1588 2690 1777 2759 νοῆσαι
1816 2688 1911 2742 τοῦ

329 2778 759 2849 Χριστιανισμοῢ
793 2778 855 2831 τὸ
892 2778 1217 2850 ἐπάγγελμα
1239 2795 1252 2809 °
1288 2778 1430 2851 τάχα
1463 2778 1530 2834 ἂν
1555 2779 1714 2833 τοῦτο
1735 2779 1913 2849 γενοί-

330 2871 497 2941 μεθα,
523 2870 659 2941 ὅπερ
679 2869 739 2923 τὸ
769 2869 938 2940 ὄνομα
968 2869 1252 2940 βούλεται,
1283 2870 1370 2924 ἵνα
1402 2869 1476 2941 μὴ
1507 2869 1636 2943 ψιλῇ
1669 2873 1735 2943 τῇ
1760 2872 1913 2942 ¹ὀμο-

330 2958 516 3030 λογίᾳ,
540 2959 635 3012 καὶ
660 2957 738 3030 τῷ
763 2960 1114 3031 προσχήματι
1138 2958 1230 3013 τοῦ
1257 2960 1518 3030 ὀνόματος
1549 2960 1711 3032 μόνου
1742 2977 1913 3016 κατα,

331 3050 722 3122 μορφούμενοι,
756 3050 885 3106 ἄλλο
915 3069 970 3104 τι
1004 3051 1153 3123 παρά
1182 3053 1241 3106 τὸ
1271 3052 1595 3124 φαινόμενον
1630 3052 1802 3119 ὄντες,
1836 3051 1913 3125 τῷ

330 3144 402 3197 τὰ
429 3143 646 3217 κρυπτά
677 3143 978 3214 καθορῶντι
1006 3144 1331 3217 ἐπιδειχθείη
1341 3162 1458 3215 μεν.

2014 2227 2159 2288 cibo,
2191 2242 2329 2282 vana
2357 2227 2549 2299 gloria,
2583 2228 2830 2292 ambitio,
2865 2226 3002 2282 lucri
3038 2227 3445 2297 voluptatisque
3480 2232 3601 2280 stu-

2014 2319 2167 2374 dium
2199 2330 2253 2375 et
2274 2333 2617 2390 quaecunque
2645 2327 2773 2375 sunt
2814 2318 2918 2373 alia
2945 2318 3258 2388 hujusmodi
3292 2318 3455 2382 mala,
3485 2316 3603 2370 dia-

2010 2411 2122 2468 boli
2182 2426 2402 2467 annona
2457 2412 2580 2468 loco
2638 2413 2994 2468 bellariorum
3061 2412 3238 2468 avidis
3284 2411 3602 2466 hominibus

2009 2504 2312 2575 proposita,
2352 2504 2635 2560 simiarum
2668 2505 2876 2561 similes
2912 2505 3127 2561 animos
3153 2504 3311 2559 facile
3339 2505 3601 2574 produnt,

2011 2596 2103 2666 qui
2139 2612 2233 2665 per
2271 2599 2455 2652 tictam
2501 2597 2860 2652 imitationem
2901 2596 3383 2653 Christianismum
3428 2595 3599 2650 simu—

2012 2687 2151 2753 lant,
2176 2690 2575 2759 temperantize,
2617 2690 3083 2754 mansuetudinis,
3112 2696 3207 2745 aut
3232 2688 3469 2756 alicujus
3522 2686 3603 2739 al-

2020 2781 2194 2836 terius
2219 2781 2438 2837 virtutis
2464 2796 2753 2851 personam
2792 2782 2846 2836 in
2879 2789 3125 2850 tempore
3159 2780 3514 2835 amictiunum
3548 2784 3603 2832 et

2019 2872 2397 2928 calamitatum
2426 2875 2532 2929 sibi
2583 2873 2942 2930 detrahentes
2967 2882 3021 2929 et
3070 2880 3407 2928 amoventes.
3435 2870 3604 2941 igitur

2020 2979 2248 3019 necesse
2314 2962 2478 3019 fuerit
2510 2965 2867 3020 considerare
2899 2973 2954 3020 et
2997 2964 3301 3035 intelligere
3329 2960 3603 3017 Christia-

2021 3054 2184 3111 nismi
2210 3053 2609 3125 professionem
2649 3073 2662 3109 :
2706 3054 2956 3112 fortassis
3005 3056 3151 3111 enim
3179 3054 3297 3110 fieri
3328 3053 3603 3125 possimus

1940 3138 1989 3200 C
2021 3146 2074 3202 id
2124 3148 2267 3217 quod
2310 3161 2508 3203 nomen
2543 3147 2675 3203 illud
2724 3148 2827 3204 sibi
2855 3150 2991 3214 vult,
3024 3163 3093 3204 ne
3124 3149 3254 3202 dum
3286 3146 3431 3203 nuda
3474 3159 3603 3216 pro-

331 3233 573 3289 fessione
604 3249 669 3290 ac
700 3235 882 3307 specie
909 3243 1286 3309 pmtextuque
1313 3236 1484 3292 solius
1514 3236 1771 3293 nominis
1803 3235 2152 3308 insigniinur,
2186 3236 2333 3295 aliud
2376 3245 2540 3309 atque
2577 3237 2859 3295 videamur
2889 3253 3013 3294 esse
3044 3237 3113 3293 ab
3142 3253 3209 3294 eo
3250 3237 3343 3308 qui
3385 3235 3604 3292 occulta

331 3330 579 3385 intuetur
599 3329 617 3361 ¹
646 3328 1111 3386 demonstremur.

404 3492 473 3545 Τί
499 3490 678 3546 τοίνυν
703 3491 732 3544 ό
762 3491 1190 3563 Χριστιανισμδς
1218 3490 1284 3558 ἐξ
1309 3491 1479 3562 αὐτῆς
1508 3492 1609 3562 τῆς
1640 3508 1915 3564 προσηγορε

334 3584 460 3658 ρίας
487 3583 721 3648 νοεῖται,
764 3581 979 3653 πρῶτον
1007 3580 1454 3652 ἐπισκεψώμεθα.
1494 3582 1650 3635 Ἔστι
1683 3582 1781 3653 μὲν
1819 3577 1916 3636 οὖν

334 3673 493 3746 παρά
515 3672 624 3726 τῶν
656 3671 983 3743 σοφωτέρων
1030 3670 1255 3742 μείζονά
1282 3689 1403 3726 τινα
1447 3671 1540 3725 καὶ
1573 3672 1916 3743 μεγαλοφυε-

334 3765 533 3835 στέραν
574 3764 789 3827 πάντως
817 3761 1166 3835 ἐξευρεθῆναι
1206 3763 1465 3830 διάνοιαν,
1499 3764 1917 3836 συνεπηρμένην

331 3858 412 3929 τῷ
444 3856 634 3928 ὑψηλῷ
666 3854 761 3910 τοῦ
786 3856 1067 3927 ὀνόματος.
1102 3856 1169 3908 ’Δ
1195 3856 1251 3909 δὲ
1275 3858 1435 3928 ἡμεῖς
1471 3856 1756 3928 χωροῦμεν
1784 3858 1914 3929 περὶ

332 3948 529 4001 τούτου
568 3946 660 4000 τοῦ
694 3946 987 4017 ὀνόματος,
1032 3944 1210 3999 ταῦτά
1254 3946 1390 3999 ἐστι’
1438 3946 1512 3999 Τὸ
1548 3945 1642 4000 τοῦ
1674 3945 1914 4018 Χριστοῦ

333 4041 531 4111 ὄνομα,
556 4039 605 4092 εί
636 4037 771 4110 πρὸς
788 4037 868 4121 ,τὸ
904 4036 1237 4109 σαφέστερόν
1278 4054 1341 4091 τε
1370 4037 1465 4091 καὶ
1493 4037 1917 4109 γνωριμώτερον

337 4134 496 4204 ῥῆμα
530 4128 903 4203 μετενεχθηείη,
933 4129 1026 4183 τὸν
1066 4128 1291 4199 βασιλέα
1318 4129 1595 4200 σημαίνει,
1624 4129 1725 4200 τῆς
1754 4130 1917 4199 ἁγίας

334 4222 561 4293 Γραφῆς
588 4220 684 4291 τὴν
714 4219 995 4291 βασιλικὴν
1034 4220 1191 4288 ἀξίαν
1222 4223 1290 4292 τῇ
1317 4219 1539 4292 τοιαύτῃ
1579 4223 1731 4292 φωνῇ
1775 4221 1920 4276 κατά

332 4334 459 4371 τινα
492 4315 795 4381 ἰδιάζουσαν
821 4314 1017 4386 χρῆσιν
1046 4314 1477 4384 ἐνδεικνυμένης.
1528 4312 1667 4367 Ἀλλ’
1696 4312 1921 4386 ἐπειδὴ,

2094 3489 2460 3560 Quamobrem
2513 3490 2785 3561 imprimis
2819 3490 2951 3562 quid
2984 3505 3051 3546 ex
3080 3488 3202 3560 ipsa
3243 3488 3606 3560 appellatione

2019 3597 2118 3653 per
2203 3581 2717 3638 Christianismum.
2763 3581 3102 3652 intelligatur
3167 3580 3601 3636 consideremus.

2017 3673 2167 3731 Fieri
2220 3674 2386 3746 igitur
2448 3681 2651 3746 potest,
2708 3682 2770 3729 ut
2812 3688 2844 3727 a
2897 3671 3334 3744 sapientioribus
3381 3671 3602 3742 quidem

2020 3768 2195 3837 major
2227 3767 2387 3837 plane
2415 3766 2731 3836 etramplior
2773 3765 3109 3828 intellectus,
3150 3765 3244 3835 qui
3282 3763 3602 3820 sublimitati

2022 3858 2263 3913 nominis
2290 3857 2640 3928 respondeat,
2678 3856 3042 3928 excogitetur.
3094 3856 3226 3923 Quae
3265 3866 3448 3911 autem
3503 3870 3607 3912 nos

2023 3965 2221 4019 capere
2275 3957 2330 4004 et
2373 3949 2677 4020 intelligere
2734 3949 2804 4005 de
2858 3948 2963 4003 hoc
3018 3949 3239 4004 nomine
3287 3961 3606 4018 possumus,

2025 4042 2140 4096 haec
2163 4048 2293 4096 sunt
2310 4058 2340 4096 .:
2360 4040 2563 4096 Christi
2596 4040 2889 4107 nomen,isi
2917 4040 2984 4095 ad
3014 4039 3306 4095 dilucidius
3326 4037 3610 4112 magisque

2024 4135 2392 4205 perspicuum
2419 4141 2476 4189 et
2521 4126 2801 4189 intellectu
2852 4130 3071 4187 facilius
3099 4131 3327 4188 verbum
3365 4129 3607 4184 transfe-

2024 4233 2200 4291 ratur,
2220 4239 2401 4294 regem
2431 4223 2728 4295 significat,
2746 4223 2949 4294 quippe
2970 4237 3096 4276 cum
3115 4230 3306 4277 sancta
3320 4220 3608 4289 Scriptura

2026 4314 2344 4384 hujusmodi
2381 4331 2516 4371 voce
2547 4314 2809 4385 peculiari
2841 4313 3082 4383 quodam
3146 4328 3248 4367 usu
3284 4312 3489 4383 regiam
3524 4312 3610 4366 in-

336 4408 525 4475 καθώς
557 4426 719 4481 φησιν
765 4411 798 4483 ἡ
833 4410 1048 4481 Γραφὴ,
1076 4408 1355 4481 άφραστόν
1389 4409 1507 4462 ἐστι
1543 4407 1604 4461 τὸ
1628 4408 1782 4461 Θεῖον
1822 4408 1918 4462 καὶ

2020 4405 2167 4462 dicet
2216 4406 2562 4476 dignitatem.
2618 4404 2725 4460 Sed
2764 4405 3049 4475 quoniam,
3082 4414 3143 4459 ut
3171 4404 3249 4458 ait
3297 4402 3605 4474 Scriptura,

337 4504 723 4575 ἀκατάληπτον
746 4545 762 4569 ,
818 4502 998 4574 πάσης
1052 4502 1448 4574 ὑπερκείμενον
1504 4501 1924 4575 καταληπτικῆς

337 4596 615 4660 ἐπινοίας,
652 4596 964 4664 ἀναγκαίως
984 4596 1033 4648 οἱ
1061 4593 1139 4665 τῷ
1171 4594 1309 4666 ἁγίῳ
1337 4592 1617 4664 Πνεύματι
1642 4592 1926 4665 θεοφορούι

344 4703 498 4756 μενοι
536 4685 815 4756 προφῆται
854 4686 948 4738 καὶ
981 4682 1289 4748 ἀπόστολοι,
1332 4681 1547 4745 πολλοῖς
1586 4681 1815 4753 ὀνόμασί
1863 4698 1923 4735 τε

344 4776 441 4829 καὶ
476 4776 738 4845 νοήμασιν
765 4773 858 4828 ἐπὶ
885 4774 985 4845 τὴν
1011 4772 1228 4826 σύνεσιν
1258 4770 1358 4842 τῆς
1393 4770 1679 4842 ἀφθάρτου
1710 4768 1924 4839 φύσεως

344 4868 498 4937 ἡμᾶς
538 4866 969 4936 χειραγωγοῦσιν
993 4883 1007 4899 ο
1052 4864 1216 4920 ἄλλου
1251 4863 1390 4934 πρὸς
1428 4862 1557 4918 ἄλλο
1584 4880 1639 4916 τι
1668 4860 1778 4915 τῶν
1806 4860 1925 4915 θεο-

339 4958 575 5031 πρεπῶν
602 4958 889 5029 νοημάτων
922 4958 1070 5028 ἡμᾶς
1097 4955 1493 5021 δίευθύνοντος,
1522 4953 1661 5009 ὥστε
1691 4953 1792 5026 τὴν
1827 4954 1927 5026 μὲν

341 5052 439 5105 ἐπὶ
469 5050 685 5104 πάντων
729 5049 978 5115 ἐξουσίαν
1005 5049 1083 5121 τῷ
1114 5051 1213 5119 τῆς
1256 5038 1530 5120 βασιλείας
1561 5048 1925 5120 ὀνόματιπα·

272 5182 285 5192 .
344 5139 706 5213 ραδηλοῦσθαι
726 5156 741 5171 ο
764 5140 823 5194 τὸ
844 5140 901 5193 δὲ
943 5141 1149 5203 πάθους
1177 5138 1377 5202 παντὸς
1402 5139 1494 5193 καὶ
1522 5139 1723 5203 κακίας
1742 5138 1926 5203 πάσης

339 5233 548 5303 ἀμιγὲς
575 5233 669 5286 καὶ
696 5231 978 5306 ἐλεύθερον
1007 5234 1120 5295 τοῖς
1146 5231 1245 5302 τῆς
1277 5229 1479 5303 ἀρετῆς
1508 5228 1767 5301 ὀνόμασιν
1806 5231 1926 5284 ὀνοτ

343 5322 647 5396 μάζεσθαι,
689 5323 927 5393 ἐκάστης
958 5322 1095 5393 πρὸς
1139 5321 1201 5374 τὸ
1237 5323 1483 5393 κρεῖττον
1529 5322 1830 5392 νοουμένης
1865 5338 1926 5374 τε

340 5418 438 5471 καὶ
456 5416 779 5488 λεγομένης·
806 5414 948 5469 ὥστε
966 5415 1026 5468 τὸ
1047 5413 1181 5467 αὐτὸ
1201 5412 1547 5482 δικαιοσύνην
1566 5430 1627 5467 τε
1650 5407 1809 5478 εἶναι,
1832 5410 1929 5468 καὶ

342 5511 538 5578 σοφίαν
559 5548 574 5571 ,
601 5508 699 5561 καὶ
736 5505 987 5577 δύναμιν,
1022 5505 1117 5558 καὶ
1154 5504 1431 5576 ἀλήθειαν,
1469 5503 1786 5575 άγαθότητά
1829 5521 1888 5556 τε
1910 5543 1925 5568 ,

340 5600 435 5651 καὶ
464 5598 633 5669 ζωὴν,
663 5596 760 5649 καὶ
782 5594 1077 5665 σωτηρίαν,
1111 5595 1203 5647 καὶ
1223 5592 1552 5665 ἀφθαρσίαν,
1584 5593 1678 5648 καὶ⁵
1706 5591 1767 5646 τὸ
1791 5593 1925 5663 ἀμεο

343 5688 604 5761 ιάὸλητόν
635 5703 696 5740 τε
723 5688 817 5739 καί
839 5683 1214 5751 ἀναλλοίωτον,
1256 5684 1348 5738 καὶ
1378 5685 1482 5739 πᾶν
1507 5684 1535 5739 ὂ
1558 5682 1608 5738 τί
1638 5682 1743 5754 πέρ
1783 5683 1928 5739 ἐστιν

410 5867 422 5897 ¹
455 5866 660 5928 Μειιιιι.
688 5878 764 5928 \‘l,
790 5862 842 5917 6.

2023 4513 2228 4554 numen
2251 4497 2497 4552 divinum
2522 4497 2705 4554 verbis
2738 4496 3002 4567 explicari
3020 4511 3093 4552 .ac
3122 4495 3329 4567 percipi
3362 4510 3473 4551 non
3508 4511 3607 4567 pn-

2024 4599 2152 4657 test,
2184 4592 2386 4663 quippe
2404 4605 2533 4646 eum
2565 4605 2784 4646 omnem
2816 4596 3039 4659 superet
3060 4589 3520 4659 excogitationem
3554 4597 3609 4644 et

2024 4680 2592 4751 comprehensionem,
2650 4679 2967 4736 necessario
2996 4680 3090 4750 qui
3137 4678 3373 4749 Spiritus
3432 4680 3610 4735 sancti

2024 4774 2250 4831 nomine
2294 4772 2559 4829 divinitus
2613 4770 2965 4841 rapiebantur
2981 4770 3261 4841 prophetae
3293 4780 3459 4840 atque
3485 4783 3612 4840 apo-

2026 4865 2175 4928 stoli,
2240 4863 2429 4919 multis
2458 4862 2795 4926 nominibus,
2853 4862 3175 4918 nationibus
3210 4869 3266 4917 et
3288 4859 3610 4916 considera-

2026 4956 2269 5012 tionibus
2298 4954 2366 5009 ad
2412 4953 2829 5024 intelligendum
2859 4952 3326 5023 incorruptibilem
3360 4958 3612 5005 naturam

2027 5062 2132 5103 nos
2163 5047 2326 5119 quasi
2353 5034 2525 5101 manu
2552 5046 2787 5110 ducunt,
2815 5045 2959 5102 alius
2987 5045 3056 5099 ad
3086 5045 3250 5100 aliam
3291 5041 3614 5098 considera-

2028 5139 2233 5196 tionem
2268 5146 2323 5193 et
2354 5138 2694 5193 intellectum
2739 5136 2851 5193 Deo
2881 5136 3298 5193 convenientem
3350 5148 3452 5189 nos
3480 5133 3615 5187 diri-

2029 5236 2239 5300 gentes,
2278 5235 2337 5281 ut
2376 5228 2495 5297 ipsa
2527 5228 2746 5298 quidem
2789 5228 3060 5283 omnibus.
3088 5226 3343 5296 imposita
3373 5230 3615 5295 potestas

2028 5320 2182 5391 regni
2236 5319 2455 5375 nomine
2487 5319 2831 5387 declaretur;
2874 5335 2937 5377 ea
2989 5334 3121 5375 vero
3176 5318 3259 5371 vis
3286 5333 3407 5387 qua:
3437 5316 3616 5371 omnis

2030 5411 2269 5467 allectus.
2301 5410 2839 5482 perturbationisque
2888 5424 3110 5479 expers,
3159 5407 3307 5463 etab
3346 5405 3495 5462 omni
3534 5405 3615 5459 vi-

2032 5504 2273 5560 tiositate
2320 5519 2386 5559 ae
2432 5503 2640 5559 malitia
2695 5516 2865 5556 vacua
2914 5514 2975 5554 ac
3017 5498 3188 5554 libera
3229 5506 3338 5564 est,
3394 5496 3615 5553 virtutis

2033 5595 2350 5652 nominibus
2373 5593 2723 5665 designetur;
2764 5595 2835 5648 ita
2870 5601 2929 5647 ut
2962 5606 3308 5661 unaqumque
3332 5590 3508 5644 virtus
3550 5588 3615 5644 de

2033 5695 2230 5745 natura
2262 5687 2654 5747 excellentiorc
2687 5697 2799 5742 tum
2837 5685 3076 5747 dicatur,
3108 5690 3220 5738 tum
3250 5682 3633 5753 intelligatur;
