4106 6426
590 438 697 494 9.ιὸ
1860 443 1913 497 S.
1954 441 2153 499 GREGi

2252 442 2280 499 ll
2317 441 2613 500 NYSSENI
3747 436 3856 493 2M

592 564 756 626 atque
789 555 929 612 idem
964 557 1036 613 sit
1069 566 1124 615 et
1146 558 1387 629 iustitia,
1427 570 1482 617 et
1503 564 1790 635 sapientia,
1825 575 1879 620 et
1904 566 2153 636 potentia

2273 564 2476 638 ὑψηλόν
2526 568 2705 638 νόημα
2744 564 2833 619 διὰ
2866 562 2978 618 τῶν
3024 562 3285 618 τοιούτων
3322 559 3605 634 ὀνομάτων
3655 558 3852 631 δηλού-

502 628 517 645 .
589 654 644 702 et
672 648 875 705 veritas
900 628 1225 721 bonitasque
1254 661 1309 707 et
1330 652 1461 717 vita,
1487 628 1603 708 tum
1628 628 1798 718 salus»,
1830 628 2153 724 incorrupti-

2273 628 2453 729 μενον,
2495 628 2673 713 πάντα
2718 658 2813 711 τὸν
2852 656 3087 728 Χριστὸν
3117 655 3213 710 καὶ
3245 652 3388 708 εἶναι
3417 628 3523 707 ’καὶ
3564 628 3850 722 λέγεσθαι.

590 735 775 793 bilitas
818 738 1331 810 immortalitasque,
1379 749 1494 796 tum
1545 744 1820 798 immutari
1856 760 1918 798 ac
1966 747 2153 800 variari

2268 750 2332 802 Εἰ
2360 748 2538 804 τοίνυν
2566 748 2857 820 περίληψις
2891 748 3093 811 παντὸς
3118 745 3326 818 ὑψηλοῦ
3364 746 3645 816 νοήματος
3684 746 3745 797 ὲν
3774 741 3853 814 τῷ

589 826 779 882 nescia
794 826 992 893 virtus,
1012 836 1068 883 et
1096 830 1410 914 quicunque
1433 831 1684 888 sublimis
1721 841 1806 888 est
1830 832 2153 902 intellectus,

2266 840 2361 894 τοῦ
2387 840 2624 912 Χριστοῦ
2645 844 2846 895 νοεῖται
2869 838 3094 909 ὀνόματι
3133 837 3234 910 (τῷ
3265 836 3372 907 γὰρ
3402 836 3726 906 ὑψηλοτέρῳ
3744 833 3854 888 τῶν

588 919 683 987 qui
710 932 810 989 per
839 918 955 974 haec
1002 920 1224 975 nomina
1275 920 1606 984 declaretur,
1643 925 1828 977 omnia
1861 924 1997 978 nihil
2019 925 2153 978 aliud

2269 930 2680 1003 σημαινομένων
2711 933 2804 984 καλ⁸
2826 930 2898 984 τά
2930 927 3092 984 λοιπά
3121 927 3433 1000 περιέχεται
3452 968 3467 992 ,
3508 925 3584 990 ὡς
3615 925 3851 979 ἕκαστον

589 1024 755 1080 quam
789 1009 1047 1066 Christus
1072 1020 1127 1067 et
1147 1011 1256 1066 sint
1285 1018 1339 1066 et
1364 1012 1640 1067 dicantur.
1676 1014 1734 1070 Si
1787 1014 1954 1084 igitur
1984 1017 2153 1072 omnis

2264 1019 2374 1071 τῶν
2402 1018 2576 1073 ἄλλων
2618 1022 2684 1090 τῇ
2734 1018 2911 1090 ἐννοίᾳ
2943 1017 3042 1087 τῆς
3090 1016 3367 1088 βασιλείας
3409 1013 3847 1084 ὲνθεωρεῖσθαι),

591 1101 848 1156 sublimis
883 1101 1196 1156 intellectus
1220 1101 1274 1155 in
1293 1100 1499 1156 Christi
1527 1103 1747 1159 nomine
1775 1103 2153 1173 comprehendi

2264 1108 2404 1178 τάχα
2434 1107 2503 1162 δι’
2524 1107 2816 1161 ἀκολούθου
2844 1107 3053 1175 γένοιτο
3086 1107 3151 1162 ἄν
3179 1122 3264 1169 τις
3289 1107 3421 1176 ήμϊν
3454 1105 3553 1175 τῆς
3575 1102 3676 1156 τοῦ
3716 1102 3850 1175 X9:-

590 1194 912 1263 intelligitur
944 1192 1274 1263 (sublimiori
1324 1194 1470 1248 enim
1503 1194 1905 1265 signiﬁcatione
1953 1196 2153 1266 reliqua

2268 1198 2587 1269 στιανισμοῦ
2638 1198 2935 1270 ἑρμηνείας
2984 1200 3020 1270 ή
3078 1196 3428 1267 κατανόησις.
3487 1196 3551 1248 Ei
3605 1194 3722 1267 γὰρ
3773 1195 3852 1268 τῷ

587 1298 807 1355 quoque
841 1285 1213 1351 continentur,
1251 1286 1327 1340 ita
1361 1295 1422 1341 ut
1441 1294 1762 1343 cancrorum
1820 1287 2153 1358 unumquod-

2266 1289 2587 1362 ὑπερέχοντι
2617 1288 2724 1343 τῶν
2749 1290 2850 1360 τῆς
2875 1289 3156 1360 ἀφθάρτου
3192 1287 3407 1357 φύσεως
3428 1285 3850 1358 ἑρμηνευτικῶν

587 1390 694 1446 que
731 1389 928 1431 nomen
951 1377 1005 1431 in
1052 1377 1274 1434 notione
1302 1386 1359 1433 et
1413 1378 1695 1433 intellectu
1733 1380 1883 1451 regni
1917 1378 2153 1435 conside

2263 1381 2542 1452 ὀνομάτων
2580 1378 3053 1452 συνονομαζόμεθα
3089 1380 3138 1433 oi
3184 1379 3274 1432 διὰ
3305 1381 3405 1450 τῆς
3439 1380 3520 1442 εἰς
3558 1377 3727 1431 αὐτὸν
3759 1376 3847 1429 πί-

586 1468 787 1539 retur),
809 1469 1042 1525 fortasse
1064 1484 1159 1540 per
1188 1472 1634 1539 consequentiam
1649 1470 1833 1541 aliquo
1855 1470 2016 1526 modo
2031 1471 2153 1540 quid

2266 1491 2437 1539 στεως
2463 1473 2600 1546 πρὸς
2636 1473 2799 1528 αὑτὸν
2832 1473 3229 1544 συναπτόμενοι
3247 1511 3262 1538 ,
3283 1471 3498 1541 ἀνάγκη
3528 1470 3687 1523 πᾶσά
3708 1468 3847 1532 ἐστι,

583 1576 684 1631 per
718 1560 1194 1619 Christianismum
1244 1562 1603 1633 signiﬁcetur,
1649 1564 2082 1619 animadvertere
2111 1572 2153 1618 et

2263 1566 2358 1619 καὶ
2383 1566 2485 1621 ὅσα
2526 1567 2662 1637 μετὰ
2692 1564 2788 1620 τοῦ
2821 1565 3084 1635 ὀνόματος
3115 1563 3307 1618 τούτου
3341 1563 3470 1633 περὶ
3496 1563 3597 1633 τὴν
3624 1561 3844 1630 ἀφθαρ-

585 1651 891 1723 intelligere
940 1655 1237 1724 possimus.
1292 1651 1349 1708 Si
1376 1654 1524 1709 enim
1583 1654 1704 1724 ejus
1736 1657 1884 1727 quod
1941 1655 2153 1710 excellit

2261 1675 2353 1712 τον
2373 1658 2586 1731 ἐκείνην
2610 1658 2895 1731 θεωρεῖται
2912 1657 3074 1727 φύσιν
3095 1657 3369 1728 νοήματα,
3384 1654 3479 1709 καὶ
3502 1652 3641 1726 πρὸς
3662 1655 3847 1706 ἐκεῖνα

585 1744 732 1798 inter
747 1757 810 1799 ea
842 1743 1064 1798 nomina
1090 1744 1289 1813 quibus
1315 1743 1746 1814 incorruptibilis
1762 1754 1816 1800 et
1840 1744 2153 1801 immortalis

2262 1748 2395 1819 ἡμῖν
2418 1748 2523 1820 τὴν
2546 1747 2864 1819 ὁμωνυμίαν
2890 1746 3031 1801 κατά
3053 1746 3114 1800 τὸ
3138 1743 3426 1800 ἀκόλουθον
3451 1743 3722 1813 γίνεσθαι.
3756 1742 3845 1805 Ὠς

585 1842 783 1890 natura
835 1836 1161 1906 explicatur,
1197 1837 1435 1892 nominis
1473 1837 1767 1907 participes
1812 1853 2023 1903 sumus,
2065 1837 2153 1908 qui

2261 1839 2370 1910 γὰρ
2393 1841 2457 1910 τῇ
2483 1840 2683 1909 μετοχῇ
2704 1836 2798 1892 τοῦ
2820 1838 3056 1909 Χριστοῦ
3081 1836 3181 1908 τὴν
3202 1835 3295 1892 τοῦ
3315 1834 3650 1908 Χριστιανοῦ
3677 1851 3844 1903 προσ-

585 1941 684 1995 per
714 1926 874 1982 ﬁdem
904 1927 958 1982 in
993 1943 1117 1983 eum
1159 1943 1284 1983 cum
1312 1929 1433 1998 ipso
1475 1929 1861 1999 conjungimur
1890 1947 1903 1983 :
1936 1929 2153 1984 omnino

2260 1930 2490 2002 ηγορίαν
2531 1931 2849 2002 ἐσχήκαμεν
2873 1971 2888 1996 ,
2940 1927 3084 1983 οὕτω
3127 1929 3394 2001 προσήκει
3426 1926 3572 1981 κατά
3604 1926 3671 1981 τὸ
3709 1927 3840 1980 ἁκόο

584 2030 811 2073 necesse
836 2026 943 2084 est,
971 2026 1032 2073 ut
1086 2020 1401 2089 quicunque
1453 2033 1567 2074 una
1599 2033 1724 2075 cum
1788 2020 1891 2075 hoc
1940 2021 2153 2077 nomine

2259 2020 2468 2083 λουθον,
2492 2021 2588 2075 καὶ
2613 2021 2832 2076 πάντων
2865 2022 3013 2093 ἡμᾶς
3036 2019 3144 2073 τῶν
3183 2019 3405 2090 ὑψηλῶν
3431 2019 3723 2089 ὀνομάτων
3746 2018 3849 2088 τήν

582 2111 731 2164 circa
761 2110 1124 2167 immortalem
1160 2111 1309 2167 illam
1340 2123 1593 2168 naturam
1632 2113 2157 2170 consideranturin-

579 2201 858 2266 tellectus,
886 2217 983 2272 per
1011 2203 1460 2272 consequentiam
1499 2220 1624 2260 cum
1658 2205 1769 2261 illis
1819 2221 2035 2276 quoque
2061 2220 2161 2261 no.

582 2294 668 2349 bis
691 2294 1003 2349 communio
1034 2295 1278 2351 nominis
1310 2297 1402 2351 sit.
1454 2295 1525 2351 Ut
1553 2298 1699 2352 enim
1741 2296 2161 2367 participatione

581 2384 812 2449 Christi,
861 2384 1164 2441 Christiani
1205 2387 1620 2458 appellationem
1674 2389 1855 2459 adepti
1902 2405 2086 2447 sumus
2146 2407 2162 2444 :

581 2474 658 2527 ita
698 2490 795 2545 per
825 2488 1173 2546 consequens
1191 2479 1448 2532 convenit
1479 2478 1723 2533 omnium
1742 2492 1961 2551 quoque
1988 2480 2159 2536 subli-

2258 2112 2549 2167 κοινωνίαν
2588 2111 2934 2183 ἐφέλκεσθαι.
2976 2111 3089 2166 Καὶ
3132 2110 3383 2183 καθάπερ
3416 2110 3508 2164 ἐπὶ
3540 2110 3785 2173 ἁλύσεως
3810 2110 3840 2162 6

2256 2205 2358 2276 τὴν
2405 2204 2549 2259 κατὰ
2596 2204 2660 2258 τὸ
2704 2204 2874 2276 ἄκρον
2917 2203 3166 2276 ἀγκύλην
3210 2203 3698 2272 ἐπισπασάμενος,
3743 2201 3842 2264 τὰς

2260 2296 2521 2369 συμφυῶς
2547 2297 2812 2368 ἐχομένας
2839 2296 3087 2368 ἀλλήλων
3113 2296 3203 2350 διὰ
3228 2296 3328 2368 τῆς
3359 2298 3490 2365 μιᾶς
3511 2293 3582 2350 ἂν
3610 2290 3840 2362 ἐφελκύ-

2261 2404 2414 2442 σαιτο
2435 2405 2450 2421 ο
2483 2387 2677 2452 οὕτως,
2710 2388 2898 2459 ἐπειδὴ
2931 2386 3009 2458 τῷ
3043 2374 3139 2441 τοῦ
3168 2386 3406 2459 Χριστοῦ
3442 2386 3671 2457 ὀνόματι
3706 2402 3840 2455 συμ-

2261 2479 2412 2549 φυῶς
2429 2478 2541 2550 ἔχει
2570 2480 2665 2533 καὶ
2685 2480 2756 2533 τά
2778 2479 2942 2534 λοιπὰ
2960 2478 3070 2532 τῶν
3091 2478 3507 2551 ἐρμηνευτικῶν
3528 2478 3632 2549 τῆς
3662 2475 3838 2547 ἀφρά-

579 2567 753 2621 mium
787 2569 1069 2623 nominum
1125 2582 1226 2624 nos
1271 2569 1544 2625 asciscere
1598 2571 2043 2626 communionem
2094 2587 2153 2628 ac

2260 2589 2387 2625 στου
2412 2572 2504 2625 καὶ¹
2526 2571 2841 2636 πολυειδοῦς
2876 2572 3094 2641 ἐκείνης
3128 2562 3527 2643 μακαριότητος
3546 2610 3561 2632 ,
3596 2570 3839 2634 ἐπάναγ-

578 2657 921 2715 societatem.
958 2660 1037 2716 Ac
1064 2660 1522 2730 quemadmodum
1572 2661 1627 2716 in
1657 2669 1851 2718 catena
1887 2664 1980 2733 qui
2011 2675 2153 2728 eam,

2258 2682 2354 2729 κες
2377 2665 2443 2718 ἂν
2476 2665 2561 2735 εἴη
2586 2664 2677 2719 τὸν
2703 2664 2797 2719 τοῦ
2820 2665 2938 2728 ένὸς
2967 2664 3323 2736 δραξάμενον,
3355 2662 3451 2717 καὶ
3481 2663 3550 2716 τά
3577 2661 3742 2716 λοιπά
3762 2657 3836 2729 τῷ

576 2763 702 2817 qua:
738 2750 795 2805 in
825 2753 1170 2809 extremitate
1199 2761 1306 2818 est,
1340 2761 1692 2809 curvaturam
1728 2756 2030 2822 attraxerit,
2059 2770 2153 2814 eas

2258 2760 2339 2812 ἑνὶ
2372 2756 2815 2827 συνεφέλκεσθαι.

576 2865 701 2920 quae
736 2849 1083 2905 continenter
1112 2848 1254 2902 inter
1314 2861 1374 2901 se
1414 2845 1713 2911 cohaerent,
1744 2861 1844 2917 per
1884 2861 2053 2902 unam
2083 2849 2368 2904 attraxerit
2401 2866 2415 2903 :
2451 2849 2526 2902 ita
2564 2848 2823 2919 quoniam
2869 2845 3075 2902 Christi
3117 2844 3326 2901 nomini
3367 2843 3578 2914 reliqua
3620 2856 3838 2913 quoque

577 2942 781 3013 quibus
808 2940 1098 2997 ineﬁ‘abilis
1122 2954 1186 2996 ac
1223 2938 1580 2995 multiformis
1613 2939 1705 2994 illa
1722 2939 2002 2996 beatitudo
2037 2941 2362 3012 explicatur,
2391 2952 2587 2999 natura
2612 2942 2892 2998 cobzerent
2918 2948 3082 3013 atque
3116 2938 3407 3012 conjuncta
3439 2946 3594 3008 sunt,
3615 2950 3839 2995 necesse

576 3036 747 3094 fuerit
773 3049 896 3093 cum
929 3034 1020 3104 qui
1059 3046 1230 3087 unum
1263 3032 1577 3102 arripuerit,
1601 3046 1711 3087 una
1746 3046 1870 3087 cum
1908 3033 2027 3102 ipso
2051 3033 2262 3102 reliqua
2293 3048 2513 3104 quoque
2541 3032 2834 3089 attrahere.

648 3126 708 3182 Si
743 3126 866 3198 quis
892 3125 1057 3196 igitur
1082 3136 1281 3178 nomen
1306 3123 1526 3192 quidem
1560 3121 1765 3179 Christi
1794 3129 1995 3184 sumat,
2030 3136 2153 3191 quae

573 3234 707 3276 vero
744 3231 855 3273 una
884 3230 1008 3271 cum
1040 3216 1143 3270 hoc
1172 3216 1397 3270 nomine
1425 3213 1866 3281 considerantur,
1899 3215 2007 3269 vita
2041 3228 2151 3269 non

573 3309 847 3381 exprimat
884 3323 1062 3377 neque
1091 3313 1450 3377 repraasentet
1483 3323 1496 3359 :
1536 3303 1585 3361 is
1613 3320 1811 3361 nomen
1836 3298 2153 3372 ementitur,

568 3403 726 3474 juxta
754 3400 1092 3472 propositam
1122 3412 1153 3451 a
1191 3398 1352 3453 nobis
1393 3397 1809 3452 similitudinem
1858 3413 2149 3468 personam

572 3493 872 3549 inanimam
924 3491 1180 3546 humanae
1237 3488 1424 3561 ﬁgurae
1471 3490 1866 3544 conformatam
1919 3498 1975 3546 et
2014 3490 2151 3546 assi—

570 3585 817 3654 milatlm
872 3582 1046 3649 simiae
1079 3588 1383 3654 apponens.
1433 3580 1574 3637 Fieri
1626 3581 1770 3636 enim
1817 3595 1927 3636 non
1974 3587 2153 3650 potest

572 3676 705 3744 quin
722 3654 989 3737 Βῖῆιιυε
1035 3674 1108 3728 sit
1131 3681 1186 3730 et
1214 3672 1451 3743 iustitia,
1486 3680 1540 3729 et
1571 3675 1802 3743 puritas,
1834 3681 1891 3727 et
1919 3674 2148 3738 veritas,

573 3771 739 3832 atque
765 3762 1014 3833 cujusvis
1038 3764 1163 3817 mali
1200 3766 1409 3831 vitatio,
1447 3779 1622 3835 neque
1645 3765 2000 3821 Christianus
2031 3779 2154 3821 esse

570 3858 757 3921 potest
782 3852 899 3923 (qui
934 3851 1153 3922 quidem
1187 3868 1316 3908 vere
1344 3851 1697 3910 Christianus
1748 3855 1866 3927 sit),
1895 3855 1988 3925 qui
2039 3870 2151 3911 non

571 3941 792 3997 illorum
820 3941 1103 3997 nominum
1146 3959 1365 4014 quoque
1397 3946 1840 4000 communionem
1884 3954 1937 4000 et
1966 3947 2148 4003 socie-

568 4042 738 4090 tatem
770 4034 829 4089 in
862 4051 984 4091 sese
1023 4034 1299 4091 ostendat.
1337 4034 1606 4102 Quocirca
1659 4038 1802 4093 sicut
1831 4037 2150 4096 definitione

571 4127 772 4200 aliquis
792 4125 922 4199 quid
946 4127 1542 4198 pcr'Cbristianismum
1570 4129 1929 4200 signiﬁcetur,
1967 4129 2148 4185 decla-

568 4196 772 4271 raverit
799 4196 823 4270 ιβ
847 4196 1094 4272 dicemus
1150 4215 1294 4287 quod
1326 4196 1785 4275 Christianismus
1815 4219 1887 4273 sit
1916 4219 2150 4276 imitatio

569 4305 768 4360 divinae
812 4307 1148 4361 naturae.Ac
1199 4321 1360 4362 nemo
1406 4307 1710 4363 deﬁnitioni
1752 4316 2012 4379 tanquam
2053 4310 2151 4365 im-

568 4396 801 4451 modicae
845 4404 1160 4468 nostraeque
1200 4398 1563 4455 humilitatem
1609 4408 1822 4457 natura:
1864 4401 2148 4474 superanti

567 4486 841 4542 obtrectet
869 4503 884 4542 :
911 4502 1024 4543 non
1068 4490 1213 4543 enim
1260 4492 1501 4546 excessit
1529 4506 1594 4547 ea
1631 4492 1901 4548 naturam.
1931 4492 2068 4548 Nam
2099 4492 2148 4549 si

567 4577 694 4647 quis
723 4578 954 4647 primam
976 4580 1219 4635 hominis
1239 4578 1607 4638 conditionem
1639 4591 1694 4639 et
1726 4591 1929 4640 statum
1962 4585 2149 4643 consi-

567 4668 865 4734 deraverit,
924 4668 1293 4740 deprehendet
1333 4688 1398 4727 ex
1443 4671 1792 4731 documentis
1823 4674 2143 4748 Scriptura},

568 4760 715 4829 quod
744 4758 992 4816 deﬁnitio
1013 4771 1164 4816 extra
1193 4762 1414 4847 modum
1451 4773 1653 4819 nostrze
1693 4772 1904 4820 naturae
1926 4781 2146 4837 egressa
2176 4798 2224 4857 Β

566 4866 677 4907 non
705 4851 799 4909 sit.
838 4846 970 4907 Nam
997 4861 1052 4909 et
1098 4853 1273 4925 prima
1312 4842 1562 4911 “hominis
1602 4854 1891 4913 fabricatio
1921 4859 1988 4914 ad
2022 4858 2146 4914 imi-

565 4946 829 5001 tationem
876 4944 971 5000 Dei
1000 4947 1380 5005 similitudinis
1420 4958 1555 5009 erat.
1604 4946 1791 5021 Moyse
1828 4949 1895 5005 de
1924 4951 2149 5008 homine

564 5035 641 5091 ita
672 5038 1124 5109 phi1050phante,
1153 5039 1283 5094 dum
1309 5041 1408 5106 ait,
1426 5044 1452 5092 ἰ
1484 5039 1637 5097 Fecit
1671 5041 1817 5098 Deus
1843 5042 2146 5107 hominem,

562 5128 866 5185 secundum
900 5130 1192 5203 imaginem
1241 5128 1336 5188 Dei
1393 5132 1521 5189 fecit
1564 5150 1689 5190 eum
1725 5136 1767 5168 ¹⁹
1800 5155 1814 5192 :
1850 5153 1871 5187 ι
1910 5142 1964 5190 et
1986 5134 2149 5191 Chri-

564 5219 835 5275 stianismi
895 5222 1168 5292 professio
1228 5231 1333 5288 est,
1397 5225 1458 5280 ut
1512 5225 1675 5281 homo
1733 5227 2032 5284 reducatur
2077 5226 2145 5282 ad

565 5308 852 5373 pristinam
878 5320 933 5367 et
966 5315 1248 5384 antiquam
1276 5314 1615 5373 felicitatem.

636 5393 693 5447 Si
732 5397 900 5466 igitur
946 5404 1252 5472 antiquitus
1282 5400 1458 5462 homo
1517 5406 1611 5463 Dei
1650 5409 1953 5466 similitudo
2004 5419 2146 5479 erat,

568 5474 797 5566 forsitan
834 5487 980 5541 haud
1042 5493 1340 5547 absurdam
1386 5504 1440 5550 et
1494 5512 1525 5549 a
1576 5498 1860 5566 proposito
1912 5474 2145 5555 alienam

2327 3124 2391 3176 El
2424 3124 2599 3177 τοίνυν
2628 3124 2689 3177 τὸ
2712 3127 2810 3194 μὲν
2834 3122 3003 3193 ὅνομά
3030 3139 3113 3186 τις
3138 3121 3232 3176 τοῦ
3263 3121 3499 3193 Χριστοῦ
3528 3120 3832 3184 ύποδύοιτο,

2258 3214 2363 3269 ὅσα
2390 3214 2447 3269 δὲ
2474 3214 2554 3286 τῷ
2595 3215 2819 3286 ὀνόματι
2849 3213 3023 3285 τούτῳ
3057 3213 3438 3284 συνθεωρεῖται
3484 3215 3559 3286 μὴ
3603 3211 3833 3267 δεικνύοι

2257 3307 2337 3378 τῷ
2366 3306 2484 3378 βίῳ,
2517 3306 2912 3378 καταψεύδεται
2940 3305 3034 3359 τοῦ
3060 3305 3320 3376 ὀνόματος
3345 3305 3375 3358 6
3399 3301 3663 3368 τοιοῦτος,
3697 3300 3835 3355 κατὰ

2258 3399 2317 3453 τὸ
2353 3399 2613 3472 προτεθὲν
2663 3401 2797 3472 ήμῖν
2841 3398 3163 3470 ὑπόδειγμα,
3217 3398 3555 3468 προσωπεῖον
3606 3396 3828 3466 ἄψυχον,

2255 3490 2578 3564 ἀνθρωπίνῳ
2622 3490 2935 3564 χαρακτῆρι
2985 3488 3413 3562 μεμορφωμένον
3433 3528 3448 3552 ,
3480 3488 3726 3558 περιθεὶς
3756 3482 3833 3555 τῷ

2253 3581 2494 3654 πιθήκῳ.
2533 3580 2671 3636 Οὑτε
2699 3581 2807 3654 γὰρ
2840 3582 2930 3636 τὸν
2957 3581 3192 3651 Χριστὸν
3226 3580 3340 3635 ἔστι
3372 3578 3446 3652 μὴ
3490 3577 3833 3647 δικαιοσύνην

2252 3672 2410 3739 εἶναι,
2442 3674 2536 3728 καὶ
2557 3674 2925 3745 καθαρότητα,
2952 3672 3047 3727 καὶ
3070 3671 3349 3742 ἀλήθειαν,
3380 3670 3474 3724 καὶ
3500 3670 3674 3724 κακοῦ
3702 3683 3828 3722 πανο

2250 3764 2344 3828 τὸς
2392 3761 2780 3834 ἀλλοτρίωσιν,
2824 3761 2947 3815 οὗτε
2984 3761 3308 3833 Χριστιανὸν
3339 3760 3487 3814 ἐστιν
3530 3754 3672 3813 εἶναι
3706 3756 3831 3825 (τόν

2250 3871 2315 3923 γε
2346 3852 2561 3925 ἀληθῶς
2590 3851 2987 3926 Χριστιανὸν),
3018 3853 3093 3925 μὴ
3123 3851 3389 3906 κάκείνων
3413 3849 3525 3906 τῶν
3553 3847 3830 3920 ὀνομάτων

2248 3943 2347 4017 τὴν
2374 3943 2657 3999 κοινωνίαν
2687 3945 2745 3998 ἐν
2768 3941 2946 4014 ἑαυτῷ
2966 3941 3300 3997 δεικνύοντα.
3323 3939 3553 4005 Οὐκοῦν,
3570 3938 3648 4005 ὡς
3665 3940 3729 3995 ἄν
3748 3951 3827 4000 τις

2250 4037 2361 4107 ὅρῳ
2396 4033 2491 4089 τοῦ
2532 4032 2962 4108 Χριστιανισμοῦ
2992 4035 3092 4107 τήν
3130 4035 3370 4090 διάνοιαν
3408 4033 3823 4107 ὲρμηνεύσειεν,

2250 4129 2420 4196 οὕτως
2465 4129 2733 4201 ἐροῦμεν,
2776 4129 2859 4184 ὅτι
2906 4128 3332 4201 Χριστιανισμός
3374 4127 3491 4180 ἐστι
3547 4126 3651 4197 τῆς
3681 4122 3826 4185 θείας

2251 4222 2466 4291 φύσεως
2496 4221 2742 4295 μίμησις.
2772 4222 2884 4276 Καὶ
2905 4221 3092 4293 μηδεὶς
3121 4220 3196 4285 ὡς
3218 4220 3523 4291 ὑπέρογκον
3546 4221 3642 4273 καὶ
3667 4219 3826 4285 ὑπερ-

2251 4312 2501 4367 ϐαίνοντα
2527 4314 2625 4386 τὴν
2652 4313 2753 4385 τῆς
2781 4313 2996 4383 φύσεως
3026 4312 3181 4382 ήμῶν
3207 4309 3572 4381 ταπεινότητα
3610 4306 3824 4364 διαϐαλ-

2248 4402 2388 4458 λέτω
2424 4403 2515 4457 τὸν
2548 4404 2707 4477 ὄρονο
2742 4405 2804 4457 οὑ
2832 4402 2942 4474 γάρ
2982 4403 3141 4474 ἐξέϐη
3189 4403 3291 4474 τὴν
3333 4400 3495 4471 φύσιν
3529 4403 3559 4453 6
3588 4401 3731 4471 ὅρος.
3764 4394 3823 4449 Εἰ

2248 4495 2358 4566 γάρ
2388 4511 2473 4559 τις
2515 4495 2615 4565 τὴν
2657 4493 2881 4566 πρώτην
2919 4494 3251 4549 κατάστασιν
3281 4493 3379 4548 τοῦ
3415 4493 3702 4565 ἀνθρώπου
3738 4490 3822 4542 λο-

2247 4585 2481 4654 γίσαιτο,
2513 4586 2735 4657 εὑρήσει
2764 4584 2852 4639 διὰ
2882 4584 2991 4639 τῶν
3021 4585 3312 4658 Γραφικῶν
3350 4584 3715 4656 διδαγμάτων,
3744 4581 3820 4633 ὅτι

2248 4679 2349 4731 οὑκ
2383 4675 2575 4748 ἐξῆλθε
2604 4676 2671 4731 τὰ
2705 4676 2878 4749 μέτρα
2901 4676 2999 4748 τῆς
3025 4676 3237 4747 φύσεως
3266 4677 3422 4748 ήμῶν
3453 4678 3482 4730 ὁ
3511 4672 3741 4747 ὃρος.Ἥ
3764 4685 3820 4721 τε

2251 4769 2361 4840 γάρ
2395 4767 2584 4841 πρώτη
2620 4767 2715 4822 τοῦ
2752 4768 3040 4839 ἀνθρώπου
3076 4768 3386 4837 κατασκευὴ
3425 4767 3567 4821 κατά
3600 4770 3821 4837 μίμησιν

2251 4864 2350 4932 τῆς
2372 4859 2468 4914 τοῦ
2497 4860 2635 4915 Θεοῦ
2661 4859 2977 4932 ὁμοιότητος
3000 4854 3070 4931 ἦν
3098 4859 3259 4925 (οὕτω
3280 4857 3376 4911 τοῦ
3398 4856 3674 4919 Μωῦσέως
3700 4846 3820 4919 περὶ

2248 4952 2341 5007 τοῦ
2391 4950 2678 5023 ἀνθρώπου
2728 4950 3217 5021 φιλοσοφήσαντος,
3271 4949 3329 5002 ἐν
3369 4943 3451 5012 οἷς
3499 4963 3693 5017 φησιν,
3741 4942 3818 4995 ὅτι

2254 5062 2291 5095 ι·
2320 5041 2609 5114 Ἐποίησεν
2640 5045 2670 5097 6
2698 5042 2831 5106 Θεὸς
2862 5043 2953 5096 τὸν
2987 5042 3290 5112 ἄνθρωπον·
3323 5039 3444 5095 κατ’
3476 5039 3659 5092 εἰκόνα
3689 5029 3817 5088 Θεοῦ

2249 5130 2506 5203 ἐποίησεν
2533 5133 2697 5187 αὑτὸν
2718 5134 2787 5199 ι),
2809 5133 2952 5203 καὶή
2974 5131 3065 5184 τοῦ
3087 5129 3508 5201 Χριστιανισμοῦ
3529 5120 3817 5197 ἐπαγγελία

2249 5222 2368 5279 lati.
2394 5225 2455 5279 τὸ
2499 5226 2579 5289 είς
2615 5223 2714 5297 τὴν
2747 5223 2981 5296 ἀρχαίαν
3006 5222 3299 5296 εὐκληρίαν
3333 5220 3701 5293 ἐπαναχθῆναι
3730 5213 3816 5269 τὸν

2249 5315 2554 5386 ἄνθρωπον.

2322 5406 2386 5460 Εἰ
2417 5406 2474 5460 δὲ
2508 5407 2568 5461 τὸ
2618 5407 2843 5479 ἀρχαῖον
2890 5404 3025 5459 Θεοῦ
3063 5405 3314 5476 ὁμοίωμα
3345 5404 3374 5457 6
3419 5403 3701 5475 ἄνθρωπος
3728 5391 3812 5468 ἦν,

2250 5498 2391 5569 τάχα
2425 5499 2525 5552 οὐκ
2553 5498 2659 5566 ἔξω
2685 5498 2779 5551 τοῦ
2812 5497 3016 5550 σκοποῦ
3053 5499 3146 5551 τὸν
3176 5498 3403 5569 ὁρισμὸν
3446 5491 3779 5567 πεποιήμεθα
3798 5525 3812 5551 ν

516 5602 525 5637 ί
568 5563 795 5662 fecimus
850 5575 1245 5649 deﬁnitionem,
1288 5586 1382 5655 qui
1417 5587 1779 5643 imitationem
1829 5590 2029 5645 divinae
2055 5606 2150 5646 na-

2256 5563 2485 5662 μίμησιν
2522 5563 2671 5654 θείας
2702 5590 2916 5661 φύσεως
2945 5588 3034 5642 τὸν
3062 5563 3485 5661 Χριστιανισμὸν
3516 5563 3660 5643 εἶναι
3687 5587 3816 5638 ἁπο-

567 5663 703 5711 um"
733 5660 1219 5741 ῦιιτίειῑειιῑεωιιιη
1257 5692 1376 5736 esse
1398 5679 1841 5750 pronuntiamus.
1869 5681 2149 5740 Professio

2253 5660 2572 5753 ιρηνάμενοι.
2621 5680 2686 5734 Ἡ
2716 5660 2827 5751 μὲν
2867 5676 2960 5735 οὖν
2994 5680 3283 5751 ὑπόσχεσις
3326 5660 3426 5752 τῆς
3459 5673 3815 5752 προσηγορίας

639 5828 679 5856 ⁸⁸
710 5829 842 5887 Gen.
879 5852 919 5902 ι,
951 5836 1043 5889 27.
