4106 6436
256 401 352 457 iiii

1378 418 1467 474 DE
1506 416 1988 477 PROFESSIONE
2019 417 2462 476 CHRISTIANA.

3455 424 3563 482 266

258 518 391 573 οὕτω
427 521 666 596 μεγάλη.
707 527 926 601 Καιρὸς
966 530 1012 585 δ’
1041 531 1109 586 ἂν
1140 532 1226 603 εἴη
1270 532 1657 602 διασκοπῆσαι,
1701 534 1750 587 εἰ
1797 532 1858 586 τὸ

1963 530 2130 603 igitur
2183 530 2571 602 appellationis
2624 531 2700 586 ita
2755 546 2956 605 magna
2986 540 3091 590 est.
3140 532 3261 591 Non
3320 536 3561 593 alienum

256 613 331 684 μὴ
369 612 548 679 οὕτως
589 616 739 689 ἔχειν
776 625 926 678 κατὰ
971 624 1064 679 τον
1115 624 1250 696 βίον,
1287 625 1570 682 ἀκίνδυνόν
1619 628 1737 681 ἐστι
1780 625 1858 698 τῷ

256 704 691 780 προϐαλλομένῳ
716 710 778 764 c6
800 711 996 785 ὄνομα.
1028 715 1243 771 Γένοιτο
1270 717 1315 771 δ’
1343 716 1410 773 ἂν
1438 716 1501 783 ἐξ
1527 717 1860 789 ὑποδειγμά-

258 812 363 848 των
394 798 572 867 σαφὲς
605 802 667 855 τὸ
693 801 1049 878 ζητούμενοψ
1096 808 1437 864 ’Υποκείσθω
1471 827 1555 874 τις
1583 809 1858 884 γραφικὴν

260 886 738 984 ἐπαγγελλόμενος
761 893 977 967 τέχνην,
1002 898 1242 968 γενέσθω
1256 899 1314 954 δὲ
1336 900 1512 973 τούτῳ
1531 902 1859 974 πρόσταγμα

266 979 353 1028 τοῦ
384 979 748 1049 κρατοῦντος,
775 988 890 1052 τοῖς
920 988 1203 1061 πόρρωθεν
1231 992 1641 1064 ἀπῳκισμένοις
1682 994 1858 1065 χαρά-

266 1065 350 1132 ξαι
381 1069 485 1140 ἠν
515 1070 617 1143 τῆς
650 1073 933 1144 βασιλείας
966 1082 1203 1154 μορφήν.
1232 1084 1295 1138 Et
1322 1084 1502 1138 τοίνυν
1533 1084 1775 1157 εἰδεχθὲς
1803 1103 1858 1140 τι

265 1161 357 1213 καὶ
380 1160 701 1236 δύσμορφον
723 1164 863 1234 εἶδος
897 1172 993 1227 ἐπὶ
1019 1173 1111 1228 τοῦ
1141 1173 1371 1243 πίνακος
1391 1177 1748 1250 δωχαρὰξας,
1775 1179 1858 1232 si-

264 1252 397 1306 κόνι
436 1254 711 1343 βασιλέως
734 1260 832 1334 τὴν
866 1264 1155 1337 ἀσχήμονα
1182 1268 1385 1341 ταύτην
1420 1269 1635 1342 μορφὴν
1661 1272 1860 1343 ὀνομά-

262 1356 408 1442 σειεν
426 1360 441 1374 ·
485 1339 599 1442 ἆρα
638 1348 741 1403 οὐκ
770 1351 922 1442 εἰκὸς
949 1339 1456 1431 ἁγανακτῆσαιττῆν
1484 1339 1860 1427 ἕξούσίαν,ὠς

262 1433 354 1485 τοῦ
379 1433 695 1505 ἀρχετύπου
720 1440 949 1509 κάλλους
967 1444 1055 1499 διὰ
1077 1446 1177 1519 τῆς
1198 1449 1376 1520 κακῆς
1399 1449 1616 1523 ἐκείνης
1638 1454 1861 1523 γραφῆς

261 1525 322 1577 ἐν
362 1528 478 1592 τοῖς
527 1530 816 1600 ἀγνοοῦσιν
860 1536 1261 1611 ὐᾶριζομένους
1297 1534 1422 1597 Οἷον
1470 1543 1578 1615 γὰρ
1620 1543 1717 1599 ἐπὶ
1759 1544 1859 1616 τῆς

262 1618 475 1709 εἰκόνος
508 1622 570 1676 τὸ
602 1619 743 1691 εἶδος
773 1626 1066 1697 δείκνυται,
1098 1633 1365 1706 τοιαύτην
1381 1636 1597 1708 ἀνάγκη
1638 1638 1735 1691 καὶ
1759 1636 1861 1709 τὴν

261 1707 574 1800 ἀρχέτυπον
604 1716 928 1788 νομισθῆναι
955 1723 1191 1794 μορφήν.
1224 1724 1290 1778 Ei
1321 1720 1419 1780 οὖν
1453 1726 1589 1780 Θεοῦ
1627 1707 1858 1800 μίμησιν

262 1796 354 1891 τὸν
395 1797 826 1877 Χριστιανισμὸν
853 1811 883 1863 6
926 1810 1052 1881 ὅρος
1081 1813 1269 1884 φησὶν,
1309 1816 1338 1869 6
1374 1817 1540 1889 μήπω
1566 1796 1859 1891 δεξάμενος

1960 631 2147 679 autem
2202 623 2727 695 etintempestivutu
2785 623 2899 694 jam
2934 624 3100 680 fuerit
3136 625 3434 697 dispicere,
3492 642 3561 682 an

1963 715 2101 771 nihil
2126 715 2183 771 in
2217 715 2322 771 hoc
2356 715 2590 787 periculi
2622 716 2696 772 sit
2729 715 2779 773 ei
2814 716 2909 789 qui
2951 715 3058 773 hoc
3090 731 3292 773 nomen
3324 725 3565 789 praeten-

1961 808 2060 876 dit,
2113 808 2164 865 si
2218 808 2344 879 ejus
2372 810 2486 864 vita
2531 809 2660 866 talis
2705 824 2817 866 non
2847 808 2942 866 sit.
2971 810 3048 867 Ex
3100 808 3562 867 similitudinibus

1961 910 2141 957 autem
2181 901 2411 972 planum
2447 900 2609 958 nobis
2642 915 2706 957 ac
2724 902 3081 973 perspicuum
3118 901 3286 958 fuerit
3321 900 3377 957 id
3412 904 3559 972 quod

1960 993 2279 1065 querimus.
2331 992 2578 1050 Ponatur
2641 993 2844 1063 aliquis
2892 1009 3040 1061 esse,
3077 995 3175 1065 qui
3219 1001 3390 1050 artem
3435 995 3565 1065 pin-

1959 1085 2122 1159 gendi
2178 1086 2527 1158 proﬁteatur,
2587 1094 2759 1158 atque
2816 1086 2947 1143 huic
2994 1087 3256 1159 imperari
3305 1100 3337 1141 a
3382 1085 3560 1156 magi-

1962 1185 2161 1259 stratu,
2208 1187 2268 1234 ut
2307 1178 2379 1234 iis
2415 1178 2512 1251 qui
2554 1178 2747 1250 procul
2777 1166 3055 1245 habitant,
3087 1178 3233 1249 regis
3264 1176 3560 1249 imaginem

1962 1271 2195 1342 sculpat.
2244 1269 2304 1326 Si
2357 1270 2529 1344 igitur
2588 1279 2806 1341 turpem
2856 1269 3099 1341 aliquam
3147 1284 3214 1324 ac
3254 1266 3559 1324 deformem

1961 1367 2200 1438 speciem
2244 1367 2305 1422 in
2333 1365 2524 1421 tabula
2557 1364 2831 1435 scnlptam
2871 1345 3171 1434 imaginem
3220 1360 3368 1432 regis
3401 1358 3559 1414 inde-

1960 1471 2151 1512 coram
2174 1471 2296 1512 eam
2331 1455 2567 1511 formam
2590 1453 2984 1518 nominaverit,
3018 1469 3090 1508 an
3123 1468 3233 1508 non
3256 1449 3560 1507 verisimile

1960 1560 2044 1608 est
2101 1550 2508 1622 indignaturam
2564 1564 2690 1607 esse
2727 1555 3083 1622 potestatem,
3128 1546 3276 1618 quod
3310 1544 3559 1617 pulchri-

1963 1641 2097 1697 tudo
2156 1640 2484 1711 principalis
2540 1647 2766 1711 propter
2818 1637 3021 1693 malam
3077 1637 3228 1692 illam
3284 1636 3555 1706 picturam

1962 1731 2302 1803 vituperetur
2342 1733 2487 1786 inter
2518 1729 2784 1803 ignaros?
2820 1726 3014 1796 Qualis
3047 1728 3195 1785 enim
3231 1726 3288 1783 in
3321 1725 3558 1797 imagine

1962 1826 2177 1897 species
2199 1824 2530 1887 ostenditur,
2582 1823 2749 1879 talem
2800 1821 2966 1878 etiam
3008 1819 3243 1877 formam
3278 1819 3559 1891 principa-

258 1885 356 1979 τοῦ
390 1893 697 1963 μυστηρίου
723 1896 816 1951 τὸν
847 1897 1026 1968 λόγον,
1062 1897 1173 1957 οἷον
1211 1902 1279 1958 ἂν
1304 1885 1446 1977 ἡμῖν
1485 1906 1568 1979 ἴδῃ
1606 1885 1713 1962 τον*
1745 1908 1858 1979 βίον

1964 1914 2069 1970 lem
2118 1913 2427 1970 existimari
2482 1917 2865 1968 necesseest.
2901 1908 3179 1977 Quocirca
3225 1885 3560 1966 si—deﬁni-tio

261 1978 351 2035 τὸν
376 1981 524 2085 κατὰ
544 1985 1374 2085 ’μίμησινΘεοῦ-κατορθοῦσθαι
1398 1978 1861 2072 πεπιστευμένον,

266 2078 503 2129 τοιοῦτον
533 2078 691 2148 ἡμῶν
724 2081 820 2135 καὶ
855 2082 917 2135 τὸ
950 2083 1103 2139 Θεῖον
1144 2087 1413 2158 οἰήσεται.
1460 2090 1630 2145 Ὥστε
1674 2092 1722 2145 εί
1760 2091 1861 2163 μὲν

263 2168 467 2259 ξαντὸς
496 2171 709 2240 ἀγαθοῦ
744 2175 1119 2259 ὑποδείγματα
1147 2178 1356 2250 βλέποι,
1387 2183 1591 2252 ἀγαθὸν
1618 2184 1680 2238 τὺ
1706 2184 1859 2239 Θείον

259 2253 405 2312 εἶναι
434 2263 720 2318 πιστεύσει
744 2267 809 2320 τὸ
838 2270 970 2341 παρ’
992 2253 1160 2343 ’ἡμῶν
1186 2272 1578 2347 σεϐαξόμενον·
1611 2276 1663 2331 εί
1694 2277 1753 2332 δέ
1775 2294 1858 2342 τις

260 2353 523 2428 ἐμπαθὴς
552 2359 639 2431 είη
683 2361 778 2414 καὶ
805 2360 1082 2437 θηριώδης
1100 2407 1114 2432 ,
1141 2365 1333 2422 ἄλλοτε
1372 2368 1510 2441 πρὸς
1536 2368 1672 2426 ἄλλα
1709 2371 1858 2445 πάθη

263 2450 704 2537 μεμορφωμένος
726 2453 931 2526 θηρίων
963 2458 1022 2512 ἐν
1054 2457 1134 2529 τῷ
1156 2458 1277 2530 ἤθει
1307 2459 1522 2532 μορφὰς
1544 2462 1730 2535 (θηρία
1750 2464 1859 2537 γὰρ

262 2535 526 2610 ἄντικρυς
552 2540 700 2596 ἐστιν
733 2544 863 2600 ἰδεῖν
886 2548 1007 2611 ταῖς
1030 2548 1131 2619 τῆς
1158 2549 1374 2619 φύσεως
1394 2551 1553 2623 ἡμῶν
1581 2535 1861 2626 παρατρο-

261 2632 396 2693 παῖς
436 2633 909 2711 ἐμμοριρούμενα)
932 2678 949 2703 ,
988 2638 1180 2696 ἔπειτα
1227 2643 1554 2714 Χριστιανὸν
1598 2646 1795 2701 ἑαυτὸν
1831 2648 1862 2701 6

261 2723 508 2789 τοιοῦτος
536 2726 812 2800 ὀνομάζοι,
851 2734 1086 2805 φανεροῦ
1122 2736 1290 2791 πᾶσιν
1326 2735 1500 2801 ὄντος.
1542 2738 1625 2791 ὅτι
1656 2740 1690 2810 ἡ
1726 2739 1859 2794 ὑπό-

265 2830 452 2885 σχεσις
506 2817 617 2873 τοῦ,
651 2822 916 2895 ὀνόματος
973 2826 1206 2899 μίμησιν
1250 2827 1388 2883 Θεοῦ
1436 2828 1855 2900 ἐπαγγέλλεται·

264 2906 469 2976 ψεκτὸν
495 2913 554 2967 ὲν
586 2913 664 2985 τῷ
698 2915 814 2988 ἰδίῳ
838 2916 940 2990 βίῳ
977 2918 1041 2973 τὺ
1066 2919 1502 2992 πεπιστευμένον
1542 2922 1672 2994 παρ’
1705 2921 1859 2994 ἡμῶν

266 2999 422 3056 Θεῖον
452 3004 511 3060 ὲν
531 3009 646 3072 τοῖς
671 3009 926 3076 ἀπίστοις
958 3014 1200 3084 ποιήσει.
1230 3014 1324 3069 Διὸ
1351 3016 1447 3071 καὶ
1475 3016 1706 3088 ἀπειλήν
1736 3033 1860 3072 τινα

264 3092 651 3171 φοϐερωτέραν
686 3101 721 3172 ἡ
762 3102 956 3176 Γραφὴ
997 3107 1112 3169 τοῖς
1143 3105 1408 3171 τοιούτοις
1442 3108 1854 3177 ἐπαγγέλλεται,

1961 2006 2447 2076 Christianismum
2474 2002 2573 2060 Dei
2600 2001 2966 2059 imitationem
2998 2015 3122 2056 esse
3149 1999 3305 2064 dicit,
3335 1998 3556 2070 qualem

1960 2100 2154 2163 vitam,
2173 2111 2340 2169 quam
2360 2096 2519 2166 juxta
2541 2093 2904 2151 imitationem
2930 2091 3023 2149 Dei
3051 2091 3264 2147 traduci
3285 2090 3554 2146 creditum

1961 2201 2069 2258 est,
2116 2191 2261 2246 inter
2305 2203 2409 2245 nos
2440 2188 2642 2245 viderit
2672 2186 2722 2245 is
2752 2184 2848 2256 qui
2904 2184 3149 2241 nondum
3179 2181 3430 2255 mysterii
3463 2195 3557 2236 ra-

1960 2286 2164 2342 tionem
2203 2281 2500 2354 acceperit,
2529 2280 2643 2336 tale
2674 2290 2928 2336 nostrum
2960 2291 3184 2349 quoque
3205 2290 3411 2332 numen
3430 2288 3558 2331 essu

1961 2375 2325 2433 existimabit.
2362 2374 2556 2446 Itaque
2598 2371 2875 2444 siquidem
2913 2370 3096 2426 omnis
3134 2367 3267 2424 boni
3304 2365 3561 2437 exempla

1961 2468 2186 2535 viderit,
2229 2468 2437 2523 bonum
2489 2463 2680 2522 credet
2708 2477 2834 2519 esse
2862 2475 3097 2527 numen,
3141 2457 3289 2531 quod
3323 2471 3559 2513 venera-

1960 2577 2124 2630 mur;
2172 2560 2264 2616 sin
2341 2566 2524 2615 autem
2576 2556 2778 2630 aliquis
2826 2554 3118 2612 affectibus
3163 2550 3436 2607 obnoxius
3492 2563 3559 2605 ac

1961 2651 2265 2709 bestiarum
2310 2648 2514 2705 similis
2539 2646 2728 2715 fuerit,
2756 2654 2924 2716 atque
2962 2644 3098 2700 alias
3135 2642 3190 2697 in
3230 2641 3368 2698 alios
3401 2639 3558 2695 iden-

1959 2743 2130 2799 tidem
2180 2741 2414 2797 all'ectus
2455 2738 2907 2802 transformetur,
2943 2736 3257 2805 multasque
3308 2732 3556 2789 ferarum

1962 2835 2169 2892 formas
2230 2848 2446 2890 morum
2508 2839 2677 2903 atque
2731 2828 2939 2902 ingenii
2975 2827 3318 2883 immanitate
3363 2822 3558 2878 induat

1961 2937 2016 2985 et
2048 2935 2405 3000 repraesentet
2441 2924 2610 2997 (feras
2642 2922 2789 2979 enim
2840 2921 3004 2992 plane
3027 2918 3216 2974 videre
3262 2918 3388 2972 licet
3454 2929 3556 2969 na-

1961 3032 2099 3078 tura:
2154 3028 2359 3076 nostra:
2407 3017 2723 3089 depravata:
2761 3012 2913 3069 vitiis
2967 3008 3307 3079 informari),
3356 3005 3559 3063 deinde

1961 3112 2339 3168 Christianum
2398 3111 2450 3166 is
2508 3125 2568 3165 se
2617 3106 2900 3173 nominet,
2958 3102 3179 3160 nemine
3232 3100 3556 3172 ignorante.

263 3180 594 3300 λέγουῖσαιοηι
629 3190 785 3300 Οὐαὶ,
811 3192 880 3247 δι’
907 3192 1002 3258 οὓς
1032 3193 1095 3250 τὸ
1117 3194 1291 3267 ὄνομα
1318 3214 1419 3269 μου
1455 3196 1858 3269 βλασφημεῖται

1962 3202 2110 3274 quod
2146 3201 2279 3273 ejus
2303 3199 2549 3257 nominis
2575 3196 2851 3271 professio
2905 3193 3272 3251 imitationem
3308 3188 3558 3261 Deinol-

265 3275 327 3327 ἐν
358 3279 476 3342 τοῖς
498 3278 699 3337 ἐθνεσιί
740 3302 761 3336 ι
794 3285 908 3339 Καί
939 3303 1031 3357 μοι
1056 3286 1206 3342 δοκεῖ
1229 3288 1366 3359 πρὸς
1391 3288 1595 3360 ταύτην
1623 3290 1858 3361 μάλιστα

1963 3296 2215 3360 liceatur,
2242 3309 2339 3365 per
2368 3294 2535 3349 vitam
2563 3306 2719 3347 suam
2752 3287 2968 3351 eﬂiciet,
2998 3293 3059 3342 ut
3110 3283 3257 3356 quod
3318 3298 3349 3337 a
3390 3280 3557 3337 nobis

262 3364 622 3470 τὴνδιάνοιαν
641 3374 853 3470 ὁδηγῶν
885 3377 1032 3448 ἡμᾶς
1059 3379 1089 3432 6
1117 3377 1343 3450 Κύριος,
1374 3378 1534 3433 τοῦτο
1567 3379 1702 3453 πρὸς
1733 3382 1858 3447 τοὺς

1960 3388 2209 3445 creditur
2231 3364 2357 3444 esse
2389 3399 2617 3451 numen,
2642 3382 2985 3452 vituperetur
3018 3392 3083 3432 ac
3114 3372 3560 3442 reprehendatur

266 3458 501 3515 ἀκοῦσαι
531 3462 865 3536 δυναμένους
890 3468 1065 3522 είπεῖν
1085 3508 1101 3534 .
1123 3469 1207 3524 ὅτι
1235 3489 1253 3520 ι
1291 3468 1513 3523 Γίνεσθε
1537 3469 1755 3535 τέλειοι,
1784 3468 1858 3534 ὡς

1962 3481 2107 3538 inter
2136 3477 2408 3534 inﬁdeles.
2444 3474 2820 3542 Quamobrem
2851 3469 3143 3541 Scriptura
3176 3481 3398 3539 quoque
3432 3463 3558 3518 tali-

266 3551 363 3659 :11
385 3555 415 3659 ι
434 3553 625 3659 nare?
646 3557 805 3628 ὐμῶν
825 3560 856 3613 6
878 3559 1135 3631 οὐράνιος
1155 3559 1359 3625 τέλειός
1384 3562 1553 3614 ἐστιν.
1594 3579 1615 3613 ι
1662 3559 1720 3614 '0
1751 3560 1858 3633 γὰρ

1960 3571 2067 3627 bus
2096 3568 2344 3625 acriores
2392 3582 2458 3622 ac
2490 3565 2859 3621 terribiliores
2910 3557 3323 3633 quodammodo
3376 3556 3558 3612 minas

266 3643 492 3717 Πατέρα
526 3646 637 3702 τῶν
666 3652 1136 3719 πεπιστευκότων,
1172 3653 1267 3707 τὸν
1295 3651 1549 3725 ἀληθινὸν
1586 3653 1858 3725 ὀνομάσας

1962 3662 2273 3727 denuntiat,
2314 3660 2444 3716 dum
2474 3657 2609 3713 dicit
2648 3673 2663 3712 :
2719 3675 2739 3709 ι
2770 3654 2886 3723 Vae,
2915 3660 3140 3725 propter
3173 3665 3315 3722 quos
3344 3646 3558 3704 nomini

268 3737 413 3842 Decf
421 3754 511 3842 ρα,
532 3738 781 3842 postem
794 3741 935 3814 πρὸς
946 3742 1043 3815 τὴν
1057 3744 1117 3798 ὲν
1132 3744 1332 3817 ἐκείνῳ
1348 3743 1734 3818 θεωρουμένην
1747 3744 1858 3799 τῶν

1960 3771 2085 3812 meo
2130 3755 2477 3811 obtrectatur
2509 3751 2654 3807 inter
2699 3755 2890 3821 gentes
2909 3749 2953 3803 '.
3010 3764 3031 3799 ι
3069 3745 3148 3801 Ac
3175 3742 3311 3799 mihi
3340 3740 3557 3796 videtur

265 3828 840 3933 dyadé‘J-‘rslsﬁqw
881 3836 977 3933 καὶ
1020 3837 1147 3900 τοὺς
1191 3836 1260 3890 διν
1295 3836 1475 3892 αὐτοῦ»
1497 3837 1858 3911 γεννηθέντας

1960 3849 2029 3905 ad
2061 3848 2207 3904 hanc
2235 3845 2473 3903 maxime
2499 3842 2824 3900 sententiam
2854 3848 2909 3896 et
2936 3838 3281 3895 intellectum
3327 3848 3430 3890 nos
3453 3831 3558 3888 du-

262 3919 471 3989 όμοίως
497 3919 659 3993 ἔχειν.
690 3924 863 3995 Ἐρεῖς
887 3922 1121 3997 οὖννμοι·
1145 3925 1256 3980 Καὶ
1275 3926 1393 3992 πῶς
1424 3927 1492 3981 ἂν
1520 3927 1732 3997 γένοιτο
1761 3928 1858 3982 ἀν-

1960 3957 2096 3999 cens
2131 3939 2397 3996 Dominus
2419 3936 2558 3992 illud
2586 3935 2799 3991 dixisse
2838 3933 2906 3988 ad
2932 3947 3030 3988 eos
3061 3930 3157 4001 qui
3184 3928 3375 3984 audire
3406 3936 3559 3998 pote-

264 4009 550 4085 θρωπίνην
571 4015 936 4087 ταπεινότητα
956 4017 1092 4088 πρὸς
1102 4017 1207 4089 ⁴τὴν
1223 4018 1281 4071 ὲν
1302 4017 1380 4089 τῷ
1395 4018 1515 4090 Θεῷ
1534 4014 1858 4091 καθορωμέ-

1960 4043 2089 4092 rant
2115 4054 2129 4089 :
2162 4052 2181 4087 ι
2224 4032 2361 4090 Sitis
2389 4029 2640 4102 perfecti.
2664 4029 2810 4084 sicut
2841 4035 2897 4082 et
2919 4027 3084 4081 Pater
3103 4034 3287 4081 vester
3314 4021 3556 4078 cmlestis

268 4105 763 4200 νηνομακαριοτητα
782 4109 1302 4177 ὲπεκτείνεσθαι,ὠς
1329 4110 1556 4164 αὐτόθεν
1581 4111 1662 4182 τῷ
1692 4128 1858 4184 προσ-

1960 4126 2237 4200 perfectus
2260 4133 2359 4182 est
2375 4126 2416 4181 ³.
2455 4144 2474 4178 ι
2509 4124 2613 4190 Qui
2648 4121 2796 4178 enim
2826 4120 3045 4175 Patrem
3078 4131 3268 4173 eorum
3303 4115 3399 4184 qui
3432 4127 3555 4167 cre-

268 4195 511 4266 ςάγματι
555 4198 657 4269 τῆς
687 4199 998 4273 ἀμηχανίας
1028 4205 1497 4275 προφαινομένηςς
1517 4204 1641 4268 Πῶς
1661 4204 1858 4277 γὰρᾶν

1960 4216 2241 4282 diderunt,
2283 4230 2474 4273 verum
2519 4221 2731 4285 patrem
2766 4209 3091 4276 nominavit,
3118 4207 3236 4262 vult
3265 4205 3433 4261 etiam
3458 4218 3555 4259 eos

268 4286 480 4380 γένοιτο
505 4288 748 4359 δυνατὸν,
776 4292 913 4364 πρὸς
935 4292 1024 4349 τὸν
1045 4296 1103 4347 ὲν
1131 4294 1381 4366 οὐρανοῖς
1403 4295 1737 4366 ὁμοιωθῆναι
1765 4296 1858 4353 τὸν

1961 4309 2055 4380 qui
2082 4323 2178 4377 per
2196 4308 2376 4376 ipsum
2400 4305 2570 4378 geniti
2597 4312 2749 4369 sunt,
2782 4304 3055 4359 honorum
3086 4295 3408 4370 perfectioni
3431 4311 3555 4364 qum

266 4378 487 4450 γήϊνον,
554 4381 729 4453 αὐτῆς
771 4384 872 4456 τῆς
912 4385 1057 4441 κατὰ
1099 4385 1199 4463 τὴν
1244 4385 1408 4456 φύσιν
1442 4386 1707 4459 διαφορᾶς
1749 4387 1860 4441 δει-

264 4469 541 4543 κνυούσης
566 4472 629 4527 τδ
654 4474 948 4545 ἀνέφικτον
968 4477 1072 4549 τῆς
1108 4479 1392 4551 μιμήσεως
1412 4498 1426 4548 ;
1444 4481 1566 4534 Ἐπ’
1595 4481 1717 4553 ίσης
1748 4480 1858 4553 γὰρ

1961 4400 2019 4457 in
2044 4400 2139 4455 illo
2170 4405 2452 4470 spectatur
2477 4397 2689 4455 similes
2719 4409 2863 4451 esse.
2896 4393 3057 4448 Dices
3090 4391 3259 4463 igitur
3285 4389 3444 4455 mihi,
3483 4388 3555 4442 Et

1960 4491 2055 4563 qui
2090 4489 2208 4547 ﬁeri
2242 4489 2438 4560 possit,
2469 4497 2529 4543 ut
2558 4485 2847 4542 humilitas
2880 4484 3121 4537 humana
3152 4480 3221 4536 ad
3245 4494 3390 4544 eam,
3432 4493 3557 4550 quae

264 4563 411 4621 εἶναι
440 4568 754 4641 ἀμήχανον,
782 4573 861 4644 τῷ
890 4588 971 4631 τε,
989 4574 1224 4646 οὐρανίῳ
1260 4577 1610 4648 μεγέθει,καὶ
1643 4579 1755 4642 τοῖς
1796 4579 1855 4631 ὲν

1967 4585 2024 4640 in
2073 4581 2188 4638 Deo
2233 4581 2576 4652 conspicitur
2638 4575 3040 4633 beatitudinem
3093 4577 3358 4637 enitatur,
3394 4569 3554 4642 quasi

266 4657 421 4729 αὐτῷ
446 4659 666 4715 κάλλεσι
692 4664 793 4736 τὴν
814 4663 941 4735 δψιν
969 4664 1392 4738 παρισάζεσθαι,
1423 4669 1517 4725 καὶ
1541 4670 1632 4724 τὸν
1665 4671 1729 4742 ὲκ
1752 4670 1857 4742 γῆς

269 4749 558 4823 ἄνθρωπον
583 4753 662 4826 τῷ
687 4757 927 4830 οὐρανίῳ
956 4760 1276 4832 ὁμοιοῦσθαι
1303 4760 1441 4832 Θεῷ.
1481 4762 1643 4818 Ἀλλὰ
1677 4763 1855 4837 cath

267 4845 302 4897 6
334 4845 464 4915 περὶ
493 4846 683 4901 τούτου
718 4849 877 4920 λόγος
899 4867 914 4882 θ
953 4853 1037 4908 δτι
1077 4853 1138 4907 οὐ
1179 4856 1247 4927 τῇ
1282 4854 1444 4926 φύσει
1488 4859 1555 4928 τῇ
1602 4857 1723 4931 θείᾳ
1753 4858 1855 4931 τὴν

265 4936 434 5005 φύσιν
467 4939 568 5011 τὴν
595 4940 944 5016 ὼδθρωπίνην
975 4945 1364 5020 συγκρίνεσθαι
1412 4948 1626 5006 κελεύει
1654 4951 1718 5004 τδ
1747 4951 1855 5007 Εὐ·-

265 5027 556 5097 αγγέλιον,
602 5031 740 5086 ἀλλὰ
771 5033 872 5098 τὰς
904 5034 1114 5104 ἀγαθὰς
1147 5036 1447 5108 ἐνεργείας,
1492 5039 1678 5105 καθὼς
1717 5040 1785 5097 ἂν
1817 5037 1854 5115 ἦ

266 5118 519 5188 δννατὺν,
555 5124 844 5195 μιμεῖσθαι
873 5125 951 5198 τῷ
984 5125 1103 5198 βίῳ.
1142 5126 1298 5191 Τίνες
1326 5124 1421 5183 οὖν
1455 5129 1684 5186 είσιν.αί
1721 5149 1837 5206 παρ
1849 5129 1865 5185 .’

266 5211 429 5283 ἡμῶν
458 5213 730 5286 ἐνέργειαι
759 5216 898 5289 πρὸς
923 5219 1023 5282 τὰς
1041 5217 1138 5273 τοῦ
1164 5219 1301 5274 Θεοῦ
1342 5222 1623 5293 ἐνεργείας
1654 5225 1858 5295 ὁμοίως

267 5303 533 5375 ἐχουσαις
563 5306 637 5360 T6
664 5309 845 5380 πάσης
872 5310 1073 5375 κακίας
1100 5311 1548 5386 ἀλλοτριοῦσθαι»,
1578 5316 1764 5380 καθὼς
1791 5316 1858 5372 ἂν

264 5393 566 5473 ᾗδυνατὺν,
597 5399 746 5473 ἔργῳ
787 5419 849 5456 τε
891 5405 985 5459 καὶ
1016 5404 1161 5477 λόγῳ
1199 5407 1294 5459 καὶ
1344 5405 1557 5480 διανοίᾳ
1583 5408 1695 5463 τῶν
1722 5410 1859 5481 παρ’

266 5491 436 5563 αὐτῆς
463 5492 760 5563 μολυσμῶν
798 5493 1225 5569 καθαρεύοντας*
1253 5496 1412 5553 τοῦτο
1442 5500 1676 5572 μίμησίς
1706 5503 1857 5556 ἐστιν

262 5578 345 5647 ὡς
381 5581 601 5653 ἀληθῶς
631 5583 737 5655 τῆς
762 5582 912 5650 θείας
939 5602 1000 5640 τε
1046 5587 1144 5642 καὶ
1178 5588 1279 5660 τῆς
1315 5589 1444 5662 περὶ
1473 5589 1566 5646 τὸν
1607 5590 1858 5663 οὐράνιον

266 5673 400 5732 Θεὸν
420 5676 781 5750 τελειότητος.

339 5858 360 5892 '
387 5855 494 5916 lsa.
540 5874 646 5927 ιιι,
679 5855 733 5912 5.
828 5857 848 5891 ³
873 5857 1071 5918 Matth.
1115 5879 1167 5928 ν.
1207 5863 1296 5920 68.

1965 4674 2024 4729 in
2078 4674 2200 4746 ipso
2250 4671 2506 4728 videlicet
2552 4676 2851 4742 praecepto,
2885 4668 2964 4722 rei
2990 4678 3113 4737 qua:
3149 4663 3264 4720 ﬁeri
3296 4672 3553 4733 nequeat.
3593 4668 3599 4679 '

1964 4764 2301 4839 perplexitas
2353 4772 2521 4834 atque
2563 4759 2859 4818 (liilicultas
2889 4758 3131 4814 emineat
3165 4764 3221 4811 et
3254 4754 3557 4827 appareat?

1956 4857 2070 4925 Qui
2098 4857 2246 4915 enim
2276 4854 2393 4911 ﬁeri
2421 4854 2621 4925 possit,
2652 4860 2718 4907 ut
2745 4861 3001 4908 terrenus
3025 4848 3224 4905 similis
3253 4847 3347 4901 tiat
3379 4846 3429 4902 ci
3459 4844 3551 4914 qui

1961 4951 2020 5007 in
2061 4950 2220 5006 etatis
2258 4957 2364 5012 est,
2399 4962 2526 5003 cum
2558 4961 2632 5001 .ea
2675 4959 2800 5016 qua:
2844 4944 2902 4998 in
2945 4948 3143 4997 natura
3164 4938 3421 4996 consistit
3449 4934 3585 5005 difq

1958 5041 2192 5100 terentia
2225 5039 2484 5097 ostendat
2521 5038 2638 5095 ﬁeri
2674 5052 2782 5093 non
2810 5050 2996 5107 posse,
3034 5040 3101 5086 ut
3125 5029 3392 5086 imitando
3425 5028 3553 5100 quis

1959 5150 2027 5192 eo
2057 5150 2232 5204 usque
2269 5131 2720 5201 evadatr'IEque
2765 5129 2913 5185 enim
2946 5126 3064 5181 lteri
3101 5139 3214 5179 non
3255 5137 3440 5193 posse,
3493 5128 3554 5175 ut

1959 5227 2045 5283 vel
2098 5225 2313 5282 cmiesﬁ
2345 5223 2739 5295 magnitudini,
2789 5219 2916 5278 etei
2944 5235 3069 5290 quae
3122 5217 3257 5272 inibi
3288 5222 3394 5281 est,
3425 5214 3552 5284 pul-

1959 5319 2261 5376 chritudini
2295 5317 2434 5373 faeie
2463 5317 2738 5387 quispiam
2759 5313 3101 5384 adaequetur,
3138 5309 3221 5363 vel
3249 5308 3415 5363 homo
3438 5317 3551 5363 ter—
3616 5360 3617 5365 η

1959 5428 2130 5469 renus
2160 5409 2374 5468 cmlcsti
2425 5408 2537 5466 Deo
2562 5408 2924 5466 assimiletur.
2962 5402 3068 5460 Sed
3108 5402 3401 5473 perspicua
3451 5402 3554 5456 hac
3612 5444 3618 5449 .

1961 5505 2032 5561 de
2060 5519 2120 5560 re
2151 5502 2333 5560 oratio
2356 5509 2463 5567 est,
2516 5501 2777 5556 nimirum
2837 5497 2986 5568 quod
3038 5510 3150 5550 non
3184 5509 3309 5550 cum
3352 5501 3552 5548 natura

1961 5605 2241 5667 naturam,
2282 5597 2581 5652 humanam
2617 5593 2867 5664 inquam,
2888 5575 3015 5645 cum
3032 5587 3219 5645 divina
3240 5586 3553 5656 comparari

1961 5690 2153 5761 iubeat
2196 5686 2574 5759 Evangelium,
2601 5683 2700 5743 sed
2727 5682 2904 5741 bonas
2920 5681 3200 5749 actiones,
3222 5678 3404 5752 quoad
3433 5676 3581 5748 eius.
