4106 6442
3776 399 3876 456 248

628 396 730 448 sm
945 371 962 382 '
1793 362 1881 462 is.
1923 399 2249 460 cncconu
2285 399 2574 455 NYSSENI

627 533 740 589 fieri
778 537 968 605 possit,
1007 537 1239 594 vivendo
1277 541 1497 597 imitari.
1531 541 1790 608 Qumnam
1841 541 2008 612 igitur
2047 557 2076 594 a
2113 540 2274 596 nobis
2310 538 2736 608 proficiscuntur
2765 536 3033 601 actiones,
3069 549 3190 604 quae
3227 532 3322 586 Dei
3365 529 3642 587 actionum
3677 530 3880 585 similes

624 627 788 679 sunt?
817 628 897 682 Ab
914 630 1060 683 omni
1089 631 1386 688 vitiositate
1415 643 1576 704 atque
1600 633 1825 699 malitia,
1848 634 2028 704 quoad
2058 632 2177 701 ejus
2206 631 2322 686 fieri
2349 631 2543 701 possit,
2569 644 2692 684 esse
2722 629 2953 691 alienos,
2977 635 3142 696 atque
3161 626 3230 679 ab
3251 621 3880 694 ejusinquinationibus,

625 733 735 776 tum
763 739 948 793 opere,
979 733 1092 778 tum
1122 743 1394 793 sermone,
1421 739 1536 783 tum
1567 737 1746 784 mente
1771 744 1972 784 vacuos
2007 743 2072 784 ac
2101 742 2270 800 puros
2311 741 2458 792 esse,
2489 725 2542 780 id
2580 738 2768 780 revera
2809 723 3010 778 divinae
3045 731 3100 778 et
3137 720 3258 792 ejus
3299 734 3420 791 quae
3442 720 3588 774 circa
3609 718 3875 774 etnlestem

622 809 792 865 Deum
829 821 1128 882 spectatur,
1162 817 1510 885 perfectionis
1539 817 1770 872 imitatio
1794 825 1898 873 est.

693 902 811 958 Non
848 906 992 960 enim
1025 908 1156 962 mihi
1207 910 1426 966 videtur
1471 910 1822 982 Evangelium
1875 911 2196 967 elementum

2381 909 2456 962 Οὐ
2491 908 2598 980 γάρ
2630 925 2719 980 μοι
2753 907 2987 962 δοκεῖτὸ
3018 907 3278 978 στοιχεῖον
3305 905 3399 958 τού
3437 904 3687 974 οὐρανοῦ,
3720 903 3880 959 καθά-

622 997 748 1050 cceli
785 1004 1042 1065 tanquam
1076 1009 1387 1071 separatum
1411 1004 1686 1072 quoddam
1730 1002 2066 1058 domicilium
2104 1002 2198 1058 Dei

623 1085 826 1152 dicere,
863 1088 991 1142 dum
1021 1090 1179 1160 jubet
1208 1107 1310 1146 nos
1341 1093 1414 1146 ita
1440 1094 1712 1163 perfectos
1744 1108 1866 1150 esse
1903 1093 2045 1149 sicut
2085 1107 2192 1147 ca:-

623 1177 782 1231 lestis
818 1177 977 1234 Pater
1005 1179 1284 1248 perfectus
1313 1191 1418 1250 est,
1446 1185 1647 1255 quippe
1675 1200 1798 1240 cum
1825 1201 2030 1240 numen
2060 1184 2198 1238 divi-

623 1277 752 1316 num
782 1264 835 1317 in
865 1268 1119 1323 omnibus
1143 1285 1206 1324 ex
1242 1286 1397 1342 tequo
1431 1275 1522 1337 sit,
1556 1284 1610 1329 et
1631 1289 1728 1339 per
1753 1289 1969 1330 omnem
2011 1274 2198 1329 itidem

623 1363 932 1410 creaturam
969 1370 1210 1429 permeet
1245 1373 1408 1434 atque
1451 1365 1728 1435 pervadat,
1764 1378 1818 1422 et
1865 1367 2021 1433 nihil,
2054 1367 2200 1438 quod

623 1445 692 1499 ab
719 1454 844 1501 ente
887 1461 1199 1519 separatqu
1232 1455 1323 1515 sit.
1357 1457 1411 1509 in
1449 1458 1690 1512 essentia
1742 1472 1964 1513 manere
2007 1459 2199 1528 possit,

623 1536 719 1590 sed
771 1541 1113 1609 aequabiliter
1142 1546 1369 1614 parique
1423 1549 1633 1604 ratione
1684 1565 1747 1604 ac
1797 1552 1957 1605 modo
2005 1565 2201 1604 unam-

623 1641 898 1697 quamque
933 1646 1044 1684 rem
1079 1641 1276 1688 natura
1306 1633 1489 1690 divina
1520 1639 1885 1708 amplectatur
1923 1645 1978 1694 et
2033 1639 2202 1694 attin-

623 1729 733 1788 gat,
769 1724 954 1778 omnia
1005 1726 1056 1780 vi
1097 1729 1551 1798 comprehensiva
1603 1732 1747 1786 intra
1800 1746 1860 1788 se
1909 1733 2200 1788 continens

624 1820 790 1882 atque
821 1830 1083 1873 coercens
1117 1838 1131 1874 :
1161 1822 1620 1890 quemadmodum
1655 1821 1929 1895 Propheta
1979 1839 2200 1894 quoque

623 1903 727 1957 hoc
758 1905 938 1970 docet,
969 1909 1158 1966 dicens
1191 1928 1204 1965 :
1244 1911 1370 1968 Sive
1404 1921 1586 1969 mente
1633 1914 1787 1971 fuero
1809 1916 1863 1970 in
1895 1917 2056 1981 cmlo,
2083 1917 2199 1972 sive

620 1995 978 2054 subterranea
1011 2002 1344 2074 cogitatione
1382 2015 1676 2077 penetrans
1704 2018 1982 2064 scrutatus
2015 2009 2193 2075 fuero,

620 2087 736 2142 sive
769 2088 836 2142 ad
879 2093 1140 2151 terminos
1165 2111 1347 2152 rerum
1375 2099 1482 2168 vim
1520 2101 1716 2156 animae
1757 2101 2105 2172 cogitativam
2143 2110 2198 2157 et

621 2175 1030 2249 imaginativam
1062 2187 1384 2254 extendere,
1421 2190 1604 2244 omnia
1626 2190 1787 2246 video
1827 2191 2052 2247 dextera
2104 2200 2197 2247 tua

619 2271 1024 2339 comprehendi.
1048 2274 1221 2330 Dictio
1250 2287 1430 2332 autem
1450 2279 1516 2334 ad
1547 2280 1693 2336 hunc
1720 2282 1938 2337 modum
1959 2298 2081 2340 sese
2100 2283 2197 2336 ha-

618 2357 712 2414 bet
744 2378 759 2414 :
789 2378 809 2412 ι
835 2361 891 2416 Si
911 2365 1208 2422 ascendere
1227 2368 1282 2423 in
1306 2370 1526 2435 coelum,
1556 2381 1612 2426 tu
1642 2373 1752 2428 illic
1774 2389 1864 2440 es;
1890 2375 1935 2430 si
1971 2375 2198 2432 descen-

624 2449 758 2504 dero
786 2452 842 2506 in
877 2452 1171 2520 infernum,
1195 2466 1393 2536 praesto
1423 2477 1512 2528 es;
1544 2463 1587 2516 si
1614 2453 1888 2519 sustulero
1907 2465 2023 2521 alas
2049 2481 2198 2521 meas

619 2541 690 2596 ad
713 2542 1037 2614 diluculum,
1060 2560 1113 2604 et
1132 2551 1404 2607 divertero
1429 2554 1494 2607 ad
1517 2565 1761 2610 extrema
1784 2557 1971 2623 maris,
1995 2559 2195 2612 etenim

618 2635 734 2690 illic
781 2653 976 2696 manus
1006 2649 1096 2695 tua
1125 2642 1356 2698 deducet
1381 2660 1486 2708 me,
1511 2653 1565 2700 et
1594 2646 1814 2701 dextera
1866 2659 1956 2702 tua
1993 2665 2078 2703 me
2104 2650 2198 2704 de-

615 2726 814 2783 tinebit
837 2729 879 2784 ‘.
911 2750 929 2782 ι
954 2731 1120 2802 Igitur
1145 2750 1209 2790 ex
1239 2737 1326 2793 his
1348 2737 1561 2793 discere
1591 2753 1882 2808 possumus
1903 2741 2052 2812 quod
2087 2757 2195 2796 non

616 2819 969 2887 peculiariter
1020 2825 1262 2881 caelestis
1324 2827 1588 2883 habitatio
1645 2828 1758 2886 Deo
1829 2840 2081 2903 separata
2132 2848 2197 2888 ac

619 2911 893 2969 destinata
925 2915 1015 2970 sit.
1048 2914 1152 2972 Sed
1203 2920 1463 2988 quoniam
1503 2937 1742 2992 superna
1795 2931 1992 2979 natura
2035 2940 2066 2979 a
2115 2925 2198 2980 vi-

618 3000 862 3059 tiositate
891 3012 945 3060 et
977 3007 1182 3061 malitia
1217 3025 1352 3079 pura
1386 3026 1509 3067 esse
1547 3013 1687 3068 solet
1721 3014 1936 3084 (multis
1970 3016 2024 3070 in
2059 3017 2198 3072 locis

618 3093 724 3148 hoc
753 3095 1036 3165 Scriptura
1085 3109 1276 3157 sancta
1316 3105 1478 3160 nobis
1523 3105 1866 3176 signiﬁcante
1889 3123 1984 3177 per
2011 3109 2197 3163 amba-

617 3202 715 3256 ges
732 3199 796 3243 εει
825 3190 1154 3262 involucra),
1188 3197 1334 3252 etab
1361 3197 1463 3252 hac
1505 3199 1743 3263 inferna,
1768 3215 1890 3269 qua:
1937 3217 2005 3255 ex
2036 3215 2192 3256 cras-

2306 1017 2410 1072 περ
2433 1017 2486 1052 τι
2511 999 2916 1070 κεχωρισμένον
2935 998 3254 1068 ἐνδιαίτημα
3273 996 3407 1050 Θεοῦ
3433 996 3609 1064 λέγειν
3630 995 3689 1048 τὸ
3713 996 3882 1066 Εὐσγ.

2307 1092 2504 1160 γέλιον,
2536 1094 2594 1145 ἐν
2641 1089 2722 1154 οἷς
2765 1091 3096 1161 προστάσσει
3144 1087 3486 1142 τελειοῦσθαι
3533 1087 3712 1157 ἡμᾶς,
3744 1088 3882 1138 κατὰ

2304 1185 2398 1237 τὸν
2428 1183 2748 1255 ἐπουράνιον
2776 1184 2995 1254 Πατέρα
3014 1199 3027 1212 ·
3058 1182 3192 1236 διότι
3230 1181 3292 1234 τὸ
3323 1180 3478 1233 Θεῖον
3505 1179 3644 1233 κατὰ
3673 1179 3736 1230 τὸ
3770 1174 3881 1230 ἴσον

2307 1277 2366 1329 ὲν
2407 1276 2572 1330 πᾶσίν
2616 1275 2754 1339 ἐστι,
2794 1275 2890 1329 καὶ
2931 1275 3020 1328 διὰ
3065 1275 3246 1344 πάσης
3283 1271 3545 1334 ὡσαύτως
3581 1271 3754 1342 διήκει
3787 1269 3881 1338 τῆς

2307 1366 2560 1429 κτίσεως,
2589 1365 2683 1418 καὶ
2709 1365 2861 1419 οὐδὲν
2883 1364 2948 1419 ἂν
2970 1365 3237 1436 χωρισθὲν
3259 1363 3354 1417 τοῦ
3383 1364 3533 1426 ὄντος
3562 1363 3622 1416 ὲν
3649 1361 3727 1431 τῷ
3747 1357 3878 1413 εἶναι

2303 1457 2472 1529 μένοι,
2503 1457 2616 1510 ἀλλ’
2647 1456 2925 1528 ὀμοτίμως
2957 1457 3187 1511 ἑκάστου
3215 1454 3326 1507 τῶν
3356 1453 3526 1507 ὅντων
3571 1453 3606 1522 ή
3635 1451 3754 1505 θεία
3783 1450 3879 1509 φύ-

2285 1568 2384 1614 -σις
2417 1549 2737 1619 ἐφάπτεται,
2780 1549 2959 1604 πάντα
2987 1551 3055 1620 τῇ
3089 1551 3411 1620 περιεκτικῇ
3459 1547 3685 1615 δυνάμει
3732 1544 3878 1608 ἐντὸς

2298 1641 2498 1711 ἑαυτῆς
2535 1640 2956 1712 περιείργουσα·
2993 1639 3245 1709 καθάπερ
3278 1638 3374 1691 καὶ
3405 1637 3703 1708 Προφήτης
3725 1633 3878 1687 τοῦτο

2305 1729 2547 1783 παιδεύει
2581 1730 2782 1796 λέγων,
2827 1729 2909 1782 ὅτι
2950 1727 3066 1782 Κᾶν
3100 1729 3159 1780 ὲν
3199 1726 3277 1797 τῷ
3313 1725 3526 1798 οὐρανῷ
3549 1726 3792 1794 γένωμαι
3813 1726 3874 1794 τῇ

2304 1819 2540 1891 διανοίᾳ,
2571 1819 2676 1874 κᾶν
2715 1820 2784 1872 τά
2822 1820 3052 1888 ὑπόγεια
3077 1819 3157 1890 τῷ
3193 1816 3438 1889 λογισμῷ
3471 1816 3758 1879 καταδυεὶς
3796 1815 3876 1880 ἐξ·

2233 1949 2277 2003 Β
2305 1911 2611 1975 ετάσω,κᾶν
2630 1911 2721 1963 ἐπὶ
2740 1911 2808 1963 τὰ
2830 1910 3040 1981 πέρατα
3051 1909 3158 1962 τῶν
3179 1909 3348 1962 ὅντων
3362 1905 3768 1977 τὸδιανοητικὺν
3781 1904 3879 2003 τῆς

2301 2003 2479 2074 ψυχῆς
2495 2001 2811 2067 ὲπεκτείνω,
2835 2003 3012 2055 πάντα
3027 2000 3139 2072 ὁρῶ
3158 2003 3225 2072 τῇ
3246 1999 3396 2069 δεξιᾷ
3415 2015 3506 2052 σου
3530 2016 3596 2052 πε
3604 1995 3879 2070 ρικρατού-

2304 2109 2459 2162 μενα.
2505 2093 2660 2161 Ἔχει
2698 2091 2756 2144 δὲ
2801 2092 2834 2162 ή
2882 2091 3027 2157 λέξις
3076 2089 3268 2144 τοῦτον
3307 2089 3399 2142 τὸν
3449 2088 3719 2160 τρόπονοι
3758 2085 3878 2138 Ἐὰν

2299 2184 2485 2238 ἀναὸὦ
2516 2186 2596 2248 εἰς
2622 2185 2713 2239 τὸν
2740 2183 2990 2254 οὐρανὸν,
3022 2184 3086 2236 σὺ
3120 2177 3172 2234 εἷ
3193 2183 3325 2235 ἐκεῖ·
3364 2183 3413 2234 εί
3444 2179 3671 2235 καταϐῶ
3689 2180 3766 2241 εἰς
3793 2176 3877 2229 τὸν

2299 2277 2452 2348 ᾅδην,
2494 2277 2680 2347 πάρει.
2715 2276 2777 2328 Ei
2817 2275 3142 2347 ἀναλάϐοιμι
3180 2274 3280 2339 τὰς
3320 2272 3598 2344 πτέρυγάς
3625 2288 3729 2342 μου
3763 2268 3876 2322 κατ’

2297 2368 2513 2439 ὄρθρον,
2545 2369 2640 2420 καὶ
2667 2367 3076 2438 κατασκηνώσω
3110 2368 3190 2429 εἰς
3225 2365 3293 2418 τὰ
3325 2363 3526 2434 ἔσχατα
3554 2362 3656 2430 τῆς
3687 2359 3878 2412 θαλάσ-

2300 2476 2399 2532 σης
2424 2475 2437 2490 ο
2471 2459 2565 2513 καὶ
2597 2460 2707 2530 γὰρ
2733 2460 2903 2530 έκεῖή
2934 2459 3056 2530 χείρ
3086 2475 3181 2511 σου
3222 2457 3477 2528 ὁδηγήσει
3505 2471 3593 2524 με,
3630 2453 3728 2505 καὶ
3753 2449 3877 2503 καθ-

2299 2551 2408 2616 έξει
2433 2569 2498 2622 με
2523 2553 2556 2622 ή
2587 2552 2736 2616 δεξιά
2766 2568 2880 2605 σου.
2919 2569 2937 2602 ι
2969 2549 3178 2604 Οὐκοῦν
3209 2549 3272 2600 ἐκ
3297 2546 3500 2601 τούτων
3521 2544 3636 2596 ἐστι
3670 2540 3873 2613 μαθεῖν,

2296 2642 2358 2696 τὸ
2382 2642 2454 2714 μὴ
2482 2642 2790 2712 ἀφωρίσθαι
2815 2644 2937 2696 κατ’
2963 2640 3242 2712 ἐξαίρετον
3269 2639 3347 2708 τῷ
3371 2635 3490 2706 Θεῷ
3509 2635 3608 2706 τὴν
3631 2632 3875 2704 οὐράνιον

2297 2733 2531 2806 οἴκησιν.
2572 2734 2710 2787 Ἀλλ’
2739 2734 2862 2786 ἐπεί
2897 2750 2962 2802 γε
2993 2732 3282 2785 ἐπίσταται
3315 2727 3642 2800 καθαρεύειν
3690 2722 3876 2786 κακίας

2298 2829 2331 2898 ἠ
2360 2829 2470 2882 ἄνω
2507 2827 2657 2899 λῆξις
2695 2827 2890 2899 (τοῦτο
2934 2825 3173 2894 πολλαχῆ
3204 2824 3303 2893 τῆς
3339 2821 3500 2890 ἁγίας
3532 2818 3756 2890 Γραφῆς
3782 2833 3876 2868 πα-

2300 2919 2762 2990 ρασημηναμένης
2791 2920 2922 2989 ἡμῖν
2949 2919 3018 2972 δι’
3064 2915 3430 2987 αἰνίγματος),
3480 2913 3574 2965 καὶ
3623 2913 3696 2981 τῇ
3736 2909 3876 2962 κάτω

2297 3007 2468 3079 ταύτῃ
2494 3011 2559 3079 τῇ
2593 3007 2934 3077 ὐλωδεστέρᾳ
2955 3007 3067 3077 ζωῇ
3089 3005 3159 3058 τὰ.
3188 3003 3331 3058 κατὰ
3350 2999 3549 3056 κακίαν
3575 2999 3876 3071 ἐνεργεῖται

2299 3100 2467 3171 πάθη,
2506 3094 2608 3154 ὧδε
2633 3099 2728 3153 τού
2770 3101 2992 3170 εὐρέτου
3037 3098 3138 3170 τῆς
3180 3097 3376 3160 κακίας
3413 3096 3590 3164 δφεως
3626 3091 3759 3162 περὶ
3793 3089 3875 3142 τὸν

2296 3192 2480 3262 γήϊνον
2516 3191 2627 3262 βίον
2661 3191 3034 3262 ίλυσπωμένου
3066 3191 3160 3244 καὶ
3184 3190 3473 3261 ἓρποντος,
3508 3184 3692 3245 καθώς
3722 3197 3874 3252 φησιν

620 3280 752 3336 siori
786 3284 1009 3339 materia
1051 3285 1283 3342 conﬂata
1311 3297 1396 3344 est
1427 3290 1558 3356 vita,
1593 3306 1658 3346 ea
1693 3306 1813 3361 qua:
1875 3308 1940 3347 ex
1973 3293 2190 3350 vitiosi-

2298 3283 2325 3335 ὁ
2362 3283 2518 3353 λόγος
2551 3285 2680 3355 περὶ
2720 3283 2886 3338 αὐτοῦ
2934 3285 2990 3336 ἐν
3020 3282 3322 3352 αἰνίγματι,
3353 3280 3435 3332 ὅτι
3469 3277 3562 3329 ἐπὶ
3595 3275 3661 3328 τδ
3695 3271 3874 3344 στῆθος

618 3378 732 3425 tate
765 3373 1041 3429 exsistunt
1077 3377 1217 3431 mala
1250 3378 1629 3450 designantur,
1664 3395 1788 3434 cum
1823 3381 1914 3437 hic
1941 3382 2196 3440 inventor

619 3463 934 3521 vitiositatis
985 3469 1180 3539 anguis
1211 3469 1356 3524 circa
1393 3470 1559 3527 vitam
1590 3479 1866 3529 terrenam
1904 3483 2089 3546 serpat
2115 3485 2198 3530 at-

620 3569 728 3624 que
755 3556 1021 3623 volvatur,
1055 3561 1514 3630 quemadmodum
1542 3563 1610 3620 de
1638 3580 1704 3620 eo
1727 3581 1823 3636 per
1852 3568 2016 3623 verba
2052 3575 2197 3624 tecta

616 3643 970 3716 involulaque
1000 3647 1133 3702 dicit
1163 3647 1467 3721 Scriptura,
1501 3655 1647 3725 quod
1698 3671 1866 3727 super
1911 3666 2102 3729 pectus
2133 3673 2198 3714 ac

617 3741 864 3789 ventrem
909 3737 1168 3804 ambulet,
1198 3749 1252 3796 et
1283 3748 1431 3796 terra
1466 3754 1717 3799 vescatur
1750 3761 1966 3816 semper
1997 3749 2018 3780 '
2052 3749 2198 3818 (hoc

619 3829 801 3875 autem
835 3831 949 3877 tum
981 3825 1150 3896 figura
1180 3837 1380 3894 motus,
1412 3838 1526 3886 tum
1565 3847 1738 3902 genus
1764 3835 1874 3889 cibi
1909 3837 2070 3893 nobis
2097 3854 2197 3893 ex-

616 3911 809 3981 plicat,
859 3915 1004 3984 quod
1039 3917 1152 3972 haec
1183 3926 1398 3976 terrena
1429 3929 1483 3976 et
1514 3922 1727 3978 inferna
1782 3924 1892 3980 vita
1926 3929 2018 3993 sit,
2075 3944 2198 3999 quae

616 4004 981 4075 reptationem
1032 4009 1388 4067 multiformis
1418 4013 1738 4071 vitiositatis
1765 4017 1820 4071 in
1851 4033 1970 4074 sese
2000 4019 2198 4076 admit-

615 4097 704 4161 tit,
724 4105 778 4151 et
799 4098 955 4154 cibus
988 4100 1280 4171 irrepentis
1309 4104 1365 4158 in
1393 4120 1511 4160 eam
1538 4105 1726 4162 bestia:
1757 4108 1836 4179 fit)
1872 4128 1886 4164 :
1913 4110 2080 4182 igitur
2102 4113 2195 4184 qui

615 4188 896 4244 cmlestem
930 4189 1566 4264 Patremjubetimitari,
1598 4211 1628 4251 a
1652 4201 1882 4256 terrenis
1912 4201 2196 4261 affectibus

613 4295 812 4336 vacare
836 4296 898 4336 ac
929 4299 1126 4353 purum
1174 4301 1299 4343 esse
1319 4287 1478 4357 jubet
1507 4307 1520 4343 :
1559 4305 1793 4360 quorum
1841 4294 2030 4349 vitatio
2087 4312 2195 4352 non

616 4375 920 4430 mutatione
981 4378 1108 4443 loci,
1143 4379 1241 4435 sed
1291 4395 1358 4436 ex
1408 4381 1577 4437 libera
1627 4385 1905 4441 voluntate
1959 4402 2025 4442 ac
2077 4390 2195 4444 sola

615 4469 782 4522 animi
843 4469 1211 4525 destinatione
1272 4472 1350 4525 fit.
1409 4472 1682 4537 Quocirca
1747 4475 1794 4529 si
1852 4483 2050 4531 natura
2117 4478 2193 4531 ita

614 4570 994 4629 comparatum
1018 4572 1122 4627 est,
1156 4572 1215 4617 ut
1243 4565 1360 4619 solo
1387 4574 1536 4619 motu
1575 4567 1777 4623 mentis
1796 4574 1851 4622 et
1885 4570 2125 4638 appetitu
2162 4585 2192 4622 a

613 4651 760 4703 malo
791 4651 1123 4719 alienemur,
1158 4652 1294 4706 nihil
1352 4653 1689 4710 laboriosum
1725 4656 1885 4713 nobis
1920 4637 2192 4728 praecipit
2224 4637 2269 4690 θ

611 4742 963 4812 evangelicus
1009 4756 1210 4799 sermo.
1251 4741 1436 4813 Neque
1478 4745 1623 4799 enim
1673 4746 1827 4800 labor
1863 4749 2192 4818 conjunctus

610 4841 697 4888 est
722 4831 996 4886 all‘ectioni
1030 4840 1084 4888 et
1113 4833 1298 4888 ardori
1325 4837 1548 4902 mentis,
1579 4837 1673 4892 sed
1703 4839 1829 4893 licet
1865 4841 2025 4896 nobis
2061 4841 2188 4898 abs-

610 4939 720 4993 que
771 4925 885 4978 ullo
917 4926 1136 4995 negotio
1188 4940 1520 4998 quocunque
1559 4929 1791 4985 velimus
1836 4945 1935 5000 per
1980 4933 2190 5004 cogita-

610 5015 792 5070 tiones
825 5015 1110 5071 accedere.
1138 5016 1328 5086 Itaque
1358 5019 1558 5074 volenti
1589 5017 1751 5076 facile
1771 5031 1880 5085 est,
1912 5023 2188 5079 caelestem

608 5107 744 5168 vim
764 5107 1168 5163 traductionem
1193 5110 1276 5164 vel
1318 5109 1372 5164 in
1406 5121 1549 5165 terra
1586 5111 1805 5176 habere,
1839 5113 1884 5169 si
1935 5115 2194 5183 quemad-

610 5197 832 5251 modum
874 5199 1227 5270 Evangelium
1251 5202 1580 5271 przescribit,
1613 5205 1860 5260 ctelestia
1887 5205 2189 5276 sapiamus,

611 5288 929 5347 emlestibus
959 5293 1282 5360 allieiamur,
1319 5303 1373 5348 et
1429 5295 1483 5347 in
1533 5295 1812 5351 thesauris
1875 5299 2191 5356 cmlestibus

611 5378 830 5435 virtutis
883 5383 1104 5441 divitias
1157 5387 1517 5456 deponamus.
1564 5388 1748 5456 luquit
1800 5390 1988 5444 enim.
2048 5408 2066 5441 ι
2113 5389 2192 5446 Ne

613 5472 890 5533 congerite
930 5478 1083 5532 vobis
1110 5477 1402 5534 thesauros
1448 5480 1501 5532 in
1531 5488 1698 5543 terra,
1735 5481 1828 5535 sed
1865 5491 2192 5552 congregate

614 5554 906 5619 thesauros
956 5568 1010 5620 in
1057 5569 1212 5624 caelis
1249 5571 1340 5624 ubi
1368 5586 1546 5640 neque
1591 5572 1740 5626 tinea
1778 5588 1958 5642 neque
2005 5589 2192 5644 aerugo

615 5653 934 5718 corrumpit,
959 5671 1135 5726 neque
1169 5658 1319 5716 fures
1353 5661 1667 5731 perfodiunt
1705 5670 1760 5717 et
1795 5663 2050 5720 furantur
2074 5666 2115 5720 θ.
2154 5684 2180 5732 ,ι

2300 3375 2394 3430 καὶ
2416 3377 2515 3447 τὴν
2542 3377 2747 3431 κοιλίαν
2778 3375 3089 3448 πορεύεται,
3128 3375 3222 3428 καὶ
3263 3373 3363 3444 γῆν
3401 3371 3627 3423 σιτεῖται
3653 3368 3872 3420 διαπανο

2296 3469 2409 3532 τός.
2437 3469 2608 3522 Τοῦτο
2653 3469 2709 3523 δὲ
2737 3469 2798 3522 τό
2835 3485 2893 3522 τε
2921 3469 3105 3538 σχῆμα
3129 3467 3229 3537 τῆς
3261 3465 3527 3533 κινήσεως
3552 3462 3692 3530 ήμῖν
3715 3459 3875 3526 ἑρμη-

2298 3561 2464 3626 νεύει,
2495 3562 2588 3615 καὶ
2614 3562 2676 3614 τὸ
2699 3564 2798 3632 τῆς
2822 3560 3077 3632 βρώσεως
3102 3553 3240 3621 εἶδος
3259 3574 3273 3587 ’
3299 3557 3382 3610 ὅτι
3405 3556 3589 3624 γήϊνος
3613 3547 3766 3612 οὗτος
3788 3547 3874 3602 καὶ

2298 3654 2704 3725 κατῳκισμένος
2739 3653 2850 3723 βίος
2876 3652 3046 3717 ἐστὶν,
3076 3651 3134 3713 ὃς
3164 3651 3263 3720 τὴν
3293 3645 3569 3741 έρπηδόνα
3588 3643 3695 3712 τῆς
3717 3639 3874 3741 πολυὶ

2296 3748 2498 3820 τρόπου
2532 3747 2726 3810 κακίας
2772 3747 2856 3816 ἐφ’
2904 3743 3097 3798 ἑαυτοῦ
3145 3743 3392 3813 δέχεται,
3432 3739 3524 3790 καὶ
3567 3735 3745 3806 τροφὴ
3786 3735 3872 3784 τοῦ

2297 3839 2625 3910 ὲφέρποντος
2657 3837 2818 3890 αὐτὸν
2855 3834 3044 3906 θηρίου
3084 3835 3314 3902 γίνεται.
3355 3828 3562 3884 Οὐκοῦν
3595 3829 3624 3880 ό
3664 3827 3752 3880 τὸν
3791 3824 3873 3876 οὐο

2301 3931 2482 4002 ράνιον
2515 3929 2797 4001 μιμεῖσθαι
2842 3926 3079 3981 κελεύων
3111 3925 3354 3994 Πατέρα,
3388 3921 3499 3975 τῶν
3535 3920 3742 3990 γηΐνων
3776 3933 3872 3970 πα-

2299 4023 2409 4077 θῶν
2461 4019 2786 4093 καθαρεύειν
2839 4017 3086 4083 κελεύει,
3149 4010 3224 4071 ὧν
3273 4017 3306 4086 ή
3361 4014 3660 4074 ἀπόστασις
3699 4010 3758 4063 οὐ
3792 4006 3874 4060 διὰ

2298 4115 2528 4184 τοπικῆς
2583 4111 2954 4185 μεταϐάσεως,
2992 4111 3129 4166 ἀλλὰ
3177 4108 3267 4162 διὰ
3315 4105 3688 4178 προαιρέσεως
3726 4104 3873 4169 ἐνερ-

2299 4210 2474 4277 γεῖται
2503 4207 2688 4278 μόνης.
2721 4205 2784 4256 Εἰ
2805 4199 2895 4258 οὖν
2927 4207 2984 4257 ὲν
3015 4203 3148 4274 μόνῃ
3178 4203 3275 4271 τῆς
3301 4198 3536 4259 διανοίας
3573 4197 3720 4266 ὁρμῇ
3751 4207 3873 4246 κατα

2297 4297 2586 4366 ορθοῦσθαι
2628 4296 2872 4364 πέφυκεν
2914 4297 2948 4366 ή
2977 4294 3070 4347 τοῦ
3104 4291 3275 4346 κακοῦ
3309 4287 3661 4359 άλλοτρίωσις
3681 4325 3696 4351 ,
3729 4281 3872 4337 οὐδὲν

2299 4389 2551 4442 ἐπίπονον
2571 4388 2701 4458 ἡμῖν
2729 4387 2758 4438 ὁ
2784 4384 3139 4453 εὐαγγελικὸς
3177 4379 3525 4451 ἐγκελεύεται
3545 4378 3724 4444 λόγος.
3746 4370 3872 4426 Οὐδὲ

2296 4480 2406 4549 γὰρ
2447 4477 2800 4540 συνέζευκται
2831 4476 2996 4538 κόπος
3033 4478 3100 4546 τῇ
3147 4475 3246 4544 τῆς
3293 4470 3530 4533 διανοίας
3557 4470 3724 4540 ὁρμῇ,
3764 4463 3870 4518 ἀλλ’

2297 4570 2504 4636 ἔξεστιν
2534 4571 2667 4640 ἡμῖν
2698 4568 3197 4640 ἀπραγματεύτως,
3232 4567 3476 4634 ὅπουπερ
3503 4562 3570 4616 ἂν
3604 4561 3868 4629 θέλοιμεν.

2297 4663 2363 4715 δι’
2410 4661 2762 4731 ,ἐνθυμήσεων
2810 4659 3242 4730 παραγίνεσθαιο
3299 4655 3441 4709 ὥστε
3487 4653 3586 4725 τὴν
3631 4652 3870 4722 οὐράνιον

2297 4752 2570 4823 διαγωγὴν
2618 4753 2796 4822 ῥᾴδιον
2847 4747 2986 4804 εἶναι
3031 4750 3110 4821 τῷ
3147 4748 3453 4820 βουλομένῳ
3497 4747 3592 4799 καὶ
3632 4746 3724 4797 ἐπὶ
3771 4740 3870 4810 γῆς

2297 4843 2462 4913 ἔχειν,
2489 4842 2673 4906 καθὼς
2701 4844 2991 4912 ὑφηγεῖται
3013 4841 3073 4894 τὺ
3097 4839 3452 4908 Εὐαγγέλιον,
3483 4839 3540 4890 ὲν
3562 4835 3638 4907 τῷ
3660 4833 3870 4904 φρονεῖν

2298 4935 2365 4987 τὰ
2396 4933 2642 5004 οὐράνια,
2682 4936 2912 4996 καὶτοῖς
2947 4935 3062 4986 ἐκεῖ
3098 4932 3392 5002 θησαυροῖς
3421 4929 3512 4982 τὸν
3540 4929 3639 4998 τῆς
3677 4923 3871 4996 ἀρετῆς

2300 5024 2528 5079 πλοῦτον
2581 5025 3016 5078 ὲναποτίθεσθαι.
3070 5043 3090 5075 ι
3122 5024 3213 5094 Μὴ
3260 5021 3616 5092 θησαυρίζετε
3653 5037 3672 5068 ι
3731 5015 3867 5085 γὰρ»

2299 5120 2454 5188 φησὶ,
2500 5136 2518 5169 ι
2569 5117 2875 5188 θησαυροὺς
2907 5117 2999 5170 ἐπὶ
3031 5117 3130 5185 τῆς
3179 5116 3302 5186 γῆς,
3347 5113 3485 5168 ἀλλὰ
3518 5107 3870 5181 θησαυρίζετε

2298 5207 2606 5280 θησαυροὺς
2633 5211 2691 5262 ὲν
2723 5210 2970 5280 οὐρανοῖς
2989 5249 3003 5272 ,
3033 5209 3164 5262 ὅπου
3195 5207 3318 5260 οὐτε
3365 5206 3480 5276 σὴς,
3523 5203 3644 5258 οὐτε
3674 5199 3869 5271 βρῶσις

2300 5301 2572 5370 ἀφανίζει,
2600 5300 2722 5354 οὔτε
2750 5301 2982 5354 κλέπται
3005 5300 3344 5372 διορύσσουσι
3375 5298 3467 5351 καὶ
3495 5297 3862 5350 κλέπτουσιν.»

2312 5391 2674 5446 Ἐνδείκνυται
2691 5392 2747 5444 δὲ
2774 5390 2864 5443 διὰ
2885 5390 3110 5453 τούτων,
3135 5390 3196 5442 τὸ
3229 5387 3508 5458 μηδεμίαν
3528 5389 3593 5456 τῇ
3617 5383 3728 5437 ἄνω
3758 5379 3865 5447 ζωῇ

2299 5482 2603 5554 φθαρτικὴν
2640 5484 2739 5552 τῆς
2783 5481 3179 5552 μακαριότητος
3226 5477 3674 5551 ἐμπολιτεύεσθαι
3712 5473 3868 5527 δύνα-

2302 5591 2414 5643 μιν.
2457 5575 2516 5628 Ὀ
2549 5573 2657 5646 γὰρ
2686 5575 2780 5626 ἐπὶ
2818 5573 2962 5644 λύμῃ
2988 5573 3082 5626 τοῦ
3112 5573 3240 5644 τῇδε
3286 5572 3401 5643 βίου
3442 5566 3735 5628 πολυειδῶς
3773 5563 3870 5633 τὴν

2299 5665 2550 5737 ποικίλην
2592 5665 2786 5720 ἑαυτοῦ
2814 5666 3011 5719 κακίαν
3049 5665 3190 5720 κατὰ
3217 5664 3316 5735 τῆς
3348 5661 3687 5734 ἀνθρωπίνης
3727 5655 3868 5724 ζωῆς

686 5815 706 5845 ‘
731 5814 877 5878 Psal.
911 5840 1168 5898 cxxxvm,
1203 5831 1235 5884 8
1265 5849 1385 5906 sqq.
1462 5839 1481 5870 ³
1513 5839 1645 5895 Gen.
1677 5853 1757 5905 ιιι,
1787 5837 1870 5896 Η.
1949 5843 1967 5874 ⁸
2000 5841 2187 5898 Matth.

2298 5884 2306 5912 ,
2351 5843 2455 5913 19;
2508 5841 2641 5898 Luc.
2675 5856 2774 5910 xu,
2807 5843 2897 5896 53.
