4106 6464
464 423 573 510 2.59

1567 432 1652 511 DE
1692 432 2167 492 PROFESSIONE
2198 435 2636 494 CIIRISTIANA.

3627 443 3735 500 250

471 544 735 616 ἐνεργῶν,
768 546 892 615 ἦτοι
916 546 1071 618 σητὺς
1087 546 1295 618 τρόπον
1308 551 1426 614 ταῖς
1452 551 1709 618 διανοίαις
1732 555 2047 620 ἐντίκτεται,

2157 555 2372 622 Quibus
2398 556 2578 611 verbis
2627 556 2865 610 ostendit
2891 557 3034 628 quod
3063 559 3212 612 nulla
3270 558 3375 622 vis,
3411 572 3532 627 quae
3562 557 3737 612 heau-

472 639 714 708 ἁχρειῶν
739 640 801 692 τὸ
838 641 1002 712 μέρος
1026 633 1178 712 ᾧπερ
1205 640 1269 695 ἂν
1291 643 1470 715 ἐμφυῇ
1489 661 1501 673 ·
1535 644 1652 715 ἦτοι
1675 645 1761 699 διὰ
1788 647 1885 718 τῆς
1913 642 2056 718 βρω-

474 731 636 802 τικῆς
676 748 737 784 τε
787 734 882 786 καὶ¹
925 735 1283 806 ἀφανιστικῆς
1314 735 1613 806 δυνάμεως.
1645 739 1694 790 εί
1734 738 1808 809 μὴ
1847 739 2056 810 ταχέως

475 825 867 897 ἁποτιναχθείη
917 827 1010 881 τοῦ
1076 829 1312 900 μέρους,
1365 829 1501 900 πρὸς
1551 830 1619 884 τὰ
1677 831 2057 901 παρακείμενα

477 913 770 984 μεθέρπων
793 954 810 978 ,
854 915 1151 990 διαφθορᾶς
1185 919 1349 989 ἴχνος,
1399 913 1481 983 οἷς
1524 920 1591 972 ἂν
1623 920 1927 992 ἐμπελάσῃ,
1965 921 2055 975 διὰ

474 1004 579 1072 τῆς
605 1006 871 1074 κινήσεως
897 1008 1277 1080 ἐνσημαίνεται
1298 1025 1311 1038 °
1337 1010 1394 1081 ἢ,
1424 1011 1582 1082 εἴπερ
1602 1011 1671 1064 τά
1698 1011 1846 1074 ἐντὸς
1875 1014 2054 1080 ἀσφα-

476 1093 589 1156 λῶς
623 1094 764 1166 ἔχοι,
801 1097 888 1150 διὰ
916 1097 1036 1152 τῶν
1061 1100 1258 1166 ἔξωθεν
1289 1102 1660 1173 περιστάσεων
1692 1102 2049 1158 ἐπιϐουλεύει.

480 1185 554 1237 Ἣ
581 1187 691 1257 γὰρ
727 1187 792 1240 δι’
820 1189 1013 1260 ἡδονῆς
1040 1191 1130 1244 τὸν
1163 1191 1434 1264 θησαυρὸν
1461 1192 1559 1263 τῆς
1588 1195 1814 1265 καρδίας
1843 1196 2056 1266 ἐτοιχω-

477 1276 804 1351 ρύχησεν,ἢ
844 1282 910 1334 δι’
945 1283 1132 1355 ἐτέρου
1178 1285 1383 1349 πάθους
1429 1286 1584 1339 κενὸν
1610 1287 1709 1358 τῆς
1751 1288 1950 1359 ἀρετῆς
1993 1287 2054 1340 τὸ

472 1366 579 1436 τῆς
619 1368 797 1439 ψυχῆς
837 1371 1040 1440 δοχεῖον
1083 1374 1342 1444 ἐποίησε,
1375 1373 1532 1445 θυμῷ
1577 1376 1610 1446 ἦ
1657 1375 1862 1448 λύπῃῆ
1909 1377 2053 1446 ἄλλῳ

475 1460 588 1511 τινὶ
624 1461 847 1532 τοιούτῳ
886 1463 1046 1517 πάθει
1083 1464 1176 1519 τὸν
1217 1465 1475 1538 λογισμὸν
1524 1466 1853 1536 ὑποκλέψας.
1901 1469 2054 1522 Ἐπεὶ

474 1545 571 1603 οὖν
615 1553 674 1604 ἐν
720 1554 831 1616 τοῖς
877 1553 990 1607 άνω
1016 1555 1326 1626 θησαυροῖς,
1356 1556 1481 1610 οὕτε
1515 1557 1655 1628 σῆτά
1703 1575 1887 1629 φησιν,
1927 1558 2052 1612 οὔτε

476 1639 682 1709 βρῶσιν
710 1643 737 1694 ὁ
765 1641 968 1713 Κύριος
996 1643 1273 1712 γίνεσθαι,
1298 1645 1421 1700 οὔτε
1451 1647 1550 1718 τὴν
1575 1647 1682 1702 άπὸ
1708 1648 1808 1718 τῆς
1834 1648 2053 1701 κλεπτι-

473 1732 578 1803 κῆς
608 1733 804 1786 κακίαν
832 1734 1186 1790 διδάσκουσαν
1215 1737 1418 1800 ταῦτα,
1454 1738 1596 1810 άπερ
1637 1738 2048 1809 ὑπενοήσαμενο

470 1826 593 1877 ἐκεῖ
625 1826 946 1895 μεταθετέον
974 1828 1072 1898 τὴν
1100 1829 1390 1900 ἐμπορίαν,
1417 1832 1472 1882 ἐν
1557 1830 1616 1882 τὸ
1643 1830 1967 1903 θησαυρίσαι
1989 1832 2050 1885 οὐ

2157 648 2402 703 tudinem
2457 648 2605 702 illam
2639 664 2995 719 corrumpere
3032 653 3226 721 possit,
3260 651 3315 705 in
3351 664 3589 720 superna
3625 650 3735 702 vita

2157 747 2434 793 versetur.
2472 736 2606 790 Nam
2642 738 2732 792 ille
2784 740 2876 808 qui
2918 743 2984 794 ad
3036 741 3404 811 corruptelam
3457 750 3512 797 et
3550 742 3736 812 pernio

2156 829 2296 884 ciem
2355 829 2518 898 hujus
2578 831 2702 884 vitae
2762 831 3114 884 multifariam
3193 831 3490 901 multisque
3557 831 3734 885 modis

2155 920 2362 974 variam
2399 934 2555 975 suam
2604 919 2866 974 malitiam
2910 921 3175 976 adversus
3207 919 3500 973 humanam
3561 919 3731 973 vitam

2154 1018 2393 1076 exercet,
2427 1012 2509 1067 vel
2541 1011 2701 1066 tineae
2729 1013 2784 1066 in
2815 1011 3035 1066 modum
3080 1011 3365 1066 mentibus
3401 1011 3730 1074 innascitur,

2159 1110 2371 1174 partem
2424 1105 2732 1172 cuicunque
2766 1101 3322 1157 inliazseritinutilem
3348 1102 3618 1168 reddens;
3645 1101 3730 1155 vel

2155 1211 2252 1266 per
2273 1195 2380 1249 vim
2403 1197 2741 1250 corrosivam
2780 1203 2834 1250 et
2887 1195 3261 1264 corruptivam
3287 1237 3301 1260 ,
3341 1195 3446 1249 nisi
3477 1193 3732 1249 celeriter

2154 1286 2222 1340 de
2260 1293 2414 1357 parte
2456 1299 2619 1354 quam
2668 1283 2931 1340 invaserit
2975 1297 3245 1338 excussus
3289 1281 3473 1347 fuerit,
3504 1280 3572 1335 ad
3603 1296 3732 1351 pro-

2156 1376 2300 1430 xima
2347 1390 2576 1445 quaeque
2625 1374 2896 1445 serpendo
2965 1372 3343 1442 progrediens,
3389 1386 3732 1442 quaecunque

2154 1467 2424 1524 movendo
2466 1482 2527 1522 se
2569 1465 2888 1535 contigerit,
2949 1465 3016 1520 iis
3069 1464 3363 1534 vestigium
3421 1463 3732 1532 corruptio-

2152 1559 2241 1612 nis
2285 1556 2593 1627 imprimit;
2629 1557 2715 1611 vel
2771 1556 2818 1611 si
2856 1554 3118 1610 interiora
3150 1553 3303 1608 firma
3329 1567 3392 1607 ac
3442 1559 3560 1606 tuta
3594 1553 3727 1615 sint,

2154 1664 2251 1718 per
2275 1657 2532 1703 externas
2587 1647 3037 1703 circumstantias
3079 1644 3395 1700 insidiatur.
3441 1643 3551 1696 Aut
3581 1641 3726 1696 enim

2154 1742 2432 1812 voluptate
2471 1738 2828 1810 perfodienth
2877 1738 3063 1794 cordis
3125 1738 3445 1792 thesaurum
3500 1734 3726 1790 invadit.

2154 1841 2247 1887 aut
2270 1848 2366 1903 per
2393 1833 2557 1886 alium
2581 1831 2834 1887 allectum
2861 1846 2926 1886 ex
2953 1830 3150 1883 animae
3167 1827 3518 1898 receptaculo
3555 1825 3728 1880 virtu-

471 1915 636 1986 μόνον
663 1917 857 1972 ἄσυλόν
881 1937 938 1972 τε
972 1921 1067 1973 καὶ
1102 1921 1371 1991 άμείωτον
1400 1923 1480 1985 είς
1507 1922 1594 1976 del.
1624 1921 1886 1994 διαμένει,
1912 1923 2047 1977 ἀλλὰ

2151 1934 2258 1979 tem
2290 1925 2500 1991 eximit,
2532 1924 2616 1978 vel
2639 1924 2742 1989 ira,
2777 1922 2862 1977 vel
2898 1921 3122 1976 tristitia
3152 1927 3206 1975 et
3237 1933 3461 1988 angore,
3496 1915 3581 1972 vel
3620 1914 3725 1968 alia

467 2007 567 2059 καὶ
592 2010 922 2080 σπερμάτων
953 2011 1126 2082 δίκην,
1158 2013 1250 2066 ἐπὶ
1273 2013 1334 2066 τὸ
1359 2013 1756 2067 πολλαπλάσιον
1785 2016 2048 2085 κατεργά-

465 2099 622 2163 ζεται
650 2103 746 2171 τὴν
771 2103 1091 2176 ἐπαύξησιν.
1127 2105 1248 2178 Χρὴ
1275 2107 1382 2178 γὰρ
1412 2106 1628 2170 πάντως
1659 2109 1725 2177 τῇ
1760 2107 1920 2177 φύσει
1949 2107 2045 2161 τοῦ

465 2187 567 2256 τὴν
595 2191 1056 2263 παρακαταθήκην
1083 2193 1367 2264 δεχομένου
1403 2195 1795 2266 μεγαλύνεσθαι
1826 2198 1924 2268 τὴν
1953 2199 2047 2250 άν-

464 2278 686 2334 τίδοσιν.
722 2281 892 2335 ’Ὡσπε
902 2300 933 2354 ρ
957 2284 1062 2355 γὰρ
1089 2287 1247 2356 ἡμεῖς
1279 2287 1418 2340 κατὰ
1440 2288 1539 2357 τὴν
1562 2288 1768 2340 ἑαυτῶν
1793 2286 2046 2358 ἐνεργοῦ-

467 2389 570 2442 μεν
619 2373 798 2441 φύσιν,
845 2377 1036 2448 πτωχὰ
1081 2379 1446 2450 προσάγοντες
1497 2379 1586 2433 διὰ
1634 2380 1694 2433 τὸ
1743 2381 2046 2449 πεφυκέναι

461 2461 726 2516 τοιοῦτον
762 2464 934 2529 οὕτως
968 2466 1134 2531 εἰκὸς,
1171 2469 1262 2521 τὸν
1300 2470 1358 2522 ἐν
1393 2471 1556 2523 παντὶ
1594 2469 1846 2524 πλούσιον
1893 2469 2042 2536 ὄντα,

462 2554 503 2608 ἃ.
532 2557 772 2624 πέφυκεν
806 2556 972 2628 ἔχειν,
1002 2559 1175 2612 ταῦτα
1208 2563 1319 2624 τοῖς
1347 2561 1741 2633 προδεδωκόσιν
1768 2563 2046 2634 ἀντιχαρί-

463 2643 676 2709 ζεσθαι.
719 2648 924 2718 Μηδεὶς
962 2644 1055 2702 οὖν
1092 2650 1402 2722 ὰθυμείτω,
1438 2653 1506 2706 τὰ
1538 2653 1676 2706 κατὰ
1711 2653 1810 2724 τὴν
1849 2655 2042 2707 ἐαυτοῦ

462 2737 692 2810 δύναμιν
715 2743 827 2802 τοῖς
860 2740 1022 2806 θείοις
1056 2741 1349 2814 θησαυροῖς
1385 2744 1772 2813 συνεισφὲρων,
1805 2744 1880 2808 ὡς
1910 2745 2042 2816 πρὸς

462 2825 526 2877 τὸ
561 2827 775 2897 μέτρον,
802 2823 875 2882 ὧν
901 2829 1118 2894 δέδωκε,
1151 2832 1531 2902 κομιούμενος,
1565 2833 1680 2886 ἀλλ’
1706 2835 2040 2904 ἁναμενέτω,

464 2918 608 2972 κατὰ
648 2921 746 2992 τὴν
778 2923 1107 2991 ἐπαγγελίαν
1147 2923 1241 2977 τοῦ
1281 2926 1527 2988 εἰπόντος
1566 2927 1647 2979 ὅτι
1696 2928 1903 2998 μεγάλα
1933 2928 2044 2981 τῶν

467 3011 681 3082 μικρῶν
713 3015 1258 3082 ἀντικαταλλάξεται,
1295 3018 1525 3086 οὐράνια
1557 3019 1654 3089 μὲν
1679 3019 1786 3073 τῶν
1819 3021 2041 3089 γηΐνων,

463 3098 611 3151 ἀΐδια
638 3099 694 3152 δὲ
722 3101 828 3156 τῶν
866 3102 1172 3176 ὠκυμόρων
1198 3106 1608 3178 διαμειϐόμενος
1632 3124 1642 3135 ‘
1667 3107 1703 3162 ἃ
1727 3109 1952 3163 τοιαῦτα
1975 3113 2040 3182 τῇ

465 3187 624 3255 φύσει
660 3192 837 3256 ἐστὶν,
868 3193 945 3256 ὡς
981 3195 1119 3265 μήτε
1159 3194 1366 3268 διανοίᾳ
1396 3197 1620 3251 δυνατὸν
1663 3195 1797 3253 εἶναι
1838 3200 2046 3272 ληφοῆ-

464 3297 590 3345 ναι,
645 3283 779 3354 μήτε
827 3285 906 3346 εἰς
939 3286 1242 3356 ἑρμηνείαν
1272 3287 1430 3357 λόγου
1475 3289 1650 3344 ἐλθεῖν
1673 3333 1688 3357 ,
1724 3293 1852 3362 περὶ
1889 3286 1964 3346 ὧν
2009 3294 2042 3364 ἡ

465 3368 820 3437 θεόπνευστος
851 3373 1090 3429 διδάσκει
1124 3377 1330 3449 Γραφὴ,
1365 3381 1445 3434 ὅτι
1485 3400 1502 3431 ι
1553 3380 1689 3434 Οὔτε
1719 3385 1747 3436 ὁ
1771 3383 2046 3454 ὀφθαλμὸς

465 3455 624 3525 εἶδεν,
648 3462 770 3515 οὕτε
803 3461 896 3528 οὖς
925 3467 1177 3538 ἤκουσεν,
1221 3467 1343 3522 οὔτε
1383 3471 1476 3523 ἐπὶ
1502 3471 1730 3544 καρδίαν
1757 3473 2044 3544 ἀνθρώπου

465 3551 634 3623 ἀνέϐη
661 3595 676 3618 ,
714 3553 749 3608 ἆ
788 3556 1082 3627 ἡτοίμασεν
1119 3561 1147 3612 ὁ
1183 3548 1316 3624 Θεδς
1341 3563 1453 3624 τοῖς
1483 3563 1768 3629 ἀγαπῶσιν
1801 3566 1982 3622 αὐτόν.
2019 3585 2039 3618 ›

465 3643 652 3698 Ταῦτά
690 3663 790 3708 σοι,
819 3642 863 3701 ὦ
896 3651 1051 3721 τιμία
1079 3653 1287 3723 κεφαλὴ
1313 3696 1326 3720 ,
1363 3654 1423 3706 οὐ
1460 3656 1618 3724 μόνον
1645 3657 1785 3727 ὑπὲρ
1809 3657 1916 3711 τῶν
1954 3659 2042 3712 ἐλ-

464 3735 790 3803 λειφθέντων
813 3741 1156 3812 γραμμάτων
1173 3744 1658 3818 ἀνεπληρώσαμεν,
1687 3748 1823 3802 ἀλλὰ
1858 3751 1950 3802 καὶ
1975 3750 2046 3804 τά

468 3825 608 3895 μετὰ
645 3827 816 3883 ταῦτα
865 3832 1126 3902 γινόμενα
1180 3834 1516 3906 ἐλλείμματα
1566 3837 2041 3908 προεξητάσαμεν.

465 3917 539 3970 Σὺ
581 3917 637 3970 δέ
670 3937 760 3990 μοι
802 3922 1060 3991 πράττοις
1093 3927 1150 3978 ἐν
1175 3926 1364 3998 Κυρίῳ
1394 3928 1765 4000 καταθυμίως.
1793 3930 1964 3984 Τοῦτο
1988 3931 2045 3984 δέ

467 4025 552 4062 σοι
591 4010 675 4081 εἴη
707 4011 1002 4078 διαπαντὸς
1037 4017 1394 4089 καταθύμιον,
1422 4019 1449 4073 ὃ
1491 4021 1585 4074 κα)⁵
1620 4021 1700 4093 τῷ
1739 4022 1857 4094 Θεῷ
1885 4040 2045 4094 κεχα-

467 4101 722 4172 ρισμένον
762 4104 901 4168 ἐστὶ,
940 4108 1034 4160 καὶ
1073 4109 1205 4178 ἡμῖν
1235 4109 1593 4181 καταθύμιον.

2149 2015 2315 2070 simili
2368 2015 2624 2085 quapiam
2659 2011 3073 2083 perturbatione
3111 2017 3165 2064 et
3197 2008 3394 2064 affectu
3450 2005 3722 2060 rationem

2148 2107 2484 2162 subducens.
2537 2104 2803 2172 Quoniam
2845 2085 3012 2173 igitur
3067 2101 3334 2156 Dominus
3370 2099 3422 2153 in
3467 2095 3726 2166 supernis

2149 2196 2420 2251 thesauris
2456 2211 2634 2266 neque
2690 2195 2896 2249 tineam
2959 2206 3137 2262 neque
3176 2191 3475 2261 aeruginem
3513 2185 3728 2242 innasci

2146 2289 2302 2354 dicit,
2343 2302 2520 2358 neque
2553 2287 2622 2342 ab
2653 2292 2771 2341 arte
2804 2283 3024 2339 furandi
3062 2282 3325 2336 malitiam
3368 2281 3570 2341 inesse,
3606 2291 3728 2347 quae

2146 2381 2340 2436 doceat
2357 2396 2421 2436 ea
2453 2395 2575 2451 quae
2601 2376 3172 2440 commemoravimus,
3192 2375 3322 2430 illuc
3347 2369 3727 2427 transferenda

2145 2473 2444 2542 negotiatio
2482 2478 2589 2538 est,
2627 2469 2720 2524 ubi
2762 2484 2870 2523 non
2933 2467 3099 2522 modo
3149 2463 3523 2534 compilationi
3565 2468 3728 2530 atque

2145 2552 2646 2620 diminutioni'non
2700 2559 2922 2615 obnoxii
2968 2557 3212 2613 thesauri
3258 2570 3472 2626 semper
3515 2567 3729 2623 perma-

2145 2664 2295 2722 nent,
2323 2672 2510 2710 verum
2553 2654 2718 2708 etiam
2764 2651 3034 2707 seminum
3079 2650 3133 2703 in
3178 2647 3399 2702 modum
3445 2644 3728 2713 multiplex

2145 2749 2385 2804 cﬂiciunt
2404 2750 2824 2801 incrementum.
2842 2742 3068 2811 Oportet
3093 2739 3238 2794 enim
3273 2751 3502 2807 prorsus
3533 2749 3600 2789 ex
3629 2748 3729 2787 na-

2148 2848 2267 2893 tura
2326 2836 2648 2908 depositarii
2708 2847 2963 2904 magnam
3030 2831 3144 2886 ﬁeri
3197 2825 3724 2884 remunerationem.

2146 2928 2615 2998 Quemadmodum
2674 2927 2817 2982 enim
2873 2938 2976 2979 nos
3003 2938 3069 2978 ex
3123 2927 3320 2975 natura
3354 2923 3544 2972 nostra
3592 2914 3726 2968 faci-

2147 3037 2289 3086 mus,
2323 3026 2379 3072 ut
2413 3017 2597 3074 tenuia
2647 3014 2965 3076 oﬂ'eramus,
2998 3010 3204 3080 quippe
3257 3021 3383 3061 cum
3414 3010 3611 3056 natura
3643 3001 3724 3056 si-

2149 3129 2271 3167 mus
2303 3113 2443 3166 tales
2474 3149 2489 3171 ,
2515 3111 2588 3162 ita
2629 3115 3064 3163 consentaneum
3101 3096 3184 3157 Est
3209 3114 3333 3155 eum
3369 3096 3464 3167 qui
3494 3093 3724 3149 inomni

2149 3216 2205 3255 re
2233 3201 2386 3255 dives
2415 3205 2520 3262 est,
2552 3197 2619 3252 iis
2654 3211 2775 3266 qua:
2829 3209 2895 3250 ex
2931 3200 3132 3248 natura
3175 3189 3340 3244 habet
3366 3201 3463 3242 eos
3496 3183 3592 3254 qui
3626 3197 3725 3238 sua

2148 3299 2274 3346 ante
2305 3289 2574 3351 dederint,
2611 3302 2733 3342 esse
2767 3289 3267 3340 remuneraturum.
3293 3275 3372 3332 Ne
3399 3277 3525 3347 quis
3558 3275 3726 3344 igitur

2149 3399 2208 3438 se
2233 3382 2416 3438 animo
2455 3381 2728 3442 demittat,
2783 3377 2912 3431 dum
2940 3390 3060 3445 quae
3086 3388 3187 3444 pro
3222 3370 3431 3424 viribus
3480 3367 3596 3423 suis
3632 3380 3727 3435 p0-

2147 3483 2273 3538 test,
2311 3473 2514 3526 divinis
2545 3469 2710 3523 infert
2741 3470 3039 3531 thesauris,
3083 3462 3242 3533 quasi
3291 3475 3393 3531 pro
3421 3460 3585 3514 modo
3630 3470 3727 3511 eo-

2147 3583 2268 3620 rum
2296 3580 2416 3634 quae
2445 3563 2658 3618 dederit
2689 3570 3049 3629 recepturus;
3077 3556 3171 3611 sed
3209 3560 3393 3624 aperet
3425 3552 3582 3620 juxta
3603 3547 3724 3616 pol—

2146 3658 2500 3714 licitationem
2553 3655 2672 3723 ejus
2703 3652 2794 3722 qui
2821 3651 2988 3713 dixit,
3017 3645 3161 3718 quod
3211 3657 3406 3714 magna
3443 3640 3624 3712 parvis
3652 3639 3726 3694 sit

2141 3755 2583 3816 comparaturus,
2612 3740 2934 3797 coelestibus
2985 3737 3207 3808 quidem
3239 3743 3478 3795 terrena,
3514 3727 3721 3798 sempi-

2142 3841 2312 3894 ternis
2353 3852 2481 3891 vero
2509 3837 2620 3890 cito
2641 3833 2884 3903 peritura
2934 3835 3275 3897 permutans,
3305 3839 3426 3896 qua:
3452 3821 3584 3876 talia
3624 3834 3725 3873 na-

2143 3939 2264 3986 tura
2293 3937 2445 3992 sunt,
2480 3936 2541 3981 ut
2572 3941 2750 3996 neque
2783 3931 2968 3979 mente
3007 3919 3236 3992 percipi,
3269 3931 3446 3986 neque
3473 3925 3726 3970 sermone

2141 4022 2400 4092 explicari
2438 4019 2678 4090 possint,
2727 4018 2796 4071 de
2851 4015 3052 4084 quibus
3100 4012 3286 4066 divina
3329 4008 3492 4062 docet
3546 4005 3727 4072 Scrip-

2144 4124 2286 4180 tura,
2321 4114 2464 4184 quod
2500 4127 2681 4181 neque
2717 4110 2913 4164 oculus
2963 4106 3183 4168 viderit,
3228 4119 3408 4173 neque
3451 4102 3602 4154 auris
3630 4114 3727 4152 au-

461 4193 680 4258 diverit,
709 4213 883 4266 neque
910 4198 964 4252 in
999 4214 1096 4254 cor
1130 4203 1366 4258 hominis
1397 4202 1764 4268 ascenderint,
1798 4220 1920 4275 qua:
1960 4207 2351 4278 praeparaverit
2385 4207 2528 4260 Deus
2566 4201 2918 4273 diligentibus
2953 4215 3013 4253 se
3048 4198 3091 4252 ".
3134 4197 3230 4250 llis
3263 4196 3384 4256 tibi,
3427 4208 3459 4245 ο
3499 4191 3725 4245 charum

460 4295 646 4358 caput,
675 4305 781 4344 non
805 4291 978 4348 solum
1011 4299 1409 4364 praetermissas
1435 4298 1644 4352 litteras
1667 4299 2054 4354 resareivimus
2083 4309 2135 4354 et
2157 4300 2658 4369 compensavimus,
2699 4308 2888 4348 verum
2912 4291 3077 4344 etiam
3103 4303 3224 4354 quae
3255 4285 3484 4355 posthac
3503 4287 3726 4350 prarter-

456 4385 748 4440 mittentur
774 4401 839 4441 ac
857 4387 1064 4458 reliqua
1091 4390 1238 4458 fient,
1272 4401 1761 4464 perargumentum
1784 4411 2027 4466 quaerere
2052 4394 2493 4462 anticipavimus.
2517 4391 2597 4446 Tu
2618 4403 2745 4444 vero
2776 4385 2906 4441 mihi
2937 4385 3089 4438 vivas
3123 4382 3177 4437 in
3210 4382 3437 4437 Domino
3456 4395 3521 4433 ex
3556 4371 3724 4430 animi

457 4477 538 4532 tui
569 4477 866 4531 sententia.
901 4477 1015 4537 Iloc
1045 4491 1224 4540 autem
1249 4500 1466 4557 semper
1489 4487 1588 4543 tibi
1610 4486 1761 4543 cordi
1789 4487 1860 4543 sit
1891 4496 2058 4558 atque
2083 4484 2365 4557 probetur,
2392 4481 2536 4554 quod
2565 4490 2618 4538 et
2639 4478 2748 4535 Deo
2777 4484 2990 4550 gratum
3019 4481 3073 4530 et
3105 4473 3266 4529 nobis
3288 4470 3594 4542 jucundum
3618 4473 3724 4522 est.

525 4655 546 4686 ’
577 4657 599 4712 Ι
630 4656 760 4714 Cor.
803 4672 884 4726 ιιι,
915 4657 970 4716 9.
