4106 6448
402 456 500 511 95!

1637 444 1689 498 S.
1729 441 2056 497 CltEGURll
2098 436 2391 494 NYSSENI

3558 437 3665 490 9332

407 590 3632 638 ww

2094 612 2194 621 ...ι-.-

2204 609 2600 620 _____.—_-

1685 761 1913 847 ΤΟΥ
1985 759 2376 847 ΑΥΤΟΥ’

1013 949 3040 1093 ΠΕΡΙΤΕΛΕΙΟΤΗΤΟΣ,

1243 1167 1365 1220 KAJ
1425 1167 1680 1220 ΟΠΟΙΟΝ
1741 1168 1887 1220 ΧΡΗ
1938 1165 2125 1219 ΕΙΝΑΙ
2170 1165 2309 1218 TUN
2365 1161 2816 1233 ΧΡΙΣΤΙΔΝΟΝ,

1517 1323 1716 1376 ΠΡΟΣ
1743 1325 1836 1376 ΟΛ
1851 1322 2138 1375 ΥΜΠΙΟΝ
2166 1320 2542 1374 ΜΟΝΑΧΟΝ.

1710 1645 2349 1736 EJUSDEM

1407 1854 1588 1969 DE
1667 1859 2201 1973 PERFEC
2223 1858 2560 1971 TlON
2581 1858 2672 1970 E‘

1261 2080 1349 2136 ET
1384 2079 1666 2148 QUALIS“
1705 2078 2076 2135 OPORTEAT
2116 2077 2286 2133 ESSE
2317 2070 2794 2135 CHRISTIANUM
2817 2116 2852 2143 ,_

1531 2231 1625 2286 AD
1659 2228 2052 2286 OLYMPIUM
2082 2225 2538 2284 MONACIIUM.

1667 2386 1931 2439 Francisco
1953 2387 2076 2438 Zino
2099 2385 2401 2451 interprete.

477 2689 691 2758 Quaeris
713 2703 827 2760 qna
870 2688 1083 2744 ratione
1116 2688 1225 2743 vita
1270 2704 1336 2744 ex
1369 2688 1575 2743 virtute
1609 2689 1787 2760 possit
1830 2688 1988 2744 insti-
2014 2696 2048 2755 Α

2161 2688 2453 2761 Πρέπουσα
2488 2688 2554 2759 τῇ
2595 2685 2912 2758 προαιρέσει
2941 2685 2974 2757 ἡ
3011 2682 3213 2757 σπουδὴ
3240 2685 3369 2756 περὶ⁸
3400 2685 3492 2740 τοῦ
3531 2688 3682 2757 γνῶ-

409 2783 515 2848 tui,
545 2791 606 2836 ut
637 2782 893 2837 omni-bus
921 2779 1224 2836 ciliciorum
1253 2780 1495 2835 numeris
1527 2780 1779 2836 absoluta
1827 2788 1990 2850 atque

410 2873 654 2944 perfecta
683 2873 849 2928 nullis
882 2873 1403 2941 reprehensionibus
1430 2873 1502 2926 sit
1530 2872 1796 2938 obnoxia;
1826 2871 1988 2941 digna

411 2963 656 3035 profecto
690 2963 1034 3033 professione
1074 2972 1164 3018 tua
1201 2964 1519 3033 postulatio.
1568 2962 1706 3016 Mihi
1740 2977 1869 3016 vero
1909 2963 1992 3016 ni-

412 3056 490 3110 hil
514 3056 656 3110 esset
692 3055 935 3124 optatius
963 3070 1125 3124 quam
1154 3064 1212 3109 ut
1251 3070 1438 3109 eorum
1470 3069 1591 3124 quae
1615 3053 1774 3122 cupis
1804 3068 1990 3107 exem-

412 3149 503 3220 pla
557 3163 776 3218 possem
825 3163 894 3201 ex
933 3162 1051 3201 mea
1081 3147 1190 3200 vita
1246 3147 1343 3201 tibi
1395 3146 1740 3216 depromere,
1790 3152 1850 3199 ut
1894 3144 1994 3199 do-

411 3241 645 3297 ctrinam
694 3241 792 3294 abs
826 3246 880 3294 te
927 3239 1210 3310 quazsitam
1261 3239 1420 3294 factis
1453 3239 1637 3310 potius
1664 3252 1829 3308 quam
1869 3252 1993 3290 νοτ-ο

411 3335 501 3391 bis
545 3335 896 3404 explicarem.
950 3334 1022 3388 Ea
1053 3335 1200 3389 enim
1234 3334 1452 3390 demum
1485 3335 1621 3390 bene
1655 3333 1872 3389 vivendi
1908 3333 1994 3386 in-

413 3428 627 3482 stitutio
655 3427 818 3497 digna
850 3433 957 3491 est,
990 3426 1078 3480 cui
1108 3427 1240 3482 tides
1269 3427 1556 3490 habeatur,
1591 3442 1714 3482 cum
1741 3425 1994 3482 docentis

412 3521 524 3574 vita
562 3521 819 3590 congruit
864 3519 1125 3574 orationi.
1173 3520 1443 3574 Caeterum
1492 3521 1755 3590 quoniam
1803 3537 1888 3575 me
1939 3522 1994 3577 id

414 3613 560 3680 quod
607 3619 737 3680 opto
776 3613 1020 3666 nondum
1059 3621 1374 3667 assecutum
1414 3611 1598 3677 video,
1627 3620 1688 3666 ut
1723 3612 1995 3668 orationis

415 3703 540 3759 loco
573 3705 780 3773 possim
811 3705 976 3758 vitam
1020 3704 1332 3767 ostendere,
1364 3720 1433 3758 ne
1468 3703 1836 3773 imperfectus
1875 3719 1996 3758 oni-

416 3793 549 3849 nino
579 3795 768 3849 videar
809 3803 864 3848 et
903 3810 933 3848 a
960 3795 1116 3864 signo
1161 3811 1274 3863 prae
1312 3797 1528 3850 inscitia
1569 3795 1789 3864 penitus
1833 3795 1996 3848 aber—

416 3897 563 3948 rare,
595 3885 814 3939 brevem
847 3885 945 3937 tibi
975 3894 1123 3939 recte
1155 3885 1371 3940 vivendi
1407 3885 1699 3940 formulam
1747 3884 1994 3952 tradam;

418 3981 587 4044 atque
629 3974 779 4029 illius
812 3973 1033 4043 quidem
1080 3974 1210 4028 hinc
1230 3974 1342 4042 jam
1391 3975 1643 4029 nascitur
1683 3973 1994 4029 exordium.

2089 2799 2181 2836 vat
2207 2783 2324 2846 πῶς
2353 2782 2418 2836 ἄν
2442 2799 2527 2845 τις
2565 2778 2653 2834 διὰ
2683 2777 2775 2830 τοῦ
2809 2777 2930 2831 κατ’
2959 2777 3159 2848 ἀρετὴν
3187 2775 3303 2847 βίου
3329 2777 3669 2851 τελειωθείη,

2091 2874 2231 2929 ὥστε
2254 2873 2342 2928 διὰ
2369 2872 2583 2926 πάντων
2619 2867 3028 2940 κατορθωθῆναί
3059 2885 3150 2920 σου
3191 2871 3258 2939 τῇ
3289 2869 3400 2940 ζωῇ
3431 2869 3490 2922 τὸ
3520 2869 3677 2941 ἀμώ-

2095 2983 2282 3038 μητον.
2321 2963 2463 3033 Ἐγὼ
2498 2963 2555 3016 δὲ
2591 2963 2718 3029 περί
2748 2961 2949 3024 παντὸς
2992 2960 3090 3031 μὲν
3121 2961 3186 3013 ἂν
3215 2961 3580 3033 ἐποιησάμην,
3615 2965 3681 3018 έν

2091 3057 2168 3128 τῷ
2208 3053 2326 3127 ὲμῷ
2366 3055 2466 3126 βίῳ
2505 3053 2612 3106 τῶν
2643 3053 2726 3105 σοὶ
2771 3052 3216 3122 σπουδαζομένων
3273 3053 3560 3124 εὑρεθῆναι
3608 3055 3684 3109 τὰ

2094 3153 2487 3222 ὑποδείγματα,
2526 3149 2666 3203 ὥστε
2711 3152 2824 3211 τοῖς
2851 3147 3032 3219 ἔργοις
3070 3148 3176 3221 πρὸ
3202 3148 3310 3202 τῶν
3351 3149 3524 3218 λόγων
3555 3153 3684 3204 ἐπι-

2094 3245 2429 3314 ζητουμένην
2468 3243 2572 3296 una
2606 3241 2699 3294 σοῦ
2742 3242 3046 3312 παρασχεῖν
3096 3239 3465 3295 διδασκαλίαν.
3519 3240 3683 3296 Οὕτω

2093 3335 2203 3406 γὰρ
2240 3335 2306 3389 ἀν
2338 3334 2647 3399 ἀξιόπιστος
2687 3329 2756 3405 ἦν
2784 3333 2894 3385 τῶν
2928 3331 3146 3400 ἀγαθῶν
3173 3332 3206 3402 ὴ
3252 3332 3548 3402 ὑφήγησις,
3581 3333 3684 3386 τοῦ

2098 3429 2213 3499 βίου
2257 3431 2370 3491 τοῖς
2405 3428 2580 3490 λόγοις
2623 3424 3132 3498 συμφθεγγομένου.
3181 3423 3401 3496 Ἐπειδὴ
3433 3425 3490 3476 δὲ
3523 3423 3687 3479 τοῦτο

2100 3516 2199 3588 μὲν
2227 3514 2457 3587 εὔχομαι
2505 3515 2760 3585 γενέσθαι
2808 3515 2970 3574 ποτὲ,
3019 3512 3114 3566 νῦν
3155 3513 3212 3565 δὲ
3241 3512 3392 3566 οῦπω
3442 3513 3688 3567 τοιοῦτον

2096 3606 2330 3678 ἐμαυτὸν
2374 3606 2604 3676 βλέπων,
2664 3605 2738 3668 ὡς
2787 3604 2908 3656 ἀντὶ
2953 3602 3046 3656 τοῦ
3090 3603 3249 3670 λόγου
3303 3602 3686 3673 προδεικνύειν

2095 3700 2188 3752 τὸν
2244 3699 2378 3768 βίον,
2425 3698 2512 3750 ἵνα
2549 3696 2623 3768 μὴ
2673 3695 2898 3749 καθόλου
2941 3694 3156 3764 δοκοίην
3199 3693 3493 3764 ἀσυντελὴς
3540 3689 3683 3746 εἷναί

2100 3789 2181 3842 σοί
2209 3805 2292 3851 τις
2329 3787 2464 3858 πρὸς
2489 3787 2578 3839 τὸν
2616 3785 2813 3839 σκοπὸν
2839 3786 2933 3838 καὶ
2970 3784 3250 3856 ἀνόνητος,
3276 3784 3359 3852 ἐφ’
3394 3785 3422 3837 ὃ
3443 3785 3522 3837 δεῖ
3551 3801 3686 3838 συν-

2096 3881 2266 3934 τεῖναι
2300 3879 2390 3932 τὺν
2421 3877 2621 3950 ἀκριϐῆ
2654 3876 2788 3948 βίον,
2815 3875 3109 3930 ὑποθέσθαι
3143 3874 3443 3946 διενοήθην,
3496 3875 3686 3928 ἐντεῦ-

2101 3971 2191 4024 θεν
2239 3970 2332 4023 τοῦ
2363 3969 2522 4036 λόγου
2556 3967 2654 4040 τὴν
2696 3969 2872 4040 ἀρχὴν
2907 3968 3293 4038 ποιησάμενος·
3323 3967 3429 4021 Τοῦ
3472 3965 3686 4036 ἀγαθοῦ

420 4064 606 4120 Bonus
665 4065 929 4121 Dominus
984 4073 1176 4122 noster
1209 4065 1370 4121 Jesus
1416 4065 1673 4121 Christus
1725 4081 1851 4128 nos,
1898 4055 2048 4134 quil

2099 4064 2361 4116 Δεσπότου
2416 4062 2571 4133 ἡμῶν
2631 4061 2802 4130 Ἰησοῦ
2859 4059 3096 4132 Χριστοῦ
3150 4059 3522 4130 χαρισαμένου
3579 4059 3683 4129 τὴν

419 4155 476 4210 in
507 4157 684 4226 ipsum
736 4157 1036 4216 credimus,
1071 4156 1335 4210 adorandi
1377 4155 1617 4210 nominis
1657 4154 1742 4210 sui
1773 4153 2000 4223 partici-

418 4263 518 4318 pes
567 4247 718 4314 l‘ecit,
774 4257 834 4301 ut
877 4250 992 4302 sive
1037 4249 1260 4309 divites,
1295 4248 1411 4304 sive
1458 4247 1696 4310 nobiles,
1738 4247 1854 4301 sive
1892 4247 1995 4300 ob-

420 4339 594 4402 scuri,
625 4340 742 4394 sive
777 4340 992 4410 inopes,
1021 4341 1136 4395 sive
1164 4340 1431 4395 doctrinae
1472 4346 1568 4392 aut
1598 4337 1882 4410 dignitatis
1916 4337 2000 4391 in-

419 4431 672 4500 signibus
705 4433 954 4486 exornati
1002 4433 1198 4496 simus,
1246 4433 1394 4486 nulla
1443 4440 1621 4486 tamen
1676 4447 1741 4486 ex
1779 4446 1838 4485 re
1881 4424 2037 4500 (μηδ’

421 4521 584 4577 nobis
629 4521 773 4575 adsit
803 4523 1168 4587 neminemur,
1203 4524 1295 4578 sed
1343 4524 1429 4578 his
1470 4523 1724 4576 omnibus
1755 4521 1998 4590 rejectis,

420 4614 493 4669 de
540 4628 649 4668 uno
701 4613 922 4666 nomine
971 4612 1144 4682 ipsius
1176 4613 1396 4682 proprie
1444 4612 1784 4682 appellemur
1837 4612 2002 4666 Chri-

422 4704 609 4762 stiani.
668 4703 805 4758 Cum
862 4703 1028 4774 igitur
1083 4703 1224 4757 hanc
1288 4703 1447 4758 nobis
1487 4718 1516 4757 e
1561 4705 1702 4758 caelo
1766 4703 2000 4772 gratiam

423 4793 692 4859 attulerit,
751 4808 934 4865 operae
991 4794 1226 4864 pretium
1282 4800 1366 4848 est
1433 4800 1494 4847 ut
1551 4793 1706 4863 prius
1757 4793 2004 4847 muneris

425 4885 854 4955 magnitudinem
904 4885 1342 4946 consideremus,
1392 4901 1502 4954 quo
1554 4885 1782 4939 meritas
1839 4883 2005 4954 largi-

425 4978 532 5030 tori
562 4976 672 5032 Deo
707 4978 913 5048 gratias
945 4977 1268 5032 habeamus.
1321 4975 1526 5030 Deinde
1572 4975 1709 5030 tales
1751 4975 1808 5027 in
1852 4973 2002 5028 omni

424 5069 533 5122 vita
565 5086 664 5126 nos
697 5078 1040 5140 praestemus,
1074 5071 1266 5140 quales
1298 5069 1527 5138 requirit
1557 5068 1789 5138 hujusce
1822 5067 2002 5120 nomiv

424 5156 514 5212 nis
556 5160 902 5214 excellentia.
939 5160 1154 5226 Quanta
1200 5163 1271 5214 sit
1315 5159 1482 5227 hujus
1514 5158 1761 5212 muneris
1791 5159 2002 5227 magni-

427 5247 582 5315 tudo,
633 5250 773 5320 quod
827 5252 972 5307 illius
1031 5251 1122 5322 qui
1173 5252 1300 5305 vita:
1340 5258 1544 5306 nostrae
1599 5249 1864 5302 Dominus
1919 5255 2004 5304 est

2101 4156 2381 4210 κοινωνίαν
2413 4157 2544 4226 ἡμῖν
2589 4153 2683 4208 τοῦ
2721 4153 3193 4225 προσκυνουμένου
3222 4151 3506 4222 ὀνόματος,
3539 4149 3683 4204 ὥστε

2101 4248 2246 4318 ἡμᾶς
2279 4248 2344 4300 ὲκ
2374 4246 2596 4317 μηδενὸς
2629 4245 2788 4300 ἄλλου
2821 4244 2929 4298 τῶν
2960 4245 3088 4316 περὶ
3121 4247 3268 4316 ἡμᾶς
3301 4243 3684 4313 ὀνομάζεσθαι,

2100 4338 2201 4393 κᾶν
2229 4337 2478 4403 πλούσιός
2508 4356 2592 4402 τις
2626 4337 2702 4391 ὢν
2726 4336 2884 4408 τύχῃ,
2914 4337 3004 4390 καὶ
3028 4337 3376 4408 εὐπατρίδης,
3414 4337 3519 4389 κᾶν
3555 4336 3684 4388 δυσ-

2102 4429 2266 4500 γενὴς
2393 4428 2426 4498 ἢ
2482 4428 2682 4498 πένης,
2711 4429 2806 4482 καὶ
2846 4427 2906 4491 ἐξ
2950 4427 3392 4498 ἐπιτηδευμάτων
3439 4425 3599 4479 τινῶν
3647 4425 3682 4497 ἢ

2100 4520 2428 4592 ἀξιωμάτων
2465 4520 2526 4572 τὸ
2564 4519 2842 4590 γνώριμον
2875 4519 2996 4591 ἔχῃ,
3044 4520 3260 4574 πάντων
3289 4518 3396 4571 τῶν
3426 4518 3684 4572 τοιούτων

2101 4612 2381 4682 ὀνομάτων
2407 4609 2741 4682 ἀργούντων,
2786 4611 2916 4681 μίαν
2944 4606 3084 4664 εἶναι
3110 4610 3303 4680 κυρίαν
3341 4610 3532 4680 κλῆσιν
3569 4610 3682 4670 τοῖς

2102 4707 2182 4767 εἰς
2210 4704 2370 4758 αὐτὸν
2420 4703 2815 4756 πεπιστευκόσι
2861 4702 3182 4772 δεδώρηται,
3233 4701 3294 4754 τὸ
3323 4699 3684 4770 Χριστιανοὺς

2101 4794 2482 4866 ὀνομάζεσθαι.
2529 4793 2745 4863 Ταύτης
2794 4793 3000 4847 ἄνωθεν
3057 4795 3191 4863 ἡμῖν
3243 4790 3682 4862 ἐπικυρωθείσης

2102 4885 2201 4954 τῆς
2242 4884 2496 4954 χάριτος,
2537 4881 2837 4950 ἀναγκαῖον
2877 4881 2943 4934 ἂν
2976 4881 3062 4950 εἴη
3090 4879 3303 4951 πρῶτον
3335 4879 3438 4947 τῆς
3475 4877 3682 4949 δωρεᾶς

2101 4978 2291 5047 νοῆσαι
2319 4975 2378 5027 τὸ
2411 4971 2660 5043 μέγεθος,
2683 4971 2823 5025 ὥστε
2853 4970 2970 5025 κατ’
2996 4971 3153 5038 ἀξίαν
3180 4967 3577 5040 εὐχαριστῆσαι
3604 4965 3682 5037 τῷ

2100 5063 2172 5116 τὰ
2189 5060 2489 5132 τηλικαῦτα
2509 5059 2882 5131 δωρησαμένῳ
2905 5059 3045 5130 Θεῷ.
3062 5057 3290 5112 Ἔπειτα
3315 5058 3372 5111 δὲ
3405 5057 3681 5119 τοιούτους

2101 5152 2326 5215 ἑαυτοὺς
2356 5150 2444 5204 διὰ
2472 5149 2566 5203 τοῦ
2591 5149 2705 5220 βίου
2744 5150 2936 5215 δεῖξαι,
2969 5145 3080 5202 οἷον
3110 5149 3358 5220 ἐπιζητεῖ
3389 5151 3420 5217 ἡ
3455 5147 3550 5200 τοῦ
3585 5165 3683 5217 με-

2101 5244 2267 5313 γάλου
2299 5241 2488 5295 τούτου
2527 5240 2789 5311 ὀνόματος
2814 5240 3061 5310 δύναμις.
3099 5240 3173 5292 Τὸ
3206 5239 3305 5308 μὲν
3327 5233 3419 5292 οὖν
3458 5237 3684 5308 μέγεθος

426 5340 652 5395 nomine
675 5358 1078 5411 nuncupentur,
1116 5343 1274 5398 nobis
1301 5341 1656 5412 perspicuum
1688 5341 1781 5394 [iet
1803 5340 1846 5394 si
1869 5339 1998 5409 quid
2032 5395 2048 5412 Α

2105 5335 2205 5404 τῆς
2233 5334 2459 5405 δωρεᾶς,
2501 5325 2568 5403 ἧς
2595 5331 2685 5385 διὰ
2715 5331 2810 5384 τοῦ
2843 5330 3302 5400 συνονομασθῆναι
3334 5329 3409 5400 τῷ
3441 5328 3685 5398 Δεσπότῃ

427 5442 625 5483 nomen
657 5430 884 5497 ipsuma
917 5431 1138 5486 Christo
1180 5431 1471 5485 deductum
1507 5430 1783 5501 significet
1821 5429 2001 5482 anim-

428 5518 801 5580 advertemus.
839 5525 900 5573 ut
932 5521 1301 5591 intelligamus
1345 5521 1564 5592 quando
1606 5520 1847 5575 universi
1893 5518 2004 5572 Do-

428 5609 642 5664 minum
673 5608 730 5660 in
765 5610 969 5667 nostris
1008 5614 1419 5682 precationibus
1460 5613 1564 5668 hac
1596 5627 1728 5667 voce
1755 5611 2006 5666 nomina-

426 5712 574 5761 mus,
604 5707 769 5763 quam
804 5697 1002 5757 animis
1048 5705 1257 5758 nostris
1291 5705 1571 5761 notionem
1602 5703 2003 5774 concipiamus,

2107 5426 2207 5494 τῆς
2250 5425 2396 5494 ζωῆς
2429 5423 2586 5492 ἡμῶν
2630 5421 2960 5493 ἠξιώθημεν,
2989 5421 3160 5484 οὕτως
3201 5419 3266 5475 ἂν
3295 5421 3504 5488 γένοιτο
3529 5419 3683 5489 δῆλον

2111 5521 2262 5589 ἡμῖν,
2284 5519 2333 5570 εί
2371 5515 2504 5570 αὐτὸ
2529 5514 2590 5567 τὸ
2620 5513 3020 5584 σημαινόμενον
3052 5512 3144 5566 τοῦ
3173 5512 3310 5565 κατά
3333 5512 3425 5564 τὸν
3453 5509 3684 5581 Χριστὸν

2110 5609 2368 5679 ὀνόματος
2411 5605 2786 5674 ὲπιγνοίημεν,
2825 5602 2964 5655 ὥστε
2995 5605 3249 5664 συνεῖναι,
3272 5603 3400 5656 ὅταν
3433 5601 3522 5655 διὰ
3557 5599 3683 5654 ταύ-

2109 5719 2208 5774 της
2236 5702 2336 5771 τῆς
2363 5700 2546 5770 φωνῆς
2566 5698 2656 5752 τὸν
2680 5696 2774 5750 τοῦ
2811 5695 3011 5758 παντὸς
3033 5695 3239 5766 Κύριον
3268 5695 3324 5746 ὲν
3355 5698 3474 5757 ταῖς
3499 5694 3682 5762 εὐχαῖς

427 5793 523 5840 aut
557 5780 692 5851 quid
724 5796 820 5847 per
850 5783 955 5838 hoc
993 5805 1193 5845 nomen
1230 5793 1534 5860 cogitantes
1562 5802 1688 5864 apte
1714 5791 2006 5847 credamus

2113 5787 2582 5862 προσκαλώμεθα,
2632 5786 2792 5838 ποίαν
2827 5785 2946 5847 ταῖς
2992 5782 3190 5852 ψυχαῖς
3239 5781 3396 5853 ἡμῶν
3443 5781 3683 5848 ἀναλαμ-

423 5881 610 5949 ipsum
661 5873 954 5942 appellare.
1003 5879 1059 5936 ld
1092 5883 1181 5936 ubi
1231 5896 1572 5953 compertum
1619 5883 1999 5950 habuerimus,

2112 5881 2343 5949 ϐάνομεν
2371 5877 2608 5942 ἔννοιαν,
2659 5874 2691 5945 ἢ
2725 5875 2776 5927 τί
2810 5873 2894 5928 διὰ
2933 5872 3024 5926 τοῦ
3055 5873 3316 5943 ὀνόματος
3347 5869 3532 5923 τούτου
3575 5885 3673 5922 κα-

2829 6091 2858 6121 κ
