4106 6458
406 440 513 499 εῶ

1431 444 1521 500 DE
1558 443 1924 503 PERFECT‘A
1962 443 2361 504 CHRISTIANI
2394 445 2651 503 FORMA.

3570 447 3681 507 25‘

409 556 745 624 τανοοῦντες,
780 557 1022 623 εὐσεϐῶς
1043 560 1203 616 αὑτὸν
1227 560 1604 617 ἐπικαλεῖσθαι
1632 562 1982 634 πιστεύομεν.

2093 563 2211 634 ipso
2249 565 2471 620 nomine
2511 571 2574 620 ut
2607 560 2880 633 magistro
2914 570 2969 617 et
3014 561 3156 617 duce
3189 559 3256 616 ad
3300 562 3440 617 bene
3488 557 3678 618 beate;

423 646 673 700 Ἐπειδὰν
699 647 757 700 δὲ
783 648 941 702 τοῦτο
966 650 1267 723 νοήσωμεν,
1296 650 1415 705 τότε
1443 653 1511 707 δι’
1540 652 1861 718 ἀκολούθου,
1896 654 1992 707 καὶ

413 738 555 802 οῖους
586 740 856 811 προσήκει
890 742 1034 812 ἡμᾶς
1056 743 1144 797 διὰ
1174 743 1275 814 τῆς
1303 745 1434 817 περὶ
1480 745 1569 799 τὸν
1604 744 1718 815 βίον
1757 745 1991 817 σπουδῆς

411 829 815 901 ἐπιδειχθῆναι,
880 834 1064 903 σαφῶς
1098 834 1498 908 μαθησόμεθα,
1544 837 1850 908 διδασκάλῳ
1898 838 1992 892 καὶ

409 920 592 991 ὁδηγῷ
618 922 755 992 πρὸς
786 922 879 976 τὸν
916 923 1029 994 βίον
1059 924 1138 995 τῷ
1171 926 1397 997 ὀνόματι
1450 926 1745 999 χρώμενοι.
1779 927 1989 992 υὺκοῦν

407 1010 502 1063 τὸν
541 1012 695 1079 ἀγιον
743 1013 954 1067 Παῦλον
1009 1016 1146 1085 πρὸς
1185 1016 1254 1070 τά
1294 1015 1388 1071 δύο
1418 1018 1591 1072 ταῦτα
1637 1018 1990 1090 καθηγεμόνα

408 1103 742 1173 ποιούμενοι,
775 1105 1191 1178 ἀσφαλεστάτην
1231 1108 1425 1178 ἕξομεν
1463 1109 1685 1179 ὀδηγίαν
1715 1111 1849 1181 πρὸς
1887 1110 1987 1181 τὴν

407 1195 517 1248 τῶν
581 1196 932 1267 ζητουμένων
986 1201 1304 1270 σαφήνειαν.
1368 1196 1536 1265 Οὗτος
1585 1200 1694 1272 γὰρ
1751 1201 1987 1272 μάλιστα

407 1287 627 1340 πάντων
652 1288 915 1359 ἀκριϐῶς,
961 1292 1055 1344 καὶ
1082 1292 1136 1345 τί
1167 1293 1313 1346 ἐστιν
1332 1294 1362 1348 ὁ
1396 1293 1630 1364 Χριστὸς
1672 1294 1985 1365 κατενόησε,

408 1379 505 1432 καὶ
542 1374 653 1432 οἷον
685 1375 824 1433 εἶναι
849 1380 952 1452 χρὴ
979 1382 1074 1436 τὸν
1104 1383 1574 1456 ἐπονομαζόμενον
1600 1384 1772 1455 αὐτῷ,
1816 1383 1884 1437 δι’
1909 1377 1987 1439 ὧν

407 1470 684 1541 ἐποίησεν,
717 1473 1073 1544 ὑφηγήσατο·
1111 1475 1285 1540 οὓθως,
1321 1478 1567 1549 ἐναργῶς
1608 1478 1773 1533 αὑτὸν
1810 1496 1983 1550 μιμη-

410 1563 662 1632 σάμενος,
691 1564 767 1628 ὡς
794 1567 853 1620 ἐν
898 1567 1077 1638 ἐαυτῷ
1118 1568 1288 1636 δεῖξαι
1336 1570 1430 1624 τὸν
1474 1571 1669 1626 ἑαυτοῦ
1708 1572 1983 1644 Δεσπότην

410 1653 869 1722 μεμορφωμένον,
923 1654 1013 1709 διὰ
1061 1655 1161 1726 τῆς
1205 1657 1604 1729 ἀκριϐεστάτης
1661 1661 1982 1732 μιμήσεως,

409 1744 835 1814 μεταθληθέντος
878 1746 970 1800 τοῦ
1001 1747 1099 1818 τῆς
1126 1746 1305 1819 ψυχῆς
1335 1750 1502 1804 αὑτοῦ
1531 1751 1705 1815 εἴδους
1751 1753 1889 1824 πρὸς
1920 1752 1982 1806 τὸ

406 1834 776 1905 πρωτότοκον,
795 1836 872 1900 ὡς
889 1837 1086 1907 μηκέτι
1108 1838 1320 1892 Παῦλον
1340 1835 1479 1894 εἶναι
1500 1840 1676 1895 δοκεῖν
1691 1843 1784 1895 τὸν
1799 1841 1980 1908 ζῶντά

2092 671 2201 726 que
2229 656 2523 712 vivendum
2576 663 2815 721 utentes,
2851 669 2975 724 quae
3004 655 3165 711 nobis
3198 654 3327 708 vitae
3357 653 3541 709 studia
3586 668 3677 709 se-

2092 749 2311 819 quenda
2365 747 2498 815 sint,
2545 746 2706 802 facile
2741 762 3166 818 cognoscemus.
3213 745 3293 802 Ad
3344 745 3461 800 haec
3491 751 3675 799 autem

2090 842 2201 898 duo
2227 857 2348 912 qua:
2376 841 2774 913 investigamus
2808 839 3156 911 percipienda
3188 838 3523 893 tutissimum
3552 837 3674 891 adi-

2091 945 2205 991 tum
2232 936 2577 1000 habebimus,
2610 938 2657 993 si
2690 937 2850 992 nobis
2877 936 2940 990 D.
2976 934 3207 989 Paulum
3239 933 3449 989 itineris
3474 933 3672 987 ducem

2091 1029 2568 1100 proposuerimus.
2618 1028 2721 1084 Hic
2750 1029 2897 1085 enim
2934 1028 3172 1084 maxime
3206 1027 3452 1082 omnium
3485 1025 3672 1095 exqui-

2087 1121 2225 1185 site,
2277 1131 2333 1177 et
2378 1123 2470 1192 qui
2516 1121 2774 1178 Christus
2844 1120 2918 1175 sit
2965 1121 3156 1185 novit,
3193 1127 3249 1175 et
3288 1119 3504 1190 qualem
3546 1131 3672 1174 esse

2085 1221 2359 1283 oporteat,
2392 1214 2489 1284 qui
2543 1213 2615 1269 ab
2662 1229 2729 1269 eo
2776 1227 2979 1268 nomen
3038 1214 3276 1282 accepit,
3326 1226 3396 1267 ex
3444 1210 3514 1266 iis
3548 1223 3672 1279 quae

2086 1304 2259 1373 gessit
2298 1305 2436 1375 ipse,
2482 1304 2785 1361 declaravit
2820 1323 2833 1360 :
2865 1319 2992 1359 nam
3025 1304 3162 1359 adeo
3209 1308 3466 1358 accurate
3515 1300 3668 1355 illum

2084 1397 2333 1452 imitatus
2373 1405 2480 1463 est,
2517 1405 2576 1453 ut
2605 1396 2663 1452 in
2701 1412 2761 1453 se
2790 1397 3079 1452 Dominum
3120 1398 3302 1467 ipsum
3346 1409 3668 1465 expressum

2085 1488 2413 1552 ostenderit,
2476 1488 2681 1558 quippe
2727 1487 2821 1558 qui
2870 1485 3296 1557 diligentissima
3358 1482 3669 1537 imitatione

2066 1579 2316 1636 'formam
2368 1581 2542 1636 animi
2585 1581 2673 1638 sui
2710 1581 2785 1635 ita
2838 1579 3128 1634 transtulit
3175 1578 3230 1632 in
3272 1578 3452 1648 ipsum
3480 1590 3670 1631 exem-

2084 1672 2225 1741 plar,
2260 1680 2320 1726 ut
2346 1686 2453 1727 non
2484 1673 2746 1743 amplius,
2775 1672 2871 1742 qui
2912 1670 3263 1741 loquebatur,
3306 1668 3526 1732 Paulus,
3569 1665 3666 1721 sed

2081 1760 2340 1820 Christus
2392 1779 2517 1820 esse
2575 1763 2879 1831 videretur,
2928 1760 3386 1833 quemadmodum
3438 1759 3668 1830 ipsemet

2082 1853 2240 1919 dicit,
2271 1854 2364 1924 qui
2410 1856 2631 1925 propria
2672 1856 2814 1911 bona
2847 1854 3076 1926 pulchre
3114 1853 3388 1909 sentiebat
3422 1869 3437 1906 :
3470 1869 3490 1905 ι
3518 1848 3667 1916 Quo-

404 1943 466 1979 τε
486 1927 581 1980 καὶ
608 1928 998 2000 φθεγγόμενον,
1031 1930 1146 1984 ἀλλ’
1179 1932 1339 1986 αὑτὸν
1377 1934 1467 1987 τὸν
1496 1935 1731 2006 Χριστὸν
1746 1937 1805 1990 ἐν
1829 1934 1979 2006 αὑτῷ

2089 1946 2234 2000 niam
2263 1948 2718 2017 experimentum,
2753 1966 2772 1999 ι
2810 1910 2988 2016 inquit
3011 1948 3053 2008 ι,
3090 1963 3109 1996 ι
3144 1945 3391 2015 quaeritis
3421 1941 3544 2012 ejus
3569 1939 3665 2010 qui

404 2018 525 2090 ζῇνο
557 2020 741 2084 καθώς
767 2038 934 2093 φησιν
962 2025 993 2077 ὁ
1032 2026 1196 2090 καλὸς
1239 2025 1348 2080 τῶν
1385 2027 1527 2080 ἰδίων
1559 2027 1780 2096 ἀγαθῶν
1826 2030 1981 2081 ἐπαι-

406 2110 685 2181 σθόμενος,
717 2114 800 2167 ὅτι
840 2134 860 2166 ι
900 2116 966 2171 Εἰ
991 2117 1220 2189 δοκιμὴν
1261 2119 1474 2189 ζητεῖτε
1513 2118 1607 2172 τοῦ
1636 2121 1695 2175 ἐν
1733 2121 1855 2191 ἐμοὶ
1888 2121 2000 2184 λα-,ς

403 2202 623 2268 λοῦπός
640 2205 899 2275 Χριστοῦ.
936 2227 957 2262 ι
990 2211 1133 2279 Καὶ,
1158 2210 1241 2265 ἃιι
1268 2228 1287 2264 ι
1319 2211 1407 2267 Ζῶ
1436 2211 1494 2265 δὲ
1523 2210 1636 2281 ἐγὼ
1659 2212 1760 2266 οὐκ
1786 2211 1889 2279 ἔτι,
1912 2210 1978 2284 ζῇ

402 2298 461 2352 δὲ
492 2299 549 2350 ἐν
576 2298 699 2369 ἐμοὶ
722 2301 979 2371 Χριστός.
1018 2321 1038 2354 ι

474 2382 643 2452 οὗτος
673 2386 767 2444 οὑν
792 2391 889 2445 τοῦ
919 2393 1059 2447 κατά
1090 2394 1323 2467 Χριστὸν
1353 2394 1710 2467 ὀνομάζοντος
1745 2396 1980 2470 ἐγνώρι-

404 2496 499 2534 σεν
547 2482 679 2553 ἡμῖν
739 2482 801 2536 τὸ
851 2485 1286 2556 σημαινόμενον,
1345 2488 1556 2551 εἰπὼν,
1608 2489 1692 2542 ὅτι
1745 2488 1981 2560 Χριστός

401 2574 521 2627 ἐστι
547 2573 681 2627 Θεοῦ
703 2574 930 2645 δύναμις
956 2577 1056 2629 καὶ
1085 2576 1224 2631 Θεοῦ
1254 2577 1436 2647 σοφία,
1469 2578 1605 2632 ἀλλὰ
1638 2580 1733 2633 καὶ
1757 2581 1980 2652 εἰρήνην

401 2666 565 2720 αὑτὸν
590 2666 836 2734 ἐκάλεσε,
863 2668 958 2722 καὶ
980 2668 1098 2738 φῶς
1116 2669 1432 2741 ἀπρόσιτον,
1465 2660 1523 2725 ἐν
1541 2665 1585 2740 ᾧ
1606 2674 1750 2726 οἰκεῖ
1768 2674 1797 2727 ό
1819 2672 1994 2736 Θεὸς,τ

403 2758 676 2828 ἁγιασμόν
707 2775 768 2811 τε
794 2759 890 2813 καὶ
929 2759 1326 2831 ἀπολύτρωσιν,
1370 2763 1634 2834 ἀρχιερέα
1677 2780 1737 2816 τε
1780 2762 1976 2833 μέγαν,

402 2850 499 2903 καὶ
525 2850 735 2921 Πάσχα,
782 2851 1093 2922 ἱλαστήριον
1136 2852 1345 2923 ψυχῶν,
1402 2854 1744 2926 ἀπαύγασμα
1796 2854 1976 2926 δόξης,

399 2945 724 3016 χαρακτῆρα
750 2945 1121 3011 ὑποστάσεως,
1150 2948 1247 3000 καὶ
1267 2947 1495 3019 ποιητὴν
1514 2948 1748 3012 αἰώνων,
1782 2950 1980 3020 βρῶμα

400 3037 768 3108 πνευματικὸν
800 3037 895 3091 καὶ⁸
934 3038 1120 3109 πόμα,
1166 3039 1261 3093 καὶ
1298 3040 1527 3113 πέτραν,
1557 3041 1653 3094 καὶ
1684 3040 1848 3113 ὓδωρ,
1891 3042 1982 3095 θε-

403 3126 590 3198 μέλιον
621 3128 875 3194 πίστεως,
908 3129 1002 3181 καὶ
1044 3128 1247 3196 γωνίας
1290 3130 1550 3201 κεφαλὴν,
1586 3131 1682 3185 καὶ
1719 3131 1855 3185 Θεοῦ
1881 3132 1977 3184 τοῦ

399 3221 631 3292 ἀοράτου
680 3221 893 3285 εἰκόνα,
944 3221 1038 3273 καὶ
1073 3221 1247 3291 μέγαν
1292 3221 1447 3288 Θεὸν,
1496 3223 1738 3295 κεφαλήν
1786 3241 1846 3276 τε
1877 3223 1972 3277 τοῦ
2002 3267 2050 3331 C

398 3313 499 3383 τῆς
544 3313 865 3382 Ἐκκλησίας
916 3312 1186 3383 σώματος,
1227 3314 1323 3366 καὶ
1358 3313 1458 3383 τῆς
1501 3314 1695 3384 καινῆς
1741 3315 1974 3379 κτίσεως

400 3404 769 3476 πρωτότοκον,
801 3405 897 3459 καὶ
932 3404 1187 3476 ἀπαρχὴν
1215 3404 1325 3457 τῶν
1357 3405 1795 3476 κεκοιμημένων,
1826 3423 1978 3474 πρω-

398 3496 620 3549 τότοκον
639 3498 703 3548 ἐκ
728 3495 960 3568 νεκρῶν,
989 3497 1084 3549 καὶ
1115 3496 1461 3567 πρωτότοκον
1495 3498 1552 3548 ἐν
1579 3497 1793 3560 πολλοῖς
1823 3497 1979 3551 ἀδελ-

400 3588 544 3656 φοῖς,
593 3588 687 3640 καὶ
742 3587 970 3658 μεσίτην
1010 3586 1150 3641 Θεοῦ
1201 3587 1296 3640 καὶ
1338 3585 1674 3659 ἀνθρώπων,
1721 3588 1816 3642 καὶ
1850 3588 1976 3641 Υἱὸν

403 3679 664 3749 μονογενῆ
695 3678 820 3750 δόξῃ
846 3679 937 3731 καὶ
974 3681 1106 3750 τιμῇ
1145 3678 1612 3749 ἐστεφανωμένον,
1647 3680 1743 3732 καὶ
1772 3679 1978 3749 Κύριον

398 3770 503 3842 τῆς
539 3771 713 3843 δόξης,
737 3772 834 3825 καὶ
857 3771 1031 3842 ἀρχὴν
1059 3772 1169 3824 τῶν
1193 3771 1362 3825 ὄντων
1403 3771 1608 3844 (οὓτως
1645 3772 1816 3826 εἰπὼν
1846 3770 1978 3843 ἰντερλ⁵

399 3864 601 3920 αὐτοῦ·
652 3863 750 3928 ’ος
803 3866 950 3918 ἐστιν
1003 3864 1217 3936 ἀρχὴ),
1273 3864 1496 3935 βασιλέα
1538 3882 1598 3918 τε
1630 3865 1977 3938 δικαιοσύνης

400 3958 540 4031 πρὸς
582 3956 823 4021 τούτοις,
869 3955 1092 4027 βασιλέα
1139 3958 1395 4027 εἰρήνης,
1440 3957 1536 4010 καὶ
1585 3956 1811 4027 βασιλέα
1865 3958 1978 4013 τῶν

404 4049 681 4113 ἁπάντων,
724 4048 1134 4120 ἀπερίγραπτον
1193 4046 1383 4117 ἔχοντα
1432 4051 1534 4120 τῆς
1588 4049 1862 4120 βασιλείας
1916 4048 1979 4104 τὸ

398 4140 621 4211 κράτος.
654 4140 766 4193 Καὶ
816 4139 950 4193 ἄλλα
994 4138 1220 4192 τοιαῦτα
1252 4139 1451 4205 πολλὰ,
1497 4134 1571 4195 ὧν
1618 4141 1720 4195 οὑκ
1768 4141 1883 4195 ἔστι
1914 4140 1978 4194 τὸ

398 4230 603 4303 πλῆθος
650 4231 847 4303 ῥᾳδίως
880 4228 1343 4301 ἐξαριθμήσασθαι
1367 4247 1382 4262 ο
1435 4232 1581 4303 ἅπερ
1630 4232 1808 4285 πάντα
1852 4248 1978 4285 συν-

397 4322 623 4376 τεθέντα
666 4322 800 4392 πρὸς
825 4322 1049 4391 ἄλληλα,
1088 4322 1187 4393 τῆς
1233 4322 1464 4376 ἑκάστου
1510 4322 1619 4376 τῶν
1669 4322 1978 4392 ἐπωνύμων

395 4414 634 4477 διανοίας
654 4453 669 4473 ,
697 4414 760 4467 τὸ
794 4415 924 4485 παρ’
968 4414 1166 4486 ἑαυτῆς
1201 4415 1282 4478 εἰς
1310 4413 1536 4479 ἔνδειξιν
1579 4413 1674 4467 τοῦ
1710 4431 1977 4485 σημαινο-

403 4507 563 4577 μένου
597 4505 1085 4577 συνεισφερούσης,
1117 4505 1357 4576 έμφασίν
1397 4523 1522 4560 τινα
1549 4507 1651 4576 τῆς
1694 4505 1978 4576 σημασίας

2084 2038 2139 2092 in
2187 2054 2274 2093 me
2324 2039 2567 2109 loquitur
2612 2038 2889 2094 Christus.
2926 2056 2946 2090 ι
3012 2036 3099 2099 Ει,
3154 2053 3174 2087 ι
3216 2034 3350 2089 Vivo
3400 2047 3502 2103 ego
3545 2031 3661 2101 jam

2081 2145 2191 2185 non
2219 2146 2342 2202 ego,
2377 2132 2509 2186 vivit
2550 2139 2731 2187 autem
2771 2130 2826 2184 in
2868 2145 2955 2185 me
2985 2126 3242 2183 Christus
3266 2129 3311 2183 ³.
3351 2147 3371 2180 ι

2152 2400 2253 2458 Hic
2281 2399 2445 2472 igitur
2478 2398 2639 2455 nobis
2668 2402 2721 2454 et
2767 2409 2933 2467 quam
2978 2393 3087 2448 vim
3123 2406 3323 2448 nomen
3363 2391 3470 2447 hoc
3499 2390 3662 2445 Chri-

2083 2504 2203 2551 stus
2241 2494 2441 2548 habeat
2476 2488 2775 2562 patefecit,
2820 2502 2946 2543 eum
2978 2486 3187 2541 diceret
3221 2483 3502 2540 Christum
3536 2497 3662 2539 esse

2081 2588 2178 2643 Dei
2213 2588 2472 2641 virtutem
2499 2594 2553 2638 et
2592 2582 2686 2638 Dei
2722 2580 3071 2651 sapientiam,
3105 2594 3344 2648 cumque
3372 2584 3429 2632 et
3469 2589 3662 2647 pacem

2081 2681 2259 2750 ipsum
2293 2677 2605 2733 nominaret
2639 2683 2695 2729 et
2740 2673 2919 2727 lucem
2962 2669 3426 2733 inaccessibilem,
3461 2667 3514 2721 in
3550 2680 3663 2737 qua

2081 2767 2229 2824 Deus
2261 2767 2552 2826 inhabitat.
2582 2763 2973 2834 expiationem,
3009 2769 3063 2817 et
3104 2761 3561 2829 redemptionem,
3605 2764 3663 2813 et

2080 2860 2416 2916 sacerdotem
2457 2872 2741 2928 magnum,
2774 2865 2828 2911 et
2852 2855 3090 2914 Pascha.
3123 2862 3175 2910 et
3211 2853 3662 2924 propitiatiouem

2079 2951 2409 3011 animarum,
2428 2948 2775 3019 splendorem
2794 2946 2983 3017 gloria:
2998 2952 3053 2999 et
3072 2944 3296 3015 figuram
3316 2943 3659 3007 substantiae,

2077 3052 2132 3099 et
2156 3041 2468 3099 effectorem
2498 3040 2846 3103 saeculorum,
2877 3039 3058 3092 cibum
3093 3052 3157 3091 ac
3185 3043 3373 3107 potum
3401 3034 3664 3105 spiritua-

2078 3137 2206 3198 lem,
2237 3142 2445 3205 petram
2468 3140 2520 3188 et
2547 3145 2764 3201 aquam,
2785 3127 3203 3185 fundamentum
3230 3126 3377 3189 ﬁdei,
3404 3125 3661 3195 etanguli

2079 3233 2262 3297 caput,
2286 3233 2339 3280 et
2360 3223 2453 3277 Dei
2471 3221 2764 3278 invisibilis
2788 3220 3100 3289 imaginem,
3120 3227 3173 3285 et
3193 3232 3447 3288 magnum
3470 3215 3660 3280 Deum,

2079 3314 2500 3387 caputcorporis
2517 3312 2795 3375 Ecclesiae,
2810 3321 2863 3367 et
2880 3325 3034 3366 nova
3055 3319 3322 3365 creatura:
3334 3307 3664 3378 primogeni-

2078 3416 2216 3470 tum,
2243 3413 2298 3461 et
2323 3404 2593 3476 primitias
2609 3417 2799 3458 eorum
2818 3401 2909 3472 qui
2928 3400 3291 3463 dormierunt,
3319 3404 3374 3454 et
3391 3396 3663 3467 primoge-

2076 3498 2254 3552 nitum
2273 3513 2337 3551 ex
2357 3496 2611 3559 mortuis,
2630 3504 2685 3550 et
2708 3491 3129 3564 primogenitum
3163 3491 3216 3544 in
3250 3487 3437 3542 multis
3470 3486 3660 3541 fratri-

2077 3589 2203 3650 bus,
2225 3596 2277 3643 et
2296 3587 2646 3642 mediatorem
2670 3585 2762 3641 Dei
2780 3593 2835 3639 et
2857 3583 3163 3647 hominum,
3185 3590 3239 3635 et
3255 3579 3451 3634 Filium
3472 3577 3663 3648 unige-

2078 3683 2253 3735 nitum
2298 3679 2471 3750 gloria
2516 3686 2571 3734 et
2624 3678 2834 3730 honore
2869 3680 3219 3737 coronatum,
3273 3679 3329 3726 et
3368 3670 3659 3725 Dominum

2078 3774 2284 3847 gloriae,
2315 3781 2368 3829 et
2397 3785 2583 3828 rerum
2625 3766 2980 3841 principium,
3010 3772 3065 3821 et
3097 3780 3278 3837 regem
3309 3763 3558 3833 iustitiae,
3591 3762 3660 3816 ad

2078 3870 2195 3926 haec
2224 3876 2279 3924 et
2320 3881 2501 3937 regem
2534 3866 2712 3934 pacis,
2739 3870 2797 3919 et
2836 3878 3018 3935 regem
3065 3862 3335 3925 onmium,
3369 3856 3662 3928 imperium

2078 3960 2230 4033 regni
2279 3959 2451 4015 nullis
2490 3956 2742 4013 terminis
2776 3956 3261 4026 circumscriptum
3297 3950 3661 4006 obtinentem.

2078 4050 2177 4107 His
2214 4060 2268 4106 et
2315 4050 2440 4104 aliis
2479 4048 2538 4103 id
2575 4063 2751 4118 genus
2805 4045 3124 4102 nominibus
3173 4059 3299 4100 eum
3347 4039 3665 4112 appellavit,

2078 4158 2202 4213 quae
2240 4149 2352 4197 tam
2387 4141 2559 4195 multa
2605 4146 2734 4195 sunt
2764 4147 2826 4192 ut
2867 4152 2981 4208 pra:
3009 4135 3358 4190 multitudine
3399 4130 3542 4186 haud
3574 4128 3662 4183 fa-

2078 4234 2184 4289 cile
2227 4246 2459 4287 numero
2511 4227 2905 4300 comprehendi
2957 4225 3194 4296 possint.
3251 4223 3383 4287 Qua:
3436 4218 3663 4290 quidem

2078 4326 2262 4381 omnia
2290 4326 2336 4381 si
2373 4325 2515 4379 inter
2542 4338 2602 4377 se
2626 4328 3047 4390 componantur,
3079 4326 3136 4372 et
3167 4313 3509 4385 singulorum
3542 4309 3659 4364 col—

2077 4419 2320 4488 ligantur
2376 4412 2846 4484 signiﬁcationes,
2906 4408 3211 4463 mirabilem
3272 4405 3433 4460 nobis
3494 4404 3663 4471 hujus

2081 4506 2322 4563 nominis
2363 4504 2569 4560 Christi
2603 4503 2714 4557 vim
2753 4500 3025 4572 aperient,
3078 4506 3133 4554 et
3165 4495 3471 4567 maiestatis
3512 4496 3661 4550 illius

397 4598 495 4652 τοῦ
544 4598 685 4652 κατά
744 4598 979 4668 Χριστὸν
1035 4598 1298 4669 ὀνόματος
1346 4600 1482 4670 ἡμῖν
1537 4599 1791 4669 ἐμποιεῖ,
1851 4599 1977 4652 ὅσον

2081 4616 2203 4673 quae
2247 4599 2433 4656 verbis
2481 4595 2746 4668 explicari
2809 4595 3026 4664 nequit,
3077 4599 3292 4647 tantum
3343 4587 3663 4655 ostendent,

397 4690 683 4761 χωροῦμεν
730 4692 797 4759 τῇ
847 4689 995 4760 ψυχῇ
1044 4690 1405 4760 κατανοῆσαι,
1456 4688 1712 4745 τοσοῦτον
1758 4689 1828 4743 τά
1875 4690 1976 4757 τῆς

400 4783 680 4854 ἀφράστου
713 4781 1126 4853 μεγαλειότητος
1158 4781 1288 4851 ἡμῖν
1331 4780 1736 4852 ἐνδεικνύμενα.
1754 4781 1975 4852 Ἐπειδὴ

398 4875 577 4929 τοίνυν
608 4875 789 4945 πάσης
837 4872 993 4938 ἀξίας
1030 4889 1090 4925 τε
1124 4873 1218 4926 καὶ
1259 4871 1508 4937 ἐξουσίας
1539 4872 1634 4927 καὶ
1659 4871 1978 4936 δυναστείας

398 4969 717 5039 ὑπέρκειται
752 4966 814 5020 τὸ
848 4965 946 5036 τῆς
987 4964 1260 5036 βασιλείας
1285 4963 1522 5035 ἀξίωμα,
1551 4965 1619 5036 τῇ
1645 4964 1703 5018 δὲ
1726 4965 1819 5018 τοῦ
1844 4966 1979 5037 Χρι-

400 5055 527 5110 στοῦ
572 5053 913 5127 προσηγορίᾳ
946 5052 1151 5124 κυρίως
1189 5053 1284 5106 καὶ
1327 5052 1559 5124 πρώτως
1599 5052 1662 5106 τὸ
1702 5052 1978 5121 βασιλικὸν

395 5147 814 5217 διασημαίνεται
863 5145 1065 5217 κράτος
1110 5145 1441 5214 (προηγεῖτο
1491 5144 1630 5216 γάρ,
1685 5145 1871 5208 καθὼς
1918 5146 1979 5198 ἐν

395 5241 516 5301 ταῖς
563 5237 824 5309 ἱστορίαις
866 5236 1164 5308 ἐμάθομεν,
1212 5234 1315 5304 τῆς
1366 5233 1641 5304 βασιλείας
1682 5237 1716 5305 ἡ
1754 5235 1978 5308 χρίσις).

394 5332 462 5398 τῇ
492 5329 549 5382 δὲ
585 5327 834 5399 βασιλείᾳ
861 5328 1011 5381 πᾶσα
1033 5327 1067 5397 ἡ
1099 5325 1208 5379 τῶν
1236 5323 1439 5378 λοιπῶν
1472 5325 1861 5397 ἐμπεριέχεται
1883 5326 1977 5381 δύ-

393 5436 593 5492 ναμις,
626 5419 817 5475 τούτου
843 5418 1004 5490 χάριν
1034 5420 1064 5472 ὁ
1096 5418 1166 5473 τὰ
1199 5417 1563 5488 περιεχόμενα
1594 5420 1936 5491 κατανοήσας
1959 5459 1976 5485 ,

394 5512 491 5565 καὶ
526 5512 627 5581 τὴν
670 5509 1022 5581 περιεκτικὴν
1046 5508 1159 5562 τῶν
1198 5508 1341 5563 κατά
1378 5509 1540 5579 μέρος
1572 5511 1976 5582 πγκατενὸησε

393 5602 642 5672 δύναμιν.
683 5600 832 5669 Αὕτη
867 5600 924 5654 δέ
966 5601 1113 5654 ἐστιν
1150 5603 1183 5670 ἡ
1217 5600 1497 5670 βασιλεία,
1546 5595 1614 5673 ἦς
1647 5602 1976 5658 ἐνδεικτικὸν

395 5693 566 5764 (mp:
610 5694 644 5762 ἠ
682 5691 773 5744 τοῦ
815 5689 1048 5762 Χριστοῦ
1094 5691 1284 5761 κλῆσις
1330 5692 1498 5748 ἐστιν.
1534 5693 1744 5748 Οὐκοῦν
1786 5693 1975 5766 ἐπειδὴ

470 5872 483 5900 ¹
516 5869 557 5922 Il
591 5866 722 5923 Cor.
764 5881 884 5931 xm,
915 5867 968 5922 5.
1063 5870 1083 5900 ³
1118 5865 1289 5923 Galat.
1324 5881 1385 5928 tr,
1409 5867 1500 5921 9.0.

2081 4700 2347 4764 quantum
2384 4690 2587 4746 animis
2626 4695 2681 4744 et
2707 4687 3041 4760 cogitatione
3080 4698 3277 4755 capere
3304 4681 3661 4736 valuerimus.

2080 4784 2309 4849 Verum,
2371 4780 2633 4852 quoniam
2679 4778 2829 4833 omni
2872 4776 3146 4848 dignitati,
3195 4781 3249 4829 et
3286 4772 3564 4843 potentiae,
3608 4778 3661 4823 et

2081 4874 2412 4947 principatui
2460 4872 2612 4942 regia
2643 4868 2909 4941 praecellit
2944 4864 3269 4936 amplitudo,
3318 4860 3525 4917 Christi
3564 4872 3657 4911 au-

2082 4978 2188 5025 tem
2221 4966 2445 5021 nomine
2474 4963 2686 5033 regium
2716 4960 3064 5033 signiﬁcatur
3096 4953 3386 5025 imperium
3424 4958 3571 5019 (nam
3602 4953 3659 5000 ut

2081 5074 2149 5117 ex
2188 5057 2540 5114 historiarum
2586 5054 2743 5109 libris
2786 5051 3117 5114 didicimus,
3154 5045 3309 5117 prius
3348 5048 3655 5111 unguntur,

2081 5152 2176 5221 qui
2213 5149 2382 5205 futuri
2439 5155 2571 5204 sunt
2612 5144 2837 5215 reges),
2876 5155 3047 5212 regno
3091 5146 3274 5193 autem
3320 5131 3501 5187 omnis
3532 5130 3655 5184 reli-

2083 5258 2318 5314 quorum
2347 5240 2634 5295 nominum
2671 5237 2753 5292 vis
2786 5234 3137 5294 continetur;
3181 5242 3248 5283 eo
3278 5226 3332 5279 ﬁt
3380 5222 3560 5290 utqui
3592 5234 3653 5275 ea

2081 5313 2205 5404 quae
2234 5328 2772 5400 comprehenduntur
2811 5323 3119 5396 cognoscit.
3154 5318 3316 5376 simul
3357 5315 3522 5370 etiam
3557 5313 3649 5367 illa

2083 5425 2535 5492 complectentem
2585 5418 2855 5485 intelligat
2894 5420 3239 5487 potestatem.
3307 5407 3421 5462 Hoc
3473 5412 3657 5459 autem

2081 5532 2311 5584 regnum
2347 5524 2451 5577 est,
2490 5511 2639 5582 quod
2682 5509 2905 5581 quidem
2943 5518 3171 5576 regnum
3224 5497 3428 5556 Christi
3472 5495 3660 5566 appel—

2083 5609 2289 5664 latione
2318 5606 2612 5660 indicatur:
2645 5600 3011 5668 Quamobrem
3047 5610 3173 5651 cum
3210 5590 3454 5648 onmium
3482 5586 3659 5641 maxi-

2083 5713 2231 5754 mum
2264 5706 2321 5755 et
2352 5694 2777 5757 divinissimtun,
2823 5697 2881 5748 et
2918 5686 3157 5760 primum
3201 5696 3398 5740 nomen
3440 5674 3673 5737 Domini.
