4106 6436
462 406 579 470 ’253

1737 431 1792 486 S.
1829 432 2159 489 GREGORH
2200 432 2499 490 NYSSENI

3640 433 3752 488 235

473 540 646 593 nostri
680 540 894 598 bonitas
926 546 1084 600 nobis
1111 546 1490 617 impertiverit,
1523 560 1581 605 ut
1607 553 1808 609 Christi
1838 572 2033 626 eogno~

2142 557 2236 610 τοῦ
2271 557 2526 627 μεγίστου
2565 572 2623 606 τε
2663 553 2756 607 καὶ.
2787 552 3062 606 θειοτάτου
3091 554 3186 608 καὶ
3230 553 3452 624 πρώτου
3486 552 3607 606 τῶν
3630 554 3754 606 ὀνο-

380 634 393 646 ’
474 628 618 683 miue
667 630 910 686 decorati
961 637 1296 704 appellemur
1326 638 1646 704 Christiani,
1684 659 1914 699 necesse
1959 655 2045 700 est

472 727 531 772 ut
559 721 742 774 omnia
777 724 1016 789 nomina,
1049 744 1170 796 quae
1197 745 1384 784 vocem
1413 733 1556 786 hanc
1588 734 2050 804 interpretantur:

471 809 524 863 ir.
578 812 738 867 nobis
788 814 915 868 item
989 821 1402 890 conspiciant-ur
1448 839 1728 893 expressa,
1781 842 1851 881 ne
1903 826 2042 883 falso

468 903 650 957 vocati
695 903 995 962 Christiani
1042 911 1348 978 videamur,
1394 916 1486 969 sed
1546 933 1613 970 ex
1653 917 1762 971 vita
1795 919 2044 974 testimo-

472 994 621 1047 nium
663 996 981 1056 habeamus.
1031 1002 1216 1072 Neque
1263 1007 1406 1059 enim
1441 1023 1507 1061 ex
1541 1009 1906 1078 appellatione
1953 1026 2047 1063 res

473 1085 632 1153 ﬁunt,
669 1090 762 1143 sed
794 1106 980 1146 earum
1011 1096 1265 1162 subjecta
1302 1107 1518 1163 natura,
1547 1115 1889 1170 quaecunque
1925 1111 2046 1156 tan-

471 1177 592 1230 dem
626 1180 714 1234 illa
747 1183 836 1240 sit.
873 1186 979 1253 apti
1007 1189 1243 1241 nmninis
1278 1191 1674 1259 signiﬁcatione
1709 1193 2040 1248 declaratus.

472 1267 715 1339 Exempli
748 1275 944 1341 gratia,
996 1277 1041 1331 si
1085 1279 1288 1341 arbori,
1321 1291 1416 1334 aut
1466 1291 1631 1351 petrae
1677 1283 1917 1338 hominis
1947 1302 2042 1337 vo-

472 1362 726 1415 cabulum
780 1365 1105 1430 tribuamus,
1146 1370 1339 1423 ideone
1379 1373 1586 1440 planta,
1626 1382 1720 1426 aut
1772 1374 1911 1444 lapis
1941 1377 2046 1429 erit

474 1451 678 1506 homo?
735 1451 955 1510 Minime
1008 1473 1172 1525 vero;
1229 1461 1323 1514 sed
1379 1471 1594 1530 Oportet
1649 1472 1708 1517 et
1759 1466 1920 1519 homo
1975 1467 2050 1520 sit

468 1541 644 1609 prius,
694 1544 890 1600 deinde
931 1562 1176 1618 congrua
1211 1551 1387 1619 ipsius
1435 1564 1642 1609 naturae
1682 1557 2044 1624 appellatione

469 1633 782 1689 nominetur
813 1655 826 1689 :
855 1653 917 1692 ac
950 1655 1016 1694 ne
1061 1641 1170 1696 illis
1202 1644 1442 1711 quidem,
1475 1662 1595 1715 qua:
1627 1648 2041 1702 similitudinem

469 1724 707 1792 aliquam
768 1727 971 1783 habent
1031 1733 1173 1786 inter
1227 1750 1307 1799 se,
1373 1735 1510 1789 idem
1565 1751 1762 1790 nomen
1826 1741 2046 1808 proprie

467 1814 743 1878 convenit,
785 1823 844 1869 ut
882 1817 926 1871 si
979 1822 1104 1888 quis
1132 1831 1370 1876 statuam
1408 1827 1679 1880 hominem
1735 1829 1901 1890 dieat,
1950 1837 2042 1882 aut

2151 648 2335 717 μάτων
2375 647 2566 715 γέγονε
2591 648 2740 716 παρὰ
2766 646 2861 698 τοῦ
2900 645 3105 714 ἀγαθοῦ
3142 645 3413 698 Δεσπότου
3455 647 3600 715 ἡμῖν
3632 662 3752 697 κοι-

2145 737 2332 801 νωνία,
2378 737 2520 790 ὥστε
2546 739 2668 800 τοὺς
2701 740 2766 808 τῇ
2811 737 3095 808 ἐπωνυμίᾳ
3133 736 3229 789 τοῦ
3271 737 3517 808 Χριστοῦ
3573 753 3749 808 τιμη-

2147 829 2339 891 θέντας
2366 828 2723 900 Χριστιανοὺς
2755 827 3154 898 ὀνομάζεσθαι·
3188 828 3492 896 ἀναγκαῖον
3522 827 3594 880 ἂν
3634 827 3752 895 εἴη,

2148 921 2324 974 πάντα
2349 921 2418 973 τὰ
2451 921 2822 991 ἐρμηνευτικὰ
2851 920 2952 990 τῆς
2983 919 3239 988 τοιαύτης
3272 919 3462 988 φωνῆς
3491 918 3752 988 ὀνόματα

2147 1014 2242 1064 καὶ
2287 1015 2344 1065 ὲν
2393 1014 2525 1083 ἡμῖν
2576 1011 2948 1082 καθορᾶσθαι,
2995 1011 3070 1074 ὡς
3117 1010 3190 1081 μὴ
3239 1010 3618 1079 ψευδώνυμον
3659 1010 3751 1075 ἐφ’

2148 1106 2279 1175 ἡμῖν
2311 1101 2450 1157 εἶναι
2492 1104 2592 1173 τὴν
2627 1104 2837 1174 κλῆσιν,
2872 1103 2985 1156 ἀλλ’
3017 1103 3080 1155 ἐκ
3107 1102 3200 1155 τοῦ
3225 1101 3340 1172 βίου
3377 1101 3483 1171 τὴν
3529 1117 3751 1168 μαρτυ-

2152 1197 2272 1267 ρίαν
2300 1194 2460 1265 ἔχειν.
2497 1196 2572 1246 Οὐ
2594 1195 2793 1264 γὰρ-ἐκ
2817 1193 2912 1246 τοῦ
2944 1193 3225 1247 καλεῖσθαί
3250 1210 3301 1244 τι
3325 1192 3384 1244 τὸ
3415 1188 3576 1244 εἶναι·
3597 1190 3750 1256 γίνε-

2147 1303 2234 1339 ται
2254 1303 2266 1316 ·
2305 1285 2419 1338 ἀλλ’
2446 1289 2479 1356 ἡ
2524 1285 2854 1353 ὑποκειμένη
2895 1284 3078 1352 φύσις,
3105 1284 3191 1336 οἵα
3218 1283 3260 1335 δ’
3295 1281 3360 1336 ἂν
3392 1277 3542 1335 οὖσα·
3566 1282 3746 1353 τύχῃ,

2146 1377 2234 1430 διὰ
2273 1379 2377 1446 τῆς
2419 1374 2730 1446 προσφυοῦς
2761 1374 2855 1427 τοῦ
2909 1376 3168 1443 ὀνόματος
3201 1373 3483 1442 σημασίας
3535 1374 3747 1442 γνωρί-

2148 1467 2320 1532 ζεται.
2356 1465 2489 1522 Οἷόνι
2514 1485 2566 1520 τι
2605 1467 2768 1536 λέγω·
2809 1467 2871 1520 Et
2917 1466 3120 1537 δένδρῳ
3155 1465 3300 1535 τιςῆ
3333 1464 3517 1535 πέτρᾳ
3567 1481 3747 1535 προσ-

2147 1558 2374 1629 ηγορίαν
2413 1557 2700 1628 ἀνθρώπου
2747 1557 3061 1628 χαρίσαιτο,
3092 1552 3201 1626 ἆρα
3246 1554 3539 1625 ἄνθρωπος
3586 1553 3744 1607 ἔσται

2145 1651 2234 1704 διὰ
2285 1651 2384 1720 τὴν
2426 1651 2636 1720 κλῆσιν,
2685 1651 2722 1721 ἦ
2770 1650 2832 1703 τὸ
2865 1647 3048 1717 φυτὸν,
3082 1648 3114 1718 ἢ
3147 1649 3174 1700 ὁ
3210 1647 3387 1713 λίθος;
3433 1647 3558 1701 Οὐκ
3622 1645 3743 1700 ἔστι

2146 1743 2318 1797 ταῦτα
2337 1759 2351 1773 θ
2378 1743 2514 1796 ἀλλὰ
2539 1741 2642 1813 χρὴ
2676 1740 2891 1812 πρῶτον
2923 1734 3064 1792 εἷναι
3089 1737 3392 1808 ἄνθρωπον,
3421 1733 3529 1790 εἶθ’
3563 1737 3741 1800 οὕτως

2146 1832 2507 1902 ὀνομασθῆναι
2539 1835 2604 1902 τῇ
2655 1829 2996 1902 προσηγορίᾳ
3040 1829 3138 1898 τῆς
3171 1827 3402 1894 φύσεως.
3454 1826 3599 1879 Οὐδὲ
3631 1829 3740 1894 γὰρ

467 1916 689 1970 equum,
729 1906 875 1962 illius
925 1911 1234 1979 imaginem,
1273 1915 1366 1969 sed
1409 1924 1469 1969 ut
1497 1917 1699 1986 aliquid
1735 1923 1954 1990 proprie
1987 1930 2033 1974 et

2143 1923 2376 1975 ἐπὶτῶν
2425 1922 2784 1992 ὁμοιωμάτων
2828 1921 2884 1973 αἱ
2926 1918 3145 1987 κλήσεις
3188 1915 3372 1986 ἔχουσι
3413 1915 3476 1968 τὺ
3522 1914 3738 1984 κύριον,

467 2003 594 2044 vere
640 2005 1026 2064 nuncupetur,
1090 2016 1406 2069 germanam
1458 2006 1686 2059 omni-no
1727 2009 2047 2076 appellatio-

465 2093 588 2134 nem
641 2094 832 2139 natura
867 2087 1285 2146 demonstrabit.
1336 2094 1392 2148 Si
1436 2095 1568 2164 quid
1618 2106 1800 2152 autem
1849 2115 1939 2153 ars
1989 2101 2042 2154 in

462 2189 592 2240 aere,
643 2185 736 2230 aut
795 2195 1091 2246 marmore,
1152 2195 1246 2239 aut
1295 2188 1403 2242 alio
1463 2189 1737 2258 ejusmodi
1795 2193 2044 2260 subjecto

463 2263 786 2333 imitabitur,
817 2271 870 2326 id
900 2273 1075 2342 ipsius
1108 2279 1347 2332 materia:
1375 2295 1572 2335 nomen
1611 2281 1900 2338 obtinebit.

2141 2015 2217 2078 ὼς
2253 2015 2306 2066 εἴ
2331 2033 2416 2078 τις
2463 2014 2747 2084 ἄνθρωπον
2795 2012 2942 2080 λέγει
2976 2011 3070 2064 τὸν
3114 2009 3444 2079 ἀνδριάντα,
3486 2007 3521 2077 ἢ
3567 2008 3748 2060 ἵππον

2141 2106 2203 2158 τὸ
2236 2106 2495 2176 μίμημα·
2535 2105 2649 2158 ἀλλ’
2692 2107 2738 2157 εί
2771 2103 2954 2174 μέλλοι
2995 2120 3048 2154 τι
3099 2101 3304 2172 κυρίως
3343 2100 3438 2152 καὶ
3483 2097 3736 2168 ἀψευδῶς

2142 2197 2524 2267 ὀνομάζεσθαι,
2559 2197 2731 2266 ἀληθῆ
2757 2196 2920 2260 δείξει
2966 2195 3185 2257 πάντως
3211 2194 3310 2264 τὴν
3351 2190 3740 2264 προσηγορίαν

2146 2289 2178 2358 ἡ
2207 2289 2388 2357 φύσις.
2442 2289 2506 2342 Ἦ
2533 2290 2591 2343 δὲ
2631 2289 3000 2358 ἀναδεξαμένη
3029 2287 3127 2358 τὴν
3159 2287 3391 2357 μίμησιν
3421 2285 3554 2354 ὕλη,
3599 2283 3746 2350 ὅπερ

464 2353 532 2408 ἂν
554 2353 689 2410 οὖσα
709 2361 868 2435 τύχῃ,
891 2364 1048 2418 τοῦτο
1075 2368 1170 2419 καὶ
1196 2368 1539 2439 ὀνομάζεται,
1565 2373 1785 2443 χαλκὸς,
1813 2373 1847 2446 ἢ
1871 2374 2038 2438 λίθος,
2078 2378 2112 2449 ἦ
2144 2353 2197 2433 τι
2220 2353 2466 2435 τοιοῦτον
2499 2383 2705 2454 ἕτερον,
2740 2376 2784 2450 ᾧ
2810 2353 3097 2434 Ϋὲπέῦαλεν
3221 2353 3384 2450 τέχνη
3453 2353 3529 2429 τδί
3598 2369 3738 2434 εἶδος

462 2447 600 2517 πρὸς
624 2449 685 2502 τὸ
705 2450 893 2507 δοκοῦν
926 2473 1024 2528 σχη
1035 2461 1330 2527 ματίσασα.

441 2605 447 2609 _
532 2537 879 2610 Quapropter
907 2548 1001 2616 qui
1025 2565 1084 2604 se
1110 2553 1394 2607 nominant
1413 2552 1778 2623 Christianos,
1810 2559 1862 2613 id
1887 2561 2039 2630 prius

461 2637 675 2698 oportet
720 2643 780 2688 ut
818 2637 948 2703 sint,
976 2641 1120 2708 quod
1165 2645 1330 2713 exigit
1369 2645 1547 2715 ipsum
1589 2665 1808 2716 nomen,
1841 2652 2038 2707 deinde

461 2734 580 2774 eam
608 2722 712 2778 sibi
739 2729 1157 2796 appellationem
1191 2738 1626 2794 accommodent.
1670 2741 1748 2794 Ac
1780 2743 2039 2811 quemad-

460 2813 680 2867 modum
732 2818 778 2871 si
811 2820 936 2888 quis
985 2838 1174 2878 verum
1210 2825 1484 2884 hominem
1522 2832 1593 2885 ab
1624 2833 1846 2889 homine
1887 2835 2036 2890 scul-

460 2910 555 2992 pto
585 2906 715 2960 velit
752 2910 1062 2982 sejungere,
1099 2932 1163 2970 ex
1197 2919 1484 2988 utriusque
1519 2924 1944 2992 proprietatibus
1979 2927 2034 2981 id

2216 2557 2434 2613 Οὐκοῦν-
2456 2560 2584 2622 τοὺς
2609 2559 2717 2613 ἀπὸ
2751 2559 2849 2612 τοῦ
2892 2555 3395 2630 Χριστοῦ-ἑαυτοὺς
3430 2558 3742 2628 ὀνομάζον-

2145 2669 2263 2714 τας,
2303 2652 2514 2724 πρῶτον
2553 2652 2803 2720 γενέσθαι
2833 2651 2947 2721 χρὴ·
2969 2652 3106 2720 ὅπερ
3146 2650 3206 2702 τὸ
3248 2649 3419 2719 ὄνομα
3455 2649 3730 2718 βούλεται,

2145 2739 2244 2796 εἷθ’
2266 2743 2438 2806 οὕτως
2461 2745 2672 2806 ἑαυτοῖς
2701 2742 3005 2812 ἐφαρμόσαι
3035 2741 3134 2812 τὴν
3163 2739 3371 2812 κλῆσιν.
3401 2743 3518 2794 Καὶ
3542 2742 3738 2813 ὥσπερ.

2143 2837 2197 2889 εί
2221 2853 2302 2899 τις
2328 2835 2591 2906 διακρίνοι
2615 2835 2722 2888 ἀπὸ
2756 2834 2848 2888 τοῦ
2885 2835 3035 2897 δντος
3068 2833 3356 2903 ἀνθρώπου
3388 2834 3484 2887 τὸν
3519 2835 3732 2905 ὁμωνύ-

2147 2947 2260 3000 μως
2304 2929 2398 2983 ἐπὶ
2427 2930 2527 2998 τῆς
2571 2929 2778 2992 εἰκόνος
2824 2928 3134 2999 λεγόμενον,
3167 2927 3232 2981 ἐκ
3275 2929 3382 2981 τῶν
3414 2927 3730 2998 ἰδιωμάτων

459 2991 647 3057 faciet,
707 2997 937 3054 alterum
984 3018 1240 3061 asserens
1287 3009 1490 3063 animal
1544 3014 1812 3070 rationale
1871 3027 2033 3086 atque

2141 2991 2425 3089 ποιήσεται
2455 2991 2554 3090 τῆν
2587 3020 2857 3091 διάκρισιν
3015 3019 3114 3089 μὲν
3153 3018 3262 3088 γὰρ
3305 3018 3443 3084 ζῶον
3505 2991 3736 3088 λογικὸνι

454 3083 669 3154 judicio
715 3091 1022 3159 prmditum,
1069 3097 1299 3152 alterum
1344 3116 1475 3155 vero
1517 3109 1802 3159 materiam
1854 3108 2033 3164 inani-

2137 3083 2470 3180 διανοητικὸν
2511 3083 2764 3179 δνομάσει
2783 3151 2799 3177 ,
2833 3083 2906 3162 τὸ.
2931 3109 2988 3161 δὲ
3014 3083 3200 3179 ἕτερον
3233 3083 3372 3179 ἰῦλην
3399 3083 3730 3180 ἅψυχοῦρδιὰ

458 3187 684 3240 malam,
711 3196 832 3248 qua:
858 3183 1160 3243 imitatione
1183 3187 1414 3244 formam
1457 3193 1694 3250 induerit
1723 3215 1736 3250 :
1763 3199 1843 3252 sic
1868 3201 2032 3254 etiam

458 3283 588 3322 vere
635 3270 1012 3328 Christianum
1059 3277 1334 3334 hominem
1385 3283 1454 3336 ab
1487 3299 1554 3338 eo
1583 3286 1676 3355 qui
1730 3287 2032 3345 Christiani

459 3363 672 3411 tantum
702 3361 937 3430 speciem
974 3363 1155 3427 habet.
1187 3384 1253 3423 ex
1284 3373 1502 3441 propria
1536 3377 1827 3448 utriusque
1859 3381 2048 3436 forma

458 3446 882 3522 distinguemus.
925 3455 1051 3513 Veri
1101 3459 1398 3518 Christiani
1449 3465 1678 3523 formam
1722 3446 2037 3542 exprimunt

459 3538 548 3593 illa
580 3543 790 3609 omnia,
820 3563 941 3616 qua:
973 3550 1039 3605 de
1082 3550 1303 3608 Christo
1333 3563 1908 3619 commemoravimus.
1957 3565 2031 3620 Ex

456 3633 656 3698 quibus
705 3650 790 3704 ea,
821 3654 944 3708 qua:
976 3657 1174 3711 capere
1202 3661 1520 3714 possumus,
1555 3652 1834 3710 imitamur
1869 3678 1880 3711 :
1913 3673 2035 3726 qure

455 3736 586 3776 vero
630 3724 684 3777 io
727 3735 980 3784 naturam
1027 3743 1276 3790 nostram
1311 3739 1379 3793 ad
1420 3740 1743 3798 imitandum
1777 3762 1887 3802 non
1941 3765 2035 3804 ca-

455 3811 614 3877 dunt,
659 3830 721 3870 ea
748 3833 1079 3876 veneramur
1125 3835 1179 3880 et
1231 3829 1488 3886 colimus.
1540 3833 1932 3901 Quamobrem,
1975 3852 2034 3896 ut

455 3903 657 3972 aliquis
702 3909 773 3962 sit
803 3910 1078 3978 perfectus
1122 3916 1286 3972 homo
1320 3920 1432 3987 Dei,
1487 3932 1545 3976 ut
1577 3923 1756 3994 inquit
1798 3928 2033 3998 Aposto-

453 3993 540 4048 lus
564 3995 603 4060 ³,
645 3999 796 4052 nullo
837 4001 998 4055 modo
1029 4020 1125 4074 per
1174 4008 1435 4063 malitiam
1481 3993 1872 4082 perfectionem
1927 4020 2030 4073 im-

452 4086 723 4154 minueos,
778 4103 1011 4160 oportet,
1067 4104 1124 4149 ut
1153 4099 1338 4153 omnia
1385 4104 1632 4169 nomina,
1667 4122 1789 4176 qua;
1823 4110 2030 4167 Christi

451 4177 902 4246 signiﬁcationem
931 4188 1230 4257 explicant,
1268 4192 1319 4246 in
1360 4194 1482 4263 ejus
1522 4197 1634 4251 vita
1671 4203 1872 4269 partim
1901 4204 2030 4257 imi-

449 4271 676 4336 tatione,
720 4277 918 4342 partim
973 4283 1326 4339 veneratione
1374 4288 1705 4346 collueeant.
1753 4293 2031 4358 Quemad-

2142 3203 2424 3272 μιμήσεως
2454 3200 2792 3253 ὑπελθοῦσαν
2829 3199 2890 3252 τὸ
2929 3197 3120 3268 εἷδος)·
3160 3198 3417 3252 οὕτωκαὶ
3455 3200 3562 3254 τὸν
3591 3202 3728 3271 Χρι-

2140 3292 2375 3353 στιανδν,
2421 3293 2517 3346 τόν
2553 3309 2611 3345 τε
2645 3291 2859 3363 ἀληθῶς
2887 3291 3015 3344 ὄντα
3051 3292 3144 3344 καὶ
3173 3291 3261 3343 τὸν
3299 3291 3590 3355 δοκοῦντα,
3634 3291 3723 3346 διὰ

2136 3384 2246 3437 τῶν
2305 3384 2740 3454 ἐπιφαινομένων
2799 3385 2912 3448 τοῖς
2969 3383 3345 3454 χαρακτῆρσιν
3407 3384 3724 3454 ἰδιωμάτων

2137 3476 2567 3547 ἐπιγνωσόμεθα.
2601 3477 2960 3547 Χαρακτῆρες
2991 3475 3046 3528 δὲ
3073 3474 3166 3528 τοῦ
3195 3474 3363 3538 ὅντως
3387 3473 3722 3546 Χριστιανοῦ

2137 3568 2312 3621 πάντα
2335 3568 2561 3620 κάκεῖνά
2577 3569 2742 3630 ἐστιν,
2761 3567 2863 3620 ὅσα
2880 3584 2946 3618 πε
2956 3566 3007 3638 pi.
3029 3566 3120 3619 τὸν
3140 3567 3371 3635 Χριστὸν
3389 3569 3520 3638 ἐνοή
3529 3584 3721 3637 σαμεν.

2135 3653 2237 3713 Ὧν
2271 3659 2372 3712 ὅσα
2405 3659 2502 3729 μὲν
2524 3658 2830 3730 χωροῦμεν,
2873 3658 3185 3730 μιμούμεθα
3204 3674 3216 3688 ⁸
3247 3659 3349 3712 ὅσα
3376 3658 3432 3712 δὲ
3458 3661 3526 3712 οὺ
3559 3659 3724 3730 χωρεί

2135 3753 2167 3823 ἡ
2197 3752 2357 3820 φύσις
2403 3750 2540 3822 πρὸς
2575 3751 2826 3820 μίμησιν,
2859 3749 3130 3819 σεϐόμεθα
3159 3767 3217 3802 τε
3249 3750 3343 3803 καὶ
3373 3749 3720 3848 προρκυνοῦῑ

2137 3860 2258 3912 μεν.
2295 3840 2502 3896 Οὐκοῦν
2531 3840 2709 3893 πάντα
2734 3840 2802 3892 τὰ
2829 3839 3197 3909 έρμηνευτικὰ
3223 3839 3322 3909 τῆς
3348 3839 3442 3891 τοῦ
3472 3839 3716 3910 Χριστοῦ

2136 3935 2410 4004 σημασίας
2457 3933 2696 4002 ὀνόματα
2739 3931 3070 4002 ἐπιλάμπειν
3118 3931 3224 4001 χρὴ
3271 3930 3349 4002 τῷ
3399 3928 3716 4002 Χριστιανῷ

2136 4026 2263 4096 βίῳ,
2293 4025 2362 4079 τὰ
2395 4024 2494 4094 μὲν
2525 4024 2613 4077 διὰ
2643 4023 2948 4094 μιμήσεως,
2984 4021 3052 4076 τὰ
3080 4022 3136 4075 δὲ
3156 4022 3244 4076 διὰ
3271 4025 3712 4094 προσκυνήσεως,

2132 4118 2180 4169 εί
2218 4114 2402 4186 μέλλοι
2427 4116 2612 4186 ἄρτιος
2660 4110 2796 4168 εἶναι
2829 4116 2858 4166 ὁ
2888 4113 2982 4167 τοῦ
3014 4113 3149 4167 Θεοῦ
3188 4113 3498 4185 ἄνθρωπος,
3533 4112 3714 4175 καθώς

2133 4224 2296 4278 φησιν
2335 4209 2364 4259 ὁ
2404 4204 2740 4269 Ἀπόστολος,
2771 4203 3021 4276 μηδαμοῦ
3052 4204 3141 4258 διὰ
3169 4205 3270 4276 τῆς
3299 4204 3500 4268 κακίας
3527 4205 3712 4274 ἀκρω-

2131 4299 2404 4370 τηριάζων
2431 4297 2528 4368 τὴν
2549 4297 2864 4368 ἀρτιότητα.
2897 4297 3103 4366 ’Ὠσπερ
3127 4296 3234 4366 γὰρ
3265 4298 3313 4349 οἱ
3343 4296 3443 4358 τὰς
3475 4293 3711 4366 μυθικὰς

450 4364 668 4417 modum
699 4368 843 4420 enim
888 4371 980 4438 qui
1017 4378 1392 4434 commentitia
1437 4379 1744 4438 tabularum
1779 4397 2025 4444 monstra

2136 4364 2414 4458 τερατείας
2440 4364 2599 4454 ῆδιξι.Ϊ
2613 4385 2721 4438 τῶν
2746 4364 2918 4453 λόγων
2947 4384 2980 4454 ἢ
3013 4364 3102 4437 διὰ
3247 4364 3528 4456 γραφικῆς
3551 4385 3710 4438 πλάσ-

448 4452 533 4506 vel
573 4457 842 4512 oratione.
875 4462 960 4515 vel
1011 4464 1226 4532 pictura
1290 4469 1631 4539 contingunt,
1686 4474 2024 4547 bucephalos

447 4543 739 4611 quosdam,
772 4558 866 4602 aut
894 4550 1375 4620 hippocentauros,
1423 4570 1516 4615 aut
1542 4543 1898 4635 anguipedes,
1931 4579 2027 4624 aut

445 4634 725 4704 quidpiam
755 4639 902 4695 aliud
932 4657 995 4696 ex
1023 4643 1260 4701 diversis
1282 4652 1576 4718 generibus
1603 4634 2025 4728 componentes,

445 4741 554 4780 non
613 4728 684 4782 ad
746 4734 1029 4802 exemplar
1082 4746 1294 4794 natura:
1327 4741 1576 4812 dirigunt
1634 4749 2018 4820 imitationem,

442 4814 540 4869 sed
567 4832 825 4885 perversa
856 4822 948 4876 illa
973 4823 1287 4883 inventione
1315 4839 1568 4887 naturam
1595 4845 2016 4906 praetereuntes,

443 4921 553 4960 non
579 4907 878 4978 hominem,
903 4915 997 4969 sed
1028 4915 1174 4971 aliud
1202 4919 1462 4988 quiddam
1492 4925 1788 4997 ellingunt;
1816 4931 2022 5000 quippe

441 4997 534 5067 qui
570 5013 636 5052 cx
663 5016 729 5055 eo
769 5005 915 5072 quod
948 5007 1186 5074 videtur,
1219 5011 1271 5064 id
1318 5012 1556 5069 formant
1589 5019 1734 5087 quod
1768 4997 1875 5074 non
1911 4997 2017 5085 est,

441 5089 599 5159 cujus
649 5092 777 5148 licet
819 5097 1003 5168 aliqua
1055 5117 1183 5171 pars
1216 5106 1452 5175 cuipiam
1496 5110 1719 5164 humani
1769 5114 2018 5181 corporis

441 5184 578 5245 parti
632 5185 829 5240 similis
866 5191 1138 5257 videatur,
1195 5211 1358 5250 nemo
1409 5207 1590 5254 tamen
1626 5201 1679 5255 id
1723 5204 1869 5271 quod
1918 5205 2017 5259 ab-

441 5272 605 5325 surda
646 5273 737 5327 illa
784 5283 1179 5346 compositione
1229 5287 1525 5342 conﬂatum
1581 5300 1683 5356 est,
1737 5292 2014 5349 hominem

440 5359 584 5413 dicat
611 5379 622 5415 :
656 5365 845 5418 eodem
887 5382 1043 5437 pacto
1075 5374 1218 5428 haud
1260 5386 1408 5434 recte
1441 5381 1720 5450 perfectus
1743 5386 2015 5441 Christiao

441 5463 546 5503 nas
601 5455 985 5527 appellabitur,
1051 5466 1146 5534 qui
1204 5470 1283 5523 vel
1344 5487 1372 5524 a
1435 5475 1645 5529 ratione
1698 5477 2010 5536 abhorrens

442 5547 604 5606 caput
647 5541 910 5610 obtineat,
946 5551 999 5604 id
1027 5565 1112 5608 cst
1145 5557 1322 5626 ipsum
1360 5563 1602 5620 universi
1633 5581 1885 5636 corporis
1913 5585 2008 5624 ca-

439 5635 556 5693 put,
595 5629 742 5698 quod
777 5631 1013 5694 Verbum
1049 5654 1153 5708 est,
1207 5648 1309 5706 (ide
1353 5669 1462 5709 non
1499 5629 2006 5730 habeatpquamvis

513 5805 530 5832 ³
564 5803 601 5854 11
634 5801 870 5866 Timoth.
911 5827 993 5876 In,
1029 5817 1111 5871 17.

2131 4494 2315 4540 σοντες
2370 4477 2588 4546 τέχνης,
2633 4475 2999 4545 βουκεφάλους
3046 4477 3219 4539 τινὰς,
3273 4476 3305 4547 ἢ
3348 4473 3710 4530 ἱπποκενταύ-

2131 4583 2275 4639 ρους,
2311 4567 2343 4634 ἢ
2368 4566 2813 4638 δρακοντόποδας,
2857 4566 2890 4636 ἦ
2919 4565 3049 4619 ἄλλο
3088 4584 3140 4618 τι
3166 4567 3404 4620 τοιοῦτον
3434 4567 3494 4632 ἐξ
3523 4569 3707 4637 ἑτερο-

2126 4657 2298 4724 γενῶν
2323 4655 2682 4720 συντιθέντες,
2707 4656 2766 4709 οὐ
2795 4656 2931 4728 πρὸς
2949 4656 3010 4708 τὸ
3036 4657 3137 4726 τῆς
3163 4657 3374 4726 φύσεως
3399 4658 3704 4728 ἀρχέτυπον

2123 4750 2220 4820 τὴν
2253 4750 2484 4819 μίμησιν
2511 4746 2758 4816 ἄγουσιν,
2791 4746 2926 4800 ἀλλὰ
2958 4747 3046 4800 διὰ
3084 4747 3184 4817 τῆς
3234 4747 3542 4818 παραλόγου
3576 4745 3704 4798 ταύ-

2122 4860 2221 4912 της
2252 4842 2492 4904 ἐπινοίας
2525 4840 2626 4911 τὴν
2667 4840 2828 4908 φύσιν
2874 4841 3248 4911 ἐμφαίνοντες,
3298 4841 3424 4894 ἄλλο
3451 4859 3504 4894 τι
3534 4839 3704 4893 πλάσ-

2123 4950 2305 4998 σουσι,
2353 4933 2447 4986 καὶ
2479 4933 2578 4986 οὐκ
2629 4932 2950 5004 ἄνθρωπον,
2986 4932 3413 5003 σχηματίζοντες
3457 4933 3590 5003 πρὸς
3640 4931 3700 4982 τὸ

2119 5023 2308 5077 δοκοῦν
2343 5024 2406 5077 τὸ
2445 5023 2816 5092 ἀνύπαρκτον·
2872 5024 2970 5077 καὶ·
3001 5025 3100 5076 οὐκ
3155 5023 3220 5077 ἄν
3281 5042 3364 5087 τις
3417 5026 3705 5095 ἄνθρωπον

2118 5115 2262 5169 εἴποι
2318 5115 2377 5168 τὸ
2425 5114 2809 5186 πεπλασμένον
2860 5115 2948 5168 διὰ
3004 5117 3106 5184 τῆς
3160 5115 3449 5170 ἀλλοκότου
3498 5116 3700 5182 ταύτης

2119 5209 2455 5272 συνθέσεως,
2492 5207 2594 5262 κᾶν
2625 5208 2779 5278 μέρει
2819 5208 2923 5262 τινὶ
2952 5207 3044 5261 τοῦ
3075 5207 3416 5277 ἀνθρωπίνου
3448 5207 3694 5275 σώματος

2117 5301 2434 5370 προσεοικὸς
2487 5300 2625 5371 τύχῃ
2678 5300 2739 5352 τὸ
2773 5299 2936 5369 μέρος
2982 5298 3073 5351 τοῦ
3115 5299 3430 5368 πλάσματος
3458 5317 3470 5329 ·
3523 5297 3689 5357 οὕτως

2115 5391 2220 5444 οὐδ’
2258 5391 2324 5444 ἂν
2376 5390 2699 5461 Χριστιανὸς
2738 5389 2981 5460 ἀκριϐῶς
3027 5387 3352 5460 όνομασθείη
3411 5392 3447 5444 ὁ¹
3477 5389 3573 5459 τὴν
3602 5403 3690 5439 κε-

2115 5482 2288 5551 φαλὴν
2311 5481 2503 5548 ἄλογον
2537 5479 2700 5549 ἔχων,
2731 5478 3030 5541 τουτέστιν,
3061 5479 3090 5530 ό
3125 5479 3222 5548 τὴν
3258 5477 3352 5532 τοῦ
3383 5478 3577 5539 παντὸς
3603 5490 3690 5527 κε-

2113 5572 2306 5643 φαλὴν,
2347 5573 2467 5642 ἥτις
2513 5573 2542 5623 ὁ
2576 5570 2744 5638 Λόγος
2775 5569 2945 5632 ἐστὶν,
2976 5571 3032 5621 ἐν
3083 5572 3148 5639 τῇ
3185 5570 3363 5623 πίστει
3420 5569 3493 5640 μὴ
3529 5567 3681 5636 ἔχων.

2113 5664 2215 5719 κᾶν
2250 5665 2306 5717 ἐν
2343 5665 2452 5726 τοῖς
2481 5661 2660 5724 ἄλλοις
2707 5660 2894 5732 ἄρτιος
2923 5654 2978 5733 ᾖ,
3005 5659 3037 5730 ἢ
3071 5663 3101 5714 ὁ
3129 5663 3194 5732 τῇ
3234 5661 3438 5732 κεφαλῇ
3468 5661 3564 5730 τῆς
3596 5653 3681 5708 πί-
