2053 3214
199 176 254 205 957

710 175 755 202 DE
772 173 956 203 PERFECTA
975 173 1178 203 CHRISTIANI
1196 173 1327 203 FORMA.

1781 173 1837 203 258

203 242 290 265 στεως
301 233 339 269 μὴ
354 234 522 269 κατάλληλον
535 234 737 269 ἐνδεικνύμενος
752 235 801 270 τῆς
814 234 951 266 πολιτείας
964 234 995 261 τὸ

1049 235 1155 263 ueteris
1167 234 1291 269 partibus
1308 233 1453 262 absolutus
1467 233 1513 266 sit,
1530 233 1573 262 vel
1585 240 1619 261 eo
1632 232 1723 268 capite
1737 232 1838 268 praedi-

202 280 283 314 σῶμα
293 299 300 311 ,
322 279 339 314 ἢ
360 279 516 314 δρακόντων
526 279 622 315 θυμοῖς
637 279 846 315 συμφυόμενος,
870 279 918 306 καὶ
934 280 993 307 καθ’

1047 284 1093 308 tus
1109 280 1231 315 reliquas
1245 278 1370 314 corporis
1384 284 1476 314 partes
1492 282 1539 306 aut
1555 279 1639 314 capiti
1653 283 1701 306 aut
1720 279 1793 306 inter
1807 286 1838 306 se

201 325 349 360 ὁμοιότητα
366 324 421 351 τῶν
434 325 557 361 ἑρπετῶν
573 325 676 351 τούτων
691 324 915 360 ἐκθηριούμενος,
933 325 950 361 ἢ
965 325 997 352 τὸ

1049 325 1161 352 minime
1183 324 1380 352 convenientes
1400 323 1552 358 possideat,
1579 324 1631 350 hoc
1656 327 1700 351 est
1725 322 1836 350 vivendi

203 370 359 406 θηλυμανὲς
370 371 426 398 τῶν
437 371 528 398 ἵππων
539 371 578 406 τῷ
587 371 748 406 ἀνθρωπίνῳ
766 371 919 406 χαρακτῆρι
932 380 996 406 συμ-

202 415 320 448 ὁάλλων,
337 416 386 443 καὶ
399 416 498 452 διφυὴς
512 425 553 448 τις
568 417 782 451 ἱπποκένταυρος
798 417 831 442 ὲκ
845 417 953 450 λογικοῦ
965 426 994 443 τε

202 462 251 488 καὶ
261 461 360 496 ἀλόγου
372 462 522 497 γινόμενος.
533 462 674 493 Τοιούτους
685 462 713 488 δὲ
724 462 836 493 πολλοὺς
847 462 920 487 ἐστιν
932 463 995 488 ἰδεῖν

201 507 232 533 ἐν
242 507 343 542 μόσχου
354 507 471 542 κεφαλῇ,
481 507 619 534 τουτέστιν
630 508 658 533 ὲν
669 507 710 541 τῷ
716 507 765 541 τῆς
775 507 917 533 είδωλολατ
922 508 996 543 ρείοις

201 551 327 587 δόγματι,
342 552 388 579 τὸν
399 553 556 588 εὐσχήμονα
575 553 772 588 κατορῡοῦντας
788 552 844 587 βίον
862 551 934 587 (οἷον
949 553 994 579 τὸν

203 597 384 633 Μινώταυρον
396 597 577 633 γράφουσιν),
599 599 623 624 οἱ
641 600 669 625 ἐν
687 598 842 633 Χριστιανῷ
858 599 995 634 προσώπῳ

204 643 346 678 θηριωδῶς
363 642 565 679 ὑφαρμόζοντες
577 643 615 678 τῷ
634 643 683 678 βίῳ
698 643 727 669 τὺ
742 643 830 677 σῶμα,
845 644 916 674 οἴους
932 644 995 674 τοὺς

202 687 368 723 κενταύρους
390 689 406 723 ἦ
426 689 490 720 τοὺς
510 688 726 723 δρακοντόποδας
749 688 922 714 πλάττουσιν.
950 688 994 718 Ὠς

203 733 238 760 ἂν
269 733 375 766 τοίνυν,
406 733 532 769 καθάπερ
560 734 606 760 ἐπὶ
634 733 760 768 σώματος
790 724 948 769 ἀνθρώπου,
981 734 995 759 ὁ

203 779 364 815 Χριστιανὸς
388 779 562 815 γνωρίζοιτο,
585 779 694 806 πάντων
710 781 841 815 προσήκει
855 780 909 806 τῶν
925 780 995 806 κατὰ

202 824 250 851 ’νὺν
263 825 378 860 Χριστὸν
391 825 543 860 νοουμένων
556 824 666 858 ἀγαθῶν
688 825 732 851 τὸν
748 825 842 851 πιστὸν
866 826 929 860 ὲνση
934 834 969 860 μα
975 825 995 850 ί-

203 871 297 898 νεσθαι
309 870 349 906 τῷ
362 870 412 906 βίῳ
425 871 489 902 τοὺς
499 871 686 906 χαρακτῆρας.
705 870 741 896 Τὸ
760 871 815 906 γὰρ
833 871 861 897 ἓν
878 880 930 897 τινι
946 871 995 906 μὲν

1040 371 1182 397 rationem
1200 377 1215 396 a
1236 370 1288 397 ﬁde
1310 370 1427 397 alienam
1451 369 1586 401 instituat,
1605 377 1666 396 cum
1685 374 1712 396 et
1735 369 1835 396 draco-

1046 425 1111 444 num
1129 417 1210 443 furiis'
1227 416 1348 443 imbutus
1373 416 1413 442 ira
1429 416 1623 447 exeandeseat,
1645 419 1727 449 atque
1750 415 1837 442 instar

1046 464 1143 490 horum
1160 462 1329 496 serpentium
1348 461 1423 488 humi
1441 465 1528 495 repat,
1546 465 1572 487 ct
1587 460 1716 495 equinam
1733 460 1836 486 rabiem

1046 516 1187 542 apponens
1200 507 1327 534 humana:
1343 507 1436 533 forma:
1456 506 1618 533 feminarum
1635 506 1777 532 amoribus
1795 506 1837 532 in-

1046 555 1147 584 saniat,
1166 558 1193 580 et
1218 561 1251 580 ex
1274 553 1376 587 duplici
1392 557 1502 585 natura,
1526 552 1645 579 humana
1663 552 1790 579 videlicet
1811 556 1838 578 ct

1046 600 1145 633 ferina,
1161 601 1242 627 veluti
1265 600 1499 634 hippocentaurus
1523 599 1671 626 coalescat.
1695 598 1837 633 Ejusmodi

1046 652 1137 673 autent
1158 647 1297 673 hominum
1323 653 1422 681 genera
1446 646 1549 680 passim
1571 645 1635 672 licet
1657 645 1772 677 intueri,
1789 646 1837 678 qui

1046 693 1087 718 vel
1118 692 1144 718 in
1163 692 1239 718 vituli
1256 692 1355 726 capite,
1380 691 1407 717 in
1423 691 1584 718 idololatriae
1602 690 1728 717 videlicet
1753 690 1838 717 disci-

1047 738 1132 772 plina.
1144 737 1243 764 decore
1257 737 1339 763 vitam
1354 737 1451 763 oﬁiciis
1463 737 1599 763 excultam
1618 741 1700 771 agunt
1716 736 1836 770 (qualem

1046 781 1177 808 simulant
1186 789 1248 809 esse
1260 782 1468 815 minotaurum),
1479 782 1520 808 vel
1532 781 1697 808 Christianm
1714 788 1837 815 persona:

1046 827 1146 854 bellum
1165 828 1277 861 corpus,
1306 827 1333 854 id
1358 831 1401 854 est
1427 827 1593 862 ﬂagitiosum
1618 827 1725 854 vivendi
1750 834 1836 862 genus

1047 871 1193 905 adjiciunt,
1213 872 1310 906 quales
1328 872 1570 906 hippocentauros,
1597 877 1643 898 aut
1668 870 1837 906 anguipedcs

203 914 274 944 εἶναι
294 917 411 944 τοιοῦτον
429 914 483 943 οἷον
498 916 528 943 τὸ
546 916 631 951 ὂνομα
654 915 789 951 βούλεται,
806 918 835 942 ἐν
848 917 951 951 ἑτέροις
969 917 996 943 δὲ

1049 916 1165 951 ﬁngunt.
1191 917 1413 944 Consentaneum
1437 916 1519 952 igitur
1533 920 1575 943 est
1594 921 1634 948 ut,
1657 916 1835 951 quemadmo~

204 962 274 996 πρὸς
293 961 328 988 τὰ
352 962 462 988 ὲναντία
484 961 588 996 ῥέπειν,
604 960 680 987 οὐδὲν
695 961 788 996 ἕτερόν
805 962 890 994 ἐστιν,
917 962 934 997 ἢ
957 962 997 992 είς

202 1006 334 1042 πολεμίου
347 1005 423 1039 τάξιν
445 1006 527 1033 αὑτὸν
544 1006 612 1042 πρὸς
630 1006 726 1040 ἑαυτὸν
742 1006 942 1041 διατέμνεσθαι,
962 1007 996 1033 δι’

200 1053 305 1088 ἀρετῆς
328 1052 376 1079 καὶ
392 1052 491 1084 κακίας
509 1053 538 1078 ὲν
553 1051 642 1087 ἑαυτῷ
659 1053 853 1084 στασιάζοντα,
866 1053 996 1080 ἄσπονδον

203 1099 287 1126 αὑτὸν
302 1098 378 1134 αὐτῷ
392 1098 440 1125 καὶ
462 1098 619 1133 ἀσύμϐατον
631 1097 670 1133 τῷ
686 1098 735 1133 βίῳ
755 1099 905 1133 γινόμενον.
923 1107 933 1124 ι
950 1099 997 1130 Τίς

204 1145 259 1180 γὰρ
279 1144 407 1172 κοινωνία
430 1144 499 1179 φωτὶ
520 1143 587 1179 πρὸς
611 1144 721 1178 σκότος;
741 1154 750 1170 ι
776 1144 857 1178 φησὶν
874 1145 888 1170 ό
917 1144 997 1171 ’Λπό-

204 1190 309 1222 στολος.

1048 963 1112 989 dum
1139 963 1167 989 in
1199 970 1314 998 corpore
1338 963 1459 990 humano
1481 963 1595 998 singulm
1616 966 1709 997 partes
1736 969 1836 989 convc-

1048 1007 1139 1040 niunt,
1167 1008 1207 1035 sic
1223 1011 1280 1034 tota
1302 1007 1453 1035 Christiani
1477 1009 1533 1034 vita
1557 1008 1696 1038 onmibus,
1723 1015 1783 1042 qua:
1808 1007 1836 1033 in

1048 1052 1159 1079 Christo
1185 1060 1218 1079 ex
1235 1052 1288 1079 ﬁde
1306 1052 1529 1083 considerantur.
1559 1051 1638 1079 bonis
1659 1051 1834 1085 insigniatur.

1048 1097 1116 1125 Nam
1128 1098 1152 1126 si
1168 1105 1222 1124 una
1236 1098 1345 1132 quidem
1363 1105 1395 1124 ex
1414 1104 1492 1132 parte
1507 1097 1570 1124 talis
1584 1097 1623 1124 sis
1636 1097 1745 1131 qualem
1758 1095 1837 1122 Chri—

1050 1145 1171 1171 stianum
1191 1144 1309 1178 requirit
1328 1152 1438 1175 nomen,
1454 1152 1487 1171 ex
1502 1144 1587 1171 altera
1602 1151 1667 1170 vero
1681 1143 1708 1170 in
1726 1145 1838 1169 contra-

1051 1191 1121 1216 rium
1143 1190 1276 1222 declines,
1301 1190 1369 1217 nihil
1387 1190 1460 1217 aliud
1480 1189 1577 1221 facias,
1602 1196 1683 1224 quam
1708 1188 1730 1215 si
1749 1187 1838 1215 hostis

204 1237 246 1264 tui
262 1236 347 1263 vicem
364 1235 493 1263 obtinens
507 1235 533 1262 in
554 1234 672 1270 tcipsum
687 1234 831 1267 dividaris,
850 1234 922 1269 quod
934 1241 993 1262 eam
1015 1235 1177 1263 seditionem
1195 1236 1221 1263 in
1238 1239 1263 1263 te
1276 1243 1323 1270 per
1335 1236 1463 1262 virtutem
1475 1240 1502 1262 et
1517 1235 1611 1262 vitium
1642 1235 1777 1266 concites,
1808 1238 1838 1262 ut

204 1283 280 1310 nulla
303 1282 409 1309 ratione
422 1282 473 1310 tibi
494 1282 553 1317 ipse
570 1283 597 1310 in
612 1283 667 1310 vita
683 1281 784 1317 placari
797 1280 996 1314 conciliarique
1014 1282 1115 1317 possis.
1140 1292 1149 1308 ι
1169 1282 1274 1310 Etenim
1291 1290 1353 1317 qua
1367 1282 1485 1310 societas
1514 1282 1569 1309 luci
1590 1281 1625 1308 ad
1661 1280 1810 1309 tenebras?
1825 1290 1835 1306 ι

205 1333 236 1357 nt
252 1328 340 1363 inquit
354 1328 501 1363 Apostolus
511 1328 531 1355 ⁵.

246 1374 322 1401 Ἐπεὶ
334 1370 381 1400 οὖν
395 1373 510 1408 ἄμικτος
522 1372 562 1408 τῷ
578 1373 647 1407 φωτὶ
661 1372 709 1399 καὶ
724 1371 900 1407 ἀμεσίτευτύς
920 1372 994 1397 ἐστιν

203 1420 222 1456 ἡ
238 1418 412 1450 ἐναντίωσις·
432 1421 446 1445 ὁ
466 1418 629 1454 ἀμφοτέρων
648 1417 785 1452 ἐχόμενος,
800 1417 848 1443 καὶ
864 1416 901 1451 μὴ
919 1416 994 1442 υάτε-

201 1473 253 1501 ρον
267 1463 357 1491 αὐτῶν
374 1463 487 1499 μεθιεὶς,
495 1464 528 1498 τῇ
543 1463 597 1489 τῶν
608 1462 848 1496 ἀντιστοιχούντων
871 1460 995 1495 ἀλλήλοις

202 1509 371 1545 ιναντιᾶτητι
385 1510 433 1535 καὶ
445 1508 525 1540 αὐτὸς
552 1509 612 1535 κατ’
626 1508 751 1542 ἀνάγκην
767 1506 993 1541 συνδιασχίζεται,

204 1556 264 1590 φῶς
284 1555 355 1582 κατὰ
375 1554 473 1582 ταύτὸν
490 1555 536 1581 καὶ
564 1554 658 1585 σκότος
673 1554 701 1579 ἐν
722 1552 761 1588 τῷ
782 1552 928 1588 συμμίκτω
946 1551 996 1586 βίῳ
1009 1574 1030 1602 C

203 1601 344 1637 γινόμενος
355 1608 362 1615 ’
375 1601 425 1635 τῆς
443 1601 491 1636 μὲν
508 1599 624 1631 πίστεως
644 1600 690 1626 τὸν
709 1599 846 1634 φωτισμὸν
867 1598 994 1632 ὲνιείσης,

203 1647 252 1675 τοῦ
269 1647 299 1674 δὲ
320 1645 458 1673 σκοτεινοῦ
477 1645 534 1681 βίου
548 1645 598 1681 τὴν
620 1645 653 1672 ἐκ
674 1645 721 1672 τοῦ
738 1645 818 1678 λόγου
836 1644 996 1679 λαμπηδόνα

199 1691 459 1728 χαταμελαίνοντος.
481 1691 557 1717 Ἐπεὶ
571 1689 617 1717 οὖν
634 1691 748 1725 ἄμικτός
774 1691 832 1716 ἐστι
846 1689 893 1715 καὶ
908 1689 997 1723 ἀσύμ-

199 1740 286 1773 Δίῖατος
307 1739 347 1775 τῷ
371 1739 441 1775 φωτὶ
459 1738 526 1775 πρὸς
539 1738 569 1765 τὸ
592 1738 718 1772 σκότοςὴ
741 1736 878 1768 κοινωνία,
895 1737 908 1762 ὁ
930 1736 996 1762 ἑκα-

204 1785 285 1822 τέρου
298 1785 352 1812 τῶν
366 1784 495 1811 ἐναντίων
517 1782 722 1818 περιεχόμενος,
742 1781 822 1812 αὐτὸς
844 1779 932 1815 ἑαυτῷ
947 1788 997 1806 πο-

200 1832 298 1867 λέμιος
322 1830 448 1865 γίνεται,
466 1829 527 1865 διχῆ
555 1828 694 1864 μερισθεὶς
725 1827 794 1863 πρὸς
823 1826 923 1861 ἀρετὴν
951 1825 998 1852 καὶ

204 1877 314 1910 κακίαν,
326 1876 374 1903 καὶ
383 1874 474 1910 ἑαυτῷ
485 1874 552 1911 πρὸς
563 1873 708 1901 ἀντίπαλον
720 1872 796 1904 τάξιν
807 1870 999 1898 ἀντικαθιστά-

203 1931 298 1960 μενος.
313 1922 417 1957 Ὠσπερ
431 1921 460 1947 δὲ
472 1921 521 1947 οὐκ
534 1920 607 1946 ἐστιν
621 1920 651 1946 ἐν
661 1919 707 1945 δύο
728 1917 867 1953 πολεμίοις
880 1916 999 1952 ἀμφοτέ-

206 1977 273 2006 ρους
284 1968 397 2005 νικητάς
413 1967 473 1994 κατ’
487 1966 608 1998 ἀλλήλων
627 1964 753 1999 γενέσθαι
769 1963 862 1999 (ἡγὰρ
876 1963 923 1989 τοῦ
939 1962 998 1993 ἐνὸς

207 2014 272 2050 νίκη
287 2014 402 2042 θάνατον
425 2011 473 2039 τοῦ
495 2010 683 2046 ἀντικειμένου
698 2010 805 2040 πάντως
830 2008 997 2043 ἐργάζεται),

206 2059 279 2087 οὕτω
291 2060 338 2087 καὶ
355 2059 403 2086 ἐπὶ
426 2057 529 2092 ταύτης
542 2057 589 2091 τῆς
608 2055 740 2091 ἐμφυλίου
766 2055 867 2090 μάχης,
889 2054 939 2086 τῆς
955 2054 1000 2080 διὰ

205 2105 254 2133 τοῦ
272 2105 423 2141 συμμίκτου
436 2104 492 2139 βίου
510 2102 718 2137 συνισταμένης,
736 2099 766 2127 οὗ
782 2109 841 2131 πως
855 2099 911 2126 ἐστι
923 2101 1000 2135 νικῆ-

207 2159 254 2178 σαι
267 2151 316 2187 τὴν
338 2150 480 2186 κρείττονα
497 2148 667 2184 παράταξιν,
694 2146 731 2182 μὴ
755 2145 928 2180 πανωλεθρίᾳ
950 2146 999 2180 τῆς

207 2198 292 2235 ἄλλης
305 2196 508 2233 διαφθαρείσης.
524 2195 586 2226 Πῶς
597 2194 651 2229 γὰρ
667 2194 681 2220 ὁ
697 2192 746 2227 τῆς
759 2191 901 2223 εὐσεϐείας
917 2199 999 2226 στρα-

1081 1370 1148 1396 Cum
1167 1371 1250 1404 igitur
1269 1370 1322 1397 luci
1340 1370 1407 1397 adeo
1422 1370 1569 1397 contraria:
1591 1370 1647 1397 sint
1664 1371 1785 1399 tenebrat
1807 1374 1838 1398 ut

1047 1416 1123 1443 nullo
1152 1416 1233 1443 modo
1251 1416 1425 1444 commisceri
1448 1416 1580 1450 nulloque
1599 1416 1687 1443 medio
1706 1417 1838 1453 conjungi

1047 1461 1155 1496 possint
1170 1471 1176 1489 :
1194 1462 1240 1496 qui
1259 1462 1287 1488 in
1303 1462 1430 1496 utriSquo
1450 1465 1587 1494 versatur,
1606 1469 1657 1489 nec
1675 1462 1837 1489 alterutram

1049 1508 1162 1543 negligit
1180 1512 1284 1542 partem
1299 1527 1306 1540 ,
1323 1508 1377 1535 illis
1393 1508 1464 1534 inter
1478 1515 1508 1534 se
1525 1508 1672 1535 contrariis
1688 1508 1838 1543 pugnanti-

1048 1554 1111 1586 bus,
1134 1554 1191 1588 ipse
1215 1561 1325 1589 quoque
1349 1554 1508 1580 necossario
1539 1553 1686 1586 scinditur,
1701 1554 1837 1589 siquidem

1048 1600 1143 1626 eodem
1161 1605 1284 1634 tetnpore
1304 1599 1331 1625 in
1348 1606 1379 1626 ea
1396 1599 1547 1633 permistus
1564 1599 1728 1626 confusione
1749 1604 1775 1626 et
1792 1599 1838 1625 lux

1047 1651 1074 1674 et
1091 1646 1211 1673 tenebrat:
1226 1646 1354 1677 etlieitur.
1373 1653 1435 1672 cum
1452 1650 1479 1673 et
1498 1645 1564 1673 ﬁdes
1581 1646 1668 1673 lucem
1688 1645 1837 1678 immittat,

1047 1697 1074 1719 et
1089 1692 1150 1719 vitae
1173 1692 1278 1719 malitia
1299 1692 1414 1718 rationis
1437 1691 1576 1726 splendori
1600 1692 1730 1719 tenebras
1750 1692 1840 1719 oﬁ'un-

1047 1738 1104 1765 dat.
1124 1736 1258 1770 Quoniam
1275 1736 1359 1771 igitur
1375 1736 1448 1763 nulla
1467 1737 1540 1763 inter
1554 1737 1643 1764 lucem
1665 1741 1693 1763 et
1712 1737 1839 1764 tenebras

1047 1783 1169 1811 amicitia
1181 1802 1188 1814 ,
1205 1783 1279 1810 nulla
1295 1786 1383 1817 potest
1398 1790 1460 1810 esse
1474 1782 1632 1816 conjunctio
1643 1801 1651 1814 ,
1669 1783 1715 1817 qui
1734 1787 1840 1810 utrum-

1048 1837 1101 1863 que
1117 1829 1287 1856 contrarium
1309 1827 1445 1863 suscipit,
1467 1828 1526 1863 ipse
1543 1828 1596 1855 sibi
1620 1828 1708 1855 hostis
1727 1827 1839 1861 evadit,

1049 1883 1111 1903 cum
1129 1875 1161 1901 ad
1178 1875 1307 1901 virtutem
1328 1878 1355 1901 et
1369 1874 1467 1900 vitium
1485 1876 1514 1900 ut
1529 1873 1599 1900 duas
1615 1873 1641 1900 in
1659 1877 1751 1908 partes
1770 1872 1840 1899 divi-

1049 1929 1098 1948 sus
1122 1920 1251 1952 inclinet,
1276 1923 1303 1947 et
1332 1927 1410 1946 more
1433 1919 1527 1946 hostili
1548 1923 1680 1954 tanquam
1702 1919 1839 1946 instructa

1049 1967 1108 1994 acie
1123 1975 1152 1994 sc
1167 1968 1255 2001 ipsum
1284 1970 1432 2001 oppugnet.
1457 1966 1497 1992 Ac
1521 1965 1754 2001 quemadmodum
1781 1964 1839 1996 illi,

1049 2012 1097 2047 qui
1112 2012 1224 2047 capitali
1242 2012 1306 2039 odio
1320 2011 1488 2039 dissidentes
1503 2011 1653 2043 dimicant,
1671 2010 1782 2044 utrique
1803 2009 1841 2036 vis

1050 2063 1140 2086 elores
1158 2066 1220 2087 esse
1235 2062 1396 2093 nequeunt;
1420 2058 1502 2084 unius
1526 2058 1599 2084 enim
1625 2056 1740 2083 victoria
1760 2055 1839 2082 alteri

1050 2105 1123 2131 victo
1144 2111 1258 2139 prorsus
1280 2103 1421 2130 interitum
1447 2102 1546 2130 affert:
1569 2102 1610 2129 sic
1634 2102 1660 2128 in
1689 2100 1840 2128 domestico

1050 2149 1238 2184 intestinoque
1262 2149 1399 2181 dissidio,
1423 2148 1497 2183 quod
1519 2155 1552 2175 ex
1574 2148 1638 2175 vita:
1661 2147 1841 2182 permistione

1051 2196 1188 2227 nascitur,
1214 2202 1281 2230 pars
1304 2195 1401 2222 melior
1426 2194 1487 2222 sine
1511 2193 1627 2221 alterius
1652 2193 1841 2220 internecione

206 2246 254 2278 τδς
276 2245 409 2281 κρείττων
429 2243 479 2279 τῆς
502 2242 602 2273 κακίας
617 2241 782 2276 γενήσεται,
800 2240 850 2274 τῆς
878 2239 997 2273 πονηρᾶς

1052 2241 1151 2268 victrix
1173 2248 1234 2268 esse
1257 2248 1312 2267 non
1336 2244 1435 2275 potest.
1458 2239 1510 2272 Qui
1532 2239 1603 2266 cnim
1621 2239 1666 2266 ﬁet
1681 2243 1711 2265 ut
1730 2239 1840 2273 pietatis

209 2289 348 2325 φάλαγγος
363 2288 417 2316 τῶν
433 2287 561 2315 ἐναντίων
576 2285 802 2320 ἀντιῦαινούσης;
819 2284 875 2311 ἀλλ’
891 2285 915 2311 εί
933 2284 998 2319 μέλ-

208 2335 250 2363 λοι
265 2331 342 2371 νικᾷν
354 2335 384 2362 τὸ
402 2334 534 2370 κρεῖττον,
558 2332 753 2367 φονευθήσεται
777 2331 886 2362 πάντως
897 2330 927 2356 τὸ
950 2330 998 2356 ἀν-

209 2381 371 2416 τικείμενον.
397 2380 452 2406 Καὶ
475 2379 561 2410 οὕτως
586 2380 602 2414 ὴ
626 2379 710 2414 ἀρετὴ
731 2377 802 2404 κατὰ
829 2377 879 2412 τῆς
902 2377 1000 2407 κακίας

209 2426 266 2459 ἔξει
279 2426 315 2453 τά
338 2426 494 2461 νικητήρια,
510 2425 574 2451 ὅταν
591 2425 644 2450 πᾶν
668 2423 699 2449 τὸ
722 2423 850 2458 πολέμιον
874 2423 941 2458 αὐτῇ
956 2422 1000 2448 διὰ

210 2474 261 2509 τῆς
271 2473 324 2500 τῶν
341 2472 479 2508 λογισμῶν
502 2470 661 2506 συμμαχίας
685 2470 866 2504 μεταχωρὴσῃ
882 2468 950 2503 πρὸς
968 2468 999 2494 τὸ

210 2519 393 2555 ἀνύπαρκτον.
413 2518 470 2545 Καὶ
488 2517 548 2544 τότε
577 2515 728 2551 πληροῦται
741 2515 772 2541 τὸ
799 2515 832 2541 ὲκ
854 2514 998 2550 προσώπου

211 2565 260 2593 τοῦ
273 2564 342 2592 Θεοῦ
361 2563 406 2591 διὰ
427 2564 477 2598 τῆς
493 2561 660 2598 προφητείας
672 2560 828 2595 λεγόμενον,
843 2560 883 2586 ὅτι
900 2568 909 2585 ι
931 2560 1000 2594 Ἐγὼ

211 2610 371 2641 ἀποκτενῶ,
389 2609 438 2636 καὶ
457 2609 507 2644 ζῇν
526 2608 641 2642 ποιήσω.
662 2615 671 2632 ›
688 2606 724 2632 Οὺ
748 2606 803 2640 γὰρ
824 2605 897 2632 ἔστιν
913 2605 1000 2637 ἄλλως

210 2656 242 2684 τὸ
258 2658 288 2684 ὲν
301 2656 364 2691 ἐμοὶ
387 2654 488 2688 ἀγαθὸν
514 2652 604 2688 ζῆσαι.
625 2651 662 2687 μὴ
686 2650 725 2685 τῷ
739 2650 846 2685 Θανάτῳ
870 2650 1000 2685 πολεμίου

210 2701 438 2737 ζωοποιούμενον.
454 2700 526 2730 Ἕως
552 2699 574 2725 δ’
591 2698 624 2725 ἂν
651 2697 705 2724 τῶν
727 2695 773 2722 δύο
799 2695 1000 2731 περιεχώμεθα,

211 2749 331 2784 ἑκατέρᾳ
353 2747 427 2783 χειρὶ
453 2745 508 2772 τῶν
532 2744 661 2771 ἐναντίων
688 2742 854 2777 ἁπτόμενοι,
872 2741 1001 2768 ἀδύνατον

210 2795 284 2823 κατὰ
305 2793 401 2821 ταύτὸν
417 2791 471 2819 τῶν
500 2789 661 2826 ἀμφοτέρων
683 2787 754 2823 ἔχειν
779 2786 828 2823 τὴν
846 2787 1002 2822 μετουσίαν.

256 2884 269 2900 ’⁸
282 2881 305 2910 ιι
322 2881 390 2910 Cor.
403 2888 441 2915 vt,
458 2879 502 2908 M.
547 2879 558 2895 '
571 2878 648 2906 Deut.
660 2884 746 2911 nm,
762 2876 806 2904 '59.

1051 2287 1191 2314 exercitus
1207 2287 1334 2321 superior
1352 2286 1398 2318 sit,
1411 2286 1541 2313 vitiorum
1559 2284 1734 2312 multitudine
1755 2284 1840 2311 veluti

1052 2333 1187 2368 phalange
1204 2333 1323 2359 hostium
1347 2335 1442 2359 contra
1466 2335 1623 2366 pugnante,
1646 2330 1699 2357 nisi
1722 2330 1779 2357 haec
1802 2330 1841 2356 uti

1053 2377 1169 2404 debilior
1185 2384 1199 2403 a
1213 2376 1405 2410 pra-stantiore
1420 2376 1529 2410 penitus
1544 2374 1690 2402 deleatur?
1704 2372 1782 2400 Tunc
1797 2380 1842 2398 au-

1054 2429 1106 2450 tem
1124 2423 1209 2450 virtus
1224 2421 1258 2449 de
1273 2422 1375 2448 malitia
1389 2421 1462 2448 victa
1474 2419 1665 2454 triumphabit,
1676 2426 1737 2445 cum
1754 2418 1842 2444 ratio-

1054 2470 1098 2496 nis
1112 2467 1225 2495 auxiliis
1241 2467 1362 2502 superati
1379 2473 1476 2494 onmes
1491 2465 1540 2492 tibi
1557 2464 1655 2492 cedent
1669 2461 1820 2490 adversarii
1834 2469 1842 2493 ;

1054 2519 1121 2541 tunc
1136 2513 1294 2548 implebitur
1309 2512 1335 2538 id
1354 2511 1427 2546 quod
1441 2518 1474 2537 ex
1489 2516 1606 2544 persona
1622 2507 1668 2534 Dei
1684 2507 1711 2533 in
1726 2506 1842 2541 prophe-

1054 2561 1093 2586 tia
1106 2560 1209 2586 dictum
1225 2562 1268 2585 est
1278 2578 1285 2590 ,
1299 2567 1307 2583 ι
1320 2557 1377 2592 Ego
1390 2556 1513 2584 occidam
1528 2559 1556 2581 et
1570 2554 1663 2580 vivere
1679 2552 1779 2579 faciam
1794 2551 1815 2578 ⁵.
1830 2561 1839 2577 ι

1054 2605 1135 2632 Nullo
1151 2605 1226 2632 enim
1243 2607 1323 2638 pacto
1337 2603 1363 2630 id
1379 2601 1452 2636 quod
1468 2601 1494 2628 in
1512 2600 1592 2627 nobis
1607 2603 1650 2626 est
1673 2598 1773 2625 bonum
1795 2605 1844 2632 po-

1057 2655 1111 2679 test
1127 2651 1221 2678 vivere
1232 2671 1238 2682 ,
1256 2649 1310 2677 nisi
1325 2656 1358 2677 ex
1374 2646 1527 2675 adversarii
1543 2649 1632 2673 morte
1644 2645 1698 2671 vita
1714 2643 1752 2670 illi
1767 2651 1844 2670 com-

1055 2700 1175 2732 paretur.
1191 2695 1319 2728 Quandiu
1336 2698 1425 2721 autem
1441 2692 1548 2719 duobus
1565 2691 1741 2722 inhmremus,
1760 2690 1844 2716 alter-

1056 2747 1118 2769 utra
1147 2748 1229 2768 manu
1250 2739 1392 2767 contraria
1412 2737 1645 2772 complectcntes,
1668 2736 1727 2764 ﬁeri
1750 2736 1845 2770 nequit

1059 2792 1089 2815 ιιι
1103 2792 1251 2822 utrumque
1266 2792 1479 2820 consequamur.
1495 2782 1634 2816 Quantum
1651 2782 1724 2810 cnim
1739 2790 1771 2810 CX
1791 2789 1845 2809 una
