4106 6444
433 375 536 433 239

1662 364 1726 420 8.
1763 361 2092 422 GREGORII
2128 365 2425 423 NYSSENI

3575 359 3684 417 260

439 498 588 560 parte
629 485 850 541 malitias
879 484 1158 556 capimus,
1189 491 1402 538 tantum
1451 496 1520 538 ex
1563 481 1738 537 altera
1781 483 2008 538 virtutis

2123 484 2216 538 Γοῦ
2255 486 2366 558 γὰρ
2404 483 2874 557 περιδραξαμένου
2904 479 3006 552 τῆς
3047 495 3244 550 καηας
3269 480 3344 550 ,ἡ
3383 478 3556 549 ἀρετὴ
3585 481 3688 550 τῆς

435 579 759 632 amittimus.
807 574 949 640 Sed,
997 586 1058 631 ut
1089 592 1158 632 eo
1193 576 1337 631 unde
1376 576 1625 646 digressa
1673 581 1795 639 est,
1827 589 2010 629 rever-

438 681 582 725 tatur
611 670 822 734 oratio,
854 685 962 723 una
991 679 1076 724 est
1106 668 1174 723 ad
1207 681 1397 738 puram
1426 666 1778 735 divinamque
1805 665 2005 729 vitam,

437 761 689 816 virtutem
719 761 1033 814 amantibus
1063 761 1247 822 via,ut
1272 764 1609 829 cognoscant
1643 754 1773 824 quid
1801 754 2009 808 Christi

431 852 758 910 vocabulum
791 851 1064 923 significet
1083 893 1098 918 ,
1128 851 1289 920 eique
1317 848 1532 903 vivendi
1567 850 1832 901 rationem
1861 861 1925 900 ex
1958 848 2007 899 vi

359 951 755 1009 lusanctorum
796 945 1084 998 nominum
1119 943 1324 996 virtute
1355 939 1648 1009 expolitam
1685 948 1740 993 et
1781 937 2010 992 concin-

360 1025 560 1106 ’ξιιοηι
616 1034 1063 1089 accommodent.
1117 1032 1472 1100 Quaecunque
1516 1029 1683 1098 igitur
1733 1028 1897 1082 verba
1943 1042 2009 1082 et

396 1116 402 1126 ’
435 1136 628 1182 Sancta
655 1126 809 1180 Pauli
835 1125 1084 1181 doctrina
1110 1124 1312 1180 Christi
1342 1121 1797 1193 significationem
1833 1119 2010 1189 expli-

435 1218 616 1272 cantia
643 1219 912 1273 orationis
942 1218 1101 1271 initio
1128 1217 1510 1272 recensuimus
1539 1257 1553 1281 ,
1586 1228 1650 1270 ea
1677 1214 1723 1269 si
1747 1213 1908 1267 nobis
1937 1213 2011 1266 ita

441 1323 816 1379 proponamus
839 1351 852 1374 ,
885 1316 944 1362 ut
974 1308 1172 1380 partim
1194 1349 1210 1374 ,
1241 1307 1705 1379 quemadmodum
1735 1305 2006 1368 diximus,

436 1400 738 1464 imitemur,
775 1399 976 1469 partim
1017 1399 1303 1464 colamus,
1349 1398 1686 1454 tutissimum
1731 1398 1892 1453 nobis
1943 1396 2011 1450 ad

439 1489 580 1545 bene
610 1491 877 1560 beateque
907 1489 1200 1544 vivendum
1233 1490 1440 1546 aditum
1471 1489 1805 1544 muniemus.
1833 1490 1874 1541 Α
1905 1488 2014 1558 pri-

435 1581 548 1636 mis’
571 1581 757 1652 igitur,
780 1597 904 1636 eum
935 1588 1219 1636 servantes
1241 1581 1492 1636 ordinem
1514 1623 1527 1648 ,
1549 1596 1707 1651 quem
1733 1581 1904 1636 series
1929 1593 2014 1634 eo-

437 1688 581 1737 rum,
610 1688 731 1742 quae
753 1673 864 1742 jam
889 1672 1349 1737 enumeravimns,
1375 1674 1636 1742 suggerit,
1656 1671 2009 1742 incipiamus:

437 1763 691 1818 Christus
723 1764 812 1818 Dei
844 1763 1020 1818 virtus
1050 1771 1105 1818 et
1134 1764 1405 1835 sapientia
1435 1765 1478 1817 ⁸.
1512 1763 1589 1816 Ex
1626 1764 1712 1820 his
1746 1763 2013 1818 discimus

438 1866 502 1906 ea
531 1866 654 1922 qua:
683 1850 955 1906 divinitati
985 1834 1354 1918 conveniunt,
1377 1869 1443 1908 ex
1467 1853 1667 1923 quibus
1686 1852 1890 1907 Christi
1917 1869 2016 1907 no-
2047 1834 2089 1889 Β

437 1957 563 1998 men
602 1942 761 1997 nobis
803 1943 1171 1998 venerandum
1211 1942 1460 1999 eliicitur.
1511 1945 1724 1999 Etenim
1763 1942 1890 2013 quia
1926 1959 2016 1999 res

439 2049 654 2100 omnes,
681 2050 803 2104 quae
832 2036 916 2092 vel
941 2051 1111 2090 sensu
1144 2036 1544 2107 percipiuntur,
1577 2036 1663 2091 vel
1695 2051 1891 2091 sensus
1923 2051 2018 2090 su-

437 2136 630 2196 perant
658 2127 1064 2198 cognitionem,
1098 2142 1196 2198 per
1226 2128 1404 2199 ipsum
1436 2128 1643 2184 eli'ectae
1675 2137 1834 2194 sunt,
1872 2137 1926 2184 et
1960 2130 2015 2183 in

439 2217 561 2289 ipso
591 2221 921 2286 consistunt,
941 2221 1253 2277 necessario
1281 2221 1348 2276 ad
1379 2220 1744 2276 deﬁniendam
1779 2221 2018 2276 nominis

440 2309 616 2372 illius,
659 2311 752 2380 qui
784 2321 982 2366 cuncta
1017 2311 1363 2382 procreavit,
1399 2312 1887 2383 significationem,
1924 2327 2016 2366 sa-

439 2401 646 2470 pientia
675 2411 729 2458 et
755 2403 930 2458 virtus
961 2403 1386 2474 coniunguntur.
1417 2401 1552 2458 Nam
1585 2419 1654 2458 ex
1692 2403 1905 2458 duabus
1931 2401 2018 2457 bis

441 2494 669 2548 vocibus
708 2494 784 2548 ita
815 2495 1087 2564 capulatis
1130 2494 1181 2549 id
1223 2495 1618 2565 intelligimus;
1661 2510 1840 2564 neque
1869 2494 2015 2549 enim

440 2593 626 2638 essent
665 2585 780 2640 haec
819 2600 1013 2655 magna
1055 2592 1110 2640 et
1151 2599 1274 2653 quae
1312 2585 1461 2638 nulla
1511 2586 1722 2640 ratione
1753 2583 2019 2653 explicari

438 2683 672 2742 possunt
716 2682 1095 2728 creaturarum
1144 2673 1449 2737 miracula,
1493 2673 1701 2730 nisiet
1747 2673 2016 2744 sapientia

433 2781 630 2820 eorum
661 2766 1100 2836 procreationem
1130 2766 1535 2836 excogitasset,
1571 2773 1626 2821 et
1656 2766 1830 2820 virtus
1856 2805 1871 2830 ,
1899 2779 2022 2835 quae

437 2874 541 2930 per
586 2858 916 2928 sapientiam
971 2859 1280 2930 excogitata
1335 2857 1591 2923 fuerant,
1643 2857 2020 2923 confecisset;

441 2966 542 3022 per
586 2950 843 3006 virtutem
894 2950 1044 3006 enim
1093 2951 1272 3022 ipsius
1323 2950 1608 3021 sapientiae
1657 2949 2024 3021 cogitationes

439 3057 609 3110 opera
641 3051 790 3097 sunt.

2107 577 2278 646 λαϐῆς
2333 577 2714 647 ἐξωλίσθησεν.
2767 571 2978 628 Οὐκοῦν
3029 571 3190 624 πάλιν
3243 571 3336 625 τὸν
3394 570 3450 635 ἐξ
3511 571 3689 640 ἀρχῆς

2109 667 2470 738 ἀναλάϐωμεν
2497 667 2674 736 λόγον,
2700 667 2784 719 ὅτι
2820 663 2918 735 μία
2949 661 3086 734 πρὸς
3117 661 3214 731 τὴν
3239 660 3482 731 καθαράν
3505 677 3564 712 τε
3594 659 3690 713 καὶ

2110 757 2262 812 θείαν
2285 758 2431 828 ζωήν
2466 759 2582 810 ἐστι
2624 758 2736 818 τοῖς
2786 753 3094 824 φιλαρέτοις
3124 751 3262 814 ὁδὸς,
3288 750 3490 818 γνῶναι
3512 749 3565 802 τί
3592 766 3692 819 ση-

2113 849 2292 920 μαίνει
2323 849 2418 902 τοῦ
2457 847 2697 918 Χριστοῦ
2727 845 2789 899 τὸ
2839 846 3012 914 ὄνομα
3035 883 3050 906 ,
3083 836 3128 910 ᾧ
3160 843 3266 912 χρὴ
3301 842 3396 895 καὶ
3428 842 3519 894 τὸν
3559 842 3694 912 ἠμέ-

2109 956 2268 1009 τερον
2294 937 2761 1009 συμμορφωθῆναι
2796 935 2928 1006 βίον,
2963 934 3050 988 διὰ
3079 934 3177 1004 τῆς
3210 934 3318 986 τῶν
3339 933 3542 987 λοιπῶν
3572 933 3692 985 ὀνο-

2116 1030 2300 1100 μάτων
2372 1029 2674 1098 ἐμφάσεως.
2712 1028 2794 1089 είς
2841 1021 3040 1096 ἀρετὴν
3097 1022 3512 1094 ρυθμιξόμενον.
3548 1023 3694 1075 Ὅσα

2111 1122 2291 1175 τοίνυν
2319 1124 2376 1175 ὲν
2422 1124 2534 1183 τοῖς
2573 1119 2880 1190 προοιμίοις
2922 1117 3018 1171 τοῦ
3043 1118 3203 1185 λόγου
3238 1117 3460 1188 ῥήματά
3503 1132 3564 1167 τε
3599 1116 3694 1168 καὶ

2111 1213 2351 1284 ὀνόματα
2372 1213 2523 1283 παρά
2560 1211 2658 1281 τῆς
2712 1210 2876 1279 ἁγίας
2904 1209 2998 1262 τοῦ
3043 1207 3256 1262 Παύλου
3304 1207 3486 1276 φωνῆς
3513 1207 3692 1276 ἑρμη-

2114 1305 2336 1360 νευτικά
2380 1305 2480 1375 τῆς
2510 1302 2602 1356 τοῦ
2634 1301 2869 1373 Χριστοῦ
2922 1301 3199 1372 σημασίας
3252 1297 3691 1368 συνελεξάμεθα,

2113 1400 2288 1455 ταῦτα
2339 1399 2632 1471 προθέντες
2666 1400 2745 1460 είς
2788 1397 2889 1468 τὴν
2937 1393 3306 1466 προκειμένην
3355 1395 3488 1466 ἡμῖν
3522 1411 3694 1448 σπου-

2113 1494 2229 1565 δὴν,
2255 1491 2668 1562 ἀσφαλεστάτην
2700 1489 2920 1559 ὁδηγίαν
2943 1489 3025 1552 εἰς
3054 1486 3147 1540 τὸν
3174 1485 3287 1557 βίον
3309 1486 3399 1540 τὸν
3415 1485 3537 1540 κατ’
3561 1486 3687 1557 ἀρε.

2114 1585 2214 1656 τὴν
2241 1582 2600 1656 ποιησόμεθα,
2629 1579 2700 1635 τά
2755 1581 2854 1648 μὲν
2899 1579 3245 1650 μιμούμενοι,
3278 1576 3461 1642 καθὼς
3497 1579 3557 1630 ὲν
3581 1578 3695 1640 τοῖς

2117 1675 2386 1746 φθάσασιν
2421 1673 2656 1746 εἴρηται,
2680 1672 2746 1726 τὰ
2772 1671 2830 1725 δὲ
2874 1668 3307 1741 προσκυνοῦντες
3350 1668 3446 1722 καὶ
3473 1667 3697 1731 σεσαζὸ-

2121 1786 2293 1842 μενοι.
2328 1767 2572 1821 Γενέσθω
2615 1763 2671 1819 δὲ
2705 1765 2837 1836 ἡμῖν
2859 1763 3012 1829 τάξις
3057 1762 3167 1816 τῶν
3200 1761 3503 1832 εἰρημένων
3529 1761 3562 1830 ἡ
3589 1760 3697 1812 ἀπ·-

2119 1861 2434 1933 αρίθμησις.
2463 1855 2673 1912 Ούκοῦν
2702 1857 2810 1910 ἀπὺ
2839 1855 2947 1910 τῶν
2975 1854 3207 1926 πρώτων
3234 1852 3526 1925 ἀρξόμεθα·
3561 1853 3699 1922 Χρι-

2121 1953 2266 2018 στὸς,
2289 1954 2443 2024 φησὶ,
2461 1951 2595 2005 Θεοῦ
2618 1951 2844 2021 δύναμις
2869 1949 2962 2002 καὶ
2988 1947 3124 2001 Θεοῦ
3157 1947 3340 2016 σοφία.
3365 1945 3465 1999 Διά
3492 1943 3698 1998 τούτων

2121 2043 2334 2116 πρῶτον
2371 2043 2469 2114 μὲν
2519 2040 2619 2104 τὰς
2670 2040 2993 2111 θεοπρεπεῑς
3050 2037 3257 2100 ἑννοίας
3311 2035 3399 2090 διά
3450 2035 3552 2106 τῆς
3599 2034 3698 2088 τοῦ

2119 2134 2355 2206 Χριστοῦ
2379 2132 2748 2205 προσηγορίας
2783 2132 3124 2203 μανθάνομεν
3146 2169 3162 2194 ,
3195 2129 3263 2183 δι’
3299 2123 3374 2183 ὧν
3407 2127 3701 2197 σεϐάσμιον

2121 2227 2253 2296 ἡμῖν
2287 2224 2349 2277 τὺ
2376 2225 2547 2294 ὄνομα
2596 2223 2828 2292 γίνεται.
2869 2221 3086 2292 Ἐπειδὴ
3114 2221 3224 2292 γὰρ
3250 2221 3400 2274 πᾶσα
3436 2220 3470 2290 ἠ
3501 2219 3700 2283 κτίσις,

2120 2317 2219 2386 δση
2242 2333 2304 2368 τε
2335 2317 2401 2387 τῇ
2437 2315 2686 2386 αίσθήσει
2714 2313 3063 2383 γινώσκεται,
3088 2313 3180 2366 καὶ
3201 2314 3234 2382 ὴ
3259 2313 3356 2383 τῆς
3381 2310 3703 2382 αίσθητικῆς

2119 2408 2494 2478 ὑπερκειμένη
2546 2408 2944 2478 κατανοήσεως,
2973 2405 3040 2459 δι’
3065 2403 3228 2458 αὑτοῦ
3274 2402 3487 2472 γέγονε,
3517 2402 3611 2456 καὶ
3642 2403 3702 2456 ὲν

2121 2499 2272 2570 αὑτῷ
2310 2499 2657 2568 συνέστηκεν,
2680 2499 2992 2567 ἀναγκαίως
3042 2497 3180 2568 πρὸς
3209 2495 3300 2550 τὸν
3331 2494 3556 2566 ὁρισμὸν
3601 2495 3705 2564 τῆς

2121 2589 2216 2644 τοῦ
2256 2588 2489 2660 Χριστοῦ
2527 2588 2830 2658 παρουσίας
2854 2585 2949 2639 τοῦ
2981 2586 3051 2640 τὰ
3081 2585 3258 2639 πάντα
3294 2585 3644 2655 ποιήσαντος,
3667 2583 3703 2653 ἡ

2126 2678 2286 2749 σοφία
2300 2682 2366 2749 τῇ
2387 2678 2613 2748 δυνάμει
2644 2676 3031 2748 συμπλέκεται.
3052 2675 3223 2728 Τοῦτο
3252 2673 3514 2727 νοούντων
3543 2670 3703 2743 ήμῶν

2123 2769 2210 2822 διά
2231 2769 2330 2840 τῆς
2357 2767 2464 2820 τῶν
2493 2767 2587 2820 δύο
2632 2767 2836 2820 τούτων
2870 2764 3064 2833 φωνῶν
3095 2763 3376 2834 συζυγίας,
3403 2763 3503 2835 τῆς
3541 2763 3705 2817 δυνά-

2127 2858 2270 2930 μεώς
2301 2876 2360 2911 τε
2380 2857 2524 2927 λέγω
2555 2858 2650 2911 καὶ
2680 2857 2780 2927 τῆς
2808 2855 3028 2925 σοφίας,
3067 2857 3148 2910 ὅτι
3173 2856 3272 2910 οὐκ
3299 2855 3364 2910 ἂν
3395 2851 3463 2928 ἦν
3493 2853 3561 2910 τὰ
3605 2871 3708 2925 με·

2124 2949 2265 3018 γάλα
2315 2948 2491 3003 ταῦτα
2532 2950 2628 3002 καὶ
2677 2950 2932 3018 ἀφραστα
2983 2948 3086 3019 τῆς
3134 2948 3366 3012 κτίσεως
3410 2947 3706 3019 θαύματα,

2129 3043 2205 3113 μὴ
2241 3042 2431 3110 σοφίας
2467 3041 2565 3112 μὲν
2595 3042 2693 3111 τὴν
2721 3040 2934 3110 γένεσιν
2963 3040 3143 3095 αὐτῶν
3180 3038 3519 3110 ἐπινοούσης,
3543 3037 3706 3092 δυνά-

444 3147 592 3202 μεως
622 3130 679 3183 δὲ
708 3135 775 3203 τῇ
807 3131 967 3202 σοφίᾳ
1001 3131 1464 3202 παρομαρτούσης
1492 3133 1629 3205 πρδς
1659 3133 1756 3204 τὴν
1780 3133 1888 3187 τῶν
1925 3131 2222 3203 νοηθέντων
2247 3131 2550 3194 τελείωσιν,
2576 3131 2642 3184 δι’
2673 3127 2743 3202 ἧς
2769 3130 2909 3203 ἔργα
2938 3131 3007 3184 τά
3037 3132 3282 3202 νοήματα
3320 3131 3548 3200 γίνεται.

513 3219 722 3276 Christi
755 3222 921 3292 igitur
951 3221 1279 3292 significatio
1310 3223 1366 3276 in
1399 3223 1542 3278 hanc
1569 3223 1842 3294 duplicem
1869 3225 1976 3278 vim
2003 3263 2018 3289 ,

2196 3221 2494 3294 Μερίζεται
2529 3220 2711 3276 τοίνυν
2743 3221 3096 3294 καταλλήλως
3123 3224 3204 3286 είς
3248 3222 3442 3294 διπλῆν
3471 3221 3710 3293 ἔμφασιν

445 3312 774 3383 sapientiam
835 3312 1050 3367 scilicet
1110 3312 1524 3383 virtutemque,
1578 3312 1864 3377 dividitur,
1921 3323 2021 3376 ut,

446 3403 671 3475 quando
710 3418 895 3458 rerum
927 3403 1298 3459 universitatis
1334 3405 1767 3474 magnitudinem
1823 3403 2026 3474 aspici-

447 3511 571 3552 tnus
591 3537 608 3562 ,
637 3509 700 3550 ex
731 3510 793 3550 ea
821 3495 1148 3550 immensam
1182 3492 1278 3550 Dei
1308 3494 1566 3549 virtutem
1595 3507 2020 3564 cognoscamus.

446 3585 680 3653 Quando
709 3593 888 3640 autem
914 3585 1330 3641 consideramus
1354 3600 1593 3656 quonam
1619 3584 1781 3640 modo
1811 3599 1874 3640 ea
1904 3599 2027 3654 qua:

447 3678 600 3731 nulla
633 3676 871 3742 fuerant,
908 3679 1089 3748 genita
1137 3678 1270 3743 sint,
1304 3692 1416 3732 tam
1458 3677 1780 3732 multiformi
1827 3687 2025 3731 natura

446 3768 504 3823 in
542 3767 706 3822 rebus
743 3783 840 3835 per
883 3767 1128 3822 divinum
1178 3767 1446 3839 Spiritum
1476 3769 1778 3823 exsistente
1801 3810 1816 3834 ,
1853 3768 2026 3822 incre-

448 3857 674 3912 dibilem
709 3857 886 3927 ipsius
919 3857 1010 3927 qui
1043 3859 1135 3912 illa
1165 3858 1495 3930 excogitarit
1525 3858 1855 3929 sapientiam
1891 3858 2025 3912 ado-

448 3965 638 4006 remus
667 3957 720 4004 et
748 3949 1118 4020 suSpiciamus
1138 3990 1153 4016 ,
1178 3951 1341 4021 cujus
1369 3953 1603 4022 cogitata
1633 3954 1751 4022 ipsa
1784 3961 1910 4006 sunt
1943 3951 2026 4005 fa-

449 4049 576 4096 cta:
607 4056 782 4111 neque
813 4057 944 4096 vero
972 4043 1165 4112 ignava
1207 4043 1313 4097 erit
1353 4042 1471 4098 haec
1515 4043 1648 4098 ﬁdes
1673 4083 1686 4107 ,
1728 4059 1836 4112 qua
1875 4043 2030 4098 Chri-

451 4139 596 4186 stum
633 4147 756 4186 esse
783 4133 1036 4186 virtutem
1065 4142 1117 4189 et
1147 4133 1470 4205 sapientiam
1502 4134 1796 4200 credimus,
1831 4136 1927 4191 sed
1959 4136 2026 4190 ad

449 4219 583 4275 boni
627 4220 1076 4291 dijudicationem
1126 4223 1289 4279 nobis
1331 4225 1440 4280 erit
1484 4225 1824 4294 adjnmento.
1868 4226 2028 4293 Quod

448 4314 596 4367 enim
629 4314 752 4383 quis
784 4315 1104 4384 supplicans
1133 4317 1393 4386 appellat,
1428 4317 1481 4372 id
1505 4317 1573 4372 ad
1596 4318 1835 4388 seipsum
1867 4320 2030 4376 obse—

450 4403 660 4457 crando
689 4405 856 4458 trahit
882 4413 936 4459 et
966 4405 1153 4474 ducit;
1195 4417 1358 4478 atque
1393 4409 1712 4464 interiorem
1749 4409 2026 4464 hominem

451 4495 653 4550 virtute
691 4495 764 4548 ita
805 4498 1158 4562 corroborat,
1206 4511 1263 4553 ut
1303 4501 1602 4569 Apostolus
1653 4503 1720 4556 ad
1763 4503 2024 4558 virtutem

2125 3315 2187 3368 τὸ
2215 3315 2309 3368 τοῦ
2337 3313 2576 3383 Χριστοῦ
2613 3314 3010 3386 σημαινόμενον
3028 3355 3042 3380 ,
3073 3317 3152 3378 είς
3179 3313 3277 3386 τὴν
3311 3314 3505 3384 σοφίαν
3527 3331 3588 3368 τε
3613 3315 3711 3370 καὶ

2125 3405 2224 3476 τὴν
2245 3405 2496 3477 δύναμιν,
2523 3406 2590 3460 ἵν’
2622 3407 2750 3460 ὅταν
2783 3406 2882 3476 μὲν
2914 3406 3051 3480 πρὸς
3092 3406 3152 3460 τὸ
3197 3407 3430 3478 μέγεθος
3469 3409 3568 3479 τῆς
3597 3406 3710 3460 τῶν

2123 3496 2295 3551 δντων
2325 3499 2634 3562 συστάσεως
2654 3498 3069 3570 ἀποϐλέψωμεν,
3104 3498 3202 3571 τὴν
3231 3501 3509 3571 ἄφραστον
3539 3500 3709 3554 αὑτοῦ

2125 3589 2353 3661 δύναμιν
2379 3590 2468 3644 διὰ
2489 3591 2599 3644 τῶν
2615 3589 3183 3662 καταλαμϐανομένων
3213 3593 3516 3663 νοήσωμεν.
3539 3591 3711 3646 Ὅταν

2125 3679 2184 3734 δὲ
2215 3679 2559 3753 λογιζώμεθα
2586 3682 2666 3736 ὅτι
2691 3681 2760 3735 τὰ
2791 3682 2865 3751 μὴ
2895 3680 3026 3736 ὅντα
3055 3681 3332 3753 παρῆλθεν
3356 3684 3435 3746 είς
3473 3683 3710 3751 γένεσιν,

2127 3773 2226 3842 τῆς
2269 3772 2580 3836 πολυειδοῦς
2617 3775 2675 3826 ὲν
2706 3775 2820 3836 τοῖς
2865 3767 2984 3826 οὖσι
3027 3772 3245 3842 φύσεως
3285 3772 3373 3827 διὰ
3403 3772 3550 3826 θείου
3581 3774 3710 3827 νεύ-

2132 3881 2300 3936 ματος
2352 3865 2710 3936 ούσιωθείσης
2734 3908 2748 3931 ,
2781 3865 2902 3918 τότε
2948 3864 3046 3935 τὴν
3083 3864 3468 3935 ἀκατάληπτον
3517 3864 3712 3933 σοφίαν

2126 3957 2218 4009 τὸν
2247 3955 2480 4028 Χριστὸν
2518 3957 2808 4010 πιστεύειν.
2834 3959 2900 4010 Ὃ
2929 3957 3038 4029 γάρ
3069 3975 3154 4020 τις
3178 3957 3512 4011 ἐπικαλεῖται
3541 3973 3714 4027 προσ·-

2129 4047 2442 4118 ευχόμενος,
2474 4048 2570 4101 καὶ
2600 4050 2736 4119 πρὸς
2761 4049 2790 4101 6
2823 4048 3009 4118 βλέπει
3037 4048 3116 4118 τῷ
3150 4048 3248 4118 τῆς
3284 4048 3462 4120 ψυχῆς
3507 4048 3711 4117 ὀφθαλ-

2131 4140 2238 4212 μῷ,
2275 4140 2432 4193 τοῦτο
2466 4141 2601 4212 πρὸς
2657 4141 2848 4195 ἑαυτὸν
2893 4141 2982 4195 διά
3024 4141 3124 4212 τῆς
3177 4141 3344 4211 εὐχῆς
3371 4141 3709 4194 Emetitur

2129 4234 2224 4286 καὶ
2247 4232 2388 4286 οὕτω
2417 4233 2641 4304 δυνάμει
2680 4251 2740 4286 τε
2777 4232 3128 4304 κραταιοῦται
3168 4233 3303 4304 πρὸς
3329 4231 3420 4285 τὸν
3457 4232 3565 4284 ἔσω
3612 4233 3710 4286 ἀν-

2131 4326 2376 4397 θρωπον,
2429 4325 2611 4390 καθώς
2670 4344 2831 4397 φησιν
2876 4327 2904 4378 6
2972 4325 3330 4388 Ἀπόστολος,
3361 4326 3390 4377 6
3424 4326 3558 4396 πρὸς
3609 4325 3712 4395 τὴν

2130 4417 2357 4487 δύναμιν
2387 4416 2597 4485 βλέπων
2629 4416 2897 4488 (Χριστὸς
2943 4416 3002 4469 δέ
3048 4417 3195 4468 ἐστιν
3232 4415 3264 4485 ἡ
3296 4413 3580 4484 δύναμις),
3617 4414 3710 4466 καὶ

2135 4507 2293 4574 σοφὸς
2349 4508 2582 4575 γίνεται,
2610 4505 2792 4568 καθὼς
2841 4508 2874 4576 ἡ
2906 4506 3180 4576 Παροιμία
3214 4505 3396 4574 φησὶν,
3419 4507 3447 4556 6
3491 4503 3587 4573 τὴν
3617 4519 3708 4554 σο-

457 4588 764 4656 respicicns
810 4590 984 4644 dicit:
1038 4591 1292 4646 Christus
1334 4567 1514 4649 autem
1559 4605 1643 4650 est
1685 4595 1782 4650 Dei
1825 4598 2021 4652 virtus.

2133 4598 2260 4667 φίαν
2309 4598 2753 4668 ἐπικαλούμενος,
2782 4599 2904 4666 ἥτις
2951 4596 3111 4650 πάλιν
3168 4599 3366 4651 νοεῖται
3415 4598 3444 4649 6
3483 4595 3706 4666 Κύριος,

453 4677 520 4732 Ει
551 4679 768 4748 sapiens
817 4679 901 4744 fit,
936 4689 995 4734 ut
1027 4682 1080 4735 in
1113 4680 1424 4739 Proverbiis
1456 4694 1640 4754 patet,
1677 4688 1770 4757 qui
1804 4689 2024 4756 sapien-

451 4773 584 4825 tiam
619 4774 867 4835 invocat,
903 4789 1026 4843 quaa
1058 4775 1284 4828 omnino
1320 4775 1582 4832 Dominus
1612 4793 1735 4833 esse
1771 4778 2028 4849 intelligi-

452 4871 544 4916 tnr
570 4863 612 4914 ".
647 4863 828 4929 Quare
861 4865 952 4918 ille
973 4905 988 4929 ,
1035 4867 1129 4935 qni
1160 4882 1357 4920 nomen
1388 4869 1551 4922 habet
1580 4885 1610 4922 a
1638 4869 1864 4924 Christo
1885 4909 1898 4934 ,
1933 4873 2026 4941 qui

451 4955 630 5007 virtus
677 4963 762 5008 est
792 4960 845 5008 et
875 4956 1169 5025 sapientia,
1196 4957 1371 5012 virtus
1398 4961 1560 5012 ctiam
1591 4975 1714 5014 cum
1745 4975 1810 5015 eo
1841 4964 2028 5030 appel-

452 5044 621 5108 latur,
652 5060 778 5098 cum
813 5046 1074 5101 adversus
1111 5056 1396 5116 peccatum
1439 5060 1662 5106 strenue
1704 5069 1766 5107 ac
1812 5053 2029 5109 fortiter

453 5146 657 5204 pugnat
693 5153 706 5190 :
740 5137 868 5190 dum
903 5153 1032 5192 vero
1063 5139 1115 5192 id
1161 5141 1308 5209 quod
1361 5143 1556 5198 melius
1602 5155 1687 5199 est
1737 5146 1920 5215 eligit,
1971 5148 2028 5202 in

454 5226 638 5294 seipso
675 5229 1003 5296 sapientiam
1041 5231 1305 5286 ostendit.
1343 5235 1460 5298 Qua
1493 5235 1712 5302 quidem
1745 5237 2029 5306 sapientiae

453 5315 788 5384 virtutisque
815 5320 1207 5388 conjunctione
1232 5323 1339 5376 vita
1365 5326 1604 5393 perfecta
1629 5329 2027 5398 constituitur;

455 5401 624 5491 altera
657 5409 836 5470 enim,
869 5426 990 5474 quae
1031 5420 1179 5466 recta
1224 5411 1564 5484 honestaque
1601 5426 1764 5480 sunt,
1814 5423 2025 5491 perspi-

455 5487 632 5543 cimus
659 5508 673 5542 :
705 5493 873 5548 altera
902 5537 916 5559 ,
949 5513 1068 5565 quze
1102 5510 1392 5570 perspecta
1437 5503 1701 5558 habemus
1724 5545 1737 5567 ,
1769 5487 2023 5578 essequio

459 5589 582 5628 mur
617 5586 670 5630 et
709 5583 1118 5643 centirmamus.
1145 5587 1264 5642 Jam
1299 5606 1429 5646 vero
1457 5592 1741 5652 Christum
1773 5611 1896 5654 esse
1929 5615 2024 5669 pa-

547 5747 612 5800 ‘l
649 5750 773 5804 Cor.
807 5767 844 5819 ι,
875 5753 966 5810 2-4.
1011 5759 1066 5841 ,⁷.
1095 5758 1258 5817 Prov.
1287 5778 1351 5834 ιι,
1381 5765 1417 5820 2
1444 5780 1566 5838 sqq.

2133 4689 2342 4744 Οὐκοῦν
2374 4690 2497 4760 ὁτῴ
2529 4689 2748 4760 Χριστῷ
2782 4689 3373 4759 συνονομαζόμενος,ὄς
3402 4691 3515 4741 ἐστι
3551 4687 3712 4740 δύνα-

2136 4781 2227 4851 μίς
2255 4799 2314 4834 τε
2357 4783 2452 4834 καὶ
2488 4781 2678 4850 σοφία,
2729 4780 2824 4834 καὶ
2865 4783 2930 4851 τῇ
2979 4780 3205 4850 δυνάμει
3255 4779 3708 4849 συνονομάζεται,

2131 4873 2463 4942 δυναμωθεὶς
2491 4873 2634 4927 κατὰ
2677 4873 2776 4942 τῆς
2806 4871 3097 4943 ἁμαρτίας,
3145 4873 3239 4926 κα)⁵
3283 4873 3382 4940 τὴν
3415 4873 3608 4940 σοφίαν
3651 4874 3710 4925 ἐν

2131 4963 2308 5034 ἑαυτῷ
2344 4961 2522 5027 δείξει,
2552 4968 2618 5035 τῇ
2649 4965 2844 5036 ἐκλογῇ
2865 4963 2956 5016 τοῦ
2989 4965 3273 5034 βελτίονος.
3307 4963 3504 5033 Σοφίας
3526 4964 3580 5016 δὲ
3616 4967 3713 5016 καὶ

2125 5051 2408 5122 δυνάμεως
2454 5053 2512 5106 ὲν
2541 5055 2671 5123 ἡμῖν
2721 5054 3106 5124 δεικνυμένων,
3139 5055 3236 5122 τῆς
3290 5053 3387 5123 μὲν
3432 5054 3493 5106 τὸ
3548 5052 3710 5104 καλὸν

2127 5144 2479 5214 αἱρουμένης,
2509 5146 2606 5215 τῆς
2636 5145 2691 5197 δὲ
2719 5145 3002 5215 δυνάμεως
3030 5145 3091 5197 τὸ
3137 5144 3325 5215 νοηθὲν
3369 5142 3708 5214 βεϐαιούσης,

2127 5234 2484 5304 κατορθοῦται
2513 5235 2606 5287 τοῦ
2635 5235 2750 5306 βίου
2781 5236 2840 5287 τὸ
2872 5235 3076 5286 τέλειον
3112 5235 3176 5287 δι’
3216 5236 3416 5304 ἀμφοῖν
3465 5235 3709 5303 συμπλε-

2127 5324 2372 5393 κόμενον.
2427 5325 2582 5379 Οὕτω
2616 5329 2708 5380 καὶ
2745 5328 2966 5396 εἰρήνην
2990 5326 3080 5377 τὸν
3105 5326 3347 5410 βρωτὸν
3394 5328 3706 5396 νοήσαντες,

2132 5415 2308 5486 ἁληθῆ
2339 5418 2430 5470 τοῦ
2462 5419 2698 5489 Χριστοῦ
2740 5420 2836 5486 τὴν
2867 5417 3058 5486 κλῆσιν
3095 5417 3176 5486 ἐφ’
3201 5415 3408 5469 ἑαυτῶν
3447 5417 3709 5479 ἐπιδείξο-

2137 5525 2256 5577 μεν,
2282 5509 2376 5562 ἐὰν
2413 5510 2496 5562 διὰ
2535 5512 2632 5580 τῆς
2668 5512 2725 5562 ὲν
2769 5512 2902 5580 ἡμῖν
2952 5512 3175 5582 είρήνης
3211 5510 3301 5562 τὸν
3350 5509 3582 5580 Χριστὸν
3633 5508 3710 5580 τῷ

2139 5602 2237 5673 βίῳ
2267 5603 2681 5674 ἐπιδειξώμεθα.
2727 5602 2964 5667 Ἐκεῖνος
3014 5601 3113 5674 τὴν
3161 5601 3359 5674 ἔχθραν
3389 5601 3710 5670 ἀπέκτεινε,
