2053 3213
220 226 313 259 καθώς
328 234 412 262 φησιν
426 226 441 253 ὁ
471 222 640 258 Ἄπόστόλος.
666 225 771 253 Οὐκοῦν
795 226 863 262 μηδὲ
878 227 960 262 ἡμεῖς
982 227 1012 254 ἐν

219 273 329 304 ἑαυτοῖς
343 272 448 307 ταύτην
459 271 758 307 ζωποιὴσωμεν,ἀλλά
772 271 872 306 νεκρὰν
882 272 967 308 αὐτὴν
981 272 1011 299 ἐν

218 318 260 354 τῷ
275 318 404 354 ἡμετέρῳ
427 319 559 354 δείξωμεν
582 317 642 354 βίῳ.
658 318 773 353 Μήποτε
788 318 838 354 τὴν
854 318 945 350 καλῶς
964 319 1011 345 ἐπὶ

220 365 345 401 σωτηρία
367 364 446 401 ἡμῶν
468 365 545 400 παρὰ
564 364 611 391 τοῦ
629 363 697 391 Θεοῦ
713 364 907 401 νεκρωθεῖσαν,
930 366 1011 401 ἡμεῖς

220 411 266 438 ἐπ’
279 410 383 446 ὀλέθρῳ
399 409 456 437 τῶν
476 409 571 445 ψυχῶν
591 409 681 445 ἡμῶν,
698 409 732 436 δι’
745 409 830 446 ὁρτῆς
848 411 896 437 καὶ
913 419 1012 446 μνησι-

219 455 321 488 κακίας
342 455 402 483 καθ’
416 455 521 482 ἑαυτῶν
536 455 744 491 ἀναστήσωμεν,
758 456 880 492 πονηρὰν
890 456 1010 484 ἀνάστα-

219 510 265 530 σιν
281 502 331 537 τῆς
349 501 439 534 καλῶς
461 501 650 537 ἀποθανούσης
666 503 914 538 κατεργασάμενοι.
939 503 1009 529 Ἀλλ’

219 549 247 576 ει
261 548 308 575 τδν
327 548 444 583 Χριστὸν
459 547 566 584 ἔχομεν,
583 548 612 580 ὃς
627 549 701 575 ἐστιν
716 549 733 583 ἡ
749 549 855 584 εἰρήνη,
872 549 917 575 καὶ
931 549 1011 584 ἡμεῖς

218 595 251 621 ἒν
265 594 373 625 ἑαυτοῖς
388 592 438 629 τὴν
456 593 556 629 ἔχθραν
581 594 830 630 νεκροποιήσωμεν,
847 594 880 620 i'v‘
895 595 962 630 ὅπερ
980 595 1010 621 ἐν

217 639 317 675 ἐκεινῳ
331 638 505 675 πιστεύομεν,
518 632 597 667 τοῦτο
618 641 665 667 καὶ
679 641 708 667 ἐν
718 640 757 676 τῷ
770 641 896 677 ἡμετέρῳ
912 650 1010 676 κατορ-

218 684 351 719 θώσωμεν
367 683 426 719 βίῳ.
454 684 499 716 Ὧς
521 685 575 720 γὰρ
599 685 701 716 ἐκεῖνος
726 684 756 711 τὸ
783 685 939 720 μεσότοιχον
962 685 1009 711 τοῦ

217 729 348 766 φραγμοῦ
366 729 465 762 λύσας,
482 730 546 761 τοὺς
567 730 614 757 δύο
630 730 736 756 ἔκτισεν
751 730 781 756 ὲ]
802 730 891 765 ἑαυτῷ
907 731 946 762 εἰς
962 731 1010 757 ἕνα

217 777 312 804 καινὸν
326 776 470 812 ἄνθρωπον
483 796 490 809 ,
508 777 594 804 ποιῶν
624 778 736 813 εἰρήνην
751 784 758 791 ‘
777 777 848 803 οὕτω
867 778 913 804 καὶ
928 778 1010 812 ἡμεῖς

217 824 259 856 εἰς
272 822 446 858 καταλλαγὰς
458 823 604 859 ἀγάγωμεν
614 824 644 850 οὐ
663 824 742 859 μόνον
758 824 821 855 τοὺς
833 822 932 855 ἔξωθεν
943 824 1009 858 ἡμῖν

217 870 473 907 προσμαχομένους,
488 870 557 897 ἀλλὰ
571 870 619 897 καὶ
633 871 695 902 τοὺς
711 871 739 898 ἐν
755 871 821 906 ἡμῖν
837 871 928 901 αὐτοῖς
945 878 1009 895 στα-

217 916 372 948 σιίζοντας,
397 916 440 943 ῖνα
458 916 555 951 μηκέτι
580 917 598 951 ἡ
627 915 695 952 σὰρξ
719 917 840 952 ἐπιθυμῇ
870 916 941 943 κατὰ
962 915 1009 942 τοῦ

216 962 383 998 πνεύματος,
401 962 431 989 τὸ
450 962 479 989 δὲ
506 962 614 998 πνεῦμα
640 963 710 989 κατὰ
732 963 782 997 τῆς
806 962 922 998 σαρκός’
952 962 1009 989 ἀλλ’

216 1007 400 1042 ὓωταγέντος
427 1007 474 1034 τοῦ
503 1007 659 1043 σαρκώδους
683 1009 857 1044 φρονήματος
882 1007 921 1043 τῷ
945 1008 1009 1044 θείῳ

212 1052 302 1089 νόμῳ,
319 1052 505 1089 είρηνεύωμεν
520 1053 549 1080 ἐν
561 1054 678 1086 ἑαυτοῖς,
695 1054 735 1085 εἰς
745 1054 792 1081 ἕνα
815 1055 861 1080 τὸν
875 1054 966 1081 καινόν
979 1063 1008 1081 τε

215 1099 265 1125 καὶ
287 1098 424 1136 εἰρηνικὸν
450 1098 594 1134 ἄνθρωπον
608 1099 888 1135 ἀναστοιχειωθέντες,
905 1100 952 1127 καὶ
969 1098 1009 1132 εἷς

215 1144 242 1171 oi
256 1144 304 1172 δύο
319 1145 470 1181 γενόμενοι.
487 1146 606 1181 Είρὴνης
620 1146 675 1182 γὰρ
686 1147 759 1182 ὅρος,
773 1147 790 1181 ἡ
804 1146 858 1172 τῶν
871 1146 1009 1181 διεστηκό-

214 1197 271 1216 των
287 1190 360 1217 ἐστὶν
374 1190 524 1225 ὀμοφωνία.
541 1191 622 1217 Ὅταν
639 1188 685 1217 οὖν
697 1190 820 1226 ἐξαιρεθῇ
836 1190 887 1226 τῆς
902 1191 1009 1226 φύσεως

214 1235 295 1271 ἡμῶν
306 1235 321 1262 ό
335 1234 467 1272 ἐμφύλιος
482 1236 609 1271 πόλεμος,
622 1236 682 1263 τότε
696 1237 742 1263 καὶ
754 1238 844 1272 ἡμεῖς,
861 1239 889 1264 ἐν
903 1238 1009 1269 ἑαυτοῖς

212 1280 433 1317 εὶρηνεῦσαντες,
451 1282 546 1317 είρήνη
566 1281 709 1317 γινόμεθα,
734 1282 822 1318 ἀληθῆ
842 1283 888 1309 καὶ
910 1283 1008 1318 κυρίαν

213 1325 345 1362 ἑφ¹ήμῶν
357 1325 404 1352 τοῦ
418 1325 534 1361 Χριστοῦ
549 1326 597 1360 τὴν
613 1327 770 1362 ἐπωνυμίαν
782 1327 1007 1359 ἐπιδεικνύοντες.

216 1368 276 1401 ,ὥς
287 1369 316 1396 δὲ
331 1370 457 1406 ἀληθινὸν
471 1370 518 1396 καὶ
535 1370 574 1406 τῷ
588 1371 681 1405 ψεύδει
703 1372 849 1407 ἀπρόσιτον
863 1373 1010 1407 νοήσαντες

215 1415 264 1442 τὸν
287 1415 422 1451 Χριστὸν,
439 1415 519 1443 τοῦτο
544 1417 733 1452 μανθάνομεν,
750 1418 791 1444 ὅτι
812 1417 865 1454 χρὴ
896 1418 943 1444 καὶ
963 1419 1009 1446 τὸν

215 1460 352 1496 ἡμέτερον
363 1460 419 1495 βίον
433 1462 494 1493 ταῖς
505 1461 551 1488 τοῦ
560 1461 687 1497 ἀληθινοῦ
701 1463 807 1499 Πατρός
820 1463 910 1490 ἀκτῖσι
926 1473 1010 1491 κατα-

212 1506 392 1542 τραηιζεσθαι.
406 1508 514 1544 ’Δρεταὶ
528 1508 556 1535 δέ
571 1509 640 1535 είσιν
655 1511 682 1535 al
695 1510 801 1542 ἀκτῖνες
813 1510 860 1537 τοῦ
873 1511 948 1545 ἡλίου
959 1511 1009 1546 τῆς

215 1552 397 1588 δικαιοσύνης,
412 1554 453 1586 είς
466 1554 605 1590 φωτισμὸν
624 1555 703 1590 ἡμῶν
722 1557 914 1592 ἀπορῤἐουσαι,
924 1557 956 1584 δι’
969 1554 1007 1584 ὧν

215 1597 321 1633 γίνεται
339 1598 370 1625 τὸ
388 1598 537 1626 ἀποθέσθαι
559 1599 593 1627 τὰ
622 1600 690 1636 ἔργα
707 1600 753 1627 τοῦ
771 1602 891 1633 σκότους,
903 1602 950 1628 καὶ
971 1603 1008 1635 ὡς

215 1643 247 1670 ἐν
262 1643 356 1679 ἡμέρᾳ
371 1645 532 1679 περιπατεῖν
552 1644 739 1680 εὐσχημόνως,
754 1646 800 1672 καὶ
821 1646 1008 1682 ἀπειπάμενον

215 1687 252 1715 τὰ
268 1688 377 1724 κρυπτὰ
392 1689 442 1724 τῆς
455 1689 595 1725 αἰσχύνης,
612 1689 659 1716 καὶ
675 1689 764 1716 πάντα
778 1690 807 1716 ὲν
821 1691 890 1724 φωτὶ
903 1691 1009 1717 ποιοῦν-

214 1742 260 1767 τα,
277 1735 324 1762 καὶ
348 1735 431 1762 αὐτὸν
453 1735 510 1769 φῶς
524 1735 661 1769 γενέσθαι,
674 1735 743 1762 ὥστε
771 1736 818 1762 καὶ
836 1736 926 1768 ἄλλοις
940 1737 1009 1772 λάμ-

215 1788 279 1807 πειν
300 1780 345 1808 διὰ
366 1780 421 1807 τῶν
444 1780 543 1816 ἔργων,
562 1781 631 1816 ὅπερ
652 1781 740 1815 φωτός
766 1782 839 1808 ἐστιν
859 1782 933 1809 [διον.
949 1783 1008 1810 Κᾶν

215 1825 352 1862 ἀγιασμδν
366 1825 413 1853 τὸν
426 1826 544 1862 Χριιιτδν
555 1825 625 1854 εἶναι
637 1828 787 1863 νοήσωμεν,
803 1829 842 1864 τῷ
861 1829 951 1864 πάσης
966 1828 1010 1863 βε-

215 1872 301 1908 εὴλου
320 1872 368 1899 καὶ
379 1871 535 1908 ἀκαθάρτου
548 1872 674 1908 πράξεως
698 1875 745 1901 καὶ
761 1874 874 1908 ἐννοίας,
887 1874 947 1909 οὐχὶ
959 1875 1008 1910 ρή-

218 1926 284 1954 ματι
301 1917 348 1945 τοῦ
369 1918 506 1961 ἁγιασμοῦ
520 1917 570 1954 τὴν
585 1918 700 1955 δύναμιν
724 1920 927 1955 ὁμολογοῦντες,
940 1921 1009 1947 ἀλλά

217 1963 257 2000 τῷ
273 1963 333 1999 βίῳ·
427 1969 485 1989 ν·

216 2009 338 2038 nominis
359 2017 424 2038 vere
446 2011 593 2047 participes
615 2012 814 2046 ostendemus,
835 2015 937 2051 quippe
959 2016 1007 2051 qui

217 2054 303 2084 tionis
317 2055 447 2083 virtutem
463 2063 520 2092 prae
534 2057 616 2085 nobis
634 2057 765 2086 feramus.

427 1981 474 1989 ν
485 1976 488 1980 ”

258 2100 457 2137 ’Δπολύτρωσιν
472 2101 501 2129 δὲ
516 2101 586 2129 εἶναι
601 2103 648 2129 τὸν
671 2104 788 2139 Χριστὸν
805 2105 947 2140 μαθόντες,
961 2107 1007 2134 τδν

216 2147 313 2176 ἑαυτὸν
325 2148 404 2176 δόντα
416 2148 515 2185 λύτρον
537 2149 608 2185 ὑπὲρ
627 2150 716 2185 ἡμῶν,
736 2150 815 2177 τοῦτο
831 2152 875 2178 διὰ
889 2153 938 2187 τῆς
952 2162 1007 2179 τοι-

217 2194 302 2230 αᾶτης
321 2195 414 2230 φωνῆς
433 2196 628 2231 παιδευόμεθα.
641 2196 671 2223 τὺ
697 2197 791 2231 μαθεῖν
818 2198 859 2224 ὃτι
886 2198 1011 2234 καθάπερ

217 2239 300 2274 τιμήν
318 2247 379 2266 τινα
397 2239 447 2275 τῆς
471 2239 586 2266 ἑκάστου
602 2240 691 2275 ψυχῆς
715 2241 921 2276 παρασχόμενος
945 2243 1010 2277 ἡμῖν

218 2283 267 2319 τὴν
277 2282 437 2316 ἀθανασίαν,
450 2284 543 2320 κτῆμα
555 2285 620 2312 ἴδιον
634 2286 697 2318 τοὺς
710 2287 741 2312 ἐκ
754 2287 801 2313 τοῦ
817 2287 932 2313 θανάτου
944 2288 1009 2323 παρ’

218 2328 302 2355 αὑτοῦ
315 2328 358 2355 διὰ
373 2329 423 2363 τῆς
435 2328 509 2364 ζωῆς
520 2329 755 2366 ἐξαγορασοέντας
764 2332 900 2367 ἐποίησεν.
911 2332 943 2359 Εἰ
953 2333 1009 2359 τοί-

218 2382 266 2401 νυν
284 2374 371 2401 δοῦλοι
392 2375 440 2401 τοῦ
456 2375 666 2410 λυτρωσαμὲνου
688 2377 840 2412 γεγόναμεν
852 2397 859 2409 ,
875 2378 942 2413 πρὸς
964 2378 1009 2405 τὸν

218 2420 379 2456 κυριεύοντα
407 2421 514 2453 πάντως
536 2421 675 2457 ἁψώμεθα,
687 2423 726 2454 ὡς
744 2424 841 2458 μηκέτι
858 2425 932 2459 ἡμᾶς
944 2425 1008 2451 ἐαυ-

199 2466 275 2513 )τοῖς
286 2464 430 2513 Eii-manli.
445 2465 486 2513 τῷ
495 2465 659 2513 κτησαμένῳ
672 2467 745 2501 ἡμᾶς
757 2467 800 2494 διὰ
812 2468 858 2494 τοῦ
872 2469 922 2504 τῆς
936 2469 1009 2504 ζωῆς

218 2510 451 2546 ὰνταλλάγματος.
472 2512 570 2538 Οὐκέτι
593 2511 648 2547 γὰρ
673 2512 778 2539 ἑαυτῶν
803 2514 887 2549 ἐσμεν
909 2514 1009 2550 κύριοι,

216 2555 278 2585 ἀλλ’
292 2556 307 2582 6
330 2556 506 2591 ὠνησάμενός
525 2558 584 2583 ἐστι
604 2557 715 2593 Κύριος,
737 2560 820 2594 ἡμεῖς
836 2560 865 2586 δὲ
880 2561 962 2587 αὑτοῦ
977 2562 1011 2588 τὰ

218 2601 358 2636 κτήματα.
382 2601 488 2629 Οὐκοόν
510 2603 590 2637 νόμος
605 2603 681 2629 ἔσται
703 2604 752 2639 τῆς
765 2606 903 2641 ἡμετέρας
926 2607 1008 2642 ζωῆς,

218 2646 252 2675 τδ
266 2646 313 2673 τοῦ
329 2648 635 2684 κυριεύοντοςοέλημα.
653 2650 759 2686 Ὥσπερ
778 2651 832 2686 γὰρ
858 2652 905 2678 τοῦ
926 2652 1010 2679 θανά-

218 2700 267 2719 του
283 2692 446 2728 κρατοῦντος
460 2693 548 2728 ἡμῶν,
564 2695 579 2720 ὁ
591 2694 640 2728 τῆς
654 2694 789 2729 ἁμαρτίας
806 2696 836 2721 ἐν
853 2697 919 2730 ἡμῖν
930 2698 1010 2732 νόμος

217 2736 408 2772 dimittatis-tr
424 2737 510 2769 οὕτως
527 2738 620 2774 ἐπειδὴ
642 2740 693 2774 τῆς
717 2740 790 2775 ζωῆς
815 2741 909 2776 κτῆμα
930 2743 1011 2777 γεγό-

256 2837 382 2877 ξξρὶιθε.
397 2838 490 2877 HL“.
534 2839 621 2868 'ibid.
667 2842 688 2858 ‘°
702 2840 780 2869 Jnau.
799 2849 818 2877 I,
839 2845 866 2873 9.

222 2873 246 2890 ¹⁵
260 2871 270 2900 Ι
284 2871 349 2902 Chr.
363 2881 401 2906 vr,
415 2873 460 2901 20.

714 162 763 194 ἮΕ
779 162 963 195 PERFECTA
976 162 1176 195 CHRISTIANI
1207 162 1338 194 FORMA~.

919 2844 939 2860 ”
958 2844 1038 2873 Rom.

1802 166 1859 197 εδει

1025 231 1049 260 Α
1063 233 1122 255 cem
1148 226 1322 262 cogitantes,
1348 232 1439 253 veram
1460 223 1615 255 Christiani
1639 226 1854 263 appeliationem

1061 271 1240 300 ostendemus
1249 291 1257 305 ,
1271 271 1294 299 si
1309 278 1359 306 per
1368 278 1431 299 eam
1447 278 1543 307 pacem
1555 291 1563 305 ,
1580 279 1642 308 quae
1657 273 1686 300 in
1699 272 1781 301 nobis
1795 276 1852 306 est,

1062 317 1206 346 Christum
1220 318 1278 346 vita
1292 313 1388 345 nostra
1406 318 1637 353 expresserimus.
1651 319 1699 346 Ille
1715 319 1855 346 interfecit

1060 364 1236 392 inimicitiam
1246 384 1253 397 ,
1271 367 1303 391 ut
1317 363 1410 400 inquit
1426 364 1576 399 Apostolus
1590 364 1612 392 ⁸.
1634 364 1675 393 Ne
1690 364 1776 400 igitur
1791 372 1853 392 eam

1061 409 1091 438 in
1103 409 1184 438 nobis
1198 409 1255 437 ullo
1268 409 1351 437 modo
1365 409 1532 438 reviviscere
1545 409 1694 446 patiamur,
1710 410 1757 438 sed
1772 410 1855 445 plane

1061 458 1201 482 mortuam
1217 461 1279 483 esse
1291 454 1474 482 declaremus.
1492 453 1532 483 Ne
1551 455 1684 490 praeclare
1699 462 1750 490 pro
1765 455 1855 482 salute

1061 503 1160 526 nostra
1176 497 1349 526 intcrl‘ectam
1368 505 1383 524 a
1399 497 1473 532 Deo,
1495 506 1547 526 nos
1568 499 1596 526 in
1616 504 1775 526 nostrorum
1790 507 1854 534 per—

1061 546 1161 573 niciem
1178 545 1334 572 animorum
1351 545 1520 577 irascentes,
1539 549 1567 573 et
1589 545 1755 580 iniuriarum
1772 544 1855 572 remi-

1061 592 1200 619 niscentes
1213 591 1376 623 excitemus,
1389 598 1449 618 eam
1460 611 1468 623 ,
1483 598 1546 626 qua:
1560 591 1630 624 bene
1644 595 1751 618 mortua
1762 590 1852 625 jacet,

1060 637 1186 672 improbe
1199 637 1227 664 in
1242 638 1323 664 vitam
1345 641 1517 664 revocantes.
1537 636 1591 663 Sed
1612 643 1676 664 cum
1699 636 1853 663 habeamus

1059 683 1217 716 Christum,
1234 683 1282 718 qui
1298 686 1340 710 est
1355 690 1424 718 pax,
1442 691 1493 711 nos
1509 683 1574 710 item
1592 682 1764 710 inimicitiam
1778 682 1854 709 Occi-

1060 729 1173 761 damus,
1193 732 1241 762 ut,
1257 728 1331 763 quod
1348 729 1376 754 in
1398 729 1458 763 ipso
1479 729 1635 760 credimus,
1661 728 1688 755 id
1709 728 1737 755 in
1757 731 1853 755 nostra

1062 775 1115 802 vita
1131 782 1342 810 prosequamur.
1358 773 1394 801 Ut
1408 774 1454 801 ille
1475 775 1547 801 enim
1576 774 1697 800 medium
1718 773 1853 808 parietem

1060 820 1187 847 maceriae
1202 819 1310 847 solvens
1326 819 1396 846 duos
1410 819 1537 847 condidit
1557 820 1584 846 in
1598 820 1746 853 semetipso
1759 820 1785 846 in
1798 826 1853 847 uno

1060 864 1171 891 homine
1190 864 1295 892 faciens
1320 871 1416 898 pacem
1432 864 1454 896 °,
1472 864 1512 892 sic
1528 867 1555 891 et
1571 871 1623 891 nos
1639 864 1852 891 reconcilicmus

1060 919 1116 938 non
1135 919 1183 939 eos
1203 915 1310 938 tantum
1336 910 1383 945 qui
1406 918 1457 938 nos
1477 911 1653 938 extrinsecus
1676 914 1852 945 oppugnant,

1061 958 1110 985 sed
1129 958 1191 986 illos
1207 958 1289 984 etiam
1307 957 1353 992 qui
1368 957 1396 984 in
1412 958 1493 984 nobis
1518 957 1587 992 ipsis
1608 956 1759 985 seditiones
1775 965 1854 985 com—

1060 1006 1190 1034 movent,
1208 1007 1237 1030 ut
1260 1010 1294 1029 ne
1317 1003 1496 1038 concupiscat
1512 1003 1630 1037 amplius
1646 997 1853 1037 adversusspi-

1059 1050 1144 1076 ritum
1159 1057 1235 1079 caro.
1249 1053 1277 1076 et
1293 1049 1408 1083 spiritus
1424 1049 1556 1076 adversus
1569 1056 1681 1075 carnem
1695 1057 1703 1082 ;
1720 1048 1769 1076 sed
1785 1055 1852 1083 pru-

1060 1095 1152 1123 dentia
1166 1096 1258 1123 carnis
1271 1096 1323 1130 legi
1336 1095 1435 1122 divina:
1449 1095 1590 1129 subjecta,
1606 1094 1634 1122 in
1649 1102 1735 1121 unum
1751 1101 1852 1121 nOvum

1059 1145 1087 1169 ct
1108 1141 1252 1176 paciﬁcum
1277 1141 1416 1168 hominem
1438 1140 1616 1171 rcaadiiicati,
1639 1145 1666 1167 et
1687 1148 1719 1166 ex
1743 1139 1852 1167 duobus

1059 1194 1132 1214 unus
1146 1186 1237 1214 ell'ecti
1255 1186 1282 1213 in
1299 1186 1379 1213 nobis
1394 1185 1462 1220 ipsis
1483 1193 1578 1220 pacem
1601 1186 1763 1212 habeamus.
1789 1184 1853 1211 Haec

1058 1235 1132 1262 enim
1147 1238 1188 1260 est
1205 1232 1279 1267 pacis
1293 1232 1417 1259 deﬁnitio
1427 1252 1434 1265 ,
1451 1235 1481 1258 ut
1495 1230 1688 1258 dissidentium
1703 1230 1853 1257 concordia

1059 1287 1121 1307 esse
1134 1279 1252 1306 dicatur.
1277 1278 1461 1311 Quamobrem
1473 1297 1481 1310 ,
1496 1276 1609 1312 quando
1631 1280 1736 1303 naturae
1751 1281 1853 1303 nostra:

1061 1325 1164 1353 bellum
1182 1325 1346 1352 intestinum
1364 1324 1502 1351 sublatum
1526 1328 1585 1355 est,
1605 1323 1633 1350 in
1658 1322 1738 1349 nobis
1755 1328 1852 1356 pacem

1060 1370 1201 1401 colentes,
1220 1376 1273 1404 pax
1289 1368 1434 1401 ellicimur,
1448 1371 1477 1395 et
1497 1375 1590 1394 veram
1613 1374 1646 1394 ac
1664 1368 1804 1401 propriam
1823 1366 1851 1394 in

1060 1416 1142 1443 nobis
1163 1416 1234 1442 hanc
1249 1414 1351 1442 Christi
1376 1415 1589 1450 appellationem
1614 1414 1799 1441 declaramus.
1817 1414 1853 1439 Αι

1059 1461 1199 1488 Christum
1216 1467 1276 1487 esse
1292 1459 1381 1486 lucem
1401 1467 1494 1486 veram
1512 1459 1544 1491 ‘°,
1558 1462 1585 1486 et
1608 1466 1623 1485 a
1644 1458 1789 1486 mendacio
1809 1465 1853 1485 re-

1060 1506 1244 1534 motissimam
1258 1505 1479 1536 considerantes,
1497 1505 1631 1532 discimus
1646 1504 1728 1531 vitam
1744 1511 1853 1538 quoque

1060 1557 1184 1580 nostram
1201 1559 1272 1580 verae
1287 1552 1357 1579 lucis
1373 1551 1457 1578 radiis
1473 1551 1606 1578 illustrari
1622 1554 1760 1585 oportere.
1779 1550 1853 1577 Solis

1064 1603 1155 1626 autem
1167 1598 1283 1633 justitia:
1295 1597 1366 1624 radii
1381 1602 1446 1624 sunt
1459 1596 1525 1631 ipsa
1538 1597 1664 1628 virtutes,
1679 1604 1739 1631 quae
1753 1596 1785 1622 ad
1803 1603 1853 1623 nos

1060 1645 1258 1675 illuminandos
1274 1647 1423 1675 emanant,
1442 1648 1472 1670 ut
1493 1643 1657 1678 abjiciamus
1675 1650 1759 1677 opera
1776 1646 1853 1669 tene-

1059 1691 1170 1718 brarum
1183 1710 1190 1722 ,
1206 1694 1233 1718 et
1249 1694 1380 1724 tanquam
1397 1690 1425 1716 in
1442 1689 1485 1717 die
1501 1690 1616 1717 honeste
1631 1688 1804 1716 ambulemus
1819 1687 1853 1721 ”,

1059 1741 1087 1764 et
1104 1736 1282 1772 repudiantes
1296 1736 1461 1763 abscondita
1478 1735 1677 1770 turpitudinis,
1692 1738 1776 1769 atque
1793 1741 1854 1761 om-

1060 1784 1106 1810 nia
1123 1784 1151 1810 in
1172 1783 1232 1810 luce
1249 1781 1398 1815 facientes,
1418 1781 1469 1816 ipsi
1492 1788 1603 1816 quoque
1624 1782 1672 1808 lux
1686 1780 1852 1812 evadamus.

1058 1834 1086 1857 et
1102 1829 1175 1864 quod
1192 1829 1334 1863 proprium
1348 1833 1389 1855 est
1407 1827 1477 1855 lucis
1488 1846 1495 1860 ,
1520 1827 1582 1855 aliis
1599 1835 1646 1862 per
1661 1833 1744 1861 opera
1760 1826 1854 1861 splen-

1058 1877 1181 1903 deamus.
1197 1874 1302 1907 Quodsi
1316 1874 1458 1901 Christum
1471 1878 1501 1901 ut
1516 1873 1764 1901 sanctiﬁcationem
1787 1879 1850 1899 con-

1058 1921 1244 1949 siderabimus
1261 1919 1294 1952 “,
1310 1919 1346 1946 ab
1371 1919 1507 1954 improbis
1531 1923 1558 1945 et
1585 1918 1702 1953 impuris
1726 1917 1854 1945 omnibus

1058 1973 1116 1996 tum
1132 1967 1213 1994 factis
1226 1970 1283 1993 tum
1297 1965 1514 2000 cogitationibus
1530 1965 1714 1996 abstinentes,
1729 1971 1780 1991 nos
1794 1962 1854 1997 ejus

1026 2023 1081 2044 non
1097 2014 1208 2047 verbis,
1227 2013 1275 2040 sed
1289 2012 1352 2039 vita:
1367 2015 1470 2040 nostrae
1504 2012 1664 2039 actionibus
1697 2009 1855 2039 sanctiﬁca-

1095 2103 1182 2130 Porro
1196 2109 1260 2129 cum
1276 2101 1493 2136 redemptionem
1516 2108 1578 2128 esse
1608 2100 1748 2128 Christum
1768 2101 1854 2130 disci-

1061 2155 1134 2181 mus,
1151 2148 1199 2182 qui
1213 2147 1333 2182 seipsum
1354 2151 1385 2173 ut
1403 2154 1453 2173 nos
1471 2146 1629 2178 redimeret,
1659 2147 1778 2181 pretium
1805 2148 1854 2176 de-

1027 2187 1048 2214 Ῐ)
1062 2193 1112 2224 dit.
1128 2201 1159 2220 ea
1177 2200 1244 2219 voce
1262 2191 1453 2227 intelligimus.
1468 2199 1530 2218 eum
1547 2195 1678 2226 tanquam
1699 2193 1853 2220 mercedem

1060 2239 1195 2273 cujusque
1213 2237 1308 2269 animi,
1337 2237 1483 2271 praebendo
1511 2237 1592 2263 nobis
1606 2238 1854 2271 immortalitatem,

1059 2292 1111 2312 nos
1122 2294 1137 2312 e
1152 2288 1240 2310 morte
1255 2291 1269 2309 a
1283 2290 1313 2310 se
1328 2290 1375 2318 per
1390 2284 1473 2309 vitam
1491 2287 1632 2318 coemptos
1644 2285 1783 2319 propriam
1800 2285 1854 2311 sibi

1059 2330 1261 2365 possessionem
1275 2329 1399 2357 eﬂecisse
1410 2329 1440 2355 ¹³.
1454 2329 1557 2362 Quodsi
1570 2330 1630 2364 ejus
1646 2331 1693 2365 qui
1709 2338 1760 2358 nos
1777 2331 1856 2358 rede-

1059 2378 1108 2404 mit
1126 2376 1215 2405 ell‘ecti
1230 2384 1337 2409 sumus,
1353 2375 1499 2402 Dominum
1515 2376 1551 2403 ita
1564 2384 1724 2411 sequamur,
1741 2377 1856 2411 omnino

1060 2428 1089 2450 ut
1101 2431 1154 2450 non
1171 2423 1290 2457 amplius
1302 2422 1384 2449 nobis
1395 2423 1531 2454 vivamus,
1545 2422 1591 2449 sed
1605 2422 1654 2453 illi,
1668 2423 1714 2456 qui
1727 2429 1778 2449 nos
1793 2422 1856 2449 vita:

1062 2477 1117 2496 suae
1133 2469 1222 2503 pretio
1241 2468 1461 2503 comparatit”:
1480 2475 1534 2495 non
1547 2468 1619 2495 enim
1637 2467 1754 2502 amplius
1766 2468 1856 2495 nostri

1061 2515 1183 2550 ipsorum
1199 2514 1303 2542 domini
1333 2522 1440 2546 sumus,
1463 2515 1510 2541 sed
1533 2514 1580 2541 ille
1605 2514 1651 2547 qui
1674 2521 1725 2541 nos
1756 2515 1857 2541 coemit

1061 2561 1193 2589 Dominus
1206 2565 1259 2594 est,
1278 2568 1330 2588 nos
1356 2565 1448 2588 autem
1471 2561 1532 2595 ejus
1549 2560 1672 2587 dominio
1694 2561 1856 2595 mancipati.

1063 2606 1140 2634 Illius
1155 2614 1219 2641 ergo
1233 2607 1363 2634 voluntas
1386 2606 1465 2633 nobis
1485 2614 1535 2640 pro
1547 2606 1605 2641 lege
1617 2606 1725 2633 vivendi
1756 2614 1857 2642 propo-

1064 2652 1116 2679 sita
1134 2652 1178 2679 sit.
1192 2651 1227 2678 Ut
1241 2652 1313 2679 enim
1327 2660 1389 2679 cum
1405 2660 1478 2678 mors
1490 2652 1633 2687 impotenti
1647 2652 1791 2679 dominatu
1803 2660 1856 2681 nos

1065 2703 1213 2733 premeret,
1231 2699 1335 2732 peccati
1353 2698 1394 2725 lex
1411 2698 1438 2724 in
1454 2698 1533 2724 nobis
1560 2698 1652 2725 omnia
1675 2698 1856 2726 administra-

1065 2744 1122 2777 bat,
1144 2743 1195 2777 sic,
1214 2744 1325 2779 quando
1341 2744 1470 2779 vitzejam
1491 2743 1594 2771 addicti
1613 2752 1720 2778 sumus,
1733 2753 1783 2780 par
1800 2746 1856 2774 uti«

1057 2854 1119 2880 xnt,
1133 2846 1176 2879 12,
1198 2846 1238 2873 l3.
1284 2847 1305 2862 ¹⁶
1322 2847 1332 2873 Ι
1350 2847 1413 2875 Cor.
1435 2855 1453 2879 l,
1472 2848 1516 2877 30.
1572 2851 1594 2867 ¹³
1614 2850 1757 2879 l'i‘imoth.
1777 2856 1807 2883 ll,
1825 2848 1853 2877 6.
