4106 6438
390 317 500 374 265

1637 309 1696 364 s.
1736 302 2064 363 cnnconn
2098 268 2406 359 NYssrzm'

3539 291 3647 357 (261.

394 398 501 502 que
532 431 624 495 sit,
649 437 710 487 ut
735 430 910 502 ipsius
947 446 1130 487 rerum
1162 431 1423 502 potientis
1451 427 1678 484 arbitrio
1697 428 1962 498 guberne-

2076 441 2254 493 φαμεν,
2283 423 2580 491 ἀναγκαῖον
2611 420 2677 474 ἂν
2707 420 2816 491 εἴη,
2852 421 2987 492 πρὸς
3016 420 3117 492 τὴν
3169 417 3477 493 κρατοῦσαν
3518 420 3650 491 μεθο

393 539 540 586 muc,
567 538 636 578 ne
667 525 886 593 quando
914 539 946 577 a
981 523 1107 578 vita:
1134 523 1413 578 voluntate
1448 535 1540 590 per
1570 526 1851 589 peccatum
1879 531 1963 570 re-

395 613 677 676 cedentes,
702 627 898 668 rursus
930 612 997 666 ad
1044 611 1353 681 improbum
1401 610 1592 665 mortis
1637 609 1692 660 in
1751 606 1964 659 animos

394 711 618 759 nostros
676 703 1020 758 dominatum
1085 705 1230 757 ultro
1273 702 1612 758 delabamur.
1672 699 1768 753 Illa
1837 710 1965 750 vero

391 795 652 865 cogitatio
706 811 807 850 nos
841 796 1104 865 astringet
1137 794 1363 848 Domino
1391 793 1455 855 ¹⁵,
1491 794 1535 846 si
1571 804 1694 844 eum
1726 804 1756 842 a
1794 787 1965 841 Paulo

393 895 508 942 tum
532 887 745 943 Pascha
777 890 844 953 “,
896 896 1011 942 tum
1068 887 1407 944 sacerdotem
1464 885 1794 954 appellatum
1841 896 1965 937 esse

393 979 806 1035 audiverimus:
845 996 943 1050 pro
976 980 1135 1034 nobis
1165 980 1310 1033 enim
1348 992 1477 1031 vere
1529 975 1739 1030 Pascha
1770 975 1966 1028 immo-

393 1071 540 1124 latus
588 1078 672 1126 est
701 1070 978 1132 Christus.
1007 1069 1272 1126 sacerdos
1297 1077 1478 1124 autem
1511 1067 1842 1122 sacriﬁcium
1873 1067 1966 1121 ob-

393 1161 523 1213 tulit
548 1159 659 1214 Deo
703 1160 842 1215 idem
901 1161 1018 1230 ipse
1051 1159 1328 1216 Christus.
1370 1179 1388 1211 ‹
1424 1157 1676 1228 Seipsum
1730 1157 1900 1219 enim,
1941 1175 1960 1208 ι

395 1252 599 1321 inquit,
663 1272 682 1304 ι
718 1252 943 1306 tradidit
987 1251 1322 1306 oblationem
1358 1260 1412 1306 et
1445 1250 1680 1304 hostiam
1717 1263 1820 1319 pro
1868 1263 1968 1303 uo-

395 1345 480 1400 bis
507 1346 570 1398 ".
607 1363 626 1395 ι
691 1345 824 1410 Quae
879 1346 1099 1414 quidem
1136 1340 1664 1401 nobis'documento
1697 1350 1848 1409 sunt,
1908 1351 1968 1396 ut

393 1436 489 1507 qui
516 1436 798 1491 Christum
827 1434 937 1490 Deo
966 1452 1026 1491 se
1063 1435 1396 1490 oblationem
1426 1444 1480 1490 et
1506 1435 1738 1488 hostiam
1786 1432 1970 1488 dedis-

395 1543 476 1594 se,
498 1537 554 1583 et
589 1528 794 1582 factum
829 1543 952 1582 esse
983 1527 1190 1584 Pascha
1223 1526 1390 1593 videt,
1435 1527 1550 1596 ipse
1579 1540 1798 1596 quoque
1841 1539 1970 1578 cor-

395 1634 499 1687 pus
531 1633 691 1674 suum
727 1617 836 1673 Deo
867 1619 1102 1672 hostiam
1157 1617 1452 1682 viventem,
1506 1627 1776 1680 sanctam,
1832 1616 1970 1671 bene

395 1709 703 1780 placentem
767 1711 1045 1776 exhibeat,
1112 1709 1440 1764 rationabile
1505 1708 1828 1777 obsequium
1888 1706 1968 1761 fa-

395 1809 521 1857 ctus
557 1802 635 1856 ul:
668 1801 1010 1858 sacriﬁcandi
1040 1808 1222 1855 autem
1259 1798 1455 1854 modus
1487 1808 1592 1863 est,
1633 1811 1690 1855 ut
1720 1815 1786 1853 ne
1832 1814 1970 1853 cou-

395 1892 665 1948 formetur
696 1893 826 1947 huic
857 1894 1082 1956 saeculo,
1112 1893 1206 1947 sed
1236 1890 1664 1946 transformetur
1698 1892 1752 1944 in
1811 1905 1972 1945 reno-

393 1965 668 2037 vationem
703 1983 907 2037 mentis
927 1997 1062 2047 suae,
1090 1989 1151 2036 ut
1203 1981 1396 2050 probet
1445 1996 1566 2050 quae
1597 1981 1670 2036 sit
1718 1981 1972 2036 voluntas

396 2071 489 2124 Dei
533 2072 698 2134 bona,
750 2079 805 2127 et
867 2072 1251 2142 beneplaeens,
1307 2079 1363 2127 et
1402 2072 1643 2142 perfecta
1672 2073 1736 2127 ".
1783 2071 1974 2142 Neque

392 2164 538 2217 enim
576 2163 631 2217 in
661 2179 849 2229 carne,
878 2164 1019 2218 bona
1053 2163 1145 2219 Dei
1211 2164 1470 2219 voluntas
1498 2163 1716 2219 ostendi
1771 2171 1969 2233 potest,

394 2255 501 2310 nisi
531 2272 595 2309 ex
628 2257 854 2325 Spiritus
882 2256 1000 2326 lege
1035 2255 1348 2310 sacriﬁcata
1372 2257 1482 2312 sit:
1529 2256 1970 2326 quandoquidem

397 2346 688 2415 prudentia
718 2347 902 2402 carnis
935 2346 1160 2400 inimica
1189 2355 1274 2402 est
1299 2345 1430 2410 Deo,
1461 2357 1516 2404 et
1543 2348 1647 2417 legi
1715 2347 1810 2403 Dei
1861 2362 1972 2402 non

394 2444 481 2493 est
510 2437 759 2506 subjecta
783 2439 851 2490 ⁸⁸.
890 2437 1186 2504 Quocirca,
1219 2439 1324 2494 nisi
1355 2441 1511 2510 prius
1551 2454 1684 2493 caro
1744 2437 1974 2492 mortiﬁ-

395 2530 538 2584 catis
566 2529 848 2591 membris,
883 2544 1004 2599 quae
1053 2539 1184 2585 sunt
1214 2546 1378 2600 super
1420 2539 1622 2586 terram
1647 2534 1716 2596 “,
1771 2532 1972 2601 quibus

396 2619 756 2689 obsequimur
785 2622 1074 2690 appetitui,
1112 2639 1208 2693 per
1234 2624 1469 2680 hostiam
1501 2624 1770 2679 viventem
1799 2624 1974 2680 sacri-

400 2709 613 2776 ﬁcetur,
657 2710 1022 2781 beneplacens
1051 2723 1105 2767 et
1131 2713 1373 2784 perfecta
1422 2713 1515 2769 Dei
1546 2715 1800 2770 voluntas
1847 2715 1971 2772 sine

398 2802 788 2872 impedimento
823 2819 931 2858 non
966 2814 1146 2874 potest
1169 2806 1224 2860 in
1254 2807 1365 2861 vita
1400 2805 1738 2861 credentium
1785 2806 1974 2862 obser-

396 2893 536 2948 vari.
573 2890 666 2947 Sic
695 2893 862 2948 etiam
893 2893 1022 2948 dum
1059 2893 1318 2953 Christus
1359 2898 1415 2952 in
1452 2898 1679 2968 pr0prio
1702 2898 1974 2968 sanguine

398 2985 714 3056 propitiatio
746 2986 1153 3053 consideratur,
1182 2989 1500 3052 edocemur,
1555 2999 1614 3044 ut
1665 3006 1770 3045 nos
1835 2990 1969 3045 item

397 3076 561 3131 nobis
587 3077 722 3146 ipsis
754 3078 1070 3146 propitiatio
1117 3081 1311 3148 simus,
1351 3088 1406 3135 et
1460 3081 1705 3136 membra
1739 3083 1973 3137 mortili-
1999 3108 2048 3174 ε

399 3180 588 3226 cantes
618 3170 832 3224 animos
847 3169 1140 3226 reddamus
1160 3171 1520 3226 immortales.
1543 3172 1772 3238 Quando
1788 3181 1971 3228 autem

399 3263 588 3332 gloriae
625 3262 884 3332 splendor
909 3270 964 3317 et
994 3262 1165 3333 ﬁgura
1195 3262 1519 3318 substantiae
1542 3264 1797 3320 Christus
1839 3264 1977 3320 dici-

401 3361 491 3406 tur
521 3353 588 3416 ",
649 3352 734 3407 his
800 3353 985 3408 verbis
1050 3352 1388 3407 adorandam
1451 3354 1571 3424 ejus
1635 3355 1973 3425 maiestatem

401 3453 584 3498 mente
647 3445 1012 3514 concipimus.
1075 3442 1282 3499 Paulus
1319 3445 1466 3499 enim
1526 3445 1713 3500 divino
1765 3445 1975 3518 Spiritu

400 3533 640 3594 afﬂatus.
683 3545 740 3590 et
797 3550 924 3590 vere
951 3535 1150 3591 doctus
1185 3550 1215 3588 a
1245 3534 1378 3601 Deo,
1421 3535 1515 3606 qui
1575 3537 1630 3591 in
1686 3538 1978 3594 altitudine

397 3626 716 3682 divitiarum
737 3635 792 3683 et
823 3628 1108 3700 Sapientiae
1153 3636 1208 3683 et
1243 3629 1487 3684 scientiae
1539 3628 1632 3683 Dei
1667 3629 1976 3685 divinorum

401 3717 788 3788 mysteriorum
821 3734 1023 3773 arcana
1061 3727 1116 3774 et
1163 3719 1450 3774 recondita
1513 3726 1793 3775 scrutatus
1845 3721 1978 3776 l'ue-

402 3821 488 3866 rat
518 3813 587 3878 ¹¹,
627 3827 752 3867 cum
785 3814 853 3868 ad
883 3814 1150 3870 divinitus
1183 3813 1289 3870 sibi
1345 3821 1598 3870 ostensos
1656 3814 1979 3884 splendores

399 3916 589 3958 earum
620 3919 804 3959 rerum
827 3920 951 3974 quae
972 3904 1218 3976 indagari
1241 3904 1674 3976 investigarique
1697 3913 1979 3974 nequeunt

401 3994 765 4052 declarandos
826 3996 1012 4068 lingua
1078 3997 1406 4052 imbecillior
1465 4005 1636 4061 esset,
1708 4006 1979 4068 quatenus

403 4098 560 4140 suam
593 4083 768 4154 ipsius
801 4085 856 4140 in
884 4085 1143 4157 mysterio
1170 4085 1588 4156 intelligentiam
1622 4100 1784 4141 aures
1832 4087 1980 4141 exci-

403 4176 678 4247 pientium
753 4187 1036 4248 caperent,
1091 4177 1588 4249 signiﬁcationibus
1649 4176 1977 4247 quibusdam

402 4269 798 4338 subindicavit,
844 4278 1056 4326 tantum
1104 4270 1362 4327 videlicet
1409 4270 1663 4340 loquens,
1713 4279 1980 4340 quantum

399 4357 720 4428 cogitationi
811 4362 1058 4417 serviens
1133 4361 1310 4416 oratio
1382 4369 1597 4431 poterat
1682 4361 1974 4430 explicare.

2065 515 2404 584 αρμοσθῆναι
2435 511 2592 582 ἡμῶν
2624 512 2720 582 τὴν
2754 510 3058 573 πολιτείαν,
3089 511 3164 580 μή
3205 527 3336 564 ποτε
3368 511 3468 580 τῆς
3500 511 3648 581 ζωῆς

2067 605 2517 677 παρατραπὲντες
2553 604 2874 674 θελήματος,
2911 603 3073 655 πάλιν
3104 603 3238 672 πρὸς
3282 603 3373 656 τὸν
3413 603 3648 675 πονηρὸν

2064 697 2382 767 τῶν-ψυχῶν
2410 697 2566 767 ἡμῶν
2585 695 2864 766 τύραννον,
2883 695 2973 749 τὸν
3000 694 3227 748 θάνατον
3250 694 3412 762 λέγω,
3432 694 3519 748 διὰ
3549 697 3646 764 τῆς

2066 789 2342 859 ἁμαρτίας
2373 787 2852 858 αύτομολήσωμεν.
2889 787 2950 838 Ἠ
2984 786 3038 838 δὲ
3068 785 3206 857 αὑτὴ
3241 786 3449 840 διάνοια
3477 803 3648 854 προσ-

2065 881 2338 934 οικειὼσει
2370 882 2518 950 ἡμᾶς
2545 879 2623 950 τῷ
2651 878 2894 950 Χριστῷ,
2927 879 3030 933 κᾶν
3061 879 3254 948 Πάσχα
3291 879 3455 933 αὺτὸν
3481 875 3644 946 εἶναι,

2067 972 2171 1026 κᾶν
2195 972 2478 1043 ἀρχιερέα,
2507 971 2658 1042 παρά
2687 971 2781 1025 τοῦ
2814 971 3026 1024 Παύλου
3072 970 3415 1042 ἀκούσωμεν.
3450 971 3644 1042 Ἐτύθη

2066 1065 2175 1135 γάρ
2200 1065 2273 1128 ὡς
2297 1065 2513 1136 ἀληθῶς
2541 1065 2682 1134 ὑπὲρ
2711 1063 2866 1135 ἡμῶν
2900 1064 2964 1116 τὸ
3011 1063 3201 1133 Πάσχα
3231 1065 3465 1134 Χριστός
3485 1080 3499 1095 ·
3529 1064 3644 1118 ἀλλ’

2066 1160 2095 1212 ὁ
2125 1159 2326 1228 ίερεὺς,
2371 1158 2662 1228 προσάγων
2693 1156 2770 1227 τῷ
2807 1156 2926 1228 Θεῷ
2956 1156 3054 1229 τὴν
3092 1157 3303 1220 θυσίαν,
3356 1158 3456 1211 ούκ
3489 1157 3646 1222 ἄλλος

2066 1249 2151 1312 τίς
2182 1251 2298 1301 ἐστι
2351 1249 2483 1317 παρ’
2517 1247 2678 1300 αὐτὸν
2701 1247 2791 1301 τὸν
2835 1249 3088 1318 Χριστόν.
3129 1267 3147 1300 t
3189 1249 3410 1303 Ἑαυτὸν
3442 1249 3582 1321 γὰρ,
3619 1268 3639 1302 ι

2068 1338 2223 1405 φησὶ,
2244 1356 2260 1387 ι
2283 1337 2544 1407 ἀνήνεγκε
2578 1336 2891 1406 προσφορὰν
2923 1337 3019 1390 καὶ
3045 1335 3236 1391 θυσίαν
3266 1337 3405 1409 ὑπὲρ
3429 1338 3640 1408 ἡμῶν.»

2070 1427 2279 1481 Ούκοῦν
2328 1427 2486 1480 τοῦτο
2532 1427 2619 1481 διὰ
2673 1427 2876 1481 τούτων
2930 1428 3307 1499 μανθάνομεν,
3367 1430 3449 1483 ὅτι
3510 1430 3645 1502 πρὸς

2069 1522 2274 1575 ἐκεῖνον
2298 1521 2531 1591 βλέπων,
2558 1521 2647 1574 τὸν
2671 1521 2859 1575 ἑαυτὸν
2882 1523 3301 1593 προσαγαγόντα
3332 1523 3648 1595 προσφορὰν

2072 1615 2164 1667 καὶ
2195 1599 2404 1678 θυσίαν,
2423 1613 2611 1682 Πάσχα
2632 1615 2940 1684 γενόμενον,
2961 1615 3055 1667 καλ¹
3070 1614 3230 1676 αὐτὸς
3255 1614 3445 1667 ἑαυτὸν
3469 1631 3649 1686 παρα·

2073 1703 2262 1772 στήσει
2289 1703 2365 1773 τῷ
2402 1701 2520 1772 Θεῷ
2543 1701 2731 1754 Θυσίαν
2765 1699 2968 1764 ζῶσαν,
3005 1702 3188 1770 ἁγίαν,
3217 1703 3528 1774 εὐάρεστον,
3557 1702 3646 1757 λο-

2072 1793 2204 1864 γικὴ
2235 1794 2459 1866 λατρεία
2487 1794 2775 1864 γενόμενος
2796 1810 2809 1823 ·
2841 1795 2869 1846 ὁ
2893 1793 2950 1846 δὲ
2986 1794 3186 1866 τρόπος
3206 1796 3304 1866 τῆς
3339 1797 3650 1868 ἱερουργίας

2072 1886 2211 1950 ἐστὶ,
2237 1885 2297 1939 τὸ
2336 1886 2411 1956 μὴ
2451 1885 2952 1956 συσχηματίζεσθαι
2982 1885 3061 1957 τῷ
3107 1885 3262 1940 αἰῶνι
3299 1887 3491 1957 τούτῳ,
3514 1887 3652 1940 ἀλλά

2076 1974 2555 2048 μεταμορφοῦσθαι
2576 1980 2641 2048 τῇ
2691 1976 3053 2031 ἀνακαινώσει
3087 1977 3183 2031 τοῦ
3215 1978 3332 2042 νοὸς
3377 1977 3560 2044 αὑτοῦ,
3591 1981 3651 2032 ὲν

2071 2067 2152 2140 τῷ
2175 2066 2508 2137 δοκιμάζειν,
2541 2067 2592 2121 τί
2619 2067 2681 2121 τὸ
2710 2066 2921 2140 θέλημα
2941 2069 3034 2122 τοῦ
3063 2069 3195 2123 Θεοῦ
3224 2071 3283 2124 τὸ
3315 2071 3537 2140 ἀγαθὸν,
3556 2071 3651 2126 καὶ

2073 2162 2401 2230 εὐάρεστον,
2447 2160 2541 2214 καὶ
2593 2160 2819 2215 τέλειον.
2868 2161 2942 2215 Ού
3001 2161 3112 2232 γὰρ
3158 2161 3274 2216 ἐστι
3321 2162 3501 2235 ζώσης
3549 2163 3650 2235 τῆς

2075 2252 2295 2324 σαρκὸς,
2316 2251 2409 2305 καὶ
2431 2251 2504 2323 μὴ
2527 2253 2667 2306 κατὰ
2691 2252 2782 2307 τὸν
2805 2255 3173 2325 πνευματικὸν
3203 2255 3652 2326 ίερουργηθείσης

2074 2345 2258 2416 νόμον,
2283 2343 2342 2397 τὸ
2390 2342 2592 2412 ἀγαθὸν
2618 2343 2713 2396 τοῦ
2747 2343 2882 2398 Θεοῦ
2927 2343 3141 2416 θέλημα
3177 2346 3234 2399 ὲν
3274 2346 3409 2416 αὐτῇ
3441 2344 3653 2418 δειχθῆ-

2073 2452 2196 2491 ναι·
2222 2436 2354 2489 διότι
2381 2435 2442 2488 τὸ
2493 2435 2744 2506 φρόνημα
2769 2436 2868 2506 τῆς
2913 2435 3137 2508 σαρκὸς,
3167 2435 3336 2507 ἔχθρα
3383 2437 3462 2500 εἰς
3495 2437 3650 2502 Θεὸν,

2074 2527 2169 2580 καὶ
2203 2526 2282 2598 τῷ
2327 2527 2478 2597 νόμῳ
2530 2526 2622 2580 τοῦ
2648 2525 2782 2580 Θεοῦ
2817 2527 2915 2597 ούχ
2951 2527 3338 2584 ὑποτάσσεται.
3375 2527 3508 2581 Ούδὲ
3543 2528 3651 2599 γὰρ

2073 2619 2319 2682 δύναται,
2367 2619 2472 2682 ἓως
2519 2617 2584 2672 ἂν
2623 2617 2690 2688 ζῇ
2741 2619 2774 2687 ἡ
2829 2617 2987 2689 σὰρξ,
3015 2613 3082 2691 ἧς
3116 2617 3204 2672 διὰ
3256 2618 3354 2687 τῆς
3386 2618 3650 2683 ζωοποιοῦ

2075 2712 2266 2776 θυσίας
2297 2711 2765 2782 ίερουργηθείσης,
2795 2709 2882 2764 διὰ
2901 2709 2998 2762 τοῦ
3035 2709 3306 2781 νεκρῶσαι
3329 2710 3395 2764 τὰ
3429 2711 3522 2764 ἐπὶ
3549 2713 3652 2782 γῆς

2079 2802 2324 2874 μέλη,δι’
2369 2796 2445 2857 ὦν
2473 2803 2776 2872 ἐνεργεῖται
2814 2800 2884 2854 τὰ
2929 2801 3074 2872 πάθη
3097 2841 3112 2864 ,
3143 2801 3547 2872 ἀνεμποδίστως
3590 2803 3653 2857 τὸ

2075 2896 2370 2968 εὐάρεστον
2398 2895 2494 2950 καὶ
2524 2895 2726 2948 τέλειον
2779 2893 2988 2965 θέλημα
3035 2893 3128 2947 τοῦ
3176 2894 3310 2948 Θεοῦ
3345 2897 3402 2948 ὲν
3441 2899 3507 2968 τῇ
3539 2895 3651 2968 ζωῇ

2077 2987 2226 3059 αύτῷ
2280 2987 2721 3041 πεπιστευκότων
2766 2985 3266 3058 κατορθωθήσεται.
3311 2986 3500 3052 Οὕτως
3557 2987 3653 3042 καὶ⁵

2080 3080 2389 3150 ἱλαστήριον
2432 3079 2490 3131 ἐν
2517 3077 2596 3148 τῷ
2628 3077 2742 3148 ἰδίῳ
2798 3077 2992 3149 αἵματι
3023 3079 3052 3131 ὁ
3080 3077 3312 3150 Χριστὸς
3345 3078 3652 3150 νοούμενος,

2076 3169 2316 3222 διδάσκει
2344 3167 2437 3220 τὸν
2478 3167 2654 3221 ταῦτα
2700 3168 2988 3240 νοήσαντα,
3028 3168 3190 3222 αὐτὸν
3239 3168 3470 3224 ἕκαστον
3503 3170 3656 3239 γενέ-

2077 3259 2204 3315 σθαι
2241 3257 2420 3330 ἑαυτῷ
2451 3259 2780 3332 ἱλαστήριον,
2829 3258 2918 3313 διὰ
2953 3261 3054 3330 τῆς
3089 3259 3197 3315 τῶν
3233 3259 3408 3330 μελῶν
3447 3260 3657 3333 νεκρὼ-

2079 3367 2217 3413 σεως
2244 3348 2340 3421 τὴν
2369 3349 2544 3420 ψυχὴν
2571 3348 2956 3418 ἀφαγνίζοντα.
2989 3350 3158 3406 Ὅταν
3198 3349 3255 3402 δὲ
3292 3349 3448 3422 δόξης
3475 3351 3656 3405 ἀπαύ-

2078 3457 2270 3512 γασμα
2296 3483 2312 3506 ,
2373 3442 2469 3494 καὶ
2521 3441 2810 3513 χαρακτὴρ
2862 3441 3214 3506 ὑποστάσεως
3247 3445 3276 3496 ὁ
3305 3444 3538 3514 Χριστὸς
3568 3443 3659 3497 λέ-

2077 3551 2243 3604 γηται
2267 3533 2370 3604 τῆς
2398 3534 2877 3606 προσκυνουμένης
2915 3534 3080 3588 αὐτοῦ
3135 3534 3525 3608 μεγαλωσύνης
3568 3535 3658 3590 διὰ

2076 3627 2185 3680 τῶν
2227 3627 2487 3697 ῥημάτων
2515 3625 2720 3680 τούτων
2745 3627 2844 3690 τὰς
2865 3626 3074 3690 ἐννοίας
3093 3626 3567 3698 ἀναλαμϐάνομεν.
3598 3628 3656 3682 '0

2079 3721 2188 3792 γὰρ
2208 3721 2561 3784 θεόπνευστος
2582 3720 2655 3784 ὡς
2689 3719 2904 3790 ἀληθῶς
2937 3721 3032 3774 καὶ
3060 3721 3392 3786 θεοδίδακτος
3423 3721 3653 3787 Παῦλος,

2079 3813 2109 3865 ὁ
2139 3815 2196 3865 ὲν
2227 3811 2307 3882 τῷ
2334 3811 2486 3882 βάθει
2512 3811 2608 3865 τοῦ
2643 3811 2871 3865 πλούτου
2909 3813 3007 3884 τῆς
3041 3812 3231 3881 σοφίας
3267 3813 3362 3866 καὶ
3394 3813 3496 3884 τῆς
3525 3813 3659 3882 γνῶ-

2081 3919 2223 3967 σεως
2251 3903 2342 3956 τοῦ
2370 3903 2529 3968 Θεοῦ,
2558 3903 2628 3957 τὰ
2683 3903 2856 3976 ἄδηλα
2887 3905 2984 3958 καὶ
3009 3903 3080 3958 τὰ
3111 3902 3318 3974 κρύφια
3354 3903 3463 3958 τῶν
3496 3904 3656 3960 θείων

2084 3994 2398 4067 μυστηρίων
2429 3994 2872 4066 διερευνώμενος,
2909 3994 3007 4059 τὰς
3040 3997 3328 4068 γινομένας
3357 3995 3504 4068 αύτῷ
3536 3995 3656 4050 θεό-

2082 4088 2174 4142 θεν
2213 4087 2509 4159 ὲλλάμψεις
2541 4089 2671 4160 περὶ
2714 4088 2817 4159 τῆς
2859 4087 2970 4142 τῶν
3010 4088 3442 4161 ἀνεξερευνήτων
3469 4106 3531 4142 τε
3561 4089 3657 4145 καὶ

2082 4179 2502 4250 ἀνεξιχνιάστων
2533 4180 2951 4251 κατανοήσεως,
2985 4181 3324 4252 ἀτονωτέραν
3372 4182 3512 4254 ἔχων
3556 4185 3656 4253 τῆς

2080 4269 2318 4333 διανοίας
2349 4269 2446 4340 τὴν
2474 4269 2741 4339 γλῶτταν,
2781 4269 2964 4334 καθὼς
2991 4269 3241 4342 ἐχώρειή
3273 4270 3410 4342 ἀκοὴ
3440 4270 3547 4324 τῶν
3575 4268 3656 4321 δε-

2083 4362 2328 4432 χομένων
2358 4362 2457 4433 τὴν
2489 4361 2704 4417 σύνεσιν
2737 4350 3036 4434 αὑτοῦ,τῆν
3056 4363 3116 4416 ὲν
3147 4361 3226 4433 τῷ
3263 4363 3562 4435 μυστηρίῳ,
3588 4363 3655 4417 δι’

401 4446 539 4501 Nam
579 4463 704 4502 cum
757 4451 942 4504 omnia
989 4467 1112 4522 quae
1161 4453 1216 4506 in
1265 4461 1517 4506 naturam
1569 4467 1626 4508 et
1681 4454 1974 4523 potentiam

2083 4452 2424 4522 αἰνιγμάτων
2451 4453 2614 4506 τινῶν
2637 4452 2916 4518 ὑπέδειξεν
2932 4470 2946 4484 °
2970 4453 3095 4508 ὅσον
3116 4454 3410 4525 ὑπουργεῖν
3432 4457 3496 4526 τῇ
3539 4453 3656 4507 δια-

402 4539 698 4593 humanam
753 4541 958 4595 cadunt
995 4541 1062 4597 de
1111 4549 1304 4597 natura
1354 4542 1539 4598 divina
1605 4545 1978 4613 cognovisset,

402 4641 673 4697 suprema:
732 4628 882 4685 illius
931 4633 1184 4687 essentia:
1259 4635 1530 4688 r'ationem
1573 4635 1738 4691 nullis
1785 4636 1982 4690 Imma-

401 4718 490 4774 nis
547 4720 979 4790 cogitationibus
1037 4723 1160 4792 capi
1233 4725 1735 4797 comprehendique
1819 4741 1982 4796 posse

401 4810 763 4868 demonstrat.

474 4994 719 5066 Itemque
743 5011 870 5051 cum
905 5011 971 5054 ea
999 5012 1122 5068 qua:
1147 4997 1215 5054 de
1243 4997 1363 5070 ipsa
1401 4999 1846 5068 considerantur,
1877 5017 1976 5074 pa-

405 5101 524 5142 cem
557 5088 844 5154 nimirum,
871 5089 1151 5151 virtutem,
1177 5098 1234 5145 et
1271 5091 1464 5158 vitam,
1512 5101 1567 5147 et
1596 5091 1889 5162 justitiam,
1926 5105 1981 5150 et

406 5179 603 5246 lucem,
662 5187 718 5234 et
759 5182 1072 5246 veritatem,
1113 5194 1168 5238 et
1200 5182 1252 5237 id
1285 5198 1460 5254 genus
1517 5184 1624 5238 alia
1679 5199 1979 5256 perseque-

407 5277 582 5334 retur,
619 5271 890 5328 rationem
923 5273 1099 5344 ipsius
1154 5275 1383 5329 omnino
1420 5291 1583 5346 posse
1611 5278 1830 5348 concipi
1883 5292 1982 5332 ne-

406 5360 585 5426 gavit:
621 5359 792 5416 Deum
831 5364 980 5418 enim
1006 5381 1110 5421 nec
1145 5365 1322 5420 visum
1361 5382 1598 5437 unquam
1653 5365 1850 5433 fuisse,
1882 5381 1984 5422 nec

407 5449 586 5502 visunt
620 5449 711 5503 iri.
772 5470 791 5503 ι
829 5455 1000 5520 Quem
1057 5457 1242 5513 nullus
1296 5475 1316 5508 ι
1381 5457 1583 5528 inquit,
1639 5459 1977 5514 «hominum

492 5643 744 5729 ξξ-ῙΛΟΨ.
783 5651 920 5729 ν,Α7.
961 5654 1257 5729 __“_Iiebr.
1285 5671 1385 5719 vn,
1411 5659 1472 5712 ll
1512 5674 1633 5729 sqq.

492 5659 536 5676 ισ
569 5659 587 5695 ι
615 5659 744 5698 uor.
783 5664 834 5712 v,
867 5659 920 5708 7.
1018 5659 1062 5686 "
1090 5659 1257 5709 Hebr.
1285 5671 1385 5719 vn,
1411 5659 1472 5712 ll
1512 5674 1633 5729 sqq.
1735 5659 1778 5691 "
1812 5659 1974 5715 [Tim

405 5713 451 5744 ³ο
483 5711 642 5764 Rom.
680 5728 800 5764 vm-
832 5717 885 5764 6-
959 5723 1004 5755 II
1038 5723 1231 5764 Ωηιηεε
1285 5741 1344 5764 ιιι
1404 5729 1434 5764 ις
1529 5729 1743 5764 “Halm
1799 5749 1811 5764 .
1871 5731 1903 5764 κ

2076 5683 2112 5764 ι..
2140 5661 2271 5764 ιμωθ
2296 5663 2546 5764 ςιὲριιῖε.
2575 5683 2630 5734 v,
2660 5668 2716 5725 2.

533 5727 642 5767 om.
680 5728 800 5782 vm,
832 5717 886 5775 6.
959 5723 1004 5755 ²¹
1038 5723 1251 5781 Coloss.
1285 5717 1454 5794 111,5.
1529 5717 1574 5763 ⁸⁵
1597 5717 1763 5787 Hebr.
1798 5749 1837 5799 I,
1870 5731 1923 5785 5ο

2076 5731 2115 5786 ll
2149 5717 2276 5787 Cor.
2298 5717 2418 5801 Ixrnr,

2084 4541 2204 4614 νοίᾳ
2234 4542 2477 4606 δυνατῶς
2526 4539 2671 4614 εἶχεν
2712 4543 2742 4596 ό
2781 4542 2957 4612 λόγος,
2985 4544 3238 4598 τοσοῦτον
3266 4545 3652 4616 φθεγγόμενος.

2084 4634 2270 4688 Πάντα
2291 4634 2398 4705 γὰρ
2443 4635 2544 4688 ὅσα
2581 4637 2749 4704 χωρεί
2792 4637 2826 4706 ἡ
2850 4635 3165 4709 ἀνθρωπίνη
3204 4637 3452 4709 δύναμις,
3484 4655 3656 4692 κατα-

2084 4726 2305 4796 νοήσας,
2343 4724 2632 4793 ἀνέφικτόν
2668 4742 2729 4779 τε
2767 4726 2858 4780 καὶ¹
2903 4727 3268 4799 ἀνεπίληπτον
3300 4727 3657 4800 ἀνθρωπίνοις

2084 4816 2366 4888 λογισμοῖς
2400 4815 2491 4870 τὸν
2518 4816 2618 4887 τῆς
2647 4818 3048 4891 ύπερκειμὲνης
3078 4819 3262 4884 οὐσίας
3291 4821 3657 4894 προσφέρεται

2083 4905 2258 4976 λόγον.

2102 5045 2118 5060 .
2155 5001 2246 5054 Διὸ
2290 4981 2360 5055 τὰ
2402 5001 2531 5072 περὶ
2562 5001 2740 5056 αὐτῶν
2787 5002 3136 5076 θεωρούμενα
3169 5003 3363 5073 λέγων,
3413 5007 3656 5078 εἰρήνην.

2086 5093 2182 5146 καὶ
2215 5091 2461 5162 δύναμιν,
2492 5093 2586 5146 καὶ
2614 5092 2778 5164 ζωὴν,
2833 5096 2928 5148 καὶ
2971 5095 3334 5167 δικαιοσύνην,
3381 5097 3475 5150 καὶ
3519 5098 3657 5167 φῶς,

2086 5185 2182 5238 καὶ
2218 5184 2498 5252 ἀλήθειαν,
2527 5185 2619 5238 καὶ
2652 5184 2722 5239 τὰ
2744 5185 2966 5240 τοιαῦτα
2985 5203 2998 5216 ·
3026 5187 3118 5240 τὸν
3148 5188 3276 5259 περὶ
3309 5187 3481 5259 αὐτῆς
3516 5188 3660 5242 ὲκείυ

2083 5294 2182 5348 νης
2208 5277 2386 5345 λόγον,
2422 5277 2664 5346 ἄληπτον
2693 5273 2831 5332 εῖναι
2862 5279 3139 5344 παντελῶς
3158 5280 3464 5352 διωρίσατο,
3491 5280 3662 5336 εἰπὼν

2086 5369 2226 5439 μήτε
2272 5369 2547 5439 ἑωρᾶσθαι
2593 5387 2727 5424 ποτε
2776 5371 2870 5424 τὸν
2911 5371 3066 5434 Θεὸν,
3121 5374 3258 5444 μήτε
3306 5372 3658 5444 ὀφθήσεσθαι.

2093 5478 2112 5511 ι
2160 5461 2254 5513 Ὃν
2282 5455 2389 5513 εἶδε
2453 5479 2470 5513 ι
2502 5461 2630 5534 γὰρ,
2673 5462 2857 5532 φησὶν,
2895 5481 2913 5515 ι
2954 5464 3150 5532 οὐδεὶς,
3191 5465 3314 5519 οὐδὲ
3346 5465 3470 5518 ἰδεῖν
3500 5463 3662 5520 δύνα-

2821 5667 2864 5702 “
2893 5667 3053 5726 Rom.
3080 5683 3176 5736 χιι,
3206 5669 3256 5723 l.
3361 5663 3405 5698 ¹⁹
3432 5664 3565 5724 ibid.
3596 5663 3676 5752 5."
