4106 6440
393 373 514 477 ,263

1435 417 1519 472 DE
1562 414 1927 471 PERFECTA
1972 411 2370 470 CllRlSTlANI
2418 408 2675 470 FORMA.

409 548 522 592 ται.
568 552 587 586 ι
622 533 724 590 Διὰ
752 533 916 592 τοῦτο
944 537 1144 607 ζητῶν,
1181 536 1295 601 πῶς
1328 535 1584 607 ὀνομάσει
1626 536 1685 588 τὸ
1719 534 1794 605 μὴ
1840 534 1986 589 δυνά·

2104 531 2262 595 vidit,
2312 547 2416 586 nec
2458 541 2638 601 potest
2674 530 2860 588 videre
2894 532 2961 589 “.
3008 532 3499 607 ldeirco'qumrens
3547 555 3685 611 quo-

415 644 579 698 μενον
609 627 897 698 λογισμοῖς
917 628 1223 699 ληφθῆναι,
1247 629 1323 691 ὼς
1355 628 1454 698 οὐχ
1482 622 1639 697 εὗρεν
1668 626 2000 695 ἐμφαντικὸν

408 718 583 787 δνομα
628 715 729 787 τῆς
767 716 879 769 τῶν
914 718 1313 788 ἀκαταλήπτων
1360 714 1677 786 ἑρμηνείας,
1712 714 1868 779 δόξαν
1906 715 1999 767 καὶ

409 809 709 862 ὑπόστασιν
758 807 1013 878 ὠνόμασε
1063 808 1123 860 τὺ
1175 807 1566 878 ὑπερκείμενον
1627 806 1825 869 παντὸς
1865 806 2000 873 ἀγα-

409 900 528 968 οςῦ,
576 901 639 955 τὸ
691 901 830 971 μήτε
873 899 1160 969 νοούμενον
1212 897 1398 964 ἀξίως,
1451 899 1586 967 μήτε
1636 896 1993 967 φραζόμενον.

408 995 525 1065 Τῖιν
547 994 647 1064 μὲν
675 988 769 1046 οὖν
803 992 1208 1063 ὑπερκειμένην
1235 990 1342 1043 τῶν
1376 990 1544 1042 όντων
1576 989 1763 1042 οὐσίαν
1788 990 1997 1059 ἀφῆκεν

409 1082 851 1155 ἀκατονόμαστον
885 1102 897 1114 ·
922 1074 1374 1157 τὸδὲ-συναφές
1422 1099 1481 1133 τε
1522 1082 1615 1133 καὶ
1674 1082 1995 1135 ἀδιάστατον

407 1178 504 1229 τοῦ
542 1177 673 1229 Υἱοῦ
706 1177 840 1247 πρὸς
886 1175 976 1227 τὸν
1009 1175 1230 1245 Πατέρα
1259 1174 1681 1244 διερμηνεύωνῖ·
1701 1174 1793 1226 καὶ
1826 1174 1887 1225 τὸ
1916 1173 1994 1244 τῷ

407 1270 648 1340 ἀορξστῳ
677 1284 736 1321 τε
768 1269 862 1321 καὶ
894 1266 1050 1337 ἀϊδίῳ
1088 1268 1262 1337 Πατρὶ
1291 1266 1557 1338 ἀορίστως
1585 1284 1644 1319 τε
1689 1267 1779 1319 καὶ
1810 1266 1994 1329 ἀῖδὶως

406 1360 905 1431 συνθεωρούμενον,
956 1356 1295 1428 ἀπαύγασμα
1326 1358 1484 1428 δόξης
1528 1358 1622 1410 καὶ
1669 1358 1992 1428 χαρακτῆρα

405 1453 763 1515 ὑποστάσεως
809 1449 1239 1522 προσαγορεύει·
1293 1449 1370 1520 τῷ
1428 1450 1524 1521 μὲν
1572 1450 1987 1521 ἀπαυγάσματι,

402 1545 466 1599 τὸ
522 1544 768 1616 συμφυὲς
819 1541 1259 1612 ἐνδεικνύμενος·
1316 1541 1393 1612 τῷ
1441 1542 1497 1594 δὲ
1553 1542 1885 1613 χαρακτῆρι,
1931 1542 1992 1594 τὸ

407 1635 734 1688 ἰσοστάσιον.
764 1633 899 1688 Οὔτε
929 1633 1038 1705 γὰρ
1063 1633 1231 1703 αὑτῆς
1276 1635 1413 1702 πρὸς
1437 1634 1535 1702 τὴν
1567 1631 1990 1700 ἀπαυγάζουσαν

405 1726 568 1794 φύσιν
600 1726 895 1778 ὲπινοεῐταί
932 1743 984 1777 τι
1021 1725 1183 1794 μέσον
1206 1767 1220 1790 ,
1254 1722 1378 1776 οὕτε
1405 1742 1487 1788 τις
1517 1724 1611 1777 τοῦ
1645 1725 1990 1795 χαρακτῆρος

404 1816 702 1881 ἐλάττωσις
738 1818 874 1887 πρὸς
929 1816 1027 1888 τὴν
1080 1818 1167 1870 ὑπ’
1223 1817 1385 1869 αὑτοῦ
1446 1817 1988 1886 χαρακτηριςομένην

2104 622 2267 678 modo
2293 639 2456 694 quem
2504 625 2768 696 cogitatio
2827 642 2937 680 non
2995 631 3309 699 assequitur
3348 633 3682 698 nominaret,

2102 715 2234 783 quia
2264 731 2373 770 non
2410 716 2620 770 invenit
2644 733 2842 774 nomen
2878 733 2987 787 quo
3015 719 3136 789 ejus
3167 723 3549 778 excellentiam
3581 742 3683 780 ex—

2102 809 2387 874 primeret,
2456 808 2688 876 gloriam
2745 819 2800 863 et
2850 810 3216 866 substantiam
3271 816 3564 884 appellavit
3628 818 3683 872 id

2101 898 2246 969 quod
2283 899 2540 955 omnibus
2568 901 2818 970 partibus
2853 910 3076 973 superat
3100 918 3263 960 omne
3292 906 3515 971 bonum,
3536 908 3683 977 quod

2101 1006 2282 1059 neque
2311 992 2486 1047 oculis
2520 993 2693 1055 cerni,
2722 1008 2823 1047 nec
2859 1002 3040 1049 mente
3072 997 3302 1066 percipi,
3365 1014 3467 1052 nec
3500 1000 3683 1055 verbis

2100 1082 2369 1150 explicari
2400 1091 2605 1152 potest,
2644 1092 2809 1152 atque
2851 1085 2925 1139 ita
2979 1090 3496 1155 pra‘stantissimam
3534 1092 3681 1143 illam

2099 1185 2281 1227 rerum
2307 1175 2671 1230 substantiam
2710 1177 2829 1231 sine
2868 1179 3092 1233 nomine
3124 1181 3439 1248 praeterivit.
3475 1184 3685 1237 Arctis-

2098 1264 2293 1318 simam
2320 1272 2502 1321 autem
2535 1266 3020 1332 necessitudinem,
3042 1285 3148 1339 qua
3175 1287 3298 1325 eum
3329 1270 3493 1328 Patre
3516 1274 3683 1329 nullis

2097 1357 2349 1414 terminis
2399 1359 2817 1429 circumscripto
2854 1369 2908 1416 et
2960 1362 3297 1431 sempiterno
3346 1362 3518 1420 Filius
3565 1366 3683 1435 ipse

2097 1447 2218 1504 sine
2283 1450 2533 1505 terminis
2577 1464 2839 1521 perpetuo
2898 1452 3231 1522 conjunctus
3274 1457 3679 1521 consideratur,

2096 1539 2442 1610 splendorem
2475 1542 2664 1612 gloria:
2694 1554 2746 1597 et
2782 1542 3013 1614 ﬁguram
3053 1546 3378 1601 substantiae
3413 1548 3677 1617 appellat;

2094 1632 2391 1701 splendore
2446 1633 2756 1688 naturalem
2810 1635 3066 1691 unionem
3127 1638 3461 1702 ostendens,
3512 1639 3683 1709 ﬁgura

2094 1730 2274 1778 autem
2328 1724 2583 1780 indicans
2625 1728 3015 1798 aequalitatem.
3050 1728 3261 1783 Etenim
3305 1746 3486 1801 neque
3538 1731 3682 1785 inter

2095 1816 2439 1884 splendorem
2471 1825 2526 1871 et
2561 1817 2938 1885 splendentem
2968 1828 3222 1876 naturam
3252 1823 3493 1878 medium
3519 1824 3683 1879 intel-

404 1909 725 1962 ὑπόστασιν.
797 1909 954 1962 Ἀλλὰ
1002 1911 1096 1962 καὶ
1135 1910 1163 1962 6
1210 1911 1307 1979 τὴν
1350 1908 1775 1977 ἀπαυγάζουσαν
1827 1907 1986 1976 φύσιν

2093 1905 2302 1975 ligitur,
2344 1924 2446 1963 nec
2477 1908 2651 1980 ﬁgura
2700 1910 2881 1963 minor
2920 1911 3014 1965 illa
3051 1914 3383 1981 substantia,
3410 1931 3531 1984 qua:
3575 1915 3679 1971 sub

402 1998 639 2068 νοήσας,
688 2000 779 2052 καὶ
821 1999 883 2052 τὸ
928 1999 1267 2070 ἀπαύγασμα
1313 1997 1517 2069 ταύτης
1581 1999 1797 2063 πάντως
1853 2017 1986 2053 κατ-

402 2090 616 2159 ενόησε.
661 2091 769 2143 Καὶ
811 2093 839 2144 6
868 2090 940 2143 ρτδ
984 2088 1212 2162 μέγεθος
1261 2090 1358 2160 τῆς
1411 2090 1762 2155 ὑποστάσεως
1801 2092 1860 2144 ἐν
1912 2090 1988 2159 νῷ

402 2178 607 2244 λαϐὼν,
628 2178 705 2249 τῷ
724 2181 1125 2251 ὲπιιραινομένῳ
1150 2179 1458 2250 χαρακτῆρι
1486 2180 1702 2244 πάντως
1724 2182 1991 2251 ὲμμετρεῖ

401 2272 504 2343 τὴν
556 2270 872 2325 ὑπόστασιν.
909 2269 1000 2325 Διὸ
1032 2272 1126 2325 καὶ
1175 2270 1387 2343 μορφὴν
1420 2271 1511 2324 τοῦ
1547 2272 1682 2325 Θεοῦ
1715 2273 1863 2341 λέγει
1897 2273 1987 2326 τὸν

401 2364 629 2434 Κύριον,
658 2365 717 2417 οὐ
746 2364 1203 2434 κατασμικρύνων
1234 2367 1298 2435 τῇ
1327 2364 1423 2434 τῆς
1458 2365 1671 2435 μορφῆς
1698 2365 1877 2436 ἐννοίᾳ
1896 2365 1987 2418 τὸν

401 2454 629 2524 Κύριον,
658 2454 792 2507 ἀλλα
819 2454 879 2508 τὸ
911 2453 1142 2526 μέγεθος
1179 2453 1272 2507 τοῦ
1323 2455 1453 2510 Υἱοῦ
1500 2455 1587 2508 διὰ
1629 2456 1727 2526 τῆς
1772 2456 1987 2527 μορφῆς

401 2546 846 2618 ἐνδεικνύμενος,
964 2547 1309 2618 ὲνϐεωρεῖται
1356 2548 1449 2601 τοῦ
1494 2547 1704 2619 Πατρδς
1743 2549 1776 2618 ἡ
1820 2565 1989 2618 μεγα-

398 2638 635 2710 λειότης,
681 2639 914 2711 οὐδαμοῦ
958 2641 1059 2709 τῆς
1104 2640 1238 2703 ἰδίας
1290 2640 1985 2711 μορφῆςρῦπερπίπτουσα,

398 2730 522 2783 οὐδὲ
559 2730 663 2795 ἔξω
691 2731 784 2783 τοῦ
833 2730 961 2801 περὶ
990 2730 1157 2801 αὐτὴν
1204 2731 1548 2801 χαρακτῆρος
1599 2730 1985 2802 εὑρισκομένη.

403 2822 685 2893 Ἀμορφον
718 2823 826 2893 γάρ
876 2826 968 2875 καὶ
1000 2824 1229 2887 ἀκαλλὲς
1266 2824 1392 2893 περὶ
1431 2824 1520 2876 τὸν
1561 2822 1777 2894 Πατέρα
1812 2824 1984 2889 οὐδὲν,

395 2914 424 2966 ὃ
456 2916 534 2985 μὴ
571 2917 635 2986 τῇ
667 2914 960 2985 ὡραιότητι
992 2915 1086 2968 τοῦ
1122 2914 1461 2984 Μονογενοῦς
1499 2917 1885 2985 ἐπαγάλλεταιο
1907 2916 1986 2970 διό

398 3024 564 3077 φησιν
597 3010 624 3060 6
652 3007 854 3079 Κύριος
877 3048 888 3068 ,
925 3010 1006 3061 ὅτι
1042 3027 1061 3059 ι
1099 3007 1159 3063 Ὀ
1191 3008 1451 3078 ἑωρακὼς
1481 3010 1601 3079 ἐμὲ,
1637 3009 1848 3080 ἑώρακε
1892 3010 1986 3062 καὶ

394 3098 492 3150 τον
531 3098 783 3171 Πατέρα,
817 3118 834 3150 ι
873 3098 1151 3170 σημαίνων
1182 3097 1268 3151 διὰ
1303 3099 1514 3162 τούτου,
1568 3101 1705 3170 μήτε
1754 3099 1986 3169 ἐλλειψέν

396 3200 518 3243 τινα
575 3186 747 3254 εἶναι,
802 3194 939 3263 μήτε
996 3192 1365 3261 ὑπέρπτωσιν.
1441 3191 1600 3245 Ἀλλά
1648 3193 1743 3246 καὶ
1798 3193 1982 3264 φέρειν

2092 1997 2209 2069 ipsa
2243 2000 2518 2069 signatur.
2562 1999 2669 2054 Sed
2699 2001 2791 2070 qui
2830 2011 3084 2058 naturam
3113 2006 3491 2075 splendentem
3524 2011 3678 2079 cogi-

2091 2098 2192 2153 tat,
2226 2091 2389 2144 simul
2425 2090 2589 2144 etiam
2635 2092 2865 2147 omnino
2917 2095 3261 2163 splendorem
3296 2097 3569 2168 intelligit.
3614 2099 3681 2151 Et

2091 2182 2183 2249 qui
2218 2182 2540 2237 substantiae
2572 2184 3007 2254 magnitudinem
3050 2186 3237 2241 animo
3269 2189 3531 2260 concipit,
3555 2186 3677 2245 eam

2092 2272 2277 2343 ﬁgura:
2312 2273 2367 2327 in
2395 2274 2511 2344 ipsa
2539 2276 2852 2345 conspicua:
2913 2293 3138 2348 prorsus
3186 2279 3466 2334 dimetitur
3496 2296 3680 2351 azqua-

2090 2365 2219 2419 lem.
2251 2364 2372 2431 Qua
2399 2367 2466 2420 de
2497 2381 2665 2423 causa
2697 2378 2751 2423 et
2782 2367 3013 2422 formam
3046 2370 3138 2424 Dei
3176 2369 3468 2426 Dominum
3494 2383 3675 2437 vocat,

2092 2452 2284 2510 formae
2315 2457 2543 2512 notione
2571 2474 2681 2513 non
2712 2459 3048 2516 imminuens
3080 2460 3396 2528 Dominum,
3435 2465 3530 2520 sed
3582 2482 3676 2535 per

2092 2546 2328 2601 formam
2367 2550 2668 2607 ostemlens
2694 2552 3132 2621 magnitudinem
3167 2553 3313 2623 Filii,
3353 2572 3461 2627 qua
3516 2558 3680 2616 intel-

2092 2637 2285 2708 ligitur
2341 2638 2525 2696 Patris
2554 2642 2881 2710 amplitudo,
2941 2660 3062 2712 qua:
3116 2648 3392 2716 prepriam
3444 2648 3676 2705 formam

2091 2742 2202 2780 non
2234 2728 2474 2793 excedit,
2510 2744 2690 2798 neque
2728 2739 2882 2783 extra
2925 2730 3193 2801 ﬁgurant,
3250 2750 3373 2803 qua:
3404 2736 3552 2790 circa
3599 2734 3679 2808 ibo

2092 2834 2206 2871 sam
2236 2826 2340 2883 est,
2378 2820 2677 2874 invenitur.
2712 2819 2857 2873 Nihil
2905 2822 3048 2876 enim
3084 2821 3344 2888 informe,
3384 2826 3521 2879 nihil
3567 2843 3679 2884 non

2090 2909 2382 2978 pulchrum
2416 2910 2470 2964 in
2499 2908 2686 2975 Patre,
2740 2910 2897 2975 nihil,
2939 2911 3084 2982 quod
3116 2929 3225 2967 non
3256 2914 3538 2986 Unigeniti
3579 2917 3677 2973 dc-

2092 3001 2265 3056 claret
2298 3002 3011 3072 pulchritudinem.Quare,
3054 3025 3071 3055 ‹
3098 3003 3199 3070 Qui
3234 3006 3367 3061 vidit
3401 3024 3508 3072 me,
3546 3028 3563 3063 ι
3597 3009 3678 3063 in-

2089 3096 2208 3164 quit
2258 3093 2560 3159 Dominus,
2610 3114 2629 3147 ι
2668 3095 2799 3149 vidit
2843 3094 3059 3149 Patrem
3086 3098 3153 3164 ”,
3196 3117 3215 3150 ι
3276 3115 3341 3153 ex
3395 3100 3481 3155 bis
3538 3101 3678 3156 nihil

2090 3187 2308 3252 deesse,
2342 3188 2481 3241 nihil
2513 3203 2801 3258 superesse
2836 3188 3176 3260 signiﬁcans.
3212 3191 3526 3257 Quinetiam
3550 3209 3677 3249 cum

398 3282 563 3335 αὑτὸν
615 3281 788 3351 λέγων
822 3284 889 3336 τά
936 3284 1114 3337 πάντα
1151 3284 1228 3354 τῷ
1282 3284 1379 3353 τῆς
1426 3284 1706 3354 δυνάμεως
1753 3286 1979 3356 ῥήματι,

2090 3280 2274 3334 cmnia
2316 3281 2468 3334 dicat
2515 3296 2638 3335 eum
2677 3290 2899 3352 portare
2965 3284 3133 3338 verbo
3182 3285 3405 3340 virtutis
3465 3290 3675 3352 sure",

396 3374 515 3428 λύει
546 3375 653 3428 τῶν
684 3376 751 3429 τὰ
796 3377 1189 3448 ἀνεξερεύνητα
1240 3375 1842 3445 πολυπραγμονούντων
1883 3376 1982 3447 τὴν

396 3466 729 3537 ἀμηχανίαν,
784 3466 831 3520 οἳ
875 3468 963 3521 τὸν
999 3471 1123 3539 περὶ
1154 3470 1252 3539 τῆς
1299 3467 1434 3538 ὕλης
1476 3467 1866 3536 ἀναζητοῦντες
1897 3467 1986 3521 λά,

397 3576 515 3627 γον,
549 3559 781 3632 οὐδαμοῦ
813 3561 913 3630 τῆς
972 3559 1501 3632 πολυπραγμοσύνης
1532 3559 1798 3623 ἵστανται,
1834 3558 1978 3624 Πῶς,

394 3649 647 3719 λέγοντες
670 3691 684 3713 ,
716 3650 795 3721 τῷ
820 3652 968 3722 ἀΰλῳ
994 3655 1026 3723 ὴ
1071 3651 1170 3722 ὕλη
1196 3669 1209 3717 ;
1242 3654 1336 3709 καὶ
1366 3652 1481 3715 πῶς
1512 3651 1570 3703 τὸ
1606 3650 1765 3703 ποσὸν
1800 3653 1863 3704 ὲκ
1888 3652 1981 3703 τοῦ

394 3742 643 3805 ἀπόσου,
690 3744 782 3795 καὶ
825 3745 888 3796 ἐκ
911 3743 1002 3796 τοῦ
1049 3744 1458 3815 ἀσχηματίστου
1506 3743 1566 3795 τὸ
1621 3743 1839 3812 σχῆμα,
1888 3741 1983 3795 καὶ

397 3838 465 3888 ἐκ
513 3836 608 3889 τοῦ
651 3836 881 3906 ἀοράτου
934 3837 993 3890 τὸ
1047 3836 1278 3907 χρῶμα,
1340 3835 1433 3890 καὶ
1483 3838 1546 3889 ἐκ
1592 3836 1685 3888 τοῦ
1728 3836 1980 3907 ἀορίστου

397 3928 461 3980 τὸ
491 3930 600 3991 τοῖς
645 3926 795 3992 ἰδίοις
828 3928 1046 3999 μέτροις
1075 3928 1587 4000 ἐμπερατούμενον;
1639 3928 1749 3981 Καὶ
1796 3928 1841 3979 εἰ
1877 3943 1981 3997 μη-

394 4018 558 4087 δεμία
606 4021 829 4091 ποιότης
862 4022 987 4091 περὶ
1023 4021 1082 4073 τὸ
1127 4021 1328 4073 ἁπλοῦν
1372 4021 1465 4074 καὶ
1503 4020 1793 4073 ἀσύνθετον
1818 4062 1832 4085 ,
1884 4021 1979 4072 πό-

395 4111 491 4163 θεν
538 4111 865 4181 ἐμπλέκεται
901 4115 1022 4177 ταῖς
1065 4114 1192 4183 περὶ
1224 4112 1391 4183 αὐτὴν
1435 4113 1715 4181 ποιότησιν
1758 4113 1792 4183 ἡ
1843 4111 1976 4182 illa};

395 4199 585 4252 Πάντα
632 4200 739 4271 γὰρ
796 4199 969 4254 ταῦτα
1021 4202 1116 4253 καὶ
1167 4200 1233 4253 τὰ
1279 4198 1504 4252 τοιαῦτα
1552 4198 1660 4251 τῶν
1707 4198 1980 4268 ζητουμέ-

394 4309 506 4343 νων
542 4290 654 4344 λύει
682 4293 709 4343 6
734 4290 924 4353 εἰπὼν,
955 4292 1037 4344 ὅτι
1070 4292 1136 4344 τά
1181 4291 1471 4360 σύμπαντα
1514 4288 1590 4358 τῷ
1638 4290 1840 4359 ῥήματι
1881 4287 1981 4356 τῆς

401 4383 679 4453 ὐνάμεως
726 4384 891 4438 αὑτοῦ
939 4384 1094 4455 φέρει
1143 4387 1171 4437 6
1218 4383 1389 4449 ᾼόγος
1443 4383 1509 4434 ἐκ
1562 4379 1654 4432 τοῦ
1706 4380 1781 4449 μὴ
1830 4378 1981 4439 ὄντος

396 4491 479 4526 et
517 4474 748 4542 γένεσιν.
785 4475 970 4528 Πάντα
999 4475 1127 4546 γὰρ,
1159 4474 1258 4528 ὅσα
1298 4474 1393 4544 τὴν
1436 4471 1600 4554 eam
1647 4469 1831 4541 εἴληχε
1882 4468 1982 4537 φύ-

401 4585 520 4632 σι;,
579 4569 705 4638 μίαν
753 4567 928 4621 αἰτίαν
979 4566 1091 4636 ἔχει
1133 4567 1231 4637 τῆς
1279 4566 1664 4625 ὑποστάσε(⁰ς’
1714 4562 1774 4614 τὸ
1827 4561 1977 4631 ῥῆμα

2089 3372 2254 3426 solvit
2301 3371 2707 3429 dubitationem
2745 3389 2935 3427 eorum
2972 3375 3064 3444 qui
3098 3376 3262 3431 nimis
3305 3378 3594 3449 diligenter
3624 3391 3678 3435 et

2087 3463 2249 3517 anxie
2307 3464 2577 3534 vestigant
2636 3480 2699 3519 ea
2764 3481 2885 3534 qua:
2938 3467 3067 3520 sciri
3127 3482 3237 3521 non
3293 3474 3676 3538 possuntzsi-

2087 3555 2308 3625 quidem
2342 3555 2395 3607 bi
2433 3556 2500 3610 de
2542 3556 2769 3610 materia
2808 3557 3149 3626 requirentes
3197 3560 3487 3625 rationem,
3524 3564 3675 3618 nullo

2086 3645 2258 3699 modo
2304 3661 2415 3715 prze
2467 3645 2634 3699 nimia
2690 3648 3013 3720 curiositate
3053 3651 3368 3706 consistunt
3412 3665 3503 3708 aut
3542 3670 3675 3710 con-

2086 3738 2397 3807 quiescunt.
2442 3734 2597 3793 Unde
2644 3740 2812 3803 enim,
2857 3740 3133 3809 inquiunt,
3180 3745 3407 3799 materia
3466 3748 3539 3802 sit
3595 3748 3675 3804 illi

2085 3831 2181 3899 qui
2256 3844 2287 3882 a
2362 3829 2592 3884 materia
2690 3830 2975 3899 sejunctus
3058 3834 3186 3888 est?
3238 3835 3345 3889 Aut
3431 3852 3671 3907 quonam

2085 3933 2248 3992 pacto
2304 3920 2540 3976 ducatur
2599 3929 2864 3991 quantum
2930 3940 2996 3979 ex
3049 3940 3115 3979 eo
3170 3928 3264 3997 qui
3321 3938 3474 3985 caret
3497 3946 3675 4002 quan-

2086 4014 2281 4069 titate?
2329 4022 2423 4068 aut
2472 4029 2537 4067 ex
2587 4014 2680 4067 illo
2736 4016 2931 4086 ﬁgura,
2988 4017 3080 4086 qui
3115 4016 3345 4089 ﬁguram
3404 4037 3512 4087 non
3574 4024 3673 4077 ba-

2086 4107 2210 4160 bet?
2242 4114 2336 4159 aut
2364 4107 2519 4161 color
2569 4106 2639 4161 ab
2683 4123 2749 4162 eo
2797 4108 2892 4177 qui
2928 4109 3102 4163 videri
3138 4125 3248 4165 non
3302 4114 3519 4181 potest?
3578 4126 3673 4168 aut

2086 4196 2155 4250 ab
2184 4196 2278 4249 illo
2310 4198 2404 4266 qui
2432 4196 2537 4249 ﬁne
2566 4204 2746 4261 vacat,
2790 4197 2842 4251 id
2878 4198 3025 4266 quod
3066 4200 3301 4267 propriis
3330 4201 3529 4256 ﬁnibus
3584 4204 3670 4257 in-

2085 4286 2368 4339 cluditur?
2395 4286 2550 4352 Quod
2572 4287 2617 4342 si
2642 4288 2791 4341 nulla
2817 4288 2972 4342 adest
2997 4290 3232 4356 qualitas
3256 4278 3490 4362 simplici
3514 4303 3567 4348 et
3588 4295 3671 4349 in-

2084 4377 2412 4445 composito,
2439 4377 2584 4431 unde
2608 4379 2835 4432 materia
2862 4379 2978 4434 suis
3002 4381 3357 4449 qualitatibus
3378 4397 3459 4439 est
3486 4385 3667 4455 impli-

2083 4468 2230 4521 cita?
2266 4468 2375 4523 llas
2398 4469 2542 4524 enim
2575 4484 2766 4526 omnes
2795 4478 2847 4525 et
2874 4470 3010 4527 alias
3037 4472 3307 4540 ejusmodi
3338 4478 3670 4545 quaestiones

2083 4560 2264 4626 solvit,
2307 4559 2400 4628 qui
2451 4560 2583 4615 dicit
2642 4562 2722 4616 sic
2782 4563 2947 4618 verbo
3001 4565 3221 4622 virtutis
3271 4582 3384 4623 suae
3433 4568 3668 4626 Verbum

396 4662 498 4729 τῆς
546 4661 823 4732 ἀφράστου
866 4659 1166 4731 δυνάμεως.
1229 4660 1322 4713 Ἐκ
1373 4659 1428 4711 δὲ
1489 4658 1693 4710 τούτων
1737 4655 1986 4708 παιδευό-

2092 4655 2277 4709 omnia
2310 4663 2549 4724 portare,
2582 4663 2640 4708 ut
2669 4666 3000 4725 generentur
3023 4674 3089 4714 ex
3109 4660 3299 4715 nihilo.
3319 4662 3669 4735 Quaecunque

400 4752 542 4822 μεοα
593 4753 651 4805 τὸ
705 4752 839 4823 πρὸς
908 4753 1039 4805 αὐτὸ
1102 4751 1345 4820 βλέπειν,
1394 4750 1487 4818 ἀφ’
1542 4744 1603 4802 οὗ
1659 4747 1764 4800 τῶν
1816 4746 1987 4799 ὄντων

397 4842 547 4893 ἐστὶν
582 4844 617 4911 ἡ
647 4842 877 4908 γένεσις.
926 4843 990 4894 Εἰ
1023 4841 1132 4911 γὰρ
1175 4841 1383 4892 ἐκεῖθεν
1426 4842 1506 4901 εἰς
1551 4838 1609 4890 τὸ
1651 4833 1787 4890 εἶναι
1840 4854 1984 4905 παρ-

398 4932 663 5003 ήχθημεν,
690 4935 782 4987 καὶ
826 4935 883 4986 ἐν
922 4933 1071 5004 αὑτῷ
1102 4932 1531 5001 συνεστήκαμεν,
1565 4930 1777 5000 ἀνάγκη
1814 4929 1980 4993 πᾶσα,

401 5025 568 5095 μηδὲν
584 5025 685 5091 ἔξω
711 5026 808 5097 τῆς
825 5027 1076 5094 γνώσεως
1096 5024 1371 5078 πιστεύειν
1392 5019 1526 5097 εἶναι
1549 5022 1640 5074 τού
1663 5024 1717 5074 εν
1734 5016 1775 5088 ᾧ
1794 5024 1979 5089 ἐσμεν,

400 5116 498 5168 καὶ
532 5114 621 5184 ἀφ’
656 5108 717 5167 οὗ
750 5115 1073 5184 γεγόναμεν,
1110 5112 1203 5165 καὶ
1233 5113 1310 5174 εἰς
1337 5110 1395 5162 ὃν
1439 5110 1759 5179 ἁναλύομεν.
1797 5107 1983 5179 Ταύτῃ

397 5206 460 5258 δὲ
504 5208 574 5277 τῇ
617 5206 821 5277 διανοίᾳ
869 5202 1351 5275 συγκατοροούται,
1399 5201 1541 5254 κατά
1592 5200 1652 5256 τὸ
1702 5199 1877 5263 εἰκὸς,
1926 5202 1986 5252 τὸ

402 5296 548 5349 κατά
576 5297 675 5367 τὴν
706 5297 851 5367 ζωὴν
895 5297 1298 5367 ἀναμάρτητον.
1326 5292 1420 5356 Τίς
1458 5292 1567 5362 γὰρ
1609 5291 1668 5358 ἐξ
1700 5292 1864 5345 αὑτοῦ
1894 5292 1987 5344 καὶ

398 5387 466 5441 δι’
498 5387 665 5440 αὑτοῦ
699 5389 794 5441 καὶ
838 5390 896 5441 ὲν
929 5387 1078 5458 αὑτῷ
1132 5387 1231 5457 ζῇν
1279 5384 1571 5445 πιστεύων,
1607 5382 1855 5453 μάρτυρα
1887 5382 1985 5451 τῆς

400 5478 851 5550 ἀπεμφαινούσης
910 5477 1057 5547 ζωῆς
1100 5478 1365 5547 τολμήσαι
1412 5476 1742 5545 ποιήσασθαι
1789 5472 1880 5526 τὸν
1926 5474 1983 5528 ἐν

400 5569 551 5642 αὑτῷ
582 5570 681 5643 τὴν
709 5569 940 5624 ἑκάστου
970 5568 1112 5640 ζωὴν
1142 5568 1495 5638 περιέχοντα;
1546 5564 1751 5634 Βρῶμα
1790 5564 1847 5618 δὲ
1890 5564 1985 5616 καὶ

399 5664 555 5731 πόμα
619 5662 985 5733 πνευματικὸν
1035 5660 1315 5732 ὀνομάζων
1364 5658 1454 5711 τὸν
1512 5657 1711 5728 Κύριον
1760 5657 1788 5707 ὁ
1843 5655 1984 5717 Gaio;

473 5862 565 5914 “'l
600 5859 741 5914 Tim.
778 5876 852 5923 vr,
888 5858 973 5911 16.
1051 5859 1094 5888 ’⁵
1120 5855 1412 5917 Joan.x1v,
1455 5859 1535 5912 lt).

728 5956 993 6016 ΡΑτιιοι..
1044 5953 1158 6009 (in.
1214 5951 1260 6007 Χ
1281 5951 1428 6010 Μί.

1617 5860 1657 5886 ’³⁸⁷
1695 5856 1855 5909 Hebr.
1892 5871 1927 5918 ι,
1967 5854 2019 5908 5,

2089 4745 2234 4799 cnim
2270 4746 2511 4799 materia.-
2534 4746 2615 4799 vel
2648 4747 2971 4817 participem
2999 4752 3082 4804 vel
3108 4762 3384 4821 expertem
3413 4764 3666 4810 naturam

2090 4846 2445 4907 acceperunt,
2486 4855 2648 4892 unam
2687 4840 3013 4895 substantiae
3035 4858 3259 4898 causam
3284 4846 3506 4909 habent,
3544 4863 3669 4901 ver-

2088 4930 2218 4983 bum
2253 4929 2473 4982 virtutis
2503 4929 2651 4983 illius
2707 4945 2828 4999 quae
2883 4933 3049 4987 nullis
3086 4936 3265 4989 verbis
3307 4935 3415 4989 dici
3464 4944 3663 5006 potest.

2085 5020 2163 5075 Ex
2197 5037 2308 5091 quo
2335 5021 2714 5087 admonemur,
2744 5033 2804 5078 ut
2838 5040 2985 5090 eum,
3013 5026 3158 5079 unde
3186 5043 3273 5082 res
3299 5042 3487 5082 omnes
3533 5036 3667 5083 ortae

2084 5119 2469 5181 generatmque
2511 5120 2658 5178 sunt,
2707 5113 3039 5168 intueamur.
3090 5114 3302 5169 Etenim
3351 5117 3398 5170 si
3454 5118 3520 5170 ab
3572 5119 3667 5173 illo

2085 5198 2358 5268 procreati
2395 5213 2610 5262 sumus,
2644 5207 2808 5268 atque
2842 5201 2896 5254 in
2925 5217 2989 5256 eo
3023 5204 3400 5271 consistimus,
3440 5207 3666 5261 omnino

2086 5305 2317 5344 necesse
2345 5299 2508 5343 estut
2543 5289 2679 5343 nihil
2706 5307 2828 5345 esse
2853 5292 3164 5358 credamus,
3219 5295 3363 5362 quod
3418 5296 3537 5364 ejus
3571 5299 3664 5367 qui

2086 5398 2188 5435 nos
2218 5382 2614 5452 procrearit,in
2647 5398 2757 5449 quo
2788 5384 2982 5446 simus,
3011 5383 3065 5437 in
3101 5400 3262 5453 quem
3300 5388 3663 5453 resolvamnr,

2091 5473 2457 5543 cognitionem
2501 5472 2741 5542 etl‘ugiat.
2800 5476 2919 5539 Qua
2952 5475 3173 5544 quidem
3209 5479 3563 5549 cogitatione,
3606 5490 3667 5532 ut

2091 5578 2308 5634 aequum
2336 5573 2441 5625 est,
2473 5563 2785 5617 innocentia
2815 5565 2938 5619 vitae
2964 5577 3339 5623 conservatur.
3365 5570 3500 5636 Quis
3518 5570 3665 5625 enim

2091 5673 2157 5713 ex
2188 5658 2328 5726 ipso,
2362 5664 2416 5711 et
2443 5670 2537 5726 per
2569 5656 2768 5725 ipsum,
2801 5665 2852 5713 et
2900 5658 2952 5712 in
2988 5660 3106 5732 ipso
3137 5663 3181 5693 "
3217 5679 3275 5716 se
3332 5663 3513 5719 vivere
3545 5675 3667 5716 cre-

2776 5785 2803 5814 ο

2100 5855 2141 5883 ’⁷
2170 5854 2327 5905 Ihm.
2368 5869 2438 5919 \‘t,
2468 5852 2550 5903 36.

3388 5951 3427 6014 9

3580 416 3688 480 268
3759 458 3768 467 ο
