4106 6472
535 473 638 524 267

1776 474 1832 529 S.
1862 469 2190 529 GliEGORIi
2225 467 2514 524 NYSSENI

3725 461 3829 518 268

534 585 691 650 dens,
727 586 904 656 turpis
931 595 986 640 et
1017 587 1304 658 ﬂagitiosae
1352 591 1476 644 vitae
1505 597 1699 644 testem
1737 592 1936 645 habere
1983 589 2104 643 velit

2227 585 2568 650 Ἀπόστολος,
2615 582 2784 638 ταῦτα
2834 581 2920 634 διὰ
2951 583 3060 634 τῶν
3098 580 3402 651 λεγομένων
3439 580 3597 632 νοεῖν
3630 579 3825 631 ὑποτί-

531 691 864 747 eum,quem
913 678 1353 750 uniuscujusque
1413 683 1578 736 vitam
1605 685 1660 736 in
1722 697 1781 737 se
1831 683 2112 736 continere

531 768 712 822 sciat?
737 768 932 824 Escam
952 780 1130 825 autem
1156 779 1209 826 et
1233 780 1419 841 potum
1445 773 1782 844 spiritualem
1821 771 2111 826 Dominum

531 859 814 927 appellans
845 861 1006 916 divus
1039 861 1392 933 Apostolus"
1424 881 1524 921 nos
1577 864 2017 929 commonefacit,
2051 871 2112 919 ut

530 958 786 1004 naturam
823 951 1117 1007 humanam
1172 968 1280 1008 non
1333 954 1790 1024 simplicem,,sed
1825 970 1890 1009 ex
1927 961 2110 1009 mente

533 1057 808 1112 sensuque
870 1045 1226 1114 compositam
1286 1047 1628 1116 cogitemus,
1677 1046 1836 1115 cujus
1890 1045 2108 1116 quidem

531 1135 752 1202 utrique
792 1135 931 1204 parti
970 1136 1042 1190 sit
1074 1137 1326 1206 proprius
1363 1139 1552 1206 cibus;
1595 1139 1768 1194 solida
1809 1140 1953 1193 enim
1984 1153 2110 1192 esca

529 1239 730 1294 corpus
767 1227 1039 1294 nutritur;
1080 1229 1309 1298 spiritali
1363 1230 1624 1285 alimento
1653 1231 1908 1286 valetudo
1941 1229 2110 1285 animi

529 1324 904 1372 conservatur.
929 1317 1007 1373 Ac
1037 1319 1496 1388 quemadmodum
1533 1321 1588 1376 in
1608 1337 1838 1392 corpore
1859 1321 2032 1377 solida
2057 1329 2112 1376 et

528 1407 748 1462 humida
775 1409 1032 1464 alimenta
1088 1411 1229 1466 inter
1280 1427 1340 1468 se
1390 1413 1554 1469 mista
1585 1423 1833 1468 naturam
1865 1413 2112 1468 nutriunt

523 1505 579 1552 ct
618 1505 861 1564 tuentur,
891 1497 1020 1554 dum
1055 1510 1245 1558 mutuo
1278 1513 1540 1578 concocta
1575 1505 1806 1576 singulis
1837 1506 2106 1576 partibus.

523 1604 646 1658 quae
680 1590 734 1643 in
772 1591 934 1647 nobis
963 1607 1030 1647 ex
1071 1593 1358 1650 elementis
1386 1605 1660 1652 concreta:
1695 1607 1842 1662 sunt,
1883 1597 2110 1652 commi-

523 1685 748 1733 scentur
779 1697 794 1734 :
829 1679 910 1735 sic
943 1683 1139 1738 mentis
1175 1683 1492 1739 alimentum
1531 1701 1596 1740 ex
1635 1687 1990 1756 proportione
2022 1685 2109 1740 di-

524 1766 713 1824 videns
745 1767 970 1837 Paulus,
995 1786 1176 1827 escam
1201 1781 1255 1829 et
1288 1782 1477 1842 potum
1509 1783 1667 1830 vocat
1696 1776 1940 1831 eamdem
1969 1791 2106 1844 rem,

524 1867 684 1928 prout
717 1871 842 1932 apte
869 1869 923 1918 et
950 1865 1171 1934 proprie
1192 1865 1257 1920 ad
1283 1867 1668 1936 accipientium
1697 1883 1856 1924 usum
1890 1883 2108 1924 accom-

2215 677 2388 740 θεται,
2429 678 2511 729 ὅτι
2556 676 2616 728 ού
2667 675 2944 746 μονοειδής
2997 677 3143 728 ἐστ.ν
3173 675 3206 743 ἠ
3251 672 3585 744 ἀνθρωπίνη
3636 667 3830 740 φύσις,

2213 770 2350 825 ἀλλὰ
2389 770 2484 823 τοῦ
2533 769 2726 839 νοητοῦ
2766 767 2902 840 πρὸς
2933 768 2996 821 τὸ
3035 767 3292 837 αἰσθητὸν
3326 763 3828 836 συγκεκραμένου,

2217 863 2492 926 ίδιάζουσα
2515 861 2634 915 καθ’
2657 862 2742 914 ἓτε
2753 877 2843 932 ρον
2868 859 2974 914 τῶν
2998 862 3055 913 ἐν
3079 861 3210 930 ἡμῖν
3231 857 3647 928 θεωρουμένων
3675 855 3829 910 ἐστὶν

2213 956 2470 1028 ἡτροφή·
2517 955 2614 1024 τῆς
2657 953 2756 1024 μὲν
2784 951 3048 1022 αἰσθητῆς
3077 949 3328 1020 βρώσεως
3373 949 3436 1002 τὸ
3479 947 3828 1018 σῶμα’διαο

2213 1047 2540 1118 κρατούσης,
2573 1045 2672 1115 τῆς
2700 1045 2756 1097 δὲ
2785 1043 3160 1114 πνευματικῆς
3192 1041 3398 1112 τροφῆς
3427 1041 3540 1112 τὴν
3576 1039 3827 1109 ψυχικὴν

2213 1137 2548 1210 ἐμποιούσης
2577 1139 2707 1206 ἡμῖν
2736 1135 2970 1200 εὐεξίαν.
3028 1131 3166 1186 Ἀλλ’
3211 1133 3400 1202 ὥσπερ
3425 1131 3528 1184 ἐπὶ
3572 1129 3672 1184 τοῦ
3712 1131 3823 1183 σὼ-

2215 1247 2403 1300 ματος,
2449 1229 2510 1282 τὸ
2560 1227 2777 1298 στερεόν
2817 1243 2878 1280 τε
2922 1227 3015 1279 καὶ
3064 1225 3228 1295 ὑγρὸν
3255 1225 3354 1294 τῆς
3398 1225 3650 1294 τροφῆς,
3702 1222 3825 1291 μετ’

2213 1322 2384 1377 ἄλλων
2410 1319 2741 1392 μιγνύμενα.
2781 1319 3150 1389 συντηρητικὰ
3178 1319 3276 1387 τῆς
3309 1315 3534 1384 φύσεως
3573 1315 3822 1382 γίνεται,

2211 1414 2300 1468 διὰ
2345 1415 2442 1484 τῆς
2489 1411 2824 1480 καταλλὴλου
2873 1409 3088 1479 πέψεως
3146 1409 3360 1478 ἑκάστῳ
3411 1407 3530 1460 τῶν
3583 1407 3644 1458 ἐν
3681 1407 3819 1476 ἡμῖν

2214 1499 2564 1571 στοιχειωδῶς
2609 1497 3069 1569 συγκεκραμένων
3115 1495 3582 1566 καταμιγνύμενα
3609 1511 3623 1524 ·
3675 1496 3819 1547 κατὰ

2209 1591 2302 1646 τὸν
2357 1590 2522 1645 αὐτὸν
2570 1590 2770 1660 τρόπον
2817 1587 3155 1657 ἅναλογικῶς
3203 1588 3232 1640 ό
3284 1587 3503 1650 Παῦλος
3559 1587 3662 1640 καὶ
3717 1587 3818 1656 τὴν

2213 1682 2407 1753 νοητὴν
2441 1680 2798 1752 καταμερίζει
2844 1678 3073 1751 τροφὴν,
3127 1677 3329 1750 βρῶσιν
3374 1677 3678 1748 ὀνομάζων
3722 1678 3817 1732 καὶ

2211 1773 2368 1826 πόσιν
2400 1773 2459 1826 τὸ
2493 1772 2624 1826 αὐτὸ
2671 1773 2924 1842 πρᾶγμα,
2957 1771 3090 1844 πρὸς
3133 1770 3232 1841 τὴν
3268 1770 3457 1841 χρείαν
3489 1769 3608 1822 τῶν
3642 1787 3816 1841 προσ-

2211 1867 2527 1938 φερομένων
2569 1865 2786 1928 οἰκείως
2822 1861 3318 1934 μεθαρμοζόμενον.
3365 1861 3498 1926 Τοῖς
3553 1861 3659 1932 μὲν
3707 1860 3814 1932 γὰρ

524 1951 795 2008 modatur.
834 1952 968 2008 Nam
1002 1955 1288 2012 imbecillis
1329 1957 1658 2030 afﬁictisque
1691 1961 1848 2029 panis
1884 1960 1972 2020 ﬁt.
2007 1975 2104 2016 cor

2209 1957 2459 2011 ἀτονοῦσι
2487 1956 2583 2010 καὶ
2612 1955 2994 2026 ἐκλελυμένοις
3042 1954 3206 2023 ἄρτος
3244 1952 3478 2020 γίνεται,
3529 1952 3813 2023 στηρίζων

523 2042 758 2100 hominis
787 2046 1152 2114 conﬁrmans;
1181 2049 1342 2120 aegris
1363 2060 1544 2105 autem
1579 2059 1634 2104 et
1669 2051 1832 2120 hujus
1853 2051 1975 2105 vitae
2007 2051 2106 2104 mi-

523 2135 668 2190 seria
697 2135 1089 2204 laborantibus,
1131 2153 1196 2194 ac
1233 2149 1517 2210 propterea
1567 2142 1875 2198 sitientibus
1925 2143 1986 2196 tit
2024 2143 2106 2196 vi-

524 2242 655 2283 num
687 2227 838 2284 cordi
869 2229 1112 2286 laetitiam
1157 2231 1390 2288 aﬁ'erens
1404 2233 1471 2287 ”.

591 2409 821 2483 Oportet
845 2418 1027 2471 autem
1064 2425 1162 2482 per
1191 2425 1255 2468 ea
1285 2427 1406 2480 quae
1440 2411 1588 2468 dicta
1639 2419 1771 2467 sunt
1825 2413 1930 2466 vim
1981 2429 2106 2470 ora-

523 2503 689 2560 tionis
724 2503 1045 2574 intelligere,
1107 2517 1217 2574 qua
1268 2506 1487 2558 animus
1550 2520 1617 2558 ex
1681 2505 1935 2574 praesenti
1999 2523 2104 2562 usu

524 2593 760 2664 gratiam
788 2595 1066 2664 accipiens
1097 2595 1284 2660 alitur,
1322 2602 1385 2648 ut
1439 2594 1646 2650 indicat
1696 2595 1928 2666 aenigma
1973 2595 2108 2651 Pro-

525 2683 719 2762 pheta,
752 2684 846 2756 qui
878 2685 998 2739 loco
1024 2700 1263 2755 pascuae,
1297 2693 1352 2741 et
1378 2700 1520 2756 aqua
1553 2686 1872 2742 refectionis
1901 2702 2104 2742 conso-

523 2773 783 2831 lationem
833 2775 1106 2848 signiﬁcat
1136 2777 1206 2845 ”,
1265 2791 1389 2848 quae
1417 2777 1669 2834 oratione
1722 2778 2105 2836 laborantibus

521 2876 578 2923 et
609 2866 828 2927 afﬂictis
858 2869 1171 2926 adhibetur.
1205 2869 1303 2926 Sin
1335 2871 1536 2941 aliquis
1568 2871 1736 2928 etiam
1799 2873 1867 2928 ad
1901 2885 2107 2945 mySte-
2141 2897 2152 2906 ο

521 2961 667 3015 rium
699 2961 1001 3032 respiciens
1031 2961 1182 3018 dicat
1209 2963 1392 3019 cibum
1425 2971 1480 3018 et
1517 2971 1704 3035 potum
1740 2965 1964 3035 pr0prie
2004 2963 2108 3018 Do-

523 3051 734 3107 minum
764 3053 1062 3119 nominari,
1097 3068 1168 3110 ne
1194 3053 1249 3108 id
1277 3053 1498 3124 quidem
1538 3069 1568 3109 a
1605 3042 1866 3126 germana
1897 3056 2106 3128 signiti-

496 3125 741 3200 Ecatione
767 3145 1092 3200 recesserit:
1123 3160 1252 3201 vere
1279 3147 1423 3202 enim
1453 3160 1587 3202 caro
1612 3125 1786 3217 ipsius
1811 3155 1896 3203 est
1924 3148 2104 3212 cibus.

527 3241 581 3290 et
609 3235 839 3306 sanguis
865 3234 988 3305 ejus
1023 3250 1152 3291 vere
1191 3244 1280 3292 est
1311 3243 1474 3307 potus
1501 3236 1566 3293 ³¹.
1598 3239 1778 3309 Atque
1807 3246 2104 3294 memorata

2211 2049 2435 2122 καρδίαν
2469 2047 2755 2118 ἀνθρώπου
2779 2063 2791 2074 ·
2825 2048 2936 2109 τοῖς
2979 2045 3036 2098 δέ
3071 2043 3375 2116 κεκμηκόσι
3404 2043 3498 2098 διὰ
3541 2043 3647 2115 τὴν
3676 2042 3814 2114 πρὸς

2209 2139 2300 2193 τὸν
2337 2139 2449 2210 βίον
2481 2138 2667 2192 τοῦτον
2707 2137 3106 2208 ταλαιπωρίαν,
3145 2137 3238 2190 καὶ
3269 2136 3355 2190 διὰ
3382 2136 3552 2189 τοῦτο
3580 2135 3810 2206 γενομὲο

2210 2247 2321 2294 νοις
2367 2229 2670 2300 διψώδεσιν,
2709 2224 2849 2290 οἶνος
2898 2228 3126 2294 γίνεται,
3172 2225 3268 2298 τὴν
3315 2226 3554 2298 καρδίαν
3600 2227 3684 2289 είς
3717 2226 3809 2279 εύ-

2211 2323 2486 2396 φροσύνην
2514 2322 2681 2391 ἄγων.

2281 2419 2442 2472 Νοεῖν
2479 2416 2535 2470 δὲ
2580 2415 2686 2486 χρὴ
2735 2413 2822 2467 διὰ
2864 2411 2973 2466 τῶν
3025 2409 3330 2483 εἰρημένων
3363 2408 3461 2463 τοῦ
3511 2408 3680 2478 λόγου
3713 2407 3815 2478 τὴν

2208 2511 2456 2581 δύναμιν,
2509 2507 2571 2562 δι’
2637 2501 2698 2561 οὗ
2743 2505 3000 2577 τρέφεται
3045 2505 3078 2574 ἡ
3125 2503 3271 2574 ψυχὴ
3329 2501 3692 2573 καταλλήλως
3739 2504 3805 2570 τῇ

2209 2603 2386 2676 χρείᾳ,
2424 2601 2522 2673 τὴν
2566 2601 2660 2654 ἀπ’
2689 2597 2852 2652 αὐτοῦ
2883 2597 3042 2668 χάριν
3087 2595 3519 2668 προσδεχομένη,
3553 2595 3700 2648 κατὰ
3747 2594 3806 2647 τὸ

2208 2696 2436 2765 αἴνιγμα
2475 2690 2570 2745 τοῦ
2609 2690 2910 2762 προφήτου,
2969 2688 3028 2752 ὃς
3066 2678 3223 2758 τόπῳ
3270 2686 3431 2757 χλόης
3481 2685 3580 2739 καὶ
3609 2684 3802 2748 ὓδατος

2208 2783 2568 2846 ἀναπαύσεως
2608 2780 2704 2850 τὴν
2755 2781 2820 2832 ἐκ
2847 2777 2940 2832 τοῦ
2974 2777 3132 2846 λόγου
3155 2769 3476 2847 ’γινομένην
3534 2777 3654 2837 τοῖς
3713 2790 3799 2827 κε-

2207 2875 2444 2948 κμηκόσι
2496 2871 2848 2946 παραμυθίαν
2903 2869 3270 2940 διασημαίνει.
3323 2869 3386 2922 Εἰ
3437 2869 3500 2922 δὲ
3550 2867 3690 2939 πρὸς
3741 2865 3800 2920 τὸ

2210 2965 2508 3038 μυστήριόν
2570 2981 2657 3028 τις
2708 2963 2943 3034 βλέπων,
3002 2960 3200 3034 βρῶμα
3249 2961 3343 3014 καὶ
3397 2961 3557 3032 πόμα
3597 2959 3799 3030 κυρίως

2207 3057 2567 3128 ὀνομάζεσθαι
2585 3057 2734 3124 λέγοι
2759 3053 2850 3108 τὸν
2879 3054 3103 3126 Κύριον,
3137 3053 3260 3108 οὐδέ
3284 3052 3445 3106 τοῦτο
3475 3053 3578 3124 τῆς
3607 3050 3798 3122 κυρίας

2207 3151 2498 3221 ἐμφάσεως
2539 3147 2912 3213 ἀπεξένωται·
2949 3145 3166 3217 ἀληθῶς
3209 3145 3318 3218 γὰρ
3363 3148 3398 3216 ἡ
3445 3145 3588 3217 σὰρξ
3633 3143 3798 3200 αὐτοῦ

2209 3241 2410 3314 βρῶσίς
2440 3243 2574 3306 ἐστι,
2607 3240 2702 3294 καὶ
2733 3241 2794 3293 τὸ
2819 3234 2958 3309 αἷμα
3000 3237 3166 3291 αὐτοῦ
3199 3236 3413 3309 ἀληθῶς
3460 3240 3583 3291 ἐστι
3619 3237 3796 3300 πόσις.

527 3324 747 3397 quidem
794 3325 1210 3398 signiﬁcatione,
1249 3328 1508 3384 omnibus
1552 3343 1678 3384 cum
1713 3336 1985 3401 potestate
2023 3328 2104 3384 fa-

2218 3333 2358 3388 ’Λλλ’
2393 3334 2484 3386 ἐπὶ
2515 3331 2615 3402 τῆς
2644 3331 3048 3404 προρρηθείσης
3083 3329 3179 3401 μὲν
3204 3329 3462 3394 διανοίας,
3499 3330 3639 3383 πᾶσι
3679 3329 3795 3380 κατ’

527 3418 709 3473 cultas
729 3418 891 3473 datur
923 3424 984 3473 ut
1014 3419 1312 3491 participes
1342 3421 1456 3476 sint
1505 3418 1692 3485 Verbi,
1723 3420 1873 3492 quod
1921 3421 1990 3478 ab
2036 3422 2104 3476 iis

527 3507 620 3576 qui
650 3507 942 3578 requirunt
973 3508 1107 3564 illud
1154 3519 1464 3581 acceptum,
1496 3510 1556 3566 ﬁt
1618 3510 1778 3568 cibus
1825 3521 1879 3567 et
1941 3521 2101 3582 potus

525 3600 648 3656 sine
675 3599 998 3656 discrimine
1037 3609 1310 3672 gustatus.
1358 3601 1420 3657 In
1453 3604 1627 3658 altera
1659 3613 1840 3658 autem
1895 3603 2105 3674 signiﬁ-

525 3691 742 3747 catione
774 3706 882 3747 non
941 3693 1063 3748 sine
1097 3694 1416 3764 probatione
1477 3703 1570 3750 aut
1625 3695 1744 3750 sine
1778 3697 1982 3751 dilectu
2047 3697 2104 3750 ﬁt

523 3781 800 3850 ejusmodi
835 3781 942 3838 cibi
975 3791 1246 3853 potusque
1272 3785 1654 3856 participatio,
1699 3803 1822 3842 cum
1859 3789 2101 3858 Aposto-

525 3873 614 3928 lus
644 3872 717 3926 ita
745 3870 1056 3928 deﬁnierit:
1099 3891 1119 3925 ι
1158 3873 1362 3930 Probet
1404 3885 1629 3942 ,autem,
1684 3879 1884 3949 inquit,
1916 3895 1976 3935 se
2021 3881 2102 3950 ip-

526 3974 652 4014 sum
684 3960 945 4030 quisque,
977 3969 1032 4016 et
1057 3963 1138 4018 sic
1159 3963 1227 4018 de
1260 3978 1401 4034 pane
1440 3966 1533 4021 illo
1563 3967 1714 4032 edat,
1740 3967 1889 4023 etde
1935 3969 2103 4025 calice

526 4051 696 4106 bibat.
729 4051 832 4118 Qui
862 4053 1008 4108 enim
1036 4053 1261 4126 indigne
1302 4057 1604 4114 manducat
1640 4061 1713 4114 ‘et
1761 4060 1918 4125 bibit,
1955 4062 2100 4132 judi-

524 4143 670 4199 cium
717 4143 822 4200 sibi
850 4145 1145 4200 manducat
1171 4153 1228 4202 et
1255 4147 1394 4202 bibit
1423 4149 1492 4204 ³⁸.
1523 4168 1543 4202 ι
1613 4147 1732 4206 Huc
1767 4159 1948 4206 autem
2015 4169 2102 4208 re-

524 4235 766 4306 spiciens
797 4237 1134 4307 evangelista
1163 4239 1324 4310 planc
1351 4239 1572 4296 videtur
1599 4243 1848 4298 eamdem
1895 4243 2102 4315 signiﬁ-

524 4326 794 4382 cationem
831 4325 1208 4393 conﬁrmasse,
1239 4343 1364 4384 cum
1394 4331 1640 4404 mystica:
1667 4333 1942 4403 passionis
1967 4345 2102 4390 tem-

523 4430 657 4486 pore
707 4417 908 4474 nobilis
962 4419 1054 4474 ille
1113 4429 1338 4475 senator
1395 4422 1748 4479 immaculata
1789 4425 2103 4496 mundaque

523 4504 758 4561 sindone
795 4507 1082 4564 involvens
1111 4508 1328 4566 Domini
1359 4527 1561 4584 corpus
1593 4515 1648 4570 in
1683 4532 1827 4572 novo
1858 4527 1912 4572 et
1961 4534 2102 4589 puro

525 4603 878 4650 monumento
931 4601 1112 4668 posuit
1149 4600 1218 4654 ⁸³.
1291 4602 1655 4669 Quamobrem
1727 4618 1782 4666 et
1853 4610 2096 4682 Apostoli

524 4694 796 4759 praecepto
849 4697 905 4744 et.
929 4691 1280 4762 evangelista;
1345 4694 1733 4754 observatione
1781 4715 2097 4758 commone-

497 4794 668 4850 nnur,
697 4789 759 4842 ut
787 4791 1201 4839 sacrosanctum
1261 4787 1474 4844 ltomini
1522 4806 1728 4863 corpus
1773 4809 1910 4864 pura
1961 4811 2096 4852 con-

522 4871 751 4926 scientia
783 4873 1173 4944 suscipiamus.
1203 4875 1361 4943 Quod
1409 4881 1454 4936 si
1487 4881 1667 4954 aliqua
1723 4887 1934 4955 peccati
1982 4903 2098 4942 ma-

521 4963 645 5018 cula
677 4963 878 5019 infeCta
904 4965 1000 5030 sit,
1053 4981 1174 5022 eam
1213 4983 1354 5040 aqua
1390 4972 1759 5044 lacrymarum
1808 4979 2096 5036 abluamus

519 5059 575 5106 et
611 5067 1003 5124 expurgemus.
1037 5054 1241 5112 Verum
1291 5061 1416 5130 quia
1463 5065 1628 5120 etiam
1685 5075 1838 5136 petra
1894 5069 2096 5124 dicitur

519 5140 776 5199 Christus
803 5144 870 5211 ",
917 5161 1040 5202 eam
1093 5148 1256 5204 nobis
1298 5149 1350 5204 id
1383 5167 1583 5210 nomen
1637 5155 1830 5212 aﬁ‘eret
1884 5159 2092 5215 utilita-

519 5243 651 5301 tem,
683 5243 742 5289 ut
770 5247 978 5292 rectam
1019 5238 1242 5294 vivendi.
1262 5243 1530 5300 rationem
1561 5245 1773 5304 ﬁrmam
1817 5264 1882 5305 ac
1924 5252 2094 5306 stabi-

520 5325 630 5381 lem
673 5334 978 5398 teneamus,
1005 5329 1148 5384 etin
1179 5331 1355 5388 rebus
1405 5333 1655 5393 adversis
1711 5337 1922 5395 fortiter
1969 5357 2094 5412 per-

521 5414 762 5472 ferendis
821 5427 1143 5478 constantes
1189 5423 1386 5492 simus,
1448 5425 1824 5499 adversusque
1874 5447 2092 5488 onmem

521 5503 729 5571 peccati
767 5505 1030 5578 impetum
1071 5520 1330 5570 strenuos
1378 5523 1544 5586 atque
1591 5517 1828 5576 invictos
1881 5523 2094 5580 animos

522 5602 878 5662 praestemus:
911 5616 977 5654 ex
1015 5601 1104 5657 bis
1137 5603 1281 5657 enim
1310 5606 1476 5662 rebus
1529 5617 1583 5664 et
1638 5611 1761 5667 aliis
1821 5612 2094 5684 ejusmodi

2203 3424 2449 3490 ἐξουσίαν
2493 3425 2638 3477 ἐστὶν
2693 3425 2726 3494 ἡ
2783 3423 3040 3494 μετουσία
3088 3421 3182 3474 τοῦ
3232 3421 3444 3488 Λόγου,
3493 3422 3556 3484 ὃς
3588 3420 3794 3490 γίνεται

2205 3516 2399 3589 βρῶμα
2445 3517 2540 3570 καὶ
2589 3516 2738 3586 πόμα
2787 3515 3230 3585 προσφερόμενον
3280 3513 3640 3582 ἀδιακρίτως,
3693 3506 3793 3562 ὑπὸ

2203 3610 2312 3663 τῶν
2347 3607 2750 3680 ἐπιζητούντων
2782 3607 2944 3660 αὐτὸν
2973 3605 3402 3677 λαμϐανόμενος.
3453 3605 3584 3657 Ἐπὶ
3615 3603 3674 3656 δὲ
3700 3601 3792 3671 τῆς

2165 3769 2172 3778 .
2203 3701 2396 3772 ἐτέρας
2435 3699 2662 3762 ἐννοίας,
2702 3699 2802 3750 οὐκ
2831 3696 2976 3750 ἔστιν
3024 3693 3376 3762 ἁνεξέταστος
3407 3695 3506 3750 καὶ
3545 3693 3788 3763 ἀδιάκρι·

2201 3809 2290 3856 τος
2323 3793 2354 3863 ή
2381 3791 2482 3857 τῆς
2513 3788 2766 3858 τοιαύτης
2795 3787 3000 3860 τροφῆς
3027 3804 3083 3840 τε
3114 3786 3208 3840 καὶ
3255 3787 3466 3849 πόσεως
3507 3783 3790 3856 μετουσία,

2201 3883 2372 3948 οὕτως
2411 3881 2508 3936 τοῦ
2555 3880 2877 3936 Ἀποστόλου
2910 3878 3405 3952 προσδιορίσαντος,
3457 3879 3544 3932 ὅτι
3577 3896 3596 3928 ι
3641 3877 3789 3928 Δοκι·

2205 3972 2423 4044 μαζέτω
2446 3971 2504 4025 δὲ
2533 3970 2762 4034 ἕκαστος
2795 3970 3007 4036 ἐαυτὸν,
3043 3969 3138 4024 καὶ
3179 3967 3350 4032 οὕτως
3397 3969 3461 4022 ἐκ
3497 3966 3592 4021 τοῦ
3627 3965 3790 4036 ἄρτου

2201 4063 2444 4123 ἐσθιέτω,
2477 4063 2572 4116 καὶ
2603 4063 2668 4115 ἐκ
2704 4060 2798 4115 τοῦ
2831 4062 3090 4132 ποτηρίου
3120 4059 3342 4114 πινέτω.
3385 4061 3442 4112 Ὀ
3470 4060 3530 4113 δὲ
3557 4056 3787 4121 ἀναξίως

2200 4153 2393 4208 ἐσθίων
2415 4152 2509 4206 καὶ⁹
2533 4153 2739 4216 πίνων,
2761 4151 2838 4213 εἰς
2868 4152 3039 4221 κρῖμα
3057 4147 3234 4220 ἐαυτῷ
3255 4147 3420 4201 ἐσθίει
3447 4147 3545 4202 καὶ
3573 4147 3734 4202 πίνει.
3764 4163 3782 4196 ι

2201 4245 2344 4316 Πρὸς
2371 4245 2399 4298 ὃ
2423 4261 2512 4316 μοι
2541 4243 2689 4297 δοκεῖ
2711 4243 2738 4296 ὁ
2769 4239 3158 4311 εὐαγγελιστὴς
3185 4239 3415 4310 βλέπων,
3452 4236 3783 4310 ἠσφαλισμέ-

2201 4353 2306 4400 νως
2341 4335 2404 4388 τὸ
2449 4334 2658 4388 τοιοῦτο
2706 4328 3228 4405 παρασημήνασθαι,
3265 4330 3346 4384 δτι
3393 4331 3450 4383 ἐν
3493 4329 3575 4400 τῷ
3612 4323 3785 4398 καιρῷ

2200 4429 2292 4482 τοῦ
2329 4425 2592 4498 μυστικοῦ
2625 4423 2829 4487 πάθους
2860 4425 2888 4476 ό
2911 4423 3202 4493 εὐσχήμων
3231 4421 3436 4484 ἐκεῖνος
3470 4417 3781 4491 βουλευτὴς,

2200 4519 2413 4588 ἀσπίλῳ
2443 4518 2535 4572 καὶ
2573 4516 2789 4586 καθαρᾷ
2823 4517 2888 4584 τῇ
2929 4513 3124 4566 σινδόνι
3162 4512 3220 4566 τὸ
3251 4513 3409 4584 σῶμα
3441 4513 3536 4566 τοῦ
3581 4509 3782 4581 Κυρίου

2203 4606 2490 4670 διαλαϐὼν,
2515 4603 2687 4674 καινῷ
2718 4621 2778 4655 τε
2810 4603 2902 4656 καὶ
2934 4601 3157 4674 καθαρῷ
3194 4603 3434 4673 μνήματι
3459 4598 3778 4656 ἐναπέθετο·

2204 4701 2344 4756 ὥστε
2397 4700 2557 4771 νόμον
2600 4697 2763 4752 πᾶσιν
2805 4697 2935 4766 ἡμῖν
2971 4695 3032 4748 τό
3063 4711 3122 4748 τε
3153 4693 3246 4750 τοῦ
3292 4695 3614 4748 Ἀποστόλου
3645 4705 3779 4760 παρ-

2206 4789 2454 4859 άγγελμα
2477 4784 2749 4856 γενέσθαι,
2790 4785 2883 4838 καὶ
2907 4783 2966 4836 τό
2998 4783 3090 4838 τοῦ
3115 4784 3498 4860 εύαγγελιστοιξ
3536 4780 3776 4854 παρατήο

2209 4896 2376 4952 ρημα,
2423 4875 2516 4930 τοῦ
2551 4876 2768 4947 καθαρᾷ
2807 4877 2874 4946 τῇ
2927 4875 3228 4946 συνειδήσει
3278 4875 3339 4928 τὸ
3390 4876 3546 4946 ἆγιον
3587 4871 3776 4928 ὑποδέ-

2205 4968 2394 5040 χεσθαι
2427 4967 2586 5036 σῶμα
2609 4981 2622 4995 ³
2658 4965 2712 5016 εἴ
2733 4965 2833 5017 πού
2870 4983 2952 5029 τις
2991 4965 3048 5029 ἐξ
3075 4966 3350 5037 ἁμαρτίας
3382 4967 3466 5038 εἴη
3499 4965 3672 5036 κηλὶς,
3701 4959 3774 5030 τῷ

2205 5062 2358 5116 ὕδατι
2382 5059 2490 5112 τῶν
2521 5057 2772 5129 δακρύων
2802 5057 3248 5128 ἀπορρύψαντας.
3298 5057 3458 5110 Ἀλλὰ
3488 5057 3659 5126 πέτρα
3686 5052 3772 5104 λεο

2203 5155 2430 5224 γόμενος
2457 5155 2485 5206 ό
2519 5150 2771 5222 Χριστὸς,
2808 5149 3081 5220 ὠφελήσει
3121 5149 3209 5203 διὰ
3238 5149 3330 5204 τοῦ
3371 5149 3628 5224 ὀνόματος
3655 5142 3769 5198 τού-

2201 5264 2295 5301 του
2327 5246 2490 5316 ἡμᾶς,
2522 5245 2578 5296 ἐν
2610 5243 2688 5314 τῷ
2719 5243 2901 5313 παγίῳ
2948 5259 3005 5294 τε
3041 5243 3134 5296 καὶ
3179 5241 3496 5312 ἀμεταθέτῳ
3530 5241 3628 5310 τῆς
3659 5235 3769 5290 κατ’

2201 5341 2402 5410 ἀρετὴν
2432 5335 2598 5406 ζωῆς,
2631 5335 2722 5389 καὶ
2749 5337 2806 5387 ἐν
2831 5333 2910 5404 τῷ
2938 5333 3180 5404 στερρῶς
3213 5333 3358 5404 ἔχειν
3383 5334 3516 5404 πρδς
3549 5331 3644 5400 τὴν
3669 5325 3768 5380 τῶν

2202 5429 2540 5501 παθημάτων
2607 5427 2918 5498 ὑπομονὴν,
2965 5425 3060 5478 καὶ
3114 5425 3200 5479 διὰ
3253 5425 3347 5478 τοῦ
3404 5426 3535 5497 πρὸς
3599 5423 3768 5476 πᾶσαν

2201 5520 2506 5594 προσϐολὴν
2559 5519 2829 5591 ἁμαρτίας
2883 5519 3172 5572 ἀντίτυπον
3216 5519 3310 5572 καὶ
3363 5518 3638 5572 ἀνένδοτον
3679 5511 3766 5580 τὴν

2200 5614 2377 5684 ψυχὴν
2404 5610 2836 5675 ἐπιδείκνυσθαι·
2865 5609 2951 5663 διὰ
2983 5609 3186 5664 τούτων
3225 5611 3331 5680 γὰρ
3364 5613 3455 5664 καὶ
3487 5607 3592 5662 τῶν
3611 5601 3779 5658 τοιού-

589 5784 638 5816 ²’
665 5787 844 5877 Ιίςῳχ
856 5806 916 5877 1,
941 5790 1008 5877 1-6
1031 5809 1158 5877 sqq.
1236 5797 1281 5830 “
1310 5798 1456 5862 Psal.
1483 5821 1600 5876 cm,
1630 5807 1718 5862 15.
1795 5809 1840 5842 ³⁸
1863 5807 2104 5866 Psal.xx:

2206 5812 2244 5867 Ξ.
2329 5813 2370 5845 ³³
2402 5810 2660 5874 Joan.v1,
2687 5807 2774 5864 56.
2853 5807 2939 5862 "1
2969 5806 3094 5862 Cor.
3121 5805 3304 5872 31,28.
3385 5805 3430 5837 ³³
3455 5803 3582 5859 an.
3615 5807 3760 5854 χχιιι,

518 5853 604 5906 53-
698 5857 780 5912 ’δι
803 5853 931 5915 Cor.
959 5874 1016 5925 κ,
1045 5853 1099 5919 ιζ
