4106 6448
421 443 527 499 ἓθῦ
1470 446 1557 502 DE
1597 447 1957 503 PERFECTA
1984 448 2377 504 Cﬂl‘tlS'llANi
2410 450 2665 506 i’UltMA.
3592 448 3698 508 270

433 577 539 614 των
590 561 777 635 πέτρα
825 562 916 618 καὶ
962 565 1117 634 ἡμεῖς
1151 562 1401 633 ἐσόμεθα,
1445 563 1790 633 μιμούμενοι,
1842 563 2018 626 καθώς

2130 576 2232 618 nos
2257 562 2386 618 item
2414 567 2621 620 erimus
2653 573 2825 635 petra,
2865 568 2915 619 in
2943 574 3133 622 natura
3171 570 3347 639 fragili
3387 570 3602 625 lii-mum
3644 579 3698 627 et

435 657 555 708 ἐστι
596 656 851 719 δυνατὸν,
897 659 955 708 ἐν
991 658 1055 725 τῇ
1089 658 1294 726 τρεπτῇ
1335 654 1492 725 φύσει
1529 656 1588 707 τὸ
1624 655 1888 725 ἄτρεπτον
1929 653 2018 706 τοῦ

2127 653 2469 709 immutabile
2526 655 2737 710 Domini
2790 658 2960 711 robur
3007 676 3104 727 pro
3146 662 3352 717 viribus
3394 663 3695 719 imitantes.

442 746 712 801 Δεσπότου
759 750 855 801 καὶ
888 748 1233 819 ἀμετάθετον.
1278 748 1340 800 Εἰ
1389 746 1445 799 δὲ
1479 746 1508 798 ό
1538 746 1700 808 αὐτὸς
1730 744 1881 815 παρά
1926 744 2019 797 τοῦ

440 826 606 906 σοφοῦ
634 839 1016 909 ἀρχιτέκτονος
1049 838 1144 891 xul.
1193 837 1440 907 θεμέλιος
1476 837 1732 899 πίστεως,
1773 836 1864 889 xul.
1914 852 2023 903 γω-

441 929 556 992 νίας
603 930 816 1001 κεφαλὴ
864 930 1209 1000 ὀνομάζεται,
1250 929 1371 982 οὐδὲ
1410 927 1567 981 τοῦτο
1602 928 1736 997 πρὸς
1783 928 1879 996 τὴν
1924 926 2019 980 τοῦ

440 1022 562 1075 κατ’
596 1020 795 1091 ἀρετὴν
846 1022 961 1091 βίου
1017 1021 1373 1091 συνεισφοράν
1422 1019 1709 1082 ἀσυντελὲς
1741 1021 1871 1090 ἡμῖν
1903 1021 2019 1072 ἐπι-

438 1110 803 1181 δειχθήσεται.
831 1111 1202 1181 Διδασκόμεθα
1225 1111 1332 1183 γὰρ
1362 1110 1447 1164 διὰ
1477 1110 1702 1171 τούτων,
1732 1112 1812 1163 ὅτι
1842 1110 2019 1180 πάσης

438 1201 653 1270 ἀγαθῆς
683 1200 974 1265 πολιτείας,
998 1202 1092 1254 καὶ
1122 1201 1321 1264 παντὸς
1349 1197 1556 1268 ἀγαθοῦ
1608 1199 1922 1269 μαθήματός
1958 1215 2017 1250 τε

440 1295 537 1346 καὶ
563 1294 1011 1363 ἐπιτηδεύματος,
1045 1295 1136 1349 καὶ
1166 1294 1307 1365 ἀρχὴ
1340 1294 1431 1348 καὶ
1470 1293 1623 1355 τέλος
1659 1293 1808 1345 ἐστὶν
1845 1294 1872 1344 6
1901 1291 2017 1344 Κύ-

443 1401 576 1455 ριος.
633 1386 701 1437 Ἦ
737 1403 796 1437 τε
830 1387 939 1456 γάρ
984 1385 1138 1449 ἐλπὶς
1167 1385 1254 1456 (ἢν
1302 1385 1423 1438 ἀντὶ
1474 1384 1715 1454 κεφαλῆς
1769 1382 2014 1452 νοοῦμεν,

440 1475 579 1544 πρὸς
623 1475 687 1545 ῆν
721 1476 897 1529 πάντα
933 1475 1142 1546 βλέπει,
1193 1475 1263 1529 τά
1308 1476 1429 1528 κατ’
1474 1473 1673 1545 ἀρετὴν
1720 1470 2017 1535 σπουδαζό-

441 1564 602 1630 μενα)
639 1563 845 1626 ἐκεῖνός
893 1563 1060 1624 ἐστιν,
1112 1561 1283 1623 οὕτως
1311 1561 1697 1631 ὠνομασμένος
1736 1561 1885 1632 παρᾶ
1923 1558 2014 1611 τοῦ

437 1653 677 1717 Παύλου,
724 1654 815 1706 καὶ
863 1656 896 1723 ή
933 1652 1074 1724 ἀρχὴ
1121 1651 1219 1723 τῆς
1268 1652 1476 1722 ὑψηλῆς
1518 1650 1723 1721 ταύτης
1766 1650 1858 1702 τοῦ
1903 1648 2016 1719 βίου

439 1744 823 1816 πυργοποιίας.
852 1747 884 1815 ἡ
915 1748 993 1808 εἰς
1020 1745 1180 1797 αὑτὸν
1207 1745 1415 1812 γίνεται
1452 1743 1655 1807 πίστις,
1689 1744 1773 1809 ἐφ’
1803 1737 1871 1813 ἦς
1909 1736 2018 1792 οἷον

436 1855 563 1891 τινα
607 1835 851 1906 θεμέλιον
886 1837 982 1900 τάς
1018 1836 1191 1908 ἀρχὰς
1227 1834 1322 1887 τοῦ
1370 1834 1487 1904 βίου
1533 1833 2017 1903 καταϐαλλομένων

2124 742 2278 809 Quod
2306 754 2489 801 autem
2519 762 2549 800 a
2574 748 2825 816 sapiente
2855 751 3160 805 architecto
3191 752 3235 783 ³³
3278 751 3696 807 fundamentum

2125 837 2319 892 ﬁdei“
2363 847 2418 893 et
2461 841 2643 908 anguli
2697 851 2859 909 caput
2887 841 2930 872 ³⁷
2984 852 3352 911 nuncupatur,
3390 844 3443 897 id
3477 859 3697 914 quoque

2124 929 2283 984 nobis
2321 928 2389 983 ad
2414 930 2580 984 vitam
2623 946 2686 986 ex
2723 933 2925 987 virtute
2979 932 3369 988 instituendam
3423 935 3695 1003 expediet.

2124 1017 2217 1074 Sic
2245 1023 2392 1075 enim
2449 1022 2720 1076 bonarum
2772 1026 3014 1077 omnium
3068 1032 3125 1080 et
3154 1025 3695 1079 administrationum

2122 1111 2389 1174 civilium,
2442 1120 2498 1166 et
2549 1112 2989 1183 disciplinarum,
3039 1123 3094 1169 et
3146 1116 3524 1171 institutorum
3580 1124 3697 1170 tum

2121 1199 2492 1270 principium,
2523 1208 2638 1256 tum
2678 1203 2840 1258 etiam
2888 1204 3048 1259 ﬁnem
3101 1221 3223 1261 esse
3270 1205 3560 1260 Dominum
3615 1206 3699 1259 di-

2122 1290 2351 1346 scimus.
2391 1289 2527 1345 Nam
2558 1300 2614 1347 et
2644 1308 2793 1363 spes,
2834 1309 2996 1364 quam
3038 1310 3135 1363 pro
3163 1296 3342 1366 capite
3373 1298 3695 1366 accipimus,

2122 1382 2188 1436 ad
2263 1398 2430 1451 quam
2500 1392 2663 1439 rectae
2728 1386 3087 1457 honestaeque
3172 1389 3422 1443 actiones
3490 1397 3696 1444 nostrai

2122 1487 2315 1529 omnes
2341 1475 2591 1556 tendunt,
2622 1476 2712 1532 ille
2734 1479 3048 1533 nominatus
3069 1489 3153 1534 est
3185 1495 3215 1533 a
3238 1479 3407 1535 Paulo
3435 1481 3513 1543 ³⁸ς
3550 1489 3604 1535 et
3639 1483 3697 1535 in

2121 1564 2395 1633 principio
2443 1566 2688 1647 .bujusce
2734 1570 2854 1624 vitae
2924 1571 3139 1625 aedilicii
3193 1572 3339 1641 quod
3408 1572 3476 1627 ad
3516 1573 3696 1643 ipsnnt

2120 1655 2419 1725 dirigitur,
2488 1658 2709 1725 ﬁdes”,
2769 1661 2824 1715 in
2876 1676 2987 1729 qua
3052 1661 3177 1717 vitae
3241 1662 3508 1732 principia
3560 1673 3697 1715 tan—

2123 1763 2289 1817 quam
2359 1750 2710 1806 fundamenta
2764 1752 3024 1821 jacimus,
3091 1762 3147 1809 et
3209 1753 3542 1823 quotidianis
3583 1753 3701 1807 olli-

2122 1839 2226 1894 ciis
2288 1854 2456 1909 puras
2516 1849 2632 1895 tum
2698 1842 3059 1912 cogitatimres
3123 1851 3237 1897 tum
3298 1843 3542 1898 actiones
3601 1859 3701 1896 no-—

436 1928 621 1999 ἡμῶν,
655 1927 748 1981 καὶ
774 1928 860 1981 διά
906 1928 1285 1999 καθημερινῶν
1311 1925 1751 1998 κατορθωμάτων
1791 1925 1887 1988 τὰς
1918 1943 2015 1978 κα-

2120 1936 2265 1985 stras
2316 1932 2689 1995 model-amur,
2747 1942 2911 2003 atque
2958 1933 3054 1998 ita,
3092 1933 3256 2003 ‘quod
3319 1934 3561 1989 universi
3610 1944 3698 1989 est

436 2020 613 2091 θαρᾰς
637 2021 841 2084 ἐννοίας
864 2037 923 2073 τε
945 2021 1039 2073 xul.
1062 2010 1340 2090 ἐνεργείας
1368 2018 1823 2088 νομοθετούντων,
1848 2016 2020 2079 οὕτως

438 2113 472 2181 ἡ
514 2109 609 2164 τοῦ
656 2112 854 2175 παντὸς
893 2110 1100 2181 κεφαλὴ
1143 2112 1236 2164 καὶ
1270 2109 1512 2180 ἡμετέρα
1553 2109 1759 2178 γίνεται
1790 2107 2017 2178 κεφαλὴ,

438 2205 554 2265 τοῖς
585 2201 678 2253 δύο
721 2201 818 2270 τῆς
861 2200 1006 2270 ζωῆς
1055 2200 1210 2272 ήμῶν
1258 2201 1478 2271 τοίχοις,
1524 2203 1632 2263 τοίς
1675 2216 1734 2252 τε
1770 2198 1911 2253 κατά
1960 2199 2022 2251 τὸ

439 2293 599 2363 σῶμα
631 2293 725 2346 καὶ
744 2293 842 2364 τὴν
874 2293 1072 2364 ψυχὴν,
1104 2292 1170 2347 δι’
1196 2292 1612 2364 εὐσχημοσύνης
1651 2292 1743 2345 καὶ
1774 2289 2017 2361 καθαρό-

434 2399 600 2453 unto;
627 2386 1185 2457 ἐποικοδομούμενοις,
1219 2386 1307 2440 διὰ
1345 2386 1445 2456 τῆς
1476 2384 1707 2453 ἀγωνίου
1749 2385 2021 2455 συμφυΐας

436 2475 637 2546 ἑαυτὴν
668 2477 1070 2547 ὲφαρμόζουσα.
1116 2479 1202 2541 Ὠς
1235 2477 1331 2531 ἐὰν
1359 2478 1581 2547 ἐλλείπῃ
1608 2476 1669 2529 τὸ
1696 2476 1880 2546 ἕτερον
1910 2476 2020 2530 τῶν

434 2567 906 2637 οἰκοδομημάτων,
937 2568 1055 2639 ῆτοι
1079 2568 1181 2638 τῆς
1220 2567 1360 2622 κατά
1387 2568 1449 2621 τὸ
1477 2568 1797 2638 φαινόμενον
1825 2568 2022 2638 εὐσχη-

440 2657 682 2728 μοσύνης
707 2660 773 2728 τῇ
798 2658 896 2728 τῆς
918 2657 1098 2729 ψυχῆς
1125 2657 1458 2729 καθαρότητι
1506 2660 1580 2729 μὴ
1615 2657 2020 2727 συνοικοδομου-

439 2750 634 2819 μένης,
688 2748 854 2820 ἥτῆς
916 2750 1150 2819 ψυχικῆς
1207 2749 1408 2820 ἀρετῆς
1459 2748 1538 2819 τῷ
1587 2748 1894 2819 φαινομένῳ
1945 2749 2019 2821 μὴ

439 2838 875 2910 συμϐαινούσης,
906 2841 1005 2893 ούκ
1046 2840 1112 2894 ἂν
1139 2840 1347 2909 γένοιτο
1378 2838 1471 2894 τοῦ
1502 2841 1791 2912 ῆμιτελοῦς
1831 2841 2031 2899 τούτου,

436 2931 556 3002 βίου
586 2930 793 2999 κεφαλὴ
818 2933 846 2983 6
873 2930 1126 3002 Χριστὸς,
1175 2934 1204 2985 ό
1251 2933 1385 3003 μόνῃ
1416 2935 1481 3004 τῇ
1509 2934 1669 3003 διπλῇ
1698 2949 1756 2985 τε
1784 2934 1875 2986 καὶ
1906 2934 2019 2987 δια-

433 3021 612 3093 γωνία
644 3022 920 3093 οἰκοδομίᾳ
964 3022 1155 3075 ἑαυτὸν
1199 3023 1556 3094 ὲφαρμόζων·
1583 3023 1702 3077 οὐδὲ
1750 3024 1858 3095 γάρ
1904 3026 2019 3078 ἐστι

433 3113 679 3176 δυνατὸν,
725 3114 892 3185 χωρὶς
938 3114 1037 3184 τῆς
1077 3114 1186 3168 τῶν
1225 3097 1318 3168 δύο
1347 3116 1542 3186 τοίχων
1591 3115 1887 3187 συμϐολῆς,
1919 3134 2021 3187 γω-

434 3202 554 3265 νίας
594 3202 865 3272 γενέσθαι.
899 3203 1030 3257 Τότε
1063 3200 1157 3258 οὖν
1198 3206 1578 3277 ἐπιτεθήσεται
1620 3207 1696 3279 τῷ
1736 3209 2020 3281 οἰκοδομή-

2123 2030 2307 2089 caput,
2335 2033 2584 2078 nostrum
2607 2024 2772 2078 etiam
2810 2032 2976 2093 caput
3012 2024 3263 2091 eﬂicitur,
3308 2041 3433 2081 cum
3481 2027 3698 2083 duobus

2122 2109 2247 2165 vita:
2274 2120 2495 2177 nostra},
2522 2113 2773 2183 corporis
2804 2114 3060 2168 videlicet
3085 2122 3249 2183 atque
3280 2115 3471 2177 animi,
3519 2115 3694 2170 muris

2122 2217 2219 2271 per
2246 2203 2585 2259 honestatem
2621 2212 2675 2259 et
2725 2207 3014 2274 puritatem
3066 2206 3400 2260 constructis
3446 2207 3697 2275 angulari

2122 2295 2512 2363 conjunctione
2538 2304 2662 2365 apte
2691 2297 2950 2352 cohaeret.
2982 2296 3136 2362 Quod
3182 2298 3228 2351 si
3257 2298 3428 2352 altera
3453 2312 3578 2367 pars
3608 2297 3698 2351 de-

2123 2386 2196 2442 sit
2216 2386 2467 2453 aediﬁcio,
2505 2396 2565 2442 ut
2594 2390 2679 2443 vel
2712 2389 2880 2443 animi
2935 2390 3150 2457 puritas
3195 2391 3549 2458 conspicuam
3601 2404 3698 2444 ex-

2122 2478 2399 2534 trinsecus
2426 2479 2767 2535 honestatem
2794 2495 2912 2548 non.
2940 2480 3159 2543 habeat,
3182 2480 3268 2534 vel
3298 2480 3413 2535 haec
3448 2495 3570 2549 qua:
3618 2482 3695 2534 vi-

2120 2570 2281 2625 detur
2302 2572 2469 2626 animi
2494 2576 2696 2627 virtute
2719 2579 2896 2637 vacet,
2919 2571 3041 2640 ejus
3084 2586 3291 2626 manca:
3318 2571 3697 2640 inchoataeth

2122 2664 2245 2733 vitae
2277 2671 2443 2732 caput
2485 2678 2591 2716 non
2628 2662 2733 2717 erit
2760 2662 3039 2726 Christus,
3092 2663 3295 2731 quippe
3350 2662 3442 2730 qui
3492 2662 3696 2731 duplici

2123 2753 2486 2823 angularique
2528 2751 2752 2807 fabrica:
2781 2751 3159 2806 tantummodo
3203 2752 3465 2821 quadrat;
3521 2766 3698 2819 neque

2120 2844 2287 2906 enim,
2340 2842 2443 2898 nisi
2471 2843 2581 2896 duo
2609 2848 2943 2897 concurrant
2986 2840 3243 2910 parietes,
3292 2840 3522 2919 angulus
3577 2839 3696 2893 ﬁeri

2121 2941 2320 3004 potest.
2349 2934 2528 2999 Quare
2558 2940 2690 2988 tunc
2719 2934 3029 3003 imponetur
3050 2932 3281 2987 aadillcio
3312 2941 3501 2985 nostro
3546 2946 3696 2985 sum-

2122 3026 2198 3079 mi
2242 3025 2524 3094 angularis
2561 3024 2766 3094 fastigii
2814 3007 3185 3095 pulchritudo,
3207 3038 3331 3077 cum
3373 3038 3437 3077 ex
3466 3030 3697 3091 utraque

2120 3123 2276 3187 parte
2324 3116 2391 3170 ad
2448 3123 2653 3171 rectam
2701 3116 2919 3170 virtutis
2953 3130 3202 3169 normam
3243 3115 3440 3184 duplex
3486 3115 3598 3169 vita
3643 3127 3699 3170 ct

2122 3218 2293 3269 recta,
2320 3217 2373 3262 et
2402 3216 2688 3271 constans,
2716 3214 2771 3262 et.
2792 3207 2930 3261 nihil
2956 3207 3443 3278 obliquicurvique
3464 3207 3695 3271 habens,

437 3310 574 3363 ματι
604 3292 756 3363 ἡμῶν
783 3293 875 3346 τοῦ
904 3295 1296 3365 ἀκρογωνιαίου
1333 3297 1395 3349 τὸ
1436 3296 1647 3362 κάλλος,
1691 3300 1815 3353 ὅταν
1843 3301 2018 3371 ἀμφο-

2122 3301 2512 3371 perpendiculo
2541 3300 2809 3354 concinne
2829 3300 2935 3355 erit
2960 3300 3387 3355 accommodata.

430 3389 672 3460 τέρωθεν
696 3389 788 3443 τὸν
824 3388 985 3460 ὀρθὸν
1015 3389 1108 3443 τοῦ
1155 3390 1267 3460 βίου
1300 3392 1499 3445 κανόνα
1526 3394 1592 3463 τῇ
1630 3391 1738 3445 τῶν
1776 3392 1985 3463 ἀρετῶν
2026 3393 2253 3463 σπάρτῳ
2296 3393 2541 3463 ἀποταθῇ
2573 3392 2906 3464 ἐναρμονίοις
2951 3394 2981 3445 6
3024 3390 3243 3456 διπλοῦς
3282 3391 3415 3462 βίος,
3454 3390 3613 3465 ὀρθός
3640 3404 3702 3447 τι

433 3484 531 3535 καὶ
551 3482 928 3550 ἀδιάστροφος,
956 3484 1048 3535 xui.
1072 3483 1221 3536 οὐδὲν
1254 3482 1391 3553 ἔχων
1418 3485 1475 3537 ὲν
1503 3482 1681 3553 ἐαυτῷ
1710 3484 1920 3537 σκολιὸν
1955 3486 1990 3555 ἢ
2017 3483 2532 3553 κατηγκυλωμένον.

508 3574 705 3626 Εἰκόνα
744 3572 799 3625 δὲ
836 3572 927 3625 τοῦ
956 3572 1086 3626 Θεοῦ
1113 3573 1205 3628 τοῦ
1244 3574 1475 3645 ἀοράτου
1504 3574 1593 3628 τὸν
1627 3575 1859 3646 Χριστὸν
1898 3576 2017 3628 ὀνο-

434 3664 627 3736 μάζων
664 3667 692 3717 6
740 3664 972 3731 Παῦλος,
1006 3665 1097 3720 τὸν
1146 3667 1239 3719 ἐπὶ
1286 3665 1503 3721 πάντων
1542 3665 1673 3721 Θεὸν
1717 3668 1809 3721 καὶ
1843 3667 2017 3738 μέγαν

433 3756 570 3809 Θεόν
589 3772 603 3786 ο
630 3754 725 3810 καὶ
746 3755 972 3819 ταύταις
1003 3755 1112 3827 γάρ
1136 3759 1255 3821 ταῖς
1285 3759 1490 3826 φωναῖς
1517 3757 1888 3829 ἀνακηρύσσει
1921 3756 2014 3811 τοῦ

432 3847 690 3918 ἀληθινοῦ
728 3848 995 3902 Δεσπότου
1018 3848 1080 3901 τὸ
1108 3848 1411 3919 μεγαλεῖον,
1444 3848 1617 3919 λέγων
1636 3868 1651 3881 ·
1685 3850 1822 3903 ιΤοῦ
1850 3851 2015 3923 μεγά-

432 3940 532 3992 λου
568 3938 699 3992 Θεοῦ
726 3939 820 3992 καὶ
849 3939 1099 4010 Σωτῆρος
1134 3939 1290 4009 ἡμῶν
1322 3940 1498 4009 Ἰησοῦ
1530 3940 1763 4012 Χριστοῦ
1782 3959 1797 3973 ο
1837 3960 1854 3994 ι
1895 3942 2009 4004 καὶ,

439 4051 461 4081 ε
510 4029 598 4095 Ἐξ
627 4026 699 4083 ὢν
724 4033 752 4083 ὁ
776 4030 1030 4100 Χριστὸς,
1066 4031 1126 4084 τὸ
1147 4030 1288 4084 κατὰ
1315 4030 1513 4101 σάρκα,
1535 4034 1564 4084 ό
1585 4031 1660 4085 ὢν
1686 4034 1775 4085 ἐπὶ
1798 4034 2012 4088 πάντων

431 4123 592 4186 Θεὸς,
626 4123 912 4193 εὐλογητὸς
941 4125 1019 4187 εἰς
1057 4124 1183 4186 τοὺς
1208 4123 1407 4188 αἰῶνας
1428 4140 1440 4153 ·
1468 4143 1486 4175 ι
1528 4124 1701 4178 ταῦτα
1724 4120 1815 4179 οῦν
1840 4126 2013 4193 λέγων

434 4232 543 4268 που
567 4255 582 4276 ,
618 4215 857 4268 παιδεύει
882 4214 970 4269 διὰ
1007 4214 1115 4269 τῶν
1156 4215 1463 4285 λεγομένων
1495 4218 1660 4286 ἡμᾶς,
1702 4217 1785 4270 ὅτι
1824 4217 1910 4270 ἀεὶ
1939 4216 2014 4269 ὢν

434 4307 574 4375 ὅπερ
618 4306 764 4359 ἐστὶν
810 4307 958 4375 (ἔστι
997 4306 1052 4359 δὲ
1098 4308 1292 4370 ἐκεῖνο,
1342 4306 1480 4376 ὅπερ
1528 4308 1558 4359 ὁ
1601 4307 1677 4360 ὢν
1730 4307 2015 4360 ἐπίσταται

439 4396 664 4465 μόνος),
710 4397 808 4466 τῆς
857 4398 913 4450 δὲ
952 4398 1298 4469 ἀνθρωπίνης
1341 4398 1731 4468 καταλήψεως,

438 4532 443 4537 .
479 4488 589 4559 ὖτῷ
617 4490 702 4543 διὰ
734 4490 1017 4560 προκοπῆς
1059 4490 1392 4562 προσεγγίζῃ
1437 4493 1466 4545 6
1510 4491 1578 4545 τὰ
1625 4490 1737 4545 ἄνω
1775 4490 2009 4561 φρονῶν,

438 4579 667 4632 πάντοτε
701 4580 778 4651 τῷ
809 4582 907 4651 ἴσῳ
938 4582 1121 4651 μέτρῳ
1148 4583 1608 4653 ὑπερανέστηκεν.
1638 4574 1806 4644 Οὗτος
1838 4581 2015 4635 τοίνυν

392 4708 399 4715 .
435 4671 762 4738 ὑπερέκεινα
806 4672 986 4741 πάσης
1026 4671 1279 4739 γνώσεώς
1318 4690 1377 4725 τε
1418 4674 1511 4727 καὶ
1562 4673 1940 4744 καταλήψεως.
1986 4676 2016 4726 6

437 4762 713 4830 ἄφραστος
748 4779 805 4814 τε
842 4764 934 4815 καὶ
971 4763 1329 4834 ἀνεκλάλητος
1364 4765 1458 4818 καὶ
1495 4765 1804 4835 ἀδιήγητος,
1840 4766 1926 4818 ἵνα
1956 4782 2015 4818 σε

440 4858 642 4922 ποιήσῃ
666 4853 822 4906 πάλιν
861 4853 1046 4908 εἰκόνα
1083 4854 1239 4911 Θεοῦ.
1272 4855 1364 4906 καὶ
1393 4854 1555 4918 αὐτὸς
1586 4856 1689 4909 ὑπὸ
1712 4854 2014 4926 φιλανθρω-

396 4970 405 4977 -
438 4942 571 5004 πίας
606 4944 821 5012 ἐγένετο
850 4944 1010 4999 εἰκὼν
1041 4944 1133 4998 τοῦ
1166 4944 1301 4998 Θεοῦ
1337 4944 1431 4998 τοῦ
1470 4946 1702 5017 ἀοράτου
1725 4963 1738 4977 ·
1778 4944 1916 4998 ὥστε
1947 4948 2012 5015 τῇ

443 5034 552 5105 ἰδία
577 5040 777 5107 μορφῇ,
801 5037 868 5107 ἢν
899 5037 1177 5098 ἀνέλαϐεν,
1217 5038 1274 5089 ὲν
1298 5037 1379 5088 σοὶ
1415 5036 1787 5108 μορφωθῆναι,
1825 5038 1919 5089 καὶ
1954 5036 2013 5088 σὲ

437 5126 601 5180 πάλιν
636 5129 701 5182 δι’
738 5130 929 5182 ἑαυτοῦ
963 5131 1097 5201 πρὸς
1120 5129 1211 5181 τὸν
1232 5132 1556 5200 χαρακτῆρα
1583 5129 1676 5181 τοῦ
1706 5127 2013 5198 ἀρχετύπου

440 5220 943 5290 συσχηματισθῆναι
986 5221 1247 5283 κάλλους,
1296 5222 1375 5281 εἰς
1429 5219 1490 5271 τὸ
1555 5218 1838 5286 γενέσθαι,
1880 5219 2013 5288 ὅπερ

435 5306 505 5380 ἦς
533 5309 593 5375 ἐξ
622 5312 811 5381 ἀρχῆς.
841 5311 1047 5365 Οὐκοῦν
1072 5313 1122 5365 εἰ
1155 5310 1437 5381 μέλλοιμεν
1472 5308 1717 5376 γίνεσθαι
1735 5309 1827 5362 καὶ
1855 5310 2015 5379 ἡμεῖς

436 5404 599 5455 εἰκὼν
641 5401 733 5455 τοῦ
792 5402 926 5456 Θεοῦ
972 5401 1066 5456 τοῦ
1112 5403 1381 5474 ἀοράτου,
1427 5401 1561 5470 πρὸς
1597 5402 1658 5453 τὸ
1698 5398 2013 5470 ἐκκείμενον

402 5542 407 5549 ,
435 5495 568 5564 ἡμῖν
596 5491 690 5545 τοῦ
724 5492 840 5563 βίου
876 5493 1179 5563 ὑπόδειγμα
1223 5491 1523 5545 τυποῦσθαι
1557 5491 1701 5561 ζωῆς
1749 5490 2014 5561 προσήκει.

432 5586 531 5656 τῆς
561 5584 720 5656 ἡμῶν
746 5583 808 5638 τὺ
835 5579 1004 5649 εἶδος
1036 5584 1194 5637 τοῦτο
1230 5583 1286 5637 δέ
1321 5586 1436 5637 ἐστι
1468 5583 1553 5650 ri;
1580 5583 1642 5635 τὸ
1688 5582 1851 5653 σαρκὶ
1883 5581 2016 5645 ζῶνο

524 5785 610 5836 λιι
648 5786 777 5840 Cor.
805 5799 888 5848 ιιι,
926 5784 1006 5837 l0.
1086 5783 1131 5815 ³⁸
1152 5784 1351 5851 Ephes.
1381 5799 1441 5851 tt,
1472 5784 1563 5842 20.
1640 5783 1684 5816 ³⁷
1715 5781 1849 5836 Luc.
1883 5797 1975 5845 xx,
2018 5782 2100 5835 l7.

432 5852 473 5890 “
500 5855 607 5910 T.t.
645 5873 704 5919 ιι,
746 5857 827 5908 15,
904 5854 1127 5907 "Item.
1165 5854 1317 5916 rx,5.

2191 3574 2263 3627 At
2312 3590 2440 3629 vero
2492 3584 2618 3627 cum
2663 3573 2755 3628 Dei
2811 3572 3106 3629 invisibilis
3166 3572 3458 3644 imaginem
3495 3574 3698 3632 Paulus

2119 3664 2398 3721 Christum
2432 3665 2668 3735 appellat
2693 3664 2761 3728 “,
2815 3672 2869 3719 et
2898 3665 2951 3718 in
2986 3664 3242 3719 omnibus
3279 3664 3446 3719 Deum
3491 3675 3545 3721 et
3580 3683 3697 3722 mae

2118 3773 2286 3827 gnum
2314 3756 2483 3812 Deum
2509 3756 2527 3826 (
2557 3756 2643 3812 his
2668 3754 2813 3810 enim
2839 3755 3064 3812 vocibus
3100 3756 3214 3811 veri
3242 3755 3453 3811 Domini
3486 3759 3698 3828 magni-

2111 3849 2359 3904 tudinem
2416 3848 2673 3919 praedicat
2698 3887 2714 3912 ,
2753 3866 2771 3897 ι
2810 3846 3011 3918 Magni,
3050 3867 3070 3900 ι
3105 3848 3377 3914 inquiens,
3416 3868 3434 3900 ι
3473 3850 3607 3913 Dei,
3644 3859 3700 3905 et

2117 3940 2417 3996 Salvatoris
2465 3939 2638 3995 nostri
2686 3937 2815 3994 Jesu
2849 3937 3054 3993 Christi
3089 3940 3174 4006 δ¹;
3216 3960 3235 3992 ι
3268 3948 3344 4005 et,
3380 3959 3398 3992 ι
3435 3942 3515 3996 Ex
3568 3942 3695 4012 qui-

2116 4032 2219 4089 bus
2305 4032 2563 4087 Christus
2629 4030 2929 4086 secundum
3006 4044 3269 4097 carnem,
3326 4033 3420 4101 qni
3484 4040 3572 4088 est
3639 4033 3694 4086 in

2117 4124 2375 4179 omnibus
2441 4122 2585 4177 Dens
2642 4120 2965 4175 benedictus
3025 4120 3075 4174 in
3138 4123 3335 4177 saecula
3358 4124 3405 4175 ’δὲ
3443 4140 3461 4174 ι
3499 4126 3552 4189 ),
3598 4139 3697 4177 nos

2117 4216 2298 4276 docet,
2350 4226 2474 4266 eum
2552 4225 2768 4279 semper
2819 4224 2980 4271 esse,
3024 4210 3114 4277 qni
3177 4219 3281 4265 est.
3335 4210 3427 4264 Est
3512 4219 3692 4266 autem

2117 4306 2209 4360 ille
2240 4305 2433 4373 major,
2467 4316 2631 4370 quam
2688 4309 2745 4353 ut
2776 4299 3015 4352 humana
3068 4309 3250 4356 mente
3304 4302 3693 4369 comprehendi

1774 4399 1880 4452 κᾶν
1927 4400 2014 4453 ἀεὶ
2048 4394 2090 4449 ι)
2121 4396 2331 4466 possit,
2395 4393 2442 4448 si
2491 4407 2678 4447 secum
2731 4392 2847 4464 ipse
2907 4404 3187 4456 versetur,
3237 4408 3331 4462 per
3378 4391 3691 4448 felicitatem

2119 4487 2366 4542 Ccelestia
2407 4484 2651 4539 sentiens
2680 4523 2694 4547 ,
2752 4496 2806 4540 et
2865 4485 3129 4555 aequalem
3192 4483 3433 4554 undique
3477 4500 3693 4539 mensu-

2118 4592 2258 4631 ram.
2325 4575 2424 4629 Hie
2470 4576 2635 4647 igitur
2713 4577 2872 4647 longe
2940 4576 3338 4647 praestantior,
3399 4592 3563 4645 quam
3639 4584 3698 4629 nt

2117 4669 2357 4723 humana
2419 4667 2736 4736 cognitione
2792 4667 3309 4738 comprehendatur,
3368 4668 3461 4738 qui
3528 4668 3696 4722 nullis

2116 4761 2320 4826 verbis,
2388 4761 2537 4815 nulla
2574 4763 2854 4829 'oratione,
2901 4765 3051 4818 nulla
3102 4765 3157 4819 vi
3201 4765 3347 4829 dici,
3404 4764 3693 4825 enarrari,

2118 4852 2456 4905 declararive
2498 4859 2716 4921 potest,
2774 4861 2834 4906 ut
2879 4861 2931 4907 te
2978 4868 3206 4922 prorsus
3256 4853 3459 4908 faceret
3510 4854 3698 4922 imagi-

2119 4958 2242 4996 nem
2290 4939 2432 5006 Dei,
2478 4943 2596 5012 ipse
2636 4959 2735 5013 pro
2777 4958 2876 4999 sua
2924 4960 3051 5015 erga
3126 4945 3399 4999 hominem
3458 4944 3695 4999 benevo-

2118 5033 2285 5087 lentia
2337 5031 2515 5088 i'actus
2560 5041 2647 5088 est
2699 5034 2879 5106 imago
2939 5033 3033 5088 Dei
3067 5030 3379 5096 invisibilis,
3426 5032 3529 5086 hoc
3589 5041 3694 5091 est.

2118 5122 2189 5176 ad
2250 5123 2504 5177 humana:
2560 5131 2774 5178 natura
2829 5139 3144 5180 mensuram
3198 5138 3322 5179 sese
3361 5123 3601 5186 demisit,
3637 5134 3697 5178 ut

2118 5229 2221 5269 nos
2271 5214 2336 5268 ad
2372 5215 2679 5271 divinitatis
2714 5209 3028 5270 mensuram
3060 5216 3408 5270 extollamur.
3441 5214 3515 5268 Ea
3548 5218 3694 5270 enim

2121 5304 2290 5360 inerit
2349 5306 2649 5376 negotiatio
2710 5306 3023 5371 FiliiDei,
3079 5315 3137 5359 ut
3201 5308 3420 5375 propria
3478 5307 3694 5373 forma,

2117 5414 2280 5466 quam
2310 5398 2563 5466 sumpsit,
2595 5397 2818 5453 eﬂ'ectus
2851 5398 3014 5453 homo
3036 5437 3051 5462 ,
3084 5413 3145 5453 se
3173 5414 3369 5454 rursus
3419 5399 3483 5454 ad
3515 5415 3700 5454 exem-

2115 5488 2286 5558 plaris
2324 5487 2748 5558 pulchritudinis
2790 5487 3014 5557 ﬁguram
3049 5486 3343 5558 eﬂingeret,
3374 5497 3430 5542 ut
3459 5499 3606 5545 esset
3644 5487 3698 5542 id

2118 5579 2263 5648 quod
2323 5578 2479 5634 initio
2518 5576 2721 5634 fuerat.
2780 5578 3014 5633 Proinde
3076 5589 3136 5633 ut
3184 5594 3287 5636 nos
3351 5582 3481 5636 item
3526 5582 3696 5636 simus

2210 5782 2252 5815 ³⁸
2321 5782 2446 5839 Cor.
2479 5794 2520 5846 ι,
2555 5781 2605 5833 7.
2684 5782 2727 5817 ³³
2762 5780 2881 5836 Gal.
2916 5796 2996 5849 ιιι,
3031 5781 3061 5835 5
3089 5797 3210 5851 Sqq.
3310 5783 3353 5813 ⁵ο
3374 5782 3490 5836 Col.
3527 5795 3562 5842 ι,
3601 5778 3692 5835 ἔδει
