4106 6442
485 457 592 522 ςιι

1759 451 1817 507 S.
1859 448 2183 508 GllEGORll
2223 447 2516 504 NYSSENI

3665 445 3783 502 9.ῗί

495 579 680 647 imago
717 571 1009 628 invisibilis
1053 570 1181 638 Dei,
1214 569 1279 624 ad
1314 569 1655 640 propositum
1681 567 1840 621 nobis
1885 582 2071 620 exeni-

2175 583 2292 628 τας,
2344 565 2417 635 μὴ
2467 562 2606 616 κατὰ
2651 563 2828 634 σάρκα
2875 562 2992 635 ζῇν.
3039 561 3147 615 Καὶ
3179 561 3288 634 γὰρ
3331 563 3361 632 ἡ
3403 559 3780 632 πρωτότοκος

488 667 610 738 pler
643 665 770 721 vitae
795 673 989 720 nostra
1019 656 1232 718 vivendi
1276 665 1417 717 ratio
1462 658 1812 731 exprimenda
1841 665 1924 712 est
1957 677 1969 710 :
2006 672 2072 711 eo

487 757 746 812 nimirum
771 763 956 826 pacto,
991 764 1052 809 ut
1081 755 1135 809 in
1170 769 1336 810 carne
1375 753 1638 814 viventes,
1671 749 1889 803 minime
1919 749 2070 800 viva-

490 863 614 904 mus
649 847 952 903 secundum
985 846 1284 908 carnem”,
1315 843 1580 914 siquidem
1611 849 1663 895 et
1693 840 1948 909 princeps
1979 838 2071 891 illa

489 937 582 994 Dei
623 938 914 994 invisibilis
945 936 1143 1006 imago,
1169 951 1289 1006 qua:
1314 935 1379 987 ad
1411 947 1510 987 nos
1546 947 1641 1001 per
1671 929 1947 1000 Virginem
1977 945 2072 998 ap-

491 1032 898 1102 propinquavit,
933 1045 1028 1099 per
1071 1027 1251 1082 omnia
1284 1027 1350 1081 ad
1391 1027 1642 1080 humanae
1674 1031 1881 1076 natura:
1920 1021 2072 1075 simi-

494 1122 776 1177 litudinem
824 1130 1050 1175 eatenus
1101 1127 1301 1172 tentata
1353 1125 1458 1178 est,
1507 1122 1566 1166 ut
1605 1113 1812 1167 nullum
1865 1111 2071 1180 peccati

491 1213 922 1282 experimentum
968 1209 1290 1278 susceperit.
1342 1227 1361 1259 ι
1399 1207 1500 1273 Qui
1538 1215 1816 1276 peccatum
1853 1219 1962 1256 non
1997 1203 2073 1256 fe-

489 1305 589 1365 cit,
621 1319 722 1358 nec
751 1304 1004 1357 inventus
1035 1307 1120 1355 est
1161 1300 1321 1356 dolus
1361 1301 1415 1354 in
1451 1314 1546 1354 ore
1583 1299 1703 1366 ejus
1722 1295 1788 1349 ⁸⁸.
1820 1315 1837 1346 ι
1871 1294 2072 1360 Quem-

491 1393 782 1448 admodum
817 1394 981 1464 igitur
1013 1393 1058 1447 si
1091 1392 1346 1462 pingendi
1376 1400 1546 1445 artem
1579 1388 1934 1448 disci-remus,
1961 1401 2074 1438 ma-

486 1484 660 1555 gister
685 1483 922 1553 aliquam
953 1483 1110 1536 nobis
1142 1481 1502 1550 pulcherrime
1533 1479 1800 1549 depictam
1840 1474 2070 1528 formam

393 1605 405 1616 -
493 1575 543 1628 in
569 1575 756 1629 tabula
795 1581 1142 1644 proponeret,
1171 1573 1330 1642 cujus
1357 1589 1408 1626 ιιι
1439 1587 1537 1626 sua
1564 1585 1831 1641 quemque
1859 1569 2072 1637 pictura

489 1675 763 1736 oporteret
793 1666 1254 1735 pulchritudinem
1281 1665 1502 1725 imitari,
1527 1673 1586 1717 ut
1613 1662 1855 1717 omnium
1879 1658 2074 1712 tabula:

489 1759 558 1812 ad
598 1767 933 1829 propostum
984 1757 1404 1826 pulchritudinis
1455 1754 1731 1819 exemplar
1764 1750 2075 1822 erpoliren-

487 1859 615 1902 tur:
641 1849 742 1912 sic,
765 1849 1022 1918 quoniam
1057 1864 1171 1903 sua:
1195 1850 1428 1918 quisque
1458 1848 1579 1899 vita:
1619 1845 1792 1914 pictor
1828 1841 2068 1903 exsistit,

489 1939 686 1994 artifex
719 1949 896 1994 autem
943 1938 1168 2008 hujusce
1212 1939 1392 2006 operis
1434 1937 1686 1990 voluntas
1723 1941 1829 1999 est,
1861 1933 2074 1987 colores

491 2043 620 2083 vero
646 2027 714 2083 ad
765 2028 1172 2097 exprimendam
1205 2027 1495 2096 imaginem
1531 2027 1762 2080 virtutes
1788 2030 1938 2090 sunt,
1963 2037 2074 2077 non

488 2120 769 2176 mediocre
797 2119 1098 2189 periculum
1135 2126 1242 2183 est,
1271 2134 1336 2173 ne
1371 2135 1399 2172 a
1444 2116 1868 2189 pulchritudinis
1901 2130 2076 2170 exem-

489 2210 626 2280 plari
675 2209 744 2264 ad
786 2219 997 2280 turpem
1044 2223 1110 2264 ac
1148 2209 1445 2264 deformem
1499 2209 1736 2278 aliquam
1789 2219 2074 2276 personam

491 2299 708 2356 recedat
736 2299 990 2364 imitatio,
1017 2307 1071 2354 et
1105 2313 1204 2369 pro
1235 2297 1448 2353 Domini
1491 2297 1662 2352 forma
1697 2295 1923 2366 eliigicm
1956 2293 2076 2346 vitii

491 2390 731 2448 sordidis
781 2391 1058 2447 coloribus
1095 2389 1507 2445 adumbremus.
1535 2387 1723 2458 itaque
1761 2401 1858 2457 pro
1892 2392 2078 2441 nostra

490 2481 636 2540 virili
685 2481 842 2537 nobis
869 2481 1188 2537 enitendum
1218 2489 1326 2546 est,
1350 2488 1411 2534 ut
1430 2480 1694 2534 virtutum
1721 2479 1934 2534 colores
1956 2477 2078 2547 puri

491 2574 625 2638 sint,
647 2581 704 2629 et
722 2573 960 2630 scienter
987 2573 1270 2644 periteque
1299 2572 1368 2627 ad
1387 2571 1763 2641 excipiendam
1789 2570 2077 2640 imaginem

487 2664 972 2726 commisceantur.
1005 2671 1066 2718 ut
1098 2663 1352 2734 imaginis
1385 2663 1563 2734 imago
1589 2663 1783 2727 simus,
1815 2668 1869 2716 et
1898 2661 2078 2729 quoad

489 2754 610 2826 ejus
641 2755 758 2811 fieri
794 2762 995 2826 potest,
1039 2755 1346 2810 imitatione
1387 2755 1678 2824 perspicua
1717 2751 2080 2823 pulchritudi-

489 2847 576 2903 nis
612 2847 923 2918 exemplum
961 2845 1356 2917 exprimamus,
1383 2855 1444 2900 ut
1478 2846 1711 2900 faciebat
1738 2843 1961 2910 Paulus,
1985 2844 2078 2913 qui

489 2952 557 2992 ex
582 2937 784 2992 virtute
810 2937 976 2992 vitam
1001 2938 1315 3004 instituens,
1338 2935 1546 2992 Christi
1575 2937 1818 2990 imitator
1838 2935 1940 2990 fuit
1959 2937 2024 2987 ⁸⁸.
2055 2954 2074 2986 ι

489 3027 650 3096 Quod
676 3029 723 3084 si
753 3029 958 3084 clarius
989 3044 1054 3085 ea
1093 3029 1369 3100 sigillatim
1403 3027 1654 3083 oratione
1701 3029 1953 3097 persequi
1983 3041 2079 3082 vo-

489 3121 695 3184 lumus,
725 3120 926 3190 quibus
971 3120 1234 3175 imitando
1278 3119 1570 3190 imaginem
1599 3125 2076 3186 repraesentamus.

493 3222 635 3263 unus
685 3208 838 3264 color
889 3215 974 3264 est
1023 3208 1324 3264 humilitas.
1387 3225 1407 3260 ι
1447 3206 1671 3271 Discite,
1707 3226 1726 3258 ι
1762 3207 1957 3278 inquit,
1997 3190 2015 3258 ι
2049 3223 2078 3261 a

491 3313 598 3365 me,
633 3299 760 3370 quia
789 3299 938 3356 mitis
965 3315 1086 3355 sum
1111 3307 1166 3356 et
1192 3299 1414 3356 humilis
1447 3297 1613 3354 corde
1636 3299 1683 3330 ⁸⁵
1714 3316 1730 3353 :
1765 3317 1784 3351 ι
1827 3299 1966 3353 alter
1990 3307 2076 3354 est

491 3391 772 3460 patientia,
801 3407 922 3462 quae
949 3399 1082 3462 quot
1110 3391 1290 3447 modis
1321 3393 1374 3446 in
1405 3391 1640 3462 imagine
1665 3391 1955 3446 invisibilis
1979 3389 2075 3446 Dei

490 3483 875 3554 conspicitur?
899 3484 996 3539 ubi
1047 3483 1234 3554 gladii,
1270 3492 1324 3538 et
1362 3482 1558 3548 fustes,
1599 3493 1654 3538 et
1689 3485 1926 3548 vincula,
1953 3499 2078 3538 ver-

489 3573 640 3640 bera,
671 3576 846 3646 alapis
888 3577 1124 3632 maxilla:
1146 3591 1452 3648 percussae,
1488 3574 1659 3632 facies
1681 3579 1856 3648 sputis
1885 3577 2073 3642 oblita,

489 3663 703 3720 humeri
757 3665 1076 3722 verberibus
1121 3667 1333 3732 traditi,
1362 3667 1628 3738 judicium
1663 3668 1914 3738 impium,
1950 3683 2078 3723 cru-

487 3754 627 3812 delis
655 3758 950 3822 sententia,
994 3759 1198 3816 milites
1227 3761 1772 3826 subsannationibus,
1807 3760 2076 3814 irrisioni-

489 3845 617 3912 bus,
646 3849 994 3907 contumeliis
1022 3858 1076 3904 et
1112 3851 1307 3905 calami
1334 3851 1780 3921 percussionibus
1811 3850 2075 3905 immitem

490 3937 814 3994 sententiam
852 3954 950 4010 per
991 3939 1215 3997 delicias
1247 3943 1657 4006 exacerbantes,
1689 3941 1848 4003 elavi,
1879 3949 1934 3996 et
1979 3940 2072 4006 fel,

489 4033 546 4083 et
583 4035 820 4095 acetum,
859 4037 911 4084 et
957 4029 1284 4098 gravissima
1319 4044 1550 4100 quaeque
1599 4029 1705 4100 ipsi
1759 4029 1878 4083 sine
1909 4042 2076 4082 causa

489 4116 658 4182 illata,
691 4115 803 4172 imo
834 4132 964 4174 vero
994 4133 1096 4190 pro
1129 4119 1622 4174 innumerabilibus
1649 4117 1930 4173 beneﬂciis
1957 4117 2076 4172 red-

490 4203 603 4261 dita
631 4222 645 4259 :
674 4213 806 4262 tunc
838 4207 928 4263 ille
959 4222 1072 4278 quo
1099 4211 1262 4262 modo
1294 4210 1400 4264 ista
1430 4215 1710 4278 patrantes
1761 4207 1910 4262 ultus
1953 4207 2077 4264 est?

495 4314 517 4354 ι
539 4298 720 4366 Pater,
752 4319 771 4354 ι
817 4299 1016 4372 inquit,
1047 4320 1068 4355 ι
1098 4301 1323 4373 ignosce
1355 4302 1484 4368 illis,
1506 4303 1635 4374 quia
1663 4303 1916 4358 nesciunt
1943 4301 2074 4374 quid

490 4385 704 4445 faciunt
721 4387 791 4443 ⁸⁷.
823 4407 842 4440 ι
873 4388 1067 4448 Nonne
1112 4401 1326 4462 poterat
1353 4402 1547 4450 contra
1580 4407 1676 4450 eos
1704 4378 1959 4464 superius
1987 4394 2075 4450 vel

491 4478 690 4533 cmlum
729 4480 1084 4554 perfringere,
1123 4485 1208 4540 vel
1263 4486 1414 4555 ipsos
1464 4495 1626 4542 terra:
1675 4487 1918 4543 hiatibus
1947 4487 2074 4542 abo-

489 4567 628 4636 lere,
662 4571 744 4626 vel
792 4570 1071 4630 dimovere
1106 4592 1177 4632 ex
1220 4578 1455 4648 propriis
1503 4579 1752 4634 terminis
1805 4595 1989 4645 mare,
2017 4587 2072 4635 et

490 4660 844 4731 voraginibus
901 4673 1104 4720 terram
1130 4667 1498 4738 submergere,
1534 4671 1619 4724 vel
1673 4670 2069 4726 Sodomiticum

493 4751 635 4823 ignis
673 4753 900 4812 imbrem
951 4755 1237 4813 demittere
1286 4759 1450 4814 unico
1500 4761 1686 4826 verbo,
1727 4763 1810 4818 vel
1846 4761 2070 4834 aliquod

491 4843 638 4900 aliud
671 4846 930 4902 acerbum
960 4849 1282 4920 supplicium
1313 4851 1556 4923 irrogare
1575 4851 1600 4903 ἲ

559 5025 815 5082 Attamen
880 5027 994 5084 haec
1063 5028 1248 5084 omnia
1305 5031 1421 5086 miti
1485 5033 1824 5104 patientique
1887 5035 2072 5089 animo

491 5117 734 5188 pertulit,
767 5121 1000 5190 vitatque
1028 5131 1132 5177 tuae
1177 5137 1274 5193 per
1314 5123 1556 5195 seipsum
1599 5126 1749 5196 leges
1794 5126 2073 5196 patientiae

493 5208 666 5264 dedit.
705 5209 798 5268 Sic
827 5213 934 5268 alia
965 5215 1156 5268 omnia
1198 5217 1251 5268 in
1281 5216 1530 5286 principe
1550 5215 1642 5272 Dei
1677 5218 1916 5288 imagine
1947 5217 2074 5272 licet

490 5297 716 5364 intueri,
757 5301 826 5357 ad
855 5319 1019 5374 quam
1057 5306 1152 5376 qui
1181 5307 1423 5376 respicit,
1455 5316 1510 5362 et
1552 5309 1620 5363 ad
1653 5307 1775 5378 ejus
1815 5309 2076 5363 similitu-

492 5387 676 5442 dinem
743 5389 977 5448 l‘ormam
1032 5404 1266 5451 exornat
1320 5412 1498 5460 suam,
1546 5397 1665 5467 ipse
1719 5413 1938 5469 quoque
2015 5399 2074 5450 lit

494 5477 672 5550 imago
712 5479 808 5536 Dei
878 5485 1176 5545 invisibilis
1223 5504 1323 5558 per
1382 5491 1732 5545 tolerantiam
1781 5504 2070 5560 expressa.

495 5567 599 5634 Qui
633 5577 819 5624 autem
849 5572 1110 5634 Ecclesia:
1143 5589 1312 5649 caput
1345 5581 1627 5639 Christum
1652 5597 1777 5638 esse
1797 5581 1992 5637 didicit
2011 5582 2082 5648 ⁸⁸,

559 5759 643 5810 σοι

489 5812 544 5880 v.
564 5825 653 5881 25.

2173 657 2352 727 ἐκείνη
2386 654 2476 708 τοῦ
2513 657 2743 727 ἀοράτου
2775 655 2910 708 Θεοῦ
2941 654 3124 718 εἰκὼν,
3172 655 3205 724 ἡ
3234 652 3322 707 διὰ
3359 652 3455 722 τῆς
3481 650 3781 722 Παρθένου

2173 745 2575 817 ἐπιδημήσασα,
2605 745 2871 816 ἐπειράθη
2899 746 2996 816 μὲν
3022 743 3164 798 κατὰ
3190 743 3370 798 πάντα
3389 785 3403 808 ,
3431 741 3563 796 καθ’
3593 741 3784 812 ὁμοιό-

2169 853 2308 908 τητα
2327 836 2427 906 τῆς
2450 835 2795 906 ἀνθρωπίνης
2820 837 3054 904 φύσεως,
3081 837 3249 906 μόνης
3277 835 3322 888 δ’
3341 834 3402 887 οὐ
3429 831 3785 904 παρεδέξατο

2171 927 2270 998 τῆς
2309 927 2582 996 ἁμαρτίας
2621 926 2719 997 τὴν
2765 931 2976 993 πεῖραν.
3015 929 3146 990 ι’Ὸς
3190 925 3458 996 ἁμαρτίαν
3501 923 3622 994 γὰρ
3678 923 3783 975 οὐκ

2171 1021 2416 1088 ἐποίησε,
2449 1037 2468 1070 ι
2502 1020 2686 1088 φησὶν,
2729 1039 2746 1068 ι
2775 1019 2882 1072 οὐδ’
2903 1018 3101 1089 εὑρέθη
3138 1017 3289 1080 δόλος
3321 1018 3378 1069 ὲν
3412 1014 3491 1086 τῷ
3537 1015 3782 1084 στόματι

2173 1111 2357 1165 αὐτοῦ.
2385 1130 2402 1162 ι
2423 1112 2630 1180 ’Ὠσπερ
2673 1112 2871 1171 τοίνυν,
2896 1114 2942 1162 εἰ
2976 1109 3072 1181 τὴν
3099 1109 3454 1184 ζωγραφικὴν
3479 1107 3784 1160 ὲπαιδευό·

2178 1202 2316 1271 μεθα
2341 1203 2559 1272 τέχνην,
2597 1202 2884 1272 προθέντος
2921 1204 3052 1272 ἡμῖν
3089 1201 3181 1255 τοῦ
3217 1199 3546 1254 διδασκάλου
3571 1197 3782 1251 κεκαλο

2173 1291 2522 1362 λωπισμὲνην
2541 1292 2660 1346 τινὰ
2686 1297 2897 1362 μορφὴν
2922 1294 3012 1344 ἐπὶ
3043 1294 3266 1354 πίνακος
3286 1309 3298 1320 ·
3329 1291 3434 1343 ἔδει
3463 1289 3698 1351 πάντως
3720 1288 3783 1340 τὸ

2173 1386 2267 1438 ἀπ’
2296 1385 2507 1454 δκείνης
2542 1383 2732 1444 κάλλος
2762 1384 2856 1435 ἐπὶ
2885 1384 2981 1454 τῆς
3018 1385 3152 1446 ἰδίας
3182 1383 3412 1436 ἕκαστον
3441 1381 3780 1450 ζωγραφίας
3880 1424 3888 1432 .

2178 1477 2542 1547 μιμήσασθαι,
2575 1476 2713 1529 ὥστε
2749 1477 2874 1538 τοὺς
2900 1476 3112 1529 πάντων
3145 1476 3379 1537 πίνακας
3405 1471 3554 1526 κατά
3582 1472 3648 1525 τὸ
3684 1473 3781 1525 ὲκ-

2175 1570 2426 1639 κείμενον
2448 1569 2538 1622 τοῦ
2561 1568 2783 1632 κάλλους
2804 1567 3106 1638 ὑπόδειγμα
3125 1563 3574 1635 καλλωπισθῆναι
3589 1581 3607 1596 ·
3631 1563 3779 1617 κατὰ

2173 1659 2262 1712 τδν
2315 1661 2478 1714 αὐτὸν
2521 1661 2756 1730 τρόπον,
2800 1659 2986 1729 ἐπειδὴ
3037 1659 3134 1728 τῆς
3187 1657 3321 1720 ιδίας
3369 1656 3614 1718 ἕκαστός
3659 1655 3779 1708 ἐστι

2176 1749 2320 1818 ζωῆς
2375 1749 2682 1821 ζωγράφος,
2711 1752 2943 1818 τεχνῖτις
2988 1748 3044 1802 δὲ
3083 1749 3182 1818 τῆς
3224 1746 3595 1816 δημιουργίας
3639 1745 3778 1798 ταύ-

2173 1857 2271 1911 της
2311 1841 2456 1895 ἐστὶν
2486 1843 2520 1912 ἠ
2562 1841 2896 1912 προαίρεσις,
2943 1837 3210 1910 χρώματα
3248 1839 3305 1890 δὲ
3341 1837 3478 1908 πρὸς
3529 1836 3636 1908 τὴν
3668 1837 3777 1890 ἁπι-

2108 1919 2147 1971 Β
2175 1933 2436 2004 εργασίαν
2468 1934 2565 2004 τῆς
2600 1933 2804 1996 εἰκόνος
2829 1933 2886 1985 αἱ
2919 1931 3144 2002 ἀρεταί·
3180 1931 3420 1992 κίνδυνος
3447 1930 3512 1983 οὐ
3548 1930 3775 2000 μικρὸς,

2179 2021 2550 2094 μεταχαράξαι
2584 2022 2677 2076 τοῦ
2713 2022 3068 2096 πρωτοτύπου
3109 2021 3338 2085 κάλλους
3382 2022 3480 2093 τὴν
3535 2023 3777 2092 μίμησιν

2154 2117 2234 2178 εἰς
2257 2117 2490 2186 εἰδεχθὲς
2515 2132 2565 2168 τι
2597 2116 2689 2168 καὶ
2715 2115 2960 2184 ἄμορφον
3005 2116 3346 2184 προσωπεῖον
3365 2153 3379 2177 ,
3410 2113 3500 2166 διὰ
3531 2112 3646 2165 τῶν
3678 2117 3776 2182 ρυ-

2177 2209 2368 2278 παρῶν
2411 2207 2737 2278 χρωμάτων,
2785 2207 2906 2260 ἀντὶ
2945 2205 3040 2258 τοῦ
3089 2203 3418 2258 Δεσποτικοῦ
3459 2203 3644 2266 εἴδους
3685 2204 3778 2256 τὸν

2178 2304 2276 2373 τῆς
2304 2303 2500 2365 κακίας
2549 2301 2870 2373 χαρακτῆρα
2905 2304 3436 2372 σκιογραφήσαντας.
3484 2301 3656 2354 Ἀλλά
3700 2301 3776 2365 ὡς

2178 2391 2293 2444 ἐστι
2343 2392 2604 2452 δυνατὸν,
2664 2391 2880 2462 καθαρά
2930 2391 3040 2445 τῶν
3088 2391 3296 2462 ἀρετῶν
3348 2391 3416 2444 τὰ
3475 2389 3774 2462 χρώματα,

2179 2486 2322 2541 κατά
2363 2504 2486 2540 τινα
2531 2486 2782 2556 τεχνικὴν
2821 2484 2966 2556 μίξιν
3011 2485 3149 2556 πρὸς
3197 2485 3402 2555 ἄλληλα
3449 2501 3770 2556 συγκεκρα-

2183 2578 2338 2648 μὲνα,
2378 2577 2513 2646 πρὸς
2555 2577 2656 2647 τὴν
2705 2574 2798 2628 τοῦ
2850 2575 3082 2636 κάλλους
3133 2575 3362 2645 μίμησιν
3397 2575 3777 2645 παραλαμΰά-

2180 2689 2312 2735 νειν,
2367 2670 2507 2724 ὥστε
2553 2667 2805 2738 γενέσθαι
2839 2669 2987 2738 ἡμᾶς
3034 2667 3132 2734 τῆς
3184 2666 3395 2727 εἰκόνος
3443 2665 3656 2731 εἰκόνα,
3705 2665 3774 2717 δι’

2179 2762 2434 2834 ἐνεργοῦς
2479 2761 2550 2824 ὡς
2599 2756 2708 2813 οἷόν
2759 2776 2818 2812 τε
2871 2761 3153 2828 μιμήσεως
3210 2757 3636 2828 ὲκμαξαμένους
3715 2757 3775 2810 τὸ

2181 2853 2534 2922 πρωτότυπον
2582 2849 2797 2912 κάλλος,
2835 2849 2911 2910 ὡς
2948 2848 3116 2900 ἐποίει
3157 2847 3185 2898 ὁ
3236 2845 3462 2911 Παῦλος,
3526 2846 3774 2918 μιμητὴς

2182 2943 2277 2996 τοῦ
2332 2941 2568 3012 Χριστοῦ
2617 2941 2705 2994 διά
2751 2939 2843 2992 τοῦ
2880 2939 3002 2992 κατ’
3041 2938 3241 3010 ἀρετὴν
3289 2939 3405 3008 βίου
3456 2941 3770 3009 γινόμενος.

2183 3034 2245 3084 Εἰ
2283 3032 2340 3085 δὲ
2391 3032 2495 3102 χρὴ
2544 3031 2638 3084 καὶ
2693 3028 2760 3082 τά
2819 3027 2938 3081 καθ’
2990 3028 3216 3081 ’ἑκαστον
3265 3026 3646 3096 διευκρινῆσαι
3695 3023 3774 3094 τῷ

2180 3122 2346 3192 λόγῳ,
2395 3121 2463 3173 δι’
2516 3115 2590 3174 ὧν
2639 3122 2674 3191 ἡ
2722 3120 2822 3190 τῆς
2872 3120 3079 3182 εἰκόνος
3141 3119 3371 3188 μίμησις
3425 3117 3665 3186 γίνεται,
3715 3115 3773 3168 ἓν

2183 3213 2380 3284 χρῶμα
2419 3215 2452 3284 ἡ
2493 3211 2980 3283 ταπεινοφροσύνη.
3033 3231 3051 3262 ι
3107 3209 3317 3264 Μάθετε
3359 3229 3376 3262 ι
3415 3210 3552 3280 γὰρ,
3583 3209 3769 3280 φησὶν,

2187 3324 2207 3355 ι
2257 3305 2349 3358 ἀπ’
2386 3305 2541 3374 ἐμοῦ,
2576 3305 2657 3358 ὃτι
2693 3305 2870 3376 πρᾶός
2918 3306 3056 3374 εἰμι,
3103 3303 3198 3356 καὶ
3239 3303 3492 3366 ταπεινὸς
3525 3307 3596 3375 τῇ
3641 3318 3772 3372 καρ-

2180 3395 2288 3467 δία.
2343 3415 2360 3448 ι
2420 3395 2646 3466 Ἕτερον
2692 3394 2910 3466 χρῶμα,
2963 3395 2994 3464 ἡ
3046 3392 3416 3464 μακροθυμία,
3465 3395 3498 3464 ή
3553 3394 3674 3456 πῶς
3705 3395 3768 3464 τῇ

2183 3488 2350 3542 εἰκόνι
2394 3487 2488 3540 τοῦ
2524 3487 2754 3557 ἀοράτου
2801 3485 2938 3540 Θεοῦ
2987 3488 3342 3554 ἐπιφανεῖσα;
3382 3487 3654 3557 Μάχαιρά
3712 3500 3770 3536 τε

2183 3580 2276 3634 καὶ
2311 3578 2463 3646 ξύλα,
2503 3579 2598 3632 καὶ
2646 3578 2819 3648 δεσμὰ
2852 3579 2946 3632 καὶ
2987 3577 3270 3648 μάστιγες,
3319 3574 3573 3643 σιαγόνες
3611 3578 3770 3646 ραπιυ

2182 3671 2406 3739 ζόρεναι
2429 3709 2443 3732 ,
2499 3670 2791 3740 πρόσωπον
2836 3668 3246 3738 ὲμπτυόμενον,
3307 3665 3478 3720 νῶτον
3535 3667 3769 3735 πληγαῖς

2179 3760 2549 3830 ὲκδεδομένον,
2603 3761 2886 3830 κριτήριον
2931 3759 3146 3823 ἀσεϐὲς,
3193 3757 3470 3826 ἀπόφασις
3529 3755 3767 3826 ἀπηνὴς,

2184 3849 2512 3920 στρατιῶται
2572 3849 2668 3918 τῆς
2733 3848 3062 3920 σκυθρωπῆς
3113 3847 3440 3916 ἀποφάσεως
3491 3863 3768 3917 κατατρυ-

2183 3941 2412 4010 φῶντες,
2460 3942 2518 3993 ὲν
2563 3941 2892 4010 χλευασμοίς
2940 3941 3032 3994 καὶ
3079 3939 3384 4012 εἰρωνείαις
3425 3941 3519 3993 καὶ
3557 3942 3676 4000 ταῖς
3705 3940 3767 3990 ἐκ

2183 4033 2429 4104 καλάμου
2457 4033 2712 4103 πληγαῖς,
2735 4027 2876 4102 ἧλοι,
2899 4033 2993 4087 καὶ
3017 4031 3169 4104 χολὴ,
3199 4033 3295 4084 καὶ
3321 4029 3442 4095 ὅξος
3469 4030 3765 4085 καὶ-πάντα

2181 4125 2249 4177 τὰ
2265 4124 2566 4190 δεινότατα,
2593 4123 2717 4177 ἄνευ
2739 4124 2916 4186 αἰτίας
2939 4123 3088 4193 αύτῷ
3125 4123 3528 4194 προσαγόμενα,
3567 4121 3765 4192 μᾶλλον

2177 4215 2236 4269 δὲ
2287 4216 2429 4288 ὑπὲρ
2467 4217 2565 4286 τῆς
2611 4215 2950 4285 πολυτρόπου
3000 4213 3314 4286 εὐεργεσίας
3366 4215 3760 4283 ἀντιδιδόμενα.

2181 4307 2278 4371 Τίς
2295 4302 2386 4362 οὖν
2404 4307 2544 4362 κατά
2564 4306 2667 4360 τῶν
2689 4305 2860 4360 ταῦτα
2888 4305 3182 4360 ποιούντων
3203 4307 3234 4375 ὴ
3257 4305 3469 4374 ἄμυνα;
3505 4325 3524 4356 ι
3555 4305 3758 4372 Πάτερ,

2182 4396 2534 4469 συγχώρησον
2559 4397 2744 4460 αὐτοῖς
2765 4413 2780 4426 °
2813 4397 2872 4449 ού
2897 4396 3005 4467 γάρ
3033 4395 3207 4448 οἴδασι
3240 4393 3292 4448 τί
3330 4395 3565 4450 ποιοῦσι.
3607 4413 3626 4448 ι
3669 4393 3760 4460 Μὴ

2179 4490 2279 4543 οὐκ
2309 4485 2379 4559 ἦν
2411 4488 2632 4541 δυνατὸν
2664 4487 2870 4540 ἄνωθεν
2912 4488 3097 4551 αὐτοῖς
3145 4485 3306 4540 αὐτὸν
3343 4487 3638 4560 empsim
3671 4485 3762 4538 τὸν

2103 4620 2148 4674 D
2179 4580 2426 4652 οὐρανὸν,
2457 4579 2489 4650 ἢ
2525 4580 2760 4649 χάσματι
2785 4579 2889 4648 γῆς
2914 4579 3232 4648 ἐξαφανίσαι
3262 4579 3388 4642 τοὺς
3417 4581 3696 4652 ὑϐριστάς,
3723 4576 3754 4644 ῆ

2175 4670 2497 4726 ὲπεκϐαλείν
2541 4669 2646 4735 ἔξω
2690 4671 2800 4724 τῶν
2837 4671 2980 4724 ἰδίων
3019 4673 3162 4742 ὅρων
3195 4675 3292 4744 τὴν
3327 4673 3620 4735 Θάλασσαν,
3667 4667 3760 4723 καὶ

2173 4767 2286 4828 τοῖς
2311 4763 2490 4834 βυθοῖς
2514 4765 2734 4833 ποιῆσαι
2753 4762 2853 4832 τὴν
2875 4763 2978 4832 γῆν
3001 4764 3352 4834 ὑποϐρύχιον,
3373 4767 3406 4835 ἢ
3429 4765 3526 4836 τὴν
3549 4763 3758 4830 Σοδομι-

2175 4855 2331 4926 τικὴν
2363 4855 2546 4916 αὐτοῖς
2582 4853 2856 4906 ἐπιϐαλεῖν
2881 4855 2976 4906 τοῦ
3013 4855 3186 4927 πυρὸς
3214 4855 3540 4926 ἐπομϐρίαν,
3572 4855 3606 4925 ἥ
3634 4851 3756 4907 ἄλλο

2175 4961 2226 4999 τι
2259 4948 2482 5016 ποιῆσαι
2507 4945 2615 4998 τῶν
2646 4945 2986 5016 σκυθρωπῶν
3013 4947 3100 5000 διὰ
3125 4949 3578 5018 προστάγματοςς

2259 5037 2420 5090 Ἀλλὰ
2461 5037 2634 5090 ταῦτα
2666 5038 2897 5108 ἤνεγκεν
2935 5040 2993 5091 ὲν
3041 5038 3304 5110 πρᾳότητι
3343 5039 3439 5092 καὶ
3480 5033 3753 5108 μακροθυ-

2181 5125 2301 5199 μίᾳ,
2335 5129 2364 5179 ὁ
2400 5125 2477 5198 τῷ
2525 5126 2602 5196 σῷ
2642 5127 2740 5198 βίῳ
2779 5128 2844 5181 δι’
2889 5128 3084 5183 ἑαυτοῦ
3115 5128 3419 5199 νομοθετῶν
3457 5127 3517 5182 τὸ
3553 5123 3753 5199 μακρό-

2181 5219 2373 5290 θυμον.
2410 5219 2566 5272 Οὕτω
2597 5221 2690 5273 καὶ
2717 5219 2784 5272 τὰ
2818 5221 2952 5274 ἄλλα
2983 5222 3160 5275 πάντα
3187 5223 3314 5290 περὶ
3346 5223 3446 5291 τὴν
3477 5217 3752 5292 πρωτότο-

2179 5327 2278 5363 πον
2309 5309 2404 5362 τοῦ
2434 5310 2566 5364 Θεοῦ
2608 5311 2792 5364 εἰκόνα
2824 5311 2970 5364 ἐστιν
3007 5313 3154 5375 ἰδεῖν,
3187 5315 3322 5385 πρὸς
3349 5315 3415 5386 ἣν
3459 5317 3488 5368 ό
3521 5313 3748 5385 βλέπων,
3821 5325 3831 5336 ·

2177 5401 2274 5454 καὶ
2320 5403 2438 5454 κατ’
2494 5403 2709 5471 ἐκείνην
2747 5403 2996 5472 ἐναργῶς
3035 5405 3393 5468 καλλωπίζων
3435 5406 3531 5476 τὴν
3560 5396 3748 5457 ἑαυτοῦ

2181 5491 2416 5562 μορφὴν,
2449 5491 2612 5544 εἰκὼν
2635 5492 2730 5544 καὶ
2761 5491 2924 5554 αὐτὸς
2952 5493 3162 5560 γίνεται
3189 5493 3282 5547 τοῦ
3309 5493 3444 5547 Θεοῦ
3469 5493 3562 5546 τοῦ
3585 5486 3748 5546 ἀοοά-

2175 5600 2290 5648 τοι),
2328 5582 2416 5635 διὰ
2450 5583 2543 5652 τῆς
2574 5581 2854 5653 ὑπομονῆς
2895 5583 3373 5657 ζωγραφούμενος.
3419 5586 3476 5639 Ὀ
3503 5584 3559 5638 δὲ
3586 5593 3747 5648 κεφα-

646 5761 786 5814 iom.
817 5780 930 5830 vm,
969 5771 1170 5854 [2’sqq.
1251 5778 1338 5833 ⁸⁸1
1371 5783 1513 5837 Ρυιτ.
1553 5799 1609 5842 ιι,
1651 5781 1740 5834 Si.
1821 5778 1906 5830 "l
1937 5779 2063 5836 Cor.

2175 5824 2184 5847 ,
2222 5783 2308 5836 l6.
2385 5783 2431 5814 ⁸⁸
2465 5781 2656 5838 Matth.
2690 5781 2875 5851 “29.
2953 5783 2999 5818 ⁸⁷
3031 5783 3164 5840 Luc.
3199 5798 3354 5852 xxiii,
3379 5785 3468 5840 ὀί.
3545 5781 3588 5813 ⁸⁸
3611 5773 3740 5849 Eph.
