4106 6440
391 366 496 420 2'25

1403 363 1491 418 DE
1521 362 1886 419 PEliFECTA
1922 362 2324 418 CllRlSTIANI
2360 361 2624 418 FORMA.

3551 359 3656 414 ετι

385 479 491 549 λὴν
516 477 617 549 τῆς
660 479 990 551 Ἐκκλησίας
1017 481 1104 533 τὸν
1133 478 1368 549 Χριστὸν
1396 476 1532 532 εἶναι
1577 477 1784 549 μαθὼν,
1821 477 1970 532 τοῦτο

2081 477 2213 532 illud
2256 477 2310 532 in
2347 476 2542 548 primis
2571 474 2798 544 cogitet,
2832 449 3170 530 unam/esse
3203 471 3406 545 capitis
3437 481 3494 530 et
3527 477 3660 530 sub-

390 571 505 642 πρδ
537 571 759 624 πάντων
787 569 1122 635 διανοείσθω,
1147 570 1228 622 ὅτι
1251 571 1397 622 πᾶσα
1424 568 1636 640 κεφαλὴ
1659 567 1737 640 τῷ
1767 568 1982 622 ὑποκει-

387 661 548 732 μένῳ
587 660 802 733 σώματι
851 663 1098 734 δμοφυής
1131 663 1247 715 ἐστι
1281 661 1374 716 καὶ
1413 659 1713 732 ὁμοούσιος,
1758 659 1854 712 καὶ
1882 660 1982 728 μία

387 755 483 820 τίς
517 757 635 808 ἐστι
663 754 772 809 τῶν
797 755 918 809 καθ’
950 755 1178 808 ἕκαστον
1215 755 1391 825 μελῶν
1435 754 1572 825 πρὸς
1603 754 1664 806 τὸ
1691 754 1809 808 ὅλον
1843 771 1980 824 συμ-

389 847 534 916 φυῗα
557 885 574 910 ,
622 845 714 899 διὰ
746 847 875 916 μιᾶς
909 844 1209 916 συμπνοίας
1249 843 1696 915 κατεργαζομένη
1731 844 1866 915 πρὸς
1913 844 1982 896 τά

405 937 545 1010 μέρη
579 937 657 1008 τῷ
705 937 871 990 παντὶ
921 935 1020 1007 τὴν
1056 935 1414 1004 συμπάθειαν.
1463 935 1673 988 υύκοῦν
1714 934 1767 988 εἴ
1804 953 1858 988 τι
1886 935 1979 988 τοῦ

402 1026 662 1099 σώματός
703 1029 852 1082 ἐστιν
897 1027 1070 1093 ἐκτὸς,
1105 1027 1264 1080 τοῦτο
1297 1028 1389 1080 καὶ
1431 1028 1564 1098 πρὸς
1608 1026 1706 1098 τὴν
1739 1027 1981 1098 κεφαλὴν

398 1119 621 1182 πάντως
665 1118 959 1190 ἀλλοτρίως
991 1118 1124 1188 ἔχει.
1166 1117 1416 1172 Παιδεύει
1448 1117 1624 1170 τοίνυν
1661 1117 1752 1171 διὰ
1777 1116 1981 1170 τούτων

400 1215 430 1268 ὁ
457 1212 616 1280 λόγος
648 1213 814 1281 ἡμᾶς,
847 1213 983 1282 ὅπερ
1012 1212 1158 1264 ἐστὶν
1197 1212 1231 1282 ἠ
1265 1210 1472 1282 κεφαλὴ
1503 1211 1645 1264 κατά
1669 1211 1766 1282 τὴν
1797 1209 1976 1280 φύσιν,

398 1303 560 1356 τοῦτο
591 1305 777 1357 καὶτὰ
816 1303 938 1356 καθ’
981 1305 1209 1357 ἕκαστον
1249 1303 1491 1371 γίνεσθαι
1523 1303 1678 1374 μέλη,
1714 1305 1798 1356 ἵνα
1845 1303 1979 1375 πρὸς

398 1396 499 1466 τὴν
532 1395 775 1466 κεφαλὴν
802 1395 1015 1460 οἰκείως
1043 1395 1160 1467 ἔχῃ.
1203 1397 1389 1466 Ἡμεῖς
1419 1395 1476 1448 δέ
1514 1397 1679 1463 ἐσμεν
1721 1395 1790 1449 τά
1819 1395 1976 1466 μέλη,

399 1491 450 1543 οἱ
479 1491 558 1552 είς
597 1487 659 1541 τὸ
689 1488 850 1559 σῶμα
876 1487 970 1542 τοῦ
1005 1487 1239 1559 Χριστοῦ
1270 1485 1665 1550 συντελοῦντες.
1711 1488 1772 1541 El
1803 1487 1980 1542 τοίνυν

397 1599 483 1644 τις
503 1581 644 1650 ἄρας
663 1581 725 1634 τὸ
747 1579 906 1651 μέλος
929 1580 1021 1632 τοῦ
1043 1577 1301 1650 Χριστοῦ,
1331 1579 1532 1652 ποιήσῃ
1555 1579 1712 1649 μέλος
1735 1581 1936 1652 πόρνης
1963 1598 1976 1610 ο

397 1667 510 1725 οἷόν
535 1687 656 1726 τινα
685 1671 959 1742 μάχαιραν
988 1669 1240 1740 ἐμϐαλὼν
1281 1671 1379 1741 τὴν
1423 1671 1720 1724 ἀκόλαστον
1753 1670 1976 1737 λύσσαν,

391 1762 486 1820 διὰ
518 1764 614 1818 τοῦ
638 1768 874 1836 πονηροῦ
898 1763 1088 1816 τούτου
1120 1763 1324 1826 πάθους
1349 1763 1408 1816 τὸ
1437 1763 1595 1834 μέλος
1630 1763 1844 1827 πάντως
1879 1763 1979 1834 τῆς

397 1856 640 1926 κεφαλῆς
675 1855 1054 1926 ἠλλοτρίωσεν.
1081 1853 1238 1908 Οὕτω
1270 1853 1327 1908 δὲ
1351 1853 1445 1908 καὶ
1466 1853 1536 1908 τά
1566 1853 1730 1908 λοιπά
1757 1855 1854 1925 τῆς
1875 1873 1976 1908 κα-

394 1949 523 2012 κίας
548 1950 777 2021 ὄργανα,
819 1949 1083 2022 μάχαιραι
1113 1949 1373 2017 γίνονται,
1409 1948 1475 2002 δι’
1507 1942 1582 2002 ὧν
1607 1949 1676 2002 τά
1711 1929 1972 2020 μέληποῢ

395 2041 679 2113 συμφυοῦς
717 2043 1080 2113 ἀποτέμνεται
1124 2040 1405 2112 σώματος,
1451 2042 1543 2094 καὶ
1591 2041 1692 2110 τῆς
1732 2041 1972 2110 κεφαλῆς

391 2133 714 2204 ἀφορίζεται
742 2133 938 2191 πάντα,
973 2131 1155 2196 καθὼς
1191 2132 1255 2187 ἂν
1281 2133 1377 2204 τὴν
1397 2133 1571 2203 τομὴν
1601 2132 1872 2205 ἐνεργήσῃ
1904 2133 1972 2186 τὰ

393 2225 564 2296 πάθη.
603 2225 718 2279 Ἵνα
747 2221 838 2280 οὖν
868 2226 1046 2278 τοίνυν
1071 2227 1127 2278 ἐν
1155 2225 1234 2296 τῷ
1257 2226 1397 2279 κατὰ
1419 2225 1580 2296 φύσιν
1602 2226 1720 2279 ὅλον
1740 2225 1972 2297 ,διαμένῃ

391 2317 452 2368 τὸ
479 2316 660 2384 σῶμα,
702 2316 837 2388 πρὸς
865 2317 964 2386 τὴν
1000 2316 1240 2388 κεφαλὴν
1269 2317 1484 2380 οἰκείως
1521 2316 1666 2387 ἔχειν
1705 2319 1974 2388 προσήκει

389 2408 486 2460 καὶ
513 2407 585 2461 τε
615 2407 738 2461 καθ’
767 2407 995 2460 ἕκαστον
1027 2408 1188 2478 μέλη.
1213 2402 1322 2461 οἷον
1347 2409 1590 2478 καθαρὰν
1608 2407 1687 2479 τῷ
1709 2409 1852 2480 λόγῳ
1876 2410 1973 2479 τῆς

390 2501 582 2563 οὐσίας
601 2501 700 2571 τὴν
728 2499 972 2571 κεφαλὴν
1007 2499 1379 2556 συντελοῦντα.
1401 2501 1462 2553 Εἰ
1491 2500 1796 2570 ἀφθαρσίαν
1819 2501 1972 2556 νοοῦ-

393 2611 498 2663 μεν
520 2591 620 2663 τὴν
648 2591 908 2662 κεφαλὴν,
938 2595 997 2645 ὲν
1025 2592 1302 2664 ἀφθαρσίᾳ
1335 2593 1440 2664 χρὴ
1471 2595 1687 2656 πάντως
1717 2595 1972 2648 συνεστά-

389 2702 480 2739 ναι
508 2685 579 2739 τά
608 2685 765 2756 μέλη.
807 2684 964 2740 Οὕτω
993 2689 1086 2740 καὶ
1121 2685 1192 2739 τά
1229 2686 1362 2741 ἄλλα
1391 2687 1655 2756 νοήματα,
1685 2688 1786 2740 ὅσα
1819 2689 1852 2758 ἡ
1881 2705 1974 2741 κεο

389 2776 536 2848 φαλὴ
594 2779 824 2840 νοεῖται,
875 2779 968 2830 καὶ
1022 2778 1114 2831 ἐπὶ
1155 2778 1263 2830 τῶν
1306 2777 1482 2848 μελῶν
1534 2778 1825 2832 ἀκόλουθόν
1857 2781 1970 2834 ἐστι

388 2867 745 2939 καθορᾶσθαι,
769 2869 866 2938 τὴν
889 2869 1131 2940 εἰρήνην,
1153 2868 1243 2922 τὸν
1265 2869 1555 2940 ἀγιασμδν,
1575 2869 1673 2941 τὴν
1693 2869 1968 2942 ἀλήθειαν,

391 2961 488 3012 καὶ
514 2959 693 3014 πάντα
716 2960 786 3013 τά
812 2959 1055 3014 τοιαῦτα.
1097 2959 1196 3013 Διὰ
1237 2961 1344 3031 γὰρ
1373 2961 1468 3014 τοῦ
1502 2961 1630 3015 Υἱοῦ
1676 2961 1844 3016 ταῦτα
1877 2963 1971 3017 καὶ

385 3051 462 3104 τὲ.
490 3051 712 3104 τοιαῦτα
761 3053 818 3104 ὲν
863 3053 972 3116 τοῖς
1019 3051 1204 3121 μέλεσι
1244 3052 1536 3117 δείκνυται,
1581 3052 1660 3124 τῷ
1710 3055 1970 3126 συμφυῶς

389 3144 536 3212 ἔχειν
569 3144 708 3197 αὐτά
747 3146 884 3215 πρὸς
915 3143 1010 3215 τὴν
1041 3145 1282 3216 κεφαλὴν
1331 3147 1724 3218 μαρτυρεῖσθαι
1747 3165 1760 3180 ·
1798 3147 1970 3211 οὕτως

390 3235 636 3298 εἰπόντος
663 3235 756 3289 τού
797 3235 1142 3300 Ἀποστόλου,
1172 3238 1254 3290 ὅτι
1288 3239 1494 3299 ἐκεῖνος
1527 3237 1624 3306 μέν
1646 3239 1793 3290 ἐστιν
1820 3239 1852 3308 ἠ
1881 3255 1972 3290 κε-

389 3327 560 3396 φαλὴ,
595 3327 655 3392 ἐξ
678 3326 840 3380 αὐτοῦ
876 3327 932 3381 δὲ
961 3328 1070 3381 πᾶν
1113 3328 1174 3381 τὸ
1203 3327 1363 3398 σῶμα
1398 3327 1970 3400 συναρμολογούμενον

389 3420 487 3473 καὶ
516 3417 980 3489 συμϐιϐαζόμενον
1005 3419 1091 3472 διὰ
1131 3419 1310 3490 πάσης
1340 3420 1504 3489 ἁφῆς,
1548 3420 1646 3490 τῆς
1675 3420 1792 3472 κατ’
1821 3419 1970 3490 ἐνέρ-

386 3528 546 3580 γειαν
592 3513 650 3565 ὲν
682 3511 864 3582 μέτρῳ
899 3511 1016 3574 ἑνὸς
1063 3512 1290 3564 ἑκάστου
1329 3512 1548 3582 μέρους,
1605 3511 1704 3580 τὴν
1743 3510 1970 3582 αὔξησιν

383 3599 484 3652 τοῦ
511 3599 760 3671 σώματος
805 3603 1056 3654 ποιεῖται.
1100 3601 1212 3654 Καὶ
1239 3600 1398 3653 τοῦτο
1436 3603 1702 3672 προσήκει
1745 3600 1831 3654 διὰ
1871 3601 1968 3654 τοῦ

389 3687 487 3758 τῆς
515 3688 755 3760 κεφαλῆς
785 3689 1044 3758 ὀνόματος
1084 3689 1434 3760 παιδευθῆναι
1463 3730 1476 3754 ,
1529 3692 1612 3745 ὅτι
1657 3689 1844 3762 ὥσπερ
1879 3692 1969 3745 ἐπὶ

383 3777 498 3831 τῶν
539 3776 691 3842 ζώων
720 3781 782 3832 ἐκ
818 3783 916 3848 τῆς
954 3780 1195 3850 κεφαλῆς
1233 3781 1351 3832 ἐστι
1392 3780 1470 3850 τῷ
1502 3781 1712 3850 σώματι
1742 3781 1800 3834 τὸ
1835 3783 1970 3851 πρὸς

385 3871 488 3934 τὰς
509 3871 782 3943 ἐνεργείας
809 3871 1087 3941 ἐνδόσιμον
1116 3887 1126 3899 ·
1165 3871 1230 3924 δι’
1253 3871 1532 3942 ὀφθαλμοῦ
1555 3873 1662 3942 γὰρ
1687 3873 1776 3932 καὶ
1801 3873 1968 3943 ἀκοῆς

390 3960 460 4014 τὰ
497 3961 615 4014 καθ’
657 3961 888 4015 ἕκαστον
919 3961 1223 4025 εὐθύνεται,
1257 3963 1292 4029 ἦ
1323 3979 1380 4015 τε
1417 3963 1506 4016 διὰ
1539 3962 1712 4015 ποδῶν
1755 3963 1968 4032 κίνησις

383 4053 537 4122 καὶὴ
561 4051 647 4106 διὰ
679 4051 876 4124 χειρῶν
898 4052 1148 4124 ἐνέργεια
1173 4069 1185 4084 ο
1218 4054 1278 4106 ού
1313 4054 1420 4125 γὰρ
1452 4053 1656 4124 ἕστινῆ
1689 4054 1966 4124 ὀφθαλμοῦ

386 4143 468 4217 μὴ
503 4147 916 4210 ἐπιστατοῦντος
947 4145 1056 4199 τῶν
1100 4146 1570 4217 σπουδαζομένων,
1614 4147 1646 4217 ἢ
1701 4148 1774 4218 μὴ
1819 4148 1968 4218 δεχο-

385 4238 560 4305 μένης
611 4236 707 4308 τῆς
759 4239 927 4308 ἀκοῆς
975 4237 1076 4308 τὴν
1127 4239 1424 4307 ύψήνησιν,
1473 4237 1700 4300 δεόντως
1747 4255 1798 4290 τι
1855 4239 1964 4294 τῶν

380 4328 762 4400 προκειμένων
784 4329 1039 4396 γενέσθαι
1066 4347 1078 4359 ’
1115 4329 1256 4382 οὕτω
1285 4327 1391 4400 χρὴ
1421 4327 1562 4382 κατά
1582 4329 1680 4398 τὴν
1709 4329 1966 4401 ἀληθινὴν

381 4418 628 4490 κεφαλὴν
675 4421 768 4473 καὶ
806 4421 952 4490 ἡμᾶς
997 4420 1058 4472 τὸ
1095 4420 1255 4490 σῶμα
1307 4419 1654 4490 καταλλήλως
1698 4421 1964 4473 κινεῖσθαι

384 4513 526 4582 πρὸς
565 4513 742 4565 πᾶσαν
769 4511 946 4583 ὁρμὴν
971 4512 1062 4565 καὶ
1101 4511 1402 4582 ἐνέργειαν,
1435 4512 1679 4580 ὅπουπερ
1703 4513 1730 4565 ὁ
1758 4511 1966 4577 πλάσας

382 4605 476 4658 τὸν
521 4604 813 4676 ὀφθαλμὸν,
861 4604 894 4676 ἢ
942 4605 970 4656 ὁ
1018 4603 1286 4672 φυτεύσας
1328 4603 1388 4656 τὺ
1431 4601 1524 4668 οὖς
1567 4603 1961 4674 καθηγήσεται.

398 4681 550 4744 Ἐπεὶ
585 4687 677 4746 οὖν
707 4695 740 4762 ή
770 4691 976 4764 κεφαλὴ
1006 4691 1074 4746 τὰ
1113 4693 1223 4747 ἄνω
1249 4692 1454 4762 βλέπει,
1495 4695 1589 4747 καὶ
1619 4694 1686 4748 τὰ
1719 4694 1852 4766 μέλη
1883 4695 1966 4749 δεῖ

380 4783 622 4848 πάντως,
642 4783 712 4837 τά
744 4784 1140 4854 ὑφηρμοσμένα
1165 4787 1228 4855 τῇ
1260 4785 1488 4856 κεφαλῇ,
1513 4785 1738 4839 ἕπεσθαι
1767 4790 1834 4858 τῇ
1863 4787 1962 4858 τῆς

381 4875 624 4946 κεφαλῆς
649 4875 860 4946 ὁδηγία,
907 4875 1001 4928 καὶ
1031 4876 1166 4946 πρὸς
1203 4877 1271 4930 τά
1314 4875 1428 4930 ἅνω
1458 4877 1558 4946 τὴν
1590 4877 1762 4950 ῥοπὴν
1794 4877 1958 4949 ἔχειν.

385 4968 556 5020 Ὅταν
585 4965 643 5019 δὲ
670 4967 1013 5038 πρωτότοκον
1044 4967 1142 5036 τῆς
1181 4967 1410 5030 κτίσεως
1435 4963 1576 5022 εἶναι
1607 4969 1766 5022 αὐτὸν
1793 4969 1960 5026 ἀκού-

383 5073 590 5127 σωμεν,
624 5059 720 5112 καὶ
749 5058 1089 5128 πρωτότοκον
1119 5060 1184 5110 ἐκ
1223 5058 1454 5128 νεκρῶν,
1485 5060 1579 5112 καὶ
1619 5059 1964 5130 πρωτότοκον

379 5150 442 5202 ὲν
469 5147 682 5212 πολλοῖς
711 5148 978 5218 ἀδελφοῖς,
1014 5148 1229 5221 πρῶτον
1273 5151 1369 5218 μὲν
1395 5149 1492 5213 τὰς
1519 5151 1798 5221 αἱρετικὰς
1828 5153 1962 5206 ὑπο-

379 5238 570 5310 λήψεις
593 5239 1069 5310 ἁποπεμπώμεθα,
1105 5241 1180 5304 ὡς
1212 5241 1467 5311 οὐδεμίαν
1503 5244 1830 5314 συνηγορίαν
1865 5245 1963 5314 τῆς

314 5361 326 5369 -
376 5333 622 5401 πονηρᾶς
649 5329 829 5384 αὐτῶν
871 5331 1290 5401 δογματοποιίας
1326 5335 1390 5386 ὲκ
1432 5333 1540 5386 τῶν
1583 5335 1956 5404 προκειμένων

379 5421 641 5493 ῥημάτων
679 5423 927 5492 ἐχούσας.
963 5425 1114 5478 Μετά
1144 5425 1314 5478 ταῦτα
1352 5425 1408 5478 δὲ
1439 5426 1530 5478 καὶ
1567 5425 1636 5477 τὰ
1684 5427 1820 5496 πρὸς
1865 5425 1956 5480 τὸν

375 5513 567 5582 ἠθικὸν
591 5513 704 5584 βίον
731 5515 819 5568 διὰ
846 5516 1049 5569 τούτων
1076 5517 1204 5588 ἡμῖν
1231 5516 1581 5570 συντελοῦντα
1611 5520 1955 5586 κατανοήσω-

379 5621 502 5674 μεν.
543 5605 760 5678 Ἐπειδὴ
793 5605 903 5677 γὰρ
931 5607 1020 5660 τὸν
1048 5607 1326 5678 Μονογενῆ
1357 5607 1489 5662 Θεὸν
1514 5609 1602 5661 τὸν
1631 5607 1730 5660 τοῦ
1753 5608 1953 5671 παντὸς

2077 569 2208 639 jecti
2253 567 2502 637 corporis
2535 574 2810 632 naturam,
2865 572 2920 620 et
2966 565 3182 635 singula
3239 567 3480 621 membra
3529 581 3656 621 cum

2082 669 2198 716 toto
2250 659 2504 728 ,naturali
2577 658 2814 729 quadam
2881 649 3286 714 necessitudine
3361 659 3656 728 conjuncta

2081 767 2225 816 esse,
2260 766 2382 820 quae
2413 756 2596 818 partes
2638 747 2743 802 toti
2794 747 2867 801 ita
2912 745 3189 810 conciliat,
3235 751 3294 800 ut
3341 746 3480 801 miro
3525 761 3658 801 con-

2083 857 2249 900 sensu
2291 843 2434 896 inter
2463 856 2522 895 se
2553 839 2908 894 conveniant.
2961 837 3039 892 Ex
3085 852 3196 908 quo
3225 836 3289 892 tit
3319 845 3401 904 ut,
3447 837 3492 893 si
3521 837 3656 906 quid

2082 943 2234 990 extra
2266 949 2470 1004 corpus
2499 940 2605 996 est,
2641 930 2692 985 id
2738 931 2901 986 etiam
2931 944 2961 984 a
2991 929 3170 1000 capite
3207 929 3431 985 omnino
3462 929 3655 998 sejun-

2083 1033 2229 1080 ctum
2266 1025 2358 1080 sit.
2397 1023 2474 1078 Ex
2503 1025 2608 1078 hoc
2649 1023 2815 1094 igitur
2857 1023 3235 1094 intelligimus,
3277 1022 3420 1092 quod
3463 1027 3656 1076 natura

2081 1123 2246 1186 caput
2274 1125 2382 1180 est,
2408 1115 2551 1170 idem
2581 1115 2697 1169 fieri
2729 1113 2945 1184 singula
2980 1112 3246 1176 membra,
3279 1119 3336 1166 ut
3366 1126 3493 1167 cum
3538 1111 3658 1182 ipso

2081 1209 2262 1280 capite
2310 1209 2532 1278 proprie
2585 1207 2869 1275 amiceque
2917 1205 3289 1262 consentiant.
3324 1203 3436 1262 Nos
3476 1211 3658 1260 autem

2082 1301 2324 1354 membra
2349 1315 2563 1364 sumus,
2600 1299 2692 1368 qui
2721 1300 2775 1354 iu
2801 1298 3007 1354 Christi
3042 1312 3244 1367 corpus
3271 1297 3655 1352 coalescimus.

2083 1391 2264 1458 Quare
2313 1393 2360 1447 si
2409 1393 2535 1463 quis
2589 1393 2890 1446 membrum
2937 1390 3146 1446 Christi
3197 1391 3415 1453 tollens,
3460 1389 3659 1444 etﬁciat

2083 1483 2389 1538 membrum
2433 1484 2739 1539 meretricis
2761 1483 2826 1548 ⁸³,
2865 1482 2952 1538 hic
2980 1481 3185 1538 rabiem
3219 1481 3482 1552 improba:
3508 1480 3658 1537 illius

2083 1576 2327 1631 libidinis
2388 1583 2648 1646 tanquam
2697 1573 2936 1644 gladium
2987 1573 3298 1644 arripiens,
3358 1587 3457 1642 per
3516 1573 3659 1626 hanc

2081 1681 2306 1737 pravam
2344 1667 2812 1738 perturbationem
2845 1667 3148 1722 membrum
3182 1679 3411 1736 prorsus
3437 1663 3658 1719 abscin-

2081 1760 2162 1814 dit
2203 1774 2234 1814 a
2267 1761 2466 1830 capite.
2513 1759 2605 1814 Sic
2647 1759 2774 1814 item
2805 1759 3014 1828 reliqua
3047 1759 3266 1813 malitia:
3295 1757 3659 1814 instrumenta

2081 1860 2210 1907 sunt
2251 1852 2416 1908 veluti
2465 1851 2651 1922 gladii,
2687 1853 2884 1920 quibus
2929 1851 3171 1906 membra
3215 1865 3246 1904 a
3280 1850 3503 1920 proprio
3537 1864 3658 1905 cor-

2080 1960 2214 2016 pore
2255 1952 2628 2015 amputantur,
2669 1955 2721 2000 et
2755 1944 2942 1998 omnia
2988 1945 3352 2015 sejunguntur
3396 1959 3426 1997 a
3457 1945 3652 2012 capite,

2080 2052 2314 2106 quorum
2347 2035 2643 2090 sectionem
2675 2034 3112 2104 perturbationes
3150 2032 3412 2088 cilicium.
3447 2031 3516 2086 Ut
3554 2032 3654 2102 igi-

2081 2135 2170 2180 tur
2202 2134 2374 2180 totum
2417 2139 2622 2195 corpus
2665 2125 2719 2178 in
2767 2123 2999 2178 naturali
3040 2123 3280 2177 amicitia
3311 2137 3436 2177 cum
3471 2121 3653 2192 capite

2079 2223 2418 2287 permaneat,
2447 2231 2661 2286 aequum
2689 2226 2770 2272 est
2806 2224 2867 2269 ut
2893 2225 3080 2268 mutua
3111 2213 3406 2269 concordia
3435 2213 3652 2285 singula

2077 2309 2206 2364 item
2243 2309 2484 2364 membra
2527 2309 2668 2362 inter
2713 2323 2772 2363 se
2817 2306 3238 2376 conjungantur.
3283 2304 3652 2372 Quamobrem

2077 2416 2202 2456 eum
2249 2402 2426 2470 ipsum
2476 2411 2640 2470 caput
2695 2415 2801 2455 non
2851 2398 3014 2454 modo
3082 2413 3276 2468 purum
3309 2439 3324 2464 ,
3374 2397 3646 2468 integrum

2074 2502 2395 2562 castumque
2441 2495 2555 2556 sit,
2601 2493 2695 2549 sed
2751 2495 2866 2563 ipsa
2915 2493 3154 2562 quodam
3205 2491 3370 2547 modo
3415 2492 3648 2562 paritas,

2076 2583 2360 2656 integritas
2407 2593 2462 2639 et
2501 2585 2729 2642 castitas
2775 2584 3142 2649 existimetur,
3187 2599 3310 2655 quae
3341 2583 3444 2640 sub
3500 2583 3652 2654 ejus-

2073 2679 2220 2732 modi
2262 2688 2430 2748 caput
2480 2679 2722 2734 membra
2774 2689 3148 2745 concurrunt,
3196 2693 3258 2734 ea
3325 2677 3452 2734 item
3491 2693 3650 2748 pura,

2073 2773 2388 2842 incorrupta
2436 2781 2705 2842 castaque
2755 2773 2865 2828 sint
2913 2777 3342 2826 consentaneum
3393 2779 3499 2825 est.
3545 2767 3652 2824 De-

2074 2865 2239 2933 nique
2283 2861 2550 2934 quidquid
2605 2863 2674 2918 de
2727 2863 2905 2934 capite
2952 2861 3280 2933 cogitamus,
3337 2867 3398 2915 ut
3435 2873 3648 2928 pacem,

2074 2955 2521 3020 sanctimoniam,
2560 2955 2872 3016 veritatem,
2919 2961 2974 3008 et
3018 2953 3123 3006 alia
3167 2951 3350 3006 omnia
3399 2949 3650 3020 ejusdem

2075 3049 2312 3118 generis,
2369 3050 2424 3102 in
2481 3047 2744 3102 membris
2781 3061 3002 3116 quoque
3059 3041 3450 3114 conspicienda
3497 3050 3649 3097 sunt.

2074 3141 2179 3197 Per
2212 3141 2408 3196 Filium
2443 3142 2588 3196 enim
2639 3141 2752 3195 haec
2783 3149 2838 3196 et
2864 3139 2992 3194 talia
3042 3137 3097 3192 in
3135 3136 3395 3192 membris
3427 3137 3652 3192 demon-

2075 3216 2342 3298 strautur,
2376 3233 2522 3302 quod
2570 3247 2634 3288 ea
2667 3231 2902 3286 naturali
2940 3229 3353 3286 necessitudine
3397 3242 3522 3282 cum
3567 3241 3654 3282 ca-

2073 3327 2184 3396 pite
2214 3327 2490 3380 cohmrere
2538 3324 2611 3379 sit
2661 3322 2979 3379 testimonio
3029 3321 3491 3392 comprobatum:
3525 3332 3652 3373 cum

2074 3420 2153 3475 sic
2209 3419 2508 3488 Apostolus
2550 3417 2774 3480 dixerit,
2825 3415 3110 3471 Christum
3164 3428 3287 3468 esse
3342 3422 3527 3481 caput,
3581 3425 3651 3464 ex

2073 3526 2183 3578 quo
2233 3518 2410 3563 totum
2461 3525 2664 3578 corpus
2719 3513 3066 3578 compactum
3101 3511 3158 3558 et
3203 3517 3510 3558 cormcxum
3553 3515 3652 3572 per

2072 3599 2290 3658 omnem
2317 3602 2639 3671 juncturam
2671 3599 2973 3655 secundum
2999 3595 3374 3666 operationem
3407 3592 3463 3646 in
3495 3606 3650 3646 men-

2072 3709 2255 3749 suram
2284 3693 2721 3762 uniuscujusque
2749 3689 2978 3745 membri
3019 3696 3368 3758 augmentum
3399 3682 3650 3753 corporis

2073 3787 2288 3842 facit”.
2357 3785 2487 3838 Illud
2547 3793 2807 3854 praeterea
2877 3797 2942 3836 ex
2996 3781 3102 3835 hoc
3155 3778 3350 3849 capitis
3423 3775 3650 3831 nomine

2071 3880 2282 3934 discere
2313 3878 2574 3932 debemus
2596 3893 2608 3929 :
2633 3873 3091 3944 quemadmodum
3125 3872 3178 3926 in
3209 3869 3541 3924 animalibus
3578 3882 3649 3923 ex

2029 4005 2038 4014 -
2070 3971 2248 4041 capite
2279 3969 2530 4039 provenit
2567 3967 2786 4037 corpori
2815 3964 2882 4019 ad
2925 3963 3198 4034 agendum
3229 3951 3452 4017 occasio
3483 3965 3650 4030 atque

2071 4059 2344 4118 incitatio,
2395 4055 2666 4128 siquidem
2715 4063 2772 4110 et
2819 4053 3019 4125 pedum
3061 4060 3116 4108 et
3167 4065 3426 4106 tnanuum
3465 4055 3649 4103 motus

2069 4160 2232 4220 atque
2262 4164 2430 4219 opera
2461 4147 2648 4202 omnia
2691 4147 2978 4202 oculorum
3009 4155 3062 4199 et
3105 4148 3322 4196 aurium
3357 4155 3462 4210 ope
3505 4138 3648 4192 diri-

2069 4249 2272 4311 guntur
2299 4258 2312 4305 ;
2343 4241 2543 4294 etenim
2576 4239 2682 4292 nisi
2715 4236 2863 4292 oculi
2895 4235 3118 4304 praesint
3142 4232 3432 4302 satagenti,
3461 4237 3516 4285 et
3551 4245 3648 4284 au—

2069 4334 2148 4388 ris
2190 4332 2479 4400 iuiperium
2512 4327 2770 4397 excipiat,
2807 4327 2942 4380 nihil
2978 4340 3169 4380 corum
3217 4338 3339 4393 qua:
3365 4323 3646 4392 proposita

2071 4432 2201 4475 sunt
2235 4427 2384 4474 recte
2415 4418 2532 4472 fieri
2573 4424 2755 4485 potest
2784 4432 2797 4468 :
2832 4415 2916 4470 sic
2944 4428 3007 4468 ex
3039 4412 3155 4468 veri
3183 4413 3382 4484 capitis
3422 4417 3647 4466 senten-

2001 4512 2042 4566 D
2074 4514 2144 4566 tia
2183 4525 2384 4580 corpus
2417 4509 2470 4563 in
2515 4510 2678 4562 rebus
2705 4507 2963 4562 erunibus
3005 4503 3166 4560 modo
3200 4503 3268 4556 ad
3307 4504 3434 4565 hoc,
3486 4501 3648 4555 modo

2069 4607 2135 4659 ad
2182 4605 2314 4658 illud
2352 4601 2624 4672 agendum
2675 4601 2836 4670 dirigi
2891 4607 2945 4654 et
2988 4597 3194 4652 moveri
3246 4601 3484 4666 oportet,
3517 4607 3650 4663 quo-

2069 4713 2287 4766 cunque
2315 4696 2406 4750 ille
2435 4695 2526 4764 qui
2557 4693 2711 4747 tinxit
2741 4691 2964 4747 oculum
2993 4700 3046 4746 et
3076 4689 3343 4760 plantavit
3366 4701 3552 4741 aurem
3573 4685 3642 4748 ³³,

2067 4791 2251 4846 ducet.
2285 4789 2516 4856 Quando
2556 4787 2722 4856 igitur
2751 4791 2916 4856 caput
2945 4799 3068 4854 qua:
3101 4797 3266 4852 supra
3306 4787 3434 4835 sunt
3478 4778 3644 4846 respi-

2067 4884 2164 4945 cit,
2217 4899 2356 4952 opus
2409 4888 2494 4936 cst
2558 4889 2617 4933 ut
2655 4893 2776 4948 quae
2820 4876 2988 4947 capiti
3039 4884 3164 4945 apte
3224 4871 3470 4928 subnexa
3515 4875 3644 4924 sunt

2067 4973 2332 5038 membra,
2367 4971 2542 5041 ipsius
2569 4971 2766 5039 capitis
2789 4972 3013 5024 ductum
3045 4971 3364 5035 sequantur,
3394 4967 3448 5015 et
3476 4959 3541 5014 ad
3577 4974 3645 5013 ea

2061 5081 2184 5135 quae
2236 5079 2403 5132 supra
2460 5071 2588 5118 sunt
2641 5061 2880 5116 tendant.
2949 5057 3146 5112 Verum
3200 5053 3460 5124 quoniam
3513 5067 3641 5106 eum

2063 5172 2188 5210 esse
2226 5154 2650 5224 primogenitum
2679 5159 2952 5207 creatura:
2981 5149 3244 5204 discimus
3269 5145 3316 5176 ⁵⁸
3345 5153 3399 5200 et
3434 5142 3640 5214 primo-

2066 5247 2308 5316 genitum
2346 5260 2410 5298 ex
2445 5244 2678 5298 mortuis
2697 5243 2765 5308 ³³,
2813 5252 2866 5297 et
2898 5240 3322 5310 primogenitum
3365 5236 3417 5288 in
3450 5233 3640 5287 multis

2069 5334 2421 5396 fratribus“,
2477 5335 2712 5403 primum
2747 5333 2966 5402 quidem
3015 5330 3302 5385 haereticus
3349 5324 3639 5396 opiniones

2063 5426 2388 5487 refutemus,
2420 5433 2610 5496 utpote
2645 5429 2766 5492 quin
2803 5424 3012 5478 nullum
3037 5437 3100 5475 ex
3133 5419 3426 5491 propositis
3458 5417 3647 5472 verbis

2065 5533 2234 5589 pravo
2285 5533 2387 5574 suo
2427 5517 2665 5586 dogmati
2697 5529 2943 5585 quaerere
2976 5511 3336 5581 patrocinium
3385 5509 3638 5581 possint;

2061 5609 2256 5670 deinde
2298 5624 2427 5663 vero
2470 5625 2592 5678 qua:
2623 5607 2782 5661 nobis
2825 5605 2892 5660 ad
2936 5604 3098 5658 vitam
3130 5611 3186 5658 et
3225 5617 3406 5658 mores
3438 5617 3505 5656 ex
3551 5600 3652 5654 his.

447 5780 688 5838 "lCor.
724 5799 797 5848 vi,
828 5783 912 5838 15.
990 5782 1256 5854 "Eplies.
1299 5801 1370 5852 IV,
1418 5784 1500 5841 £6.
1580 5787 1619 5817 ⁵¹
1648 5785 1790 5840 Psal.
1822 5800 1970 5849 scut,

2132 5787 2174 5818 ⁵³
2198 5786 2414 5842 Coloss.
2449 5801 2486 5848 t,
2519 5785 2601 5838 15.
2683 5783 2727 5814 ⁸³
2756 5782 2884 5838 ibid.
2928 5784 3008 5838 i8.
3088 5783 3136 5813 ‘"
3161 5782 3317 5835 llurn.
3363 5799 3474 5858 vni.
3508 5778 3599 5832 ἐξ).
