4106 6442
517 367 621 434 8'15.

1749 364 1809 423 S.
1850 366 2176 424 GliEGORlI
2211 366 2502 426 NYSSEN‘I

3689 377 3786 433 276

517 488 832 544 conducunt
869 487 1306 543 consideremus.
1331 486 1529 543 ilostes
1561 487 1726 558 igitur
1758 488 1848 544 Dei
1877 491 1922 543 si
1965 491 2083 543 uni-

2190 491 2542 563 δημιουργόν,
2569 491 2660 546 τὸν
2687 491 2748 557 ἐξ
2775 485 2858 558 οὗ,
2889 493 2981 548 καὶ
3007 494 3073 550 δι’
3094 487 3178 560 οὗ,
3206 498 3301 551 καὶ¹
3332 499 3394 551 ὲν
3499 498 3568 552 τὰ
3589 501 3785 568 πάντα,

519 581 760 649 genitum
795 578 1000 642 Deum,
1033 579 1275 632 universi
1307 578 1641 642 effectorem,
1682 594 1745 632 ex
1771 595 1880 649 quo
1908 587 1962 633 et
1996 595 2090 648 per

519 686 680 740 quem
729 678 784 724 et
839 669 894 724 in
947 684 1059 740 quo
1087 669 1274 724 omnia
1297 669 1366 735 ⁸⁸,
1396 669 1601 724 factum
1649 685 1772 724 esse
1806 669 1998 724 dicunt
2035 677 2091 724 et

513 771 762 819 creatum
797 775 829 816 a
869 761 1000 829 Deo,
1032 761 1264 833 ideoque
1299 769 1358 816 ut
1389 771 1658 816 creatura:
1697 760 1923 816 fratrem
1978 762 2087 816 dici

513 862 787 910 creatura:
844 855 1266 925 primogenitum
1321 863 1600 919 asserunt,
1650 869 1774 908 cum
1825 853 2089 924 temporis

511 947 638 1016 jure
685 947 1071 1002 tantummodo
1121 947 1416 1016 praecellat,
1473 947 1931 1017 quemadmodum
1981 947 2091 1000 liu-

515 1038 618 1090 hen
651 1052 760 1091 non
793 1045 1018 1100 natura,
1049 1037 1145 1092 sed
1176 1038 1434 1107 temporis
1465 1038 1821 1107 praeregativa
1851 1038 2089 1107 propriis

517 1128 779 1182 fratribus
807 1129 1253 1200 praeponebatur:
1282 1129 1413 1183 illud
1439 1122 1708 1199 imprimis
1734 1137 1928 1182 contra
1953 1131 2087 1183 istos

513 1217 801 1272 dicendum
837 1226 942 1281 est,
974 1217 1224 1272 eumdem
1256 1233 1364 1272 non
1392 1234 1554 1289 posse
1579 1227 1634 1273 et
1666 1219 2007 1289 unigenitum
2033 1229 2086 1274 et

513 1309 932 1378 primogenitum
962 1309 1110 1364 credi
1139 1325 1155 1362 :
1201 1318 1296 1364 aut
1324 1312 1468 1365 enim
1501 1311 1813 1382 unigenitus
1856 1318 1960 1374 est,
1991 1319 2085 1368 aut

511 1413 577 1452 ex
621 1398 886 1454 fratribus
935 1399 1334 1470 primogenitus
1363 1418 1378 1454 :
1411 1400 1456 1454 si
1508 1401 1847 1472 uuigenitus,
1885 1399 2085 1456 fratres

511 1504 620 1543 non
656 1489 852 1556 habet;
902 1490 988 1546 sin
1024 1490 1257 1544 fratrum
1308 1491 1727 1562 primogenitus,
1771 1492 2088 1564 unigenitus

509 1597 690 1652 neque
713 1597 859 1646 esse,
890 1596 1072 1651 neque
1103 1581 1210 1642 dici
1243 1588 1428 1652 potest
1458 1583 1705 1638 omnino.

472 1740 480 1747 ι
581 1672 764 1738 Quare
783 1688 909 1727 cum
936 1672 1052 1727 haec
1086 1675 1308 1727 nomina
1339 1674 1394 1728 in
1421 1674 1612 1729 eodem
1638 1675 1936 1732 convenire
1957 1691 2088 1730 con-

508 1766 777 1837 jungique
819 1767 1130 1836 nequeant,‘
1157 1765 1302 1836 quod
1338 1767 1452 1821 ﬁeri
1498 1783 1606 1821 non
1638 1749 1812 1839 possit
1842 1779 1902 1822 ut
1939 1769 2081 1823 idem

509 1864 564 1912 et
593 1857 906 1928 unigenitus
939 1865 994 1912 et
1028 1857 1424 1928 primogenitus
1457 1860 1790 1923 nominetur,
1823 1860 1876 1912 in
1935 1859 2088 1912 Scri-

512 1958 673 2019 ptura
703 1957 886 2004 autem
920 1950 987 2004 de
1023 1947 1205 2004 Verbo
1237 1950 1349 2016 illo,
1379 1948 1525 2020 quod
1559 1959 1678 2004 erat
1710 1950 1764 2004 in
1790 1949 2083 2020 principio,

511 2043 746 2106 dicatur,
782 2041 1095 2112 unigenitus
1130 2039 1296 2104 Deus.
1323 2049 1378 2096 et
1423 2057 1622 2099 rursus
1651 2042 1795 2113 apud
1831 2041 2082 2108 Paulum,

512 2133 917 2206 Primogenitus
945 2133 1128 2188 omnis
1154 2140 1424 2188 creaturae
1447 2151 1460 2187 :
1482 2133 1727 2188 veritatis
1754 2133 1966 2205 judicio
2003 2134 2086 2188 sic

509 2231 730 2296 oportet
761 2224 881 2280 haec
923 2223 1146 2278 nomina
1178 2237 1440 2294 separare
1483 2230 1538 2278 et
1583 2223 1926 2296 distinguere
1961 2223 2087 2278 dili-

509 2327 720 2388 genter,
775 2323 838 2371 ut
897 2314 1249 2386 Unigenitum
1301 2315 1674 2386 intelligamus
1717 2315 1770 2370 id
1821 2314 2082 2382 Verbum,

511 2407 658 2478 quod
689 2417 774 2464 est
809 2415 938 2462 ante
989 2407 1221 2474 smcula;
1252 2407 1432 2461 omnis
1481 2413 1663 2461 autem
1708 2415 1979 2462 creaturae
2029 2407 2082 2460 in

516 2499 740 2554 Christo
783 2497 962 2560 factae,
1010 2496 1252 2552 Verbum
1297 2511 1516 2551 carnem
1562 2495 1764 2549 factum
1815 2511 1936 2550 esse
1967 2495 2085 2550 Pri-

511 2590 872 2658 mogenitum.
907 2588 1137 2654 Quodsi,
1167 2602 1278 2658 quo
1317 2585 1479 2641 modo
1526 2587 1617 2641 ille
1653 2594 1708 2640 et
1754 2585 2085 2656 primogeni-

507 2689 598 2735 tus
627 2695 690 2734 ex
720 2679 974 2740 mortuis,
999 2687 1054 2732 et
1079 2676 1473 2748 primogenitus
1513 2677 1568 2730 in
1602 2677 1791 2733 multis
1822 2677 2084 2732 fratribus

511 2773 874 2843 intelligatur,
919 2771 1303 2836 didicerimus,
1365 2771 1529 2828 simul
1574 2771 1739 2825 etiam
1781 2785 1893 2840 quo
1920 2771 2084 2824 modo

505 2864 580 2920 sit
615 2872 885 2919 creaturae
919 2863 1340 2933 primogenitus,
1388 2875 1805 2934 cognoscemus.
1846 2859 1945 2914 Est
1984 2861 2086 2932 igi-

506 2966 596 3010 tur
647 2971 714 3011 ex
767 2953 1005 3008 mortuis
1046 2953 1446 3023 prinmgenitus
1504 2961 1601 3006 aut
1649 2952 1912 3023 primitias
1957 2952 2085 3007 dor-

505 3046 790 3101 mientium
815 3046 865 3077 ⁸⁸
893 3045 1093 3108 factus,
1139 3052 1199 3099 ut
1231 3046 1382 3100 omni
1415 3045 1568 3100 carni
1605 3043 1674 3097 ad
1719 3037 2081 3099 resurrectio-

2193 583 2353 656 ἔργον
2397 580 2536 639 εἶναι
2577 583 2671 638 τοῦ
2705 584 2862 648 Θεοῦ,
2897 588 2991 640 καὶ
3024 588 3248 658 κτίσμα.
3286 589 3388 643 καὶ
3433 591 3674 662 ποίημα,
3703 593 3800 645 λέα

2192 691 2378 741 γουσιν
2404 675 2454 727 oi
2481 675 2758 746 θεομάχοι,
2791 677 2887 730 καὶ
2908 676 2994 730 διὰ
3027 678 3183 732 τοῦτο
3209 679 3400 752 πάσης
3425 683 3531 750 τῆς
3557 682 3785 748 κτίσεως
3811 714 3814 717 -

2193 767 2536 838 πρωτότοκον
2586 767 2746 820 αὐτὸν
2804 767 3098 837 λέγεσθαι,
3167 771 3500 843 διορίζονται
3527 789 3542 804 '
3607 773 3664 844 ἢ,
3714 775 3784 838 ὡς

2191 858 2418 928 ἀδελφὸν
2461 858 2590 912 ὄντα
2617 859 2714 930 τῆς
2744 860 2996 924 κτίσεως,
3043 862 3226 932 μόνοις
3265 867 3386 927 τοῖς
3443 862 3542 917 τοῦ
3593 865 3784 934 χρόνον

2193 950 2500 1020 πρεσϐείοις
2524 951 2685 1005 αὑτὸν
2712 953 3130 1023 προτερεύοντα,
3159 955 3235 1013 ὡς
3267 954 3363 1008 τὸν
3409 953 3651 1026 Ῥουὸὶμ
3677 955 3782 1008 τῶν

2195 1040 2339 1092 ίδίων
2373 1040 2638 1109 ἀδελφῶν,
2669 1043 2730 1094 οὐ
2767 1042 2923 1110 φύσει
2953 1044 3399 1114 προτεταγμένον
3423 1084 3440 1109 ,
3491 1043 3630 1096 ἀλλὰ
3677 1047 3784 1107 τοῖς

2191 1133 2256 1184 ὲκ
2301 1133 2493 1203 χρόνου
2550 1132 2863 1204 πρεσϐείοις
2923 1133 3354 1204 προτερεόοντα·
3413 1134 3638 1206 πρῶτον
3690 1135 3782 1204 μὲν

2190 1225 2348 1280 τοῦτο
2397 1226 2532 1296 πρὸς
2563 1227 2804 1290 ἐκείνους
2837 1227 3046 1298 ῥητέον,
3097 1227 3178 1281 ὅτι
3209 1225 3310 1278 οὐκ
3344 1225 3469 1279 ἐστι
3499 1226 3593 1280 τὸν
3623 1226 3781 1278 αὐτὸν

2190 1318 2286 1370 καὶ
2316 1316 2578 1386 μονογενῆ
2604 1317 2698 1370 καὶ
2726 1317 3068 1386 πρωτότοκον
3095 1317 3479 1370 πιστεύεσθαι.
3515 1316 3654 1371 Οὔτε
3678 1317 3781 1389 γὰρ

2187 1408 2217 1460 ό
2263 1405 2556 1478 μονογενὴς
2623 1405 2760 1476 μετὰ
2817 1405 3058 1475 ἀδελφῶν
3111 1409 3316 1459 νοεῖται
3340 1421 3357 1437 ·
3423 1405 3554 1459 οὔτε
3614 1407 3782 1476 χωρὶς

2187 1498 2430 1568 ἀδελφῶν
2454 1501 2482 1552 ό
2505 1499 2864 1570 πρωτότοκος,
2893 1498 3183 1570 μονογενὴς
3211 1498 3436 1562 πάντως
3459 1497 3587 1550 οὔτε
3613 1497 3777 1566 ἐστιν,

2188 1581 2312 1641 οὔτε
2344 1588 2580 1656 λέγεται.

2257 1680 2466 1734 Οὐκοῦν
2493 1678 2786 1749 ἀσύμϐατά
2809 1680 2924 1732 ἐστι
2951 1680 3042 1732 καὶ
3067 1679 3415 1748 ἀκοινώνητα
3445 1677 3625 1732 ταῦτα
3647 1677 3780 1750 πρὸς

2188 1771 2391 1842 ἄλληλα
2421 1771 2513 1823 ἐπὶ
2543 1771 2638 1824 τοῦ
2669 1770 2834 1823 αὑτοῦ
2869 1771 2937 1823 τὰ
2973 1771 3241 1840 νοήματα,
3288 1770 3370 1832 ὡς
3407 1768 3671 1822 ἀδύνατον
3699 1763 3777 1820 εἷ-

2187 1880 2297 1928 ναι,
2329 1862 2397 1915 τὰ
2419 1862 2512 1915 δύο
2539 1862 2630 1916 τὸν
2659 1863 2822 1916 αὑτὸν
2851 1861 3234 1933 ὀνομάζεσθαι,
3262 1862 3358 1914 καὶ
3387 1859 3659 1929 μονογενῆ
3687 1859 3778 1912 καὶ

2189 1954 2554 2026 πρωτότοκον.
2591 1953 2750 2007 Ἀλλὰ
2803 1954 2907 2025 μὴν
2955 1955 3167 2024 εἴρηται
3212 1952 3368 2023 παρὰ
3404 1952 3510 2021 τῆς
3555 1949 3778 2021 Γραφῆς

2187 2046 2316 2116 περὶ
2369 2044 2461 2098 τοῦ
2519 2045 2578 2098 ἐν
2628 2045 2770 2116 ἀρχῇ
2821 2045 2972 2107 ὄντος
3004 2045 3200 2112 Λόγου,
3247 2045 3333 2097 ὅτι
3385 2043 3416 2096 ὁ
3469 2041 3778 2112 Μονογενὴς

2185 2135 2337 2199 Θεὸς,
2368 2135 2714 2208 Πρωτότοκος
2741 2139 2917 2205 πάσης
2944 2135 3192 2198 κτίσεως.
3217 2133 3436 2189 Οὐκοῦν
3463 2133 3776 2204 ὲπιμερίσαι

2187 2230 2452 2300 προσήκει
2497 2227 2576 2298 τῷ
2607 2227 2889 2298 μυστηρίῳ
2917 2227 3016 2298 τῆς
3048 2225 3328 2296 ἀληθείας,
3364 2225 3630 2296 ἑκάτερον
3655 2221 3776 2275 τού-

2184 2337 2294 2374 των
2323 2321 2433 2374 τῶν
2465 2320 2742 2390 ὀνομάτων
2767 2319 3003 2384 εὐσεϐῶς
3032 2319 3408 2374 διαστείλαντα
3429 2333 3443 2349 ⁸
3489 2317 3633 2372 ὥστε
3663 2317 3774 2370 Μο-

2185 2412 2378 2482 νογενῆ
2411 2412 2508 2482 μὲν
2536 2409 2673 2465 εἶναι
2704 2411 2798 2464 τὸν
2826 2409 3147 2482 προαιώνιον
3177 2411 3374 2479 Λόγον,
3405 2409 3510 2478 τῆς
3539 2407 3598 2461 δὲ
3643 2404 3774 2478 μετά

2184 2504 2358 2557 ταῦτα
2383 2505 2441 2556 ὲν
2468 2502 2546 2574 τῷ
2573 2501 2795 2573 Χριστῷ
2827 2501 3126 2572 γενομένης
3163 2500 3400 2562 κτίσεως
3435 2498 3770 2570 πρωτότοκον

2185 2592 2438 2663 γενέσθαι
2470 2591 2561 2645 τὸν
2598 2592 2789 2660 Λόγον,
2827 2593 3002 2662 σάρκα
3033 2591 3346 2661 γενόμενον.
3395 2589 3508 2642 Καὶ
3538 2589 3676 2656 ὅπερ
3707 2584 3770 2638 ἂν

2187 2688 2317 2756 ἡμῖν
2343 2683 2630 2754 ἐγγένηται
2660 2684 2858 2754 νόημα,
2891 2682 3234 2754 πρωτότοκον
3265 2681 3436 2736 αὐτὸν
3465 2684 3532 2734 ἐκ
3563 2676 3769 2750 νεκρῶν

2185 2775 2324 2833 εἶναι
2357 2768 2638 2848 μαθόντες,
2667 2777 2762 2830 καὶ
2794 2775 3135 2848 πρωτότοκον
3158 2776 3216 2828 ὲν
3238 2773 3460 2837 πολλοῖς
3490 2772 3734 2840 ἀδελφοῖς
3755 2783 3767 2800 ·

2185 2874 2358 2925 έκεῖνο
2381 2871 2474 2923 καὶ
2504 2871 2595 2923 ἐπὶ
2614 2869 2692 2940 τῷ
2716 2868 3043 2939 πρωτοτόκῳ
3069 2867 3170 2935 τῆς
3201 2867 3437 2929 κτίσεως
3467 2861 3770 2922 ἀκολούθως

2182 2963 2466 3032 νοήσομεν.
2495 2961 2701 3014 Οὐκοῦν
2725 2959 2786 3014 ἐκ
2811 2959 3018 3030 νεκρῶν
3045 2957 3143 3028 μὲν
3168 2957 3518 3028 πρωτότοκος
3542 2954 3767 3022 γίνεται,

2183 3059 2210 3110 ό
2244 3055 2463 3128 ἀπαρχὴ
2491 3055 2600 3108 τῶν
2631 3053 3042 3124 κεκοιμημένων
3067 3051 3378 3122 γενόμενος,
3408 3049 3500 3103 ἵνα
3531 3045 3768 3117 ὁδοποιή-

503 3150 629 3189 ncm
663 3135 768 3189 iter
799 3135 1038 3204 aperiret
1059 3135 1128 3190 ".
1159 3135 1408 3204 Cumque
1442 3149 1566 3199 nos,
1597 3136 1692 3206 qui
1732 3145 1930 3190 natura
1961 3151 2079 3190 era-

2185 3165 2252 3220 σῃ
2281 3149 2445 3214 σαρκὶ
2469 3149 2567 3218 τὴν
2595 3147 2912 3200 ἀνάστασιν.
2962 3145 3066 3201 Καὶ
3115 3146 3324 3216 μέλλων
3371 3146 3524 3218 ἡμᾶς
3553 3144 3640 3198 διὰ
3671 3143 3765 3211 τῆς

507 3239 628 3280 mus
669 3224 764 3279 filii
817 3225 934 3288 iraa,
986 3226 1198 3280 cmlesti
1245 3228 1596 3294 generatione
1641 3243 1737 3297 per
1780 3242 1979 3297 aquam
2023 3237 2080 3282 ct

505 3313 770 3385 Spiritum
806 3316 948 3371 filios
982 3315 1122 3378 lucis
1147 3325 1202 3370 et
1243 3315 1351 3371 diei
1387 3317 1524 3372 filios
1561 3326 1708 3372 esset
1758 3316 2076 3381 eﬂecturus,

502 3406 773 3476 ejusmodi
815 3408 1168 3477 generatione
1191 3407 1244 3462 in
1269 3405 1528 3462 Jordanis
1567 3406 1793 3463 flumine
1817 3409 1930 3462 dux
1964 3408 2079 3478 ipse

504 3499 804 3570 praecessit,
848 3509 906 3555 ut
941 3498 1010 3554 ad
1043 3507 1254 3555 naturae
1294 3510 1496 3556 nostrae
1535 3501 1805 3570 primitias
1839 3499 2080 3570 Spiritus

501 3591 733 3662 gratiam
785 3591 1112 3656 attraheret,
1163 3591 1218 3646 id
1261 3598 1348 3646 est
1399 3601 1457 3647 ut
1499 3607 1693 3648 omnes
1741 3607 1806 3647 ex
1847 3593 2082 3662 spiritali

501 3683 918 3754 regeneratione
955 3684 1023 3739 ad
1050 3684 1219 3738 vitam
1265 3693 1559 3756 generatos
1588 3685 1788 3742 fratres
1834 3685 1952 3756 ipse
1983 3700 2082 3758 per

501 3788 698 3841 aquam
741 3782 796 3829 et
844 3773 1112 3844 Spiritum
1163 3779 1512 3848 antegenitus
1559 3780 1944 3834 constitueret.
1994 3777 2081 3832 Ad

501 3863 756 3918 eumdem
811 3865 1034 3920 modum
1096 3875 1366 3922 creaturae
1415 3869 1470 3923 in
1535 3869 1758 3924 Christo
1806 3877 2082 3940 generatae

501 3956 682 4023 ipsum
727 3955 1150 4026 primogenitum
1186 3959 1520 4026 cogitantes,
1569 3960 1636 4014 ab
1681 3961 1941 4030 Opinione
1991 3962 2080 4030 pia
2123 3997 2133 4006 .

500 4048 726 4102 minime
767 4049 1181 4104 recesserimus.
1219 4048 1488 4116 Quoniam
1519 4051 1688 4122 igitur
1720 4059 1878 4108 vetus
1927 4067 2081 4106 crea-

501 4149 625 4194 tura
655 4141 895 4208 transiit,
925 4155 1024 4210 per
1045 4150 1331 4211 peccatum
1375 4139 1588 4197 inutilis
1612 4142 1848 4210 reddita,
1874 4158 2080 4199 ncces—

471 4232 652 4302 _sario
680 4242 805 4302 post
839 4235 1135 4289 transitum
1170 4250 1362 4290 eorum
1391 4251 1512 4306 quae
1543 4237 1722 4292 deleta
1752 4246 1904 4300 sunt,
1955 4253 2080 4293 suc-

499 4325 671 4380 cessit
693 4341 838 4380 nova
861 4327 988 4382 vitae
1013 4335 1290 4393 creatura,
1323 4343 1444 4399 qum
1478 4343 1574 4399 per
1603 4331 2074 4400 regenerationem

497 4427 554 4472 et
596 4421 1060 4476 resurrectionem
1102 4437 1165 4476 ex
1216 4424 1450 4478 mortuis
1497 4425 1876 4490 constituitur,
1915 4428 2075 4493 cujus

498 4509 758 4578 princeps
801 4518 1106 4579 auctorque
1144 4513 1269 4568 vitae
1313 4515 1712 4584 primogenitus
1751 4527 1838 4572 est
1888 4529 1940 4572 et
1984 4535 2074 4588 ap-
2105 4505 2148 4560 Ῐ)

497 4601 754 4669 pellatur.
778 4601 955 4670 Atque
978 4603 1094 4656 haec
1123 4603 1342 4670 quidem
1375 4619 1548 4673 pauca
1583 4607 1852 4661 studiosis
1883 4608 1952 4661 ad
1985 4625 2071 4662 rc-

499 4690 781 4761 pellendos
813 4692 1186 4752 adversarios,
1219 4705 1273 4745 et
1297 4691 1365 4745 ad
1407 4695 1842 4762 perspiciendum
1873 4697 2076 4750 verita-

497 4792 608 4840 tem
655 4785 790 4840 satis
819 4791 1002 4838 erunt.
1045 4783 1225 4849 Quare
1252 4783 1365 4852 jam
1404 4799 1570 4854 quam
1607 4786 1762 4839 utilia
1815 4788 1926 4842 sint
1963 4788 2076 4844 haec

497 4876 664 4932 verba
689 4877 754 4931 ad
787 4877 1044 4931 virtutem
1080 4882 1134 4930 et
1164 4877 1356 4937 vitam,
1389 4876 1628 4932 breviter
1657 4893 2072 4946 percurramus.

498 4966 690 5025 Ruhen
725 4984 918 5024 eorum
949 4969 1040 5038 qui
1074 4977 1198 5038 post
1233 4984 1294 5025 se
1337 4970 1508 5040 geniti
1541 4978 1673 5024 sunt
1704 4969 1924 5038 fratres,
1969 4977 2071 5042 pri-

493 5059 804 5128 mogenilus
857 5057 958 5113 fuit
980 5058 1026 5090 ⁵⁸
1063 5077 1078 5114 :
1113 5059 1496 5129 cognationem
1543 5067 1745 5124 autem,
1799 5075 1906 5130 qua
1946 5077 2072 5116 cum

492 5148 616 5218 ipso
643 5151 928 5219 conjuncti
957 5151 1390 5227 erant,'signum
1423 5165 1644 5220 quoque
1670 5152 1722 5204 in
1749 5151 1829 5206 eis
1861 5153 2076 5222 perspi-

494 5253 659 5291 cuum
704 5241 1073 5312 primogenito
1116 5241 1296 5298 simile
1347 5241 1676 5306 testabatur,
1737 5251 1796 5297 ut
1833 5243 2074 5298 fraterna

493 5333 780 5396 sanguinis
822 5335 1137 5400 conjunctio
1171 5333 1358 5390 forma:
1391 5335 1756 5391 similitudine
1794 5335 2069 5393 declarata

497 5420 736 5486 ignorari
765 5437 876 5476 non
905 5433 1110 5493 posset.
1136 5425 1484 5498 Quapropter
1513 5429 1560 5484 si
1589 5443 1688 5484 nos
1717 5429 1847 5483 item
1875 5429 2066 5483 eodem

495 5508 662 5561 modo
679 5525 774 5576 per
804 5515 1268 5580 regenerationem
1313 5533 1468 5588 aqua:
1495 5527 1550 5574 et
1585 5519 1814 5588 spiritus
1849 5518 2063 5572 Domini

499 5598 702 5663 fratres
746 5601 910 5668 geniti
961 5619 1174 5672 sumus,
1218 5609 1310 5678 qui
1341 5620 1564 5682 propter
1603 5625 1701 5666 nos
1761 5610 1940 5666 factus
1981 5621 2066 5665 est

577 5770 624 5806 '1
665 5768 818 5833 Rom.
857 5788 929 5830 xl.
959 5777 1048 5831 56.
1127 5779 1215 5834 "l
1249 5785 1373 5842 Cor.
1415 5805 1500 5852 xv,
1540 5789 1631 5844 ΞΟ.

2180 3239 2385 3292 ἄνωθεν
2425 3239 2749 3308 γεννήσεως,
2784 3239 2851 3292 δι’
2884 3237 3072 3300 ὓδατος
3101 3238 3194 3290 καὶ
3236 3237 3583 3308 Πνεῦματος,
3625 3233 3766 3294 υἱοὺς

2179 3330 2392 3402 ἡμέρας
2420 3335 2510 3384 καὶ
2535 3332 2680 3394 υἱοὺς
2706 3331 2881 3400 φωτὸς
2901 3326 3327 3402 ἀπεργάζεσθαι,
3355 3331 3486 3393 τοὺς
3510 3326 3765 3399 πρότερον

2180 3423 2340 3486 ὄντας
2388 3423 2553 3476 τέκνα
2600 3422 2758 3487 φύσει
2807 3422 3014 3495 ὀργῆς,
3069 3423 3230 3486 αὐτὸς
3282 3421 3610 3493 καθηγεῖται
3666 3416 3764 3485 τῆς

2180 3513 2435 3584 τοιαύτης
2476 3516 2818 3588 γεννήσεως,
2873 3517 2931 3568 ὲν
2976 3513 3056 3583 τῷ
3105 3515 3305 3585 ῥείθρῳ
3337 3513 3436 3567 τοῦ
3481 3509 3758 3583 Ἰορδάνου,

2181 3609 2272 3660 ἐπὶ
2295 3607 2390 3680 τὴν
2414 3609 2664 3680 ἀπαρχὴν
2682 3607 2780 3678 τῆς
2802 3608 3015 3678 φύσεως
3033 3606 3322 3678 ἡμῶν,τὴν
3338 3605 3436 3660 τοῦ
3457 3602 3762 3671 Πνεὺματοιῖ

2181 3701 2340 3771 χάριν
2383 3701 2844 3768 ἐπισπασάμενος.
2893 3700 3057 3752 Ὥστε
3116 3699 3324 3762 πάντας
3374 3698 3506 3759 τοὺς
3553 3697 3617 3747 ὲκ
3664 3690 3758 3760 τῆς

2183 3793 2554 3862 πνευματικῆς
2601 3793 3010 3861 ἀναγεννήσεως
3055 3793 3135 3854 εἰς
3178 3789 3323 3860 ζωὴν
3369 3785 3755 3858 γεννωμένους,

2181 3884 2444 3951 ἀδελφοὺς
2489 3885 2828 3955 χρηματίσαι
2878 3883 2972 3936 τοῦ
3024 3881 3485 3954 προγεννηθέντος
3533 3877 3620 3932 διὰ
3667 3873 3758 3927 τοῦ

2181 3975 2372 4038 ὕδατός
2401 3993 2459 4030 τε
2501 3977 2589 4029 καὶ
2629 3975 2963 4047 Πνεύματος.
3007 3975 3162 4030 Κατὰ
3210 3973 3301 4027 τὸν
3350 3973 3516 4028 αὐτὸν
3543 3968 3755 4040 τρόπον,

2182 4069 2276 4122 καὶ
2313 4069 2414 4139 τῆς
2459 4069 2516 4121 ὲν
2559 4069 2781 4140 Χριστῷ
2825 4067 3122 4139 γενομένης
3157 4067 3388 4130 κτίσεως
3422 4063 3756 4136 πρωτότοκον

2180 4161 2339 4215 αὐτὸν
2367 4159 2629 4223 νοοῦντες,
2657 4160 2756 4212 οὐκ
2789 4158 2892 4224 ἔξω
2920 4157 3181 4228 γινόμεθα
3206 4157 3306 4227 τῆς
3337 4152 3597 4216 εὐσεσοῦς
3627 4151 3756 4202 ὑπο·-

2179 4251 2412 4324 λήψεως.
2479 4251 2692 4321 Ἐπειδὴ
2723 4251 2830 4321 γάρ
2861 4253 2893 4320 ἡ
2927 4249 3126 4320 ἀρχαία
3161 4247 3340 4310 κτίσις
3383 4241 3631 4317 παρῆλθε
3671 4234 3756 4290 διὰ

2177 4345 2276 4414 τῆς
2304 4343 2580 4414 ἁμαρτίας
2608 4340 2986 4412 ἀχρειωθεῖσα,
3020 4339 3331 4408 ἀναγκαίως
3355 4338 3456 4409 τὴν
3478 4333 3588 4388 τῶν
3619 4331 3753 4397 ἀφα-

2177 4434 2468 4487 νισθέντων
2511 4433 2745 4504 πάροδον
2776 4431 3045 4495 διεδέξατο
3073 4431 3106 4501 ἠ
3137 4429 3298 4500 καινὴ
3324 4431 3424 4499 τῆς
3455 4425 3599 4494 ζωῆς
3640 4417 3751 4474 κτί-

2179 4542 2280 4587 σις,
2315 4509 2402 4576 διὰ
2446 4524 2548 4593 τῆς
2593 4524 3002 4592 άναγεννήσεως
3033 4523 3128 4574 καὶ
3166 4520 3264 4590 τῆς
3295 4521 3360 4572 ὲκ
3387 4515 3596 4587 νεκρῶν
3623 4511 3752 4563 ἀνα-

2178 4614 2418 4675 στάσεως
2443 4611 2809 4680 συνισταμένη
2833 4628 2845 4640 ·
2891 4605 2960 4682 ἧς
2985 4611 3013 4661 ὁ
3045 4609 3284 4680 ἀρχηγὸς
3313 4609 3414 4678 τῆς
3444 4605 3590 4674 ζωῆς
3620 4603 3750 4672 fm-

2177 4703 2428 4771 σάμενος,
2459 4701 2800 4771 πρωτότοκος
2839 4700 2937 4770 τῆς
2985 4699 3131 4768 ζωῆς
3173 4698 3381 4766 γίνεται
3424 4695 3518 4750 καὶ
3555 4686 3746 4758 όνομά-

2175 4792 2346 4856 ξεται.
2404 4791 2542 4844 Ἀλλ’
2581 4787 2727 4854 ὅπως
2768 4789 2873 4860 χρὴ
2915 4791 3050 4860 πρὸς
3097 4793 3224 4852 τοὺς
3269 4781 3745 4853 ἀντιτεταγμένους

2173 4881 2339 4950 ἔχειν,
2387 4879 2454 4934 δι’
2497 4879 2692 4950 ὀλίγων
2720 4880 2830 4933 τῶν
2877 4879 3182 4950 εἰρημένων
3226 4877 3405 4951 ῥᾴδιον
3451 4875 3516 4930 ἂν
3549 4873 3744 4941 γένοιτο

2171 4975 2283 5036 τοῖς
2329 4967 2801 5043 φιλοπονωτέροις,
2844 4971 3091 5042 αὐτάρκη
3139 4969 3455 5042 συμμαχίαν
3487 4965 3619 5037 πρὸς
3648 4959 3741 5028 τὴν

2173 5063 2430 5132 ἀλήθειαν
2462 5061 2625 5132 ἔχειν.
2658 5063 2848 5126 Ὅπως
2869 5063 2914 5116 δ’
2935 5062 3000 5117 ἂν
3025 5061 3218 5132 φανείη
3249 5057 3597 5114 συντελοῦντα
3615 5051 3740 5122 πρὸς

2172 5155 2263 5206 τὸν
2293 5154 2412 5206 κατ’
2441 5153 2644 5225 ἀρετὴν
2671 5152 2782 5224 βίον
2807 5153 2875 5207 τὰ
2906 5157 3126 5226 ῥήματα
3154 5151 3352 5212 ταῦτα,
3393 5149 3481 5204 διὰ
3508 5143 3738 5218 βραχέων

2172 5245 2610 5316 ιἰττελευσόμεθα⁸
2648 5246 2994 5318 Πρωτότοκος
3039 5241 3108 5316 ἦν
3151 5244 3259 5298 τῶν
3309 5246 3425 5315 μετ’
3460 5238 3617 5295 αὐτὸν
3662 5229 3741 5284 διὰ

2177 5341 2482 5411 γεννήσεως
2513 5339 2901 5410 παραχθέντων
2953 5339 2982 5392 6
3023 5336 3286 5408 Ῥουόίμο
3331 5336 3408 5398 ὡς
3457 5324 3740 5401 ἐμαρτύρει

2177 5433 2287 5494 τοῖς
2320 5432 2436 5502 μετ’
2465 5431 2628 5484 αὑτὸν
2675 5429 2978 5500 γεννηθεῖσι
3029 5430 3128 5500 τὴν
3176 5429 3312 5499 πρὸς
3353 5426 3512 5481 αὐτὸν
3555 5415 3737 5484 συγγέ-

2175 5539 2321 5574 νειαν
2343 5523 2371 5574 ὁ
2391 5522 2806 5590 ἐπιφαινόμενος
2835 5519 3018 5582 αὐτοῖς
3044 5516 3349 5590 χαρακτὴρ,
3379 5511 3588 5571 οἰκείως
3611 5501 3736 5590 πρῆἕ

2171 5611 2260 5666 τὸν
2290 5609 2628 5682 πρωτότοκον
2659 5608 2820 5680 ἔχων,
2847 5605 2987 5661 ὥστε
3021 5608 3094 5679 μὴ
3129 5605 3440 5677 ἀγνοεῖσθαι
3472 5601 3568 5671 τὴν
3598 5588 3733 5648 ἁδελε

1727 5787 1814 5839 ⁸⁷1
1851 5783 2047 5838 Thess.
2079 5797 2152 5848 ιγ,
2191 5785 2272 5839 i5.
2350 5787 2392 5816 ""
2426 5765 2560 5843 Gen.
2601 5800 2751 5849 xxix,
2784 5782 2871 5838 5‘2.
