4106 6436
320 388 418 444 ‘27?

1334 390 1423 447 nn
1464 389 1821 448 PERFECTA
1868 390 2271 450 CllRlS’l‘lANl
2310 369 2574 455 Fontis.

3492 399 3604 458 278

330 504 553 574 φότητα,
587 500 679 556 διὰ
701 502 804 575 τῆς
836 503 976 558 κατά
1001 504 1098 575 τὴν
1129 504 1340 576 μορφὴν
1364 504 1678 575 ὁμοιότητος
1710 522 1914 578 μαρτυ-

2032 509 2414 580 irimogenitus
2474 511 2529 566 in
2585 510 2773 566 multis
2818 508 3107 579 fratribus,
3151 525 3371 583 aequum
3415 522 3503 568 est
3546 523 3603 569 ut

339 595 623 668 ρουμένην.
674 594 890 649 Οὐκοῦν
927 597 975 649 εί
1023 595 1109 650 διὰ
1142 596 1239 665 τῆς
1281 596 1586 667 ὁμοτρόπον
1621 596 1925 667 ἀναγεννή-

339 703 493 750 σεως,
520 686 617 754 τῆς
644 685 710 738 δι’
739 672 936 749 ὓδατος
967 686 1061 739 καὶ
1088 684 1414 757 πνεύματος,
1448 686 1541 739 καὶ
1576 688 1737 757 ἡμεῖς
1768 686 1923 740 ἀδελ-

340 779 428 846 φοὶ
461 777 552 830 τοῦ
585 777 792 847 Κυρίου
824 777 1147 847 γεγόναμεν,
1199 775 1294 830 τοῦ
1340 776 1406 829 δι’
1437 778 1584 847 ἡμᾶς
1630 777 1921 847 γενομένου

339 866 686 937 πρωτοτόκου
725 868 783 919 ὲν
818 866 1030 933 πολλοις
1061 865 1307 935 ἀδελφοῖς
1328 884 1341 897 υ
1375 866 1665 919 ἀκόλουθον
1713 866 1778 920 ἂν
1810 866 1920 937 εἴη,

337 958 426 1012 διὰ
448 958 557 1011 τῶν
582 958 676 1011 τοῦ
712 957 828 1028 βίου
861 959 1224 1030 χαρακτήρων
1270 958 1627 1012 ἐπιδεικνύειν
1658 959 1756 1030 τὴν
1784 960 1920 1031 πρὸς

340 1050 504 1103 αὐτὸν
533 1049 850 1119 ἀγχιστείαν
874 1067 888 1080 ·
927 1051 1378 1121 ὲμμορφουμένου
1405 1054 1469 1122 τῇ
1501 1049 1612 1123 ζωῇ
1644 1051 1801 1122 ἡμῶν
1828 1052 1922 1106 τοῦ

340 1144 688 1215 πρωτοτόκου
733 1144 833 1209 τῆς
882 1143 1130 1207 κτίσεως.
1182 1144 1316 1197 Τίνα
1357 1144 1414 1198 δὲ
1460 1145 1781 1216 χαρακτῆρα
1823 1145 1923 1216 τῆς

339 1235 548 1288 ἐκείνου
584 1234 798 1305 μορφῆς
824 1235 970 1306 παρά
999 1235 1098 1304 τῆς
1121 1236 1340 1307 Γραφῆς
1368 1237 1767 1309 μεμαθήκαμεν
1789 1255 1803 1304 ;
1827 1240 1923 1293 Ὃν

341 1327 557 1390 πολλοῖς
574 1328 893 1398 εἰρήκαμεν,
922 1327 1002 1380 ὅτι
1021 1345 1039 1377 ι
1073 1327 1372 1398 Ἀμαρτίαν
1386 1329 1485 1381 οὐκ
1499 1329 1776 1400 ἐποίησεν,
1801 1330 1922 1383 οὐδὲ

339 1417 540 1489 εὑρέθη
564 1418 712 1480 δόλος
740 1419 798 1470 ὲν
829 1416 902 1488 τῷ
937 1418 1160 1488 στόματι
1189 1416 1379 1472 αὐτοῦ.
1417 1437 1435 1469 ι
1464 1418 1672 1474 Οὐκοῦν
1706 1423 1755 1474 εί
1790 1420 1921 1491 μέλ-

339 1509 527 1579 λοιμεν
550 1509 767 1578 ἀδελφοὶ
793 1509 1148 1579 χρηματίζειν
1171 1508 1263 1562 τοῦ
1291 1510 1743 1581 καθηγησαμένου
1767 1511 1922 1582 ἡμῶν

339 1602 439 1665 τῆς
473 1601 798 1672 γεννήσεως,
840 1599 901 1653 τὸ
931 1600 1311 1671 ἀναμάρτητον
1338 1601 1435 1671 τῆς
1468 1600 1614 1672 ζωῆς
1640 1602 1798 1673 ἡμῶν
1833 1620 1923 1656 πι·

340 1693 609 1747 στὼσεται
636 1694 735 1764 τὴν
762 1694 898 1762 πρὸς
930 1695 1138 1747 ἐκεῖνον
1170 1693 1513 1763 συγγένειαν,
1567 1695 1795 1766 μηδενὸς
1826 1694 1921 1767 ρύ·

340 1800 446 1837 που
498 1786 599 1855 τῆς
656 1785 790 1856 πρὸς
848 1788 946 1855 τὴν
1022 1783 1367 1855 καθαρότητα
1424 1786 1719 1855 συναφείας
1772 1789 1921 1858 ἡμᾶς

339 1877 709 1947 ἀφορίζοντος.
770 1877 928 1931 ’Λλλά
979 1878 1073 1931 καὶ
1123 1877 1439 1949 δικαιοσύνη
1470 1880 1564 1931 καὶ
1597 1878 1861 1950 ἁγιασμὸς
1883 1881 1925 1945 ,ὁ
1954 1860 1998 1916 Β

339 1969 686 2037 πρωτότοκός
730 1971 867 2034 ἐστι,
911 1971 1002 2025 καὶ
1032 1969 1242 2040 ἀγάπη,
1278 1971 1372 2024 καὶ
1402 1970 1797 2041 ἀπολύτρωσις,
1828 1974 1924 2027 καὶ

341 2058 407 2112 τὰ
434 2058 680 2113 τοιαῦτα.
709 2058 918 2112 Οὐκοῦν
952 2061 1001 2113 εί
1045 2059 1133 2112 διὰ
1164 2058 1273 2112 τῶν
1300 2058 1557 2112 τοιούτων
1589 2057 1683 2111 καὶ
1721 2060 1750 2111 6
1780 2059 1913 2129 ᾑμέ-

340 2168 497 2222 τερος
546 2151 1003 2224 χαρακτηρίζοιτο
1047 2150 1183 2222 βίος,
1213 2151 1419 2223 ἐναργῆ
1452 2150 1801 2222 παρεξόμεθα
1824 2150 1923 2222 τῆς

342 2243 620 2309 εὐγενείας
651 2243 808 2315 ἡμῶν
841 2243 908 2297 τὰ
957 2243 1331 2315 γνωρίσματα,
1373 2242 1512 2297 ὥστε
1542 2243 1632 2297 τὸν
1663 2240 1837 2295 ταῦτα
1864 2242 1923 2295 ὲν

340 2333 406 2402 τῇ
438 2331 550 2404 ζωῇ
580 2332 896 2404 καθορῶντα
923 2336 988 2404 τῇ
1021 2332 1286 2404 ἡμετέρᾳ,
1319 2333 1762 2405 προσμαρτυρεῖν
1792 2332 1924 2402 ἡμῖν

2023 601 2149 655 vitae
2208 601 2380 671 signis
2448 611 2694 656 nostram
2759 615 2886 657 cum
2949 602 3070 672 ipso
3135 602 3603 660 necessitudinem

2023 689 2381 745 ostendamus
2410 708 2423 744 :
2460 690 2585 744 vita:
2619 688 2766 744 enim
2812 698 3014 746 nostra:
3050 689 3281 745 formam
3324 691 3605 762 impressit

2024 781 2423 852 primogenitus
2461 787 2749 836 creatum.
2788 780 2922 848 Quin
2950 792 3129 836 autem
3163 782 3238 837 sit
3262 782 3384 852 ejus
3411 782 3603 838 forma:

2024 882 2177 935 nota,
2217 887 2284 926 ex
2320 870 2603 942 Scriptura
2644 887 2789 943 saepe
2820 874 3398 930 commemoravimus.
3437 892 3457 925 ι
3495 873 3603 940 Qui

2025 972 2338 1034 peccatum,
2381 983 2399 1016 ι
2440 963 2639 1033 inquit,
2684 982 2703 1016 ι
2738 978 2846 1019 non
2894 963 3041 1028 fecit,
3086 979 3187 1019 nec
3222 964 3479 1020 inventus
3517 973 3604 1019 est

2025 1056 2184 1111 dolus
2233 1056 2287 1109 in
2336 1070 2429 1110 ore
2474 1055 2595 1125 ejus
2618 1056 2685 1109 ⁸⁸.
2720 1075 2739 1107 ι
2798 1053 3033 1111 Proinde
3093 1063 3279 1109 utrum
3324 1055 3473 1111 illius
3508 1056 3603 1125 qui

2025 1145 2381 1216 generatione
2416 1146 2701 1215 prmcessit
2745 1144 3006 1216 appellari
3039 1144 3250 1201 fratres
3277 1145 3600 1211 debeamus,

1962 1235 2341 1302 _-innocentia
2383 1237 2507 1291 vita:
2556 1236 2934 1291 testimonium
2985 1235 3153 1302 dabit,
3196 1235 3243 1290 si
3290 1237 3442 1291 nulla
3489 1250 3605 1290 ma-

2023 1328 2145 1383 cula
2168 1342 2198 1381 a
2231 1327 2486 1398 puritatis
2507 1328 2900 1398 conjunctione
2932 1342 3034 1382 nos
3062 1327 3421 1399 separaverit.
3448 1325 3600 1382 Prae-

2023 1423 2173 1472 terea
2198 1416 2414 1487 justitia
2455 1425 2541 1473 est
2585 1417 3006 1488 primogenitus,
3036 1425 3092 1473 et
3124 1417 3511 1481 sanctiﬁcatio,
3548 1427 3603 1472 et

2022 1508 2291 1576 charitas,
2343 1517 2402 1565 et
2439 1510 2765 1580 redemptio,
2814 1518 2870 1567 et
2900 1511 3006 1566 alia
3053 1510 3345 1580 ejusmodi.
3390 1509 3605 1576 Quibus

2024 1600 2069 1656 si
2101 1601 2210 1655 vita
2264 1602 2391 1657 item
2436 1610 2627 1658 nostra
2659 1603 2824 1660 fuerit
2858 1603 3141 1676 insignita,
3173 1602 3310 1658 adeo
3340 1600 3604 1673 praeclara

2023 1676 2388 1765 pri-bebiinus
2418 1702 2625 1750 nostrae
2672 1695 2974 1750 nobilitatis
3018 1694 3243 1761 indicia,
3277 1702 3356 1761 ut,
3383 1694 3477 1764 qui
3511 1693 3604 1747 illa

2023 1786 2414 1854 conspexerint
2438 1785 2496 1840 in
2532 1796 2719 1854 nostra
2761 1786 2896 1851 vita,
2928 1785 3030 1856 ipsi
3060 1798 3280 1855 quoque
3308 1799 3411 1839 nos
3445 1780 3606 1837 Chri-

2026 1876 2096 1931 sti
2120 1875 2319 1932 fratres
2362 1891 2508 1941 esse,
2563 1878 2674 1932 sint
2722 1884 2892 1933 testes
2925 1874 3121 1931 iuturi.
3162 1875 3279 1945 Ipse
3321 1876 3467 1930 enim
3520 1880 3608 1929 est

2020 1967 2116 2037 qui
2146 1967 2578 2023 resurrectionis
2605 1968 2769 2023 nobis
2803 1968 3016 2023 aditum
3041 1966 3318 2038 patefecit,
3353 1973 3410 2021 et
3446 1964 3520 2020 ob
3544 1964 3603 2019 id

2021 2055 2278 2126 primitiae
2309 2054 2701 2111 dormientium
2733 2054 2917 2113 factus
2940 2068 3044 2113 est.
3073 2054 3183 2111 Nos
3214 2057 3381 2126 igitur
3411 2068 3606 2109 omnes

2021 2155 2433 2205 resurrecturos
2483 2149 2539 2204 in
2586 2150 2697 2205 ictu
2743 2150 2889 2205 oculi
2943 2150 3001 2204 in
3048 2148 3350 2204 novissima
3406 2147 3541 2201 tuba
3559 2146 3609 2178 “

2022 2256 2204 2312 perea
2231 2241 2650 2310 demonstravit,
2687 2250 2801 2297 tum
2842 2256 2965 2313 quae
3003 2243 3059 2296 in
3099 2241 3307 2311 seipso,
3334 2248 3451 2294 tum
3483 2252 3608 2310 quae

2032 2334 2087 2387 in
2114 2334 2332 2389 caeteris
2362 2333 2459 2403 qui
2498 2348 2529 2388 a
2556 2342 2734 2390 morte
2763 2333 3112 2399 tenebantur,
3137 2330 3338 2388 eli‘ecit.
3438 2396 3444 2401 ρ

340 2424 438 2494 τὴν
473 2425 608 2496 πρὸς
642 2424 731 2477 τὸν
775 2425 1007 2496 Χριστὸν
1034 2424 1389 2497 ἀδελφότητα.
1423 2424 1595 2488 Αὐτὸς
1623 2425 1731 2497 γάρ
1772 2425 1920 2477 ἐστιν
1956 2424 1985 2475 6
2013 2422 2232 2489 ἀνοίξας
2279 2426 2412 2495 ἡμῖν
2445 2425 2543 2497 τὴν
2575 2423 2747 2496 θύραν
2779 2426 2880 2497 τῆς
2922 2425 3291 2490 ἀναστάσεως,
3359 2425 3454 2479 καὶ
3521 2421 3613 2476 διὰ

338 2520 497 2573 τοῦτο
514 2519 737 2593 ἀπαρχὴ
762 2520 870 2575 τῶν
898 2521 1312 2592 κεκοιμημένων
1331 2522 1636 2595 γενόμενος.
1669 2518 1794 2574 Ὅτι
1857 2519 1955 2591 μὲν
1991 2516 2084 2573 οὖν
2114 2519 2313 2584 πάντες
2342 2521 2763 2594 ἀναπησόμεοα
2794 2522 2852 2576 ὲν
2878 2522 3084 2594 ἀτόμῳ,
3119 2522 3176 2574 ὲν
3210 2521 3349 2592 ῥοπῇ
3416 2516 3625 2588 ὀφθαλοι

344 2612 469 2685 μοῦ,
511 2616 572 2668 ἐν
613 2617 680 2685 τῇ
726 2615 933 2689 ἐσχάτῃ
970 2615 1228 2685 σάλπιγγι
1258 2632 1270 2647 ·
1304 2614 1463 2669 τοῦτο
1494 2613 1714 2679 ἔδειξεν,
1754 2610 1836 2676 οἷς
1862 2629 1922 2666 τε
1960 2614 2044 2683 ἐφ’
2074 2613 2268 2669 ἑαυτοῦ
2300 2615 2393 2669 καὶ
2423 2611 2506 2679 οἷς
2537 2614 2764 2669 ἐπὶτῶν
2793 2614 3019 2683 λοιπῶν,
3052 2614 3160 2669 τῶν
3187 2611 3291 2669 ὑπὸ
3353 2610 3448 2664 τοῦ
3513 2610 3613 2664 θα-

340 2705 502 2760 νάτου
544 2707 947 2778 κρατηθέντων,
976 2709 1251 2779 ἐποίησεν.

411 2802 486 2854 Ού
544 2802 651 2873 μὴν
704 2802 793 2873 ἴση
840 2804 1169 2867 κατάστασις
1201 2805 1259 2858 ἐν
1307 2803 1385 2874 τῷ
1436 2802 1574 2874 μετά
1608 2800 1782 2857 ταῦτα
1828 2796 1930 2872 βίῳ

2097 2796 2299 2854 Verum
2325 2799 2382 2854 in
2408 2814 2472 2854 ea
2504 2813 2627 2871 qua:
2648 2798 2833 2854 futura
2863 2804 2948 2855 est
2977 2798 3086 2853 vita
3115 2810 3223 2851 non
3252 2795 3394 2852 idem
3418 2810 3613 2852 omnes

341 2894 553 2957 πάντας
599 2896 725 2957 τοὺς
772 2896 837 2948 ἐκ
870 2895 962 2948 τοῦ
994 2898 1095 2967 τῆς
1146 2896 1249 2967 γῆς
1288 2896 1544 2968 χώματος
1587 2895 1929 2957 ἀναστάντας

2032 2899 2240 2947 eterra:
2311 2892 2527 2947 tumulo
2588 2898 2880 2963 surgentes
2950 2889 3157 2959 excipit
3219 2894 3439 2954 status,
3510 2888 3610 2944 sed

342 2986 639 3050 ἐκδέξεται,
668 2985 802 3041 ἀλλά
849 3007 867 3039 ι
898 2987 1300 3059 Πορευσόμεθα,
1324 3008 1343 3041 ι
1381 2987 1567 3059 φησὶν,
1603 2988 1692 3040 tot
1729 2986 1827 3058 μὲν
1862 2985 1930 3040 τὰ

2032 3000 2051 3033 ι
2086 2981 2267 3047 Ibunt,
2308 3001 2328 3035 ι
2381 2981 2585 3070 inquit,
2624 3001 2644 3034 ι
2674 2982 2769 3052 qui
2803 2982 2948 3037 bona
2989 2980 3261 3044 fecerunt,
3317 2979 3375 3033 in
3419 2991 3613 3033 resur-

341 3077 525 3146 ἀγαθά
567 3079 889 3146 ποιήσαντες
915 3119 930 3143 ,
970 3082 1050 3142 εἰς
1088 3080 1381 3133 ἀνάστασιν
1424 3079 1570 3149 ζωῆς
1595 3097 1609 3112 ο
1656 3079 1705 3132 οί
1759 3078 1815 3131 δὲ
1860 3077 1931 3131 τά

2032 3073 2330 3128 rectionem
2355 3069 2503 3136 vitae,
2535 3073 2630 3144 qui
2662 3087 2792 3129 vero
2826 3073 2970 3127 mala
3024 3079 3271 3143 egerunt,
3327 3069 3386 3124 in
3433 3083 3618 3124 resur-

344 3167 527 3236 φαῦλα
562 3169 880 3239 πράξαντες,
911 3171 990 3234 είς
1018 3170 1312 3225 ἀνάστασιν
1346 3170 1597 3242 κρίσεως.
1630 3188 1650 3222 ι
1691 3170 1853 3222 Ὥστε
1880 3167 1931 3222 εἰ

2033 3163 2333 3218 rectionem
2355 3162 2552 3231 judicii
2574 3163 2638 3215 “.
2672 3181 2692 3214 ι
2723 3162 3090 3228 Quamobrem
3134 3160 3179 3217 si
3213 3159 3376 3229 cujus
3408 3159 3520 3213 vita
3547 3158 3617 3213 ad

343 3276 490 3325 τινος
519 3259 656 3331 πρὸς
696 3260 793 3332 τὴν
844 3260 1080 3333 φοϐερὰν
1133 3260 1348 3331 ἐκείνην
1399 3261 1724 3332 κατάκρισιν
1759 3261 1788 3313 6
1817 3258 1930 3330 βίος

348 3353 534 3422 βλέπει
561 3370 574 3383 ·
623 3347 796 3419 οὗτος,
844 3354 950 3407 κᾶν
992 3352 1083 3407 διὰ
1123 3353 1221 3423 τῆς
1248 3352 1453 3406 ἄνωθεν
1484 3352 1788 3422 γεννήσεως
1818 3352 1930 3414 τοῖς

343 3444 593 3512 ἀδελφοῖς
638 3444 733 3498 τοῦ
774 3446 975 3516 Κυρίου
1024 3444 1523 3516 συναριθμούμενος
1565 3443 1724 3514 τύχῃ.
1758 3458 1929 3496 κατα-

343 3537 599 3607 ψεύδεται
626 3537 721 3591 τοῦ
763 3538 1045 3609 ὀνόματος,
1078 3539 1136 3592 ὲν
1166 3540 1230 3609 τῇ
1266 3539 1447 3607 μορφῇ
1482 3537 1580 3607 τῆς
1606 3536 1806 3599 κακίας
1836 3536 1933 3604 τὴν

268 3666 275 3671 ς
347 3630 487 3702 πρὸς
517 3631 608 3684 τὸν
651 3631 993 3704 πρωτότοκον
1022 3630 1339 3702 ἀγχιστείαν
1387 3627 1738 3698 ἀρνούμενος.
1788 3627 1846 3679 '0
1875 3626 1933 3679 δὲ

349 3721 581 3791 μεσίτης
607 3720 740 3775 Θεοῦ
772 3723 867 3775 καὶ
908 3720 1230 3792 ἀνθρώπων,
1262 3722 1291 3773 6
1318 3719 1385 3774 δι’
1416 3718 1611 3773 ἑαυτοῦ
1646 3717 1932 3771 συνάπτων

347 3813 428 3883 τῷ
454 3811 573 3882 Θεῷ
600 3812 660 3866 τὸ
688 3812 1048 3883 ἀνθρώπινον,
1078 3814 1252 3867 ὲκεῖνο
1293 3810 1549 3866 συνάπτει
1581 3809 1762 3881 μόνον,
1796 3808 1932 3879 ὅπερ

352 3903 419 3957 ἂν
444 3904 548 3973 τῆς
572 3904 708 3975 πρὸς
727 3904 858 3958 Θεὸν
889 3905 1169 3975 συμφυΐας
1200 3903 1349 3969 ἄξιον
1488 3902 1699 3971 Ὥσπερ
1723 3895 1815 3953 οὖν
1845 3898 1935 3952 τὸν

351 3996 550 4050 ἑαυτοῦ
597 3984 881 4067 ἄνθρωπον
925 4000 991 4069 τῇ
1033 3997 1258 4066 δυνάμει
1317 3996 1413 4065 τῆς
1454 3993 1705 4064 θεότητος
1756 3991 1935 4061 ἑαυτῷ

351 4086 757 4157 προσῳκείωσε,
794 4088 958 4159 μέρος
995 4087 1091 4157 μὲν
1115 4086 1214 4156 τῆς
1247 4084 1434 4153 κοινῆς
1461 4083 1675 4152 φύσεως
1702 4081 1852 4147 ὅντα,
1873 4081 1933 4135 οὐ

354 4178 464 4249 μὴν
492 4180 605 4242 τοῖς
637 4178 864 4232 πάθεσιν
891 4177 1321 4232 ὑποπεπτωκότα
1347 4176 1445 4245 τῆς
1476 4174 1693 4243 φύσεως
1720 4175 1832 4236 τοῖς
1856 4173 1936 4235 είς

350 4269 629 4341 ἁμαρτίαν
662 4268 1080 4339 ὲκκαλουμένοις
1112 4268 1130 4339 (
1160 4287 1178 4319 ι
1201 4266 1501 4341 Ἀμαρτίαν
1529 4286 1546 4318 ι
1589 4265 1717 4334 γὰρ,
1751 4262 1936 4333 φησὶν,

357 4380 377 4413 ι
406 4361 511 4415 οὐκ
543 4362 817 4433 ἐποίησεν,
848 4362 969 4415 οὐδὲ
1019 4359 1215 4434 εὑρέθη
1279 4340 1427 4422 δόλος
1475 4358 1534 4410 ὲν
1584 4354 1663 4425 τῷ
1711 4353 1938 4422 στόματι

352 4451 525 4507 αὐτοῦ
566 4471 585 4504 ι
613 4451 654 4522 )°
707 4453 848 4505 οὕτω
881 4452 1124 4514 καὶτοὺς
1150 4449 1270 4503 καθ’
1298 4449 1522 4502 ἕκαστον
1563 4442 1823 4521 προσάξει
1870 4442 1937 4512 τῇ

2034 3254 2436 3310 formidandam
2485 3254 2637 3308 illam
2702 3260 2918 3323 spectat
2975 3249 3513 3315 condemnationem,
3571 3248 3619 3303 is

2035 3344 2256 3399 tametsi
2312 3358 2411 3413 per
2466 3343 2939 3413 regenerationem
2992 3341 3062 3396 ad
3109 3339 3342 3395 fratrum
3403 3336 3621 3393 Domini

2034 3449 2323 3489 numerum
2358 3433 2501 3491 forte
2529 3432 2806 3504 ascriptus
2846 3432 2942 3498 sit,
2978 3446 3177 3485 nomen
3204 3427 3524 3495 ementitur,
3561 3426 3621 3481 in

2035 3527 2256 3581 malitiae
2295 3526 2465 3581 forma
2513 3526 2722 3581 nullam
2757 3538 2883 3579 cum
2928 3522 3298 3593 primogenito
3340 3521 3622 3590 cognatio-

2036 3634 2157 3672 nem
2189 3631 2301 3688 prae
2345 3632 2405 3672 se
2444 3617 2650 3673 ferens.
2697 3615 2965 3672 Mediator
3003 3620 3186 3669 autem
3216 3613 3314 3669 Dei
3355 3620 3413 3669 et
3444 3614 3622 3668 homi-

2037 3722 2190 3775 num,
2219 3709 2315 3779 qui
2362 3723 2459 3778 per
2488 3708 2733 3779 seipsum
2780 3720 2955 3778 genus
2991 3705 3290 3761 humanum
3334 3703 3622 3775 conjungit

2046 3801 2176 3867 Deo,
2220 3802 2398 3857 solum
2442 3802 2574 3856 illttd
2617 3800 2906 3870 eonjungit
2934 3798 3079 3869 quod
3125 3812 3201 3853 ea,
3230 3796 3625 3866 conjunctione

2038 3893 2112 3948 sit
2147 3890 2393 3962 dignum.
2426 3889 2897 3958 Quemadmodum
2947 3888 3152 3943 virtute
3203 3886 3390 3941 divina
3440 3884 3624 3939 homi-

2039 4002 2166 4041 nem
2196 3986 2396 4053 induit,
2423 3993 2652 4043 eatenus
2682 3982 2906 4054 quidem
2922 3980 3176 4036 humanas
3210 3986 3422 4034 natura:
3448 3976 3624 4048 parti-

2040 4078 2237 4149 cipem,
2283 4089 2343 4133 ut
2366 4078 2533 4133 nullis
2566 4082 2777 4131 naturae
2810 4072 3318 4145 perturbationibus
3340 4071 3405 4126 ad
3429 4085 3623 4140 pecca-

2039 4179 2154 4223 tum
2176 4169 2544 4224 excitantibus
2569 4167 2909 4236 subjaceret:
2940 4181 2959 4216 t
2983 4162 3272 4218 Peccatum
3299 4181 3318 4214 ι
3346 4163 3518 4226 enim,
3538 4162 3624 4215 in-

2042 4261 2182 4330 quit,
2205 4279 2223 4312 t
2249 4275 2360 4315 non
2383 4259 2534 4322 fecit,
2556 4272 2657 4313 nec
2678 4259 2934 4312 inventus
2950 4266 3035 4311 est
3051 4255 3213 4310 dolus
3229 4253 3392 4308 inore
3415 4252 3566 4321 ejus:
3596 4269 3635 4303 »ι

2043 4352 2126 4406 sic
2167 4350 2418 4404 homines
2451 4346 2702 4415 singulos
2736 4342 2806 4398 ad
2836 4343 3143 4398 divinitatis
3169 4340 3621 4396 communionem

2044 4442 2299 4507 adducet,
2343 4439 2389 4495 si
2439 4438 2574 4492 nihil
2620 4452 2685 4492 ea
2735 4436 3044 4492 divinitatis
3092 4433 3486 4505 conjunctione
3530 4431 3618 4486 in-

355 4512 626 4615 συναφεία
651 4543 748 4613 τῆς
775 4542 1048 4614 θεότητος,
1083 4512 1133 4595 εἰ
1168 4542 1335 4613 μηδὲν
1360 4512 1648 4609 ἐπάγοιντο
1674 4516 1931 4607 τῆςλπρὸς

2048 4531 2272 4602 dignum
2301 4526 2554 4582 afferant.
2593 4523 2650 4579 Si
2682 4524 2809 4595 quis
2832 4524 3093 4580 nimirum
3117 4512 3647 4591 vere‘sittemplum.

356 4633 421 4688 τὸ
438 4633 590 4687 Θεῖον
623 4634 914 4703 συναφείας
943 4634 1179 4699 ἀνάξιον.
1225 4632 1364 4686 Ἀλλ’
1400 4631 1453 4685 εἴ
1494 4649 1575 4694 τις
1607 4626 1819 4699 ἀληθῶς
1851 4625 1936 4694 εἴη

356 4723 494 4778 Θεοῦ
523 4725 669 4791 ναὸς,
703 4726 866 4796 μηδὲν
913 4726 1113 4789 κακίας
1162 4725 1376 4778 εἴδωλον
1410 4725 1503 4778 καὶ
1552 4720 1835 4791 ἀφίδρυμα
1881 4718 1939 4770 ὲν

357 4819 539 4889 ἑαυτῷ
572 4819 861 4890 περιέχων,
896 4813 1048 4882 οὗτος
1079 4819 1183 4872 ὑπὸ
1208 4818 1300 4871 τοῦ
1332 4816 1550 4888 μεσίτου
1579 4815 1713 4887 πρὸς
1747 4829 1932 4884 μετου-

360 4914 483 4967 σίαν
526 4912 628 4982 τῆς
679 4913 929 4979 θεότητος
974 4910 1481 4981 παραληφθήσεται,
1517 4906 1755 4979 καθαρὸς
1788 4905 1942 4974 γενό-

362 5023 523 5075 μενος
570 5005 707 5076 πρὸς
752 5003 850 5076 τὴν
898 5003 1161 5073 ὑποδοχὴν
1207 5003 1304 5072 τῆς
1337 5001 1501 5055 αὑτοῦ
1554 4998 1939 5070 καθαρότητος.

360 5095 499 5150 Οὔτε
529 5097 638 5167 γάρ
667 5098 747 5159 είς
774 5096 1099 5166 κακότεχνον
1141 5094 1317 5164 ψυχὴν
1357 5091 1721 5145 εἰσελεύσεται
1759 5088 1941 5157 σοφία,

363 5185 545 5249 καθὼς
564 5188 592 5239 6
616 5185 771 5256 λόγος
806 5186 987 5257 φησὶν,
1021 5184 1142 5238 οὔτε
1168 5187 1195 5236 6
1223 5181 1458 5252 καθαρὸς
1486 5184 1552 5252 τῇ
1586 5180 1782 5250 καρδίᾳ
1819 5178 1944 5231 ἄλλο

359 5292 413 5328 τι
441 5275 590 5345 παρά
617 5275 707 5328 τὸν
733 5274 864 5328 Θεὸν
891 5277 948 5328 ὲν
976 5275 1153 5344 ἐαυτῷ
1184 5273 1372 5344 βλέπει
1397 5287 1407 5299 '
1504 5270 1591 5322 διὰ
1614 5271 1710 5339 τῆς
1734 5267 1940 5338 ἀφθαρ-

363 5365 484 5427 σίας
520 5364 962 5436 προσκολληθεὶς,
997 5364 1146 5427 ἐντὸς
1180 5361 1376 5416 ἑαυτοῦ
1396 5362 1587 5414 πᾶσαν
1610 5360 1708 5429 τὴν
1727 5357 1937 5428 ἀγαθὴν

361 5456 637 5528 βασιλείαν
666 5456 899 5523 ἐδέξατο.
945 5456 1160 5511 Μᾶλλον
1200 5457 1243 5509 δ’
1278 5455 1342 5508 ἂν
1375 5453 1585 5522 γένοιτο
1616 5452 1744 5521 ἡμῖν
1772 5466 1940 5503 κατα-

362 5548 529 5617 φανὲς
552 5548 613 5602 τὸ
636 5548 945 5617 λεγόμενον,
964 5549 1025 5605 ,εἰ
1057 5549 1155 5619 τὴν
1187 5546 1281 5600 τοῦ
1310 5545 1514 5617 Κυρίου
1538 5543 1742 5612 φωνὴν,
1765 5541 1831 5610 ἣν
1854 5539 1940 5593 διὰ

361 5641 458 5710 τῆς
492 5641 714 5712 Μαρίας
744 5640 877 5711 πρὸς
920 5641 1048 5704 τοὺς
1090 5638 1417 5702 ἀποστόλους
1453 5636 1764 5706 πεποίηται,
1803 5632 1938 5703 πρὸς

2040 4623 2164 4687 Dei;
2191 4620 2518 4689 nullumque
2563 4618 2787 4672 malitiae
2832 4617 3189 4673 simulacrum
3244 4624 3340 4669 aut
3382 4620 3621 4669 statuam

2041 4714 2341 4779 contineat,
2388 4712 2436 4767 is
2465 4725 2495 4764 a
2536 4709 2858 4775 inediatore,
2889 4716 2949 4763 ut
2996 4707 3302 4762 divinitatis
3331 4705 3604 4776 particeps

2043 4805 2171 4871 ﬁat,
2217 4803 2556 4868 admittetur,
2596 4817 2721 4857 cum
2766 4816 2941 4871 purus
2989 4800 3061 4855 sit
3110 4806 3165 4853 et
3216 4797 3286 4853 ad
3329 4795 3623 4866 puritatem

2043 4895 2220 4965 ipsius
2267 4890 2674 4964 suscipiendam
2723 4889 2976 4943 idoneus.
3006 4885 3194 4955 Neque
3231 4882 3378 4938 enim
3413 4881 3469 4935 in
3502 4892 3603 4932 ma-

2043 4986 2274 5042 levolam
2318 4984 2580 5049 animam,
2616 4988 2675 5036 ut
2707 4980 2975 5050 scriptum
3022 4985 3109 5032 est
3140 4976 3208 5040 θ’,
3241 4970 3493 5028 introibit
3539 4980 3629 5021 sa-

2045 5078 2272 5149 pientia,
2303 5083 2358 5130 et
2385 5076 2478 5145 qui
2511 5074 2752 5129 mundus
2803 5079 2889 5127 est
2937 5068 3124 5132 corde,
3158 5065 3297 5121 nihil
3337 5063 3392 5116 in
3440 5060 3627 5129 δείρειν

2047 5177 2246 5241 praeter
2278 5166 2446 5222 Deum
2471 5166 2689 5223 videns.
2722 5163 3153 5232 incorrupteque
3179 5155 3284 5226 ipsi
3314 5153 3621 5241 conterens,

2046 5240 2211 5316 omne
2250 5259 2454 5313 bonum
2499 5270 2729 5325 regnum
2774 5256 2829 5308 in
2880 5267 2940 5307 se
2978 5248 3209 5317 accepit.
3260 5245 3527 5299 Caeterum
3569 5240 3645 5294 id.

2047 5354 2192 5425 quod
2246 5353 2392 5417 dico,
2436 5352 2611 5420 magis
2656 5348 3005 5419 perspicuum
3045 5343 3157 5404 ﬁet,
3204 5339 3251 5396 si
3300 5338 3463 5393 verba
3502 5352 3627 5406 quae

2049 5444 2316 5499 Dominus
2359 5442 2624 5513 apostolis
2687 5454 2780 5508 per
2834 5436 3059 5491 Mariam
3119 5430 3363 5485 nuntiari
3425 5430 3623 5495 voluit,

2049 5537 2524 5594 considerabimus
2556 5551 2568 5587 :
2606 5551 2623 5583 ι
2661 5528 2936 5591 Ascendo,
2964 5546 2980 5578 ι
3013 5524 3213 5594 inquit,
3251 5540 3270 5572 ι
3305 5520 3372 5574 ad
3411 5519 3628 5574 Patrem

2050 5645 2229 5685 nicum
2255 5635 2308 5683 et
2339 5626 2552 5680 Patrem
2581 5630 2843 5688 vestrum,
2873 5628 2931 5675 et
2962 5616 3132 5673 Deum
3158 5629 3338 5671 meum
3366 5623 3418 5669 ct
3454 5610 3643 5667 Deum,

428 5829 474 5861 "
517 5828 533 5883 l
570 5827 714 5884 Potr.
751 5844 808 5883 tt.
839 5827 929 5883 22.
1009 5825 1095 5879 θοι
1124 5826 1231 5881 Cor
1283 5843 1367 5889 λγ,
1405 5827 1489 5881 39..
1568 5827 1607 5854 θ’
1634 5826 1787 5881 Joan.
1816 5841 1868 5883 ι’.
1899 5824 1931 5876 '2

2071 5826 2113 5855 ⁸³*
2157 5821 2285 5880 Sit).
2324 5835 2361 5880 1,
2397 5819 2442 5871 Ξ.
