4106 6444
508 415 615 476 ἓῗο

1675 417 1730 472 S.
1777 420 2100 476 GRKc-illi”
2144 422 2435 477 NYSSENI

3655 416 3772 470 Ἧι)

507 531 748 576 vestrum
791 522 854 574 ".
894 542 910 574 ι
949 521 1074 578 ﬂare
1099 523 1242 578 enim
1274 523 1351 579 ait
1383 527 1653 582 mediator
1682 530 1826 585 inter
1865 531 2079 587 Patrem

2201 538 2282 606 τὴν
2336 537 2630 605 σαφήνειαν
2678 531 2784 585 τῶν
2839 530 3145 602 εἰρημένων
3203 524 3768 600 συμπαραλάδοιμενο

507 623 563 667 ct
602 612 887 669 abdicatos
920 613 1082 677 ﬁlios,
1131 615 1224 684 qui
1279 615 1536 673 inimicos
1588 619 1678 674 Dei
1707 623 2084 677 reconciliavit

507 717 655 756 vera:
695 711 751 756 et
795 704 898 758 soli
943 704 1246 762 Divinitati.
1295 705 1431 761 Nam
1485 709 1613 778 quia
1662 726 1760 780 per
1796 723 2081 782 peccatum

501 791 668 861 juxta
683 794 1066 864 propheticum
1095 812 1402 853 sermonem
1433 799 1654 852 alienati
1679 809 1806 856 sunt
1835 805 2084 860 homines

507 895 540 934 a
583 883 796 937 vivitica
833 885 1016 951 vulva,
1065 893 1120 940 et
1165 893 1488 940 erraverunt
1536 887 1605 942 ab
1659 897 1818 944 utero
1870 893 1926 946 in
1975 909 2084 964 quo

511 970 730 1028 formati
773 971 1014 1036 fuerant,
1055 988 1156 1042 pro
1203 975 1432 1030 veritate
1467 975 1814 1032 mendacium
1861 980 2084 1050 loquen-

509 1069 594 1116 tes
621 1061 690 1126 “,
720 1061 930 1124 idcirco
956 1071 1166 1118 natura:
1199 1065 1508 1120 communis
1539 1067 1813 1136 primitias
1837 1085 1932 1140 per
1961 1086 2084 1128 cor-

507 1163 614 1220 pus
659 1157 714 1204 et
746 1152 985 1214 animam
1040 1167 1355 1217 assumens,
1411 1169 1614 1226 easque
1671 1159 1820 1214 nulla
1877 1161 2086 1218 malitia

509 1241 704 1297 mistas
738 1250 834 1298 aut
879 1244 1282 1302 contaminatas
1311 1246 1366 1300 in
1408 1263 1468 1304 se
1495 1264 1834 1309 conservans
1863 1265 2086 1312 sanctas
2121 1264 2139 1279 '

509 1332 692 1388 elfccit
723 1351 736 1386 :
766 1341 826 1388 ut
870 1349 966 1389 eas
1010 1335 1363 1406 incorruptus
1417 1337 1682 1398 dedicans
1715 1341 1886 1410 Patri,
1922 1345 2087 1401 simul

507 1425 674 1481 etiam
713 1425 956 1482 traheret
984 1427 1257 1498 quidquid
1285 1431 1368 1486 eis
1413 1441 1610 1488 natura
1655 1443 1709 1490 et
1760 1451 1964 1506 genere
2001 1453 2090 1494 co-

509 1521 736 1586 gnatum
780 1527 948 1584 esset,
979 1527 1034 1576 et
1076 1535 1194 1586 eos,
1233 1523 1324 1593 qui
1349 1519 1598 1580 ‘abdicati
1631 1527 1933 1597 reiectique
1971 1527 2088 1584 fue-

508 1616 662 1674 rant,
703 1610 846 1667 tihos
887 1611 1162 1676 redderet,
1215 1621 1271 1670 et
1316 1616 1572 1672 inimicos
1625 1615 1720 1672 Dei
1781 1617 2090 1708 divinitatis

403 1733 408 1780 ς
507 1699 635 1769 ejus
677 1701 978 1772 participes
1039 1703 1264 1763 faceret,
1307 1705 1375 1762 Ut
1419 1721 1552 1778 ergo
1589 1723 1786 1764 massae
1835 1699 2092 1780 primitiae

511 1793 752 1862 puritate
803 1801 972 1864 atque
1017 1795 1332 1852 innocentia
1376 1813 1506 1854 vero
1552 1797 1701 1854 Patri
1731 1809 1786 1856 et
1820 1801 1932 1858 Deo
1965 1817 2092 1858 con-

405 1861 411 1866 ’
509 1861 708 1940 οἱιίοῑω
751 1893 880 1941 sunt
917 1907 929 1942 :
971 1888 1054 1943 sic
1103 1888 1270 1944 etiam
1323 1905 1447 1955 nos,
1499 1891 1591 1962 qui
1638 1907 1820 1949 massa
1872 1911 2086 1964 sumus,
2121 1873 2163 1928 Β

511 1975 710 2030 iisdem
756 1977 1070 2036 rationibus
1117 1996 1242 2036 cum
1289 1983 1540 2038 veritatis
1576 1981 1740 2040 Patre
1786 1987 2092 2058 conjunge—

511 2079 657 2132 mur,
707 2067 754 2122 si
804 2068 1124 2126 mediatoris
1176 2072 1548 2129 innocentiam
1603 2085 1658 2132 et
1716 2081 2090 2136 constantiam

509 2170 612 2226 pro
655 2158 866 2216 viribus
904 2161 1266 2218 imitabimur.
1299 2162 1394 2221 Sic
1447 2169 1594 2222 enim
1645 2170 1856 2227 erimus
1899 2174 2092 2245 unige-

509 2247 615 2305 uiti
658 2248 755 2306 Dei
793 2265 996 2307 corona
1046 2268 1113 2308 ex
1161 2255 1438 2326 lapidibus
1483 2261 1766 2329 pretiosis,
1816 2265 1996 2321 honor
2039 2277 2094 2324 et

511 2340 688 2409 gloria
731 2357 830 2412 per
860 2343 1033 2398 vitam
1084 2345 1284 2402 eﬁ'ecti.
1330 2347 1466 2403 Nam
1515 2349 1721 2408 Paulus
1751 2355 1905 2420 dicit,
1952 2374 2092 2427 quo-

511 2433 664 2486 niam
714 2451 733 2486 ι
769 2433 1016 2490 Minuisti
1043 2452 1166 2492 eum
1201 2440 1370 2508 paulo
1419 2441 1602 2496 minus
1632 2445 1701 2499 ab
1742 2448 1948 2518 angelis
1969 2450 2037 2514 ",
2068 2469 2086 2503 ι

511 2533 738 2594 propter
785 2527 1094 2582 cruciatum
1135 2531 1352 2588 mortis.
1407 2531 1646 2603 Maiores
1685 2539 1830 2592 enim
1873 2553 2094 2601 nostros

511 2613 570 2666 in
593 2614 762 2684 spina:
788 2623 1044 2671 naturam
1088 2619 1158 2672 ob
1187 2629 1478 2688 peccatum
1508 2639 1810 2684 conversos
1841 2630 1944 2686 sibi
1979 2633 2096 2703 ipse

512 2721 579 2760 ex
627 2709 824 2762 mortis
863 2708 1227 2780 dispositione
1279 2729 1540 2769 coronam
1595 2718 1742 2782 fecit.
1782 2733 1836 2777 et
1880 2725 2094 2793 spinam

513 2799 568 2852 in
605 2799 868 2854 honorem
901 2808 956 2856 et
986 2803 1218 2872 gloriam
1244 2805 1506 2874 patiendo
1536 2815 1912 2869 commutavit.
1949 2816 2096 2882 Quo-

511 2897 659 2946 circa
712 2907 838 2948 cum
893 2896 1065 2952 semel
1117 2899 1310 2952 mundi
1357 2909 1639 2968 peccatum
1688 2908 1997 2976 sustulerit,
2041 2919 2098 2964 et

513 2984 681 3053 capiti
728 2999 991 3040 coronam
1023 2986 1092 3042 de
1120 2989 1300 3058 spinis
1340 2995 1640 3062 acceperit,
1675 3004 1733 3051 ut
1785 3015 1850 3054 ex
1887 3001 2099 3058 honore

515 3082 569 3128 et
599 3075 776 3146 gloria
809 3091 1072 3132 coronam
1111 3089 1460 3146 contexeret,
1517 3101 1625 3140 non
1675 3105 1904 3160 parvum
1952 3097 2098 3164 peri-

515 3167 836 3232 culum,est,
885 3183 955 3222 ne
983 3169 1173 3238 aliquo
1206 3172 1370 3226 modo
1414 3183 1640 3245 propter
1677 3179 1980 3251 improbam
2012 3189 2097 3241 vi-
2131 3229 2169 3251 ρ

515 3269 624 3312 tam
655 3261 844 3316 tribuli
883 3276 1007 3318 esse
1061 3272 1118 3318 et
1164 3265 1338 3334 spinae
1368 3265 1845 3338 deprehendantur
1885 3295 1898 3330 :
1937 3285 2103 3346 atque

516 3351 593 3405 ita
624 3351 682 3406 in
724 3352 904 3409 media
939 3353 1154 3410 Domini
1189 3372 1417 3425 corona,
1450 3376 1573 3428 quae
1621 3378 1718 3432 per
1756 3371 2103 3424 communio-

516 3457 642 3505 nem
675 3446 924 3513 corporis
957 3446 1079 3513 ejus
1109 3448 1188 3511 ﬁt,
1223 3449 1434 3514 inserti,
1491 3467 1676 3508 vocem
1718 3456 1865 3512 illam
1895 3459 2099 3528 justam

519 3534 748 3590 oninino
795 3536 1160 3594 exaudiamus
1196 3557 1208 3593 :
1258 3557 1276 3590 ι
1318 3540 1530 3604 Amice,
1563 3547 1843 3613 quomodo
1881 3549 1987 3605 huc
2019 3551 2101 3605 in-

517 3627 702 3693 trasti,
741 3644 848 3685 non
884 3629 1092 3686 habens
1126 3641 1332 3688 vestem
1359 3636 1656 3706 nuptialem
1682 3639 1756 3694 δεῖ
1778 3658 1798 3692 ι
1825 3646 2103 3710 quomodo

517 3728 596 3784 te,
638 3735 764 3776 cum
810 3736 964 3777 esses
1002 3723 1182 3792 spina,
1236 3725 1380 3780 inter
1423 3741 1518 3782 eos
1567 3730 1660 3798 qui
1711 3731 1779 3784 ad
1837 3748 2099 3790 coronam

518 3825 696 3866 meam
741 3828 808 3868 ex
844 3813 1055 3870 honore
1089 3826 1138 3870 et
1164 3817 1337 3886 gloria
1371 3821 1772 3876 conﬁciendam
1804 3826 1916 3894 apti
1948 3836 2099 3894 sunt,

517 3901 896 3958 contexuisti?
947 3923 966 3956 ι
1009 3906 1142 3972 Quae
1190 3911 1482 3964 conventio
1536 3911 1760 3968 Christo
1793 3917 1860 3970 ad
1894 3917 2104 3974 Belial?

518 3993 652 4060 Quae
695 4011 825 4066 pars
879 3997 1026 4053 ﬁdeli
1067 4014 1194 4054 cum
1243 4001 1488 4057 intiileli?
1529 4003 1664 4070 Quae
1701 4008 1940 4066 societas
1994 4013 2102 4066 luci

519 4090 588 4142 ad
633 4091 891 4146 tenebras
923 4093 1004 4146 “7?
1047 4113 1066 4144 ι

2192 626 2570 700 «Πορεύομαι,
2605 645 2623 676 ι
2673 625 2828 694 φησὶ,
2879 643 2896 675 ι
2928 623 3062 694 πρὸς
3105 622 3196 675 τὸν
3243 621 3462 692 Πατέρα
3513 636 3610 690 μου
3669 618 3772 672 καὶ

2188 718 2407 788 Πατέρα
2438 717 2610 788 ὑμῶν,
2637 716 2732 769 καὶ
2759 714 2890 767 Θεόν
2919 731 3020 784 μου
3047 714 3138 767 καὶ
3166 711 3298 765 Θεὸν
3336 709 3508 781 ὑμῶν.
3534 729 3553 762 ι
3583 709 3774 763 Ταῦτα

2187 809 2295 878 γὰρ
2325 809 2354 873 ό
2389 806 2614 879 μεσίτης
2647 805 2848 876 μεταξὺ
2875 804 2969 857 τοῦ
2996 803 3209 872 Πατρός
3237 803 3330 854 καὶ
3357 801 3466 854 τῶν
3490 798 3777 870 ἀποκηρὺ-

2186 915 2330 951 κτων
2357 897 2586 965 φησὶν.ὁ
2618 895 2684 948 δι’
2713 893 2906 947 ἑαυτοῦ
2936 895 3064 956 τοὺς
3097 893 3322 976 ἐχθροὺς
3348 891 3442 945 τοῦ
3471 889 3604 944 Θεοῦ
3634 906 3778 942 κατ-

2188 985 2421 1052 αλλάξας
2461 986 2527 1054 τῇ
2573 983 2798 1054 ἀληθινῇ
2826 984 2920 1036 καὶ
2951 983 3086 1054 μόνῃ
3115 983 3360 1052 Θεότητι.
3395 981 3612 1050 Ἐπειδὴ
3636 979 3774 1051 γὰρ,

2189 1077 2330 1130 κατὰ
2363 1077 2457 1129 τὸν
2502 1075 2836 1146 προφητικὸν
2887 1074 3064 1140 λόγον,
3112 1071 3630 1144 ἀπηλλοτριώθησαν
3670 1071 3779 1140 τῆς
3839 1086 3846 1095 '

2191 1166 2452 1232 ζωοποιοῦ
2485 1168 2694 1238 μήτρας
2723 1165 2810 1218 διὰ
2841 1166 2940 1235 τῆς
2971 1164 3240 1235 ἁμαρτίας
3265 1162 3316 1215 oi
3349 1160 3647 1232 ἄνθρωποι,
3675 1160 3781 1214 καὶ

2189 1262 2296 1316 ἀπὸ
2323 1264 2422 1332 τῆς
2453 1259 2686 1329 γαστρὸς
2717 1256 3120 1326 ἐπλανήθησαν,
3151 1257 3208 1308 ὲν
3305 1251 3678 1322 ὲπλάσθησαν,
3711 1249 3781 1302 τὸ

2188 1353 2382 1423 ψεῦδος
2414 1353 2532 1406 ἀντὶ
2562 1351 2664 1421 τῆς
2706 1348 2964 1418 ἀληθείας
2997 1347 3347 1418 λαλήσαντες,
3394 1343 3582 1398 τούτου
3611 1341 3779 1412 χάριν

2189 1446 2286 1516 τὴν
2319 1443 2573 1515 ἀπαρχὴν
2601 1443 2698 1512 τῆς
2725 1440 2906 1510 κοινῆς
2931 1436 3144 1508 φύσεως
3169 1434 3472 1532 ἀναλαϐὼν,
3494 1432 3780 1532 διὰ

2190 1551 2250 1588 τε
2279 1535 2372 1588 καὶ
2404 1534 2673 1604 σώματος,
2709 1530 2868 1597 ἁγίαν
2899 1528 3144 1598 ἐποίησε,
3173 1526 3353 1595 πάσης
3378 1523 3578 1587 κακίας
3596 1523 3778 1593 ἀμιγῆ

2189 1645 2249 1682 τε
2295 1627 2390 1680 καὶ
2433 1623 2806 1694 ἀπαράδεκτον
2837 1620 3004 1692 αὐτὴν
3038 1623 3094 1674 ὲν
3135 1616 3313 1687 ἐαυτῷ
3340 1613 3610 1676 διασώσας
3633 1629 3647 1644 '
3687 1611 3781 1666 ἵνα

2189 1719 2394 1788 ταύτην
2439 1716 2678 1780 ἀναθεὶς,
2713 1713 2802 1768 διὰ
2842 1714 2941 1782 τῆς
2984 1711 3313 1781 ἀφθαρσίας,
3351 1706 3430 1780 τῷ
3471 1705 3647 1776 Πατρλ⁵
3674 1703 3782 1776 τῆς

2191 1811 2518 1882 ἀφθαρσίας,
2569 1806 3035 1876 συνεπισπάσηται
3082 1803 3146 1856 δι’
3188 1803 3357 1872 αὐτῆς
3399 1798 3510 1852 πᾶν
3554 1799 3616 1850 τὸ
3648 1812 3783 1866 συγ-

2196 1902 2351 1968 γενὲς
2380 1902 2520 1955 κατά
2551 1899 2652 1971 τὴν
2677 1897 2838 1970 φύσιν
2863 1899 2998 1968 αὐτῇ
3033 1897 3126 1950 καὶ
3157 1893 3450 1965 ὁμόφυλον,
3487 1890 3582 1942 καὶ
3607 1903 3784 1960 προσ-

2195 1993 2411 2062 δέξηται
2459 1993 2584 2055 τοὺς
2632 1988 3050 2060 ἀποκηρύκτους
3079 1989 3158 2050 είς
3201 1987 3300 2056 τὴν
3347 1981 3638 2046 υἱοθεσίαν,
3684 1979 3785 2034 καὶ

2197 2087 2322 2148 τοὺς
2365 2084 2594 2156 ἐχθροὺς
2637 2080 2730 2136 τοῦ
2775 2080 2909 2134 Θεοῦ
2960 2081 3040 2142 είς
3069 2079 3166 2149 τὴν
3195 2077 3293 2146 τῆς
3335 2074 3586 2144 θεότητος
3612 2069 3783 2124 αὐτοῦ

2201 2175 2509 2249 μετουσίαν.
2542 2173 2770 2234 Οὐκοῦν,
2798 2171 3041 2242 ὥσπερή
3067 2169 3288 2238 ἀπαρχὴ
3316 2165 3410 2220 τοῦ
3437 2162 3780 2235 φυράματος,

2198 2270 2286 2323 διά
2315 2267 2686 2339 καθαρότητός
2729 2283 2790 2318 τε
2820 2265 2912 2318 καὶ
2945 2261 3213 2325 ἀπαθείας
3239 2257 3490 2330 ᾠκειὼθη
3533 2255 3611 2327 τῷ
3642 2253 3782 2326 ἀλη-

2201 2361 2329 2432 θινῷ
2360 2362 2532 2432 Πατρὶ
2579 2361 2674 2412 καὶ
2713 2357 2833 2428 Θεῷ
2859 2373 2872 2388 ·
2924 2355 3066 2410 οὕτω
3095 2353 3190 2409 καὶ
3224 2355 3385 2424 ἡμεῖς
3429 2351 3490 2404 τὸ
3529 2348 3784 2420 φύραμα,

2199 2455 2286 2510 διὰ
2311 2455 2419 2508 τῶν
2447 2454 2646 2524 ὁμοίων
2674 2451 2809 2505 όδῶν
2851 2449 2928 2521 τῷ
2956 2449 3132 2519 [Ia-cpi.
3174 2447 3274 2517 τῆς
3305 2443 3614 2515 ἀφθαρσίας
3659 2439 3786 2493 κολ-

2200 2545 2567 2616 ληθησόμεθα,
2598 2543 2684 2597 διὰ
2725 2540 2818 2599 τοῦ
2852 2539 3216 2612 μιμήσασθαι,
3249 2536 3430 2600 καθὼς
3455 2534 3521 2588 ἂν
3617 2533 3786 2586 δυναο

2199 2639 2312 2704 τὸν,
2338 2637 2432 2690 τοῦ
2469 2637 2690 2707 μεσίτου
2714 2635 2776 2689 τὸ
2799 2633 3007 2696 ἀπαθές
3030 2649 3088 2685 τε
3115 2632 3212 2684 καὶ
3232 2629 3604 2684 ἀναλλοίωτον.
3627 2623 3791 2679 Οῦτω

2201 2724 2310 2800 γάρ
2343 2727 2578 2797 ἐσόμεθα
2591 2725 2690 2778 τοῦ
2722 2723 3054 2793 Μονογενοῦς
3081 2721 3214 2774 Θεοῦ
3239 2719 3500 2788 στέφανος
3527 2719 3590 2770 ὲκ
3619 2713 3788 2768 λίθων

2201 2819 2420 2890 τιμίων,
2449 2817 2582 2888 τιμὴ
2631 2817 2722 2870 καὶ
2751 2815 2878 2879 δόξα
2923 2813 3012 2866 διὰ
3037 2812 3130 2865 τοῦ
3162 2811 3274 2881 βίου
3303 2809 3602 2878 γενόμενοι.
3647 2804 3792 2874 Φησὶ

2203 2910 2310 2982 γὰρ
2339 2913 2368 2963 ὁ
2395 2909 2606 2970 Παῦλος
2628 2947 2642 2972 ,
2675 2907 2758 2960 ὅτι
2792 2903 3003 2974 «Βραχύ
3031 2920 3082 2956 τι
3113 2901 3276 2956 αὑτὸν
3305 2895 3664 2959 ὲλαττῶσας,ι
3701 2893 3792 2948 διὰ

2203 3003 2264 3055 τὸ
2294 3001 2524 3070 πάθημα
2553 2999 2647 3052 τοῦ
2675 2997 2908 3052 θανάτου
2936 3036 2950 3059 ,
3015 3014 3034 3046 ι
3067 2992 3220 3065 παρά
3267 2991 3394 3053 τοὺς
3444 2987 3732 3056 ἀγγέλους.
3763 3002 3785 3037 ι

2207 3095 2344 3158 Τοὺς
2387 3095 2649 3164 πρότερον
2681 3092 2760 3154 εἰς
2793 3089 3036 3159 ἀκάνθης
3066 3087 3228 3157 φύσιν
3259 3079 3653 3156 μετατεθέντας
3701 3075 3794 3130 διὰ

2205 3190 2305 3258 τῆς
2335 3166 2632 3256 ἀμαρτίας,
2667 3183 2927 3250 στέφανον
2957 3179 3136 3250 ἐαυτῷ
3157 3177 3245 3230 διὰ
3273 3177 3372 3245 τῆς
3403 3170 3543 3225 κατά
3574 3167 3665 3222 τὸν
3690 3165 3791 3222 θάα

2205 3293 2362 3334 νατσν
2384 3277 2695 3346 οἰκονομίας
2720 3275 2996 3344 εποίησεν,
3028 3275 3106 3336 εἰς
3133 3269 3298 3340 τιμὴν
3323 3267 3417 3320 καὶ
3439 3262 3596 3326 δόξαν
3624 3275 3794 3331 μετα-

2208 3369 2558 3439 στοιχειὼσας
2588 3365 2676 3419 διὰ
2705 3363 2800 3418 τοῦ
2831 3363 3038 3425 πάθους
3081 3361 3180 3430 τὴν
3213 3355 3474 3450 ἄκανθαν.
3529 3350 3793 3450 κίνδυνος

2205 3457 2297 3515 οὖν
2319 3462 2380 3514 οὒ
2421 3459 2634 3531 μικρὸς,
2671 3454 2817 3520 ἅπαξ
2844 3453 2938 3507 τοῦ
2983 3454 3232 3520 αἴροντος
3265 3448 3362 3519 τὴν
3395 3439 3671 3515 ἁμαρτίαν
3694 3439 3793 3493 τοῦ

2206 3555 2410 3624 κόσμου
2435 3593 2450 3616 ,
2495 3551 2586 3604 τὸν
2629 3550 2689 3614 ἐξ
2719 3545 2971 3602 ἀκανθῶν
3004 3545 3266 3613 στέφανον
3315 3535 3676 3624 ἀναλαϐόντος
3723 3531 3796 3602 τῇ

2205 3622 2436 3713 κεφαλῇ,
2483 3642 2571 3694 ἵνα
2612 3641 2814 3708 ποιήσθ
2844 3636 2934 3689 τδν
2961 3636 3026 3686 ἐκ
3055 3631 3220 3703 τιμῆς
3253 3645 3312 3682 τε
3340 3627 3433 3680 καὶ
3467 3622 3624 3692 δόξης
3652 3637 3796 3713 φίλ’

2209 3709 2541 3804 πλεκόμενον
2577 3731 2861 3798 στέφανον,
2893 3722 3183 3796 εὑρεθῆναί
3213 3737 3336 3812 τινα
3377 3714 3626 3812 τρίϐολον
3660 3709 3794 3812 εντα

2205 3827 2293 3881 διὰ
2319 3803 2414 3878 τοῦ
2443 3823 2614 3877 κακοῦ
2648 3821 2764 3892 βίου
2807 3819 2902 3874 καὶ
2951 3814 3214 3877 ἄκανθαν,
3263 3806 3384 3864 εἶτα
3432 3810 3490 3860 ὲν
3537 3803 3687 3902 μέσῷ
3715 3803 3796 3902 τῷ

2207 3916 2522 3987 Δεσποτικῷ
2575 3913 2824 3982 στεφάνῳ
2878 3911 2966 3964 διὰ
3018 3907 3116 3978 τῆς
3169 3903 3266 3958 τοῦ
3323 3901 3574 3969 σώματος
3624 3893 3792 3987 αὐτου

2207 3981 3002 4078 κοινωνίας-παρενειρόμενον.
3059 3999 3202 4070 “pb;
3247 3995 3306 4048 ὃν
3341 3995 3460 4064 ὲρεῖ
3491 3988 3711 4078 πάντως
3754 3981 3790 4054 ἠ

2210 4101 2392 4157 δικαία
2421 4075 2617 4169 φωνήεί
2649 4115 2668 4148 ι
2701 4095 2825 4158 Πῶς
2857 4091 3107 4162 εἰσῆλθες
3145 4083 3268 4151 ὦδε,
3301 4083 3376 4156 μὴ
3422 4083 3559 4152 ἔχων
3589 4075 3794 4169 ἔνδυμα

517 4181 734 4253 γάμου;
761 4201 779 4234 ι
820 4181 946 4249 Πῶς
974 4183 1316 4255 συνεπλάκης
1360 4189 1473 4250 τοῖς
1505 4187 1595 4242 διά
1621 4191 1785 4262 τιμῆς
1822 4193 1916 4246 καὶ
1949 4195 2107 4266 δόξης
2142 4198 2220 4266 τῷ
2255 4191 2374 4266 ἐμῷ
2407 4167 2656 4258 στεφάνῳ
2691 4181 3140 4257 ἐνηρμοσμένοις,
3201 4176 3414 4234 ἄκανθα
3478 4171 3592 4239 ῶνς
3651 4187 3670 4222 ⁸
3699 4167 3797 4232 Τίς

517 4277 772 4339 κοινωνία
793 4277 1015 4350 Χριστῷ
1036 4279 1173 4348 πρὸς
1201 4279 1392 4334 Βελίαν
1416 4297 1430 4346 ;
1457 4281 1553 4346 Τίς
1583 4284 1742 4355 μερὶς
1765 4287 1940 4358 πιστῷ
1966 4289 2104 4360 μετά
2141 4289 2370 4352 ἀπίστου
2395 4305 2409 4352 ;
2450 4286 2516 4338 Τί
2544 4283 2719 4337 κοινὸν
2748 4279 2826 4350 τῷ
2855 4279 2993 4348 φωτὶ
3019 4275 3154 4346 πρὸς
3181 4273 3242 4326 τὸ
3268 4270 3490 4332 σκότειςῖ

590 4369 672 4425 Ne
713 4371 940 4440 quando
978 4371 1146 4441 igitur
1178 4373 1290 4425 vita
1339 4383 1530 4428 nostra
1569 4385 1762 4430 contra
1810 4395 1911 4435 nos
1947 4380 2100 4450 ejus-

520 4461 668 4516 modi
721 4461 906 4515 verbis
963 4463 1344 4532 compelletur,
1397 4468 1548 4521 omni
1605 4471 1792 4524 studio
1834 4472 1995 4528 nobis
2046 4475 2099 4528 in

519 4565 643 4608 eam
685 4564 876 4606 curam
924 4563 1010 4608 est
1058 4554 1512 4624 incumbentium,
1565 4569 1621 4613 ut
1657 4563 1879 4630 spinosa
1921 4566 2106 4620 omnia
2141 4545 2184 4598 θ

520 4652 638 4698 tum
667 4643 831 4705 facta,
862 4652 977 4698 tum
1009 4646 1178 4710 dicta,
1213 4655 1324 4700 tum
1354 4651 1593 4718 cogitata
1625 4669 1691 4707 ex
1727 4657 1876 4710 omni
1912 4668 2102 4713 nostra

519 4737 629 4792 vita
678 4736 945 4790 convulsa
996 4737 1379 4806 projiciamus,
1433 4750 1492 4794 ut
1543 4757 1676 4812 pura
1715 4746 2108 4817 innocentique

523 4828 746 4883 vivendi
799 4829 1014 4882 ratione
1047 4828 1225 4883 honor
1273 4838 1326 4885 et
1361 4833 1534 4901 gloria
1588 4833 1913 4904 efﬁciamur,
1947 4849 2110 4911 atque

429 4951 436 4973 ι
523 4920 767 4974 universi
813 4927 981 4989 caput
1049 4921 1469 4991 nobismetipsis
1518 4925 1596 4978 uti
1642 4942 1698 4982 re
1739 4930 1978 4998 pretiosa
2016 4947 2110 4986 co-

501 5010 806 5064 ‘rcnemus.
840 5008 1058 5066 Nullius
1093 5012 1242 5067 enim
1269 5014 1349 5068 rei
1394 5015 1516 5071 vilis
1547 5019 1662 5071 vult
1687 5035 1810 5076 esse
1844 5019 2108 5079 Dominus

521 5101 638 5164 ille,
687 5103 782 5172 qui
820 5101 1010 5172 gloriae
1062 5102 1330 5160 Dominus
1372 5115 1456 5162 est
1501 5109 1567 5161 ⁸³.
1621 5108 1888 5181 Quisquis
1943 5113 2110 5184 igitur

523 5193 582 5246 in
635 5195 857 5248 homine
906 5203 1019 5257 tum
1068 5197 1395 5253 abscondito
1424 5212 1538 5254 tum
1579 5203 1870 5258 manifesto
1909 5206 2110 5260 abhor-

526 5288 616 5336 ret
667 5283 739 5337 ab
795 5284 947 5338 omni
1003 5286 1346 5354 turpitudine
1404 5300 1455 5345 et
1511 5292 1772 5356 vanitate,
1819 5311 1966 5362 eum,
2016 5299 2109 5366 qui

523 5371 716 5440 gloriae
751 5386 862 5425 non
894 5373 1205 5442 ignominia:
1237 5377 1503 5436 Dominus
1531 5390 1638 5445 est,
1671 5385 1773 5438 sihi
1806 5387 2111 5457 principem

526 5462 838 5516 constituit.
895 5463 1166 5534 Praeterea
1223 5473 1552 5544 principium
1590 5487 1713 5532 est:
1759 5488 1924 5548 atque
1974 5479 2112 5533 adeo

525 5565 713 5606 rerum
747 5553 990 5607 omnium
1023 5560 1352 5632 principium
1389 5569 1616 5623 minime
1643 5570 1880 5624 alienum
1917 5572 1987 5625 ah
2017 5571 2106 5635 iis,

529 5651 653 5706 qua:
675 5652 738 5690 ex
779 5638 896 5704 ipso
919 5657 1356 5716 consequuntur.
1391 5658 1755 5724 Quamobrem
1791 5661 1838 5716 si
1867 5662 1992 5732 quis
2023 5665 2108 5716 vi-

2291 4381 2380 4444 Ὦς
2410 4379 2474 4432 ἂν
2499 4372 2590 4430 οὖν
2624 4374 2696 4446 μὴ
2719 4369 2990 4444 τ[οι]αῦτά
3025 4383 3156 4420 ποτε
3188 4365 3407 4460 ῥήματα
3431 4358 3552 4460 καθ’
3578 4356 3799 4460 ὴμῶν-ὁ

2214 4473 2326 4544 βίος
2357 4471 2516 4542 ἡμῶν
2543 4466 2922 4526 ὲκκαλέσαιτο,
2950 4455 3308 4530 ἐπιμελητέον
3348 4453 3412 4508 ἂν
3442 4451 3530 4521 εἰή
3557 4451 3652 4544 τοῦ
3673 4451 3798 4544 πᾶν

2214 4541 2519 4624 ἀκανθῶδες
2547 4561 2706 4630 ἔργον
2736 4573 2794 4609 τε
2824 4555 2918 4607 καὶ
2957 4552 3128 4622 ῥῆμα,
3155 4548 3248 4602 καὶ
3268 4545 3466 4615 νόημα,
3496 4543 3584 4598 διὰ
3615 4541 3797 4614 πάσης

2209 4656 2309 4724 τῆς
2334 4652 2477 4722 ζωῆς
2507 4649 2600 4704 τοῦ
2633 4648 2746 4718 βίου
2773 4644 2929 4714 ἡμῶν
2956 4635 3457 4700 ἀποσκευάσασθαι,
3493 4634 3581 4688 ἵνα
3606 4637 3670 4703 τῇ
3699 4652 3798 4688 κα,-

2212 4747 2354 4805 θαοᾷ
2379 4761 2436 4796 τε
2464 4743 2556 4797 καὶ
2575 4738 2775 4796 ἀπαθεῖ
2800 4735 3044 4805 πολιτεία
3066 4731 3198 4802 τιμὴ
3223 4731 3318 4783 καὶ
3345 4727 3471 4790 δόξα
3491 4725 3794 4796 γενόμενοι,

2210 4802 2310 4910 τὴν
2329 4803 2444 4890 ⁸τοῦ
2495 4833 2694 4896 παντὸς
2735 4828 2976 4900 κεφαλὴν
3004 4826 3069 4878 δι’
3099 4823 3308 4878 ἑαυτῶν
3337 4819 3794 4910 στεφανώσωμεν,

2213 4907 2400 4998 ὥσπερ
2433 4943 2488 4977 τι
2533 4921 2814 4991 κειμήλιον
2861 4918 2955 4972 καὶ
3003 4916 3191 4985 κτῆμα
3232 4912 3310 4982 τῷ
3348 4909 3595 4980 Δεσπότῃ
3638 4907 3794 4998 γενόέ

2211 4991 2382 5092 μενοιξ
2417 5014 2644 5075 Οὐδενὸς
2672 5012 2779 5082 γὰρ
2810 5009 3006 5078 ἀτίμου
3038 5004 3394 5073 καταδέχεται
3424 5001 3626 5072 Κύριος
3655 4991 3796 5092 εἷναί

2205 5089 2264 5164 τε
2299 5109 2392 5162 καὶ
2421 5103 2675 5172 λέγεσθαι
2712 5103 2740 5154 ὀ
2763 5101 2860 5169 τῆς
2883 5099 3039 5165 δόξης
3071 5095 3291 5165 Κύριος.
3323 5092 3530 5146 Οὐκοῦν
3551 5092 3581 5143 ό
3615 5089 3796 5160 πάσης

2208 5198 2592 5272 ἀσχημοσύνης
2638 5211 2698 5247 τε
2745 5193 2840 5244 καὶ
2878 5188 3160 5258 βδελυρίας
3197 5185 3498 5257 ἀλλότριος,
3545 5181 3688 5236 κατά
3735 5196 3794 5234 τε

2207 5297 2298 5350 τὸν
2346 5291 2586 5364 κρυπτὸν
2634 5287 2726 5340 καὶ
2776 5285 3098 5353 φαινόμενον
3149 5277 3436 5348 ἄνθρωπον
3461 5315 3476 5338 ,
3529 5273 3791 5364 δεσπότην

2215 5363 2409 5444 ἑαυτοῦ
2457 5382 2688 5436 ποιεῖται
2734 5377 2826 5429 τὸν
2854 5375 3013 5443 δόξης
3062 5373 3156 5424 καὶ
3198 5371 3297 5422 οὐκ
3339 5367 3564 5436 ἀτιμίας
3592 5363 3792 5432 Κύριον

2214 5481 2345 5533 ὄντα
2391 5493 2452 5529 τε
2496 5473 2590 5527 καὶ
2635 5468 2943 5538 λεγόμενον.
3003 5465 3160 5517 Ἔστι
3211 5462 3305 5515 καὶ
3338 5459 3480 5532 ἀρχή
3506 5474 3520 5490 ο
3571 5453 3714 5526 ἀρχὴ
3738 5451 3794 5504 δὲ

2215 5569 2411 5632 παντὸς
2444 5566 2764 5636 πράγματος
2790 5559 2889 5612 οὐκ
2919 5555 3212 5626 ἀλλοτρίως
3253 5553 3391 5625 πρὸς
3417 5551 3484 5604 τά
3517 5547 3636 5620 μεθ’
3671 5549 3796 5600 ἐαυ-

2209 5662 2306 5732 τὴν
2341 5660 2472 5730 ἔχει.
2507 5659 2568 5711 Εἰ
2593 5655 2700 5726 γὰρ
2725 5651 2870 5722 ζωὴν
2895 5648 2994 5720 τὴν
3021 5646 3194 5719 ἀρχὴν
3224 5641 3363 5699 εἷναί
3395 5661 3478 5706 τις
3509 5641 3753 5709 ὁρίσαιτο
3776 5651 3791 5668 ⁸

602 5748 826 5844 δίιέῐοαη.
852 5767 945 5820 xx,
979 5758 1064 5812 17.
1143 5764 1187 5797 ⁸⁸
1217 5766 1357 5828 Psal.
1390 5793 1517 5844 Lvu'
1544 5777 1596 5830 4.
1679 5779 1724 5810 ⁸⁵
1749 5777 1910 5835 Hebr.
1957 5794 2017 5842 ll,
2051 5777 2101 5834 7.

2201 5779 2229 5810 ίδ
2259 5777 2450 5835 Matth,
2488 5791 2625 5840 xm,
2665 5770 2745 5824 12.
2824 5762 2866 5792 ⁵⁷
2895 5760 2937 5826 Π
2965 5761 3092 5818 Cor.
3122 5779 3190 5828 vt,
3230 5762 3312 5816 15.
3391 5761 3433 5789 ⁸⁸
3462 5757 3607 5812 Psal.
3639 5768 3793 5819 ιχιιι,

531 5817 584 5882 8,
619 5816 702 5879 ιθ.
