2053 3231
177 196 232 237 ’981

682 209 727 236 DE
756 210 937 238 l‘ERFECT.\
967 210 1165 238 CHRISTIANI
1195 212 1327 239 FOIlMA.

1770 212 1823 239 9.82

187 267 243 302 ζωὴ
271 267 382 297 παντως
409 267 455 293 καὶ
479 268 510 293 τὸ
531 268 598 302 μετὰ
622 267 671 303 τὴν
693 268 780 304 ἀρχὴν
808 268 884 296 ἔσται
906 268 979 295 νοού-

1035 273 1086 296 tam
1108 269 1274 304 principium
1297 268 1446 301 deﬁnierit,
1463 268 1518 296 vita
1541 268 1654 296 omnino
1667 273 1731 303 post
1745 269 1822 303 priu-

189 321 287 349 μενον·
314 314 362 339 καὶ
384 315 407 340 εί
430 313 488 348 φῶς
504 314 521 349 ἡ
539 313 619 349 ἁρχὴ,
648 314 706 348 φῶς
722 314 770 341 καὶ
790 314 820 340 τὸ
844 315 913 350 μετὰ
931 315 980 350 τὴν

187 359 274 395 ἀρχὴν
291 359 464 395 νοηθήσεται.
489 360 522 385 Τί
547 357 593 386 οὖν
608 359 653 385 διὰ
674 360 720 386 τοῦ
739 360 875 387 πιστεύειν
900 361 980 387 αὐτὸν

188 402 256 431 εἶναι
282 405 372 441 ἀρχὴν
397 405 599 440 ὠφελούμεθας
631 405 668 432 Τὸ
693 406 820 440 γενέσθαι
844 407 980 438 τοιούτους

187 451 272 488 ἡμᾶς,
283 452 343 478 οἵαν
358 450 428 478 εἶναι
441 452 491 487 τὴν
507 452 592 486 ἀρχὴν
604 451 681 487 ἡμῶν
696 452 926 487 πεπιστεύκαμεν.
942 453 980 479 Οὐ

187 496 242 532 γὰρ
253 497 366 528 σκότους
378 497 448 533 ἀρχὴ
462 498 492 524 τὸ
502 497 559 532 φῶς
571 497 734 532 ὀνομάζεται
748 507 754 513 ⁸
775 498 834 524 οὐδὲ
848 498 897 532 τῆς
910 498 981 533 ζωῆς

188 544 228 575 είς
242 544 331 579 ἀρχὴν
345 543 515 578 τεταγμένης
527 563 534 575 ,
556 543 601 570 τὸν
619 543 732 570 θάνατον
757 544 787 570 τὸ
806 545 915 579 συνεχὲς
932 545 980 579 τῆς

189 587 263 623 ζωῆς
279 588 440 623 ὲνοήσαμεν.
471 588 540 614 Ἀλλ’
565 589 588 614 εἰ
607 589 643 624 μή
666 597 708 620 τις
723 589 849 624 ὀμοφυῶς
868 589 935 623 πρὸς
951 590 981 615 τὸ

189 633 393 670 καθηγούμενον
407 634 474 669 ἔχοι,
487 634 520 660 δι’
535 634 669 666 ἀπαθείας
684 635 730 661 καὶ
745 635 846 670 ἀρετῆς
861 637 893 671 τῇ
909 636 979 671 ἀρχῇ

191 680 401 716 συναπτόμενος,
429 680 479 706 οὐκ
506 680 538 707 ἂν
561 680 665 713 γένοιτο
679 680 772 707 τούτου
793 681 880 716 ἀρχὴ.
893 682 910 716 ἡ
926 681 980 708 τῶν

190 725 275 753 ιντων
297 726 380 762 ἀρχή.
405 725 548 753 Σκοτεινοῦ
577 726 652 761 βίου,
679 727 693 752 ὁ
716 727 916 763 κοσμοκράτωρ
933 726 980 754 τοῦ

193 771 314 804 σκότους,
332 772 404 807 ἀρχή
417 781 424 788 ν
437 772 486 807 τῆς
503 772 691 807 θανατηφόρου
713 773 859 808 ἁμαρτίας,
880 774 894 799 ὁ
912 772 982 808 ἔχων

191 817 237 844 τοῦ
252 817 366 845 θανάτου
383 817 412 844 τὸ
428 818 538 852 κράτος.
563 817 619 843 Οὐκ
634 817 706 843 ἔστιν
721 816 766 844 οὖν
779 818 822 844 διὰ
842 818 981 854 μοχθηρᾶς

192 863 264 899 ζωῆς
279 863 332 890 ὑπὸ
346 864 396 900 τὴν
412 862 459 890 τοῦ
484 863 595 895 σκότους
618 863 704 899 ἀρχὴν
725 863 909 898 τεταγμένον,
932 864 981 898 τὴν

191 910 291 941 παντὸς
305 910 407 944 ἀγαθοῦ
419 910 506 945 ἀρχὴν
520 910 616 937 ἑαυτοῦ
632 908 701 936 εἶναι
714 909 803 942 λέγειν
817 910 903 945 ἀρχήν
913 918 919 924 -
933 910 982 945 τῆς

190 954 219 982 δὲ
233 955 318 989 αὐτῆς
331 953 422 990 ἔχεται
438 955 556 986 διανοίας
568 975 576 987 ,
601 956 658 986 τοῖς
674 955 743 990 πρὸς
759 955 788 981 τὸ
804 955 868 981 ἴδιον
882 955 983 989 ἀγαθὸν
998 956 1020 984 Β

190 1001 240 1033 τὰς
259 1001 333 1033 θείας
350 1002 440 1036 φωνὰς
455 1001 657 1036 ὲκλαμϐάνουσι
673 1021 681 1032 ,
706 1002 735 1027 τὸ
753 1002 799 1027 καὶ
816 1001 928 1036 βασιλέα
944 1002 983 1028 δι-

192 1047 336 1082 καιοσύνης
350 1055 379 1073 τε
393 1048 439 1074 καὶ
452 1048 562 1082 είρήνης
572 1048 652 1074 αὑτὸν
663 1047 852 1082 ὀνομάζεσθαι.
875 1046 905 1074 Ὀ
918 1047 982 1082 γὰρ,

192 1093 260 1121 κατὰ
274 1092 323 1128 τὴν
337 1092 510 1120 διδασκαλίαν
524 1094 573 1128 τῆς
590 1094 757 1128 προσευχῆς,
775 1094 861 1120 ἐλθεῖν
878 1094 919 1120 ἐπ’
934 1095 982 1120 αὐ-

191 1139 236 1165 τὴν
256 1139 307 1175 τὴν
331 1139 378 1165 τοῦ
403 1139 470 1165 Θεοῦ
495 1139 633 1174 βασιλείαν
654 1140 809 1174 εὐχόμενος,
833 1140 926 1175 μαθὼν
942 1140 983 1166 ὅτι

190 1185 362 1222 δικαιοσύνης
377 1195 406 1213 τε
421 1187 468 1213 καὶ
482 1187 591 1222 εἰρήνης
615 1188 672 1213 ἐστὶ
690 1187 816 1221 βασιλεὺς
830 1188 844 1213 ὁ
857 1187 983 1222 ἀληθινὸς

192 1231 338 1268 βασιλεὺς,
369 1232 536 1268 κατορθώσει
572 1233 680 1264 πάντως
714 1232 752 1268 τῷ
779 1234 836 1268 ἰδίῳ
860 1234 910 1269 βίῳ
934 1234 983 1268 τὴν

191 1278 360 1313 δικαιοσύνην
375 1287 404 1304 τε
422 1280 469 1305 καὶ
481 1280 602 1314 εἰρήνην,
625 1279 667 1305 ἵνα
683 1279 840 1315 βασιλεύσῃ,
858 1279 952 1311 αἰτῶν,
969 1281 983 1306 ὁ

191 1324 240 1359 τῆς
255 1324 428 1358 δικαιοσύνης
447 1324 573 1360 βασιλεὺς
597 1326 643 1351 καὶ
663 1326 712 1360 τῆς
733 1326 854 1361 εἰρήνης.
879 1326 983 1352 Οὐκοῦν

191 1371 306 1405 στρατὸς
324 1371 372 1406 μὲν
384 1372 484 1398 νοεῖται
502 1371 547 1396 τοῦ
563 1371 705 1405 βασιλέως,
723 1372 797 1397 πᾶσα
814 1372 897 1406 ἀρετή
913 1380 918 1386 ⁸
939 1371 984 1398 διὰ

190 1416 245 1454 γὰρ
268 1418 319 1454 τῆς
342 1417 514 1453 δικαιοσύνης
536 1426 566 1443 τε
593 1419 639 1444 καὶ
662 1418 774 1453 εἰρήνης
801 1418 890 1449 πάσας
905 1415 983 1452 οἶμαι

190 1461 244 1489 δεῖν
256 1461 306 1494 τὰς
319 1463 419 1498 ἀρετὰς
435 1464 505 1490 νοεῖν
519 1470 525 1477 '
543 1463 569 1489 εἴ
580 1471 621 1494 τις
637 1461 683 1489 οὖν
699 1463 916 1497 λειποτακτήσας
930 1463 984 1489 ἀπὸ

190 1509 240 1544 τῆς
255 1508 302 1535 τοῦ
319 1508 386 1535 θεοῦ
404 1509 533 1544 στρατιᾶς
545 1528 552 1540 ,
577 1510 609 1544 τῇ
625 1509 777 1544 παρατάξει
794 1509 848 1535 τῶν
865 1510 982 1544 ἀλλοφύ-

190 1553 244 1580 λῶν
269 1554 364 1581 ἑαυτὸν
391 1554 568 1588 καταλέξειε,
593 1554 638 1581 τοῦ
669 1555 780 1590 εὑρετου
810 1556 859 1590 τῆς
886 1555 983 1587 κακίας

191 1599 304 1635 ὁπλίτης
327 1600 486 1636 γενόμενος,
511 1601 557 1627 καὶ
583 1601 786 1636 ἀποδυσάμενος
809 1601 854 1627 τὸν
872 1601 983 1637 Θώρακα

191 1647 240 1682 τῆς
253 1647 434 1683 δικαιοσύνης,
453 1647 499 1674 καὶ
524 1649 614 1674 πᾶσαν
629 1647 678 1682 τὴν
705 1648 844 1683 εἰρηνικὴν
866 1657 982 1675 παντευ-

191 1692 253 1728 χίαν
266 1701 272 1708 ·
287 1691 346 1724 πῶς
361 1689 436 1724 οὗτος
452 1692 504 1719 ὑπὸ
520 1692 565 1718 τὸν
578 1691 688 1727 βασιλέα
702 1693 751 1726 τῆς
765 1693 874 1727 εἰρήνης
887 1693 984 1728 ταχθῆ-

192 1747 278 1771 σεται,
294 1738 424 1775 ῥίψασπις
438 1739 487 1774 τῆς
499 1739 627 1774 ἀληθείας
642 1737 786 1773 γενόμενος
799 1747 805 1770 ;
821 1740 904 1774 Δῆλον
919 1740 983 1775 γὰρ,

190 1785 232 1812 ὅτι
244 1784 276 1812 τὸ
292 1785 426 1820 ἐπίσημον
440 1785 521 1812 αὑτοῦ
545 1785 594 1820 τῆς
608 1785 741 1816 ὁπλίσεως
756 1785 836 1817 δείξει
850 1785 894 1811 τὸν
910 1786 985 1820 βασι-

191 1831 312 1864 λεύοντα,
330 1832 389 1858 ἀντὶ
402 1831 452 1866 τῆς
469 1831 755 1865 ἐνσκιογραφουμένης
773 1833 828 1862 τοῖς
841 1831 932 1863 ὅπλοις
947 1832 985 1857 εί-

193 1877 270 1910 κόνος
282 1878 312 1904 ὲν
328 1876 366 1912 τῷ
381 1878 534 1913 χαρακτῆρι
553 1877 599 1903 τοῦ
624 1877 681 1911 βίον
704 1877 834 1903 δεικνύων
856 1877 900 1903 τὸν
918 1877 985 1903 καθ-

191 1923 351 1959 ηγούμενον.
373 1925 416 1956 Ὡς
441 1924 575 1959 μακάριος
596 1925 710 1956 ἑκεῖιος,
733 1925 746 1950 ό
767 1925 818 1950 ὑπὸ
841 1925 890 1960 τὴν
910 1924 985 1951 θείαν

192 1969 357 2006 στρατηγίαν
379 1969 545 2005 τεταγμένος
558 1990 564 2001 ,
591 1970 637 1996 καὶ
664 1971 719 2001 τοῖς
741 1971 861 2005 τάγματι
882 1971 936 1998 τῶν
956 1973 986 1998 ὲν

193 2016 322 2052 μυριάσιν
335 2016 544 2051 ἀριθμουμὲνιιιν
557 2016 776 2052 κατειλεγμένος,
792 2017 839 2042 καὶ
855 2017 923 2052 μετὰ
936 2018 986 2053 τῆς

192 2061 289 2094 κακίας
303 2062 347 2089 διὰ
360 2062 414 2089 τῶν
429 2062 535 2097 ἀρετῶν
557 2062 733 2097 ὀπλιζόμενος
744 2083 750 2094 ,
769 2064 796 2090 αἳ
821 2063 869 2099 τὴν
895 2065 986 2091 εἰκόνα

192 2107 239 2135 τοῦ
251 2107 391 2144 βασιλέως,
404 2108 451 2134 τοῦ
463 2109 643 2144 ὲνδνσαμένον
655 2108 750 2139 αὑτὰς.
766 2109 984 2143 ὲνσημαίνονται.

192 2155 248 2183 Καὶ
258 2154 284 2182 τι
296 2156 347 2191 χρὴ
363 2156 517 2190 περαιτέρω
529 2155 574 2181 τὸν
590 2155 667 2189 λόγον
681 2155 823 2190 προάγειν,
837 2156 927 2187 πάσας
937 2156 986 2188 τὰς

193 2202 303 2236 φωνὰς,
327 2199 371 2233 αἷς
393 2202 424 2228 τὺ
447 2201 494 2227 τοῦ
520 2201 637 2236 Χριστοῦ
666 2201 872 2236 διερμηνεύεται
889 2201 985 2236 ὄνομα,

194 2247 355 2283 προτιθέντα
368 2248 400 2283 τῇ
415 2247 560 2282 ἀκολουθίᾳ
574 2248 622 2281 τῆς
646 2247 805 2280 ἐξετάσεως,
829 2247 862 2273 δι’
877 2244 913 2274 ὧν
929 2247 986 2274 ἐστι

1032 315 1136 350 cipium
1161 316 1339 351 intelligetur.
1367 314 1395 342 Si
1415 314 1460 341 lux
1475 319 1518 342 est
1539 315 1718 350 principium,
1745 318 1773 341 et
1792 322 1824 341 ea

1032 366 1094 397 post
1106 362 1271 397 principium
1293 362 1469 397 eogitahitur.
1488 361 1558 394 Quid
1572 361 1657 396 igitur
1671 369 1733 388 eum
1750 361 1824 395 prhi-

1032 409 1133 443 cipium
1154 416 1216 435 esse
1240 408 1384 435 credentes
1406 408 1601 442 assequimur?
1624 407 1651 434 id
1676 407 1823 438 nimirum,

1032 458 1062 481 ut
1091 455 1159 481 tales
1184 455 1284 485 simus,
1308 454 1389 488 quale
1414 453 1579 489 principium
1611 457 1733 479 nostrum
1764 459 1825 478 esse

1033 500 1210 527 credidimus.
1239 500 1332 534 Neque
1355 500 1428 527 enitn
1455 500 1627 527 tenebrarum
1658 499 1824 533 principium

1034 548 1078 574 Inx
1098 547 1215 579 dicitur;
1244 554 1345 581 neque,
1372 553 1434 572 cum
1457 546 1491 573 ad
1521 545 1687 580 principium
1710 544 1765 570 vita
1790 544 1826 571 sit

1033 594 1157 620 instituta
1182 597 1263 627 atque
1289 592 1404 624 directa,
1417 599 1481 619 eum
1497 591 1623 618 ordinem
1640 594 1667 617 ct
1684 590 1745 616 vitte
1761 597 1827 616 con-

1032 639 1212 666 tinuationem
1230 642 1346 665 mortem
1367 645 1427 665 esse
1448 637 1606 664 didicimus.
1630 636 1707 668 Quod
1723 636 1744 662 si
1763 636 1826 670 quis

1033 690 1138 713 natura!
1152 684 1334 713 similitudine
1346 692 1399 710 non
1419 686 1552 717 sequatur
1562 682 1741 717 principium,
1752 681 1826 715 quod

1032 731 1174 767 prweedit.
1201 731 1282 766 eique
1302 735 1364 765 apte
1385 729 1543 756 innocentia
1562 728 1718 761 virtuteque
1732 726 1826 753 colun—

1034 783 1109 811 reat,
1131 778 1192 814 ejus
1213 777 1379 813 principium
1404 783 1464 802 esse
1491 782 1545 801 non
1579 773 1678 808 poterit
1709 772 1754 798 ille
1779 771 1827 806 qui

1033 832 1125 852 rerum
1152 823 1320 858 principium
1347 825 1400 849 est.
1428 821 1560 848 Obscura:
1591 818 1828 851 tenebricosaeque

1033 871 1095 897 vita:
1119 870 1282 904 principium
1303 872 1346 895 est
1366 867 1460 894 mundi
1490 866 1570 893 istius
1592 873 1625 892 ac
1653 864 1828 891 tenebrarum

1033 916 1188 951 princeps;
1215 914 1349 942 mortiferi
1380 912 1485 948 peccati
1510 911 1676 946 principium
1704 913 1746 937 est
1771 909 1827 940 ille,

1035 961 1082 996 qui
1107 962 1205 988 mortis
1229 960 1312 987 habet
1330 962 1506 994 potestatem.
1527 957 1633 984 Idcirco
1657 964 1712 983 non
1738 959 1829 990 potest

1033 1016 1106 1041 eum,
1126 1008 1173 1041 qui
1200 1007 1336 1034 bonorum
1357 1005 1479 1032 omnium
1495 1003 1661 1038 principium
1680 1005 1733 1032 est,
1749 1001 1828 1036 prin-

1034 1054 1136 1089 cipium
1152 1061 1232 1080 suum
1247 1059 1310 1079 esse
1321 1051 1424 1081 dicere,
1441 1050 1488 1084 qui
1499 1049 1550 1076 sub
1565 1048 1741 1075 tenebrarum
1753 1047 1829 1081 prin—

1035 1100 1107 1134 cipio
1131 1099 1264 1133 ﬂagitiose
1289 1098 1371 1124 vitam
1396 1095 1532 1127 instituit;
1554 1095 1601 1130 qui
1624 1101 1706 1121 voces
1720 1093 1829 1120 divinas

1035 1147 1068 1173 ad
1085 1146 1221 1181 propriam
1236 1144 1381 1171 utilitatem
1398 1143 1549 1177 excipiunt,
1562 1142 1656 1168 eodem
1673 1141 1754 1167 modo
1770 1140 1829 1166 atti-

1035 1192 1088 1219 tnis
1108 1191 1269 1222 allicieniur,
1292 1197 1355 1216 cum
1380 1189 1496 1223 justitia:
1520 1187 1652 1222 pacisque
1667 1194 1756 1220 regem
1779 1193 1829 1212 no‘

1035 1238 1137 1265 minari
1152 1238 1303 1264 'Christum
1331 1236 1495 1269 intelligent.
1512 1234 1621 1260 Etenim
1646 1233 1694 1268 qui
1719 1240 1750 1259 ex
1769 1240 1830 1266 pre-

1035 1285 1116 1312 candi
1140 1284 1288 1318 disciplina
1310 1283 1451 1312 obsecrat,
1476 1285 1504 1308 ut
1535 1283 1561 1307 in
1585 1280 1707 1314 seipsum
1738 1278 1830 1305 veniat

1035 1337 1150 1365 regnum
1170 1328 1291 1358 Domini,
1311 1335 1373 1354 eum
1395 1334 1457 1353 eum
1472 1326 1518 1361 qui
1536 1333 1599 1352 vere
1615 1329 1657 1352 est
1674 1331 1733 1353 rex,
1746 1322 1830 1356 justi-

1036 1377 1081 1403 tize
1107 1380 1134 1402 et
1168 1375 1245 1410 pacis
1274 1381 1367 1408 regem
1395 1380 1457 1399 esse
1489 1370 1670 1406 cognoverit,
1695 1368 1828 1404 justitiam

1037 1429 1150 1458 prorsus
1175 1425 1202 1448 et
1228 1428 1322 1455 pacem
1350 1419 1377 1446 in
1403 1418 1515 1453 propria
1540 1418 1596 1444 vita
1619 1417 1829 1450 complectetur,

1035 1472 1065 1495 ut
1083 1467 1109 1494 in
1128 1475 1157 1494 se
1170 1474 1216 1494 rex
1231 1465 1346 1501 justitire
1363 1469 1389 1491 et
1404 1464 1477 1498 pacis
1491 1466 1595 1496 regnet.
1612 1462 1689 1494 Quod
1708 1461 1730 1488 si
1746 1461 1829 1494 hujus

1035 1514 1107 1548 regis
1127 1512 1277 1540 exercitum
1300 1510 1417 1537 virtutes
1442 1509 1546 1535 faciunt
1571 1508 1656 1542 (nam
1675 1506 1781 1541 justitia
1804 1509 1831 1532 et

1035 1567 1103 1593 pace
1126 1559 1244 1584 arbitror
1268 1557 1383 1583 virtutes
1405 1562 1501 1582 omnes
1527 1554 1679 1588 intelligi).
1707 1552 1753 1586 qui
1783 1551 1830 1578 Dei

1037 1604 1159 1631 militiam
1181 1603 1312 1630 deserens
1340 1610 1369 1629 se
1392 1605 1522 1635 tauquam
1548 1599 1659 1625 malitia:
1680 1597 1830 1624 iuventoris

1036 1651 1164 1681 militem,
1181 1649 1288 1682 ahjeeto
1299 1648 1414 1682 justitize
1430 1647 1542 1673 thorace
1558 1650 1585 1672 et
1599 1645 1674 1671 omni
1692 1648 1831 1670 armatura

1035 1696 1166 1732 paciﬁca.
1192 1696 1218 1722 in
1245 1694 1303 1721 acie
1326 1693 1548 1720 adversariorum
1574 1691 1740 1722 constituet,
1764 1698 1831 1725 quo-

1035 1742 1117 1769 modo
1139 1742 1183 1768 hic
1199 1749 1213 1767 a
1232 1741 1349 1767 veritate
1373 1739 1481 1765 alienus
1498 1737 1549 1764 sub
1570 1736 1686 1771 justitia:
1702 1743 1765 1770 rege
1778 1736 1831 1762 col-

1036 1788 1171 1815 locabilur
1184 1787 1195 1813 ?
1207 1786 1273 1820 Ejus
1285 1787 1356 1812 enim
1372 1789 1520 1811 armaturae
1532 1782 1639 1817 insigne
1650 1782 1729 1815 plane
1740 1788 1830 1815 regem

1036 1834 1123 1868 ipsius
1148 1832 1295 1863 indicabif,
1322 1831 1422 1865 quippe
1443 1829 1489 1864 qui
1510 1827 1618 1855 vivendi
1645 1822 1757 1853 ratione
1771 1830 1831 1852 tan-

1036 1886 1117 1914 quam
1148 1879 1280 1912 impressa
1311 1877 1395 1903 armis
1426 1875 1544 1908 imagine
1571 1873 1668 1900 ducem
1701 1871 1830 1898 ostendat

1036 1933 1125 1953 suum.
1152 1924 1241 1957 Quare
1269 1923 1364 1949 beatus
1391 1921 1446 1952 ille,
1475 1920 1521 1955 qui
1552 1920 1578 1946 iu
1609 1919 1701 1946 divina
1733 1918 1831 1944 militia

1036 1970 1202 1997 constitutus
1220 1973 1270 1999 est,
1284 1972 1310 1994 et
1334 1966 1477 1993 ordinibus
1492 1972 1587 1991 eorum
1601 1963 1646 1997 qui
1664 1963 1690 1988 in
1708 1962 1831 1988 millibus

1038 2009 1154 2042 millium
1168 2017 1349 2041 numerantur
1363 2011 1519 2045 adscriptus
1539 2010 1572 2041 “,
1590 2011 1685 2035 contra
1699 2007 1830 2033 malitiam

1037 2061 1186 2087 virtutibus
1210 2063 1344 2089 armatur,
1365 2065 1426 2092 qum
1447 2057 1474 2083 in
1490 2063 1522 2082 eo
1546 2055 1593 2089 qui
1611 2055 1685 2088 ipsas
1710 2052 1832 2079 induerit

1037 2107 1184 2142 imaginem
1206 2106 1279 2139 regis
1302 2105 1505 2131 demonstrant.
1522 2100 1669 2130 Caeterum,
1693 2097 1759 2133 quid
1790 2100 1832 2124 est

1037 2159 1152 2180 necesse
1178 2155 1207 2177 ut
1235 2157 1282 2177 eas
1307 2155 1400 2178 voces,
1426 2146 1527 2181 quibus
1547 2143 1650 2171 Christi
1670 2149 1768 2169 nomen
1784 2148 1831 2167 ex-

1039 2199 1157 2234 plicatur
1176 2201 1204 2223 et
1232 2196 1265 2222 ad
1284 2197 1387 2222 rectam
1403 2200 1435 2220 ex
1453 2193 1555 2218 virtute
1568 2188 1675 2217 vivendi
1698 2188 1831 2214 rationem

1038 2244 1206 2280 pervenitur,
1233 2249 1296 2268 cum
1323 2248 1353 2267 ea
1381 2238 1500 2265 nominis
1529 2236 1637 2271 propria
1663 2235 1698 2262 sit
1722 2234 1775 2265 vis,
1803 2236 1832 2258 ut

273 2293 319 2320 τὸν
335 2294 394 2320 κατ’
410 2293 511 2328 ἀρετὴν
526 2292 580 2327 βίον
594 2293 770 2328 ἁὸηγηοῆναι,
794 2294 908 2319 ἑκάστου
927 2294 984 2320 6νὸ-

1040 2291 1120 2319 uobis
1135 2289 1249 2317 omnino
1269 2287 1301 2314 ad
1319 2287 1381 2313 vitte
1398 2284 1594 2320 perfectionem
1607 2282 1755 2313 conducat,
1770 2287 1833 2314 pro-

195 2348 290 2376 ματος.
303 2339 356 2366 ιδιὰ
370 2339 420 2374 τῆς
444 2339 547 2369 οἰκείας
562 2340 718 2374 ἐμφάσεως,
744 2340 937 2374 συνεργοῦντος
959 2349 986 2366 τι

194 2385 301 2417 πάντως
324 2386 389 2421 ἡμῖν
414 2385 483 2421 πρὸς
507 2385 556 2421 τὴν
579 2387 626 2412 τοῦ
653 2386 710 2420 βίον
736 2387 893 2420 τελείωσιν;
919 2388 987 2414 ἀλλὰ

193 2430 285 2462 καλῶς
300 2431 371 2466 ἔχειν
388 2431 459 2466 φημὶ
474 2431 523 2465 τὴν
541 2431 595 2457 τῶν
620 2440 671 2467 μνη
677 2432 861 2466 μονευϋέντων
886 2435 985 2460 ἀνακε-

194 2476 399 2512 φαλαιώσασθαι
426 2477 555 2512 μνήμην
583 2476 653 2503 ὥστε
678 2479 739 2505 τινα
763 2479 890 2512 γενέσθαι
910 2488 985 2515 χειρ-

194 2522 317 2558 αγωγίαν
328 2523 392 2558 ἡμῖν
404 2523 472 2558 πρὸς
483 2523 527 2549 τὸν
541 2523 588 2549 τοῦ
601 2523 680 2566 λογου
693 2525 803 2556 σκοπὸν,
821 2525 849 2551 ὃν
859 2526 888 2557 ἐξ
899 2526 985 2561 ἀρχῆς

195 2569 350 2604 ὑπεθέμεθα
365 2578 372 2586 ’
390 2569 551 2605 ζητοῦντες.
577 2569 635 2601 πῶς
658 2570 691 2597 ἄν
714 2579 757 2602 τις
779 2571 809 2597 τὸ
831 2571 933 2598 τέλειον
958 2573 986 2598 εν

195 2615 286 2651 ἑαυτῷ
301 2614 507 2651 κατορθώσειεν.
536 2613 620 2649 Οἶμαι
637 2615 700 2651 γὰρ,
724 2617 747 2642 εὶ
764 2617 806 2643 ἀεὶ
820 2617 898 2643 τοῦτο
912 2617 986 2651 ὶογῐ-

196 2661 279 2695 ξατο,
294 2661 335 2688 ὅτι
351 2662 478 2694 κοινωνός
492 2663 550 2688 ἐστι
573 2661 618 2688 τοῦ
635 2663 870 2697 προσκυνουμένου
886 2663 985 2698 ὀνόμα-

195 2715 251 2740 τος,
269 2706 339 2734 κατὰ
355 2707 386 2733 τὺ
399 2706 487 2742 δόγμα
500 2707 554 2733 τῶν
567 2707 724 2733 ἀποστόλων
740 2708 903 2742 Χριστιανὸς
917 2717 986 2743 χρη-

197 2752 328 2788 ματίζων,
346 2752 503 2787 ἀναγκαίως
517 2753 565 2779 καὶ
579 2753 633 2779 τῶν
647 2752 734 2779 ἄλλων
749 2752 899 2787 ὀνομάτων,
915 2751 956 2785 οἷς
972 2753 986 2779 ὁ

195 2799 314 2835 Χριστὸς
328 2800 439 2828 νοεῖται.
458 2799 507 2826 καὶ
518 2799 562 2833 ἐφ’
575 2799 672 2826 ἑαυτοῦ
693 2798 778 2831 δεῖξαι
794 2799 843 2834 τὴν
859 2799 985 2835 δύναμιν,

196 2844 323 2876 κοινωνὸς
337 2844 455 2879 ἑκάστης
469 2844 591 2879 κλήσεως
603 2844 646 2872 διὰ
660 2845 706 2871 τοῦ
724 2845 781 2879 βίου
798 2845 948 2879 γινόμενος.

1039 2341 1183 2373 ponentes,
1211 2340 1293 2369 atque
1318 2332 1415 2358 ordine
1435 2330 1619 2360 declarat-tes,
1646 2327 1753 2362 longius
1770 2332 1833 2359 pro-

1037 2370 1215 2418 j‘grediamur?
1242 2386 1304 2406 cum
1322 2377 1391 2405 satis
1408 2383 1467 2403 mea
1492 2374 1604 2410 quidem
1635 2371 1770 2400 sententia
1784 2370 1831 2401 sit,

1038 2430 1061 2457 si
1084 2437 1125 2460 ea,
1151 2435 1212 2462 qua:
1238 2423 1527 2453 commemoravimus.
1551 2418 1684 2447 memoria
1713 2416 1832 2443 breviter

1038 2479 1193 2511 repetentes
1213 2473 1239 2499 in
1257 2477 1394 2499 summam
1413 2467 1587 2502 redigamus,
1609 2471 1670 2499 quae
1695 2461 1775 2489 nobis
1798 2460 1832 2487 ad

1038 2505 1100 2550 enin
1125 2520 1206 2547 ﬁnem
1222 2523 1352 2552 tanquam
1369 2515 1423 2542 dux
1441 2512 1566 2542 exsistat,
1591 2516 1672 2544 quem
1697 2505 1832 2534 orationis

1035 2567 1114 2595 initio
1136 2563 1340 2600 proposuimus,
1361 2567 1423 2587 cum
1446 2559 1494 2585 abs
1520 2561 1546 2584 te
1570 2556 1749 2590 quaereretur,
1763 2559 1832 2586 quo-

1036 2613 1118 2640 modo
1138 2599 1200 2646 quis
1219 2610 1246 2636 in
1264 2608 1356 2643 seipso
1372 2604 1525 2640 perfectum
1546 2599 1655 2628 vivendi
1675 2605 1763 2634 genus
1783 2605 1829 2625 as-

1037 2659 1114 2693 sequi
1140 2644 1244 2692 posset.
1271 2654 1300 2681 Si
1319 2650 1477 2687 quisenim
1500 2646 1612 2675 assidue
1637 2644 1784 2672 meditetur
1804 2647 1831 2670 et

1037 2691 1149 2741 cogitet,
1175 2711 1205 2731 se
1236 2699 1369 2728 adorandi
1402 2695 1523 2724 nominis
1556 2701 1618 2720 esse
1651 2691 1830 2727 participem,

1041 2737 1115 2781 cthx
1131 2749 1319 2786 apostolorum
1342 2743 1468 2772 instituto
1483 2740 1672 2768 Christianum
1688 2737 1754 2770 dici,
1768 2743 1831 2764 eum

1040 2806 1090 2834 ego
1108 2783 1279 2831 sin-gittarum
1297 2792 1360 2819 vitae
1386 2787 1600 2825 appellationum
1617 2789 1770 2820 compotem
1789 2783 1831 2809 fa-

1040 2829 1125 2875 cium,
1143 2829 1300 2869 necessario
1312 2837 1395 2866 etiam
1419 2834 1537 2862 aliorum
1558 2832 1713 2863 nominum,
1731 2829 1831 2866 quibus

197 2892 324 2921 Christus
339 2895 523 2927 nuncupatur,
542 2892 662 2921 arbitror
676 2894 703 2920 in
724 2902 752 2921 se
773 2894 831 2928 ipso
849 2897 1024 2922 ostensurum
1046 2899 1106 2920 csse
1122 2890 1297 2926 potestatem-

242 2951 267 2970 ⁸³
279 2951 364 2988 Apoc.
378 2959 426 2987 vn,
441 2951 455 2979 li
472 2959 532 2987 sqq.
