4106 6508
423 409 533 466 2'55

1707 413 1765 468 S.
1796 405 2118 467 GREGORII
2160 407 2454 465 NYSSENI

3581 394 3691 453 931

497 519 654 587 Quod
693 529 870 577 autem
902 520 1046 588 dico,
1074 521 1155 579 sic
1185 523 1296 581 fere
1327 525 1493 583 habet
1521 545 1534 582 :
1569 525 1698 581 Tria
1731 534 1856 583 sunt
1882 540 2006 597 quae

2176 521 2304 580 Οίὸν
2332 522 2544 590 τιλέγω
2567 535 2582 552 ο
2621 516 2762 589 Τρία
2783 514 2850 570 τὰ
2881 511 3392 586 χαρακτηριζόμενα
3423 507 3516 562 τοῦ
3549 509 3702 580 Χρι-

427 608 728 664 Christiani
755 610 919 664 vitam
945 611 1228 668 declarant
1254 624 1418 685 atque
1445 617 1811 686 distinguunt,
1838 615 2002 679 actio,

428 713 634 762 sermo,
662 701 948 768 cogitatio.
993 703 1072 757 Ex
1101 704 1188 760 his
1237 706 1444 776 primas
1468 707 1678 762 obtinet
1712 707 2002 776 cogitatio;

429 791 674 845 secundo
727 794 849 848 loco
905 794 1129 864 ponitur
1179 810 1380 864 sermo,
1439 799 1532 868 qui
1575 807 1898 866 conceptam
1951 803 2008 852 et

428 881 756 952 impressam
807 885 994 940 animo
1042 888 1431 956 cogitationem
1484 889 1670 944 verbis
1729 890 1904 958 aperit
1954 895 2008 942 et

429 971 654 1041 exponit
681 990 694 1026 :
725 981 848 1044 post
888 976 1274 1045 cogitationem
1307 985 1360 1032 et
1403 992 1712 1034 sermonem
1745 978 1890 1032 actio
1917 991 2008 1032 or-

429 1061 557 1119 dine
575 1065 898 1132 collocatur,
930 1082 1054 1136 quae
1079 1068 1262 1122 animo
1287 1070 1522 1140 cogitata
1557 1068 1718 1126 factis
1751 1069 2007 1140 exsequi-

428 1160 540 1208 tur.
595 1153 652 1209 Si
700 1157 831 1226 qnid
885 1159 1076 1213 horum
1138 1161 1304 1230 igitur
1355 1176 1479 1225 nos,
1534 1170 1593 1216 ut
1647 1164 1725 1226 tit,
1788 1169 1883 1216 aut
1938 1161 2006 1216 ad

430 1244 722 1314 agendum,
771 1255 866 1300 aut
920 1247 987 1301 ad
1036 1249 1410 1320 cogitandum,
1446 1260 1540 1307 aut
1578 1253 1644 1308 ad
1679 1253 2008 1334 loquendum

431 1332 620 1400 ducit;
651 1350 790 1406 opus
815 1345 918 1401 est,
965 1349 1022 1392 ut
1051 1341 1230 1395 omnia
1297 1351 1486 1398 nostra
1536 1351 1651 1398 tum
1687 1343 1854 1410 dicta,
1889 1332 2006 1399 tum

431 1422 598 1487 facta,
651 1437 764 1480 tum
801 1429 1039 1499 cogitata
1083 1431 1152 1485 ad
1201 1431 1443 1488 divinam
1477 1451 1665 1489 earum
1700 1438 2008 1500 notionum,

430 1515 632 1584 quibus
668 1515 928 1574 Christus
972 1520 1310 1589 declaratur,
1351 1527 1592 1596 regulam
1642 1529 1725 1584 sic
1769 1529 2010 1599 dirigan-

431 1615 544 1668 tur.
575 1618 637 1663 ut
677 1610 812 1665 nihil
851 1613 1176 1684 cogitemus,
1209 1615 1348 1670 nihil
1380 1616 1648 1678 dicamus,
1675 1618 1811 1673 nihil
1843 1618 2006 1673 facia-

430 1713 576 1766 mus,
620 1700 766 1772 quod
801 1716 832 1755 a
864 1703 1084 1756 suhlimi
1125 1719 1312 1759 earum
1337 1707 1738 1777 signiﬁcatione
1767 1708 2006 1764 recedat.

433 1785 568 1842 Nam
628 1797 686 1844 nt
737 1791 1004 1862 quidquid
1052 1809 1162 1850 non
1199 1804 1284 1852 est
1325 1813 1390 1852 ex
1439 1798 1544 1853 ﬁde
1579 1798 1782 1855 Paulus
1817 1816 2011 1871 pecca-

2108 614 2327 672 στιανοῦ
2348 614 2438 668 τὸν
2469 612 2578 682 βίον
2611 609 2748 676 ἐστὶ,
2766 606 2984 679 πρᾶξις,
3005 605 3182 672 λόγος.
3202 601 3476 671 ἐνθύμιονι
3519 599 3695 670 Ἀρχὴ

2106 707 2216 780 γὰρ
2247 705 2455 775 γίνεται
2481 702 2638 772 λόγου
2657 699 2858 762 παντὸς
2884 700 2916 770 ἡ
2939 698 3146 752 διάνοια
3162 712 3175 726 ·
3199 691 3452 764 δεύτερον
3469 691 3526 745 δέ
3549 691 3697 762 μετὰ

2105 798 2205 869 τὴν
2235 795 2552 866 ἐνθύμησιν,
2591 795 2621 846 6
2651 791 2807 859 λόγος
2857 790 2994 852 ἐστὶ,
3039 787 3136 859 τὴν
3183 783 3588 838 ἐντυπωθεῖσαν
3621 785 3693 852 τῇ

2105 890 2250 960 ψυχῇ
2283 887 2520 943 διάνοιαν
2549 884 2638 938 διὰ
2679 883 2779 954 τῆς
2821 881 3010 950 φωνῆς
3057 875 3436 932 ἐκκαλύπτων.
3485 873 3696 946 Τρίτην

2107 981 2164 1035 δὲ
2186 979 2338 1044 τάξιν
2367 978 2551 1048 ἐπέχει
2585 973 2723 1048 μετά
2746 975 2838 1028 τὸν
2870 972 2994 1028 νοῦν
3041 970 3134 1024 καὶ
3167 969 3258 1022 τὸν
3288 969 3444 1037 λόγον
3475 969 3505 1038 ἡ
3548 967 3698 1036 πρᾶ-

2110 1071 2210 1136 ξις,
2240 1068 2302 1122 τὸ
2340 1067 2527 1137 νοηθὲν
2567 1068 2646 1129 εἰς
2692 1063 2972 1134 ἐνέργειαν
3002 1061 3230 1129 ἄγουσα.
3281 1055 3511 1119 Οὐκοῦν,
3560 1055 3698 1107 ὅταν

2109 1165 2188 1228 είς
2215 1180 2269 1216 τι
2295 1161 2497 1215 τούτων
2514 1160 2662 1229 ἡμᾶς
2684 1155 2991 1218 ἀκολούθως
3018 1153 3096 1224 τῷ
3124 1152 3224 1223 βίῳ
3247 1148 3691 1222 προσαγάγηται,

2109 1252 2290 1316 καλῶς
2323 1250 2433 1322 ἔχει
2464 1249 2660 1312 παντὸς
2693 1247 2786 1302 καὶ
2825 1247 2984 1316 λόγου
3014 1245 3108 1298 καὶ
3132 1243 3294 1314 ἔργου
3328 1242 3424 1294 καὶ
3457 1239 3699 1309 ἐνθυμή-

2113 1359 2283 1415 ματος
2313 1341 2381 1394 τὰ
2404 1341 2523 1395 θεῖα
2545 1338 2716 1393 ταῦτα
2738 1337 3004 1408 νοήματα,
3033 1334 3099 1388 δι’
3129 1327 3202 1388 ὧν
3221 1335 3249 1386 6
3271 1331 3474 1403 Κύριος
3491 1331 3694 1384 νοεῖται

2109 1435 2202 1490 καὶ
2231 1431 2577 1504 ὀνομάζεται,
2606 1431 2674 1484 δι’
2702 1427 2987 1499 ἅκριῧείας
3016 1422 3452 1485 ἐπισκοπεῖσθαι,
3482 1425 3554 1494 μὴ
3587 1419 3696 1487 ἔξω

2110 1527 2208 1596 τῆς
2235 1525 2518 1595 δυνάμεως
2554 1522 2662 1576 τῶν
2699 1520 2916 1590 ὑψηλῶν
2947 1518 3172 1572 ἐκείνων
3204 1515 3484 1586 ὀνομάτων
3522 1513 3697 1584 φέρη-

2109 1635 2198 1671 ται
2245 1617 2404 1688 ήμῶν
2434 1615 2467 1686 ἣ
2506 1615 2567 1668 τὸ
2595 1613 2772 1684 ἔργον,
2809 1612 2842 1682 ἢ
2877 1613 2904 1664 ὁ
2933 1605 3116 1693 λόγος,
3153 1609 3186 1680 ἣ
3222 1608 3283 1661 τὸ
3315 1605 3586 1677 ἐνθύμιον.
3607 1605 3696 1666 Ὠς

2111 1708 2220 1780 γὰρ
2244 1711 2272 1762 6
2297 1707 2506 1770 Παῦλος
2531 1722 2714 1775 φησιν,
2745 1705 2825 1757 ὅτι
2852 1704 2979 1764 πᾶν,
3002 1701 3029 1754 ὃ
3053 1701 3124 1772 μὴ
3161 1700 3225 1753 ἐκ
3247 1699 3502 1762 πίστεως.
3523 1698 3700 1766 ἁμαρ-

2110 1801 2201 1854 τία
2226 1798 2392 1853 ἐστίν⁹
2436 1797 2609 1860 οὕτως
2654 1795 2802 1847 ἔστιν
2852 1795 2916 1846 ἐκ
2955 1789 3050 1844 τού
3088 1787 3384 1844 ἀκολούθου
3421 1787 3699 1856 νοήσαντα

431 1885 550 1933 tum
605 1879 823 1947 dicit",
859 1883 934 1937 ita
965 1901 1066 1942 nos
1103 1885 1290 1941 eodem
1323 1887 1486 1942 modo
1517 1889 1821 1960 cogitantes
1851 1891 2010 1960 plane

2120 1891 2299 1961 σαφῶς
2352 1887 2756 1960 ἀποφήνασθαι,
2793 1885 2874 1939 ὅτι
2941 1884 3049 1938 πᾶν
3081 1881 3109 1934 6
3143 1880 3217 1952 μὴ
3265 1881 3344 1944 είς
3391 1877 3629 1948 Χριστὸν
3659 1875 3694 1946 ἢ
3757 1899 3766 1904 -

433 1982 732 2038 possumus
781 1971 1083 2039 amrmare,
1145 1991 1486 2047 quaecunque
1532 1993 1641 2034 non
1707 1980 2011 2050 respiciunt

431 2057 736 2126 Christum,
783 2077 878 2116 seu
926 2063 1112 2129 verba,
1165 2079 1262 2120 seu
1297 2081 1462 2137 opera
1501 2069 1632 2130 sint,
1670 2085 1766 2125 seu
1803 2071 2010 2142 cogita-

432 2150 638 2214 tiones,
693 2151 786 2206 illa
819 2154 1016 2208 .omnia
1055 2157 1121 2210 ad
1159 2155 1214 2210 id
1267 2159 1496 2214 omnino
1543 2152 1817 2230 spectare,
1863 2161 2012 2232 quod

431 2239 658 2296 Christo
697 2245 1038 2299 contrarium
1073 2257 1177 2302 est.
1208 2247 1312 2314 Qui
1353 2250 1498 2304 enim
1546 2261 1701 2306 extra
1731 2252 1909 2306 lucem
1958 2260 2014 2306 et

431 2331 598 2386 vitam
633 2341 741 2398 est,
764 2335 812 2391 is
833 2335 887 2390 in
921 2337 1165 2393 tenebris
1197 2355 1426 2408 prorsus
1453 2349 1506 2395 et
1545 2351 1723 2398 morte
1751 2358 1858 2397 non
1890 2357 2015 2398 esse

433 2438 546 2479 non
586 2433 789 2494 potest.
831 2429 1198 2494 Quamobrem
1247 2431 1318 2495 si,
1362 2433 1510 2501 quod
1553 2448 1618 2486 ex
1654 2434 1874 2489 Christo
1901 2450 2012 2488 non

435 2513 520 2576 fit,
563 2523 619 2570 et
647 2516 851 2570 dicitur
881 2526 935 2572 et
967 2520 1262 2588 cogitatur,
1295 2521 1394 2584 illi,
1419 2521 1565 2591 quod
1590 2531 1676 2577 est
1715 2524 1858 2578 bono
1885 2539 2016 2578 con-

433 2605 688 2669 trarium,
737 2606 1092 2676 conjunctum
1135 2617 1220 2664 est
1253 2628 1266 2665 :
1306 2626 1373 2666 ex
1407 2611 1510 2666 hoc
1567 2614 1742 2670 cuivis
1780 2612 2014 2669 manife-

437 2705 582 2750 stum
622 2695 809 2761 fuerit,
861 2698 912 2753 id
943 2699 1088 2769 quod
1117 2701 1244 2756 hinc
1269 2702 1568 2774 colligitur,
1612 2705 1844 2769 scilicet,
1872 2705 2016 2775 quod

435 2786 712 2857 relinquat
749 2788 1054 2854 Christum,
1096 2795 1188 2862 qui
1226 2794 1416 2850 abillo
1465 2795 1750 2865 scjnnctus
1792 2807 1880 2852 est
1922 2813 2019 2868 per

435 2893 559 2946 qua:
581 2881 664 2934 vel
685 2881 891 2950 cogitat
918 2883 1144 2953 aliquid,
1177 2886 1258 2940 vel
1281 2886 1410 2957 agit,
1435 2889 1519 2942 vel
1545 2889 1804 2958 loquitur.
1829 2888 2017 2944 Divina

438 2971 610 3040 igitur
644 2973 733 3025 illa
774 2971 1060 3043 Prophetm
1097 2978 1260 3032 verba
1296 2979 1577 3034 verissima
1610 2987 1736 3035 sunt
1775 2999 1788 3035 :
1827 2999 1846 3033 ι
1873 2981 2019 3037 Prte-

442 3061 756 3118 varicantes
785 3067 1052 3136 ,rcputavi
1108 3081 1300 3124 omnes
1350 3080 1667 3139 peccatores
1715 3075 1956 3128 terrae“.
1994 3091 2013 3125 ι

449 3148 520 3206 Ut
562 3153 707 3207 enim
739 3155 832 3223 qui
875 3155 1153 3212 Christum
1201 3159 1254 3212 in
1303 3163 1779 3229 persecutionibus
1827 3175 2016 3236 negat,

437 3244 611 3300 divini
662 3249 904 3304 nominis
969 3251 1358 3319 praevaricator
1405 3261 1530 3321 est;
1583 3257 1663 3311 sic
1724 3258 1912 3323 etiam,
1972 3261 2018 3315 si

437 3336 567 3404 quis
607 3339 915 3404 veritatem,
948 3348 1001 3395 et
1025 3340 1320 3410 justitiam,
1354 3353 1409 3398 ct
1449 3337 1819 3412 sanctitatem,
1854 3357 1908 3404 et
1939 3351 2022 3404 in-

441 3427 779 3496 tegritatem,
828 3439 884 3484 et
945 3431 990 3486 si
1049 3431 1180 3500 quid
1241 3433 1383 3488 aliud
1447 3437 1635 3488 virtuti
1689 3439 2022 3496 conveniens

439 3518 735 3588 cogitatur,
785 3531 968 3591 negat,
1001 3530 1053 3576 et
1084 3535 1194 3592 quo
1233 3532 1478 3594 tempore
1510 3536 1702 3581 contra
1734 3531 2023 3598 perturba-

439 3611 620 3667 tiones
663 3620 716 3667 et
751 3615 880 3668 vitia
928 3614 1143 3669 fortiter
1189 3619 1538 3686 pugnandum
1580 3630 1688 3688 est,
1725 3612 1850 3678 vitae
1887 3637 2024 3678 con—

443 3703 703 3758 stantiam
731 3703 944 3774 ahjicit,
984 3707 1032 3761 is
1063 3721 1092 3758 a
1119 3705 1387 3778 Propheta
1417 3713 1808 3780 praevaricator
1837 3717 2024 3786 appel-

443 3794 588 3849 latur
620 3815 635 3850 :
673 3797 728 3850 in
761 3797 847 3852 his
876 3800 1020 3853 enim
1059 3801 1296 3870 singulis
1339 3817 1368 3856 a
1405 3803 1650 3868 Christo,
1693 3805 1783 3874 qui
1815 3816 1900 3862 est
1932 3808 2022 3861 illa

445 3889 652 3954 omnia,
703 3891 816 3943 vita
865 3891 1095 3957 recedit,
1131 3903 1186 3947 et
1231 3897 1642 3963 praevaricatum
1676 3896 1815 3963 Quid
1863 3899 2026 3968 igitur

447 3978 595 4032 aliud
638 3994 764 4034 eum
807 3990 1018 4049 oportet
1066 3982 1266 4048 facere,
1315 3985 1407 4054 qui
1457 4001 1654 4056 magno
1691 3987 1895 4044 Christi
1927 4005 2024 4044 co-

443 4067 705 4140 gnomine
749 4069 950 4140 dignus
1001 4071 1228 4128 edoctus
1278 4083 1386 4136 est,
1437 4077 1541 4131 nisi
1589 4083 1648 4130 ut
1687 4080 1868 4134 omnia
1919 4095 2022 4135 sua

447 4171 562 4216 tum
589 4163 843 4232 cogitata.
864 4166 1164 4230 tumdicta.
1195 4175 1308 4222 tum
1342 4169 1484 4223 facta
1515 4169 1804 4239 diligenter
1836 4174 2026 4242 explo-

445 4257 551 4318 ret,
583 4260 660 4316 et,
696 4261 877 4308 utrum
905 4271 1095 4311 eorum
1119 4258 1333 4330 singula
1362 4259 1428 4314 ad
1463 4261 1744 4316 Christum
1776 4265 2024 4330 tendant,

421 4359 516 4422 .an
581 4345 652 4400 ab
695 4345 791 4401 illo
837 4348 951 4403 sint
997 4350 1196 4413 aliena,
1251 4350 1560 4421 dijudicet?
1607 4353 1791 4411 Multis
1845 4367 2026 4412 autem

446 4435 627 4491 modis
655 4436 714 4491 ﬁt
745 4439 858 4494 [nec
895 4442 1157 4510 praeclara
1191 4442 1536 4513 dijudicatio.
1577 4445 1851 4518 Quidquid
1881 4449 2026 4504 enim

2115 1986 2284 2058 ῥῆμα,
2319 1983 2352 2054 ἢ
2383 1981 2562 2054 ἔργον,
2597 1981 2630 2052 ἢ
2655 1979 2854 2051 νόημα,
2879 1978 2957 2040 είς
2981 1976 3043 2028 τὸ
3064 1973 3439 2042 ἀντικείμενον
3469 1968 3547 2039 τῷ
3563 1969 3701 2040 Χρι-

2114 2074 2223 2144 στῷ
2247 2074 2463 2137 πάντως
2500 2073 2621 2143 ὁρᾷ.
2646 2070 2722 2124 Οὐ
2756 2071 2865 2140 γὰρ
2891 2068 3007 2122 ἐστι
3027 2066 3120 2120 τὸν
3149 2063 3253 2130 ἔξω
3286 2060 3462 2132 φωτὸς
3489 2060 3522 2131 ἢ
3553 2058 3700 2128 ζωῆς

2112 2167 2421 2235 γενόμενον,
2451 2163 2526 2234 μὴ
2539 2165 2595 2214 ἐν
2619 2160 2800 2214 σκότει
2827 2158 3097 2226 πάντωςῆ
3129 2157 3187 2208 ἐν
3208 2153 3422 2222 θανάτῳ
3450 2147 3606 2204 εἶναι.
3633 2148 3700 2201 Et

2113 2258 2290 2312 τοίνυν
2307 2257 2366 2311 τὸ
2389 2256 2462 2326 μὴ
2483 2252 2625 2308 κατὰ
2641 2253 2873 2324 Χριστὸν
2901 2247 3286 2322 ἐνεργούμενόν
3307 2263 3365 2300 τε
3389 2245 3482 2299 καὶ
3503 2240 3701 2297 λαλούη

2119 2366 2300 2420 μενον,
2320 2348 2412 2400 καὶ
2431 2345 2740 2415 νοούμενον,
2772 2343 2906 2414 πρὸς
2922 2342 2982 2395 :6
3000 2341 3076 2411 τῷ
3106 2337 3294 2409 ἀγαθῷ
3326 2334 3702 2404 ἀντικείμενον

2115 2440 2328 2502 οἰκείως
2350 2438 2481 2508 ἔχει·
2504 2437 2662 2491 παντὶ¹
2679 2435 2835 2505 δῆλον
2854 2433 2918 2488 ἂν
2935 2433 3040 2504 εἴη,
3059 2431 3120 2484 τὸ
3137 2429 3226 2484 διὰ
3243 2427 3447 2482 τούτων
3467 2427 3702 2494 ἀναφαι-

2115 2533 2358 2602 νόμενον,
2393 2529 2472 2582 ὅτι
2501 2526 2794 2598 ἀφίησιτὺν
2814 2523 3067 2597 Χριστὸν.
3097 2523 3122 2574 6
3151 2521 3255 2586 ἔξω
3294 2517 3501 2572 ἐκείνου
3545 2513 3702 2584 γενό-

2121 2609 2298 2694 μενος,
2334 2621 2400 2674 δι’
2430 2614 2504 2674 ὧν
2545 2621 2579 2692 ἦ
2626 2617 2824 2671 νοεῖταί
2857 2634 2932 2680 τι,
2966 2615 3000 2687 ἢ
3029 2615 3279 2685 πράττει,
3310 2611 3342 2682 ἢ
3377 2610 3694 2678 φθέγγεται.

2119 2713 2324 2768 Οὐκοῦν
2351 2711 2604 2783 ἀληθεύει
2636 2709 2810 2782 ἠθεία
2835 2705 2929 2761 τοῦ
2961 2705 3242 2778 προφήτου
3273 2702 3445 2773 φωνὴ.
3467 2703 3501 2772 ἦ
3529 2717 3662 2771 φησι
3681 2716 3695 2728 ·

2127 2825 2145 2858 ι
2177 2803 2621 2875 Παραδαίνοντσς
2674 2797 3006 2868 ἐλογισάμην
3043 2796 3250 2858 πάντας
3276 2793 3400 2856 τοὺς
3440 2793 3700 2862 ἀμαρτω-

2119 2893 2243 2958 λοὺς
2269 2893 2368 2964 τῆς
2399 2892 2524 2962 γῆς.
2557 2910 2576 2943 ι
2629 2891 2716 2952 Ὠς
2767 2886 2876 2958 γὰρ
2904 2889 2933 2940 6
2958 2884 3049 2938 τὸν
3090 2883 3325 2956 Χριστὸν
3357 2882 3413 2934 ἐν
3441 2882 3550 2943 τοῖς
3577 2878 3703 2932 διω-

2119 2989 2279 3058 γμοῖς
2308 2983 2704 3056 ἀρνησάμενος,
2738 2977 3063 3051 παραϐάτης
3087 2975 3205 3028 ἐστὶ¹
3233 2971 3328 3062 τοῦ
3364 2987 3703 3062 προσκυνουο

2125 3077 2285 3147 μένου
2309 3075 2568 3146 ὀνόματος
2593 3089 2606 3104 ⁸
2637 3071 2780 3126 οὓτω
2806 3070 2900 3124 καὶ
2933 3069 2986 3122 εί
3022 3084 3108 3130 τις
3142 3060 3400 3136 ἀλήθειαν
3441 3062 3474 3134 ἥ
3508 3063 3610 3133 τὴν
3625 3060 3707 3114 δι-

2121 3167 2413 3236 καιοσύνην
2439 3165 2750 3238 ἀρνήσαιτο,
2781 3161 2816 3233 ἢ
2843 3160 2934 3214 τὸν
2979 3158 3250 3229 ἁγιασμόν
3276 3173 3336 3210 τε
3375 3155 3469 3208 καὶ
3493 3151 3708 3224 ἀφθαρ-

2125 3259 2266 3322 σίαν,
2309 3258 2344 3330 ἢ
2401 3257 2453 3310 εἴ
2494 3274 2546 3310 τι
2602 3254 2730 3310 ἄλλο
2755 3253 2863 3307 τῶν
2909 3253 3029 3306 κατ’
3065 3248 3264 3322 ἀρετὴν
3290 3245 3613 3318 νοουμένων,
3647 3245 3708 3298 ἐν

2121 3348 2297 3420 καιρῷ
2323 3349 2422 3419 τῆς
2443 3348 2550 3402 τῶν
2598 3344 2938 3416 παθημάτων
2972 3341 3406 3414 ἐπικρατήσεως,
3438 3335 3706 3392 ἀποΰάλοι

2121 3439 2215 3492 τοῦ
2251 3437 2388 3507 βίου,
2417 3454 2490 3490 πα
2501 3434 2739 3508 ραϐἀτης
2758 3432 3078 3505 ὀνομάζεται
3099 3429 3203 3484 ὑπὸ
3223 3433 3322 3499 τῆς
3345 3423 3705 3499 προφητείας·

2121 3531 2189 3584 δι’
2221 3529 2452 3584 ἑκάστου
2482 3527 2686 3582 τούτων
2732 3526 2824 3580 τὸν
2857 3523 3031 3579 ταῦτα
3069 3524 3198 3577 ὄντα
3240 3518 3596 3592 παραϐαίνων
3625 3513 3707 3584 τῷ

2125 3623 2244 3694 βίῳ.
2283 3622 2348 3674 Τί
2382 3617 2474 3676 οὖν
2504 3618 2610 3690 χρὴ
2634 3618 2892 3690 πράττειν
2925 3617 3016 3670 τὸν
3041 3617 3140 3686 τῆς
3174 3613 3415 3684 μεγάλης
3447 3609 3542 3664 τοῦ
3574 3608 3711 3678 Χρι-

2125 3713 2252 3769 στοῦ
2306 3711 2624 3782 ἐπωνυμίας
2655 3709 2984 3776 ἁξιωθέντα;
3026 3707 3078 3760 τί
3132 3705 3279 3769 ἄλλο,
3314 3704 3346 3775 ἢ
3387 3703 3474 3756 διὰ
3507 3701 3710 3764 παντὸς

2125 3806 2450 3876 φιλοκρινεῖν
2480 3805 2537 3857 ἐν
2565 3800 2740 3872 ἐαυτῷ
2768 3800 2835 3854 τὰ
2853 3801 2945 3872 νοή
2957 3798 3104 3870 ματά
3154 3814 3212 3851 τε
3241 3797 3336 3850 καὶ
3362 3795 3430 3848 τά
3463 3794 3705 3865 ῥήματα,

2125 3897 2218 3950 καὶ
2236 3897 2304 3950 τά
2333 3895 2490 3968 ἔργα,
2516 3896 2625 3948 εἴτε
2649 3893 2785 3966 1:96;
2818 3891 3053 3963 Χριστὸν
3079 3890 3310 3944 ἕκαστον
3349 3885 3555 3940 τούτων
3587 3884 3710 3956 βλέ-

2127 4005 2239 4049 πει,
2283 3989 2394 4042 εἴτε
2433 3985 2528 4040 τοῦ
2585 3985 2822 4058 Χριστοῦ
2869 3982 3260 4054 ἠλλοτρίωται;
3307 3979 3482 4048 Πολλὴ
3513 3977 3570 4031 δέ
3611 3977 3710 4045 τῆς

2125 4078 2448 4150 διακρίσεως
2473 4077 2580 4130 τῶν
2601 4075 2860 4130 τοιούτων
2881 4073 3028 4128 ἐστὶν
3055 4073 3088 4142 ἡ
3123 4069 3362 4166 εὐκολία.
3400 4070 3466 4121 Ὀ
3496 4065 3606 4138 γὰρ
3618 4065 3711 4166 διὰ

2127 4171 2332 4233 ’πάθους⁵
2361 4169 2505 4234 τινὸς
2537 4171 2858 4242 ἐνεργεῖται,
2958 4166 3180 4227 νοεῖται,
3221 4161 3255 4232 ἢ
3287 4160 3503 4228 λέγεται
3522 4198 3537 4222 ,
3557 4160 3712 4210 τοῦτο

2127 4261 2381 4334 οὐδεμίαν
2411 4262 2522 4333 ἔχει
2547 4261 2684 4332 πρὸς
2719 4259 2806 4314 τὸν
2827 4255 3060 4328 Χριστὸν
3092 4253 3430 4324 συμφωνίαν,
3461 4247 3598 4302 ἀλλά
3619 4247 3710 4300 τὸν

2127 4353 2451 4424 χαρακτῆρα
2477 4351 2568 4404 τοῦ
2601 4347 2980 4418 ἀντικειμένου
3007 4345 3181 4415 φέρει,
3213 4342 3270 4406 ὃς
3299 4341 3420 4396 ἀντὶ
3450 4337 3708 4412 βορϐόρου

2129 4445 2197 4498 τὰ
2231 4443 2376 4512 πάθη
2407 4440 2484 4514 τῷ
2511 4439 2824 4513 μαργαρίτῃ
2850 4439 2948 4508 τῆς
2968 4437 3146 4507 ψυχῆς
3173 4431 3574 4506 προσαλείφων,
3609 4428 3710 4497 τὴν

445 4527 862 4596 perturbatione
895 4531 1074 4600 aliqua
1115 4541 1208 4586 aut
1247 4535 1446 4604 agitur,
1489 4545 1581 4592 aut
1611 4540 1902 4608 COgitatur.
1933 4549 2017 4596 aut

2131 4534 2450 4606 λαμπηδόνα
2496 4530 2592 4585 τοῦ
2639 4530 2822 4600 τιμίου
2868 4527 3016 4580 λίθου
3063 4524 3490 4596 διαλυμαίνεται.
3541 4521 3616 4574 T6
3653 4519 3711 4572 δὲ

446 4616 674 4679 dicitur,
741 4615 794 4672 id
861 4633 984 4672 cum
1053 4621 1276 4677 Christo
1323 4617 1547 4678 minime
1597 4631 1873 4697 congruit,
1927 4630 2022 4684 sed

447 4704 750 4760 adversarii
804 4717 992 4762 notam
1033 4717 1088 4763 et
1129 4711 1420 4782 imaginem
1486 4716 1648 4785 gerit,
1702 4719 1797 4786 qui
1854 4721 2026 4774 animi

447 4797 758 4868 margaritre
796 4814 897 4869 pro
933 4813 1094 4854 coeno
1127 4804 1568 4872 perturbationes
1616 4808 1906 4872 admiscet,
1965 4820 2028 4866 ut

446 4889 676 4960 pretiosi
701 4891 896 4961 lapidis
917 4893 1263 4963 splendorem
1285 4895 1554 4953 deformet
1573 4914 1637 4954 ac
1653 4900 1851 4956 deleat.
1865 4902 2028 4969 Quod

447 4991 579 5036 vero
607 4979 678 5034 ab
717 4979 866 5035 omni
896 4981 1116 5036 turbida
1159 4982 1446 5040 aﬂectione
1485 4999 1716 5040 vacuum
1745 4995 1801 5042 et
1829 5003 2027 5058 purum

449 5079 558 5134 est,
595 5069 650 5125 id
697 5071 762 5125 ad
810 5073 1228 5143 tranquillitatis
1277 5083 1558 5131 auctorem
1617 5087 1670 5133 et
1723 5079 2024 5148 principem

452 5167 690 5230 Spectat,
741 5162 834 5231 qui
857 5161 1114 5218 Christus
1139 5171 1245 5226 est,
1273 5180 1338 5219 ex
1364 5162 1476 5236 quo
1501 5173 1759 5236 tanquam
1792 5184 1858 5223 ex
1889 5183 2028 5238 puro

453 5250 884 5321 incorruploque
910 5251 1078 5318 fonte,
1108 5254 1201 5322 qui
1231 5270 1362 5310 suas
1389 5255 1557 5310 animi
1581 5259 1836 5314 notiones
1863 5265 2030 5329 atque

453 5338 769 5396 altectiones
802 5343 986 5397 haurit
1025 5352 1082 5400 et
1112 5343 1344 5412 derivat,
1395 5348 1558 5401 talem
1599 5364 1722 5404 cum
1757 5350 2030 5420 principio

454 5436 618 5496 atque
645 5429 855 5498 origine
905 5431 1318 5489 similitudinem
1365 5452 1478 5506 prae
1525 5454 1584 5493 se
1615 5438 1774 5503 feret,
1815 5439 2030 5508 qualem

456 5517 668 5571 obtinet
709 5531 832 5572 cum
879 5520 1001 5588 ipso
1037 5521 1211 5587 fonte,
1251 5541 1373 5594 quae
1421 5527 1476 5582 in
1524 5529 1703 5584 rivulo
1763 5529 2030 5592 decurrit,

455 5617 688 5674 qusque
725 5603 781 5657 in
825 5608 1087 5674 amphora
1123 5615 1441 5682 resplendet
1484 5633 1653 5689 aqua.
1683 5617 1890 5674 Etenim
1921 5634 2028 5673 una

549 5772 598 5804 ⁷⁸
619 5769 777 5825 Rom.
819 5789 927 5827 xn‘.
972 5777 1058 5831 9'5.
1137 5783 1179 5812 '“
1211 5783 1353 5839 Psal.
1381 5807 1570 5850 cvm.
1601 5793 1718 5847 ΗΟ.

2133 4623 2434 4696 καθαρεῦον
2469 4621 2652 4690 πάσης
2681 4617 2962 4690 ἐμπαθοῦς
2995 4615 3310 4678 διαθέσεως,
3345 4611 3480 4682 πρὸς
3496 4610 3588 4663 τὸν
3609 4608 3710 4679 ἀρ-

2131 4716 2300 4787 χηγὸν
2339 4715 2438 4784 τῆς
2483 4711 2749 4774 ἀπαθείας
2793 4709 2997 4778 βλέπει,
3022 4708 3098 4782 ,ὃς
3136 4709 3282 4759 ἐστιν
3315 4707 3342 4758 6
3372 4702 3622 4774 Χριστὸς,
3653 4698 3712 4764 ἐξ

2131 4802 2213 4869 οὗ,
2241 4805 2492 4876 καθάπερ
2524 4806 2588 4858 ἐκ
2614 4803 2861 4873 καθαρᾶς
2885 4802 2977 4854 καὶ
3009 4798 3290 4870 ἀφράκτου
3317 4795 3520 4866 πηγῆς,
3551 4792 3712 4864 ἀρυό-

2139 4899 2297 4967 μενός
2311 4914 2394 4960 τις
2415 4897 2494 4959 είς
2524 4895 2712 4948 ἐαυτὸν
2734 4893 2802 4947 τὰ
2821 4893 3086 4964 νοήματα,
3110 4889 3362 4958 τοιαύτην
3386 4885 3561 4956 ἐαυτῷ
3579 4885 3713 4954 πρὸς

2092 5011 2099 5017 ·
2133 4988 2196 5042 τὸ
2229 4987 2577 5060 πρωτὸτυπον
2601 4984 2763 5050 δείξει
2808 4985 2908 5054 τὴν
2946 4982 3260 5054 ὁμοιότητα,
3296 4979 3384 5032 οἵα
3413 4978 3530 5030 ἐστὶ
3578 4976 3711 5046 πρὸς

2132 5081 2194 5133 τὸ
2241 5080 2381 5150 ὕδωρ
2428 5079 2506 5150 τῷ
2550 5077 2724 5143 ὕδατι,
2763 5075 2841 5148 τῷ
2883 5093 2944 5128 τε
2987 5073 3208 5144 πηγαίῳ
3235 5071 3314 5142 τῷ
3347 5069 3584 5142 βρύοντι,
3617 5066 3710 5120 καὶ

2131 5168 2210 5239 τῷ
2262 5167 2471 5221 ἐκεῖθεν
2515 5169 2572 5220 ἐν
2623 5165 2698 5236 τῷ
2749 5165 2990 5236 ἀμφορεῖ
3030 5160 3398 5231 γεγενημένῳ.
3445 5157 3563 5211 Μία
3606 5156 3712 5225 γὰρ

2130 5263 2197 5332 τῇ
2223 5259 2386 5328 φύσει
2421 5260 2454 5330 ἡ
2485 5257 2814 5329 καθαρότης,
2840 5256 2874 5326 ἦ
2914 5273 2972 5308 τε
3007 5255 3066 5307 ἐν
3094 5250 3318 5322 Χριστῷ
3347 5247 3440 5303 καὶ
3479 5250 3513 5319 ἡ
3547 5248 3604 5300 ἐν
3635 5245 3712 5316 τῷ

2137 5349 2414 5422 μετέχοντι
2463 5348 2832 5420 θεωρουμένη.
2875 5345 3014 5398 Ἀλλ’
3059 5345 3088 5397 6
3138 5342 3234 5412 μὲν
3280 5338 3552 5410 πηγάζει·
3592 5338 3622 5390 6
3657 5336 3712 5390 δὲ

2141 5439 2380 5511 μετέχων
2431 5439 2680 5511 ἀρύεται,
2726 5436 2976 5508 μετάγων
3028 5433 3120 5486 ἐπὶ
3144 5431 3234 5484 τδν
3276 5429 3389 5500 βίον
3426 5428 3486 5482 τὸ
3523 5427 3712 5489 ἐντοῖς
3772 5463 3780 5470 .

2137 5533 2373 5602 νοήμασι
2400 5531 2624 5595 κάλλοςο
2653 5529 2794 5584 ὥστε
2820 5525 3140 5597 συμφωνίαν
3181 5518 3318 5576 εἷναι
3345 5517 3440 5575 τοῦ
3471 5517 3712 5592 κρυπτοῦ

2133 5621 2423 5694 ἀνθρώπου
2461 5623 2598 5695 πρὸς
2639 5621 2730 5676 τὸν
2788 5618 3132 5691 φαινόμενον,
3171 5613 3576 5687 συμϐαινούσης
3617 5611 3713 5682 τῆς
