4106 6430
389 326 486 385 285
1455 334 1539 387 DE
1576 332 1939 387 PERFECTA
1972 333 2369 390 CHRESTMNI
2410 336 2665 392 FORMA.
3561 330 3663 387 286

393 442 477 495 τοῦ
503 438 616 510 βίου
641 443 1060 518 εὐσχημοσύνης
1078 449 1192 511 τοῖς
1222 445 1360 501 κατὰ
1380 449 1611 519 Χριστὸν
1639 446 1971 517 κινουμένοις

2083 456 2136 499 rt
2183 448 2371 502 eadem
2403 455 2508 511 est,
2554 463 2676 517 quae
2705 448 2759 500 in
2792 445 3034 510 Christo,
3063 452 3117 498 et
3153 458 3276 515 qua).
3302 448 3359 498 in
3390 445 3664 498 mentibus

392 534 640 603 νοήμασι.
2087 535 2293 589 nostris
2317 536 2655 605 conspicitur
2678 538 2911 606 puritas.
2936 536 3043 591 Sed
3068 536 3158 589 illa
3191 536 3245 588 in
3290 535 3437 589 fonte
3476 535 3663 589 nasci-

393 639 495 690 ινιτ,
531 629 643 681 haec
677 628 807 683 inde
848 638 1033 683 manat
1065 638 1119 685 et
1154 631 1206 685 in
1237 646 1336 687 nos
1364 631 1646 686 derivatur
1681 648 1694 683 :
1738 644 1857 682 eam
1899 628 2183 680 notionum
2237 627 2700 695 pulchritudinem
2753 629 2822 682 ad
2872 628 3037 681 vitam
3090 644 3275 683 secum
3318 628 3563 687 trahens,
3605 634 3658 679 ut

391 732 419 769 ο
445 718 695 773 ιςυοιιιιὶιί
745 719 1132 790 manifestique
1176 724 1415 778 hominis
1448 721 1831 777 convenientia
1870 726 1924 772 et
1963 725 2228 785 tauquam
2283 727 2589 775 concentus
2639 720 2861 790 quidam
2894 730 3172 790 appareat,
3216 736 3341 774 cum
3383 720 3505 774 vitae
3544 734 3663 772 mo-

389 813 617 864 destiam
650 819 704 863 et
731 811 1072 866 honestatem
1107 814 1357 870 notiones
1391 831 1457 868 ex
1498 814 1719 868 Christo
1761 808 2145 880 provenientes
2188 811 2545 865 moderentur
2582 818 2636 865 et
2682 817 2958 864 moveant.

459 902 631 955 Τοῦτο
682 905 863 958 τοίνυν
925 907 1068 970 ἐστὶ,
1124 909 1266 961 κατά
1328 925 1390 975 γε
1437 907 1534 979 τὴν
1587 908 1727 977 ἐμὴν
1765 906 1968 977 κρίσιν,

393 993 448 1046 :6
491 994 550 1047 ἐν
608 994 684 1065 τῷ
744 996 1055 1068 Χριστιανῷ
1102 997 1200 1070 βίῳ
1251 999 1482 1062 τέλειον,
1528 999 1556 1052 ὃ
1604 999 1824 1052 πάντων
1862 996 1970 1049 τῶν

393 1084 667 1153 ὀνομάτων
696 1087 774 1148 εἰς
819 1086 880 1137 τὸ
928 1086 1020 1139 τοῦ
1055 1088 1292 1157 Χριστοῦ
1324 1089 1739 1158 διασημαίνεται
1776 1087 1967 1155 ὄνομα,

392 1176 447 1227 τὸ
472 1175 760 1229 κοινωνίαν
785 1174 930 1245 ἔχειν
963 1178 1020 1229 ἐν
1049 1175 1193 1248 ψυχῇ
1231 1196 1291 1232 τε
1324 1181 1416 1232 καὶ
1450 1179 1612 1248 λόγῳ,
1643 1178 1739 1231 καὶ
1774 1179 1831 1230 ὲν
1857 1178 1969 1238 τοῖς

392 1266 481 1320 τοῦ
509 1267 627 1336 βίου
671 1268 1112 1338 ἐπιτηδεύμασιν,
1147 1268 1287 1322 ὥστε
1322 1271 1535 1338 ὁλοτελῆ
1562 1271 1652 1323 τὸν
1680 1268 1970 1337 ἁγιασμδν,

396 1357 533 1410 κατὰ
582 1357 680 1428 τὴν
730 1358 978 1425 εὐλογίαν
1007 1356 1100 1410 τοῦ
1146 1359 1380 1422 Παύλου,
1409 1361 1493 1427 ἐφ’
1516 1357 1731 1419 ἑαυτοῦ,
1763 1358 1819 1410 ὲν
1852 1355 1969 1408 ὁλο-

396 1448 580 1519 κλήρῳ
624 1448 703 1519 τῷ
732 1448 941 1519 σώματι
992 1448 1077 1502 (αἱ
1109 1452 1175 1520 τῇ
1214 1449 1358 1519 ψυχῇ
1415 1449 1510 1501 καὶ
1552 1447 1628 1517 τῷ
1676 1445 1969 1515 πνεύματι.

395 1541 497 1606 ἔξω
530 1541 627 1609 τῆς
644 1538 775 1611 πρὸς
802 1540 863 1593 τὸ
895 1540 1062 1593 κακὸν
1098 1541 1376 1609 ἐπιμιξίας
1405 1539 1666 1610 διηνεκῶς
1700 1538 1971 1609 φυλασσό-

358 1699 369 1707 θ
398 1649 571 1699 μενον.
600 1633 660 1685 Et
697 1631 754 1685 δέ
791 1649 873 1695 τις
924 1632 1071 1700 λέγοι
1095 1631 1536 1701 δυσκατόρθωτον
1575 1629 1734 1691 εἶναι,
1778 1630 1965 1701 ἐπειδὴ

396 1722 659 1793 ἄτρεπτος
677 1721 886 1793 μόνοςὸ
923 1723 1023 1793 τῆς
1055 1724 1286 1783 κτίσεως
1338 1722 1558 1793 Κύριος,
1595 1721 1801 1792 τρεπτὴ
1834 1721 1890 1774 δὲ
1930 1724 1962 1792 ἡ

397 1813 703 1886 ἀνθρωπίνη
726 1812 905 1884 φύσις,
930 1815 1024 1877 καὶ
1057 1815 1191 1885 πρὸς
1211 1814 1306 1877 τὰς
1331 1814 1629 1885 μεταϐολὰς
1648 1813 1967 1883 ἐπιτηδείως

2150 903 2208 956 In
2260 906 2362 960 hoc
2410 905 2578 974 igitur
2629 904 2774 973 (meo
2826 905 3047 974 quidem
3089 903 3325 974 judicio)
3382 903 3665 957 Christia—

2078 1009 2162 1047 nze
2217 995 2343 1049 vita:
2389 996 2653 1064 perfectio
2687 996 2790 1050 sita
2847 1004 2952 1057 est,
3020 1004 3081 1049 ut
3133 996 3418 1049 nominum
3455 994 3659 1062 quibus

2077 1083 2286 1140 Christi
2324 1101 2527 1141 nomen
2574 1086 2926 1157 significatur
2959 1087 3278 1156 participes,
3328 1099 3521 1139 eorum
3554 1084 3660 1138 vim

2076 1186 2132 1231 et
2156 1178 2365 1242 animo,
2394 1188 2450 1234 et
2471 1179 2744 1242 oratione,
2768 1188 2822 1232 et
2848 1178 3067 1233 vivendi
3095 1176 3365 1233 institutis
3385 1177 3664 1244 exprima-

2070 1285 2212 1332 mus,
2265 1278 2326 1324 ut
2378 1270 2685 1324 absolutam
2736 1269 2883 1321 illam
2934 1283 2964 1321 a
3006 1267 3174 1321 Paulo
3222 1264 3659 1321 commendatam

2070 1362 2420 1416 sanctitatem
2458 1361 2823 1430 suscipientes
2846 1361 2914 1425 τ’,
2939 1375 3040 1415 nos
3064 1360 3279 1427 integro
3320 1364 3375 1411 et
3404 1370 3658 1426 corpore,

2070 1459 2123 1505 ct
2153 1453 2361 1515 animo,
2392 1459 2449 1507 et
2480 1452 2678 1522 spiritu
2712 1452 2862 1505 nulla
2899 1451 3027 1507 mali
3059 1447 3419 1520 pe'rmistione
3464 1454 3660 1501 conta-

2071 1542 2310 1598 minatos
2352 1558 2767 1598 conservemus.
2805 1541 2959 1608 Quod
2995 1541 3040 1595 si
3083 1540 3209 1611 quis
3238 1539 3306 1593 ad
3355 1536 3654 1609 perfectam

2071 1635 2327 1689 virtutem
2362 1636 2763 1706 assequendam
2795 1633 3170 1688 difficillimam
3207 1645 3333 1686 esse
3355 1630 3522 1683 vitam
3557 1626 3658 1681 ob-

2066 1725 2245 1793 jieiat,
2278 1742 2402 1781 cum
2423 1742 2489 1782 ex
2518 1726 2667 1781 omni
2698 1734 2952 1781 creatura
2994 1725 3147 1779 solus
3192 1720 3557 1777 immutabilis
3584 1721 3658 1773 sit

2071 1815 2350 1884 Christus,
2389 1819 2713 1873 inconstans
2762 1823 2949 1871 autem
2994 1825 3191 1869 natura
3235 1816 3472 1867 humana
3502 1818 3557 1865 et
3590 1805 3658 1863 ad

397 1905 525 1973 ἔχει,
568 1906 686 1968 πῶς
715 1901 808 1959 οὖν
842 1907 955 1959 ἐστι
980 1906 1221 1968 δυνατὸν,
1252 1907 1312 1959 τὸ
1346 1909 1402 1960 ἐν
1439 1905 1515 1976 τῷ
1550 1905 1738 1976 ἀγαθῷ
1774 1904 1967 1972 πάγιόν

2076 1908 2410 1961 mutationes
2436 1906 2717 1976 proclivis,
2752 1904 2985 1973 ideoque
3021 1903 3138 1957 fieri
3167 1918 3277 1955 non
3304 1915 3483 1970 posse,
3513 1906 3572 1951 ut
3594 1898 3660 1953 ad

396 2008 451 2045 τε
480 1993 571 2045 καὶ
622 1995 1027 2065 ἀμετάτρεπτον
1077 1997 1134 2048 ἑν
1167 1999 1232 2065 τῇ
1295 1999 1502 2067 τρεπτῇ
1555 1996 1969 2067 κατορθωθῆναι

398 2080 574 2149 φύσει·
604 2082 739 2160 πρὸς
769 2084 947 2137 τοίνυν
978 2086 1070 2137 τὸν
1099 2086 1333 2140 τοιοῦτον
1357 2087 1529 2155 λόγον,
1563 2088 1737 2140 ἐκεῖνό
1768 2104 1969 2158 φαμεν,

395 2172 474 2224 ὅτι
529 2174 629 2225 οὐκ
682 2173 795 2227 ἐστι
835 2177 1242 2246 στεφανωθῆναί
1306 2196 1426 2231 τινα
1456 2179 1545 2230 τὸν
1599 2180 1672 2250 μὴ
1726 2179 1971 2249 νομίμως

396 2264 697 2335 ἀθλήσαντα
718 2281 734 2298 ο
760 2265 861 2319 οὐκ
891 2265 956 2320 ἂν
983 2266 1040 2320 δὲ
1073 2268 1283 2336 γένοιτο
1325 2270 1571 2340 νομίμως
1614 2270 1860 2340 ἄθλησις,
1895 2268 1969 2341 μὴ

394 2353 539 2415 δντος
554 2353 648 2406 τοῦ
679 2356 1155 2426 προσπαλαίοντος.
1187 2360 1248 2412 Εἰ
1286 2355 1376 2413 οὖν
1403 2360 1475 2430 μὴ
1496 2356 1562 2430 ἦν
1596 2362 1624 2412 6
1656 2360 1968 2423 ἀντίπαλος,

394 2445 579 2498 οὶδκὶν
609 2448 637 2498 6
674 2448 932 2515 στέφανος
965 2445 1032 2519 ἦν
1058 2465 1071 2479 °
1113 2453 1146 2520 ἡ
1192 2451 1317 2520 νίκη
1346 2450 1453 2522 γὰρ
1479 2450 1599 2504 καθ’
1645 2450 1842 2521 ἑαυτὴν
1870 2452 1971 2503 οὐκ

395 2534 556 2599 ἔστιν,
583 2537 677 2589 ἐὰν
713 2537 785 2609 μὴ
823 2534 929 2609 ᾖτὸ
958 2539 1286 2610 ἡττώμενον.
1319 2542 1525 2594 Οὐκοῦν
1563 2542 1694 2610 πρὸς
1741 2542 1870 2594 αὐτὸ
1903 2542 1965 2595 τὸ

395 2628 623 2696 στρεπτὸν
647 2629 745 2699 τῆς
796 2630 1009 2699 φύσεως
1044 2631 1199 2701 ἡμῶν
1253 2631 1668 2702 ἀγωνισώμεθα,
1700 2627 1810 2685 οἷόν
1866 2650 1969 2685 τινι.

392 2719 668 2788 ἀντιπάλῳ
714 2721 802 2773 διὰ
838 2720 948 2774 τῶν
986 2721 1261 2793 λογισμῶν
1296 2723 1752 2793 συμπλεκόμενοι,
1784 2723 1844 2776 οὐ
1882 2723 1970 2776 διὰ

392 2810 484 2864 τοῦ
514 2811 840 2868 καταϐαλεῖν
885 2813 1056 2886 αὐτὴν
1114 2816 1330 2878 νικηταὶ
1367 2815 1663 2883 γινόμενοι,
1711 2813 1845 2866 ἀλλὰ
1883 2814 1971 2866 διὰ

392 2902 484 2954 τοῦ
526 2901 599 2972 μὴ
628 2906 978 2975 συγχωρῆσαι
1009 2908 1213 2957 πεσεῖν.
1251 2906 1382 2958 Οὐδὲ
1410 2904 1518 2976 γὰρ
1551 2905 1708 2975 μόνον
1747 2905 1883 2975 πρὸς
1912 2904 1968 2956 τδ

394 2994 560 3046 κακὸν
584 2996 612 3045 6
640 2993 922 3064 ἄνθρωπος
944 2998 1010 3066 τῇ
1040 3000 1215 3068 τροπῇ
1255 2998 1451 3067 χρῆται
1500 2994 1554 3070 (ἧ
1584 2997 1692 3068 γὰρ
1728 2996 1794 3050 ἂν
1825 2996 1970 3065 ἀμή-

391 3102 552 3149 χανον
577 3081 644 3156 ἦν
682 3086 844 3139 αὐτὸν
877 3088 932 3139 ὲν
958 3087 1147 3156 ἀγαθῴ
1176 3088 1447 3156 γενέσθαι,
1471 3090 1520 3141 εί
1558 3089 1692 3160 πρὸς
1724 3088 1784 3141 τὸ
1820 3091 1969 3142 ἐναν-

392 3176 504 3229 τίον
531 3176 689 3245 μόνον
741 3177 839 3247 τὴν
883 3178 1053 3249 ῥοπὴν
1084 3174 1227 3250 εἶχεν
1257 3183 1322 3232 ἐκ
1349 3179 1583 3248 φύσεως)
1613 3197 1626 3210 ·
1653 3181 1768 3233 νυνὶ
1805 3179 1861 3232 δὲ
1908 3179 1971 3231 τὺ

2070 2013 2190 2053 eam
2221 1999 2631 2068 perveniamus,
2670 1998 2857 2067 ibique
2886 1997 3026 2051 firmi
3058 2004 3110 2049 et
3138 1993 3509 2048 immutabiles
3528 2005 3664 2044 con-

2072 2089 2359 2154 sistamus,
2407 2088 2537 2143 huic
2590 2087 3073 2157 respondebimus,
3140 2084 3399 2136 athletam
3452 2081 3659 2134 nullum

2069 2182 2345 2246 coronari,
2381 2181 2472 2251 qui
2504 2196 2611 2233 non
2630 2164 2886 2250 'Iegitime
2945 2175 3347 2241 certaverit";
3382 2183 3657 2227 certamen

2071 2290 2235 2345 porro
2262 2290 2371 2328 non
2396 2290 2518 2330 esse
2540 2272 2864 2342 legitimum,
2904 2271 2948 2325 si
2981 2268 3167 2322 nullus
3195 2280 3431 2335 quocum
3453 2277 3661 2333 pugnes

2070 2368 2217 2423 adsit
2244 2366 2618 2422 adversarius.
2650 2363 3019 2431 Quamobrem
3054 2362 3098 2417 si
3129 2357 3483 2414 adversarius
3551 2370 3660 2408 non

2071 2466 2406 2519 est,eorona
2457 2473 2566 2513 non
2609 2457 2753 2522 erit;
2798 2454 3031 2508 victoria
3083 2453 3251 2513 enim,
3303 2449 3409 2503 nisi
3457 2445 3662 2516 aliquid

2072 2554 2275 2604 victum
2305 2553 2398 2613 sit,
2431 2565 2555 2605 esse
2585 2564 2691 2602 non
2724 2554 2926 2617 potest.
2980 2544 3114 2599 Cum
3161 2543 3256 2596 illo
3288 2541 3475 2611 igitur,
3513 2536 3658 2607 quod

2071 2642 2126 2694 in
2162 2651 2356 2695 natura
2387 2648 2578 2694 nostra
2601 2638 2861 2692 mutabile
2883 2644 2988 2699 est,
3018 2642 3281 2702 tanquam
3313 2646 3435 2685 eum
3460 2629 3660 2682 adver~

2072 2732 2220 2786 sario
2247 2746 2312 2785 ea
2348 2712 2560 2786 ratione
2598 2729 2896 2799 compositi
2948 2730 3329 2787 decertemns,
3365 2732 3421 2776 nt
3481 2722 3657 2790 ipsam

2072 2837 2180 2875 non
2236 2804 2580 2889 dejicientes',
2640 2820 2736 2875 sed
2789 2818 2988 2873 cadere
3054 2831 3160 2869 non
3227 2811 3657 2882 permittentes,

2071 2913 2314 2967 victores
2372 2911 2570 2965 simus.
2629 2909 2813 2979 Neque
2864 2922 2994 2962 vero
3041 2906 3107 2960 ad
3163 2903 3364 2957 malum
3418 2907 3663 2953 tantum-

2073 3003 2237 3056 modo
2271 3001 2694 3070 propensionem
2729 3000 2895 3053 habet
2928 2999 3096 3051 homo
3132 3013 3145 3048 :
3186 3009 3311 3047 nam
3346 2993 3391 3046 si
3428 2990 3495 3044 ad
3542 3002 3662 3043 eam

2073 3102 2294 3163 partem
2330 3092 2596 3146 duntaxat
2630 3099 2826 3146 natura
2876 3087 3134 3159 prorlivis
3161 3091 3328 3148 esset,
3359 3083 3425 3138 ad
3455 3084 3660 3136 bonum

2073 3202 2195 3241 sese
2217 3201 2325 3240 non
2354 3192 2541 3254 posset
2573 3193 2914 3238 convertere.
2950 3180 3109 3234 Nunc
3141 3188 3321 3232 autem
3357 3173 3664 3246 pulcherri-

394 3267 679 3321 κάλλιστον
701 3270 798 3339 τῆς
827 3272 1030 3342 τροπῆς
1063 3271 1241 3344 ἔργον,
1273 3277 1305 3343 ή
1336 3274 1393 3324 ὲν
1422 3275 1532 3336 τοῖς
1568 3272 1792 3341 ἀγαθοῖς
1824 3274 1971 3324 ἐστιν

2078 3293 2227 3331 mum
2259 3277 2524 3331 motionis
2554 3290 2696 3345 opus
2726 3283 2834 3336 est,
2867 3275 3046 3342 ipsum
3080 3273 3132 3325 in
3156 3270 3316 3324 bonis
3352 3269 3666 3321 incremen-

394 3358 641 3430 αὔξησις,
691 3361 922 3415 πάντοτε
955 3363 1055 3432 τῆς
1090 3363 1225 3433 πρὸς
1259 3363 1318 3417 τὸ
1368 3366 1613 3437 κρεῖττον
1637 3364 1972 3428 ἀλλοιώσεως

393 3451 487 3503 ἐπὶ
513 3452 575 3505 τὸ
596 3452 863 3524 θειότερον
903 3455 1300 3525 μεταποιούσης
1321 3456 1411 3508 τὸν
1442 3455 1620 3519 καλῶς
1655 3456 1866 3509 ἀλλοιού
1877 3474 1974 3526 με·

392 3560 506 3597 νον.
555 3545 760 3598 Οὐκοῦν
802 3546 863 3599 τὸ
912 3547 1139 3620 φοϐερὸν
1186 3546 1325 3601 εἶναι
1383 3548 1573 3601 δοκοῦν
1621 3550 1785 3619 (λέγω
1814 3550 1869 3602 δὲ
1914 3551 1975 3603 τὸ

394 3636 634 3706 τρεπτὴν
663 3636 817 3707 ἡμῶν
838 3634 981 3692 εἶναι
1022 3640 1121 3709 τὴν
1156 3640 1360 3709 φύσιν).
1399 3639 1510 3693 οἷόν
1534 3658 1587 3693 τι
1616 3640 1814 3711 πτερὸν
1839 3641 1974 3711 πρὸς

394 3723 493 3795 τὴν
524 3726 615 3778 ἐπὶ
638 3726 704 3779 τὰ
737 3726 907 3797 μείζω
929 3729 1124 3799 πτῆσιν
1153 3730 1182 3781 6
1209 3728 1363 3797 λόγος
1391 3729 1666 3793 ὑπέδειξεν
1687 3746 1700 3760 ·
1749 3730 1824 3793 ὡς
1878 3729 1974 3800 ζη-

402 3816 533 3886 μίαν
562 3813 702 3871 εἷναι
750 3820 879 3888 ἡμῖν
922 3819 981 3872 τὸ
1019 3820 1094 3890 μὴ
1129 3818 1388 3873 δύνασθαι
1428 3820 1526 3891 τὴν
1559 3820 1694 3890 πρὸς
1720 3819 1777 3872 τὸ
1805 3822 1977 3892 κρεῖτε

396 3926 487 3962 τον
515 3910 793 3963 ἀλλοίωσιν
808 3911 1085 3978 δέξασθαι.
1105 3912 1195 3984 Μὴ
1219 3914 1398 3966 τοίνυν
1421 3913 1696 3967 λυπείσθω
1715 3916 1743 3967 6
1764 3912 1975 3983 βλέπων

398 4004 456 4055 ὲν
488 4004 554 4073 τῇ
588 4002 745 4071 φύσει
769 4004 828 4056 τὸ
855 4002 990 4072 πρὸς
1023 4003 1119 4075 τὴν
1155 4004 1455 4075 μεταϐολὴν
1479 4005 1803 4074 ἐπιτήδειον,
1841 4005 1976 4058 ἀλλὰ

399 4094 535 4165 πρὸς
556 4097 613 4147 τὸ
639 4098 880 4166 κρεῖττον
919 4097 1135 4160 πάντως
1186 4096 1584 4167 ἀλλοιούμενος,
1618 4098 1713 4150 καὶ
1746 4097 1854 4150 ἀπὸ
1894 4097 1977 4150 δό-

397 4187 497 4257 ξης
527 4188 605 4249 εἰς
633 4187 788 4254 δόξαν
812 4187 1343 4258 μεταμορφούμενος,
1367 4187 1508 4240 οὕτω
1544 4186 1848 4257 τρεπέσθω,
1889 4186 1977 4241 διὰ

396 4278 497 4346 τῆς
530 4275 651 4330 καθ’
681 4279 893 4350 ἡμέραν
940 4279 1222 4347 αὐξήσεως
1251 4278 1480 4331 πάντοτε
1524 4278 1786 4347 κρείττων
1827 4278 1974 4345 γινὸ-

401 4385 579 4440 μενος,
612 4371 707 4423 καὶ
754 4370 842 4424 ἀεὶ
875 4369 1268 4440 τελειούμενος,
1322 4370 1418 4423 καὶ
1458 4370 1725 4439 μηδέποτε
1760 4371 1896 4440 πρὸς
1916 4369 1977 4421 τὸ

397 4461 572 4531 πέρας
601 4462 815 4530 φθάνων
850 4461 951 4531 τῆς
983 4460 1336 4532 τελειότητος.
1363 4461 1572 4515 Αὐτίκα
1601 4461 1711 4532 γάρ
1733 4462 1881 4514 ἐστιν
1901 4461 1977 4524 ὡς

398 4551 612 4622 ἀληθῶς
640 4552 907 4623 τελειότης
932 4552 993 4605 τὸ
1023 4553 1292 4623 μηδέποτε
1322 4553 1514 4623 στῆναι
1550 4551 1685 4622 πρὸς
1716 4552 1776 4605 τὸ
1800 4554 1979 4623 κρεῖτ-

2078 3377 2214 3428 tum,
2247 3384 2370 3422 cum
2438 3368 2642 3436 impetu
2677 3367 2790 3428 illo,
2824 3380 2935 3435 quo
2963 3364 3030 3418 ad
3056 3362 3250 3416 melius
3284 3358 3580 3421 trahimur,
3618 3354 3664 3408 is

2075 3462 2167 3530 qui
2195 3470 2339 3514 recte
2368 3470 2635 3521 movetur,
2672 3458 2895 3513 assidue
2942 3453 3278 3509 transfertur
3314 3451 3380 3504 ad
3426 3464 3489 3503 ea
3544 3464 3667 3516 qu:e

2077 3552 2347 3606 diviniora
2380 3558 2528 3604 sunt.
2555 3550 2611 3602 Id
2640 3564 2794 3619 ergo,
2833 3548 2978 3617 quod
3005 3542 3407 3599 formidandqu
3443 3539 3665 3611 videba-

2079 3652 2188 3704 tur,
2224 3657 2420 3711 nempe
2443 3650 2698 3695 naturam
2734 3650 2981 3694 nostram
3012 3635 3330 3690 mutabilem
3371 3645 3518 3696 esse,
3567 3642 3667 3684 no—

2076 3733 2163 3787 bis
2194 3743 2453 3801 tanquam
2495 3732 2635 3795 alas,
2662 3729 2864 3798 quibus
2887 3726 2955 3780 ad
2987 3725 3193 3794 majora
3227 3722 3493 3781 volemus,
3526 3734 3665 3787 prcc—

2079 3824 2207 3877 bere
2232 3821 2734 3876 demonstravimus
2768 3837 2783 3874 :
2819 3818 3023 3872 damno
3055 3815 3201 3870 enim
3233 3812 3285 3867 id
3317 3812 3479 3866 nobis
3514 3811 3664 3862 futu-

2076 3931 2198 3970 rum
2232 3914 2424 3978 fuisse,
2450 3914 2496 3967 si
2538 3913 2898 3967 mutationem
2923 3909 2990 3962 ad
3021 3906 3215 3961 melius
3231 3904 3513 3971 suscipere
3553 3914 3663 3952 non

2078 4020 2390 4075 possemus.
2432 4001 2512 4057 Ne
2541 4002 2669 4073 quis
2699 4002 2867 4073 igitur
2888 4001 2998 4055 vim
3032 3999 3084 4053 in
3113 4004 3310 4051 natura
3344 3990 3664 4046 mutationi—

2079 4098 2179 4151 bus
2205 4103 2387 4167 aptam
2406 4103 2460 4150 et
2489 4095 2740 4151 idoneam
2770 4108 3004 4149 cernens
3027 4091 3210 4145 doleat
3246 4095 3340 4139 aut
3363 4096 3666 4150 conquera—

2078 4199 2190 4255 tur,
2218 4190 2314 4243 sed
2341 4204 2465 4244 sese
2508 4188 2860 4243 continenter
2892 4185 2949 4239 in
3009 4182 3205 4236 melius
3241 4188 3567 4247 promoveus
3612 4185 3664 4228 et

2077 4281 2146 4336 de
2174 4281 2346 4350 gloria
2370 4280 2426 4333 in
2456 4278 2690 4348 gloriam
2718 4276 3084 4337 transferens,
3117 4268 3458 4340 quotidianis
3495 4268 3667 4321 incre-

2078 4371 2276 4425 mentis
2304 4371 2379 4425 ita
2408 4377 2673 4431 vertatur,
2712 4376 2772 4421 ut
2818 4368 2875 4421 in
2908 4364 3026 4418 dies
3056 4362 3250 4415 melior
3289 4367 3343 4414 et
3372 4357 3666 4428 perfectior

2079 4463 2195 4528 flat,
2222 4476 2325 4516 nec
2357 4474 2598 4530 unquam
2656 4474 2715 4514 se
2742 4457 2809 4511 ad
2845 4454 3201 4527 perfectionis
3240 4462 3439 4506 metam
3480 4467 3667 4520 pervec

2085 4556 2239 4610 nisse
2279 4553 2382 4608 sibi
2413 4551 2767 4623 persuadeat.
2804 4550 2881 4602 Ea
2920 4546 3067 4601 enim
3097 4559 3221 4599 vere
3256 4540 3522 4611 perfectio
3553 4548 3661 4601 est,

396 4616 501 4697 τον-
515 4616 898 4715 αὐξανόμενον,
933 4616 1067 4715 μηέέ
1087 4616 1190 4697 τινι
1216 4616 1741 4717 πέρατι-περιορίσαι
1765 4616 1864 4714 τὴν
1882 4660 1971 4696 τε·

2087 4654 2147 4701 ιιι
2203 4645 2297 4714 qui
2367 4648 2599 4713 augetur
2664 4640 2722 4695 in
2765 4638 2985 4700 melius,
3038 4648 3318 4704 nunquam
3371 4630 3662 4690 consistat,

394 4732 666 4805 λειότητα.

465 4917 513 4950 ⁷³
539 4917 558 4972 ι
584 4914 777 4973 Thess.
811 4934 860 4981 ι’,
893 4918 982 4973 "2.3.
1063 4918 1106 4948 ⁷³
1133 4918 1171 4971 Η
1202 4916 1342 4970 Tim.
1381 4932 1440 4985 tt,
1477 4919 1528 4971 5.

2083 4753 2261 4806 neque
2304 4734 2559 4790 terminis
2605 4732 2733 4789 ullis
2775 4728 3169 4802 perfectionem
3214 4723 3493 4779 existimet
3540 4733 3664 4774 esse

2087 4828 2429 4884 conclusam.
