4106 6464
1775 348 1832 404 S.
1867 349 2192 404 ωιιεοοιιιι
2225 349 2515 406 NYSSENI

1994 513 2059 516 __
2073 513 2402 518 “--__———.~
2417 511 2543 518 ,ψοφ-

3618 351 3726 407 288

1295 666 1524 754 ΤΟΥ
1595 667 1743 753 ΕΝ
1812 660 2178 754 ΑΓΙΟΙΣ
2247 665 2873 754 ΓΡΗΓΟΡΙΟΥ

828 859 1184 981 ΠΕΡΙ
1273 855 1576 972 ΤΟΥ
1664 859 2085 972 ΚΑΤΑ
2173 857 2596 974 ΘΕΟΝ
2708 854 3359 972 ΣΚΟΠΟΥ

467 1094 584 1148 IﬂI
631 1097 766 1148 ΤΗΣ
815 1097 1002 1149 ΚΑΤΑ
1055 1096 1444 1150 ΑΛΗΘΕΙΑΝ
1481 1095 1864 1151 ΑΣΚΗΣΕΩΣ
1887 1111 1904 1126 ⁸
1941 1095 2076 1150 ΚΑΙ
2109 1097 2308 1151 ΠΡΟΣ
2347 1095 2534 1152 ΤΟΥΣ
2564 1093 3136 1150 ΑΠΑΙΊἨΣΑΝΤΑΣ
3166 1087 3504 1144 ΛΣΚΗΤΑΣ
3541 1083 3724 1139 ΠΕΡΙ

542 1213 681 1265 ΤΗΣ
729 1209 1140 1265 ΕΥΣΕΒΕΙΑΣ
1184 1213 1520 1266 ΣΚΟΠΟΥ·
1567 1213 1701 1268 ΚΑΙ
1749 1212 1891 1266 ΤΟΥ
1937 1212 2130 1269 οΠΩΣ
2163 1212 2316 1266 XPH
2349 1211 2716 1266 ΣΥΝΕΙΝΑΙ
2744 1207 3115 1264 ΑΛΛΗΛΟΙΣ
3149 1205 3284 1260 ΚΑΙ
3319 1197 3727 1258 ΣΥΝΑΓΩΝῙ·

536 1328 810 1382 ΖΕΣΘΑΙ
823 1368 838 1395 ,
883 1328 1368 1385 ΥΠΟΤΥΠΩΣΙΣ.

1541 1585 1640 1676 s.
1703 1587 1810 1678 P.
1867 1560 1990 1700 NL
2047 1582 2628 1677 GBEGOBII

903 1801 1086 1912 DE
1168 1795 1968 1914 PBOPOSITO
2048 1796 2818 1912 SECUNDUM
2881 1793 3276 1909 DEUM

469 2039 568 2096 ET
624 2039 1235 2098 EXERCITATIONE
1291 2039 1530 2096 JUXTA
1595 2037 2061 2104 VERITATEM;
2120 2037 2214 2094 ET
2279 2037 2381 2093 AD
2441 2033 2893 2091 RELIGIOSOS
2939 2030 3076 2100 QUI
3131 2025 3732 2088 PROPOSUERANT

543 2151 1086 2220 ρυΑΞετιοΝΕΜ,
1134 2153 1234 2208 DE
1285 2150 1641 2208 PIETATIS
1679 2150 1938 2218 SCOPO,
1998 2149 2074 2205 E1

2150 2147 2233 2203 DE
2277 2145 2618 2204 RATIONE
2670 2146 2817 2214 QUA
2873 2143 3110 2202 INTER
3164 2142 3253 2200 SE
3305 2137 3734 2199 CONVERSA—

537 2267 841 2326 RENTUR
885 2267 982 2326 ET
1035 2268 1182 2326 UNA
1235 2267 1858 2335 CONCERTARENT,
1908 2265 2360 2324 DESCRIPTIO
2416 2263 2835 2324 SUMHARIA.

1419 2445 1490 2496 Ex
1513 2446 1722 2508 interpr.
1743 2443 1994 2494 Frederici
2021 2442 2234 2503 Morelli,
2257 2441 2472 2493 Profess.
2496 2443 2618 2505 Reg.
2645 2441 2843 2492 Decani.

543 2738 601 2794 Si
655 2738 802 2811 quis,
834 2739 1170 2809 cogitatione
1227 2739 1506 2810 paululum
1583 2756 1612 2795 a
1668 2717 1898 2813 coi'pore
1958 2757 2044 2797 se-

2219 2743 2284 2798 Εί
2306 2760 2387 2808 τις
2415 2741 2644 2814 σμικρὸν
2693 2741 3007 2812 ἀποστήσας
3045 2740 3140 2794 τοῦ
3182 2739 3432 2811 σώματος
3470 2741 3570 2813 τὴν
3621 2740 3730 2795 διὰ-

467 2833 681 2904 juncta,
737 2840 791 2888 et
826 2850 856 2886 a
893 2833 1367 2903 perturbationum
1414 2837 1677 2889 servitute
1705 2844 1760 2890 et
1814 2836 2046 2890 stultitia

468 2925 634 2992 plane
665 2923 955 2985 liberatus,
1009 2923 1310 2995 perspicaci
1343 2937 1410 2978 ac
1457 2925 1672 2979 sincera
1702 2926 1903 2981 mentis
1933 2927 2050 2980 acie

471 3029 633 3069 suum
661 3012 831 3082 ipsius
855 3011 1098 3065 animum
1136 3011 1368 3067 intuitus
1401 3011 1584 3076 fuerit,
1619 3013 1674 3066 in
1695 3013 1816 3082 ejus
1851 3023 2046 3068 natura

471 3120 599 3159 cum
663 3103 758 3158 Dei
783 3117 910 3174 erga
933 3119 1035 3159 nos
1065 3103 1408 3166 charitatem,
1478 3113 1592 3158 tum
1645 3105 1850 3175 opificii
1901 3105 2048 3162 illius

470 3200 810 3251 voluntatem
862 3210 998 3264 pure
1035 3195 1360 3266 conspicict.
1389 3193 1504 3248 Hoc
1535 3195 1681 3250 enim
1717 3196 1878 3252 modo
1911 3213 2048 3254 con-

472 3287 724 3342 siderans
751 3286 1024 3355 appetitus
1050 3285 1315 3355 impetum
1347 3285 1414 3339 ad
1451 3284 1503 3340 id
1539 3286 1685 3354 quod
1722 3288 2046 3356 praclarum

471 3381 850 3450 optimumque
884 3385 988 3442 est,
1021 3377 1226 3431 homini
1255 3385 1572 3446 cognatum,
1593 3385 1650 3433 et
1688 3378 1846 3448 quasi
1869 3379 2050 3434 cohae-

471 3481 684 3528 rcutem
711 3479 764 3526 et
796 3470 1020 3525 insitum
1051 3469 1386 3540 comperiet;
1422 3476 1476 3524 et
1513 3468 1873 3540 intelligibilis
1899 3471 2049 3527 illius

473 3579 538 3620 ac
625 3563 797 3618 beatas
876 3559 1148 3632 imaginis,
1233 3559 1393 3628 cujus
1464 3559 1627 3614 homo
1693 3560 2050 3616 simulacrum

471 3664 578 3720 est,
612 3654 1065 3726 imperturbatum
1091 3667 1154 3707 ac
1201 3650 1413 3706 felicem
1443 3665 1683 3706 amorem
1722 3661 1931 3707 naturae
1956 3667 2050 3707 co-

471 3749 742 3818 pulatum.
771 3744 1139 3801 Verumerror
1171 3744 1389 3814 quidam
1420 3743 1614 3797 harum
1632 3743 2046 3813 aspectabillum

473 3855 660 3899 rerum
695 3845 748 3892 et
775 3853 897 3907 qua:
927 3851 1144 3905 semper
1167 3834 1342 3889 ﬂuunt
1371 3850 1468 3906 per
1505 3833 1741 3888 rationis
1771 3843 2048 3904 expertem

475 3928 830 3991 aﬂ‘ectum,et
871 3926 1204 3995 voluptatem
1255 3938 1538 3989 amaram,
1591 3923 1937 3979 instrennum
1992 3931 2048 3978 et

474 4021 760 4076 incautum
797 4033 908 4088 prae
939 4019 1156 4087 ignavia
1187 4016 1428 4070 animum
1462 4015 1746 4085 decipiens
1770 4023 1936 4086 atque
1963 4015 2047 4069 iu-

2149 2853 2317 2900 νοιαν,
2343 2836 2436 2889 καὶ
2463 2835 2564 2904 τῆς
2594 2834 2701 2887 τῶν
2730 2833 2919 2887 παθῶν
2946 2831 3188 2896 δουλείας
3215 2849 3274 2885 τε
3307 2833 3402 2886 καὶ
3422 2834 3734 2907 ἀφροσύνης

2149 2927 2253 2994 ἔξω
2278 2927 2587 2997 γενόμενος,
2619 2926 2826 2997 εὐδήλῳ
2878 2925 2970 2979 καὶ
3027 2925 3311 2993 εἰλικρινεῖ
3351 2923 3595 2994 λογισμῷ
3635 2924 3734 2992 τὴν

2149 3019 2310 3080 αὐτὸς
2339 3018 2532 3071 ἑαυτοῦ
2562 3019 2764 3072 κατίδοι
2809 3017 2986 3087 ψυχήν
3012 3033 3024 3047 ·
3072 3016 3262 3085 ὄψεται
3290 3013 3546 3086 καθαρῶς
3576 3017 3632 3066 ὲν
3665 3015 3734 3084 τῇ

2148 3110 2348 3178 ταύτης
2388 3107 2546 3176 φύσει
2579 3109 2670 3162 τοῦ
2699 3108 2832 3161 Θεοῦ
2853 3111 2950 3177 τήν
2975 3123 3034 3160 τε
3065 3107 3194 3177 περὶ
3222 3107 3368 3177 ἡμᾶς
3395 3105 3618 3174 ἀγάπην
3639 3103 3734 3158 καὶ

2147 3201 2210 3254 τὸ
2243 3200 2485 3271 βούλημα
2513 3201 2612 3271 τῆς
2641 3200 2850 3253 ἐκείνου
2899 3197 3276 3269 δημιουργίας.
3316 3197 3552 3268 Εὐρὴσει
3603 3196 3732 3266 γὰρ,

2148 3291 2334 3344 τοῦτον
2360 3291 2449 3344 τὸν
2485 3291 2684 3360 τρόπον
2715 3291 3050 3352 ἐπισκοπῶν,
3080 3288 3531 3360 συνουσιουμένην
3555 3305 3613 3340 τε
3643 3286 3735 3340 καὶ

2152 3387 2572 3454 συμπεφυκυῖαν
2595 3383 2674 3453 τῷ
2706 3383 2980 3453 ἀνθρώπῳ
3007 3383 3106 3453 τὴν
3148 3381 3240 3435 ἐπὶ
3268 3380 3327 3434 τὸ
3359 3379 3524 3434 καλόν
3553 3397 3612 3432 τε
3640 3380 3736 3432 καὶ

2149 3475 2370 3546 ἄριστον
2392 3475 2491 3544 τῆς
2518 3474 2812 3546 ἐπιθυμίας
2847 3476 3028 3551 ὁρμήν
3047 3490 3060 3504 ·
3097 3473 3190 3525 καὶ
3229 3474 3328 3541 τῆς
3357 3469 3554 3539 νοητῆς
3593 3469 3734 3522 ὲκεί-

2148 3584 2246 3636 νης
2273 3567 2368 3620 καὶ
2422 3567 2696 3638 μακαρίας
2743 3567 2970 3630 εἰκόνος.
3003 3561 3070 3638 ἦς
3095 3567 3123 3618 ὁ
3153 3563 3439 3634 ἅνθρωπος
3488 3562 3734 3632 μίμημα,

2147 3658 2238 3712 τὸν
2267 3659 2449 3727 ἀπαθῆ
2469 3659 2562 3712 ἰιαὶ
2589 3659 2854 3730 μακάριον
2876 3657 3055 3728 ἔρωτα
3092 3655 3440 3726 συνημμένον
3460 3657 3526 3724 τῇ
3551 3653 3732 3722 φύσει.

2163 3749 2321 3804 Ἀλλὰ
2349 3750 2523 3821 πλὰδη
2555 3769 2637 3815 τις
2662 3751 2770 3803 τῶν
2805 3749 3018 3820 ὁρατῶν
3039 3747 3246 3802 τούτων
3277 3749 3370 3801 καὶ
3389 3747 3620 3818 ῥεόντων
3651 3745 3733 3797 ἀεὶ

2147 3841 2235 3894 διὰ
2265 3842 2466 3904 πάθους
2499 3841 2692 3910 ἀλόγου
2729 3841 2818 3895 καὶ
2854 3840 3265 3912 πικρᾶςήδονῆς
3296 3839 3395 3911 τὴν
3429 3839 3610 3910 ἀμελῆ
3643 3840 3730 3892 καὶ

2148 3933 2456 4002 ἀφύλακτον
2485 3933 2589 3986 ὐπὸ
2633 3931 2904 4004 ῥᾳθυμίας
2935 3932 3117 4002 ψυχὴν
3161 3932 3432 3986 ὰπατῶσα
3471 3933 3566 3985 καὶ
3601 3949 3732 4001 γοη-

2149 4026 2403 4088 τεύουσα,
2459 4028 2596 4098 πρὸς
2629 4026 2827 4080 κακίαν
2857 4027 3004 4079 ἕλκει
3041 4025 3240 4096 δεινὴν,
3284 4023 3634 4094 γεννωμένην
3674 4039 3734 4076 τε

473 4124 729 4178 cantans,
765 4111 835 4167 ad
871 4109 1138 4166 nefarium
1173 4107 1366 4162 vilium
1413 4107 1582 4160 trahit
1611 4122 1642 4162 e
1683 4107 1806 4162 vita:
1835 4107 2048 4163 deliciis

2153 4119 2220 4172 ὲκ
2246 4117 2355 4170 τῶν
2383 4117 2582 4188 ἡδονῶν
2624 4117 2716 4172 τοῦ
2757 4117 2894 4188 βίου,
2929 4117 3022 4171 καὶ
3058 4116 3332 4185 γεννῶσαν
3367 4115 3592 4170 Θάνατον
3623 4117 3734 4178 τοῖς

472 4213 818 4278 procreatum
853 4211 908 4259 et
941 4207 1172 4256 mortem
1233 4200 1350 4255 suis
1397 4198 1736 4254 amatoribus
1797 4199 2047 4271 gignens.

473 4299 768 4370 Propterea
807 4296 1056 4354 veritatis
1086 4293 1358 4352 notitiam.
1421 4291 1568 4362 quod
1601 4291 1844 4346 salutare
1871 4291 2048 4346 medi-

472 4399 784 4448 cantentum
824 4399 910 4446 est
967 4389 1186 4451 animis,
1221 4384 1524 4440 Salvatoris
1557 4383 1734 4439 nostri
1776 4385 1951 4456 gratia
1981 4383 2050 4440 iis

471 4483 568 4554 qui
602 4498 725 4536 cum
761 4481 1034 4537 desiderio
1059 4479 1394 4548 percipiunt,
1447 4476 1644 4546 largita
1675 4485 1780 4540 est,
1815 4490 1922 4544 qua
1946 4475 2050 4530 sol-

471 4577 619 4630 vitur
647 4589 782 4630 sane
808 4572 956 4628 fraus
986 4587 1108 4640 quae
1167 4569 1440 4624 hominem
1473 4570 1728 4623 incantat
1755 4585 1770 4634 ;
1805 4579 1860 4622 et
1894 4568 2050 4637 igno-

469 4668 600 4723 bilis
642 4665 818 4720 l'astus
869 4663 1056 4718 carnis
1085 4663 1457 4732 exstinguitur
1512 4667 1570 4716 et
1633 4659 2046 4734 comprimitur,

471 4761 792 4830 animaqnaa
821 4765 931 4811 tam
962 4765 1168 4810 arctam
1203 4756 1457 4826 copulam
1488 4761 1649 4807 nacta
1686 4760 1772 4808 est
1798 4767 1896 4822 per
1916 4753 2053 4806 veri-

470 4853 601 4908 tatis
627 4853 801 4906 lucem
861 4849 930 4902 ad
967 4861 1170 4902 numen
1217 4846 1464 4902 divinum
1501 4852 1556 4900 et
1607 4845 1841 4900 salutem
1891 4858 2050 4899 suam

468 4943 722 4999 deducta.
755 4940 861 4996 Par
881 4949 964 4995 est
988 4940 1174 5006 igitur,
1209 4945 1269 4992 ut
1292 4939 1338 4994 is
1377 4939 1470 5007 qni
1491 4939 1696 5006 corpus
1718 4947 1774 4991 et
1805 4935 2048 4990 animum

464 5037 624 5107 juxta
664 5033 883 5106 pietatis
923 5032 1098 5102 legem
1156 5029 1428 5086 adducere
1468 5027 1578 5084 Deo
1623 5029 1851 5099 cogitat,
1887 5037 2050 5098 atque

466 5129 818 5182 incruentum
865 5133 1132 5193 etpurum
1183 5121 1286 5192 ipsi
1315 5121 1524 5176 cultum
1580 5119 1864 5180 exhibere,
1923 5117 2048 5172 vitae

468 5219 661 5272 ducem
697 5213 1034 5272 instituendo
1091 5211 1234 5282 piam
1297 5210 1493 5272 ﬁdem,
1524 5223 1686 5278 quam
1726 5216 2046 5263 sanctorum

466 5323 634 5362 voces
667 5322 763 5376 per
793 5320 1009 5360 omnem
1041 5303 1201 5358 nobis
1241 5283 1584 5370 Scriptnram
1615 5299 1874 5358 clamant.
1915 5298 2051 5352 adeo
2081 5324 2090 5331 -

2155 4208 2356 4278 ἑαυτῆς
2388 4211 2659 4278 ἐρασταῖς.
2680 4209 2778 4262 Διὰ
2803 4209 2961 4262 τοῦτο
2985 4209 3082 4279 τὴν
3113 4207 3310 4276 γνῶσιν
3333 4207 3431 4277 τῆς
3455 4205 3734 4276 ἀληθείας,

2155 4296 2216 4350 τὸ
2262 4299 2526 4369 σωτήριον
2557 4301 2674 4362 ταῖς
2709 4299 2908 4368 ψυχαῖς
2933 4300 3250 4368 φάρμακον,
3283 4299 3316 4368 ἡ
3345 4296 3440 4350 τοῦ
3481 4297 3734 4366 Σωτῆρος

2156 4389 2311 4460 ἡμῶν
2352 4393 2464 4453 τοῖς
2495 4390 2644 4461 πόθῳ
2675 4391 2984 4462 δεχομένοις
3042 4391 3352 4462 ἐδωρήσατο
3394 4389 3552 4460 χάρις
3577 4406 3589 4417 ·
3639 4389 3734 4457 ὐφ’

2153 4475 2222 4551 ἧς
2237 4481 2420 4534 λύεται
2449 4482 2546 4551 μὲν
2587 4485 2618 4553 ἡ
2644 4483 2831 4554 ἀπάτη
2867 4485 2902 4554 ἠ
2929 4482 3020 4536 τὸν
3057 4483 3340 4553 ἄνθρωπον
3363 4481 3700 4552 γοητεύουσα
3721 4499 3733 4512 ·

2153 4571 2216 4624 τὸ
2232 4571 2290 4625 δὲ
2313 4572 2410 4642 τῆς
2442 4572 2640 4643 σαρκὸς
2665 4573 2858 4644 ἄτιμον
2892 4573 3320 4627 κατασϐέννυται
3358 4575 3634 4643 φρόνημα,
3656 4571 3732 4641 τῷ

2155 4663 2253 4734 τῆς
2272 4663 2530 4734 ἀληθείας
2583 4665 2722 4732 φωτὶ
2768 4664 2904 4737 πρὸς
2931 4665 2990 4718 τὸ
3027 4665 3180 4718 Θεῖόν
3202 4683 3260 4718 τε
3288 4667 3382 4719 καὶ
3409 4664 3508 4736 τὴν
3535 4664 3731 4732 ἑαυτῆς

2158 4751 2428 4822 σωτηρίαν
2459 4752 2828 4824 ὁδηγουμένης
2847 4753 2944 4822 τῆς
2963 4752 3159 4824 ψυχῆς,
3191 4755 3224 4824 ἢ
3253 4752 3350 4824 τὴν
3382 4751 3574 4805 ἕνωσιν
3615 4751 3728 4803 ὲδὲ.

2157 4837 2302 4903 ξατο.
2329 4841 2419 4892 Δεῖ
2457 4840 2632 4892 τοίνυν
2666 4839 2758 4893 τὸν
2791 4841 3050 4911 μέλλοντα
3081 4841 3256 4912 ψυχὴν
3287 4840 3380 4894 καὶ¹
3405 4841 3565 4911 σῶμα
3592 4842 3729 4892 κατό

2156 4930 2246 4983 τὸν
2257 4931 2354 5000 τῆς
2387 4929 2668 4994 εὐσεϐείας
2696 4931 2857 5001 νόμον
2872 4930 3168 5004 προσάγειν
3188 4930 3328 5002 Θεῷ,
3348 4931 3440 4984 καὶ
3461 4931 3560 5000 τὴν
3581 4928 3734 4982 amt.

2159 5041 2364 5095 μακτον
2391 5022 2537 5094 αὐτῷ
2564 5025 2658 5078 καὶ
2685 5024 2932 5095 καθαρὰν
2968 5025 3276 5080 ἀποδιδόναι
3302 5025 3575 5096 λατρείαν,
3599 5025 3726 5093 ἡγε-

2159 5115 2295 5186 μόνα
2321 5131 2381 5166 τε
2404 5113 2500 5167 τοῦ
2533 5114 2649 5186 βίου
2670 5115 2766 5185 τὴν
2786 5117 2981 5186 εὐσεϐῆ
3005 5116 3186 5170 πίστιν
3221 5116 3560 5186 ποιούμενον,
3591 5115 3656 5186 ἢν
3672 5115 3726 5166 αι

2154 5206 2262 5260 τῶν
2293 5205 2462 5273 ἁγίων
2491 5207 2666 5276 φωναὶ
2691 5206 2776 5259 διὰ
2807 5207 2985 5278 πάσης
3013 5209 3144 5278 ἡμῖν
3183 5207 3346 5276 βοῶσι
3373 5207 3616 5276 Γραφῆς,
3639 5203 3729 5258 οὖ-

2154 5315 2261 5360 τως
2291 5297 2518 5368 εὐπειθῆ
2559 5299 2654 5352 καὶ
2685 5299 2896 5368 εὐήνιον
2927 5299 3025 5370 τὴν
3053 5299 3230 5368 ψυχὴν
3267 5301 3380 5362 τοῖς
3407 5300 3505 5370 τῆς
3530 5299 3726 5371 ἀρετῆς

467 5397 798 5465 morigerum
865 5405 921 5451 et
993 5393 1456 5450 obsecundantem
1533 5389 1773 5443 animum
1831 5389 2050 5443 virtutis

2157 5391 2443 5446 ἐπιδιδόναι
2492 5393 2742 5463 δρόμοιςο
2769 5392 2962 5446 λύοντα
2995 5395 3093 5464 μὲν
3119 5395 3308 5449 ἑαυτὸν
3344 5395 3453 5448 τῶν
3484 5393 3577 5448 τοῦ
3613 5393 3724 5464 βίου

469 5486 761 5542 curriculis
825 5487 1122 5550 exhibere,
1207 5486 1450 5556 seipsnm
1505 5498 1536 5536 a
1610 5481 1848 5562 yinculis
1925 5480 2050 5536 vita:

468 5575 804 5632 exsolvendo
825 5615 839 5638 ,
871 5585 1043 5632 totum
1070 5591 1200 5631 vero
1226 5592 1284 5631 se
1323 5575 1446 5630 lidei
1479 5583 1530 5629 et
1557 5574 1681 5628 vita:
1711 5571 1802 5627 Dei
1833 5579 2044 5626 tantum

470 5659 758 5722 tradendo,
787 5661 914 5716 dum
945 5665 1164 5734 penitus
1195 5665 1472 5734 cog-iitum
1499 5663 1768 5733 planeque
1823 5676 2045 5730 perspe-

473 5765 620 5809 ctum
655 5751 840 5814 habet,
869 5756 917 5810 ei
955 5755 1099 5812 apud
1149 5771 1308 5812 auem
1347 5757 1562 5825 pictatis
1593 5755 1727 5812 ﬁdes
1777 5765 1829 5809 et
1862 5753 2036 5810 incul-

2103 5501 2120 5518 δ
2152 5484 2367 5555 δεσμῶν
2389 5525 2405 5550 ,
2433 5485 2555 5537 ὅλον
2582 5485 2638 5538 δὲ
2669 5487 2733 5555 τῇ
2779 5487 2958 5539 πίστει
2982 5487 3076 5540 καὶ
3113 5487 3190 5556 τῷ
3217 5487 3316 5558 βίῳ
3341 5487 3434 5540 τοῦ
3467 5486 3602 5540 Θεοῦ
3636 5485 3719 5556 μό-

2153 5592 2242 5629 νον
2263 5574 2564 5644 γινόμενυν,
2590 5576 2768 5631 είδὸτα
2787 5578 2992 5646 σαφῶς,
3011 5579 3084 5642 ὡς
3111 5580 3167 5631 ὲν
3180 5572 3223 5646 ᾧ
3241 5578 3420 5642 πίστις
3451 5578 3728 5638 εὐσεϐείας

2153 5667 2246 5722 καὶ
2265 5666 2376 5735 βίος
2391 5666 2697 5737 ἄμεμπτος,
2719 5670 2835 5721 ἐκεῖ
2852 5673 2945 5722 καὶ
2963 5671 3197 5740 Χριστοῦ
3214 5671 3441 5742 πάρεστι
3463 5671 3691 5741 δύναμις
3711 5687 3722 5701 ·

2151 5761 2206 5812 ἐν
2251 5751 2296 5826 ᾧ
2348 5757 2402 5810 δὲ
2441 5759 2676 5828 Χριστοῦ
2724 5761 2970 5829 δύναμις,
3033 5763 3147 5816 ἐκεῖ
3210 5766 3406 5828 κακίας
3449 5763 3726 5835 ἀποφυγή.

3499 5921 3535 5932 ρο
