4106 6438
311 425 427 488 ἒὸῢ
1473 422 1562 478 DE
1599 415 1978 481 INSTITUTO
2022 421 2464 483 CllRlSTlANO.
3494 423 3601 478 290

332 543 492 612 Μέγα
535 539 628 612 δὴ,
671 537 824 610 μέγα
866 537 999 611 πρὸς
1032 537 1225 606 κτῆσιν
1258 535 1364 590 τῶν
1409 537 1614 608 νοητῶν
1637 541 1748 601 τοῖς
1773 537 1923 607 φόϐῳ
1951 590 1953 596 ,

1980 557 1994 597 ι
2027 543 2152 607 pata
2180 535 2288 590 vita
2320 533 2564 598 exsistit,
2595 533 2758 588 etiam
2789 533 2994 589 Christi
3028 533 3332 605 potentiam
3370 531 3601 596 adesse:

336 633 643 707 δεχομένοις
678 631 744 685 τὸ
788 631 945 701 ἅγιον
977 631 1279 702 βάπτισμα.
1305 629 1378 682 Τὸ
1405 627 1514 700 γὰρ
1553 628 1804 683 πλούσιον
1829 630 1924 682 καὶ

2025 629 2116 682 ubi
2148 643 2278 682 vero
2303 627 2508 682 Christi
2537 627 2712 681 virtus
2754 635 2858 692 est,
2892 625 2967 680 ibi
2995 625 3112 680 vitii
3143 625 3267 696 fuga
3296 635 3398 681 est.
3425 625 3605 696 Magni

339 725 565 794 ἀφθονον
600 724 834 795 Πνεῦμα
872 723 934 777 τὸ
967 723 1087 794 ῥέον
1119 721 1206 776 ἀεὶ
1237 723 1348 785 τοῖς
1377 721 1685 792 δεχομένοις
1709 721 1808 792 τὴν
1827 721 1925 791 χὰ-

2025 719 2270 788 prol‘eeto
2310 718 2598 784 momenti,
2635 718 2838 788 magni,
2880 717 3130 787 inquam,
3179 724 3264 773 est
3317 717 3385 772 ad
3422 732 3605 772 rerum

342 833 443 888 ριν,
469 810 539 888 ἦς
561 815 612 867 οἱ
638 813 786 882 amt
809 811 1184 882 πληρωθέντες
1209 811 1514 872 ἀπόστολοι,
1536 813 1656 875 ταῖς
1677 811 1769 864 τοῦ
1793 812 1925 882 Χρι-

2027 809 2447 879 intelligibilium
2481 808 2950 876 comparationem
2981 807 3036 858 in
3057 807 3127 860 iis
3148 804 3385 875 quicum
3412 806 3607 860 timore

339 906 464 961 στοῦ
499 905 854 975 Ἐκκλησίαις
883 904 1006 967 τοὺς
1029 905 1275 974 καρποὺς
1295 901 1638 968 ἐπεδείξαντο
1666 901 1758 954 τοῦ
1785 901 1923 972 πλη-

2026 908 2218 954 sancto
2252 898 2578 968 baptismate
2607 898 2762 952 tincti
2793 909 2942 952 sunt.
2964 895 3096 950 Nam
3119 897 3272 953 dives
3296 905 3350 951 et
3377 897 3607 966 opulen-

341 997 610 1068 ρώματος,
638 994 818 1057 τοῦτο,
846 997 957 1057 τοῖς
985 994 1083 1064 τὴν
1117 993 1324 1065 δωρεὰν
1359 992 1665 1064 εἰλικρινῶς
1703 992 1924 1062 δεξαμέ-

2024 997 2116 1046 tus
2151 989 2408 1060 Spiritus,
2445 990 2536 1058 qui
2569 1004 2785 1059 semper
2812 987 3122 1042 infunditur
3153 988 3208 1042 in
3238 1003 3334 1043 eos
3363 989 3455 1059 qui
3482 1005 3606 1058 gra-

339 1103 448 1150 νοις
477 1085 619 1138 κατά
646 1084 708 1136 τὸ
748 1083 945 1154 μέτρον
979 1081 1080 1150 τῆς
1109 1083 1338 1136 ἑκάστου
1375 1082 1482 1134 τῶν
1522 1083 1922 1153 μετειληφύτων

2025 1084 2154 1138 tiam
2177 1091 2526 1152 acceperunt,
2555 1098 2661 1152 qua
2694 1081 2873 1136 sancti
2897 1081 3130 1150 apostoli
3167 1081 3377 1146 referti,
3402 1080 3607 1135 Christi

338 1179 576 1240 πίστεως
599 1213 618 1239 ,
660 1173 917 1246 συνεργὸν
952 1176 1046 1228 καὶ
1098 1173 1341 1227 σύνοικον
1371 1174 1698 1244 παραμένει,
1720 1179 1920 1233 οἰκοδο-

2023 1174 2290 1230 Ecclesiis
2322 1173 2536 1230 fructus
2569 1174 2960 1244 cemplemcnti
3029 1172 3607 1252 ostenderuntjisqni

343 1267 476 1340 μοῦν
505 1269 564 1320 ἐν
596 1266 812 1337 ἑκάστῳ
841 1265 900 1318 τὸ
938 1264 1141 1334 ἀγαθὸν
1179 1265 1314 1337 πρὸς
1351 1265 1451 1336 τὴν
1483 1267 1600 1352 1τῆς
1642 1267 1816 1340 ψυχῆς
1863 1273 1922 1324 ὲν

2023 1282 2224 1323 munus
2257 1267 2473 1322 sincere
2503 1267 2869 1331 admiserunt,
2897 1279 2998 1334 pro
3029 1279 3292 1320 mensura
3341 1267 3609 1334 cujusque

339 1361 449 1420 τοῖς
478 1359 577 1428 τῆς
604 1356 839 1421 πίστεως
887 1355 1070 1428 ἔργοις
1117 1357 1374 1427 σπουδήν.
1424 1357 1544 1430 Χρὴ
1569 1354 1660 1413 οὖν
1695 1361 1921 1416 ἕκαστον

2021 1373 2211 1415 eorum
2247 1359 2343 1430 qui
2400 1359 2524 1414 ﬁdei
2551 1359 2846 1430 participes
2891 1357 3069 1423 fuere,
3106 1357 3375 1424 adjuvans
3407 1365 3462 1414 et
3501 1371 3607 1411 una

341 1447 493 1519 ἡμῶν
518 1447 585 1502 δι’
605 1447 806 1519 ἀρετῆς
856 1445 1235 1518 προκόπτοντα
1267 1447 1354 1501 ἀεὶ
1407 1450 1704 1520 προσάγειν
1731 1454 1921 1508 ἑαυτὸν

2024 1449 2276 1506 habitans
2302 1462 2608 1520 permanet,
2651 1458 2705 1506 et
2736 1452 2939 1505 bonum
3002 1451 3052 1504 in
3089 1464 3424 1519 unoquoque
3475 1464 3609 1502 con-

339 1543 418 1604 είς
481 1539 650 1611 ἄνδρα
692 1537 920 1604 τέλειον,
953 1536 1097 1592 κατά
1141 1537 1233 1591 τὸν
1280 1538 1602 1594 Ἀπόστολον
1634 1583 1650 1607 ,
1687 1561 1704 1592 ι
1743 1544 1921 1616 Μέχρι

2024 1543 2207 1606 struit,
2241 1543 2306 1598 ad
2359 1545 2556 1600 animae
2589 1543 2831 1600 studium
2878 1543 2933 1596 in
2967 1541 3089 1596 ﬁdei
3147 1541 3422 1611 operibus.
3468 1539 3611 1610 Ergo

339 1633 772 1703 καταντήσωμεν
796 1631 846 1684 οἱ
868 1631 1066 1694 πάντες
1087 1633 1164 1692 εἰς
1180 1629 1279 1700 τὴν
1309 1630 1534 1702 ἑνότητα
1560 1633 1656 1702 τῆς
1687 1633 1922 1698 πίστεως

2022 1650 2122 1704 par
2150 1647 2254 1699 est,
2289 1645 2348 1691 ut
2372 1637 2607 1708 quisque
2640 1645 2884 1692 nostrum
2935 1650 3152 1706 semper
3191 1650 3251 1689 se
3281 1633 3338 1688 in
3409 1635 3609 1688 virtute

339 1725 432 1778 καὶ
465 1724 565 1794 τῆς
587 1721 934 1792 ἐπιγνώσεως
959 1720 1052 1775 τοῦ
1085 1720 1212 1774 Υἱοῦ
1245 1723 1338 1776 τοῦ
1365 1723 1525 1787 Θεοῦ,
1551 1727 1627 1788 εἰς
1651 1726 1820 1794 ἄνδρα
1842 1728 1924 1780 τέ·

2024 1727 2393 1797 proﬁcientem
2459 1729 2528 1784 ad
2591 1731 2763 1784 virum
2813 1729 3110 1800 perfectum
3162 1729 3416 1790 adducat,
3451 1728 3610 1798 juxta

339 1817 498 1882 λειον,
527 1817 609 1879 εἰς
643 1814 838 1886 μέτρον
871 1813 1088 1886 ἡλικίας
1123 1813 1217 1868 τοῦ
1254 1815 1618 1887 πληρώματος
1660 1819 1753 1871 τοῦ
1783 1821 1918 1890 Χρι-
1955 1881 1960 1890 ι

1986 1881 1997 1890 _
2027 1819 2269 1890 Apostoli
2300 1822 2528 1882 dictum,
2549 1839 2566 1871 ι
2597 1820 2896 1890 Quousque
2917 1837 3278 1876 occurramus
3309 1836 3502 1874 outncs
3539 1818 3607 1872 ad

342 1907 488 1962 στοῦ.
520 1927 539 1958 ι
583 1907 646 1960 Ἡ
697 1907 794 1977 μὲν
831 1905 924 1959 τοῦ
961 1905 1212 1978 σώματος
1247 1907 1384 1977 πρὸς
1431 1907 1489 1958 τὸ
1519 1909 1762 1962 ἀνελθεῖν
1795 1879 1914 1964 ἐπί·
1955 1879 1963 1937 1

1990 1884 1999 1932 ³
2029 1879 2292 1965 unitatem
2323 1912 2468 1976 ﬁdei,
2490 1919 2544 1966 ct
2575 1879 2869 1982 agnitionis
2893 1911 3012 1966 Filii
3044 1910 3158 1977 Dei,
3183 1911 3247 1966 ad
3285 1912 3458 1966 virum
3486 1926 3611 1980 per-

338 2000 502 2062 δοσις,
536 1999 688 2052 οὐδὲν
704 1997 954 2068 ἐφ’ήμῖν.
973 1998 1046 2052 Οὐ
1069 1997 1178 2069 γὰρ
1202 2001 1268 2069 τῇ
1284 1997 1378 2052 τοῦ
1403 1998 1692 2068 ἀνθρώπου
1726 2001 1920 2072 γνώμῃ

2022 2003 2250 2067 fectum,
2281 2005 2350 2059 ad
2377 2021 2689 2062 mensuram
2716 2005 2895 2060 aetatis
2924 2003 3276 2074 plenitudinis
3305 2002 3509 2058 Christi
3533 2005 3603 2054 ¹.»

340 2091 430 2144 καὶ
459 2089 621 2161 ἡδονῇ
655 2091 844 2160 maps?
867 2089 928 2142 τὸ
963 2089 1189 2160 μέγεθος
1217 2091 1252 2161 ἡ
1288 2091 1468 2160 φύσις,
1489 2091 1621 2145 ἀλλὰ
1654 2095 1720 2164 τῇ
1751 2094 1920 2165 αὐτῆς

2021 2095 2282 2164 Corporis
2332 2104 2479 2152 certe
2525 2104 2879 2164 augmentum
2933 2093 3001 2148 ad
3042 2093 3455 2149 increscendum
3501 2107 3611 2146 non

337 2183 476 2253 ὁρμῇ
509 2181 605 2234 καὶ
635 2181 868 2253 ἀνάγκῃ.
893 2181 967 2234 Τὸ
993 2181 1050 2234 δὲ
1086 2180 1188 2251 τῆς
1213 2181 1391 2253 ψυχῆς
1415 2183 1473 2236 ἐν
1506 2187 1571 2256 τῇ
1611 2185 1711 2254 τῆς
1738 2185 1922 2256 γεννή.

2022 2185 2078 2238 in
2119 2185 2278 2240 nobis
2313 2187 2478 2241 situm
2516 2196 2617 2240 est.
2655 2183 3088 2255 Haudquaquam
3116 2195 3310 2238 natura
3336 2201 3400 2239 ex
3433 2183 3609 2237 homi-

339 2288 475 2335 σεως
507 2269 808 2326 ἀνανεώσει
841 2271 1040 2342 μέτρον
1069 2273 1163 2325 καὶ
1199 2272 1412 2336 κάλλος,
1446 2273 1590 2345 άπερ
1622 2274 1803 2327 δίδωσι
1831 2274 1920 2328 διά

2024 2277 2110 2331 nis
2133 2277 2399 2331 sententia
2437 2283 2492 2330 et
2525 2275 2750 2330 libidine
2785 2283 3048 2330 staturam
3095 2275 3340 2338 metitur,
3381 2276 3474 2328 sed
3509 2289 3610 2328 suo

336 2365 434 2435 τῆς
457 2363 551 2418 τοῦ
583 2363 872 2436 δεχομένου
917 2363 1150 2435 σπουδῆς
1181 2366 1215 2436 ὴ
1241 2364 1336 2418 τοῦ
1385 2367 1698 2437 Πνεύματος
1739 2368 1917 2438 χάρις,

2024 2367 2313 2436 ipsiusmet
2343 2368 2545 2436 impetu
2577 2373 2631 2420 et
2662 2367 3009 2420 necessitate.
3061 2363 3242 2418 Animi
3275 2381 3400 2419 vero
3432 2365 3487 2417 in
3522 2378 3611 2415 or-

337 2455 433 2525 τῆς
459 2455 737 2526 ἡμετέρας
763 2455 999 2526 ἤρτηται
1046 2455 1271 2525 γνώμης
1292 2471 1304 2484 ·
1353 2457 1476 2510 ὅσον
1524 2458 1632 2529 γὰρ
1665 2459 1922 2522 ἐκτείνεις

2024 2467 2113 2514 tus
2159 2459 2513 2513 renovatione
2555 2458 2751 2512 modus
2779 2466 2832 2511 et
2863 2457 3052 2523 decus,
3082 2473 3203 2527 qua:
3234 2457 3468 2526 Spiritus
3487 2473 3611 2528 gra-

336 2547 462 2610 τοὺς
493 2547 634 2617 ὑπὲρ
665 2547 764 2618 τῆς
809 2547 1093 2612 εὐσεϐείας
1145 2548 1386 2616 ἀγῶνας,
1432 2549 1686 2602 τοσοῦτον
1736 2549 1922 2605 καὶτὸ

2023 2551 2096 2602 lia
2151 2549 2398 2618 largitur,
2429 2563 2525 2618 per
2563 2547 2682 2618 ejus
2731 2547 2824 2618 qui
2859 2557 3118 2617 acceptus
3151 2557 3256 2613 est,
3287 2551 3549 2616 studium,
3581 2567 3611 2604 a

334 2635 434 2704 τῆς
457 2635 638 2706 ψυχῆς
671 2637 1068 2691 συνεκτείνεται
1097 2637 1341 2708 μέγεθος.
1378 2640 1486 2692 Καὶ
1506 2639 1601 2710 τὴν
1628 2639 1726 2710 μὲν
1752 2640 1922 2694 ἀΐδιον

2022 2641 2254 2695 consilio
2278 2650 2472 2708 nostro
2496 2639 2732 2709 pendent
2762 2659 2775 2693 :
2811 2655 2935 2692 nam
2964 2651 3170 2710 quanto
3199 2641 3372 2708 magis
3399 2641 3611 2697 labores

335 2725 508 2798 ζωὴν,
523 2728 618 2781 καὶ
648 2727 744 2800 τὴν
770 2727 1006 2800 ἄρρητον
1037 2729 1095 2782 ἐν
1117 2729 1362 2800 οὐρανοῖς
1388 2729 1796 2800 εὐφροσύνην,ή
1825 2728 1919 2782 τοῦ

2023 2745 2122 2798 pro
2145 2729 2342 2798 pietate
2364 2729 2635 2793 extendis,
2656 2737 2806 2783 tanto
2829 2730 2991 2784 etiam
3023 2729 3197 2799 magis
3213 2731 3378 2783 animi
3403 2733 3609 2802 magni-

337 2815 656 2887 Πνεύματος
679 2817 860 2872 δίδωσι
898 2817 1054 2890 χάρις
1075 2835 1086 2850 ·
1123 2821 1221 2890 τὴν
1256 2819 1312 2872 δὲ
1345 2819 1500 2884 ἀξίαν
1543 2819 1636 2872 τοῦ
1669 2820 1921 2884 δέξασθαι

2024 2819 2154 2874 tudo
2186 2820 2349 2875 simul
2375 2821 2708 2876 extenditur.
2742 2819 2810 2872 Et
2834 2824 3222 2890 sempiternam
3251 2826 3413 2875 vitam
3451 2833 3611 2894 atque

335 2909 403 2961 τὰ
428 2909 600 2982 δῶρα,
631 2910 724 2963 καὶ
765 2909 1074 2963 ἀπολαῦσαι
1101 2911 1200 2982 τῆς
1243 2911 1486 2982 χάριτος,
1517 2913 1544 2964 ὁ
1576 2911 1663 2966 διὰ
1699 2913 1797 2982 τῆς
1835 2913 1923 2965 πί-

2025 2910 2348 2966 ἱιιοίΐιιὺὶιριη
2365 2927 2485 2982 quae
2504 2912 2555 2966 in
2575 2913 2730 2966 caelis
2751 2921 2834 2967 est
2855 2914 3092 2967 laetitiam
3113 2914 3356 2984 ejusdem
3379 2916 3612 2986 Spiritus

338 3017 512 3064 στεως
548 2999 700 3071 παρὰ
725 3000 853 3064 τοὺς
883 3000 1078 3065 πόνους
1104 3001 1242 3073 ἔρως
1266 3003 1400 3074 ἔχει.

2027 3005 2200 3073 gratia
2225 3004 2482 3059 concedit
2510 3021 2522 3057 :
2547 3004 2849 3074 accipiendi
2888 3020 3016 3060 vero
3043 3021 3268 3061 munera
3299 3006 3613 3077 dignitatem

2028 3101 2082 3149 et
2101 3095 2274 3166 gratia
2303 3093 2540 3156 fruendi,
2568 3110 2720 3149 amor
2741 3111 2837 3166 per
2863 3096 3022 3151 ﬁdem
3051 3097 3327 3153 laboribus
3351 3099 3578 3154 obtinet.

408 3179 776 3254 Προελθοῦσαι
811 3180 868 3235 δὲ
915 3181 998 3246 εἰς
1036 3182 1231 3236 ταύτὸν
1268 3183 1579 3252 δικαιοσύνη
1619 3183 1795 3254 ἔργων
1829 3183 1924 3237 καὶ
1951 3211 1995 3268 C

1992 3247 1995 3265 ᾗ
2101 3185 2222 3241 Jam
2257 3201 2387 3241 vero
2419 3185 2487 3240 ad
2521 3187 2663 3242 idem
2715 3202 3021 3258 progressae
3058 3204 3284 3259 operum
3325 3190 3537 3260 justilia
3564 3201 3613 3248 et

338 3273 656 3344 Πνεύματος
695 3272 875 3344 χάρις,
930 3275 1012 3336 είς
1057 3275 1122 3344 ἢν
1175 3274 1436 3345 συνῆλοον
1487 3276 1684 3346 ψυχὴν,
1721 3275 1926 3344 ταύτην

2031 3278 2266 3349 Spiritus
2322 3276 2520 3348 gratia,
2580 3279 2635 3330 in
2691 3291 2797 3346 qua
2843 3277 3025 3331 anima
3047 3289 3471 3345 concurrerunt,
3497 3296 3615 3335 eam

341 3367 490 3436 ζωῆς
538 3366 814 3436 μακαρίας
866 3367 984 3434 μετ’
1059 3365 1302 3436 ἀλλήλων
1354 3366 1657 3437 ἐνέπλησαν
1683 3382 1696 3396 ·
1745 3365 1928 3430 διαζυ-

2030 3371 2184 3425 beata
2215 3369 2325 3422 vita
2355 3369 2607 3423 certatim
2639 3369 2913 3438 complent
2937 3387 2951 3432 ;
2979 3369 3124 3424 seda
3155 3385 3215 3425 se
3244 3370 3479 3426 invicem
3503 3373 3607 3428 dis-

339 3459 525 3525 τεῖσαι
557 3455 612 3510 δέ
647 3457 741 3510 ἀπ’
765 3455 1011 3528 ἀλλήλων
1053 3457 1205 3509 οὐδὲν
1237 3458 1303 3528 τῇ
1337 3456 1484 3526 ψυχῇ
1543 3457 1730 3528 κέρδος
1786 3474 1928 3528 παρ-

2024 3461 2250 3528 ]ιωοιεο,
2331 3460 2542 3515 nullum
2603 3461 2800 3516 animae
2849 3461 3279 3516 emolumentum
3338 3465 3615 3520 exhibent.

341 3549 578 3620 ἔχουσιν.
601 3548 695 3601 ’Ἰὶ
724 3564 782 3600 τε
811 3547 921 3618 γὰρ
967 3547 1061 3600 τοῦ
1101 3547 1235 3602 Θεοῦ
1283 3548 1442 3620 χάρις
1464 3547 1668 3626 ψυχαῖς
1698 3549 1928 3618 φευγού-

2032 3551 2242 3607 Etenim
2281 3551 2374 3606 Dei
2418 3551 2594 3622 gratia
2650 3552 2704 3605 in
2757 3553 2954 3608 animis
2979 3553 3072 3622 qui
3114 3555 3344 3609 salutem
3383 3556 3614 3626 fugiunt,

343 3655 470 3701 σαις
523 3639 621 3709 τήν
685 3637 960 3708 σωτηρίαν
1011 3638 1112 3690 οὐκ
1159 3638 1274 3711 ἔχει
1323 3625 1628 3710 ἐπιφοιτᾷν,
1659 3641 1694 3710 ἦ
1747 3657 1805 3692 τε
1829 3638 1930 3708 τῆς

2031 3657 2142 3696 non
2175 3649 2354 3712 potest
2385 3641 2702 3713 frequenter
2731 3643 2944 3698 adesse.
2989 3642 3240 3700 Hominis
3273 3661 3403 3700 vero
3442 3625 3615 3703 virtu-

338 3731 438 3786 τοῦ
471 3727 757 3802 ἀνθρώπου
787 3731 988 3801 ἀρετῆς
1019 3729 1268 3802 δύναμις,
1291 3732 1390 3785 οὐκ
1412 3732 1634 3802 ἐξαρκεῖ
1661 3731 1930 3785 καθ’έαυ-

2032 3735 2102 3788 tis
2137 3735 2222 3789 vis
2256 3749 2354 3804 per
2381 3749 2440 3790 se
2483 3749 2592 3788 non
2630 3733 2829 3789 sufﬁcit
2859 3735 2924 3790 ad
2963 3735 3176 3790 animos
3209 3739 3398 3807 gratim
3426 3754 3615 3809 exper-

340 3823 443 3892 τὴν
478 3822 616 3894 πρὸς
644 3822 814 3893 τὸτῆς
849 3822 996 3893 ζωῆς
1026 3817 1164 3887 εἶδος
1189 3823 1518 3878 ἀναϐιϐάσαι
1557 3823 1734 3894 ψυχὰς
1773 3825 1932 3894 ἀμοι-

2033 3834 2136 3890 tes,
2173 3825 2240 3880 ad
2263 3827 2386 3881 vitae
2420 3825 2650 3880 formam
2693 3826 2999 3881 absolutam
3024 3828 3382 3884 extollendos.
3421 3847 3440 3882 ‹
3504 3831 3616 3886 Nisi

345 3914 546 3984 ρούσας
589 3915 688 3985 τῆς
717 3915 962 3987 χάριτος.
1005 3934 1023 3967 ι
1070 3915 1197 3970 Ἐὰν
1244 3917 1320 3988 μὴ
1362 3915 1564 3988 Κύριος
1601 3917 1930 3988 οἰκοδομήσῃ

2033 3913 2302 3972 Dominus
2333 3915 2688 3970 aediﬁcaverit
2717 3916 2963 3982 domum,
2997 3925 3050 3972 et
3082 3919 3406 3976 custodierit
3431 3920 3615 3975 civita-

344 4001 514 4070 οἷκον,
560 4007 653 4060 καὶ
693 4006 908 4079 φυλάξῃ
957 4007 1132 4071 πόλιν,
1176 4009 1256 4070 είς
1293 4007 1472 4078 μάτην
1505 4009 1710 4078 οἱπερὶ
1760 4007 1933 4061 ταῦτα

2034 4016 2166 4076 tem,
2193 4009 2247 4062 in
2281 4023 2478 4062 vanum
2510 4008 2897 4063 laboraverunt
2937 4008 3026 4078 qui
3063 4010 3338 4066 aediﬁcant
3370 4027 3488 4065 eam
3512 4014 3556 4067 ¹.
3595 4031 3614 4063 ι

345 4096 593 4153 πονοῦσι.
629 4117 648 4149 ι
702 4098 1013 4153 Κάντεῦθεν
1045 4099 1426 4170 διδασκόμεθα,
1461 4100 1536 4172 μὴ
1575 4101 1685 4153 δεῖν
1716 4103 1932 4172 φρονεῖν

2035 4095 2172 4154 Hinc
2217 4099 2514 4154 edocemur
2555 4115 2664 4154 non
2703 4116 2826 4156 esse
2858 4101 2913 4154 in
2944 4108 3178 4154 mentem
3222 4101 3615 4164 inducendum,

344 4193 468 4245 ταῖς
488 4190 852 4260 ἀνθρωπίναις
875 4191 1131 4255 σπουδαῖς
1151 4190 1273 4244 ὅλον
1295 4190 1510 4244 κεῖσθαι
1532 4191 1622 4244 τὸν
1648 4191 1929 4260 στέφανον’

2034 4191 2089 4244 in
2123 4189 2366 4245 humano
2397 4191 2580 4245 studio
2603 4197 2769 4244 totam
2793 4190 2952 4245 sitam
2968 4205 3090 4245 esse
3113 4205 3368 4244 coronam
3395 4206 3410 4255 ;
3433 4206 3617 4246 verum

345 4282 464 4336 ἀλλ’
493 4282 785 4354 ἀναφέρειν
813 4281 906 4335 ἐπὶ
941 4281 1002 4334 τὸ
1038 4280 1134 4335 τοῦ
1157 4281 1291 4335 Θεοῦ
1321 4281 1533 4352 θέλημα
1557 4280 1651 4344 τὰς
1687 4280 1933 4351 περὶτοῦ

2035 4281 2102 4336 ad
2133 4280 2228 4336 Dei
2277 4282 2612 4336 voluntatem
2653 4277 2996 4333 referendam
3053 4292 3174 4332 esse
3211 4293 3362 4347 spem
3399 4277 3466 4333 de
3513 4279 3616 4334 ﬁne

345 4373 536 4436 τέλους
557 4373 796 4438 ἐλπίδας.
831 4374 987 4428 Ἐστι
1017 4373 1075 4428 δὲ
1104 4373 1316 4444 θέλημα
1341 4372 1474 4425 Θεοῦ
1496 4373 1558 4424 τὸ
1583 4371 1820 4446 καθᾶραι
1845 4371 1935 4425 διὰ

2035 4373 2337 4428 obtinendo
2370 4390 2384 4426 :
2415 4355 2582 4442 porro
2642 4367 2736 4434 Dei
2770 4369 3023 4423 voluntas
3052 4377 3156 4432 est,
3191 4377 3250 4423 ut
3283 4367 3467 4422 anima
3524 4383 3616 4438 per

348 4465 450 4536 τῆς
483 4464 702 4536 χάριτος
737 4465 836 4536 τὴν
865 4465 1064 4538 ψυχὴν,
1087 4465 1334 4538 καθαράν
1362 4465 1531 4535 αὐτὴν
1562 4466 1933 4534 προσαγαγεῖν
1961 4505 1965 4508 .

2036 4465 2268 4534 gratiam
2307 4468 2572 4532 purgetur
2619 4468 2672 4516 et
2714 4474 2848 4528 pura
2879 4473 2942 4514 ac
2969 4459 3170 4514 munda
3199 4458 3310 4514 Deo
3340 4457 3617 4516 oﬁeratur.

348 4555 429 4626 τῷ
457 4555 593 4626 Θεῷ.
627 4555 765 4621 Τοὺς
791 4556 898 4629 γὰρ
919 4555 1192 4620 τοιούτους
1221 4559 1250 4610 ὁ
1275 4553 1477 4627 Κύριος
1507 4556 1820 4626 μακαρίζει,
1849 4555 1935 4607 λέ-
1965 4549 1969 4603 ζ

1996 4549 2173 4608 δΝιιιῐι
2199 4553 2458 4608 Dominus
2497 4549 2768 4622 ejusmodi
2803 4551 2991 4606 beatos
3031 4551 3310 4620 prwdicat,
3361 4567 3484 4606 cum
3519 4553 3617 4618 ait,

350 4662 465 4713 γων
487 4663 500 4678 ·
545 4666 562 4699 ι
599 4647 872 4720 Μακάριοι
892 4649 941 4702 οί
965 4647 1196 4719 καθαροὶ
1211 4650 1278 4718 τῇ
1306 4647 1521 4718 καρδίᾳ,
1549 4647 1631 4701 ὅτι
1665 4647 1818 4700 αὐτοὶ
1843 4649 1936 4702 τὸν

2045 4668 2063 4700 ι
2095 4647 2246 4702 Beati
2277 4647 2482 4701 mundo
2509 4645 2695 4706 corde,
2724 4645 2853 4718 quia
2883 4645 2986 4715 ipsi
3016 4643 3184 4700 Deum
3216 4644 3476 4700 videbunt
3505 4645 3546 4700 ³.
3597 4663 3615 4696 ι

350 4735 486 4788 Θεὸν
511 4735 750 4805 ὄψονται.
779 4757 799 4791 ι
835 4739 1004 4810 Ὁρᾷς
1034 4739 1093 4792 τὸ
1125 4737 1377 4810 βραϐεῖον
1403 4739 1501 4811 τῆς
1525 4737 1932 4810 καθαρότητοςς

2038 4739 2278 4794 Videsne
2311 4739 2564 4810 puritatis
2591 4735 2913 4808 praemium?
2947 4734 3090 4803 Quid
3125 4737 3320 4792 melius
3345 4745 3427 4792 est
3455 4751 3617 4806 quam

351 4826 421 4878 Τί
457 4831 703 4898 κρεῖττον
727 4827 820 4882 τοῦ
861 4830 986 4883 ἰδεῖν
1025 4830 1116 4884 τὸν
1140 4829 1290 4894 Θεὸν,
1321 4829 1502 4894 καθὼς
1521 4831 1652 4900 ἡμῖν
1680 4831 1932 4900 ἐγχωρεῖ;

2040 4829 2210 4886 Deum
2231 4829 2436 4894 videre,
2457 4838 2728 4900 quatenus
2753 4827 2912 4883 nobis
2924 4842 3250 4882 concessum
3273 4837 3356 4882 est
3374 4827 3396 4880 ?
3412 4825 3619 4881 Idcirco

349 4921 447 4974 Διὸ
495 4922 588 4974 καὶ
624 4923 652 4974 ὁ
697 4922 860 4976 Δαϐὶδ
911 4923 1052 4977 αξτεί
1091 4923 1267 4987 τοῦτο,
1315 4922 1524 4991 λέγων’
1575 4941 1594 4974 ι
1630 4921 1933 4994 Γενέσθωὴ

2039 4924 2202 4980 etiam
2249 4921 2420 4977 David
2447 4922 2551 4976 hoc
2579 4921 2822 4992 postulat
2843 4921 3064 4976 dicens:
3097 4937 3116 4969 ι
3151 4917 3271 4974 Fiat
3299 4933 3396 4972 cor
3441 4933 3618 4972 meum

353 5012 553 5082 καρδία
582 5031 680 5083 μου
716 5013 948 5086 ἄμωμος
969 5017 1080 5078 τοῖς
1109 5005 1441 5084 δικαιώμασί
1461 5015 1741 5079 σου,ὃπως
1769 5013 1836 5068 ἂν
1862 5015 1936 5086 μὴ

2037 5014 2377 5085 inculpatum
2425 5013 2479 5068 in
2506 5012 3002 5082 justiﬁeationibus
3059 5011 3190 5077 tuis,
3244 5019 3303 5064 ut
3343 5025 3451 5064 non
3489 5024 3622 5064 con-

351 5102 650 5173 αἱαχυνθῶ.
704 5123 723 5158 ι
769 5106 1054 5160 Φοϐεῖσοαι
1110 5105 1322 5160 κελεύει
1343 5107 1443 5176 τὴν
1493 5106 1790 5178 αἰσχύνην·
1845 5107 1940 5160 καὶ

2039 5106 2241 5160 fundar
2269 5106 2313 5160 ".
2358 5123 2377 5156 ι
2411 5103 2576 5160 Jubet
2624 5103 2865 5159 dedecus
2897 5111 3160 5164 metuere,
3205 5109 3257 5156 et
3289 5102 3391 5156 hoc
3424 5116 3622 5156 exuere

353 5189 654 5244 ἀποθέσθαι
675 5193 886 5248 κελεύει
903 5195 1128 5267 ταύτην,
1151 5194 1227 5258 ὡς
1248 5193 1450 5266 ἐσθῆτα
1473 5195 1750 5266 ρυπῶσαν.
1771 5197 1942 5251 Πάλιν

2039 5195 2312 5267 praecipit,
2348 5203 2610 5264 tanquam
2643 5202 2847 5249 vestem
2871 5193 3171 5248 sordidam.
3195 5191 3410 5247 Rursus
3437 5201 3621 5246 autem

350 5283 412 5335 δέ
440 5296 601 5354 φησιο
642 5284 746 5338 «Τό
759 5303 817 5338 τε
847 5287 909 5340 οὐ
942 5287 1016 5358 μὴ
1035 5285 1307 5358 αίσχυνθῶ
1341 5287 1397 5340 ἐν
1428 5287 1506 5358 τῷ
1537 5304 1602 5358 με
1631 5287 1944 5342 ἐπιϐλέπειν

2043 5287 2118 5340 ait
2142 5305 2156 5340 ε
2193 5305 2211 5339 ι
2239 5283 2396 5340 Tunc
2417 5301 2522 5340 non
2553 5284 2881 5352 conluudar,
2909 5301 3032 5342 cum
3057 5298 3386 5356 perspexero
3417 5284 3472 5340 in
3501 5301 3621 5339 om-

351 5374 450 5426 ἐπὶ
475 5375 655 5439 πάσας
678 5375 774 5440 τὰς
796 5378 1014 5442 ἐντολάς
1039 5396 1153 5433 σου.
1187 5398 1206 5430 ι
1252 5378 1341 5433 Ἐν
1368 5377 1477 5450 γὰρ
1510 5377 1587 5450 τῷ
1617 5378 1945 5451 πληρώματι

2043 5379 2208 5434 nibus
2258 5377 2534 5433 mandatis
2591 5376 2702 5432 tuis
2729 5377 2772 5429 '.
2847 5395 2867 5428 ι
2921 5374 3058 5430 Nam
3126 5375 3182 5430 in
3237 5375 3619 5431 mandatorum

352 5463 464 5517 τῶν
488 5465 720 5519 ἐντολῶν
745 5467 953 5521 τίθεται
981 5467 1040 5522 τὺ
1075 5468 1300 5540 Πνεῦμα
1341 5467 1439 5540 τὴν
1467 5467 1800 5540 παρρησίαν.
1829 5469 1939 5522 Καὶ

2045 5470 2239 5526 cﬂ'cctu
2284 5467 2528 5539 Spiritus
2579 5469 2884 5524 libertatem
2943 5483 3008 5523 ac
3053 5465 3306 5522 ﬁduciam
3365 5469 3619 5523 collocat.

353 5556 522 5611 πάλιν
545 5574 559 5589 ·
593 5575 612 5610 ι
637 5559 880 5631 Καρδίαν
913 5559 1158 5631 καθαρὰν
1186 5559 1368 5612 κτίσον
1398 5561 1454 5612 ἐν
1493 5559 1638 5628 ἐμοὶ,
1668 5560 1697 5615 ὁ
1725 5557 1885 5622 Θεὸς·
1913 5576 1932 5610 ι

2045 5563 2246 5617 ilrrtttn
2291 5563 2365 5615 ait
2420 5561 2562 5616 idem
2607 5577 2618 5611 :
2677 5579 2696 5614 ι
2762 5560 2872 5615 Cor
2911 5558 3175 5614 mundum
3220 5574 3344 5614 erea
3401 5561 3455 5614 in
3512 5574 3617 5625 me,

354 5650 471 5714 καὶ,
505 5667 524 5702 ι
563 5650 846 5722 Πνεύματι
869 5650 1180 5720 ἡγεμονικῷ
1210 5648 1460 5722 στήριξύν
1493 5668 1580 5721 με.
1618 5669 1635 5701 ι
1681 5649 1938 5719 Ἀλλαχοῦ

2048 5650 2191 5706 Deus
2221 5651 2241 5681 ⁸
2273 5667 2288 5716 ;
2325 5667 2342 5700 ι
2389 5659 2465 5712 et,
2513 5669 2530 5700 ε
2568 5648 2775 5718 Spiritu
2811 5647 3379 5719 principaliconﬁrma
3415 5663 3500 5704 me
3520 5649 3560 5700 ".
3597 5666 3615 5697 ι

341 5863 346 5870 ’
425 5850 443 5881 ¹
473 5849 678 5920 Ephrs.
712 5863 784 5912 ιν,
808 5847 896 5900 15.
977 5847 996 5875 ¹
1021 5845 1162 5901 Psal.
1186 5849 1433 5908 cxxv1,l.
1511 5845 1531 5876 ³
1552 5845 1740 5899 Matth.
1767 5862 1815 5910 ι’,
1842 5846 1894 5900 8.

2013 5845 2156 5900 Psal.
2183 5859 2370 5908 CXVIII,
2397 5841 2483 5896 80.
2562 5843 2582 5874 ⁵
2610 5841 2740 5898 ibid.
2773 5842 2823 5897 6.
2905 5845 2924 5874 ⁸
2956 5843 3101 5897 l’sal.
3131 5843 3291 5910 1.,12.
3344 5841 3514 5897 "ibid.
3537 5842 3619 5896 14,
