4106 6448
556 465 658 517 29!

1756 447 1814 505 S.
1853 445 2178 502 GBEGORU
2225 443 2515 499 NYSSENI

3714 435 3818 496 ‘21"!

557 578 699 634 Alibi
732 589 859 631 vero
883 575 1186 645 interrogat
1219 591 1232 626 :
1280 591 1299 624 ι
1335 571 1472 639 Quis
1527 569 1788 626 ascendet
1819 571 1873 623 in
1899 578 2135 622 montem

2245 569 2300 621 δὲ
2319 570 2517 640 ἐρωτᾷ·
2553 585 2571 618 ι
2597 566 2692 630 Τίς
2714 565 3043 636 ἀναϐήσεται
3071 565 3150 628 εἰς
3176 564 3237 617 τὸ
3265 564 3388 636 ὅρος
3413 562 3505 616 τοῦ
3530 563 3733 634 Κυρίου
3754 581 3768 627 ς
3791 581 3812 614 ι

560 668 818 724 Domini?
848 686 867 720 ι
901 665 1096 722 deinde
1139 666 1454 734 respondet,
1506 681 1525 715 ι
1561 661 1830 716 lnnocens
1881 661 2136 715 manibus

555 770 612 814 et
645 760 849 814 mundo
879 757 1043 812 corde
1064 757 1105 810 ⁸.
1151 778 1168 808 ι
1209 755 1312 808 Par
1351 766 1436 810 est
1493 770 1624 824 ergo
1652 769 1774 807 eum
1803 753 1897 821 qui
1933 752 2138 822 appetit

557 850 989 922 adjungialicui,
1027 864 1206 903 mores
1254 848 1404 900 illitis
1437 846 1658 899 imitari.
1719 845 1887 914 Igitur
1910 859 2138 898 necesse

555 953 732 999 estut
773 945 954 996 anima
998 957 1120 1011 quae
1161 940 1363 996 Christi
1406 953 1608 1008 sponsa
1670 937 1785 992 ﬁeri
1841 938 2134 1000 desiderat,

558 1033 951 1104 pulchritudini
995 1031 1201 1087 Christi
1247 1031 1429 1100 quoad
1489 1029 1612 1098 ejus
1655 1029 1770 1084 fieri
1823 1028 2022 1098 poterit
2063 1028 2137 1081 si-

558 1125 701 1178 milis
722 1123 815 1177 ﬁat
853 1142 867 1177 :
897 1131 1131 1192 oportet,
1166 1123 1410 1190 inquam,
1448 1128 1506 1172 ut
1533 1119 1714 1172 anima
1744 1134 1866 1186 quae
1883 1118 2136 1171 advolare

557 1215 622 1267 ad
655 1213 867 1268 Numen
903 1213 1128 1282 cogitat,
1161 1220 1214 1265 et
1243 1211 1522 1265 adhaerere
1544 1210 1786 1273 Christo,
1813 1224 1976 1263 omne
2008 1224 2136 1278 pec-

555 1313 734 1357 catum
757 1319 786 1355 a
809 1319 866 1357 se
886 1303 1142 1371 expellat,
1162 1300 1366 1354 furtum
1384 1301 1528 1365 dico,
1552 1307 1605 1354 et
1631 1300 1899 1369 rapinam,
1917 1301 2139 1353 etadul-

553 1394 774 1460 terium,
809 1400 864 1446 et
901 1393 1212 1458 avaritiam,
1264 1403 1320 1446 et
1367 1397 1781 1454 scortationem,
1834 1402 1888 1446 et
1942 1392 2137 1462 linguae

553 1483 725 1548 virus,
761 1493 816 1538 et
842 1499 1004 1538 omne
1028 1484 1381 1538 manifestum
1411 1484 1734 1538 delictorum
1760 1497 1953 1554 genus,
1975 1491 2138 1552 atque

551 1578 718 1632 etiam
751 1581 1051 1638 occultum,
1081 1575 1390 1644 cujusmodi
1416 1585 1502 1629 est
1543 1574 1780 1638 invidia,
1815 1573 2132 1636 difﬁdentia,

552 1666 890 1736 malignitas,
925 1663 1096 1730 fraus,
1135 1673 1188 1717 et
1227 1678 1564 1733 quzccunque
1617 1663 1723 1716 alia
1783 1663 2008 1716 latentia
2055 1662 2138 1714 vi-

555 1757 758 1810 tiorum
793 1756 1069 1820 examina,
1101 1771 1222 1825 quae
1253 1771 1408 1824 aeque
1437 1770 1502 1809 ac
1546 1767 1796 1823 apertum
1827 1763 2134 1807 erratorum

553 1863 726 1919 genus
759 1848 875 1901 odit
907 1845 1216 1916 Scriptura,
1247 1855 1302 1900 et
1335 1846 1706 1900 abominatur.
1736 1843 1980 1910 Quorum
2021 1843 2136 1898 dis-

2246 659 2365 712 εἶτα
2395 657 2786 728 ἀποκρίνεται·
2821 675 2840 707 ι
2882 653 3082 717 Ἀθῶος
3123 655 3299 725 χερσὶ,
3341 654 3436 706 καὶ
3477 653 3714 724 καθαρὸς
3752 655 3818 723 τῇ

2247 751 2461 822 καρδίᾳ.
2501 769 2518 800 ι
2551 751 2642 802 Δεῖ
2677 744 2769 802 οῦν
2800 747 2891 800 τὸν
2911 744 3280 815 ἐπιθυμοῦντα
3312 744 3655 815 οἰκειωθῆναί
3693 762 3818 809 τινι,

2245 843 2336 894 τὸν
2393 842 2602 894 ἐκείνου
2651 841 2850 908 τρόπον
2889 836 3192 908 μιμεῖσθαι.
3243 837 3448 890 Οὐκοῦν
3481 837 3692 907 ἀνάγκη
3729 837 3822 890 καὶ

2245 933 2342 1003 τὴν
2393 928 2628 1000 Χριστοῦ
2666 928 2935 982 ποθοῦσαν
2972 929 3224 996 γενέσθαι
3255 929 3472 999 νύμφην
3507 930 3703 1000 ψυχὴν,
3745 930 3823 1001 τῷ

2245 1023 2338 1076 τοῦ
2373 1020 2602 1092 Χριστοῦ
2623 1019 2952 1090 ὁμοιωθῆναι
2991 1019 3176 1072 κάλλει
3207 1020 3268 1072 τὸ
3293 1021 3432 1073 κατά
3459 1021 3706 1091 δύναμιν.
3735 1024 3824 1076 Δεῖ

2245 1115 2342 1186 τὴν
2377 1113 2675 1184 μέλλουσαν
2697 1098 3032 1164 ’ἀνίπτασθαι
3071 1112 3208 1182 πρὸς
3239 1111 3298 1164 τὸ
3327 1111 3479 1164 Θεῖον
3509 1112 3706 1184 ψυχὴν,
3731 1115 3823 1167 καὶ

2247 1207 2540 1261 κολλᾶσθαι
2567 1202 2810 1276 Χριστῷ,
2859 1206 3035 1257 πᾶσαν
3084 1203 3388 1268 ἐξελαύνειν
3433 1207 3704 1275 ἁμαρτίαν
3732 1207 3824 1275 ἀρ’

2246 1304 2466 1372 ἑαυτῆς,
2501 1300 2706 1372 κλοπὴν
2758 1299 2920 1366 λέγω,
2973 1300 3066 1351 καὶ
3111 1297 3366 1368 ἁρπαγὴν
3419 1299 3511 1351 καὶ
3557 1299 3822 1368 μοιχείαν,

2245 1395 2342 1448 καὶ
2379 1393 2711 1458 πλεονεξίαν,
2743 1393 2838 1446 καὶ
2864 1392 3117 1462 πορνείαν
3139 1391 3234 1444 καὶ
3257 1390 3506 1460 γλώσσης
3527 1392 3700 1458 νόσον,
3730 1393 3826 1445 καὶ

2246 1489 2354 1540 πᾶν
2383 1487 2504 1540 ὅσον
2530 1483 2770 1556 ἐμφανὲς
2809 1482 3220 1553 ἁμαρτημάτων
3257 1482 3430 1550 γένος,
3465 1481 3556 1534 καὶ
3583 1482 3704 1534 ὅσον
3731 1481 3826 1533 λα-

2246 1579 2452 1650 θραῖον,
2470 1577 2626 1630 τοῦτό
2653 1577 2770 1628 ἐστι
2797 1573 3012 1642 φθόνος,
3041 1573 3289 1630 ἀπιστία.
3321 1571 3633 1641 κακοήθεια.
3653 1571 3824 1637 δόλος,

2244 1671 2338 1725 καὶ
2388 1671 2511 1722 ὅσον
2559 1668 2786 1721 ὓπουλον
2815 1667 2914 1736 τῆς
2955 1665 3154 1728 κακίας
3185 1665 3409 1734 σμῆνος,
3447 1665 3582 1735 ὅπερ
3616 1665 3675 1728 ἐξ
3708 1664 3825 1716 ἴσου

2243 1761 2322 1833 τῷ
2361 1759 2578 1832 φανερῷ
2610 1760 2754 1828 γένει
2788 1759 2895 1811 τῶν
2939 1756 3350 1828 ἁμαρτημάτων
3387 1758 3420 1826 ἡ
3452 1755 3643 1828 Γραφὴ
3681 1757 3828 1825 μισεί

2244 1857 2337 1909 καὶ
2363 1854 2729 1925 βδελύσσεται.
2753 1851 2910 1915 Τίνος
2939 1851 3262 1920 ἐσκόρπισεν
3286 1848 3415 1902 ὀστᾶ
3441 1851 3468 1903 ό
3494 1848 3728 1918 Κύριος;
3765 1849 3826 1901 οὐ

553 1942 751 2010 sipavit
781 1955 906 1997 ossa
951 1941 1215 1995 Dominus
1238 1943 1260 1973 '
1289 1941 1311 1993 ί
1351 1955 1535 1995 nonne
1573 1939 1886 1993 hominibus
1920 1940 2135 2008 placere

2240 1947 2348 2000 τῶν
2373 1944 2879 2018 ἀνθρωπαρέσκωνς
2923 1943 3056 1996 Τίνα
3087 1941 3471 2012 βδελύσσεταιό
3490 1941 3726 2012 Κύριος-,³
3755 1939 3830 2006 ὡς

554 2035 889 2090 studentium
919 2035 936 2087 ἰ
969 2032 1140 2100 Quem
1168 2031 1518 2087 abominatur
1543 2029 1806 2085 Dominus
1845 2041 1903 2084 ut
1923 2031 2135 2083 Γεεὶιιοο

552 2140 742 2179 rosum
768 2133 821 2180 et
855 2125 1338 2196 sanguinolentum
1367 2125 1390 2176 ?
1417 2137 1602 2177 nonne
1625 2119 1916 2178 subdolum
1954 2121 2132 2176 virum

552 2227 606 2272 et
642 2215 1091 2271 fraudulentum?
1116 2230 1262 2280 nam,
1305 2233 1323 2267 ι
1352 2212 1546 2268 Virum
1583 2214 1912 2284 sanguinum
1940 2220 1995 2268 et
2034 2213 2134 2266 do-

553 2309 731 2362 losum
760 2307 1110 2362 abominatur
1141 2305 1515 2362 Dominus'°.i
1535 2303 1727 2359 Nonne
1752 2313 1938 2376 aperte
1969 2303 2136 2359 Datid

553 2401 624 2455 iis
660 2419 679 2450 ι
723 2399 818 2469 qui
851 2399 1150 2468 loquuntur
1201 2412 1389 2467 pacem
1435 2411 1560 2452 cum
1595 2395 1794 2460 vicinis
1824 2395 1964 2456 suis,
1996 2396 2136 2449 mala

553 2505 686 2544 vero
724 2491 776 2544 in
833 2489 1095 2544 cordibus
1136 2489 1254 2543 suis
1311 2491 1378 2550 “,
1425 2507 1443 2540 ι
1497 2486 1880 2556 imprecatur?
1923 2483 2137 2540 Idcirco

551 2580 716 2633 etiam
745 2579 798 2632 in
831 2577 1102 2632 mandatis
1122 2578 1410 2642 habemus,
1436 2585 1494 2632 ut
1530 2591 1706 2646 neque
1731 2577 1796 2630 ab
1818 2575 2140 2632 hominibus

555 2676 742 2730 laudes
775 2690 1132 2745 aucupentur,
1168 2689 1350 2745 neque
1389 2675 1814 2745 ignominiarum
1873 2675 1944 2729 ab
2002 2674 2140 2746 ipsis

554 2784 900 2844 acceptarum
937 2772 1182 2842 pudeat:
1232 2772 1435 2827 etenim
1487 2786 1585 2827 eos
1619 2773 1712 2842 qui
1757 2788 1851 2842 per
1893 2780 2139 2828 ostenta-

553 2869 756 2923 tionem
805 2868 1065 2922 virtutem
1101 2867 1342 2938 aliquam
1369 2877 1627 2922 exercent
1659 2865 1946 2938 Scriptura
1977 2881 2136 2923 sacra

2236 2043 2326 2097 τὸν
2360 2041 2529 2111 ἐναγῆ
2559 2041 2654 2094 καὶ
2701 2039 3015 2110 μιαιφόνονς
3055 2039 3115 2090 οὺ
3151 2037 3242 2090 τὸν
3269 2035 3498 2089 ὓπουλον
3531 2035 3698 2106 ἄνδρα
3733 2037 3828 2088 καὶ

2236 2134 2436 2198 δόλιονς
2464 2153 2482 2185 ι
2505 2132 2698 2203 Ἄνδρα
2722 2150 2740 2182 ι
2770 2133 2880 2201 γὰρ
2915 2150 2934 2181 ι
2955 2130 3201 2200 αἱμάτων
3232 2129 3320 2181 καὶ
3341 2128 3511 2181 δόλιον
3538 2126 3826 2198 βδελύσσε-

2236 2245 2327 2282 ται
2342 2227 2564 2298 Κύριος.
2578 2245 2596 2278 ι
2619 2225 2693 2278 υύ
2712 2223 2959 2295 φανερῶς
2980 2224 3008 2275 ὸ
3026 2221 3188 2275 Δαὸὶδ
3202 2224 3312 2284 τοῖς
3326 2220 3576 2274 λαλοῦσιν
3601 2222 3828 2290 εἰρήνην

2245 2319 2384 2392 μετά
2421 2319 2530 2372 τῶν
2581 2316 2808 2387 πλησίον
2850 2313 3046 2380 αὐτῶν,
3095 2314 3240 2367 κακά
3268 2313 3324 2366 δὲ
3351 2315 3407 2366 ἐν
3437 2316 3554 2376 ταῖς
3575 2312 3826 2383 καρδίαις

2245 2410 2444 2477 αὐτῶν,
2477 2409 2820 2480 καταρᾶται;
2856 2405 2956 2459 Διὰ
2988 2403 3144 2458 τοῦτο
3187 2404 3281 2458 καὶ
3312 2403 3824 2475 παραγγελλόμεθα,

2245 2505 2382 2576 μήτε
2411 2503 2512 2566 τὰς
2541 2501 2694 2573 παρά
2727 2499 3030 2570 ἀνθρώπων
3074 2497 3352 2568 εὐφημίας
3404 2494 3638 2560 διώκειν,
3686 2497 3824 2567 μήτε

2239 2595 2339 2658 τάς
2365 2595 2493 2664 παρ’
2525 2591 2705 2647 αὐτῶν
2733 2589 2953 2661 ἀτιμίας
2995 2586 3379 2658 αἰσχύνεσθαι·
3411 2585 3536 2649 τοὺς
3564 2585 3673 2655 γὰρ
3704 2587 3826 2638 ἐπι-

2239 2681 2525 2744 δεικτικῶς
2551 2682 2668 2734 οἵαν
2695 2679 2820 2734 τινά
2843 2680 3042 2751 ἀρετὴν
3072 2675 3376 2741 ποιοῦντας,
3407 2678 3698 2746 ἀποστερεῖ
3718 2674 3826 2728 τῶν

2238 2775 2298 2828 ἐν
2334 2774 2581 2845 οὐρανοῖς
2631 2771 2838 2843 μισθῶν
2883 2771 2916 2841 ὴ
2950 2769 3164 2840 Γραφὴ,
3210 2767 3286 2830 ὡς
3312 2765 3543 2820 ἐνταῦθα
3581 2765 3674 2820 τὸν
3713 2765 3826 2820 τῶν

2240 2865 2336 2920 ἀνθ
2347 2865 2542 2936 ρώπων
2571 2861 3056 2934 ἀπολαμϐάνοντας
3085 2861 3328 2916 ἔπαινον.

553 2958 804 3015 mercede
833 2975 951 3028 quzc
982 2957 1036 3011 in
1065 2960 1218 3013 cmlis
1241 2965 1325 3012 est
1353 2958 1552 3026 privat,
1575 2963 1760 3026 utpote
1787 2958 1878 3027 qui
1905 2958 1993 3013 hic
2024 2956 2390 3012 laudationem
2422 2954 2704 3008 hominum
2734 2952 3008 3022 accipiunt
3029 2952 3094 3005 ".

625 3052 728 3106 Sed
767 3053 1040 3122 inquiunt,
1073 3052 1134 3105 Et
1177 3051 1451 3121 quomodo
1479 3051 1614 3106 dicit
1645 3051 1904 3106 Dominus
1937 3071 1950 3105 :
1984 3069 2002 3102 ι
2045 3050 2136 3106 Sic

556 3143 735 3197 luceat
781 3143 870 3196 lux
930 3151 1110 3198 vestra
1163 3155 1348 3195 coram
1409 3141 1759 3206 hominibus,
1804 3151 1863 3196 ut
1921 3141 2138 3195 videant

555 3246 718 3302 opera
753 3240 930 3286 vestra
973 3232 1148 3292 bona.
1193 3239 1247 3285 et
1289 3231 1592 3301 glorificent
1636 3231 1847 3288 Patrem
1896 3245 2137 3288 vestrum

556 3323 650 3393 qui
700 3323 755 3378 in
797 3323 950 3377 cmlis
989 3331 1073 3378 est
1105 3323 1182 3376 ‘3?
1215 3343 1232 3374 ι
1269 3323 1410 3393 Ergo
1451 3323 1552 3376 hoc
1589 3324 1683 3378 tibi
1708 3325 1966 3392 dicimus,
1993 3325 2140 3380 hunc

556 3429 863 3468 sermonem
899 3415 1210 3484 praecipere,
1245 3422 1304 3467 ut
1326 3419 1370 3468 is
1395 3417 1487 3485 qui
1521 3415 1611 3470 Dei
1637 3417 1908 3472 mandatis
1931 3419 2142 3472 obtem-

555 3515 729 3576 perat,
759 3506 1021 3576 quidquid
1049 3505 1200 3570 facit,
1223 3509 1274 3559 in
1305 3506 1457 3560 illum
1483 3507 1744 3562 intuendo
1768 3509 1954 3572 faciat,
1979 3517 2141 3578 atque

554 3597 684 3652 huic
731 3597 831 3652 soli
873 3598 1088 3668 placere
1140 3597 1396 3660 studeat,
1445 3600 1649 3653 nullam
1708 3600 1776 3654 ab
1826 3601 2140 3657 lioiiiinihus

554 3689 781 3758 gloriam
811 3687 1062 3742 venando
1101 3707 1114 3742 :
1151 3703 1338 3743 verum
1373 3689 1546 3760 fugiat
1585 3691 1802 3761 quidem
1853 3693 2042 3748 laudes
2074 3693 2142 3748 ab

557 3779 644 3833 his
665 3779 919 3844 tributas,
961 3792 1172 3832 necnon
1218 3780 1666 3845 ostentationem,
1705 3796 1804 3850 per
1832 3781 1997 3835 vitam
2037 3792 2139 3835 au-

552 3877 664 3924 tem
706 3877 761 3924 et
799 3885 964 3938 opera
1021 3880 1416 3939 cognoscatur,
1460 3878 1519 3924 ut
1563 3879 1900 3940 spectatores
1945 3873 2139 3926 horum

553 3959 754 4024 effecti,
790 3975 896 4014 non
939 3959 1096 4024 dixit,
1139 3968 1508 4014 ostentantem
1542 3977 1601 4016 se
1637 3964 1998 4028 admirentur,
2044 3963 2140 4018 sed

554 4051 769 4108 Patrem
800 4060 1038 4107 vestrum
1073 4054 1168 4122 qui
1197 4053 1248 4106 in
1277 4053 1434 4107 caelis
1455 4060 1541 4107 est
1568 4053 1898 4124 glorificent.
1919 4051 2051 4106 Nam
2074 4067 2140 4109 eo

555 4142 784 4213 gloriam
816 4157 1032 4196 omnem
1067 4139 1256 4197 referri
1295 4140 1475 4211 jubct,
1521 4149 1688 4212 atque
1732 4143 1799 4196 ad
1838 4143 1986 4198 illius
2040 4156 2140 4198 vo-

556 4233 816 4288 luntatem
849 4233 1118 4286 actionem
1142 4246 1359 4287 omnem
1391 4233 1602 4302 perlici,
1626 4234 1769 4304 apud
1791 4249 1952 4304 quem
1973 4235 2136 4288 etiam

557 4341 766 4380 merces
791 4326 1071 4394 proposita
1099 4333 1184 4380 est
1212 4327 1438 4384 virtutis
1466 4342 1716 4400 operum.
1744 4327 1990 4398 Cupidus
2019 4338 2139 4382 esto

557 4414 800 4476 landum,
841 4429 962 4482 qua:
1012 4416 1067 4468 in
1118 4416 1334 4486 superis
1381 4420 1730 4484 consistunt,
1781 4419 1969 4475 dicens
2003 4415 2138 4474 illud

555 4503 816 4558 Davidis:
855 4519 874 4555 ι
917 4505 1074 4576 Apud
1108 4516 1160 4562 te
1195 4509 1314 4564 laus
1342 4525 1463 4564 mea
1489 4513 1552 4566 “.
1593 4530 1613 4563 ι
1649 4509 1734 4575 Ει,
1771 4531 1789 4563 ι
1818 4511 1874 4564 In
1907 4511 2136 4566 Domino

2324 3049 2485 3103 Ἀλλά
2529 3062 2696 3117 φασι·
2746 3046 2856 3099 Kal
2900 3045 3017 3108 πῶς
3071 3043 3216 3113 λέγει
3269 3044 3298 3097 ὁ
3345 3041 3570 3106 Κύριος,
3615 3060 3636 3094 σ
3670 3044 3830 3116 Λαμο

2241 3141 2398 3210 eam»
2459 3139 2519 3192 τὸ
2574 3139 2691 3208 φῶς
2745 3137 2900 3208 ὑμῶν
2955 3136 3261 3208 ἔμπροσθεν
3316 3135 3426 3189 τῶν
3486 3135 3824 3206 ἀνθρώπων,

2243 3231 2390 3294 ὅπως
2443 3231 2591 3284 ἴδωσι
2655 3229 2724 3283 τὰ
2766 3228 2904 3282 καλά
2957 3227 3093 3299 ἔργα
3148 3227 3339 3298 ὑμῶν,
3407 3228 3500 3282 καὶ
3559 3228 3826 3294 δοξάσωσι

2241 3323 2332 3376 τὸν
2374 3323 2591 3394 Πατέρα
2639 3317 2794 3393 ὑμῶν
2835 3321 2923 3374 τὸν
2965 3323 3024 3374 ἐν
3066 3323 3178 3384 τοῖς
3214 3322 3496 3391 ούρανοίςς
3527 3341 3546 3372 ι
3579 3319 3827 3391 Λέγομεν

2241 3410 2334 3468 οῦν
2383 3424 2502 3478 σοι,
2551 3415 2633 3468 ὃτι
2689 3412 2897 3467 κελεύει
2946 3415 2974 3465 ὁ
3027 3409 3184 3480 λόγος
3238 3412 3330 3466 τὸν
3397 3413 3660 3482 ἑπόμενον
3703 3412 3828 3475 ταῖς

2241 3506 2480 3570 ἐντολαῖς
2516 3505 2609 3559 τοῦ
2651 3504 2821 3569 Θεοῦ,
2859 3506 2966 3558 πᾶν
3004 3504 3142 3575 ὅπερ
3187 3501 3253 3557 ἂν
3299 3506 3466 3574 ποιῇ,
3508 3503 3643 3574 πρὸς
3680 3505 3826 3556 ἐκεῖ·

2241 3615 2330 3652 νον
2384 3599 2647 3668 βλέποντα
2705 3599 2907 3664 ποιεῖν,
2963 3597 3058 3650 καὶ
3103 3595 3278 3664 τούτῳ
3326 3590 3474 3667 μόνῳ
3525 3594 3825 3663 ἀρέσκειν,

2245 3689 2513 3760 μηδεμίαν
2565 3690 2716 3759 παρά
2756 3688 2868 3740 τῶν
2919 3685 3223 3756 ἀνθρώπων
3259 3685 3416 3752 δόξαν
3465 3684 3821 3756 θηρώμενον⁸

2241 3779 2376 3832 ἀλλά
2415 3777 2638 3845 φεύγειν
2672 3776 2772 3847 μὲν
2815 3777 2941 3839 τοὺς
2981 3774 3133 3846 παρὰ
3163 3774 3370 3828 τούτων
3417 3775 3692 3838 ἐπαίνους,
3731 3767 3828 3828 καὶ

2242 3869 2341 3939 τὴν
2374 3867 2656 3932 ἐπίδειξιν,
2697 3868 2787 3922 διὰ
2811 3867 2865 3920 δὲ
2893 3865 2988 3920 τοῦ
3016 3866 3131 3936 βίου
3159 3866 3252 3921 καὶ
3275 3867 3384 3920 τῶν
3406 3866 3584 3938 ἔργων
3621 3867 3826 3938 γνωρί-

2239 3958 2427 4023 ζεσθαι
2447 3961 2574 4022 πᾶς·
2605 3959 2752 4022 ὅπως
2776 3957 2968 4011 θεαταὶ
2993 3957 3196 4012 τούτων
3221 3959 3522 4029 γενόμενοι,
3549 3958 3647 4010 οὐκ
3673 3952 3822 4020 εἶπε,

2239 4053 2572 4125 Θαυμάσωσι
2597 4053 2687 4107 τὸν
2709 4053 3170 4124 ἐπιδεικνύμενον,
3207 4053 3360 4120 ἀλλὰ,
3394 4073 3413 4105 ι
3436 4053 3708 4119 Δοξάσωσι
3730 4054 3824 4110 τὸν

2239 4145 2460 4216 Πατέρα
2498 4143 2651 4214 ὑμῶν
2678 4145 2769 4197 τὸν
2814 4145 2872 4198 ἐν
2912 4146 3024 4208 τοῖς
3055 4132 3320 4216 οὐρανοῖς.
3355 4163 3373 4196 ι
3422 4142 3569 4199 Ἐκεῖ
3592 4145 3694 4217 γὰρ
3727 4163 3822 4200 κεό

2238 4236 2384 4291 λεύει
2415 4239 2594 4291 πᾶσαν
2630 4234 2996 4308 ἀναφέρεσθαι
3029 4237 3207 4304 δόξαν,
3240 4239 3334 4292 καὶ
3368 4236 3505 4310 πρὸς
3525 4240 3586 4292 τὸ
3610 4239 3820 4294 ἐκείνου

2239 4328 2453 4400 θέλημα
2503 4329 2704 4401 πρᾶξιν
2747 4328 3147 4400 ἀπαρτίζεσθαι
3193 4329 3398 4398 πᾶσαν,
3452 4333 3582 4403 παρ’
3635 4324 3680 4399 ᾧ
3725 4328 3822 4386 καὶ

2241 4420 2432 4491 μισθὸς
2475 4420 2762 4474 ἀπόκειται
2798 4419 2904 4475 τῶν
2952 4417 3052 4491 τῆς
3097 4421 3299 4492 ἀρετῆς
3349 4421 3544 4494 ἔργων.
3589 4423 3818 4494 Ὀρὲγου

2236 4511 2346 4564 τῶν
2373 4513 2486 4566 ἀνω
2519 4513 2778 4575 ἐπαίνων,
2801 4508 2861 4565 τδ
2896 4512 2990 4567 τοῦ
3013 4512 3176 4567 Δαὸίδ
3194 4513 3395 4583 λέγων’
3437 4534 3456 4567 ι
3487 4514 3645 4586 Παρὰ
3681 4517 3765 4568 σοὶ
3790 4505 3819 4568 ὁ

555 4596 865 4650 laudabitur
903 4597 1088 4650 anima
1132 4613 1250 4652 mea
1278 4599 1342 4652 ι’.
1393 4619 1412 4652 ι
1453 4600 1590 4654 Eum
1635 4603 1729 4670 qui
1782 4603 2010 4658 honoris
2046 4605 2135 4658 hic

2240 4601 2459 4666 ἔπαινός
2487 4619 2609 4674 μου.
2651 4623 2669 4656 ι
2705 4604 2838 4666 Kal,
2875 4623 2894 4657 ι
2942 4606 3030 4659 Ἐν
3067 4606 3145 4678 τῷ
3177 4606 3368 4678 Κυρίῳ
3400 4605 3816 4679 ἐπαινεθήσεται

555 4685 740 4743 collati
771 4695 1034 4756 appetens
1060 4696 1164 4751 est,
1194 4689 1458 4746 Dominus
1487 4693 1626 4746 inter
1658 4691 1909 4750 inﬁdeles
1941 4711 2134 4750 recen-

553 4791 654 4836 set.
687 4779 924 4843 Etenim,
989 4798 1008 4830 ι
1055 4779 1342 4846 Quomodo
1397 4797 1496 4838 vos
1553 4786 1805 4853 potestis,
1847 4803 1866 4836 ›
1935 4788 2132 4858 inquit,

559 4886 577 4920 ι
618 4869 868 4931 credere,
909 4867 1002 4936 qui
1050 4869 1119 4923 ab
1169 4869 1484 4927 hominibus
1509 4873 1742 4940 gioriam
1775 4877 2054 4945 accipitis,
2077 4885 2134 4932 et

551 4957 804 5030 gloriam,
835 4973 958 5028 qua:
988 4973 1017 5012 a
1076 4957 1187 5014 Deo
1224 4960 1342 5015 solo
1389 4969 1496 5026 est,
1531 4977 1639 5017 non
1700 4966 2060 5034 quatritis“?
2105 4989 2124 5019 ι

551 5049 748 5106 Odium
778 5050 941 5106 etiam
974 5065 1042 5106 ex
1077 5052 1316 5108 occultis
1347 5055 1548 5110 erratis
1595 5065 1698 5111 est.
1736 5055 1972 5112 Proinde
2003 5059 2130 5114 audi

549 5141 842 5198 Dominum
889 5144 1208 5200 dicentem:
1260 5163 1280 5196 ι
1322 5145 1426 5212 Qui
1486 5149 1603 5203 odit
1652 5148 1879 5204 fratrem
1937 5165 2130 5216 suum,

551 5235 824 5290 homicida
850 5245 954 5291 est.
1000 5235 1065 5290 Et
1093 5236 1251 5292 scitis
1308 5238 1572 5308 quoniam
1629 5239 1810 5295 omnis
1860 5240 2133 5296 homicida

551 5341 662 5382 non
685 5327 848 5382 habet
881 5328 1046 5382 vitam
1076 5337 1338 5384 aeternam
1367 5329 1465 5382 ίτ.»
1487 5328 1676 5400 Itaque
1713 5331 1934 5402 expellit
1962 5347 1992 5385 a
2024 5333 2132 5387 vita

549 5430 674 5468 eum
705 5418 798 5486 qui
828 5418 943 5472 odit
973 5419 1200 5474 fratrem
1233 5435 1418 5488 suum,
1465 5429 1724 5492 tanquam
1773 5422 2130 5478 homicidam.

549 5501 668 5557 Jam
693 5521 824 5560 vero
856 5509 1000 5576 quod
1047 5511 1256 5564 nullum
1305 5511 1602 5566 discrimen
1659 5511 1733 5567 sit
1780 5495 1938 5566 inter
1983 5513 2126 5566 mala

549 5592 700 5648 intus
731 5596 910 5650 abdita
959 5607 1012 5653 et
1061 5615 1128 5654 ea
1179 5615 1300 5671 quae
1333 5609 1548 5672 patent,
1595 5601 2122 5673 audiApostolum:

557 5702 574 5734 ι
607 5685 672 5739 Et
702 5687 846 5744 sicut
893 5705 1003 5743 non
1023 5693 1419 5760 probaverunt,
1452 5714 1473 5748 ν»
1512 5695 1721 5766 inquit,
1757 5714 1777 5746 ι
1817 5695 1986 5750 Deum
2028 5697 2127 5752 ha-

619 5795 641 5828 ε
666 5794 806 5852 Psal.
830 5813 983 5862 mn,
1013 5800 1066 5861 ’5,
1097 5807 1148 5852 4.
1227 5801 1248 5833 ⁸
1271 5801 1418 5858 Psal.
1443 5822 1492 5868 γ,
1519 5806 1570 5859 7.
1653 5807 1696 5838 ¹⁰
1725 5806 1856 5860 ibid.

550 5875 663 5930 ui,
700 5869 788 5921 2t}.
870 5869 912 5900 ³⁵
942 5869 1086 5922 i'sal.
1117 5884 1316 5938 XXXIII,
1342 5874 1394 5926 ὃ.
1491 5874 1716 5933 ηιιαιιιι.
1751 5893 1803 5942 v,
1841 5877 1930 5930 44.

1939 5810 1976 5841 ¹¹
2010 5807 2152 5864 Psa'.
2175 5826 2344 5873 xxvii,
2377 5811 2430 5864 5.

2010 5879 2049 5910 ⁸⁷
2075 5880 2092 5932 l
2122 5879 2280 5935 Joan.
2306 5896 2388 5947 lli,
2427 5880 2510 5934 15.

2241 4695 2274 4765 ἡ
2300 4693 2446 4765 ψυχή
2477 4705 2600 4764 μου.
2627 4715 2646 4747 ι
2675 4695 2779 4749 Τὸν
2806 4697 2906 4768 τῆς
2939 4696 3174 4752 ἐνταῦθα
3201 4699 3366 4769 τιμῆς
3396 4699 3680 4769 ἐφιέμενον
3702 4703 3815 4763 τοῖς

2239 4785 2488 4850 ἀπίστοις
2527 4787 2879 4856 ἐγκαταλέγει
2909 4789 2938 4841 ὁ
2971 4789 3194 4860 Κύριος.
3227 4808 3244 4840 ι
3273 4789 3396 4853 Πῶς
3428 4807 3445 4840 ι
3476 4791 3583 4860 γὰρ
3608 4807 3628 4842 ι
3656 4782 3816 4844 δύνομ

2240 4875 2388 4943 σθε,ι
2415 4879 2599 4949 φησιν,
2627 4896 2645 4930 ι
2665 4879 2822 4948 ὑμεῖς
2846 4879 3141 4943 πιστεύειν,
3158 4877 3313 4945 δόξαν
3338 4881 3488 4952 παρά
3513 4876 3814 4953 ἀνθρώπων

2236 4965 2600 5035 λαμϐάνοντες
2620 4983 2632 4996 ο
2660 4969 2755 5020 καὶ
2778 4967 2876 5038 τὴν
2896 4969 3050 5035 δόξαν
3073 4969 3169 5040 τὴν
3201 4970 3352 5041 παρά
3377 4969 3469 5024 τοῦ
3491 4971 3651 5040 μόνου
3679 4969 3810 5023 Θεοῦ

2231 5056 2295 5108 οὐ
2348 5053 2678 5126 ζητοῦντες;
2725 5077 2744 5110 ι
2809 5058 2929 5114 Τῶν
2981 5061 3203 5130 ἀφανῶν
3249 5065 3364 5115 ἐστι
3416 5062 3508 5118 καὶ
3556 5061 3616 5116 τὸ
3658 5065 3812 5133 μῖσος

2231 5145 2662 5216 ἁμαρτημάτων.
2710 5147 2820 5201 Kal
2857 5149 3088 5204 ἄκουσον
3137 5149 3231 5206 τοῦ
3269 5153 3472 5224 Κυρίου
3525 5153 3806 5222 λέγοντοςο

2235 5257 2254 5288 ι
2279 5237 2334 5291 '0
2367 5237 2539 5308 μισῶν
2569 5239 2662 5293 τὸν
2695 5240 2922 5312 ἀδελφὸν
2957 5239 3142 5310 αὑτοῦ,
3191 5245 3634 5317 ἀνθρωποκτόνος
3670 5245 3806 5302 ἐστί.

2228 5329 2339 5381 Καὶ
2379 5329 2556 5383 οἴδατε
2600 5331 2682 5384 ὅτι
2727 5335 2832 5396 πᾶς
2882 5335 3327 5406 ἀνθρωποκτόνος
3364 5339 3462 5390 οὐκ
3500 5337 3612 5408 ἔχει
3661 5337 3805 5408 ζωὴν

2229 5421 2464 5476 αἰώνιον.
2507 5443 2525 5474 ι
2570 5423 2862 5480 Ἐκὸἁλλου
2895 5424 2988 5482 οῦν
3012 5425 3110 5498 τῆς
3138 5428 3285 5500 ζωῆς
3306 5429 3394 5484 τὸν
3422 5431 3682 5502 μισοῦντα
3711 5431 3802 5484 τὸν

2232 5510 2478 5584 ἀδελφὺν,
2510 5514 2699 5588 ῶσπερ
2727 5517 2816 5571 τὸν
2838 5518 3179 5591 ἀνδροφόνον.
3207 5523 3330 5576 ’Ότι
3351 5525 3409 5577 δὲ
3437 5522 3660 5595 οὐδεμία
3687 5524 3806 5579 δια-

2233 5605 2374 5676 φορὰ
2421 5605 2528 5659 τῶν
2557 5605 2703 5660 ἔνδον
2748 5608 3148 5679 κεκρυμμένων
3181 5613 3366 5665 κακῶν
3421 5612 3557 5688 πρὸς
3599 5612 3665 5665 τὰ
3703 5613 3800 5682 ἐμ-

2234 5698 2397 5768 φανῆ.
2431 5699 2660 5753 ἄκουσον
2691 5697 2782 5752 τοῦ
2825 5701 3146 5756 ’Δποστόλου
3167 5721 3180 5734 ο
3219 5716 3240 5755 ι
3280 5703 3478 5766 Καθὼς
3508 5705 3606 5757 οὐκ
3636 5695 3808 5757 ἐδοκί-

2515 5813 2554 5842 ”
2583 5811 2770 5866 Matth.
2813 5831 2887 5877 γι,
2920 5815 2971 5868 1.
3051 5816 3092 5847 ¹³
3114 5816 3305 5872 Matth.
3339 5834 3388 5885 ι’,
3430 5819 3512 5878 i6.
3593 5818 3807 5875 “Psal.
