4106 6458
292 461 402 519 295

1452 466 1538 520 ὓιε,
1579 466 1951 522 ΙΝΞΤΙΤΕΤΟ
2003 466 2448 523 ClilllSTlANO.

3473 476 3577 530 ρει

306 598 501 654 μασαν,
547 601 567 635 ι
605 586 772 655 φησὶ,
814 606 834 637 r
864 586 1114 639 τὸνθεόν
1146 586 1289 657 ἔχειν
1317 588 1375 639 ὲν
1413 586 1727 653 ἐπιγνώσει,
1761 604 1899 657 παρ-

2028 600 2133 639 tere
2165 586 2217 638 in
2248 586 2474 649 notitia,
2522 585 2747 639 tradidit
2789 586 2912 641 illos
2977 585 3117 642 Deus
3171 589 3223 642 in
3284 592 3578 660 reprobum

307 675 501 729 ἔδωκεν
548 677 755 740 αὐτοὺς
825 681 906 741 εἰς
953 679 1208 749 ἀδόκιμον
1254 677 1413 742 νοῦν,
1469 681 1644 730 ποιεῖν
1695 678 1763 730 τὰ
1816 677 1890 749 μὴ

310 767 637 839 καθήκοντα,
672 770 1142 841 πεπληρωμένους
1194 770 1343 842 πάσῃ
1387 769 1603 839 ἀδικίᾳ,
1643 769 1888 840 πορνείᾳ,

312 860 563 931 πονηρίᾳ,
598 859 909 931 πλεονεξίᾳ,
938 855 1107 933 ’κακίᾳ
1128 880 1141 893 ο
1176 861 1409 932 μεστοὺς
1439 860 1656 929 φθόνου,
1689 861 1849 929 φόνου
1873 901 1888 923 ,

312 949 505 1018 ἔριδος,
540 949 727 1012 δόλου,
760 949 1088 1021 κακοηθείας
1110 966 1122 979 '
1154 948 1497 1019 ψιθυριστάς,
1533 948 1890 1010 καταλάλους,

311 1041 645 1109 θεοστυγεῖς,
676 1041 961 1112 ὑϐριστὰς,
987 1040 1388 1113 ὑπερηφάνους,
1419 1039 1704 1112 ἀλαζόνας,
1731 1041 1892 1109 ἐφευ-

317 1133 478 1202 ρέτας
512 1132 719 1199 κακῶν,
753 1132 1002 1200 γονεῦσιν
1027 1131 1289 1197 ἀπειθεῖς,
1326 1132 1638 1195 ἀσυνέτους,
1666 1130 1879 1184 ἀσυνθέ-

312 1241 456 1289 τους,
491 1223 816 1295 ἀστόργους,
842 1224 1158 1291 ἀσπόνδους,
1181 1216 1566 1295 ἀνελεήμονας.
1597 1223 1806 1284 Οἴτινες
1833 1221 1896 1273 τδ

312 1316 588 1386 δικαίωμα
638 1316 732 1368 τοῦ
767 1316 900 1370 Θεοῦ
935 1318 1245 1385 ἐπιγνόντες
1273 1359 1285 1379 ,
1322 1318 1403 1369 ὅτι
1451 1317 1499 1367 οἱ
1552 1314 1623 1367 τά
1670 1314 1894 1368 τοιαῦτα

314 1407 650 1477 πράττοντες
695 1406 835 1472 ἄξιοι
883 1405 1113 1459 θανάτου
1161 1405 1317 1459 είσίν.
1358 1424 1376 1456 ι
1428 1404 1590 1474 Ὁρᾷς
1624 1403 1769 1464 ὅπως
1797 1401 1896 1472 τὴν

315 1497 649 1569 κακοήθειαν
681 1497 776 1550 καὶ
808 1497 906 1568 τὴν
937 1496 1314 1568 ὑπερηφανίαν
1346 1496 1441 1548 καὶ⁹
1487 1495 1577 1548 τὸν
1619 1494 1769 1548 δόλον
1803 1494 1896 1546 καὶ

314 1587 386 1641 τά
419 1588 582 1641 λοιπά
609 1586 718 1641 τῶν
764 1588 1041 1659 κρυπτῶν,
1094 1587 1171 1659 τῷ
1204 1587 1349 1658 φόνῳ
1389 1587 1481 1639 καὶ
1515 1589 1581 1656 τῇ
1618 1584 1899 1653 πλεονεξίᾳ

317 1681 411 1736 καὶ
441 1684 556 1744 τοῖς
579 1679 839 1742 τοιούτοις
879 1682 1012 1734 πᾶσι
1041 1679 1346 1744 συνέταξεν.
1389 1678 1544 1732 Οὖτω
1573 1678 1627 1735 δέ
1661 1679 1775 1729 ὲστι
1806 1693 1899 1728 πο-

321 1772 460 1843 νηρά
517 1774 612 1826 καὶ
653 1772 881 1849 δυσίατα
932 1772 1002 1825 τά
1054 1775 1173 1836 ταῖς
1225 1773 1425 1843 ψυχαῖς
1472 1768 1899 1843 ὲγκεκρυμμένα

318 1865 465 1919 κακά
489 1904 506 1929 ,
543 1864 683 1917 ὥστε
713 1866 786 1935 μὴ
813 1864 1042 1918 δυνατὸν
1070 1859 1209 1917 εῖναι
1247 1864 1334 1923 διὰ
1369 1863 1535 1934 μόνης
1571 1862 1668 1932 τῆς
1692 1860 1901 1933 ἀνθρω-

1999 691 2245 740 sensum,
2276 688 2338 730 ut
2368 677 2570 731 faciant
2601 693 2664 732 ea
2695 692 2818 748 quae
2851 693 2959 732 non
2996 681 3357 748 conveniunt,
3404 685 3582 752 reple-

2000 777 2084 822 tos
2114 770 2261 821 omni
2296 769 2607 837 iniquitate,
2642 771 2870 830 malitia.
2903 772 3287 831 fornicatione.
3324 776 3576 839 avaritia,

2000 860 2241 928 nequitia
2269 877 2282 925 ;
2315 861 2505 929 plenos
2539 861 2763 926 invidia,
2826 862 3147 928 homicidio,
3206 866 3579 927 contentione,

1999 949 2147 1014 dolo,
2192 950 2574 1021 malignitate;
2631 968 2983 1019 susurrones,
3045 954 3407 1019 dctractorcs,
3474 954 3584 1010 Deo

2000 1042 2253 1105 odibiles,
2291 1045 2747 1108 contumeliosos,
2782 1045 3070 1113 superbas,
3110 1047 3304 1110 elatos,
3333 1048 3584 1100 invento-

2003 1148 2091 1186 res
2125 1134 2415 1199 malorum,
2448 1135 2772 1202 parentibus
2798 1150 2905 1187 non
2942 1135 3285 1197 ubedientcs,
3318 1135 3585 1204 insipien-

2003 1234 2106 1289 tes,
2152 1224 2570 1293 incompositos,
2612 1227 2731 1280 sine
2761 1227 3070 1290 atfcetione,
3109 1228 3317 1298 absque
3355 1227 3583 1293 ﬁndere,

2002 1315 2121 1370 sine
2175 1316 2578 1371 misericordia.
2626 1316 2731 1383 Qui
2786 1332 2909 1372 cum
2942 1320 3211 1388 justitiam
3258 1320 3347 1374 Dei
3384 1336 3596 1389 coguog

2006 1404 2232 1469 vissent,
2263 1419 2369 1457 non
2397 1405 2810 1469 intellexerunt,
2834 1408 3095 1475 quoniam
3124 1409 3217 1477 qui
3242 1409 3365 1461 talia
3394 1416 3586 1478 agunt,

2004 1503 2182 1550 morte
2213 1497 2361 1567 digni
2408 1504 2537 1551 sunt
2562 1496 2626 1549 ³⁸.
2665 1517 2682 1548 ι
2739 1496 2905 1552 Vides
2938 1506 2997 1552 ut
3052 1500 3471 1569 malignitatem,
3533 1507 3589 1554 et

2006 1587 2350 1657 superbiam,
2383 1596 2436 1642 et
2472 1588 2720 1642 fraudem
2751 1598 2805 1643 et
2830 1598 3025 1643 uetera
3052 1593 3267 1644 occulta
3298 1591 3425 1643 vitia
3453 1590 3586 1644 caedi

2005 1687 2060 1732 et
2088 1677 2355 1744 avaritiw,
2391 1686 2557 1747 atque
2589 1671 2861 1745 ejusmodi
2901 1679 3059 1733 malis
3103 1681 3361 1733 ninnibus
3393 1679 3591 1744 adjun—

2007 1769 2199 1824 xerit?
2233 1770 2312 1824 lla
2340 1786 2505 1839 porro
2538 1786 2808 1838 perversa:
2848 1781 2902 1824 et
2947 1783 3144 1826 sanatu
3182 1772 3429 1826 dilliciles
3463 1781 3592 1826 sunt

2013 1860 2214 1914 animis
2246 1861 2585 1915 abscondita:
2621 1862 2793 1927 labes,
2833 1870 2891 1914 ut
2920 1862 3075 1916 nefas
3098 1864 3169 1918 sit
3196 1864 3315 1917 solo
3351 1863 3591 1917 humano

317 1957 481 2027 πίνης
516 1956 753 2025 σπουδῆς
790 1956 882 2009 καὶ
919 1955 1117 2026 ἀρετῆς
1152 1954 1413 2026 ἐκτρῖψαι
1452 1954 1547 2007 καὶ
1581 1951 1813 2016 ἀνελεῖν,
1854 1951 1902 2004 εί

2028 1950 2195 2006 ttudio
2223 1965 2287 2005 ac
2322 1952 2527 2005 virtute
2549 1951 2722 2005 deteri
2756 1961 2921 2022 atque
2988 1954 3175 2018 eximi,
3232 1954 3338 2008 nisi
3390 1958 3435 2008 si
3468 1957 3592 2023 quis

320 2049 395 2118 μή
429 2065 512 2110 τις
545 2046 645 2116 τὴν
670 2045 764 2098 τοῦ
804 2046 1113 2117 Πνεύματος
1147 2045 1374 2117 δύναμιν
1404 2044 1690 2115 σύμμαχον
1734 2060 1903 2114 προσ-

318 2139 481 2212 λάϐῃ.
536 2138 628 2190 Διὸ
657 2139 749 2192 καὶ
787 2138 816 2189 6
864 2138 1028 2191 Δαϐίδ
1060 2153 1246 2209 φησιν’
1285 2156 1304 2189 ι
1376 2138 1472 2190 Ἐκ
1512 2136 1619 2189 τῶν
1663 2135 1906 2207 κρυφίων

326 2248 429 2302 μου
458 2229 757 2301 καθάρισόν
790 2248 877 2298 με,
914 2230 1008 2283 καὶ
1029 2231 1122 2283 ἀπ’
1149 2228 1442 2300 ἀλλοτρίων
1474 2230 1655 2307 φεῖσαι
1673 2227 1763 2280 τοῦ
1784 2225 1907 2281 δού-

322 2322 415 2375 λου
449 2339 568 2376 σου.
628 2340 647 2374 ι
699 2322 796 2374 Ἐκ
827 2321 921 2375 δύο
950 2321 1058 2392 γὰρ
1099 2323 1127 2374 6
1158 2316 1240 2384 εἷς
1281 2320 1566 2391 ἄνθρωπος
1595 2320 1865 2391 ἥρμοσται
1891 2360 1905 2385 ,

321 2411 506 2483 ψυχῆς
550 2428 612 2465 τε
646 2411 739 2464 καὶ
778 2410 1053 2481 σώματος.
1089 2411 1200 2465 Καὶ
1238 2411 1299 2463 τὸ
1336 2411 1456 2482 μὲν,
1503 2410 1665 2464 αὑτοῦ
1711 2409 1911 2474 ἔξωθέν

324 2508 475 2558 ἐστιν
501 2522 517 2536 ο
547 2491 680 2575 ἠδὲ,
713 2503 860 2557 ἔνδον
893 2502 1045 2575 παρά
1081 2503 1170 2557 τὸν
1201 2501 1314 2573 βίον
1343 2503 1513 2573 μένει.
1549 2503 1669 2575 Χρὴ
1700 2499 1793 2557 οὖν
1820 2504 1911 2557 τὸν

326 2598 617 2668 ἄνθρωπον
662 2598 724 2650 τὸ
776 2598 873 2668 μὲν
922 2595 1119 2661 ἔξωθεν
1166 2598 1601 2668 παραγρυπνεῖν,
1644 2596 1912 2668 τηροῦντα

333 2691 407 2760 μή
430 2706 484 2743 τι
505 2689 613 2742 τῶν
640 2687 923 2762 σφαλερῶν
949 2689 1363 2759 ἁμαρτημάτων
1393 2688 1720 2759 προσπεσὸν,
1747 2704 1916 2740 κατα-

333 2781 491 2851 σείσῃ
545 2780 640 2832 καὶ
691 2777 998 2849 διαφθείρῃ.
1046 2777 1181 2849 Περὶ
1223 2770 1285 2831 οὗ
1346 2776 1439 2830 καὶ
1499 2780 1528 2831 6
1592 2777 1914 2839 Ἀπόστολος

334 2872 551 2926 ἀτέιλεῖ
581 2869 776 2938 λέγων’
816 2889 833 2921 ι
868 2869 973 2923 Τὸν
1004 2868 1292 2939 φθείροντα
1328 2869 1420 2922 τὸν
1459 2869 1584 2922 ναὸν
1622 2869 1717 2922 τοῦ
1756 2869 1913 2932 Θεοῦ,

334 2964 531 3034 φθερεῖ
564 2967 592 3017 6
629 2961 778 3026 Θεός.
816 2982 833 3014 ι
885 2962 996 3033 Τὴν
1028 2962 1087 3014 δὲ
1114 2962 1260 3016 ἔνδον
1309 2962 1397 3015 διὰ
1440 2963 1619 3033 πάσης
1659 2965 1917 3035 φρουρεῖν

339 3054 605 3123 φυλακῆς,
634 3057 705 3124 μή
736 3070 819 3117 τις
844 3052 1002 3122 λόγος
1036 3053 1232 3116 κακίας
1263 3055 1325 3106 ἐκ
1362 3052 1559 3122 βάθους
1592 3053 1754 3106 ποθὲν
1784 3055 1919 3106 ἀνα-

344 3146 547 3215 κύψας,
586 3144 682 3197 καὶ
710 3145 801 3198 τὸν
838 3145 936 3215 τῆς
975 3142 1255 3207 εὐσεϐείας
1279 3144 1538 3215 λογισμὸν
1565 3145 1883 3215 διαφθείρας
1902 3186 1916 3208 ,

342 3234 683 3304 δουλώσηται
730 3234 830 3303 τὴν
869 3232 1065 3304 ψυχὴν,
1121 3233 1415 3305 πληρώσας
1445 3234 1553 3287 τῶν
1604 3233 1920 3287 διελκόντων

2018 2041 2261 2110 Spiritus
2293 2042 2590 2111 potentiam
2651 2044 3052 2111 opitulatricem
3088 2050 3471 2116 assumpserit.
3503 2051 3592 2104 ld-

2014 2135 2164 2189 circo
2205 2134 2280 2187 ait
2312 2132 2514 2188 David:
2548 2152 2566 2185 ι
2606 2132 2690 2187 Ab
2721 2136 2951 2190 occultis
2988 2138 3122 2192 meis
3158 2140 3359 2193 munda
3391 2138 3496 2205 me,
3541 2149 3595 2194 et

2015 2227 2084 2281 ab
2114 2227 2309 2282 alienis
2338 2241 2501 2295 parce
2533 2240 2692 2280 servo
2752 2235 2844 2280 tuo
2870 2228 2934 2282 ”.
2976 2247 2994 2279 ›
3062 2228 3195 2282 Nam
3253 2247 3319 2285 ex
3378 2231 3595 2286 duobus

2017 2332 2163 2373 unus
2198 2318 2363 2371 homo
2419 2332 2702 2372 connexus
2742 2324 2846 2383 est,
2898 2334 2960 2372 ex
2994 2319 3175 2372 animo
3233 2321 3486 2375 videlicet
3538 2330 3593 2374 et

2017 2427 2268 2482 corpore.
2331 2412 2509 2481 Atque
2573 2411 2677 2466 hoc
2735 2412 2956 2482 quidem
3015 2419 3169 2467 extra
3234 2414 3413 2482 ipsum
3464 2422 3594 2469 est:

2020 2506 2236 2557 animus
2271 2512 2452 2556 autem
2507 2503 2656 2558 intus
2717 2512 2939 2573 propter
2976 2506 3142 2557 vitam
3202 2513 3403 2560 manet.
3447 2504 3597 2571 Qua-

2023 2603 2246 2664 propter
2277 2594 2557 2648 hominem
2590 2602 2805 2663 Oportet
2861 2593 2998 2649 l‘oris
3052 2596 3272 2664 quidem
3308 2597 3597 2666 evigilare,

2020 2684 2368 2740 observando
2398 2700 2466 2739 ne
2491 2685 2622 2754 quid
2656 2700 2719 2738 ex
2755 2686 3083 2754 periculosis
3114 2687 3329 2742 delictis
3354 2689 3600 2745 incidens

2021 2776 2303 2831 concutiat
2338 2786 2393 2829 et
2418 2784 2753 2849 corrumpat.
2793 2775 2866 2829 De
2922 2791 3031 2845 quo
3092 2779 3254 2830 etiam
3307 2781 3601 2847 Apostolus

2024 2868 2329 2933 minitatur,
2357 2882 2480 2920 cum
2518 2867 2633 2920 ait:
2671 2884 2690 2917 ι
2732 2867 2790 2919 Si
2831 2868 2957 2935 quis
2991 2869 3253 2937 templum
3304 2869 3395 2923 Dei
3429 2873 3601 2924 viola-

2025 2961 2182 3024 verit,
2245 2960 2524 3030 disperdet
2584 2974 2709 3013 eum
2771 2958 2914 3014 Deus
2937 2960 3005 3014 ".
3059 2978 3076 3011 ›
3141 2960 3246 3013 Par
3308 2972 3392 3016 est
3438 2972 3602 3016 etiam

2008 3053 2193 3113 animi
2222 3068 2419 3107 sensus
2455 3052 2678 3106 intimos
2711 3054 2857 3106 omni
2889 3055 3146 3108 cautione
3198 3056 3501 3118 custodire,
3538 3072 3607 3112 ne

2029 3161 2132 3214 qua
2158 3145 2478 3200 vitiositatis
2500 3145 2639 3199 ratio
2664 3146 2915 3200 alicunde
2946 3163 3231 3217 emergens
3252 3164 3281 3201 e
3312 3150 3604 3217 prot’undo,

2030 3237 2329 3308 depratato
2362 3238 2829 3308 pietatisjudicio,
2889 3240 3127 3292 animam
3161 3241 3227 3293 ad
3288 3241 3606 3294 servitutem

346 3328 522 3395 αὑτὴν
537 3325 710 3395 λάθρα
739 3324 949 3378 παθῶν,
972 3346 989 3376 ι
1016 3326 1089 3377 Οὐ
1109 3325 1338 3391 ζεύξεις,
1369 3346 1386 3378 ι
1417 3328 1580 3396 φησὶν
1601 3328 1628 3379 6
1655 3326 1919 3397 μακάριος

2030 3328 2260 3399 redigat,
2299 3345 2421 3383 eum
2451 3329 2739 3385 aﬂ‘ectibus
2770 3331 2942 3400 ipsam
2974 3332 3188 3385 occulte
3222 3330 3610 3385 divelleutibus

344 3418 606 3487 Μωῦσῆς,
637 3436 656 3467 ‹
687 3419 744 3470 ὲν
762 3419 829 3488 τῇ
849 3416 1014 3470 ἆλωνί
1043 3434 1137 3471 σου
1157 3415 1272 3480 ζῶα
1294 3417 1554 3487 ἀλλογενῆ
1575 3420 1664 3470 ἐπὶ
1685 3419 1746 3470 τὸ
1770 3417 1920 3472 αὐτόο

344 3506 481 3576 οἷον,
510 3509 633 3579 βοῦν
666 3509 760 3562 καὶ
792 3508 927 3562 ὄνον.
954 3508 1089 3561 Οὐδὲ
1116 3511 1439 3577 συνυφανεῖς
1470 3511 1528 3561 ὲν
1564 3508 1763 3579 ίματίῳ
1782 3507 1925 3580 ἔριον

344 3602 498 3672 λίνῳ.
551 3601 624 3654 Οὐ
657 3602 994 3671 γεωργήσεις
1038 3601 1097 3654 ὲν
1136 3603 1201 3672 τῇ
1233 3601 1385 3672 χώρᾳ
1416 3603 1516 3671 τῆς
1558 3602 1660 3671 γῆς
1687 3617 1780 3653 σου
1832 3600 1927 3654 δύο

347 3692 594 3763 καρποὺς
627 3693 718 3745 ἐπὶ
744 3693 807 3745 τὸ
844 3692 993 3745 αὐτό.
1026 3692 1160 3746 Οὐδὲ
1197 3692 1446 3763 δεύτερον
1474 3691 1569 3745 τοῦ
1594 3691 1861 3746 ἐνιαυτοῦ.
1902 3711 1921 3745 ι

348 3788 466 3842 Οὐκ
488 3785 764 3849 ἐπιϐαλεῖς
792 3785 1104 3857 ἑτερογενὲς
1131 3785 1267 3850 ζῶον
1294 3787 1392 3840 ὲπϊ
1415 3786 1600 3857 ἕτερον
1630 3787 1709 3850 είς
1740 3786 1925 3857 γονήν.

424 3971 489 4023 Τί
528 3971 699 4025 ταῦτα
733 3971 981 4043 βούλεται
1004 3971 1073 4026 τά
1096 3972 1429 4045 αἰνίγματας
1461 3974 1523 4026 τὸ
1554 3975 1629 4047 μὴ
1650 3975 1760 4029 δεῖν
1786 3978 1844 4029 ὲν
1866 3979 1931 4049 τῇ

352 4063 494 4133 αὐτῇ
515 4061 657 4134 ψυχῇ
688 4064 888 4117 κακίαν
911 4063 1005 4116 καὶ
1033 4062 1235 4135 ἀρετὴν
1261 4064 1624 4134 συμφυτεύειν
1657 4065 1934 4136 ἀλλήλαις.

350 4156 495 4210 Ποία
528 4157 674 4225 φιλία
692 4155 1044 4228 σωφροσύνης
1073 4156 1208 4228 πρὸς
1239 4158 1509 4229 ἀκρασίαν
1533 4176 1547 4220 ;
1572 4157 1701 4210 ποία
1731 4158 1936 4211 δικαιο-

356 4249 530 4319 σύνης
550 4250 682 4319 πρὸς
707 4250 920 4303 ἀδικίαν
938 4250 1177 4319 ὁμόνοια;
1204 4249 1360 4302 ἀεὶτὸ
1384 4250 1570 4322 ἕτερον
1588 4250 1938 4316 ὑπεξίσταται

352 4340 438 4412 τῷ
484 4340 673 4411 ἑτέρῳ.
709 4344 800 4394 Δεῖ
832 4336 925 4395 οὖν
956 4341 1045 4394 τὸν
1083 4340 1246 4410 σοφὸν
1284 4341 1553 4412 γεωργὸν,
1591 4340 1842 4412 καθάπερ
1874 4343 1940 4408 ἐκ

354 4432 459 4501 τῆς
490 4434 672 4502 πηγῆς
702 4433 934 4502 ποτίμου
966 4432 1060 4484 καὶ
1092 4431 1301 4502 ἀγαθῆς
1324 4473 1340 4497 ,
1386 4432 1605 4502 καθαρὰ
1653 4432 1941 4504 παραπέμ-

355 4534 485 4571 πειν
510 4519 604 4571 τοῦ
637 4519 750 4589 βίου
777 4521 845 4573 τὰ
874 4520 1090 4589 νάματα
1108 4535 1122 4548 ·
1152 4519 1288 4590 μόνα
1312 4520 1380 4574 τὰ
1412 4520 1504 4574 τοῦ
1535 4520 1669 4575 Θεοῦ
1697 4521 1939 4593 γεώργια

357 4610 571 4673 εἰδότα,
604 4611 698 4664 καὶ
729 4611 937 4675 τούτοις
969 4610 1225 4665 πονοῦντα
1262 4612 1347 4665 διὰ
1381 4612 1518 4683 βίον,
1554 4614 1648 4665 καὶ
1681 4613 1937 4683 παραμέ-

359 4719 523 4755 νοντα
544 4715 557 4727 '
586 4702 733 4766 ὅπως
760 4701 862 4756 κᾶν
891 4702 1197 4772 ὑποφύηταί
1220 4720 1302 4766 τις
1328 4703 1475 4767 ξένος
1498 4703 1757 4775 λογισμὸς
1785 4706 1843 4757 ἐν
1865 4703 1943 4775 τῷ

362 4792 581 4865 κρυφίῳ
608 4794 709 4865 τῆς
742 4794 965 4866 ἀρετῆς,
999 4796 1128 4858 τοὺς
1165 4797 1290 4859 σοὺς
1322 4795 1446 4849 ίδὼν
1483 4796 1674 4860 πόνους
1709 4799 1738 4850 6
1768 4798 1945 4851 πάντα

360 4884 532 4954 ὁρῶν,
568 4884 778 4953 ταχέως
820 4885 886 4954 τῇ
924 4883 1116 4936 ἑαυτοῦ
1152 4884 1376 4954 δυνάμει
1405 4883 1502 4956 τὴν
1536 4884 1766 4938 ὓπουλον
1795 4885 1945 4957 ῥίζαν

362 4976 473 5029 τῶν
506 4974 783 5045 λογισμῶν
810 4975 917 5047 πρὸ
939 4976 1040 5045 τῆς
1076 4974 1312 5047 βλάστης
1355 4977 1630 5048 ἐκτεμεῖν.
1665 4978 1803 5032 Οὐδὲ
1841 4978 1950 5050 γὰρ

365 5069 521 5121 ἐστιν
555 5068 820 5138 ἁμαρτεῖν
853 5066 949 5136 τῆς
981 5065 1214 5131 ἐλπίδος,
1249 5065 1369 5119 οὐδὲ
1395 5066 1744 5138 ἀνεκδίκητον
1774 5069 1953 5137 μεῖναι

363 5158 462 5212 τὸν
489 5157 577 5210 ἀεὶ
598 5154 1002 5228 παρεδρεύοντα
1028 5155 1108 5228 τῷ
1129 5154 1268 5226 Θεῷ.
1292 5157 1354 5209 Et
1378 5156 1433 5209 δὲ
1467 5157 1566 5226 τὴν
1592 5159 1650 5210 ὲν
1673 5156 1751 5227 τῷ
1778 5157 1955 5226 Εὐαγ-

366 5249 537 5320 γελίῳ
565 5250 761 5319 χήραν,
805 5250 838 5320 ἢ
868 5250 1113 5320 προσῆγε
1155 5248 1255 5318 μὲν
1290 5249 1347 5301 οὑ
1388 5247 1756 5321 φιλανθρώπῳ
1792 5250 1953 5319 κριτῇ

365 5341 433 5393 τὸ
467 5339 566 5410 τῆς
590 5337 804 5401 ἀδικίας
836 5337 1067 5408 μέγεθος
1092 5379 1107 5403 ,
1136 5340 1169 5409 ἡ
1196 5337 1253 5390 δὲ
1285 5337 1450 5408 πολλὴ
1480 5338 1609 5409 περὶ
1636 5339 1735 5408 τὴν
1765 5338 1949 5409 δέησιν

372 5433 542 5504 σχολὴ
574 5433 669 5485 καὶ
699 5430 968 5504 καρτερία
994 5431 1280 5502 νικήσασα
1299 5429 1392 5484 τοῦ
1425 5429 1681 5484 δικαστοῦ
1710 5430 1802 5485 τὸν
1834 5431 1952 5502 τρό·

372 5544 501 5592 πον,
537 5524 762 5580 ἐκκαλεῖ
806 5525 942 5596 πρὸς
986 5522 1085 5595 τὴν
1120 5521 1221 5579 τοῦ
1254 5522 1606 5594 ἀδικήσαντος
1645 5522 1949 5594 τιμωρίαψ

375 5620 452 5693 μὴ
484 5618 663 5674 τοίνυν
692 5615 825 5688 μηδὲ
871 5616 936 5668 σὺ
981 5615 1411 5687 προσευχόμενος
1453 5614 1713 5686 ἀπείπῃς.
1752 5615 1815 5667 Et
1843 5614 1952 5685 γάρ

450 5819 495 5849 ¹⁸
538 5817 697 5872 il‘om.
736 5834 776 5882 t,
830 5818 1016 5874 28-59.

1121 5821 1161 5852 ¹⁹
1204 5819 1349 5872 Psal.
1391 5835 1547 5879 xvm.
1593 5822 1677 5883 15,
1713 5822 1799 5876 Η.

374 5890 423 5920 ³³
447 5889 610 5945 Deut.
646 5904 777 5958 χχιι,
810 5891 863 5944 9.

950 5890 997 5921 "‘
1019 5890 1150 5945 Luc.
1187 5893 1338 5956 sint,
1372 5891 1406 5943 5
1435 5907 1553 5959 sqq.

1903 5823 1948 5854 ²⁰
1976 5822 1995 5877 ί
2025 5822 2152 5878 Cor.
2196 5837 2280 5884 ιιι,
2318 5821 2405 5876 17.
2483 5810 2891 5891 “_Deut.xx1t,
2928 5820 3014 5874 10.

2030 3421 2343 3490 repleverit.
2382 3439 2401 3471 ‹
2448 3420 2568 3474 Non
2617 3421 2839 3492 junges,
2880 3441 2896 3473 ι
2930 3424 3107 3491 inquit
3139 3422 3332 3476 beatus
3368 3422 3606 3492 Moyses,

2038 3531 2057 3563 ι
2091 3513 2147 3565 in
2190 3527 2314 3566 area
2346 3521 2437 3565 tua
2471 3512 2672 3567 diversi
2704 3515 2920 3584 generis
2946 3515 3200 3566 anim-alia
3230 3514 3414 3579 simul,
3446 3513 3612 3566 veluti

2030 3603 2225 3658 bovem
2251 3610 2305 3657 et
2330 3604 2543 3657 asinum
2567 3606 2632 3657 ¹¹.
2658 3604 2843 3674 Neque
2867 3614 3125 3659 contexes
3152 3606 3203 3658 in
3237 3606 3400 3674 pallio
3431 3606 3613 3658 lanam

2034 3694 2301 3751 lino.Non
2323 3697 2470 3750 coles
2493 3696 2544 3748 in
2569 3698 2686 3751 solo
2710 3706 2867 3751 terra:
2891 3703 2996 3762 tua:
3020 3698 3128 3751 duo
3150 3697 3309 3751 simul
3336 3697 3614 3751 fructuum

2036 3805 2256 3859 genera.
2274 3788 2462 3859 Neque
2484 3789 2567 3844 bis
2591 3805 2684 3859 per
2703 3805 2904 3843 annum
2921 3790 2985 3842 ³³.
3001 3808 3019 3842 ι
3042 3789 3256 3842 Animal
3279 3789 3502 3842 alterius
3523 3804 3616 3856 ge-

2036 3882 2185 3937 neris
2210 3898 2316 3935 non
2342 3881 2510 3935 facies
2531 3883 2679 3936 coire
2700 3896 2823 3935 cum
2848 3877 3019 3935 altero
3042 3881 3107 3935 ad
3133 3879 3528 3950 procreandum
3546 3882 3612 3934 ’3.

2112 3976 2251 4042 Quid
2291 3978 2405 4031 ltmc
2442 3977 2547 4030 sibi
2578 3977 2766 4031 volunt
2800 3976 3129 4047 aenigmata?
3162 3975 3308 4045 quod
3339 3976 3393 4028 in
3424 3976 3616 4030 eodem

2040 4067 2225 4121 animo
2251 4069 2441 4122 vitium
2491 4077 2545 4123 et
2600 4070 2857 4122 virtutem
2922 4082 3213 4121 conserere
3242 4069 3384 4121 inter
3414 4083 3473 4122 se
3508 4083 3620 4122 non

2043 4167 2319 4228 oporteat.
2372 4158 2505 4224 Quae
2537 4159 2908 4229 temperantia:
2964 4158 3207 4211 amicitia
3260 4165 3344 4211 est
3374 4174 3497 4211 cum
3535 4159 3619 4211 in-

2043 4250 2382 4303 continentia
2406 4250 2431 4302 ’ί
2468 4248 2598 4315 Qum
2630 4250 2860 4319 justitiae
2911 4248 3205 4302 concordia
3248 4256 3332 4302 est
3379 4265 3503 4302 cum
3535 4252 3622 4302 in-

2039 4340 2300 4411 justitia?
2331 4341 2576 4394 Alterum
2609 4357 2823 4410 semper
2845 4340 3060 4395 decedit
3091 4341 3264 4394 altero
3304 4341 3617 4397 accedente.

2047 4432 2314 4497 Quocirca
2347 4433 2667 4501 prudentem
2718 4432 3011 4502 agricolam
3055 4438 3314 4500 tanquam
3342 4449 3370 4488 e
3395 4435 3620 4505 potabili

2046 4532 2101 4578 et
2140 4524 2285 4578 bono
2314 4523 2463 4577 fonte
2491 4538 2660 4593 puros
2689 4526 3063 4579 transmittere
3097 4527 3220 4582 vitae
3280 4526 3429 4585 rivos
3461 4542 3625 4597 opor—

2048 4621 2146 4677 tet,
2188 4613 2387 4685 quippe
2438 4617 2531 4682 qui
2580 4614 2694 4670 sola
2741 4612 2834 4668 Dei
2881 4616 3096 4669 novalia
3143 4617 3288 4670 culta
3335 4619 3508 4685 novit,
3539 4626 3628 4673 at-

2051 4722 2157 4777 que
2192 4708 2247 4761 in
2284 4708 2370 4762 bis
2396 4722 2494 4778 per
2522 4708 2687 4762 vitam
2711 4748 2725 4775 ,
2761 4708 3003 4762 laborem
3064 4710 3378 4778 impendere
3441 4726 3628 4780 perse—

2050 4805 2245 4862 verat,
2308 4804 2367 4850 ut
2423 4796 2674 4867 quamvis
2730 4805 2954 4852 externa
3006 4805 3061 4852 et
3128 4799 3309 4853 aliena
3376 4798 3627 4868 quazdam

2057 4890 2321 4961 cogitatio
2371 4889 3015 4959 subreperetl’nocculto
3065 4890 3309 4955 virtutis,
3359 4890 3451 4958 qui
3488 4889 3630 4943 videt

2054 4980 2261 5042 omnia,
2296 4989 2420 5035 tuos
2443 4981 2676 5033 intuitus
2709 4979 2946 5042 labores.
2982 4980 3092 5034 cito
3139 4994 3237 5033 sua
3271 4980 3445 5048 ipsius
3473 4986 3631 5048 pote-

2057 5079 2200 5124 state
2228 5068 2486 5121 latentem
2505 5065 2897 5136 cogitationum
2933 5066 3173 5120 radicem
3228 5073 3354 5119 ante
3409 5076 3632 5133 germen

2057 5157 2365 5213 exscindat.
2398 5156 2585 5226 Neque
2612 5157 2758 5211 enim
2796 5157 2878 5227 l‘as
2907 5165 2992 5211 est
3021 5172 3052 5209 a
3087 5173 3184 5226 spe
3214 5157 3498 5220 aberrare,
3533 5172 3632 5210 ne-

2058 5262 2166 5318 que
2181 5246 2415 5301 inultum
2445 5260 2667 5301 manere
2696 5261 2821 5301 eum
2839 5246 2931 5315 qui
2959 5261 3175 5315 semper
3200 5244 3424 5300 Numiui
3452 5247 3634 5301 adhae-

2057 5345 2161 5394 ret.
2186 5336 2343 5402 Quod
2370 5335 2416 5391 si
2455 5337 2696 5401 viduam,
2741 5351 2863 5406 qua:
2894 5336 2948 5390 in
3003 5335 3300 5407 Evangelia
3358 5351 3635 5391 memora-

2059 5438 2150 5485 tur
2169 5428 2237 5494 ”,
2272 5429 2339 5482 ad
2366 5429 2605 5497 iudicem
2636 5442 2746 5481 non
2811 5427 3106 5496 benignum
3141 5427 3370 5482 adduxit
3424 5429 3636 5498 injuriae

2062 5525 2419 5596 magnitudo,
2467 5531 2523 5579 et
2578 5523 2749 5577 multa
2800 5523 3141 5576 muliercula
3206 5525 3258 5576 in
3326 5525 3640 5592 precatione

2062 5613 2328 5671 sedulitas
2358 5628 2422 5667 ac
2453 5611 2880 5683 perseverantia,
2924 5610 3133 5681 judicis
3182 5612 3449 5668 moribus
3480 5627 3644 5681 supe-

3110 5822 3153 5852 ¹²
3196 5819 3369 5875 Levit.
3411 5835 3522 5884 xix,
3558 5817 3642 5873 19.
