4106 6438
556 437 664 492 9.95

1785 427 1843 482 S.
1885 425 2216 505 CiiECORll
2247 425 2289 480 Ν
2309 425 2542 481 l'SSENl

3676 468 3685 476 ε
3711 435 3808 492 296

556 549 714 606 ratis.
747 546 924 617 ipsum
956 543 1023 600 ad
1056 544 1392 616 punitionem
1425 543 1549 613 ejus
1598 549 1690 614 qui
1730 545 1966 611 iniurius
2023 543 2140 599 fue-

2243 545 2302 597 τὸ
2336 545 2551 615 ἐκείνης
2581 543 2708 614 περὶ
2759 543 2857 615 τὴν
2911 543 3093 614 δέησιν
3141 543 3392 610 ἀναιίὲς,
3428 544 3684 615 ἄρχοντος
3716 549 3806 600 ἀν·

556 648 643 692 rat
683 638 944 692 excitavit
977 656 992 692 :
1030 652 1099 692 ne
1134 653 1266 692 vero
1305 647 1360 692 ιιι
1397 652 1615 708 quoque
1665 637 1716 689 in
1767 637 1977 688 orando
2029 635 2138 690 l).o

557 729 798 784 animum
850 729 1216 800 despondeas.
1256 728 1391 783 Nam
1451 731 1498 784 si
1533 729 1683 781 illius
1711 728 1888 782 vidua:
1921 728 2138 782 invere-

557 821 758 876 cundia
815 822 870 874 in
927 821 1205 890 precando
1249 822 1606 889 magistratus
1649 817 1877 869 immitis
1919 826 2139 870 senten-

557 914 688 967 tiain
722 911 891 974 ﬂexit,
926 911 1018 980 qui
1052 928 1152 967 nos
1180 913 1234 965 in
1273 911 1454 966 swdio
1493 912 1676 963 cultus
1711 907 1804 962 Dei
1846 907 2139 978 desperare

556 1005 871 1059 convenit?
911 1004 1084 1074 Cujus
1132 1001 1564 1058 miscricordiam
1629 1015 1772 1070 saepe
1849 1008 2138 1070 poscentes

557 1104 902 1150 autevertere
932 1098 1098 1150 nosti.
1143 1115 1163 1146 ι
1208 1095 1593 1158 jEinnlamini,
1633 1115 1652 1146 ι
1699 1097 1875 1162 inquit
1904 1094 2140 1162 Aposto-

557 1189 667 1250 lus.
715 1205 734 1236 ι
773 1187 1082 1256 spiritualia
1125 1187 1483 1241 charismata.
1530 1185 1592 1239 Et
1631 1186 1814 1241 adhuc
1839 1187 1924 1240 his
1950 1186 2140 1240 excel-

555 1281 840 1335 lentiorcm
872 1281 1016 1334 viam
1050 1280 1208 1335 vobis
1240 1279 1476 1334 ostendo
1496 1279 1565 1332 ’⁸.
1623 1277 1680 1332 Si
1732 1279 1935 1348 linguis
1969 1277 2141 1332 homi-

556 1387 686 1426 nu-n
728 1373 922 1441 loquar
959 1378 1016 1426 et
1051 1370 1391 1442 angelorum,
1437 1369 1764 1423 charitatem
1798 1377 1981 1422 autem
2025 1383 2138 1422 non

555 1464 808 1523 habeam,
837 1462 1018 1517 factus
1041 1476 1164 1517 sum
1207 1461 1360 1516 velut
1393 1475 1470 1514 ms
1501 1475 1728 1521 sonans,
1775 1467 1872 1512 aut
1921 1460 2140 1530 cymba-

555 1554 668 1609 lum
699 1555 940 1608 tinniens
963 1555 1030 1606 “.
1065 1573 1084 1606 ι
1111 1551 1267 1619 Quod
1301 1567 1431 1607 vero
1457 1552 1742 1606 charitatis
1784 1552 1994 1604 lucrum
2043 1550 2136 1615 sit,

559 1645 648 1700 hic
701 1646 939 1700 declarat
967 1664 981 1700 :
1014 1645 1311 1700 «Charitas
1354 1658 1463 1698 non
1507 1645 1818 1708 aemulatur,
1858 1657 1967 1696 non
2011 1657 2138 1712 per-

558 1750 742 1806 peram
778 1737 910 1806 agit.
957 1752 1066 1789 non
1126 1735 1370 1800 inﬂatur,
1415 1751 1524 1789 non
1567 1745 1651 1790 est
1690 1735 2001 1797 ambitiosa,
2028 1751 2138 1789 non

555 1830 752 1894 quaerit
785 1837 909 1894 qua:
966 1839 1065 1877 sua
1096 1833 1246 1888 sunt,
1279 1839 1390 1877 non
1447 1824 1727 1889 irritatur,
1771 1840 1881 1878 non
1937 1824 2139 1894 rogitat

2243 635 2436 704 ηλεοῦς
2485 635 2662 688 ἔκλινε
2703 635 2948 705 γνώμην,
2997 636 3113 698 πῶς
3138 637 3284 704 ἡμᾶς
3311 634 3416 707 χρὴ
3442 636 3542 704 τῆς
3569 638 3694 707 περὶ
3725 637 3810 691 τὸν

2245 727 2378 780 Θεὸν
2417 726 2727 796 ἀπογνῶναι
2765 729 3029 799 σπουδῆς;
3060 724 3134 783 Οῦ
3163 730 3222 782 τδ
3257 730 3405 792 ἕλεος
3433 729 3652 798 φθάνειν
3674 725 3808 795 οἶδας

2245 818 2506 881 πολλάκις
2527 819 2651 881 τοὺς
2679 818 2984 884 αἰτοῦντας.
3015 839 3035 872 ι
3069 821 3323 891 Ζηλοῦτε,
3343 840 3378 894 ,ι
3409 821 3570 890 ιιςησὶν
3593 821 3623 872 6
3661 821 3808 874 ’Λπό-

2247 908 2460 972 στολος,
2497 925 2517 959 ι
2560 907 2629 962 τὰ
2663 911 3008 978 πνευματικὰ
3057 913 3410 982 χαρίσματα’
3451 913 3544 966 καὶ
3576 911 3655 965 ἔτι
3695 913 3809 968 καθ’

2246 996 2572 1068 ὑπερϐολὴν,
2612 998 2731 1050 ὁδον
2766 999 2894 1069 ὑμῖν
2929 1000 3199 1071 δείκνυμι.
3246 1001 3373 1054 Ἐάν
3404 1002 3525 1065 ταῖς
3551 999 3808 1069 γλώσσαις

2244 1087 2354 1139 τῶν
2393 1088 2694 1160 ἀνθρώπων
2740 1089 2886 1144 λαλῶ
2937 1093 3033 1146 καὶ
3073 1093 3180 1145 τῶν
3219 1093 3488 1160 ἀγγέλων,
3521 1094 3735 1162 ἀγάπην
3760 1095 3810 1148 δὲ

2250 1176 2324 1247 μὴ
2349 1177 2476 1245 ἔχω,
2501 1179 2699 1246 γέγονα
2719 1181 2916 1250 χαλκὸς
2939 1183 3158 1254 ἦχιίν,ἥ
3185 1184 3463 1253 κύμϐαλον
3489 1183 3764 1248 ἀλαλάζον.
3787 1205 3804 1238 ι

2247 1269 2311 1321 Τί
2349 1270 2406 1321 δὲ
2451 1269 2512 1322 τὸ
2551 1272 2738 1340 κέρδος
2779 1276 2877 1344 τῆς
2915 1275 3167 1346 ἀγάπης,
3209 1275 3458 1329 ἐντεῦθεν
3495 1276 3674 1345 δηλοῖ·
3713 1278 3810 1330 (Ἡ
3866 1281 3877 1296 “

2246 1361 2430 1430 ἀγάπη
2467 1361 2528 1412 ού
2559 1361 2733 1433 ζηλοῖ,
2751 1365 2811 1416 οὐ
2842 1366 3264 1436 περπερεύεται,
3299 1367 3361 1419 ού
3396 1367 3695 1435 φυσιοῦται,
3720 1368 3811 1420 οὐκ

2245 1454 2563 1522 ἀσχημονεῖ,
2592 1455 2652 1506 ού
2693 1456 2846 1526 ζητεί
2871 1459 2940 1509 τὰ
2968 1459 3184 1528 ἑαυτῆς,
3230 1459 3291 1510 οὗ
3334 1458 3713 1528 παροξύνεται,
3753 1460 3807 1511 ού

2245 1543 2519 1610 λογίζεται
2555 1546 2614 1600 τὸ
2641 1547 2811 1600 κακὸν
2837 1587 2853 1612 ,
2885 1549 2945 1600 οῦ
2977 1551 3156 1620 χαίρει
3189 1553 3256 1620 τῇ
3287 1550 3473 1620 ἀδικίᾳ
3493 1567 3508 1581 ·
3543 1551 3810 1621 συγχαίρτι

2246 1637 2310 1704 τῇ
2351 1635 2576 1706 ἀληθείᾳ
2599 1675 2614 1698 ,
2647 1637 2824 1690 πάντα
2860 1639 3072 1706 στέγει,
3106 1639 3281 1692 πάντα
3325 1641 3601 1700 πιστεύει,
3642 1642 3808 1694 πάντα

2247 1725 2499 1794 ἑλπίζει,
2539 1729 2717 1782 πάντα
2757 1730 3039 1800 ὑπομένει⁸
3085 1734 3118 1802 ἡ
3154 1733 3342 1804 ἀγάπη
3380 1733 3636 1785 οὐδέποτε
3675 1733 3812 1786 ἐκπί-

2250 1835 2390 1872 πτει.
2422 1839 2441 1870 ι
2485 1819 2550 1872 Τί
2581 1819 2738 1874 τοῦτό
2775 1823 2959 1886 ἐστιν;
3002 1822 3064 1874 Ei
3095 1822 3188 1875 καὶ
3218 1823 3326 1876 τῶν
3356 1823 3531 1876 ἄλλων
3557 1841 3640 1886 τις
3671 1823 3810 1892 τύχοι

556 1916 783 1977 malum,
846 1931 956 1969 non
1009 1915 1208 1984 gaudet
1249 1931 1418 1987 super
1459 1916 1772 1984 iniquitate,
1827 1915 2136 1985 eongaudet

2243 1912 2613 1981 χαρισμάτων,
2657 1909 2732 1965 ὧν
2758 1913 2817 1966 τὸ
2847 1915 3070 1983 Πνεῦμα
3107 1915 3334 1985 παρέχει
3377 1913 3644 1982 (γλώσσας
3679 1914 3809 1982 λέγω

558 2006 792 2070 veritati,
825 2005 1008 2059 omnia
1032 2004 1248 2069 sull‘crt,
1273 2006 1461 2058 omnia
1491 2005 1688 2068 credit,
1722 2007 1906 2060 omnia
1929 2015 2134 2076 sperat.

554 2099 740 2149 omnia
766 2096 1023 2150 sustinet.
1049 2094 1306 2152 Charitas
1324 2111 1606 2166 nunquam
1635 2098 1840 2152 excidit
1859 2098 1927 2151 ".
1955 2116 1974 2148 ι
1996 2097 2138 2164 Quid

555 2189 660 2241 hoc
687 2188 762 2242 rei
790 2189 918 2243 est?
959 2185 1200 2244 Tametsi
1230 2188 1334 2241 alia
1361 2188 1487 2257 quis
1524 2189 1769 2242 obtineat
1808 2188 1974 2255 dona,
2017 2205 2140 2260 quae

557 2279 802 2347 Spiritus
826 2281 1054 2350 praebet,
1089 2279 1305 2348 linguas
1335 2278 1458 2332 dico
1499 2279 1770 2348 gentium,
1811 2289 1866 2334 et
1908 2283 2140 2350 prophe-

555 2371 708 2438 tiam,
733 2381 784 2426 et
811 2371 1096 2425 scientiam
1127 2378 1183 2424 et
1216 2371 1567 2423 sanationum
1604 2384 1854 2434 munera,
1895 2373 2138 2426 nondum

557 2477 688 2516 vero
753 2477 888 2530 pure
950 2461 1213 2515 liberatus
1273 2459 1460 2524 fuerit,
1510 2458 1752 2530 Spiritus
1789 2463 2020 2527 auxilio,
2069 2463 2140 2517 ab

555 2553 963 2618 atl‘cctionibus,
985 2568 1106 2622 quae
1132 2553 1279 2606 intus
1323 2553 1670 2621 perturbant,
1721 2569 1904 2623 neque
1941 2556 2140 2610 salutis

556 2647 856 2716 perfectum
893 2647 946 2700 in
973 2646 1158 2699 animo
1207 2644 1670 2699 medicamentum
1707 2647 2024 2714 acceperit;
2084 2649 2140 2701 in

555 2744 751 2794 timore
779 2753 942 2793 casus
973 2737 1155 2792 adhuc
1184 2736 1460 2798 consistit,
1503 2736 1632 2806 quia
1677 2736 2003 2792 charitatem
2028 2753 2139 2794 non

556 2831 742 2895 habet,
787 2844 911 2900 qua:
937 2827 1227 2882 stabilitet
1275 2826 1568 2882 conﬁrmat
1601 2827 1656 2881 in
1703 2826 1923 2882 virtutis
1963 2839 2134 2884 statu.

555 2918 783 2985 Quando
809 2919 977 2990 igitur
997 2919 1063 2972 ad
1084 2926 1138 2974 te
1154 2919 1366 2973 venerit
1385 2917 1722 2990 precationis
1747 2919 1894 2973 illius
1915 2921 2142 2990 opulen-

556 3013 654 3076 tia,
689 3018 822 3066 tunc
864 3026 1028 3066 sensu
1067 3024 1274 3081 pauper
1292 3017 1432 3072 esto,
1455 3009 1791 3064 submittens
1821 3020 1872 3065 te
1901 3026 2139 3082 semper,

556 3109 607 3158 et
652 3101 936 3157 charitatis
980 3108 1365 3155 ornamentum
1415 3108 1676 3171 tanquam
1722 3099 2140 3156 fundamentum

556 3193 774 3264 ahquod
815 3191 1060 3247 thesauri
1104 3191 1294 3260 gratiae
1333 3191 1519 3245 animo
1558 3206 1910 3260 comparans.
1950 3199 2006 3246 et
2042 3191 2139 3246 ad—

557 3299 745 3340 versus
781 3299 996 3338 onmem
1038 3281 1292 3337 all'ecluin
1325 3293 1567 3342 certans.
1607 3298 1893 3354 quormque
1921 3283 1986 3336 ad
2025 3284 2137 3353 pie-

556 3373 684 3429 tatis
735 3380 932 3427 metam
979 3380 1198 3426 veutnm
1237 3373 1361 3426 erit.
1409 3369 1622 3427 Rursus
1673 3372 1852 3442 inquit
1907 3375 2142 3444 Aposto-

555 3476 639 3520 tus
677 3483 691 3519 :
739 3483 756 3514 ι
794 3463 850 3517 Si
902 3479 1024 3532 qua:
1071 3463 1128 3517 in
1181 3462 1404 3519 Christo
1452 3477 1590 3517 nova
1637 3473 1914 3527 creatura,
1957 3474 2139 3518 vetera

555 3555 889 3613 transierunt
910 3555 979 3610 ’⁸.
1025 3573 1044 3607 ι
1113 3554 1378 3610 Caeterum
1437 3569 1631 3613 novam
1679 3541 1986 3608 creaturam
2041 3571 2173 3625 ap-‘

555 3648 772 3720 pellavit
829 3645 1067 3716 Spiritus
1123 3645 1298 3700 sancti
1353 3645 1840 3709 inhabitationem,
1888 3645 1943 3698 in
2003 3661 2141 3714 puro

556 3749 607 3794 et
641 3738 918 3806 inculpato
957 3737 1120 3792 corde
1149 3737 1411 3806 omnique
1443 3736 1650 3790 malitia
1679 3743 1844 3804 atque
1880 3737 2144 3806 improbi-

556 3837 667 3884 tate
702 3844 766 3882 ac
798 3829 1068 3883 dedecore
1097 3827 1293 3884 libero.
1334 3826 1468 3881 Nam
1505 3827 1730 3898 quando
1759 3829 1978 3881 animus
2011 3843 2140 3897 pec-

557 3927 738 3975 catum
781 3921 910 3974 odio
950 3929 1280 3990 prosecutus
1333 3917 1522 3982 fuerit,
1549 3934 1613 3972 ac
1672 3934 1732 3974 se
1771 3933 1870 3988 pro
1925 3919 2140 3974 viribus

559 4011 776 4068 virtutis
814 4009 1280 4067 administrationi
1317 4009 1624 4073 tradiderit,
1672 4019 1835 4080 atque
1873 4025 1998 4064 cum
2032 4012 2141 4065 vita

553 4111 922 4160 commutatus
989 4102 1229 4172 Spiritus
1285 4103 1338 4156 in
1409 4116 1469 4156 se
1526 4101 1758 4170 gratiam
1815 4103 2134 4172 acceperit,

558 4211 737 4252 novus
768 4195 998 4251 elici-tus
1028 4202 1114 4250 est
1153 4201 1324 4259 totus,
1349 4201 1404 4249 et
1430 4202 1718 4264 reparatus
1743 4201 1908 4264 atque
1928 4190 2141 4250 instano

559 4299 728 4342 ratus.
767 4283 1081 4351 Quinetiam
1110 4284 1278 4349 istud,
1310 4301 1328 4333 ‹
1364 4281 1679 4352 Expurgate
1701 4290 1859 4337 vetns
1901 4283 2140 4339 fermen-

558 4387 710 4440 tum,
758 4385 816 4429 nt
861 4377 982 4431 sitis
1025 4389 1167 4430 nova
1201 4376 1523 4442 conspersio
1560 4372 1628 4439 “,
1673 4395 1690 4424 ι
1745 4382 1798 4428 et
1844 4377 1948 4428 hoc
2001 4389 2139 4446 quo-

561 4481 684 4536 que,
725 4483 744 4517 ι
785 4465 1106 4534 Epulemur,
1140 4481 1250 4520 non
1305 4467 1361 4520 in
1394 4465 1666 4520 fermento
1700 4467 1891 4529 veteri,
1934 4468 2029 4522 sed
2085 4469 2138 4522 in

2241 2000 2433 2068 γενῶν,
2466 2003 2558 2054 καὶ
2591 2004 2948 2074 προφητείαν,
2989 2005 3084 2057 καὶ
3115 2005 3334 2072 γνῶσιν.
3387 2006 3480 2058 καὶ
3510 2005 3809 2075 χαρίσματα

2244 2095 2530 2164 ἰαμάτων).
2567 2095 2790 2165 μηδέπω
2817 2095 2872 2148 δὲ
2901 2097 3149 2168 λυτρωθῇ
3183 2097 3440 2168 καθαρῶς
3466 2097 3576 2150 ἀπὸ
3604 2099 3708 2150 τῶν
3733 2097 3810 2150 ἔνο

2239 2185 2328 2238 δον
2355 2186 2709 2254 ἐνοχλούντων
2753 2187 2938 2240 παθῶν
2985 2192 3050 2260 τῇ
3102 2188 3196 2242 τοῦ
3239 2189 3554 2259 Πνεύματος
3583 2189 3806 2260 βοηθείᾳ,

2245 2275 2378 2344 μηδὲ
2425 2275 2486 2328 τὸ
2527 2276 2732 2330 τέλειον
2765 2279 2864 2348 τῆς
2913 2279 3187 2350 σωτηρίας
3234 2281 3290 2332 ὲν
3323 2282 3389 2350 τῇ
3427 2280 3575 2349 ψυχῇ
3604 2279 3807 2347 δέξηται

2242 2365 2558 2436 φάρμακον
2591 2368 2649 2418 ἐν
2690 2369 2840 2439 φόϐῳ
2883 2368 3221 2439 καθέστηκεν
3264 2369 3344 2422 ἔτι
3373 2371 3472 2440 τῆς
3523 2370 3767 2432 πτώσεως
3791 2407 3806 2435 ,

2240 2457 2338 2526 τὴν
2370 2458 2734 2528 στηρίζουσαν
2786 2461 2880 2512 καὶ
2926 2459 3251 2530 βεϐαιοῦσαν
3299 2463 3356 2513 ὲν
3388 2464 3454 2532 τῇ
3489 2462 3588 2532 τῆς
3625 2462 3808 2532 ἀρετῆς

2243 2549 2427 2602 στάσει
2478 2550 2552 2621 μὴ
2607 2551 2744 2622 ἔχων
2785 2551 3028 2623 ἀγάπην.
3051 2552 3224 2606 Ὅταν
3261 2549 3355 2607 οῦν
3407 2553 3538 2624 ἔλθῃ
3595 2555 3724 2626 πρὸς
3755 2555 3810 2606 σὲ

2240 2638 2338 2708 τῆς
2367 2638 2600 2708 δεήσεως
2629 2641 2844 2710 ἐκείνης
2878 2642 2907 2693 ό
2941 2641 3204 2706 πλοῦτος,
3238 2644 3359 2695 τότε
3386 2643 3541 2712 γίνου
3571 2643 3646 2714 τῷ
3685 2660 3806 2714 φροο

2241 2728 2446 2798 νήματι
2480 2729 2668 2800 πένης,
2701 2731 3022 2784 ὑποπίπτων
3073 2732 3161 2785 ἀεὶ
3187 2772 3202 2794 ,
3248 2733 3344 2786 καὶ
3371 2733 3432 2786 τὸ
3479 2735 3580 2805 τῆς
3607 2735 3808 2802 ἀγάπης

2241 2820 2424 2884 καλὸν,
2456 2820 2645 2892 ὥσπερ
2677 2821 2797 2876 τινὰ
2832 2823 3075 2894 κρηπίδα
3108 2823 3202 2876 τοῦ
3239 2823 3338 2894 τῆς
3374 2823 3596 2896 χάριτος
3625 2824 3808 2894 θησειι)‹⁵

2245 2912 2360 2982 ροῦ,
2407 2915 2718 2984 προσδοκῶν
2743 2919 2810 2986 τῇ
2843 2915 3017 2986 ψυχῇ,
3051 2916 3146 2969 καὶ
3183 2915 3320 2986 πρὸς
3349 2917 3454 2969 πᾶν
3485 2915 3805 2985 ἀγωνιζόμεο

2241 3021 2332 3068 νος
2377 3005 2578 3070 πάθος,
2617 3007 2778 3078 μέχρι
2819 3007 2913 3060 τοῦ
2945 3007 3228 3074 ἐφικέσθαι
3265 3010 3358 3060 τοῦ
3403 3009 3506 3080 τῆς
3546 3007 3809 3068 εύσεῦείας

2245 3097 2468 3150 σκοποῦ.
2494 3097 2663 3150 Πάλιν
2685 3098 2849 3166 φησὶν
2865 3097 2893 3148 6
2924 3097 3242 3162 Ἀπόστολος
3260 3115 3272 3128 ·
3302 3118 3320 3149 ι
3343 3099 3408 3150 Εἴ
3423 3115 3513 3162 τις
3533 3101 3591 3151 ἐν
3610 3093 3810 3169 Χριστῷ

2244 3187 2404 3258 καινὴ
2435 3187 2627 3252 κτίσις,
2651 3189 2720 3242 τά
2746 3189 2950 3259 ἀρχαῖα
2970 3189 3234 3260 παρῆλθε.
3268 3208 3286 3240 ι
3324 3189 3536 3259 Καινὴν
3569 3189 3624 3242 δὲ
3647 3187 3808 3241 κτίσιν

2244 3277 2471 3330 ἐκάλεσε
2492 3277 2589 3349 τὴν
2606 3281 2664 3332 ὲν
2691 3278 2908 3350 καθαρᾷ
2927 3281 3022 3332 καὶ
3043 3279 3259 3350 ἀμώμῳ
3284 3279 3507 3350 καρδία,
3535 3280 3628 3333 καὶ
3649 3279 3810 3347 πάσης

2242 3371 2637 3442 ἀπηλλαγμένῃ
2689 3371 2889 3434 κακίας
2936 3372 3032 3426 καὶ
3073 3371 3338 3442 πονηρίας
3385 3371 3478 3424 καὶ
3526 3370 3807 3441 αἰσχύνης,

2241 3463 2516 3533 ἐνοίκησιν
2545 3461 2638 3516 τοῦ
2674 3462 2831 3531 ἁγίου
2887 3463 3228 3534 Πνεύματος.
3281 3463 3447 3516 Ὅταν
3479 3462 3592 3534 γὰρ
3621 3461 3808 3533 μισήσῃ

2245 3556 2345 3624 μὲν
2383 3556 2416 3626 ἡ
2445 3553 2593 3624 ψυχὴ
2620 3554 2682 3607 τὸ
2709 3555 3046 3626 ἁμαρτάνειν
3071 3595 3086 3621 ,
3116 3555 3376 3628 οίκειὼσῃ
3402 3555 3460 3609 δὲ
3489 3556 3657 3624 αὐτὴν
3684 3554 3810 3606 κατά

2241 3648 2471 3718 δύναμιν
2508 3651 2574 3718 τῇ
2604 3648 2702 3717 τῆς
2731 3648 2938 3720 ἀρετῆς
2971 3648 3238 3719 πολιτείᾳ,
3267 3648 3362 3702 καὶ
3393 3646 3618 3718 δέξηται
3657 3661 3810 3718 μεταο

2243 3737 2529 3807 ποιηθεῖσα
2565 3736 2643 3806 τῷ
2674 3736 2776 3807 βίῳ
2803 3736 2900 3807 τὴν
2926 3737 3021 3790 τοῦ
3055 3737 3370 3808 Πνεύματος
3405 3739 3486 3800 είς
3513 3737 3705 3807 ἑαυτὴν
3725 3733 3808 3805 χά-

2243 3825 2349 3900 ριν,
2382 3829 2542 3898 καινὴ
2571 3828 2786 3896 γέγονεν
2809 3827 2926 3898 ὅλη,
2954 3829 3048 3880 καὶ
3069 3827 3386 3899 ἀνεκτίσθη.
3426 3828 3592 3882 Ἀλλά
3623 3827 3714 3880 καὶ
3737 3825 3808 3888 τὸ,

2247 3937 2270 3970 ι
2340 3918 2716 3989 Ἐκκαθάρατε
2760 3917 2860 3988 τὴν
2902 3917 3142 3972 παλαιὰν
3197 3918 3397 3990 ζύμην,
3445 3919 3534 3974 ἵνα
3563 3915 3660 3989 ἦτε
3700 3915 3808 3968 νέον

2242 4009 2471 4081 φύραμα
2491 4027 2506 4042 ο
2547 4029 2566 4061 ι
2597 4008 2692 4062 καὶ
2731 4008 2812 4073 τὸ,
2841 4027 2859 4061 ι
2913 4008 3314 4081 Ἑορτάζωμεν,
3351 4009 3427 4081 μὴ
3453 4011 3516 4064 ἐν
3545 4011 3690 4082 ζύμῃ
3717 4023 3812 4060 παι

2241 4102 2394 4172 λαιᾷ,
2428 4103 2541 4156 ἀλλ’
2573 4104 2632 4154 ὲν
2657 4101 2890 4172 ἀζύμοις
2938 4101 3288 4174 εἱλικρινείας
3335 4103 3428 4158 καὶ
3469 4102 3744 4172 ἀληθείας,
3787 4116 3804 4150 ι

2240 4195 2351 4257 τοῖς
2385 4193 2513 4264 περὶ
2543 4193 2640 4265 τῆς
2675 4194 2865 4264 καινῆς
2899 4193 3130 4256 κτίσεως
3178 4194 3493 4264 εἰρημένοις
3523 4189 3808 4263 συμφωνεῖ.

2241 4285 2476 4350 Πολλοὺς
2509 4287 2607 4356 μὲν
2639 4285 2748 4358 γὰρ
2792 4287 3005 4358 ἵστησιν
3049 4288 3078 4340 ὁ
3112 4285 3374 4358 πειρατὴς
3407 4289 3474 4358 τῇ
3508 4287 3649 4358 ψυχῇ
3697 4284 3809 4354 βρός

2241 4394 2402 4448 κους*
2456 4377 2695 4432 ἐλάττων
2727 4379 2784 4432 δὲ
2823 4379 2945 4432 καθ’
2992 4377 3190 4448 ἑαυτὴν
3232 4380 3265 4445 ἡ
3299 4378 3614 4450 ἀνθρωπίνη
3663 4377 3810 4447 φύσις

2241 4470 2340 4540 τῆς
2388 4471 2508 4523 κατ’
2565 4471 2776 4524 ἐκείνου
2821 4469 3000 4540 νίκης.
3055 4469 3147 4522 Διὸ
3195 4469 3289 4523 καὶ
3333 4469 3574 4535 ὁπλίζειν
3615 4470 3752 4538 ἡμᾶς
3784 4466 3810 4518 6

561 4558 762 4630 azymis
797 4557 1134 4612 sinceritatis
1168 4565 1223 4612 et
1251 4558 1496 4612 veritatis
1517 4557 1587 4624 ³⁰,
1631 4577 1650 4610 ι
1690 4559 1838 4622 Ιιαεο,
1876 4560 2134 4631 inquam,

2255 4561 2576 4624 ’Λπόστολος
2620 4560 2831 4614 κελεύει
2860 4561 2931 4614 τά
2980 4560 3120 4631 μέλη
3151 4563 3266 4622 τοῖς
3297 4561 3568 4634 οὐρανίοις
3601 4559 3808 4621 ὅπλοις,

560 4667 680 4708 cum
711 4651 800 4716 iis,
827 4665 950 4721 qua:
980 4649 1050 4704 de
1077 4664 1218 4704 nova
1253 4658 1509 4707 creatura
1553 4650 1700 4706 dicta
1735 4662 1888 4719 sunt,
1943 4667 2142 4710 conso-

559 4749 709 4798 nant.
760 4726 1050 4796 Enimvero
1115 4741 1318 4797 multos
1383 4749 1626 4796 tentatur
1687 4744 1884 4800 anima:
1944 4756 2145 4802 nostra:

559 4845 783 4906 laqueos
816 4833 1026 4888 tendit:
1061 4833 1332 4888 inﬁrmior
1367 4844 1548 4898 autem
1576 4842 1658 4890 est
1688 4851 1786 4904 per
1823 4853 1882 4893 se
1906 4839 2144 4894 humana

559 4936 754 4982 natura
791 4941 957 4998 quam
1001 4934 1063 4980 ut
1100 4925 1390 4979 victoriam
1435 4941 1502 4980 ex
1548 4927 1644 4982 illo
1693 4941 1975 5000 reportare
2013 4945 2144 5002 pos-

560 5021 649 5076 sit.
716 5019 931 5074 Idcirco
995 5016 1160 5072 etiam
1202 5015 1502 5087 Apostolus
1563 5033 1781 5074 armare
1830 5035 1932 5076 nos
1983 5021 2140 5088 jubet

560 5111 802 5167 membra
860 5109 1028 5164 armis
1084 5108 1453 5164 cwlestibus:
1503 5126 1522 5160 ι
1578 5107 1814 5176 lnduite,
1862 5132 1880 5164 ι
1937 5113 2150 5188 inquit,_

563 5223 583 5256 ι
630 5206 854 5260 loricam
893 5203 1141 5274 iustitiae,
1172 5209 1227 5257 et
1260 5203 1505 5258 calceate
1544 5203 1714 5274 pedes
1753 5205 1807 5260 in
1865 5221 2142 5277 praepara-

561 5300 708 5352 tione
750 5295 1028 5366 Evangelii
1088 5294 1286 5366 paeis;
1338 5302 1393 5350 et
1441 5302 1584 5351 state
1620 5297 1889 5356 succincti
1927 5299 2143 5355 lumbos

563 5394 774 5440 vestros
809 5387 862 5440 in
887 5387 1132 5440 veritate.
1169 5382 1228 5438 ln
1269 5385 1526 5442 omnibus
1590 5397 1873 5446 sumentes
1921 5401 2142 5448 scutum

564 5475 708 5540 fidei,
745 5477 801 5530 in
841 5492 950 5546 quo
973 5477 1204 5546 possitis
1229 5477 1419 5532 omnia
1453 5477 1561 5532 tela
1590 5480 1920 5549 nequissimi
1980 5482 2140 5554 ignea

562 5564 910 5636 exstinguere
933 5567 1001 5622 ³¹.
1043 5586 1062 5619 ι
1095 5565 1259 5636 (llaec
1291 5585 1420 5625 vero
1448 5577 1580 5624 sunt
1607 5571 1936 5641 impotentes
1971 5576 2138 5630 animi

565 5657 786 5727 motus.)
825 5656 1027 5712 Deinde
1058 5658 1267 5728 galeam
1315 5660 1509 5716 salutis
1547 5675 1830 5718 assumere
1865 5665 2138 5730 hortatur,

632 5765 678 5796 ’⁵
716 5765 730 5818 I
771 5767 896 5821 Cor.
953 5781 1054 5824 ιιι,
1095 5764 1184 5817 51.

1290 5767 1530 5839 "lCor.
1571 5785 1668 5834 ιιι,
1699 5771 1804 5835 5i;
1847 5787 1968 5839 xui,
2002 5774 2050 5828 l.

566 5835 609 5868 δ’
637 5835 769 5892 ibid.
802 5837 854 5892 8.

933 5835 974 5866 ³¹
1001 5833 1198 5896 Ευιιυσ.
1233 5847 1308 5899 vt,
1348 5835 1412 5890 15
1442 5854 1562 5905 sqq.

2154 5779 2198 5808 ’τ
2237 5777 2255 5832 Ι
2289 5777 2418 5834 Cor.
2453 5793 2576 5842 xm,
2612 5775 2732 5830 4-8.

2238 4649 2330 4704 τὸν
2379 4649 2602 4722 θώρακα
2645 4650 2746 4719 τῆς
2794 4650 3160 4721 δικαιοσύνης.
3191 4649 3362 4722 λέγων
3385 4669 3400 4683 ·
3437 4671 3455 4704 ι
3479 4647 3808 4708 Ἐνδύσασθε,

2237 4741 2332 4794 καὶ
2362 4739 2703 4794 ὑποδύσασθε
2732 4743 2790 4793 ὲν
2821 4741 3111 4812 ἑτοιμασίᾳ
3143 4743 3243 4814 τῆς
3271 4745 3514 4814 εἰρήνης,
3541 4743 3633 4796 καὶ
3665 4756 3810 4811 περι-

2240 4829 2488 4897 ζώσασθε
2513 4832 2610 4902 τὴν
2635 4833 2805 4902 ὀσφὺν
2837 4833 2894 4886 ὲν
2921 4832 3171 4906 ἀληθείᾳ.
3213 4834 3337 4889 Ἐπὶ
3365 4837 3500 4888 πᾶσι
3531 4835 3589 4888 δὲ
3614 4835 3701 4887 τὸν
3729 4831 3811 4883 θυ-

2245 4925 2362 4995 ρεὸν
2395 4925 2492 4996 τῆς
2522 4925 2758 4988 πίστεως
2789 4923 3178 4992 ἀναλαϐόντες,
3225 4926 3520 4998 δυνήσεσθε
3546 4926 3719 4980 πάντα
3749 4921 3812 4973 τὰ

2246 5016 2376 5088 βέλη
2403 5017 2497 5070 τοῦ
2534 5016 2778 5087 Πονηροῦ
2816 5016 2887 5070 τὰ
2927 5019 3300 5090 πεπυρωμένα
3337 5018 3559 5072 σϐέσαιο
3601 5036 3622 5068 ι
3654 5013 3812 5068 ταῦτα

2243 5109 2301 5164 δέ
2327 5111 2441 5162 ἐστι
2473 5108 2544 5163 τὰ
2573 5109 2849 5162 ἀκόλαστα
2888 5109 3058 5180 πάθη.
3105 5111 3214 5164 Καὶ
3261 5111 3360 5181 τὴν
3398 5105 3812 5180 περικεφαλαίαν

2243 5201 2498 5268 δέξασθαι
2525 5200 2620 5255 τοῦ
2649 5202 2920 5274 σωτηρίου
2945 5205 3255 5275 παρεγγυᾷ,
3284 5205 3378 5258 καὶ
3405 5203 3500 5274 τὴν
3529 5203 3688 5271 ἁγίαν
3721 5197 3812 5269 μά·

2246 5311 2442 5366 χαιραν
2461 5292 2554 5347 τοῦ
2578 5293 2718 5356 Πνεύ
2727 5310 2916 5365 ματος.
2940 5293 3154 5364 Ταύτην
3173 5295 3230 5348 δὲ
3252 5293 3401 5364 λέγει
3421 5293 3510 5347 τὸν
3528 5295 3586 5345 ἐν
3601 5291 3812 5359 δυνάμει

2247 5386 2383 5442 Θεοῦ
2411 5387 2607 5456 Λόγον,
2719 5385 2824 5457 χρὴ
2850 5387 2948 5456 τὴν
2979 5384 3160 5450 δεξιὰν
3189 5387 3288 5456 τῆς
3325 5386 3502 5457 ψυχῆς
3529 5383 3812 5438 ὁπλίσαντα

2249 5480 2346 5543 τὰς
2366 5477 2456 5532 τοῦ
2487 5477 2610 5548 Ἐχθ
2619 5476 2712 5547 ροῦ
2745 5475 2994 5548 μηχανὰς
3009 5477 3430 5548 ἀποκρούεσθαι.
3449 5477 3608 5546 Ὁρᾷς
3629 5472 3811 5530 πόσους

2248 5572 2494 5637 ὑπέδειξέ
2520 5589 2603 5625 σοι
2631 5570 2730 5641 τῆς
2765 5571 3038 5642 σωτηρίας
3058 5572 3293 5642 τρόπους
3319 5574 3346 5626 ὀ
3380 5568 3715 5629 ’Δπόστολος,
3743 5563 3812 5623 εἰς

2251 5667 2381 5737 μίαν
2409 5665 2682 5726 τείνοντας
2703 5663 2840 5729 ὁδον,
2869 5664 2963 5716 καὶ
2986 5664 3187 5717 σκοπὸν
3222 5665 3353 5730 Eva;
3385 5667 3440 5716 ἐν
3471 5659 3552 5726 οἷς
3575 5661 3666 5713 καὶ
3687 5657 3800 5723 πλη-

2827 5775 2874 5808 ”
2911 5774 2952 5829 ll
2979 5775 3105 5833 Cor.
3146 5793 3197 5843 ν,
3229 5777 3316 5831 l7.
3411 5779 3454 5810 ²⁹
3481 5778 3496 5830 1
3526 5777 3652 5831 Cor.
3682 5788 3730 5835 v,
3761 5768 3808 5820 7-
