  <div class='ocr_page' id='page_1' title='image "/cluster/home/n/w/nwhite01/storage/ocr_20150623/46:no.3/coo.31924054869668/156.png"; bbox 0 0 4106 6436; ppageno 0'>
   <div class='ocr_carea' id='block_1_1' title="bbox 366 429 471 487">
    <p class='ocr_par' dir='ltr' id='par_1_1' title="bbox 366 429 471 487">
     <span class='ocr_line' id='line_1_1' title="bbox 366 429 471 487; baseline -0.019 0"><span class='ocrx_word' id='word_1_1' title='bbox 366 429 471 487; x_wconf 73' lang='lat'><strong>9.91</strong></span> 
     </span>
    </p>
   </div>
   <div class='ocr_carea' id='block_1_2' title="bbox 1527 433 2531 498">
    <p class='ocr_par' dir='ltr' id='par_1_2' title="bbox 1527 433 2531 498">
     <span class='ocr_line' id='line_1_2' title="bbox 1527 433 2531 498; baseline 0.008 -8"><span class='ocrx_word' id='word_1_2' title='bbox 1527 435 1614 490; x_wconf 90' lang='lat' dir='ltr'><strong>DE</strong></span> <span class='ocrx_word' id='word_1_3' title='bbox 1670 433 2047 492; x_wconf 81' lang='lat' dir='ltr'><strong>lNSTlTUTO</strong></span> <span class='ocrx_word' id='word_1_4' title='bbox 2088 436 2531 498; x_wconf 73' lang='lat' dir='ltr'><strong>CHRiSTlANO.</strong></span> 
     </span>
    </p>
   </div>
   <div class='ocr_carea' id='block_1_3' title="bbox 3561 453 3667 511">
    <p class='ocr_par' dir='ltr' id='par_1_3' title="bbox 3561 453 3667 511">
     <span class='ocr_line' id='line_1_3' title="bbox 3561 453 3667 511; baseline 0.028 -3"><span class='ocrx_word' id='word_1_5' title='bbox 3561 453 3667 511; x_wconf 70' lang='lat'><strong>298</strong></span> 
     </span>
    </p>
   </div>
   <div class='ocr_carea' id='block_1_4' title="bbox 380 549 1948 634">
    <p class='ocr_par' dir='ltr' id='par_1_4' title="bbox 380 549 1948 626">
     <span class='ocr_line' id='line_1_4' title="bbox 380 549 1948 626; baseline 0.003 -23"><span class='ocrx_word' id='word_1_6' title='bbox 380 549 563 623; x_wconf 87' lang='grc' dir='ltr'>ροῦται</span> <span class='ocrx_word' id='word_1_7' title='bbox 590 549 801 623; x_wconf 79' lang='grc' dir='ltr'><strong>ῥᾳδίως</strong></span> <span class='ocrx_word' id='word_1_8' title='bbox 830 552 861 605; x_wconf 99' lang='lat'><strong>6</strong></span> <span class='ocrx_word' id='word_1_9' title='bbox 888 551 1024 624; x_wconf 76' lang='grc' dir='ltr'>πρὸς</span> <span class='ocrx_word' id='word_1_10' title='bbox 1052 553 1112 608; x_wconf 85' lang='grc' dir='ltr'>τὸ</span> <span class='ocrx_word' id='word_1_11' title='bbox 1133 555 1299 626; x_wconf 81' lang='grc' dir='ltr'>ἀκρον</span> <span class='ocrx_word' id='word_1_12' title='bbox 1326 554 1432 607; x_wconf 86' lang='grc' dir='ltr'><strong>τῶν</strong></span> <span class='ocrx_word' id='word_1_13' title='bbox 1472 554 1699 610; x_wconf 75' lang='grc' dir='ltr'><strong>ἐντολῶν</strong></span> <span class='ocrx_word' id='word_1_14' title='bbox 1728 553 1822 608; x_wconf 89' lang='grc' dir='ltr'><strong>τοῦ</strong></span> <span class='ocrx_word' id='word_1_15' title='bbox 1853 554 1948 625; x_wconf 72' lang='grc' dir='ltr'>βίοι</span> 
     </span>
    </p>
   </div>
   <div class='ocr_carea' id='block_1_5' title="bbox 2057 549 3662 634">
    <p class='ocr_par' dir='ltr' id='par_1_5' title="bbox 2072 558 3662 634">
     <span class='ocr_line' id='line_1_5' title="bbox 2072 558 3662 634; baseline 0.008 -26"><span class='ocrx_word' id='word_1_16' title='bbox 2072 570 2137 611; x_wconf 83' lang='lat' dir='ltr'><strong>ac</strong></span> <span class='ocrx_word' id='word_1_17' title='bbox 2171 566 2423 613; x_wconf 87' lang='lat' dir='ltr'><strong>sanctum</strong></span> <span class='ocrx_word' id='word_1_18' title='bbox 2477 558 2719 630; x_wconf 81' lang='lat' dir='ltr'><strong>Spiritus</strong></span> <span class='ocrx_word' id='word_1_19' title='bbox 2752 561 3011 632; x_wconf 81' lang='lat' dir='ltr'><strong>gladium.</strong></span> <span class='ocrx_word' id='word_1_20' title='bbox 3066 563 3223 621; x_wconf 81' lang='lat' dir='ltr'><strong>Hunc</strong></span> <span class='ocrx_word' id='word_1_21' title='bbox 3267 575 3446 623; x_wconf 89' lang='lat' dir='ltr'><strong>autem</strong></span> <span class='ocrx_word' id='word_1_22' title='bbox 3508 567 3662 634; x_wconf 86' lang='lat' dir='ltr'><strong>dicit,</strong></span> 
     </span>
    </p>
   </div>
   <div class='ocr_carea' id='block_1_6' title="bbox 376 643 594 715">
    <p class='ocr_par' dir='ltr' id='par_1_6' title="bbox 376 643 594 715">
     <span class='ocr_line' id='line_1_6' title="bbox 376 643 594 715; baseline 0.014 -19"><span class='ocrx_word' id='word_1_23' title='bbox 376 643 594 715; x_wconf 86' lang='grc' dir='ltr'>δρόμος.</span> 
     </span>
    </p>
   </div>
   <div class='ocr_carea' id='block_1_7' title="bbox 2086 645 3661 724">
    <p class='ocr_par' dir='ltr' id='par_1_7' title="bbox 2086 645 3661 724">
     <span class='ocr_line' id='line_1_7' title="bbox 2086 645 3661 724; baseline 0.009 -24"><span class='ocrx_word' id='word_1_24' title='bbox 2086 645 2327 702; x_wconf 79' lang='lat' dir='ltr'><strong>Verbum</strong></span> <span class='ocrx_word' id='word_1_25' title='bbox 2360 650 2416 704; x_wconf 91' lang='lat' dir='ltr'><strong>in</strong></span> <span class='ocrx_word' id='word_1_26' title='bbox 2446 650 2649 707; x_wconf 91' lang='lat' dir='ltr'><strong>virtute</strong></span> <span class='ocrx_word' id='word_1_27' title='bbox 2686 651 2801 714; x_wconf 92' lang='lat' dir='ltr'><strong>Dei,</strong></span> <span class='ocrx_word' id='word_1_28' title='bbox 2839 669 2949 724; x_wconf 89' lang='lat' dir='ltr'><strong>quo</strong></span> <span class='ocrx_word' id='word_1_29' title='bbox 2973 654 3131 711; x_wconf 81' lang='lat' dir='ltr'><strong>decet</strong></span> <span class='ocrx_word' id='word_1_30' title='bbox 3163 659 3359 714; x_wconf 62' lang='lat' dir='ltr'><strong>animae</strong></span> <span class='ocrx_word' id='word_1_31' title='bbox 3412 659 3661 714; x_wconf 76' lang='lat' dir='ltr'><strong>dextram</strong></span> 
     </span>
    </p>
   </div>
   <div class='ocr_carea' id='block_1_8' title="bbox 381 730 3659 823">
    <p class='ocr_par' dir='ltr' id='par_1_8' title="bbox 381 730 3659 823">
     <span class='ocr_line' id='line_1_8' title="bbox 381 730 3659 823; baseline 0.007 -37"><span class='ocrx_word' id='word_1_32' title='bbox 381 742 646 787; x_wconf 88' lang='lat' dir='ltr'><strong>armatam</strong></span> <span class='ocrx_word' id='word_1_33' title='bbox 680 734 865 791; x_wconf 88' lang='lat' dir='ltr'><strong>hostis</strong></span> <span class='ocrx_word' id='word_1_34' title='bbox 927 730 1166 792; x_wconf 77' lang='lat' dir='ltr'><strong>fabricas</strong></span> <span class='ocrx_word' id='word_1_35' title='bbox 1225 736 1522 793; x_wconf 79' lang='lat' dir='ltr'><strong>discutere.</strong></span> <span class='ocrx_word' id='word_1_36' title='bbox 1596 736 1837 792; x_wconf 78' lang='lat' dir='ltr'><strong>Videsne</strong></span> <span class='ocrx_word' id='word_1_37' title='bbox 1867 743 2001 807; x_wconf 91' lang='lat' dir='ltr'><strong>quot</strong></span> <span class='ocrx_word' id='word_1_38' title='bbox 2039 737 2236 793; x_wconf 88' lang='lat' dir='ltr'><strong>salutis</strong></span> <span class='ocrx_word' id='word_1_39' title='bbox 2266 740 2461 797; x_wconf 87' lang='lat' dir='ltr'><strong>modos</strong></span> <span class='ocrx_word' id='word_1_40' title='bbox 2516 744 2814 813; x_wconf 80' lang='lat' dir='ltr'><strong>Apostolus</strong></span> <span class='ocrx_word' id='word_1_41' title='bbox 2845 747 2943 801; x_wconf 83' lang='lat' dir='ltr'><strong>tibi</strong></span> <span class='ocrx_word' id='word_1_42' title='bbox 2993 750 3383 815; x_wconf 86' lang='lat' dir='ltr'><strong>subindicarit,</strong></span> <span class='ocrx_word' id='word_1_43' title='bbox 3418 753 3513 823; x_wconf 85' lang='lat' dir='ltr'><strong>qui</strong></span> <span class='ocrx_word' id='word_1_44' title='bbox 3590 754 3659 807; x_wconf 88' lang='lat' dir='ltr'><strong>ad</strong></span> 
     </span>
    </p>
   </div>
   <div class='ocr_carea' id='block_1_9' title="bbox 381 825 3659 907">
    <p class='ocr_par' dir='ltr' id='par_1_9' title="bbox 381 825 3659 907">
     <span class='ocr_line' id='line_1_9' title="bbox 381 825 3659 907; baseline 0.005 -28"><span class='ocrx_word' id='word_1_45' title='bbox 381 840 545 879; x_wconf 90' lang='lat' dir='ltr'><strong>unam</strong></span> <span class='ocrx_word' id='word_1_46' title='bbox 574 825 742 894; x_wconf 87' lang='lat' dir='ltr'><strong>viam,</strong></span> <span class='ocrx_word' id='word_1_47' title='bbox 776 827 1135 898; x_wconf 85' lang='lat' dir='ltr'><strong>eamdemque</strong></span> <span class='ocrx_word' id='word_1_48' title='bbox 1159 836 1355 882; x_wconf 86' lang='lat' dir='ltr'><strong>metam</strong></span> <span class='ocrx_word' id='word_1_49' title='bbox 1380 829 1650 894; x_wconf 89' lang='lat' dir='ltr'><strong>tendunt;</strong></span> <span class='ocrx_word' id='word_1_50' title='bbox 1678 830 1733 883; x_wconf 92' lang='lat' dir='ltr'><strong>in</strong></span> <span class='ocrx_word' id='word_1_51' title='bbox 1763 829 1966 899; x_wconf 88' lang='lat' dir='ltr'><strong>quibus</strong></span> <span class='ocrx_word' id='word_1_52' title='bbox 2006 826 2167 883; x_wconf 83' lang='lat' dir='ltr'><strong>facile</strong></span> <span class='ocrx_word' id='word_1_53' title='bbox 2204 830 2324 884; x_wconf 74' lang='lat' dir='ltr'><strong>vitm</strong></span> <span class='ocrx_word' id='word_1_54' title='bbox 2365 833 2724 901; x_wconf 88' lang='lat' dir='ltr'><strong>curriculum,</strong></span> <span class='ocrx_word' id='word_1_55' title='bbox 2786 838 2933 907; x_wconf 89' lang='lat' dir='ltr'><strong>quod</strong></span> <span class='ocrx_word' id='word_1_56' title='bbox 2992 839 3060 893; x_wconf 88' lang='lat' dir='ltr'><strong>ad</strong></span> <span class='ocrx_word' id='word_1_57' title='bbox 3112 841 3499 897; x_wconf 87' lang='lat' dir='ltr'><strong>mandatorum</strong></span> <span class='ocrx_word' id='word_1_58' title='bbox 3564 841 3659 898; x_wconf 92' lang='lat' dir='ltr'><strong>Dei</strong></span> 
     </span>
    </p>
   </div>
   <div class='ocr_carea' id='block_1_10' title="bbox 381 918 1163 989">
    <p class='ocr_par' dir='ltr' id='par_1_10' title="bbox 381 918 1163 989">
     <span class='ocr_line' id='line_1_10' title="bbox 381 918 1163 989; baseline 0.004 -18"><span class='ocrx_word' id='word_1_59' title='bbox 381 918 594 987; x_wconf 80' lang='lat' dir='ltr'><strong>apicem</strong></span> <span class='ocrx_word' id='word_1_60' title='bbox 624 927 857 987; x_wconf 88' lang='lat' dir='ltr'><strong>spectat,</strong></span> <span class='ocrx_word' id='word_1_61' title='bbox 894 920 1163 989; x_wconf 81' lang='lat' dir='ltr'><strong>expletur.</strong></span> 
     </span>
    </p>
   </div>
   <div class='ocr_carea' id='block_1_11' title="bbox 463 995 1970 1082">
    <p class='ocr_par' dir='ltr' id='par_1_11' title="bbox 463 995 1970 1082">
     <span class='ocr_line' id='line_1_11' title="bbox 463 995 1970 1082; baseline -0.001 -20"><span class='ocrx_word' id='word_1_62' title='bbox 463 1009 520 1063; x_wconf 87' lang='lat'><strong>&#39;0</strong></span> <span class='ocrx_word' id='word_1_63' title='bbox 572 1010 672 1081; x_wconf 83' lang='grc' dir='ltr'>μὲν</span> <span class='ocrx_word' id='word_1_64' title='bbox 726 1006 819 1064; x_wconf 80' lang='grc' dir='ltr'>οὖν</span> <span class='ocrx_word' id='word_1_65' title='bbox 860 1012 1063 1076; x_wconf 87' lang='grc' dir='ltr'>σκοπὸς</span> <span class='ocrx_word' id='word_1_66' title='bbox 1108 1011 1210 1082; x_wconf 84' lang='grc' dir='ltr'>τῆς</span> <span class='ocrx_word' id='word_1_67' title='bbox 1254 995 1537 1074; x_wconf 70' lang='grc' dir='ltr'>εὐσεϐείας</span> <span class='ocrx_word' id='word_1_68' title='bbox 1579 1011 1835 1073; x_wconf 85' lang='grc' dir='ltr'>τοιοῦτος.</span> <span class='ocrx_word' id='word_1_69' title='bbox 1878 1011 1970 1062; x_wconf 85' lang='grc' dir='ltr'>Δεῖ</span> 
     </span>
    </p>
   </div>
   <div class='ocr_carea' id='block_1_12' title="bbox 376 1098 1966 1173">
    <p class='ocr_par' dir='ltr' id='par_1_12' title="bbox 376 1098 1966 1173">
     <span class='ocr_line' id='line_1_12' title="bbox 376 1098 1966 1173; baseline 0 -20"><span class='ocrx_word' id='word_1_70' title='bbox 376 1098 435 1153; x_wconf 79' lang='grc' dir='ltr'>δὲ</span> <span class='ocrx_word' id='word_1_71' title='bbox 492 1101 623 1165; x_wconf 76' lang='grc' dir='ltr'>τοὺς</span> <span class='ocrx_word' id='word_1_72' title='bbox 688 1101 999 1171; x_wconf 80' lang='grc' dir='ltr'>φιλοσοφεῖν</span> <span class='ocrx_word' id='word_1_73' title='bbox 1049 1103 1357 1171; x_wconf 78' lang='grc' dir='ltr'><strong>ἐγνωκότας</strong></span> <span class='ocrx_word' id='word_1_74' title='bbox 1385 1143 1399 1166; x_wconf 97' lang='grc'><strong>,</strong></span> <span class='ocrx_word' id='word_1_75' title='bbox 1459 1101 1702 1173; x_wconf 79' lang='grc' dir='ltr'>ἀκριϐῶς</span> <span class='ocrx_word' id='word_1_76' title='bbox 1769 1101 1966 1154; x_wconf 83' lang='grc' dir='ltr'>εἰδέναι</span> 
     </span>
    </p>
   </div>
   <div class='ocr_carea' id='block_1_13' title="bbox 352 1188 1963 1263">
    <p class='ocr_par' dir='ltr' id='par_1_13' title="bbox 352 1188 1963 1263">
     <span class='ocr_line' id='line_1_13' title="bbox 352 1188 1963 1263; baseline 0 -20"><span class='ocrx_word' id='word_1_77' title='bbox 352 1188 578 1263; x_wconf 71' lang='grc' dir='ltr'>αὐτὸν,</span> <span class='ocrx_word' id='word_1_78' title='bbox 646 1190 797 1254; x_wconf 80' lang='grc' dir='ltr'>ὅπως</span> <span class='ocrx_word' id='word_1_79' title='bbox 848 1191 1044 1261; x_wconf 80' lang='grc' dir='ltr'>ῥίψωσι</span> <span class='ocrx_word' id='word_1_80' title='bbox 1105 1194 1202 1263; x_wconf 79' lang='grc' dir='ltr'>μὲν</span> <span class='ocrx_word' id='word_1_81' title='bbox 1247 1193 1461 1261; x_wconf 68' lang='grc' dir='ltr'>ξπάντες</span> <span class='ocrx_word' id='word_1_82' title='bbox 1510 1192 1609 1263; x_wconf 84' lang='grc' dir='ltr'>τὴν</span> <span class='ocrx_word' id='word_1_83' title='bbox 1655 1190 1963 1256; x_wconf 84' lang='grc' dir='ltr'>αὐθάδειαν,</span> 
     </span>
    </p>
   </div>
   <div class='ocr_carea' id='block_1_14' title="bbox 374 1281 1961 1353">
    <p class='ocr_par' dir='ltr' id='par_1_14' title="bbox 374 1281 1961 1353">
     <span class='ocr_line' id='line_1_14' title="bbox 374 1281 1961 1353; baseline 0 -19"><span class='ocrx_word' id='word_1_84' title='bbox 374 1282 471 1334; x_wconf 75' lang='grc' dir='ltr'>καὶ</span> <span class='ocrx_word' id='word_1_85' title='bbox 508 1282 571 1334; x_wconf 86' lang='grc' dir='ltr'>τὸ</span> <span class='ocrx_word' id='word_1_86' title='bbox 609 1281 753 1351; x_wconf 88' lang='grc' dir='ltr'>μέγα</span> <span class='ocrx_word' id='word_1_87' title='bbox 786 1285 1004 1351; x_wconf 83' lang='grc' dir='ltr'>φρονεῖν</span> <span class='ocrx_word' id='word_1_88' title='bbox 1034 1285 1125 1336; x_wconf 75' lang='grc' dir='ltr'><strong>ἐπὶ</strong></span> <span class='ocrx_word' id='word_1_89' title='bbox 1160 1286 1274 1347; x_wconf 86' lang='grc' dir='ltr'>τοῖς</span> <span class='ocrx_word' id='word_1_90' title='bbox 1306 1281 1696 1353; x_wconf 81' lang='grc' dir='ltr'><strong>κατορθώμασι</strong></span> <span class='ocrx_word' id='word_1_91' title='bbox 1717 1299 1731 1313; x_wconf 67' lang='grc' dir='ltr'>θ</span> <span class='ocrx_word' id='word_1_92' title='bbox 1770 1283 1870 1351; x_wconf 91' lang='grc' dir='ltr'>τήν</span> <span class='ocrx_word' id='word_1_93' title='bbox 1902 1298 1961 1334; x_wconf 88' lang='grc' dir='ltr'><strong>τε</strong></span> 
     </span>
    </p>
   </div>
   <div class='ocr_carea' id='block_1_15' title="bbox 372 1374 1962 1449">
    <p class='ocr_par' dir='ltr' id='par_1_15' title="bbox 372 1374 1962 1449">
     <span class='ocr_line' id='line_1_15' title="bbox 372 1374 1962 1449; baseline -0.001 -22"><span class='ocrx_word' id='word_1_94' title='bbox 372 1374 790 1445; x_wconf 58' lang='grc' dir='ltr'>ἑαυτῶνκψυχὴν</span> <span class='ocrx_word' id='word_1_95' title='bbox 826 1374 966 1449; x_wconf 86' lang='grc' dir='ltr'><strong>μετά</strong></span> <span class='ocrx_word' id='word_1_96' title='bbox 992 1375 1087 1428; x_wconf 89' lang='grc' dir='ltr'><strong>τοῦ</strong></span> <span class='ocrx_word' id='word_1_97' title='bbox 1122 1374 1239 1446; x_wconf 85' lang='grc' dir='ltr'>βίου</span> <span class='ocrx_word' id='word_1_98' title='bbox 1270 1376 1671 1446; x_wconf 88' lang='grc' dir='ltr'>ἀρνησάμενοι,</span> <span class='ocrx_word' id='word_1_99' title='bbox 1702 1374 1838 1447; x_wconf 85' lang='grc' dir='ltr'>πρὸς</span> <span class='ocrx_word' id='word_1_100' title='bbox 1866 1374 1962 1427; x_wconf 74' lang='grc' dir='ltr'>ἕνα</span> 
     </span>
    </p>
   </div>
   <div class='ocr_carea' id='block_1_16' title="bbox 374 1461 1959 1536">
    <p class='ocr_par' dir='ltr' id='par_1_16' title="bbox 374 1461 1959 1536">
     <span class='ocr_line' id='line_1_16' title="bbox 374 1461 1959 1536; baseline 0 -20"><span class='ocrx_word' id='word_1_101' title='bbox 374 1463 619 1534; x_wconf 83' lang='grc' dir='ltr'><strong>βλέπωσι</strong></span> <span class='ocrx_word' id='word_1_102' title='bbox 647 1464 875 1518; x_wconf 87' lang='grc' dir='ltr'>πλοῦτον</span> <span class='ocrx_word' id='word_1_103' title='bbox 897 1481 912 1497; x_wconf 75' lang='grc' dir='ltr'><strong>ο</strong></span> <span class='ocrx_word' id='word_1_104' title='bbox 946 1463 1005 1519; x_wconf 81' lang='grc' dir='ltr'>ὃν</span> <span class='ocrx_word' id='word_1_105' title='bbox 1040 1466 1138 1535; x_wconf 80' lang='grc' dir='ltr'>τῆς</span> <span class='ocrx_word' id='word_1_106' title='bbox 1169 1466 1249 1528; x_wconf 77' lang='grc' dir='ltr'>εἰς</span> <span class='ocrx_word' id='word_1_107' title='bbox 1277 1464 1514 1536; x_wconf 82' lang='grc' dir='ltr'>Χριστὸν</span> <span class='ocrx_word' id='word_1_108' title='bbox 1542 1465 1763 1535; x_wconf 82' lang='grc' dir='ltr'><strong>ἀγάπης</strong></span> <span class='ocrx_word' id='word_1_109' title='bbox 1798 1461 1959 1517; x_wconf 89' lang='grc' dir='ltr'>ἆθλον</span> 
     </span>
    </p>
   </div>
   <div class='ocr_carea' id='block_1_17' title="bbox 369 1553 1961 1626">
    <p class='ocr_par' dir='ltr' id='par_1_17' title="bbox 369 1553 1961 1626">
     <span class='ocr_line' id='line_1_17' title="bbox 369 1553 1961 1626; baseline 0 -20"><span class='ocrx_word' id='word_1_110' title='bbox 369 1557 485 1616; x_wconf 80' lang='grc' dir='ltr'>τοῖς</span> <span class='ocrx_word' id='word_1_111' title='bbox 508 1553 798 1621; x_wconf 80' lang='grc' dir='ltr'><strong>ἀγαπῶσιν</strong></span> <span class='ocrx_word' id='word_1_112' title='bbox 832 1553 1033 1609; x_wconf 79' lang='grc' dir='ltr'>ἔδωκεν</span> <span class='ocrx_word' id='word_1_113' title='bbox 1057 1555 1086 1607; x_wconf 90' lang='lat'><strong>6</strong></span> <span class='ocrx_word' id='word_1_114' title='bbox 1124 1554 1286 1619; x_wconf 77' lang='grc' dir='ltr'>Θεὸς,</span> <span class='ocrx_word' id='word_1_115' title='bbox 1318 1554 1502 1618; x_wconf 87' lang='grc' dir='ltr'>καθώς</span> <span class='ocrx_word' id='word_1_116' title='bbox 1538 1572 1704 1626; x_wconf 89' lang='grc' dir='ltr'>φησιν</span> <span class='ocrx_word' id='word_1_117' title='bbox 1733 1556 1761 1607; x_wconf 90' lang='lat'><strong>6</strong></span> <span class='ocrx_word' id='word_1_118' title='bbox 1800 1554 1961 1616; x_wconf 79' lang='grc' dir='ltr'>αὐτὸς</span> 
     </span>
    </p>
   </div>
   <div class='ocr_carea' id='block_1_18' title="bbox 383 1645 1959 1718">
    <p class='ocr_par' dir='ltr' id='par_1_18' title="bbox 383 1645 1959 1718">
     <span class='ocr_line' id='line_1_18' title="bbox 383 1645 1959 1718; baseline -0.001 -19"><span class='ocrx_word' id='word_1_119' title='bbox 383 1645 729 1709; x_wconf 82' lang='grc' dir='ltr'>Ἀπόστολος·</span> <span class='ocrx_word' id='word_1_120' title='bbox 770 1664 790 1698; x_wconf 72' lang='grc' dir='ltr'><strong>ι</strong></span> <span class='ocrx_word' id='word_1_121' title='bbox 830 1648 910 1698; x_wconf 86' lang='grc' dir='ltr'><strong>Δι’</strong></span> <span class='ocrx_word' id='word_1_122' title='bbox 939 1647 1217 1717; x_wconf 74' lang='grc' dir='ltr'><strong>ὑπομονῆς</strong></span> <span class='ocrx_word' id='word_1_123' title='bbox 1240 1646 1524 1718; x_wconf 77' lang='grc' dir='ltr'><strong>τρέχωμεν</strong></span> <span class='ocrx_word' id='word_1_124' title='bbox 1548 1647 1638 1700; x_wconf 86' lang='grc' dir='ltr'>τὸν</span> <span class='ocrx_word' id='word_1_125' title='bbox 1662 1646 1959 1717; x_wconf 85' lang='grc' dir='ltr'>προκείμε-</span> 
     </span>
    </p>
   </div>
   <div class='ocr_carea' id='block_1_19' title="bbox 368 1738 1959 1811">
    <p class='ocr_par' dir='ltr' id='par_1_19' title="bbox 368 1738 1959 1811">
     <span class='ocr_line' id='line_1_19' title="bbox 368 1738 1959 1811; baseline 0 -19"><span class='ocrx_word' id='word_1_126' title='bbox 368 1755 463 1792; x_wconf 84' lang='grc' dir='ltr'><strong>νον</strong></span> <span class='ocrx_word' id='word_1_127' title='bbox 490 1741 622 1809; x_wconf 79' lang='grc' dir='ltr'>ημῖν</span> <span class='ocrx_word' id='word_1_128' title='bbox 644 1738 852 1807; x_wconf 87' lang='grc' dir='ltr'>ἀγῶνα,</span> <span class='ocrx_word' id='word_1_129' title='bbox 886 1739 1197 1811; x_wconf 83' lang='grc' dir='ltr'>ἀφορῶντες</span> <span class='ocrx_word' id='word_1_130' title='bbox 1224 1740 1304 1803; x_wconf 78' lang='grc' dir='ltr'><strong>είς</strong></span> <span class='ocrx_word' id='word_1_131' title='bbox 1335 1740 1426 1792; x_wconf 81' lang='grc' dir='ltr'>τὸν</span> <span class='ocrx_word' id='word_1_132' title='bbox 1457 1739 1555 1809; x_wconf 85' lang='grc' dir='ltr'>τῆς</span> <span class='ocrx_word' id='word_1_133' title='bbox 1591 1738 1827 1801; x_wconf 87' lang='grc' dir='ltr'>πίστεως</span> <span class='ocrx_word' id='word_1_134' title='bbox 1859 1739 1959 1807; x_wconf 83' lang='grc' dir='ltr'>ἀρ-</span> 
     </span>
    </p>
   </div>
   <div class='ocr_carea' id='block_1_20' title="bbox 366 1824 1956 1901">
    <p class='ocr_par' dir='ltr' id='par_1_20' title="bbox 366 1824 1956 1901">
     <span class='ocr_line' id='line_1_20' title="bbox 366 1824 1956 1901; baseline -0.001 -20"><span class='ocrx_word' id='word_1_135' title='bbox 366 1829 537 1898; x_wconf 81' lang='grc' dir='ltr'>χηγὸν</span> <span class='ocrx_word' id='word_1_136' title='bbox 586 1828 683 1881; x_wconf 76' lang='grc' dir='ltr'>καὶ</span> <span class='ocrx_word' id='word_1_137' title='bbox 733 1827 1023 1901; x_wconf 85' lang='grc' dir='ltr'>τελειωτὴν</span> <span class='ocrx_word' id='word_1_138' title='bbox 1068 1828 1294 1900; x_wconf 85' lang='grc' dir='ltr'>Ἰησοῦν.</span> <span class='ocrx_word' id='word_1_139' title='bbox 1357 1848 1378 1882; x_wconf 75' lang='grc' dir='ltr'><strong>ι</strong></span> <span class='ocrx_word' id='word_1_140' title='bbox 1419 1827 1508 1900; x_wconf 82' lang='grc' dir='ltr'><strong>Μὴ</strong></span> <span class='ocrx_word' id='word_1_141' title='bbox 1549 1824 1643 1882; x_wconf 78' lang='grc' dir='ltr'>οὖν</span> <span class='ocrx_word' id='word_1_142' title='bbox 1696 1831 1808 1891; x_wconf 88' lang='grc' dir='ltr'>τοῖς</span> <span class='ocrx_word' id='word_1_143' title='bbox 1860 1826 1956 1880; x_wconf 87' lang='grc' dir='ltr'><strong>τοῦ</strong></span> 
     </span>
    </p>
   </div>
   <div class='ocr_carea' id='block_1_21' title="bbox 366 1919 1956 1992">
    <p class='ocr_par' dir='ltr' id='par_1_21' title="bbox 366 1919 1956 1992">
     <span class='ocr_line' id='line_1_21' title="bbox 366 1919 1956 1992; baseline 0.001 -19"><span class='ocrx_word' id='word_1_144' title='bbox 366 1919 688 1990; x_wconf 83' lang='grc' dir='ltr'>Πνεύματος</span> <span class='ocrx_word' id='word_1_145' title='bbox 708 1920 1025 1992; x_wconf 83' lang='grc' dir='ltr'>δωρήμασιν</span> <span class='ocrx_word' id='word_1_146' title='bbox 1045 1920 1419 1992; x_wconf 81' lang='grc' dir='ltr'>ὲπαιρὼμεθα,</span> <span class='ocrx_word' id='word_1_147' title='bbox 1448 1921 1543 1975; x_wconf 76' lang='grc' dir='ltr'><strong>καὶ</strong></span> <span class='ocrx_word' id='word_1_148' title='bbox 1564 1919 1643 1991; x_wconf 80' lang='grc' dir='ltr'><strong>τῷ</strong></span> <span class='ocrx_word' id='word_1_149' title='bbox 1673 1920 1956 1992; x_wconf 84' lang='grc' dir='ltr'>κατορθῶ-</span> 
     </span>
    </p>
   </div>
   <div class='ocr_carea' id='block_1_22' title="bbox 365 2009 1954 2083">
    <p class='ocr_par' dir='ltr' id='par_1_22' title="bbox 365 2009 1954 2083">
     <span class='ocr_line' id='line_1_22' title="bbox 365 2009 1954 2083; baseline 0.002 -21"><span class='ocrx_word' id='word_1_150' title='bbox 365 2009 462 2064; x_wconf 83' lang='grc' dir='ltr'><strong>σαί</strong></span> <span class='ocrx_word' id='word_1_151' title='bbox 492 2027 547 2063; x_wconf 90' lang='grc' dir='ltr'><strong>τι</strong></span> <span class='ocrx_word' id='word_1_152' title='bbox 575 2010 641 2062; x_wconf 85' lang='grc' dir='ltr'><strong>δι’</strong></span> <span class='ocrx_word' id='word_1_153' title='bbox 681 2009 901 2082; x_wconf 81' lang='grc' dir='ltr'>ἀρετὴν,</span> <span class='ocrx_word' id='word_1_154' title='bbox 932 2011 1187 2083; x_wconf 83' lang='grc' dir='ltr'>ἀφορμὴν</span> <span class='ocrx_word' id='word_1_155' title='bbox 1227 2011 1482 2083; x_wconf 77' lang='grc' dir='ltr'>λάϐωμεν</span> <span class='ocrx_word' id='word_1_156' title='bbox 1525 2012 1607 2074; x_wconf 84' lang='grc' dir='ltr'><strong>είς</strong></span> <span class='ocrx_word' id='word_1_157' title='bbox 1646 2010 1707 2065; x_wconf 86' lang='lat'><strong>16</strong></span> <span class='ocrx_word' id='word_1_158' title='bbox 1735 2014 1954 2083; x_wconf 87' lang='grc' dir='ltr'>φρονεῖν</span> 
     </span>
    </p>
   </div>
   <div class='ocr_carea' id='block_1_23' title="bbox 365 2100 1952 2171">
    <p class='ocr_par' dir='ltr' id='par_1_23' title="bbox 365 2100 1952 2171">
     <span class='ocr_line' id='line_1_23' title="bbox 365 2100 1952 2171; baseline 0.001 -18"><span class='ocrx_word' id='word_1_159' title='bbox 365 2102 465 2154; x_wconf 75' lang='grc' dir='ltr'>καὶ</span> <span class='ocrx_word' id='word_1_160' title='bbox 509 2100 897 2171; x_wconf 77' lang='grc' dir='ltr'>σεμνύνεσθαι,</span> <span class='ocrx_word' id='word_1_161' title='bbox 929 2103 1059 2171; x_wconf 68' lang='grc' dir='ltr'>πρὶν</span> <span class='ocrx_word' id='word_1_162' title='bbox 1098 2103 1272 2156; x_wconf 75' lang='grc' dir='ltr'>ἐλθεῖν</span> <span class='ocrx_word' id='word_1_163' title='bbox 1301 2104 1382 2167; x_wconf 85' lang='grc' dir='ltr'><strong>είς</strong></span> <span class='ocrx_word' id='word_1_164' title='bbox 1419 2102 1573 2166; x_wconf 88' lang='grc' dir='ltr'>τέλος</span> <span class='ocrx_word' id='word_1_165' title='bbox 1598 2102 1706 2155; x_wconf 88' lang='grc' dir='ltr'><strong>τῶν</strong></span> <span class='ocrx_word' id='word_1_166' title='bbox 1735 2101 1952 2166; x_wconf 76' lang='grc' dir='ltr'>ἐλπιζο-</span> 
     </span>
    </p>
   </div>
   <div class='ocr_carea' id='block_1_24' title="bbox 2150 1011 3659 1098">
    <p class='ocr_par' dir='ltr' id='par_1_24' title="bbox 2150 1011 3659 1098">
     <span class='ocr_line' id='line_1_24' title="bbox 2150 1011 3659 1098; baseline 0.011 -34"><span class='ocrx_word' id='word_1_167' title='bbox 2150 1011 2336 1083; x_wconf 90' lang='lat' dir='ltr'><strong>ltaque</strong></span> <span class='ocrx_word' id='word_1_168' title='bbox 2366 1014 2638 1084; x_wconf 86' lang='lat' dir='ltr'><strong>ejusmodi</strong></span> <span class='ocrx_word' id='word_1_169' title='bbox 2693 1026 2780 1074; x_wconf 90' lang='lat' dir='ltr'><strong>est</strong></span> <span class='ocrx_word' id='word_1_170' title='bbox 2822 1020 3041 1091; x_wconf 86' lang='lat' dir='ltr'><strong>pietatis</strong></span> <span class='ocrx_word' id='word_1_171' title='bbox 3075 1038 3296 1093; x_wconf 90' lang='lat' dir='ltr'><strong>scopus.</strong></span> <span class='ocrx_word' id='word_1_172' title='bbox 3345 1024 3453 1081; x_wconf 80' lang='lat' dir='ltr'><strong>Eos</strong></span> <span class='ocrx_word' id='word_1_173' title='bbox 3496 1042 3659 1098; x_wconf 90' lang='lat' dir='ltr'><strong>porro</strong></span> 
     </span>
    </p>
   </div>
   <div class='ocr_carea' id='block_1_25' title="bbox 2073 1103 3725 1177">
    <p class='ocr_par' dir='ltr' id='par_1_25' title="bbox 2073 1103 3725 1177">
     <span class='ocr_line' id='line_1_25' title="bbox 2073 1103 3725 1177; baseline 0.013 -22"><span class='ocrx_word' id='word_1_174' title='bbox 2073 1103 2167 1171; x_wconf 85' lang='lat' dir='ltr'><strong>qui</strong></span> <span class='ocrx_word' id='word_1_175' title='bbox 2227 1119 2369 1159; x_wconf 71' lang='lat' dir='ltr'><strong>verte</strong></span> <span class='ocrx_word' id='word_1_176' title='bbox 2419 1108 2699 1177; x_wconf 57' lang='lat' dir='ltr'><strong>sapientia;</strong></span> <span class='ocrx_word' id='word_1_177' title='bbox 2765 1113 2949 1167; x_wconf 92' lang='lat' dir='ltr'><strong>studio</strong></span> <span class='ocrx_word' id='word_1_178' title='bbox 3015 1113 3335 1170; x_wconf 81' lang='lat' dir='ltr'><strong>incumbere</strong></span> <span class='ocrx_word' id='word_1_179' title='bbox 3400 1117 3660 1175; x_wconf 85' lang='lat' dir='ltr'><strong>decreve-</strong></span> <span class='ocrx_word' id='word_1_180' title='bbox 3722 1130 3725 1133; x_wconf 72' lang='lat'><em>‘</em></span> 
     </span>
    </p>
   </div>
   <div class='ocr_carea' id='block_1_26' title="bbox 2072 1198 3657 1278">
    <p class='ocr_par' dir='ltr' id='par_1_26' title="bbox 2072 1198 3657 1278">
     <span class='ocr_line' id='line_1_26' title="bbox 2072 1198 3657 1278; baseline 0.011 -31"><span class='ocrx_word' id='word_1_181' title='bbox 2072 1205 2218 1258; x_wconf 92' lang='lat' dir='ltr'><strong>runt,</strong></span> <span class='ocrx_word' id='word_1_182' title='bbox 2254 1198 2423 1267; x_wconf 88' lang='lat' dir='ltr'><strong>probe</strong></span> <span class='ocrx_word' id='word_1_183' title='bbox 2456 1200 2597 1255; x_wconf 84' lang='lat' dir='ltr'><strong>hanc</strong></span> <span class='ocrx_word' id='word_1_184' title='bbox 2627 1211 2830 1258; x_wconf 85' lang='lat' dir='ltr'><strong>metam</strong></span> <span class='ocrx_word' id='word_1_185' title='bbox 2890 1206 3034 1262; x_wconf 87' lang='lat' dir='ltr'><strong>scire</strong></span> <span class='ocrx_word' id='word_1_186' title='bbox 3065 1217 3299 1278; x_wconf 88' lang='lat' dir='ltr'><strong>oportet,</strong></span> <span class='ocrx_word' id='word_1_187' title='bbox 3342 1216 3403 1264; x_wconf 91' lang='lat' dir='ltr'><strong>ut</strong></span> <span class='ocrx_word' id='word_1_188' title='bbox 3440 1226 3657 1266; x_wconf 89' lang='lat' dir='ltr'><strong>omnem</strong></span> 
     </span>
    </p>
   </div>
   <div class='ocr_carea' id='block_1_27' title="bbox 2071 1287 3658 1371">
    <p class='ocr_par' dir='ltr' id='par_1_27' title="bbox 2071 1287 3658 1371">
     <span class='ocr_line' id='line_1_27' title="bbox 2071 1287 3658 1371; baseline 0.012 -30"><span class='ocrx_word' id='word_1_189' title='bbox 2071 1287 2271 1344; x_wconf 84' lang='lat' dir='ltr'><strong>fastum</strong></span> <span class='ocrx_word' id='word_1_190' title='bbox 2328 1300 2383 1346; x_wconf 90' lang='lat' dir='ltr'><strong>et</strong></span> <span class='ocrx_word' id='word_1_191' title='bbox 2426 1296 2796 1363; x_wconf 77' lang='lat' dir='ltr'><strong>arrogantiam</strong></span> <span class='ocrx_word' id='word_1_192' title='bbox 2831 1297 3130 1368; x_wconf 85' lang='lat' dir='ltr'><strong>abjiciant,</strong></span> <span class='ocrx_word' id='word_1_193' title='bbox 3164 1316 3342 1371; x_wconf 90' lang='lat' dir='ltr'><strong>neque</strong></span> <span class='ocrx_word' id='word_1_194' title='bbox 3395 1303 3465 1358; x_wconf 94' lang='lat' dir='ltr'><strong>ob</strong></span> <span class='ocrx_word' id='word_1_195' title='bbox 3510 1313 3658 1360; x_wconf 88' lang='lat' dir='ltr'><strong>recte</strong></span> 
     </span>
    </p>
   </div>
   <div class='ocr_carea' id='block_1_28' title="bbox 2067 1377 3654 1452">
    <p class='ocr_par' dir='ltr' id='par_1_28' title="bbox 2067 1377 3654 1452">
     <span class='ocr_line' id='line_1_28' title="bbox 2067 1377 3654 1452; baseline 0.009 -20"><span class='ocrx_word' id='word_1_196' title='bbox 2067 1377 2209 1434; x_wconf 85' lang='lat' dir='ltr'><strong>facta</strong></span> <span class='ocrx_word' id='word_1_197' title='bbox 2277 1383 2633 1452; x_wconf 86' lang='lat' dir='ltr'><strong>superbiant;</strong></span> <span class='ocrx_word' id='word_1_198' title='bbox 2696 1395 2752 1441; x_wconf 89' lang='lat' dir='ltr'><strong>et</strong></span> <span class='ocrx_word' id='word_1_199' title='bbox 2812 1402 2935 1442; x_wconf 91' lang='lat' dir='ltr'><strong>cum</strong></span> <span class='ocrx_word' id='word_1_200' title='bbox 3008 1389 3248 1445; x_wconf 91' lang='lat' dir='ltr'><strong>animam</strong></span> <span class='ocrx_word' id='word_1_201' title='bbox 3310 1408 3466 1448; x_wconf 90' lang='lat' dir='ltr'><strong>suam</strong></span> <span class='ocrx_word' id='word_1_202' title='bbox 3531 1409 3654 1449; x_wconf 92' lang='lat' dir='ltr'><strong>cum</strong></span> 
     </span>
    </p>
   </div>
   <div class='ocr_carea' id='block_1_29' title="bbox 2069 1471 3654 1550">
    <p class='ocr_par' dir='ltr' id='par_1_29' title="bbox 2069 1471 3654 1550">
     <span class='ocr_line' id='line_1_29' title="bbox 2069 1471 3654 1550; baseline 0.009 -28"><span class='ocrx_word' id='word_1_203' title='bbox 2069 1471 2181 1523; x_wconf 87' lang='lat' dir='ltr'><strong>vita</strong></span> <span class='ocrx_word' id='word_1_204' title='bbox 2242 1471 2657 1543; x_wconf 85' lang='lat' dir='ltr'><strong>abnegaverint,</strong></span> <span class='ocrx_word' id='word_1_205' title='bbox 2725 1476 2796 1531; x_wconf 89' lang='lat' dir='ltr'><strong>ad</strong></span> <span class='ocrx_word' id='word_1_206' title='bbox 2857 1492 3023 1531; x_wconf 90' lang='lat' dir='ltr'><strong>unam</strong></span> <span class='ocrx_word' id='word_1_207' title='bbox 3074 1480 3410 1550; x_wconf 89' lang='lat' dir='ltr'><strong>opulentiam</strong></span> <span class='ocrx_word' id='word_1_208' title='bbox 3462 1483 3654 1537; x_wconf 89' lang='lat' dir='ltr'><strong>oculos</strong></span> 
     </span>
    </p>
   </div>
   <div class='ocr_carea' id='block_1_30' title="bbox 2066 1561 3650 1638">
    <p class='ocr_par' dir='ltr' id='par_1_30' title="bbox 2066 1561 3650 1638">
     <span class='ocr_line' id='line_1_30' title="bbox 2066 1561 3650 1638; baseline 0.008 -25"><span class='ocrx_word' id='word_1_209' title='bbox 2066 1561 2391 1630; x_wconf 88' lang='lat' dir='ltr'><strong>conjiciant,</strong></span> <span class='ocrx_word' id='word_1_210' title='bbox 2444 1579 2609 1634; x_wconf 89' lang='lat' dir='ltr'><strong>quam</strong></span> <span class='ocrx_word' id='word_1_211' title='bbox 2675 1565 2819 1623; x_wconf 89' lang='lat' dir='ltr'><strong>Deus</strong></span> <span class='ocrx_word' id='word_1_212' title='bbox 2882 1570 3165 1638; x_wconf 76' lang='lat' dir='ltr'><strong>praemium</strong></span> <span class='ocrx_word' id='word_1_213' title='bbox 3245 1571 3532 1630; x_wconf 82' lang='lat' dir='ltr'><strong>charitatis</strong></span> <span class='ocrx_word' id='word_1_214' title='bbox 3597 1575 3650 1627; x_wconf 90' lang='lat' dir='ltr'><strong>in</strong></span> 
     </span>
    </p>
   </div>
   <div class='ocr_carea' id='block_1_31' title="bbox 2063 1651 3650 1734">
    <p class='ocr_par' dir='ltr' id='par_1_31' title="bbox 2063 1651 3650 1734">
     <span class='ocr_line' id='line_1_31' title="bbox 2063 1651 3650 1734; baseline 0.01 -29"><span class='ocrx_word' id='word_1_215' title='bbox 2063 1651 2347 1708; x_wconf 85' lang='lat' dir='ltr'><strong>Christum</strong></span> <span class='ocrx_word' id='word_1_216' title='bbox 2406 1659 2684 1713; x_wconf 87' lang='lat' dir='ltr'><strong>concessit</strong></span> <span class='ocrx_word' id='word_1_217' title='bbox 2740 1660 3086 1728; x_wconf 87' lang='lat' dir='ltr'><strong>amantibus,</strong></span> <span class='ocrx_word' id='word_1_218' title='bbox 3152 1661 3300 1718; x_wconf 90' lang='lat' dir='ltr'><strong>sicut</strong></span> <span class='ocrx_word' id='word_1_219' title='bbox 3353 1664 3650 1734; x_wconf 82' lang='lat' dir='ltr'><strong>Apostolus</strong></span> 
     </span>
    </p>
   </div>
   <div class='ocr_carea' id='block_1_32' title="bbox 2061 1742 3650 1828">
    <p class='ocr_par' dir='ltr' id='par_1_32' title="bbox 2061 1742 3650 1828">
     <span class='ocr_line' id='line_1_32' title="bbox 2061 1742 3650 1828; baseline 0.011 -32"><span class='ocrx_word' id='word_1_220' title='bbox 2061 1742 2180 1813; x_wconf 89' lang='lat' dir='ltr'><strong>ipse</strong></span> <span class='ocrx_word' id='word_1_221' title='bbox 2206 1745 2361 1809; x_wconf 88' lang='lat' dir='ltr'><strong>dicit,</strong></span> <span class='ocrx_word' id='word_1_222' title='bbox 2396 1765 2416 1799; x_wconf 86' lang='grc'><strong><em>‹</em></strong></span> <span class='ocrx_word' id='word_1_223' title='bbox 2452 1746 2558 1803; x_wconf 91' lang='lat' dir='ltr'><strong>Per</strong></span> <span class='ocrx_word' id='word_1_224' title='bbox 2606 1749 2927 1820; x_wconf 86' lang='lat' dir='ltr'><strong>patientiam</strong></span> <span class='ocrx_word' id='word_1_225' title='bbox 2969 1768 3261 1810; x_wconf 89' lang='lat' dir='ltr'><strong>curramus</strong></span> <span class='ocrx_word' id='word_1_226' title='bbox 3308 1759 3650 1828; x_wconf 86' lang='lat' dir='ltr'><strong>propositum</strong></span> 
     </span>
    </p>
   </div>
   <div class='ocr_carea' id='block_1_33' title="bbox 2060 1834 3651 1911">
    <p class='ocr_par' dir='ltr' id='par_1_33' title="bbox 2060 1834 3651 1911">
     <span class='ocr_line' id='line_1_33' title="bbox 2060 1834 3651 1911; baseline 0.009 -24"><span class='ocrx_word' id='word_1_227' title='bbox 2060 1834 2221 1890; x_wconf 91' lang='lat' dir='ltr'><strong>nobis</strong></span> <span class='ocrx_word' id='word_1_228' title='bbox 2250 1847 2528 1893; x_wconf 81' lang='lat' dir='ltr'><strong>certamen</strong></span> <span class='ocrx_word' id='word_1_229' title='bbox 2552 1882 2565 1906; x_wconf 87' lang='lat'><strong>,</strong></span> <span class='ocrx_word' id='word_1_230' title='bbox 2600 1841 2934 1910; x_wconf 90' lang='lat' dir='ltr'><strong>aspicientes</strong></span> <span class='ocrx_word' id='word_1_231' title='bbox 2968 1842 3022 1897; x_wconf 93' lang='lat' dir='ltr'><strong>in</strong></span> <span class='ocrx_word' id='word_1_232' title='bbox 3056 1852 3339 1900; x_wconf 86' lang='lat' dir='ltr'><strong>auctorem</strong></span> <span class='ocrx_word' id='word_1_233' title='bbox 3392 1846 3538 1911; x_wconf 84' lang='lat' dir='ltr'><strong>ﬁdei,</strong></span> <span class='ocrx_word' id='word_1_234' title='bbox 3595 1857 3651 1904; x_wconf 89' lang='lat' dir='ltr'><strong>ct</strong></span> 
     </span>
    </p>
   </div>
   <div class='ocr_carea' id='block_1_34' title="bbox 2060 1931 3648 2011">
    <p class='ocr_par' dir='ltr' id='par_1_34' title="bbox 2060 1931 3648 2011">
     <span class='ocr_line' id='line_1_34' title="bbox 2060 1931 3648 2011; baseline 0.011 -32"><span class='ocrx_word' id='word_1_235' title='bbox 2060 1939 2560 1985; x_wconf 88' lang='lat' dir='ltr'><strong>consummatorem</strong></span> <span class='ocrx_word' id='word_1_236' title='bbox 2634 1931 2917 1989; x_wconf 79' lang='lat' dir='ltr'><strong>Jesum“.</strong></span> <span class='ocrx_word' id='word_1_237' title='bbox 2963 1955 2983 1988; x_wconf 72' lang='grc' dir='ltr'><strong>ι</strong></span> <span class='ocrx_word' id='word_1_238' title='bbox 3040 1935 3120 1993; x_wconf 86' lang='lat' dir='ltr'><strong>Ne</strong></span> <span class='ocrx_word' id='word_1_239' title='bbox 3190 1937 3357 2009; x_wconf 80' lang='lat' dir='ltr'><strong>igitur</strong></span> <span class='ocrx_word' id='word_1_240' title='bbox 3409 1939 3648 2011; x_wconf 89' lang='lat' dir='ltr'><strong>Spiritus</strong></span> 
     </span>
    </p>
   </div>
   <div class='ocr_carea' id='block_1_35' title="bbox 2063 2019 3649 2101">
    <p class='ocr_par' dir='ltr' id='par_1_35' title="bbox 2063 2019 3649 2101">
     <span class='ocr_line' id='line_1_35' title="bbox 2063 2019 3649 2101; baseline 0.009 -28"><span class='ocrx_word' id='word_1_241' title='bbox 2063 2019 2240 2073; x_wconf 84' lang='lat' dir='ltr'><strong>sancti</strong></span> <span class='ocrx_word' id='word_1_242' title='bbox 2282 2022 2605 2078; x_wconf 87' lang='lat' dir='ltr'><strong>muneribus</strong></span> <span class='ocrx_word' id='word_1_243' title='bbox 2639 2026 2991 2093; x_wconf 72' lang='lat' dir='ltr'><strong>extollantur,</strong></span> <span class='ocrx_word' id='word_1_244' title='bbox 3019 2035 3073 2083; x_wconf 90' lang='lat' dir='ltr'><strong>et</strong></span> <span class='ocrx_word' id='word_1_245' title='bbox 3107 2044 3173 2084; x_wconf 82' lang='lat' dir='ltr'><strong>ex</strong></span> <span class='ocrx_word' id='word_1_246' title='bbox 3209 2045 3275 2085; x_wconf 91' lang='lat' dir='ltr'><strong>eo</strong></span> <span class='ocrx_word' id='word_1_247' title='bbox 3314 2031 3462 2101; x_wconf 88' lang='lat' dir='ltr'><strong>quod</strong></span> <span class='ocrx_word' id='word_1_248' title='bbox 3499 2042 3649 2088; x_wconf 85' lang='lat' dir='ltr'><strong>recte</strong></span> 
     </span>
    </p>
   </div>
   <div class='ocr_carea' id='block_1_36' title="bbox 2063 2111 3647 2181">
    <p class='ocr_par' dir='ltr' id='par_1_36' title="bbox 2063 2111 3647 2181">
     <span class='ocr_line' id='line_1_36' title="bbox 2063 2111 3647 2181; baseline 0.012 -20"><span class='ocrx_word' id='word_1_249' title='bbox 2063 2111 2337 2179; x_wconf 81' lang='lat' dir='ltr'><strong>egerimus</strong></span> <span class='ocrx_word' id='word_1_250' title='bbox 2376 2128 2473 2181; x_wconf 89' lang='lat' dir='ltr'><strong>per</strong></span> <span class='ocrx_word' id='word_1_251' title='bbox 2498 2114 2781 2177; x_wconf 89' lang='lat' dir='ltr'><strong>virtutem,</strong></span> <span class='ocrx_word' id='word_1_252' title='bbox 2831 2120 3181 2176; x_wconf 89' lang='lat' dir='ltr'><strong>occasionem</strong></span> <span class='ocrx_word' id='word_1_253' title='bbox 3251 2121 3427 2179; x_wconf 87' lang='lat' dir='ltr'><strong>fastus</strong></span> <span class='ocrx_word' id='word_1_254' title='bbox 3465 2136 3518 2179; x_wconf 90' lang='lat' dir='ltr'><strong>et</strong></span> <span class='ocrx_word' id='word_1_255' title='bbox 3551 2140 3647 2180; x_wconf 83' lang='lat' dir='ltr'><strong>su-</strong></span> 
     </span>
    </p>
   </div>
   <div class='ocr_carea' id='block_1_37' title="bbox 369 2194 1948 2289">
    <p class='ocr_par' dir='ltr' id='par_1_37' title="bbox 369 2194 1948 2267">
     <span class='ocr_line' id='line_1_37' title="bbox 369 2194 1948 2267; baseline -0.001 -20"><span class='ocrx_word' id='word_1_256' title='bbox 369 2194 550 2265; x_wconf 79' lang='grc' dir='ltr'>μένων</span> <span class='ocrx_word' id='word_1_257' title='bbox 574 2210 588 2224; x_wconf 84' lang='grc'><em>’</em></span> <span class='ocrx_word' id='word_1_258' title='bbox 625 2195 715 2249; x_wconf 81' lang='grc' dir='ltr'><strong>ἴνα</strong></span> <span class='ocrx_word' id='word_1_259' title='bbox 745 2195 819 2267; x_wconf 81' lang='grc' dir='ltr'>μὴ</span> <span class='ocrx_word' id='word_1_260' title='bbox 849 2195 1174 2267; x_wconf 74' lang='grc' dir='ltr'>ἐκπέσωμεν</span> <span class='ocrx_word' id='word_1_261' title='bbox 1211 2195 1325 2266; x_wconf 71' lang='grc' dir='ltr'>τῆςν</span> <span class='ocrx_word' id='word_1_262' title='bbox 1342 2195 1516 2267; x_wconf 84' lang='grc' dir='ltr'>ὁρμῆς</span> <span class='ocrx_word' id='word_1_263' title='bbox 1539 2238 1553 2260; x_wconf 87' lang='grc'><strong>,</strong></span> <span class='ocrx_word' id='word_1_264' title='bbox 1581 2195 1798 2267; x_wconf 85' lang='grc' dir='ltr'>ἀχρεῖον</span> <span class='ocrx_word' id='word_1_265' title='bbox 1825 2195 1948 2247; x_wconf 88' lang='grc' dir='ltr'>ὲαυ-</span> 
     </span>
    </p>
   </div>
   <div class='ocr_carea' id='block_1_38' title="bbox 2057 2194 3642 2289">
    <p class='ocr_par' dir='ltr' id='par_1_38' title="bbox 2066 2203 3642 2289">
     <span class='ocr_line' id='line_1_38' title="bbox 2066 2203 3642 2289; baseline 0.013 -33"><span class='ocrx_word' id='word_1_266' title='bbox 2066 2203 2267 2271; x_wconf 72' lang='lat' dir='ltr'><strong>perbim</strong></span> <span class='ocrx_word' id='word_1_267' title='bbox 2297 2220 2602 2270; x_wconf 85' lang='lat' dir='ltr'><strong>sumamus,</strong></span> <span class='ocrx_word' id='word_1_268' title='bbox 2638 2209 2959 2280; x_wconf 84' lang='lat' dir='ltr'><strong>priusquam</strong></span> <span class='ocrx_word' id='word_1_269' title='bbox 2996 2214 3063 2267; x_wconf 91' lang='lat' dir='ltr'><strong>ad</strong></span> <span class='ocrx_word' id='word_1_270' title='bbox 3096 2214 3260 2271; x_wconf 84' lang='lat' dir='ltr'><strong>finem</strong></span> <span class='ocrx_word' id='word_1_271' title='bbox 3300 2232 3488 2272; x_wconf 90' lang='lat' dir='ltr'><strong>eorum</strong></span> <span class='ocrx_word' id='word_1_272' title='bbox 3521 2234 3642 2289; x_wconf 68' lang='lat' dir='ltr'><strong>qum</strong></span> 
     </span>
    </p>
   </div>
   <div class='ocr_carea' id='block_1_39' title="bbox 365 2286 1945 2359">
    <p class='ocr_par' dir='ltr' id='par_1_39' title="bbox 365 2286 1945 2359">
     <span class='ocr_line' id='line_1_39' title="bbox 365 2286 1945 2359; baseline -0.001 -19"><span class='ocrx_word' id='word_1_273' title='bbox 365 2291 480 2351; x_wconf 86' lang='grc' dir='ltr'>τοῖς</span> <span class='ocrx_word' id='word_1_274' title='bbox 504 2287 597 2340; x_wconf 80' lang='grc' dir='ltr'>τὸν</span> <span class='ocrx_word' id='word_1_275' title='bbox 634 2287 976 2359; x_wconf 61' lang='grc' dir='ltr'>πῳλαὸόντα</span> <span class='ocrx_word' id='word_1_276' title='bbox 1006 2289 1169 2343; x_wconf 86' lang='grc' dir='ltr'>πόνον</span> <span class='ocrx_word' id='word_1_277' title='bbox 1199 2290 1267 2359; x_wconf 82' lang='grc' dir='ltr'>τῇ</span> <span class='ocrx_word' id='word_1_278' title='bbox 1309 2286 1567 2357; x_wconf 71' lang='grc' dir='ltr'>αὐθαδείᾳ</span> <span class='ocrx_word' id='word_1_279' title='bbox 1598 2289 1945 2358; x_wconf 83' lang='grc' dir='ltr'>ποιήσαντες,</span> 
     </span>
    </p>
   </div>
   <div class='ocr_carea' id='block_1_40' title="bbox 364 2375 1952 2449">
    <p class='ocr_par' dir='ltr' id='par_1_40' title="bbox 364 2375 1952 2449">
     <span class='ocr_line' id='line_1_40' title="bbox 364 2375 1952 2449; baseline -0.002 -17"><span class='ocrx_word' id='word_1_280' title='bbox 364 2380 463 2433; x_wconf 68' lang='grc' dir='ltr'>καὶ</span> <span class='ocrx_word' id='word_1_281' title='bbox 501 2378 712 2442; x_wconf 82' lang='grc' dir='ltr'>ἀνάξιοι</span> <span class='ocrx_word' id='word_1_282' title='bbox 754 2377 1016 2447; x_wconf 77' lang='grc' dir='ltr'>φανέντες</span> <span class='ocrx_word' id='word_1_283' title='bbox 1050 2378 1152 2449; x_wconf 79' lang='grc' dir='ltr'>τῆς</span> <span class='ocrx_word' id='word_1_284' title='bbox 1190 2379 1548 2449; x_wconf 77' lang='grc' dir='ltr'>τελειότητος,</span> <span class='ocrx_word' id='word_1_285' title='bbox 1584 2378 1665 2441; x_wconf 87' lang='grc' dir='ltr'><strong>εἰς</strong></span> <span class='ocrx_word' id='word_1_286' title='bbox 1698 2376 1766 2447; x_wconf 80' lang='grc' dir='ltr'>ἢν</span> <span class='ocrx_word' id='word_1_287' title='bbox 1794 2378 1827 2447; x_wconf 83' lang='grc' dir='ltr'><strong>ἡ</strong></span> <span class='ocrx_word' id='word_1_288' title='bbox 1857 2375 1952 2429; x_wconf 88' lang='grc' dir='ltr'><strong>τοῦ</strong></span> 
     </span>
    </p>
   </div>
   <div class='ocr_carea' id='block_1_41' title="bbox 365 2463 1954 2542">
    <p class='ocr_par' dir='ltr' id='par_1_41' title="bbox 365 2463 1954 2542">
     <span class='ocr_line' id='line_1_41' title="bbox 365 2463 1954 2542; baseline 0.001 -20"><span class='ocrx_word' id='word_1_289' title='bbox 365 2466 684 2540; x_wconf 84' lang='grc' dir='ltr'>Πνεύματος</span> <span class='ocrx_word' id='word_1_290' title='bbox 713 2471 860 2540; x_wconf 80' lang='grc' dir='ltr'>ἡμᾶς</span> <span class='ocrx_word' id='word_1_291' title='bbox 884 2463 1034 2524; x_wconf 71' lang='grc' dir='ltr'>εἷλκε</span> <span class='ocrx_word' id='word_1_292' title='bbox 1063 2471 1240 2542; x_wconf 85' lang='grc' dir='ltr'>χάρις.</span> <span class='ocrx_word' id='word_1_293' title='bbox 1268 2471 1438 2524; x_wconf 89' lang='grc' dir='ltr'>Τοῦτό</span> <span class='ocrx_word' id='word_1_294' title='bbox 1470 2473 1587 2524; x_wconf 74' lang='grc' dir='ltr'>ἐστι</span> <span class='ocrx_word' id='word_1_295' title='bbox 1621 2469 1954 2541; x_wconf 86' lang='grc' dir='ltr'>κατόρθωμα</span> 
     </span>
    </p>
   </div>
   <div class='ocr_carea' id='block_1_42' title="bbox 363 2562 1949 2634">
    <p class='ocr_par' dir='ltr' id='par_1_42' title="bbox 363 2562 1949 2634">
     <span class='ocr_line' id='line_1_42' title="bbox 363 2562 1949 2634; baseline -0.001 -19"><span class='ocrx_word' id='word_1_296' title='bbox 363 2562 512 2633; x_wconf 79' lang='grc' dir='ltr'>μέγα</span> <span class='ocrx_word' id='word_1_297' title='bbox 544 2563 857 2632; x_wconf 78' lang='grc' dir='ltr'>φιλοσοφίας</span> <span class='ocrx_word' id='word_1_298' title='bbox 889 2563 948 2616; x_wconf 89' lang='grc' dir='ltr'>τὸ</span> <span class='ocrx_word' id='word_1_299' title='bbox 979 2562 1149 2634; x_wconf 80' lang='grc' dir='ltr'>μέγαν</span> <span class='ocrx_word' id='word_1_300' title='bbox 1171 2563 1300 2617; x_wconf 79' lang='grc' dir='ltr'>ὅντα</span> <span class='ocrx_word' id='word_1_301' title='bbox 1319 2606 1332 2618; x_wconf 92' lang='grc'><strong>.</strong></span> <span class='ocrx_word' id='word_1_302' title='bbox 1354 2602 1369 2617; x_wconf 91' lang='grc'><strong>.</strong></span> <span class='ocrx_word' id='word_1_303' title='bbox 1397 2603 1411 2618; x_wconf 93' lang='grc'><strong>.</strong></span> <span class='ocrx_word' id='word_1_304' title='bbox 1436 2604 1449 2617; x_wconf 94' lang='grc'><strong>.</strong></span> <span class='ocrx_word' id='word_1_305' title='bbox 1469 2565 1581 2627; x_wconf 87' lang='grc' dir='ltr'>τοῖς</span> <span class='ocrx_word' id='word_1_306' title='bbox 1616 2564 1744 2633; x_wconf 86' lang='grc' dir='ltr'>γὰρ.</span> <span class='ocrx_word' id='word_1_307' title='bbox 1767 2601 1780 2615; x_wconf 94' lang='grc'><strong>.</strong></span> <span class='ocrx_word' id='word_1_308' title='bbox 1807 2603 1820 2617; x_wconf 97' lang='grc'><strong>.</strong></span> <span class='ocrx_word' id='word_1_309' title='bbox 1854 2601 1868 2616; x_wconf 92' lang='grc'><strong>.</strong></span> <span class='ocrx_word' id='word_1_310' title='bbox 1895 2602 1908 2614; x_wconf 93' lang='grc'><strong>.</strong></span> <span class='ocrx_word' id='word_1_311' title='bbox 1936 2601 1949 2614; x_wconf 94' lang='grc'><strong>.</strong></span> 
     </span>
    </p>
   </div>
   <div class='ocr_carea' id='block_1_43' title="bbox 364 2653 1951 2732">
    <p class='ocr_par' dir='ltr' id='par_1_43' title="bbox 364 2653 1951 2732">
     <span class='ocr_line' id='line_1_43' title="bbox 364 2653 1951 2732; baseline -0.001 -25"><span class='ocrx_word' id='word_1_312' title='bbox 364 2653 491 2708; x_wconf 87' lang='grc' dir='ltr'>σθαι</span> <span class='ocrx_word' id='word_1_313' title='bbox 522 2657 614 2732; x_wconf 52' lang='grc' dir='ltr'><strong>τῇ.</strong></span> <span class='ocrx_word' id='word_1_314' title='bbox 637 2655 856 2727; x_wconf 62' lang='grc' dir='ltr'>καρδίᾳ,</span> <span class='ocrx_word' id='word_1_315' title='bbox 900 2656 995 2709; x_wconf 78' lang='grc' dir='ltr'>καὶ</span> <span class='ocrx_word' id='word_1_316' title='bbox 1043 2654 1474 2724; x_wconf 85' lang='grc' dir='ltr'>καταγινώσκειν</span> <span class='ocrx_word' id='word_1_317' title='bbox 1519 2654 1612 2708; x_wconf 88' lang='grc' dir='ltr'><strong>τοῦ</strong></span> <span class='ocrx_word' id='word_1_318' title='bbox 1664 2654 1775 2725; x_wconf 85' lang='grc' dir='ltr'>βίου</span> <span class='ocrx_word' id='word_1_319' title='bbox 1801 2695 1816 2720; x_wconf 88' lang='grc'><strong>,</strong></span> <span class='ocrx_word' id='word_1_320' title='bbox 1876 2654 1951 2726; x_wconf 87' lang='grc' dir='ltr'>μὴ</span> 
     </span>
    </p>
   </div>
   <div class='ocr_carea' id='block_1_44' title="bbox 362 2744 1948 2819">
    <p class='ocr_par' dir='ltr' id='par_1_44' title="bbox 362 2744 1948 2819">
     <span class='ocr_line' id='line_1_44' title="bbox 362 2744 1948 2819; baseline 0.001 -21"><span class='ocrx_word' id='word_1_321' title='bbox 362 2744 510 2816; x_wconf 76' lang='grc' dir='ltr'>ἔχειν</span> <span class='ocrx_word' id='word_1_322' title='bbox 546 2750 604 2800; x_wconf 81' lang='grc' dir='ltr'>ὲν</span> <span class='ocrx_word' id='word_1_323' title='bbox 641 2747 719 2818; x_wconf 85' lang='grc' dir='ltr'><strong>τῷ</strong></span> <span class='ocrx_word' id='word_1_324' title='bbox 744 2748 1001 2802; x_wconf 80' lang='grc' dir='ltr'>συνειδότι</span> <span class='ocrx_word' id='word_1_325' title='bbox 1024 2747 1174 2813; x_wconf 84' lang='grc' dir='ltr'>ἀξιον</span> <span class='ocrx_word' id='word_1_326' title='bbox 1203 2748 1394 2802; x_wconf 80' lang='grc' dir='ltr'>ἑαυτὸν</span> <span class='ocrx_word' id='word_1_327' title='bbox 1426 2747 1784 2819; x_wconf 81' lang='grc' dir='ltr'>πεποιηκέναι</span> <span class='ocrx_word' id='word_1_328' title='bbox 1808 2746 1948 2818; x_wconf 80' lang='grc' dir='ltr'>Θεῷ.</span> 
     </span>
    </p>
   </div>
   <div class='ocr_carea' id='block_1_45' title="bbox 2062 2298 3640 2380">
    <p class='ocr_par' dir='ltr' id='par_1_45' title="bbox 2062 2298 3640 2380">
     <span class='ocr_line' id='line_1_45' title="bbox 2062 2298 3640 2380; baseline 0.011 -33"><span class='ocrx_word' id='word_1_329' title='bbox 2062 2305 2353 2363; x_wconf 89' lang='lat' dir='ltr'><strong>sperantur</strong></span> <span class='ocrx_word' id='word_1_330' title='bbox 2384 2298 2696 2365; x_wconf 80' lang='lat' dir='ltr'><strong>veniamus,</strong></span> <span class='ocrx_word' id='word_1_331' title='bbox 2733 2310 2791 2355; x_wconf 94' lang='lat' dir='ltr'><strong>ut</strong></span> <span class='ocrx_word' id='word_1_332' title='bbox 2826 2318 2894 2358; x_wconf 90' lang='lat' dir='ltr'><strong>ne</strong></span> <span class='ocrx_word' id='word_1_333' title='bbox 2924 2306 3245 2380; x_wconf 57' lang='lat' dir='ltr'><strong>excidamus</strong></span> <span class='ocrx_word' id='word_1_334' title='bbox 3273 2323 3302 2362; x_wconf 93' lang='lat' dir='ltr'><strong>a</strong></span> <span class='ocrx_word' id='word_1_335' title='bbox 3332 2311 3640 2380; x_wconf 88' lang='lat' dir='ltr'><strong>proposito,</strong></span> 
     </span>
    </p>
   </div>
   <div class='ocr_carea' id='block_1_46' title="bbox 2060 2378 3639 2471">
    <p class='ocr_par' dir='ltr' id='par_1_46' title="bbox 2060 2378 3639 2471">
     <span class='ocr_line' id='line_1_46' title="bbox 2060 2378 3639 2471; baseline 0.011 -32"><span class='ocrx_word' id='word_1_336' title='bbox 2060 2386 2245 2442; x_wconf 87' lang='lat' dir='ltr'><strong>labore</strong></span> <span class='ocrx_word' id='word_1_337' title='bbox 2265 2389 2422 2457; x_wconf 91' lang='lat' dir='ltr'><strong>prius</strong></span> <span class='ocrx_word' id='word_1_338' title='bbox 2443 2390 2715 2447; x_wconf 79' lang='lat' dir='ltr'><strong>exhausto</strong></span> <span class='ocrx_word' id='word_1_339' title='bbox 2749 2395 2908 2455; x_wconf 81' lang='lat' dir='ltr'><strong>nobis</strong></span> <span class='ocrx_word' id='word_1_340' title='bbox 2926 2378 3032 2468; x_wconf 80' lang='lat' dir='ltr'><strong>per</strong></span> <span class='ocrx_word' id='word_1_341' title='bbox 3065 2378 3639 2471; x_wconf 22' lang='lat' dir='ltr'><strong>arrogantiamvinutili</strong></span> 
     </span>
    </p>
   </div>
   <div class='ocr_carea' id='block_1_47' title="bbox 2065 2478 3641 2561">
    <p class='ocr_par' dir='ltr' id='par_1_47' title="bbox 2065 2478 3641 2561">
     <span class='ocr_line' id='line_1_47' title="bbox 2065 2478 3641 2561; baseline 0.011 -30"><span class='ocrx_word' id='word_1_342' title='bbox 2065 2478 2304 2547; x_wconf 79' lang='lat' dir='ltr'><strong>reddito,</strong></span> <span class='ocrx_word' id='word_1_343' title='bbox 2337 2496 2464 2535; x_wconf 89' lang='lat' dir='ltr'><strong>eum</strong></span> <span class='ocrx_word' id='word_1_344' title='bbox 2499 2482 2711 2555; x_wconf 80' lang='lat' dir='ltr'><strong>indigni</strong></span> <span class='ocrx_word' id='word_1_345' title='bbox 2746 2486 2849 2541; x_wconf 89' lang='lat' dir='ltr'><strong>visi</strong></span> <span class='ocrx_word' id='word_1_346' title='bbox 2887 2488 3152 2546; x_wconf 83' lang='lat' dir='ltr'><strong>fuerimus</strong></span> <span class='ocrx_word' id='word_1_347' title='bbox 3184 2492 3537 2561; x_wconf 88' lang='lat' dir='ltr'><strong>perfectione,</strong></span> <span class='ocrx_word' id='word_1_348' title='bbox 3572 2493 3641 2548; x_wconf 87' lang='lat' dir='ltr'><strong>ad</strong></span> 
     </span>
    </p>
   </div>
   <div class='ocr_carea' id='block_1_48' title="bbox 2059 2574 3645 2657">
    <p class='ocr_par' dir='ltr' id='par_1_48' title="bbox 2059 2574 3645 2657">
     <span class='ocr_line' id='line_1_48' title="bbox 2059 2574 3645 2657; baseline 0.013 -36"><span class='ocrx_word' id='word_1_349' title='bbox 2059 2584 2224 2639; x_wconf 92' lang='lat' dir='ltr'><strong>quam</strong></span> <span class='ocrx_word' id='word_1_350' title='bbox 2260 2587 2364 2627; x_wconf 86' lang='lat' dir='ltr'><strong>nos</strong></span> <span class='ocrx_word' id='word_1_351' title='bbox 2395 2574 2633 2645; x_wconf 88' lang='lat' dir='ltr'><strong>Spiritus</strong></span> <span class='ocrx_word' id='word_1_352' title='bbox 2670 2581 2844 2651; x_wconf 88' lang='lat' dir='ltr'><strong>gratia</strong></span> <span class='ocrx_word' id='word_1_353' title='bbox 2879 2582 3149 2637; x_wconf 89' lang='lat' dir='ltr'><strong>trahebat.</strong></span> <span class='ocrx_word' id='word_1_354' title='bbox 3197 2583 3311 2639; x_wconf 88' lang='lat' dir='ltr'><strong>Hoc</strong></span> <span class='ocrx_word' id='word_1_355' title='bbox 3342 2585 3532 2657; x_wconf 78' lang='lat' dir='ltr'><strong>ingens</strong></span> <span class='ocrx_word' id='word_1_356' title='bbox 3558 2595 3645 2642; x_wconf 91' lang='lat' dir='ltr'><strong>est</strong></span> 
     </span>
    </p>
   </div>
   <div class='ocr_carea' id='block_1_49' title="bbox 2059 2666 3645 2745">
    <p class='ocr_par' dir='ltr' id='par_1_49' title="bbox 2059 2666 3645 2745">
     <span class='ocr_line' id='line_1_49' title="bbox 2059 2666 3645 2745; baseline 0.012 -33"><span class='ocrx_word' id='word_1_357' title='bbox 2059 2674 2239 2729; x_wconf 66' lang='lat' dir='ltr'><strong>opera:</strong></span> <span class='ocrx_word' id='word_1_358' title='bbox 2267 2666 2503 2731; x_wconf 73' lang='lat' dir='ltr'><strong>pretium</strong></span> <span class='ocrx_word' id='word_1_359' title='bbox 2544 2669 2712 2725; x_wconf 82' lang='lat' dir='ltr'><strong>studii</strong></span> <span class='ocrx_word' id='word_1_360' title='bbox 2753 2672 3056 2741; x_wconf 66' lang='lat' dir='ltr'><strong>sapientiae,</strong></span> <span class='ocrx_word' id='word_1_361' title='bbox 3094 2675 3137 2729; x_wconf 87' lang='lat' dir='ltr'><strong>si</strong></span> <span class='ocrx_word' id='word_1_362' title='bbox 3175 2674 3222 2730; x_wconf 88' lang='lat' dir='ltr'><strong>is</strong></span> <span class='ocrx_word' id='word_1_363' title='bbox 3256 2675 3347 2745; x_wconf 91' lang='lat' dir='ltr'><strong>qui</strong></span> <span class='ocrx_word' id='word_1_364' title='bbox 3383 2685 3529 2731; x_wconf 89' lang='lat' dir='ltr'><strong>recte</strong></span> <span class='ocrx_word' id='word_1_365' title='bbox 3564 2676 3645 2733; x_wconf 81' lang='lat' dir='ltr'><strong>fa-</strong></span> 
     </span>
    </p>
   </div>
   <div class='ocr_carea' id='block_1_50' title="bbox 2060 2752 3643 2836">
    <p class='ocr_par' dir='ltr' id='par_1_50' title="bbox 2060 2752 3643 2836">
     <span class='ocr_line' id='line_1_50' title="bbox 2060 2752 3643 2836; baseline 0.013 -30"><span class='ocrx_word' id='word_1_366' title='bbox 2060 2752 2166 2807; x_wconf 82' lang='lat' dir='ltr'><strong>etis</strong></span> <span class='ocrx_word' id='word_1_367' title='bbox 2219 2770 2449 2827; x_wconf 84' lang='lat' dir='ltr'><strong>magnus</strong></span> <span class='ocrx_word' id='word_1_368' title='bbox 2503 2770 2609 2826; x_wconf 89' lang='lat' dir='ltr'><strong>est,</strong></span> <span class='ocrx_word' id='word_1_369' title='bbox 2654 2763 2932 2819; x_wconf 83' lang='lat' dir='ltr'><strong>submisso</strong></span> <span class='ocrx_word' id='word_1_370' title='bbox 2970 2772 3024 2819; x_wconf 91' lang='lat' dir='ltr'><strong>et</strong></span> <span class='ocrx_word' id='word_1_371' title='bbox 3067 2780 3203 2836; x_wconf 86' lang='lat' dir='ltr'><strong>puro</strong></span> <span class='ocrx_word' id='word_1_372' title='bbox 3249 2768 3416 2823; x_wconf 89' lang='lat' dir='ltr'><strong>corde</strong></span> <span class='ocrx_word' id='word_1_373' title='bbox 3460 2768 3553 2835; x_wconf 91' lang='lat' dir='ltr'><strong>sit,</strong></span> <span class='ocrx_word' id='word_1_374' title='bbox 3588 2781 3643 2827; x_wconf 87' lang='lat' dir='ltr'><strong>et</strong></span> 
     </span>
    </p>
   </div>
   <div class='ocr_carea' id='block_1_51' title="bbox 363 2839 2966 2925">
    <p class='ocr_par' dir='ltr' id='par_1_51' title="bbox 363 2839 2966 2925">
     <span class='ocr_line' id='line_1_51' title="bbox 363 2839 2966 2925; baseline 0.006 -31"><span class='ocrx_word' id='word_1_375' title='bbox 363 2840 533 2894; x_wconf 83' lang='lat' dir='ltr'><strong>vitam</strong></span> <span class='ocrx_word' id='word_1_376' title='bbox 566 2840 924 2907; x_wconf 87' lang='lat' dir='ltr'><strong>condemnet,</strong></span> <span class='ocrx_word' id='word_1_377' title='bbox 988 2854 1164 2910; x_wconf 90' lang='lat' dir='ltr'><strong>neque</strong></span> <span class='ocrx_word' id='word_1_378' title='bbox 1197 2841 1454 2896; x_wconf 87' lang='lat' dir='ltr'><strong>conscius</strong></span> <span class='ocrx_word' id='word_1_379' title='bbox 1514 2839 1709 2904; x_wconf 90' lang='lat' dir='ltr'><strong>fuerit,</strong></span> <span class='ocrx_word' id='word_1_380' title='bbox 1751 2839 1896 2909; x_wconf 89' lang='lat' dir='ltr'><strong>quod</strong></span> <span class='ocrx_word' id='word_1_381' title='bbox 1928 2840 2171 2911; x_wconf 85' lang='lat' dir='ltr'><strong>seipsum</strong></span> <span class='ocrx_word' id='word_1_382' title='bbox 2223 2844 2331 2903; x_wconf 90' lang='lat' dir='ltr'><strong>Deo</strong></span> <span class='ocrx_word' id='word_1_383' title='bbox 2361 2849 2582 2922; x_wconf 82' lang='lat' dir='ltr'><strong>dignum</strong></span> <span class='ocrx_word' id='word_1_384' title='bbox 2612 2857 2966 2925; x_wconf 81' lang='lat' dir='ltr'><strong>reputaverit.</strong></span> 
     </span>
    </p>
   </div>
   <div class='ocr_carea' id='block_1_52' title="bbox 434 2929 1946 3002">
    <p class='ocr_par' dir='ltr' id='par_1_52' title="bbox 434 2929 1946 3002">
     <span class='ocr_line' id='line_1_52' title="bbox 434 2929 1946 3002; baseline 0.001 -19"><span class='ocrx_word' id='word_1_385' title='bbox 434 2930 517 2983; x_wconf 84' lang='grc' dir='ltr'><strong>Τὰ</strong></span> <span class='ocrx_word' id='word_1_386' title='bbox 545 2930 642 3001; x_wconf 84' lang='grc' dir='ltr'>μὲν</span> <span class='ocrx_word' id='word_1_387' title='bbox 661 2931 724 3002; x_wconf 78' lang='grc' dir='ltr'>δὴ</span> <span class='ocrx_word' id='word_1_388' title='bbox 749 2931 890 2986; x_wconf 87' lang='grc' dir='ltr'><strong>κατά</strong></span> <span class='ocrx_word' id='word_1_389' title='bbox 913 2929 1010 3001; x_wconf 85' lang='grc' dir='ltr'>τὴν</span> <span class='ocrx_word' id='word_1_390' title='bbox 1035 2930 1224 2984; x_wconf 79' lang='grc' dir='ltr'>ἐλπίδα</span> <span class='ocrx_word' id='word_1_391' title='bbox 1245 2930 1337 2986; x_wconf 88' lang='grc' dir='ltr'><strong>τοῦ</strong></span> <span class='ocrx_word' id='word_1_392' title='bbox 1366 2931 1567 2985; x_wconf 79' lang='grc' dir='ltr'>σκοποῦ</span> <span class='ocrx_word' id='word_1_393' title='bbox 1592 2934 1704 2995; x_wconf 89' lang='grc' dir='ltr'>τοῖς</span> <span class='ocrx_word' id='word_1_394' title='bbox 1729 2931 1946 2999; x_wconf 85' lang='grc' dir='ltr'>φιλοσό-</span> 
     </span>
    </p>
   </div>
   <div class='ocr_carea' id='block_1_53' title="bbox 2126 2934 3642 3023">
    <p class='ocr_par' dir='ltr' id='par_1_53' title="bbox 2126 2934 3642 3023">
     <span class='ocr_line' id='line_1_53' title="bbox 2126 2934 3642 3023; baseline 0.015 -35"><span class='ocrx_word' id='word_1_395' title='bbox 2126 2934 2259 3000; x_wconf 69' lang='lat' dir='ltr'><strong>Quae</strong></span> <span class='ocrx_word' id='word_1_396' title='bbox 2286 2936 2449 3009; x_wconf 79' lang='lat' dir='ltr'><strong>igitur</strong></span> <span class='ocrx_word' id='word_1_397' title='bbox 2480 2944 2755 3011; x_wconf 88' lang='lat' dir='ltr'><strong>pertinent</strong></span> <span class='ocrx_word' id='word_1_398' title='bbox 2782 2946 2852 2999; x_wconf 84' lang='lat' dir='ltr'><strong>ad</strong></span> <span class='ocrx_word' id='word_1_399' title='bbox 2886 2961 3037 3016; x_wconf 87' lang='lat' dir='ltr'><strong>spem</strong></span> <span class='ocrx_word' id='word_1_400' title='bbox 3060 2948 3209 3018; x_wconf 83' lang='lat' dir='ltr'><strong>scopi</strong></span> <span class='ocrx_word' id='word_1_401' title='bbox 3239 2950 3537 3023; x_wconf 78' lang='lat' dir='ltr'><strong>attingcndi</strong></span> <span class='ocrx_word' id='word_1_402' title='bbox 3572 2953 3642 3011; x_wconf 82' lang='lat' dir='ltr'><strong>iis</strong></span> 
     </span>
    </p>
   </div>
   <div class='ocr_carea' id='block_1_54' title="bbox 360 3021 1948 3112">
    <p class='ocr_par' dir='ltr' id='par_1_54' title="bbox 360 3021 1948 3098">
     <span class='ocr_line' id='line_1_54' title="bbox 360 3021 1948 3098; baseline -0.003 -18"><span class='ocrx_word' id='word_1_403' title='bbox 360 3040 483 3092; x_wconf 77' lang='grc' dir='ltr'><strong>φως</strong></span> <span class='ocrx_word' id='word_1_404' title='bbox 504 3021 603 3095; x_wconf 75' lang='grc' dir='ltr'><strong>ζῇν</strong></span> <span class='ocrx_word' id='word_1_405' title='bbox 632 3023 973 3094; x_wconf 80' lang='grc' dir='ltr'>αἱρουμένοις</span> <span class='ocrx_word' id='word_1_406' title='bbox 1005 3024 1202 3086; x_wconf 88' lang='grc' dir='ltr'>ίκανῶς</span> <span class='ocrx_word' id='word_1_407' title='bbox 1239 3023 1489 3098; x_wconf 72' lang='grc' dir='ltr'>εἰρῆσθαι</span> <span class='ocrx_word' id='word_1_408' title='bbox 1514 3024 1826 3095; x_wconf 76' lang='grc' dir='ltr'>νομίζομεν.</span> <span class='ocrx_word' id='word_1_409' title='bbox 1858 3026 1948 3077; x_wconf 90' lang='grc' dir='ltr'>Δεῖ</span> 
     </span>
    </p>
   </div>
   <div class='ocr_carea' id='block_1_55' title="bbox 2057 3021 3642 3112">
    <p class='ocr_par' dir='ltr' id='par_1_55' title="bbox 2057 3021 3642 3112">
     <span class='ocr_line' id='line_1_55' title="bbox 2057 3021 3642 3112; baseline 0.014 -31"><span class='ocrx_word' id='word_1_410' title='bbox 2057 3028 2146 3096; x_wconf 89' lang='lat' dir='ltr'><strong>qui</strong></span> <span class='ocrx_word' id='word_1_411' title='bbox 2189 3030 2277 3100; x_wconf 85' lang='lat' dir='ltr'><strong>pie</strong></span> <span class='ocrx_word' id='word_1_412' title='bbox 2313 3034 2695 3106; x_wconf 85' lang='lat' dir='ltr'><strong>sapienterque</strong></span> <span class='ocrx_word' id='word_1_413' title='bbox 2729 3039 2911 3095; x_wconf 86' lang='lat' dir='ltr'><strong>vivere</strong></span> <span class='ocrx_word' id='word_1_414' title='bbox 2947 3021 3400 3112; x_wconf 35' lang='lat' dir='ltr'><strong>proposuerunt,—</strong></span> <span class='ocrx_word' id='word_1_415' title='bbox 3426 3045 3642 3104; x_wconf 85' lang='lat' dir='ltr'><strong>abunde</strong></span> 
     </span>
    </p>
   </div>
   <div class='ocr_carea' id='block_1_56' title="bbox 360 3114 1948 3208">
    <p class='ocr_par' dir='ltr' id='par_1_56' title="bbox 360 3114 1948 3189">
     <span class='ocr_line' id='line_1_56' title="bbox 360 3114 1948 3189; baseline -0.001 -18"><span class='ocrx_word' id='word_1_416' title='bbox 360 3118 421 3171; x_wconf 78' lang='grc' dir='ltr'>δὲ</span> <span class='ocrx_word' id='word_1_417' title='bbox 450 3117 637 3171; x_wconf 81' lang='grc' dir='ltr'>λοιπὸν</span> <span class='ocrx_word' id='word_1_418' title='bbox 667 3115 983 3189; x_wconf 85' lang='grc' dir='ltr'>προσθεῖναι</span> <span class='ocrx_word' id='word_1_419' title='bbox 1012 3119 1124 3180; x_wconf 88' lang='grc' dir='ltr'>τοῖς</span> <span class='ocrx_word' id='word_1_420' title='bbox 1148 3116 1478 3188; x_wconf 78' lang='grc' dir='ltr'>εἰρημένοις,</span> <span class='ocrx_word' id='word_1_421' title='bbox 1521 3116 1669 3180; x_wconf 76' lang='grc' dir='ltr'>ὅπως</span> <span class='ocrx_word' id='word_1_422' title='bbox 1706 3117 1805 3186; x_wconf 83' lang='grc' dir='ltr'>μὲν</span> <span class='ocrx_word' id='word_1_423' title='bbox 1845 3114 1948 3187; x_wconf 81' lang='grc' dir='ltr'>χρὴ</span> 
     </span>
    </p>
   </div>
   <div class='ocr_carea' id='block_1_57' title="bbox 2057 3114 3640 3208">
    <p class='ocr_par' dir='ltr' id='par_1_57' title="bbox 2057 3123 3640 3208">
     <span class='ocr_line' id='line_1_57' title="bbox 2057 3123 3640 3208; baseline 0.011 -33"><span class='ocrx_word' id='word_1_424' title='bbox 2057 3123 2330 3191; x_wconf 68' lang='grc' dir='ltr'>οκριὶοοιε</span> <span class='ocrx_word' id='word_1_425' title='bbox 2358 3141 2487 3183; x_wconf 79' lang='lat' dir='ltr'><strong>esse</strong></span> <span class='ocrx_word' id='word_1_426' title='bbox 2536 3144 2849 3188; x_wconf 81' lang='lat' dir='ltr'><strong>censemus.</strong></span> <span class='ocrx_word' id='word_1_427' title='bbox 2903 3130 3020 3186; x_wconf 69' lang='lat' dir='ltr'><strong>5am</strong></span> <span class='ocrx_word' id='word_1_428' title='bbox 3058 3150 3186 3190; x_wconf 86' lang='lat' dir='ltr'><strong>vero</strong></span> <span class='ocrx_word' id='word_1_429' title='bbox 3228 3136 3496 3208; x_wconf 88' lang='lat' dir='ltr'><strong>reliquum</strong></span> <span class='ocrx_word' id='word_1_430' title='bbox 3533 3149 3640 3207; x_wconf 89' lang='lat' dir='ltr'><strong>est,</strong></span> 
     </span>
    </p>
   </div>
   <div class='ocr_carea' id='block_1_58' title="bbox 364 3208 1949 3280">
    <p class='ocr_par' dir='ltr' id='par_1_58' title="bbox 364 3208 1949 3280">
     <span class='ocr_line' id='line_1_58' title="bbox 364 3208 1949 3280; baseline -0.002 -15"><span class='ocrx_word' id='word_1_431' title='bbox 364 3212 606 3265; x_wconf 80' lang='grc' dir='ltr'>συνεῖναι</span> <span class='ocrx_word' id='word_1_432' title='bbox 627 3209 755 3273; x_wconf 76' lang='grc' dir='ltr'>τοὺς</span> <span class='ocrx_word' id='word_1_433' title='bbox 794 3208 1068 3273; x_wconf 85' lang='grc' dir='ltr'>τοιούτους</span> <span class='ocrx_word' id='word_1_434' title='bbox 1110 3208 1378 3279; x_wconf 81' lang='grc' dir='ltr'>ἀλλήλοις·</span> <span class='ocrx_word' id='word_1_435' title='bbox 1407 3212 1425 3230; x_wconf 82' lang='grc'><strong>¹</strong></span> <span class='ocrx_word' id='word_1_436' title='bbox 1447 3210 1594 3272; x_wconf 75' lang='grc' dir='ltr'>ὅπως</span> <span class='ocrx_word' id='word_1_437' title='bbox 1641 3209 1698 3263; x_wconf 85' lang='grc' dir='ltr'>δὲ</span> <span class='ocrx_word' id='word_1_438' title='bbox 1735 3209 1949 3280; x_wconf 82' lang='grc' dir='ltr'>τρέχειν</span> 
     </span>
    </p>
   </div>
   <div class='ocr_carea' id='block_1_59' title="bbox 368 3298 1944 3371">
    <p class='ocr_par' dir='ltr' id='par_1_59' title="bbox 368 3298 1944 3371">
     <span class='ocr_line' id='line_1_59' title="bbox 368 3298 1944 3371; baseline 0 -18"><span class='ocrx_word' id='word_1_439' title='bbox 368 3301 487 3371; x_wconf 85' lang='grc' dir='ltr'>μετ’</span> <span class='ocrx_word' id='word_1_440' title='bbox 530 3298 794 3371; x_wconf 85' lang='grc' dir='ltr'>ἀλλήλων,</span> <span class='ocrx_word' id='word_1_441' title='bbox 820 3298 925 3363; x_wconf 69' lang='grc' dir='ltr'>ἕως</span> <span class='ocrx_word' id='word_1_442' title='bbox 951 3298 1017 3352; x_wconf 84' lang='grc' dir='ltr'>ἂν</span> <span class='ocrx_word' id='word_1_443' title='bbox 1051 3298 1143 3352; x_wconf 75' lang='grc' dir='ltr'><strong>ἐπὶ</strong></span> <span class='ocrx_word' id='word_1_444' title='bbox 1168 3299 1268 3370; x_wconf 87' lang='grc' dir='ltr'>τὴν</span> <span class='ocrx_word' id='word_1_445' title='bbox 1298 3298 1411 3353; x_wconf 85' lang='grc' dir='ltr'><strong>ἄνω</strong></span> <span class='ocrx_word' id='word_1_446' title='bbox 1440 3299 1596 3353; x_wconf 83' lang='grc' dir='ltr'>πόλιν</span> <span class='ocrx_word' id='word_1_447' title='bbox 1619 3299 1944 3369; x_wconf 84' lang='grc' dir='ltr'>ἀφίκωνται.</span> 
     </span>
    </p>
   </div>
   <div class='ocr_carea' id='block_1_60' title="bbox 365 3389 1950 3464">
    <p class='ocr_par' dir='ltr' id='par_1_60' title="bbox 365 3389 1950 3464">
     <span class='ocr_line' id='line_1_60' title="bbox 365 3389 1950 3464; baseline -0.001 -19"><span class='ocrx_word' id='word_1_448' title='bbox 365 3392 487 3464; x_wconf 75' lang='grc' dir='ltr'><strong>Χρὴ</strong></span> <span class='ocrx_word' id='word_1_449' title='bbox 520 3391 697 3446; x_wconf 80' lang='grc' dir='ltr'>τοίνυν</span> <span class='ocrx_word' id='word_1_450' title='bbox 733 3391 825 3445; x_wconf 83' lang='grc' dir='ltr'>τὸν</span> <span class='ocrx_word' id='word_1_451' title='bbox 850 3391 921 3445; x_wconf 85' lang='grc' dir='ltr'>τὰ</span> <span class='ocrx_word' id='word_1_452' title='bbox 957 3389 1050 3444; x_wconf 89' lang='grc' dir='ltr'><strong>τοῦ</strong></span> <span class='ocrx_word' id='word_1_453' title='bbox 1098 3390 1211 3462; x_wconf 83' lang='grc' dir='ltr'>βίου</span> <span class='ocrx_word' id='word_1_454' title='bbox 1248 3391 1436 3445; x_wconf 90' lang='grc' dir='ltr'>τούτου</span> <span class='ocrx_word' id='word_1_455' title='bbox 1485 3392 1657 3463; x_wconf 86' lang='grc' dir='ltr'>σεμνά</span> <span class='ocrx_word' id='word_1_456' title='bbox 1690 3391 1950 3462; x_wconf 85' lang='grc' dir='ltr'>καθαρῶς</span> 
     </span>
    </p>
   </div>
   <div class='ocr_carea' id='block_1_61' title="bbox 363 3482 1947 3554">
    <p class='ocr_par' dir='ltr' id='par_1_61' title="bbox 363 3482 1947 3554">
     <span class='ocr_line' id='line_1_61' title="bbox 363 3482 1947 3554; baseline 0.001 -17"><span class='ocrx_word' id='word_1_457' title='bbox 363 3482 729 3554; x_wconf 64' lang='grc' dir='ltr'>ἀτιμάζοντα,</span> <span class='ocrx_word' id='word_1_458' title='bbox 754 3484 850 3536; x_wconf 76' lang='grc' dir='ltr'><strong>καὶ</strong></span> <span class='ocrx_word' id='word_1_459' title='bbox 888 3482 1220 3554; x_wconf 88' lang='grc' dir='ltr'>ἀρνούμενον</span> <span class='ocrx_word' id='word_1_460' title='bbox 1255 3486 1435 3538; x_wconf 81' lang='grc' dir='ltr'>πᾶσαν</span> <span class='ocrx_word' id='word_1_461' title='bbox 1467 3484 1566 3554; x_wconf 86' lang='grc' dir='ltr'>τὴν</span> <span class='ocrx_word' id='word_1_462' title='bbox 1598 3484 1749 3538; x_wconf 85' lang='grc' dir='ltr'>κάτω</span> <span class='ocrx_word' id='word_1_463' title='bbox 1768 3482 1947 3550; x_wconf 81' lang='grc' dir='ltr'>δόξαν,</span> 
     </span>
    </p>
   </div>
   <div class='ocr_carea' id='block_1_62' title="bbox 364 3574 1951 3647">
    <p class='ocr_par' dir='ltr' id='par_1_62' title="bbox 364 3574 1951 3647">
     <span class='ocr_line' id='line_1_62' title="bbox 364 3574 1951 3647; baseline -0.001 -17"><span class='ocrx_word' id='word_1_464' title='bbox 364 3574 702 3647; x_wconf 82' lang='grc' dir='ltr'>ἀρνήσασθαι</span> <span class='ocrx_word' id='word_1_465' title='bbox 722 3575 861 3645; x_wconf 86' lang='grc' dir='ltr'>μετὰ</span> <span class='ocrx_word' id='word_1_466' title='bbox 882 3575 975 3629; x_wconf 88' lang='grc' dir='ltr'><strong>τοῦ</strong></span> <span class='ocrx_word' id='word_1_467' title='bbox 1000 3575 1114 3647; x_wconf 87' lang='grc' dir='ltr'>βίου</span> <span class='ocrx_word' id='word_1_468' title='bbox 1140 3577 1234 3629; x_wconf 70' lang='grc' dir='ltr'>καὶ</span> <span class='ocrx_word' id='word_1_469' title='bbox 1253 3574 1351 3647; x_wconf 82' lang='grc' dir='ltr'>τὴν</span> <span class='ocrx_word' id='word_1_470' title='bbox 1371 3575 1575 3629; x_wconf 73' lang='grc' dir='ltr'>οἰκείαν</span> <span class='ocrx_word' id='word_1_471' title='bbox 1597 3575 1797 3646; x_wconf 76' lang='grc' dir='ltr'>ψυχήν.</span> <span class='ocrx_word' id='word_1_472' title='bbox 1820 3577 1951 3646; x_wconf 80' lang='grc' dir='ltr'><strong>Ἀρ-</strong></span> 
     </span>
    </p>
   </div>
   <div class='ocr_carea' id='block_1_63' title="bbox 2057 3214 3642 3296">
    <p class='ocr_par' dir='ltr' id='par_1_63' title="bbox 2057 3214 3642 3296">
     <span class='ocr_line' id='line_1_63' title="bbox 2057 3214 3642 3296; baseline 0.014 -32"><span class='ocrx_word' id='word_1_473' title='bbox 2057 3220 2115 3266; x_wconf 90' lang='lat' dir='ltr'><strong>ut</strong></span> <span class='ocrx_word' id='word_1_474' title='bbox 2142 3214 2207 3270; x_wconf 91' lang='lat' dir='ltr'><strong>iis</strong></span> <span class='ocrx_word' id='word_1_475' title='bbox 2237 3230 2359 3285; x_wconf 86' lang='lat' dir='ltr'><strong>quae</strong></span> <span class='ocrx_word' id='word_1_476' title='bbox 2385 3218 2530 3273; x_wconf 89' lang='lat' dir='ltr'><strong>dicta</strong></span> <span class='ocrx_word' id='word_1_477' title='bbox 2556 3229 2685 3274; x_wconf 90' lang='lat' dir='ltr'><strong>sunt</strong></span> <span class='ocrx_word' id='word_1_478' title='bbox 2718 3222 3006 3290; x_wconf 88' lang='lat' dir='ltr'><strong>addamus,</strong></span> <span class='ocrx_word' id='word_1_479' title='bbox 3037 3226 3311 3296; x_wconf 88' lang='lat' dir='ltr'><strong>quomodo</strong></span> <span class='ocrx_word' id='word_1_480' title='bbox 3342 3230 3476 3285; x_wconf 89' lang='lat' dir='ltr'><strong>tales</strong></span> <span class='ocrx_word' id='word_1_481' title='bbox 3509 3245 3642 3285; x_wconf 89' lang='lat' dir='ltr'><strong>con-</strong></span> 
     </span>
    </p>
   </div>
   <div class='ocr_carea' id='block_1_64' title="bbox 2055 3310 3636 3387">
    <p class='ocr_par' dir='ltr' id='par_1_64' title="bbox 2055 3310 3636 3387">
     <span class='ocr_line' id='line_1_64' title="bbox 2055 3310 3636 3387; baseline 0.012 -27"><span class='ocrx_word' id='word_1_482' title='bbox 2055 3310 2260 3363; x_wconf 84' lang='lat' dir='ltr'><strong>versari</strong></span> <span class='ocrx_word' id='word_1_483' title='bbox 2320 3312 2466 3365; x_wconf 88' lang='lat' dir='ltr'><strong>inter</strong></span> <span class='ocrx_word' id='word_1_484' title='bbox 2502 3326 2562 3368; x_wconf 90' lang='lat' dir='ltr'><strong>se</strong></span> <span class='ocrx_word' id='word_1_485' title='bbox 2619 3324 2887 3385; x_wconf 85' lang='lat' dir='ltr'><strong>oporteat,</strong></span> <span class='ocrx_word' id='word_1_486' title='bbox 2951 3328 3004 3371; x_wconf 90' lang='lat' dir='ltr'><strong>et</strong></span> <span class='ocrx_word' id='word_1_487' title='bbox 3052 3319 3329 3387; x_wconf 80' lang='lat' dir='ltr'><strong>quomodo</strong></span> <span class='ocrx_word' id='word_1_488' title='bbox 3388 3326 3636 3379; x_wconf 84' lang='lat' dir='ltr'><strong>certatim</strong></span> 
     </span>
    </p>
   </div>
   <div class='ocr_carea' id='block_1_65' title="bbox 2055 3403 3634 3484">
    <p class='ocr_par' dir='ltr' id='par_1_65' title="bbox 2055 3403 3634 3484">
     <span class='ocr_line' id='line_1_65' title="bbox 2055 3403 3634 3484; baseline 0.011 -31"><span class='ocrx_word' id='word_1_489' title='bbox 2055 3416 2299 3462; x_wconf 84' lang='lat' dir='ltr'><strong>currere.</strong></span> <span class='ocrx_word' id='word_1_490' title='bbox 2331 3403 2506 3459; x_wconf 91' lang='lat' dir='ltr'><strong>donec</strong></span> <span class='ocrx_word' id='word_1_491' title='bbox 2529 3404 2596 3459; x_wconf 89' lang='lat' dir='ltr'><strong>ad</strong></span> <span class='ocrx_word' id='word_1_492' title='bbox 2628 3422 2932 3477; x_wconf 89' lang='lat' dir='ltr'><strong>supernam</strong></span> <span class='ocrx_word' id='word_1_493' title='bbox 2960 3409 3236 3467; x_wconf 84' lang='lat' dir='ltr'><strong>civitatem</strong></span> <span class='ocrx_word' id='word_1_494' title='bbox 3264 3418 3634 3484; x_wconf 77' lang='lat' dir='ltr'><strong>pervenerint.</strong></span> 
     </span>
    </p>
   </div>
   <div class='ocr_carea' id='block_1_66' title="bbox 2054 3493 3639 3578">
    <p class='ocr_par' dir='ltr' id='par_1_66' title="bbox 2054 3493 3639 3578">
     <span class='ocr_line' id='line_1_66' title="bbox 2054 3493 3639 3578; baseline 0.01 -31"><span class='ocrx_word' id='word_1_495' title='bbox 2054 3493 2323 3577; x_wconf 79' lang='lat' dir='ltr'><strong>Quocirca</strong></span> <span class='ocrx_word' id='word_1_496' title='bbox 2353 3512 2493 3566; x_wconf 88' lang='lat' dir='ltr'><strong>opus</strong></span> <span class='ocrx_word' id='word_1_497' title='bbox 2523 3508 2609 3554; x_wconf 88' lang='lat' dir='ltr'><strong>est</strong></span> <span class='ocrx_word' id='word_1_498' title='bbox 2636 3514 2759 3553; x_wconf 90' lang='lat' dir='ltr'><strong>eum</strong></span> <span class='ocrx_word' id='word_1_499' title='bbox 2796 3502 2891 3569; x_wconf 88' lang='lat' dir='ltr'><strong>qui</strong></span> <span class='ocrx_word' id='word_1_500' title='bbox 2927 3501 3096 3571; x_wconf 82' lang='lat' dir='ltr'><strong>hujus</strong></span> <span class='ocrx_word' id='word_1_501' title='bbox 3128 3507 3255 3559; x_wconf 68' lang='lat' dir='ltr'><strong>vitae</strong></span> <span class='ocrx_word' id='word_1_502' title='bbox 3282 3521 3370 3562; x_wconf 89' lang='lat' dir='ltr'><strong>res</strong></span> <span class='ocrx_word' id='word_1_503' title='bbox 3407 3509 3639 3578; x_wconf 67' lang='lat' dir='ltr'><strong>praecla-</strong></span> 
     </span>
    </p>
   </div>
   <div class='ocr_carea' id='block_1_67' title="bbox 2054 3587 3629 3669">
    <p class='ocr_par' dir='ltr' id='par_1_67' title="bbox 2054 3587 3629 3669">
     <span class='ocr_line' id='line_1_67' title="bbox 2054 3587 3629 3669; baseline 0.01 -30"><span class='ocrx_word' id='word_1_504' title='bbox 2054 3601 2144 3642; x_wconf 89' lang='lat' dir='ltr'><strong>ras</strong></span> <span class='ocrx_word' id='word_1_505' title='bbox 2175 3587 2334 3656; x_wconf 87' lang='lat' dir='ltr'><strong>plane</strong></span> <span class='ocrx_word' id='word_1_506' title='bbox 2362 3589 2616 3658; x_wconf 83' lang='lat' dir='ltr'><strong>despicit,</strong></span> <span class='ocrx_word' id='word_1_507' title='bbox 2649 3600 2703 3644; x_wconf 89' lang='lat' dir='ltr'><strong>et</strong></span> <span class='ocrx_word' id='word_1_508' title='bbox 2756 3605 2975 3647; x_wconf 90' lang='lat' dir='ltr'><strong>omnem</strong></span> <span class='ocrx_word' id='word_1_509' title='bbox 3009 3595 3348 3651; x_wconf 90' lang='lat' dir='ltr'><strong>mundanam</strong></span> <span class='ocrx_word' id='word_1_510' title='bbox 3399 3600 3629 3669; x_wconf 76' lang='lat' dir='ltr'><strong>gloriam</strong></span> 
     </span>
    </p>
   </div>
   <div class='ocr_carea' id='block_1_68' title="bbox 364 3666 1948 3758">
    <p class='ocr_par' dir='ltr' id='par_1_68' title="bbox 364 3666 1946 3740">
     <span class='ocr_line' id='line_1_68' title="bbox 364 3666 1946 3740; baseline 0.001 -20"><span class='ocrx_word' id='word_1_511' title='bbox 364 3685 524 3738; x_wconf 87' lang='grc' dir='ltr'>νησις</span> <span class='ocrx_word' id='word_1_512' title='bbox 543 3667 599 3721; x_wconf 76' lang='grc' dir='ltr'>δὲ</span> <span class='ocrx_word' id='word_1_513' title='bbox 624 3667 821 3739; x_wconf 81' lang='grc' dir='ltr'>ψυχῆς,</span> <span class='ocrx_word' id='word_1_514' title='bbox 845 3668 907 3721; x_wconf 92' lang='lat'><strong>16</strong></span> <span class='ocrx_word' id='word_1_515' title='bbox 940 3667 1190 3739; x_wconf 80' lang='grc' dir='ltr'>μηδαμοῦ</span> <span class='ocrx_word' id='word_1_516' title='bbox 1218 3667 1400 3740; x_wconf 82' lang='grc' dir='ltr'>ζητεῖν</span> <span class='ocrx_word' id='word_1_517' title='bbox 1426 3668 1485 3721; x_wconf 89' lang='lat'><strong>16</strong></span> <span class='ocrx_word' id='word_1_518' title='bbox 1498 3666 1694 3722; x_wconf 76' lang='grc' dir='ltr'>ἑαυτοῦ</span> <span class='ocrx_word' id='word_1_519' title='bbox 1716 3668 1946 3739; x_wconf 83' lang='grc' dir='ltr'>θέλημα,</span> 
     </span>
    </p>
   </div>
   <div class='ocr_carea' id='block_1_69' title="bbox 2057 3666 3633 3758">
    <p class='ocr_par' dir='ltr' id='par_1_69' title="bbox 2059 3666 3633 3758">
     <span class='ocr_line' id='line_1_69' title="bbox 2059 3666 3633 3758; baseline 0.008 -25"><span class='ocrx_word' id='word_1_520' title='bbox 2059 3678 2311 3749; x_wconf 79' lang='lat' dir='ltr'><strong>abnegat,</strong></span> <span class='ocrx_word' id='word_1_521' title='bbox 2343 3680 2506 3736; x_wconf 88' lang='lat' dir='ltr'><strong>etiam</strong></span> <span class='ocrx_word' id='word_1_522' title='bbox 2537 3697 2662 3737; x_wconf 91' lang='lat' dir='ltr'><strong>cum</strong></span> <span class='ocrx_word' id='word_1_523' title='bbox 2702 3682 2812 3737; x_wconf 82' lang='lat' dir='ltr'><strong>vita</strong></span> <span class='ocrx_word' id='word_1_524' title='bbox 2872 3687 3110 3741; x_wconf 89' lang='lat' dir='ltr'><strong>animam</strong></span> <span class='ocrx_word' id='word_1_525' title='bbox 3152 3666 3424 3758; x_wconf 80' lang='lat' dir='ltr'><strong>propriam</strong></span> <span class='ocrx_word' id='word_1_526' title='bbox 3462 3691 3633 3746; x_wconf 74' lang='lat' dir='ltr'><strong>abne-</strong></span> 
     </span>
    </p>
   </div>
   <div class='ocr_carea' id='block_1_70' title="bbox 362 3758 1948 3831">
    <p class='ocr_par' dir='ltr' id='par_1_70' title="bbox 362 3758 1948 3831">
     <span class='ocr_line' id='line_1_70' title="bbox 362 3758 1948 3831; baseline -0.001 -18"><span class='ocrx_word' id='word_1_527' title='bbox 362 3760 503 3813; x_wconf 82' lang='grc' dir='ltr'><strong>ἀλλά</strong></span> <span class='ocrx_word' id='word_1_528' title='bbox 530 3760 592 3813; x_wconf 84' lang='grc' dir='ltr'>τὸ</span> <span class='ocrx_word' id='word_1_529' title='bbox 620 3759 829 3831; x_wconf 85' lang='grc' dir='ltr'>θέλημα</span> <span class='ocrx_word' id='word_1_530' title='bbox 849 3758 939 3812; x_wconf 84' lang='grc' dir='ltr'><strong>τοῦ</strong></span> <span class='ocrx_word' id='word_1_531' title='bbox 966 3758 1122 3813; x_wconf 82' lang='grc' dir='ltr'>Θεοῦ·</span> <span class='ocrx_word' id='word_1_532' title='bbox 1155 3760 1249 3813; x_wconf 75' lang='grc' dir='ltr'>καὶ</span> <span class='ocrx_word' id='word_1_533' title='bbox 1272 3759 1447 3830; x_wconf 83' lang='grc' dir='ltr'>τούτῳ</span> <span class='ocrx_word' id='word_1_534' title='bbox 1476 3760 1778 3831; x_wconf 79' lang='grc' dir='ltr'>κεχρῆσθαι</span> <span class='ocrx_word' id='word_1_535' title='bbox 1812 3759 1948 3812; x_wconf 82' lang='grc' dir='ltr'>καο-</span> 
     </span>
    </p>
   </div>
   <div class='ocr_carea' id='block_1_71' title="bbox 363 3849 1947 3923">
    <p class='ocr_par' dir='ltr' id='par_1_71' title="bbox 363 3849 1947 3923">
     <span class='ocr_line' id='line_1_71' title="bbox 363 3849 1947 3923; baseline 0.001 -19"><span class='ocrx_word' id='word_1_536' title='bbox 363 3851 511 3922; x_wconf 80' lang='grc' dir='ltr'>ἀπερ</span> <span class='ocrx_word' id='word_1_537' title='bbox 547 3850 734 3922; x_wconf 83' lang='grc' dir='ltr'>ἀγαθῷ</span> <span class='ocrx_word' id='word_1_538' title='bbox 762 3850 1091 3922; x_wconf 76' lang='grc' dir='ltr'>κυϐερνήτῃ,</span> <span class='ocrx_word' id='word_1_539' title='bbox 1117 3849 1195 3921; x_wconf 77' lang='grc' dir='ltr'><strong>τῷ</strong></span> <span class='ocrx_word' id='word_1_540' title='bbox 1231 3851 1292 3904; x_wconf 90' lang='lat'><strong>16</strong></span> <span class='ocrx_word' id='word_1_541' title='bbox 1318 3853 1496 3904; x_wconf 86' lang='grc' dir='ltr'>κοινὸν</span> <span class='ocrx_word' id='word_1_542' title='bbox 1536 3852 1808 3923; x_wconf 77' lang='grc' dir='ltr'>πλήρωμα</span> <span class='ocrx_word' id='word_1_543' title='bbox 1845 3852 1947 3922; x_wconf 78' lang='grc' dir='ltr'>τῆς</span> 
     </span>
    </p>
   </div>
   <div class='ocr_carea' id='block_1_72' title="bbox 364 3941 1942 4013">
    <p class='ocr_par' dir='ltr' id='par_1_72' title="bbox 364 3941 1942 4013">
     <span class='ocr_line' id='line_1_72' title="bbox 364 3941 1942 4013; baseline -0.001 -17"><span class='ocrx_word' id='word_1_544' title='bbox 364 3942 724 4012; x_wconf 82' lang='grc' dir='ltr'>ἁδελφότητος</span> <span class='ocrx_word' id='word_1_545' title='bbox 754 3942 870 4013; x_wconf 87' lang='grc' dir='ltr'>μεθ’</span> <span class='ocrx_word' id='word_1_546' title='bbox 906 3941 1159 4013; x_wconf 82' lang='grc' dir='ltr'>ὁμονοίας</span> <span class='ocrx_word' id='word_1_547' title='bbox 1202 3942 1296 3995; x_wconf 75' lang='grc' dir='ltr'><strong>ἐπὶ</strong></span> <span class='ocrx_word' id='word_1_548' title='bbox 1319 3943 1412 3995; x_wconf 78' lang='grc' dir='ltr'>τὸν</span> <span class='ocrx_word' id='word_1_549' title='bbox 1447 3942 1641 4013; x_wconf 84' lang='grc' dir='ltr'>λιμένα</span> <span class='ocrx_word' id='word_1_550' title='bbox 1666 3943 1761 3996; x_wconf 87' lang='grc' dir='ltr'><strong>τοῦ</strong></span> <span class='ocrx_word' id='word_1_551' title='bbox 1797 3942 1942 3996; x_wconf 83' lang='grc' dir='ltr'>θείου</span> 
     </span>
    </p>
   </div>
   <div class='ocr_carea' id='block_1_73' title="bbox 364 4033 1945 4106">
    <p class='ocr_par' dir='ltr' id='par_1_73' title="bbox 364 4033 1945 4106">
     <span class='ocr_line' id='line_1_73' title="bbox 364 4033 1945 4106; baseline 0.001 -20"><span class='ocrx_word' id='word_1_552' title='bbox 364 4034 670 4106; x_wconf 64' lang='grc' dir='ltr'>θελήματος</span> <span class='ocrx_word' id='word_1_553' title='bbox 697 4033 1076 4088; x_wconf 87' lang='grc' dir='ltr'>ἀπευθύνοντι·</span> <span class='ocrx_word' id='word_1_554' title='bbox 1107 4033 1407 4104; x_wconf 74' lang='grc' dir='ltr'>κεκτῆσθαι</span> <span class='ocrx_word' id='word_1_555' title='bbox 1433 4034 1489 4087; x_wconf 89' lang='grc' dir='ltr'>δὲ</span> <span class='ocrx_word' id='word_1_556' title='bbox 1522 4034 1673 4087; x_wconf 80' lang='grc' dir='ltr'>οὐδὲν</span> <span class='ocrx_word' id='word_1_557' title='bbox 1709 4036 1859 4106; x_wconf 86' lang='grc' dir='ltr'><strong>παρά</strong></span> <span class='ocrx_word' id='word_1_558' title='bbox 1884 4036 1945 4088; x_wconf 84' lang='lat'><strong>16</strong></span> 
     </span>
    </p>
   </div>
   <div class='ocr_carea' id='block_1_74' title="bbox 363 4123 1945 4196">
    <p class='ocr_par' dir='ltr' id='par_1_74' title="bbox 363 4123 1945 4196">
     <span class='ocr_line' id='line_1_74' title="bbox 363 4123 1945 4196; baseline 0.002 -18"><span class='ocrx_word' id='word_1_559' title='bbox 363 4125 565 4189; x_wconf 76' lang='grc' dir='ltr'>κοινὸν,</span> <span class='ocrx_word' id='word_1_560' title='bbox 587 4123 724 4195; x_wconf 87' lang='grc' dir='ltr'>πλὴν</span> <span class='ocrx_word' id='word_1_561' title='bbox 744 4124 838 4177; x_wconf 87' lang='grc' dir='ltr'><strong>τοῦ</strong></span> <span class='ocrx_word' id='word_1_562' title='bbox 860 4125 922 4177; x_wconf 84' lang='grc' dir='ltr'>τὸ</span> <span class='ocrx_word' id='word_1_563' title='bbox 945 4124 1108 4196; x_wconf 86' lang='grc' dir='ltr'>σῶμα</span> <span class='ocrx_word' id='word_1_564' title='bbox 1126 4123 1492 4189; x_wconf 82' lang='grc' dir='ltr'>καλύπτοντος</span> <span class='ocrx_word' id='word_1_565' title='bbox 1516 4125 1758 4194; x_wconf 80' lang='grc' dir='ltr'>ἱματίου.</span> <span class='ocrx_word' id='word_1_566' title='bbox 1788 4126 1945 4181; x_wconf 82' lang='grc' dir='ltr'>υῦτω</span> 
     </span>
    </p>
   </div>
   <div class='ocr_carea' id='block_1_75' title="bbox 362 4215 1941 4289">
    <p class='ocr_par' dir='ltr' id='par_1_75' title="bbox 362 4215 1941 4289">
     <span class='ocr_line' id='line_1_75' title="bbox 362 4215 1941 4289; baseline 0.001 -19"><span class='ocrx_word' id='word_1_567' title='bbox 362 4218 477 4289; x_wconf 78' lang='grc' dir='ltr'><strong>γὰρ</strong></span> <span class='ocrx_word' id='word_1_568' title='bbox 494 4217 835 4289; x_wconf 81' lang='grc' dir='ltr'>ἑτοιμότερον</span> <span class='ocrx_word' id='word_1_569' title='bbox 859 4217 1033 4283; x_wconf 83' lang='grc' dir='ltr'>ἔσται,</span> <span class='ocrx_word' id='word_1_570' title='bbox 1050 4218 1113 4269; x_wconf 85' lang='grc' dir='ltr'>τὸ</span> <span class='ocrx_word' id='word_1_571' title='bbox 1135 4216 1287 4287; x_wconf 87' lang='grc' dir='ltr'><strong>παρά</strong></span> <span class='ocrx_word' id='word_1_572' title='bbox 1307 4215 1415 4269; x_wconf 86' lang='grc' dir='ltr'><strong>τῶν</strong></span> <span class='ocrx_word' id='word_1_573' title='bbox 1438 4217 1799 4289; x_wconf 83' lang='grc' dir='ltr'>προεστώτων</span> <span class='ocrx_word' id='word_1_574' title='bbox 1820 4222 1941 4271; x_wconf 78' lang='grc' dir='ltr'>ἐπι-</span> 
     </span>
    </p>
   </div>
   <div class='ocr_carea' id='block_1_76' title="bbox 360 4307 1946 4381">
    <p class='ocr_par' dir='ltr' id='par_1_76' title="bbox 360 4307 1946 4381">
     <span class='ocr_line' id='line_1_76' title="bbox 360 4307 1946 4381; baseline -0.001 -15"><span class='ocrx_word' id='word_1_575' title='bbox 360 4311 697 4380; x_wconf 77' lang='grc' dir='ltr'>τασσόμενον</span> <span class='ocrx_word' id='word_1_576' title='bbox 743 4307 860 4380; x_wconf 88' lang='grc' dir='ltr'>μεθ’</span> <span class='ocrx_word' id='word_1_577' title='bbox 908 4308 1104 4379; x_wconf 79' lang='grc' dir='ltr'>ἡδονῆς</span> <span class='ocrx_word' id='word_1_578' title='bbox 1145 4310 1241 4362; x_wconf 74' lang='grc' dir='ltr'>καὶ</span> <span class='ocrx_word' id='word_1_579' title='bbox 1272 4308 1486 4372; x_wconf 86' lang='grc' dir='ltr'>ὲλπίδος</span> <span class='ocrx_word' id='word_1_580' title='bbox 1516 4309 1813 4381; x_wconf 87' lang='grc' dir='ltr'>προθύμως</span> <span class='ocrx_word' id='word_1_581' title='bbox 1846 4310 1946 4381; x_wconf 71' lang='grc' dir='ltr'>μὲν</span> 
     </span>
    </p>
   </div>
   <div class='ocr_carea' id='block_1_77' title="bbox 363 4399 1945 4472">
    <p class='ocr_par' dir='ltr' id='par_1_77' title="bbox 363 4399 1945 4472">
     <span class='ocr_line' id='line_1_77' title="bbox 363 4399 1945 4472; baseline -0.001 -15"><span class='ocrx_word' id='word_1_582' title='bbox 363 4404 561 4464; x_wconf 84' lang='grc' dir='ltr'>τελεῖν,</span> <span class='ocrx_word' id='word_1_583' title='bbox 600 4401 675 4465; x_wconf 84' lang='grc' dir='ltr'>ὡς</span> <span class='ocrx_word' id='word_1_584' title='bbox 708 4400 891 4454; x_wconf 87' lang='grc' dir='ltr'>δοῦλον</span> <span class='ocrx_word' id='word_1_585' title='bbox 919 4399 1159 4472; x_wconf 89' lang='grc' dir='ltr'>Χριστοῦ</span> <span class='ocrx_word' id='word_1_586' title='bbox 1197 4399 1293 4453; x_wconf 77' lang='grc' dir='ltr'>καὶ</span> <span class='ocrx_word' id='word_1_587' title='bbox 1335 4400 1712 4470; x_wconf 77' lang='grc' dir='ltr'>ἠγορασμένον</span> <span class='ocrx_word' id='word_1_588' title='bbox 1737 4403 1812 4465; x_wconf 83' lang='grc' dir='ltr'><strong>είς</strong></span> <span class='ocrx_word' id='word_1_589' title='bbox 1847 4404 1945 4471; x_wconf 81' lang='grc' dir='ltr'>τὴν</span> 
     </span>
    </p>
   </div>
   <div class='ocr_carea' id='block_1_78' title="bbox 364 4492 1945 4566">
    <p class='ocr_par' dir='ltr' id='par_1_78' title="bbox 364 4492 1945 4566">
     <span class='ocr_line' id='line_1_78' title="bbox 364 4492 1945 4566; baseline -0.001 -16"><span class='ocrx_word' id='word_1_590' title='bbox 364 4494 552 4566; x_wconf 79' lang='grc' dir='ltr'>κοινὴν</span> <span class='ocrx_word' id='word_1_591' title='bbox 574 4494 680 4548; x_wconf 84' lang='grc' dir='ltr'><strong>τῶν</strong></span> <span class='ocrx_word' id='word_1_592' title='bbox 712 4493 956 4562; x_wconf 84' lang='grc' dir='ltr'>ἀδελφῶν</span> <span class='ocrx_word' id='word_1_593' title='bbox 984 4495 1197 4565; x_wconf 87' lang='grc' dir='ltr'>χρείαν.</span> <span class='ocrx_word' id='word_1_594' title='bbox 1222 4493 1392 4547; x_wconf 86' lang='grc' dir='ltr'>Τοῦτο</span> <span class='ocrx_word' id='word_1_595' title='bbox 1419 4492 1528 4562; x_wconf 84' lang='grc' dir='ltr'>γὰρ</span> <span class='ocrx_word' id='word_1_596' title='bbox 1551 4493 1647 4546; x_wconf 73' lang='grc' dir='ltr'>καὶ</span> <span class='ocrx_word' id='word_1_597' title='bbox 1674 4495 1702 4547; x_wconf 93' lang='lat'><strong>6</strong></span> <span class='ocrx_word' id='word_1_598' title='bbox 1741 4494 1945 4565; x_wconf 81' lang='grc' dir='ltr'>Κύριος</span> 
     </span>
    </p>
   </div>
   <div class='ocr_carea' id='block_1_79' title="bbox 364 4582 1940 4656">
    <p class='ocr_par' dir='ltr' id='par_1_79' title="bbox 364 4582 1940 4656">
     <span class='ocr_line' id='line_1_79' title="bbox 364 4582 1940 4656; baseline -0.002 -17"><span class='ocrx_word' id='word_1_599' title='bbox 364 4584 837 4656; x_wconf 83' lang='grc' dir='ltr'>βούλεται,λέγων·</span> <span class='ocrx_word' id='word_1_600' title='bbox 850 4603 868 4635; x_wconf 75' lang='grc' dir='ltr'><strong>ι</strong></span> <span class='ocrx_word' id='word_1_601' title='bbox 890 4584 948 4638; x_wconf 86' lang='lat'><strong>&#39;0</strong></span> <span class='ocrx_word' id='word_1_602' title='bbox 962 4582 1130 4637; x_wconf 85' lang='grc' dir='ltr'>θέλων</span> <span class='ocrx_word' id='word_1_603' title='bbox 1144 4584 1206 4637; x_wconf 77' lang='grc' dir='ltr'>ὲν</span> <span class='ocrx_word' id='word_1_604' title='bbox 1225 4585 1353 4654; x_wconf 83' lang='grc' dir='ltr'>ὑμῖν</span> <span class='ocrx_word' id='word_1_605' title='bbox 1371 4583 1586 4653; x_wconf 89' lang='grc' dir='ltr'>πρῶτος</span> <span class='ocrx_word' id='word_1_606' title='bbox 1608 4583 1701 4636; x_wconf 78' lang='grc' dir='ltr'>καὶ</span> <span class='ocrx_word' id='word_1_607' title='bbox 1721 4583 1940 4652; x_wconf 75' lang='grc' dir='ltr'>μέγας*,</span> 
     </span>
    </p>
   </div>
   <div class='ocr_carea' id='block_1_80' title="bbox 2057 3772 3635 3848">
    <p class='ocr_par' dir='ltr' id='par_1_80' title="bbox 2057 3772 3635 3848">
     <span class='ocr_line' id='line_1_80' title="bbox 2057 3772 3635 3848; baseline 0.008 -25"><span class='ocrx_word' id='word_1_608' title='bbox 2057 3785 2205 3841; x_wconf 88' lang='lat' dir='ltr'><strong>gare.</strong></span> <span class='ocrx_word' id='word_1_609' title='bbox 2231 3772 2441 3830; x_wconf 66' lang='lat' dir='ltr'><strong>Animae</strong></span> <span class='ocrx_word' id='word_1_610' title='bbox 2472 3790 2602 3830; x_wconf 89' lang='lat' dir='ltr'><strong>vero</strong></span> <span class='ocrx_word' id='word_1_611' title='bbox 2641 3779 2931 3848; x_wconf 87' lang='lat' dir='ltr'><strong>abnegatio</strong></span> <span class='ocrx_word' id='word_1_612' title='bbox 2972 3787 3075 3844; x_wconf 89' lang='lat' dir='ltr'><strong>est,</strong></span> <span class='ocrx_word' id='word_1_613' title='bbox 3116 3782 3449 3836; x_wconf 86' lang='lat' dir='ltr'><strong>voluntatem</strong></span> <span class='ocrx_word' id='word_1_614' title='bbox 3482 3797 3635 3838; x_wconf 90' lang='lat' dir='ltr'><strong>suam</strong></span> 
     </span>
    </p>
   </div>
   <div class='ocr_carea' id='block_1_81' title="bbox 2059 3871 3640 3945">
    <p class='ocr_par' dir='ltr' id='par_1_81' title="bbox 2059 3871 3640 3945">
     <span class='ocr_line' id='line_1_81' title="bbox 2059 3871 3640 3945; baseline 0.007 -26"><span class='ocrx_word' id='word_1_615' title='bbox 2059 3880 2329 3935; x_wconf 84' lang='lat' dir='ltr'><strong>nusquam</strong></span> <span class='ocrx_word' id='word_1_616' title='bbox 2393 3884 2658 3939; x_wconf 65' lang='lat' dir='ltr'><strong>quaerere,</strong></span> <span class='ocrx_word' id='word_1_617' title='bbox 2728 3874 2824 3929; x_wconf 88' lang='lat' dir='ltr'><strong>sed</strong></span> <span class='ocrx_word' id='word_1_618' title='bbox 2880 3871 2974 3928; x_wconf 88' lang='lat' dir='ltr'><strong>Dei</strong></span> <span class='ocrx_word' id='word_1_619' title='bbox 3027 3873 3388 3942; x_wconf 82' lang='lat' dir='ltr'><strong>voluntatem,</strong></span> <span class='ocrx_word' id='word_1_620' title='bbox 3465 3890 3640 3945; x_wconf 86' lang='lat' dir='ltr'><strong>eaque</strong></span> 
     </span>
    </p>
   </div>
   <div class='ocr_carea' id='block_1_82' title="bbox 2056 3959 3717 4041">
    <p class='ocr_par' dir='ltr' id='par_1_82' title="bbox 2056 3959 3717 4041">
     <span class='ocr_line' id='line_1_82' title="bbox 2056 3959 3717 4041; baseline 0.005 -30"><span class='ocrx_word' id='word_1_621' title='bbox 2056 3959 2225 4013; x_wconf 83' lang='lat' dir='ltr'><strong>veluti</strong></span> <span class='ocrx_word' id='word_1_622' title='bbox 2282 3964 2420 4016; x_wconf 85' lang='lat' dir='ltr'><strong>bona</strong></span> <span class='ocrx_word' id='word_1_623' title='bbox 2485 3965 2869 4034; x_wconf 83' lang='lat' dir='ltr'><strong>gubernatrice</strong></span> <span class='ocrx_word' id='word_1_624' title='bbox 2923 3964 3045 4033; x_wconf 89' lang='lat' dir='ltr'><strong>uti;</strong></span> <span class='ocrx_word' id='word_1_625' title='bbox 3108 3979 3232 4036; x_wconf 70' lang='lat' dir='ltr'><strong>quae</strong></span> <span class='ocrx_word' id='word_1_626' title='bbox 3285 3981 3633 4023; x_wconf 88' lang='lat' dir='ltr'><strong>communem</strong></span> <span class='ocrx_word' id='word_1_627' title='bbox 3703 4028 3717 4041; x_wconf 49' lang='grc'><strong>,</strong></span> 
     </span>
    </p>
   </div>
   <div class='ocr_carea' id='block_1_83' title="bbox 2058 4051 3636 4128">
    <p class='ocr_par' dir='ltr' id='par_1_83' title="bbox 2058 4051 3636 4128">
     <span class='ocr_line' id='line_1_83' title="bbox 2058 4051 3636 4128; baseline 0.006 -25"><span class='ocrx_word' id='word_1_628' title='bbox 2058 4051 2415 4111; x_wconf 81' lang='lat' dir='ltr'><strong>fraternitatis</strong></span> <span class='ocrx_word' id='word_1_629' title='bbox 2449 4065 2652 4113; x_wconf 72' lang='lat' dir='ltr'><strong>coetum</strong></span> <span class='ocrx_word' id='word_1_630' title='bbox 2682 4074 2807 4114; x_wconf 79' lang='lat' dir='ltr'><strong>cum</strong></span> <span class='ocrx_word' id='word_1_631' title='bbox 2839 4059 3136 4114; x_wconf 88' lang='lat' dir='ltr'><strong>concordia</strong></span> <span class='ocrx_word' id='word_1_632' title='bbox 3184 4058 3252 4113; x_wconf 87' lang='lat' dir='ltr'><strong>ad</strong></span> <span class='ocrx_word' id='word_1_633' title='bbox 3287 4069 3502 4128; x_wconf 90' lang='lat' dir='ltr'><strong>portum</strong></span> <span class='ocrx_word' id='word_1_634' title='bbox 3549 4060 3636 4113; x_wconf 90' lang='lat' dir='ltr'><strong>di-</strong></span> 
     </span>
    </p>
   </div>
   <div class='ocr_carea' id='block_1_84' title="bbox 2052 4146 3635 4221">
    <p class='ocr_par' dir='ltr' id='par_1_84' title="bbox 2052 4146 3635 4221">
     <span class='ocr_line' id='line_1_84' title="bbox 2052 4146 3635 4221; baseline 0.005 -23"><span class='ocrx_word' id='word_1_635' title='bbox 2052 4146 2193 4200; x_wconf 61' lang='lat' dir='ltr'><strong>vina:</strong></span> <span class='ocrx_word' id='word_1_636' title='bbox 2236 4149 2534 4205; x_wconf 85' lang='lat' dir='ltr'><strong>voluntatis</strong></span> <span class='ocrx_word' id='word_1_637' title='bbox 2565 4151 2753 4221; x_wconf 83' lang='lat' dir='ltr'><strong>dirigit</strong></span> <span class='ocrx_word' id='word_1_638' title='bbox 2785 4168 2800 4217; x_wconf 92' lang='lat'><strong>;</strong></span> <span class='ocrx_word' id='word_1_639' title='bbox 2841 4151 3040 4207; x_wconf 91' lang='lat' dir='ltr'><strong>deinde</strong></span> <span class='ocrx_word' id='word_1_640' title='bbox 3092 4150 3229 4204; x_wconf 84' lang='lat' dir='ltr'><strong>nihil</strong></span> <span class='ocrx_word' id='word_1_641' title='bbox 3257 4151 3362 4204; x_wconf 89' lang='lat' dir='ltr'><strong>nisi</strong></span> <span class='ocrx_word' id='word_1_642' title='bbox 3396 4150 3449 4204; x_wconf 89' lang='lat' dir='ltr'><strong>id</strong></span> <span class='ocrx_word' id='word_1_643' title='bbox 3489 4153 3635 4220; x_wconf 89' lang='lat' dir='ltr'><strong>quod</strong></span> 
     </span>
    </p>
   </div>
   <div class='ocr_carea' id='block_1_85' title="bbox 2056 4241 3634 4312">
    <p class='ocr_par' dir='ltr' id='par_1_85' title="bbox 2056 4241 3634 4312">
     <span class='ocr_line' id='line_1_85' title="bbox 2056 4241 3634 4312; baseline 0.003 -22"><span class='ocrx_word' id='word_1_644' title='bbox 2056 4250 2347 4293; x_wconf 87' lang='lat' dir='ltr'><strong>commune</strong></span> <span class='ocrx_word' id='word_1_645' title='bbox 2374 4248 2458 4296; x_wconf 91' lang='lat' dir='ltr'><strong>est</strong></span> <span class='ocrx_word' id='word_1_646' title='bbox 2484 4242 2804 4311; x_wconf 88' lang='lat' dir='ltr'><strong>possidere,</strong></span> <span class='ocrx_word' id='word_1_647' title='bbox 2832 4249 3198 4312; x_wconf 82' lang='lat' dir='ltr'><strong>praeterquam</strong></span> <span class='ocrx_word' id='word_1_648' title='bbox 3223 4241 3634 4309; x_wconf 83' lang='lat' dir='ltr'><strong>vestimentum,</strong></span> 
     </span>
    </p>
   </div>
   <div class='ocr_carea' id='block_1_86' title="bbox 2051 4330 3634 4402">
    <p class='ocr_par' dir='ltr' id='par_1_86' title="bbox 2051 4330 3634 4402">
     <span class='ocr_line' id='line_1_86' title="bbox 2051 4330 3634 4402; baseline 0.004 -22"><span class='ocrx_word' id='word_1_649' title='bbox 2051 4330 2198 4395; x_wconf 85' lang='lat' dir='ltr'><strong>quod</strong></span> <span class='ocrx_word' id='word_1_650' title='bbox 2229 4342 2427 4399; x_wconf 80' lang='lat' dir='ltr'><strong>corpus</strong></span> <span class='ocrx_word' id='word_1_651' title='bbox 2470 4340 2637 4401; x_wconf 84' lang='lat' dir='ltr'><strong>tegat.</strong></span> <span class='ocrx_word' id='word_1_652' title='bbox 2706 4333 2799 4387; x_wconf 90' lang='lat' dir='ltr'><strong>Sic</strong></span> <span class='ocrx_word' id='word_1_653' title='bbox 2843 4346 3082 4402; x_wconf 86' lang='lat' dir='ltr'><strong>namque</strong></span> <span class='ocrx_word' id='word_1_654' title='bbox 3138 4332 3450 4402; x_wconf 80' lang='lat' dir='ltr'><strong>expeditius</strong></span> <span class='ocrx_word' id='word_1_655' title='bbox 3502 4335 3634 4400; x_wconf 88' lang='lat' dir='ltr'><strong>erit,</strong></span> 
     </span>
    </p>
   </div>
   <div class='ocr_carea' id='block_1_87' title="bbox 2052 4422 3636 4494">
    <p class='ocr_par' dir='ltr' id='par_1_87' title="bbox 2052 4422 3636 4494">
     <span class='ocr_line' id='line_1_87' title="bbox 2052 4422 3636 4494; baseline 0.006 -21"><span class='ocrx_word' id='word_1_656' title='bbox 2052 4422 2199 4489; x_wconf 88' lang='lat' dir='ltr'><strong>quod</strong></span> <span class='ocrx_word' id='word_1_657' title='bbox 2232 4437 2260 4474; x_wconf 90' lang='lat' dir='ltr'><strong>a</strong></span> <span class='ocrx_word' id='word_1_658' title='bbox 2293 4423 2604 4493; x_wconf 64' lang='lat' dir='ltr'><strong>praepositis</strong></span> <span class='ocrx_word' id='word_1_659' title='bbox 2638 4423 2953 4494; x_wconf 89' lang='lat' dir='ltr'><strong>injunctum</strong></span> <span class='ocrx_word' id='word_1_660' title='bbox 2982 4424 3107 4487; x_wconf 86' lang='lat' dir='ltr'><strong>erit,</strong></span> <span class='ocrx_word' id='word_1_661' title='bbox 3135 4438 3260 4478; x_wconf 92' lang='lat' dir='ltr'><strong>cum</strong></span> <span class='ocrx_word' id='word_1_662' title='bbox 3281 4424 3636 4493; x_wconf 88' lang='lat' dir='ltr'><strong>jucunditate</strong></span> 
     </span>
    </p>
   </div>
   <div class='ocr_carea' id='block_1_88' title="bbox 2053 4517 3633 4587">
    <p class='ocr_par' dir='ltr' id='par_1_88' title="bbox 2053 4517 3633 4587">
     <span class='ocr_line' id='line_1_88' title="bbox 2053 4517 3633 4587; baseline 0.003 -17"><span class='ocrx_word' id='word_1_663' title='bbox 2053 4522 2108 4570; x_wconf 91' lang='lat' dir='ltr'><strong>et</strong></span> <span class='ocrx_word' id='word_1_664' title='bbox 2140 4531 2236 4586; x_wconf 89' lang='lat' dir='ltr'><strong>spe</strong></span> <span class='ocrx_word' id='word_1_665' title='bbox 2265 4517 2522 4572; x_wconf 91' lang='lat' dir='ltr'><strong>alacriter</strong></span> <span class='ocrx_word' id='word_1_666' title='bbox 2553 4519 2844 4587; x_wconf 85' lang='lat' dir='ltr'><strong>perficere,</strong></span> <span class='ocrx_word' id='word_1_667' title='bbox 2881 4529 2941 4573; x_wconf 92' lang='lat' dir='ltr'><strong>ut</strong></span> <span class='ocrx_word' id='word_1_668' title='bbox 2980 4533 3199 4573; x_wconf 88' lang='lat' dir='ltr'><strong>servum</strong></span> <span class='ocrx_word' id='word_1_669' title='bbox 3231 4518 3460 4584; x_wconf 87' lang='lat' dir='ltr'><strong>Christi,</strong></span> <span class='ocrx_word' id='word_1_670' title='bbox 3489 4532 3542 4577; x_wconf 91' lang='lat' dir='ltr'><strong>ct</strong></span> <span class='ocrx_word' id='word_1_671' title='bbox 3567 4522 3633 4578; x_wconf 86' lang='lat' dir='ltr'><strong>ad</strong></span> 
     </span>
    </p>
   </div>
   <div class='ocr_carea' id='block_1_89' title="bbox 2052 4610 3632 4682">
    <p class='ocr_par' dir='ltr' id='par_1_89' title="bbox 2052 4610 3632 4682">
     <span class='ocr_line' id='line_1_89' title="bbox 2052 4610 3632 4682; baseline 0.003 -20"><span class='ocrx_word' id='word_1_672' title='bbox 2052 4622 2397 4664; x_wconf 88' lang='lat' dir='ltr'><strong>communem</strong></span> <span class='ocrx_word' id='word_1_673' title='bbox 2435 4610 2666 4666; x_wconf 88' lang='lat' dir='ltr'><strong>fratrum</strong></span> <span class='ocrx_word' id='word_1_674' title='bbox 2718 4627 2878 4666; x_wconf 91' lang='lat' dir='ltr'><strong>usum</strong></span> <span class='ocrx_word' id='word_1_675' title='bbox 2917 4612 3281 4682; x_wconf 86' lang='lat' dir='ltr'><strong>redemptum.</strong></span> <span class='ocrx_word' id='word_1_676' title='bbox 3341 4610 3456 4667; x_wconf 81' lang='lat' dir='ltr'><strong>Hoc</strong></span> <span class='ocrx_word' id='word_1_677' title='bbox 3486 4614 3632 4669; x_wconf 89' lang='lat' dir='ltr'><strong>enim</strong></span> 
     </span>
    </p>
   </div>
   <div class='ocr_carea' id='block_1_90' title="bbox 363 4673 1948 4769">
    <p class='ocr_par' dir='ltr' id='par_1_90' title="bbox 363 4673 1946 4749">
     <span class='ocr_line' id='line_1_90' title="bbox 363 4673 1946 4749; baseline 0.001 -19"><span class='ocrx_word' id='word_1_678' title='bbox 363 4677 507 4730; x_wconf 72' lang='grc' dir='ltr'>ἔστω</span> <span class='ocrx_word' id='word_1_679' title='bbox 539 4678 752 4731; x_wconf 76' lang='grc' dir='ltr'>πάντων</span> <span class='ocrx_word' id='word_1_680' title='bbox 780 4676 1028 4747; x_wconf 77' lang='grc' dir='ltr'>ἔσχατος,</span> <span class='ocrx_word' id='word_1_681' title='bbox 1071 4678 1167 4730; x_wconf 77' lang='grc' dir='ltr'>καὶ</span> <span class='ocrx_word' id='word_1_682' title='bbox 1204 4677 1424 4730; x_wconf 84' lang='grc' dir='ltr'>πάντων</span> <span class='ocrx_word' id='word_1_683' title='bbox 1452 4673 1658 4739; x_wconf 89' lang='grc' dir='ltr'>δοῦλος.</span> <span class='ocrx_word' id='word_1_684' title='bbox 1685 4694 1704 4728; x_wconf 74' lang='grc' dir='ltr'><strong>ι</strong></span> <span class='ocrx_word' id='word_1_685' title='bbox 1743 4676 1861 4749; x_wconf 79' lang='grc' dir='ltr'><strong>Χρὴ</strong></span> <span class='ocrx_word' id='word_1_686' title='bbox 1889 4678 1946 4732; x_wconf 87' lang='grc' dir='ltr'>δὲ</span> 
     </span>
    </p>
   </div>
   <div class='ocr_carea' id='block_1_91' title="bbox 2057 4673 3636 4769">
    <p class='ocr_par' dir='ltr' id='par_1_91' title="bbox 2057 4699 3636 4769">
     <span class='ocr_line' id='line_1_91' title="bbox 2057 4699 3636 4769; baseline 0.004 -17"><span class='ocrx_word' id='word_1_687' title='bbox 2057 4699 2170 4753; x_wconf 89' lang='lat' dir='ltr'><strong>vult</strong></span> <span class='ocrx_word' id='word_1_688' title='bbox 2211 4701 2376 4755; x_wconf 87' lang='lat' dir='ltr'><strong>etiam</strong></span> <span class='ocrx_word' id='word_1_689' title='bbox 2411 4700 2700 4768; x_wconf 87' lang='lat' dir='ltr'><strong>Dominus,</strong></span> <span class='ocrx_word' id='word_1_690' title='bbox 2737 4719 2862 4757; x_wconf 91' lang='lat' dir='ltr'><strong>cum</strong></span> <span class='ocrx_word' id='word_1_691' title='bbox 2920 4705 3038 4758; x_wconf 88' lang='lat' dir='ltr'><strong>ait:</strong></span> <span class='ocrx_word' id='word_1_692' title='bbox 3085 4722 3105 4755; x_wconf 76' lang='grc' dir='ltr'><strong>ι</strong></span> <span class='ocrx_word' id='word_1_693' title='bbox 3153 4702 3258 4769; x_wconf 84' lang='lat' dir='ltr'><strong>Qui</strong></span> <span class='ocrx_word' id='word_1_694' title='bbox 3304 4704 3421 4758; x_wconf 84' lang='lat' dir='ltr'><strong>vult</strong></span> <span class='ocrx_word' id='word_1_695' title='bbox 3489 4704 3636 4760; x_wconf 88' lang='lat' dir='ltr'><strong>inter</strong></span> 
     </span>
    </p>
   </div>
   <div class='ocr_carea' id='block_1_92' title="bbox 362 4766 1942 4839">
    <p class='ocr_par' dir='ltr' id='par_1_92' title="bbox 362 4766 1942 4839">
     <span class='ocr_line' id='line_1_92' title="bbox 362 4766 1942 4839; baseline 0.002 -18"><span class='ocrx_word' id='word_1_696' title='bbox 362 4767 464 4838; x_wconf 80' lang='grc' dir='ltr'>τὴν</span> <span class='ocrx_word' id='word_1_697' title='bbox 499 4767 753 4839; x_wconf 84' lang='grc' dir='ltr'>τοιαύτην</span> <span class='ocrx_word' id='word_1_698' title='bbox 777 4768 1022 4822; x_wconf 82' lang='grc' dir='ltr'>δουλείαν</span> <span class='ocrx_word' id='word_1_699' title='bbox 1054 4768 1204 4838; x_wconf 84' lang='grc' dir='ltr'><strong>παρά</strong></span> <span class='ocrx_word' id='word_1_700' title='bbox 1230 4770 1342 4830; x_wconf 86' lang='grc' dir='ltr'>τοῖς</span> <span class='ocrx_word' id='word_1_701' title='bbox 1369 4766 1676 4838; x_wconf 86' lang='grc' dir='ltr'>ἀνθρώποις</span> <span class='ocrx_word' id='word_1_702' title='bbox 1709 4769 1942 4839; x_wconf 81' lang='grc' dir='ltr'>ἄμισθον</span> 
     </span>
    </p>
   </div>
   <div class='ocr_carea' id='block_1_93' title="bbox 365 4858 1942 4930">
    <p class='ocr_par' dir='ltr' id='par_1_93' title="bbox 365 4858 1942 4930">
     <span class='ocr_line' id='line_1_93' title="bbox 365 4858 1942 4930; baseline 0.001 -16"><span class='ocrx_word' id='word_1_703' title='bbox 365 4858 507 4915; x_wconf 75' lang='grc' dir='ltr'>εἶναι</span> <span class='ocrx_word' id='word_1_704' title='bbox 524 4900 538 4924; x_wconf 94' lang='grc'><strong>,</strong></span> <span class='ocrx_word' id='word_1_705' title='bbox 565 4862 662 4915; x_wconf 72' lang='grc' dir='ltr'>καὶ</span> <span class='ocrx_word' id='word_1_706' title='bbox 690 4861 896 4930; x_wconf 84' lang='grc' dir='ltr'>ὀφείλει</span> <span class='ocrx_word' id='word_1_707' title='bbox 915 4863 944 4915; x_wconf 89' lang='lat'><strong>6</strong></span> <span class='ocrx_word' id='word_1_708' title='bbox 969 4860 1211 4923; x_wconf 83' lang='grc' dir='ltr'>τοιοῦτος</span> <span class='ocrx_word' id='word_1_709' title='bbox 1243 4859 1608 4930; x_wconf 83' lang='grc' dir='ltr'>ὑποτετάχθαι</span> <span class='ocrx_word' id='word_1_710' title='bbox 1637 4863 1772 4916; x_wconf 78' lang='grc' dir='ltr'>πᾶσι</span> <span class='ocrx_word' id='word_1_711' title='bbox 1793 4902 1807 4925; x_wconf 84' lang='grc'><strong>,</strong></span> <span class='ocrx_word' id='word_1_712' title='bbox 1845 4863 1942 4919; x_wconf 81' lang='grc' dir='ltr'>καὶ</span> 
     </span>
    </p>
   </div>
   <div class='ocr_carea' id='block_1_94' title="bbox 364 4949 1939 5026">
    <p class='ocr_par' dir='ltr' id='par_1_94' title="bbox 364 4949 1939 5026">
     <span class='ocr_line' id='line_1_94' title="bbox 364 4949 1939 5026; baseline 0.004 -22"><span class='ocrx_word' id='word_1_713' title='bbox 364 4949 617 5021; x_wconf 80' lang='grc' dir='ltr'>καθάπερ</span> <span class='ocrx_word' id='word_1_714' title='bbox 648 4951 861 5005; x_wconf 86' lang='grc' dir='ltr'>δανείου</span> <span class='ocrx_word' id='word_1_715' title='bbox 885 4949 1166 5022; x_wconf 83' lang='grc' dir='ltr'>χρεώστης</span> <span class='ocrx_word' id='word_1_716' title='bbox 1189 4951 1485 5021; x_wconf 85' lang='grc' dir='ltr'>θεραπεύει</span> <span class='ocrx_word' id='word_1_717' title='bbox 1506 4957 1632 5020; x_wconf 80' lang='grc' dir='ltr'>τοὺς</span> <span class='ocrx_word' id='word_1_718' title='bbox 1656 4956 1939 5026; x_wconf 84' lang='grc' dir='ltr'>ἀδελφούς.</span> 
     </span>
    </p>
   </div>
   <div class='ocr_carea' id='block_1_95' title="bbox 362 5044 1940 5121">
    <p class='ocr_par' dir='ltr' id='par_1_95' title="bbox 362 5044 1940 5121">
     <span class='ocr_line' id='line_1_95' title="bbox 362 5044 1940 5121; baseline 0.006 -23"><span class='ocrx_word' id='word_1_719' title='bbox 362 5044 485 5115; x_wconf 80' lang='grc' dir='ltr'><strong>Χρὴ</strong></span> <span class='ocrx_word' id='word_1_720' title='bbox 522 5044 578 5097; x_wconf 79' lang='grc' dir='ltr'>δὲ</span> <span class='ocrx_word' id='word_1_721' title='bbox 611 5046 706 5097; x_wconf 78' lang='grc' dir='ltr'>καὶ</span> <span class='ocrx_word' id='word_1_722' title='bbox 740 5044 868 5108; x_wconf 83' lang='grc' dir='ltr'>τοὺς</span> <span class='ocrx_word' id='word_1_723' title='bbox 898 5044 1250 5115; x_wconf 83' lang='grc' dir='ltr'>προεστῶτας</span> <span class='ocrx_word' id='word_1_724' title='bbox 1283 5045 1378 5100; x_wconf 87' lang='grc' dir='ltr'><strong>τοῦ</strong></span> <span class='ocrx_word' id='word_1_725' title='bbox 1410 5051 1785 5121; x_wconf 83' lang='grc' dir='ltr'>πνευματικοῦ</span> <span class='ocrx_word' id='word_1_726' title='bbox 1812 5052 1940 5107; x_wconf 86' lang='grc' dir='ltr'>τού-</span> 
     </span>
    </p>
   </div>
   <div class='ocr_carea' id='block_1_96' title="bbox 360 5134 1941 5215">
    <p class='ocr_par' dir='ltr' id='par_1_96' title="bbox 360 5134 1941 5215">
     <span class='ocr_line' id='line_1_96' title="bbox 360 5134 1941 5215; baseline -0.009 -7"><span class='ocrx_word' id='word_1_727' title='bbox 360 5152 459 5188; x_wconf 79' lang='grc' dir='ltr'><strong>του</strong></span> <span class='ocrx_word' id='word_1_728' title='bbox 490 5134 674 5206; x_wconf 61' lang='grc' dir='ltr'><strong>Χοροῦ,</strong></span> <span class='ocrx_word' id='word_1_729' title='bbox 697 5135 816 5190; x_wconf 65' lang='grc' dir='ltr'><strong>τότε</strong></span> <span class='ocrx_word' id='word_1_730' title='bbox 845 5135 1070 5206; x_wconf 78' lang='grc' dir='ltr'>μέγεθος</span> <span class='ocrx_word' id='word_1_731' title='bbox 1089 5137 1191 5207; x_wconf 81' lang='grc' dir='ltr'>τῆς</span> <span class='ocrx_word' id='word_1_732' title='bbox 1210 5136 1391 5192; x_wconf 67' lang='grc' dir='ltr'>αὐτῶν</span> <span class='ocrx_word' id='word_1_733' title='bbox 1413 5141 1750 5207; x_wconf 86' lang='grc' dir='ltr'>σκοποῦντας</span> <span class='ocrx_word' id='word_1_734' title='bbox 1774 5161 1941 5215; x_wconf 87' lang='grc' dir='ltr'>φρον-</span> 
     </span>
    </p>
   </div>
   <div class='ocr_carea' id='block_1_97' title="bbox 361 5227 1939 5305">
    <p class='ocr_par' dir='ltr' id='par_1_97' title="bbox 361 5227 1939 5305">
     <span class='ocr_line' id='line_1_97' title="bbox 361 5227 1939 5305; baseline 0.007 -26"><span class='ocrx_word' id='word_1_735' title='bbox 361 5227 528 5292; x_wconf 87' lang='grc' dir='ltr'>τίδος,</span> <span class='ocrx_word' id='word_1_736' title='bbox 563 5227 658 5280; x_wconf 69' lang='grc' dir='ltr'>καὶ</span> <span class='ocrx_word' id='word_1_737' title='bbox 671 5230 768 5298; x_wconf 61' lang='grc' dir='ltr'>τῆς</span> <span class='ocrx_word' id='word_1_738' title='bbox 791 5227 1186 5299; x_wconf 79' lang='grc' dir='ltr'>ὲφεδρευούσης</span> <span class='ocrx_word' id='word_1_739' title='bbox 1205 5229 1305 5299; x_wconf 76' lang='grc' dir='ltr'>τὴν</span> <span class='ocrx_word' id='word_1_740' title='bbox 1330 5229 1512 5285; x_wconf 86' lang='grc' dir='ltr'>πίστιν</span> <span class='ocrx_word' id='word_1_741' title='bbox 1534 5234 1733 5298; x_wconf 88' lang='grc' dir='ltr'>κακίας</span> <span class='ocrx_word' id='word_1_742' title='bbox 1756 5238 1773 5256; x_wconf 82' lang='grc'><strong>’</strong></span> <span class='ocrx_word' id='word_1_743' title='bbox 1804 5236 1939 5305; x_wconf 56' lang='grc' dir='ltr'>λογι.</span> 
     </span>
    </p>
   </div>
   <div class='ocr_carea' id='block_1_98' title="bbox 363 5320 1940 5397">
    <p class='ocr_par' dir='ltr' id='par_1_98' title="bbox 363 5320 1940 5397">
     <span class='ocr_line' id='line_1_98' title="bbox 363 5320 1940 5397; baseline 0.006 -24"><span class='ocrx_word' id='word_1_744' title='bbox 363 5320 601 5391; x_wconf 82' lang='grc' dir='ltr'>ζομένης</span> <span class='ocrx_word' id='word_1_745' title='bbox 630 5322 727 5385; x_wconf 84' lang='grc' dir='ltr'>τὰς</span> <span class='ocrx_word' id='word_1_746' title='bbox 764 5322 961 5393; x_wconf 79' lang='grc' dir='ltr'>τέχνας</span> <span class='ocrx_word' id='word_1_747' title='bbox 988 5322 1154 5389; x_wconf 75' lang='grc' dir='ltr'>ἀξίως</span> <span class='ocrx_word' id='word_1_748' title='bbox 1182 5323 1282 5393; x_wconf 83' lang='grc' dir='ltr'>τῆς</span> <span class='ocrx_word' id='word_1_749' title='bbox 1325 5325 1644 5391; x_wconf 82' lang='grc' dir='ltr'>ἐπιστασίας</span> <span class='ocrx_word' id='word_1_750' title='bbox 1675 5331 1940 5397; x_wconf 76' lang='grc' dir='ltr'>ἀγωνίζε-</span> 
     </span>
    </p>
   </div>
   <div class='ocr_carea' id='block_1_99' title="bbox 362 5413 1941 5493">
    <p class='ocr_par' dir='ltr' id='par_1_99' title="bbox 362 5413 1941 5493">
     <span class='ocr_line' id='line_1_99' title="bbox 362 5413 1941 5493; baseline 0.008 -28"><span class='ocrx_word' id='word_1_751' title='bbox 362 5414 489 5481; x_wconf 72' lang='grc' dir='ltr'>σθαι</span> <span class='ocrx_word' id='word_1_752' title='bbox 510 5453 524 5477; x_wconf 93' lang='grc'><strong>,</strong></span> <span class='ocrx_word' id='word_1_753' title='bbox 561 5413 655 5466; x_wconf 74' lang='grc' dir='ltr'>καὶ</span> <span class='ocrx_word' id='word_1_754' title='bbox 692 5415 764 5484; x_wconf 80' lang='grc' dir='ltr'>μὴ</span> <span class='ocrx_word' id='word_1_755' title='bbox 796 5413 933 5485; x_wconf 83' lang='grc' dir='ltr'>πρὸς</span> <span class='ocrx_word' id='word_1_756' title='bbox 972 5414 1070 5484; x_wconf 84' lang='grc' dir='ltr'>τὴν</span> <span class='ocrx_word' id='word_1_757' title='bbox 1096 5413 1347 5479; x_wconf 70' lang='grc' dir='ltr'>ἐξουσίαν</span> <span class='ocrx_word' id='word_1_758' title='bbox 1371 5416 1546 5487; x_wconf 83' lang='grc' dir='ltr'>αἴρειν</span> <span class='ocrx_word' id='word_1_759' title='bbox 1570 5420 1631 5472; x_wconf 85' lang='grc' dir='ltr'><strong>τδ</strong></span> <span class='ocrx_word' id='word_1_760' title='bbox 1664 5421 1941 5493; x_wconf 86' lang='grc' dir='ltr'>φρόνημα.</span> 
     </span>
    </p>
   </div>
   <div class='ocr_carea' id='block_1_100' title="bbox 359 5504 1945 5577">
    <p class='ocr_par' dir='ltr' id='par_1_100' title="bbox 359 5504 1945 5577">
     <span class='ocr_line' id='line_1_100' title="bbox 359 5504 1945 5577; baseline 0.007 -21"><span class='ocrx_word' id='word_1_761' title='bbox 359 5504 453 5556; x_wconf 91' lang='grc' dir='ltr'>Δεῖ</span> <span class='ocrx_word' id='word_1_762' title='bbox 472 5504 582 5575; x_wconf 78' lang='grc' dir='ltr'>γὰρ</span> <span class='ocrx_word' id='word_1_763' title='bbox 607 5505 663 5556; x_wconf 87' lang='grc' dir='ltr'>ὲν</span> <span class='ocrx_word' id='word_1_764' title='bbox 683 5507 749 5576; x_wconf 82' lang='grc' dir='ltr'>τῇ</span> <span class='ocrx_word' id='word_1_765' title='bbox 782 5505 1074 5577; x_wconf 74' lang='grc' dir='ltr'>ἐπιστασίᾳ</span> <span class='ocrx_word' id='word_1_766' title='bbox 1100 5505 1324 5576; x_wconf 76' lang='grc' dir='ltr'>μείζονα</span> <span class='ocrx_word' id='word_1_767' title='bbox 1356 5508 1453 5577; x_wconf 82' lang='grc' dir='ltr'>μὲν</span> <span class='ocrx_word' id='word_1_768' title='bbox 1474 5508 1584 5561; x_wconf 84' lang='grc' dir='ltr'><strong>τῶν</strong></span> <span class='ocrx_word' id='word_1_769' title='bbox 1608 5509 1784 5564; x_wconf 81' lang='grc' dir='ltr'>ἄλλων</span> <span class='ocrx_word' id='word_1_770' title='bbox 1816 5514 1945 5577; x_wconf 78' lang='grc' dir='ltr'>τοὺς</span> 
     </span>
    </p>
   </div>
   <div class='ocr_carea' id='block_1_101' title="bbox 363 5594 1945 5674">
    <p class='ocr_par' dir='ltr' id='par_1_101' title="bbox 363 5594 1945 5674">
     <span class='ocr_line' id='line_1_101' title="bbox 363 5594 1945 5674; baseline 0.007 -25"><span class='ocrx_word' id='word_1_771' title='bbox 363 5594 718 5668; x_wconf 84' lang='grc' dir='ltr'>προεστῶτας</span> <span class='ocrx_word' id='word_1_772' title='bbox 740 5598 923 5650; x_wconf 88' lang='grc' dir='ltr'>πονεῖν</span> <span class='ocrx_word' id='word_1_773' title='bbox 943 5638 958 5663; x_wconf 90' lang='grc'><strong>,</strong></span> <span class='ocrx_word' id='word_1_774' title='bbox 986 5598 1271 5651; x_wconf 85' lang='grc' dir='ltr'>ταπεινοτέ</span> <span class='ocrx_word' id='word_1_775' title='bbox 1281 5615 1386 5669; x_wconf 87' lang='grc' dir='ltr'><strong>ρως</strong></span> <span class='ocrx_word' id='word_1_776' title='bbox 1418 5599 1474 5654; x_wconf 77' lang='grc' dir='ltr'>δὲ</span> <span class='ocrx_word' id='word_1_777' title='bbox 1494 5601 1602 5655; x_wconf 86' lang='grc' dir='ltr'><strong>τῶν</strong></span> <span class='ocrx_word' id='word_1_778' title='bbox 1627 5603 1945 5674; x_wconf 84' lang='grc' dir='ltr'>ἀρχομένων</span> 
     </span>
    </p>
   </div>
   <div class='ocr_carea' id='block_1_102' title="bbox 356 5685 1941 5766">
    <p class='ocr_par' dir='ltr' id='par_1_102' title="bbox 356 5685 1941 5766">
     <span class='ocr_line' id='line_1_102' title="bbox 356 5685 1941 5766; baseline 0.008 -29"><span class='ocrx_word' id='word_1_779' title='bbox 356 5688 602 5758; x_wconf 85' lang='grc' dir='ltr'>φρονεῖν,</span> <span class='ocrx_word' id='word_1_780' title='bbox 629 5687 724 5742; x_wconf 73' lang='grc' dir='ltr'><strong>καὶ</strong></span> <span class='ocrx_word' id='word_1_781' title='bbox 760 5685 930 5740; x_wconf 84' lang='grc' dir='ltr'>τύπον</span> <span class='ocrx_word' id='word_1_782' title='bbox 956 5686 1142 5743; x_wconf 86' lang='grc' dir='ltr'>δούλου</span> <span class='ocrx_word' id='word_1_783' title='bbox 1175 5687 1266 5741; x_wconf 77' lang='grc' dir='ltr'>τὸν</span> <span class='ocrx_word' id='word_1_784' title='bbox 1290 5689 1502 5743; x_wconf 80' lang='grc' dir='ltr'>ἑαυτῶν</span> <span class='ocrx_word' id='word_1_785' title='bbox 1524 5689 1642 5758; x_wconf 86' lang='grc' dir='ltr'>βίον</span> <span class='ocrx_word' id='word_1_786' title='bbox 1675 5695 1941 5766; x_wconf 82' lang='grc' dir='ltr'>παρέχειν</span> 
     </span>
    </p>
   </div>
   <div class='ocr_carea' id='block_1_103' title="bbox 444 5856 1710 5929">
    <p class='ocr_par' dir='ltr' id='par_1_103' title="bbox 444 5856 1710 5929">
     <span class='ocr_line' id='line_1_103' title="bbox 444 5856 1710 5929; baseline 0.006 -18"><span class='ocrx_word' id='word_1_787' title='bbox 444 5858 495 5891; x_wconf 86' lang='grc'><strong>³²</strong></span> <span class='ocrx_word' id='word_1_788' title='bbox 519 5856 689 5914; x_wconf 80' lang='lat' dir='ltr'><strong>Hebr.</strong></span> <span class='ocrx_word' id='word_1_789' title='bbox 743 5876 843 5927; x_wconf 77' lang='lat' dir='ltr'><strong>xu,</strong></span> <span class='ocrx_word' id='word_1_790' title='bbox 912 5860 966 5923; x_wconf 75' lang='grc'>1,</span> <span class='ocrx_word' id='word_1_791' title='bbox 1008 5860 1061 5915; x_wconf 73' lang='lat'><strong>2.</strong></span> <span class='ocrx_word' id='word_1_792' title='bbox 1147 5861 1193 5894; x_wconf 83' lang='grc'><strong>⁸³</strong></span> <span class='ocrx_word' id='word_1_793' title='bbox 1220 5863 1408 5919; x_wconf 82' lang='lat' dir='ltr'><strong>Matth.</strong></span> <span class='ocrx_word' id='word_1_794' title='bbox 1452 5879 1578 5929; x_wconf 76' lang='lat' dir='ltr'><strong>xxv,</strong></span> <span class='ocrx_word' id='word_1_795' title='bbox 1625 5865 1710 5922; x_wconf 81' lang='grc'>11.</span> 
     </span>
    </p>
   </div>
   <div class='ocr_carea' id='block_1_104' title="bbox 600 5952 1280 6018">
    <p class='ocr_par' dir='ltr' id='par_1_104' title="bbox 600 5952 1280 6018">
     <span class='ocr_line' id='line_1_104' title="bbox 600 5952 1280 6018; baseline 0.006 -4"><span class='ocrx_word' id='word_1_796' title='bbox 600 5952 879 6016; x_wconf 75' lang='grc' dir='ltr'>ΡΑτιιοι..</span> <span class='ocrx_word' id='word_1_797' title='bbox 912 5957 1028 6017; x_wconf 80' lang='lat' dir='ltr'><strong>Gn.</strong></span> <span class='ocrx_word' id='word_1_798' title='bbox 1064 5957 1280 6018; x_wconf 80' lang='lat' dir='ltr'><strong>XLVI.</strong></span> 
     </span>
    </p>
   </div>
   <div class='ocr_carea' id='block_1_105' title="bbox 2050 4792 3631 4867">
    <p class='ocr_par' dir='ltr' id='par_1_105' title="bbox 2050 4792 3631 4867">
     <span class='ocr_line' id='line_1_105' title="bbox 2050 4792 3631 4867; baseline 0.007 -25"><span class='ocrx_word' id='word_1_799' title='bbox 2050 4805 2150 4845; x_wconf 88' lang='lat' dir='ltr'><strong>vos</strong></span> <span class='ocrx_word' id='word_1_800' title='bbox 2175 4792 2388 4861; x_wconf 89' lang='lat' dir='ltr'><strong>primus</strong></span> <span class='ocrx_word' id='word_1_801' title='bbox 2410 4801 2466 4849; x_wconf 86' lang='lat' dir='ltr'><strong>et</strong></span> <span class='ocrx_word' id='word_1_802' title='bbox 2489 4809 2723 4866; x_wconf 85' lang='lat' dir='ltr'><strong>magnus</strong></span> <span class='ocrx_word' id='word_1_803' title='bbox 2747 4811 2893 4864; x_wconf 87' lang='lat' dir='ltr'><strong>esse,</strong></span> <span class='ocrx_word' id='word_1_804' title='bbox 2919 4797 3164 4851; x_wconf 92' lang='lat' dir='ltr'><strong>omnium</strong></span> <span class='ocrx_word' id='word_1_805' title='bbox 3194 4799 3267 4854; x_wconf 91' lang='lat' dir='ltr'><strong>sit</strong></span> <span class='ocrx_word' id='word_1_806' title='bbox 3297 4804 3631 4867; x_wconf 87' lang='lat' dir='ltr'><strong>postremus.</strong></span> 
     </span>
    </p>
   </div>
   <div class='ocr_carea' id='block_1_106' title="bbox 2045 4884 3630 4957">
    <p class='ocr_par' dir='ltr' id='par_1_106' title="bbox 2045 4884 3630 4957">
     <span class='ocr_line' id='line_1_106' title="bbox 2045 4884 3630 4957; baseline 0.002 -20"><span class='ocrx_word' id='word_1_807' title='bbox 2045 4891 2101 4937; x_wconf 89' lang='lat' dir='ltr'><strong>et</strong></span> <span class='ocrx_word' id='word_1_808' title='bbox 2127 4884 2372 4938; x_wconf 90' lang='lat' dir='ltr'><strong>omnium</strong></span> <span class='ocrx_word' id='word_1_809' title='bbox 2409 4900 2601 4941; x_wconf 80' lang='lat' dir='ltr'><strong>servus</strong></span> <span class='ocrx_word' id='word_1_810' title='bbox 2622 4888 2688 4943; x_wconf 83' lang='grc'><strong>⁸³.</strong></span> <span class='ocrx_word' id='word_1_811' title='bbox 2722 4907 2741 4939; x_wconf 76' lang='grc' dir='ltr'><strong>ι</strong></span> <span class='ocrx_word' id='word_1_812' title='bbox 2774 4887 2976 4942; x_wconf 77' lang='lat' dir='ltr'><strong>Verum</strong></span> <span class='ocrx_word' id='word_1_813' title='bbox 3008 4888 3278 4957; x_wconf 84' lang='lat' dir='ltr'><strong>ejusmodi</strong></span> <span class='ocrx_word' id='word_1_814' title='bbox 3314 4887 3630 4942; x_wconf 89' lang='lat' dir='ltr'><strong>servitutem</strong></span> 
     </span>
    </p>
   </div>
   <div class='ocr_carea' id='block_1_107' title="bbox 2046 4974 3631 5051">
    <p class='ocr_par' dir='ltr' id='par_1_107' title="bbox 2046 4974 3631 5051">
     <span class='ocr_line' id='line_1_107' title="bbox 2046 4974 3631 5051; baseline 0.004 -23"><span class='ocrx_word' id='word_1_815' title='bbox 2046 4974 2189 5044; x_wconf 87' lang='lat' dir='ltr'><strong>apud</strong></span> <span class='ocrx_word' id='word_1_816' title='bbox 2228 4977 2477 5032; x_wconf 90' lang='lat' dir='ltr'><strong>homines</strong></span> <span class='ocrx_word' id='word_1_817' title='bbox 2505 4981 2802 5048; x_wconf 87' lang='lat' dir='ltr'><strong>gratuitam</strong></span> <span class='ocrx_word' id='word_1_818' title='bbox 2834 4996 2957 5036; x_wconf 88' lang='lat' dir='ltr'><strong>esse</strong></span> <span class='ocrx_word' id='word_1_819' title='bbox 3003 4988 3242 5051; x_wconf 91' lang='lat' dir='ltr'><strong>oportet,</strong></span> <span class='ocrx_word' id='word_1_820' title='bbox 3290 4987 3345 5034; x_wconf 91' lang='lat' dir='ltr'><strong>et</strong></span> <span class='ocrx_word' id='word_1_821' title='bbox 3377 4980 3471 5048; x_wconf 89' lang='lat' dir='ltr'><strong>qui</strong></span> <span class='ocrx_word' id='word_1_822' title='bbox 3505 4979 3631 5035; x_wconf 88' lang='lat' dir='ltr'><strong>talis</strong></span> 
     </span>
    </p>
   </div>
   <div class='ocr_carea' id='block_1_108' title="bbox 2045 5068 3631 5140">
    <p class='ocr_par' dir='ltr' id='par_1_108' title="bbox 2045 5068 3631 5140">
     <span class='ocr_line' id='line_1_108' title="bbox 2045 5068 3631 5140; baseline 0.003 -21"><span class='ocrx_word' id='word_1_823' title='bbox 2045 5073 2151 5131; x_wconf 87' lang='lat' dir='ltr'><strong>est,</strong></span> <span class='ocrx_word' id='word_1_824' title='bbox 2181 5068 2437 5124; x_wconf 88' lang='lat' dir='ltr'><strong>omnibus</strong></span> <span class='ocrx_word' id='word_1_825' title='bbox 2458 5070 2620 5125; x_wconf 88' lang='lat' dir='ltr'><strong>debet</strong></span> <span class='ocrx_word' id='word_1_826' title='bbox 2650 5071 2871 5140; x_wconf 89' lang='lat' dir='ltr'><strong>subjici,</strong></span> <span class='ocrx_word' id='word_1_827' title='bbox 2906 5087 2970 5126; x_wconf 90' lang='lat' dir='ltr'><strong>ac</strong></span> <span class='ocrx_word' id='word_1_828' title='bbox 2989 5071 3156 5126; x_wconf 87' lang='lat' dir='ltr'><strong>veluti</strong></span> <span class='ocrx_word' id='word_1_829' title='bbox 3192 5085 3374 5126; x_wconf 68' lang='lat' dir='ltr'><strong>usura;</strong></span> <span class='ocrx_word' id='word_1_830' title='bbox 3404 5069 3631 5124; x_wconf 87' lang='lat' dir='ltr'><strong>debitor</strong></span> 
     </span>
    </p>
   </div>
   <div class='ocr_carea' id='block_1_109' title="bbox 2044 5155 3631 5230">
    <p class='ocr_par' dir='ltr' id='par_1_109' title="bbox 2044 5155 3631 5230">
     <span class='ocr_line' id='line_1_109' title="bbox 2044 5155 3631 5230; baseline 0.002 -21"><span class='ocrx_word' id='word_1_831' title='bbox 2044 5155 2309 5214; x_wconf 79' lang='lat' dir='ltr'><strong>fratribus</strong></span> <span class='ocrx_word' id='word_1_832' title='bbox 2340 5161 2626 5215; x_wconf 86' lang='lat' dir='ltr'><strong>inservire.</strong></span> <span class='ocrx_word' id='word_1_833' title='bbox 2668 5162 2750 5216; x_wconf 88' lang='lat' dir='ltr'><strong>Ad</strong></span> <span class='ocrx_word' id='word_1_834' title='bbox 2784 5162 2900 5216; x_wconf 72' lang='lat' dir='ltr'><strong>haec</strong></span> <span class='ocrx_word' id='word_1_835' title='bbox 2934 5176 3033 5217; x_wconf 88' lang='lat' dir='ltr'><strong>eos</strong></span> <span class='ocrx_word' id='word_1_836' title='bbox 3076 5162 3170 5230; x_wconf 88' lang='lat' dir='ltr'><strong>qui</strong></span> <span class='ocrx_word' id='word_1_837' title='bbox 3198 5160 3325 5215; x_wconf 89' lang='lat' dir='ltr'><strong>huic</strong></span> <span class='ocrx_word' id='word_1_838' title='bbox 3359 5160 3631 5229; x_wconf 86' lang='lat' dir='ltr'><strong>spirituali</strong></span> 
     </span>
    </p>
   </div>
   <div class='ocr_carea' id='block_1_110' title="bbox 2038 5248 3630 5324">
    <p class='ocr_par' dir='ltr' id='par_1_110' title="bbox 2038 5248 3630 5324">
     <span class='ocr_line' id='line_1_110' title="bbox 2038 5248 3630 5324; baseline 0.003 -22"><span class='ocrx_word' id='word_1_839' title='bbox 2038 5248 2217 5303; x_wconf 79' lang='lat' dir='ltr'><strong>choro</strong></span> <span class='ocrx_word' id='word_1_840' title='bbox 2246 5251 2643 5320; x_wconf 74' lang='lat' dir='ltr'><strong>praeficiuntur,</strong></span> <span class='ocrx_word' id='word_1_841' title='bbox 2693 5254 3133 5324; x_wconf 83' lang='lat' dir='ltr'><strong>magnitudinem</strong></span> <span class='ocrx_word' id='word_1_842' title='bbox 3168 5267 3281 5307; x_wconf 61' lang='lat' dir='ltr'><strong>sua:</strong></span> <span class='ocrx_word' id='word_1_843' title='bbox 3313 5267 3461 5307; x_wconf 65' lang='lat' dir='ltr'><strong>cura:</strong></span> <span class='ocrx_word' id='word_1_844' title='bbox 3493 5267 3630 5306; x_wconf 79' lang='lat' dir='ltr'><strong>con-</strong></span> 
     </span>
    </p>
   </div>
   <div class='ocr_carea' id='block_1_111' title="bbox 2050 5338 3629 5416">
    <p class='ocr_par' dir='ltr' id='par_1_111' title="bbox 2050 5338 3629 5416">
     <span class='ocr_line' id='line_1_111' title="bbox 2050 5338 3629 5416; baseline 0.003 -23"><span class='ocrx_word' id='word_1_845' title='bbox 2050 5338 2385 5407; x_wconf 84' lang='lat' dir='ltr'><strong>siderantes,</strong></span> <span class='ocrx_word' id='word_1_846' title='bbox 2420 5354 2474 5399; x_wconf 85' lang='lat' dir='ltr'><strong>et</strong></span> <span class='ocrx_word' id='word_1_847' title='bbox 2505 5345 2729 5400; x_wconf 71' lang='lat' dir='ltr'><strong>malitiae</strong></span> <span class='ocrx_word' id='word_1_848' title='bbox 2761 5361 2885 5416; x_wconf 65' lang='lat' dir='ltr'><strong>quae</strong></span> <span class='ocrx_word' id='word_1_849' title='bbox 2924 5344 3046 5399; x_wconf 88' lang='lat' dir='ltr'><strong>fidei</strong></span> <span class='ocrx_word' id='word_1_850' title='bbox 3080 5344 3394 5410; x_wconf 87' lang='lat' dir='ltr'><strong>insidiatur,</strong></span> <span class='ocrx_word' id='word_1_851' title='bbox 3436 5353 3491 5398; x_wconf 94' lang='lat' dir='ltr'><strong>et</strong></span> <span class='ocrx_word' id='word_1_852' title='bbox 3531 5342 3629 5398; x_wconf 89' lang='lat' dir='ltr'><strong>do-</strong></span> 
     </span>
    </p>
   </div>
   <div class='ocr_carea' id='block_1_112' title="bbox 2048 5431 3629 5506">
    <p class='ocr_par' dir='ltr' id='par_1_112' title="bbox 2048 5431 3629 5506">
     <span class='ocr_line' id='line_1_112' title="bbox 2048 5431 3629 5506; baseline 0.003 -22"><span class='ocrx_word' id='word_1_853' title='bbox 2048 5431 2198 5487; x_wconf 78' lang='lat' dir='ltr'><strong>losas</strong></span> <span class='ocrx_word' id='word_1_854' title='bbox 2231 5440 2383 5487; x_wconf 86' lang='lat' dir='ltr'><strong>artes</strong></span> <span class='ocrx_word' id='word_1_855' title='bbox 2417 5434 2733 5498; x_wconf 83' lang='lat' dir='ltr'><strong>meditatur,</strong></span> <span class='ocrx_word' id='word_1_856' title='bbox 2772 5450 2870 5505; x_wconf 91' lang='lat' dir='ltr'><strong>pro</strong></span> <span class='ocrx_word' id='word_1_857' title='bbox 2892 5433 3159 5506; x_wconf 79' lang='lat' dir='ltr'><strong>dignitate</strong></span> <span class='ocrx_word' id='word_1_858' title='bbox 3197 5450 3312 5489; x_wconf 73' lang='lat' dir='ltr'><strong>sua:</strong></span> <span class='ocrx_word' id='word_1_859' title='bbox 3342 5433 3629 5505; x_wconf 67' lang='lat' dir='ltr'><strong>praefectu-</strong></span> 
     </span>
    </p>
   </div>
   <div class='ocr_carea' id='block_1_113' title="bbox 2050 5523 3629 5594">
    <p class='ocr_par' dir='ltr' id='par_1_113' title="bbox 2050 5523 3629 5594">
     <span class='ocr_line' id='line_1_113' title="bbox 2050 5523 3629 5594; baseline 0.001 -19"><span class='ocrx_word' id='word_1_860' title='bbox 2050 5537 2125 5575; x_wconf 73' lang='lat' dir='ltr'><strong>rae</strong></span> <span class='ocrx_word' id='word_1_861' title='bbox 2155 5523 2425 5579; x_wconf 89' lang='lat' dir='ltr'><strong>sollicitos</strong></span> <span class='ocrx_word' id='word_1_862' title='bbox 2452 5538 2577 5580; x_wconf 88' lang='lat' dir='ltr'><strong>esse</strong></span> <span class='ocrx_word' id='word_1_863' title='bbox 2640 5524 2924 5590; x_wconf 89' lang='lat' dir='ltr'><strong>convenit,</strong></span> <span class='ocrx_word' id='word_1_864' title='bbox 2955 5537 3009 5579; x_wconf 89' lang='lat' dir='ltr'><strong>et</strong></span> <span class='ocrx_word' id='word_1_865' title='bbox 3047 5539 3158 5578; x_wconf 90' lang='lat' dir='ltr'><strong>non</strong></span> <span class='ocrx_word' id='word_1_866' title='bbox 3221 5524 3436 5580; x_wconf 86' lang='lat' dir='ltr'><strong>ratione</strong></span> <span class='ocrx_word' id='word_1_867' title='bbox 3468 5532 3629 5594; x_wconf 81' lang='lat' dir='ltr'><strong>pote-</strong></span> 
     </span>
    </p>
   </div>
   <div class='ocr_carea' id='block_1_114' title="bbox 2057 5613 3629 5687">
    <p class='ocr_par' dir='ltr' id='par_1_114' title="bbox 2057 5613 3629 5687">
     <span class='ocr_line' id='line_1_114' title="bbox 2057 5613 3629 5687; baseline 0.004 -21"><span class='ocrx_word' id='word_1_868' title='bbox 2057 5613 2219 5669; x_wconf 86' lang='lat' dir='ltr'><strong>statis</strong></span> <span class='ocrx_word' id='word_1_869' title='bbox 2259 5629 2487 5685; x_wconf 80' lang='lat' dir='ltr'><strong>magnos</strong></span> <span class='ocrx_word' id='word_1_870' title='bbox 2539 5615 2770 5685; x_wconf 85' lang='lat' dir='ltr'><strong>spiritus</strong></span> <span class='ocrx_word' id='word_1_871' title='bbox 2837 5630 3047 5687; x_wconf 79' lang='lat' dir='ltr'><strong>gerere.</strong></span> <span class='ocrx_word' id='word_1_872' title='bbox 3085 5615 3298 5671; x_wconf 87' lang='lat' dir='ltr'><strong>Etenim</strong></span> <span class='ocrx_word' id='word_1_873' title='bbox 3357 5616 3517 5672; x_wconf 88' lang='lat' dir='ltr'><strong>decet</strong></span> <span class='ocrx_word' id='word_1_874' title='bbox 3572 5615 3629 5672; x_wconf 89' lang='lat' dir='ltr'><strong>in</strong></span> 
     </span>
    </p>
   </div>
   <div class='ocr_carea' id='block_1_115' title="bbox 2051 5703 3626 5780">
    <p class='ocr_par' dir='ltr' id='par_1_115' title="bbox 2051 5703 3626 5780">
     <span class='ocr_line' id='line_1_115' title="bbox 2051 5703 3626 5780; baseline 0.004 -21"><span class='ocrx_word' id='word_1_875' title='bbox 2051 5703 2378 5772; x_wconf 63' lang='lat' dir='ltr'><strong>praefectura</strong></span> <span class='ocrx_word' id='word_1_876' title='bbox 2435 5707 2791 5774; x_wconf 87' lang='lat' dir='ltr'><strong>constitutos,</strong></span> <span class='ocrx_word' id='word_1_877' title='bbox 2852 5708 3120 5780; x_wconf 81' lang='lat' dir='ltr'><strong>majorem</strong></span> <span class='ocrx_word' id='word_1_878' title='bbox 3177 5709 3402 5780; x_wconf 89' lang='lat' dir='ltr'><strong>quidem</strong></span> <span class='ocrx_word' id='word_1_879' title='bbox 3458 5722 3626 5780; x_wconf 82' lang='lat' dir='ltr'><strong>quam</strong></span> 
     </span>
    </p>
   </div>
   <div class='ocr_carea' id='block_1_116' title="bbox 3320 5972 3386 6033">
    <p class='ocr_par' dir='ltr' id='par_1_116' title="bbox 3320 5972 3386 6033">
     <span class='ocr_line' id='line_1_116' title="bbox 3320 5972 3386 6033; baseline -0.061 0"><span class='ocrx_word' id='word_1_880' title='bbox 3320 5972 3386 6033; x_wconf 83' lang='grc' dir='ltr'><strong>ιο</strong></span> 
     </span>
    </p>
   </div>
  </div>
