  <div class='ocr_page' id='page_1' title='image "/cluster/home/n/w/nwhite01/storage/ocr_20150623/46:no.3/coo.31924054869668/157.png"; bbox 0 0 4106 6446; ppageno 0'>
   <div class='ocr_carea' id='block_1_1' title="bbox 523 439 630 497">
    <p class='ocr_par' dir='ltr' id='par_1_1' title="bbox 523 439 630 497">
     <span class='ocr_line' id='line_1_1' title="bbox 523 439 630 497; baseline 0.019 -2"><span class='ocrx_word' id='word_1_1' title='bbox 523 439 630 497; x_wconf 78' lang='grc'><strong>299</strong></span> 
     </span>
    </p>
   </div>
   <div class='ocr_carea' id='block_1_2' title="bbox 1775 415 2534 484">
    <p class='ocr_par' dir='ltr' id='par_1_2' title="bbox 1775 415 2534 484">
     <span class='ocr_line' id='line_1_2' title="bbox 1775 415 2534 484; baseline -0.02 0"><span class='ocrx_word' id='word_1_2' title='bbox 1775 429 1830 484; x_wconf 82' lang='grc'><strong>5.</strong></span> <span class='ocrx_word' id='word_1_3' title='bbox 1873 415 2202 481; x_wconf 77' lang='lat' dir='ltr'><strong>GREGORII</strong></span> <span class='ocrx_word' id='word_1_4' title='bbox 2237 415 2534 476; x_wconf 74' lang='lat' dir='ltr'><strong>NYSSENI</strong></span> 
     </span>
    </p>
   </div>
   <div class='ocr_carea' id='block_1_3' title="bbox 3695 403 3800 459">
    <p class='ocr_par' dir='ltr' id='par_1_3' title="bbox 3695 403 3800 459">
     <span class='ocr_line' id='line_1_3' title="bbox 3695 403 3800 459; baseline -0.019 1"><span class='ocrx_word' id='word_1_5' title='bbox 3695 403 3800 459; x_wconf 74' lang='lat'><strong>500</strong></span> 
     </span>
    </p>
   </div>
   <div class='ocr_carea' id='block_1_4' title="bbox 528 517 2123 620">
    <p class='ocr_par' dir='ltr' id='par_1_4' title="bbox 528 547 2103 620">
     <span class='ocr_line' id='line_1_4' title="bbox 528 547 2103 620; baseline -0.01 -12"><span class='ocrx_word' id='word_1_6' title='bbox 528 553 620 609; x_wconf 84' lang='lat' dir='ltr'><strong>alii</strong></span> <span class='ocrx_word' id='word_1_7' title='bbox 669 552 910 606; x_wconf 90' lang='lat' dir='ltr'><strong>laborem</strong></span> <span class='ocrx_word' id='word_1_8' title='bbox 973 549 1287 620; x_wconf 81' lang='lat' dir='ltr'><strong>suspicere,</strong></span> <span class='ocrx_word' id='word_1_9' title='bbox 1353 547 1682 603; x_wconf 86' lang='lat' dir='ltr'><strong>submissius</strong></span> <span class='ocrx_word' id='word_1_10' title='bbox 1736 559 1867 602; x_wconf 88' lang='lat' dir='ltr'><strong>vero</strong></span> <span class='ocrx_word' id='word_1_11' title='bbox 1938 555 2103 614; x_wconf 87' lang='lat' dir='ltr'><strong>quam</strong></span> 
     </span>
    </p>
   </div>
   <div class='ocr_carea' id='block_1_5' title="bbox 2225 517 3798 620">
    <p class='ocr_par' dir='ltr' id='par_1_5' title="bbox 2225 517 3798 602">
     <span class='ocr_line' id='line_1_5' title="bbox 2225 517 3798 602; baseline -0.012 -14"><span class='ocrx_word' id='word_1_12' title='bbox 2225 537 2322 599; x_wconf 69' lang='grc' dir='ltr'>τοῖς</span> <span class='ocrx_word' id='word_1_13' title='bbox 2355 533 2536 598; x_wconf 77' lang='grc' dir='ltr'>ἄλλοις</span> <span class='ocrx_word' id='word_1_14' title='bbox 2559 572 2574 597; x_wconf 97' lang='grc'><strong>,</strong></span> <span class='ocrx_word' id='word_1_15' title='bbox 2613 526 3084 602; x_wconf 69' lang='grc' dir='ltr'><strong>παρακαταθήκην</strong></span> <span class='ocrx_word' id='word_1_16' title='bbox 3112 523 3248 579; x_wconf 87' lang='grc' dir='ltr'>Θεοῦ</span> <span class='ocrx_word' id='word_1_17' title='bbox 3285 520 3605 594; x_wconf 76' lang='grc' dir='ltr'><strong>νομίζοντας</strong></span> <span class='ocrx_word' id='word_1_18' title='bbox 3628 517 3798 585; x_wconf 73' lang='grc' dir='ltr'>ἔχειν,</span> 
     </span>
    </p>
   </div>
   <div class='ocr_carea' id='block_1_6' title="bbox 528 635 2110 710">
    <p class='ocr_par' dir='ltr' id='par_1_6' title="bbox 528 635 2110 710">
     <span class='ocr_line' id='line_1_6' title="bbox 528 635 2110 710; baseline -0.006 -12"><span class='ocrx_word' id='word_1_19' title='bbox 528 641 732 698; x_wconf 89' lang='lat' dir='ltr'><strong>subditi</strong></span> <span class='ocrx_word' id='word_1_20' title='bbox 764 655 824 696; x_wconf 89' lang='lat' dir='ltr'><strong>se</strong></span> <span class='ocrx_word' id='word_1_21' title='bbox 857 654 1069 710; x_wconf 83' lang='lat' dir='ltr'><strong>gerere,</strong></span> <span class='ocrx_word' id='word_1_22' title='bbox 1111 653 1177 692; x_wconf 89' lang='lat' dir='ltr'><strong>ac</strong></span> <span class='ocrx_word' id='word_1_23' title='bbox 1211 653 1312 706; x_wconf 89' lang='lat' dir='ltr'><strong>pro</strong></span> <span class='ocrx_word' id='word_1_24' title='bbox 1349 637 1492 692; x_wconf 81' lang='lat' dir='ltr'><strong>servi</strong></span> <span class='ocrx_word' id='word_1_25' title='bbox 1529 637 1768 709; x_wconf 83' lang='lat' dir='ltr'><strong>imagine</strong></span> <span class='ocrx_word' id='word_1_26' title='bbox 1791 635 2110 705; x_wconf 81' lang='lat' dir='ltr'><strong>exemplove</strong></span> 
     </span>
    </p>
   </div>
   <div class='ocr_carea' id='block_1_7' title="bbox 527 728 2113 796">
    <p class='ocr_par' dir='ltr' id='par_1_7' title="bbox 527 728 2113 796">
     <span class='ocr_line' id='line_1_7' title="bbox 527 728 2113 796; baseline -0.004 -10"><span class='ocrx_word' id='word_1_27' title='bbox 527 736 692 786; x_wconf 75' lang='lat' dir='ltr'><strong>vitam</strong></span> <span class='ocrx_word' id='word_1_28' title='bbox 753 747 908 788; x_wconf 89' lang='lat' dir='ltr'><strong>suam</strong></span> <span class='ocrx_word' id='word_1_29' title='bbox 948 731 1073 786; x_wconf 88' lang='lat' dir='ltr'><strong>aliis</strong></span> <span class='ocrx_word' id='word_1_30' title='bbox 1137 729 1419 793; x_wconf 80' lang='lat' dir='ltr'><strong>exhibere,</strong></span> <span class='ocrx_word' id='word_1_31' title='bbox 1472 728 1602 783; x_wconf 89' lang='lat' dir='ltr'><strong>dum</strong></span> <span class='ocrx_word' id='word_1_32' title='bbox 1667 728 1792 782; x_wconf 91' lang='lat' dir='ltr'><strong>illos</strong></span> <span class='ocrx_word' id='word_1_33' title='bbox 1857 734 2113 796; x_wconf 85' lang='lat' dir='ltr'><strong>reputant</strong></span> 
     </span>
    </p>
   </div>
   <div class='ocr_carea' id='block_1_8' title="bbox 527 817 2112 891">
    <p class='ocr_par' dir='ltr' id='par_1_8' title="bbox 527 817 2112 891">
     <span class='ocr_line' id='line_1_8' title="bbox 527 817 2112 891; baseline -0.006 -15"><span class='ocrx_word' id='word_1_34' title='bbox 527 822 838 891; x_wconf 77' lang='lat' dir='ltr'><strong>depositura</strong></span> <span class='ocrx_word' id='word_1_35' title='bbox 874 837 999 876; x_wconf 87' lang='lat' dir='ltr'><strong>esse</strong></span> <span class='ocrx_word' id='word_1_36' title='bbox 1031 821 1149 885; x_wconf 89' lang='lat' dir='ltr'><strong>Dei,</strong></span> <span class='ocrx_word' id='word_1_37' title='bbox 1199 821 1290 890; x_wconf 91' lang='lat' dir='ltr'><strong>qui</strong></span> <span class='ocrx_word' id='word_1_38' title='bbox 1325 819 1450 873; x_wconf 83' lang='lat' dir='ltr'><strong>ﬁdei</strong></span> <span class='ocrx_word' id='word_1_39' title='bbox 1488 834 1602 873; x_wconf 66' lang='lat' dir='ltr'><strong>sure</strong></span> <span class='ocrx_word' id='word_1_40' title='bbox 1631 817 1911 872; x_wconf 89' lang='lat' dir='ltr'><strong>commissi</strong></span> <span class='ocrx_word' id='word_1_41' title='bbox 1962 822 2112 870; x_wconf 91' lang='lat' dir='ltr'><strong>sunt.</strong></span> 
     </span>
    </p>
   </div>
   <div class='ocr_carea' id='block_1_9' title="bbox 534 905 2116 982">
    <p class='ocr_par' dir='ltr' id='par_1_9' title="bbox 534 905 2116 982">
     <span class='ocr_line' id='line_1_9' title="bbox 534 905 2116 982; baseline -0.006 -18"><span class='ocrx_word' id='word_1_42' title='bbox 534 913 625 966; x_wconf 81' lang='lat' dir='ltr'><strong>Sic</strong></span> <span class='ocrx_word' id='word_1_43' title='bbox 680 913 846 981; x_wconf 80' lang='lat' dir='ltr'><strong>igitur</strong></span> <span class='ocrx_word' id='word_1_44' title='bbox 879 912 1200 982; x_wconf 69' lang='lat' dir='ltr'><strong>praepositos</strong></span> <span class='ocrx_word' id='word_1_45' title='bbox 1238 919 1448 980; x_wconf 82' lang='lat' dir='ltr'><strong>oportet</strong></span> <span class='ocrx_word' id='word_1_46' title='bbox 1476 909 1705 962; x_wconf 88' lang='lat' dir='ltr'><strong>fratrum</strong></span> <span class='ocrx_word' id='word_1_47' title='bbox 1761 921 1952 960; x_wconf 89' lang='lat' dir='ltr'><strong>curam</strong></span> <span class='ocrx_word' id='word_1_48' title='bbox 2018 905 2116 956; x_wconf 89' lang='lat' dir='ltr'><strong>ha-</strong></span> 
     </span>
    </p>
   </div>
   <div class='ocr_carea' id='block_1_10' title="bbox 529 996 2110 1080">
    <p class='ocr_par' dir='ltr' id='par_1_10' title="bbox 529 996 2110 1080">
     <span class='ocr_line' id='line_1_10' title="bbox 529 996 2110 1080; baseline -0.007 -20"><span class='ocrx_word' id='word_1_49' title='bbox 529 1007 680 1080; x_wconf 78' lang='lat' dir='ltr'><strong>bere,</strong></span> <span class='ocrx_word' id='word_1_50' title='bbox 702 1014 757 1059; x_wconf 90' lang='lat' dir='ltr'><strong>ut</strong></span> <span class='ocrx_word' id='word_1_51' title='bbox 781 1004 938 1076; x_wconf 81' lang='lat' dir='ltr'><strong>probi</strong></span> <span class='ocrx_word' id='word_1_52' title='bbox 973 1011 1285 1057; x_wconf 88' lang='lat' dir='ltr'><strong>tenerorum</strong></span> <span class='ocrx_word' id='word_1_53' title='bbox 1313 1000 1640 1055; x_wconf 77' lang='lat' dir='ltr'><strong>educatores</strong></span> <span class='ocrx_word' id='word_1_54' title='bbox 1671 1013 1988 1069; x_wconf 89' lang='lat' dir='ltr'><strong>puerorum,</strong></span> <span class='ocrx_word' id='word_1_55' title='bbox 2013 996 2110 1068; x_wconf 90' lang='lat' dir='ltr'><strong>qui</strong></span> 
     </span>
    </p>
   </div>
   <div class='ocr_carea' id='block_1_11' title="bbox 531 1089 2117 1168">
    <p class='ocr_par' dir='ltr' id='par_1_11' title="bbox 531 1089 2117 1168">
     <span class='ocr_line' id='line_1_11' title="bbox 531 1089 2117 1168; baseline -0.004 -16"><span class='ocrx_word' id='word_1_56' title='bbox 531 1099 668 1168; x_wconf 85' lang='lat' dir='ltr'><strong>ipsis</strong></span> <span class='ocrx_word' id='word_1_57' title='bbox 701 1112 729 1150; x_wconf 94' lang='lat' dir='ltr'><strong>a</strong></span> <span class='ocrx_word' id='word_1_58' title='bbox 762 1095 1082 1166; x_wconf 86' lang='lat' dir='ltr'><strong>parentibus</strong></span> <span class='ocrx_word' id='word_1_59' title='bbox 1110 1093 1294 1148; x_wconf 85' lang='lat' dir='ltr'><strong>traditi</strong></span> <span class='ocrx_word' id='word_1_60' title='bbox 1323 1101 1472 1147; x_wconf 90' lang='lat' dir='ltr'><strong>sunt.</strong></span> <span class='ocrx_word' id='word_1_61' title='bbox 1508 1090 1802 1145; x_wconf 77' lang='lat' dir='ltr'><strong>Enimvero</strong></span> <span class='ocrx_word' id='word_1_62' title='bbox 1832 1089 1886 1144; x_wconf 94' lang='lat' dir='ltr'><strong>hi</strong></span> <span class='ocrx_word' id='word_1_63' title='bbox 1914 1105 2117 1160; x_wconf 88' lang='lat' dir='ltr'><strong>puero-</strong></span> 
     </span>
    </p>
   </div>
   <div class='ocr_carea' id='block_1_12' title="bbox 532 1183 2112 1251">
    <p class='ocr_par' dir='ltr' id='par_1_12' title="bbox 532 1183 2112 1251">
     <span class='ocr_line' id='line_1_12' title="bbox 532 1183 2112 1251; baseline -0.006 -6"><span class='ocrx_word' id='word_1_64' title='bbox 532 1206 653 1245; x_wconf 88' lang='lat' dir='ltr'><strong>rum</strong></span> <span class='ocrx_word' id='word_1_65' title='bbox 675 1190 897 1244; x_wconf 88' lang='lat' dir='ltr'><strong>habitus</strong></span> <span class='ocrx_word' id='word_1_66' title='bbox 923 1187 1360 1247; x_wconf 78' lang='lat' dir='ltr'><strong>considerantes,</strong></span> <span class='ocrx_word' id='word_1_67' title='bbox 1377 1184 1503 1239; x_wconf 88' lang='lat' dir='ltr'><strong>huic</strong></span> <span class='ocrx_word' id='word_1_68' title='bbox 1521 1184 1862 1249; x_wconf 66' lang='lat' dir='ltr'><strong>verbera,illi</strong></span> <span class='ocrx_word' id='word_1_69' title='bbox 1885 1183 2112 1251; x_wconf 87' lang='lat' dir='ltr'><strong>monita,</strong></span> 
     </span>
    </p>
   </div>
   <div class='ocr_carea' id='block_1_13' title="bbox 533 1274 2116 1348">
    <p class='ocr_par' dir='ltr' id='par_1_13' title="bbox 533 1274 2116 1348">
     <span class='ocr_line' id='line_1_13' title="bbox 533 1274 2116 1348; baseline -0.005 -10"><span class='ocrx_word' id='word_1_70' title='bbox 533 1284 688 1338; x_wconf 85' lang='lat' dir='ltr'><strong>alteri</strong></span> <span class='ocrx_word' id='word_1_71' title='bbox 712 1282 953 1345; x_wconf 89' lang='lat' dir='ltr'><strong>laudem,</strong></span> <span class='ocrx_word' id='word_1_72' title='bbox 979 1279 1132 1334; x_wconf 87' lang='lat' dir='ltr'><strong>alteri</strong></span> <span class='ocrx_word' id='word_1_73' title='bbox 1156 1278 1360 1348; x_wconf 87' lang='lat' dir='ltr'><strong>aliquid</strong></span> <span class='ocrx_word' id='word_1_74' title='bbox 1392 1277 1661 1346; x_wconf 84' lang='lat' dir='ltr'><strong>ejusmodi</strong></span> <span class='ocrx_word' id='word_1_75' title='bbox 1692 1274 1983 1330; x_wconf 88' lang='lat' dir='ltr'><strong>admovent</strong></span> <span class='ocrx_word' id='word_1_76' title='bbox 2011 1292 2026 1342; x_wconf 85' lang='lat'><strong>;</strong></span> <span class='ocrx_word' id='word_1_77' title='bbox 2052 1289 2116 1330; x_wconf 87' lang='lat' dir='ltr'><strong>ac</strong></span> 
     </span>
    </p>
   </div>
   <div class='ocr_carea' id='block_1_14' title="bbox 533 1370 2113 1443">
    <p class='ocr_par' dir='ltr' id='par_1_14' title="bbox 533 1370 2113 1443">
     <span class='ocr_line' id='line_1_14' title="bbox 533 1370 2113 1443; baseline -0.003 -15"><span class='ocrx_word' id='word_1_78' title='bbox 533 1375 669 1429; x_wconf 89' lang='lat' dir='ltr'><strong>nihil</strong></span> <span class='ocrx_word' id='word_1_79' title='bbox 712 1375 906 1428; x_wconf 90' lang='lat' dir='ltr'><strong>horum</strong></span> <span class='ocrx_word' id='word_1_80' title='bbox 938 1373 1003 1426; x_wconf 87' lang='lat' dir='ltr'><strong>ad</strong></span> <span class='ocrx_word' id='word_1_81' title='bbox 1036 1373 1290 1443; x_wconf 78' lang='lat' dir='ltr'><strong>gratiam,</strong></span> <span class='ocrx_word' id='word_1_82' title='bbox 1323 1388 1500 1442; x_wconf 88' lang='lat' dir='ltr'><strong>neque</strong></span> <span class='ocrx_word' id='word_1_83' title='bbox 1519 1373 1585 1425; x_wconf 88' lang='lat' dir='ltr'><strong>ad</strong></span> <span class='ocrx_word' id='word_1_84' title='bbox 1610 1370 1797 1426; x_wconf 88' lang='lat' dir='ltr'><strong>odium</strong></span> <span class='ocrx_word' id='word_1_85' title='bbox 1829 1376 2113 1440; x_wconf 62' lang='lat' dir='ltr'><strong>prastant,</strong></span> 
     </span>
    </p>
   </div>
   <div class='ocr_carea' id='block_1_15' title="bbox 531 1459 2117 1534">
    <p class='ocr_par' dir='ltr' id='par_1_15' title="bbox 531 1459 2117 1534">
     <span class='ocr_line' id='line_1_15' title="bbox 531 1459 2117 1534; baseline -0.003 -16"><span class='ocrx_word' id='word_1_86' title='bbox 531 1462 998 1534; x_wconf 86' lang='lat' dir='ltr'><strong>quemadmodum</strong></span> <span class='ocrx_word' id='word_1_87' title='bbox 1029 1462 1350 1532; x_wconf 91' lang='lat' dir='ltr'><strong>spirituales</strong></span> <span class='ocrx_word' id='word_1_88' title='bbox 1376 1477 1596 1531; x_wconf 84' lang='lat' dir='ltr'><strong>quoque</strong></span> <span class='ocrx_word' id='word_1_89' title='bbox 1626 1461 1905 1530; x_wconf 66' lang='lat' dir='ltr'><strong>praepositi</strong></span> <span class='ocrx_word' id='word_1_90' title='bbox 1935 1459 2117 1515; x_wconf 83' lang='lat' dir='ltr'><strong>facere</strong></span> 
     </span>
    </p>
   </div>
   <div class='ocr_carea' id='block_1_16' title="bbox 530 1549 2115 1618">
    <p class='ocr_par' dir='ltr' id='par_1_16' title="bbox 530 1549 2115 1618">
     <span class='ocr_line' id='line_1_16' title="bbox 530 1549 2115 1618; baseline 0 -14"><span class='ocrx_word' id='word_1_91' title='bbox 530 1551 752 1605; x_wconf 85' lang='lat' dir='ltr'><strong>debent.</strong></span> <span class='ocrx_word' id='word_1_92' title='bbox 788 1549 844 1604; x_wconf 91' lang='lat' dir='ltr'><strong>Si</strong></span> <span class='ocrx_word' id='word_1_93' title='bbox 883 1549 954 1603; x_wconf 90' lang='lat' dir='ltr'><strong>ita</strong></span> <span class='ocrx_word' id='word_1_94' title='bbox 993 1550 1225 1604; x_wconf 85' lang='lat' dir='ltr'><strong>invicem</strong></span> <span class='ocrx_word' id='word_1_95' title='bbox 1256 1550 1434 1604; x_wconf 81' lang='lat' dir='ltr'><strong>alfecti</strong></span> <span class='ocrx_word' id='word_1_96' title='bbox 1472 1549 1711 1615; x_wconf 86' lang='lat' dir='ltr'><strong>fueritis,</strong></span> <span class='ocrx_word' id='word_1_97' title='bbox 1770 1564 1894 1604; x_wconf 87' lang='lat' dir='ltr'><strong>cum</strong></span> <span class='ocrx_word' id='word_1_98' title='bbox 1929 1549 2115 1618; x_wconf 84' lang='lat' dir='ltr'><strong>subje-</strong></span> 
     </span>
    </p>
   </div>
   <div class='ocr_carea' id='block_1_17' title="bbox 530 1640 2117 1713">
    <p class='ocr_par' dir='ltr' id='par_1_17' title="bbox 530 1640 2117 1713">
     <span class='ocr_line' id='line_1_17' title="bbox 530 1640 2117 1713; baseline 0 -19"><span class='ocrx_word' id='word_1_99' title='bbox 530 1641 605 1695; x_wconf 92' lang='lat' dir='ltr'><strong>cti</strong></span> <span class='ocrx_word' id='word_1_100' title='bbox 646 1651 758 1695; x_wconf 92' lang='lat' dir='ltr'><strong>tum</strong></span> <span class='ocrx_word' id='word_1_101' title='bbox 806 1641 1079 1712; x_wconf 79' lang='lat' dir='ltr'><strong>magistri,</strong></span> <span class='ocrx_word' id='word_1_102' title='bbox 1114 1641 1193 1694; x_wconf 92' lang='lat' dir='ltr'><strong>illi</strong></span> <span class='ocrx_word' id='word_1_103' title='bbox 1247 1640 1469 1710; x_wconf 86' lang='lat' dir='ltr'><strong>quidem</strong></span> <span class='ocrx_word' id='word_1_104' title='bbox 1515 1655 1641 1696; x_wconf 89' lang='lat' dir='ltr'><strong>cum</strong></span> <span class='ocrx_word' id='word_1_105' title='bbox 1704 1641 1907 1713; x_wconf 78' lang='lat' dir='ltr'><strong>gaudio</strong></span> <span class='ocrx_word' id='word_1_106' title='bbox 1941 1640 2117 1710; x_wconf 87' lang='lat' dir='ltr'><strong>jussis</strong></span> 
     </span>
    </p>
   </div>
   <div class='ocr_carea' id='block_1_18' title="bbox 527 1732 2118 1803">
    <p class='ocr_par' dir='ltr' id='par_1_18' title="bbox 527 1732 2118 1803">
     <span class='ocr_line' id='line_1_18' title="bbox 527 1732 2118 1803; baseline -0.001 -18"><span class='ocrx_word' id='word_1_107' title='bbox 527 1747 598 1786; x_wconf 83' lang='lat' dir='ltr'><strong>ac</strong></span> <span class='ocrx_word' id='word_1_108' title='bbox 629 1732 902 1788; x_wconf 85' lang='lat' dir='ltr'><strong>mandatis</strong></span> <span class='ocrx_word' id='word_1_109' title='bbox 935 1733 1406 1803; x_wconf 90' lang='lat' dir='ltr'><strong>obtemperantes,</strong></span> <span class='ocrx_word' id='word_1_110' title='bbox 1438 1733 1493 1786; x_wconf 91' lang='lat' dir='ltr'><strong>hi</strong></span> <span class='ocrx_word' id='word_1_111' title='bbox 1516 1748 1647 1788; x_wconf 89' lang='lat' dir='ltr'><strong>vero</strong></span> <span class='ocrx_word' id='word_1_112' title='bbox 1681 1749 1806 1788; x_wconf 89' lang='lat' dir='ltr'><strong>cum</strong></span> <span class='ocrx_word' id='word_1_113' title='bbox 1836 1732 2118 1802; x_wconf 82' lang='lat' dir='ltr'><strong>voluptate</strong></span> 
     </span>
    </p>
   </div>
   <div class='ocr_carea' id='block_1_19' title="bbox 535 1823 2114 1896">
    <p class='ocr_par' dir='ltr' id='par_1_19' title="bbox 535 1823 2114 1896">
     <span class='ocr_line' id='line_1_19' title="bbox 535 1823 2114 1896; baseline 0 -19"><span class='ocrx_word' id='word_1_114' title='bbox 535 1824 735 1880; x_wconf 77' lang='lat' dir='ltr'><strong>fratres</strong></span> <span class='ocrx_word' id='word_1_115' title='bbox 771 1824 838 1878; x_wconf 90' lang='lat' dir='ltr'><strong>ad</strong></span> <span class='ocrx_word' id='word_1_116' title='bbox 892 1824 1195 1896; x_wconf 87' lang='lat' dir='ltr'><strong>perfectum</strong></span> <span class='ocrx_word' id='word_1_117' title='bbox 1241 1834 1446 1880; x_wconf 88' lang='lat' dir='ltr'><strong>statum</strong></span> <span class='ocrx_word' id='word_1_118' title='bbox 1501 1825 1910 1895; x_wconf 65' lang='lat' dir='ltr'><strong>provehentvs;</strong></span> <span class='ocrx_word' id='word_1_119' title='bbox 1965 1831 2020 1879; x_wconf 90' lang='lat' dir='ltr'><strong>et</strong></span> <span class='ocrx_word' id='word_1_120' title='bbox 2069 1823 2114 1878; x_wconf 89' lang='lat' dir='ltr'><strong>si</strong></span> 
     </span>
    </p>
   </div>
   <div class='ocr_carea' id='block_1_20' title="bbox 2211 613 3800 696">
    <p class='ocr_par' dir='ltr' id='par_1_20' title="bbox 2211 613 3800 696">
     <span class='ocr_line' id='line_1_20' title="bbox 2211 613 3800 696; baseline -0.013 -14"><span class='ocrx_word' id='word_1_121' title='bbox 2211 627 2305 692; x_wconf 83' lang='grc' dir='ltr'><strong>οὓς</strong></span> <span class='ocrx_word' id='word_1_122' title='bbox 2335 624 2758 696; x_wconf 82' lang='grc' dir='ltr'>ἐπιστεύθησαν.</span> <span class='ocrx_word' id='word_1_123' title='bbox 2791 621 2979 684; x_wconf 80' lang='grc' dir='ltr'><strong>Οὕτως</strong></span> <span class='ocrx_word' id='word_1_124' title='bbox 3007 615 3099 672; x_wconf 81' lang='grc' dir='ltr'><strong>οὖν</strong></span> <span class='ocrx_word' id='word_1_125' title='bbox 3128 616 3234 688; x_wconf 86' lang='grc' dir='ltr'><strong>χρὴ</strong></span> <span class='ocrx_word' id='word_1_126' title='bbox 3280 615 3406 674; x_wconf 75' lang='grc' dir='ltr'>τοὺς</span> <span class='ocrx_word' id='word_1_127' title='bbox 3450 613 3800 684; x_wconf 78' lang='grc' dir='ltr'><strong>προεστῶτας</strong></span> 
     </span>
    </p>
   </div>
   <div class='ocr_carea' id='block_1_21' title="bbox 2212 703 3802 792">
    <p class='ocr_par' dir='ltr' id='par_1_21' title="bbox 2212 703 3802 792">
     <span class='ocr_line' id='line_1_21' title="bbox 2212 703 3802 792; baseline -0.015 -16"><span class='ocrx_word' id='word_1_128' title='bbox 2212 717 2588 792; x_wconf 80' lang='grc' dir='ltr'>ἐπιμελεῖσθαι</span> <span class='ocrx_word' id='word_1_129' title='bbox 2612 716 2721 770; x_wconf 90' lang='grc' dir='ltr'><strong>τῶν</strong></span> <span class='ocrx_word' id='word_1_130' title='bbox 2751 712 3018 782; x_wconf 78' lang='grc' dir='ltr'><strong>ἀδελφῶν,</strong></span> <span class='ocrx_word' id='word_1_131' title='bbox 3043 710 3119 774; x_wconf 85' lang='grc' dir='ltr'>ὼς</span> <span class='ocrx_word' id='word_1_132' title='bbox 3157 709 3223 762; x_wconf 85' lang='grc' dir='ltr'><strong>ἂν</strong></span> <span class='ocrx_word' id='word_1_133' title='bbox 3261 706 3489 778; x_wconf 76' lang='grc' dir='ltr'>χρηστοὶ</span> <span class='ocrx_word' id='word_1_134' title='bbox 3521 703 3802 770; x_wconf 88' lang='grc' dir='ltr'>παιδαγω-</span> 
     </span>
    </p>
   </div>
   <div class='ocr_carea' id='block_1_22' title="bbox 2212 794 3802 884">
    <p class='ocr_par' dir='ltr' id='par_1_22' title="bbox 2212 794 3802 884">
     <span class='ocr_line' id='line_1_22' title="bbox 2212 794 3802 884; baseline -0.014 -17"><span class='ocrx_word' id='word_1_135' title='bbox 2212 814 2300 884; x_wconf 66' lang='grc' dir='ltr'>γοὶ</span> <span class='ocrx_word' id='word_1_136' title='bbox 2327 813 2534 866; x_wconf 84' lang='grc' dir='ltr'>παίδων</span> <span class='ocrx_word' id='word_1_137' title='bbox 2556 808 2803 874; x_wconf 82' lang='grc' dir='ltr'><strong>ἁπαλῶν,</strong></span> <span class='ocrx_word' id='word_1_138' title='bbox 2825 805 2920 869; x_wconf 80' lang='grc' dir='ltr'><strong>οὓς</strong></span> <span class='ocrx_word' id='word_1_139' title='bbox 2945 801 3349 870; x_wconf 74' lang='grc' dir='ltr'><strong>ἐπιστεύθησαν</strong></span> <span class='ocrx_word' id='word_1_140' title='bbox 3375 796 3527 868; x_wconf 88' lang='grc' dir='ltr'><strong>παρά</strong></span> <span class='ocrx_word' id='word_1_141' title='bbox 3553 794 3667 848; x_wconf 87' lang='grc' dir='ltr'><strong>τῶν</strong></span> <span class='ocrx_word' id='word_1_142' title='bbox 3694 809 3802 846; x_wconf 83' lang='grc' dir='ltr'>πα-</span> 
     </span>
    </p>
   </div>
   <div class='ocr_carea' id='block_1_23' title="bbox 2213 881 3806 974">
    <p class='ocr_par' dir='ltr' id='par_1_23' title="bbox 2213 881 3806 974">
     <span class='ocr_line' id='line_1_23' title="bbox 2213 881 3806 974; baseline -0.014 -18"><span class='ocrx_word' id='word_1_143' title='bbox 2213 881 2387 974; x_wconf 77' lang='grc' dir='ltr'>τέρων</span> <span class='ocrx_word' id='word_1_144' title='bbox 2433 902 2635 957; x_wconf 86' lang='grc' dir='ltr'>αὑτῶν.</span> <span class='ocrx_word' id='word_1_145' title='bbox 2698 901 2928 952; x_wconf 84' lang='grc' dir='ltr'><strong>Ἐκεῖνοι</strong></span> <span class='ocrx_word' id='word_1_146' title='bbox 2976 895 3085 965; x_wconf 76' lang='grc' dir='ltr'>γὰρ</span> <span class='ocrx_word' id='word_1_147' title='bbox 3125 891 3236 946; x_wconf 89' lang='grc' dir='ltr'><strong>τῶν</strong></span> <span class='ocrx_word' id='word_1_148' title='bbox 3283 887 3492 942; x_wconf 92' lang='grc' dir='ltr'>παίδων</span> <span class='ocrx_word' id='word_1_149' title='bbox 3529 884 3632 947; x_wconf 90' lang='grc' dir='ltr'><strong>τάς</strong></span> <span class='ocrx_word' id='word_1_150' title='bbox 3664 881 3806 946; x_wconf 76' lang='grc' dir='ltr'>ἔξεις</span> 
     </span>
    </p>
   </div>
   <div class='ocr_carea' id='block_1_24' title="bbox 2215 975 3804 1063">
    <p class='ocr_par' dir='ltr' id='par_1_24' title="bbox 2215 975 3804 1063">
     <span class='ocr_line' id='line_1_24' title="bbox 2215 975 3804 1063; baseline -0.013 -14"><span class='ocrx_word' id='word_1_151' title='bbox 2215 993 2566 1057; x_wconf 79' lang='grc' dir='ltr'>σκοποῦντες,</span> <span class='ocrx_word' id='word_1_152' title='bbox 2590 992 2667 1062; x_wconf 82' lang='grc' dir='ltr'>τῷ</span> <span class='ocrx_word' id='word_1_153' title='bbox 2703 992 2800 1063; x_wconf 82' lang='grc' dir='ltr'><strong>μὲν</strong></span> <span class='ocrx_word' id='word_1_154' title='bbox 2835 986 3070 1059; x_wconf 83' lang='grc' dir='ltr'>πληγὰς,</span> <span class='ocrx_word' id='word_1_155' title='bbox 3095 984 3173 1056; x_wconf 79' lang='grc' dir='ltr'><strong>τῷ</strong></span> <span class='ocrx_word' id='word_1_156' title='bbox 3200 983 3256 1036; x_wconf 87' lang='grc' dir='ltr'>δὲ</span> <span class='ocrx_word' id='word_1_157' title='bbox 3290 978 3600 1040; x_wconf 85' lang='grc' dir='ltr'>νουθεσίαν,</span> <span class='ocrx_word' id='word_1_158' title='bbox 3635 975 3716 1045; x_wconf 79' lang='grc' dir='ltr'>τῷ</span> <span class='ocrx_word' id='word_1_159' title='bbox 3747 975 3804 1028; x_wconf 78' lang='grc' dir='ltr'>δὲ</span> 
     </span>
    </p>
   </div>
   <div class='ocr_carea' id='block_1_25' title="bbox 2216 1069 3803 1157">
    <p class='ocr_par' dir='ltr' id='par_1_25' title="bbox 2216 1069 3803 1157">
     <span class='ocr_line' id='line_1_25' title="bbox 2216 1069 3803 1157; baseline -0.013 -14"><span class='ocrx_word' id='word_1_160' title='bbox 2216 1089 2457 1151; x_wconf 70' lang='grc' dir='ltr'>ἔπαινον,</span> <span class='ocrx_word' id='word_1_161' title='bbox 2498 1085 2578 1157; x_wconf 79' lang='grc' dir='ltr'>τῷ</span> <span class='ocrx_word' id='word_1_162' title='bbox 2614 1085 2670 1138; x_wconf 85' lang='grc' dir='ltr'>δὲ</span> <span class='ocrx_word' id='word_1_163' title='bbox 2707 1083 2836 1138; x_wconf 85' lang='grc' dir='ltr'>ἀλλο</span> <span class='ocrx_word' id='word_1_164' title='bbox 2876 1099 2930 1134; x_wconf 84' lang='grc' dir='ltr'><strong>τι</strong></span> <span class='ocrx_word' id='word_1_165' title='bbox 2973 1078 3083 1131; x_wconf 90' lang='grc' dir='ltr'><strong>τῶν</strong></span> <span class='ocrx_word' id='word_1_166' title='bbox 3113 1074 3371 1129; x_wconf 76' lang='grc' dir='ltr'>τοιούτων</span> <span class='ocrx_word' id='word_1_167' title='bbox 3412 1069 3803 1143; x_wconf 77' lang='grc' dir='ltr'>προσάγουσιν,</span> 
     </span>
    </p>
   </div>
   <div class='ocr_carea' id='block_1_26' title="bbox 2213 1161 3805 1247">
    <p class='ocr_par' dir='ltr' id='par_1_26' title="bbox 2213 1161 3805 1247">
     <span class='ocr_line' id='line_1_26' title="bbox 2213 1161 3805 1247; baseline -0.013 -13"><span class='ocrx_word' id='word_1_168' title='bbox 2213 1181 2367 1234; x_wconf 76' lang='grc' dir='ltr'>οὐδὲν</span> <span class='ocrx_word' id='word_1_169' title='bbox 2396 1178 2518 1232; x_wconf 71' lang='grc' dir='ltr'>οὔτε</span> <span class='ocrx_word' id='word_1_170' title='bbox 2548 1175 2685 1247; x_wconf 82' lang='grc' dir='ltr'>πρὸς</span> <span class='ocrx_word' id='word_1_171' title='bbox 2713 1176 2894 1246; x_wconf 81' lang='grc' dir='ltr'>χάριν,</span> <span class='ocrx_word' id='word_1_172' title='bbox 2938 1167 3234 1240; x_wconf 65' lang='grc' dir='ltr'>οὖτευπρὸς</span> <span class='ocrx_word' id='word_1_173' title='bbox 3263 1162 3562 1236; x_wconf 78' lang='grc' dir='ltr'>ἀπέχθειαν</span> <span class='ocrx_word' id='word_1_174' title='bbox 3598 1161 3805 1216; x_wconf 89' lang='grc' dir='ltr'>τούτων</span> 
     </span>
    </p>
   </div>
   <div class='ocr_carea' id='block_1_27' title="bbox 2216 1257 3806 1333">
    <p class='ocr_par' dir='ltr' id='par_1_27' title="bbox 2216 1257 3806 1333">
     <span class='ocr_line' id='line_1_27' title="bbox 2216 1257 3806 1333; baseline -0.011 -7"><span class='ocrx_word' id='word_1_175' title='bbox 2216 1271 2533 1333; x_wconf 84' lang='grc' dir='ltr'>ποιοῦντες,</span> <span class='ocrx_word' id='word_1_176' title='bbox 2581 1266 2764 1330; x_wconf 87' lang='grc' dir='ltr'>καθὼς</span> <span class='ocrx_word' id='word_1_177' title='bbox 2814 1267 2910 1319; x_wconf 72' lang='grc' dir='ltr'>καὶ</span> <span class='ocrx_word' id='word_1_178' title='bbox 2952 1265 3002 1316; x_wconf 73' lang='lat' dir='ltr'><strong>of.</strong></span> <span class='ocrx_word' id='word_1_179' title='bbox 3051 1259 3416 1331; x_wconf 78' lang='grc' dir='ltr'>πνευματικοὶ</span> <span class='ocrx_word' id='word_1_180' title='bbox 3464 1257 3806 1330; x_wconf 86' lang='grc' dir='ltr'>προεστῶτες</span> 
     </span>
    </p>
   </div>
   <div class='ocr_carea' id='block_1_28' title="bbox 2141 1349 3800 1432">
    <p class='ocr_par' dir='ltr' id='par_1_28' title="bbox 2141 1349 3800 1432">
     <span class='ocr_line' id='line_1_28' title="bbox 2141 1349 3800 1432; baseline -0.01 -15"><span class='ocrx_word' id='word_1_181' title='bbox 2141 1373 2153 1394; x_wconf 83' lang='lat'><strong><em>&#39;</em></strong></span> <span class='ocrx_word' id='word_1_182' title='bbox 2218 1367 2392 1418; x_wconf 82' lang='grc' dir='ltr'>ποιεῖν</span> <span class='ocrx_word' id='word_1_183' title='bbox 2417 1361 2742 1432; x_wconf 73' lang='grc' dir='ltr'>ὀφείλουσιν.</span> <span class='ocrx_word' id='word_1_184' title='bbox 2783 1358 2906 1412; x_wconf 81' lang='grc' dir='ltr'>Ἐὰν</span> <span class='ocrx_word' id='word_1_185' title='bbox 2935 1355 3106 1418; x_wconf 79' lang='grc' dir='ltr'>οὕτως</span> <span class='ocrx_word' id='word_1_186' title='bbox 3148 1353 3310 1423; x_wconf 73' lang='grc' dir='ltr'>ἔχητε</span> <span class='ocrx_word' id='word_1_187' title='bbox 3343 1352 3480 1423; x_wconf 84' lang='grc' dir='ltr'>πρὸς</span> <span class='ocrx_word' id='word_1_188' title='bbox 3512 1349 3800 1420; x_wconf 84' lang='grc' dir='ltr'>ἀλλήλους,</span> 
     </span>
    </p>
   </div>
   <div class='ocr_carea' id='block_1_29' title="bbox 2219 1441 3806 1525">
    <p class='ocr_par' dir='ltr' id='par_1_29' title="bbox 2219 1441 3806 1525">
     <span class='ocr_line' id='line_1_29' title="bbox 2219 1441 3806 1525; baseline -0.012 -14"><span class='ocrx_word' id='word_1_189' title='bbox 2219 1459 2348 1511; x_wconf 81' lang='grc' dir='ltr'>οἵτε</span> <span class='ocrx_word' id='word_1_190' title='bbox 2379 1453 2691 1525; x_wconf 59' lang='grc' dir='ltr'>ὑφεστῶτες</span> <span class='ocrx_word' id='word_1_191' title='bbox 2719 1451 2813 1506; x_wconf 74' lang='grc' dir='ltr'><strong>καὶ</strong></span> <span class='ocrx_word' id='word_1_192' title='bbox 2840 1451 2890 1503; x_wconf 79' lang='grc' dir='ltr'><strong>οἱ</strong></span> <span class='ocrx_word' id='word_1_193' title='bbox 2914 1446 3224 1502; x_wconf 78' lang='grc' dir='ltr'>διδάσκαλοι</span> <span class='ocrx_word' id='word_1_194' title='bbox 3245 1485 3260 1507; x_wconf 91' lang='grc'><strong>,</strong></span> <span class='ocrx_word' id='word_1_195' title='bbox 3288 1444 3339 1497; x_wconf 81' lang='grc' dir='ltr'>οἱ</span> <span class='ocrx_word' id='word_1_196' title='bbox 3369 1443 3466 1513; x_wconf 87' lang='grc' dir='ltr'><strong>μέν</strong></span> <span class='ocrx_word' id='word_1_197' title='bbox 3489 1441 3806 1511; x_wconf 79' lang='grc' dir='ltr'>πειθόμενοι</span> 
     </span>
    </p>
   </div>
   <div class='ocr_carea' id='block_1_30' title="bbox 2223 1533 3805 1622">
    <p class='ocr_par' dir='ltr' id='par_1_30' title="bbox 2223 1533 3805 1622">
     <span class='ocr_line' id='line_1_30' title="bbox 2223 1533 3805 1622; baseline -0.013 -17"><span class='ocrx_word' id='word_1_198' title='bbox 2223 1549 2365 1622; x_wconf 83' lang='grc' dir='ltr'><strong>μετά</strong></span> <span class='ocrx_word' id='word_1_199' title='bbox 2399 1551 2576 1621; x_wconf 77' lang='grc' dir='ltr'>χαρᾶς</span> <span class='ocrx_word' id='word_1_200' title='bbox 2609 1548 2723 1609; x_wconf 90' lang='grc' dir='ltr'>τοῖς</span> <span class='ocrx_word' id='word_1_201' title='bbox 2762 1540 3240 1611; x_wconf 77' lang='grc' dir='ltr'>ἐπιταττομένοις,</span> <span class='ocrx_word' id='word_1_202' title='bbox 3277 1540 3326 1590; x_wconf 91' lang='grc' dir='ltr'><strong>οί</strong></span> <span class='ocrx_word' id='word_1_203' title='bbox 3359 1535 3418 1590; x_wconf 81' lang='grc' dir='ltr'><strong>δέ</strong></span> <span class='ocrx_word' id='word_1_204' title='bbox 3461 1534 3580 1606; x_wconf 82' lang='grc' dir='ltr'>μεθ’</span> <span class='ocrx_word' id='word_1_205' title='bbox 3614 1533 3805 1606; x_wconf 74' lang='grc' dir='ltr'>ἡδονῆς</span> 
     </span>
    </p>
   </div>
   <div class='ocr_carea' id='block_1_31' title="bbox 2219 1628 3804 1710">
    <p class='ocr_par' dir='ltr' id='par_1_31' title="bbox 2219 1628 3804 1710">
     <span class='ocr_line' id='line_1_31' title="bbox 2219 1628 3804 1710; baseline -0.011 -13"><span class='ocrx_word' id='word_1_206' title='bbox 2219 1645 2347 1706; x_wconf 75' lang='grc' dir='ltr'>τοὺς</span> <span class='ocrx_word' id='word_1_207' title='bbox 2370 1641 2633 1710; x_wconf 70' lang='grc' dir='ltr'>ἀδελφοὺς</span> <span class='ocrx_word' id='word_1_208' title='bbox 2668 1638 2761 1692; x_wconf 75' lang='grc' dir='ltr'><strong>ἐπὶ</strong></span> <span class='ocrx_word' id='word_1_209' title='bbox 2789 1637 2849 1690; x_wconf 88' lang='grc' dir='ltr'><strong>τὸ</strong></span> <span class='ocrx_word' id='word_1_210' title='bbox 2881 1635 3088 1689; x_wconf 80' lang='grc' dir='ltr'>τέλειον</span> <span class='ocrx_word' id='word_1_211' title='bbox 3117 1630 3488 1703; x_wconf 85' lang='grc' dir='ltr'>προαγόμενοι</span> <span class='ocrx_word' id='word_1_212' title='bbox 3507 1668 3523 1693; x_wconf 91' lang='grc'><strong>,</strong></span> <span class='ocrx_word' id='word_1_213' title='bbox 3561 1628 3662 1681; x_wconf 75' lang='grc' dir='ltr'>καὶ</span> <span class='ocrx_word' id='word_1_214' title='bbox 3686 1629 3804 1690; x_wconf 81' lang='grc' dir='ltr'>ταῖς</span> 
     </span>
    </p>
   </div>
   <div class='ocr_carea' id='block_1_32' title="bbox 2221 1718 3804 1806">
    <p class='ocr_par' dir='ltr' id='par_1_32' title="bbox 2221 1718 3804 1806">
     <span class='ocr_line' id='line_1_32' title="bbox 2221 1718 3804 1806; baseline -0.013 -17"><span class='ocrx_word' id='word_1_215' title='bbox 2221 1738 2407 1806; x_wconf 83' lang='grc' dir='ltr'>τιμαῖς</span> <span class='ocrx_word' id='word_1_216' title='bbox 2459 1733 2725 1803; x_wconf 87' lang='grc' dir='ltr'>ἀλλήλους</span> <span class='ocrx_word' id='word_1_217' title='bbox 2773 1725 3089 1801; x_wconf 87' lang='grc' dir='ltr'>προηγῆσοε</span> <span class='ocrx_word' id='word_1_218' title='bbox 3115 1739 3132 1755; x_wconf 78' lang='grc'><strong>⁸</strong></span> <span class='ocrx_word' id='word_1_219' title='bbox 3157 1723 3249 1777; x_wconf 84' lang='grc' dir='ltr'><strong>τὸν</strong></span> <span class='ocrx_word' id='word_1_220' title='bbox 3284 1719 3393 1775; x_wconf 85' lang='grc' dir='ltr'><strong>τῶν</strong></span> <span class='ocrx_word' id='word_1_221' title='bbox 3421 1719 3676 1787; x_wconf 80' lang='grc' dir='ltr'>ἀγγέλων</span> <span class='ocrx_word' id='word_1_222' title='bbox 3714 1718 3804 1770; x_wconf 76' lang='grc' dir='ltr'>ἐπὶ</span> 
     </span>
    </p>
   </div>
   <div class='ocr_carea' id='block_1_33' title="bbox 2221 1809 3807 1900">
    <p class='ocr_par' dir='ltr' id='par_1_33' title="bbox 2221 1809 3807 1900">
     <span class='ocr_line' id='line_1_33' title="bbox 2221 1809 3807 1900; baseline -0.014 -17"><span class='ocrx_word' id='word_1_223' title='bbox 2221 1830 2318 1900; x_wconf 81' lang='grc' dir='ltr'><strong>τῆς</strong></span> <span class='ocrx_word' id='word_1_224' title='bbox 2349 1827 2454 1898; x_wconf 81' lang='grc' dir='ltr'>γῆς</span> <span class='ocrx_word' id='word_1_225' title='bbox 2483 1824 2711 1897; x_wconf 79' lang='grc' dir='ltr'>ζήσεσθε</span> <span class='ocrx_word' id='word_1_226' title='bbox 2740 1823 2872 1894; x_wconf 87' lang='grc' dir='ltr'>βίον.</span> <span class='ocrx_word' id='word_1_227' title='bbox 2896 1818 3141 1873; x_wconf 81' lang='grc' dir='ltr'>Πειθέτω</span> <span class='ocrx_word' id='word_1_228' title='bbox 3160 1816 3217 1869; x_wconf 79' lang='grc' dir='ltr'><strong>δέ</strong></span> <span class='ocrx_word' id='word_1_229' title='bbox 3245 1815 3474 1876; x_wconf 76' lang='grc' dir='ltr'>ἕκαστος</span> <span class='ocrx_word' id='word_1_230' title='bbox 3497 1811 3712 1874; x_wconf 82' lang='grc' dir='ltr'>ἐαυτὸν,</span> <span class='ocrx_word' id='word_1_231' title='bbox 3733 1809 3807 1873; x_wconf 85' lang='grc' dir='ltr'>ὡς</span> 
     </span>
    </p>
   </div>
   <div class='ocr_carea' id='block_1_34' title="bbox 533 1901 2123 1986">
    <p class='ocr_par' dir='ltr' id='par_1_34' title="bbox 533 1913 2116 1986">
     <span class='ocr_line' id='line_1_34' title="bbox 533 1913 2116 1986; baseline -0.001 -17"><span class='ocrx_word' id='word_1_232' title='bbox 533 1916 837 1972; x_wconf 88' lang='lat' dir='ltr'><strong>honoribus</strong></span> <span class='ocrx_word' id='word_1_233' title='bbox 909 1916 1145 1971; x_wconf 89' lang='lat' dir='ltr'><strong>invicem</strong></span> <span class='ocrx_word' id='word_1_234' title='bbox 1210 1915 1598 1986; x_wconf 70' lang='lat' dir='ltr'><strong>przeveniatis,</strong></span> <span class='ocrx_word' id='word_1_235' title='bbox 1665 1914 1985 1985; x_wconf 75' lang='lat' dir='ltr'><strong>angelorum</strong></span> <span class='ocrx_word' id='word_1_236' title='bbox 2062 1913 2116 1967; x_wconf 87' lang='lat' dir='ltr'><strong>in</strong></span> 
     </span>
    </p>
   </div>
   <div class='ocr_carea' id='block_1_35' title="bbox 2225 1901 3803 1986">
    <p class='ocr_par' dir='ltr' id='par_1_35' title="bbox 2225 1901 3803 1980">
     <span class='ocr_line' id='line_1_35' title="bbox 2225 1901 3803 1980; baseline -0.014 -7"><span class='ocrx_word' id='word_1_237' title='bbox 2225 1919 2282 1973; x_wconf 81' lang='grc' dir='ltr'><strong>οὑ</strong></span> <span class='ocrx_word' id='word_1_238' title='bbox 2309 1917 2403 1971; x_wconf 88' lang='grc' dir='ltr'><strong>τοῦ</strong></span> <span class='ocrx_word' id='word_1_239' title='bbox 2440 1918 2688 1978; x_wconf 77' lang='grc' dir='ltr'>συνόντος</span> <span class='ocrx_word' id='word_1_240' title='bbox 2727 1908 2960 1980; x_wconf 84' lang='grc' dir='ltr'>ἀδελφοῦ</span> <span class='ocrx_word' id='word_1_241' title='bbox 2997 1907 3158 1980; x_wconf 85' lang='grc' dir='ltr'>μόνον</span> <span class='ocrx_word' id='word_1_242' title='bbox 3190 1905 3308 1959; x_wconf 81' lang='grc' dir='ltr'>ἐστὶ</span> <span class='ocrx_word' id='word_1_243' title='bbox 3343 1901 3803 1970; x_wconf 80' lang='grc' dir='ltr'>καταδεέστερος,</span> 
     </span>
    </p>
   </div>
   <div class='ocr_carea' id='block_1_36' title="bbox 533 2005 2118 2078">
    <p class='ocr_par' dir='ltr' id='par_1_36' title="bbox 533 2005 2118 2078">
     <span class='ocr_line' id='line_1_36' title="bbox 533 2005 2118 2078; baseline -0.001 -19"><span class='ocrx_word' id='word_1_244' title='bbox 533 2007 698 2062; x_wconf 87' lang='lat' dir='ltr'><strong>terris</strong></span> <span class='ocrx_word' id='word_1_245' title='bbox 729 2008 898 2062; x_wconf 84' lang='lat' dir='ltr'><strong>vitam</strong></span> <span class='ocrx_word' id='word_1_246' title='bbox 946 2007 1178 2078; x_wconf 75' lang='lat' dir='ltr'><strong>degetis.</strong></span> <span class='ocrx_word' id='word_1_247' title='bbox 1217 2007 1452 2062; x_wconf 91' lang='lat' dir='ltr'><strong>lnducat</strong></span> <span class='ocrx_word' id='word_1_248' title='bbox 1483 2022 1613 2062; x_wconf 89' lang='lat' dir='ltr'><strong>vero</strong></span> <span class='ocrx_word' id='word_1_249' title='bbox 1659 2007 1764 2062; x_wconf 85' lang='lat' dir='ltr'><strong>sibi</strong></span> <span class='ocrx_word' id='word_1_250' title='bbox 1795 2005 2031 2075; x_wconf 88' lang='lat' dir='ltr'><strong>quisque</strong></span> <span class='ocrx_word' id='word_1_251' title='bbox 2063 2005 2118 2058; x_wconf 94' lang='lat' dir='ltr'><strong>in</strong></span> 
     </span>
    </p>
   </div>
   <div class='ocr_carea' id='block_1_37' title="bbox 533 2099 2120 2168">
    <p class='ocr_par' dir='ltr' id='par_1_37' title="bbox 533 2099 2120 2168">
     <span class='ocr_line' id='line_1_37' title="bbox 533 2099 2120 2168; baseline -0.003 -14"><span class='ocrx_word' id='word_1_252' title='bbox 533 2108 794 2163; x_wconf 90' lang='lat' dir='ltr'><strong>mentem,</strong></span> <span class='ocrx_word' id='word_1_253' title='bbox 829 2115 889 2155; x_wconf 91' lang='lat' dir='ltr'><strong>se</strong></span> <span class='ocrx_word' id='word_1_254' title='bbox 919 2115 1029 2154; x_wconf 90' lang='lat' dir='ltr'><strong>non</strong></span> <span class='ocrx_word' id='word_1_255' title='bbox 1064 2099 1236 2154; x_wconf 79' lang='lat' dir='ltr'><strong>fratre</strong></span> <span class='ocrx_word' id='word_1_256' title='bbox 1273 2099 1453 2154; x_wconf 84' lang='lat' dir='ltr'><strong>solum</strong></span> <span class='ocrx_word' id='word_1_257' title='bbox 1512 2113 1638 2153; x_wconf 90' lang='lat' dir='ltr'><strong>cum</strong></span> <span class='ocrx_word' id='word_1_258' title='bbox 1701 2113 1812 2168; x_wconf 84' lang='lat' dir='ltr'><strong>quo</strong></span> <span class='ocrx_word' id='word_1_259' title='bbox 1869 2105 2120 2152; x_wconf 85' lang='lat' dir='ltr'><strong>versatur</strong></span> 
     </span>
    </p>
   </div>
   <div class='ocr_carea' id='block_1_38' title="bbox 535 2190 2120 2262">
    <p class='ocr_par' dir='ltr' id='par_1_38' title="bbox 535 2190 2120 2262">
     <span class='ocr_line' id='line_1_38' title="bbox 535 2190 2120 2262; baseline -0.003 -16"><span class='ocrx_word' id='word_1_260' title='bbox 535 2192 851 2248; x_wconf 88' lang='lat' dir='ltr'><strong>inferiorem</strong></span> <span class='ocrx_word' id='word_1_261' title='bbox 883 2192 1357 2262; x_wconf 78' lang='lat' dir='ltr'><strong>inﬁrmioremque</strong></span> <span class='ocrx_word' id='word_1_262' title='bbox 1394 2207 1543 2253; x_wconf 87' lang='lat' dir='ltr'><strong>esse.</strong></span> <span class='ocrx_word' id='word_1_263' title='bbox 1583 2190 1678 2246; x_wconf 88' lang='lat' dir='ltr'><strong>sed</strong></span> <span class='ocrx_word' id='word_1_264' title='bbox 1725 2190 1923 2261; x_wconf 88' lang='lat' dir='ltr'><strong>quovis</strong></span> <span class='ocrx_word' id='word_1_265' title='bbox 1951 2191 2120 2244; x_wconf 87' lang='lat' dir='ltr'><strong>etiam</strong></span> 
     </span>
    </p>
   </div>
   <div class='ocr_carea' id='block_1_39' title="bbox 533 2281 2120 2351">
    <p class='ocr_par' dir='ltr' id='par_1_39' title="bbox 533 2281 2120 2351">
     <span class='ocr_line' id='line_1_39' title="bbox 533 2281 2120 2351; baseline -0.001 -18"><span class='ocrx_word' id='word_1_266' title='bbox 533 2282 795 2348; x_wconf 86' lang='lat' dir='ltr'><strong>homine;</strong></span> <span class='ocrx_word' id='word_1_267' title='bbox 838 2282 943 2336; x_wconf 92' lang='lat' dir='ltr'><strong>hoc</strong></span> <span class='ocrx_word' id='word_1_268' title='bbox 969 2282 1115 2337; x_wconf 93' lang='lat' dir='ltr'><strong>enim</strong></span> <span class='ocrx_word' id='word_1_269' title='bbox 1147 2296 1510 2351; x_wconf 73' lang='lat' dir='ltr'><strong>cognoscens,</strong></span> <span class='ocrx_word' id='word_1_270' title='bbox 1551 2281 1860 2351; x_wconf 89' lang='lat' dir='ltr'><strong>discipulus</strong></span> <span class='ocrx_word' id='word_1_271' title='bbox 1930 2294 2120 2335; x_wconf 85' lang='lat' dir='ltr'><strong>revera</strong></span> 
     </span>
    </p>
   </div>
   <div class='ocr_carea' id='block_1_40' title="bbox 533 2371 2119 2443">
    <p class='ocr_par' dir='ltr' id='par_1_40' title="bbox 533 2371 2119 2443">
     <span class='ocr_line' id='line_1_40' title="bbox 533 2371 2119 2443; baseline -0.002 -14"><span class='ocrx_word' id='word_1_272' title='bbox 533 2374 742 2429; x_wconf 88' lang='lat' dir='ltr'><strong>Christi</strong></span> <span class='ocrx_word' id='word_1_273' title='bbox 773 2375 897 2429; x_wconf 83' lang='lat' dir='ltr'><strong>erit.</strong></span> <span class='ocrx_word' id='word_1_274' title='bbox 926 2375 1061 2428; x_wconf 89' lang='lat' dir='ltr'><strong>Cum</strong></span> <span class='ocrx_word' id='word_1_275' title='bbox 1113 2388 1244 2443; x_wconf 82' lang='lat' dir='ltr'><strong>ergo</strong></span> <span class='ocrx_word' id='word_1_276' title='bbox 1277 2373 1606 2427; x_wconf 88' lang='lat' dir='ltr'><strong>humilitatis</strong></span> <span class='ocrx_word' id='word_1_277' title='bbox 1642 2371 1854 2428; x_wconf 83' lang='lat' dir='ltr'><strong>fructus</strong></span> <span class='ocrx_word' id='word_1_278' title='bbox 1905 2372 2119 2435; x_wconf 89' lang='lat' dir='ltr'><strong>sciatis,</strong></span> 
     </span>
    </p>
   </div>
   <div class='ocr_carea' id='block_1_41' title="bbox 533 2460 2122 2528">
    <p class='ocr_par' dir='ltr' id='par_1_41' title="bbox 533 2460 2122 2528">
     <span class='ocr_line' id='line_1_41' title="bbox 533 2460 2122 2528; baseline -0.003 -9"><span class='ocrx_word' id='word_1_279' title='bbox 533 2474 588 2519; x_wconf 88' lang='lat' dir='ltr'><strong>et</strong></span> <span class='ocrx_word' id='word_1_280' title='bbox 623 2465 801 2521; x_wconf 86' lang='lat' dir='ltr'><strong>fastus</strong></span> <span class='ocrx_word' id='word_1_281' title='bbox 832 2466 1115 2528; x_wconf 86' lang='lat' dir='ltr'><strong>damnum,</strong></span> <span class='ocrx_word' id='word_1_282' title='bbox 1145 2463 1437 2518; x_wconf 88' lang='lat' dir='ltr'><strong>imitamini</strong></span> <span class='ocrx_word' id='word_1_283' title='bbox 1475 2464 1788 2526; x_wconf 91' lang='lat' dir='ltr'><strong>Dominum,</strong></span> <span class='ocrx_word' id='word_1_284' title='bbox 1825 2470 1882 2517; x_wconf 88' lang='lat' dir='ltr'><strong>ct</strong></span> <span class='ocrx_word' id='word_1_285' title='bbox 1919 2477 2028 2516; x_wconf 91' lang='lat' dir='ltr'><strong>uno</strong></span> <span class='ocrx_word' id='word_1_286' title='bbox 2064 2460 2122 2515; x_wconf 86' lang='lat' dir='ltr'><strong>in</strong></span> 
     </span>
    </p>
   </div>
   <div class='ocr_carea' id='block_1_42' title="bbox 533 2556 2124 2629">
    <p class='ocr_par' dir='ltr' id='par_1_42' title="bbox 533 2556 2124 2629">
     <span class='ocr_line' id='line_1_42' title="bbox 533 2556 2124 2629; baseline -0.001 -15"><span class='ocrx_word' id='word_1_287' title='bbox 533 2574 767 2629; x_wconf 87' lang='lat' dir='ltr'><strong>corpore</strong></span> <span class='ocrx_word' id='word_1_288' title='bbox 789 2568 952 2628; x_wconf 90' lang='lat' dir='ltr'><strong>atque</strong></span> <span class='ocrx_word' id='word_1_289' title='bbox 982 2557 1164 2610; x_wconf 89' lang='lat' dir='ltr'><strong>anima</strong></span> <span class='ocrx_word' id='word_1_290' title='bbox 1201 2571 1309 2610; x_wconf 89' lang='lat' dir='ltr'><strong>una</strong></span> <span class='ocrx_word' id='word_1_291' title='bbox 1342 2556 1410 2610; x_wconf 89' lang='lat' dir='ltr'><strong>ad</strong></span> <span class='ocrx_word' id='word_1_292' title='bbox 1448 2570 1746 2625; x_wconf 87' lang='lat' dir='ltr'><strong>supernam</strong></span> <span class='ocrx_word' id='word_1_293' title='bbox 1778 2556 2124 2612; x_wconf 86' lang='lat' dir='ltr'><strong>vocationem</strong></span> 
     </span>
    </p>
   </div>
   <div class='ocr_carea' id='block_1_43' title="bbox 535 2647 2122 2720">
    <p class='ocr_par' dir='ltr' id='par_1_43' title="bbox 535 2647 2122 2720">
     <span class='ocr_line' id='line_1_43' title="bbox 535 2647 2122 2720; baseline -0.003 -14"><span class='ocrx_word' id='word_1_294' title='bbox 535 2652 766 2714; x_wconf 84' lang='lat' dir='ltr'><strong>currite,</strong></span> <span class='ocrx_word' id='word_1_295' title='bbox 834 2649 1124 2720; x_wconf 78' lang='lat' dir='ltr'><strong>diligentes</strong></span> <span class='ocrx_word' id='word_1_296' title='bbox 1182 2647 1352 2703; x_wconf 89' lang='lat' dir='ltr'><strong>Deum</strong></span> <span class='ocrx_word' id='word_1_297' title='bbox 1401 2656 1455 2704; x_wconf 92' lang='lat' dir='ltr'><strong>et</strong></span> <span class='ocrx_word' id='word_1_298' title='bbox 1506 2663 1604 2702; x_wconf 90' lang='lat' dir='ltr'><strong>vos</strong></span> <span class='ocrx_word' id='word_1_299' title='bbox 1656 2648 1913 2702; x_wconf 81' lang='lat' dir='ltr'><strong>invicem.</strong></span> <span class='ocrx_word' id='word_1_300' title='bbox 1984 2647 2122 2704; x_wconf 81' lang='lat' dir='ltr'><strong>Nam</strong></span> 
     </span>
    </p>
   </div>
   <div class='ocr_carea' id='block_1_44' title="bbox 527 2739 2124 2816">
    <p class='ocr_par' dir='ltr' id='par_1_44' title="bbox 527 2739 2124 2816">
     <span class='ocr_line' id='line_1_44' title="bbox 527 2739 2124 2816; baseline -0.002 -19"><span class='ocrx_word' id='word_1_301' title='bbox 527 2757 692 2816; x_wconf 44' lang='lat' dir='ltr'><strong>.amor</strong></span> <span class='ocrx_word' id='word_1_302' title='bbox 725 2749 779 2795; x_wconf 88' lang='lat' dir='ltr'><strong>et</strong></span> <span class='ocrx_word' id='word_1_303' title='bbox 831 2741 995 2795; x_wconf 89' lang='lat' dir='ltr'><strong>timor</strong></span> <span class='ocrx_word' id='word_1_304' title='bbox 1059 2740 1272 2794; x_wconf 84' lang='lat' dir='ltr'><strong>Domini</strong></span> <span class='ocrx_word' id='word_1_305' title='bbox 1316 2741 1554 2810; x_wconf 88' lang='lat' dir='ltr'><strong>primum</strong></span> <span class='ocrx_word' id='word_1_306' title='bbox 1592 2739 1727 2808; x_wconf 81' lang='lat' dir='ltr'><strong>legis</strong></span> <span class='ocrx_word' id='word_1_307' title='bbox 1756 2739 2124 2808; x_wconf 84' lang='lat' dir='ltr'><strong>complemen-</strong></span> 
     </span>
    </p>
   </div>
   <div class='ocr_carea' id='block_1_45' title="bbox 538 2830 2120 2900">
    <p class='ocr_par' dir='ltr' id='par_1_45' title="bbox 538 2830 2120 2900">
     <span class='ocr_line' id='line_1_45' title="bbox 538 2830 2120 2900; baseline -0.001 -13"><span class='ocrx_word' id='word_1_308' title='bbox 538 2844 652 2888; x_wconf 89' lang='lat' dir='ltr'><strong>tum</strong></span> <span class='ocrx_word' id='word_1_309' title='bbox 677 2843 781 2890; x_wconf 87' lang='lat' dir='ltr'><strong>est.</strong></span> <span class='ocrx_word' id='word_1_310' title='bbox 821 2831 1213 2888; x_wconf 86' lang='lat' dir='ltr'><strong>Verumtamen</strong></span> <span class='ocrx_word' id='word_1_311' title='bbox 1246 2848 1356 2886; x_wconf 90' lang='lat' dir='ltr'><strong>non</strong></span> <span class='ocrx_word' id='word_1_312' title='bbox 1385 2830 1737 2900; x_wconf 89' lang='lat' dir='ltr'><strong>simpliciter,</strong></span> <span class='ocrx_word' id='word_1_313' title='bbox 1775 2846 1952 2900; x_wconf 85' lang='lat' dir='ltr'><strong>neque</strong></span> <span class='ocrx_word' id='word_1_314' title='bbox 2000 2830 2120 2886; x_wconf 87' lang='lat' dir='ltr'><strong>for-</strong></span> 
     </span>
    </p>
   </div>
   <div class='ocr_carea' id='block_1_46' title="bbox 538 2921 2123 2991">
    <p class='ocr_par' dir='ltr' id='par_1_46' title="bbox 538 2921 2123 2991">
     <span class='ocr_line' id='line_1_46' title="bbox 538 2921 2123 2991; baseline -0.003 -12"><span class='ocrx_word' id='word_1_315' title='bbox 538 2924 678 2979; x_wconf 89' lang='lat' dir='ltr'><strong>tuito</strong></span> <span class='ocrx_word' id='word_1_316' title='bbox 723 2923 884 2978; x_wconf 90' lang='lat' dir='ltr'><strong>nobis</strong></span> <span class='ocrx_word' id='word_1_317' title='bbox 937 2921 1205 2977; x_wconf 89' lang='lat' dir='ltr'><strong>adversus</strong></span> <span class='ocrx_word' id='word_1_318' title='bbox 1251 2921 1422 2976; x_wconf 90' lang='lat' dir='ltr'><strong>Deum</strong></span> <span class='ocrx_word' id='word_1_319' title='bbox 1478 2921 1724 2974; x_wconf 88' lang='lat' dir='ltr'><strong>charitas</strong></span> <span class='ocrx_word' id='word_1_320' title='bbox 1781 2921 1895 2975; x_wconf 90' lang='lat' dir='ltr'><strong>indi</strong></span> <span class='ocrx_word' id='word_1_321' title='bbox 1957 2929 2123 2991; x_wconf 86' lang='lat' dir='ltr'><strong>atque</strong></span> 
     </span>
    </p>
   </div>
   <div class='ocr_carea' id='block_1_47' title="bbox 539 3012 2122 3083">
    <p class='ocr_par' dir='ltr' id='par_1_47' title="bbox 539 3012 2122 3083">
     <span class='ocr_line' id='line_1_47' title="bbox 539 3012 2122 3083; baseline -0.001 -13"><span class='ocrx_word' id='word_1_322' title='bbox 539 3016 706 3072; x_wconf 88' lang='lat' dir='ltr'><strong>inseri</strong></span> <span class='ocrx_word' id='word_1_323' title='bbox 762 3014 922 3080; x_wconf 90' lang='lat' dir='ltr'><strong>solet,</strong></span> <span class='ocrx_word' id='word_1_324' title='bbox 977 3014 1072 3070; x_wconf 92' lang='lat' dir='ltr'><strong>sed</strong></span> <span class='ocrx_word' id='word_1_325' title='bbox 1123 3028 1218 3083; x_wconf 90' lang='lat' dir='ltr'><strong>per</strong></span> <span class='ocrx_word' id='word_1_326' title='bbox 1262 3013 1481 3068; x_wconf 84' lang='lat' dir='ltr'><strong>labores</strong></span> <span class='ocrx_word' id='word_1_327' title='bbox 1534 3012 1739 3067; x_wconf 87' lang='lat' dir='ltr'><strong>multos</strong></span> <span class='ocrx_word' id='word_1_328' title='bbox 1791 3019 1846 3066; x_wconf 89' lang='lat' dir='ltr'><strong>et</strong></span> <span class='ocrx_word' id='word_1_329' title='bbox 1893 3027 2122 3082; x_wconf 75' lang='lat' dir='ltr'><strong>magnas</strong></span> 
     </span>
    </p>
   </div>
   <div class='ocr_carea' id='block_1_48' title="bbox 538 3102 2126 3174">
    <p class='ocr_par' dir='ltr' id='par_1_48' title="bbox 538 3102 2126 3174">
     <span class='ocr_line' id='line_1_48' title="bbox 538 3102 2126 3174; baseline -0.003 -12"><span class='ocrx_word' id='word_1_330' title='bbox 538 3121 723 3173; x_wconf 89' lang='lat' dir='ltr'><strong>curas,</strong></span> <span class='ocrx_word' id='word_1_331' title='bbox 764 3113 818 3161; x_wconf 93' lang='lat' dir='ltr'><strong>et</strong></span> <span class='ocrx_word' id='word_1_332' title='bbox 861 3105 1303 3174; x_wconf 57' lang='lat' dir='ltr'><strong>coorierationem</strong></span> <span class='ocrx_word' id='word_1_333' title='bbox 1347 3104 1574 3168; x_wconf 87' lang='lat' dir='ltr'><strong>Christi,</strong></span> <span class='ocrx_word' id='word_1_334' title='bbox 1618 3112 1783 3174; x_wconf 91' lang='lat' dir='ltr'><strong>prout</strong></span> <span class='ocrx_word' id='word_1_335' title='bbox 1835 3104 1974 3158; x_wconf 80' lang='lat' dir='ltr'><strong>dixit</strong></span> <span class='ocrx_word' id='word_1_336' title='bbox 2024 3102 2126 3158; x_wconf 88' lang='lat' dir='ltr'><strong>Sa-</strong></span> 
     </span>
    </p>
   </div>
   <div class='ocr_carea' id='block_1_49' title="bbox 541 3195 2120 3271">
    <p class='ocr_par' dir='ltr' id='par_1_49' title="bbox 541 3195 2120 3271">
     <span class='ocr_line' id='line_1_49' title="bbox 541 3195 2120 3271; baseline -0.003 -18"><span class='ocrx_word' id='word_1_337' title='bbox 541 3200 770 3271; x_wconf 87' lang='lat' dir='ltr'><strong>pientia,</strong></span> <span class='ocrx_word' id='word_1_338' title='bbox 831 3217 847 3248; x_wconf 80' lang='grc' dir='ltr'><strong>ι</strong></span> <span class='ocrx_word' id='word_1_339' title='bbox 890 3195 945 3250; x_wconf 90' lang='lat' dir='ltr'><strong>Si</strong></span> <span class='ocrx_word' id='word_1_340' title='bbox 989 3197 1157 3262; x_wconf 88' lang='lat' dir='ltr'><strong>enim,</strong></span> <span class='ocrx_word' id='word_1_341' title='bbox 1203 3216 1222 3247; x_wconf 74' lang='grc' dir='ltr'><strong>ι</strong></span> <span class='ocrx_word' id='word_1_342' title='bbox 1279 3197 1480 3267; x_wconf 88' lang='lat' dir='ltr'><strong>inquit,</strong></span> <span class='ocrx_word' id='word_1_343' title='bbox 1538 3213 1556 3248; x_wconf 83' lang='grc' dir='ltr'><strong>ι</strong></span> <span class='ocrx_word' id='word_1_344' title='bbox 1623 3196 1916 3266; x_wconf 66' lang='lat' dir='ltr'><strong>quaesieris</strong></span> <span class='ocrx_word' id='word_1_345' title='bbox 1975 3211 2120 3262; x_wconf 88' lang='lat' dir='ltr'><strong>eam,</strong></span> 
     </span>
    </p>
   </div>
   <div class='ocr_carea' id='block_1_50' title="bbox 539 3286 2120 3362">
    <p class='ocr_par' dir='ltr' id='par_1_50' title="bbox 539 3286 2120 3362">
     <span class='ocr_line' id='line_1_50' title="bbox 539 3286 2120 3362; baseline -0.001 -18"><span class='ocrx_word' id='word_1_346' title='bbox 539 3293 696 3362; x_wconf 88' lang='lat' dir='ltr'><strong>quasi</strong></span> <span class='ocrx_word' id='word_1_347' title='bbox 729 3290 1038 3361; x_wconf 88' lang='lat' dir='ltr'><strong>pecuniam,</strong></span> <span class='ocrx_word' id='word_1_348' title='bbox 1069 3298 1124 3342; x_wconf 92' lang='lat' dir='ltr'><strong>ct</strong></span> <span class='ocrx_word' id='word_1_349' title='bbox 1159 3287 1302 3342; x_wconf 87' lang='lat' dir='ltr'><strong>sicut</strong></span> <span class='ocrx_word' id='word_1_350' title='bbox 1335 3289 1626 3343; x_wconf 86' lang='lat' dir='ltr'><strong>thesauros</strong></span> <span class='ocrx_word' id='word_1_351' title='bbox 1656 3286 1912 3343; x_wconf 65' lang='lat' dir='ltr'><strong>eﬂ‘oderis</strong></span> <span class='ocrx_word' id='word_1_352' title='bbox 1944 3288 2120 3354; x_wconf 90' lang='lat' dir='ltr'><strong>illam,</strong></span> 
     </span>
    </p>
   </div>
   <div class='ocr_carea' id='block_1_51' title="bbox 537 3379 2124 3455">
    <p class='ocr_par' dir='ltr' id='par_1_51' title="bbox 537 3379 2124 3455">
     <span class='ocr_line' id='line_1_51' title="bbox 537 3379 2124 3455; baseline -0.003 -17"><span class='ocrx_word' id='word_1_353' title='bbox 537 3393 673 3438; x_wconf 90' lang='lat' dir='ltr'><strong>tunc</strong></span> <span class='ocrx_word' id='word_1_354' title='bbox 704 3383 974 3455; x_wconf 78' lang='lat' dir='ltr'><strong>intelliges</strong></span> <span class='ocrx_word' id='word_1_355' title='bbox 1009 3382 1262 3436; x_wconf 90' lang='lat' dir='ltr'><strong>timorem</strong></span> <span class='ocrx_word' id='word_1_356' title='bbox 1297 3379 1534 3444; x_wconf 86' lang='lat' dir='ltr'><strong>Domini,</strong></span> <span class='ocrx_word' id='word_1_357' title='bbox 1590 3388 1643 3434; x_wconf 88' lang='lat' dir='ltr'><strong>et</strong></span> <span class='ocrx_word' id='word_1_358' title='bbox 1677 3379 1966 3435; x_wconf 87' lang='lat' dir='ltr'><strong>scientiam</strong></span> <span class='ocrx_word' id='word_1_359' title='bbox 2029 3379 2124 3435; x_wconf 89' lang='lat' dir='ltr'><strong>Dei</strong></span> 
     </span>
    </p>
   </div>
   <div class='ocr_carea' id='block_1_52' title="bbox 540 3493 2122 3564">
    <p class='ocr_par' dir='ltr' id='par_1_52' title="bbox 540 3493 2122 3564">
     <span class='ocr_line' id='line_1_52' title="bbox 540 3493 2122 3564; baseline -0.003 -10"><span class='ocrx_word' id='word_1_360' title='bbox 540 3497 791 3554; x_wconf 83' lang='lat' dir='ltr'><strong>invenies</strong></span> <span class='ocrx_word' id='word_1_361' title='bbox 813 3495 880 3550; x_wconf 70' lang='lat'><strong>”.</strong></span> <span class='ocrx_word' id='word_1_362' title='bbox 919 3515 938 3548; x_wconf 71' lang='grc' dir='ltr'><strong>ι</strong></span> <span class='ocrx_word' id='word_1_363' title='bbox 989 3495 1281 3564; x_wconf 81' lang='lat' dir='ltr'><strong>Agnitione</strong></span> <span class='ocrx_word' id='word_1_364' title='bbox 1313 3510 1444 3550; x_wconf 90' lang='lat' dir='ltr'><strong>vero</strong></span> <span class='ocrx_word' id='word_1_365' title='bbox 1501 3493 1594 3548; x_wconf 85' lang='lat' dir='ltr'><strong>Dei</strong></span> <span class='ocrx_word' id='word_1_366' title='bbox 1660 3495 1902 3559; x_wconf 77' lang='lat' dir='ltr'><strong>iuventa,</strong></span> <span class='ocrx_word' id='word_1_367' title='bbox 1955 3495 2122 3550; x_wconf 91' lang='lat' dir='ltr'><strong>etiam</strong></span> 
     </span>
    </p>
   </div>
   <div class='ocr_carea' id='block_1_53' title="bbox 543 3584 2128 3658">
    <p class='ocr_par' dir='ltr' id='par_1_53' title="bbox 543 3584 2128 3658">
     <span class='ocr_line' id='line_1_53' title="bbox 543 3584 2128 3658; baseline -0.003 -11"><span class='ocrx_word' id='word_1_368' title='bbox 543 3584 755 3647; x_wconf 80' lang='lat' dir='ltr'><strong>metum</strong></span> <span class='ocrx_word' id='word_1_369' title='bbox 818 3588 982 3644; x_wconf 87' lang='lat' dir='ltr'><strong>facile</strong></span> <span class='ocrx_word' id='word_1_370' title='bbox 1034 3586 1491 3658; x_wconf 88' lang='lat' dir='ltr'><strong>comprehendes,</strong></span> <span class='ocrx_word' id='word_1_371' title='bbox 1550 3595 1604 3641; x_wconf 89' lang='lat' dir='ltr'><strong>et</strong></span> <span class='ocrx_word' id='word_1_372' title='bbox 1668 3587 1814 3657; x_wconf 89' lang='lat' dir='ltr'><strong>quod</strong></span> <span class='ocrx_word' id='word_1_373' title='bbox 1877 3588 2128 3657; x_wconf 88' lang='lat' dir='ltr'><strong>sequitur</strong></span> 
     </span>
    </p>
   </div>
   <div class='ocr_carea' id='block_1_54' title="bbox 559 3677 2128 3752">
    <p class='ocr_par' dir='ltr' id='par_1_54' title="bbox 559 3677 2128 3752">
     <span class='ocr_line' id='line_1_54' title="bbox 559 3677 2128 3752; baseline -0.003 -14"><span class='ocrx_word' id='word_1_374' title='bbox 559 3691 708 3740; x_wconf 80' lang='lat' dir='ltr'><strong>recte</strong></span> <span class='ocrx_word' id='word_1_375' title='bbox 750 3680 1022 3752; x_wconf 82' lang='lat' dir='ltr'><strong>perficies,</strong></span> <span class='ocrx_word' id='word_1_376' title='bbox 1062 3679 1384 3734; x_wconf 88' lang='lat' dir='ltr'><strong>charitatem</strong></span> <span class='ocrx_word' id='word_1_377' title='bbox 1425 3679 1550 3734; x_wconf 90' lang='lat' dir='ltr'><strong>dico</strong></span> <span class='ocrx_word' id='word_1_378' title='bbox 1577 3677 1632 3733; x_wconf 91' lang='lat' dir='ltr'><strong>in</strong></span> <span class='ocrx_word' id='word_1_379' title='bbox 1667 3679 1953 3746; x_wconf 87' lang='lat' dir='ltr'><strong>vicinum;</strong></span> <span class='ocrx_word' id='word_1_380' title='bbox 1999 3693 2128 3734; x_wconf 90' lang='lat' dir='ltr'><strong>nam</strong></span> 
     </span>
    </p>
   </div>
   <div class='ocr_carea' id='block_1_55' title="bbox 542 3771 2119 3844">
    <p class='ocr_par' dir='ltr' id='par_1_55' title="bbox 542 3771 2119 3844">
     <span class='ocr_line' id='line_1_55' title="bbox 542 3771 2119 3844; baseline -0.005 -12"><span class='ocrx_word' id='word_1_381' title='bbox 542 3792 668 3832; x_wconf 89' lang='lat' dir='ltr'><strong>cum</strong></span> <span class='ocrx_word' id='word_1_382' title='bbox 699 3776 932 3844; x_wconf 84' lang='lat' dir='ltr'><strong>primum</strong></span> <span class='ocrx_word' id='word_1_383' title='bbox 963 3780 1018 3827; x_wconf 87' lang='lat' dir='ltr'><strong>et</strong></span> <span class='ocrx_word' id='word_1_384' title='bbox 1063 3787 1320 3842; x_wconf 77' lang='lat' dir='ltr'><strong>magnum</strong></span> <span class='ocrx_word' id='word_1_385' title='bbox 1374 3771 1563 3825; x_wconf 85' lang='lat' dir='ltr'><strong>labore</strong></span> <span class='ocrx_word' id='word_1_386' title='bbox 1595 3780 1976 3839; x_wconf 88' lang='lat' dir='ltr'><strong>comparatum</strong></span> <span class='ocrx_word' id='word_1_387' title='bbox 2011 3779 2119 3835; x_wconf 88' lang='lat' dir='ltr'><strong>est,</strong></span> 
     </span>
    </p>
   </div>
   <div class='ocr_carea' id='block_1_56' title="bbox 2221 1991 3804 2075">
    <p class='ocr_par' dir='ltr' id='par_1_56' title="bbox 2221 1991 3804 2075">
     <span class='ocr_line' id='line_1_56' title="bbox 2221 1991 3804 2075; baseline -0.013 -11"><span class='ocrx_word' id='word_1_388' title='bbox 2221 2010 2361 2064; x_wconf 81' lang='grc' dir='ltr'><strong>ἀλλά</strong></span> <span class='ocrx_word' id='word_1_389' title='bbox 2400 2009 2494 2062; x_wconf 65' lang='grc' dir='ltr'>καὶ</span> <span class='ocrx_word' id='word_1_390' title='bbox 2530 2005 2731 2068; x_wconf 85' lang='grc' dir='ltr'>παντὸς</span> <span class='ocrx_word' id='word_1_391' title='bbox 2767 2000 3060 2075; x_wconf 85' lang='grc' dir='ltr'>ἀνθρώπου</span> <span class='ocrx_word' id='word_1_392' title='bbox 3083 2017 3097 2031; x_wconf 77' lang='grc'><strong>’</strong></span> <span class='ocrx_word' id='word_1_393' title='bbox 3138 1997 3299 2052; x_wconf 83' lang='grc' dir='ltr'>τοῦτο</span> <span class='ocrx_word' id='word_1_394' title='bbox 3337 1995 3447 2066; x_wconf 86' lang='grc' dir='ltr'>γὰρ</span> <span class='ocrx_word' id='word_1_395' title='bbox 3487 1991 3804 2062; x_wconf 83' lang='grc' dir='ltr'>γινώσκων,</span> 
     </span>
    </p>
   </div>
   <div class='ocr_carea' id='block_1_57' title="bbox 2226 2082 3808 2176">
    <p class='ocr_par' dir='ltr' id='par_1_57' title="bbox 2226 2082 3808 2176">
     <span class='ocr_line' id='line_1_57' title="bbox 2226 2082 3808 2176; baseline -0.015 -17"><span class='ocrx_word' id='word_1_396' title='bbox 2226 2103 2476 2176; x_wconf 78' lang='grc' dir='ltr'>μαθητὴς</span> <span class='ocrx_word' id='word_1_397' title='bbox 2499 2101 2652 2154; x_wconf 81' lang='grc' dir='ltr'>ἔσται</span> <span class='ocrx_word' id='word_1_398' title='bbox 2671 2098 2839 2159; x_wconf 76' lang='grc' dir='ltr'>ὅντως</span> <span class='ocrx_word' id='word_1_399' title='bbox 2859 2092 3121 2167; x_wconf 86' lang='grc' dir='ltr'>Χριστοῦ.</span> <span class='ocrx_word' id='word_1_400' title='bbox 3156 2091 3370 2152; x_wconf 87' lang='grc' dir='ltr'>Είδότες</span> <span class='ocrx_word' id='word_1_401' title='bbox 3393 2082 3486 2141; x_wconf 87' lang='grc' dir='ltr'><strong>οῦν</strong></span> <span class='ocrx_word' id='word_1_402' title='bbox 3505 2089 3609 2156; x_wconf 85' lang='grc' dir='ltr'>τῆς</span> <span class='ocrx_word' id='word_1_403' title='bbox 3631 2100 3808 2138; x_wconf 72' lang='grc' dir='ltr'><strong>ἰἀπει⁵</strong></span> 
     </span>
    </p>
   </div>
   <div class='ocr_carea' id='block_1_58' title="bbox 2222 2177 3806 2270">
    <p class='ocr_par' dir='ltr' id='par_1_58' title="bbox 2222 2177 3806 2270">
     <span class='ocr_line' id='line_1_58' title="bbox 2222 2177 3806 2270; baseline -0.015 -18"><span class='ocrx_word' id='word_1_404' title='bbox 2222 2199 2444 2270; x_wconf 90' lang='grc' dir='ltr'>νότητος</span> <span class='ocrx_word' id='word_1_405' title='bbox 2473 2194 2599 2257; x_wconf 73' lang='grc' dir='ltr'>τοὺς</span> <span class='ocrx_word' id='word_1_406' title='bbox 2629 2191 2896 2262; x_wconf 79' lang='grc' dir='ltr'>καρποὺς,</span> <span class='ocrx_word' id='word_1_407' title='bbox 2930 2189 3024 2241; x_wconf 73' lang='grc' dir='ltr'><strong>καὶ</strong></span> <span class='ocrx_word' id='word_1_408' title='bbox 3039 2185 3139 2257; x_wconf 79' lang='grc' dir='ltr'>τὴν</span> <span class='ocrx_word' id='word_1_409' title='bbox 3162 2183 3366 2254; x_wconf 79' lang='grc' dir='ltr'>ζημίαν</span> <span class='ocrx_word' id='word_1_410' title='bbox 3391 2178 3487 2232; x_wconf 86' lang='grc' dir='ltr'><strong>τοῦ</strong></span> <span class='ocrx_word' id='word_1_411' title='bbox 3507 2177 3704 2246; x_wconf 71' lang='grc' dir='ltr'>τύφου,</span> <span class='ocrx_word' id='word_1_412' title='bbox 3725 2194 3806 2246; x_wconf 89' lang='grc' dir='ltr'>μι-</span> 
     </span>
    </p>
   </div>
   <div class='ocr_carea' id='block_1_59' title="bbox 2227 2269 3802 2361">
    <p class='ocr_par' dir='ltr' id='par_1_59' title="bbox 2227 2269 3802 2361">
     <span class='ocr_line' id='line_1_59' title="bbox 2227 2269 3802 2361; baseline -0.013 -19"><span class='ocrx_word' id='word_1_413' title='bbox 2227 2269 2475 2361; x_wconf 84' lang='grc' dir='ltr'>μήσασθε</span> <span class='ocrx_word' id='word_1_414' title='bbox 2499 2285 2590 2338; x_wconf 88' lang='grc' dir='ltr'><strong>τὸν</strong></span> <span class='ocrx_word' id='word_1_415' title='bbox 2610 2283 2887 2353; x_wconf 87' lang='grc' dir='ltr'>Δεσπότην</span> <span class='ocrx_word' id='word_1_416' title='bbox 2907 2320 2923 2347; x_wconf 89' lang='grc'><strong>,</strong></span> <span class='ocrx_word' id='word_1_417' title='bbox 2954 2278 3048 2334; x_wconf 71' lang='grc' dir='ltr'><strong>καὶ</strong></span> <span class='ocrx_word' id='word_1_418' title='bbox 3067 2277 3148 2331; x_wconf 68' lang='grc' dir='ltr'>ἐνὶ</span> <span class='ocrx_word' id='word_1_419' title='bbox 3174 2274 3388 2345; x_wconf 86' lang='grc' dir='ltr'>σώματι</span> <span class='ocrx_word' id='word_1_420' title='bbox 3409 2273 3504 2326; x_wconf 75' lang='grc' dir='ltr'><strong>καὶ</strong></span> <span class='ocrx_word' id='word_1_421' title='bbox 3535 2271 3637 2341; x_wconf 75' lang='grc' dir='ltr'>μιᾷ</span> <span class='ocrx_word' id='word_1_422' title='bbox 3668 2269 3802 2340; x_wconf 74' lang='grc' dir='ltr'>ψυχῇ</span> 
     </span>
    </p>
   </div>
   <div class='ocr_carea' id='block_1_60' title="bbox 2223 2361 3807 2451">
    <p class='ocr_par' dir='ltr' id='par_1_60' title="bbox 2223 2361 3807 2451">
     <span class='ocr_line' id='line_1_60' title="bbox 2223 2361 3807 2451; baseline -0.013 -18"><span class='ocrx_word' id='word_1_423' title='bbox 2223 2381 2452 2451; x_wconf 82' lang='grc' dir='ltr'>χωρεῖτε</span> <span class='ocrx_word' id='word_1_424' title='bbox 2485 2376 2624 2447; x_wconf 86' lang='grc' dir='ltr'>πρὸς</span> <span class='ocrx_word' id='word_1_425' title='bbox 2658 2375 2760 2445; x_wconf 80' lang='grc' dir='ltr'><strong>τὴν</strong></span> <span class='ocrx_word' id='word_1_426' title='bbox 2789 2371 2902 2426; x_wconf 82' lang='grc' dir='ltr'>ἄνω</span> <span class='ocrx_word' id='word_1_427' title='bbox 2941 2370 3159 2441; x_wconf 84' lang='grc' dir='ltr'>κλῆσιν,</span> <span class='ocrx_word' id='word_1_428' title='bbox 3201 2364 3528 2435; x_wconf 85' lang='grc' dir='ltr'>ἀγαπῶντες</span> <span class='ocrx_word' id='word_1_429' title='bbox 3553 2363 3646 2416; x_wconf 87' lang='grc' dir='ltr'><strong>τὸν</strong></span> <span class='ocrx_word' id='word_1_430' title='bbox 3683 2361 3807 2415; x_wconf 85' lang='grc' dir='ltr'>Θεὸν</span> 
     </span>
    </p>
   </div>
   <div class='ocr_carea' id='block_1_61' title="bbox 2223 2451 3802 2542">
    <p class='ocr_par' dir='ltr' id='par_1_61' title="bbox 2223 2451 3802 2542">
     <span class='ocr_line' id='line_1_61' title="bbox 2223 2451 3802 2542; baseline -0.013 -15"><span class='ocrx_word' id='word_1_431' title='bbox 2223 2474 2318 2528; x_wconf 68' lang='grc' dir='ltr'><strong>καὶ</strong></span> <span class='ocrx_word' id='word_1_432' title='bbox 2350 2469 2636 2542; x_wconf 80' lang='grc' dir='ltr'>ἀλλήλους.</span> <span class='ocrx_word' id='word_1_433' title='bbox 2675 2465 2890 2536; x_wconf 79' lang='grc' dir='ltr'>’Δγάπη</span> <span class='ocrx_word' id='word_1_434' title='bbox 2918 2461 3028 2532; x_wconf 83' lang='grc' dir='ltr'>γὰρ</span> <span class='ocrx_word' id='word_1_435' title='bbox 3049 2461 3143 2515; x_wconf 73' lang='grc' dir='ltr'>καὶ</span> <span class='ocrx_word' id='word_1_436' title='bbox 3176 2459 3340 2529; x_wconf 75' lang='grc' dir='ltr'>φόϐος</span> <span class='ocrx_word' id='word_1_437' title='bbox 3368 2459 3396 2511; x_wconf 87' lang='grc' dir='ltr'><strong>ό</strong></span> <span class='ocrx_word' id='word_1_438' title='bbox 3424 2457 3568 2529; x_wconf 79' lang='grc' dir='ltr'>πρὸς</span> <span class='ocrx_word' id='word_1_439' title='bbox 3587 2451 3802 2527; x_wconf 78' lang='grc' dir='ltr'>Κύριον,</span> 
     </span>
    </p>
   </div>
   <div class='ocr_carea' id='block_1_62' title="bbox 2223 2546 3804 2638">
    <p class='ocr_par' dir='ltr' id='par_1_62' title="bbox 2223 2546 3804 2638">
     <span class='ocr_line' id='line_1_62' title="bbox 2223 2546 3804 2638; baseline -0.012 -19"><span class='ocrx_word' id='word_1_440' title='bbox 2223 2567 2284 2620; x_wconf 87' lang='grc' dir='ltr'><strong>τὸ</strong></span> <span class='ocrx_word' id='word_1_441' title='bbox 2300 2564 2515 2638; x_wconf 90' lang='grc' dir='ltr'>πρῶτον</span> <span class='ocrx_word' id='word_1_442' title='bbox 2535 2560 2630 2615; x_wconf 87' lang='grc' dir='ltr'><strong>τοῦ</strong></span> <span class='ocrx_word' id='word_1_443' title='bbox 2653 2559 2819 2630; x_wconf 84' lang='grc' dir='ltr'>νόμου</span> <span class='ocrx_word' id='word_1_444' title='bbox 2847 2555 2964 2610; x_wconf 74' lang='grc' dir='ltr'>ἐστὶ</span> <span class='ocrx_word' id='word_1_445' title='bbox 2991 2553 3290 2624; x_wconf 83' lang='grc' dir='ltr'>πλήρωμα.</span> <span class='ocrx_word' id='word_1_446' title='bbox 3310 2549 3459 2620; x_wconf 83' lang='grc' dir='ltr'>Πλὴν</span> <span class='ocrx_word' id='word_1_447' title='bbox 3479 2549 3587 2620; x_wconf 84' lang='grc' dir='ltr'><strong>οὑχ</strong></span> <span class='ocrx_word' id='word_1_448' title='bbox 3610 2546 3804 2610; x_wconf 82' lang='grc' dir='ltr'>ἁπλῶς,</span> 
     </span>
    </p>
   </div>
   <div class='ocr_carea' id='block_1_63' title="bbox 2224 2638 3807 2726">
    <p class='ocr_par' dir='ltr' id='par_1_63' title="bbox 2224 2638 3807 2726">
     <span class='ocr_line' id='line_1_63' title="bbox 2224 2638 3807 2726; baseline -0.015 -12"><span class='ocrx_word' id='word_1_449' title='bbox 2224 2659 2344 2714; x_wconf 80' lang='grc' dir='ltr'>οὑδὲ</span> <span class='ocrx_word' id='word_1_450' title='bbox 2373 2654 2693 2726; x_wconf 79' lang='grc' dir='ltr'>αὐτομάτως</span> <span class='ocrx_word' id='word_1_451' title='bbox 2723 2653 2855 2722; x_wconf 79' lang='grc' dir='ltr'>ἡμῖν</span> <span class='ocrx_word' id='word_1_452' title='bbox 2890 2652 2924 2720; x_wconf 79' lang='grc' dir='ltr'><strong>ἡ</strong></span> <span class='ocrx_word' id='word_1_453' title='bbox 2965 2647 3103 2720; x_wconf 87' lang='grc' dir='ltr'>πρὸς</span> <span class='ocrx_word' id='word_1_454' title='bbox 3133 2645 3266 2699; x_wconf 85' lang='grc' dir='ltr'>Θεὸν</span> <span class='ocrx_word' id='word_1_455' title='bbox 3291 2644 3480 2713; x_wconf 82' lang='grc' dir='ltr'>ἀγάπη</span> <span class='ocrx_word' id='word_1_456' title='bbox 3505 2638 3807 2719; x_wconf 85' lang='grc' dir='ltr'>ἐγγίνεσθαι</span> 
     </span>
    </p>
   </div>
   <div class='ocr_carea' id='block_1_64' title="bbox 2224 2732 3809 2820">
    <p class='ocr_par' dir='ltr' id='par_1_64' title="bbox 2224 2732 3809 2820">
     <span class='ocr_line' id='line_1_64' title="bbox 2224 2732 3809 2820; baseline -0.015 -16"><span class='ocrx_word' id='word_1_457' title='bbox 2224 2750 2490 2820; x_wconf 74' lang='grc' dir='ltr'>πέφυκεν,</span> <span class='ocrx_word' id='word_1_458' title='bbox 2523 2745 2661 2799; x_wconf 87' lang='grc' dir='ltr'><strong>ἀλλά</strong></span> <span class='ocrx_word' id='word_1_459' title='bbox 2689 2743 2777 2796; x_wconf 83' lang='grc' dir='ltr'>διὰ</span> <span class='ocrx_word' id='word_1_460' title='bbox 2813 2738 3023 2793; x_wconf 87' lang='grc' dir='ltr'>πολλῶν</span> <span class='ocrx_word' id='word_1_461' title='bbox 3054 2738 3232 2791; x_wconf 88' lang='grc' dir='ltr'>πόνων</span> <span class='ocrx_word' id='word_1_462' title='bbox 3260 2735 3355 2788; x_wconf 79' lang='grc' dir='ltr'>καὶ</span> <span class='ocrx_word' id='word_1_463' title='bbox 3380 2732 3635 2805; x_wconf 77' lang='grc' dir='ltr'>μεγάλων</span> <span class='ocrx_word' id='word_1_464' title='bbox 3659 2745 3809 2801; x_wconf 80' lang='grc' dir='ltr'>φρον-</span> 
     </span>
    </p>
   </div>
   <div class='ocr_carea' id='block_1_65' title="bbox 2224 2821 3810 2906">
    <p class='ocr_par' dir='ltr' id='par_1_65' title="bbox 2224 2821 3810 2906">
     <span class='ocr_line' id='line_1_65' title="bbox 2224 2821 3810 2906; baseline -0.016 -9"><span class='ocrx_word' id='word_1_465' title='bbox 2224 2845 2408 2904; x_wconf 87' lang='grc' dir='ltr'>τίδων,</span> <span class='ocrx_word' id='word_1_466' title='bbox 2439 2839 2534 2893; x_wconf 74' lang='grc' dir='ltr'>καὶ</span> <span class='ocrx_word' id='word_1_467' title='bbox 2565 2832 2859 2906; x_wconf 82' lang='grc' dir='ltr'>συνεργίας</span> <span class='ocrx_word' id='word_1_468' title='bbox 2884 2830 2986 2900; x_wconf 81' lang='grc' dir='ltr'>τῆς</span> <span class='ocrx_word' id='word_1_469' title='bbox 3016 2827 3112 2882; x_wconf 88' lang='grc' dir='ltr'><strong>τοῦ</strong></span> <span class='ocrx_word' id='word_1_470' title='bbox 3143 2825 3381 2899; x_wconf 79' lang='grc' dir='ltr'>Χριστοῦ</span> <span class='ocrx_word' id='word_1_471' title='bbox 3402 2866 3417 2890; x_wconf 92' lang='grc'><strong>,</strong></span> <span class='ocrx_word' id='word_1_472' title='bbox 3451 2822 3642 2886; x_wconf 83' lang='grc' dir='ltr'>καθὼς</span> <span class='ocrx_word' id='word_1_473' title='bbox 3670 2821 3810 2891; x_wconf 77' lang='grc' dir='ltr'>εἴρη-</span> 
     </span>
    </p>
   </div>
   <div class='ocr_carea' id='block_1_66' title="bbox 2225 2913 3798 3003">
    <p class='ocr_par' dir='ltr' id='par_1_66' title="bbox 2225 2913 3798 3003">
     <span class='ocr_line' id='line_1_66' title="bbox 2225 2913 3798 3003; baseline -0.015 -16"><span class='ocrx_word' id='word_1_474' title='bbox 2225 2934 2386 3003; x_wconf 83' lang='grc' dir='ltr'>κενὴ</span> <span class='ocrx_word' id='word_1_475' title='bbox 2430 2930 2620 2999; x_wconf 79' lang='grc' dir='ltr'>Σοφία.</span> <span class='ocrx_word' id='word_1_476' title='bbox 2665 2945 2684 2979; x_wconf 74' lang='grc' dir='ltr'><strong>ι</strong></span> <span class='ocrx_word' id='word_1_477' title='bbox 2729 2925 2858 2979; x_wconf 72' lang='grc' dir='ltr'>Ἐὰν</span> <span class='ocrx_word' id='word_1_478' title='bbox 2883 2923 2988 2995; x_wconf 85' lang='grc' dir='ltr'>γὰρ</span> <span class='ocrx_word' id='word_1_479' title='bbox 3032 2922 3275 2994; x_wconf 80' lang='grc' dir='ltr'>ζητήσης</span> <span class='ocrx_word' id='word_1_480' title='bbox 3319 2916 3511 2989; x_wconf 75' lang='grc' dir='ltr'>αὐτὴν,</span> <span class='ocrx_word' id='word_1_481' title='bbox 3564 2933 3584 2966; x_wconf 73' lang='grc' dir='ltr'><strong>ι</strong></span> <span class='ocrx_word' id='word_1_482' title='bbox 3621 2913 3798 2983; x_wconf 75' lang='grc' dir='ltr'>φησιν,</span> 
     </span>
    </p>
   </div>
   <div class='ocr_carea' id='block_1_67' title="bbox 2232 3008 3800 3092">
    <p class='ocr_par' dir='ltr' id='par_1_67' title="bbox 2232 3008 3800 3092">
     <span class='ocr_line' id='line_1_67' title="bbox 2232 3008 3800 3092; baseline -0.014 -14"><span class='ocrx_word' id='word_1_483' title='bbox 2232 3045 2250 3078; x_wconf 78' lang='grc' dir='ltr'><strong>ι</strong></span> <span class='ocrx_word' id='word_1_484' title='bbox 2290 3025 2367 3087; x_wconf 84' lang='grc' dir='ltr'>ὡς</span> <span class='ocrx_word' id='word_1_485' title='bbox 2419 3021 2706 3092; x_wconf 87' lang='grc' dir='ltr'>ἀργύριον,</span> <span class='ocrx_word' id='word_1_486' title='bbox 2760 3016 2858 3069; x_wconf 77' lang='grc' dir='ltr'>καὶ</span> <span class='ocrx_word' id='word_1_487' title='bbox 2905 3015 2984 3077; x_wconf 84' lang='grc' dir='ltr'>ὠς</span> <span class='ocrx_word' id='word_1_488' title='bbox 3034 3011 3342 3084; x_wconf 78' lang='grc' dir='ltr'>θησαυροὺς</span> <span class='ocrx_word' id='word_1_489' title='bbox 3401 3008 3800 3092; x_wconf 68' lang='grc' dir='ltr'>ἐξερευνήσῃς,</span> 
     </span>
    </p>
   </div>
   <div class='ocr_carea' id='block_1_68' title="bbox 2225 3090 3806 3184">
    <p class='ocr_par' dir='ltr' id='par_1_68' title="bbox 2225 3090 3806 3184">
     <span class='ocr_line' id='line_1_68' title="bbox 2225 3090 3806 3184; baseline -0.017 -13"><span class='ocrx_word' id='word_1_490' title='bbox 2225 3117 2350 3171; x_wconf 86' lang='grc' dir='ltr'>τότε</span> <span class='ocrx_word' id='word_1_491' title='bbox 2394 3090 2708 3184; x_wconf 71' lang='grc' dir='ltr'>συννοήσεις</span> <span class='ocrx_word' id='word_1_492' title='bbox 2737 3108 2901 3178; x_wconf 75' lang='grc' dir='ltr'>φόϐον</span> <span class='ocrx_word' id='word_1_493' title='bbox 2937 3105 3164 3177; x_wconf 78' lang='grc' dir='ltr'>Κυρίου,</span> <span class='ocrx_word' id='word_1_494' title='bbox 3209 3103 3307 3156; x_wconf 72' lang='grc' dir='ltr'>καὶ</span> <span class='ocrx_word' id='word_1_495' title='bbox 3339 3101 3643 3169; x_wconf 83' lang='grc' dir='ltr'>ἐπίγνωσιν</span> <span class='ocrx_word' id='word_1_496' title='bbox 3683 3090 3806 3149; x_wconf 85' lang='grc' dir='ltr'>Θεοῦ</span> 
     </span>
    </p>
   </div>
   <div class='ocr_carea' id='block_1_69' title="bbox 2229 3192 3801 3280">
    <p class='ocr_par' dir='ltr' id='par_1_69' title="bbox 2229 3192 3801 3280">
     <span class='ocr_line' id='line_1_69' title="bbox 2229 3192 3801 3280; baseline -0.014 -17"><span class='ocrx_word' id='word_1_497' title='bbox 2229 3210 2502 3280; x_wconf 74' lang='grc' dir='ltr'>εὑρήσεις.</span> <span class='ocrx_word' id='word_1_498' title='bbox 2546 3225 2564 3257; x_wconf 78' lang='grc' dir='ltr'><strong>ι</strong></span> <span class='ocrx_word' id='word_1_499' title='bbox 2591 3203 2727 3257; x_wconf 87' lang='grc' dir='ltr'>Θεοῦ</span> <span class='ocrx_word' id='word_1_500' title='bbox 2751 3202 2808 3255; x_wconf 83' lang='grc' dir='ltr'><strong>δέ</strong></span> <span class='ocrx_word' id='word_1_501' title='bbox 2831 3200 3128 3269; x_wconf 85' lang='grc' dir='ltr'>ἐπίγνωσιν</span> <span class='ocrx_word' id='word_1_502' title='bbox 3163 3194 3360 3268; x_wconf 82' lang='grc' dir='ltr'>εὑρὼν,</span> <span class='ocrx_word' id='word_1_503' title='bbox 3384 3194 3480 3246; x_wconf 78' lang='grc' dir='ltr'>καὶ</span> <span class='ocrx_word' id='word_1_504' title='bbox 3503 3192 3672 3262; x_wconf 81' lang='grc' dir='ltr'>φόϐον</span> <span class='ocrx_word' id='word_1_505' title='bbox 3698 3203 3801 3241; x_wconf 84' lang='grc' dir='ltr'>συν·</span> 
     </span>
    </p>
   </div>
   <div class='ocr_carea' id='block_1_70' title="bbox 2229 3286 3808 3374">
    <p class='ocr_par' dir='ltr' id='par_1_70' title="bbox 2229 3286 3808 3374">
     <span class='ocr_line' id='line_1_70' title="bbox 2229 3286 3808 3374; baseline -0.013 -17"><span class='ocrx_word' id='word_1_506' title='bbox 2229 3304 2444 3374; x_wconf 79' lang='grc' dir='ltr'>νοήσεις</span> <span class='ocrx_word' id='word_1_507' title='bbox 2489 3299 2707 3371; x_wconf 76' lang='grc' dir='ltr'>ῥᾳδίως,</span> <span class='ocrx_word' id='word_1_508' title='bbox 2739 3297 2832 3350; x_wconf 73' lang='grc' dir='ltr'><strong>καὶ</strong></span> <span class='ocrx_word' id='word_1_509' title='bbox 2862 3295 2923 3349; x_wconf 86' lang='grc' dir='ltr'><strong>τὸ</strong></span> <span class='ocrx_word' id='word_1_510' title='bbox 2949 3294 3148 3365; x_wconf 81' lang='grc' dir='ltr'>ἐφεξῆς</span> <span class='ocrx_word' id='word_1_511' title='bbox 3167 3288 3580 3362; x_wconf 71' lang='grc' dir='ltr'>κατορθώσεις,</span> <span class='ocrx_word' id='word_1_512' title='bbox 3608 3286 3666 3341; x_wconf 88' lang='grc' dir='ltr'><strong>τὸ</strong></span> <span class='ocrx_word' id='word_1_513' title='bbox 3685 3286 3808 3352; x_wconf 82' lang='grc' dir='ltr'>ἀγα-</span> 
     </span>
    </p>
   </div>
   <div class='ocr_carea' id='block_1_71' title="bbox 2232 3377 3806 3467">
    <p class='ocr_par' dir='ltr' id='par_1_71' title="bbox 2232 3377 3806 3467">
     <span class='ocr_line' id='line_1_71' title="bbox 2232 3377 3806 3467; baseline -0.015 -17"><span class='ocrx_word' id='word_1_514' title='bbox 2232 3398 2362 3467; x_wconf 77' lang='grc' dir='ltr'>πᾷν,</span> <span class='ocrx_word' id='word_1_515' title='bbox 2384 3393 2548 3463; x_wconf 81' lang='grc' dir='ltr'>λέγω,</span> <span class='ocrx_word' id='word_1_516' title='bbox 2564 3391 2657 3446; x_wconf 89' lang='grc' dir='ltr'><strong>τὸν</strong></span> <span class='ocrx_word' id='word_1_517' title='bbox 2681 3389 2909 3461; x_wconf 89' lang='grc' dir='ltr'>πλησίον</span> <span class='ocrx_word' id='word_1_518' title='bbox 2925 3405 2939 3418; x_wconf 78' lang='grc' dir='ltr'><strong><em>ο</em></strong></span> <span class='ocrx_word' id='word_1_519' title='bbox 2971 3386 3066 3440; x_wconf 89' lang='grc' dir='ltr'><strong>τοῦ</strong></span> <span class='ocrx_word' id='word_1_520' title='bbox 3089 3385 3198 3456; x_wconf 82' lang='grc' dir='ltr'><strong>γὰρ</strong></span> <span class='ocrx_word' id='word_1_521' title='bbox 3220 3383 3436 3454; x_wconf 82' lang='grc' dir='ltr'>πρώτου</span> <span class='ocrx_word' id='word_1_522' title='bbox 3461 3381 3560 3435; x_wconf 69' lang='grc' dir='ltr'><strong>καὶ</strong></span> <span class='ocrx_word' id='word_1_523' title='bbox 3589 3377 3806 3467; x_wconf 72' lang='grc' dir='ltr'>μεγάλου</span> 
     </span>
    </p>
   </div>
   <div class='ocr_carea' id='block_1_72' title="bbox 2234 3465 3808 3560">
    <p class='ocr_par' dir='ltr' id='par_1_72' title="bbox 2234 3465 3808 3560">
     <span class='ocr_line' id='line_1_72' title="bbox 2234 3465 3808 3560; baseline -0.015 -17"><span class='ocrx_word' id='word_1_524' title='bbox 2234 3465 2385 3560; x_wconf 79' lang='grc' dir='ltr'>πόνῳ</span> <span class='ocrx_word' id='word_1_525' title='bbox 2414 3486 2709 3557; x_wconf 86' lang='grc' dir='ltr'>κτηθέντος</span> <span class='ocrx_word' id='word_1_526' title='bbox 2730 3523 2747 3548; x_wconf 86' lang='grc'><strong>,</strong></span> <span class='ocrx_word' id='word_1_527' title='bbox 2771 3483 2833 3534; x_wconf 91' lang='grc' dir='ltr'><strong>τὸ</strong></span> <span class='ocrx_word' id='word_1_528' title='bbox 2853 3480 3105 3551; x_wconf 87' lang='grc' dir='ltr'>δεύτερον</span> <span class='ocrx_word' id='word_1_529' title='bbox 3127 3477 3347 3531; x_wconf 71' lang='grc' dir='ltr'>ἔλαττον</span> <span class='ocrx_word' id='word_1_530' title='bbox 3375 3474 3456 3538; x_wconf 80' lang='grc' dir='ltr'><strong>δν,</strong></span> <span class='ocrx_word' id='word_1_531' title='bbox 3479 3465 3808 3540; x_wconf 73' lang='grc' dir='ltr'>ἀπονώτερόν</span> 
     </span>
    </p>
   </div>
   <div class='ocr_carea' id='block_1_73' title="bbox 2235 3563 3807 3644">
    <p class='ocr_par' dir='ltr' id='par_1_73' title="bbox 2235 3563 3807 3644">
     <span class='ocr_line' id='line_1_73' title="bbox 2235 3563 3807 3644; baseline -0.015 -7"><span class='ocrx_word' id='word_1_532' title='bbox 2235 3587 2414 3638; x_wconf 80' lang='grc' dir='ltr'>ἐστιν’</span> <span class='ocrx_word' id='word_1_533' title='bbox 2452 3581 2574 3634; x_wconf 77' lang='grc' dir='ltr'>ἐπεὶ</span> <span class='ocrx_word' id='word_1_534' title='bbox 2596 3581 2624 3632; x_wconf 77' lang='grc' dir='ltr'>ὁ</span> <span class='ocrx_word' id='word_1_535' title='bbox 2647 3577 2739 3631; x_wconf 90' lang='grc' dir='ltr'><strong>τὸν</strong></span> <span class='ocrx_word' id='word_1_536' title='bbox 2769 3576 2900 3630; x_wconf 82' lang='grc' dir='ltr'>Θεὸν</span> <span class='ocrx_word' id='word_1_537' title='bbox 2934 3575 3010 3644; x_wconf 86' lang='grc' dir='ltr'><strong>μὴ</strong></span> <span class='ocrx_word' id='word_1_538' title='bbox 3038 3570 3270 3641; x_wconf 84' lang='grc' dir='ltr'>ἀγαπῶν</span> <span class='ocrx_word' id='word_1_539' title='bbox 3295 3569 3355 3634; x_wconf 81' lang='grc' dir='ltr'>ἐξ</span> <span class='ocrx_word' id='word_1_540' title='bbox 3377 3568 3506 3639; x_wconf 84' lang='grc' dir='ltr'>ὅλης</span> <span class='ocrx_word' id='word_1_541' title='bbox 3550 3563 3772 3636; x_wconf 85' lang='grc' dir='ltr'>καρδίας</span> <span class='ocrx_word' id='word_1_542' title='bbox 3791 3597 3807 3623; x_wconf 83' lang='lat'><strong>,</strong></span> 
     </span>
    </p>
   </div>
   <div class='ocr_carea' id='block_1_74' title="bbox 2236 3656 3809 3744">
    <p class='ocr_par' dir='ltr' id='par_1_74' title="bbox 2236 3656 3809 3744">
     <span class='ocr_line' id='line_1_74' title="bbox 2236 3656 3809 3744; baseline -0.017 -13"><span class='ocrx_word' id='word_1_543' title='bbox 2236 3679 2333 3731; x_wconf 76' lang='grc' dir='ltr'>καὶ</span> <span class='ocrx_word' id='word_1_544' title='bbox 2361 3673 2422 3740; x_wconf 77' lang='grc' dir='ltr'><strong>ἐξ</strong></span> <span class='ocrx_word' id='word_1_545' title='bbox 2452 3674 2580 3744; x_wconf 81' lang='grc' dir='ltr'>ὅλης</span> <span class='ocrx_word' id='word_1_546' title='bbox 2596 3670 2856 3734; x_wconf 79' lang='grc' dir='ltr'>διανοίας,</span> <span class='ocrx_word' id='word_1_547' title='bbox 2890 3666 3008 3729; x_wconf 87' lang='grc' dir='ltr'><strong>πῶς</strong></span> <span class='ocrx_word' id='word_1_548' title='bbox 3041 3665 3108 3719; x_wconf 81' lang='grc' dir='ltr'><strong>ἀν</strong></span> <span class='ocrx_word' id='word_1_549' title='bbox 3131 3663 3302 3733; x_wconf 82' lang='grc' dir='ltr'>ὑγιῶς</span> <span class='ocrx_word' id='word_1_550' title='bbox 3326 3661 3422 3714; x_wconf 79' lang='grc' dir='ltr'>καὶ</span> <span class='ocrx_word' id='word_1_551' title='bbox 3459 3659 3666 3720; x_wconf 84' lang='grc' dir='ltr'>ἀδόλως</span> <span class='ocrx_word' id='word_1_552' title='bbox 3701 3656 3809 3707; x_wconf 86' lang='grc' dir='ltr'>ἐπι-</span> 
     </span>
    </p>
   </div>
   <div class='ocr_carea' id='block_1_75' title="bbox 2244 3757 3253 3842">
    <p class='ocr_par' dir='ltr' id='par_1_75' title="bbox 2244 3757 3253 3842">
     <span class='ocr_line' id='line_1_75' title="bbox 2244 3757 3253 3842; baseline -0.013 -19"><span class='ocrx_word' id='word_1_553' title='bbox 2244 3770 2459 3842; x_wconf 86' lang='grc' dir='ltr'>μελοῖτο</span> <span class='ocrx_word' id='word_1_554' title='bbox 2479 3767 2577 3835; x_wconf 84' lang='grc' dir='ltr'>τῆς</span> <span class='ocrx_word' id='word_1_555' title='bbox 2609 3763 2716 3816; x_wconf 88' lang='grc' dir='ltr'><strong>τῶν</strong></span> <span class='ocrx_word' id='word_1_556' title='bbox 2742 3757 2984 3828; x_wconf 77' lang='grc' dir='ltr'>ἀδελφῶν</span> <span class='ocrx_word' id='word_1_557' title='bbox 3004 3758 3253 3827; x_wconf 76' lang='grc' dir='ltr'>ἀγάπηςς</span> 
     </span>
    </p>
   </div>
   <div class='ocr_carea' id='block_1_76' title="bbox 545 3839 3806 3932">
    <p class='ocr_par' dir='ltr' id='par_1_76' title="bbox 545 3839 3806 3932">
     <span class='ocr_line' id='line_1_76' title="bbox 545 3839 3806 3932; baseline -0.009 -9"><span class='ocrx_word' id='word_1_558' title='bbox 545 3839 850 3923; x_wconf 78' lang='lat' dir='ltr'><strong>secundum</strong></span> <span class='ocrx_word' id='word_1_559' title='bbox 885 3861 1033 3932; x_wconf 88' lang='lat' dir='ltr'><strong>quod</strong></span> <span class='ocrx_word' id='word_1_560' title='bbox 1069 3839 1254 3919; x_wconf 76' lang='lat' dir='ltr'><strong>minus</strong></span> <span class='ocrx_word' id='word_1_561' title='bbox 1315 3867 1418 3925; x_wconf 86' lang='lat' dir='ltr'><strong>est,</strong></span> <span class='ocrx_word' id='word_1_562' title='bbox 1479 3859 1699 3914; x_wconf 87' lang='lat' dir='ltr'><strong>levioris</strong></span> <span class='ocrx_word' id='word_1_563' title='bbox 1732 3859 1940 3915; x_wconf 88' lang='lat' dir='ltr'><strong>laboris</strong></span> <span class='ocrx_word' id='word_1_564' title='bbox 1984 3868 2113 3917; x_wconf 88' lang='lat' dir='ltr'><strong>est:</strong></span> <span class='ocrx_word' id='word_1_565' title='bbox 2154 3839 2596 3931; x_wconf 73' lang='lat' dir='ltr'><strong>quandoquidem</strong></span> <span class='ocrx_word' id='word_1_566' title='bbox 2628 3853 2719 3924; x_wconf 90' lang='lat' dir='ltr'><strong>qui</strong></span> <span class='ocrx_word' id='word_1_567' title='bbox 2753 3849 2921 3906; x_wconf 90' lang='lat' dir='ltr'><strong>Deum</strong></span> <span class='ocrx_word' id='word_1_568' title='bbox 2977 3863 3086 3903; x_wconf 91' lang='lat' dir='ltr'><strong>non</strong></span> <span class='ocrx_word' id='word_1_569' title='bbox 3135 3853 3283 3900; x_wconf 89' lang='lat' dir='ltr'><strong>amat</strong></span> <span class='ocrx_word' id='word_1_570' title='bbox 3353 3860 3418 3902; x_wconf 81' lang='lat' dir='ltr'><strong>ex</strong></span> <span class='ocrx_word' id='word_1_571' title='bbox 3463 3851 3586 3899; x_wconf 84' lang='lat' dir='ltr'><strong>toto</strong></span> <span class='ocrx_word' id='word_1_572' title='bbox 3635 3839 3806 3906; x_wconf 86' lang='lat' dir='ltr'><strong>corde,</strong></span> 
     </span>
    </p>
   </div>
   <div class='ocr_carea' id='block_1_77' title="bbox 459 3943 3132 4042">
    <p class='ocr_par' dir='ltr' id='par_1_77' title="bbox 459 3943 3132 4042">
     <span class='ocr_line' id='line_1_77' title="bbox 459 3943 3132 4042; baseline -0.009 -23"><span class='ocrx_word' id='word_1_573' title='bbox 459 4037 466 4042; x_wconf 90' lang='lat'><em>_</em></span> <span class='ocrx_word' id='word_1_574' title='bbox 541 3970 596 4018; x_wconf 90' lang='lat' dir='ltr'><strong>ct</strong></span> <span class='ocrx_word' id='word_1_575' title='bbox 624 3978 691 4018; x_wconf 82' lang='lat' dir='ltr'><strong>ex</strong></span> <span class='ocrx_word' id='word_1_576' title='bbox 723 3967 837 4016; x_wconf 72' lang='lat' dir='ltr'><strong>tota</strong></span> <span class='ocrx_word' id='word_1_577' title='bbox 879 3966 1082 4026; x_wconf 88' lang='lat' dir='ltr'><strong>mente,</strong></span> <span class='ocrx_word' id='word_1_578' title='bbox 1133 3959 1358 4028; x_wconf 88' lang='lat' dir='ltr'><strong>quinam</strong></span> <span class='ocrx_word' id='word_1_579' title='bbox 1395 3953 1610 4010; x_wconf 89' lang='lat' dir='ltr'><strong>sincere</strong></span> <span class='ocrx_word' id='word_1_580' title='bbox 1652 3962 1706 4009; x_wconf 92' lang='lat' dir='ltr'><strong>et</strong></span> <span class='ocrx_word' id='word_1_581' title='bbox 1758 3955 1948 4010; x_wconf 87' lang='lat' dir='ltr'><strong>sedulo</strong></span> <span class='ocrx_word' id='word_1_582' title='bbox 1987 3955 2275 4013; x_wconf 84' lang='lat' dir='ltr'><strong>charitatis</strong></span> <span class='ocrx_word' id='word_1_583' title='bbox 2316 3957 2370 4010; x_wconf 92' lang='lat' dir='ltr'><strong>in</strong></span> <span class='ocrx_word' id='word_1_584' title='bbox 2405 3954 2604 4008; x_wconf 83' lang='lat' dir='ltr'><strong>fratres</strong></span> <span class='ocrx_word' id='word_1_585' title='bbox 2639 3962 2829 4004; x_wconf 92' lang='lat' dir='ltr'><strong>curam</strong></span> <span class='ocrx_word' id='word_1_586' title='bbox 2863 3943 3132 3998; x_wconf 84' lang='lat' dir='ltr'><strong>haberet?</strong></span> 
     </span>
    </p>
   </div>
   <div class='ocr_carea' id='block_1_78' title="bbox 617 4051 2137 4116">
    <p class='ocr_par' dir='ltr' id='par_1_78' title="bbox 617 4051 2137 4116">
     <span class='ocr_line' id='line_1_78' title="bbox 617 4051 2137 4116; baseline -0.003 -3"><span class='ocrx_word' id='word_1_587' title='bbox 617 4055 1100 4116; x_wconf 79' lang='lat' dir='ltr'><strong>Verumenimvero</strong></span> <span class='ocrx_word' id='word_1_588' title='bbox 1145 4070 1270 4110; x_wconf 91' lang='lat' dir='ltr'><strong>cum</strong></span> <span class='ocrx_word' id='word_1_589' title='bbox 1321 4051 1544 4107; x_wconf 77' lang='lat' dir='ltr'><strong>malitia:</strong></span> <span class='ocrx_word' id='word_1_590' title='bbox 1586 4051 1780 4106; x_wconf 84' lang='lat' dir='ltr'><strong>artifex</strong></span> <span class='ocrx_word' id='word_1_591' title='bbox 1817 4061 2010 4108; x_wconf 82' lang='lat' dir='ltr'><strong>nactus</strong></span> <span class='ocrx_word' id='word_1_592' title='bbox 2053 4062 2137 4108; x_wconf 88' lang='lat' dir='ltr'><strong>est</strong></span> 
     </span>
    </p>
   </div>
   <div class='ocr_carea' id='block_1_79' title="bbox 2306 4030 3806 4120">
    <p class='ocr_par' dir='ltr' id='par_1_79' title="bbox 2306 4030 3806 4120">
     <span class='ocr_line' id='line_1_79' title="bbox 2306 4030 3806 4120; baseline -0.015 -13"><span class='ocrx_word' id='word_1_593' title='bbox 2306 4053 2409 4106; x_wconf 88' lang='grc' dir='ltr'><strong>Τὸν</strong></span> <span class='ocrx_word' id='word_1_594' title='bbox 2433 4050 2490 4105; x_wconf 80' lang='grc' dir='ltr'>δὲ</span> <span class='ocrx_word' id='word_1_595' title='bbox 2526 4048 2602 4120; x_wconf 83' lang='grc' dir='ltr'>μὴ</span> <span class='ocrx_word' id='word_1_596' title='bbox 2633 4045 2730 4118; x_wconf 82' lang='grc' dir='ltr'>τὴν</span> <span class='ocrx_word' id='word_1_597' title='bbox 2761 4041 2936 4114; x_wconf 78' lang='grc' dir='ltr'>ψυχὴν</span> <span class='ocrx_word' id='word_1_598' title='bbox 2969 4041 3097 4111; x_wconf 84' lang='grc' dir='ltr'>ὅλην</span> <span class='ocrx_word' id='word_1_599' title='bbox 3139 4038 3456 4093; x_wconf 85' lang='grc' dir='ltr'>ἀποδιδόντα</span> <span class='ocrx_word' id='word_1_600' title='bbox 3487 4035 3608 4108; x_wconf 83' lang='grc' dir='ltr'>Θεῷ</span> <span class='ocrx_word' id='word_1_601' title='bbox 3634 4077 3648 4095; x_wconf 84' lang='grc'><strong>.</strong></span> <span class='ocrx_word' id='word_1_602' title='bbox 3686 4030 3806 4105; x_wconf 80' lang='grc' dir='ltr'>μηδὲ</span> 
     </span>
    </p>
   </div>
   <div class='ocr_carea' id='block_1_80' title="bbox 544 4123 2123 4223">
    <p class='ocr_par' dir='ltr' id='par_1_80' title="bbox 544 4144 2123 4223">
     <span class='ocr_line' id='line_1_80' title="bbox 544 4144 2123 4223; baseline -0.007 -14"><span class='ocrx_word' id='word_1_603' title='bbox 544 4169 670 4209; x_wconf 89' lang='lat' dir='ltr'><strong>eum</strong></span> <span class='ocrx_word' id='word_1_604' title='bbox 708 4153 799 4223; x_wconf 89' lang='lat' dir='ltr'><strong>qui</strong></span> <span class='ocrx_word' id='word_1_605' title='bbox 838 4159 1007 4206; x_wconf 89' lang='lat' dir='ltr'><strong>totam</strong></span> <span class='ocrx_word' id='word_1_606' title='bbox 1036 4148 1274 4202; x_wconf 90' lang='lat' dir='ltr'><strong>animam</strong></span> <span class='ocrx_word' id='word_1_607' title='bbox 1306 4144 1416 4200; x_wconf 90' lang='lat' dir='ltr'><strong>Deo</strong></span> <span class='ocrx_word' id='word_1_608' title='bbox 1448 4159 1556 4198; x_wconf 93' lang='lat' dir='ltr'><strong>non</strong></span> <span class='ocrx_word' id='word_1_609' title='bbox 1588 4144 1784 4212; x_wconf 87' lang='lat' dir='ltr'><strong>tradit,</strong></span> <span class='ocrx_word' id='word_1_610' title='bbox 1841 4151 1895 4198; x_wconf 92' lang='lat' dir='ltr'><strong>et</strong></span> <span class='ocrx_word' id='word_1_611' title='bbox 1929 4159 2123 4198; x_wconf 74' lang='lat' dir='ltr'><strong>vacuus</strong></span> 
     </span>
    </p>
   </div>
   <div class='ocr_carea' id='block_1_81' title="bbox 2225 4123 3809 4223">
    <p class='ocr_par' dir='ltr' id='par_1_81' title="bbox 2233 4123 3809 4217">
     <span class='ocr_line' id='line_1_81' title="bbox 2233 4123 3809 4217; baseline -0.014 -18"><span class='ocrx_word' id='word_1_612' title='bbox 2233 4145 2371 4217; x_wconf 83' lang='grc' dir='ltr'>πρὸς</span> <span class='ocrx_word' id='word_1_613' title='bbox 2401 4140 2499 4212; x_wconf 83' lang='grc' dir='ltr'><strong>τὴν</strong></span> <span class='ocrx_word' id='word_1_614' title='bbox 2528 4139 2735 4192; x_wconf 83' lang='grc' dir='ltr'>ἐκείνου</span> <span class='ocrx_word' id='word_1_615' title='bbox 2770 4130 3143 4202; x_wconf 79' lang='grc' dir='ltr'>κεκενωμένον</span> <span class='ocrx_word' id='word_1_616' title='bbox 3177 4129 3400 4200; x_wconf 82' lang='grc' dir='ltr'>ἀγάπην</span> <span class='ocrx_word' id='word_1_617' title='bbox 3419 4167 3434 4192; x_wconf 93' lang='grc'><strong>,</strong></span> <span class='ocrx_word' id='word_1_618' title='bbox 3463 4127 3639 4196; x_wconf 89' lang='grc' dir='ltr'>εὑρὼν</span> <span class='ocrx_word' id='word_1_619' title='bbox 3671 4127 3698 4178; x_wconf 85' lang='grc' dir='ltr'><strong>ὁ</strong></span> <span class='ocrx_word' id='word_1_620' title='bbox 3721 4123 3809 4193; x_wconf 81' lang='grc' dir='ltr'>τῆς</span> 
     </span>
    </p>
   </div>
   <div class='ocr_carea' id='block_1_82' title="bbox 543 4220 2123 4306">
    <p class='ocr_par' dir='ltr' id='par_1_82' title="bbox 543 4220 2123 4306">
     <span class='ocr_line' id='line_1_82' title="bbox 543 4220 2123 4306; baseline -0.006 -4"><span class='ocrx_word' id='word_1_621' title='bbox 543 4253 629 4302; x_wconf 91' lang='lat' dir='ltr'><strong>est</strong></span> <span class='ocrx_word' id='word_1_622' title='bbox 667 4220 1044 4299; x_wconf 38' lang='lat' dir='ltr'><strong>a—dilcctione</strong></span> <span class='ocrx_word' id='word_1_623' title='bbox 1088 4241 1252 4305; x_wconf 90' lang='lat' dir='ltr'><strong>illius,</strong></span> <span class='ocrx_word' id='word_1_624' title='bbox 1308 4237 1468 4292; x_wconf 90' lang='lat' dir='ltr'><strong>facile</strong></span> <span class='ocrx_word' id='word_1_625' title='bbox 1523 4237 1800 4306; x_wconf 88' lang='lat' dir='ltr'><strong>mancipat</strong></span> <span class='ocrx_word' id='word_1_626' title='bbox 1850 4243 1903 4290; x_wconf 90' lang='lat' dir='ltr'><strong>et</strong></span> <span class='ocrx_word' id='word_1_627' title='bbox 1952 4236 2123 4306; x_wconf 77' lang='lat' dir='ltr'><strong>pravis</strong></span> 
     </span>
    </p>
   </div>
   <div class='ocr_carea' id='block_1_83' title="bbox 2225 4220 3809 4306">
    <p class='ocr_par' dir='ltr' id='par_1_83' title="bbox 2232 4220 3809 4301">
     <span class='ocr_line' id='line_1_83' title="bbox 2232 4220 3809 4301; baseline -0.015 -11"><span class='ocrx_word' id='word_1_628' title='bbox 2232 4234 2432 4297; x_wconf 82' lang='grc' dir='ltr'>κακίας</span> <span class='ocrx_word' id='word_1_629' title='bbox 2483 4230 2732 4301; x_wconf 83' lang='grc' dir='ltr'>τεχνίτης</span> <span class='ocrx_word' id='word_1_630' title='bbox 2781 4223 3059 4297; x_wconf 88' lang='grc' dir='ltr'>χειροῦται</span> <span class='ocrx_word' id='word_1_631' title='bbox 3103 4221 3301 4294; x_wconf 76' lang='grc' dir='ltr'>ῥᾳδίως</span> <span class='ocrx_word' id='word_1_632' title='bbox 3333 4220 3614 4291; x_wconf 83' lang='grc' dir='ltr'>λογισμοῖς</span> <span class='ocrx_word' id='word_1_633' title='bbox 3656 4231 3809 4284; x_wconf 85' lang='grc' dir='ltr'>πονη·</span> 
     </span>
    </p>
   </div>
   <div class='ocr_carea' id='block_1_84' title="bbox 544 4303 2123 4409">
    <p class='ocr_par' dir='ltr' id='par_1_84' title="bbox 544 4303 2123 4409">
     <span class='ocr_line' id='line_1_84' title="bbox 544 4303 2123 4409; baseline -0.006 -17"><span class='ocrx_word' id='word_1_634' title='bbox 544 4336 970 4409; x_wconf 71' lang='lat' dir='ltr'><strong>cogitationibus</strong></span> <span class='ocrx_word' id='word_1_635' title='bbox 1006 4332 1342 4404; x_wconf 71' lang='lat' dir='ltr'><strong>przecipitem</strong></span> <span class='ocrx_word' id='word_1_636' title='bbox 1395 4331 1510 4398; x_wconf 90' lang='lat' dir='ltr'><strong>dat,</strong></span> <span class='ocrx_word' id='word_1_637' title='bbox 1561 4329 1690 4384; x_wconf 90' lang='lat' dir='ltr'><strong>dum</strong></span> <span class='ocrx_word' id='word_1_638' title='bbox 1709 4303 1874 4384; x_wconf 69' lang='lat' dir='ltr'><strong>hunc</strong></span> <span class='ocrx_word' id='word_1_639' title='bbox 1909 4303 2040 4382; x_wconf 77' lang='lat' dir='ltr'><strong>facit</strong></span> <span class='ocrx_word' id='word_1_640' title='bbox 2075 4336 2123 4382; x_wconf 92' lang='lat' dir='ltr'><strong>ul</strong></span> 
     </span>
    </p>
   </div>
   <div class='ocr_carea' id='block_1_85' title="bbox 2225 4303 3808 4409">
    <p class='ocr_par' dir='ltr' id='par_1_85' title="bbox 2236 4303 3808 4402">
     <span class='ocr_line' id='line_1_85' title="bbox 2236 4303 3808 4402; baseline -0.017 -19"><span class='ocrx_word' id='word_1_641' title='bbox 2236 4332 2346 4402; x_wconf 90' lang='grc' dir='ltr'>ροῖς</span> <span class='ocrx_word' id='word_1_642' title='bbox 2375 4322 2746 4387; x_wconf 78' lang='grc' dir='ltr'>ὑποσκελίζων</span> <span class='ocrx_word' id='word_1_643' title='bbox 2771 4360 2785 4385; x_wconf 93' lang='grc'><strong>,</strong></span> <span class='ocrx_word' id='word_1_644' title='bbox 2839 4316 2934 4370; x_wconf 93' lang='grc' dir='ltr'><strong>νῦν</strong></span> <span class='ocrx_word' id='word_1_645' title='bbox 2970 4315 3069 4388; x_wconf 81' lang='grc' dir='ltr'><strong>μὲν</strong></span> <span class='ocrx_word' id='word_1_646' title='bbox 3122 4313 3291 4385; x_wconf 82' lang='grc' dir='ltr'>βαρέα</span> <span class='ocrx_word' id='word_1_647' title='bbox 3324 4310 3608 4380; x_wconf 84' lang='grc' dir='ltr'>φαίνεσθαι</span> <span class='ocrx_word' id='word_1_648' title='bbox 3655 4303 3808 4360; x_wconf 83' lang='grc' dir='ltr'>ποιῶν</span> 
     </span>
    </p>
   </div>
   <div class='ocr_carea' id='block_1_86' title="bbox 544 4395 2123 4495">
    <p class='ocr_par' dir='ltr' id='par_1_86' title="bbox 544 4421 2123 4495">
     <span class='ocr_line' id='line_1_86' title="bbox 544 4421 2123 4495; baseline -0.005 -14"><span class='ocrx_word' id='word_1_649' title='bbox 544 4429 732 4495; x_wconf 79' lang='lat' dir='ltr'><strong>gravia</strong></span> <span class='ocrx_word' id='word_1_650' title='bbox 769 4427 1056 4481; x_wconf 90' lang='lat' dir='ltr'><strong>videantur</strong></span> <span class='ocrx_word' id='word_1_651' title='bbox 1087 4423 1388 4494; x_wconf 65' lang='lat' dir='ltr'><strong>Scriptura:</strong></span> <span class='ocrx_word' id='word_1_652' title='bbox 1420 4421 1696 4486; x_wconf 78' lang='lat' dir='ltr'><strong>mandata,</strong></span> <span class='ocrx_word' id='word_1_653' title='bbox 1736 4428 1792 4476; x_wconf 90' lang='lat' dir='ltr'><strong>et</strong></span> <span class='ocrx_word' id='word_1_654' title='bbox 1832 4434 2123 4475; x_wconf 86' lang='lat' dir='ltr'><strong>onerosum</strong></span> 
     </span>
    </p>
   </div>
   <div class='ocr_carea' id='block_1_87' title="bbox 2225 4395 3808 4495">
    <p class='ocr_par' dir='ltr' id='par_1_87' title="bbox 2235 4395 3808 4495">
     <span class='ocr_line' id='line_1_87' title="bbox 2235 4395 3808 4495; baseline -0.018 -20"><span class='ocrx_word' id='word_1_655' title='bbox 2235 4395 2305 4475; x_wconf 74' lang='grc' dir='ltr'>τὰ</span> <span class='ocrx_word' id='word_1_656' title='bbox 2342 4419 2442 4490; x_wconf 74' lang='grc' dir='ltr'>τῆς</span> <span class='ocrx_word' id='word_1_657' title='bbox 2486 4413 2710 4488; x_wconf 77' lang='grc' dir='ltr'>Γραφῆς</span> <span class='ocrx_word' id='word_1_658' title='bbox 2749 4409 3100 4478; x_wconf 85' lang='grc' dir='ltr'>ἐπιτάγματα</span> <span class='ocrx_word' id='word_1_659' title='bbox 3125 4444 3138 4468; x_wconf 89' lang='grc'><strong>,</strong></span> <span class='ocrx_word' id='word_1_660' title='bbox 3180 4405 3276 4458; x_wconf 76' lang='grc' dir='ltr'><strong>καὶ</strong></span> <span class='ocrx_word' id='word_1_661' title='bbox 3317 4402 3534 4473; x_wconf 84' lang='grc' dir='ltr'>ἐπαχθῆ</span> <span class='ocrx_word' id='word_1_662' title='bbox 3589 4395 3808 4495; x_wconf 46' lang='grc' dir='ltr'>τὴνῃείς</span> 
     </span>
    </p>
   </div>
   <div class='ocr_carea' id='block_1_88' title="bbox 549 4485 2123 4582">
    <p class='ocr_par' dir='ltr' id='par_1_88' title="bbox 549 4485 2123 4582">
     <span class='ocr_line' id='line_1_88' title="bbox 549 4485 2123 4582; baseline -0.004 -10"><span class='ocrx_word' id='word_1_663' title='bbox 549 4485 917 4572; x_wconf 67' lang='lat' dir='ltr'><strong>ministerium</strong></span> <span class='ocrx_word' id='word_1_664' title='bbox 969 4485 1234 4570; x_wconf 72' lang='lat' dir='ltr'><strong>fratribus</strong></span> <span class='ocrx_word' id='word_1_665' title='bbox 1267 4515 1593 4579; x_wconf 88' lang='lat' dir='ltr'><strong>exhibitum,</strong></span> <span class='ocrx_word' id='word_1_666' title='bbox 1641 4485 1805 4568; x_wconf 88' lang='lat' dir='ltr'><strong>modo</strong></span> <span class='ocrx_word' id='word_1_667' title='bbox 1835 4514 1902 4567; x_wconf 90' lang='lat' dir='ltr'><strong>ad</strong></span> <span class='ocrx_word' id='word_1_668' title='bbox 1934 4527 2123 4582; x_wconf 91' lang='lat' dir='ltr'><strong>super-</strong></span> 
     </span>
    </p>
   </div>
   <div class='ocr_carea' id='block_1_89' title="bbox 2225 4485 3809 4582">
    <p class='ocr_par' dir='ltr' id='par_1_89' title="bbox 2237 4485 3809 4574">
     <span class='ocr_line' id='line_1_89' title="bbox 2237 4485 3809 4574; baseline -0.017 -10"><span class='ocrx_word' id='word_1_669' title='bbox 2237 4510 2363 4571; x_wconf 78' lang='grc' dir='ltr'>τοὺς</span> <span class='ocrx_word' id='word_1_670' title='bbox 2395 4485 2657 4574; x_wconf 69' lang='grc' dir='ltr'>ἀδελιροὺς</span> <span class='ocrx_word' id='word_1_671' title='bbox 2690 4497 2986 4571; x_wconf 84' lang='grc' dir='ltr'>θεραπείαν</span> <span class='ocrx_word' id='word_1_672' title='bbox 3008 4513 3023 4527; x_wconf 90' lang='grc'><strong>·</strong></span> <span class='ocrx_word' id='word_1_673' title='bbox 3060 4493 3155 4548; x_wconf 91' lang='grc' dir='ltr'><strong>νῦν</strong></span> <span class='ocrx_word' id='word_1_674' title='bbox 3207 4493 3264 4546; x_wconf 80' lang='grc' dir='ltr'>δὲ</span> <span class='ocrx_word' id='word_1_675' title='bbox 3311 4493 3555 4564; x_wconf 83' lang='grc' dir='ltr'>ἐπαίρων</span> <span class='ocrx_word' id='word_1_676' title='bbox 3586 4491 3663 4552; x_wconf 89' lang='grc' dir='ltr'><strong>είς</strong></span> <span class='ocrx_word' id='word_1_677' title='bbox 3690 4485 3809 4539; x_wconf 64' lang='grc' dir='ltr'><strong>ἀλα⁸</strong></span> 
     </span>
    </p>
   </div>
   <div class='ocr_carea' id='block_1_90' title="bbox 545 4577 2123 4676">
    <p class='ocr_par' dir='ltr' id='par_1_90' title="bbox 545 4577 2123 4675">
     <span class='ocr_line' id='line_1_90' title="bbox 545 4577 2123 4675; baseline -0.005 -10"><span class='ocrx_word' id='word_1_678' title='bbox 545 4611 691 4666; x_wconf 87' lang='lat' dir='ltr'><strong>biam</strong></span> <span class='ocrx_word' id='word_1_679' title='bbox 735 4616 791 4664; x_wconf 90' lang='lat' dir='ltr'><strong>et</strong></span> <span class='ocrx_word' id='word_1_680' title='bbox 817 4607 1020 4663; x_wconf 88' lang='lat' dir='ltr'><strong>fastum</strong></span> <span class='ocrx_word' id='word_1_681' title='bbox 1055 4607 1267 4662; x_wconf 73' lang='lat' dir='ltr'><strong>extollit</strong></span> <span class='ocrx_word' id='word_1_682' title='bbox 1296 4607 1364 4660; x_wconf 89' lang='lat' dir='ltr'><strong>ab</strong></span> <span class='ocrx_word' id='word_1_683' title='bbox 1384 4606 1504 4675; x_wconf 91' lang='lat' dir='ltr'><strong>ipso</strong></span> <span class='ocrx_word' id='word_1_684' title='bbox 1533 4577 1586 4660; x_wconf 82' lang='lat' dir='ltr'><strong>in</strong></span> <span class='ocrx_word' id='word_1_685' title='bbox 1609 4620 1906 4660; x_wconf 90' lang='lat' dir='ltr'><strong>conservos</strong></span> <span class='ocrx_word' id='word_1_686' title='bbox 1934 4577 2123 4667; x_wconf 79' lang='lat' dir='ltr'><strong>ollicio1</strong></span> 
     </span>
    </p>
   </div>
   <div class='ocr_carea' id='block_1_91' title="bbox 2225 4577 3810 4676">
    <p class='ocr_par' dir='ltr' id='par_1_91' title="bbox 2241 4577 3810 4666">
     <span class='ocr_line' id='line_1_91' title="bbox 2241 4577 3810 4666; baseline -0.017 -12"><span class='ocrx_word' id='word_1_687' title='bbox 2241 4600 2450 4666; x_wconf 84' lang='grc' dir='ltr'>ζονείαν</span> <span class='ocrx_word' id='word_1_688' title='bbox 2487 4595 2579 4649; x_wconf 67' lang='grc' dir='ltr'>καὶ</span> <span class='ocrx_word' id='word_1_689' title='bbox 2602 4593 2770 4660; x_wconf 79' lang='grc' dir='ltr'>τῦφον</span> <span class='ocrx_word' id='word_1_690' title='bbox 2790 4591 2884 4642; x_wconf 83' lang='grc' dir='ltr'>ἀπ’</span> <span class='ocrx_word' id='word_1_691' title='bbox 2910 4589 3082 4657; x_wconf 80' lang='grc' dir='ltr'>αὑτῆς</span> <span class='ocrx_word' id='word_1_692' title='bbox 3105 4585 3208 4656; x_wconf 75' lang='grc' dir='ltr'>τῆς</span> <span class='ocrx_word' id='word_1_693' title='bbox 3239 4586 3320 4647; x_wconf 88' lang='grc' dir='ltr'><strong>είς</strong></span> <span class='ocrx_word' id='word_1_694' title='bbox 3347 4583 3474 4646; x_wconf 80' lang='grc' dir='ltr'>τοὺς</span> <span class='ocrx_word' id='word_1_695' title='bbox 3506 4577 3810 4652; x_wconf 81' lang='grc' dir='ltr'>ὁμοδούλους</span> 
     </span>
    </p>
   </div>
   <div class='ocr_carea' id='block_1_92' title="bbox 550 4695 2133 4774">
    <p class='ocr_par' dir='ltr' id='par_1_92' title="bbox 550 4695 2133 4774">
     <span class='ocr_line' id='line_1_92' title="bbox 550 4695 2133 4774; baseline -0.006 -16"><span class='ocrx_word' id='word_1_696' title='bbox 550 4711 609 4759; x_wconf 87' lang='grc' dir='ltr'><strong>ιιι</strong></span> <span class='ocrx_word' id='word_1_697' title='bbox 642 4701 872 4774; x_wconf 80' lang='lat' dir='ltr'><strong>gloriam</strong></span> <span class='ocrx_word' id='word_1_698' title='bbox 928 4699 998 4753; x_wconf 91' lang='lat' dir='ltr'><strong>ab</strong></span> <span class='ocrx_word' id='word_1_699' title='bbox 1051 4697 1365 4752; x_wconf 90' lang='lat' dir='ltr'><strong>hominibus</strong></span> <span class='ocrx_word' id='word_1_700' title='bbox 1419 4703 1648 4765; x_wconf 66' lang='lat' dir='ltr'><strong>quaerat,</strong></span> <span class='ocrx_word' id='word_1_701' title='bbox 1705 4704 1757 4750; x_wconf 91' lang='lat' dir='ltr'><strong>et</strong></span> <span class='ocrx_word' id='word_1_702' title='bbox 1790 4695 2056 4751; x_wconf 88' lang='lat' dir='ltr'><strong>honorem</strong></span> <span class='ocrx_word' id='word_1_703' title='bbox 2101 4708 2133 4748; x_wconf 89' lang='lat' dir='ltr'><strong>a</strong></span> 
     </span>
    </p>
   </div>
   <div class='ocr_carea' id='block_1_93' title="bbox 548 4787 2136 4863">
    <p class='ocr_par' dir='ltr' id='par_1_93' title="bbox 548 4787 2136 4863">
     <span class='ocr_line' id='line_1_93' title="bbox 548 4787 2136 4863; baseline -0.007 -12"><span class='ocrx_word' id='word_1_704' title='bbox 548 4796 814 4851; x_wconf 88' lang='lat' dir='ltr'><strong>fratribus</strong></span> <span class='ocrx_word' id='word_1_705' title='bbox 858 4793 1060 4863; x_wconf 74' lang='lat' dir='ltr'><strong>exigat,</strong></span> <span class='ocrx_word' id='word_1_706' title='bbox 1122 4790 1306 4860; x_wconf 90' lang='lat' dir='ltr'><strong>itaque</strong></span> <span class='ocrx_word' id='word_1_707' title='bbox 1331 4788 1630 4844; x_wconf 80' lang='lat' dir='ltr'><strong>infidelium</strong></span> <span class='ocrx_word' id='word_1_708' title='bbox 1659 4795 1779 4841; x_wconf 66' lang='lat' dir='ltr'><strong>acta</strong></span> <span class='ocrx_word' id='word_1_709' title='bbox 1818 4787 2021 4841; x_wconf 84' lang='lat' dir='ltr'><strong>ambiat</strong></span> <span class='ocrx_word' id='word_1_710' title='bbox 2079 4793 2136 4840; x_wconf 85' lang='lat' dir='ltr'><strong>et</strong></span> 
     </span>
    </p>
   </div>
   <div class='ocr_carea' id='block_1_94' title="bbox 547 4877 2138 4960">
    <p class='ocr_par' dir='ltr' id='par_1_94' title="bbox 547 4877 2138 4960">
     <span class='ocr_line' id='line_1_94' title="bbox 547 4877 2138 4960; baseline -0.009 -17"><span class='ocrx_word' id='word_1_711' title='bbox 547 4895 792 4960; x_wconf 74' lang='lat' dir='ltr'><strong>praestet.</strong></span> <span class='ocrx_word' id='word_1_712' title='bbox 843 4883 1056 4939; x_wconf 89' lang='lat' dir='ltr'><strong>Etenim</strong></span> <span class='ocrx_word' id='word_1_713' title='bbox 1089 4879 1326 4936; x_wconf 89' lang='lat' dir='ltr'><strong>inlidelis</strong></span> <span class='ocrx_word' id='word_1_714' title='bbox 1355 4879 1559 4948; x_wconf 88' lang='lat' dir='ltr'><strong>estqui</strong></span> <span class='ocrx_word' id='word_1_715' title='bbox 1594 4877 1867 4932; x_wconf 90' lang='lat' dir='ltr'><strong>humanos</strong></span> <span class='ocrx_word' id='word_1_716' title='bbox 1898 4890 1997 4946; x_wconf 90' lang='lat' dir='ltr'><strong>pro</strong></span> <span class='ocrx_word' id='word_1_717' title='bbox 2025 4889 2138 4930; x_wconf 72' lang='lat' dir='ltr'><strong>cm-</strong></span> 
     </span>
    </p>
   </div>
   <div class='ocr_carea' id='block_1_95' title="bbox 549 4965 2137 5042">
    <p class='ocr_par' dir='ltr' id='par_1_95' title="bbox 549 4965 2137 5042">
     <span class='ocr_line' id='line_1_95' title="bbox 549 4965 2137 5042; baseline -0.009 -6"><span class='ocrx_word' id='word_1_718' title='bbox 549 4982 782 5038; x_wconf 88' lang='lat' dir='ltr'><strong>lestibus</strong></span> <span class='ocrx_word' id='word_1_719' title='bbox 819 4978 1059 5032; x_wconf 89' lang='lat' dir='ltr'><strong>honores</strong></span> <span class='ocrx_word' id='word_1_720' title='bbox 1093 4980 1343 5036; x_wconf 88' lang='lat' dir='ltr'><strong>venatur,</strong></span> <span class='ocrx_word' id='word_1_721' title='bbox 1381 4966 1844 5042; x_wconf 89' lang='lat' dir='ltr'><strong>quemadmodum</strong></span> <span class='ocrx_word' id='word_1_722' title='bbox 1870 4965 2137 5022; x_wconf 86' lang='lat' dir='ltr'><strong>Dominus</strong></span> 
     </span>
    </p>
   </div>
   <div class='ocr_carea' id='block_1_96' title="bbox 549 5057 2139 5144">
    <p class='ocr_par' dir='ltr' id='par_1_96' title="bbox 549 5057 2139 5144">
     <span class='ocr_line' id='line_1_96' title="bbox 549 5057 2139 5144; baseline -0.01 -18"><span class='ocrx_word' id='word_1_723' title='bbox 549 5074 668 5144; x_wconf 87' lang='lat' dir='ltr'><strong>ipse</strong></span> <span class='ocrx_word' id='word_1_724' title='bbox 717 5069 917 5126; x_wconf 87' lang='lat' dir='ltr'><strong>alicubi</strong></span> <span class='ocrx_word' id='word_1_725' title='bbox 979 5067 1155 5122; x_wconf 89' lang='lat' dir='ltr'><strong>dicit:</strong></span> <span class='ocrx_word' id='word_1_726' title='bbox 1225 5083 1243 5116; x_wconf 76' lang='grc' dir='ltr'><strong>ι</strong></span> <span class='ocrx_word' id='word_1_727' title='bbox 1287 5061 1574 5131; x_wconf 87' lang='lat' dir='ltr'><strong>Quomodo</strong></span> <span class='ocrx_word' id='word_1_728' title='bbox 1631 5074 1730 5114; x_wconf 88' lang='lat' dir='ltr'><strong>vos</strong></span> <span class='ocrx_word' id='word_1_729' title='bbox 1762 5057 1990 5113; x_wconf 88' lang='lat' dir='ltr'><strong>credere</strong></span> <span class='ocrx_word' id='word_1_730' title='bbox 2047 5071 2139 5127; x_wconf 83' lang='lat' dir='ltr'><strong>po-</strong></span> 
     </span>
    </p>
   </div>
   <div class='ocr_carea' id='block_1_97' title="bbox 549 5146 2143 5232">
    <p class='ocr_par' dir='ltr' id='par_1_97' title="bbox 549 5146 2143 5232">
     <span class='ocr_line' id='line_1_97' title="bbox 549 5146 2143 5232; baseline -0.011 -14"><span class='ocrx_word' id='word_1_731' title='bbox 549 5165 737 5227; x_wconf 77' lang='lat' dir='ltr'><strong>testis,</strong></span> <span class='ocrx_word' id='word_1_732' title='bbox 802 5163 896 5232; x_wconf 90' lang='lat' dir='ltr'><strong>qui</strong></span> <span class='ocrx_word' id='word_1_733' title='bbox 930 5159 1159 5230; x_wconf 75' lang='lat' dir='ltr'><strong>gloriam</strong></span> <span class='ocrx_word' id='word_1_734' title='bbox 1201 5171 1232 5210; x_wconf 89' lang='lat' dir='ltr'><strong>a</strong></span> <span class='ocrx_word' id='word_1_735' title='bbox 1283 5155 1443 5210; x_wconf 78' lang='lat' dir='ltr'><strong>vobis</strong></span> <span class='ocrx_word' id='word_1_736' title='bbox 1508 5151 1743 5207; x_wconf 88' lang='lat' dir='ltr'><strong>invicem</strong></span> <span class='ocrx_word' id='word_1_737' title='bbox 1783 5146 2037 5218; x_wconf 88' lang='lat' dir='ltr'><strong>accipitis</strong></span> <span class='ocrx_word' id='word_1_738' title='bbox 2088 5153 2143 5202; x_wconf 91' lang='lat' dir='ltr'><strong>et</strong></span> 
     </span>
    </p>
   </div>
   <div class='ocr_carea' id='block_1_98' title="bbox 549 5239 2144 5318">
    <p class='ocr_par' dir='ltr' id='par_1_98' title="bbox 549 5239 2144 5318">
     <span class='ocr_line' id='line_1_98' title="bbox 549 5239 2144 5318; baseline -0.009 -10"><span class='ocrx_word' id='word_1_739' title='bbox 549 5256 812 5311; x_wconf 88' lang='lat' dir='ltr'><strong>honorem</strong></span> <span class='ocrx_word' id='word_1_740' title='bbox 843 5269 871 5308; x_wconf 90' lang='lat' dir='ltr'><strong>a</strong></span> <span class='ocrx_word' id='word_1_741' title='bbox 905 5254 1013 5309; x_wconf 87' lang='lat' dir='ltr'><strong>Deo</strong></span> <span class='ocrx_word' id='word_1_742' title='bbox 1041 5254 1162 5309; x_wconf 88' lang='lat' dir='ltr'><strong>solo</strong></span> <span class='ocrx_word' id='word_1_743' title='bbox 1201 5263 1312 5304; x_wconf 90' lang='lat' dir='ltr'><strong>non</strong></span> <span class='ocrx_word' id='word_1_744' title='bbox 1352 5246 1603 5318; x_wconf 62' lang='lat' dir='ltr'><strong>quieritis</strong></span> <span class='ocrx_word' id='word_1_745' title='bbox 1629 5241 1713 5295; x_wconf 73' lang='grc' dir='ltr'><strong>ιιι</strong></span> <span class='ocrx_word' id='word_1_746' title='bbox 1742 5260 1760 5293; x_wconf 84' lang='grc'>›</span> <span class='ocrx_word' id='word_1_747' title='bbox 1799 5239 2144 5312; x_wconf 87' lang='lat' dir='ltr'><strong>Quapropter</strong></span> 
     </span>
    </p>
   </div>
   <div class='ocr_carea' id='block_1_99' title="bbox 548 5333 2142 5404">
    <p class='ocr_par' dir='ltr' id='par_1_99' title="bbox 548 5333 2142 5404">
     <span class='ocr_line' id='line_1_99' title="bbox 548 5333 2142 5404; baseline -0.011 -1"><span class='ocrx_word' id='word_1_748' title='bbox 548 5350 593 5403; x_wconf 79' lang='lat' dir='ltr'><strong>si</strong></span> <span class='ocrx_word' id='word_1_749' title='bbox 637 5351 880 5404; x_wconf 76' lang='lat' dir='ltr'><strong>charitas</strong></span> <span class='ocrx_word' id='word_1_750' title='bbox 943 5363 973 5401; x_wconf 91' lang='lat' dir='ltr'><strong>a</strong></span> <span class='ocrx_word' id='word_1_751' title='bbox 1014 5345 1124 5401; x_wconf 93' lang='lat' dir='ltr'><strong>Deo</strong></span> <span class='ocrx_word' id='word_1_752' title='bbox 1173 5339 1435 5404; x_wconf 88' lang='lat' dir='ltr'><strong>adfuerit,</strong></span> <span class='ocrx_word' id='word_1_753' title='bbox 1471 5351 1760 5394; x_wconf 89' lang='lat' dir='ltr'><strong>necessum</strong></span> <span class='ocrx_word' id='word_1_754' title='bbox 1813 5343 1898 5391; x_wconf 90' lang='lat' dir='ltr'><strong>est</strong></span> <span class='ocrx_word' id='word_1_755' title='bbox 1932 5333 2142 5404; x_wconf 85' lang='lat' dir='ltr'><strong>reliqua</strong></span> 
     </span>
    </p>
   </div>
   <div class='ocr_carea' id='block_1_100' title="bbox 555 5430 2144 5501">
    <p class='ocr_par' dir='ltr' id='par_1_100' title="bbox 555 5430 2144 5501">
     <span class='ocr_line' id='line_1_100' title="bbox 555 5430 2144 5501; baseline -0.007 -9"><span class='ocrx_word' id='word_1_756' title='bbox 555 5441 720 5492; x_wconf 83' lang='lat' dir='ltr'><strong>etiam</strong></span> <span class='ocrx_word' id='word_1_757' title='bbox 782 5441 912 5495; x_wconf 90' lang='lat' dir='ltr'><strong>huic</strong></span> <span class='ocrx_word' id='word_1_758' title='bbox 971 5438 1271 5501; x_wconf 81' lang='lat' dir='ltr'><strong>adhaerere,</strong></span> <span class='ocrx_word' id='word_1_759' title='bbox 1311 5441 1366 5489; x_wconf 93' lang='lat' dir='ltr'><strong>et</strong></span> <span class='ocrx_word' id='word_1_760' title='bbox 1402 5430 1706 5487; x_wconf 86' lang='lat' dir='ltr'><strong>fraternum</strong></span> <span class='ocrx_word' id='word_1_761' title='bbox 1761 5443 2040 5491; x_wconf 89' lang='lat' dir='ltr'><strong>amorem,</strong></span> <span class='ocrx_word' id='word_1_762' title='bbox 2089 5433 2144 5482; x_wconf 90' lang='lat' dir='ltr'><strong>et</strong></span> 
     </span>
    </p>
   </div>
   <div class='ocr_carea' id='block_1_101' title="bbox 554 5518 2137 5594">
    <p class='ocr_par' dir='ltr' id='par_1_101' title="bbox 554 5518 2137 5594">
     <span class='ocr_line' id='line_1_101' title="bbox 554 5518 2137 5594; baseline -0.005 -16"><span class='ocrx_word' id='word_1_763' title='bbox 554 5527 833 5583; x_wconf 83' lang='lat' dir='ltr'><strong>lenitatem</strong></span> <span class='ocrx_word' id='word_1_764' title='bbox 885 5535 936 5582; x_wconf 89' lang='lat' dir='ltr'><strong>et</strong></span> <span class='ocrx_word' id='word_1_765' title='bbox 995 5527 1291 5582; x_wconf 87' lang='lat' dir='ltr'><strong>candorem</strong></span> <span class='ocrx_word' id='word_1_766' title='bbox 1343 5523 1551 5594; x_wconf 88' lang='lat' dir='ltr'><strong>absque</strong></span> <span class='ocrx_word' id='word_1_767' title='bbox 1602 5518 1844 5584; x_wconf 90' lang='lat' dir='ltr'><strong>lictione,</strong></span> <span class='ocrx_word' id='word_1_768' title='bbox 1882 5531 2137 5588; x_wconf 86' lang='lat' dir='ltr'><strong>perseve-</strong></span> 
     </span>
    </p>
   </div>
   <div class='ocr_carea' id='block_1_102' title="bbox 554 5608 2135 5698">
    <p class='ocr_par' dir='ltr' id='par_1_102' title="bbox 554 5608 2135 5698">
     <span class='ocr_line' id='line_1_102' title="bbox 554 5608 2135 5698; baseline -0.004 -29"><span class='ocrx_word' id='word_1_769' title='bbox 554 5618 789 5674; x_wconf 87' lang='lat' dir='ltr'><strong>rantiam</strong></span> <span class='ocrx_word' id='word_1_770' title='bbox 821 5625 877 5672; x_wconf 87' lang='lat' dir='ltr'><strong>et</strong></span> <span class='ocrx_word' id='word_1_771' title='bbox 928 5617 1274 5698; x_wconf 63' lang='lat' dir='ltr'><strong>sedulitptem</strong></span> <span class='ocrx_word' id='word_1_772' title='bbox 1311 5615 1363 5668; x_wconf 88' lang='lat' dir='ltr'><strong>in</strong></span> <span class='ocrx_word' id='word_1_773' title='bbox 1399 5612 1656 5684; x_wconf 85' lang='lat' dir='ltr'><strong>precibus</strong></span> <span class='ocrx_word' id='word_1_774' title='bbox 1676 5650 1691 5673; x_wconf 91' lang='lat'><strong>,</strong></span> <span class='ocrx_word' id='word_1_775' title='bbox 1714 5623 2045 5680; x_wconf 87' lang='lat' dir='ltr'><strong>omnemque</strong></span> <span class='ocrx_word' id='word_1_776' title='bbox 2078 5608 2135 5662; x_wconf 93' lang='lat' dir='ltr'><strong>in</strong></span> 
     </span>
    </p>
   </div>
   <div class='ocr_carea' id='block_1_103' title="bbox 551 5698 2132 5774">
    <p class='ocr_par' dir='ltr' id='par_1_103' title="bbox 551 5698 2132 5774">
     <span class='ocr_line' id='line_1_103' title="bbox 551 5698 2132 5774; baseline -0.003 -16"><span class='ocrx_word' id='word_1_777' title='bbox 551 5718 750 5773; x_wconf 70' lang='lat' dir='ltr'><strong>genere</strong></span> <span class='ocrx_word' id='word_1_778' title='bbox 784 5709 1060 5764; x_wconf 87' lang='lat' dir='ltr'><strong>virtutem.</strong></span> <span class='ocrx_word' id='word_1_779' title='bbox 1114 5703 1382 5768; x_wconf 78' lang='lat' dir='ltr'><strong>Quoniam</strong></span> <span class='ocrx_word' id='word_1_780' title='bbox 1433 5712 1617 5760; x_wconf 88' lang='lat' dir='ltr'><strong>autem</strong></span> <span class='ocrx_word' id='word_1_781' title='bbox 1658 5698 1879 5774; x_wconf 89' lang='lat' dir='ltr'><strong>quando</strong></span> <span class='ocrx_word' id='word_1_782' title='bbox 1934 5713 2132 5771; x_wconf 81' lang='lat' dir='ltr'><strong>magna</strong></span> 
     </span>
    </p>
   </div>
   <div class='ocr_carea' id='block_1_104' title="bbox 624 5876 1600 5954">
    <p class='ocr_par' dir='ltr' id='par_1_104' title="bbox 624 5876 1600 5954">
     <span class='ocr_line' id='line_1_104' title="bbox 624 5876 1600 5954; baseline -0.005 -20"><span class='ocrx_word' id='word_1_783' title='bbox 624 5879 671 5912; x_wconf 67' lang='grc'><strong>³⁸</strong></span> <span class='ocrx_word' id='word_1_784' title='bbox 691 5881 850 5943; x_wconf 89' lang='lat' dir='ltr'><strong>Prov.</strong></span> <span class='ocrx_word' id='word_1_785' title='bbox 889 5903 948 5954; x_wconf 89' lang='grc' dir='ltr'><strong>ιι,</strong></span> <span class='ocrx_word' id='word_1_786' title='bbox 976 5885 1031 5953; x_wconf 78' lang='grc'>4,</span> <span class='ocrx_word' id='word_1_787' title='bbox 1066 5881 1120 5936; x_wconf 79' lang='grc'><strong><em>5.</em></strong></span> <span class='ocrx_word' id='word_1_788' title='bbox 1175 5879 1218 5911; x_wconf 76' lang='grc'>³⁸</span> <span class='ocrx_word' id='word_1_789' title='bbox 1241 5876 1396 5933; x_wconf 83' lang='lat' dir='ltr'><strong>Joan.</strong></span> <span class='ocrx_word' id='word_1_790' title='bbox 1431 5895 1482 5946; x_wconf 89' lang='lat' dir='ltr'><strong>v,</strong></span> <span class='ocrx_word' id='word_1_791' title='bbox 1506 5877 1600 5930; x_wconf 72' lang='grc'><strong>44.</strong></span> 
     </span>
    </p>
   </div>
   <div class='ocr_carea' id='block_1_105' title="bbox 2237 4667 3806 4755">
    <p class='ocr_par' dir='ltr' id='par_1_105' title="bbox 2237 4667 3806 4755">
     <span class='ocr_line' id='line_1_105' title="bbox 2237 4667 3806 4755; baseline -0.02 -9"><span class='ocrx_word' id='word_1_792' title='bbox 2237 4690 2510 4752; x_wconf 86' lang='grc' dir='ltr'>διακονίας</span> <span class='ocrx_word' id='word_1_793' title='bbox 2532 4729 2545 4750; x_wconf 97' lang='grc'><strong>,</strong></span> <span class='ocrx_word' id='word_1_794' title='bbox 2568 4685 2642 4748; x_wconf 84' lang='grc' dir='ltr'>ὡς</span> <span class='ocrx_word' id='word_1_795' title='bbox 2667 4682 2765 4755; x_wconf 76' lang='grc' dir='ltr'>τὴν</span> <span class='ocrx_word' id='word_1_796' title='bbox 2787 4681 2940 4752; x_wconf 86' lang='grc' dir='ltr'><strong>παρά</strong></span> <span class='ocrx_word' id='word_1_797' title='bbox 2966 4679 3073 4732; x_wconf 88' lang='grc' dir='ltr'><strong>τῶν</strong></span> <span class='ocrx_word' id='word_1_798' title='bbox 3104 4675 3407 4748; x_wconf 85' lang='grc' dir='ltr'>ἀνθρώπων</span> <span class='ocrx_word' id='word_1_799' title='bbox 3432 4672 3587 4739; x_wconf 82' lang='grc' dir='ltr'>δόξαν</span> <span class='ocrx_word' id='word_1_800' title='bbox 3621 4667 3806 4740; x_wconf 83' lang='grc' dir='ltr'>ζητεῖν,</span> 
     </span>
    </p>
   </div>
   <div class='ocr_carea' id='block_1_106' title="bbox 2237 4752 3808 4851">
    <p class='ocr_par' dir='ltr' id='par_1_106' title="bbox 2237 4752 3808 4851">
     <span class='ocr_line' id='line_1_106' title="bbox 2237 4752 3808 4851; baseline -0.02 -13"><span class='ocrx_word' id='word_1_801' title='bbox 2237 4782 2333 4837; x_wconf 69' lang='grc' dir='ltr'><strong>καὶ</strong></span> <span class='ocrx_word' id='word_1_802' title='bbox 2361 4779 2524 4851; x_wconf 83' lang='grc' dir='ltr'>τιμὴν</span> <span class='ocrx_word' id='word_1_803' title='bbox 2555 4774 2705 4847; x_wconf 89' lang='grc' dir='ltr'><strong>παρά</strong></span> <span class='ocrx_word' id='word_1_804' title='bbox 2741 4773 2848 4828; x_wconf 87' lang='grc' dir='ltr'><strong>τῶν</strong></span> <span class='ocrx_word' id='word_1_805' title='bbox 2884 4770 3125 4841; x_wconf 77' lang='grc' dir='ltr'>ἀδελφῶν</span> <span class='ocrx_word' id='word_1_806' title='bbox 3159 4769 3403 4823; x_wconf 87' lang='grc' dir='ltr'>ἐπαιτεῖν</span> <span class='ocrx_word' id='word_1_807' title='bbox 3426 4783 3440 4798; x_wconf 86' lang='grc'><strong>·</strong></span> <span class='ocrx_word' id='word_1_808' title='bbox 3473 4765 3568 4817; x_wconf 69' lang='grc' dir='ltr'><strong>καὶ</strong></span> <span class='ocrx_word' id='word_1_809' title='bbox 3593 4761 3725 4814; x_wconf 78' lang='grc' dir='ltr'>οὕτω</span> <span class='ocrx_word' id='word_1_810' title='bbox 3747 4752 3808 4807; x_wconf 83' lang='grc' dir='ltr'><strong>τά</strong></span> 
     </span>
    </p>
   </div>
   <div class='ocr_carea' id='block_1_107' title="bbox 2237 4854 3807 4934">
    <p class='ocr_par' dir='ltr' id='par_1_107' title="bbox 2237 4854 3807 4934">
     <span class='ocr_line' id='line_1_107' title="bbox 2237 4854 3807 4934; baseline -0.013 -9"><span class='ocrx_word' id='word_1_811' title='bbox 2237 4870 2347 4924; x_wconf 82' lang='grc' dir='ltr'><strong>τῶν</strong></span> <span class='ocrx_word' id='word_1_812' title='bbox 2374 4869 2621 4924; x_wconf 77' lang='grc' dir='ltr'>ἀπίστων</span> <span class='ocrx_word' id='word_1_813' title='bbox 2665 4861 3185 4934; x_wconf 84' lang='grc' dir='ltr'>πραγματευόμενος</span> <span class='ocrx_word' id='word_1_814' title='bbox 3219 4858 3312 4912; x_wconf 77' lang='grc' dir='ltr'>καὶ</span> <span class='ocrx_word' id='word_1_815' title='bbox 3341 4854 3529 4909; x_wconf 89' lang='grc' dir='ltr'>ποιῶν.</span> <span class='ocrx_word' id='word_1_816' title='bbox 3565 4854 3807 4906; x_wconf 72' lang='grc' dir='ltr'>Ἀπιστος</span> 
     </span>
    </p>
   </div>
   <div class='ocr_carea' id='block_1_108' title="bbox 2238 4937 3806 5034">
    <p class='ocr_par' dir='ltr' id='par_1_108' title="bbox 2238 4937 3806 5034">
     <span class='ocr_line' id='line_1_108' title="bbox 2238 4937 3806 5034; baseline -0.016 -17"><span class='ocrx_word' id='word_1_817' title='bbox 2238 4965 2349 5034; x_wconf 83' lang='grc' dir='ltr'>γὰρ</span> <span class='ocrx_word' id='word_1_818' title='bbox 2378 4964 2407 5015; x_wconf 89' lang='grc' dir='ltr'><strong>ό</strong></span> <span class='ocrx_word' id='word_1_819' title='bbox 2439 4960 2536 5022; x_wconf 81' lang='grc' dir='ltr'><strong>τὰς</strong></span> <span class='ocrx_word' id='word_1_820' title='bbox 2571 4956 2916 5027; x_wconf 86' lang='grc' dir='ltr'>ἀνθρωπίνας</span> <span class='ocrx_word' id='word_1_821' title='bbox 2953 4953 3074 5007; x_wconf 71' lang='grc' dir='ltr'>ἀντὶ</span> <span class='ocrx_word' id='word_1_822' title='bbox 3107 4950 3216 5005; x_wconf 83' lang='grc' dir='ltr'><strong>τῶν</strong></span> <span class='ocrx_word' id='word_1_823' title='bbox 3265 4938 3534 5020; x_wconf 73' lang='grc' dir='ltr'>οὐρανίων</span> <span class='ocrx_word' id='word_1_824' title='bbox 3581 4937 3806 5034; x_wconf 70' lang='grc' dir='ltr'>θηρεύων</span> 
     </span>
    </p>
   </div>
   <div class='ocr_carea' id='block_1_109' title="bbox 2238 5029 3808 5126">
    <p class='ocr_par' dir='ltr' id='par_1_109' title="bbox 2238 5029 3808 5126">
     <span class='ocr_line' id='line_1_109' title="bbox 2238 5029 3808 5126; baseline -0.02 -8"><span class='ocrx_word' id='word_1_825' title='bbox 2238 5029 2404 5126; x_wconf 26' lang='lat' dir='ltr'><strong>fil-liis</strong></span> <span class='ocrx_word' id='word_1_826' title='bbox 2423 5092 2437 5118; x_wconf 65' lang='grc' dir='ltr'><strong>ν</strong></span> <span class='ocrx_word' id='word_1_827' title='bbox 2465 5051 2542 5114; x_wconf 80' lang='grc' dir='ltr'><strong>ὡς</strong></span> <span class='ocrx_word' id='word_1_828' title='bbox 2583 5047 2745 5112; x_wconf 76' lang='grc' dir='ltr'>αὐτὸς</span> <span class='ocrx_word' id='word_1_829' title='bbox 2778 5045 2882 5100; x_wconf 87' lang='grc' dir='ltr'><strong>πού</strong></span> <span class='ocrx_word' id='word_1_830' title='bbox 2926 5061 3089 5117; x_wconf 90' lang='grc' dir='ltr'>φησιν</span> <span class='ocrx_word' id='word_1_831' title='bbox 3140 5044 3169 5096; x_wconf 89' lang='grc' dir='ltr'><strong>ό</strong></span> <span class='ocrx_word' id='word_1_832' title='bbox 3199 5041 3435 5112; x_wconf 79' lang='grc' dir='ltr'>Κύριοςο</span> <span class='ocrx_word' id='word_1_833' title='bbox 3477 5057 3496 5091; x_wconf 75' lang='grc' dir='ltr'><strong>ι</strong></span> <span class='ocrx_word' id='word_1_834' title='bbox 3521 5029 3808 5126; x_wconf 70' lang='grc' dir='ltr'>Πῶςδύνα-</span> 
     </span>
    </p>
   </div>
   <div class='ocr_carea' id='block_1_110' title="bbox 2242 5123 3806 5214">
    <p class='ocr_par' dir='ltr' id='par_1_110' title="bbox 2242 5123 3806 5214">
     <span class='ocr_line' id='line_1_110' title="bbox 2242 5123 3806 5214; baseline -0.015 -15"><span class='ocrx_word' id='word_1_835' title='bbox 2242 5123 2335 5200; x_wconf 81' lang='grc' dir='ltr'><strong>σθε</strong></span> <span class='ocrx_word' id='word_1_836' title='bbox 2367 5145 2525 5214; x_wconf 80' lang='grc' dir='ltr'>ὑμεῖς</span> <span class='ocrx_word' id='word_1_837' title='bbox 2550 5138 2826 5194; x_wconf 80' lang='grc' dir='ltr'>πιστεύειν</span> <span class='ocrx_word' id='word_1_838' title='bbox 2845 5176 2860 5202; x_wconf 92' lang='grc'><strong>,</strong></span> <span class='ocrx_word' id='word_1_839' title='bbox 2903 5136 3061 5204; x_wconf 79' lang='grc' dir='ltr'>δόξαν</span> <span class='ocrx_word' id='word_1_840' title='bbox 3088 5135 3217 5206; x_wconf 84' lang='grc' dir='ltr'>παρ’</span> <span class='ocrx_word' id='word_1_841' title='bbox 3245 5132 3490 5204; x_wconf 84' lang='grc' dir='ltr'>ἀλλήλων</span> <span class='ocrx_word' id='word_1_842' title='bbox 3521 5123 3806 5214; x_wconf 74' lang='grc' dir='ltr'>λαμΰάνον-</span> 
     </span>
    </p>
   </div>
   <div class='ocr_carea' id='block_1_111' title="bbox 2236 5211 3803 5308">
    <p class='ocr_par' dir='ltr' id='par_1_111' title="bbox 2236 5211 3803 5308">
     <span class='ocr_line' id='line_1_111' title="bbox 2236 5211 3803 5308; baseline -0.011 -15"><span class='ocrx_word' id='word_1_843' title='bbox 2236 5256 2329 5302; x_wconf 87' lang='grc' dir='ltr'><strong>τες</strong></span> <span class='ocrx_word' id='word_1_844' title='bbox 2349 5280 2364 5305; x_wconf 94' lang='grc'><strong>,</strong></span> <span class='ocrx_word' id='word_1_845' title='bbox 2392 5211 2487 5291; x_wconf 78' lang='grc' dir='ltr'>καὶ</span> <span class='ocrx_word' id='word_1_846' title='bbox 2509 5234 2608 5308; x_wconf 82' lang='grc' dir='ltr'>τὴν</span> <span class='ocrx_word' id='word_1_847' title='bbox 2635 5231 2792 5298; x_wconf 87' lang='grc' dir='ltr'>δόξαν</span> <span class='ocrx_word' id='word_1_848' title='bbox 2822 5232 2921 5302; x_wconf 79' lang='grc' dir='ltr'>τὴν</span> <span class='ocrx_word' id='word_1_849' title='bbox 2956 5228 3106 5300; x_wconf 88' lang='grc' dir='ltr'><strong>παρά</strong></span> <span class='ocrx_word' id='word_1_850' title='bbox 3133 5227 3229 5280; x_wconf 85' lang='grc' dir='ltr'><strong>τοῦ</strong></span> <span class='ocrx_word' id='word_1_851' title='bbox 3264 5226 3423 5298; x_wconf 88' lang='grc' dir='ltr'>μόνου</span> <span class='ocrx_word' id='word_1_852' title='bbox 3464 5221 3596 5278; x_wconf 85' lang='grc' dir='ltr'>Θεοῦ</span> <span class='ocrx_word' id='word_1_853' title='bbox 3629 5217 3687 5308; x_wconf 79' lang='grc' dir='ltr'><strong>οὑ</strong></span> <span class='ocrx_word' id='word_1_854' title='bbox 3716 5211 3803 5308; x_wconf 53' lang='grc' dir='ltr'><strong>ἔτι·</strong></span> 
     </span>
    </p>
   </div>
   <div class='ocr_carea' id='block_1_112' title="bbox 2237 5299 3802 5395">
    <p class='ocr_par' dir='ltr' id='par_1_112' title="bbox 2237 5299 3802 5395">
     <span class='ocr_line' id='line_1_112' title="bbox 2237 5299 3802 5395; baseline -0.018 -10"><span class='ocrx_word' id='word_1_855' title='bbox 2237 5329 2487 5393; x_wconf 86' lang='grc' dir='ltr'>τοῦντες;</span> <span class='ocrx_word' id='word_1_856' title='bbox 2519 5346 2537 5379; x_wconf 76' lang='grc' dir='ltr'><strong>ι</strong></span> <span class='ocrx_word' id='word_1_857' title='bbox 2585 5325 2833 5395; x_wconf 81' lang='grc' dir='ltr'>Ἀγάπης</span> <span class='ocrx_word' id='word_1_858' title='bbox 2885 5318 2978 5378; x_wconf 79' lang='grc' dir='ltr'><strong>οὖν</strong></span> <span class='ocrx_word' id='word_1_859' title='bbox 3027 5323 3162 5392; x_wconf 79' lang='grc' dir='ltr'>ἡμῖν</span> <span class='ocrx_word' id='word_1_860' title='bbox 3193 5317 3477 5390; x_wconf 82' lang='grc' dir='ltr'>παρούσης</span> <span class='ocrx_word' id='word_1_861' title='bbox 3519 5311 3610 5368; x_wconf 85' lang='grc' dir='ltr'><strong>τοῦ</strong></span> <span class='ocrx_word' id='word_1_862' title='bbox 3662 5299 3802 5366; x_wconf 81' lang='grc' dir='ltr'>Θεοῦ,</span> 
     </span>
    </p>
   </div>
   <div class='ocr_carea' id='block_1_113' title="bbox 2240 5395 3801 5491">
    <p class='ocr_par' dir='ltr' id='par_1_113' title="bbox 2240 5395 3801 5491">
     <span class='ocr_line' id='line_1_113' title="bbox 2240 5395 3801 5491; baseline -0.017 -13"><span class='ocrx_word' id='word_1_863' title='bbox 2240 5422 2455 5491; x_wconf 83' lang='grc' dir='ltr'>ἀνάγκη</span> <span class='ocrx_word' id='word_1_864' title='bbox 2494 5421 2590 5474; x_wconf 78' lang='grc' dir='ltr'><strong>καὶ</strong></span> <span class='ocrx_word' id='word_1_865' title='bbox 2620 5419 2689 5472; x_wconf 80' lang='grc' dir='ltr'>τὰ</span> <span class='ocrx_word' id='word_1_866' title='bbox 2720 5415 2882 5470; x_wconf 87' lang='grc' dir='ltr'>λοιπά</span> <span class='ocrx_word' id='word_1_867' title='bbox 2905 5413 3079 5483; x_wconf 81' lang='grc' dir='ltr'>ταύτῃ</span> <span class='ocrx_word' id='word_1_868' title='bbox 3119 5408 3471 5472; x_wconf 81' lang='grc' dir='ltr'>συνέπεσθαι,</span> <span class='ocrx_word' id='word_1_869' title='bbox 3495 5406 3586 5460; x_wconf 68' lang='grc' dir='ltr'><strong>καὶΙ</strong></span> <span class='ocrx_word' id='word_1_870' title='bbox 3614 5401 3673 5491; x_wconf 87' lang='grc' dir='ltr'><strong>τὸ</strong></span> <span class='ocrx_word' id='word_1_871' title='bbox 3692 5395 3801 5491; x_wconf 67' lang='grc' dir='ltr'>φιλ-</span> 
     </span>
    </p>
   </div>
   <div class='ocr_carea' id='block_1_114' title="bbox 2245 5483 3805 5580">
    <p class='ocr_par' dir='ltr' id='par_1_114' title="bbox 2245 5483 3805 5580">
     <span class='ocr_line' id='line_1_114' title="bbox 2245 5483 3805 5580; baseline -0.015 -13"><span class='ocrx_word' id='word_1_872' title='bbox 2245 5483 2470 5580; x_wconf 68' lang='grc' dir='ltr'>άδελφον</span> <span class='ocrx_word' id='word_1_873' title='bbox 2495 5551 2512 5576; x_wconf 94' lang='grc'><strong>,</strong></span> <span class='ocrx_word' id='word_1_874' title='bbox 2563 5510 2623 5564; x_wconf 87' lang='grc' dir='ltr'><strong>τὸ</strong></span> <span class='ocrx_word' id='word_1_875' title='bbox 2664 5509 2839 5580; x_wconf 77' lang='grc' dir='ltr'>πρᾶον</span> <span class='ocrx_word' id='word_1_876' title='bbox 2864 5545 2879 5570; x_wconf 92' lang='grc'><strong>,</strong></span> <span class='ocrx_word' id='word_1_877' title='bbox 2909 5504 2971 5557; x_wconf 87' lang='grc' dir='ltr'><strong>τὸ</strong></span> <span class='ocrx_word' id='word_1_878' title='bbox 3010 5501 3368 5571; x_wconf 86' lang='grc' dir='ltr'>ἀνυπόκριτον</span> <span class='ocrx_word' id='word_1_879' title='bbox 3394 5537 3408 5562; x_wconf 95' lang='grc'><strong>,</strong></span> <span class='ocrx_word' id='word_1_880' title='bbox 3455 5497 3516 5549; x_wconf 83' lang='grc' dir='ltr'><strong>τὸ</strong></span> <span class='ocrx_word' id='word_1_881' title='bbox 3559 5490 3681 5564; x_wconf 75' lang='grc' dir='ltr'>περὶ</span> <span class='ocrx_word' id='word_1_882' title='bbox 3717 5483 3805 5544; x_wconf 80' lang='grc' dir='ltr'><strong>τὰς</strong></span> 
     </span>
    </p>
   </div>
   <div class='ocr_carea' id='block_1_115' title="bbox 2245 5579 3804 5676">
    <p class='ocr_par' dir='ltr' id='par_1_115' title="bbox 2245 5579 3804 5676">
     <span class='ocr_line' id='line_1_115' title="bbox 2245 5579 3804 5676; baseline -0.021 -12"><span class='ocrx_word' id='word_1_883' title='bbox 2245 5603 2410 5676; x_wconf 81' lang='grc' dir='ltr'>εὐχὰς</span> <span class='ocrx_word' id='word_1_884' title='bbox 2442 5600 2664 5673; x_wconf 79' lang='grc' dir='ltr'>διαρκὲς</span> <span class='ocrx_word' id='word_1_885' title='bbox 2701 5579 2796 5652; x_wconf 80' lang='grc' dir='ltr'>καὶ</span> <span class='ocrx_word' id='word_1_886' title='bbox 2821 5595 3130 5660; x_wconf 86' lang='grc' dir='ltr'>σπουδαῖον,</span> <span class='ocrx_word' id='word_1_887' title='bbox 3160 5591 3254 5644; x_wconf 76' lang='lat' dir='ltr'><strong>xal.</strong></span> <span class='ocrx_word' id='word_1_888' title='bbox 3283 5588 3471 5654; x_wconf 82' lang='grc' dir='ltr'>ἁπλῶς</span> <span class='ocrx_word' id='word_1_889' title='bbox 3495 5588 3666 5640; x_wconf 78' lang='grc' dir='ltr'>πᾶσαν</span> <span class='ocrx_word' id='word_1_890' title='bbox 3690 5579 3804 5676; x_wconf 63' lang='grc' dir='ltr'>ἀρε-</span> 
     </span>
    </p>
   </div>
   <div class='ocr_carea' id='block_1_116' title="bbox 2240 5667 3804 5766">
    <p class='ocr_par' dir='ltr' id='par_1_116' title="bbox 2240 5667 3804 5766">
     <span class='ocr_line' id='line_1_116' title="bbox 2240 5667 3804 5766; baseline -0.024 -13"><span class='ocrx_word' id='word_1_891' title='bbox 2240 5667 2360 5766; x_wconf 64' lang='grc' dir='ltr'>τήν.</span> <span class='ocrx_word' id='word_1_892' title='bbox 2393 5667 2494 5758; x_wconf 18' lang='grc' dir='ltr'><strong>ἸὯς</strong></span> <span class='ocrx_word' id='word_1_893' title='bbox 2526 5667 2583 5746; x_wconf 77' lang='grc' dir='ltr'>δὲ</span> <span class='ocrx_word' id='word_1_894' title='bbox 2617 5689 2853 5763; x_wconf 87' lang='grc' dir='ltr'>μεγάλου</span> <span class='ocrx_word' id='word_1_895' title='bbox 2881 5685 2975 5741; x_wconf 92' lang='grc' dir='ltr'><strong>τοῦ</strong></span> <span class='ocrx_word' id='word_1_896' title='bbox 3022 5685 3300 5755; x_wconf 79' lang='grc' dir='ltr'>κτήματος</span> <span class='ocrx_word' id='word_1_897' title='bbox 3339 5680 3522 5744; x_wconf 71' lang='grc' dir='ltr'>ὄντος,</span> <span class='ocrx_word' id='word_1_898' title='bbox 3573 5667 3804 5747; x_wconf 80' lang='grc' dir='ltr'>μεγάλων</span> 
     </span>
    </p>
   </div>
  </div>
