4106 6440
319 404 415 464 3M

1500 401 1590 455 DE
1621 397 2000 457 INSTITUTO
2029 397 2465 456 CllRlSTlANO.

3523 400 3631 457 302

334 528 412 582 δεῖ
439 525 622 580 πόνων
657 528 794 599 περὶ
832 527 929 598 τὴν
959 526 1169 597 κτῆσιν,
1203 524 1264 579 οὑ
1298 524 1434 596 πρὸς
1463 523 1691 590 ἔνδειξιν
1728 523 1937 597 ἀνθρώ-

2057 532 2125 580 est
2154 524 2459 596 possessio,
2492 524 2709 596 magnis
2737 524 2903 580 etiam
2936 522 3006 578 ad
3048 536 3169 580 eam
3232 521 3628 594 acquirendam

331 636 446 673 πων
476 617 806 689 γινομένων,
837 618 954 672 ἀλλ’
983 619 1064 680 εἰς
1099 617 1160 669 τὸ
1187 616 1382 686 ἀρέσαι
1413 612 1533 688 Θεῷ
1563 616 1642 688 τῷ
1666 618 1737 672 τά
1801 633 1934 691 κρυ-

334 708 444 763 πτά
473 709 658 762 εἰδότι.
697 710 826 773 Τοῖς
861 709 919 762 δὲ
950 707 1206 777 ἀγαπῶσι
1247 706 1340 760 τὸν
1403 707 1538 763 Θεὸν
1589 707 1810 772 εὔκολος
1840 708 1936 762 καὶ

334 801 461 871 ἡδὺς
493 801 522 854 ὁ
571 801 736 865 πόνος
763 800 872 854 τῶν
915 799 1146 854 ἐντολῶν
1171 841 1186 866 ,
1223 798 1460 869 ἐλαφρὸν
1505 800 1602 853 καὶ
1633 799 1935 870 ἐπέραστον

335 897 464 968 ἡμῖν
491 894 584 948 τὸν
623 893 816 962 ἀγῶνα
842 893 944 964 τῆς
975 890 1114 962 πρὸς
1160 891 1368 944 ἐκεῖνον
1395 890 1619 960 ἀγάπης
1652 887 1931 959 ποιούσης.

335 987 427 1040 Διὸ
456 987 554 1040 καὶ
577 989 607 1040 ὁ
637 987 882 1057 Πονηρὸς
911 986 1088 1040 πάντα
1113 983 1438 1052 ἀγωνίζεται
1457 982 1659 1054 τρόπον
1687 979 1936 1034 ἐκϐαλεῖν

335 1079 429 1132 τὸν
453 1079 551 1132 τοῦ
586 1078 793 1149 Κυρίου
824 1077 988 1146 φόϐον
1026 1079 1090 1130 ἐκ
1119 1075 1228 1129 τῶν
1254 1074 1442 1146 ψυχῶν
1476 1073 1633 1144 ήμῶν
1654 1115 1667 1140 ,
1699 1073 1792 1127 καὶ
1824 1073 1937 1126 δια-

336 1168 499 1221 λῦσαι
531 1165 630 1238 τὴν
658 1166 798 1238 πρὸς
828 1168 1033 1219 ἐκεῖνον
1060 1166 1282 1236 ἀγάπην
1328 1165 1541 1236 ἡδοναῖς
1571 1163 1932 1234 παρανόμοις.

338 1258 523 1322 Δεινὺς
558 1259 668 1328 γάρ
709 1259 878 1324 ἐστιν,
914 1259 962 1311 εί
1000 1257 1380 1330 ρᾳθυμοῦντας
1411 1255 1562 1326 εὖροι
1603 1256 1730 1317 τοὺς
1764 1253 1936 1323 φύλα-

340 1368 444 1414 κας
466 1392 481 1416 ,
517 1349 715 1420 κλέψαι
763 1351 987 1421 καιρὸν,
1022 1350 1118 1404 καὶ
1151 1347 1487 1402 ἐπεισελθεῖν
1528 1349 1641 1412 τοῖς
1676 1345 1776 1416 τῆς
1809 1346 1937 1417 ἀρε⁹

338 1443 443 1512 τῆς
475 1441 657 1504 πόνοις
683 1480 700 1504 ,
732 1441 826 1494 καὶ
853 1443 1217 1512 κατασπεῖραι
1258 1438 1338 1511 τῷ
1381 1439 1512 1509 σίτῳ
1540 1436 1610 1492 τά
1639 1436 1805 1491 αὑτοῦ
1853 1437 1936 1502 ζι-

342 1535 504 1599 ζάνια
521 1553 534 1564 ·
565 1532 855 1603 λοιδορίαν,
881 1533 1042 1602 λέγω,
1065 1534 1250 1602 τῦφον,
1273 1531 1600 1598 κενοδοξίαν,
1622 1530 1790 1601 τιμῆς
1818 1532 1938 1583 ἐπι-

343 1627 580 1698 θυμίαν,
626 1627 722 1681 καὶ
769 1626 838 1680 τὰ
882 1626 1047 1680 λοιπὰ
1074 1627 1172 1696 τῆς
1223 1627 1423 1689 κακίας
1453 1625 1936 1697 δημιουργήματα.

343 1723 438 1773 Δεῖ
454 1716 550 1774 οὖν
575 1719 954 1792 ἐγρηγορέναι,
974 1719 1069 1773 καὶ
1084 1722 1271 1792 τηρεῖν
1288 1718 1554 1773 πάντοθεν
1572 1718 1662 1771 τὸν
1695 1716 1938 1788 Ἐχθρὸν,

343 1814 492 1875 ὅπως
527 1813 630 1867 κᾶν
658 1811 942 1885 προσϐάλῃ
972 1811 1095 1866 τινὰ
1129 1811 1379 1883 μηχανὴν
1412 1812 1502 1865 ὑπ’
1533 1810 1939 1880 ἀναισχυντίας,

346 1904 478 1975 πρὶν
519 1903 762 1974 ἅψασθαι
815 1903 918 1974 τῆς
961 1902 1142 1974 ψυχῆς
1197 1902 1663 1974 ἀποκῳυσθῆναι.
1722 1904 1941 1974 Μνημο-
1981 1895 2022 1949 Β

345 1997 536 2049 νεύετε
565 1995 623 2048 δέ
674 2014 764 2066 μοι
816 1995 1053 2068 συνεχῶς
1103 1996 1197 2048 καὶ
1229 1995 1422 2049 τούτου
1446 2033 1462 2059 ,
1508 1995 1592 2048 ὅτι
1638 1995 1804 2049 ’Ἅϐελ
1847 1995 1945 2066 μὲν

347 2087 658 2158 προσέφερε
686 2087 765 2158 τῷ
801 2087 993 2160 Κυρίῳ
1029 2087 1222 2142 θυσίαν
1269 2087 1378 2142 ἀπὺ
1423 2085 1538 2140 τῶν
1583 2086 1947 2157 πρωτοτόκων

350 2181 644 2252 προϐάτων
693 2180 788 2234 καὶ
829 2181 938 2234 ἀπὸ
981 2181 1247 2235 πεάτων·
1287 2180 1429 2240 Κάῖν
1467 2179 1526 2234 δὲ
1559 2180 1668 2233 ἀπὸ
1703 2179 1801 2250 μὲν
1837 2177 1948 2232 τῶν

351 2271 582 2343 καρπῶν
618 2272 721 2342 τῆς
746 2273 870 2343 γῆς,
897 2273 1012 2326 ἀλλ’
1044 2273 1146 2326 οὐκ
1169 2273 1278 2326 ἀπὸ
1301 2273 1412 2326 τῶν
1439 2272 1749 2345 προϐάτων·
1791 2291 1808 2323 ι
1835 2272 1949 2325 Καὶ

351 2365 586 2431 Emme,»
622 2366 806 2435 φησὶν,
843 2385 862 2416 ι
895 2367 923 2419 ό
957 2365 1089 2429 Θεὸς
1112 2366 1206 2419 ἐπὶ
1228 2368 1348 2429 ταῖς
1375 2365 1587 2429 θυσίαις
1619 2364 1715 2418 τοῦ
1743 2362 1910 2418 Ἀϐελ
1929 2377 1948 2396 ⁸

353 2459 449 2511 ἐπὶ
475 2457 536 2510 δὲ
581 2461 696 2522 τοῖς
723 2457 915 2530 δώροις
961 2457 1056 2512 τοῦ
1084 2459 1225 2512 Κάῖν
1271 2459 1331 2510 οὐ
1375 2457 1697 2530 προσέσχεν.
1730 2476 1752 2510 ι
1790 2458 1949 2511 Ἔστι

351 2552 535 2606 τοίνυν
564 2553 754 2622 μαθεῖν
784 2555 848 2607 ἐκ
878 2556 977 2623 τῆς
1006 2552 1268 2622 ἱστορίας,
1296 2552 1372 2616 ὡς
1397 2552 1692 2623 εὐάρεστον
1727 2550 1807 2622 τῷ
1836 2553 1948 2605 Κυ-

359 2644 462 2714 ρίῳ
488 2646 596 2697 πᾶν
619 2644 678 2697 τὸ
708 2643 846 2715 μετά
878 2642 1046 2713 φόϐου
1077 2645 1171 2697 καὶ
1193 2643 1525 2706 πίστεως,οὑ
1553 2642 1614 2695 τὸ
1644 2640 1951 2704 πολυτελῶς

352 2737 486 2792 ἄνευ
536 2736 754 2808 ἀγάπης
801 2736 1106 2807 γινόμενον.
1141 2735 1276 2789 Οὐδέ
1321 2733 1431 2805 γὰρ
1483 2733 1739 2805 Ἀϐραὰμ
1773 2732 1950 2796 ἄλλως

357 2826 578 2891 ἐδέξατο
617 2824 717 2897 τὴν
758 2825 1007 2893 εὐλογίαν
1043 2823 1192 2895 παρὰ
1233 2823 1324 2876 τοῦ
1359 2822 1731 2893 Μελχισεδὲκ,
1769 2822 1947 2895 ἀλλ’ἢ

356 2918 459 2981 τὰς
489 2917 742 2988 ἀπαρχὰς
773 2918 868 2970 καὶ
894 2917 962 2970 τά
987 2916 1174 2988 καίρια
1207 2916 1548 2988 προσήνεγκε
1575 2914 1654 2986 τῷ
1686 2916 1824 2987 ἱερεῖ
1853 2916 1948 2970 τοῦ

357 3012 516 3066 Θεοῦ.
550 3012 754 3082 Καίρια
788 3010 846 3063 δὲ
891 3009 1039 3078 λέγει
1090 3009 1186 3062 καὶ⁸
1216 3007 1501 3079 ἀκροθίνια
1527 3009 1636 3064 τῶν
1683 3009 1952 3079 ὑπαρχόν-

356 3120 468 3157 των
493 3142 508 3167 ,
545 3103 713 3173 αὐτὴν
747 3101 845 3173 τὴν
879 3100 1057 3170 ψυχὴν
1092 3101 1187 3154 καὶ
1238 3101 1330 3154 τὸν
1363 3100 1486 3153 νοῦν
1507 3141 1521 3166 ,
1552 3100 1790 3154 κελεύων
1817 3102 1952 3170 ήμῖν

363 3196 441 3266 μὴ
474 3194 867 3267 μικροπρεπῶς
898 3193 1046 3246 θύειν
1076 3192 1155 3263 τῷ
1178 3192 1296 3264 Θεῷ
1325 3192 1423 3256 τὰς
1454 3193 1694 3256 αἰνέσεις
1725 3194 1819 3247 καὶ
1851 3193 1951 3256 τὰς

359 3287 550 3358 εὐχὰς,
586 3287 718 3358 μηδὲ
742 3285 813 3339 τὰ
840 3284 1072 3356 τυχόντα
1113 3284 1191 3356 τῷ
1209 3284 1454 3356 Δεσπότῃ
1484 3285 1779 3357 προσάγειν
1798 3327 1812 3352 ,
1842 3285 1957 3339 ἀλλ’

323 3375 337 3395 ⁹
360 3383 420 3435 εἰ
442 3398 494 3433 τι
536 3380 747 3450 καίριον
779 3378 877 3448 τῆς
905 3378 1083 3449 ψυχῆς
1106 3419 1119 3441 ,
1159 3376 1359 3447 μᾶλλον
1395 3377 1454 3430 δὲ
1487 3376 1657 3448 αὐτὴν
1689 3376 1789 3447 τὴν
1830 3375 1958 3448 ὅλην

361 3473 672 3528 ἀνατιθέναι
696 3471 837 3542 Θεῷ.
870 3472 1006 3542 Περὶ
1036 3471 1219 3541 μέντοι
1248 3469 1355 3524 τῶν
1387 3469 1488 3539 τῆς
1519 3469 1720 3540 ἀρετῆς
1748 3468 1956 3539 μερῶν,

362 3566 519 3618 ποῖον
549 3566 796 3634 κρεῖττον
823 3561 1098 3632 ἡγεῖσθαι,
1141 3561 1234 3613 καὶ
1268 3560 1372 3632 πρὸ
1411 3559 1520 3612 τῶν
1555 3559 1730 3614 ἄλλων
1767 3560 1959 3632 ἐπιτη-

361 3657 544 3711 δεύειν
568 3696 584 3720 ,
623 3657 720 3710 καὶ
753 3658 903 3709 ποῖον
958 3653 1150 3708 τούτου
1207 3652 1459 3726 δεύτερον
1487 3693 1503 3718 ,
1553 3654 1647 3707 καὶ
1691 3652 1762 3706 τά
1798 3652 1960 3706 λοιπά

363 3749 602 3819 ἐφεξῆς,
651 3749 753 3802 οὐκ
809 3747 955 3800 ἔστιν
1010 3749 1205 3800 εἰπεῖν.
1275 3747 1545 3818 Ἀλλήλων
1600 3747 1707 3818 γὰρ
1757 3747 1960 3818 ὁμοίως

363 3841 578 3911 ἔχονται
600 3880 616 3903 ,
635 3840 729 3893 καὶ
749 3841 816 3893 δι’
829 3839 1075 3910 ἀλλήλων
1098 3839 1190 3891 ἐπὶ
1213 3838 1309 3909 τὴν
1326 3837 1570 3909 κορυφὴν
1594 3839 1720 3902 τοὺς
1744 3839 1961 3909 χρωμέ-

365 3948 492 3994 νους
512 3932 822 4000 ἀνάγουσιν.
849 3931 914 3983 Ἦ
939 3929 1037 4000 μὲν
1055 3929 1161 4001 γὰρ
1181 3927 1420 4002 ἁπλότης
1443 3933 1510 4001 τῇ
1547 3931 1759 4000 ὑπακοῇ
1783 3947 1960 4000 παρα-

364 4025 583 4078 δίδωσιν
603 4040 615 4052 ·
642 4024 676 4094 ή
703 4023 759 4076 δὲ
786 4021 1023 4093 ὑπακοὴ,
1041 4024 1108 4093 τῇ
1166 4021 1348 4075 πίστει
1375 4039 1387 4052 ·
1413 4023 1553 4094 αὕτη
1579 4023 1635 4076 δὲ
1655 4027 1720 4094 τῇ
1746 4023 1921 4076 ἐλπίδι
1943 4041 1956 4056 ·

367 4117 468 4169 καὶ
490 4117 524 4184 ή
552 4115 725 4180 ἐλπὶς,
747 4117 814 4186 τῇ
853 4113 1168 4186 δικαιοσύνῃ
1194 4132 1207 4144 ·
1252 4115 1484 4186 κάκείνη
1505 4157 1519 4178 ,
1565 4118 1631 4186 τῇ
1671 4116 1915 4187 διακονίᾳ
1943 4135 1957 4148 ·

369 4204 466 4258 καὶ
491 4203 645 4275 αὕτη,
667 4208 733 4275 τῇ
758 4205 1141 4276 ταπεινότητι·
1169 4205 1320 4278 παρὰ
1345 4206 1402 4259 δὲ
1431 4206 1634 4276 ταύτης
1657 4207 1690 4277 ἠ
1721 4208 1962 4280 πραότης

370 4295 881 4367 περαλαμϐάνεται·
905 4299 938 4368 ή
960 4298 1039 4362 δὲ,
1065 4300 1132 4368 τῇ
1155 4299 1300 4368 χαρᾷ
1329 4297 1595 4368 προσάγει
1615 4313 1630 4328 ·
1655 4301 1687 4370 ὴ
1718 4298 1776 4352 δὲ
1796 4299 1959 4370 χαρὰ,

373 4390 440 4458 τῇ
473 4389 661 4460 ἀγάπῃ
678 4407 690 4420 ·
712 4389 914 4460 ἐκείνη,
934 4393 1000 4461 τῇ
1029 4391 1160 4462 εὐχῇ
1185 4408 1197 4421 ·
1227 4391 1322 4443 καὶ
1341 4389 1514 4452 οὕτως
1539 4390 1784 4462 ἀλλήλων
1813 4392 1965 4462 ἐξηρ-

371 4497 443 4550 τη
451 4480 638 4550 μέναι,
673 4481 766 4534 καὶ
813 4481 1182 4553 ἐξαρτήσασαι
1214 4484 1305 4535 τὸν
1335 4482 1591 4554 ἐχόμενον
1611 4523 1627 4549 ,
1661 4483 1748 4537 ἐπ’
1791 4484 1964 4555 αὐτὴν

2043 617 2328 675 laboribus
2396 632 2538 688 opus
2595 624 2732 673 est:
2787 631 2900 671 non
2953 617 3048 686 qui
3097 615 3164 670 ad
3202 615 3630 672 ostentationem

2043 707 2332 764 hominum
2361 709 2770 781 suscipiuntur,
2803 723 2998 764 verum
3031 707 3097 762 ad
3130 707 3454 778 placendum
3495 704 3626 772 Deo,

2043 802 2138 872 qui
2167 802 2388 857 occulta
2417 801 2596 858 novit.
2629 803 2798 873 Atqui
2825 801 2998 856 Deum
3025 800 3336 854 amantibus
3368 798 3548 856 facilis
3576 807 3631 853 et

2041 891 2325 963 iucundus
2358 899 2444 949 est
2471 893 2628 948 labor
2659 891 3073 958 mandatorum,
3103 896 3228 945 cum
3263 891 3381 945 leve
3425 898 3480 944 et
3505 904 3628 960 gra-

2044 991 2160 1039 tum
2206 983 2368 1039 nobis
2401 991 2680 1039 certamen
2731 982 2932 1039 efﬁciat
2973 982 3218 1038 charitas
3251 995 3381 1051 erga
3437 978 3627 1035 Deum.

2044 1077 2393 1148 Quapropter
2426 1077 2607 1134 malus
2648 1077 2798 1132 omni
2846 1076 3062 1130 ratione
3111 1073 3396 1129 contendit
3437 1079 3497 1126 ut
3536 1071 3629 1127 Dei

2045 1181 2254 1227 metum
2285 1186 2352 1226 ex
2403 1172 2603 1226 animis
2660 1169 2869 1225 nostris
2902 1168 3162 1239 expellat,
3197 1174 3251 1221 et
3284 1179 3525 1220 amorem
3576 1163 3632 1217 in

2047 1265 2220 1321 Deum
2257 1264 2639 1336 voluptatibus
2675 1261 2977 1333 illegitimis
3012 1259 3300 1315 dissolvat.
3339 1256 3637 1310 Enimvero

2047 1356 2268 1411 subtilis
2303 1363 2411 1420 est,
2441 1355 2487 1411 si
2517 1362 2797 1425 torpentes
2831 1351 3087 1408 socordia
3132 1348 3407 1405 invenerit
3449 1355 3637 1402 custo-

2048 1447 2168 1515 des,
2197 1449 2255 1502 in
2291 1445 2557 1516 rapienda
2580 1445 3016 1516 opportunitate,
3046 1453 3099 1498 et
3129 1444 3336 1498 sensim
3371 1441 3641 1496 invaden-

2049 1538 2138 1593 dis
2187 1538 2411 1593 virtutis
2474 1537 2796 1601 laboribus,
2833 1545 2998 1606 atque
3047 1534 3358 1590 iuserendis
3408 1533 3638 1588 zizaniis

2052 1633 2170 1686 suis
2219 1631 2501 1686 frumento
2547 1648 2561 1686 :
2621 1628 2930 1684 convicium
2985 1627 3130 1691 dico,
3164 1625 3384 1694 fastum,
3421 1626 3638 1680 inanem

2057 1724 2312 1794 gloriam,
2344 1723 2574 1780 honoris
2609 1722 2992 1792 cupiditatem,
3025 1728 3082 1776 et
3106 1720 3214 1774 alia
3266 1719 3386 1774 vitii
3423 1717 3636 1774 effecta.

2052 1818 2243 1888 Itaque
2271 1818 2501 1890 vigilare
2547 1822 2786 1887 oportet,
2819 1824 2872 1870 et
2923 1812 3168 1882 undique
3221 1811 3505 1866 inimicum
3539 1810 3640 1867 ob-

2051 1927 2296 1976 servare,
2339 1916 2399 1964 ut
2450 1907 2668 1964 etiamsi
2719 1905 2986 1961 fabricam
3041 1902 3347 1958 admoverit
3399 1902 3641 1972 aliquam

2049 2019 2162 2076 prae
2208 2000 2549 2074 impudentia
2600 2013 2724 2065 sua,
2769 2005 3063 2067 antequam
3109 1995 3348 2049 animam
3387 1995 3638 2063 attingat,

2052 2096 2388 2152 excutiatur.
2422 2091 2540 2148 Hoc
2588 2105 2809 2162 quoque
2845 2088 3164 2158 frequenter
3203 2085 3259 2140 in
3316 2086 3638 2140 memoriam

2053 2198 2327 2250 revocate,
2359 2185 2507 2256 quod
2541 2181 2676 2237 Abel
2711 2180 2935 2251 quidem
2964 2178 3164 2233 obtulit
3195 2175 3430 2232 Domino
3467 2175 3643 2231 sacri-

2053 2281 2237 2337 ficium
2266 2279 2334 2334 de
2363 2275 2751 2350 primogenitis
2776 2273 2985 2340 ovium,
3026 2279 3080 2327 et
3102 2271 3169 2326 de
3189 2270 3442 2341 adipibus
3468 2288 3482 2324 :
3509 2267 3643 2323 Cain

2053 2380 2235 2428 autem
2297 2387 2364 2426 ex
2411 2368 2686 2423 fructibus
2734 2365 2958 2438 quidem
3013 2374 3193 2426 terrae,
3254 2361 3351 2418 sed
3404 2377 3515 2418 non
3576 2378 3646 2418 ex

2051 2465 2268 2520 ovibus.
2304 2480 2322 2513 ι
2350 2461 2416 2515 Et
2462 2458 2726 2529 respexit,
2761 2475 2780 2510 ο
2817 2455 3017 2528 inquit,
3054 2473 3073 2508 ι
3108 2454 3252 2510 Deus
3286 2455 3356 2510 ad
3390 2456 3646 2512 victimas

2051 2555 2208 2619 Abel,
2275 2554 2344 2609 ad
2374 2567 2607 2608 munera
2667 2558 2850 2605 autem
2914 2548 3050 2603 Cain
3083 2563 3193 2602 non
3247 2548 3569 2602 attendit“.
3622 2568 3643 2601 ι

2053 2646 2228 2719 lgﬁtur
2257 2662 2326 2703 ex
2369 2645 2606 2701 historia
2662 2658 2820 2699 sacra
2865 2642 3076 2698 discere
3109 2642 3234 2697 licet
3268 2659 3434 2712 quam
3489 2659 3648 2699 acce-

2051 2747 2211 2811 ptum
2243 2738 2315 2794 sit
2347 2737 2582 2791 Domino
2613 2750 2782 2790 omne
2838 2734 2986 2805 quod
3021 2748 3148 2788 cum
3206 2735 3402 2790 timore
3432 2743 3486 2790 et
3542 2737 3644 2794 ﬁde

2055 2832 2135 2897 fit,
2169 2847 2281 2886 non
2313 2830 2459 2900 quod
2498 2836 2826 2897 sumptuose
2870 2827 3080 2895 absque
3110 2825 3403 2882 charitate.
3460 2826 3648 2899 Neque

2053 2924 2200 2979 enim
2252 2923 2414 2977 aliter
2473 2919 2752 2974 Abraham
2790 2918 3097 2989 accepisset
3129 2917 3564 2975 benedictionem
3616 2936 3649 2976 a

2055 3014 2444 3078 Melehisedcc,
2479 3012 2589 3068 nisi
2640 3011 2919 3082 primitias
2963 3019 3017 3066 et
3049 3010 3324 3082 praecipua
3358 3012 3651 3074 obtulisset

2054 3109 2328 3164 sacerdoti
2357 3107 2449 3161 Dei
2473 3106 2539 3160 ".
2575 3105 2858 3175 Praecipua
2887 3120 3018 3160 vero
3063 3104 3215 3169 dicit,
3271 3112 3325 3158 et
3381 3104 3651 3174 primitias

2062 3200 2473 3264 manubiarum,
2509 3199 2748 3253 animam
2780 3198 2956 3268 ipsam
2979 3204 3034 3252 et
3060 3207 3318 3262 mentem,
3349 3197 3478 3252 dum
3513 3213 3652 3268 prte-

2062 3293 2197 3363 cipit
2227 3292 2386 3347 nobis
2418 3306 2532 3346 non
2569 3287 2794 3346 sordide
2822 3287 3139 3345 sacrificare
3162 3288 3273 3343 Deo
3304 3288 3652 3345 laudationes

2061 3395 2115 3440 et
2150 3399 2346 3454 preces
2373 3402 2387 3450 ;
2419 3398 2485 3437 ac
2515 3398 2693 3453 neque
2722 3381 2955 3436 Domino
2987 3381 3195 3450 quaevis
3222 3379 3440 3446 offerre,
3474 3381 3570 3436 sed
3603 3382 3653 3437 si

2061 3477 2194 3546 quid
2227 3477 2282 3529 in
2319 3476 2504 3530 anima
2542 3474 2870 3545 primarium
2906 3473 3094 3537 fuerit,
3129 3472 3240 3526 imo
3267 3472 3442 3543 ipsam
3479 3481 3652 3529 totam

2062 3569 2174 3623 Deo
2201 3582 2550 3623 consecrare.
2581 3565 2851 3622 Caeterum
2885 3579 3008 3636 quae
3040 3564 3264 3620 virtutis
3293 3573 3476 3635 partes
3507 3582 3652 3637 prae-

2062 3661 2360 3715 stantiores
2389 3657 2684 3715 censenda:
2721 3658 2858 3722 sint,
2924 3665 2980 3713 et
3037 3657 3239 3726 quibus
3297 3657 3477 3727 primo
3527 3666 3654 3714 ante

2063 3753 2202 3809 alias
2233 3752 2664 3824 incumbendum
2698 3751 2788 3816 sit,
2815 3760 2872 3806 et
2925 3750 3159 3820 reliquis
3213 3750 3498 3822 deinceps,
3541 3753 3653 3808 dici

2063 3861 2170 3901 non
2201 3853 2404 3915 potest.
2453 3843 2590 3898 Nam
2623 3843 2858 3898 virtutes
2893 3843 3038 3898 inter
3067 3859 3126 3898 se
3159 3859 3425 3900 conncxre
3479 3857 3652 3903 sunt:

2064 3953 2128 3992 ac
2158 3953 2256 4009 per
2281 3954 2340 3994 se
2371 3937 2607 3992 invicem
2654 3936 2899 3991 cultores
2953 3935 3020 3990 ad
3057 3950 3320 3992 cacumen
3364 3939 3651 4006 extollunt.

2063 4030 2279 4086 Etenim
2315 4030 2650 4100 simplicitas
2697 4028 3030 4084 obedientize
3081 4028 3282 4094 tradit,
3341 4029 3654 4085 obedientia

2065 4124 2190 4180 fidei
2218 4144 2232 4180 :
2267 4125 2382 4178 haec
2411 4139 2543 4178 vero
2575 4123 2716 4194 spei,
2744 4131 2800 4178 et
2838 4137 2967 4191 spes
2988 4120 3219 4190 iustitiae
3245 4140 3259 4187 ;
3287 4121 3502 4191 justitia
3551 4122 3654 4174 mi-

2067 4217 2315 4280 nisterio,
2362 4227 2418 4272 et
2451 4217 2824 4271 ministerium
2857 4214 3152 4268 humilitati
3189 4231 3203 4278 ;
3237 4214 3306 4268 ab
3335 4213 3439 4268 hac
3469 4222 3650 4269 autem

2063 4311 2357 4366 clementia
2412 4308 2738 4373 assumitur,
2801 4323 2923 4378 qua:
2960 4307 3161 4377 gaudio
3193 4305 3484 4374 admovet;
3521 4325 3654 4378 gau-

2065 4402 2214 4456 dium
2240 4401 2494 4456 charitati
2520 4416 2534 4464 ;
2563 4400 2678 4454 haec
2703 4399 3001 4469 precationi
3031 4415 3045 4452 :
3073 4405 3128 4452 et
3153 4397 3235 4452 sic
3263 4414 3294 4452 a
3326 4414 3386 4454 se
3420 4399 3653 4456 invicem

2066 4493 2326 4563 pendent,
2382 4500 2437 4547 et
2473 4491 2764 4546 sublimem
2793 4505 2916 4545 eum
2953 4490 3047 4560 qui
3099 4505 3376 4560 appensus
3413 4491 3654 4546 adlueret

373 4573 634 4639 ἀνάγουσι
688 4573 782 4627 τοῦ
845 4573 1181 4644 ποθουμένου
1228 4575 1327 4646 τὴν
1379 4577 1626 4648 κορυφὴν
1652 4620 1664 4640 ,
1711 4576 1952 4650 καθάπερ

2067 4585 2132 4640 ad
2173 4587 2352 4654 ipsum
2411 4584 2670 4638 verticem
2712 4590 2913 4653 optatae
2949 4583 3026 4636 rei
3087 4583 3316 4647 vehunt,
3375 4581 3538 4636 sicuti
3589 4598 3654 4637 ex

372 4665 702 4727 ἀπεναντίας
742 4667 776 4735 ή
812 4666 1046 4736 πονηρία
1093 4667 1218 4730 τοὺς
1248 4667 1447 4737 ἑαυτῆς
1487 4668 1705 4736 φίλους,
1736 4667 1827 4722 διὰ
1855 4669 1964 4723 τῶν

371 4755 588 4807 οἰκείων
615 4756 785 4826 αὐτῆς
817 4757 1021 4827 μερῶν,
1046 4758 1138 4810 ἐπὶ
1181 4758 1282 4829 τὴν
1322 4759 1557 4830 ἐσχάτην
1595 4760 1824 4829 κατάγει
1867 4777 1965 4814 κα-

371 4843 520 4898 κίαν.
565 4847 656 4898 Δεῖ
702 4847 760 4899 δὲ
810 4847 955 4917 ἡμᾶς
995 4850 1060 4919 τῇ
1100 4849 1234 4919 εὐχῇ
1293 4848 1456 4902 πλέον
1496 4855 1961 4923 προσκαρτερεῖν·

372 4931 486 4991 οἷον
517 4938 625 5008 γὰρ
667 4940 959 5010 κορυφαῖός
988 4958 1074 5003 τις
1119 4939 1213 4993 τοῦ
1241 4939 1404 5011 χοροῦ
1430 4941 1538 4995 τῶν
1566 4942 1779 5014 ἀρετῶν
1823 4941 1960 5014 αὕτη

369 5031 666 5101 τυγχάνει,
699 5033 795 5085 καὶ
844 5033 1104 5086 συνάπτει
1139 5033 1203 5085 δι’
1241 5033 1526 5104 ἁγιότητος
1573 5036 1842 5106 μυστικῆς
1869 5035 1963 5088 καὶ

372 5123 759 5194 πνευματικῆς
793 5125 1072 5196 ἐνεργείας
1107 5125 1202 5178 καὶ
1243 5125 1536 5189 διαθέσεως
1572 5127 1812 5198 ἀρρήτου
1841 5127 1962 5198 Θεῷ

370 5217 465 5268 τὸν
484 5219 553 5286 τῇ
585 5216 716 5286 εὐχῇ
751 5216 1262 5288 προσκαρτεροῦντα
1284 5233 1299 5248 ·
1331 5216 1390 5280 ὃς
1414 5217 1550 5280 ζέων
1580 5217 1658 5288 τῷ
1681 5219 1850 5290 πόθῳ,
1867 5219 1960 5272 κό-

374 5323 469 5377 ρον
519 5306 620 5374 τῆς
675 5307 840 5378 εὐχῆς
878 5308 976 5378 οὐχ
1023 5308 1310 5380 εὑρίσκει·
1359 5309 1448 5362 del.
1485 5309 1542 5362 δὲ
1581 5309 1660 5378 τῷ
1689 5311 1838 5381 πόθῳ
1865 5311 1960 5365 τοῦ

370 5399 584 5467 ἀγαθοῦ
609 5401 942 5471 εὑρίσκεται,
976 5401 1117 5455 κατά
1142 5403 1204 5455 τὸ
1229 5402 1516 5473 εἰρημένον
1535 5418 1549 5432 ·
1593 5420 1612 5454 ι
1642 5403 1704 5456 Οἱ
1727 5402 1964 5475 τρώγον-

369 5489 463 5552 τές
489 5506 580 5559 με,
609 5489 686 5542 ἔτι
719 5492 1033 5545 πεινάσουσι
1057 5507 1072 5521 ·
1105 5494 1196 5547 καὶ
1221 5494 1270 5546 oi
1299 5493 1542 5556 πίνοντές
1579 5510 1668 5564 με,
1704 5493 1782 5548 ἔτι
1805 5494 1964 5566 διψή-

375 5596 553 5632 σουσι.
585 5598 604 5631 ι
634 5581 744 5634 Καὶ
778 5581 1034 5652 ἀλλαχοῦ·
1080 5582 1362 5647 (Ἔδωκας
1398 5582 1738 5654 εὐφροσύνην
1762 5586 1842 5648 εἰς
1866 5587 1966 5656 τὴν

370 5669 608 5741 καρδίαν
643 5686 767 5740 μου.
794 5688 812 5720 ι
853 5671 964 5724 Καὶ
989 5673 1018 5725 ὁ
1048 5672 1274 5742 Κύριος·
1313 5691 1332 5725 ι
1366 5673 1430 5724 Ἦ
1465 5672 1713 5741 βασιλεία
1742 5672 1850 5726 τῶν
1871 5675 1962 5726 οὑ-

446 5851 493 5883 ³⁶
518 5849 658 5904 Gen.
705 5864 778 5914 Iv,
813 5849 868 5911 4,
901 5848 953 5902 5.
1051 5849 1094 5880 ³⁷
1122 5847 1255 5904 Gen.
1288 5865 1398 5914 ιιν,
1436 5849 1501 5903 13
1531 5867 1653 5918 sqq.

2068 4678 2298 4731 adverso
2324 4675 2646 4745 improbitas
2669 4675 2880 4729 amicos
2909 4690 3043 4730 suos
3072 4689 3166 4742 per
3189 4675 3440 4745 proprias
3471 4681 3655 4744 partes
3713 4726 3732 4742 ,

2069 4781 2200 4822 suas
2228 4764 2295 4818 ad
2321 4773 2630 4819 extremam
2667 4763 2929 4833 deprimit
2957 4764 3280 4835 nequitiam.
3322 4760 3487 4817 Nobis
3526 4778 3656 4816 vero

2067 4860 2303 4928 amplius
2347 4855 2586 4911 orationi
2640 4855 3010 4912 insistendum
3059 4865 3184 4912 est:
3235 4855 3506 4926 siquidem
3543 4855 3657 4910 lucc

2067 4948 2234 5002 Veluti
2271 4946 2425 5001 chori
2458 4946 2726 5000 virtutum
2751 4945 2998 5000 antistita
3026 4945 3278 5016 quaedam
3311 4954 3416 5008 est,
3463 4953 3517 4999 et
3561 4961 3659 5015 per

2069 5041 2420 5096 sanctitatem
2452 5053 2709 5092 arcanam
2755 5044 2810 5092 et
2863 5037 3206 5106 spiritualem
3276 5037 3545 5090 actionem
3602 5046 3658 5091 et

2069 5130 2325 5186 allectum
2358 5127 2806 5189 inenarrabilem,
2843 5125 2954 5179 Deo
2993 5125 3279 5195 conjungit
3311 5139 3434 5180 eum
3471 5126 3564 5196 qui
3599 5126 3656 5192 in

2069 5237 2233 5292 prece
2261 5227 2616 5293 perseverat;
2646 5219 2740 5289 qui
2770 5217 3044 5273 desiderio
3072 5215 3314 5280 fervens,
3347 5217 3656 5272 satietatem

2069 5310 2406 5381 precationis
2436 5324 2547 5363 non
2579 5307 2790 5364 invenit
2818 5325 2831 5360 :
2872 5307 2984 5360 imo
3024 5320 3241 5374 semper
3272 5321 3302 5358 a
3332 5306 3462 5360 boni
3492 5321 3658 5377 appe-
3697 5327 3704 5334 ·

2072 5403 2177 5456 titu
2230 5400 2531 5470 corripitur
2582 5399 2741 5468 juxta
2773 5397 2826 5452 id
2879 5397 3024 5467 quod
3085 5395 3292 5450 dictum
3341 5404 3461 5452 est:
3499 5415 3516 5449 ι
3552 5397 3654 5464 Qui

2072 5493 2244 5548 edunt
2279 5508 2382 5556 me,
2418 5491 2599 5545 adhuc
2627 5489 2895 5552 csurient,
2926 5497 2980 5542 et
3005 5488 3099 5557 qui
3125 5487 3317 5542 bibunt
3344 5504 3451 5553 me,
3477 5488 3659 5545 adhuc

2073 5585 2264 5639 siticnt
2289 5583 2354 5636 ³⁸.
2398 5602 2416 5633 ι
2480 5583 2659 5653 Atque
2725 5581 2892 5634 alibi:
2931 5598 2950 5631 ι
3024 5579 3229 5636 Dedisti
3289 5581 3534 5636 laetitiam
3601 5581 3660 5636 in

2074 5675 2238 5729 corde
2271 5688 2392 5728 meo
2415 5673 2480 5725 ³⁵⁵.
2525 5693 2542 5725 ι
2605 5673 2670 5726 Et
2710 5671 2997 5737 Dominus,
3037 5690 3056 5723 ι
3099 5671 3338 5744 Regnum
3393 5673 3659 5728 caelorum

1748 5851 1793 5881 ³⁸
1817 5849 1980 5932 Eccli.
2023 5867 2169 5914 κως,
2200 5850 2293 5906 29.
2370 5854 2414 5885 ³⁴⁵
2443 5851 2588 5907 Psal.
2625 5868 2699 5908 Iv.
2733 5854 2787 5906 7.
