4106 6440
513 418 622 474 505

1794 406 1851 460 S.
1893 400 2220 459 GREGORII
2246 400 2540 457 NYSSENI

3686 408 3787 465 504

515 532 660 586 intra
720 544 818 585 vos
872 529 1043 584 est“.
1103 548 1122 581 ι
1186 528 1436 601 Regnum
1493 523 1788 597 appellavit
1839 522 2099 593 gaudium

2207 519 2386 591 ρανῶν
2435 518 2585 582 ὲντδς
2620 516 2775 588 ὑμῶν
2821 519 2958 572 ἐστι.
2998 519 3282 575 Βασιλείαν
3330 520 3388 574 δὲ
3440 520 3539 593 τὴν
3593 520 3789 576 ἄνωθεν

517 620 757 689 desuper
790 620 1018 675 insitum
1067 619 1268 674 animis
1305 634 1403 690 per
1453 617 1704 689 spiritum
1743 632 1755 666 :
1813 610 1960 680 quod
2014 617 2098 665 est

516 711 752 765 arrhabo
787 711 1109 781 sempiterni
1140 710 1351 782 gaudii,
1384 724 1495 779 quo
1523 719 1655 763 tunc
1688 705 1940 760 fruentur
1972 716 2101 758 san-

516 810 732 857 ctorum
769 803 984 858 animae.

587 894 762 963 Igitur
795 895 1056 963 quoniam
1091 893 1428 950 declaratum
1457 898 1541 947 est
1582 889 1707 961 quis
1760 888 1833 944 sit
1881 886 2100 958 pietatis

516 1001 740 1056 scopus,
782 996 946 1056 quem
1005 987 1075 1040 iis
1137 985 1480 1056 propositum
1515 998 1640 1039 esse
1689 979 1968 1044 convenit,
2004 978 2097 1049 qui

516 1077 629 1133 Deo
660 1079 884 1133 charam
925 1079 1233 1135 instituunt-
1255 1077 1446 1143 vitam,
1481 1091 1605 1146 qua:
1633 1082 1720 1131 est
1749 1074 1946 1128 anima:
1967 1085 2097 1142 pur-

466 1186 475 1195 ·
516 1170 686 1241 gatio,
722 1178 776 1225 et
804 1168 1045 1239 Spiritus
1070 1168 1247 1223 sancti
1282 1183 1380 1239 per
1412 1167 1682 1222 bonorum
1711 1180 1940 1236 operum
1972 1178 2099 1234 pro-

518 1263 718 1317 fectum
751 1260 1079 1315 inliabitatio
1103 1280 1116 1315 :
1144 1261 1384 1330 quisque
1407 1269 1651 1315 vestrum
1682 1260 1864 1313 anima
1894 1271 1960 1312 eo
1987 1270 2097 1326 quo

516 1348 951 1402 demonstratum
1007 1358 1090 1403 est
1151 1347 1317 1405 modo
1384 1357 1713 1420 praeparata,
1772 1361 1835 1401 ac
1897 1344 2097 1401 referta

518 1454 703 1493 amore
748 1437 973 1503 divino,
1023 1439 1096 1493 ita
1149 1441 1393 1509 scipsum
1454 1441 1710 1511 precibus
1770 1447 1825 1494 et
1873 1438 2102 1507 jejuniis

514 1527 717 1591 tradat,
754 1542 965 1583 memor
996 1527 1118 1597 ejus
1172 1529 1267 1598 qui
1315 1529 1384 1583 ad
1433 1527 1658 1583 assidue
1691 1527 1959 1582 orandum
2002 1540 2100 1581 co-

511 1617 785 1681 hortatur,
845 1628 900 1674 et
956 1618 1024 1673 ad
1077 1635 1187 1674 non
1224 1619 1469 1689 segniter
1523 1618 1819 1690 agendum.
1880 1617 2100 1673 Etenim

513 1708 778 1764 sedulitas
811 1711 864 1765 in
892 1712 1229 1781 precatione,
1249 1727 1447 1783 magna
1465 1711 1625 1767 nobis
1655 1712 1922 1781 largitur:
1957 1710 2102 1765 dun-

511 1808 663 1854 taxat
694 1801 906 1856 intenta
935 1808 990 1856 et
1019 1809 1167 1855 recta
1196 1801 1538 1857 conscientia
1593 1799 1760 1855 faciat
1795 1801 1900 1856 hoc
1939 1800 2096 1870 quis-

2202 613 2324 675 ταῖς
2366 610 2563 681 ψυχαῖς
2595 609 2684 663 διὰ
2724 610 2818 664 τοῦ
2859 610 3177 681 Πνεύματος
3206 610 3790 684 ὲγγινομένηνεύφροο

2201 700 2369 771 σύνην
2401 700 2696 765 ἐκάλεσεν,
2763 701 2885 771 ῆτις
2928 702 3079 755 ἐστὶν
3129 701 3386 774 ἀρραϐὼν
3425 701 3524 773 τῆς
3580 702 3790 756 αἰωνίου

2205 791 2382 861 χαρᾶς
2402 829 2416 853 ,
2447 784 2515 861 ἦς
2552 790 2920 845 ἀπολαύσουσι
2952 792 3075 845 τότε
3103 795 3161 845 al
3188 792 3297 846 τῶν
3338 792 3508 860 ἁγίων
3531 792 3720 866 ψυχαί.

2284 884 2437 937 Ἐπεὶ
2462 884 2639 938 τοίνυν
2668 883 2961 948 δέδεικται,
2989 884 3073 948 τίς
3092 886 3120 937 ὁ
3140 886 3240 955 τῆς
3270 883 3548 948 εὐσεϐείας
3573 888 3789 952 σκοπὸς,

2201 976 2259 1029 δν
2285 975 2392 1048 χρὴ
2420 977 2741 1047 προκεῖσθαι
2765 979 2878 1041 τοῖς
2900 977 2994 1031 τὸν
3019 976 3241 1047 θεοφιλῆ
3280 976 3394 1047 βίον
3427 976 3783 1049 αἱρουμένοις,

2200 1068 2260 1131 ὃς
2302 1069 2418 1121 ὲστι
2464 1068 2647 1139 ψυχῆς
2675 1068 3048 1140 καθαρισμδς,
3092 1070 3186 1122 καὶ
3220 1068 3315 1122 τοῦ
3366 1070 3681 1141 Πνεύματος
3724 1069 3787 1124 δι’

2202 1156 2380 1229 ἔργων
2412 1156 2633 1227 ἀγαθῶν
2683 1159 2968 1229 προκοπῆς
3018 1160 3291 1228 ὲνοίκησις
3314 1174 3327 1187 ·
3381 1159 3611 1224 ἕκαστος
3642 1161 3789 1232 ὑμῶν

2202 1250 2346 1304 κατά
2388 1250 2478 1302 τὸν
2517 1250 2908 1321 ἀποδειχθέντα
2962 1251 3163 1323 τρόπον
3216 1254 3646 1324 παρασκευάσας
3697 1254 3788 1325 τὴν

2201 1340 2401 1412 ψυχὴν,
2426 1342 2521 1395 καὶ
2549 1342 2752 1413 μεστὴν
2779 1342 2925 1396 θείου
2949 1344 3179 1414 ποιήσας
3204 1344 3435 1415 ἔρωτος,
3463 1344 3637 1409 οὕτως
3662 1348 3789 1400 ἀποο

2201 1431 2339 1486 δότω
2374 1432 2566 1486 ἑαυτὸν
2596 1436 2718 1496 ταῖς
2754 1435 2945 1504 εὐχαῖς
2978 1435 3071 1487 καὶ
3097 1436 3402 1504 νηστείαις,
3452 1436 3789 1507 μεμνημένος

2202 1522 2298 1576 τοῦ
2335 1523 2814 1595 παρακαλοῦντος,
2868 1525 2929 1579 τὸ
2966 1525 3325 1591 ἀδιαλείπτως
3377 1526 3787 1598 προσεύχεσθαι,

2205 1616 2300 1669 καὶ
2352 1615 2426 1687 μὴ
2471 1617 2749 1671 ὲκκακεῖν.
2803 1616 2867 1670 Ἦ
2899 1616 3006 1690 γάρ
3038 1618 3168 1688 περὶ
3210 1617 3309 1689 τὴν
3355 1619 3521 1690 εὐχὴν
3574 1621 3786 1691 σπουδὴ,

2210 1706 2421 1779 μεγάλα
2470 1709 2602 1779 ἡμῖν
2652 1707 2937 1780 χαρίζεται
2965 1726 2977 1739 ⁸
3020 1709 3180 1780 μόνον
3238 1711 3476 1781 συντόνῳ
3525 1711 3618 1765 καὶ
3663 1713 3788 1784 ὀρθῇ

2210 1800 2509 1857 συνειδήσει
2531 1801 2691 1855 τοῦτο
2719 1802 2941 1855 ποιοίτω
2968 1802 3216 1868 ἕκαστος,
3253 1802 3504 1875 μηδαμοῦ
3534 1804 3674 1858 κατὰ
3696 1805 3790 1875 τὴν

512 1907 657 1963 que;
692 1907 963 1964 nusquam
997 1893 1332 1963 cogitatione
1398 1901 1596 1963 sponte
1659 1893 2097 1964 circumvagans,

2205 1889 2442 1947 διάνοιαν
2472 1892 2734 1956 ἑκουσίως
2762 1892 3247 1964 περιπλανώμενος
3270 1911 3284 1927 ο
3321 1895 3454 1964 μηδὲ
3490 1895 3683 1967 ὥσπερ
3706 1895 3791 1949 ὑπ’

512 1999 692 2055 neque
720 1993 780 2040 ut
829 1986 1159 2041 necessitate
1190 1998 1444 2041 exortum
1489 1986 1734 2041 debitum
1784 1986 2100 2049 exsolvens,

514 2074 609 2129 sed
668 2075 834 2129 animi
889 2076 1225 2132 desiderium
1282 2084 1448 2147 atque
1498 2092 1743 2133 amorem
1795 2077 2099 2148 complens.

516 2164 785 2236 Suggeret
810 2168 977 2222 etiam
1013 2167 1279 2225 Dominus
1316 2171 1432 2240 ipse
1461 2170 1803 2241 petentibus,
1827 2168 2118 2239 quomodo‘

514 2260 844 2330 precandun
888 2263 982 2327 sit,
1007 2262 1163 2331 juxta
1190 2263 1243 2319 id
1272 2264 1417 2335 quod
1452 2264 1656 2320 dictum
1690 2271 1803 2320 est:
1840 2262 1946 2330 Qui
1979 2268 2103 2334 pre-

516 2365 638 2407 cem
671 2352 763 2407 dat
798 2356 1064 2423 precanti.
1093 2354 1266 2425 Igitur
1295 2366 1349 2410 et
1385 2363 1573 2425 petere
1601 2364 1843 2425 oportet,
1879 2361 1934 2409 et
1960 2354 2103 2410 scire

515 2455 640 2495 eum
672 2441 846 2512 quiin
909 2443 1244 2513 precatione,
1280 2459 1402 2515 qua:
1466 2445 1607 2498 tanti
1661 2444 1927 2501 momenti
1993 2451 2100 2508 est,

514 2540 855 2601 perseverat,
898 2550 1092 2606 magno
1142 2536 1329 2592 studio
1368 2552 1676 2608 magnaque
1717 2537 1915 2591 virium
1966 2550 2100 2592 con-

515 2625 776 2690 tentione,
810 2635 1090 2681 certamen
1140 2627 1349 2683 subire.
1389 2628 1663 2693 Quoniam
1723 2629 1913 2683 vitium
1962 2626 2102 2682 insi-

515 2715 700 2770 diatur
751 2717 1027 2786 ejusmodi
1094 2719 1490 2789 potissimum,
1549 2719 1794 2790 undique
1855 2720 2101 2775 studium

515 2808 735 2864 honesti
765 2824 1021 2879 quarens
1051 2819 1319 2866 evertere.
1355 2809 1495 2866 llinc
1542 2812 1793 2881 corporis
1831 2822 1885 2867 et
1933 2811 2104 2867 animi

515 2901 689 2967 labes,
725 2900 853 2958 inde
876 2902 1130 2967 mollitia,
1179 2913 1235 2958 et
1286 2903 1503 2958 incuria
1534 2912 1589 2959 et
1640 2904 1990 2975 negligentia,
2050 2910 2104 2958 et

515 3001 735 3060 caetera,
767 2994 971 3065 quibus
1009 2995 1192 3049 anima
1229 2994 1571 3067 profligatur,
1607 3011 1704 3066 per
1730 3005 1917 3066 partes
1956 2996 2105 3053 dire-

516 3091 627 3155 pta,
672 3093 728 3139 et
790 3084 859 3139 ad
900 3086 1115 3141 hostem
1185 3101 1348 3142 suum
1382 3086 1690 3158 transfuga.
1727 3087 2100 3154 Quamobrem

514 3191 614 3247 par
641 3184 727 3233 est
769 3179 1063 3243 rationem,
1108 3188 1364 3250 tanquam
1405 3178 1732 3249 prudentem
1769 3180 2098 3251 gubernato-

515 3281 653 3334 rem,
710 3267 907 3322 anima:
949 3268 1270 3339 praesidere,
1334 3276 1393 3323 ut
1453 3270 1627 3340 ipsam
1692 3278 1975 3340 comparet
2033 3270 2102 3325 ad

516 3367 666 3413 recta
703 3359 1097 3431 navigandum,
1132 3369 1187 3417 et
1214 3361 1600 3432 appellendum
1644 3361 1710 3416 ad
1743 3370 1960 3432 portum
2008 3363 2101 3433 qui

514 3469 737 3510 sursum
768 3458 850 3510 est
877 3473 891 3523 ;
924 3465 979 3512 et
1002 3456 1254 3512 eamdem
1281 3456 1552 3526 integram
1591 3456 1786 3514 reddat
1840 3456 1971 3522 Deo,
2006 3459 2100 3529 qui

515 3546 639 3601 fidei
671 3546 951 3605 commisit
991 3555 1046 3604 et
1104 3547 1324 3619 repetit.
1382 3547 1557 3603 Porro
1611 3551 1935 3621 prtepositos
1994 3566 2102 3606 una

510 3639 770 3710 opitulari
806 3639 934 3694 huic
960 3640 1139 3704 decet,
1199 3647 1369 3709 atque
1401 3641 1550 3694 omni
1588 3641 1776 3695 studio
1828 3648 1882 3695 et
1911 3640 2103 3696 admo-

507 3732 724 3786 nitione
779 3732 1057 3801 precantis
1117 3729 1472 3801 cupiditatem
1533 3732 1588 3786 in
1652 3733 1937 3802 proposito
1998 3746 2101 3787 suo

514 3823 679 3877 alere.
706 3821 921 3877 Etenim
960 3836 1152 3877 eorum
1180 3822 1277 3892 qui
1322 3838 1450 3878 vere
1487 3832 1785 3893 precantur
1835 3823 2098 3877 virtutum

438 3956 444 3961 ς
512 3914 727 3971 fructus
750 3915 1178 3986 intelligentibus
1204 3924 1482 3977 ostensus.
1550 3932 1661 3971 non
1696 3917 1764 3972 iis
1806 3918 1970 3971 modo
2006 3919 2100 3989 qui

512 4007 793 4079 progressi
837 4007 1063 4072 fuerint,
1108 4006 1203 4061 sed
1235 4014 1290 4061 ct
1337 4006 1639 4062 infantibus
1671 4007 1873 4074 adhuc,
1909 4016 1962 4062 et
2013 4006 2099 4061 di-

514 4098 765 4169 sciplina:
785 4098 1073 4168 egentibus
1104 4096 1254 4151 utilis
1290 4096 1529 4163 exsistit,
1565 4095 1695 4150 dum
1732 4096 1884 4166 ipsos
1915 4095 1982 4150 ad
2036 4111 2100 4152 ea

513 4205 636 4261 quae
676 4188 865 4244 vident
911 4187 1181 4241 imitanda
1217 4187 1480 4242 concitat.
1529 4187 1797 4243 Caeterum
1843 4202 1993 4256 purae
2037 4201 2101 4240 ac

511 4282 742 4337 sincerae
766 4279 1100 4350 precationis
1122 4278 1337 4335 fructus
1363 4279 2098 4348 est,simplicitas,charitas,

513 4373 817 4440 humilitas,
859 4372 1175 4437 tolerantia,
1220 4372 1577 4429 innocentia:
1615 4373 1829 4444 aliaque
1861 4373 2101 4443 ejusmo-

511 4461 591 4528 di,
627 4478 748 4531 quae
777 4462 998 4515 :eternis
1027 4458 1302 4516 fructibus
1366 4472 1654 4529 anteeunt,
1702 4479 1803 4534 per
1861 4463 2098 4520 studiosi

2203 1983 2454 2055 ἀνάγκης
2485 1984 2742 2038 ἀκούσιον
2774 1984 2932 2056 χρέος
2975 1984 3295 2052 ἀποδιδοὺς,
3331 1986 3445 2039 ἀλλ’
3492 1986 3671 2057 ἔρωτα
3702 1989 3792 2042 καὶ

2207 2074 2369 2128 πόθον
2398 2074 2733 2146 ἀποπληρῶν
2767 2075 2868 2145 τῆς
2904 2073 3102 2146 ψυχῆς.
3136 2074 3305 2129 Δὼσει
3354 2076 3413 2129 δὲ
3442 2078 3538 2130 καὶ
3581 2078 3737 2141 αὐτὸς
3765 2079 3792 2130 ὁ

2207 2167 2409 2237 Κύριος
2442 2169 2553 2230 τοῖς
2579 2166 2820 2239 αἰτοῦσιν
2853 2167 3002 2229 ὅπως
3035 2165 3291 2237 εὔχεσθαι
3325 2168 3425 2233 δεῖ,
3461 2168 3605 2221 κατά
3628 2169 3685 2222 τὸ
3717 2168 3790 2221 εί-

2210 2255 2445 2328 ρημένον
2486 2272 2497 2283 '
2537 2257 2617 2310 ’Ὅ
2665 2256 2841 2321 διδοὺς
2890 2257 3055 2328 εὐχὴν
3092 2258 3169 2329 τῷ
3221 2259 3525 2330 εὐχομένω.
3574 2261 3666 2313 Δεῖ
3705 2255 3791 2314 οὖν

2205 2353 2378 2405 αίτεῖν
2405 2389 2420 2415 ,
2471 2350 2567 2403 καὶ
2612 2349 2811 2404 ειδέναι
2859 2350 2952 2404 τὸν
2996 2353 3062 2421 τῇ
3106 2352 3239 2423 εὐχῇ
3285 2351 3791 2424 προσκαρτεροῦντα

2207 2443 2496 2514 πράγματι
2522 2442 2762 2514 τοσούτῳ
2790 2483 2803 2508 ,
2834 2442 2974 2514 μετὰ
3020 2443 3222 2515 πολλῆς
3250 2445 3497 2516 σπουδῆς
3522 2446 3615 2499 καὶ
3645 2445 3792 2500 δυνά-

2211 2554 2356 2608 μεως
2401 2536 2646 2590 ὲναθλεῖν
2696 2536 2775 2607 τῷ
2812 2536 3006 2605 ἀγῶνι.
3053 2538 3206 2592 Ἐπεὶ
3263 2539 3502 2610 μάλιστα
3548 2542 3583 2612 ἡ
3634 2540 3791 2595 κακία

2207 2630 2317 2692 τοῖς
2350 2625 2611 2691 τοιούτοις
2636 2626 2937 2697 ἐφεδρεύει,
2977 2627 3244 2682 πάντοθεν
3272 2628 3516 2701 ζητοῦσα
3550 2630 3791 2704 περιτρέ-

2206 2722 2304 2791 ψαι
2331 2719 2429 2791 τὴν
2460 2721 2717 2792 σπουδήν.
2761 2720 3002 2775 Ἐκεῖθεν
3051 2722 3231 2786 ἄνεσις
3275 2721 3534 2793 σώματος
3573 2723 3667 2777 καὶ
3695 2722 3790 2792 ψυ-

2208 2813 2311 2884 χῆς
2341 2830 2355 2844 ·
2398 2811 2649 2867 ἐντεῦθεν
2694 2811 2956 2883 μαλακία,
3007 2813 3103 2867 καὶ
3131 2812 3355 2884 ἀκηδία,
3388 2816 3490 2869 καὶ
3518 2814 3786 2887 ὀλιγωρία,

2207 2905 2302 2958 καὶ
2332 2903 2402 2957 τά
2423 2901 2608 2965 λοιπὰ,
2639 2902 2707 2955 δι’
2736 2894 2811 2956 ὧν
2839 2902 3141 2956 ἀπόλλυται
3172 2902 3318 2974 ψυχὴ
3350 2904 3496 2958 κατά
3527 2905 3687 2976 μέρος
3710 2906 3791 2976 ἀρ-

2208 2995 2514 3066 παζομένη,
2560 2994 2652 3048 καὶ
2681 2994 3057 3064 αὑτομολοῦσα
3088 2995 3225 3067 πρὸς
3252 2995 3343 3049 τὸν
3374 2996 3569 3069 ἐχθρὸν
3605 2997 3787 3067 αὐτῆς.

2208 3086 2332 3159 Χρὴ
2367 3082 2461 3140 οῦν
2490 3085 2783 3155 ἐφεστάναι
2820 3087 2886 3156 τῇ
2918 3085 3063 3158 ψυχῇ
3106 3086 3358 3159 καθάπερ
3406 3088 3573 3158 σοφὸν
3605 3088 3790 3159 κυϐερ-

2207 3177 2376 3248 νήτην
2422 3174 2514 3230 τὸν
2582 3173 2840 3244 λογισμὸν
2875 3212 2891 3237 ,
2951 3174 3442 3246 παρασκευάζοντα
3490 3175 3789 3231 εύθυπλοεῖν

2208 3266 2345 3337 πρὸς
2376 3266 2468 3319 τὸν
2498 3265 2610 3319 ἀνω
2641 3265 2839 3336 λιμένα
2866 3305 2881 3330 ,
2912 3266 3006 3319 καὶ
3035 3266 3134 3339 τὴν
3163 3266 3343 3338 ψυχὴν
3371 3269 3633 3341 ἀκέραιον
3662 3270 3789 3323 ἀπο-

2205 3360 2414 3414 διδόντα
2453 3360 2532 3430 τῷ
2582 3360 2934 3415 πιστεύσαντι
2962 3360 3101 3432 Θεῷ.
3139 3361 3248 3415 Καὶ
3278 3363 3407 3425 τοὺς
3452 3362 3788 3434 προεστῶτας

2204 3452 2262 3505 δὲ
2291 3450 2399 3521 χρὴ
2428 3451 2941 3524 συναντιλαμϐάνειν
2965 3451 3043 3523 τῷ
3072 3452 3298 3523 τοιούτῳ
3321 3492 3339 3519 ,
3368 3455 3467 3506 καὶ
3495 3454 3584 3508 διὰ
3621 3455 3788 3525 πάσης

2208 3544 2445 3615 σπουδῆς
2479 3544 2572 3597 καὶ
2599 3543 2881 3607 νουθεσίας
2916 3543 3143 3616 τρέφειν
3186 3543 3286 3615 τὴν
3317 3548 3448 3616 περὶ
3478 3546 3539 3600 τὸ
3576 3546 3788 3619 προκεί-

2209 3652 2370 3707 μενον
2398 3634 2491 3688 τοῦ
2519 3635 2815 3706 εὐχομένου
2849 3635 3167 3706 ἐπιθυμίαν.
3198 3634 3320 3688 Τῶν
3350 3636 3462 3708 γάρ
3509 3638 3674 3703 ὅντως
3706 3638 3788 3691 εύ-

2205 3726 2451 3797 χομένων
2474 3727 2503 3779 ὁ
2536 3727 2747 3798 καρπὸς
2776 3726 2883 3779 τῶν
2913 3727 3128 3798 ἀρετῶν
3149 3729 3262 3790 τοῖς
3295 3729 3570 3784 συνιοῦσιν
3601 3731 3789 3784 ἐπιδει-

2205 3817 2471 3889 κνύμενος
2495 3859 2511 3885 ,
2553 3819 2615 3870 οὐ
2645 3817 2724 3888 τῷ
2763 3818 3099 3889 προκόψαντι
3135 3819 3321 3891 μόνῳ,
3357 3819 3496 3875 ἀλλὰ
3550 3822 3641 3875 καὶ
3685 3823 3789 3884 τοῖς

2205 3910 2286 3964 ἔτι
2317 3911 2531 3982 νηπίοις
2558 3910 2653 3965 καὶ
2680 3910 2958 3981 δεομένοις
2985 3910 3334 3975 διδασκαλίας
3357 3951 3372 3976 ,
3403 3914 3672 3985 χρήσιμος
3711 3911 3788 3980 γί-

2204 4019 2375 4062 νεται,
2403 4002 2727 4074 προτρέπων
2753 4002 2949 4065 αὐτοὺς
2978 4004 3059 4061 εἰς
3091 4002 3322 4075 μίμησιν
3344 3995 3420 4057 ὧν
3442 4003 3632 4075 ὁρῶσι.
3655 4004 3789 4075 Καρ-

2205 4090 2304 4154 πδς
2332 4092 2376 4144 δ’
2414 4091 2739 4163 εἰλικρινοῦς
2783 4092 2949 4162 εὐχῆς
2992 4092 3232 4169 ἁπλότης
3259 4132 3274 4157 ,
3335 4094 3527 4165 ἀγάπη
3552 4133 3566 4158 ,
3607 4109 3787 4147 ταπει-

2203 4182 2508 4255 νοφροσύνη
2530 4222 2545 4247 ,
2592 4181 2862 4254 καρτερία
2887 4221 2902 4247 ,
2935 4182 3138 4235 ἀκακία
3162 4221 3178 4246 ,
3214 4184 3310 4237 καὶ
3355 4183 3428 4237 τὰ
3473 4182 3726 4247 τοιαῦτα,
3755 4180 3784 4237 ἃ

2204 4276 2311 4347 πρὸ
2362 4272 2472 4328 τῶν
2525 4275 2759 4328 αίωνίων
2819 4272 3082 4344 καρπῶν,
3141 4274 3292 4347 παρά
3340 4274 3434 4328 τὸν
3476 4275 3592 4346 βίον
3627 4278 3655 4328 ὁ
3699 4270 3784 4327 τοῦ

2207 4366 2496 4421 σπουδαίου
2654 4364 2887 4418 ἐνταῦθα
2920 4364 3226 4435 βλαστάνει.
3255 4366 3481 4431 Τούτοις
3506 4366 3639 4438 εὐχὴ
3667 4364 3787 4419 καλ-

2203 4459 2501 4525 λωπίζεται
2527 4459 2639 4521 τοῖς
2670 4458 2905 4528 καρποῖς
2934 4472 2950 4487 °
2982 4457 3266 4529 ἀποροῦσα
3310 4459 3367 4512 δὲ
3405 4458 3613 4513 τούτων
3638 4499 3654 4524 ,
3689 4457 3785 4528 μά·-

510 4553 749 4606 vitam...
785 4550 877 4604 hic
906 4551 1201 4620 pullulant.
1260 4550 1423 4606 llisce
1486 4553 1762 4608 fructibus
1804 4552 2099 4608 decoratur

2204 4570 2353 4608 ταιον
2378 4550 2491 4622 ἔχει
2523 4551 2683 4603 πόνον
2703 4565 2716 4580 ·
2745 4548 2835 4602 καὶ
2863 4548 2964 4601 οὐκ
2990 4548 3129 4619 αὑτὴ
3159 4550 3337 4619 μόνον,
3356 4551 3494 4605 ἀλλά
3526 4552 3618 4607 καὶ
3648 4551 3787 4603 πᾶσα

509 4644 802 4714 precatio:
863 4643 1069 4714 quibus
1105 4643 1151 4698 si
1213 4643 1575 4709 destituatur,
1638 4644 1857 4699 inanem
1927 4647 2096 4701 sumit

514 4736 759 4791 laborem
793 4753 808 4803 ;
845 4751 1025 4806 neque
1069 4736 1186 4806 ipsa
1228 4734 1515 4798 duntaxat,
1567 4737 1663 4793 sed
1714 4738 1876 4794 etiam
1916 4738 2095 4793 omnis

508 4825 870 4897 phiIOSOphiae
908 4826 994 4879 via
1022 4833 1076 4882 et
1116 4825 1281 4890 ratio,
1323 4842 1445 4898 qua:
1478 4845 1700 4899 germen
1745 4829 1911 4885 habet
1941 4830 2093 4900 ejus-

508 4918 697 4984 modi,
742 4918 973 4988 juslitize
1028 4932 1223 4989 reapse
1277 4928 1362 4975 est
1415 4921 1612 4976 semita
1665 4932 1718 4978 et
1760 4922 1830 4978 ad
1880 4930 2094 4977 rectum

506 5006 657 5062 ducit
713 5009 965 5074 exitum;
1026 5008 1112 5063 his
1157 5018 1338 5065 autem
1399 4996 1630 5081 privata.
1683 5028 1882 5069 nomen
1932 5015 2096 5070 inane

506 5103 857 5171 relinquitur.
907 5101 1114 5173 Ecquis
1161 5112 1248 5158 est
1303 5120 1438 5160 usus
1494 5106 1624 5161 vitis
1676 5107 1932 5172 excultaa,
1986 5109 2096 5163 nisi

507 5188 719 5248 fruetus
767 5192 977 5258 adsint,
1027 5209 1267 5264 quorum
1320 5195 1494 5266 gratia
1538 5196 1757 5252 labores
1793 5198 2098 5253 exantlavit

474 5282 789 5351 .agricula?
821 5276 977 5350 Quod
1007 5285 1222 5340 lucrum
1255 5294 1339 5341 est
1370 5285 1567 5356 jejuuii
1607 5296 1664 5342 et
1695 5290 1970 5345 orationis
2040 5299 2097 5346 et

506 5373 798 5440 pervigilii,
842 5377 889 5431 si
921 5392 1027 5447 pax
1048 5385 1103 5432 et
1133 5377 1396 5448 gaudium
1424 5388 1477 5433 et
1512 5379 1779 5444 Charitas,
1807 5387 1862 5434 et
1895 5380 2095 5451 reliqui

509 5457 723 5512 fructus
748 5464 940 5529 gratiae
967 5465 1198 5536 spiritus
1240 5481 1351 5521 non
1385 5466 1711 5522 adfuerint?
1753 5478 2095 5540 quapropter

511 5545 734 5600 labores
764 5548 965 5619 jejunii
993 5564 1049 5608 et
1085 5555 1356 5612 orationis
1386 5564 1440 5610 et
1473 5563 1799 5613 caeterorum
1843 5574 2096 5630 operum,

509 5645 634 5689 cum
672 5637 844 5692 multa
871 5639 1226 5709 jucunditate
1269 5646 1630 5717 etcharitate
1662 5657 1716 5703 et
1763 5663 1863 5720 spe
1906 5650 2095 5705 consi-

577 5804 624 5836 ⁸⁶
642 5804 776 5867 Luc.
804 5828 935 5884 xvu,
957 5813 1049 5868 21.

2204 4642 2522 4713 φιλοσοφίας
2549 4639 2666 4703 ὁδὸς
2688 4638 2943 4708 τοιαύτην
2971 4638 3070 4709 μὲν
3087 4639 3286 4711 ἔχουσα
3309 4640 3573 4711 βλάστην,
3595 4641 3786 4695 δικαιο-

2205 4735 2371 4807 σύνης
2396 4733 2561 4797 ὅντως
2594 4729 2740 4784 ἐστὶν
2772 4728 2924 4794 ὁδὸς,
2958 4731 3050 4783 καὶ
3080 4731 3216 4803 πρὸς
3248 4731 3406 4803 ὀρθὸν
3435 4732 3559 4802 ἄγει
3594 4731 3738 4793 τέλος
3766 4743 3780 4758 °

2201 4830 2410 4885 τούτων
2464 4827 2522 4881 δὲ
2570 4824 2910 4896 ἐστερημένη
2937 4836 2963 4891 ,‘
2988 4812 3144 4878 κενδν
3181 4825 3353 4896 ὄνομα
3386 4826 3780 4881 καταλείπεται.

2205 4925 2270 4979 Τί
2309 4923 2500 4993 ὄφελος
2539 4920 2784 4991 ἀμπέλου
2819 4919 3234 4991 πεπονημένης,
3268 4919 3500 4990 καρπῶν
3529 4921 3603 4991 μὴ
3653 4932 3784 4988 παρ-

2203 5012 2392 5074 όντων,
2434 5003 2510 5061 ὧν
2536 5008 2697 5061 ἕνεκα
2725 5010 2754 5060 ὁ
2777 5008 3024 5080 γεωργὸς
3054 5007 3144 5061 τὸν
3184 5007 3345 5062 πόνον
3377 5009 3678 5080 ύπέμεινε;
3722 5003 3781 5057 Τί

2201 5101 2392 5173 κέρδος
2421 5100 2679 5170 νηστείας
2716 5099 2811 5153 καὶ
2859 5100 3170 5171 προσευχῆς
3209 5100 3301 5154 καὶ
3343 5100 3680 5172 ἀγρυπνίας,
3712 5097 3783 5151 εί-

2205 5194 2372 5265 ρήνης
2403 5189 2647 5261 ἀπούσης
2682 5189 2776 5243 καὶ
2805 5193 2978 5261 χαρᾶς
3012 5191 3107 5244 καὶ
3138 5190 3358 5262 ἀγάπης
3382 5234 3397 5259 ,
3425 5192 3652 5245 καὶτῶν
3677 5190 3779 5242 λοι·

2190 5284 2319 5339 ’πῶν
2368 5285 2467 5355 τῆς
2510 5282 2606 5337 τοῦ
2658 5281 2972 5352 Πνεύματος
3018 5282 3238 5353 χάριτος
3286 5283 3514 5355 καρπῶν
3542 5299 3557 5349 ;
3583 5284 3673 5335 Δεῖ
3696 5276 3780 5335 οὖν

2199 5380 2327 5441 τοὺς
2363 5378 2461 5449 μὲν
2496 5378 2691 5440 πόνους
2716 5374 2817 5445 τῆς
2847 5368 3101 5444 νηστείας
3123 5377 3216 5429 καὶ
3244 5376 3344 5446 τῆς
3368 5376 3536 5448 εύχῆς
3564 5376 3654 5430 καὶ
3683 5376 3781 5429 τῶν

2199 5466 2401 5521 λοιπῶν
2421 5465 2597 5539 ἔργων
2643 5464 2781 5536 μετά
2826 5463 3029 5534 πολλῆς
3075 5465 3270 5534 ἡδονῆς
3315 5466 3408 5519 καὶ
3436 5467 3659 5536 ἀγάπης
3694 5464 3779 5517 καὶ

2198 5556 2409 5620 ἐλπίδος
2438 5555 2766 5626 ὑφίστασθαι
2785 5570 2798 5584 ·
2842 5554 2911 5607 τὰ
2940 5554 2998 5607 δὲ
3028 5555 3164 5627 ἄνθη
3194 5555 3304 5611 τῶν
3335 5556 3513 5612 πόνων
3543 5559 3635 5611 καὶ
3662 5557 3778 5616 τοὺς

2199 5650 2467 5719 καρποὺς,
2492 5650 2565 5719 τῇ
2582 5645 2676 5701 τοῦ
2701 5644 3022 5716 Πνεύματος
3045 5644 3181 5704 εἶναι
3212 5648 3491 5705 πιστεύειν
3518 5644 3777 5722 ἐνεργείᾳ
