4106 6432
356 380 458 438 505

1511 388 1600 444 DE
1637 388 1910 446 INSTITU
1922 387 2012 445 ΤΟ
2050 388 2487 445 CHRISTIANO.

3533 389 3639 443 506

363 509 502 556 stere
558 503 843 559 convenit.
905 503 1095 562 Florcs
1144 520 1273 562 vero
1320 504 1566 562 laborum
1601 512 1674 564 'et
1717 507 1949 577 fructus,
1998 511 2047 569 A
2095 509 2328 580 Spiritus
2372 504 2702 562 sanctissimi
2768 503 3085 575 operatione
3155 503 3348 559 adesse
3408 512 3639 556 credem-

362 589 488 646 dum
523 600 631 646 est.
716 617 721 622 -
1518 646 1523 651 .

435 680 498 732 Ei
530 680 576 733 δ’
602 679 669 734 ἂν
696 681 879 753 ἐαυτῷ
923 701 1007 747 τις
1038 683 1302 753 λογίζοιτο
1348 685 1522 741 ταῦτα
1543 726 1556 749 ,
1610 687 1701 741 καὶ
1748 687 1809 741 τὸ
1841 690 1947 743 πᾶν

366 768 646 841 ἀνατιθείη
681 774 792 835 τοῖς
842 771 1024 836 πόνοις
1052 814 1068 838 ,
1108 773 1230 827 ἀντὶ⁵
1257 773 1366 828 τῶν
1394 774 1684 845 ἀκηράτων
1725 776 1948 830 ἐκείνων

367 860 630 931 καρπῶν,
659 861 980 927 ἀλαζονείας
1028 862 1105 934 τῷ
1156 865 1381 936 τοιούτῳ
1434 866 1688 937 φρόνημα
1733 867 1945 937 φύεται.

365 952 457 1007 Διὸ
486 952 595 1023 χρὴ
616 954 742 1017 τοὺς
779 953 878 1024 μὲν
905 955 1042 1025 ὑπὲρ
1070 955 1168 1026 τῆς
1208 956 1411 1027 ἀρετῆς
1434 956 1648 1025 ἀγῶνας
1680 957 1800 1027 μεθ’
1826 958 1948 1029 ἠδο-

364 1043 465 1113 νῆς
499 1044 793 1114 ὑπομένειν
818 1061 831 1075 ·
871 1045 970 1116 τὴν
1000 1045 1056 1098 δὲ
1089 1045 1355 1117 λύτρωσιν
1388 1046 1486 1118 τῆς
1513 1046 1714 1118 ψυχῆς,
1739 1050 1803 1102 ἐκ
1840 1048 1949 1102 τῶν

365 1133 557 1188 παθῶν
603 1134 682 1205 τῷ
725 1134 843 1206 Θεῷ
878 1135 1219 1190 ἀνατιθέναι·
1270 1137 1346 1201 ὡς
1383 1137 1449 1192 ἂν
1489 1137 1631 1191 οῦτω
1683 1140 1948 1209 κρείττων

364 1226 573 1296 ἑαυτῆς
610 1228 643 1298 ἡ
669 1226 812 1298 ψυχὴ
836 1228 1122 1301 γενομένη,
1149 1229 1244 1283 καὶ
1270 1229 1370 1299 τῆς
1395 1227 1490 1283 τοῦ
1531 1229 1754 1300 Ἐχθροῦ
1788 1231 1945 1285 δυνα-

364 1319 617 1388 τωτάτης
644 1318 843 1384 κακίας
865 1362 880 1387 ,
918 1322 1232 1393 οἰκητήριον
1257 1321 1458 1391 ἀγαθὸν
1490 1322 1686 1393 ἑαυτὴν
1724 1301 1949 1395 παρ’έεει

363 1407 444 1476 τῷ
483 1409 847 1480 προσκυνητῷ
876 1410 971 1463 καὶ⁹
1010 1410 1150 1481 άγίῳ
1201 1411 1509 1482 Πνεύματι,
1562 1411 1694 1483 παρ’
1744 1404 1805 1465 οῦ
1851 1411 1949 1484 τὴν

364 1499 634 1554 ἀθάνατον
660 1501 754 1554 τοῦ
784 1502 1021 1571 Χριστοῦ
1053 1503 1294 1558 λαϐοῦσα
1332 1503 1553 1574 είρήνην
1573 1544 1588 1568 ,
1620 1503 1950 1557 συνάπτεται

363 1590 433 1643 δι’
462 1591 631 1660 αὐτῆς
651 1630 666 1653 ,
693 1591 786 1644 καλ⁵
813 1592 1213 1663 προσκολλᾶται
1246 1592 1323 1664 τῷ
1370 1593 1574 1665 Κυρίῳ.
1624 1595 1686 1647 El
1715 1594 1774 1649 δέ
1806 1611 1949 1658 τινες

366 1683 537 1751 μήπω
564 1682 655 1734 τὸν
679 1682 779 1753 τῆς
811 1684 985 1753 ἄκρας
1014 1684 1181 1755 εὐχῆς
1208 1685 1359 1738 τόνον
1389 1683 1601 1755 ἔχοντες
1620 1724 1634 1746 ,
1679 1685 1813 1755 μηδὲ
1853 1685 1951 1755 τὴν

361 1771 719 1844 ὀφειλομένην
751 1773 830 1845 τῷ
875 1774 1162 1847 πράγματι
1212 1776 1447 1847 σπουδήν
1474 1794 1534 1830 τε
1579 1777 1674 1830 καὶ
1700 1776 1946 1846 δύναμιν,

360 1864 832 1930 ἀπολιμπάνονται
863 1866 1068 1938 ταύτης
1099 1868 1197 1939 τῆς
1234 1866 1466 1938 ἀρετῆς,
1520 1869 1577 1921 ἐν
1616 1870 1726 1931 τοῖς
1771 1867 1949 1929 ἄλλοις

2130 683 2288 749 Quod
2322 682 2367 738 si
2399 681 2523 753 quis
2550 680 2666 734 lu'ec
2695 679 2801 735 sibi
2830 678 2932 748 ipsi
2965 678 3334 748 imputaverit,
3375 690 3428 734 et
3453 684 3635 737 omnia

2051 774 2333 828 laboribus
2361 773 2475 827 suis
2504 770 2779 832 tribuerit,
2816 770 2934 824 vice
2986 776 3316 824 aeternorum
3352 770 3633 828 fructuum

2050 863 2288 927 illorum,
2322 861 2646 931 arrogantia:
2677 859 2903 929 spiritus
2933 857 3061 913 huic
3102 858 3311 912 homini
3352 858 3633 916 inseritur.

2050 951 2260 1008 Idcirco
2288 952 2359 1007 ob
2388 953 2641 1007 virtutem
2670 956 2932 1019 suscepta
2958 948 3263 1005 certamina
3295 965 3419 1004 cum
3445 951 3638 1019 jucun-

2049 1045 2217 1101 ditate
2248 1060 2347 1116 par
2375 1055 2460 1100 est
2499 1045 2793 1109 sustinere,
2834 1051 2890 1098 et
2950 1042 3120 1098 animi
3155 1043 3533 1098 liberationem
3566 1044 3635 1098 ab

2049 1137 2335 1193 affectibus
2361 1135 2472 1191 Deo
2499 1144 2785 1205 acceptam
2817 1134 2980 1200 ferre,
3015 1142 3075 1189 ut
3102 1136 3181 1189 sic
3219 1136 3400 1188 anima
3432 1144 3642 1190 semet—

2051 1228 2167 1298 ipsa
2201 1229 2391 1283 melior
2427 1227 2649 1291 ell‘eeta,
2706 1234 2762 1283 et
2797 1226 3163 1297 potentissimi
3216 1227 3393 1282 hostis
3428 1228 3634 1281 malitia

2050 1319 2322 1391 superior,
2362 1320 2700 1375 domicilium
2728 1319 2930 1375 bonum
2965 1320 3205 1390 prtebeat
3235 1334 3295 1374 se
3350 1320 3635 1387 adorando
3702 1383 3710 1389 ,

2050 1420 2353 1483 sanctoque
2388 1411 2639 1482 Spiritui,
2680 1427 2710 1466 a
2744 1427 2855 1483 quo
2891 1411 3191 1467 immortali
3231 1411 3438 1466 Christi
3502 1426 3636 1481 pace

2050 1511 2273 1573 accepta
2320 1502 2619 1573 cepulatur
2676 1518 2774 1573 per
2812 1518 2957 1567 eam,
3001 1509 3056 1556 et
3102 1502 3478 1573 agglutinatur
3530 1501 3636 1556 Do-

2048 1594 2217 1648 mino.
2254 1592 2409 1660 Quod
2442 1593 2491 1648 si
2526 1594 2779 1664 quidam,
2813 1593 2907 1662 qui
2943 1592 3187 1647 nondum
3221 1590 3480 1661 perfectae
3509 1606 3636 1661 pre-

2050 1683 2284 1740 cationis
2353 1684 2598 1754 vigorem
2668 1691 2901 1748 tenent,
2964 1698 3141 1752 neque
3199 1682 3442 1738 debitum
3507 1682 3639 1737 huic

2050 1775 2271 1845 negotio
2305 1776 2576 1837 studium,
2610 1783 2664 1831 et
2693 1775 2798 1829 vim
2833 1776 3108 1841 obtinent,
3138 1774 3337 1846 privati
3368 1785 3498 1831 sunt
3532 1775 3634 1829 hac

2049 1866 2295 1932 virtute;
2334 1866 2389 1919 in
2456 1866 2671 1921 exteris
2731 1867 3044 1935 compleant
3102 1865 3494 1932 obedientiam,
3534 1882 3634 1937 pro

362 1954 756 2025 πληρούτωσαν
776 1957 876 2028 τὴν
916 1958 1179 2030 ὑπακοὴν,
1205 1959 1346 2012 κατά
1380 1958 1607 2028 δύναμιν
1648 1957 1949 2011 διακονοῦν-

2060 1955 2263 2010 viribus
2317 1955 2721 2021 ministrantes,
2760 1955 3017 2011 alacriter
3069 1964 3384 2027 operantes,
3442 1957 3634 2012 sedulo

357 2063 473 2111 τες,
496 2047 791 2119 προθύμως
810 2049 1186 2122 ἐργαζόμενοι,
1217 2050 1519 2114 σπουδαίως
1547 2050 1946 2121 θεραπεύοντες

361 2139 484 2210 μεθ’
509 2141 704 2210 ἡδονῆς
731 2181 747 2206 ,
781 2142 858 2213 μὴ
891 2141 983 2194 ἐπὶ
1014 2141 1189 2212 μισθῷ
1218 2159 1344 2207 τινι,
1387 2142 1520 2213 μηδέ
1544 2141 1644 2211 τῆς
1675 2142 1947 2213 ἀνθρωπί-

359 2246 459 2298 νης
491 2229 651 2300 δόξης
676 2229 861 2295 ἕνεκα,
894 2230 1030 2301 μηδέ
1051 2232 1126 2293 ὡς
1151 2222 1456 2302 ἀλλοτρίοις
1488 2230 1701 2302 σώμασι
1732 2234 1827 2286 καὶ
1854 2231 1948 2301 tim-

357 2320 483 2389 χαῖς
521 2317 955 2389 ὑπηρετούμενοι
981 2357 994 2382 ,
1035 2318 1150 2391 ἀλλ’
1194 2319 1271 2382 ὼς
1313 2319 1552 2391 Χριστοῦ
1598 2320 1837 2386 δούλοις,
1872 2320 1947 2385 ὡς

357 2408 651 2480 ἡμετέροις
682 2408 1007 2480 σπλάγχνοις
1025 2451 1040 2473 ,
1071 2409 1309 2480 καθαρὸν
1355 2409 1510 2481 ἡμῶν
1540 2410 1634 2464 καὶ
1677 2410 1861 2465 ἄδολον
1890 2410 1947 2464 τὸ

356 2501 521 2570 ἔργον
551 2501 834 2573 ἀποφανθῇ
868 2501 944 2572 τῷ
973 2502 1181 2574 Κυρίῳ.
1215 2502 1643 2573 Προφασιζέσθω
1670 2503 1725 2556 δέ
1759 2504 1947 2574 μηδεὶς

356 2588 660 2660 ἀδυναμίαν
691 2590 772 2653 εἰς
798 2590 897 2663 τὴν
932 2590 1037 2644 τῶν
1059 2591 1238 2647 καλῶν
1267 2591 1443 2663 ἔργων
1479 2593 1711 2665 σπουδήν
1744 2610 1757 2623 ⁸
1795 2594 1946 2648 οὐδὲν

355 2679 467 2751 γάρ
488 2682 518 2733 ό
539 2680 670 2744 Θεὸς
693 2680 953 2736 ἀδύνατον
980 2682 1274 2737 ἐπιτάττει·
1303 2702 1321 2735 ι
1338 2685 1433 2747 Ὃς
1450 2684 1596 2748 saw,»
1631 2685 1784 2756 (mal,
1820 2703 1836 2735 ι
1859 2703 1947 2738 πο-

355 2771 482 2844 τίσῃ
506 2773 761 2847 ποτήριον
789 2772 997 2848 ψυχροῦ
1026 2775 1108 2839 είς
1132 2774 1301 2845 ὄνομα
1329 2774 1592 2845 μαθητοῦ,
1628 2776 1776 2847 ἀμὴν
1804 2776 1949 2845 λέγω

356 2864 509 2933 ύμῖν,
541 2864 602 2917 ού
639 2864 712 2937 μὴ
744 2865 982 2938 ἀπολέσῃ
1016 2860 1109 2919 τὸν
1136 2866 1326 2938 μισθὸν
1360 2864 1548 2920 αὑτοῦ.
1580 2885 1598 2918 ι
1647 2867 1711 2920 Τί
1738 2867 1837 2938 τῆς
1862 2868 1949 2922 ἐν·

354 2956 518 3027 στολῆς
568 2956 772 3029 ταύτης
820 2958 1247 3031 εὐχερέστερον;
1304 2959 1399 3013 καὶ
1428 2961 1457 3013 ό
1503 2958 1695 3030 μισθὸς
1727 2960 1818 3013 τοῦ
1855 2961 1947 3013 εύ-

356 3048 559 3120 χεροῦς
591 3048 754 3120 ἔργου
780 3090 796 3113 ,
850 3050 1192 3122 ἐπουράνιος.
1243 3051 1353 3105 Καὶ
1396 3050 1559 3104 πάλιν
1586 3068 1600 3082 ο
1630 3036 1678 3103 ἰ
1717 3051 1830 3120 Ἐφ’
1868 3052 1950 3105 ἐνὶ

354 3140 566 3193 τούτων
590 3141 902 3211 ἐποιήσατε,
922 3141 1044 3212 ἐμοὶ
1071 3141 1419 3212 ἐποιήσατε.»
1445 3141 1519 3194 Τὸ
1547 3142 1645 3212 μὲν
1669 3141 1949 3213 ἐπίταγμα

359 3232 592 3303 μικρόνο
626 3233 685 3285 τὸ
718 3232 774 3286 δὲ
807 3233 905 3303 τῆς
936 3234 1181 3306 ὑπακοῆς
1210 3234 1401 3305 κέρδος
1426 3273 1440 3297 ,
1474 3232 1629 3287 πολύ.
1666 3235 1829 3287 Ὥστε
1861 3234 1949 3288 ού-

355 3323 448 3376 δὲν
478 3324 616 3396 ὑπὲρ
656 3323 884 3396 δύναμιν
938 3325 1157 3378 ἀπαιτεῖ
1181 3343 1194 3356 ο
1230 3326 1365 3381 ἀλλά
1413 3326 1517 3379 κᾶν
1578 3326 1771 3398 μικρὸν
1796 3366 1809 3389 ,
1843 3326 1948 3380 κᾶν
1975 3309 2018 3367 C

359 3411 506 3482 μέγα
532 3415 711 3484 ποιῇς,
728 3413 921 3467 ἕπεταί
952 3432 1033 3468 σοι
1058 3415 1201 3468 κατά
1226 3414 1325 3485 τὴν
1349 3414 1667 3487 προαίρεσιν
1687 3418 1715 3468 ό
1735 3414 1942 3485 μισθός.

371 3502 500 3555 Ἐάν
536 3503 633 3574 μὲν
661 3504 769 3576 γάρ
796 3506 874 3567 είς
898 3502 1065 3576 ὄνομα
1100 3506 1193 3558 καὶ
1223 3502 1386 3574 φόϐον
1417 3504 1574 3568 Θεοῦ,
1606 3503 1833 3575 λαμπρά
1860 3505 1951 3557 καὶ

358 3593 724 3665 ἀναφαίρετος
769 3591 933 3666 ἦλθεν
986 3598 1018 3667 ἡ
1065 3597 1276 3668 δωρεά’
1314 3595 1408 3650 ἐάν
1455 3595 1512 3649 δὲ
1555 3595 1635 3659 εἰς
1667 3594 1951 3660 ἐπίδειξιν,

356 3684 593 3739 ἄκουσον
627 3684 884 3755 ὀμνύντος
927 3685 1090 3740 αὐτοῦ
1139 3686 1232 3741 τοῦ
1261 3685 1465 3757 Κυρίου
1495 3702 1508 3716 ·
1551 3701 1571 3735 ι
1595 3686 1766 3757 ’Λμὴν
1811 3685 1955 3755 λέγω

357 3778 523 3848 ὑμῖν,
564 3777 825 3848 ἀπέχουσι
852 3778 944 3831 τὸν
993 3778 1181 3849 μισθὸν
1227 3779 1428 3832 αὐτῶν.
1457 3798 1477 3831 ι
1524 3779 1638 3831 Ἵνα
1662 3777 1718 3830 δὲ
1758 3777 1832 3849 μή
1862 3793 1947 3840 τις

357 3866 521 3919 τοῦτο
582 3866 725 3938 πάθῃ
747 3910 760 3930 ,
812 3868 1177 3939 παραγγέλλει
1228 3869 1341 3931 τοῖς
1398 3867 1700 3939 μαθηταῖς,
1733 3867 1827 3919 καὶ
1877 3865 1944 3919 δι’

359 3956 586 4010 ἐκείνων
612 3958 759 4028 ἡμῖν·
783 3957 1046 4011 ιΒλέπετε
1068 3956 1144 4029 μὴ
1165 3958 1429 4029 ποιήσητε
1446 3958 1547 4028 τὴν
1572 3957 1944 4029 ἐλεημοσύνην

360 4047 541 4119 ὑμῶν,
567 4046 600 4118 ἢ
632 4047 730 4122 τὴν
765 4049 962 4121 εὐχὴν,
998 4048 1033 4120 ἣ
1062 4048 1161 4120 τὴν
1195 4049 1469 4120 νηστείαν,
1502 4048 1809 4128 ξμπροσθεν
1836 4047 1945 4101 τῶν

357 4136 665 4209 ἀνθρώπων
685 4158 697 4171 ο
739 4141 789 4193 ει
817 4140 874 4194 δὲ
910 4141 984 4212 μή
1035 4156 1120 4209 γε,
1163 4139 1355 4210 μισθὸν
1382 4141 1482 4193 οὐκ
1512 4139 1661 4211 ἐχετε
1696 4140 1845 4209 παρὰ
1870 4137 1948 4209 τῷ

357 4229 540 4301 Πατρὶ
584 4231 756 4302 ὑμῶν,
804 4231 882 4303 τῷ
910 4234 968 4286 ἐν
1014 4218 1128 4297 τοῖς
1176 4232 1443 4302 οὐρανοῖς.
1474 4251 1494 4285 ι
1534 4230 1691 4301 Αὐτῷ
1716 4230 1841 4295 δόξα
1868 4231 1948 4295 εἰς

357 4323 488 4387 τοὺς
514 4324 734 4389 αἰῶνας.
769 4324 960 4396 Ἀμήν.

2048 2062 2172 2101 cum
2204 2046 2488 2117 voluptate
2516 2048 2724 2100 cultum
2766 2047 3173 2117 impendentes,
3227 2064 3335 2103 non
3389 2047 3459 2103 ob
3492 2064 3635 2103 mer-

2046 2134 2232 2190 cedem
2267 2136 2455 2201 ullam,
2488 2150 2663 2205 neque
2698 2135 2948 2189 humana:
2981 2137 3166 2205 gloria:
3209 2152 3397 2200 causa,
3454 2153 3635 2206 neque

2047 2232 2106 2278 ut
2134 2224 2327 2281 alienis
2359 2225 2682 2295 corporibus
2729 2234 2784 2279 et
2834 2226 3033 2281 animis
3090 2227 3477 2292 inservientes,
3536 2229 3633 2283 sed

2046 2322 2311 2385 tanquam
2352 2314 2556 2370 Christi
2593 2317 2788 2381 servis,
2826 2325 2880 2372 et
2935 2317 3143 2373 nostris
3176 2318 3508 2383 visceribus,
3574 2328 3635 2374 ut

2047 2420 2244 2475 purum
2274 2413 2328 2461 et
2370 2406 2580 2464 fraudis
2633 2425 2829 2480 expers
2886 2424 3026 2480 opus
3087 2418 3338 2467 nostrum
3401 2409 3633 2467 Domino

2049 2504 2249 2568 pateat.
2281 2495 2453 2554 Nemo
2503 2509 2685 2554 autem
2752 2500 3183 2556 imbecillitatem
3243 2511 3507 2572 praetexat
3563 2502 3631 2556 ad

2049 2589 2402 2645 honestarum
2437 2592 2711 2645 actionum
2744 2591 3009 2648 studium.
3064 2591 3219 2648 Nihil
3284 2593 3428 2648 enim
3488 2593 3633 2649 Deus

2049 2682 2319 2751 praecipit,
2358 2681 2503 2752 quod
2540 2684 2654 2737 fieri
2688 2698 2797 2737 non
2830 2683 3032 2753 possit;
3061 2684 3261 2754 quippe
3290 2694 3414 2739 eum
3443 2683 3630 2738 dicat:

2056 2791 2075 2823 ι
2102 2770 2297 2842 Siquis
2325 2774 2618 2843 prtebuerit
2644 2775 2897 2844 poculum
2919 2790 3073 2845 aqua;
3093 2774 3301 2845 frigida:
3325 2775 3380 2831 in
3410 2776 3632 2831 nomine

2049 2861 2326 2933 discipuli,
2358 2878 2517 2919 amen
2557 2863 2681 2920 dico
2716 2864 2893 2929 vobis,
2938 2882 3045 2920 non
3084 2868 3294 2920 amittet
3321 2868 3637 2922 mercedem

2050 2967 2205 3006 suam
2228 2952 2294 3008 “.
2340 2972 2358 3006 ι
2395 2950 2538 3019 Quid
2571 2954 2677 3008 hoc
2708 2956 2966 3010 mandato
2995 2955 3210 3011 facilius
3232 2956 3448 3026 ?‘Alqui
3484 2972 3630 3012 mer-

2050 3058 2142 3101 ces
2185 3052 2292 3098 tam
2335 3044 2471 3100 levis
2508 3052 2562 3101 et
2594 3046 2864 3117 expedita:
2890 3062 3091 3117 operae,
3127 3048 3371 3104 caalestis
3404 3057 3508 3105 est.
3566 3048 3634 3103 Et

2051 3151 2289 3193 rursus:
2339 3156 2358 3190 ι
2402 3135 2653 3203 Quandiu
2696 3137 2906 3195 fecistis
2940 3141 3032 3195 uni
3064 3139 3132 3196 de
3175 3142 3283 3207 his,
3321 3143 3453 3197 mihi
3499 3142 3633 3197 feci-

2053 3228 2155 3283 stis
2185 3228 2259 3284 “.
2319 3248 2338 3281 ι
2371 3228 2594 3284 Jussum
2650 3230 2870 3299 quidem
2904 3232 3160 3302 exiguum
3192 3245 3275 3289 est
3304 3251 3318 3300 ;
3349 3236 3632 3304 obtempe-

2056 3322 2252 3376 rantite
2291 3336 2424 3376 vero
2464 3330 2705 3391 quaestus
2751 3324 2964 3394 ingens.
3024 3325 3204 3391 Quare
3238 3327 3378 3381 nihil
3437 3335 3635 3398 praeter

2058 3414 2202 3469 vires
2239 3416 2509 3485 exposcit.
2541 3413 2745 3470 Verum
2776 3417 2891 3472 sive
2936 3432 3182 3487 parvum,
3213 3420 3327 3473 sive
3376 3435 3632 3490 magnum

2055 3506 2186 3573 quid
2221 3506 2413 3573 facias,
2444 3506 2693 3575 sequitur
2722 3517 2773 3562 le
2799 3523 3009 3563 merces
3059 3524 3125 3563 ex
3158 3509 3463 3580 proposito.
3495 3509 3632 3563 Nam

2054 3596 2101 3649 si
2139 3596 2191 3649 in
2225 3597 2445 3653 nomine
2470 3606 2524 3653 et
2552 3598 2750 3655 timore
2778 3598 2872 3655 Dei
2906 3599 3018 3663 flat,
3067 3600 3201 3655 illud
3232 3601 3459 3672 etquod
3494 3603 3633 3671 eripi

2056 3700 2165 3741 non
2194 3685 2369 3755 possit
2399 3684 2604 3740 donum
2653 3688 2847 3754 venit;
2913 3687 2997 3742 sin
3038 3696 3219 3743 autem
3273 3689 3338 3744 ad
3387 3698 3633 3746 ostenta-

2054 3776 2279 3842 tionem,
2320 3777 2444 3833 audi
2491 3778 2772 3848 jurantem
2806 3778 2984 3849 ipsum
3039 3777 3368 3835 Dominum:
3403 3799 3422 3833 ι
3456 3783 3632 3837 Amen

2053 3868 2176 3924 dico
2220 3869 2396 3934 vobis,
2436 3878 2766 3940 receperunt
2797 3870 3105 3927 mercedem
3137 3888 3293 3927 suam
3320 3871 3387 3927 ⁸³.
3431 3893 3449 3926 ι
3511 3871 3630 3928 Iam

2051 3974 2120 4014 ne
2146 3959 2269 4029 quis
2310 3960 2410 4014 hoc
2441 3960 2778 4031 experiatur,
2807 3963 3052 4032 praecipit
3084 3963 3393 4034 discipulis,
3431 3974 3484 4018 et
3535 3979 3635 4033 per

2053 4049 2177 4105 illos
2207 4051 2365 4107 nobis
2387 4051 2435 4084 “
2465 4072 2478 4107 :
2514 4071 2534 4105 ‹
2596 4052 2782 4108 Videte
2817 4068 2887 4108 ne
2919 4054 3324 4126 eleemosynam
3364 4062 3630 4119 vestram,

2062 4152 2157 4197 aut
2186 4159 2377 4214 preces
2407 4155 2501 4200 aut
2526 4146 2794 4215 jejunium
2830 4146 3044 4202 faciatis
3075 4161 3258 4200 coram
3283 4145 3628 4200 hominibus:

2057 4235 2302 4305 alioquin
2366 4238 2670 4291 mercedem
2730 4253 2841 4292 non
2902 4237 3174 4292 habebitis
3230 4236 3372 4306 apud
3414 4235 3628 4289 Patrem

2052 4335 2323 4394 vestrum,
2358 4328 2450 4398 qui
2484 4328 2537 4381 in
2570 4328 2726 4383 caelis
2755 4336 2862 4384 est.
2901 4348 2919 4381 ι
2952 4327 3090 4383 lluic
3113 4328 3283 4400 gloria
3318 4327 3371 4383 in
3406 4330 3624 4384 saecula.

2050 4414 2244 4469 Amen.

444 4593 490 4626 “
516 4591 709 4648 Matth.
749 4607 806 4661 ι,
845 4591 955 4663 42;
990 4592 1156 4649 Marc.
1195 4608 1269 4659 ix,
1304 4593 1392 4650 40.
1469 4593 1516 4629 ι’
1538 4590 1728 4647 Matth.
1774 4592 1949 4659 “v.4

2096 4591 2141 4625 ⁸³
2172 4591 2365 4649 Matth.
2407 4608 2481 4661 v1,
2514 4591 2569 4660 Ξ,
2605 4592 2658 4651 5.
2734 4592 2933 4651 “ibid.
