4106 6454
526 390 642 448 307

1783 389 1842 444 S.
1885 387 2212 446 GREGORII
2251 387 2546 444 NYSSENI

739 545 2078 554 .________________
2097 545 3016 572 “233::
3039 546 3311 573 ,κεπτ
3339 545 3480 574 ====
3507 547 3514 576 ε

1718 732 2019 848 ΤΟΥ
2128 731 2623 847 ΑΥΤΟΥ

862 975 1152 1063 ΠΡΟΣ
1225 976 1514 1063 ΤΟΥΣ
1563 970 2340 1065 ΑΧΘΟΜΕΝΟΥΣ
2393 976 2640 1066 ΤΑΙΣ
2695 977 3442 1066 ΕΠΙΤΙΜΗΣΕΣΙ.

1847 1352 2485 1468 EJUSDEM

538 1592 1150 1684 ADVERSUS
1221 1578 1450 1686 EOS.
1529 1591 1743 1699 QUI
1816 1590 2758 1683 CASTIGATIONES
2833 1593 3178 1684 EGBE
3272 1595 3782 1731 FEBUNT.

1723 1781 1994 1850 (Gentlano
2015 1779 2239 1831 Hervew
2257 1780 2581 1844 interprete.)

603 2089 800 2145 Sermo
830 2085 922 2142 Dei
950 2101 1016 2140 ac
1051 2085 1196 2142 ratio
1229 2100 1356 2141 rere
1389 2084 1574 2141 divina
1611 2095 1699 2139 res
1723 2089 1810 2138 est
1841 2090 1896 2138 et
1925 2096 2106 2147 sacra,

2287 2081 2440 2135 Θεῖον
2466 2080 2682 2150 ἀληθῶς
2701 2081 2795 2135 καὶ
2816 2082 2959 2154 ίερδν
2986 2083 3174 2154 χρῆμα
3201 2084 3232 2137 ό
3255 2083 3412 2153 λόγος
3435 2083 3592 2149 Θεοῦ,
3617 2085 3786 2156 κτῆμα

529 2181 728 2236 eximia
769 2179 1084 2252 possessio,
1131 2193 1242 2234 non
1276 2177 1498 2233 aliunde
1550 2176 1770 2240 adnata,
1834 2173 1930 2229 sed
1985 2188 2112 2228 eam

531 2284 726 2326 natura
778 2273 1090 2338 commista,
1141 2270 1348 2325 homini
1413 2283 1615 2324 munus
1649 2267 2110 2338 pretiosissimum

529 2367 600 2421 ab
634 2365 830 2436 opifice
861 2365 916 2419 in
947 2380 1071 2419 eum
1102 2362 1474 2419 descendens.
1507 2361 1698 2433 Itaque
1729 2368 1786 2415 et
1818 2359 1886 2414 ad
1916 2360 2113 2415 simili-

528 2459 777 2512 tudinem
815 2455 908 2512 Dei
969 2457 1086 2515 ﬁeri
1143 2456 1365 2512 dicitur.
1437 2454 1650 2510 Etenim
1684 2455 1788 2510 hoc
1841 2453 2007 2508 etiam
2043 2451 2112 2507 ab

530 2549 649 2602 aliis
679 2547 1056 2602 animantibus
1091 2546 1292 2611 differt,
1321 2553 1377 2601 et
1404 2545 1590 2601 divina
1622 2544 1860 2616 quadam
1907 2557 2114 2614 praero-

530 2641 709 2710 gativa
752 2639 1105 2710 peculiariter
1164 2638 1484 2710 insignitur,
1521 2637 1682 2692 valde
1741 2636 1946 2708 alioqui
1987 2635 2112 2692 aliis

529 2733 584 2787 in
619 2733 784 2788 rebus
838 2748 1031 2804 magna
1069 2748 1196 2788 cum
1258 2731 1564 2802 pecudibus
1611 2731 2113 2787 communicatione

528 2825 810 2895 przeditus.
841 2823 977 2879 Nam
1006 2826 1294 2880 oculorum
1333 2824 1525 2896 figura,
1572 2831 1627 2878 et
1656 2825 1908 2894 corporis
1955 2839 2110 2880 com-

527 2919 751 2987 positio,
783 2934 1086 2990 eorumque
1123 2928 1176 2973 et
1203 2933 1323 2989 qnze
1355 2919 1420 2970 ad
1450 2925 1632 2972 cutem
1665 2925 1907 2982 exstant,
1951 2927 2006 2972 et
2056 2917 2109 2970 in

527 3017 720 3063 ventre
755 3008 991 3075 latitant,
1025 3009 1302 3063 hominem
1341 3024 1451 3062 non
1489 3009 1820 3062 nobilitant:
1859 3008 2110 3077 quando-

528 3099 748 3170 quidem
777 3106 833 3154 et
867 3107 1181 3164 terrestres,
1220 3107 1272 3154 et
1311 3099 1601 3169 aquatiles,
1647 3107 1700 3153 et
1740 3100 2015 3163 volucres,
2057 3106 2112 3153 et

531 3205 725 3245 omnes
759 3189 996 3260 denique
1023 3190 1331 3244 animantes
1383 3189 1601 3242 illorum
1636 3188 1934 3260 participes
1987 3203 2110 3243 ecr—

530 3287 752 3336 nantur.
778 3279 893 3335 lloc
927 3295 1056 3336 vero
1088 3280 1394 3350 principem
1433 3281 1677 3335 omnium
1703 3278 1854 3347 facit,
1901 3289 1955 3335 et
1983 3279 2112 3335 bea-

527 3371 806 3428 tissimum
845 3373 1228 3428 demonstrat:
1263 3388 1372 3443 quo
1412 3373 1638 3441 copiose
1699 3370 1846 3428 Deus
1900 3371 2108 3428 ditatus

526 3463 649 3532 ejus
678 3464 902 3534 paulum
933 3465 1093 3520 nobis
1142 3464 1458 3534 impertivit,
1486 3463 1544 3518 in
1596 3463 1790 3533 primis
1839 3471 1898 3518 nt
1955 3463 2108 3518 illum

526 3554 860 3619 intueamur,
889 3562 942 3609 et
972 3569 1338 3626 agnoscamus
1385 3568 1694 3610 sermonem
1737 3554 2013 3610 sermonis
2047 3568 2110 3609 ac

532 3644 762 3700 rationis
813 3645 1151 3714 largitorem,
1205 3655 1258 3700 et
1288 3646 1544 3718 religiose
1587 3645 1892 3702 serviamus
1935 3647 1983 3702 ei
2016 3647 2110 3717 qui

527 3743 640 3789 tam
672 3734 811 3790 bene
841 3752 943 3792 nos
989 3752 1089 3792 sua
1121 3737 1296 3808 ipsius
1341 3739 1520 3810 gratia
1566 3741 1939 3796 exornaverit.
1980 3739 2109 3795 Scr-

531 3843 694 3881 mone
728 3828 1055 3900 rationeque
1089 3845 1192 3884 nos
1228 3831 1386 3902 longe
1416 3846 1649 3903 corpore
1692 3833 2104 3896 imbecilliores,

532 3917 792 3974 fortiores
831 3918 1152 3974 fortioribus
1186 3921 1528 3985 exsistimns,
1553 3931 1610 3977 ct
1636 3923 1821 3977 omnia
1855 3924 2107 3978 servituti

532 4007 934 4077 mancipamus,
965 4023 1029 4064 ac
1053 4009 1176 4064 usui
1209 4011 1676 4080 nostrojubemus
1705 4013 2106 4069 obsecundare.

533 4096 611 4150 lta
655 4104 844 4154 tauros
879 4099 1192 4165 domamus,
1225 4111 1279 4156 et
1311 4101 1446 4172 jugo
1481 4101 1830 4173 subjicimus,
1877 4112 2109 4159 terram-

531 4202 638 4256 que
685 4189 884 4245 aratris
931 4191 1288 4260 proscindere
1350 4206 1699 4262 apparamus,
1749 4209 1814 4248 ac
1877 4195 2109 4249 celerem

527 4295 728 4350 equum
774 4282 945 4338 frenis
983 4283 1410 4354 comprimentes
1431 4284 1773 4340 obedientem
1822 4286 2108 4353 habemus,

529 4383 584 4427 et
612 4373 828 4428 tardum
863 4375 1078 4428 asinum
1137 4376 1378 4433 fustibus
1433 4379 1825 4448 compellentes
1876 4379 2110 4438 facimus

529 4461 871 4527 celeriorem,
904 4465 1182 4536 durasque
1215 4468 1394 4523 mulas
1439 4469 1691 4524 vehicula
1720 4471 1938 4526 trahere
1984 4488 2114 4528 one‘

532 4568 698 4624 raque
739 4553 982 4623 bajulare
1016 4557 1262 4626 cogimus
1291 4575 1306 4622 ;
1338 4559 1755 4628 elephantorum
1810 4577 1940 4617 vero
1973 4563 2110 4619 efi‘u—

531 4661 650 4702 sam
681 4646 928 4714 corporis
950 4647 1168 4714 molem,
1203 4663 1266 4703 ac
1295 4652 1635 4706 camelorum
1669 4654 2105 4724 magnitudinem

2215 2173 2512 2246 ὲξαίρετον,
2552 2173 2653 2226 οὐκ
2699 2173 2920 2228 ἄλλοθεν
2954 2175 3407 2247 προσγενόμενον,
3439 2175 3573 2230 ἀλλὰ
3607 2192 3779 2244 συγκε-

2213 2265 2485 2337 κραμένον
2527 2268 2592 2337 τῇ
2655 2265 2838 2336 φύσει,
2903 2265 3176 2338 ἀνθρώπῳ
3246 2267 3420 2338 δῶρον
3475 2266 3787 2338 τιμιώτατον

2215 2359 2366 2430 παρὰ
2392 2356 2486 2411 τοῦ
2521 2358 3024 2430 δημιουργήσαντος
3070 2361 3150 2423 είς
3179 2359 3342 2413 αύτδν
3375 2358 3551 2414 ἐλθόν.
3582 2359 3670 2413 Διὸ
3703 2360 3783 2412 καὶ

2214 2449 2335 2503 καθ’
2361 2449 2619 2519 ὁμοίωσιν
2650 2449 2787 2502 Θεοῦ
2816 2451 3142 2521 γεγενῆσθαι
3169 2449 3416 2520 λέγεται.
3452 2450 3638 2522 Τούτῳ
3667 2449 3786 2518 γοῦν

2213 2542 2326 2611 ἔχει
2365 2541 2460 2594 καὶ
2501 2540 2639 2613 πρὸς
2671 2542 2738 2595 τὰ
2784 2542 2917 2596 ἄλλα
2950 2541 3063 2606 ζῶα
3109 2542 3206 2614 τὴν
3243 2543 3534 2616 διαφοράν,
3579 2543 3669 2597 καὶ
3715 2541 3784 2611 τῷ

2214 2635 2435 2688 θεοειδεῖ
2468 2635 2899 2705 πλεονεκτήματι
2945 2633 3254 2698 ἰδιαζόντως
3295 2633 3781 2706 χαρακτηρίζεται,

2215 2727 2421 2799 σφόδρα
2447 2730 2558 2791 τοῖς
2592 2726 2772 2790 ἄλλοις
2809 2726 3007 2798 πολλὴν
3035 2725 3172 2796 ἔχων
3212 2727 3312 2797 τὴν
3346 2728 3632 2780 κοινωνίαν
3662 2723 3783 2795 πρὸς

2211 2819 2282 2874 τὰ
2314 2820 2653 2892 βοσκήματα.
2706 2819 3029 2890 Ὀφθαλμῶν
3063 2820 3170 2892 γὰρ
3215 2820 3407 2886 τύπος,
3447 2822 3541 2874 καὶ
3584 2817 3782 2890 σαρκῶν

2212 2913 2514 2978 διάπλασις,
2557 2914 2665 2966 τῶν
2705 2931 2766 2966 τε
2815 2913 2906 2966 ἐπὶ
2936 2914 3036 2984 τῆς
3074 2913 3420 2982 ἐπιφανείας,
3458 2913 3552 2967 καὶ
3599 2911 3700 2964 τῶν
3730 2911 3780 2963 ὲν

2214 3004 2409 3076 γαστρὶ
2456 3003 2885 3075 κρυπτομένων,
2930 3005 2991 3058 ού
3046 3005 3298 3076 σεμνύνει
3342 3005 3438 3058 τὸν
3475 3004 3776 3073 ἄνθρωπον

2212 3095 2398 3166 ἐπειδὴ
2431 3097 2522 3148 καὶ
2557 3097 2612 3148 ὲν
2647 3096 2943 3167 χερσαίοις,
2976 3097 3067 3150 καὶ
3110 3097 3350 3168 ὲνύδροις
3370 3138 3385 3160 ,
3429 3097 3523 3150 καὶ
3554 3094 3776 3164 πτηνοῖς,

2212 3188 2306 3241 καὶ
2333 3189 2496 3240 πᾶσιν
2525 3186 2710 3249 ἁπλῶς
2743 3185 2902 3252 ζώοις
2927 3190 2959 3258 ή
2990 3188 3212 3242 ἐκείνων
3238 3188 3496 3259 μετουσία
3521 3186 3776 3258 βλέπεται.

2211 3278 2381 3332 Τοῦτο
2411 3279 2468 3332 δὲ
2497 3280 2738 3351 ἡγεμόνα
2762 3279 2868 3332 τῶν
2899 3280 3116 3334 πάντων
3145 3283 3310 3348 ποιεῖ,
3339 3283 3438 3336 καὶ
3466 3273 3778 3352 μακαριστὸν
3825 3283 3834 3296 ‘

2211 3371 2593 3424 ἀποδείκνυσιν
2613 3389 2626 3401 ·
2651 3373 2788 3442 ὅπερ
2817 3371 2949 3436 Θεὸς
2979 3373 3118 3444 ἔχων
3148 3373 3442 3440 πλουσίως,
3467 3373 3641 3442 ὀλίγον
3663 3369 3778 3440 ἡμῖν

2213 3461 2534 3534 ἐχαρίσατο,
2574 3463 2661 3516 ἵνα
2694 3464 2910 3534 πρῶτον
2943 3466 3148 3518 ἐκεῖνον
3191 3463 3509 3536 βλέπωμεν,
3538 3463 3629 3516 καί
3654 3475 3781 3530 γνω-

2216 3554 2452 3626 ρίζωμεν
2483 3555 2639 3624 λόγον
2662 3556 2755 3609 τοῦ
2786 3556 2946 3626 λόγου
2970 3558 3190 3628 δοτῆρα,
3217 3559 3310 3612 καὶ
3336 3557 3682 3630 λατρεύωμεν
3709 3549 3776 3620 τῷ

2211 3645 2382 3710 οῦτως
2416 3648 2562 3718 ἡμᾶς
2595 3647 2774 3712 καλῶς
2813 3651 2878 3720 τῇ
2929 3647 3034 3720 ίδίᾳ
3073 3652 3557 3722 κατακοσμήσαντι
3590 3646 3774 3716 χάριτί.

2211 3737 2310 3790 Διὰ
2330 3737 2520 3807 λόγους
2551 3737 2807 3809 ίσχύομεν
2836 3739 2942 3792 τῶν
2977 3740 3214 3812 ἰσχυρῶν
3242 3740 3407 3796 πλέον
3436 3739 3673 3799 ἀσθενεῖς
3701 3732 3779 3787 δν·

2211 3848 2302 3894 τες
2332 3830 2393 3884 τὸ
2424 3832 2603 3902 σῶμα,
2630 3833 2723 3886 καὶ
2752 3834 2926 3886 πάντα
2949 3833 3300 3905 δουλούμεθα,
3327 3836 3425 3888 καὶ
3454 3834 3570 3894 ταῖς
3598 3823 3779 3900 ἡμετέ-

2215 3940 2336 3992 ραις
2376 3925 2760 3994 ὑπηρετεῖσθαι
2793 3926 3006 3997 χρείαις
3040 3927 3351 3998 κελεύομεν.
3382 3926 3540 3982 Οὖτω
3566 3919 3779 3992 ταύρους

2211 4014 2520 4087 δαμάζομεν
2547 4017 2641 4070 καὶ
2671 4018 2952 4089 ὑπάγομεν
2978 4018 3054 4090 τῷ
3083 4018 3252 4090 ζυγῷ,
3284 4019 3378 4072 καὶ
3411 4019 3512 4089 γῆν
3546 4012 3777 4084 ἀρότροις

2211 4109 2533 4181 ἀνατέμνειν
2562 4109 3087 4183 παρασκευάζομεν,
3133 4111 3224 4164 καὶ
3265 4112 3432 4165 ἵππον
3475 4108 3640 4178 ταχὺν
3680 4101 3777 4158 τοῖς

2211 4197 2423 4268 ψαλίοις
2454 4201 2818 4270 κατάγχοντες
2852 4200 3048 4271 ἔχομεν
3074 4199 3322 4272 εὐπειθῆ,
3357 4201 3453 4254 καὶ
3477 4197 3565 4250 τὸν
3595 4188 3777 4262 βραδὺν

2211 4291 2329 4345 ὄνον
2385 4293 2497 4355 τοῖς
2549 4292 2804 4364 ῥοπάλοις
2855 4294 3166 4360 ἐπείγοντες
3212 4291 3475 4363 ποιοῦμεν
3509 4285 3772 4352 ὀξύτερονι

2213 4383 2304 4438 καὶ
2327 4381 2426 4447 τὰς
2458 4383 2699 4454 σκληρὰς
2733 4384 2988 4454 ἡμιόνους
3020 4385 3270 4456 ὀχήματα
3299 4383 3481 4437 ἕλκειν
3515 4378 3605 4434 καὶ
3633 4369 3776 4441 ἀχθο-

2213 4477 2396 4546 φορεῖν
2425 4474 2806 4544 ἀναγκάζομεν
2826 4492 2839 4506 ·
2871 4475 3177 4543 ἐλεφάντων
3207 4477 3264 4530 δὲ
3291 4476 3392 4547 τὴν
3423 4465 3774 4540 ἐκκεχυμένην

2212 4565 2604 4636 πολυσαρκίαν,
2652 4567 2746 4620 καὶ
2794 4567 3054 4637 καμήλων
3102 4568 3162 4622 τὸ
3211 4568 3440 4639 μέγεθος
3474 4557 3774 4633 εὐμηχάνως

2213 4656 2348 4727 προς
2369 4656 2428 4709 τὸ
2448 4657 2638 4710 δοκοῦν
2665 4658 3177 4730 μεταχειριζόμεθα.
3214 4660 3496 4715 Ἐντεῦθεν
3516 4653 3608 4709 καὶ
3629 4646 3772 4720 βάθος

530 4738 598 4791 ad
642 4737 695 4791 id
745 4736 889 4807 quod
940 4739 1118 4808 placet
1185 4738 1330 4794 facili
1394 4750 1512 4797 arte
1567 4745 1931 4803 traducimus.
1969 4747 2107 4803 Hinc

2215 4748 2605 4819 περαιούμεθα,
2644 4749 2738 4803 καὶ
2771 4750 2950 4822 μικρῷ
2989 4751 3128 4821 ξύλῳ
3164 4751 3256 4805 διὰ
3287 4742 3672 4821 κυϐερνητικῆς
3714 4732 3773 4784 τά

529 4829 693 4882 etiam
725 4828 890 4882 maris
919 4826 1252 4896 profundum
1285 4829 1613 4898 trajicimns,
1633 4843 1707 4914 ‘et
1739 4836 1939 4904 exiguo
1961 4835 2108 4906 ligno

2212 4840 2388 4908 ἄφατα
2429 4839 2538 4892 τῶν
2573 4841 2826 4909 πελαγῶν
2868 4841 3224 4913 ὲφοδεύομεν,
3285 4843 3380 4896 καὶ
3421 4842 3518 4909 τῆς
3565 4825 3770 4898 πορείας

532 4918 743 4972 ratione
779 4918 1119 4987 gubernante
1143 4919 1366 4989 pelagus
1408 4922 1741 4979 immensum
1787 4925 2107 4992 lustramus,

529 5019 730 5064 etcum
761 5008 976 5064 itineris
1008 5009 1156 5065 illius
1187 5006 1464 5068 indicibus
1491 5016 1691 5070 amotis
1724 5032 1754 5071 e
1805 5027 2108 5088 conspectu

530 5108 693 5157 terra:
724 5101 984 5166 abiimus,
1035 5103 1356 5160 cmlestibus
1391 5105 1566 5176 signis
1623 5116 1743 5164 tuto
1801 5112 2108 5179 proficisci-

529 5207 674 5255 mur,
714 5207 778 5248 ac
813 5205 976 5286 nauta
1013 5209 1076 5250 ea
1109 5196 1249 5252 duce
1285 5197 1388 5252 iter
1453 5199 1604 5269 facit,
1647 5211 1708 5258 ut
1745 5204 1904 5258 stella
1968 5204 2108 5275 Magi

529 5283 894 5342 ducebantur.
933 5283 1069 5342 Caeli
1111 5295 1292 5343 autem
1325 5291 1643 5348 latitudines
1695 5301 1750 5347 et
1793 5293 2110 5350 conforma-

529 5373 708 5428 tiones
735 5385 964 5446 repertaa
993 5387 1142 5445 sunt,
1166 5387 1219 5433 et
1249 5381 1532 5436 stellarum
1564 5383 1884 5449 multitudo,
1917 5396 1973 5441 ct
1999 5402 2106 5457 qua

529 5479 762 5532 quaeque
780 5467 852 5519 sit
887 5470 1284 5538 magnitudine,
1330 5488 1550 5542 quoque
1589 5475 1900 5541 intervallo,
1947 5477 2108 5533 item-

528 5556 802 5622 queluna:
847 5557 1042 5628 figura,
1079 5568 1134 5613 et
1164 5564 1294 5631 quid
1337 5567 1440 5619 soli
1490 5567 1726 5632 accidat,
1756 5569 1904 5637 quod
1935 5572 2108 5627 certis

527 5643 860 5712 quibusdam
913 5651 1254 5719 temporibus
1303 5656 1518 5711 radium
1577 5659 1925 5729 abscondat;
1990 5663 2105 5732 jam

527 5746 660 5786 vero
724 5735 790 5790 de
842 5744 986 5792 terra
1042 5755 1262 5810 quoque
1301 5756 1574 5803 commota
1629 5751 2105 5823 philosophamur,

527 5824 732 5896 quique
758 5826 849 5884 fiat
880 5837 938 5884 ut
968 5833 1322 5892 naturalibus
1343 5839 1522 5897 soluta
1561 5841 1922 5901 firmamentis
1954 5847 2106 5919 ipsa-

2208 4931 2422 5002 ἐκείνης
2458 4932 2554 4984 οὐκ
2587 4931 2799 5001 ἔχοντες
2840 4932 3102 5002 σύμϐολα,
3135 4933 3263 4986 ὅταν
3309 4933 3413 5003 γῆν
3465 4916 3748 5012 ἀποκρύφῳ

2212 5039 2346 5092 μεν,
2391 5025 2504 5085 τοῖς
2545 5025 2666 5074 κατ’
2711 5023 2939 5093 οὐρανὸν
2995 5025 3240 5094 σημείοις
3280 5018 3536 5093 ἀσφαλῶς
3563 5011 3766 5078 ὁδηγου·

2213 5111 2381 5182 μεθα,
2405 5113 2499 5164 καὶ
2525 5113 2709 5182 ὁδηγεῖ
2735 5113 2826 5166 τὸν
2855 5114 3056 5186 ναύτην
3085 5116 3159 5179 ὡς
3186 5116 3309 5180 τοὺς
3339 5114 3558 5180 Μάγους
3585 5094 3763 5186 ἀστήρ

2211 5203 2452 5277 Οὐρανοῦ
2480 5205 2537 5258 δὲ
2565 5205 2740 5278 πλάτη
2774 5207 2867 5259 καὶ
2894 5185 3148 5278 σχήματα
3176 5206 3434 5279 ἐξευρέθη
3465 5199 3556 5255 καὶ
3583 5185 3766 5279 πλῆθος

2209 5297 2472 5368 ἀστέρων,
2501 5297 2595 5351 καὶ
2620 5298 2768 5360 ὅπως
2809 5277 3038 5361 ἕκαστος
3083 5277 3348 5368 μεγέθούς
3371 5297 3480 5365 ἔχει
3500 5331 3513 5354 ,
3539 5283 3628 5340 καὶ
3665 5277 3766 5329 δια⁸

2211 5389 2502 5458 στήματος,
2527 5389 2622 5443 καὶ
2643 5389 2742 5458 τῆς
2767 5388 2996 5458 σελήνης
3024 5388 3346 5458 σημείωσις,
3371 5385 3464 5439 καὶ
3488 5377 3538 5432 τί
3563 5371 3765 5434 πίσλων

2208 5483 2236 5534 ὁ
2264 5481 2413 5552 ἥλιος
2446 5481 2588 5535 κατά
2608 5498 2759 5543 “Va;
2795 5483 3021 5551 χρόνους
3051 5481 3150 5552 τὴν
3184 5481 3376 5533 ἀκτῖνα
3414 5469 3730 5526 καλύπτεται
3751 5464 3764 5478 '

2214 5551 2316 5644 ἤδη
2349 5573 2402 5625 δὲ
2431 5573 2682 5626 καὶκατὰ
2706 5572 2809 5642 γῆς
2842 5551 3163 5642 κινουμένης
3192 5551 3764 5650 φιλοσοφοῦμεννΔδτῗυῗῖ

2214 5641 2448 5734 λυομένη
2480 5663 2585 5715 τῶν
2614 5661 2856 5732 φυσικῶν
2892 5641 3231 5733 ὲρεισμάτων
3257 5663 3392 5731 αύτή
3425 5672 3482 5710 τε
3509 5641 3764 5734 ἀναδρᾴν

2219 5774 2390 5820 σεται,
2425 5756 2519 5809 καὶ
2546 5757 2672 5818 τοὺς
2701 5754 2954 5818 ἐποίκους
2979 5757 3118 5824 μετὰ
3143 5754 3252 5807 τῶν
3280 5742 3630 5814 ἐπικειμένων
3658 5724 3761 5825 κλρ·

2217 5852 2297 5905 νεῖ
2345 5848 2637 5920 Συμϐόλοις
2661 5847 2716 5900 δὲ
2743 5850 2849 5911 τοῖς
2872 5865 2945 5900 πα
2954 5864 3152 5919 ρατετη
3156 5847 3410 5918 ρημένοις
3436 5834 3527 5894 καὶ
3547 5826 3760 5894 αὐχμουθ
