4106 6436
392 352 494 411 500

1699 365 1784 420 DE
1835 365 2372 426 CASTIGATlONE.
2411 401 2417 408 -

3568 390 3672 448 510

391 468 891 544 παραθεωροῦμεν,
944 475 1039 530 καὶ
1094 476 1400 549 ἐπομϐρίας
1456 481 1980 552 προμαντευόμεθα,

2104 501 2196 556 ιιιε
2245 489 2521 557 subsiliat,
2551 501 2604 546 et
2635 494 2845 552 incolas
2879 513 3111 571 qumque
3147 502 3400 572 adjacent
3462 523 3671 562 concu-

395 565 490 619 καὶ
525 566 636 628 τοῖς
669 565 735 619 ἐκ
781 569 888 638 γῆς
923 568 1211 639 φυομένοις
1251 570 1343 624 τὸν
1384 571 1540 640 λόγον
1589 573 1979 644 προσάγοντες,

392 655 495 721 τὰς
526 654 717 726 φύσεις
742 656 854 712 τῶν
889 657 1129 730 βοτανῶν
1157 660 1503 733 ἐξετάζομεν,
1532 661 1626 715 καὶ
1650 661 1754 733 τὴν·
1779 663 1883 733 μὲν
1907 662 1984 732 τῷ

396 747 711 819 τραυματίᾳ
746 750 1012 821 σωτήριον
1043 751 1448 824 ἀποφαίνομεν,
1488 753 1654 825 ὥλλην
1681 755 1984 825 ἐπιτήδειον

399 837 534 908 πρὸς
572 835 738 891 ὕπνον
765 837 844 910 τῷ
878 839 954 910 μὴ
989 841 1323 910 καθεύδοντι,
1365 845 1559 917 ἑτέραν
1592 847 1799 916 ἥπατος
1845 846 1985 899 ἰατι-

397 931 522 1000 κὴν,
559 929 655 983 καὶ
689 930 855 1001 ἄλλην
880 931 980 996 τὰς
1008 935 1404 1000 ἐπαναστάσεις
1429 937 1521 992 τοῦ
1551 937 1787 1009 σπληνὸς
1817 956 1985 998 κατα-

401 1021 748 1076 στέλλουσαν.
791 1023 895 1076 Ἐῶ
922 1024 1019 1089 τὰς
1051 1028 1378 1100 ἐπιστήμας,
1411 1030 1613 1100 ἀφίημι
1653 1030 1752 1093 τὰς
1793 1032 1985 1101 τέχνας

397 1110 500 1174 τάς
541 1113 864 1182 ἀναγκαίας,
905 1114 1002 1180 τὰς
1041 1117 1177 1190 πρὸς
1212 1119 1416 1192 τροφὴν
1447 1122 1648 1185 πᾶσαν,
1677 1121 1774 1193 τὴν
1807 1122 1986 1174 ποικί-

398 1203 502 1275 λην
557 1205 666 1259 τῶν
713 1207 1163 1280 ἐπιτηδευμάτων
1210 1212 1474 1283 περίοδον.
1528 1213 1601 1266 Τδ
1641 1213 1698 1266 δὲ
1747 1213 1987 1268 τοιοῦτον

403 1295 565 1364 ζῶον,
605 1297 666 1351 τὺ
715 1300 895 1368 σοφὸν,
933 1301 994 1354 τὸ
1035 1303 1362 1372 πρακτικὸν,
1411 1304 1472 1358 τὸ
1514 1305 1877 1377 δραστήριον,
1925 1305 1987 1359 τὸ

404 1389 773 1459 μνημονικὸν,
821 1389 883 1444 τὺ
923 1391 1158 1446 ἐνταῦθα
1189 1392 1249 1446 ὃν
1279 1394 1373 1448 καὶ
1400 1393 1469 1447 τὰ
1500 1394 1733 1465 ἀλλαχοῦ
1769 1394 1984 1464 βλέπον,

398 1479 488 1532 διὰ
517 1483 580 1532 τὸ
621 1480 892 1545 ποικίλαις
922 1482 1135 1553 ἡδοναῖς
1167 1483 1262 1537 καὶ
1288 1484 1565 1554 διαφόροις
1601 1485 1798 1540 πάθεσι
1833 1503 1988 1556 περι-

401 1570 678 1635 έλκεσθαι,
715 1571 832 1635 ἑνὸς
860 1572 1136 1642 ὀλιγώρως
1167 1573 1297 1644 ἔχει,
1325 1575 1424 1646 τῆς
1454 1576 1690 1647 ἀληθοῦς
1722 1576 1868 1647 ζωῆς
1895 1577 1989 1630 καὶ

399 1664 502 1734 τῆς
552 1664 757 1728 οἰκείας
809 1666 1099 1736 σωτηρίας.
1160 1670 1269 1723 Καὶ
1317 1671 1346 1723 6
1399 1670 1726 1741 προῦλέπων
1779 1670 1987 1741 τροπὰς

400 1754 604 1822 ἀέρων,
644 1756 741 1827 τὴν
795 1757 1090 1813 ἀνάστασιν
1131 1760 1229 1831 οὐχ
1265 1763 1398 1833 ὁρᾷς
1421 1780 1434 1795 ·
1487 1765 1515 1816 6
1552 1764 1652 1827 τὰς
1688 1763 1988 1834 μεταϐολὰς

400 1845 514 1898 τῶν
548 1846 808 1900 ἐνιαυτῶν
841 1847 996 1913 εἰδὼς
1018 1888 1032 1913 ,
1078 1849 1176 1923 τὴν
1213 1853 1512 1924 μεταόολὴν
1557 1856 1617 1907 οὐ
1650 1853 1865 1924 βλέπεις
1894 1853 1989 1907 τοῦ
2021 1836 2063 1892 Β

406 1933 546 2005 βίου·
583 1937 610 1988 6
633 1937 720 1991 τὸν
749 1938 877 1992 ἴδιον
903 1939 1088 1993 δοῦλον
1120 1941 1368 1995 ἀπαιτῶν
1400 1943 1500 2007 τὰς
1523 1943 1752 2006 εὐθύνας
1775 1938 1849 1999 ὧν
1875 1945 1992 1998 δια-

403 2021 734 2092 πράττεται,
762 2025 856 2079 τοῦ
901 2025 995 2080 σοῦ
1027 2027 1214 2099 κριτοῦ
1247 2029 1339 2082 καὶ
1380 2032 1586 2103 Κυρίου
1618 2033 1718 2103 τῆς
1745 2032 1991 2099 ἐξουσίας

402 2117 786 2185 καταφρονεῖς.

479 2310 665 2367 Ταῦτα
699 2314 800 2368 οὐκ
844 2314 958 2369 ἐστι
1003 2317 1096 2371 τοῦ
1141 2317 1379 2388 λογικοῦ,
1416 2320 1529 2374 ἀλλ’
1558 2323 1638 2386 εἰς
1681 2322 1892 2394 μωρίαν
1931 2323 1992 2376 τὸ

404 2404 626 2472 λογικὸν
662 2407 1126 2476 παρατρέποντος.
1157 2410 1512 2483 Δικαιοσύνην
1533 2413 1633 2466 οὐκ
1659 2414 1870 2478 άσκεῖς,
1895 2413 1993 2486 τὴν

406 2497 611 2568 ἀρετὴν
663 2499 725 2551 οὐ
780 2499 1099 2569 μανθάνεις,
1156 2503 1322 2574 εὐχῆς
1375 2504 1616 2576 ἀμελεῖς.
1672 2505 1784 2559 Καὶ
1834 2505 1992 2559 τοῦτο

407 2587 678 2657 ἐδήλωσεν
710 2589 743 2659 ή
780 2588 938 2660 χθιζή
969 2591 1172 2662 ήμέρα.
1206 2593 1388 2657 Ποίοις
1419 2594 1526 2666 γὰρ
1564 2594 1859 2666 ὀφθαλμοῖς
1893 2595 1991 2666 τὴν

406 2685 696 2757 Κυριακὴν
732 2687 896 2758 ὁρᾷς,
933 2689 962 2741 6
994 2688 1266 2760 ἀτιμάσας
1313 2689 1374 2743 τὸ
1414 2689 1728 2755 Σάϐϐατονς
1769 2684 1846 2741 Ἦ
1891 2688 1992 2740 οὐκ

405 2768 554 2837 οἶδας
588 2773 663 2837 ὡς
695 2774 921 2846 ἀδελφαὶ
950 2768 1110 2831 αὗται
1140 2779 1198 2831 al.
1230 2779 1432 2849 ήμέραι
1458 2795 1472 2844 ;
1517 2779 1620 2832 κᾶν
1647 2779 1726 2842 εἰς
1750 2777 1850 2848 τὴν
1873 2777 1991 2830 ἐτέ-

408 2881 510 2935 ραν
548 2864 871 2938 ἐξυϐρίσῃς,
904 2870 968 2940 τῇ
1004 2869 1166 2942 ἑτέρᾳ
1203 2869 1594 2942 προσκρούεις;
1642 2871 1822 2941 Ἔχων
1867 2868 1992 2923 νοῦν

408 2961 504 3012 καὶ
542 2959 722 3027 λόγον,
743 2961 804 3014 οὐ
835 2966 1072 3035 προορᾷς
1101 2965 1163 3018 τὸ
1190 2966 1400 3038 πρέπον
1427 2967 1520 3019 καὶ
1549 2966 1846 3038 συμφέρον,
1871 2965 1994 3019 οὐδὲ

407 3049 664 3122 ἐμμελῶς
697 3054 823 3123 ποιῇ
851 3056 950 3124 τῆς
979 3054 1176 3108 σαυτοῦ
1198 3056 1496 3120 ἀθανασίας
1516 3057 1615 3129 τὴν
1654 3056 1991 3136 ἐπιμέλειαν,

2093 583 2213 647 tiat,
2247 599 2313 639 ex
2355 585 2526 656 signis
2549 586 2855 644 observatis
2880 598 2939 645 et
2966 603 3133 651 aestus
3163 598 3560 667 perspicimus,
3617 611 3671 654 et

2093 675 2299 733 imbres
2353 676 2569 736 futuros
2613 682 2984 751 przedicimus.
3019 685 3288 744 Prmtcrea
3325 689 3392 744 ad
3443 707 3506 746 ea
3549 708 3671 762 qua:

2092 773 2238 821 terra
2259 769 2403 839 parit
2428 771 2693 826 rationem
2722 773 3095 843 admoventes,
3124 787 3350 836 naturas
3375 781 3668 838 herbarum

2092 863 2488 932 perquirimus,
2519 873 2571 920 et
2595 865 2737 921 hanc
2762 869 2952 922 saucio
2977 871 3270 926 salutarem
3299 873 3668 941 decernimus,

2093 953 2323 1006 alteram
2354 967 2547 1009 somno
2571 972 2679 1010 non
2708 959 3000 1013 dormienti
3025 963 3374 1017 conciliando
3393 965 3666 1033 idoneam,

2093 1045 2256 1099 aliam
2290 1046 2526 1115 jecinori
2561 1051 2829 1114 sanando,
2872 1059 2926 1105 et
2961 1053 3121 1108 aliam
3173 1055 3333 1111 lienis
3365 1059 3671 1115 tumoribus

2091 1137 2540 1206 comprimendis.
2593 1137 2796 1195 Omitto
2852 1144 3148 1210 scientias,
3208 1156 3356 1202 artes
3398 1149 3669 1219 relinquo,

2093 1236 2209 1284 ttun
2241 1231 2620 1299 necessarias,
2667 1243 2781 1288 tum
2827 1251 2949 1306 qua:
2987 1237 3053 1292 ad
3092 1238 3322 1295 delicias
3352 1241 3674 1312 omnigenas

2093 1323 2350 1388 attinent,
2380 1324 2594 1379 varium
2631 1341 2850 1397 quoque
2874 1330 3183 1385 studiorum
3236 1335 3447 1388 orbem.
3501 1333 3676 1388 Caete-

2094 1426 2216 1466 rum
2249 1413 2354 1468 tale
2386 1415 2612 1480 animal,
2664 1417 2922 1486 sapiens,
2972 1419 3038 1474 ad
3079 1421 3349 1490 agendum
3395 1423 3673 1488 idoneum,

2094 1504 2451 1574 laboriosum,
2489 1509 2755 1563 memoria
2784 1512 2994 1576 valens,
3027 1515 3283 1584 quodque
3311 1517 3454 1586 quod
3485 1517 3572 1570 hic
3621 1524 3674 1570 et

2094 1613 2216 1668 quae
2253 1599 2381 1654 alibi
2422 1607 2553 1655 sunt
2578 1602 2776 1668 cernit,
2810 1603 2939 1673 quia
2979 1605 3147 1660 variis
3178 1607 3552 1685 voluptatibus
3610 1626 3674 1665 ac

2096 1691 2330 1748 diversis
2364 1691 2648 1749 aﬂectibus
2689 1695 3105 1766 circumagitur,
3135 1699 3301 1756 unius
3338 1701 3416 1756 rei
3449 1706 3676 1772 penuria

2097 1783 2329 1852 laborat,
2361 1787 2759 1843 vermvivendi
2791 1789 3042 1857 rationis,
3076 1801 3131 1846 et
3171 1808 3285 1847 suae
3324 1793 3497 1864 ipsius
3531 1795 3679 1850 salu-
3759 1846 3762 1848 γ

2099 1876 2191 1943 tis;
2223 1886 2390 1948 atque
2417 1879 2509 1948 qui
2542 1881 2688 1935 aeris
2708 1883 3167 1938 commutationes
3198 1885 3450 1952 intueris,
3489 1903 3676 1942 resur-

2099 1968 2396 2024 rectionem
2428 1987 2538 2024 non
2576 1972 2769 2040 vides;
2827 1974 2921 2043 qui
2977 1990 3245 2031 annorum
3284 1981 3677 2036 conversiones

2097 2057 2263 2124 nosti,
2297 2059 2420 2113 vita:
2451 2061 2808 2116 mutationem
2839 2078 2949 2117 non
3002 2066 3220 2130 cernis;
3253 2067 3346 2135 qui
3388 2083 3417 2120 a
3474 2067 3677 2124 famulo

2099 2154 2194 2204 tuo
2221 2148 2588 2206 administrati
2617 2153 2882 2208 rationem
2913 2155 3109 2226 exigis,
3141 2157 3338 2214 iudicis
3374 2169 3426 2214 et
3461 2158 3678 2216 Domini

2099 2249 2424 2311 potestatem
2461 2247 2789 2302 contemnis.

2169 2335 2296 2391 Haec
2334 2338 2454 2408 ejus
2481 2353 2588 2394 non
2622 2341 2866 2410 suntqui
2897 2341 3107 2397 ratione
3152 2343 3411 2412 praeditus
3443 2352 3548 2409 est,
3583 2347 3676 2402 sed

2097 2434 2218 2505 ejus
2246 2438 2340 2506 qui
2372 2437 2642 2492 rationem
2669 2438 2722 2492 in
2777 2439 3050 2495 insaniam
3081 2441 3370 2496 convertit.
3399 2440 3676 2497 Justitiam

2098 2542 2208 2580 non
2241 2527 2543 2594 meditaris,
2582 2530 2845 2585 virtutem
2877 2546 2987 2586 non
3013 2530 3276 2596 addiscis,
3311 2534 3676 2603 precationem

2097 2619 2365 2689 negligis:
2402 2620 2562 2690 cujus
2593 2621 2673 2676 rei
2703 2621 2995 2679 ltesternus
3029 2624 3233 2680 indicio
3263 2624 3380 2680 dies
3406 2633 3508 2681 est.
3543 2624 3676 2690 Qui-

2097 2708 2202 2765 bus
2239 2711 2384 2764 enim
2445 2713 2622 2768 oculis
2681 2713 2824 2770 diem
2880 2715 3225 2770 Dominicum
3283 2717 3536 2781 intueris,
3583 2719 3678 2788 qui

2101 2799 2407 2858 Sabbatum-
2435 2805 2824 2862 dedecorasti?
2851 2807 2936 2862 An
2968 2808 3069 2863 llos
3101 2809 3284 2865 nescis
3315 2809 3432 2863 dies
3461 2824 3677 2880 germa-

2100 2900 2203 2951 nos
2228 2897 2394 2951 esse?
2420 2896 2499 2951 Ac
2530 2897 2575 2952 si
2604 2897 2658 2952 in
2710 2899 2942 2954 alterum
2973 2900 3212 2970 injurius
3243 2901 3340 2966 sis,
3374 2909 3425 2956 te
3455 2903 3506 2956 in
3540 2902 3680 2956 alte-

2100 3001 2222 3042 rum
2258 2987 2602 3059 impingere?
2631 2988 2711 3044 Tu
2745 2992 2946 3048 mentis
2975 3000 3028 3046 et
3060 2992 3292 3048 rationis
3315 3008 3540 3063 compos
3568 3008 3678 3047 nou

2102 3078 2358 3149 provides
2382 3080 2514 3150 quid
2567 3080 2761 3138 deceat
2791 3091 2845 3137 et
2901 3083 3195 3150 conducat,
3249 3100 3349 3140 nec
3413 3085 3682 3141 concinne

408 3147 531 3203 οὐδὲ
555 3145 904 3219 δια[σ]κέπτῃ
931 3146 1030 3217 τὴν
1048 3147 1246 3201 σαυτοῦ
1269 3147 1432 3218 φύσιν
1452 3149 1600 3212 ὅστις
1627 3147 1696 3215 εί,
1721 3149 1813 3202 καὶ
1833 3150 1885 3201 τί
1906 3165 1995 3219 γε-

2104 3177 2209 3224 ιιιεε
2237 3184 2428 3225 curam
2468 3172 2615 3242 geris
2644 3173 3098 3242 immortalitatis,
3142 3191 3245 3232 nec
3303 3185 3453 3231 tuam
3505 3179 3676 3232 inter-

410 3240 597 3296 νέσθαι
623 3243 872 3295 δύνασαι’
913 3239 1110 3308 γαστρὶ
1139 3239 1192 3292 δὲ
1223 3241 1316 3293 καὶ
1351 3240 1649 3309 λαγνείαις,
1680 3241 1775 3294 καὶ
1804 3239 1994 3310 ἀργίᾳ,

413 3333 511 3386 καὶ
550 3332 702 3404 ὕπνῳ
725 3330 821 3385 τοῦ
843 3329 977 3383 Θεοῦ
1001 3331 1094 3384 καὶ
1114 3330 1404 3402 εὐεργέτου
1431 3329 1694 3400 προδίδως
1717 3329 1779 3382 τὸ
1805 3328 1996 3401 δῶρον,

414 3427 504 3480 ῖνα
537 3444 618 3480 σοι
664 3425 1012 3498 ὰχρεῖον.κα“ι
1045 3424 1320 3492 ἀνωφελὲς
1359 3423 1452 3476 καὶ
1493 3422 1720 3489 μάταιον
1752 3421 1996 3490 γένηται.

411 3520 700 3589 Δῖσχιστον
718 3519 897 3584 τοῦτο,
917 3518 1012 3571 καὶ
1033 3515 1233 3587 νηπίας
1259 3512 1474 3585 φρενὸς,
1499 3513 1704 3584 καὶτῆς
1729 3511 2002 3582 ἐπαχθοῦς

414 3610 753 3683 κατηγορίας
775 3610 943 3676 ἄξιον.
972 3603 1173 3662 ἾΙττον
1196 3607 1238 3660 δ’
1258 3606 1323 3661 ἂν
1340 3601 1410 3677 ἦν
1436 3606 1629 3669 κακὸν,
1648 3605 1696 3656 εἰ
1721 3603 1796 3676 μὴ
1818 3602 2002 3657 νοοῦνο

410 3719 506 3766 τες
535 3699 743 3754 οἴκοθεν
782 3699 877 3754 καὶ
906 3697 1036 3769 παρ’
1060 3695 1266 3750 ἑαυτῶν
1285 3695 1345 3748 τὸ
1368 3694 1664 3765 συμφέρον,
1691 3691 1850 3746 άλλου
1872 3689 2002 3760 γοῦν

415 3790 810 3863 εἰσηγουμένου
851 3790 912 3844 τὸ
956 3789 1264 3860 χρήσιμον,
1302 3785 1656 3856 ἐπειθόμεθα.
1698 3785 1771 3836 Τὸ
1804 3782 1860 3836 δὲ
1905 3782 2004 3853 οὐχ

412 3885 592 3949 οὕτως
623 3884 758 3955 ἔχει,
791 3883 926 3938 ἀλλὰ
954 3883 1049 3937 καὶ
1088 3880 1296 3951 σφόδρα
1326 3882 1440 3943 τοῖς
1466 3876 1810 3940 διδασκάλοις
1841 3875 2004 3947 άχθὸ·

420 3975 584 4046 μεθα,
636 3974 729 4027 καὶ
776 3972 1027 4043 χαλεπῶς
1058 3969 1238 4024 αὐτῶν
1280 3968 1379 4040 τὴν
1409 3965 1691 4022 νουθεσίαν
1739 3966 2003 4038 φέρομεν,

418 4069 517 4122 καὶ
539 4069 656 4130 ταῖς
685 4083 746 4120 συ
755 4065 1014 4136 μϐουλαῖς
1038 4061 1405 4134 βαρυνόμεθα.
1430 4057 1758 4129 Ναυτιῶμεν
1783 4058 1840 4110 δέ
1869 4057 2006 4128 πρὸς

417 4161 522 4233 τὴν
552 4160 798 4213 παιδείαν
829 4157 938 4211 τῶν
965 4155 1168 4218 καλῶν,
1201 4154 1276 4218 ὡς
1304 4153 1354 4205 oi
1385 4151 1661 4206 κακόσιτοι
1687 4149 1794 4204 τῶν
1828 4149 2007 4221 ἀρρώ-

422 4271 565 4308 στων
597 4253 732 4324 πρὸς
758 4251 826 4305 τά
849 4249 955 4320 ἅμα
975 4248 1045 4302 τὰ
1070 4245 1223 4317 παρὰ
1249 4244 1356 4298 τῶν
1388 4242 1589 4314 ίατρῶν
1609 4242 1792 4304 αὐτοῖς
1818 4239 2005 4311 ὀρεγό-

425 4363 587 4418 μενα.
637 4344 754 4400 Κᾶν
800 4343 1089 4413 ἐπίπληξις
1129 4339 1379 4408 γένηται,
1428 4333 1857 4408 χαλεπαίνομεν·
1904 4332 2006 4385 κᾶν

424 4436 760 4508 τραχυτέρου
799 4434 1118 4504 ἀκούσωμεν
1155 4432 1400 4502 ῥήματος
1419 4469 1436 4494 ,
1467 4423 2003 4496 δυσανασχετοῦμενο

2101 3261 2272 3331 pellas
2297 3270 2549 3317 naturam
2582 3263 2836 3334 quisnam
2870 3265 2967 3334 sis,
2997 3268 3201 3338 etquid
3235 3268 3301 3324 de
3327 3276 3380 3324 te
3411 3268 3525 3323 ﬁeri
3560 3285 3685 3339 pos-

2103 3353 2204 3419 sit,
2237 3357 2332 3411 sed
2381 3367 2591 3422 ventre,
2628 3358 2874 3425 libidine,
2913 3360 3048 3423 otio,
3080 3375 3143 3415 ac
3203 3375 3422 3427 somno,
3479 3360 3569 3416 Dei
3633 3371 3686 3416 ct

2103 3446 2475 3505 benefactoris
2505 3449 2711 3505 donum
2760 3452 2970 3522 prodis,
3004 3460 3060 3506 ut
3092 3453 3164 3507 sit
3193 3453 3387 3508 inutile
3441 3453 3561 3516 tibi,
3598 3453 3685 3506 in-
3727 3476 3731 3478 τ

2093 3541 2451 3608 commodum
2476 3549 2530 3597 et
2561 3542 2743 3598 inane.
2791 3542 3134 3613 Turpissima
3169 3543 3283 3597 haec
3338 3557 3426 3598 res
3471 3551 3575 3602 est,
3635 3551 3686 3596 et

2099 3631 2380 3702 juvenilis,
2414 3633 2466 3688 id
2497 3641 2582 3688 est
2611 3634 2764 3689 stulti
2793 3633 2984 3698 animi,
3028 3641 3082 3688 et
3134 3634 3289 3706 gravi
3335 3633 3687 3688 accusatione

2106 3725 2292 3795 digna.
2321 3725 2500 3781 Minus
2535 3731 2715 3780 autem
2749 3725 2952 3779 malum
3010 3733 3177 3790 esset,
3212 3726 3255 3780 si
3288 3740 3388 3781 nos
3429 3724 3685 3779 intrinse-

2106 3817 2206 3870 cds
2244 3823 2296 3870 et
2325 3830 2356 3870 a
2392 3815 2552 3871 nobis
2581 3815 2716 3885 ipsis
2747 3813 2878 3886 quid
2909 3815 3188 3884 expediret
3223 3830 3334 3869 non
3367 3815 3687 3884 intelligen—

2107 3915 2213 3974 tes,
2275 3923 2400 3962 cum
2431 3906 2573 3962 alius
2602 3907 2745 3978 quod
2780 3905 2902 3961 usui
2946 3906 3017 3961 sit
3065 3906 3307 3966 adducit,
3347 3905 3396 3960 ei
3442 3904 3685 3960 credere-

2107 4015 2252 4054 mus.
2288 3997 2346 4052 ld
2394 4014 2525 4054 vero
2555 4014 2666 4054 non
2712 3998 2875 4053 habet
2916 3999 3011 4061 ita,
3047 3997 3142 4053 sed
3179 3997 3344 4053 etiam
3402 3997 3558 4052 valde
3590 4010 3688 4052 nos

2106 4090 2386 4160 magistris
2413 4097 2467 4146 et
2499 4090 2816 4145 doctoribus
2847 4089 3218 4160 indignamur,
3257 4103 3323 4143 ac
3359 4103 3555 4143 eorum
3595 4086 3697 4141 ad-

2109 4183 2466 4238 monitionem
2498 4198 2640 4252 aegre
2679 4182 2940 4247 ferimus,
2981 4188 3034 4234 et
3077 4179 3327 4236 consiliis
3377 4193 3688 4249 gravantur.

2110 4273 2452 4329 Nauseamus
2477 4288 2607 4329 vero
2635 4273 2700 4328 ad
2728 4288 2909 4327 rerum
2935 4271 3286 4326 honestarum
3317 4269 3688 4338 disciplinam,

2109 4367 2336 4438 perinde
2387 4380 2451 4419 ac
2497 4365 2685 4434 aagroti
2735 4364 2914 4419 cibum
2969 4362 3309 4418 fastidienles
3343 4361 3416 4416 ad
3467 4361 3691 4431 opsonia

2113 4459 2369 4529 quasillis
2422 4456 2620 4513 medici
2685 4457 2994 4528 porrigunt.
3052 4456 3131 4511 Ac
3167 4455 3213 4512 si
3245 4457 3372 4526 quis
3428 4455 3692 4523 increpet,

427 4529 536 4583 κᾶν
563 4526 992 4582 ἀποκλεισθῶσιν
1024 4527 1154 4596 ἡμῖν
1187 4520 1477 4622 ἀφορισμῷ
1505 4521 1568 4622 αῖ
1595 4519 1757 4622 θύκραι
1787 4517 1888 4588 τῆς
1912 4517 2001 4622 ἐκ·

2114 4552 2510 4609 exacerbamur
2539 4569 2554 4620 ;
2585 4551 2632 4605 si
2663 4552 2916 4622 asperius
2951 4551 3175 4606 verbum
3209 4550 3518 4611 audiamus,
3553 4547 3695 4603 indi~

427 4618 677 4690 κλησίας,
717 4615 1166 4689 βλασφημοῦμεν.
1218 4608 1384 4676 Οὗτος
1427 4612 1485 4666 δὲ
1516 4611 1615 4664 οὐκ
1650 4609 1766 4662 ἔστι
1804 4606 2012 4679 μανθα-

425 4709 628 4762 νόντων
673 4709 904 4779 τρόπος,
939 4706 1059 4759 οὐδὲ
1097 4703 1310 4775 ὑπακοὴ
1362 4701 1656 4774 μαθητῶν,
1702 4699 1836 4754 ἀλλὰ
1885 4715 2014 4752 στα·-

431 4799 668 4853 σιαστῶν
688 4799 782 4852 καὶ
805 4797 1126 4870 μαχομένων
1149 4795 1470 4865 φιλονεικία.
1497 4793 1715 4846 Παιδίον
1733 4792 1842 4863 γὰρ
1861 4789 2013 4856 τάξιν

426 4893 458 4944 6
492 4891 736 4962 μαθητὴς
768 4882 985 4962 ἐπέχειν
1028 4888 1266 4958 ὀφείλει,
1295 4888 1355 4951 ὃς
1399 4886 1592 4958 τέχνης
1626 4884 1659 4956 ἢ
1703 4884 2014 4956 ἐπιστήμης

428 4982 757 5054 ἐπιθυμήσει
787 4985 915 5054 μιᾶς
938 4982 1046 5036 τῶν
1080 4979 1278 5045 ἔξωθεν
1301 4996 1316 5012 ο
1352 4983 1380 5034 6
1417 4980 1473 5033 δὲ
1504 4977 1784 5032 εὐσέϐειαν
1815 4975 2016 5030 ἀσκού-

434 5093 627 5149 μενος,
663 5076 800 5148 μετὰ
850 5075 1093 5139 πλείονος
1137 5073 1237 5144 τῆς
1274 5071 1596 5144 προσθήκης
1642 5065 1780 5123 εἶναι
1816 5068 2017 5140 βρέφος

430 5169 638 5240 ὀφείλει
661 5186 674 5201 ·
709 5168 896 5239 ἐπειδὴ
924 5169 1018 5222 καὶ
1041 5169 1070 5222 6
1097 5156 1302 5238 Κύριος
1329 5164 1543 5235 ἐκείνην
1569 5162 1669 5233 τὴν
1692 5161 1912 5232 ἠλικίαν
1941 5160 2018 5224 ὡς

431 5261 662 5332 εὐπειθῆ
685 5265 796 5325 τοῖς
826 5263 957 5332 παρ’
983 5259 1174 5314 ἐαυτοῦ
1207 5256 1451 5320 ἐπαίνοις
1483 5254 1764 5324 ἐσέμνυνε.
1794 5253 1869 5306 Τδ
1892 5271 2021 5308 παι-

429 5354 546 5410 δίον
574 5355 754 5409 τοίνυν
794 5355 894 5408 οὐκ
933 5353 1179 5425 ἐμὸαίνει
1215 5350 1342 5414 τοὺς
1385 5348 1742 5420 χαρακτῆρας
1783 5347 1880 5401 καὶ
1922 5346 2021 5410 τὰς

429 5447 704 5520 γραμμὰς
736 5445 917 5518 ἇσπερ
954 5445 1021 5500 ἂν
1062 5447 1090 5499 6
1127 5442 1442 5504 διδάσκαλος
1475 5440 1553 5511 τῷ
1587 5439 1741 5511 κηρῷ
1778 5439 2019 5510 ἐνσημή-

429 5556 624 5613 νηται⁶
655 5540 776 5593 οὐδέ
799 5540 1039 5608 στοιχεῖα
1062 5536 1394 5605 καινοτομεῑ,
1419 5533 1510 5586 ὐπ’
1541 5531 1790 5600 ἐξουσίας
1809 5531 2024 5602 ἐμπλή-

430 5650 569 5688 κτου
614 5629 932 5703 νεωτερίζον
975 5628 1103 5699 περὶ
1140 5627 1209 5681 τὰ
1251 5626 1588 5697 γράμματα’
1628 5623 1764 5678 ἀλλὰ
1798 5621 2024 5695 πρώτην

437 5723 542 5794 μὲν
581 5722 648 5790 τῇ
676 5718 901 5792 γραφίδι
940 5721 1055 5781 τοῖς
1096 5715 1192 5770 τοῦ
1225 5713 1547 5770 διδασκάλου
1580 5712 1772 5775 τύποις
1808 5713 2028 5766 ἐνασκεῖ

433 5814 536 5885 τὴν
566 5815 726 5885 χεῖρα
745 5831 757 5844 ·
793 5811 1026 5882 ὀνόματα
1056 5809 1111 5864 δὲ
1143 5810 1242 5864 οὐκ
1272 5807 1406 5864 ἄλλα
1438 5809 1550 5872 τοῖς
1588 5806 1872 5872 στοιχείοις
1905 5805 2024 5858 ἐπι-

2115 4661 2393 4718 gnamur;
2439 4645 2597 4716 sique
2655 4645 2818 4702 nobis
2878 4643 2946 4699 ad
2993 4644 3396 4716 separationem
3451 4642 3697 4698 ecclesiae

2119 4737 2266 4796 fures
2295 4737 2649 4803 obserantur,
2687 4737 2755 4793 ad
2787 4737 3038 4793 convicia
3074 4737 3324 4801 ferimur,
3357 4749 3420 4789 ac
3444 4734 3697 4802 blasphe-

2118 4845 2355 4886 mamus.
2382 4829 2421 4884 li
2456 4846 2563 4885 non
2597 4837 2726 4885 sunt
2764 4829 3094 4885 discentium
3125 4842 3328 4893 mores,
3357 4839 3533 4894 neque
3576 4824 3698 4878 οὺεο

2119 4922 2323 4978 dientia
2356 4921 2778 4992 discipulorum,
2821 4921 2918 4976 sed
2968 4919 3358 4975 seditiosorum
3409 4922 3464 4969 et
3493 4927 3699 4984 pugna-

2119 5017 2265 5069 cium
2297 5014 2596 5070 contentio.
2618 5012 2792 5069 Puelli
2819 5012 2967 5068 enim
2990 5011 3167 5066 vicem
3189 5005 3492 5076 discipulus
3516 5003 3702 5059 subire

2120 5107 2303 5172 debet,
2334 5107 2428 5178 qui
2459 5114 2632 5162 artem
2659 5104 2745 5159 vel
2776 5104 3065 5160 scientiam
3095 5102 3335 5171 aliquam
3363 5097 3429 5152 de
3457 5098 3700 5152 externis

2122 5199 2518 5256 desideraverit
2547 5217 2561 5254 :
2591 5197 2686 5268 qui
2718 5211 2848 5253 vero
2877 5196 3134 5266 pietatem
3167 5191 3484 5256 meditatur,
3506 5188 3700 5257 majori

2123 5307 2249 5348 cum
2283 5291 2607 5346 accessione
2638 5287 2822 5344 infans
2850 5303 2974 5345 esse
2999 5285 3161 5340 debet
3189 5302 3202 5337 :
3232 5281 3536 5352 praesertim
3570 5296 3701 5335 cum

2123 5387 2286 5442 etiam
2315 5383 2580 5439 Dominus
2607 5383 2753 5436 illam
2775 5386 2988 5435 atatem
3018 5375 3185 5431 veluti
3227 5373 3294 5427 ad
3338 5371 3703 5428 obediendum

2125 5486 2370 5548 paratam
2429 5475 2545 5531 suis
2618 5472 2794 5543 ipsius
2861 5467 3118 5524 laudibus
3177 5465 3472 5520 ornaverit.
3536 5463 3704 5533 Atqui

2128 5571 2346 5643 puellus
2372 5583 2481 5624 non
2515 5567 2752 5637 insurgit
2798 5563 2854 5618 in
2883 5563 3233 5617 characteres
3291 5566 3346 5614 et
3377 5558 3705 5612 lineamenta

2128 5679 2250 5734 quae
2297 5668 2603 5732 praeceptor
2653 5659 2708 5713 in
2749 5671 2877 5711 cera
2935 5654 3303 5725 inscripserit,
3358 5666 3535 5720 neque
3569 5662 3714 5702 nova

2134 5759 2356 5814 molitur
2384 5754 2675 5818 elementa,
2707 5749 2914 5822 aliquid
2959 5748 3087 5804 novi
3138 5749 3192 5802 in
3241 5745 3438 5802 litteris
3492 5743 3715 5798 licentia
