4106 6486
431 391 529 447 511

1706 386 1766 444 S.
1800 384 2131 444 GREGORII
2168 385 2465 443 NYSSENI

3633 381 3747 437 512

433 503 635 563 stolida.
687 511 983 570 attentans,
1036 505 1128 562 sed
1184 506 1415 577 primam
1470 505 1700 578 graphio
1749 507 1804 561 in
1859 506 2049 567 notis,

2156 505 2279 574 ἑγει,
2313 505 2427 558 ἀλλ’
2459 503 2604 575 ἅπερ
2649 504 2883 574 ἤκουσε⁸
2920 501 3083 557 παντὶ
3111 500 3167 555 δὲ
3201 500 3395 574 τρόπῳ
3446 499 3558 554 καὶ
3592 497 3749 567 λόγῳ

434 595 785 666 prmceptoris
808 610 1029 651 manum
1060 606 1299 667 exercet,
1335 598 1561 655 nomina
1599 613 1732 653 vero
1760 612 1869 653 non
1900 598 2008 652 alia

434 700 498 739 ex
542 685 828 742 elementis
876 687 1086 757 colligit
1135 703 1298 759 quam
1351 702 1416 744 ea
1454 703 1577 758 qua:
1628 687 1859 753 audivit,
1913 685 2011 742 sed

435 775 583 829 omni
618 776 800 843 modo,
841 781 1058 837 ratione
1088 793 1151 833 ac
1184 793 1349 849 opera
1380 779 1628 850 magistri
1661 777 2013 832 traditionem

437 867 704 923 imitatur.
738 869 894 936 Quod
927 871 971 926 si
1006 873 1226 941 quando
1256 872 1618 942 negligentius
1657 869 1787 941 quid
1819 869 2011 940 egerit,

439 956 585 1014 cutis
648 960 770 1030 eius
806 962 1130 1019 verberibus
1186 963 1472 1027 aﬂiciatur,
1514 963 1686 1033 plagis
1718 971 2015 1017 contumax

444 1064 553 1103 non
588 1050 839 1114 ellicitur,
880 1070 1056 1124 neque
1088 1054 1377 1125 perfractis
1428 1055 1644 1109 tabellis
1696 1069 1726 1107 a
1758 1055 2019 1124 magistro

444 1141 580 1205 abit,
609 1142 706 1198 sed
742 1144 1059 1214 aliquandiu
1089 1144 1265 1200 dolori
1292 1160 1508 1202 amaras
1539 1146 1817 1203 instillans
1846 1146 2021 1215 lacry-

446 1250 587 1298 mas,
620 1236 927 1307 disciplinis
959 1238 1303 1303 adhtcrescit,
1334 1245 1696 1309 verseturque
1727 1239 1907 1294 acrior
1966 1239 2021 1292 in

448 1327 824 1393 meditatione,
856 1344 965 1383 non
991 1337 1171 1384 autem
1203 1330 1561 1401 negligentior
1610 1329 1812 1385 evadit.
1873 1330 2023 1384 Alias

448 1433 666 1473 rursum
704 1420 748 1476 si
785 1427 1042 1491 tanquam
1079 1420 1297 1491 juvenis
1344 1436 1409 1475 ac
1450 1436 1626 1478 novus
1679 1437 1873 1493 parum
1911 1438 2024 1476 rem

450 1517 626 1572 curet,
664 1523 696 1563 a
737 1509 876 1565 cibis
924 1510 1205 1566 abstinere
1252 1511 1497 1581 iubetur,
1546 1518 1601 1566 ct
1656 1511 1820 1566 famis
1864 1525 2025 1581 parua

452 1611 673 1670 propter
706 1601 1014 1657 socordiam
1058 1602 1389 1660 damnatur:
1446 1612 1727 1674 permanet
1782 1620 1913 1660 vero
1970 1605 2026 1658 in

456 1693 585 1747 ludo
607 1693 770 1749 etiam
806 1695 980 1760 solus,
1013 1696 1135 1752 aliis
1174 1696 1240 1751 ad
1295 1698 1583 1768 prandium
1618 1697 2029 1753 discedentibus

459 1783 665 1853 pueris,
699 1792 1030 1857 praeceptum
1061 1787 1316 1859 religiose
1338 1788 1659 1843 observans.
1682 1786 2032 1843 Christianus

2117 596 2212 650 καὶ
2252 597 2400 667 ἔργῳ
2448 597 2693 667 μιμεῖται
2734 593 2830 647 τοῦ
2879 592 3191 665 καθηγητοῦ
3237 593 3334 666 τὴν
3383 591 3745 664 παράδοσιν.

2120 690 2217 741 Ἂν
2243 688 2301 741 δέ
2336 705 2438 740 που
2467 689 2562 739 καὶ
2601 686 2924 758 ρᾳθυμῆσαν
2957 685 3423 757 ἀποτυμπανισθῇ
3463 685 3555 755 τῷ
3608 680 3749 736 σκύ-

2120 797 2221 842 τει,
2257 780 2319 832 οὐ
2346 778 2673 849 θρασύνεται
2702 780 2770 848 τῇ
2807 777 3024 847 πληγῇ,
3058 777 3180 830 οὐδὲ
3226 775 3324 839 τὰς
3368 776 3619 839 δέλτους
3665 770 3749 843 τῷ

2121 867 2423 936 διδασκάλῳ
2448 864 2787 937 περιρῤἧξαν
2815 865 3114 935 ἀποφοιτᾷο
3149 863 3263 916 ἀλλ’
3306 865 3396 919 ἐπ’
3428 864 3634 932 ὀλίγον
3678 863 3749 932 τῇ

2122 959 2374 1031 ἀλγηδόνι
2411 958 2603 1031 πικρὸν
2638 955 2932 1022 ὲπιστάξαν
2964 956 3024 1009 τὸ
3062 957 3329 1027 δάκρυον,
3376 954 3587 1027 ἔχεται
3634 954 3751 1008 τῶν

2129 1051 2487 1122 μαθημάτων,
2508 1050 2602 1102 καί⁵
2627 1047 3022 1118 συντονώτερον
3047 1036 3177 1120 περί
3196 1048 3295 1118 τὴν
3320 1047 3602 1119 μελέτην,
3628 1046 3751 1100 ἀλλ’

2127 1143 2226 1197 οὐκ
2249 1143 2613 1213 ἀμελέστερον
2647 1141 2876 1209 γίνεται.
2926 1141 3148 1195 ’Ἃλλοτε
3181 1139 3341 1194 πάλιν
3375 1139 3750 1211 ὀλιγωρήσας

2127 1235 2203 1297 ὡς
2231 1234 2369 1298 νέος,
2406 1234 2686 1287 κελεύεται
2714 1233 2893 1303 μένειν
2923 1233 3202 1296 ἀπόσιτος,
3229 1233 3324 1286 καὶ
3351 1231 3442 1302 τῷ
3466 1230 3628 1301 λιμῷ
3648 1231 3752 1299 τὴν

2133 1325 2405 1397 ρᾳθυμίαν
2443 1324 2885 1389 καταδικάζεται.
2930 1324 3245 1395 Παραμένει
3273 1323 3330 1376 δὲ
3357 1322 3444 1393 τῷ
3477 1322 3742 1375 διδασκαο

2132 1422 2260 1492 λείῳ
2297 1421 2392 1474 καὶ
2428 1420 2605 1491 μόνος,
2646 1419 2753 1472 τῶν
2791 1419 2968 1481 ἄλλων
3002 1418 3210 1471 παίδων
3243 1417 3752 1487 ἀναχωρησάντων

2136 1513 2220 1566 ἐπ’
2272 1512 2512 1583 ἄριστον,
2561 1511 2745 1582 τηρῶν
2800 1511 2863 1564 τὸ
2929 1510 3257 1581 πρόσταγμα
3314 1509 3420 1561 σὺν
3477 1506 3752 1577 εὐλαϐείᾳ

2137 1604 2326 1675 πολλῇ.
2390 1604 2449 1657 '0
2500 1601 2825 1675 Χριστιανὸς
2872 1601 2929 1654 δὲ
2978 1601 3076 1670 οὐχ
3129 1599 3325 1663 οὕτως,
3376 1601 3409 1652 ό
3468 1596 3748 1661 ἀκούσας,

2143 1715 2163 1749 ι
2206 1697 2302 1749 Ἂν
2341 1696 2414 1768 μὴ
2453 1696 2728 1766 στραφῆτε
2767 1694 2862 1747 καὶ
2904 1691 3137 1769 γένησθε
3184 1691 3261 1754 ὡς
3301 1691 3371 1744 τὰ
3427 1689 3655 1754 παιδία,
3690 1689 3750 1742 ού

2144 1788 2218 1858 μὴ
2243 1787 2521 1858 εἰσέλθητε
2554 1789 2637 1851 είς
2663 1786 2760 1857 τὴν
2788 1784 3066 1856 βασιλείαν
3093 1783 3204 1837 τῶν
3227 1781 3483 1853 οὐρανῶν
3510 1799 3527 1813 ·
3568 1801 3588 1834 ι
3634 1780 3749 1835 ἀλλ’

459 1882 643 1958 ειιμειη
676 1891 785 1932 non
817 1878 923 1941 sic,
955 1878 1046 1950 qui
1080 1878 1295 1932 audivit
1348 1887 1550 1944 tamen,
1583 1898 1602 1930 ι
1643 1878 1759 1934 Nisi
1801 1895 2031 1936 conver-

2156 1883 2261 1934 ἱταν
2304 1879 2703 1951 αὐστηρότερον
2735 1878 2820 1950 ῐδῃ
2848 1877 2941 1931 τὸν
2988 1875 3139 1948 ίερέα
3174 1876 3422 1945 σχήματι
3455 1873 3560 1926 καὶ
3593 1873 3747 1943 φωνῇ

458 1966 676 2030 tamiui,
733 1974 788 2023 et
838 1969 993 2038 quasi
1046 1970 1209 2039 puelli
1266 1969 1441 2033 tiatis,
1505 1986 1615 2026 non
1665 1972 1941 2028 intrabitis
1977 1971 2034 2026 in

460 2070 689 2127 regnum
718 2057 981 2112 cmlorum
1011 2059 1050 2112 ί.
1090 2078 1109 2111 ›
1157 2059 1261 2115 Sed
1294 2061 1339 2115 si
1378 2061 1603 2130 quando
1656 2062 1906 2133 asperius
1948 2078 2037 2119 sa-

460 2148 734 2204 cerdotem
770 2150 953 2223 specie
993 2166 1059 2206 ac
1088 2166 1220 2206 voce
1253 2153 1614 2224 corrigentem
1643 2165 1884 2210 erratum
1914 2170 2039 2225 per-

461 2239 688 2310 ceperit,
735 2241 910 2311 palam
955 2244 1305 2308 contradicit,
1355 2252 1412 2300 ct
1457 2246 1600 2301 inter
1644 2247 1837 2302 dentes
1888 2262 2039 2300 mur-

467 2339 672 2396 murat,
702 2339 753 2388 et
790 2334 1122 2390 circumiens
1146 2333 1321 2389 forum
1346 2351 1408 2391 ac
1436 2337 1645 2406 plateas
1678 2337 2038 2392 conviciatur.

466 2421 603 2479 Etsi
635 2425 703 2477 ab
732 2425 971 2480 ecclesia
1003 2425 1347 2492 excludatur,
1379 2428 1681 2483 orationem
1716 2429 2039 2493 contemnit,

468 2530 527 2570 se
560 2529 685 2570 cum
720 2529 747 2569 a
778 2516 1001 2586 populo,
1030 2522 1147 2571 tum
1180 2533 1208 2572 a
1248 2519 1523 2590 mysteriis
1563 2518 1683 2575 sine
1731 2520 1840 2585 ulla
1875 2520 2043 2575 dissi—

469 2606 767 2665 mulatione
824 2606 1143 2675 abducens;
1207 2616 1300 2663 aut
1339 2608 1481 2665 forte
1546 2626 1615 2665 ne
1661 2610 1789 2665 huic
1824 2611 2044 2681 quidem

476 2696 743 2766 supplicio
806 2697 1081 2763 addlctus,
1117 2714 1175 2756 se
1205 2700 1273 2755 ab
1323 2700 1555 2755 ecclesia
1598 2701 1905 2769 submovet,
1966 2706 2045 2757 ira

469 2794 662 2842 contra
693 2792 1011 2859 episcopum
1037 2799 1370 2854 commotus,
1396 2806 1459 2847 ac
1488 2792 1655 2848 Deum
1681 2801 1734 2848 et
1755 2793 2046 2850 Dominum

471 2887 780 2933 aversatus.
844 2877 951 2933 Sed
1012 2879 1287 2948 ejusmodi
1357 2881 1565 2937 homini
1621 2882 1913 2938 dicendum
1964 2895 2051 2940 est

473 2968 619 3036 quod
654 2967 846 3034 Paulo,
871 2981 997 3023 cum
1019 2968 1199 3026 adhuc
1233 2968 1436 3026 Saulus
1466 2979 1635 3037 esset,
1696 2972 1904 3030 dictum
1941 2981 2046 3042 est,

478 3074 500 3109 ι
529 3059 738 3112 Durum
774 3059 872 3114 tibi
903 3069 1007 3127 est,
1042 3076 1076 3116 ο
1126 3060 1310 3128 homo,
1344 3070 1538 3118 contra
1574 3065 1827 3122 stimulos
1884 3067 2052 3122 calci-

2136 1972 2512 2045 διορθούμενον
2544 1971 2605 2025 τὸ
2645 1970 3047 2041 πλημμέλημα,
3100 1965 3403 2039 προφανῶς
3438 1964 3746 2033 ἀντιλέγει,

2137 2067 2230 2121 καὶ
2252 2065 2344 2118 ὑπ’
2374 2065 2563 2118 ὀδόντα
2590 2062 2869 2132 γογγύζει,
2899 2062 2991 2115 καὶ
3018 2057 3354 2131 περινοστῶν
3385 2057 3495 2128 τὴν
3529 2055 3750 2127 ἀγοράν

2139 2161 2233 2215 καὶ
2259 2159 2327 2213 τὰ
2359 2156 2577 2226 ἀμφοδα
2609 2154 2949 2225 λοιδορεῖται.
2984 2150 3101 2205 Κᾶν
3131 2150 3230 2219 τῆς
3262 2149 3578 2220 ἐκκλησίας
3607 2149 3748 2202 ἀπο-ι

2140 2251 2386 2321 κλεισθῇ,
2436 2248 2770 2319 καταφρονεῖ
2810 2249 2910 2318 τῆς
2942 2244 3137 2315 εὐχῆς,
3169 2242 3612 2312 ἀπροσποιήτως
3652 2238 3747 2293 τοῦ

2140 2343 2269 2398 λαοῦ
2322 2341 2418 2395 καὶ
2455 2339 2562 2393 τῶν
2611 2338 2926 2410 μυστηρίων
2968 2334 3455 2406 ἀποτεμνόμενος’
3496 2333 3533 2405 ἢ
3582 2331 3748 2419 τυχὸν

2141 2433 2262 2489 οὐδὲ
2294 2429 2618 2500 ὐποόληθεὶς
2648 2428 2818 2500 ταύτῃ
2865 2430 2931 2499 τῇ
2979 2427 3238 2497 τιμωρία,
3272 2426 3477 2480 ἑαυτὸν
3518 2423 3625 2492 τῆς
3655 2423 3749 2475 ὲκα

2143 2519 2372 2592 κλησίας
2400 2519 2627 2587 ἀπάγει.
2664 2516 2754 2571 διὰ
2783 2517 2881 2586 τὴν
2912 2515 3081 2586 ὀργὴν
3106 2515 3204 2587 τὴν
3237 2515 3377 2587 πρὸς
3403 2515 3499 2567 τὸν
3524 2513 3748 2566 ἐπίσκο-

2146 2631 2266 2678 πον,
2317 2611 2412 2666 καὶ
2455 2609 2545 2662 τὺν
2589 2607 2723 2661 Θεὸν
2768 2607 2862 2661 καὶ
2913 2607 3190 2676 Δεσπότην
3236 2604 3747 2677 ἀποστρεφόμενος.

2145 2705 2376 2759 Λεκτέον
2408 2704 2465 2757 δὲ
2492 2702 2569 2773 τῷ
2597 2700 2822 2771 τοιούτῳ
2851 2700 2908 2754 τὸ
2935 2700 3072 2771 πρὸς
3100 2698 3311 2754 Παῦλον
3336 2698 3562 2769 λεχθὲν,
3588 2695 3749 2767 ἡνίκα
3831 2732 3839 2741 .

2147 2797 2226 2851 ἔτι
2258 2795 2460 2859 Σαῦλος
2487 2793 2770 2864 ἐτύγχανε·
2800 2810 2821 2844 ι
2863 2790 3104 2862 Σκληρόν
3145 2807 3247 2852 σοι,
3283 2789 3577 2859 ἄνθρωπε,
3615 2785 3750 2856 πρὸς

2148 2888 2350 2959 κέντρα
2376 2884 2673 2949 λακτίζειν.
2717 2901 2737 2936 ι
2772 2883 2896 2936 Εἴτε
2935 2880 3043 2935 ἀπὺ
3078 2879 3274 2933 σαυτοῦ
3306 2879 3405 2933 τὸν
3433 2878 3573 2932 Θεὸν
3610 2877 3749 2947 ἁφῆς

2149 2996 2271 3042 κας,
2305 2977 2520 3045 λόγισαι
2552 2976 2636 3030 ὃτι
2668 2976 2698 3028 ὁ
2728 2972 2825 3027 τοῦ
2854 2973 3003 3044 ἡλίου
3045 2969 3442 3043 χωριζόμενος,
3474 2971 3537 3022 ὲν
3571 2967 3750 3021 σκότει

2149 3070 2244 3123 καὶ
2273 3067 2421 3138 ζόφῳ
2441 3066 2617 3136 διάγει
2643 3065 2733 3119 τὸν
2777 3063 2891 3136 βίον
2915 3080 2929 3095 ·
2951 3063 3062 3118 είτε
3086 3060 3411 3133 ἀπεϐλήθης
3439 3059 3553 3113 τῶν
3578 3056 3750 3129 εὐχῶν

477 3151 670 3205 trare’
703 3168 716 3204 :
761 3168 781 3203 ι
815 3151 932 3208 sive
967 3166 997 3206 a
1030 3152 1206 3224 teipso
1239 3152 1406 3209 Deum
1441 3155 1736 3221 dimiseris,
1798 3167 2049 3228 reputato

2156 3162 2228 3225 ὡς
2272 3160 2512 3224 ἀνάξιος,
2565 3158 2894 3214 ἀνακάλεσαι
2941 3159 3010 3228 τῇ
3066 3152 3325 3226 μετανοίᾳ
3376 3152 3480 3225 τὴν
3530 3150 3752 3224 πρώτην

478 3239 625 3310 quod
659 3241 751 3312 qui
784 3256 815 3295 a
853 3243 967 3299 sole
1005 3243 1290 3315 seiunctus
1314 3254 1421 3311 est,
1476 3249 1531 3300 in
1565 3248 1809 3303 tenebris
1841 3255 1895 3303 et
1926 3250 2049 3304 cali.

2162 3251 2516 3306 κατάστασιν.

481 3329 609 3400 Eine
650 3332 819 3387 Vitam
872 3332 1057 3405 desit;
1108 3335 1224 3392 sive
1278 3338 1624 3396 orationibus
1687 3349 1746 3397 ut
1804 3341 2062 3415 indignus
2102 3344 2427 3403 interdictus
2475 3345 2575 3410 sis,
2650 3357 2745 3415 per
2784 3340 3162 3414 paenitentiam
3237 3336 3487 3408 primum
3547 3338 3748 3390 statum

480 3433 763 3481 revocato.

551 3516 701 3574 Nihil
738 3520 860 3577 falsi
887 3531 981 3577 aut
1016 3524 1284 3581 mendacii
1319 3526 1584 3599 scriptum
1611 3538 1693 3586 est
1724 3529 1777 3584 in
1820 3529 2067 3603 Evange—

485 3611 598 3679 liis,
630 3627 810 3684 neque
835 3613 1038 3670 Cbristl
1065 3616 1350 3687 praedictio
1371 3620 1573 3675 exitum
1607 3619 1856 3678 fallacem
1882 3623 2064 3681 habet.

485 3702 592 3757 Per
615 3701 837 3760 Petrum
875 3706 1149 3776 episcopis
1188 3707 1340 3764 dedit
1373 3709 1580 3766 clavem
1615 3713 1923 3769 cmlcstium
1962 3713 2067 3770 ho-

486 3806 719 3862 norum;
762 3808 1000 3865 agnosce
1038 3797 1186 3866 quod
1235 3799 1473 3867 solutus,
1520 3802 1732 3859 solutus
1774 3819 1855 3865 es.
1906 3812 1962 3859 et
1998 3804 2064 3859 li-

495 3890 656 3951 gatus
693 3883 931 3956 vinculis
954 3883 1326 3946 invisibilibus
1351 3891 1689 3949 constrictus
1723 3907 1805 3949 es.
1840 3892 1896 3948 Si
1917 3893 2067 3950 oculi

489 3970 591 4025 tibi
627 3979 815 4026 essent
870 3973 1074 4042 quibus
1136 3989 1395 4032 cerneres
1449 3980 1619 4034 animi
1674 3982 2064 4049 substantiam,

489 4063 839 4118 ostenderem
893 4065 991 4119 tibi
1030 4064 1123 4135 qui
1172 4080 1202 4120 a
1260 4071 1647 4127 communione
1701 4072 1933 4130 abactus
1984 4090 2065 4142 es,

493 4153 733 4223 speciem
768 4155 1141 4224 condemnati,
1183 4159 1528 4229 gravissimis
1582 4163 1818 4219 vinculis
1856 4167 2071 4222 cervice

490 4241 760 4315 depressi,
805 4247 1016 4303 nullum
1052 4250 1419 4305 membrorum
1448 4251 1680 4308 liberum
1713 4262 1806 4309 aut
1831 4256 2071 4312 solutum

493 4334 765 4393 habentis.
792 4339 973 4408 Atque
1016 4339 1225 4395 utinam
1262 4356 1387 4396 cum
1428 4344 1536 4397 vita
1584 4346 1914 4419 supplicium
1962 4360 2072 4404 ter-

493 4427 841 4484 minaretur!
875 4428 1032 4485 Nunc
1060 4446 1192 4488 vero
1223 4432 1270 4487 si
1300 4433 1432 4504 quid
1465 4435 1763 4495 humanum
1805 4441 2070 4506 evenerit,

2234 3527 2403 3584 Οὐδὲν
2463 3526 2657 3599 ψεῦδος
2713 3526 2771 3580 ὲν
2824 3521 3170 3593 Εὐαγγελίοις
3225 3522 3578 3590 γέγραπται,
3635 3513 3752 3569 οὐδὲ

2166 3620 2471 3693 πρόρρησις
2511 3619 2604 3672 τοῦ
2647 3616 2885 3689 Χριστοῦ
2922 3612 3268 3684 ὲσφαλμένην
3297 3610 3415 3681 ἔχει
3464 3608 3563 3682 τὴν
3595 3605 3751 3660 ἔκϐα-

2169 3729 2272 3766 σιν.
2321 3711 2422 3764 Διὰ
2469 3709 2678 3781 Πέτρου
2721 3707 2889 3761 ἔδωκε
2931 3707 3044 3769 τοῖς
3075 3702 3399 3766 ἐπισκόποις
3442 3701 3543 3771 τὴν
3576 3696 3752 3751 κλεῖδα

2166 3801 2275 3857 τῶν
2303 3800 2642 3872 ἐπουρανίων
2670 3797 2846 3868 τιμῶν
2866 3812 2880 3827 ·
2913 3796 3147 3865 γίνωσκε
3189 3794 3272 3846 ὅτι
3301 3792 3488 3855 λυθεὶς
3517 3789 3748 3847 λέλυσαι,

2173 3893 2268 3946 καὶ
2319 3891 2494 3954 δεθεὶς
2544 3891 2659 3953 τοῖς
2705 3888 2956 3960 ἀοράτοις
3002 3886 3221 3956 δεσμοῖς
3272 3882 3649 3951 κατασφίγγῃ.
3693 3876 3752 3929 Et

2174 3985 2484 4055 ὀφθαλμοὺς
2511 3978 2655 4053 εἶχες
2687 3979 2823 4052 πρὸς
2863 3978 2962 4049 τὴν
2998 3976 3186 4030 οὐσίαν
3222 3976 3323 4045 τῆς
3349 3973 3554 4044 ψυχῆς,
3587 3965 3754 4031 ἔδειξα

2176 4077 2242 4131 ἄν
2265 4094 2347 4130 σοι
2371 4075 2449 4146 τῷ
2477 4071 2843 4144 ἀφωρισμένῳ
2872 4069 3057 4140 σχῆμα
3078 4065 3573 4138 κατακεκριμένου,
3597 4062 3753 4132 βαρυσ

2177 4169 2361 4232 τάτοις
2407 4167 2628 4237 δεσμοῖς
2677 4163 2768 4217 τὸν
2820 4161 3023 4231 αὐχένα
3061 4159 3416 4228 πιεζομένου,
3451 4156 3603 4210 οὐδὲν
3651 4150 3754 4204 τῶν

2184 4259 2360 4332 μελῶν
2389 4256 2671 4328 ἐλεύθερον
2703 4254 2737 4325 ἢ
2765 4253 2951 4308 ἄνετον
2979 4251 3210 4321 ἔχοντος.
3233 4250 3344 4303 Καὶ
3369 4248 3483 4303 εἴθε
3512 4246 3589 4316 τῷ
3610 4242 3749 4314 βίῳή

2178 4351 2420 4423 τιμωρία
2433 4367 2502 4403 πε
2510 4346 2806 4420 ριωρίζετοί
2826 4346 2940 4400 νυνὶ
2954 4343 3007 4397 δὲ
3026 4343 3134 4418 [ἂν]
3144 4340 3484 4413 ἀνθρώπινόν
3495 4357 3546 4394 τι
3561 4354 3620 4390 συ
3628 4333 3752 4407 μόῇ,

2183 4444 2278 4497 καὶ
2304 4442 2498 4513 ἀθρόον
2524 4443 2777 4513 παραστῇ
2800 4441 2834 4510 ἠ
2860 4440 3105 4511 τελευτὴ,
3131 4440 3206 4502 ὡς
3231 4437 3474 4504 κλέπτης
3502 4434 3559 4485 ὲν
3583 4423 3749 4483 νυκτὶ,

494 4525 550 4574 et
581 4519 877 4590 derepente
928 4538 1077 4580 mors
1123 4527 1444 4595 accesserit,
1489 4537 1551 4583 ut
1588 4530 1729 4585 latro
1775 4532 1843 4587 de
1891 4542 2049 4588 nocte

2183 4533 2418 4602 γίνωσκε
2453 4531 2760 4586 κεκλεῖσθαί
2800 4547 2882 4584 σοι
2919 4530 2987 4584 τὰ
3018 4532 3151 4583 ἐκεῖ.
3194 4527 3507 4599 Ἐπιμελεῖς
3535 4524 3638 4574 εἰσι
3667 4513 3751 4570 καὶ

499 4611 641 4666 scito
667 4612 760 4665 tibi
799 4611 1024 4668 occlusa
1077 4629 1200 4684 qua:
1248 4615 1360 4671 illic
1410 4627 1540 4672 sunt
1587 4634 1739 4675 esse.
1782 4619 2048 4694 Diligente

2189 4621 2264 4693 μὴ
2302 4620 2621 4690 παιζόμενοι
2660 4620 2710 4672 oi.
2748 4619 2849 4689 τῆς
2890 4618 3164 4690 βασιλείας
3196 4616 3448 4688 θυρωροί·
3475 4610 3636 4682 ὁρῶσι
3659 4602 3749 4673 τὴν

503 4708 633 4758 sunt
668 4708 722 4757 et
748 4701 844 4772 qui
876 4717 987 4756 non
1028 4704 1223 4759 ludant
1265 4705 1416 4762 illius
1470 4711 1625 4779 regni
1660 4710 2081 4779 janitores;vi-

500 4792 628 4849 dent
660 4793 897 4848 animam
948 4795 1314 4866 separationis
1362 4805 1523 4855 notas
1565 4799 1852 4857 ferentem.
1897 4801 2068 4869 Quasi

499 4887 793 4958 quemdam
850 4886 1024 4943 fetore
1077 4897 1132 4944 et
1180 4889 1436 4947 sordibus
1485 4893 1727 4951 carceris
1788 4903 2079 4963 notatum,

503 4980 729 5050 abigunt
765 4994 883 5034 eam
913 4980 1107 5035 semita
1131 4997 1253 5052 quae
1282 4984 1349 5038 ad
1379 4984 1523 5039 bona
1561 4985 1730 5041 ducit.
1773 4984 1891 5042 Non
1950 5004 2084 5044 con-

502 5074 700 5127 cedunt
733 5080 794 5126 ut
844 5074 1069 5129 ordines
1105 5074 1383 5145 justorum
1424 5086 1634 5142 cernat,
1677 5087 1732 5135 et
1778 5080 2079 5151 angelicam

507 5167 743 5219 lmtitiam
768 5182 783 5231 ;
811 5166 1008 5222 misera
1047 5183 1179 5223 vero
1207 5179 1321 5223 tum
1358 5184 1471 5225 sua).
1503 5185 1562 5227 se
1609 5173 1933 5230 temeritatis
1986 5187 2081 5229 ve-

507 5255 792 5310 hementer
839 5272 1113 5314 accusans
1138 5297 1154 5322 ,
1204 5257 1509 5331 Ingensque
1536 5300 1551 5326 ,
1598 5276 1661 5316 ac
1699 5263 1963 5333 plorans,
2025 5271 2080 5318 et

507 5359 730 5410 gemens
766 5347 819 5400 in
853 5348 1032 5404 locum
1067 5349 1361 5420 quemdam
1403 5354 1621 5408 tristem
1686 5361 1947 5425 tanquam
1989 5370 2089 5408 an-

509 5436 695 5500 gulum
729 5438 940 5506 ahjecta
973 5442 1339 5510 permanebit,
1365 5444 1519 5501 luctu
1543 5460 1822 5516 nunquam
1866 5446 2087 5502 [inituro

512 5536 576 5573 ue
628 5523 903 5582 insolabilt
951 5530 1008 5584 in
1038 5537 1302 5587 aeternum
1346 5549 1539 5606 poenas
1592 5537 1770 5593 luens.
1828 5556 1847 5589 ι
1907 5536 2088 5594 Nolite

515 5609 653 5675 ﬁeri,
686 5630 703 5662 ι
740 5612 937 5684 inquit,
968 5635 986 5670 ι
1016 5621 1160 5675 sicut
1185 5637 1361 5694 equus
1388 5633 1443 5681 et
1475 5626 1677 5694 mulus,
1718 5628 1920 5700 quibus
1968 5645 2077 5686 non

618 5780 845 5845 ‘Matth.
875 5809 1027 5860 xvm,
1065 5794 1120 5846 5.
1223 5798 1378 5855 ’Act.
1424 5818 1500 5867 Ix,
1538 5803 1591 5859 5.

2185 4712 2364 4783 ψυχὴν
2385 4711 2452 4764 τὰ
2479 4710 2573 4764 τοῦ
2599 4709 2905 4781 ἀφορισμοῦ
2933 4710 3201 4781 φέρουσαν
3225 4708 3287 4761 σύ
3297 4706 3489 4778 μὸολα.
3521 4702 3616 4762 Ὠς
3638 4708 3751 4798 τινα

2186 4804 2280 4860 τοῦ
2308 4804 2684 4875 δεσμωτηρίου
2722 4804 2787 4874 τῇ
2816 4803 2959 4874 κόμῃ
2996 4803 3091 4857 καὶ
3125 4800 3204 4871 τῷ
3230 4800 3386 4871 ῥύπῳ
3424 4803 3747 4893 κατηγορου-

2190 4918 2372 4971 μενον,
2407 4899 2799 4954 ἀπελαύνουσιν
2836 4897 3001 4967 αὐτὴν
3028 4899 3127 4968 τῆς
3168 4896 3260 4949 ἐπὶ
3288 4894 3357 4947 τά
3397 4888 3537 4944 καλά
3567 4888 3774 4971 φεροῠολ

2187 5012 2288 5065 σης
2331 4992 2451 5047 ὁδοῦ
2478 5009 2491 5022 ·
2528 4992 2590 5045 οὐ
2640 4993 3080 5065 συγχωρήσουσιν
3132 4986 3258 5040 ἰδεῖν
3292 4985 3363 5038 τά
3404 4981 3652 5050 τάγματα
3678 4970 3749 5065 διν

2188 5058 2379 5145 καίων,
2406 5082 2500 5135 καὶ
2530 5058 2840 5152 ἀγγελικὴν
2863 5058 3221 5165 εὐφροσύνην.
3270 5075 3335 5128 Ἦ
3359 5072 3416 5125 δὲ
3446 5058 3749 5165 *ἀθλία-τότε

2189 5173 2363 5228 πολλὰ
2401 5174 2499 5245 τῆς
2542 5172 2796 5236 ἀϐουλίας
2828 5161 3029 5244 ἑαυτὴν
3057 5162 3524 5240 καταμεμφομένη
3545 5197 3560 5223 ν
3593 5156 3746 5245 oliui”

2189 5266 2357 5333 ζουσα
2388 5265 2442 5319 δὲ
2480 5266 2573 5319 καὶ
2606 5266 2923 5338 ὀδυρομένη,
2956 5263 3050 5318 καὶ
3080 5261 3362 5321 στένουσα,
3396 5255 3490 5309 καὶ
3522 5244 3748 5338 σκυθρω-

2191 5359 2278 5431 πῷ
2304 5376 2410 5412 τινι
2439 5359 2611 5431 τόπῳ,
2643 5334 2753 5413 οἷον
2770 5334 2950 5427 γωνίᾳ
2971 5352 3423 5426 προσερριμμένη
3450 5334 3743 5439 διατελέσῗιῖ

2189 5448 2279 5503 τὸν
2317 5448 2550 5518 ἄληκτον
2586 5448 2817 5520 ὀδυρμὸν
2849 5447 2944 5501 καὶ
2979 5441 3409 5516 ἀπαραμύθητον
3447 5434 3524 5493 εἰς
3562 5433 3747 5520 αἰωναίξ

2192 5506 2498 5595 ἐκτίνουσα.
2532 5560 2571 5591 ι-
2596 5506 2694 5611 Μή
2717 5506 2932 5607 Ζγίνεσθε
2954 5577 2968 5602 ν
3009 5554 3027 5587 ⁹
3058 5506 3250 5605 φῆσίνν
3356 5527 3432 5588 ὡς
3477 5523 3643 5611 ἵππος,
3664 5506 3744 5607 “af

2193 5633 2436 5705 ἡμίονος,
2484 5630 2564 5698 οἷς
2595 5604 2695 5686 οὐκ
2731 5604 2847 5685 ἔστι
2880 5604 3130 5690 σύνεσιςέ
3167 5627 3223 5678 ἐν
3254 5617 3414 5695 κημῷ
3439 5613 3528 5669 καὶ
3564 5604 3745 5681 χαλινῷ
