  <div class='ocr_page' id='page_1' title='image "/cluster/home/n/w/nwhite01/storage/ocr_20150623/46:no.3/coo.31924054869668/164.png"; bbox 0 0 4106 6438; ppageno 0'>
   <div class='ocr_carea' id='block_1_1' title="bbox 313 345 414 405">
    <p class='ocr_par' dir='ltr' id='par_1_1' title="bbox 313 345 414 405">
     <span class='ocr_line' id='line_1_1' title="bbox 313 345 414 405; baseline 0.02 -3"><span class='ocrx_word' id='word_1_1' title='bbox 313 345 414 405; x_wconf 74' lang='grc'><strong>315</strong></span> 
     </span>
    </p>
   </div>
   <div class='ocr_carea' id='block_1_2' title="bbox 1633 359 2302 419">
    <p class='ocr_par' dir='ltr' id='par_1_2' title="bbox 1633 359 2302 419">
     <span class='ocr_line' id='line_1_2' title="bbox 1633 359 2302 419; baseline -0.001 -3"><span class='ocrx_word' id='word_1_2' title='bbox 1633 360 1724 416; x_wconf 87' lang='lat' dir='ltr'><strong>DE</strong></span> <span class='ocrx_word' id='word_1_3' title='bbox 1764 359 2302 419; x_wconf 80' lang='lat' dir='ltr'><strong>CASTIGATIONE.</strong></span> 
     </span>
    </p>
   </div>
   <div class='ocr_carea' id='block_1_3' title="bbox 3512 370 3618 427">
    <p class='ocr_par' dir='ltr' id='par_1_3' title="bbox 3512 370 3618 427">
     <span class='ocr_line' id='line_1_3' title="bbox 3512 370 3618 427; baseline 0 -1"><span class='ocrx_word' id='word_1_4' title='bbox 3512 370 3618 427; x_wconf 58' lang='grc' dir='ltr'>ιλιι</span> 
     </span>
    </p>
   </div>
   <div class='ocr_carea' id='block_1_4' title="bbox 319 461 1926 544">
    <p class='ocr_par' dir='ltr' id='par_1_4' title="bbox 319 461 1920 544">
     <span class='ocr_line' id='line_1_4' title="bbox 319 461 1920 544; baseline 0.005 -26"><span class='ocrx_word' id='word_1_5' title='bbox 319 463 411 527; x_wconf 73' lang='grc' dir='ltr'><strong>τὰς</strong></span> <span class='ocrx_word' id='word_1_6' title='bbox 443 462 708 533; x_wconf 77' lang='grc' dir='ltr'>σιαγόνας</span> <span class='ocrx_word' id='word_1_7' title='bbox 741 466 931 524; x_wconf 77' lang='grc' dir='ltr'>αὐτῶν</span> <span class='ocrx_word' id='word_1_8' title='bbox 960 468 1163 539; x_wconf 79' lang='grc' dir='ltr'>ἄγξεις.</span> <span class='ocrx_word' id='word_1_9' title='bbox 1200 489 1219 522; x_wconf 75' lang='grc' dir='ltr'><strong>ι</strong></span> <span class='ocrx_word' id='word_1_10' title='bbox 1256 471 1359 526; x_wconf 79' lang='grc' dir='ltr'><strong>Τὸν</strong></span> <span class='ocrx_word' id='word_1_11' title='bbox 1389 471 1622 543; x_wconf 78' lang='grc' dir='ltr'>σκληρὸν</span> <span class='ocrx_word' id='word_1_12' title='bbox 1650 473 1678 526; x_wconf 84' lang='grc' dir='ltr'>ὁ</span> <span class='ocrx_word' id='word_1_13' title='bbox 1705 461 1920 544; x_wconf 80' lang='grc' dir='ltr'>ψαλμὸς</span> 
     </span>
    </p>
   </div>
   <div class='ocr_carea' id='block_1_5' title="bbox 2027 461 3618 544">
    <p class='ocr_par' dir='ltr' id='par_1_5' title="bbox 2027 473 3618 540">
     <span class='ocr_line' id='line_1_5' title="bbox 2027 473 3618 540; baseline 0.006 -11"><span class='ocrx_word' id='word_1_14' title='bbox 2027 480 2109 529; x_wconf 88' lang='lat' dir='ltr'><strong>est</strong></span> <span class='ocrx_word' id='word_1_15' title='bbox 2137 473 2491 533; x_wconf 90' lang='lat' dir='ltr'><strong>intellectus:</strong></span> <span class='ocrx_word' id='word_1_16' title='bbox 2529 476 2583 531; x_wconf 91' lang='lat' dir='ltr'><strong>in</strong></span> <span class='ocrx_word' id='word_1_17' title='bbox 2619 491 2778 532; x_wconf 86' lang='lat' dir='ltr'><strong>eamo</strong></span> <span class='ocrx_word' id='word_1_18' title='bbox 2814 487 2870 533; x_wconf 91' lang='lat' dir='ltr'><strong>et</strong></span> <span class='ocrx_word' id='word_1_19' title='bbox 2900 479 3056 535; x_wconf 88' lang='lat' dir='ltr'><strong>freno</strong></span> <span class='ocrx_word' id='word_1_20' title='bbox 3117 481 3371 538; x_wconf 84' lang='lat' dir='ltr'><strong>maxillas</strong></span> <span class='ocrx_word' id='word_1_21' title='bbox 3426 498 3618 540; x_wconf 86' lang='lat' dir='ltr'><strong>eorum</strong></span> 
     </span>
    </p>
   </div>
   <div class='ocr_carea' id='block_1_6' title="bbox 324 551 1920 635">
    <p class='ocr_par' dir='ltr' id='par_1_6' title="bbox 324 551 1920 635">
     <span class='ocr_line' id='line_1_6' title="bbox 324 551 1920 635; baseline 0.004 -24"><span class='ocrx_word' id='word_1_22' title='bbox 324 551 602 611; x_wconf 81' lang='grc' dir='ltr'>ἁπαλῦνων</span> <span class='ocrx_word' id='word_1_23' title='bbox 634 556 819 612; x_wconf 89' lang='grc' dir='ltr'>ταῦτά</span> <span class='ocrx_word' id='word_1_24' title='bbox 854 577 1027 632; x_wconf 84' lang='grc' dir='ltr'>φησι,</span> <span class='ocrx_word' id='word_1_25' title='bbox 1060 561 1154 615; x_wconf 78' lang='grc' dir='ltr'>καὶ</span> <span class='ocrx_word' id='word_1_26' title='bbox 1199 556 1309 616; x_wconf 72' lang='grc' dir='ltr'>οἷον</span> <span class='ocrx_word' id='word_1_27' title='bbox 1347 561 1511 635; x_wconf 80' lang='grc' dir='ltr'>ἐλαίῳ</span> <span class='ocrx_word' id='word_1_28' title='bbox 1559 564 1920 633; x_wconf 88' lang='grc' dir='ltr'>ἐκμαλάσσων</span> 
     </span>
    </p>
   </div>
   <div class='ocr_carea' id='block_1_7' title="bbox 327 648 1920 728">
    <p class='ocr_par' dir='ltr' id='par_1_7' title="bbox 327 648 1920 728">
     <span class='ocr_line' id='line_1_7' title="bbox 327 648 1920 728; baseline 0.004 -25"><span class='ocrx_word' id='word_1_29' title='bbox 327 651 442 713; x_wconf 66' lang='grc' dir='ltr'>ταῖς</span> <span class='ocrx_word' id='word_1_30' title='bbox 474 648 861 721; x_wconf 76' lang='grc' dir='ltr'><strong>παραινέσεσι.</strong></span> <span class='ocrx_word' id='word_1_31' title='bbox 902 654 1134 725; x_wconf 78' lang='grc' dir='ltr'>Κάμψον</span> <span class='ocrx_word' id='word_1_32' title='bbox 1168 648 1260 709; x_wconf 81' lang='grc' dir='ltr'><strong>οῦν</strong></span> <span class='ocrx_word' id='word_1_33' title='bbox 1289 654 1379 710; x_wconf 83' lang='grc' dir='ltr'>τὸν</span> <span class='ocrx_word' id='word_1_34' title='bbox 1409 656 1633 728; x_wconf 83' lang='grc' dir='ltr'><strong>αὐχένα,</strong></span> <span class='ocrx_word' id='word_1_35' title='bbox 1660 653 1801 722; x_wconf 81' lang='grc' dir='ltr'>εἶξον</span> <span class='ocrx_word' id='word_1_36' title='bbox 1844 657 1920 721; x_wconf 85' lang='grc' dir='ltr'><strong>ὡς</strong></span> 
     </span>
    </p>
   </div>
   <div class='ocr_carea' id='block_1_8' title="bbox 332 740 1917 820">
    <p class='ocr_par' dir='ltr' id='par_1_8' title="bbox 332 740 1917 820">
     <span class='ocr_line' id='line_1_8' title="bbox 332 740 1917 820; baseline 0.006 -26"><span class='ocrx_word' id='word_1_37' title='bbox 332 740 477 811; x_wconf 77' lang='grc' dir='ltr'>ζυγῷ</span> <span class='ocrx_word' id='word_1_38' title='bbox 503 743 617 805; x_wconf 85' lang='grc' dir='ltr'>τοῖς</span> <span class='ocrx_word' id='word_1_39' title='bbox 643 744 1047 815; x_wconf 79' lang='grc' dir='ltr'><strong>προστάγμασι</strong></span> <span class='ocrx_word' id='word_1_40' title='bbox 1070 762 1084 776; x_wconf 84' lang='lat'><strong><em>°</em></strong></span> <span class='ocrx_word' id='word_1_41' title='bbox 1119 745 1181 799; x_wconf 83' lang='grc' dir='ltr'>τὸ</span> <span class='ocrx_word' id='word_1_42' title='bbox 1213 747 1449 819; x_wconf 84' lang='grc' dir='ltr'>σκληρὸν</span> <span class='ocrx_word' id='word_1_43' title='bbox 1483 749 1917 820; x_wconf 74' lang='grc' dir='ltr'>ἀπορρήγνυται,</span> 
     </span>
    </p>
   </div>
   <div class='ocr_carea' id='block_1_9' title="bbox 330 828 1921 909">
    <p class='ocr_par' dir='ltr' id='par_1_9' title="bbox 330 828 1921 909">
     <span class='ocr_line' id='line_1_9' title="bbox 330 828 1921 909; baseline 0.006 -23"><span class='ocrx_word' id='word_1_44' title='bbox 330 833 388 886; x_wconf 75' lang='grc' dir='ltr'>τὸ</span> <span class='ocrx_word' id='word_1_45' title='bbox 414 828 562 887; x_wconf 80' lang='grc' dir='ltr'>εἶκον</span> <span class='ocrx_word' id='word_1_46' title='bbox 592 835 690 889; x_wconf 75' lang='grc' dir='ltr'>καὶ</span> <span class='ocrx_word' id='word_1_47' title='bbox 723 837 1112 907; x_wconf 85' lang='grc' dir='ltr'>καμπτόμενον</span> <span class='ocrx_word' id='word_1_48' title='bbox 1144 839 1429 909; x_wconf 57' lang='grc' dir='ltr'>ὀρθοῦ-ιαμ</span> <span class='ocrx_word' id='word_1_49' title='bbox 1459 841 1554 894; x_wconf 80' lang='grc' dir='ltr'>καὶ</span> <span class='ocrx_word' id='word_1_50' title='bbox 1578 840 1819 895; x_wconf 83' lang='grc' dir='ltr'>διδάσκει</span> <span class='ocrx_word' id='word_1_51' title='bbox 1860 859 1921 895; x_wconf 88' lang='grc' dir='ltr'><strong>σε</strong></span> 
     </span>
    </p>
   </div>
   <div class='ocr_carea' id='block_1_10' title="bbox 326 923 1923 1004">
    <p class='ocr_par' dir='ltr' id='par_1_10' title="bbox 326 923 1923 1004">
     <span class='ocr_line' id='line_1_10' title="bbox 326 923 1923 1004; baseline 0.007 -26"><span class='ocrx_word' id='word_1_52' title='bbox 326 923 488 979; x_wconf 82' lang='grc' dir='ltr'>τοῦτο</span> <span class='ocrx_word' id='word_1_53' title='bbox 512 927 544 998; x_wconf 82' lang='grc' dir='ltr'>ὴ</span> <span class='ocrx_word' id='word_1_54' title='bbox 575 928 668 981; x_wconf 72' lang='grc' dir='ltr'>ἐπὶ</span> <span class='ocrx_word' id='word_1_55' title='bbox 693 931 808 993; x_wconf 80' lang='grc' dir='ltr'>τοῖς</span> <span class='ocrx_word' id='word_1_56' title='bbox 853 934 1040 998; x_wconf 81' lang='grc' dir='ltr'><strong>φυτοῖς</strong></span> <span class='ocrx_word' id='word_1_57' title='bbox 1069 934 1255 1003; x_wconf 86' lang='grc' dir='ltr'>πεῖρα.</span> <span class='ocrx_word' id='word_1_58' title='bbox 1286 933 1378 1004; x_wconf 84' lang='grc' dir='ltr'><strong>Μὴ</strong></span> <span class='ocrx_word' id='word_1_59' title='bbox 1405 932 1495 985; x_wconf 85' lang='grc' dir='ltr'>τὸν</span> <span class='ocrx_word' id='word_1_60' title='bbox 1524 933 1740 1004; x_wconf 85' lang='grc' dir='ltr'>χαλινὸν</span> <span class='ocrx_word' id='word_1_61' title='bbox 1767 934 1923 989; x_wconf 81' lang='grc' dir='ltr'>ἐνδα-</span> 
     </span>
    </p>
   </div>
   <div class='ocr_carea' id='block_1_11' title="bbox 329 1016 1920 1097">
    <p class='ocr_par' dir='ltr' id='par_1_11' title="bbox 329 1016 1920 1097">
     <span class='ocr_line' id='line_1_11' title="bbox 329 1016 1920 1097; baseline 0.006 -27"><span class='ocrx_word' id='word_1_62' title='bbox 329 1016 442 1071; x_wconf 82' lang='grc' dir='ltr'>κὼν</span> <span class='ocrx_word' id='word_1_63' title='bbox 464 1019 713 1092; x_wconf 81' lang='grc' dir='ltr'>ὀρμήσῃς</span> <span class='ocrx_word' id='word_1_64' title='bbox 740 1022 834 1075; x_wconf 73' lang='grc' dir='ltr'><strong>ἐπὶ</strong></span> <span class='ocrx_word' id='word_1_65' title='bbox 865 1023 959 1076; x_wconf 71' lang='grc' dir='ltr'>τὸν</span> <span class='ocrx_word' id='word_1_66' title='bbox 985 1025 1229 1095; x_wconf 76' lang='grc' dir='ltr'>κρημνὸν</span> <span class='ocrx_word' id='word_1_67' title='bbox 1252 1064 1268 1087; x_wconf 92' lang='grc'><strong>,</strong></span> <span class='ocrx_word' id='word_1_68' title='bbox 1296 1024 1329 1095; x_wconf 82' lang='grc' dir='ltr'><strong>ἥ</strong></span> <span class='ocrx_word' id='word_1_69' title='bbox 1373 1024 1433 1077; x_wconf 84' lang='grc' dir='ltr'>τὸ</span> <span class='ocrx_word' id='word_1_70' title='bbox 1461 1023 1753 1097; x_wconf 85' lang='grc' dir='ltr'>βάραθρον.</span> <span class='ocrx_word' id='word_1_71' title='bbox 1784 1025 1920 1080; x_wconf 77' lang='grc' dir='ltr'>ἀλλὰ</span> 
     </span>
    </p>
   </div>
   <div class='ocr_carea' id='block_1_12' title="bbox 331 1104 1918 1189">
    <p class='ocr_par' dir='ltr' id='par_1_12' title="bbox 331 1104 1918 1189">
     <span class='ocr_line' id='line_1_12' title="bbox 331 1104 1918 1189; baseline 0.004 -25"><span class='ocrx_word' id='word_1_72' title='bbox 331 1110 650 1182; x_wconf 77' lang='grc' dir='ltr'>περιαχθεὶς</span> <span class='ocrx_word' id='word_1_73' title='bbox 675 1114 769 1166; x_wconf 79' lang='grc' dir='ltr'>τὸν</span> <span class='ocrx_word' id='word_1_74' title='bbox 791 1114 996 1185; x_wconf 81' lang='grc' dir='ltr'>αὐχένα</span> <span class='ocrx_word' id='word_1_75' title='bbox 1017 1118 1082 1186; x_wconf 82' lang='grc' dir='ltr'>τῇ</span> <span class='ocrx_word' id='word_1_76' title='bbox 1108 1117 1252 1187; x_wconf 77' lang='grc' dir='ltr'>χειρὶ</span> <span class='ocrx_word' id='word_1_77' title='bbox 1274 1115 1365 1169; x_wconf 88' lang='grc' dir='ltr'><strong>τοῦ</strong></span> <span class='ocrx_word' id='word_1_78' title='bbox 1390 1104 1680 1183; x_wconf 79' lang='grc' dir='ltr'>ἀνάϐάτου,</span> <span class='ocrx_word' id='word_1_79' title='bbox 1705 1118 1796 1171; x_wconf 81' lang='grc' dir='ltr'>ἐπὶ</span> <span class='ocrx_word' id='word_1_80' title='bbox 1822 1117 1918 1189; x_wconf 82' lang='grc' dir='ltr'>τὴν</span> 
     </span>
    </p>
   </div>
   <div class='ocr_carea' id='block_1_13' title="bbox 332 1204 1916 1282">
    <p class='ocr_par' dir='ltr' id='par_1_13' title="bbox 332 1204 1916 1282">
     <span class='ocr_line' id='line_1_13' title="bbox 332 1204 1916 1282; baseline 0.006 -27"><span class='ocrx_word' id='word_1_81' title='bbox 332 1204 611 1268; x_wconf 79' lang='grc' dir='ltr'>σώζουσαν</span> <span class='ocrx_word' id='word_1_82' title='bbox 645 1204 761 1258; x_wconf 77' lang='grc' dir='ltr'>ὁδὸν</span> <span class='ocrx_word' id='word_1_83' title='bbox 800 1206 1216 1280; x_wconf 75' lang='grc' dir='ltr'>κατευθύνθητιο</span> <span class='ocrx_word' id='word_1_84' title='bbox 1250 1210 1376 1263; x_wconf 83' lang='grc' dir='ltr'>ὅταν</span> <span class='ocrx_word' id='word_1_85' title='bbox 1407 1209 1725 1280; x_wconf 78' lang='grc' dir='ltr'>ἐπιτίμησιν</span> <span class='ocrx_word' id='word_1_86' title='bbox 1767 1209 1916 1282; x_wconf 84' lang='grc' dir='ltr'><strong>δέξῃ,</strong></span> 
     </span>
    </p>
   </div>
   <div class='ocr_carea' id='block_1_14' title="bbox 329 1295 1920 1370">
    <p class='ocr_par' dir='ltr' id='par_1_14' title="bbox 329 1295 1920 1370">
     <span class='ocr_line' id='line_1_14' title="bbox 329 1295 1920 1370; baseline 0.004 -22"><span class='ocrx_word' id='word_1_87' title='bbox 329 1295 451 1348; x_wconf 71' lang='grc' dir='ltr'>εἰπὲ</span> <span class='ocrx_word' id='word_1_88' title='bbox 481 1296 590 1350; x_wconf 82' lang='grc' dir='ltr'>άπὸ</span> <span class='ocrx_word' id='word_1_89' title='bbox 622 1296 883 1361; x_wconf 77' lang='grc' dir='ltr'>εὐλαϐοῦς</span> <span class='ocrx_word' id='word_1_90' title='bbox 923 1298 1099 1370; x_wconf 76' lang='grc' dir='ltr'>ψυχῆς</span> <span class='ocrx_word' id='word_1_91' title='bbox 1130 1300 1190 1352; x_wconf 85' lang='grc' dir='ltr'>τὸ</span> <span class='ocrx_word' id='word_1_92' title='bbox 1233 1300 1542 1364; x_wconf 78' lang='grc' dir='ltr'>Δαὸιτικὸν,</span> <span class='ocrx_word' id='word_1_93' title='bbox 1596 1319 1616 1351; x_wconf 86' lang='grc'><em>‹</em></span> <span class='ocrx_word' id='word_1_94' title='bbox 1684 1299 1920 1369; x_wconf 79' lang='grc' dir='ltr'>Ἀγαθὸν</span> 
     </span>
    </p>
   </div>
   <div class='ocr_carea' id='block_1_15' title="bbox 332 1386 1920 1460">
    <p class='ocr_par' dir='ltr' id='par_1_15' title="bbox 332 1386 1920 1460">
     <span class='ocr_line' id='line_1_15' title="bbox 332 1386 1920 1460; baseline 0.003 -22"><span class='ocrx_word' id='word_1_95' title='bbox 332 1404 444 1456; x_wconf 84' lang='grc' dir='ltr'>μοι,</span> <span class='ocrx_word' id='word_1_96' title='bbox 474 1386 556 1439; x_wconf 80' lang='grc' dir='ltr'>ὅτι</span> <span class='ocrx_word' id='word_1_97' title='bbox 586 1387 955 1452; x_wconf 84' lang='grc' dir='ltr'>ὲταπείνωσάς</span> <span class='ocrx_word' id='word_1_98' title='bbox 997 1406 1085 1459; x_wconf 85' lang='grc' dir='ltr'><strong>με,</strong></span> <span class='ocrx_word' id='word_1_99' title='bbox 1112 1389 1258 1452; x_wconf 87' lang='grc' dir='ltr'>ὅπως</span> <span class='ocrx_word' id='word_1_100' title='bbox 1301 1389 1367 1443; x_wconf 82' lang='grc' dir='ltr'>ἂν</span> <span class='ocrx_word' id='word_1_101' title='bbox 1403 1389 1560 1460; x_wconf 83' lang='grc' dir='ltr'><strong>μάθω</strong></span> <span class='ocrx_word' id='word_1_102' title='bbox 1588 1390 1657 1444; x_wconf 81' lang='grc' dir='ltr'><strong>τὰ</strong></span> <span class='ocrx_word' id='word_1_103' title='bbox 1697 1389 1920 1445; x_wconf 85' lang='grc' dir='ltr'>δικαιώ-</span> 
     </span>
    </p>
   </div>
   <div class='ocr_carea' id='block_1_16' title="bbox 331 1479 1921 1555">
    <p class='ocr_par' dir='ltr' id='par_1_16' title="bbox 331 1479 1921 1555">
     <span class='ocr_line' id='line_1_16' title="bbox 331 1479 1921 1555; baseline 0.004 -23"><span class='ocrx_word' id='word_1_104' title='bbox 331 1479 484 1550; x_wconf 79' lang='grc' dir='ltr'>ματά</span> <span class='ocrx_word' id='word_1_105' title='bbox 526 1497 642 1533; x_wconf 85' lang='grc' dir='ltr'>σου.</span> <span class='ocrx_word' id='word_1_106' title='bbox 688 1499 706 1531; x_wconf 75' lang='grc' dir='ltr'><strong>ι</strong></span> <span class='ocrx_word' id='word_1_107' title='bbox 757 1479 849 1552; x_wconf 85' lang='grc' dir='ltr'><strong>Μὴ</strong></span> <span class='ocrx_word' id='word_1_108' title='bbox 897 1483 1260 1555; x_wconf 80' lang='grc' dir='ltr'>ἐπισκοπικῆς</span> <span class='ocrx_word' id='word_1_109' title='bbox 1300 1483 1588 1548; x_wconf 80' lang='grc' dir='ltr'>αὐθαδείας</span> <span class='ocrx_word' id='word_1_110' title='bbox 1642 1480 1783 1538; x_wconf 84' lang='grc' dir='ltr'>εἶναι</span> <span class='ocrx_word' id='word_1_111' title='bbox 1828 1486 1921 1539; x_wconf 81' lang='grc' dir='ltr'>τὸν</span> 
     </span>
    </p>
   </div>
   <div class='ocr_carea' id='block_1_17' title="bbox 327 1571 934 1644">
    <p class='ocr_par' dir='ltr' id='par_1_17' title="bbox 327 1571 934 1644">
     <span class='ocr_line' id='line_1_17' title="bbox 327 1571 934 1644; baseline -0.002 -19"><span class='ocrx_word' id='word_1_112' title='bbox 327 1571 637 1643; x_wconf 69' lang='grc' dir='ltr'>ἁφορισμὸν</span> <span class='ocrx_word' id='word_1_113' title='bbox 669 1571 895 1644; x_wconf 78' lang='grc' dir='ltr'>νομίσῃς</span> <span class='ocrx_word' id='word_1_114' title='bbox 919 1589 934 1605; x_wconf 68' lang='grc' dir='ltr'><strong>ν</strong></span> 
     </span>
    </p>
   </div>
   <div class='ocr_carea' id='block_1_18' title="bbox 340 1663 1918 1739">
    <p class='ocr_par' dir='ltr' id='par_1_18' title="bbox 340 1663 1918 1739">
     <span class='ocr_line' id='line_1_18' title="bbox 340 1663 1918 1739; baseline 0.004 -23"><span class='ocrx_word' id='word_1_115' title='bbox 340 1663 675 1734; x_wconf 72' lang='grc' dir='ltr'>Ἐκκλησίας</span> <span class='ocrx_word' id='word_1_116' title='bbox 694 1665 874 1718; x_wconf 87' lang='grc' dir='ltr'>κανὼν</span> <span class='ocrx_word' id='word_1_117' title='bbox 904 1664 1011 1719; x_wconf 82' lang='grc' dir='ltr'><strong>ἀπὸ</strong></span> <span class='ocrx_word' id='word_1_118' title='bbox 1037 1665 1131 1718; x_wconf 91' lang='grc' dir='ltr'><strong>τοῦ</strong></span> <span class='ocrx_word' id='word_1_119' title='bbox 1147 1666 1314 1737; x_wconf 89' lang='grc' dir='ltr'>νόμου</span> <span class='ocrx_word' id='word_1_120' title='bbox 1333 1666 1638 1739; x_wconf 81' lang='grc' dir='ltr'>ἀρξάμενος</span> <span class='ocrx_word' id='word_1_121' title='bbox 1660 1669 1754 1722; x_wconf 79' lang='grc' dir='ltr'>καὶ</span> <span class='ocrx_word' id='word_1_122' title='bbox 1782 1686 1918 1739; x_wconf 82' lang='grc' dir='ltr'>κρα-</span> 
     </span>
    </p>
   </div>
   <div class='ocr_carea' id='block_1_19' title="bbox 2026 569 3619 650">
    <p class='ocr_par' dir='ltr' id='par_1_19' title="bbox 2026 569 3619 650">
     <span class='ocr_line' id='line_1_19' title="bbox 2026 569 3619 650; baseline 0.007 -28"><span class='ocrx_word' id='word_1_123' title='bbox 2026 569 2375 650; x_wconf 81' lang='lat' dir='ltr'><strong>constringes</strong></span> <span class='ocrx_word' id='word_1_124' title='bbox 2401 569 2444 624; x_wconf 85' lang='grc'><strong>³.</strong></span> <span class='ocrx_word' id='word_1_125' title='bbox 2481 589 2502 622; x_wconf 71' lang='grc' dir='ltr'><strong>ι</strong></span> <span class='ocrx_word' id='word_1_126' title='bbox 2564 569 2775 625; x_wconf 90' lang='lat' dir='ltr'><strong>Durum</strong></span> <span class='ocrx_word' id='word_1_127' title='bbox 2839 580 2894 627; x_wconf 91' lang='lat' dir='ltr'><strong>et</strong></span> <span class='ocrx_word' id='word_1_128' title='bbox 2934 581 3319 629; x_wconf 73' lang='lat' dir='ltr'><strong>contumacem</strong></span> <span class='ocrx_word' id='word_1_129' title='bbox 3373 577 3619 646; x_wconf 84' lang='lat' dir='ltr'><strong>psalmus</strong></span> 
     </span>
    </p>
   </div>
   <div class='ocr_carea' id='block_1_20' title="bbox 2025 660 3619 727">
    <p class='ocr_par' dir='ltr' id='par_1_20' title="bbox 2025 660 3619 727">
     <span class='ocr_line' id='line_1_20' title="bbox 2025 660 3619 727; baseline 0.007 -14"><span class='ocrx_word' id='word_1_130' title='bbox 2025 660 2462 717; x_wconf 67' lang='lat' dir='ltr'><strong>emolliensbaec</strong></span> <span class='ocrx_word' id='word_1_131' title='bbox 2492 662 2592 727; x_wconf 91' lang='lat' dir='ltr'><strong>ait,</strong></span> <span class='ocrx_word' id='word_1_132' title='bbox 2638 670 2694 717; x_wconf 94' lang='lat' dir='ltr'><strong>et</strong></span> <span class='ocrx_word' id='word_1_133' title='bbox 2741 662 2915 718; x_wconf 84' lang='lat' dir='ltr'><strong>veluti</strong></span> <span class='ocrx_word' id='word_1_134' title='bbox 2965 664 3087 721; x_wconf 91' lang='lat' dir='ltr'><strong>oleo</strong></span> <span class='ocrx_word' id='word_1_135' title='bbox 3142 665 3619 724; x_wconf 75' lang='lat' dir='ltr'><strong>adhortationibus</strong></span> 
     </span>
    </p>
   </div>
   <div class='ocr_carea' id='block_1_21' title="bbox 2024 750 3618 828">
    <p class='ocr_par' dir='ltr' id='par_1_21' title="bbox 2024 750 3618 828">
     <span class='ocr_line' id='line_1_21' title="bbox 2024 750 3618 828; baseline 0.005 -23"><span class='ocrx_word' id='word_1_136' title='bbox 2024 750 2309 822; x_wconf 84' lang='lat' dir='ltr'><strong>mitigans.</strong></span> <span class='ocrx_word' id='word_1_137' title='bbox 2350 751 2588 808; x_wconf 84' lang='lat' dir='ltr'><strong>lncurva</strong></span> <span class='ocrx_word' id='word_1_138' title='bbox 2653 769 2788 824; x_wconf 79' lang='lat' dir='ltr'><strong>ergo</strong></span> <span class='ocrx_word' id='word_1_139' title='bbox 2843 756 3139 820; x_wconf 80' lang='lat' dir='ltr'><strong>cervicem,</strong></span> <span class='ocrx_word' id='word_1_140' title='bbox 3182 767 3451 828; x_wconf 68' lang='lat' dir='ltr'><strong>praecepta</strong></span> <span class='ocrx_word' id='word_1_141' title='bbox 3499 768 3618 814; x_wconf 89' lang='lat' dir='ltr'><strong>tan-</strong></span> 
     </span>
    </p>
   </div>
   <div class='ocr_carea' id='block_1_22' title="bbox 2024 843 3617 921">
    <p class='ocr_par' dir='ltr' id='par_1_22' title="bbox 2024 843 3617 921">
     <span class='ocr_line' id='line_1_22' title="bbox 2024 843 3617 921; baseline 0.006 -26"><span class='ocrx_word' id='word_1_142' title='bbox 2024 857 2189 914; x_wconf 89' lang='lat' dir='ltr'><strong>quam</strong></span> <span class='ocrx_word' id='word_1_143' title='bbox 2215 843 2413 915; x_wconf 82' lang='lat' dir='ltr'><strong>jugum</strong></span> <span class='ocrx_word' id='word_1_144' title='bbox 2441 845 2587 900; x_wconf 90' lang='lat' dir='ltr'><strong>subi.</strong></span> <span class='ocrx_word' id='word_1_145' title='bbox 2635 845 2795 913; x_wconf 85' lang='lat' dir='ltr'><strong>Quod</strong></span> <span class='ocrx_word' id='word_1_146' title='bbox 2828 846 3029 902; x_wconf 91' lang='lat' dir='ltr'><strong>durum</strong></span> <span class='ocrx_word' id='word_1_147' title='bbox 3078 857 3163 904; x_wconf 87' lang='lat' dir='ltr'><strong>est</strong></span> <span class='ocrx_word' id='word_1_148' title='bbox 3208 848 3617 921; x_wconf 85' lang='lat' dir='ltr'><strong>coufringitur;</strong></span> 
     </span>
    </p>
   </div>
   <div class='ocr_carea' id='block_1_23' title="bbox 2026 936 3619 1012">
    <p class='ocr_par' dir='ltr' id='par_1_23' title="bbox 2026 936 3619 1012">
     <span class='ocr_line' id='line_1_23' title="bbox 2026 936 3619 1012; baseline 0.006 -24"><span class='ocrx_word' id='word_1_149' title='bbox 2026 936 2173 1006; x_wconf 89' lang='lat' dir='ltr'><strong>quod</strong></span> <span class='ocrx_word' id='word_1_150' title='bbox 2208 937 2354 992; x_wconf 88' lang='lat' dir='ltr'><strong>cedit</strong></span> <span class='ocrx_word' id='word_1_151' title='bbox 2382 947 2437 994; x_wconf 91' lang='lat' dir='ltr'><strong>et</strong></span> <span class='ocrx_word' id='word_1_152' title='bbox 2472 936 2736 1001; x_wconf 84' lang='lat' dir='ltr'><strong>ﬂectitur,</strong></span> <span class='ocrx_word' id='word_1_153' title='bbox 2770 949 2985 994; x_wconf 89' lang='lat' dir='ltr'><strong>rectum</strong></span> <span class='ocrx_word' id='word_1_154' title='bbox 3016 940 3293 1008; x_wconf 76' lang='lat' dir='ltr'><strong>efficitur;</strong></span> <span class='ocrx_word' id='word_1_155' title='bbox 3354 943 3503 1012; x_wconf 90' lang='lat' dir='ltr'><strong>quod</strong></span> <span class='ocrx_word' id='word_1_156' title='bbox 3566 950 3619 999; x_wconf 88' lang='lat' dir='ltr'><strong>te</strong></span> 
     </span>
    </p>
   </div>
   <div class='ocr_carea' id='block_1_24' title="bbox 2026 1028 3619 1101">
    <p class='ocr_par' dir='ltr' id='par_1_24' title="bbox 2026 1028 3619 1101">
     <span class='ocr_line' id='line_1_24' title="bbox 2026 1028 3619 1101; baseline 0.004 -18"><span class='ocrx_word' id='word_1_157' title='bbox 2026 1030 2192 1083; x_wconf 90' lang='lat' dir='ltr'><strong>etiam</strong></span> <span class='ocrx_word' id='word_1_158' title='bbox 2225 1028 2282 1084; x_wconf 92' lang='lat' dir='ltr'><strong>in</strong></span> <span class='ocrx_word' id='word_1_159' title='bbox 2315 1030 2521 1099; x_wconf 88' lang='lat' dir='ltr'><strong>plantis</strong></span> <span class='ocrx_word' id='word_1_160' title='bbox 2552 1030 2897 1101; x_wconf 40' lang='lat' dir='ltr'><strong>experientia.</strong></span> <span class='ocrx_word' id='word_1_161' title='bbox 2923 1033 3105 1089; x_wconf 90' lang='lat' dir='ltr'><strong>docet.</strong></span> <span class='ocrx_word' id='word_1_162' title='bbox 3143 1032 3223 1089; x_wconf 84' lang='lat' dir='ltr'><strong>Ne</strong></span> <span class='ocrx_word' id='word_1_163' title='bbox 3274 1034 3433 1090; x_wconf 89' lang='lat' dir='ltr'><strong>freno</strong></span> <span class='ocrx_word' id='word_1_164' title='bbox 3485 1035 3619 1090; x_wconf 80' lang='lat' dir='ltr'><strong>den—</strong></span> 
     </span>
    </p>
   </div>
   <div class='ocr_carea' id='block_1_25' title="bbox 2029 1121 3619 1195">
    <p class='ocr_par' dir='ltr' id='par_1_25' title="bbox 2029 1121 3619 1195">
     <span class='ocr_line' id='line_1_25' title="bbox 2029 1121 3619 1195; baseline 0.004 -19"><span class='ocrx_word' id='word_1_165' title='bbox 2029 1121 2185 1177; x_wconf 87' lang='lat' dir='ltr'><strong>tibus</strong></span> <span class='ocrx_word' id='word_1_166' title='bbox 2221 1137 2545 1192; x_wconf 84' lang='lat' dir='ltr'><strong>compresso</strong></span> <span class='ocrx_word' id='word_1_167' title='bbox 2574 1124 2812 1193; x_wconf 85' lang='lat' dir='ltr'><strong>rapiaris</strong></span> <span class='ocrx_word' id='word_1_168' title='bbox 2840 1126 2892 1179; x_wconf 92' lang='lat' dir='ltr'><strong>in</strong></span> <span class='ocrx_word' id='word_1_169' title='bbox 2948 1127 3339 1195; x_wconf 70' lang='lat' dir='ltr'><strong>praecipitium,</strong></span> <span class='ocrx_word' id='word_1_170' title='bbox 3394 1134 3490 1180; x_wconf 90' lang='lat' dir='ltr'><strong>aut</strong></span> <span class='ocrx_word' id='word_1_171' title='bbox 3524 1128 3619 1182; x_wconf 90' lang='lat' dir='ltr'><strong>ba-</strong></span> 
     </span>
    </p>
   </div>
   <div class='ocr_carea' id='block_1_26' title="bbox 2026 1215 3616 1285">
    <p class='ocr_par' dir='ltr' id='par_1_26' title="bbox 2026 1215 3616 1285">
     <span class='ocr_line' id='line_1_26' title="bbox 2026 1215 3616 1285; baseline 0.005 -17"><span class='ocrx_word' id='word_1_172' title='bbox 2026 1215 2299 1281; x_wconf 88' lang='lat' dir='ltr'><strong>rathrum,</strong></span> <span class='ocrx_word' id='word_1_173' title='bbox 2328 1217 2425 1271; x_wconf 91' lang='lat' dir='ltr'><strong>sed</strong></span> <span class='ocrx_word' id='word_1_174' title='bbox 2453 1218 2870 1272; x_wconf 88' lang='lat' dir='ltr'><strong>accommodata</strong></span> <span class='ocrx_word' id='word_1_175' title='bbox 2901 1218 3089 1272; x_wconf 88' lang='lat' dir='ltr'><strong>manui</strong></span> <span class='ocrx_word' id='word_1_176' title='bbox 3117 1220 3358 1275; x_wconf 87' lang='lat' dir='ltr'><strong>sessoris</strong></span> <span class='ocrx_word' id='word_1_177' title='bbox 3384 1220 3616 1285; x_wconf 84' lang='lat' dir='ltr'><strong>cervice,</strong></span> 
     </span>
    </p>
   </div>
   <div class='ocr_carea' id='block_1_27' title="bbox 2025 1307 3617 1378">
    <p class='ocr_par' dir='ltr' id='par_1_27' title="bbox 2025 1307 3617 1378">
     <span class='ocr_line' id='line_1_27' title="bbox 2025 1307 3617 1378; baseline 0.001 -17"><span class='ocrx_word' id='word_1_178' title='bbox 2025 1307 2091 1362; x_wconf 88' lang='lat' dir='ltr'><strong>ad</strong></span> <span class='ocrx_word' id='word_1_179' title='bbox 2133 1307 2273 1362; x_wconf 88' lang='lat' dir='ltr'><strong>viam</strong></span> <span class='ocrx_word' id='word_1_180' title='bbox 2303 1322 2424 1378; x_wconf 80' lang='lat' dir='ltr'><strong>quae</strong></span> <span class='ocrx_word' id='word_1_181' title='bbox 2459 1315 2513 1362; x_wconf 92' lang='lat' dir='ltr'><strong>te</strong></span> <span class='ocrx_word' id='word_1_182' title='bbox 2560 1316 2740 1363; x_wconf 85' lang='lat' dir='ltr'><strong>servet</strong></span> <span class='ocrx_word' id='word_1_183' title='bbox 2774 1317 2921 1363; x_wconf 87' lang='lat' dir='ltr'><strong>recta</strong></span> <span class='ocrx_word' id='word_1_184' title='bbox 2953 1309 3220 1376; x_wconf 85' lang='lat' dir='ltr'><strong>ducaris;</strong></span> <span class='ocrx_word' id='word_1_185' title='bbox 3264 1325 3388 1363; x_wconf 91' lang='lat' dir='ltr'><strong>cum</strong></span> <span class='ocrx_word' id='word_1_186' title='bbox 3434 1311 3617 1364; x_wconf 84' lang='lat' dir='ltr'><strong>incre-</strong></span> 
     </span>
    </p>
   </div>
   <div class='ocr_carea' id='block_1_28' title="bbox 2024 1399 3617 1471">
    <p class='ocr_par' dir='ltr' id='par_1_28' title="bbox 2024 1399 3617 1471">
     <span class='ocr_line' id='line_1_28' title="bbox 2024 1399 3617 1471; baseline 0.002 -17"><span class='ocrx_word' id='word_1_187' title='bbox 2024 1399 2198 1471; x_wconf 87' lang='lat' dir='ltr'><strong>paris,</strong></span> <span class='ocrx_word' id='word_1_188' title='bbox 2229 1401 2322 1455; x_wconf 93' lang='lat' dir='ltr'><strong>dic</strong></span> <span class='ocrx_word' id='word_1_189' title='bbox 2356 1400 2545 1455; x_wconf 89' lang='lat' dir='ltr'><strong>animo</strong></span> <span class='ocrx_word' id='word_1_190' title='bbox 2575 1402 2837 1470; x_wconf 84' lang='lat' dir='ltr'><strong>religioso</strong></span> <span class='ocrx_word' id='word_1_191' title='bbox 2874 1401 3190 1457; x_wconf 75' lang='lat' dir='ltr'><strong>Davidicum</strong></span> <span class='ocrx_word' id='word_1_192' title='bbox 3245 1402 3374 1456; x_wconf 92' lang='lat' dir='ltr'><strong>illud</strong></span> <span class='ocrx_word' id='word_1_193' title='bbox 3411 1421 3423 1456; x_wconf 91' lang='lat'><strong>:</strong></span> <span class='ocrx_word' id='word_1_194' title='bbox 3456 1420 3475 1453; x_wconf 74' lang='grc' dir='ltr'><strong>ι</strong></span> <span class='ocrx_word' id='word_1_195' title='bbox 3515 1402 3617 1457; x_wconf 85' lang='lat' dir='ltr'><strong>Bo-</strong></span> 
     </span>
    </p>
   </div>
   <div class='ocr_carea' id='block_1_29' title="bbox 2025 1492 3612 1562">
    <p class='ocr_par' dir='ltr' id='par_1_29' title="bbox 2025 1492 3612 1562">
     <span class='ocr_line' id='line_1_29' title="bbox 2025 1492 3612 1562; baseline 0.001 -17"><span class='ocrx_word' id='word_1_196' title='bbox 2025 1508 2156 1546; x_wconf 91' lang='lat' dir='ltr'><strong>num</strong></span> <span class='ocrx_word' id='word_1_197' title='bbox 2188 1492 2324 1546; x_wconf 88' lang='lat' dir='ltr'><strong>mihi</strong></span> <span class='ocrx_word' id='word_1_198' title='bbox 2379 1499 2487 1558; x_wconf 77' lang='lat' dir='ltr'><strong>est,</strong></span> <span class='ocrx_word' id='word_1_199' title='bbox 2525 1492 2672 1562; x_wconf 90' lang='lat' dir='ltr'><strong>quod</strong></span> <span class='ocrx_word' id='word_1_200' title='bbox 2710 1493 3092 1548; x_wconf 88' lang='lat' dir='ltr'><strong>humiliaveris</strong></span> <span class='ocrx_word' id='word_1_201' title='bbox 3142 1509 3249 1558; x_wconf 85' lang='lat' dir='ltr'><strong>me,</strong></span> <span class='ocrx_word' id='word_1_202' title='bbox 3285 1502 3344 1547; x_wconf 92' lang='lat' dir='ltr'><strong>ut</strong></span> <span class='ocrx_word' id='word_1_203' title='bbox 3404 1493 3612 1548; x_wconf 86' lang='lat' dir='ltr'><strong>discam</strong></span> 
     </span>
    </p>
   </div>
   <div class='ocr_carea' id='block_1_30' title="bbox 986 1573 1926 1655">
    <p class='ocr_par' dir='ltr' id='par_1_30' title="bbox 986 1573 1921 1648">
     <span class='ocr_line' id='line_1_30' title="bbox 986 1573 1921 1648; baseline 0.003 -21"><span class='ocrx_word' id='word_1_204' title='bbox 986 1573 1237 1645; x_wconf 81' lang='grc' dir='ltr'>πατρῷος</span> <span class='ocrx_word' id='word_1_205' title='bbox 1278 1576 1307 1629; x_wconf 87' lang='grc' dir='ltr'><strong>ό</strong></span> <span class='ocrx_word' id='word_1_206' title='bbox 1342 1575 1523 1645; x_wconf 81' lang='grc' dir='ltr'>νόμος,</span> <span class='ocrx_word' id='word_1_207' title='bbox 1563 1575 1791 1641; x_wconf 84' lang='grc' dir='ltr'>παλαιὸς</span> <span class='ocrx_word' id='word_1_208' title='bbox 1821 1578 1921 1648; x_wconf 82' lang='grc' dir='ltr'>τῆς</span> 
     </span>
    </p>
   </div>
   <div class='ocr_carea' id='block_1_31' title="bbox 2027 1573 3615 1655">
    <p class='ocr_par' dir='ltr' id='par_1_31' title="bbox 2027 1583 3615 1655">
     <span class='ocr_line' id='line_1_31' title="bbox 2027 1583 3615 1655; baseline 0.001 -18"><span class='ocrx_word' id='word_1_209' title='bbox 2027 1583 2447 1654; x_wconf 84' lang='lat' dir='ltr'><strong>iustificationes</strong></span> <span class='ocrx_word' id='word_1_210' title='bbox 2483 1591 2609 1639; x_wconf 90' lang='lat' dir='ltr'><strong>tuas</strong></span> <span class='ocrx_word' id='word_1_211' title='bbox 2630 1583 2673 1638; x_wconf 70' lang='grc'>⁸.</span> <span class='ocrx_word' id='word_1_212' title='bbox 2705 1603 2724 1636; x_wconf 82' lang='grc'><strong><em>›</em></strong></span> <span class='ocrx_word' id='word_1_213' title='bbox 2756 1583 2835 1640; x_wconf 87' lang='lat' dir='ltr'><strong>Ne</strong></span> <span class='ocrx_word' id='word_1_214' title='bbox 2857 1585 3294 1655; x_wconf 87' lang='lat' dir='ltr'><strong>segregationem</strong></span> <span class='ocrx_word' id='word_1_215' title='bbox 3329 1585 3615 1640; x_wconf 82' lang='lat' dir='ltr'><strong>arbitreris</strong></span> 
     </span>
    </p>
   </div>
   <div class='ocr_carea' id='block_1_32' title="bbox 2022 1676 3605 1747">
    <p class='ocr_par' dir='ltr' id='par_1_32' title="bbox 2022 1676 3605 1747">
     <span class='ocr_line' id='line_1_32' title="bbox 2022 1676 3605 1747; baseline 0.001 -16"><span class='ocrx_word' id='word_1_216' title='bbox 2022 1690 2147 1731; x_wconf 89' lang='lat' dir='ltr'><strong>esse</strong></span> <span class='ocrx_word' id='word_1_217' title='bbox 2185 1676 2252 1730; x_wconf 89' lang='lat' dir='ltr'><strong>ab</strong></span> <span class='ocrx_word' id='word_1_218' title='bbox 2289 1676 2677 1746; x_wconf 89' lang='lat' dir='ltr'><strong>episcoporum</strong></span> <span class='ocrx_word' id='word_1_219' title='bbox 2724 1677 2954 1733; x_wconf 80' lang='lat' dir='ltr'><strong>audacia</strong></span> <span class='ocrx_word' id='word_1_220' title='bbox 3006 1676 3334 1747; x_wconf 82' lang='lat' dir='ltr'><strong>profectam;</strong></span> <span class='ocrx_word' id='word_1_221' title='bbox 3372 1686 3605 1747; x_wconf 83' lang='lat' dir='ltr'><strong>paterna</strong></span> 
     </span>
    </p>
   </div>
   <div class='ocr_carea' id='block_1_33' title="bbox 327 1754 1926 1847">
    <p class='ocr_par' dir='ltr' id='par_1_33' title="bbox 327 1754 1919 1829">
     <span class='ocr_line' id='line_1_33' title="bbox 327 1754 1919 1829; baseline 0.006 -23"><span class='ocrx_word' id='word_1_222' title='bbox 327 1754 545 1818; x_wconf 80' lang='grc' dir='ltr'>τυνθεὶς</span> <span class='ocrx_word' id='word_1_223' title='bbox 596 1756 654 1809; x_wconf 85' lang='grc' dir='ltr'><strong>ἐν</strong></span> <span class='ocrx_word' id='word_1_224' title='bbox 689 1759 756 1826; x_wconf 82' lang='grc' dir='ltr'>τῇ</span> <span class='ocrx_word' id='word_1_225' title='bbox 796 1755 1004 1828; x_wconf 90' lang='grc' dir='ltr'>χάριτι.</span> <span class='ocrx_word' id='word_1_226' title='bbox 1044 1756 1332 1829; x_wconf 87' lang='grc' dir='ltr'>Θεώρησον</span> <span class='ocrx_word' id='word_1_227' title='bbox 1383 1759 1474 1813; x_wconf 81' lang='grc' dir='ltr'>τὸν</span> <span class='ocrx_word' id='word_1_228' title='bbox 1509 1759 1662 1828; x_wconf 78' lang='grc' dir='ltr'>ἅγιον</span> <span class='ocrx_word' id='word_1_229' title='bbox 1707 1760 1919 1815; x_wconf 79' lang='grc' dir='ltr'>Παῦλον</span> 
     </span>
    </p>
   </div>
   <div class='ocr_carea' id='block_1_34' title="bbox 2027 1754 3612 1847">
    <p class='ocr_par' dir='ltr' id='par_1_34' title="bbox 2027 1766 3612 1841">
     <span class='ocr_line' id='line_1_34' title="bbox 2027 1766 3612 1841; baseline 0.001 -20"><span class='ocrx_word' id='word_1_230' title='bbox 2027 1766 2113 1823; x_wconf 87' lang='lat' dir='ltr'><strong>lex</strong></span> <span class='ocrx_word' id='word_1_231' title='bbox 2141 1774 2247 1832; x_wconf 82' lang='lat' dir='ltr'><strong>est,</strong></span> <span class='ocrx_word' id='word_1_232' title='bbox 2277 1768 2507 1836; x_wconf 88' lang='lat' dir='ltr'><strong>antiqua</strong></span> <span class='ocrx_word' id='word_1_233' title='bbox 2534 1766 2797 1824; x_wconf 64' lang='lat' dir='ltr'><strong>Ecclesiae</strong></span> <span class='ocrx_word' id='word_1_234' title='bbox 2827 1769 3040 1839; x_wconf 82' lang='lat' dir='ltr'><strong>regula,</strong></span> <span class='ocrx_word' id='word_1_235' title='bbox 3075 1784 3197 1840; x_wconf 69' lang='lat' dir='ltr'><strong>qua:</strong></span> <span class='ocrx_word' id='word_1_236' title='bbox 3224 1784 3255 1823; x_wconf 90' lang='lat' dir='ltr'><strong>a</strong></span> <span class='ocrx_word' id='word_1_237' title='bbox 3291 1769 3408 1841; x_wconf 86' lang='lat' dir='ltr'><strong>lege</strong></span> <span class='ocrx_word' id='word_1_238' title='bbox 3442 1771 3612 1824; x_wconf 82' lang='lat' dir='ltr'><strong>traxit</strong></span> 
     </span>
    </p>
   </div>
   <div class='ocr_carea' id='block_1_35' title="bbox 328 1847 1922 1923">
    <p class='ocr_par' dir='ltr' id='par_1_35' title="bbox 328 1847 1922 1923">
     <span class='ocr_line' id='line_1_35' title="bbox 328 1847 1922 1923; baseline 0.005 -24"><span class='ocrx_word' id='word_1_239' title='bbox 328 1847 395 1899; x_wconf 78' lang='grc' dir='ltr'>δι’</span> <span class='ocrx_word' id='word_1_240' title='bbox 424 1848 727 1902; x_wconf 79' lang='grc' dir='ltr'>ἐπιστολῶν</span> <span class='ocrx_word' id='word_1_241' title='bbox 748 1849 847 1913; x_wconf 72' lang='grc' dir='ltr'><strong>τὰς</strong></span> <span class='ocrx_word' id='word_1_242' title='bbox 872 1849 1173 1920; x_wconf 72' lang='grc' dir='ltr'>ἀποφάσεις</span> <span class='ocrx_word' id='word_1_243' title='bbox 1197 1850 1291 1904; x_wconf 87' lang='grc' dir='ltr'><strong>τοῦ</strong></span> <span class='ocrx_word' id='word_1_244' title='bbox 1318 1852 1626 1923; x_wconf 82' lang='grc' dir='ltr'>ἀφορισμοῦ</span> <span class='ocrx_word' id='word_1_245' title='bbox 1652 1852 1794 1907; x_wconf 79' lang='grc' dir='ltr'>κατὰ</span> <span class='ocrx_word' id='word_1_246' title='bbox 1815 1853 1922 1907; x_wconf 86' lang='grc' dir='ltr'>τῶν</span> 
     </span>
    </p>
   </div>
   <div class='ocr_carea' id='block_1_36' title="bbox 329 1939 1923 2015">
    <p class='ocr_par' dir='ltr' id='par_1_36' title="bbox 329 1939 1923 2015">
     <span class='ocr_line' id='line_1_36' title="bbox 329 1939 1923 2015; baseline 0.004 -23"><span class='ocrx_word' id='word_1_247' title='bbox 329 1939 651 1995; x_wconf 79' lang='grc' dir='ltr'>ὑπευθύνων</span> <span class='ocrx_word' id='word_1_248' title='bbox 678 1942 1051 2013; x_wconf 83' lang='grc' dir='ltr'>ἐκπέμποντα,</span> <span class='ocrx_word' id='word_1_249' title='bbox 1086 1944 1179 1998; x_wconf 79' lang='grc' dir='ltr'><strong>καὶ</strong></span> <span class='ocrx_word' id='word_1_250' title='bbox 1206 1943 1297 1998; x_wconf 77' lang='grc' dir='ltr'><strong>τὸν</strong></span> <span class='ocrx_word' id='word_1_251' title='bbox 1322 1945 1610 2015; x_wconf 85' lang='grc' dir='ltr'>Κορίνθιον</span> <span class='ocrx_word' id='word_1_252' title='bbox 1640 1950 1923 2000; x_wconf 83' lang='grc' dir='ltr'>νεανίσκον</span> 
     </span>
    </p>
   </div>
   <div class='ocr_carea' id='block_1_37' title="bbox 327 2032 1925 2110">
    <p class='ocr_par' dir='ltr' id='par_1_37' title="bbox 327 2032 1925 2110">
     <span class='ocr_line' id='line_1_37' title="bbox 327 2032 1925 2110; baseline 0.003 -24"><span class='ocrx_word' id='word_1_253' title='bbox 327 2032 407 2104; x_wconf 81' lang='grc' dir='ltr'>τῷ</span> <span class='ocrx_word' id='word_1_254' title='bbox 444 2033 672 2105; x_wconf 77' lang='grc' dir='ltr'>τοιούτῳ</span> <span class='ocrx_word' id='word_1_255' title='bbox 714 2034 1031 2108; x_wconf 81' lang='grc' dir='ltr'>ἰατρεύοντα</span> <span class='ocrx_word' id='word_1_256' title='bbox 1081 2036 1380 2108; x_wconf 80' lang='grc' dir='ltr'>φαρμάκῳ,</span> <span class='ocrx_word' id='word_1_257' title='bbox 1429 2036 1521 2090; x_wconf 84' lang='grc' dir='ltr'>τὸν</span> <span class='ocrx_word' id='word_1_258' title='bbox 1566 2041 1633 2109; x_wconf 82' lang='grc' dir='ltr'>τῇ</span> <span class='ocrx_word' id='word_1_259' title='bbox 1686 2040 1925 2110; x_wconf 82' lang='grc' dir='ltr'>μητρυιᾷ</span> 
     </span>
    </p>
   </div>
   <div class='ocr_carea' id='block_1_38' title="bbox 330 2127 1926 2201">
    <p class='ocr_par' dir='ltr' id='par_1_38' title="bbox 330 2127 1926 2201">
     <span class='ocr_line' id='line_1_38' title="bbox 330 2127 1926 2201; baseline 0.003 -22"><span class='ocrx_word' id='word_1_260' title='bbox 330 2127 641 2191; x_wconf 83' lang='grc' dir='ltr'>σατανικῶς</span> <span class='ocrx_word' id='word_1_261' title='bbox 679 2127 1051 2197; x_wconf 81' lang='grc' dir='ltr'>ἐπιμανέντα·</span> <span class='ocrx_word' id='word_1_262' title='bbox 1111 2145 1131 2180; x_wconf 78' lang='grc' dir='ltr'><strong>ι</strong></span> <span class='ocrx_word' id='word_1_263' title='bbox 1186 2129 1282 2183; x_wconf 79' lang='grc' dir='ltr'>’ον</span> <span class='ocrx_word' id='word_1_264' title='bbox 1325 2128 1434 2200; x_wconf 84' lang='grc' dir='ltr'><strong>γὰρ</strong></span> <span class='ocrx_word' id='word_1_265' title='bbox 1477 2129 1669 2201; x_wconf 81' lang='grc' dir='ltr'>ἀγαπᾷ</span> <span class='ocrx_word' id='word_1_266' title='bbox 1718 2128 1926 2201; x_wconf 84' lang='grc' dir='ltr'>Κύριος</span> 
     </span>
    </p>
   </div>
   <div class='ocr_carea' id='block_1_39' title="bbox 331 2216 1924 2292">
    <p class='ocr_par' dir='ltr' id='par_1_39' title="bbox 331 2216 1924 2292">
     <span class='ocr_line' id='line_1_39' title="bbox 331 2216 1924 2292; baseline 0.003 -22"><span class='ocrx_word' id='word_1_267' title='bbox 331 2216 596 2283; x_wconf 78' lang='grc' dir='ltr'>παιδεύει,</span> <span class='ocrx_word' id='word_1_268' title='bbox 631 2222 885 2288; x_wconf 88' lang='grc' dir='ltr'>μαστιγοί</span> <span class='ocrx_word' id='word_1_269' title='bbox 916 2218 973 2272; x_wconf 83' lang='grc' dir='ltr'>δὲ</span> <span class='ocrx_word' id='word_1_270' title='bbox 1004 2219 1116 2273; x_wconf 83' lang='grc' dir='ltr'>υἱὸν</span> <span class='ocrx_word' id='word_1_271' title='bbox 1139 2218 1198 2273; x_wconf 84' lang='grc' dir='ltr'>ὃν</span> <span class='ocrx_word' id='word_1_272' title='bbox 1226 2220 1616 2292; x_wconf 80' lang='grc' dir='ltr'>παραδέχεται.</span> <span class='ocrx_word' id='word_1_273' title='bbox 1649 2241 1669 2272; x_wconf 73' lang='grc' dir='ltr'><strong>ι</strong></span> <span class='ocrx_word' id='word_1_274' title='bbox 1710 2222 1783 2275; x_wconf 81' lang='grc' dir='ltr'><strong>Οὐ</strong></span> <span class='ocrx_word' id='word_1_275' title='bbox 1815 2220 1924 2292; x_wconf 90' lang='grc' dir='ltr'><strong>γάρ</strong></span> 
     </span>
    </p>
   </div>
   <div class='ocr_carea' id='block_1_40' title="bbox 330 2308 1920 2385">
    <p class='ocr_par' dir='ltr' id='par_1_40' title="bbox 330 2308 1920 2385">
     <span class='ocr_line' id='line_1_40' title="bbox 330 2308 1920 2385; baseline 0.003 -24"><span class='ocrx_word' id='word_1_276' title='bbox 330 2310 468 2362; x_wconf 86' lang='grc' dir='ltr'>εἰσιν</span> <span class='ocrx_word' id='word_1_277' title='bbox 516 2308 575 2362; x_wconf 88' lang='grc' dir='ltr'>αἱ</span> <span class='ocrx_word' id='word_1_278' title='bbox 616 2308 766 2379; x_wconf 81' lang='grc' dir='ltr'>ῥίζαι</span> <span class='ocrx_word' id='word_1_279' title='bbox 794 2310 895 2381; x_wconf 80' lang='grc' dir='ltr'>τῆς</span> <span class='ocrx_word' id='word_1_280' title='bbox 927 2310 1171 2375; x_wconf 84' lang='grc' dir='ltr'>παιδείας</span> <span class='ocrx_word' id='word_1_281' title='bbox 1204 2311 1469 2381; x_wconf 86' lang='grc' dir='ltr'>γλυκεῖαι,</span> <span class='ocrx_word' id='word_1_282' title='bbox 1507 2312 1644 2367; x_wconf 78' lang='grc' dir='ltr'>ἀλλὰ</span> <span class='ocrx_word' id='word_1_283' title='bbox 1684 2312 1920 2385; x_wconf 88' lang='grc' dir='ltr'>πικραί·</span> 
     </span>
    </p>
   </div>
   <div class='ocr_carea' id='block_1_41' title="bbox 330 2398 1925 2475">
    <p class='ocr_par' dir='ltr' id='par_1_41' title="bbox 330 2398 1925 2475">
     <span class='ocr_line' id='line_1_41' title="bbox 330 2398 1925 2475; baseline 0.004 -24"><span class='ocrx_word' id='word_1_284' title='bbox 330 2399 548 2470; x_wconf 77' lang='grc' dir='ltr'>καρπὸν</span> <span class='ocrx_word' id='word_1_285' title='bbox 589 2398 646 2452; x_wconf 85' lang='grc' dir='ltr'>δὲ</span> <span class='ocrx_word' id='word_1_286' title='bbox 681 2401 763 2463; x_wconf 88' lang='grc' dir='ltr'><strong>είς</strong></span> <span class='ocrx_word' id='word_1_287' title='bbox 815 2399 1040 2472; x_wconf 78' lang='grc' dir='ltr'>ὕστερον</span> <span class='ocrx_word' id='word_1_288' title='bbox 1097 2401 1455 2472; x_wconf 78' lang='grc' dir='ltr'>βλαστάνουσι</span> <span class='ocrx_word' id='word_1_289' title='bbox 1492 2403 1700 2475; x_wconf 84' lang='grc' dir='ltr'>κηρίων</span> <span class='ocrx_word' id='word_1_290' title='bbox 1737 2403 1925 2475; x_wconf 82' lang='grc' dir='ltr'>ἡδύτε-</span> 
     </span>
    </p>
   </div>
   <div class='ocr_carea' id='block_1_42' title="bbox 334 2489 1924 2564">
    <p class='ocr_par' dir='ltr' id='par_1_42' title="bbox 334 2489 1924 2564">
     <span class='ocr_line' id='line_1_42' title="bbox 334 2489 1924 2564; baseline 0.002 -21"><span class='ocrx_word' id='word_1_291' title='bbox 334 2507 450 2561; x_wconf 89' lang='grc' dir='ltr'>ρον.</span> <span class='ocrx_word' id='word_1_292' title='bbox 478 2490 588 2544; x_wconf 77' lang='grc' dir='ltr'><strong>Καὶ</strong></span> <span class='ocrx_word' id='word_1_293' title='bbox 608 2489 698 2544; x_wconf 77' lang='grc' dir='ltr'><strong>διὰ</strong></span> <span class='ocrx_word' id='word_1_294' title='bbox 724 2490 883 2544; x_wconf 85' lang='grc' dir='ltr'>τοῦτο</span> <span class='ocrx_word' id='word_1_295' title='bbox 917 2490 1075 2562; x_wconf 86' lang='grc' dir='ltr'>χρεία</span> <span class='ocrx_word' id='word_1_296' title='bbox 1108 2491 1186 2563; x_wconf 79' lang='grc' dir='ltr'>τῷ</span> <span class='ocrx_word' id='word_1_297' title='bbox 1216 2493 1314 2563; x_wconf 79' lang='grc' dir='ltr'>μὲν</span> <span class='ocrx_word' id='word_1_298' title='bbox 1342 2493 1666 2564; x_wconf 84' lang='grc' dir='ltr'>ἁσκουμένῳ</span> <span class='ocrx_word' id='word_1_299' title='bbox 1695 2492 1791 2546; x_wconf 85' lang='grc' dir='ltr'><strong>τοῦ</strong></span> <span class='ocrx_word' id='word_1_300' title='bbox 1828 2510 1924 2563; x_wconf 88' lang='grc' dir='ltr'>μο-</span> 
     </span>
    </p>
   </div>
   <div class='ocr_carea' id='block_1_43' title="bbox 330 2577 1922 2655">
    <p class='ocr_par' dir='ltr' id='par_1_43' title="bbox 330 2577 1922 2655">
     <span class='ocr_line' id='line_1_43' title="bbox 330 2577 1922 2655; baseline 0.003 -22"><span class='ocrx_word' id='word_1_301' title='bbox 330 2580 504 2652; x_wconf 86' lang='grc' dir='ltr'>χθεῖν,</span> <span class='ocrx_word' id='word_1_302' title='bbox 544 2579 623 2648; x_wconf 82' lang='grc' dir='ltr'>τῷ</span> <span class='ocrx_word' id='word_1_303' title='bbox 654 2580 711 2633; x_wconf 85' lang='grc' dir='ltr'>δὲ</span> <span class='ocrx_word' id='word_1_304' title='bbox 748 2579 1003 2634; x_wconf 78' lang='grc' dir='ltr'>ἀσκοῦντι</span> <span class='ocrx_word' id='word_1_305' title='bbox 1047 2582 1139 2635; x_wconf 73' lang='grc' dir='ltr'>καὶ</span> <span class='ocrx_word' id='word_1_306' title='bbox 1177 2582 1394 2654; x_wconf 83' lang='grc' dir='ltr'>πληγῆς</span> <span class='ocrx_word' id='word_1_307' title='bbox 1434 2584 1529 2636; x_wconf 75' lang='grc' dir='ltr'>καὶ</span> <span class='ocrx_word' id='word_1_308' title='bbox 1569 2577 1922 2655; x_wconf 78' lang='grc' dir='ltr'>τραχύτητος.</span> 
     </span>
    </p>
   </div>
   <div class='ocr_carea' id='block_1_44' title="bbox 331 2671 1927 2746">
    <p class='ocr_par' dir='ltr' id='par_1_44' title="bbox 331 2671 1927 2746">
     <span class='ocr_line' id='line_1_44' title="bbox 331 2671 1927 2746; baseline 0.001 -21"><span class='ocrx_word' id='word_1_309' title='bbox 331 2672 448 2725; x_wconf 75' lang='grc' dir='ltr'><strong>Καὶ</strong></span> <span class='ocrx_word' id='word_1_310' title='bbox 473 2671 554 2743; x_wconf 81' lang='grc' dir='ltr'>τῷ</span> <span class='ocrx_word' id='word_1_311' title='bbox 585 2672 685 2744; x_wconf 81' lang='grc' dir='ltr'>μὲν</span> <span class='ocrx_word' id='word_1_312' title='bbox 712 2672 991 2744; x_wconf 84' lang='grc' dir='ltr'>Μωσαῖκῷ</span> <span class='ocrx_word' id='word_1_313' title='bbox 1023 2674 1171 2746; x_wconf 86' lang='grc' dir='ltr'>νόμῳ</span> <span class='ocrx_word' id='word_1_314' title='bbox 1201 2676 1259 2728; x_wconf 86' lang='grc' dir='ltr'>αἱ</span> <span class='ocrx_word' id='word_1_315' title='bbox 1288 2674 1554 2746; x_wconf 80' lang='grc' dir='ltr'>τέσσαρες</span> <span class='ocrx_word' id='word_1_316' title='bbox 1582 2675 1803 2738; x_wconf 83' lang='grc' dir='ltr'>δεκάδες</span> <span class='ocrx_word' id='word_1_317' title='bbox 1836 2674 1927 2746; x_wconf 80' lang='grc' dir='ltr'>μέ-</span> 
     </span>
    </p>
   </div>
   <div class='ocr_carea' id='block_1_45' title="bbox 331 2763 1926 2838">
    <p class='ocr_par' dir='ltr' id='par_1_45' title="bbox 331 2763 1926 2838">
     <span class='ocr_line' id='line_1_45' title="bbox 331 2763 1926 2838; baseline -0.001 -21"><span class='ocrx_word' id='word_1_318' title='bbox 331 2782 423 2836; x_wconf 88' lang='grc' dir='ltr'><strong>χρι</strong></span> <span class='ocrx_word' id='word_1_319' title='bbox 453 2764 548 2818; x_wconf 89' lang='grc' dir='ltr'><strong>νῦν</strong></span> <span class='ocrx_word' id='word_1_320' title='bbox 569 2765 625 2817; x_wconf 88' lang='grc' dir='ltr'><strong>αί</strong></span> <span class='ocrx_word' id='word_1_321' title='bbox 651 2765 873 2835; x_wconf 68' lang='grc' dir='ltr'>νομικαὶ</span> <span class='ocrx_word' id='word_1_322' title='bbox 893 2763 1000 2819; x_wconf 83' lang='grc' dir='ltr'>τῶν</span> <span class='ocrx_word' id='word_1_323' title='bbox 1034 2764 1258 2837; x_wconf 81' lang='grc' dir='ltr'>πληγῶν</span> <span class='ocrx_word' id='word_1_324' title='bbox 1288 2765 1731 2838; x_wconf 70' lang='grc' dir='ltr'>παραμένουσιν,</span> <span class='ocrx_word' id='word_1_325' title='bbox 1756 2765 1816 2817; x_wconf 83' lang='grc' dir='ltr'><strong>οῦ</strong></span> <span class='ocrx_word' id='word_1_326' title='bbox 1848 2764 1926 2835; x_wconf 84' lang='grc' dir='ltr'><strong>τῷ</strong></span> 
     </span>
    </p>
   </div>
   <div class='ocr_carea' id='block_1_46' title="bbox 331 2854 1927 2927">
    <p class='ocr_par' dir='ltr' id='par_1_46' title="bbox 331 2854 1927 2927">
     <span class='ocr_line' id='line_1_46' title="bbox 331 2854 1927 2927; baseline 0 -19"><span class='ocrx_word' id='word_1_327' title='bbox 331 2854 674 2926; x_wconf 76' lang='grc' dir='ltr'>εὐαγγελικῷ</span> <span class='ocrx_word' id='word_1_328' title='bbox 698 2855 755 2908; x_wconf 82' lang='grc' dir='ltr'>δὲ</span> <span class='ocrx_word' id='word_1_329' title='bbox 787 2854 888 2927; x_wconf 84' lang='grc' dir='ltr'>βίῳ</span> <span class='ocrx_word' id='word_1_330' title='bbox 915 2871 928 2887; x_wconf 78' lang='grc' dir='ltr'><strong>ο</strong></span> <span class='ocrx_word' id='word_1_331' title='bbox 957 2856 1144 2927; x_wconf 85' lang='grc' dir='ltr'>ἐπειδὴ</span> <span class='ocrx_word' id='word_1_332' title='bbox 1175 2857 1393 2911; x_wconf 88' lang='grc' dir='ltr'>πάντων</span> <span class='ocrx_word' id='word_1_333' title='bbox 1424 2858 1452 2910; x_wconf 90' lang='grc' dir='ltr'><strong>ό</strong></span> <span class='ocrx_word' id='word_1_334' title='bbox 1480 2855 1637 2924; x_wconf 86' lang='grc' dir='ltr'>λόγος</span> <span class='ocrx_word' id='word_1_335' title='bbox 1667 2856 1803 2921; x_wconf 73' lang='grc' dir='ltr'>ἐστὶ,</span> <span class='ocrx_word' id='word_1_336' title='bbox 1832 2855 1927 2909; x_wconf 74' lang='grc' dir='ltr'>καὶ</span> 
     </span>
    </p>
   </div>
   <div class='ocr_carea' id='block_1_47' title="bbox 330 2946 1924 3020">
    <p class='ocr_par' dir='ltr' id='par_1_47' title="bbox 330 2946 1924 3020">
     <span class='ocr_line' id='line_1_47' title="bbox 330 2946 1924 3020; baseline -0.001 -18"><span class='ocrx_word' id='word_1_337' title='bbox 330 2948 519 3013; x_wconf 81' lang='grc' dir='ltr'>ἔλεος,</span> <span class='ocrx_word' id='word_1_338' title='bbox 551 2947 645 3002; x_wconf 76' lang='grc' dir='ltr'>καὶ</span> <span class='ocrx_word' id='word_1_339' title='bbox 679 2947 895 3018; x_wconf 78' lang='grc' dir='ltr'>ῥάϐδος,</span> <span class='ocrx_word' id='word_1_340' title='bbox 932 2948 1028 3002; x_wconf 69' lang='grc' dir='ltr'>καὶ</span> <span class='ocrx_word' id='word_1_341' title='bbox 1062 2948 1430 3020; x_wconf 87' lang='grc' dir='ltr'>παράκλησις,</span> <span class='ocrx_word' id='word_1_342' title='bbox 1479 2948 1573 3001; x_wconf 76' lang='grc' dir='ltr'>καὶ</span> <span class='ocrx_word' id='word_1_343' title='bbox 1608 2946 1810 3018; x_wconf 84' lang='grc' dir='ltr'>πληγή.</span> <span class='ocrx_word' id='word_1_344' title='bbox 1849 2948 1924 3000; x_wconf 83' lang='grc' dir='ltr'><strong>Οὐ</strong></span> 
     </span>
    </p>
   </div>
   <div class='ocr_carea' id='block_1_48' title="bbox 330 3038 1928 3111">
    <p class='ocr_par' dir='ltr' id='par_1_48' title="bbox 330 3038 1928 3111">
     <span class='ocr_line' id='line_1_48' title="bbox 330 3038 1928 3111; baseline -0.002 -18"><span class='ocrx_word' id='word_1_345' title='bbox 330 3040 445 3111; x_wconf 78' lang='grc' dir='ltr'><strong>γάρ</strong></span> <span class='ocrx_word' id='word_1_346' title='bbox 472 3039 751 3111; x_wconf 74' lang='grc' dir='ltr'>τύπτομέν</span> <span class='ocrx_word' id='word_1_347' title='bbox 784 3058 845 3094; x_wconf 86' lang='grc' dir='ltr'><strong>σε</strong></span> <span class='ocrx_word' id='word_1_348' title='bbox 874 3038 948 3103; x_wconf 84' lang='grc' dir='ltr'>ὡς</span> <span class='ocrx_word' id='word_1_349' title='bbox 977 3040 1217 3110; x_wconf 79' lang='grc' dir='ltr'>οἰκέτην,</span> <span class='ocrx_word' id='word_1_350' title='bbox 1240 3040 1379 3094; x_wconf 79' lang='grc' dir='ltr'>ἀλλὰ</span> <span class='ocrx_word' id='word_1_351' title='bbox 1407 3038 1736 3110; x_wconf 71' lang='grc' dir='ltr'>παιδεύομεν</span> <span class='ocrx_word' id='word_1_352' title='bbox 1764 3055 1823 3091; x_wconf 84' lang='grc' dir='ltr'><strong>σε</strong></span> <span class='ocrx_word' id='word_1_353' title='bbox 1852 3038 1928 3102; x_wconf 85' lang='grc' dir='ltr'>ὼς</span> 
     </span>
    </p>
   </div>
   <div class='ocr_carea' id='block_1_49' title="bbox 331 3130 1927 3204">
    <p class='ocr_par' dir='ltr' id='par_1_49' title="bbox 331 3130 1927 3204">
     <span class='ocr_line' id='line_1_49' title="bbox 331 3130 1927 3204; baseline -0.002 -19"><span class='ocrx_word' id='word_1_354' title='bbox 331 3131 644 3204; x_wconf 75' lang='grc' dir='ltr'>ἐλεύθερονο</span> <span class='ocrx_word' id='word_1_355' title='bbox 680 3132 761 3185; x_wconf 74' lang='grc' dir='ltr'>σοὶ</span> <span class='ocrx_word' id='word_1_356' title='bbox 788 3131 899 3204; x_wconf 84' lang='grc' dir='ltr'><strong>γὰρ</strong></span> <span class='ocrx_word' id='word_1_357' title='bbox 933 3133 997 3186; x_wconf 90' lang='grc' dir='ltr'><strong>ἐκ</strong></span> <span class='ocrx_word' id='word_1_358' title='bbox 1033 3132 1131 3203; x_wconf 80' lang='grc' dir='ltr'>τῆς</span> <span class='ocrx_word' id='word_1_359' title='bbox 1160 3133 1377 3204; x_wconf 77' lang='grc' dir='ltr'>Σάρρας</span> <span class='ocrx_word' id='word_1_360' title='bbox 1411 3132 1513 3203; x_wconf 80' lang='grc' dir='ltr'>τῆς</span> <span class='ocrx_word' id='word_1_361' title='bbox 1546 3130 1834 3201; x_wconf 82' lang='grc' dir='ltr'>ἐλευθέρας</span> <span class='ocrx_word' id='word_1_362' title='bbox 1866 3130 1927 3182; x_wconf 79' lang='grc' dir='ltr'><strong>τὸ</strong></span> 
     </span>
    </p>
   </div>
   <div class='ocr_carea' id='block_1_50' title="bbox 331 3223 1926 3297">
    <p class='ocr_par' dir='ltr' id='par_1_50' title="bbox 331 3223 1926 3297">
     <span class='ocr_line' id='line_1_50' title="bbox 331 3223 1926 3297; baseline -0.001 -19"><span class='ocrx_word' id='word_1_363' title='bbox 331 3225 515 3293; x_wconf 83' lang='grc' dir='ltr'>γένος,</span> <span class='ocrx_word' id='word_1_364' title='bbox 551 3224 651 3279; x_wconf 80' lang='grc' dir='ltr'>οὐκ</span> <span class='ocrx_word' id='word_1_365' title='bbox 684 3226 749 3278; x_wconf 86' lang='grc' dir='ltr'><strong>ἐκ</strong></span> <span class='ocrx_word' id='word_1_366' title='bbox 784 3225 884 3296; x_wconf 83' lang='grc' dir='ltr'>τῆς</span> <span class='ocrx_word' id='word_1_367' title='bbox 934 3226 1117 3297; x_wconf 78' lang='grc' dir='ltr'>’Δγαρ</span> <span class='ocrx_word' id='word_1_368' title='bbox 1149 3225 1248 3296; x_wconf 76' lang='grc' dir='ltr'><strong>τῆς</strong></span> <span class='ocrx_word' id='word_1_369' title='bbox 1279 3224 1493 3296; x_wconf 82' lang='grc' dir='ltr'>δούλης.</span> <span class='ocrx_word' id='word_1_370' title='bbox 1524 3223 1831 3295; x_wconf 81' lang='grc' dir='ltr'>Αίδούμεθά</span> <span class='ocrx_word' id='word_1_371' title='bbox 1866 3240 1926 3276; x_wconf 89' lang='grc' dir='ltr'><strong>σε</strong></span> 
     </span>
    </p>
   </div>
   <div class='ocr_carea' id='block_1_51' title="bbox 332 3319 1929 3392">
    <p class='ocr_par' dir='ltr' id='par_1_51' title="bbox 332 3319 1929 3392">
     <span class='ocr_line' id='line_1_51' title="bbox 332 3319 1929 3392; baseline 0.001 -20"><span class='ocrx_word' id='word_1_372' title='bbox 332 3320 411 3383; x_wconf 87' lang='grc' dir='ltr'>ὡς</span> <span class='ocrx_word' id='word_1_373' title='bbox 445 3319 563 3373; x_wconf 82' lang='grc' dir='ltr'>υἱὸν</span> <span class='ocrx_word' id='word_1_374' title='bbox 591 3319 691 3392; x_wconf 81' lang='grc' dir='ltr'><strong>τῆς</strong></span> <span class='ocrx_word' id='word_1_375' title='bbox 719 3319 1011 3392; x_wconf 76' lang='grc' dir='ltr'>ἐλευθέρας</span> <span class='ocrx_word' id='word_1_376' title='bbox 1031 3359 1047 3385; x_wconf 93' lang='grc'><strong>,</strong></span> <span class='ocrx_word' id='word_1_377' title='bbox 1069 3320 1173 3374; x_wconf 77' lang='grc' dir='ltr'>οὐκ</span> <span class='ocrx_word' id='word_1_378' title='bbox 1202 3320 1543 3392; x_wconf 77' lang='grc' dir='ltr'>ἀτιμάζομεν</span> <span class='ocrx_word' id='word_1_379' title='bbox 1574 3321 1649 3384; x_wconf 85' lang='grc' dir='ltr'>ὡς</span> <span class='ocrx_word' id='word_1_380' title='bbox 1682 3321 1929 3391; x_wconf 81' lang='grc' dir='ltr'>γέννημα</span> 
     </span>
    </p>
   </div>
   <div class='ocr_carea' id='block_1_52' title="bbox 330 3411 1928 3484">
    <p class='ocr_par' dir='ltr' id='par_1_52' title="bbox 330 3411 1928 3484">
     <span class='ocr_line' id='line_1_52' title="bbox 330 3411 1928 3484; baseline 0.001 -19"><span class='ocrx_word' id='word_1_381' title='bbox 330 3412 435 3484; x_wconf 81' lang='grc' dir='ltr'>τῆς</span> <span class='ocrx_word' id='word_1_382' title='bbox 455 3412 764 3483; x_wconf 84' lang='grc' dir='ltr'>παιδίσκης.</span> <span class='ocrx_word' id='word_1_383' title='bbox 790 3411 891 3467; x_wconf 78' lang='grc' dir='ltr'><strong>Διὰ</strong></span> <span class='ocrx_word' id='word_1_384' title='bbox 910 3413 1069 3467; x_wconf 89' lang='grc' dir='ltr'>τοῦτο</span> <span class='ocrx_word' id='word_1_385' title='bbox 1090 3415 1210 3477; x_wconf 86' lang='grc' dir='ltr'>ταῖς</span> <span class='ocrx_word' id='word_1_386' title='bbox 1229 3412 1557 3484; x_wconf 75' lang='grc' dir='ltr'>ἐλευθερίοις</span> <span class='ocrx_word' id='word_1_387' title='bbox 1576 3415 1928 3484; x_wconf 83' lang='grc' dir='ltr'>ἐπιτιμήσεσι</span> 
     </span>
    </p>
   </div>
   <div class='ocr_carea' id='block_1_53' title="bbox 331 3503 1928 3576">
    <p class='ocr_par' dir='ltr' id='par_1_53' title="bbox 331 3503 1928 3576">
     <span class='ocr_line' id='line_1_53' title="bbox 331 3503 1928 3576; baseline -0.003 -15"><span class='ocrx_word' id='word_1_388' title='bbox 331 3504 617 3576; x_wconf 84' lang='grc' dir='ltr'>λυποῦμέν</span> <span class='ocrx_word' id='word_1_389' title='bbox 641 3522 702 3558; x_wconf 90' lang='grc' dir='ltr'><strong>σε</strong></span> <span class='ocrx_word' id='word_1_390' title='bbox 722 3503 1166 3576; x_wconf 80' lang='grc' dir='ltr'>πλημμελοῦντα,</span> <span class='ocrx_word' id='word_1_391' title='bbox 1195 3505 1255 3559; x_wconf 84' lang='grc' dir='ltr'>οὐ</span> <span class='ocrx_word' id='word_1_392' title='bbox 1281 3504 1444 3575; x_wconf 85' lang='grc' dir='ltr'>σῶμα</span> <span class='ocrx_word' id='word_1_393' title='bbox 1471 3503 1766 3570; x_wconf 86' lang='grc' dir='ltr'>ξαίνοντες,</span> <span class='ocrx_word' id='word_1_394' title='bbox 1791 3503 1928 3558; x_wconf 77' lang='grc' dir='ltr'>ἀλλὰ</span> 
     </span>
    </p>
   </div>
   <div class='ocr_carea' id='block_1_54' title="bbox 331 3593 1928 3667">
    <p class='ocr_par' dir='ltr' id='par_1_54' title="bbox 331 3593 1928 3667">
     <span class='ocr_line' id='line_1_54' title="bbox 331 3593 1928 3667; baseline -0.001 -18"><span class='ocrx_word' id='word_1_395' title='bbox 331 3596 516 3667; x_wconf 73' lang='grc' dir='ltr'>ψυχὴν</span> <span class='ocrx_word' id='word_1_396' title='bbox 553 3596 829 3661; x_wconf 85' lang='grc' dir='ltr'>άνιῶντες.</span> <span class='ocrx_word' id='word_1_397' title='bbox 871 3597 969 3649; x_wconf 77' lang='lat' dir='ltr'><strong>“Av</strong></span> <span class='ocrx_word' id='word_1_398' title='bbox 997 3595 1053 3649; x_wconf 80' lang='grc' dir='ltr'>δὲ</span> <span class='ocrx_word' id='word_1_399' title='bbox 1082 3595 1177 3651; x_wconf 74' lang='grc' dir='ltr'><strong>καὶ</strong></span> <span class='ocrx_word' id='word_1_400' title='bbox 1212 3594 1403 3649; x_wconf 84' lang='grc' dir='ltr'>τούτου</span> <span class='ocrx_word' id='word_1_401' title='bbox 1436 3593 1775 3665; x_wconf 81' lang='grc' dir='ltr'>φειδώμεθα,</span> <span class='ocrx_word' id='word_1_402' title='bbox 1810 3594 1928 3659; x_wconf 85' lang='grc' dir='ltr'><strong>πῶς</strong></span> 
     </span>
    </p>
   </div>
   <div class='ocr_carea' id='block_1_55' title="bbox 335 3686 1927 3760">
    <p class='ocr_par' dir='ltr' id='par_1_55' title="bbox 335 3686 1927 3760">
     <span class='ocr_line' id='line_1_55' title="bbox 335 3686 1927 3760; baseline -0.001 -18"><span class='ocrx_word' id='word_1_403' title='bbox 335 3706 397 3742; x_wconf 89' lang='grc' dir='ltr'><strong>σε</strong></span> <span class='ocrx_word' id='word_1_404' title='bbox 432 3688 827 3760; x_wconf 83' lang='grc' dir='ltr'>παιδεύσομεν;</span> <span class='ocrx_word' id='word_1_405' title='bbox 857 3687 1384 3760; x_wconf 86' lang='grc' dir='ltr'>Δυσμεταχείριστός</span> <span class='ocrx_word' id='word_1_406' title='bbox 1419 3688 1569 3742; x_wconf 83' lang='grc' dir='ltr'>ἐστιν</span> <span class='ocrx_word' id='word_1_407' title='bbox 1601 3688 1629 3740; x_wconf 85' lang='grc' dir='ltr'>ὁ</span> <span class='ocrx_word' id='word_1_408' title='bbox 1671 3686 1927 3741; x_wconf 82' lang='grc' dir='ltr'>διδασκα-</span> 
     </span>
    </p>
   </div>
   <div class='ocr_carea' id='block_1_56' title="bbox 332 3779 1929 3852">
    <p class='ocr_par' dir='ltr' id='par_1_56' title="bbox 332 3779 1929 3852">
     <span class='ocr_line' id='line_1_56' title="bbox 332 3779 1929 3852; baseline -0.001 -17"><span class='ocrx_word' id='word_1_409' title='bbox 332 3781 487 3847; x_wconf 74' lang='grc' dir='ltr'>λικὸς</span> <span class='ocrx_word' id='word_1_410' title='bbox 520 3779 697 3850; x_wconf 84' lang='grc' dir='ltr'>λόγος,</span> <span class='ocrx_word' id='word_1_411' title='bbox 727 3782 877 3852; x_wconf 74' lang='grc' dir='ltr'>καὶὴ</span> <span class='ocrx_word' id='word_1_412' title='bbox 925 3779 1118 3851; x_wconf 85' lang='grc' dir='ltr'>ἀγωγὴ</span> <span class='ocrx_word' id='word_1_413' title='bbox 1153 3780 1253 3849; x_wconf 79' lang='grc' dir='ltr'>τῆς</span> <span class='ocrx_word' id='word_1_414' title='bbox 1285 3779 1508 3850; x_wconf 83' lang='grc' dir='ltr'>ἀρετῆς,</span> <span class='ocrx_word' id='word_1_415' title='bbox 1540 3780 1638 3833; x_wconf 75' lang='grc' dir='ltr'>καὶ</span> <span class='ocrx_word' id='word_1_416' title='bbox 1676 3779 1929 3851; x_wconf 83' lang='grc' dir='ltr'>ποικίλην</span> 
     </span>
    </p>
   </div>
   <div class='ocr_carea' id='block_1_57' title="bbox 334 3870 1927 3944">
    <p class='ocr_par' dir='ltr' id='par_1_57' title="bbox 334 3870 1927 3944">
     <span class='ocr_line' id='line_1_57' title="bbox 334 3870 1927 3944; baseline -0.002 -16"><span class='ocrx_word' id='word_1_417' title='bbox 334 3874 590 3944; x_wconf 80' lang='grc' dir='ltr'>ἐπιζητεῖ</span> <span class='ocrx_word' id='word_1_418' title='bbox 629 3874 726 3944; x_wconf 82' lang='grc' dir='ltr'>τὴν</span> <span class='ocrx_word' id='word_1_419' title='bbox 764 3873 865 3944; x_wconf 78' lang='grc' dir='ltr'>τῆς</span> <span class='ocrx_word' id='word_1_420' title='bbox 899 3872 1221 3936; x_wconf 81' lang='grc' dir='ltr'>ἐπιστασίας</span> <span class='ocrx_word' id='word_1_421' title='bbox 1255 3870 1600 3940; x_wconf 82' lang='grc' dir='ltr'>οἰκονομίαν,</span> <span class='ocrx_word' id='word_1_422' title='bbox 1642 3873 1753 3933; x_wconf 84' lang='grc' dir='ltr'>τοῖς</span> <span class='ocrx_word' id='word_1_423' title='bbox 1790 3871 1927 3925; x_wconf 86' lang='grc' dir='ltr'>ὑπο-</span> 
     </span>
    </p>
   </div>
   <div class='ocr_carea' id='block_1_58' title="bbox 337 3961 1928 4037">
    <p class='ocr_par' dir='ltr' id='par_1_58' title="bbox 337 3961 1928 4037">
     <span class='ocr_line' id='line_1_58' title="bbox 337 3961 1928 4037; baseline -0.004 -16"><span class='ocrx_word' id='word_1_424' title='bbox 337 3967 616 4037; x_wconf 80' lang='grc' dir='ltr'>κειμένοις</span> <span class='ocrx_word' id='word_1_425' title='bbox 647 3965 831 4037; x_wconf 69' lang='grc' dir='ltr'>ἤθεσιν</span> <span class='ocrx_word' id='word_1_426' title='bbox 866 3964 1063 4035; x_wconf 78' lang='grc' dir='ltr'>ἑαυτὴν</span> <span class='ocrx_word' id='word_1_427' title='bbox 1113 3961 1594 4035; x_wconf 75' lang='grc' dir='ltr'>προσαρμόζουσα.</span> <span class='ocrx_word' id='word_1_428' title='bbox 1642 3961 1800 4016; x_wconf 86' lang='grc' dir='ltr'>Ἔστι</span> <span class='ocrx_word' id='word_1_429' title='bbox 1838 3980 1928 4028; x_wconf 90' lang='grc' dir='ltr'><strong>τις</strong></span> 
     </span>
    </p>
   </div>
   <div class='ocr_carea' id='block_1_59' title="bbox 334 4056 1931 4131">
    <p class='ocr_par' dir='ltr' id='par_1_59' title="bbox 334 4056 1931 4131">
     <span class='ocr_line' id='line_1_59' title="bbox 334 4056 1931 4131; baseline -0.004 -17"><span class='ocrx_word' id='word_1_430' title='bbox 334 4060 600 4131; x_wconf 75' lang='grc' dir='ltr'>εὐπειθὴς</span> <span class='ocrx_word' id='word_1_431' title='bbox 629 4060 723 4113; x_wconf 73' lang='grc' dir='ltr'>καὶ</span> <span class='ocrx_word' id='word_1_432' title='bbox 747 4060 846 4130; x_wconf 82' lang='grc' dir='ltr'>τὴν</span> <span class='ocrx_word' id='word_1_433' title='bbox 875 4056 1101 4129; x_wconf 82' lang='grc' dir='ltr'>γνώμην</span> <span class='ocrx_word' id='word_1_434' title='bbox 1131 4056 1412 4127; x_wconf 83' lang='grc' dir='ltr'>εὐάγωγος</span> <span class='ocrx_word' id='word_1_435' title='bbox 1437 4073 1454 4119; x_wconf 90' lang='lat'><strong>;</strong></span> <span class='ocrx_word' id='word_1_436' title='bbox 1493 4056 1667 4126; x_wconf 77' lang='grc' dir='ltr'>τούτῳ</span> <span class='ocrx_word' id='word_1_437' title='bbox 1691 4057 1719 4108; x_wconf 89' lang='grc' dir='ltr'>ὁ</span> <span class='ocrx_word' id='word_1_438' title='bbox 1756 4057 1931 4127; x_wconf 77' lang='grc' dir='ltr'>πρᾶος</span> 
     </span>
    </p>
   </div>
   <div class='ocr_carea' id='block_1_60' title="bbox 336 4148 1932 4223">
    <p class='ocr_par' dir='ltr' id='par_1_60' title="bbox 336 4148 1932 4223">
     <span class='ocr_line' id='line_1_60' title="bbox 336 4148 1932 4223; baseline -0.005 -15"><span class='ocrx_word' id='word_1_439' title='bbox 336 4155 438 4209; x_wconf 72' lang='grc' dir='ltr'>καὶ</span> <span class='ocrx_word' id='word_1_440' title='bbox 468 4153 674 4216; x_wconf 76' lang='grc' dir='ltr'>ἁπαλὸς</span> <span class='ocrx_word' id='word_1_441' title='bbox 698 4151 930 4223; x_wconf 77' lang='grc' dir='ltr'>ἁρμόζει</span> <span class='ocrx_word' id='word_1_442' title='bbox 967 4151 1144 4220; x_wconf 87' lang='grc' dir='ltr'>λόγος.</span> <span class='ocrx_word' id='word_1_443' title='bbox 1181 4149 1376 4213; x_wconf 78' lang='grc' dir='ltr'>’Ἄλλος</span> <span class='ocrx_word' id='word_1_444' title='bbox 1406 4149 1641 4221; x_wconf 85' lang='grc' dir='ltr'>σκληρὸς</span> <span class='ocrx_word' id='word_1_445' title='bbox 1675 4150 1767 4202; x_wconf 77' lang='grc' dir='ltr'>καὶ</span> <span class='ocrx_word' id='word_1_446' title='bbox 1800 4148 1932 4201; x_wconf 86' lang='grc' dir='ltr'>ἀνά-</span> 
     </span>
    </p>
   </div>
   <div class='ocr_carea' id='block_1_61' title="bbox 336 4236 1930 4317">
    <p class='ocr_par' dir='ltr' id='par_1_61' title="bbox 336 4236 1930 4317">
     <span class='ocr_line' id='line_1_61' title="bbox 336 4236 1930 4317; baseline -0.007 -16"><span class='ocrx_word' id='word_1_447' title='bbox 336 4263 556 4317; x_wconf 86' lang='grc' dir='ltr'>γωγος;</span> <span class='ocrx_word' id='word_1_448' title='bbox 595 4245 870 4317; x_wconf 86' lang='grc' dir='ltr'>μαστίγων</span> <span class='ocrx_word' id='word_1_449' title='bbox 907 4242 1121 4316; x_wconf 77' lang='grc' dir='ltr'>χρῄζει.</span> <span class='ocrx_word' id='word_1_450' title='bbox 1166 4241 1233 4295; x_wconf 88' lang='grc' dir='ltr'>Τί</span> <span class='ocrx_word' id='word_1_451' title='bbox 1261 4238 1354 4295; x_wconf 82' lang='grc' dir='ltr'><strong>οῦν</strong></span> <span class='ocrx_word' id='word_1_452' title='bbox 1392 4241 1712 4310; x_wconf 83' lang='grc' dir='ltr'>ποιήσομεν,</span> <span class='ocrx_word' id='word_1_453' title='bbox 1744 4236 1930 4308; x_wconf 85' lang='grc' dir='ltr'>ἐπειδὴ</span> 
     </span>
    </p>
   </div>
   <div class='ocr_carea' id='block_1_62' title="bbox 341 4327 1930 4412">
    <p class='ocr_par' dir='ltr' id='par_1_62' title="bbox 341 4327 1930 4412">
     <span class='ocr_line' id='line_1_62' title="bbox 341 4327 1930 4412; baseline -0.009 -17"><span class='ocrx_word' id='word_1_454' title='bbox 341 4340 574 4412; x_wconf 76' lang='grc' dir='ltr'>ῥάϐδους</span> <span class='ocrx_word' id='word_1_455' title='bbox 621 4338 682 4392; x_wconf 75' lang='grc' dir='ltr'>οὐ</span> <span class='ocrx_word' id='word_1_456' title='bbox 731 4334 1254 4409; x_wconf 76' lang='grc' dir='ltr'>μεταχειριζόμεθα;</span> <span class='ocrx_word' id='word_1_457' title='bbox 1301 4332 1702 4403; x_wconf 77' lang='grc' dir='ltr'>καταλείψομεν</span> <span class='ocrx_word' id='word_1_458' title='bbox 1765 4327 1930 4383; x_wconf 83' lang='grc' dir='ltr'>αὑτὸν</span> 
     </span>
    </p>
   </div>
   <div class='ocr_carea' id='block_1_63' title="bbox 338 4423 1931 4504">
    <p class='ocr_par' dir='ltr' id='par_1_63' title="bbox 338 4423 1931 4504">
     <span class='ocr_line' id='line_1_63' title="bbox 338 4423 1931 4504; baseline -0.005 -19"><span class='ocrx_word' id='word_1_459' title='bbox 338 4430 712 4504; x_wconf 81' lang='grc' dir='ltr'>ἀπρονόητον;</span> <span class='ocrx_word' id='word_1_460' title='bbox 744 4430 856 4499; x_wconf 82' lang='grc' dir='ltr'><strong>Οὐχ</strong></span> <span class='ocrx_word' id='word_1_461' title='bbox 887 4426 1080 4491; x_wconf 79' lang='grc' dir='ltr'>οὕτως.</span> <span class='ocrx_word' id='word_1_462' title='bbox 1136 4426 1298 4480; x_wconf 85' lang='grc' dir='ltr'>Ἀλλά</span> <span class='ocrx_word' id='word_1_463' title='bbox 1324 4425 1416 4481; x_wconf 80' lang='grc' dir='ltr'>τὸν</span> <span class='ocrx_word' id='word_1_464' title='bbox 1463 4424 1627 4479; x_wconf 79' lang='grc' dir='ltr'>αὑτὸν</span> <span class='ocrx_word' id='word_1_465' title='bbox 1656 4423 1801 4495; x_wconf 82' lang='grc' dir='ltr'>λόγῳ</span> <span class='ocrx_word' id='word_1_466' title='bbox 1833 4439 1931 4494; x_wconf 83' lang='grc' dir='ltr'>με·</span> 
     </span>
    </p>
   </div>
   <div class='ocr_carea' id='block_1_64' title="bbox 2027 1862 3620 1934">
    <p class='ocr_par' dir='ltr' id='par_1_64' title="bbox 2027 1862 3620 1934">
     <span class='ocr_line' id='line_1_64' title="bbox 2027 1862 3620 1934; baseline 0.001 -17"><span class='ocrx_word' id='word_1_467' title='bbox 2027 1862 2319 1931; x_wconf 84' lang='lat' dir='ltr'><strong>originem,</strong></span> <span class='ocrx_word' id='word_1_468' title='bbox 2356 1868 2412 1918; x_wconf 88' lang='lat' dir='ltr'><strong>et</strong></span> <span class='ocrx_word' id='word_1_469' title='bbox 2437 1862 2492 1916; x_wconf 88' lang='lat' dir='ltr'><strong>in</strong></span> <span class='ocrx_word' id='word_1_470' title='bbox 2526 1863 2704 1933; x_wconf 84' lang='lat' dir='ltr'><strong>gratia</strong></span> <span class='ocrx_word' id='word_1_471' title='bbox 2755 1862 3016 1918; x_wconf 88' lang='lat' dir='ltr'><strong>obtinuit.</strong></span> <span class='ocrx_word' id='word_1_472' title='bbox 3070 1864 3461 1934; x_wconf 82' lang='lat' dir='ltr'><strong>Contemplare</strong></span> <span class='ocrx_word' id='word_1_473' title='bbox 3491 1878 3620 1918; x_wconf 87' lang='lat' dir='ltr'><strong>san-</strong></span> 
     </span>
    </p>
   </div>
   <div class='ocr_carea' id='block_1_65' title="bbox 2026 1952 3618 2024">
    <p class='ocr_par' dir='ltr' id='par_1_65' title="bbox 2026 1952 3618 2024">
     <span class='ocr_line' id='line_1_65' title="bbox 2026 1952 3618 2024; baseline 0.001 -16"><span class='ocrx_word' id='word_1_474' title='bbox 2026 1962 2176 2008; x_wconf 90' lang='lat' dir='ltr'><strong>ctum</strong></span> <span class='ocrx_word' id='word_1_475' title='bbox 2240 1952 2395 2007; x_wconf 92' lang='lat' dir='ltr'><strong>illum</strong></span> <span class='ocrx_word' id='word_1_476' title='bbox 2458 1952 2690 2008; x_wconf 85' lang='lat' dir='ltr'><strong>Paulum</strong></span> <span class='ocrx_word' id='word_1_477' title='bbox 2740 1968 2841 2023; x_wconf 86' lang='lat' dir='ltr'><strong>per</strong></span> <span class='ocrx_word' id='word_1_478' title='bbox 2893 1953 3176 2022; x_wconf 85' lang='lat' dir='ltr'><strong>Epistolas</strong></span> <span class='ocrx_word' id='word_1_479' title='bbox 3243 1953 3618 2024; x_wconf 88' lang='lat' dir='ltr'><strong>separationis</strong></span> 
     </span>
    </p>
   </div>
   <div class='ocr_carea' id='block_1_66' title="bbox 2025 2045 3620 2116">
    <p class='ocr_par' dir='ltr' id='par_1_66' title="bbox 2025 2045 3620 2116">
     <span class='ocr_line' id='line_1_66' title="bbox 2025 2045 3620 2116; baseline 0 -16"><span class='ocrx_word' id='word_1_480' title='bbox 2025 2060 2219 2116; x_wconf 83' lang='lat' dir='ltr'><strong>poenas</strong></span> <span class='ocrx_word' id='word_1_481' title='bbox 2257 2047 2317 2101; x_wconf 92' lang='lat' dir='ltr'><strong>in</strong></span> <span class='ocrx_word' id='word_1_482' title='bbox 2341 2046 2615 2101; x_wconf 82' lang='lat' dir='ltr'><strong>obnoxios</strong></span> <span class='ocrx_word' id='word_1_483' title='bbox 2645 2046 3091 2115; x_wconf 70' lang='lat' dir='ltr'><strong>pronuntianda:</strong></span> <span class='ocrx_word' id='word_1_484' title='bbox 3135 2045 3512 2110; x_wconf 85' lang='lat' dir='ltr'><strong>mandantem,</strong></span> <span class='ocrx_word' id='word_1_485' title='bbox 3563 2052 3620 2100; x_wconf 88' lang='lat' dir='ltr'><strong>et</strong></span> 
     </span>
    </p>
   </div>
   <div class='ocr_carea' id='block_1_67' title="bbox 2025 2134 3619 2207">
    <p class='ocr_par' dir='ltr' id='par_1_67' title="bbox 2025 2134 3619 2207">
     <span class='ocr_line' id='line_1_67' title="bbox 2025 2134 3619 2207; baseline -0.001 -16"><span class='ocrx_word' id='word_1_486' title='bbox 2025 2134 2374 2192; x_wconf 82' lang='lat' dir='ltr'><strong>Corinthium</strong></span> <span class='ocrx_word' id='word_1_487' title='bbox 2431 2136 2689 2207; x_wconf 81' lang='lat' dir='ltr'><strong>juvenem</strong></span> <span class='ocrx_word' id='word_1_488' title='bbox 2757 2137 3031 2206; x_wconf 90' lang='lat' dir='ltr'><strong>ejusmodi</strong></span> <span class='ocrx_word' id='word_1_489' title='bbox 3070 2137 3480 2192; x_wconf 84' lang='lat' dir='ltr'><strong>medicamento</strong></span> <span class='ocrx_word' id='word_1_490' title='bbox 3528 2151 3619 2191; x_wconf 85' lang='lat' dir='ltr'><strong>sa-</strong></span> 
     </span>
    </p>
   </div>
   <div class='ocr_carea' id='block_1_68' title="bbox 2024 2227 3617 2300">
    <p class='ocr_par' dir='ltr' id='par_1_68' title="bbox 2024 2227 3617 2300">
     <span class='ocr_line' id='line_1_68' title="bbox 2024 2227 3617 2300; baseline 0.004 -20"><span class='ocrx_word' id='word_1_491' title='bbox 2024 2236 2271 2290; x_wconf 90' lang='lat' dir='ltr'><strong>nantem,</strong></span> <span class='ocrx_word' id='word_1_492' title='bbox 2299 2227 2393 2298; x_wconf 90' lang='lat' dir='ltr'><strong>qui</strong></span> <span class='ocrx_word' id='word_1_493' title='bbox 2424 2229 2673 2285; x_wconf 88' lang='lat' dir='ltr'><strong>satanica</strong></span> <span class='ocrx_word' id='word_1_494' title='bbox 2722 2230 2877 2285; x_wconf 88' lang='lat' dir='ltr'><strong>rabie</strong></span> <span class='ocrx_word' id='word_1_495' title='bbox 2915 2230 3183 2300; x_wconf 81' lang='lat' dir='ltr'><strong>percitus,</strong></span> <span class='ocrx_word' id='word_1_496' title='bbox 3246 2243 3501 2285; x_wconf 72' lang='lat' dir='ltr'><strong>noverca:</strong></span> <span class='ocrx_word' id='word_1_497' title='bbox 3555 2244 3617 2286; x_wconf 86' lang='lat' dir='ltr'><strong>se</strong></span> 
     </span>
    </p>
   </div>
   <div class='ocr_carea' id='block_1_69' title="bbox 2025 2319 3608 2391">
    <p class='ocr_par' dir='ltr' id='par_1_69' title="bbox 2025 2319 3608 2391">
     <span class='ocr_line' id='line_1_69' title="bbox 2025 2319 3608 2391; baseline 0.001 -18"><span class='ocrx_word' id='word_1_498' title='bbox 2025 2319 2491 2376; x_wconf 87' lang='lat' dir='ltr'><strong>commiscuerat:</strong></span> <span class='ocrx_word' id='word_1_499' title='bbox 2524 2322 2728 2388; x_wconf 68' lang='lat' dir='ltr'><strong>«Quem</strong></span> <span class='ocrx_word' id='word_1_500' title='bbox 2761 2321 2909 2377; x_wconf 89' lang='lat' dir='ltr'><strong>enim</strong></span> <span class='ocrx_word' id='word_1_501' title='bbox 2940 2320 3205 2376; x_wconf 86' lang='lat' dir='ltr'><strong>Dominus</strong></span> <span class='ocrx_word' id='word_1_502' title='bbox 3222 2321 3608 2391; x_wconf 82' lang='lat' dir='ltr'><strong>diligit,-casti-</strong></span> 
     </span>
    </p>
   </div>
   <div class='ocr_carea' id='block_1_70' title="bbox 2025 2411 3604 2486">
    <p class='ocr_par' dir='ltr' id='par_1_70' title="bbox 2025 2411 3604 2486">
     <span class='ocr_line' id='line_1_70' title="bbox 2025 2411 3604 2486; baseline -0.001 -19"><span class='ocrx_word' id='word_1_503' title='bbox 2025 2420 2151 2486; x_wconf 85' lang='lat' dir='ltr'><strong>gat;</strong></span> <span class='ocrx_word' id='word_1_504' title='bbox 2182 2411 2398 2485; x_wconf 81' lang='lat' dir='ltr'><strong>ﬂagello</strong></span> <span class='ocrx_word' id='word_1_505' title='bbox 2427 2424 2609 2472; x_wconf 90' lang='lat' dir='ltr'><strong>autem</strong></span> <span class='ocrx_word' id='word_1_506' title='bbox 2637 2415 2764 2471; x_wconf 90' lang='lat' dir='ltr'><strong>ferit</strong></span> <span class='ocrx_word' id='word_1_507' title='bbox 2785 2430 2947 2484; x_wconf 83' lang='lat' dir='ltr'><strong>quem</strong></span> <span class='ocrx_word' id='word_1_508' title='bbox 2968 2414 3297 2484; x_wconf 76' lang='lat' dir='ltr'><strong>suscipit&quot;.i</strong></span> <span class='ocrx_word' id='word_1_509' title='bbox 3333 2412 3453 2467; x_wconf 81' lang='lat' dir='ltr'><strong>Non</strong></span> <span class='ocrx_word' id='word_1_510' title='bbox 3472 2420 3604 2468; x_wconf 91' lang='lat' dir='ltr'><strong>sunt</strong></span> 
     </span>
    </p>
   </div>
   <div class='ocr_carea' id='block_1_71' title="bbox 2026 2503 3609 2571">
    <p class='ocr_par' dir='ltr' id='par_1_71' title="bbox 2026 2503 3609 2571">
     <span class='ocr_line' id='line_1_71' title="bbox 2026 2503 3609 2571; baseline -0.003 -9"><span class='ocrx_word' id='word_1_511' title='bbox 2026 2506 2174 2563; x_wconf 91' lang='lat' dir='ltr'><strong>enim</strong></span> <span class='ocrx_word' id='word_1_512' title='bbox 2205 2506 2422 2561; x_wconf 84' lang='lat' dir='ltr'><strong>radices</strong></span> <span class='ocrx_word' id='word_1_513' title='bbox 2461 2506 2794 2562; x_wconf 85' lang='lat' dir='ltr'><strong>eruditionis</strong></span> <span class='ocrx_word' id='word_1_514' title='bbox 2819 2507 3032 2569; x_wconf 87' lang='lat' dir='ltr'><strong>dulces,</strong></span> <span class='ocrx_word' id='word_1_515' title='bbox 3071 2505 3167 2561; x_wconf 91' lang='lat' dir='ltr'><strong>sed</strong></span> <span class='ocrx_word' id='word_1_516' title='bbox 3199 2520 3439 2571; x_wconf 57' lang='lat' dir='ltr'><strong>amara;</strong></span> <span class='ocrx_word' id='word_1_517' title='bbox 3490 2503 3609 2558; x_wconf 88' lang='lat' dir='ltr'><strong>fru-</strong></span> 
     </span>
    </p>
   </div>
   <div class='ocr_carea' id='block_1_72' title="bbox 2025 2595 3619 2667">
    <p class='ocr_par' dir='ltr' id='par_1_72' title="bbox 2025 2595 3619 2667">
     <span class='ocr_line' id='line_1_72' title="bbox 2025 2595 3619 2667; baseline -0.003 -13"><span class='ocrx_word' id='word_1_518' title='bbox 2025 2606 2179 2654; x_wconf 85' lang='lat' dir='ltr'><strong>ctum</strong></span> <span class='ocrx_word' id='word_1_519' title='bbox 2219 2605 2402 2653; x_wconf 89' lang='lat' dir='ltr'><strong>autem</strong></span> <span class='ocrx_word' id='word_1_520' title='bbox 2435 2598 2492 2651; x_wconf 91' lang='lat' dir='ltr'><strong>in</strong></span> <span class='ocrx_word' id='word_1_521' title='bbox 2527 2606 2808 2667; x_wconf 88' lang='lat' dir='ltr'><strong>posterum</strong></span> <span class='ocrx_word' id='word_1_522' title='bbox 2840 2599 3152 2667; x_wconf 80' lang='lat' dir='ltr'><strong>germinant</strong></span> <span class='ocrx_word' id='word_1_523' title='bbox 3193 2596 3332 2652; x_wconf 83' lang='lat' dir='ltr'><strong>favis</strong></span> <span class='ocrx_word' id='word_1_524' title='bbox 3395 2595 3619 2651; x_wconf 83' lang='lat' dir='ltr'><strong>suavio-</strong></span> 
     </span>
    </p>
   </div>
   <div class='ocr_carea' id='block_1_73' title="bbox 2026 2685 3619 2756">
    <p class='ocr_par' dir='ltr' id='par_1_73' title="bbox 2026 2685 3619 2756">
     <span class='ocr_line' id='line_1_73' title="bbox 2026 2685 3619 2756; baseline -0.002 -14"><span class='ocrx_word' id='word_1_525' title='bbox 2026 2702 2164 2742; x_wconf 86' lang='lat' dir='ltr'><strong>rem.</strong></span> <span class='ocrx_word' id='word_1_526' title='bbox 2213 2687 2280 2741; x_wconf 88' lang='lat' dir='ltr'><strong>Et</strong></span> <span class='ocrx_word' id='word_1_527' title='bbox 2330 2687 2541 2741; x_wconf 89' lang='lat' dir='ltr'><strong>idcirco</strong></span> <span class='ocrx_word' id='word_1_528' title='bbox 2575 2687 2763 2741; x_wconf 91' lang='lat' dir='ltr'><strong>labore</strong></span> <span class='ocrx_word' id='word_1_529' title='bbox 2822 2685 3044 2756; x_wconf 86' lang='lat' dir='ltr'><strong>quidem</strong></span> <span class='ocrx_word' id='word_1_530' title='bbox 3087 2688 3137 2741; x_wconf 90' lang='lat' dir='ltr'><strong>ei</strong></span> <span class='ocrx_word' id='word_1_531' title='bbox 3188 2687 3282 2756; x_wconf 87' lang='lat' dir='ltr'><strong>qui</strong></span> <span class='ocrx_word' id='word_1_532' title='bbox 3329 2694 3619 2741; x_wconf 82' lang='lat' dir='ltr'><strong>exercetur</strong></span> 
     </span>
    </p>
   </div>
   <div class='ocr_carea' id='block_1_74' title="bbox 2028 2777 3621 2848">
    <p class='ocr_par' dir='ltr' id='par_1_74' title="bbox 2028 2777 3621 2848">
     <span class='ocr_line' id='line_1_74' title="bbox 2028 2777 3621 2848; baseline 0 -16"><span class='ocrx_word' id='word_1_533' title='bbox 2028 2794 2168 2848; x_wconf 91' lang='lat' dir='ltr'><strong>opus</strong></span> <span class='ocrx_word' id='word_1_534' title='bbox 2198 2786 2327 2845; x_wconf 86' lang='lat' dir='ltr'><strong>est;</strong></span> <span class='ocrx_word' id='word_1_535' title='bbox 2403 2778 2453 2834; x_wconf 91' lang='lat' dir='ltr'><strong>ei</strong></span> <span class='ocrx_word' id='word_1_536' title='bbox 2501 2786 2681 2832; x_wconf 87' lang='lat' dir='ltr'><strong>autem</strong></span> <span class='ocrx_word' id='word_1_537' title='bbox 2735 2777 2829 2847; x_wconf 90' lang='lat' dir='ltr'><strong>qui</strong></span> <span class='ocrx_word' id='word_1_538' title='bbox 2884 2785 3122 2843; x_wconf 82' lang='lat' dir='ltr'><strong>exercet,</strong></span> <span class='ocrx_word' id='word_1_539' title='bbox 3154 2786 3210 2834; x_wconf 89' lang='lat' dir='ltr'><strong>et</strong></span> <span class='ocrx_word' id='word_1_540' title='bbox 3259 2779 3511 2842; x_wconf 79' lang='lat' dir='ltr'><strong>verbere,</strong></span> <span class='ocrx_word' id='word_1_541' title='bbox 3563 2786 3621 2832; x_wconf 79' lang='lat' dir='ltr'><strong>ct</strong></span> 
     </span>
    </p>
   </div>
   <div class='ocr_carea' id='block_1_75' title="bbox 2028 2868 3621 2940">
    <p class='ocr_par' dir='ltr' id='par_1_75' title="bbox 2028 2868 3621 2940">
     <span class='ocr_line' id='line_1_75' title="bbox 2028 2868 3621 2940; baseline 0 -16"><span class='ocrx_word' id='word_1_542' title='bbox 2028 2870 2351 2940; x_wconf 86' lang='lat' dir='ltr'><strong>asperitate.</strong></span> <span class='ocrx_word' id='word_1_543' title='bbox 2404 2870 2484 2924; x_wconf 87' lang='lat' dir='ltr'><strong>Ac</strong></span> <span class='ocrx_word' id='word_1_544' title='bbox 2545 2870 2600 2924; x_wconf 89' lang='lat' dir='ltr'><strong>in</strong></span> <span class='ocrx_word' id='word_1_545' title='bbox 2632 2869 2750 2939; x_wconf 82' lang='lat' dir='ltr'><strong>lege</strong></span> <span class='ocrx_word' id='word_1_546' title='bbox 2809 2868 3051 2925; x_wconf 85' lang='lat' dir='ltr'><strong>Mosaica</strong></span> <span class='ocrx_word' id='word_1_547' title='bbox 3113 2870 3345 2926; x_wconf 90' lang='lat' dir='ltr'><strong>decades</strong></span> <span class='ocrx_word' id='word_1_548' title='bbox 3382 2876 3621 2940; x_wconf 81' lang='lat' dir='ltr'><strong>quatuor</strong></span> 
     </span>
    </p>
   </div>
   <div class='ocr_carea' id='block_1_76' title="bbox 2028 2961 3619 3032">
    <p class='ocr_par' dir='ltr' id='par_1_76' title="bbox 2028 2961 3619 3032">
     <span class='ocr_line' id='line_1_76' title="bbox 2028 2961 3619 3032; baseline 0.001 -17"><span class='ocrx_word' id='word_1_549' title='bbox 2028 2962 2319 3030; x_wconf 80' lang='lat' dir='ltr'><strong>hucusque</strong></span> <span class='ocrx_word' id='word_1_550' title='bbox 2343 2961 2628 3032; x_wconf 76' lang='lat' dir='ltr'><strong>plagarum</strong></span> <span class='ocrx_word' id='word_1_551' title='bbox 2658 2972 3004 3031; x_wconf 83' lang='lat' dir='ltr'><strong>permanent,</strong></span> <span class='ocrx_word' id='word_1_552' title='bbox 3030 2978 3140 3018; x_wconf 89' lang='lat' dir='ltr'><strong>non</strong></span> <span class='ocrx_word' id='word_1_553' title='bbox 3163 2971 3348 3018; x_wconf 91' lang='lat' dir='ltr'><strong>autem</strong></span> <span class='ocrx_word' id='word_1_554' title='bbox 3374 2963 3429 3016; x_wconf 92' lang='lat' dir='ltr'><strong>in</strong></span> <span class='ocrx_word' id='word_1_555' title='bbox 3452 2977 3619 3017; x_wconf 76' lang='lat' dir='ltr'><strong>evan-</strong></span> 
     </span>
    </p>
   </div>
   <div class='ocr_carea' id='block_1_77' title="bbox 2029 3053 3620 3124">
    <p class='ocr_par' dir='ltr' id='par_1_77' title="bbox 2029 3053 3620 3124">
     <span class='ocr_line' id='line_1_77' title="bbox 2029 3053 3620 3124; baseline -0.002 -13"><span class='ocrx_word' id='word_1_556' title='bbox 2029 3054 2199 3124; x_wconf 85' lang='lat' dir='ltr'><strong>gelica</strong></span> <span class='ocrx_word' id='word_1_557' title='bbox 2235 3053 2346 3108; x_wconf 89' lang='lat' dir='ltr'><strong>vita</strong></span> <span class='ocrx_word' id='word_1_558' title='bbox 2380 3073 2393 3109; x_wconf 90' lang='lat'>:</span> <span class='ocrx_word' id='word_1_559' title='bbox 2429 3054 2699 3124; x_wconf 88' lang='lat' dir='ltr'><strong>siquidem</strong></span> <span class='ocrx_word' id='word_1_560' title='bbox 2741 3055 2989 3109; x_wconf 88' lang='lat' dir='ltr'><strong>omnium</strong></span> <span class='ocrx_word' id='word_1_561' title='bbox 3029 3071 3211 3111; x_wconf 90' lang='lat' dir='ltr'><strong>sermo</strong></span> <span class='ocrx_word' id='word_1_562' title='bbox 3243 3063 3349 3120; x_wconf 89' lang='lat' dir='ltr'><strong>est,</strong></span> <span class='ocrx_word' id='word_1_563' title='bbox 3399 3054 3620 3111; x_wconf 86' lang='lat' dir='ltr'><strong>miseri-</strong></span> 
     </span>
    </p>
   </div>
   <div class='ocr_carea' id='block_1_78' title="bbox 1955 3144 3620 3225">
    <p class='ocr_par' dir='ltr' id='par_1_78' title="bbox 1955 3144 3620 3225">
     <span class='ocr_line' id='line_1_78' title="bbox 1955 3144 3620 3225; baseline -0.001 -24"><span class='ocrx_word' id='word_1_564' title='bbox 1955 3166 2000 3225; x_wconf 69' lang='grc' dir='ltr'>ο</span> <span class='ocrx_word' id='word_1_565' title='bbox 2031 3145 2221 3202; x_wconf 90' lang='lat' dir='ltr'><strong>cordia</strong></span> <span class='ocrx_word' id='word_1_566' title='bbox 2247 3152 2301 3202; x_wconf 88' lang='lat' dir='ltr'><strong>et</strong></span> <span class='ocrx_word' id='word_1_567' title='bbox 2330 3145 2507 3217; x_wconf 88' lang='lat' dir='ltr'><strong>virga,</strong></span> <span class='ocrx_word' id='word_1_568' title='bbox 2544 3144 2860 3201; x_wconf 85' lang='lat' dir='ltr'><strong>adhortatio</strong></span> <span class='ocrx_word' id='word_1_569' title='bbox 2894 3155 2950 3203; x_wconf 89' lang='lat' dir='ltr'><strong>et</strong></span> <span class='ocrx_word' id='word_1_570' title='bbox 2981 3148 3162 3218; x_wconf 89' lang='lat' dir='ltr'><strong>plaga.</strong></span> <span class='ocrx_word' id='word_1_571' title='bbox 3193 3145 3311 3201; x_wconf 88' lang='lat' dir='ltr'><strong>Non</strong></span> <span class='ocrx_word' id='word_1_572' title='bbox 3339 3147 3483 3202; x_wconf 89' lang='lat' dir='ltr'><strong>enim</strong></span> <span class='ocrx_word' id='word_1_573' title='bbox 3521 3145 3620 3201; x_wconf 86' lang='lat' dir='ltr'><strong>tibi</strong></span> 
     </span>
    </p>
   </div>
   <div class='ocr_carea' id='block_1_79' title="bbox 2031 3236 3622 3308">
    <p class='ocr_par' dir='ltr' id='par_1_79' title="bbox 2031 3236 3622 3308">
     <span class='ocr_line' id='line_1_79' title="bbox 2031 3236 3622 3308; baseline -0.001 -16"><span class='ocrx_word' id='word_1_574' title='bbox 2031 3237 2261 3293; x_wconf 85' lang='lat' dir='ltr'><strong>verbera</strong></span> <span class='ocrx_word' id='word_1_575' title='bbox 2295 3236 2592 3294; x_wconf 87' lang='lat' dir='ltr'><strong>inferimus</strong></span> <span class='ocrx_word' id='word_1_576' title='bbox 2626 3247 2689 3293; x_wconf 89' lang='lat' dir='ltr'><strong>ut</strong></span> <span class='ocrx_word' id='word_1_577' title='bbox 2747 3253 2931 3302; x_wconf 85' lang='lat' dir='ltr'><strong>servo,</strong></span> <span class='ocrx_word' id='word_1_578' title='bbox 2963 3237 3061 3295; x_wconf 90' lang='lat' dir='ltr'><strong>sed</strong></span> <span class='ocrx_word' id='word_1_579' title='bbox 3111 3246 3163 3294; x_wconf 92' lang='lat' dir='ltr'><strong>te</strong></span> <span class='ocrx_word' id='word_1_580' title='bbox 3190 3238 3525 3308; x_wconf 79' lang='lat' dir='ltr'><strong>castigamus</strong></span> <span class='ocrx_word' id='word_1_581' title='bbox 3559 3243 3622 3291; x_wconf 90' lang='lat' dir='ltr'><strong>ut</strong></span> 
     </span>
    </p>
   </div>
   <div class='ocr_carea' id='block_1_80' title="bbox 2030 3329 3618 3400">
    <p class='ocr_par' dir='ltr' id='par_1_80' title="bbox 2030 3329 3618 3400">
     <span class='ocr_line' id='line_1_80' title="bbox 2030 3329 3618 3400; baseline -0.001 -16"><span class='ocrx_word' id='word_1_582' title='bbox 2030 3329 2264 3386; x_wconf 89' lang='lat' dir='ltr'><strong>liberum</strong></span> <span class='ocrx_word' id='word_1_583' title='bbox 2297 3348 2311 3384; x_wconf 90' lang='lat'><strong>:</strong></span> <span class='ocrx_word' id='word_1_584' title='bbox 2356 3330 2456 3385; x_wconf 87' lang='lat' dir='ltr'><strong>tibi</strong></span> <span class='ocrx_word' id='word_1_585' title='bbox 2498 3329 2644 3385; x_wconf 89' lang='lat' dir='ltr'><strong>enim</strong></span> <span class='ocrx_word' id='word_1_586' title='bbox 2687 3345 2756 3384; x_wconf 86' lang='lat' dir='ltr'><strong>ex</strong></span> <span class='ocrx_word' id='word_1_587' title='bbox 2785 3329 2924 3384; x_wconf 77' lang='lat' dir='ltr'><strong>Sara</strong></span> <span class='ocrx_word' id='word_1_588' title='bbox 2957 3330 3134 3385; x_wconf 85' lang='lat' dir='ltr'><strong>libera</strong></span> <span class='ocrx_word' id='word_1_589' title='bbox 3161 3344 3337 3400; x_wconf 82' lang='lat' dir='ltr'><strong>genus</strong></span> <span class='ocrx_word' id='word_1_590' title='bbox 3368 3336 3473 3392; x_wconf 90' lang='lat' dir='ltr'><strong>est,</strong></span> <span class='ocrx_word' id='word_1_591' title='bbox 3509 3343 3618 3382; x_wconf 89' lang='lat' dir='ltr'><strong>non</strong></span> 
     </span>
    </p>
   </div>
   <div class='ocr_carea' id='block_1_81' title="bbox 2029 3419 3620 3490">
    <p class='ocr_par' dir='ltr' id='par_1_81' title="bbox 2029 3419 3620 3490">
     <span class='ocr_line' id='line_1_81' title="bbox 2029 3419 3620 3490; baseline -0.002 -14"><span class='ocrx_word' id='word_1_592' title='bbox 2029 3435 2097 3476; x_wconf 88' lang='lat' dir='ltr'><strong>ex</strong></span> <span class='ocrx_word' id='word_1_593' title='bbox 2135 3419 2283 3490; x_wconf 85' lang='lat' dir='ltr'><strong>Agar</strong></span> <span class='ocrx_word' id='word_1_594' title='bbox 2315 3434 2495 3476; x_wconf 88' lang='lat' dir='ltr'><strong>serva.</strong></span> <span class='ocrx_word' id='word_1_595' title='bbox 2523 3419 2865 3475; x_wconf 80' lang='lat' dir='ltr'><strong>Reveremur</strong></span> <span class='ocrx_word' id='word_1_596' title='bbox 2887 3428 2944 3475; x_wconf 90' lang='lat' dir='ltr'><strong>te</strong></span> <span class='ocrx_word' id='word_1_597' title='bbox 2976 3430 3038 3474; x_wconf 88' lang='lat' dir='ltr'><strong>ut</strong></span> <span class='ocrx_word' id='word_1_598' title='bbox 3073 3420 3257 3475; x_wconf 66' lang='lat' dir='ltr'><strong>liberae</strong></span> <span class='ocrx_word' id='word_1_599' title='bbox 3283 3420 3477 3483; x_wconf 90' lang='lat' dir='ltr'><strong>tilium,</strong></span> <span class='ocrx_word' id='word_1_600' title='bbox 3509 3434 3620 3473; x_wconf 87' lang='lat' dir='ltr'><strong>non</strong></span> 
     </span>
    </p>
   </div>
   <div class='ocr_carea' id='block_1_82' title="bbox 2030 3510 3620 3581">
    <p class='ocr_par' dir='ltr' id='par_1_82' title="bbox 2030 3510 3620 3581">
     <span class='ocr_line' id='line_1_82' title="bbox 2030 3510 3620 3581; baseline -0.001 -15"><span class='ocrx_word' id='word_1_601' title='bbox 2030 3511 2432 3567; x_wconf 89' lang='lat' dir='ltr'><strong>dedecoramus</strong></span> <span class='ocrx_word' id='word_1_602' title='bbox 2471 3521 2530 3567; x_wconf 85' lang='lat' dir='ltr'><strong>ut</strong></span> <span class='ocrx_word' id='word_1_603' title='bbox 2567 3512 2782 3567; x_wconf 82' lang='lat' dir='ltr'><strong>ancillae</strong></span> <span class='ocrx_word' id='word_1_604' title='bbox 2820 3511 3179 3581; x_wconf 75' lang='lat' dir='ltr'><strong>progeniem:</strong></span> <span class='ocrx_word' id='word_1_605' title='bbox 3226 3511 3299 3566; x_wconf 90' lang='lat' dir='ltr'><strong>ob</strong></span> <span class='ocrx_word' id='word_1_606' title='bbox 3337 3510 3390 3564; x_wconf 91' lang='lat' dir='ltr'><strong>id</strong></span> <span class='ocrx_word' id='word_1_607' title='bbox 3431 3510 3620 3565; x_wconf 88' lang='lat' dir='ltr'><strong>liberis</strong></span> 
     </span>
    </p>
   </div>
   <div class='ocr_carea' id='block_1_83' title="bbox 2031 3602 3621 3673">
    <p class='ocr_par' dir='ltr' id='par_1_83' title="bbox 2031 3602 3621 3673">
     <span class='ocr_line' id='line_1_83' title="bbox 2031 3602 3621 3673; baseline -0.003 -14"><span class='ocrx_word' id='word_1_608' title='bbox 2031 3603 2505 3673; x_wconf 84' lang='lat' dir='ltr'><strong>increpationibus</strong></span> <span class='ocrx_word' id='word_1_609' title='bbox 2542 3611 2595 3659; x_wconf 89' lang='lat' dir='ltr'><strong>te</strong></span> <span class='ocrx_word' id='word_1_610' title='bbox 2624 3602 2883 3669; x_wconf 84' lang='lat' dir='ltr'><strong>angimus</strong></span> <span class='ocrx_word' id='word_1_611' title='bbox 2912 3609 3254 3672; x_wconf 83' lang='lat' dir='ltr'><strong>peccantem,</strong></span> <span class='ocrx_word' id='word_1_612' title='bbox 3287 3617 3396 3657; x_wconf 90' lang='lat' dir='ltr'><strong>non</strong></span> <span class='ocrx_word' id='word_1_613' title='bbox 3419 3616 3621 3672; x_wconf 89' lang='lat' dir='ltr'><strong>corpus</strong></span> 
     </span>
    </p>
   </div>
   <div class='ocr_carea' id='block_1_84' title="bbox 2030 3693 3620 3781">
    <p class='ocr_par' dir='ltr' id='par_1_84' title="bbox 2030 3693 3620 3781">
     <span class='ocr_line' id='line_1_84' title="bbox 2030 3693 3620 3781; baseline -0.002 -30"><span class='ocrx_word' id='word_1_614' title='bbox 2030 3705 2355 3769; x_wconf 84' lang='lat' dir='ltr'><strong>pungentes,</strong></span> <span class='ocrx_word' id='word_1_615' title='bbox 2404 3696 2501 3750; x_wconf 88' lang='lat' dir='ltr'><strong>sed</strong></span> <span class='ocrx_word' id='word_1_616' title='bbox 2535 3696 2782 3781; x_wconf 79' lang='lat' dir='ltr'><strong>animum</strong></span> <span class='ocrx_word' id='word_1_617' title='bbox 2838 3695 3178 3749; x_wconf 72' lang='lat' dir='ltr'><strong>cruciantes.</strong></span> <span class='ocrx_word' id='word_1_618' title='bbox 3237 3693 3394 3761; x_wconf 84' lang='lat' dir='ltr'><strong>Quod</strong></span> <span class='ocrx_word' id='word_1_619' title='bbox 3433 3696 3479 3750; x_wconf 91' lang='lat' dir='ltr'><strong>si</strong></span> <span class='ocrx_word' id='word_1_620' title='bbox 3551 3693 3620 3748; x_wconf 90' lang='lat' dir='ltr'><strong>ab</strong></span> 
     </span>
    </p>
   </div>
   <div class='ocr_carea' id='block_1_85' title="bbox 2030 3782 3622 3853">
    <p class='ocr_par' dir='ltr' id='par_1_85' title="bbox 2030 3782 3622 3853">
     <span class='ocr_line' id='line_1_85' title="bbox 2030 3782 3622 3853; baseline -0.001 -17"><span class='ocrx_word' id='word_1_621' title='bbox 2030 3782 2135 3838; x_wconf 87' lang='lat' dir='ltr'><strong>hac</strong></span> <span class='ocrx_word' id='word_1_622' title='bbox 2164 3798 2222 3839; x_wconf 91' lang='lat' dir='ltr'><strong>re</strong></span> <span class='ocrx_word' id='word_1_623' title='bbox 2253 3782 2654 3846; x_wconf 89' lang='lat' dir='ltr'><strong>abstineamus,</strong></span> <span class='ocrx_word' id='word_1_624' title='bbox 2711 3797 2821 3853; x_wconf 89' lang='lat' dir='ltr'><strong>quo</strong></span> <span class='ocrx_word' id='word_1_625' title='bbox 2862 3790 2917 3837; x_wconf 89' lang='lat' dir='ltr'><strong>te</strong></span> <span class='ocrx_word' id='word_1_626' title='bbox 2968 3792 3127 3852; x_wconf 75' lang='lat' dir='ltr'><strong>pacto</strong></span> <span class='ocrx_word' id='word_1_627' title='bbox 3174 3782 3622 3852; x_wconf 80' lang='lat' dir='ltr'><strong>castigabimus?</strong></span> 
     </span>
    </p>
   </div>
   <div class='ocr_carea' id='block_1_86' title="bbox 2030 3873 3621 3945">
    <p class='ocr_par' dir='ltr' id='par_1_86' title="bbox 2030 3873 3621 3945">
     <span class='ocr_line' id='line_1_86' title="bbox 2030 3873 3621 3945; baseline 0.002 -18"><span class='ocrx_word' id='word_1_628' title='bbox 2030 3873 2276 3929; x_wconf 89' lang='lat' dir='ltr'><strong>Doccudi</strong></span> <span class='ocrx_word' id='word_1_629' title='bbox 2321 3873 2462 3928; x_wconf 76' lang='lat' dir='ltr'><strong>ratio</strong></span> <span class='ocrx_word' id='word_1_630' title='bbox 2493 3882 2577 3929; x_wconf 92' lang='lat' dir='ltr'><strong>est</strong></span> <span class='ocrx_word' id='word_1_631' title='bbox 2637 3882 2875 3929; x_wconf 88' lang='lat' dir='ltr'><strong>tractatu</strong></span> <span class='ocrx_word' id='word_1_632' title='bbox 2929 3874 3188 3941; x_wconf 72' lang='lat' dir='ltr'><strong>difﬁcilis,</strong></span> <span class='ocrx_word' id='word_1_633' title='bbox 3237 3876 3621 3945; x_wconf 89' lang='lat' dir='ltr'><strong>institutioque</strong></span> 
     </span>
    </p>
   </div>
   <div class='ocr_carea' id='block_1_87' title="bbox 2029 3966 3623 4038">
    <p class='ocr_par' dir='ltr' id='par_1_87' title="bbox 2029 3966 3623 4038">
     <span class='ocr_line' id='line_1_87' title="bbox 2029 3966 3623 4038; baseline 0.001 -19"><span class='ocrx_word' id='word_1_634' title='bbox 2029 3966 2278 4030; x_wconf 85' lang='lat' dir='ltr'><strong>virtutis,</strong></span> <span class='ocrx_word' id='word_1_635' title='bbox 2316 3980 2380 4019; x_wconf 88' lang='lat' dir='ltr'><strong>ac</strong></span> <span class='ocrx_word' id='word_1_636' title='bbox 2406 3966 2613 4020; x_wconf 87' lang='lat' dir='ltr'><strong>variam</strong></span> <span class='ocrx_word' id='word_1_637' title='bbox 2642 3967 2873 4038; x_wconf 84' lang='lat' dir='ltr'><strong>requirit</strong></span> <span class='ocrx_word' id='word_1_638' title='bbox 2892 3967 3387 4023; x_wconf 82' lang='lat' dir='ltr'><strong>administrationis</strong></span> <span class='ocrx_word' id='word_1_639' title='bbox 3406 3967 3623 4038; x_wconf 84' lang='lat' dir='ltr'><strong>dispen-</strong></span> 
     </span>
    </p>
   </div>
   <div class='ocr_carea' id='block_1_88' title="bbox 2031 4058 3615 4128">
    <p class='ocr_par' dir='ltr' id='par_1_88' title="bbox 2031 4058 3615 4128">
     <span class='ocr_line' id='line_1_88' title="bbox 2031 4058 3615 4128; baseline -0.003 -14"><span class='ocrx_word' id='word_1_640' title='bbox 2031 4060 2321 4118; x_wconf 87' lang='lat' dir='ltr'><strong>sationem.</strong></span> <span class='ocrx_word' id='word_1_641' title='bbox 2347 4073 2469 4128; x_wconf 69' lang='lat' dir='ltr'><strong>quae</strong></span> <span class='ocrx_word' id='word_1_642' title='bbox 2502 4073 2561 4112; x_wconf 90' lang='lat' dir='ltr'><strong>se</strong></span> <span class='ocrx_word' id='word_1_643' title='bbox 2602 4059 2851 4114; x_wconf 77' lang='lat' dir='ltr'><strong>moribus</strong></span> <span class='ocrx_word' id='word_1_644' title='bbox 2882 4066 2941 4112; x_wconf 91' lang='lat' dir='ltr'><strong>ut</strong></span> <span class='ocrx_word' id='word_1_645' title='bbox 2977 4073 3102 4114; x_wconf 87' lang='lat' dir='ltr'><strong>sese</strong></span> <span class='ocrx_word' id='word_1_646' title='bbox 3134 4058 3373 4116; x_wconf 69' lang='lat' dir='ltr'><strong>oﬂ&#39;erunt</strong></span> <span class='ocrx_word' id='word_1_647' title='bbox 3394 4071 3615 4111; x_wconf 86' lang='lat' dir='ltr'><strong>accom-</strong></span> 
     </span>
    </p>
   </div>
   <div class='ocr_carea' id='block_1_89' title="bbox 2031 4148 3613 4219">
    <p class='ocr_par' dir='ltr' id='par_1_89' title="bbox 2031 4148 3613 4219">
     <span class='ocr_line' id='line_1_89' title="bbox 2031 4148 3613 4219; baseline -0.001 -17"><span class='ocrx_word' id='word_1_648' title='bbox 2031 4150 2234 4205; x_wconf 89' lang='lat' dir='ltr'><strong>modet.</strong></span> <span class='ocrx_word' id='word_1_649' title='bbox 2265 4149 2359 4205; x_wconf 88' lang='lat' dir='ltr'><strong>Est</strong></span> <span class='ocrx_word' id='word_1_650' title='bbox 2391 4150 2663 4219; x_wconf 80' lang='lat' dir='ltr'><strong>quispiam</strong></span> <span class='ocrx_word' id='word_1_651' title='bbox 2706 4150 2970 4206; x_wconf 86' lang='lat' dir='ltr'><strong>obediens</strong></span> <span class='ocrx_word' id='word_1_652' title='bbox 3006 4158 3060 4204; x_wconf 89' lang='lat' dir='ltr'><strong>et</strong></span> <span class='ocrx_word' id='word_1_653' title='bbox 3094 4149 3162 4204; x_wconf 88' lang='lat' dir='ltr'><strong>ad</strong></span> <span class='ocrx_word' id='word_1_654' title='bbox 3212 4148 3613 4204; x_wconf 88' lang='lat' dir='ltr'><strong>instituendum</strong></span> 
     </span>
    </p>
   </div>
   <div class='ocr_carea' id='block_1_90' title="bbox 2031 4240 3617 4310">
    <p class='ocr_par' dir='ltr' id='par_1_90' title="bbox 2031 4240 3617 4310">
     <span class='ocr_line' id='line_1_90' title="bbox 2031 4240 3617 4310; baseline -0.001 -15"><span class='ocrx_word' id='word_1_655' title='bbox 2031 4243 2216 4296; x_wconf 89' lang='lat' dir='ltr'><strong>animo</strong></span> <span class='ocrx_word' id='word_1_656' title='bbox 2248 4240 2467 4295; x_wconf 81' lang='lat' dir='ltr'><strong>facilis?</strong></span> <span class='ocrx_word' id='word_1_657' title='bbox 2496 4241 2634 4295; x_wconf 87' lang='lat' dir='ltr'><strong>lluie</strong></span> <span class='ocrx_word' id='word_1_658' title='bbox 2659 4242 2800 4297; x_wconf 90' lang='lat' dir='ltr'><strong>lenis</strong></span> <span class='ocrx_word' id='word_1_659' title='bbox 2824 4251 2878 4296; x_wconf 91' lang='lat' dir='ltr'><strong>ct</strong></span> <span class='ocrx_word' id='word_1_660' title='bbox 2921 4241 3071 4295; x_wconf 91' lang='lat' dir='ltr'><strong>mitis</strong></span> <span class='ocrx_word' id='word_1_661' title='bbox 3111 4241 3364 4310; x_wconf 83' lang='lat' dir='ltr'><strong>congruit</strong></span> <span class='ocrx_word' id='word_1_662' title='bbox 3413 4255 3617 4297; x_wconf 90' lang='lat' dir='ltr'><strong>sermo.</strong></span> 
     </span>
    </p>
   </div>
   <div class='ocr_carea' id='block_1_91' title="bbox 2030 4332 3622 4401">
    <p class='ocr_par' dir='ltr' id='par_1_91' title="bbox 2030 4332 3622 4401">
     <span class='ocr_line' id='line_1_91' title="bbox 2030 4332 3622 4401; baseline -0.001 -12"><span class='ocrx_word' id='word_1_663' title='bbox 2030 4337 2183 4392; x_wconf 78' lang='lat' dir='ltr'><strong>Alius</strong></span> <span class='ocrx_word' id='word_1_664' title='bbox 2221 4336 2394 4391; x_wconf 87' lang='lat' dir='ltr'><strong>durus</strong></span> <span class='ocrx_word' id='word_1_665' title='bbox 2443 4343 2500 4390; x_wconf 90' lang='lat' dir='ltr'><strong>et</strong></span> <span class='ocrx_word' id='word_1_666' title='bbox 2549 4334 2847 4390; x_wconf 86' lang='lat' dir='ltr'><strong>indocilis?</strong></span> <span class='ocrx_word' id='word_1_667' title='bbox 2906 4332 3240 4388; x_wconf 78' lang='lat' dir='ltr'><strong>Verberibus</strong></span> <span class='ocrx_word' id='word_1_668' title='bbox 3278 4340 3421 4401; x_wconf 86' lang='lat' dir='ltr'><strong>eget.</strong></span> <span class='ocrx_word' id='word_1_669' title='bbox 3478 4332 3622 4400; x_wconf 87' lang='lat' dir='ltr'><strong>Quid</strong></span> 
     </span>
    </p>
   </div>
   <div class='ocr_carea' id='block_1_92' title="bbox 2034 4427 3620 4500">
    <p class='ocr_par' dir='ltr' id='par_1_92' title="bbox 2034 4427 3620 4500">
     <span class='ocr_line' id='line_1_92' title="bbox 2034 4427 3620 4500; baseline -0.001 -17"><span class='ocrx_word' id='word_1_670' title='bbox 2034 4429 2203 4500; x_wconf 81' lang='lat' dir='ltr'><strong>igitur</strong></span> <span class='ocrx_word' id='word_1_671' title='bbox 2250 4427 2538 4494; x_wconf 86' lang='lat' dir='ltr'><strong>faciemus,</strong></span> <span class='ocrx_word' id='word_1_672' title='bbox 2593 4442 2719 4482; x_wconf 89' lang='lat' dir='ltr'><strong>cum</strong></span> <span class='ocrx_word' id='word_1_673' title='bbox 2781 4427 2951 4497; x_wconf 70' lang='lat' dir='ltr'><strong>virgte</strong></span> <span class='ocrx_word' id='word_1_674' title='bbox 3016 4442 3127 4481; x_wconf 87' lang='lat' dir='ltr'><strong>non</strong></span> <span class='ocrx_word' id='word_1_675' title='bbox 3190 4427 3620 4482; x_wconf 75' lang='lat' dir='ltr'><strong>conceduntur?</strong></span> 
     </span>
    </p>
   </div>
   <div class='ocr_carea' id='block_1_93' title="bbox 338 4513 1926 4596">
    <p class='ocr_par' dir='ltr' id='par_1_93' title="bbox 338 4514 1926 4596">
     <span class='ocr_line' id='line_1_93' title="bbox 338 4514 1926 4596; baseline -0.006 -18"><span class='ocrx_word' id='word_1_676' title='bbox 338 4521 788 4596; x_wconf 77' lang='grc' dir='ltr'>ταρῤυθμίσομεν</span> <span class='ocrx_word' id='word_1_677' title='bbox 838 4521 917 4585; x_wconf 86' lang='grc' dir='ltr'><strong>είς</strong></span> <span class='ocrx_word' id='word_1_678' title='bbox 971 4519 1100 4575; x_wconf 82' lang='grc' dir='ltr'>ἄλλο</span> <span class='ocrx_word' id='word_1_679' title='bbox 1150 4519 1337 4590; x_wconf 80' lang='grc' dir='ltr'>σχῆμα</span> <span class='ocrx_word' id='word_1_680' title='bbox 1391 4516 1729 4589; x_wconf 78' lang='grc' dir='ltr'>ὑποκειμένῃ</span> <span class='ocrx_word' id='word_1_681' title='bbox 1774 4514 1926 4586; x_wconf 78' lang='grc' dir='ltr'>χρείᾳ</span> 
     </span>
    </p>
   </div>
   <div class='ocr_carea' id='block_1_94' title="bbox 2027 4513 3621 4596">
    <p class='ocr_par' dir='ltr' id='par_1_94' title="bbox 2042 4518 3621 4590">
     <span class='ocr_line' id='line_1_94' title="bbox 2042 4518 3621 4590; baseline -0.001 -16"><span class='ocrx_word' id='word_1_682' title='bbox 2042 4520 2250 4575; x_wconf 81' lang='lat' dir='ltr'><strong>Eumne</strong></span> <span class='ocrx_word' id='word_1_683' title='bbox 2276 4520 2425 4575; x_wconf 87' lang='lat' dir='ltr'><strong>nulla</strong></span> <span class='ocrx_word' id='word_1_684' title='bbox 2453 4535 2611 4585; x_wconf 89' lang='lat' dir='ltr'><strong>cura,</strong></span> <span class='ocrx_word' id='word_1_685' title='bbox 2662 4520 2809 4575; x_wconf 90' lang='lat' dir='ltr'><strong>nulla</strong></span> <span class='ocrx_word' id='word_1_686' title='bbox 2840 4519 3185 4590; x_wconf 83' lang='lat' dir='ltr'><strong>providentia</strong></span> <span class='ocrx_word' id='word_1_687' title='bbox 3217 4518 3571 4589; x_wconf 86' lang='lat' dir='ltr'><strong>dignabimur</strong></span> <span class='ocrx_word' id='word_1_688' title='bbox 3598 4518 3621 4573; x_wconf 76' lang='grc' dir='ltr'><strong><em>Ἰ</em></strong></span> 
     </span>
    </p>
   </div>
   <div class='ocr_carea' id='block_1_95' title="bbox 340 4607 1932 4683">
    <p class='ocr_par' dir='ltr' id='par_1_95' title="bbox 340 4607 1932 4683">
     <span class='ocr_line' id='line_1_95' title="bbox 340 4607 1932 4683; baseline -0.006 -13"><span class='ocrx_word' id='word_1_689' title='bbox 340 4614 710 4683; x_wconf 81' lang='grc' dir='ltr'>κατάλληλον·</span> <span class='ocrx_word' id='word_1_690' title='bbox 740 4614 833 4668; x_wconf 74' lang='grc' dir='ltr'>καὶ</span> <span class='ocrx_word' id='word_1_691' title='bbox 855 4612 1047 4683; x_wconf 84' lang='grc' dir='ltr'>ὥσπερ</span> <span class='ocrx_word' id='word_1_692' title='bbox 1074 4612 1144 4665; x_wconf 85' lang='grc' dir='ltr'>τὰ</span> <span class='ocrx_word' id='word_1_693' title='bbox 1172 4612 1280 4682; x_wconf 78' lang='grc' dir='ltr'>ὄψα</span> <span class='ocrx_word' id='word_1_694' title='bbox 1319 4613 1386 4682; x_wconf 81' lang='grc' dir='ltr'><strong>τῇ</strong></span> <span class='ocrx_word' id='word_1_695' title='bbox 1432 4611 1603 4682; x_wconf 84' lang='grc' dir='ltr'>μικρᾷ</span> <span class='ocrx_word' id='word_1_696' title='bbox 1639 4607 1932 4681; x_wconf 81' lang='grc' dir='ltr'>προσθέσει</span> 
     </span>
    </p>
   </div>
   <div class='ocr_carea' id='block_1_96' title="bbox 340 4699 1929 4777">
    <p class='ocr_par' dir='ltr' id='par_1_96' title="bbox 340 4699 1929 4777">
     <span class='ocr_line' id='line_1_96' title="bbox 340 4699 1929 4777; baseline -0.004 -19"><span class='ocrx_word' id='word_1_697' title='bbox 340 4704 453 4758; x_wconf 77' lang='grc' dir='ltr'>τῶν</span> <span class='ocrx_word' id='word_1_698' title='bbox 485 4704 814 4775; x_wconf 82' lang='grc' dir='ltr'>ἀρτυμάτων</span> <span class='ocrx_word' id='word_1_699' title='bbox 857 4703 996 4777; x_wconf 85' lang='grc' dir='ltr'>πρὸς</span> <span class='ocrx_word' id='word_1_700' title='bbox 1035 4702 1135 4766; x_wconf 84' lang='grc' dir='ltr'><strong>τὰς</strong></span> <span class='ocrx_word' id='word_1_701' title='bbox 1181 4701 1430 4764; x_wconf 77' lang='grc' dir='ltr'>ἐναντίας</span> <span class='ocrx_word' id='word_1_702' title='bbox 1479 4699 1770 4770; x_wconf 80' lang='grc' dir='ltr'>ποιότητας</span> <span class='ocrx_word' id='word_1_703' title='bbox 1816 4699 1929 4753; x_wconf 86' lang='grc' dir='ltr'>δια-</span> 
     </span>
    </p>
   </div>
   <div class='ocr_carea' id='block_1_97' title="bbox 346 4791 1933 4869">
    <p class='ocr_par' dir='ltr' id='par_1_97' title="bbox 346 4791 1933 4869">
     <span class='ocr_line' id='line_1_97' title="bbox 346 4791 1933 4869; baseline -0.003 -19"><span class='ocrx_word' id='word_1_704' title='bbox 346 4798 630 4869; x_wconf 78' lang='grc' dir='ltr'>μείϐεται,</span> <span class='ocrx_word' id='word_1_705' title='bbox 658 4797 765 4851; x_wconf 78' lang='grc' dir='ltr'><strong>ἀπὸ</strong></span> <span class='ocrx_word' id='word_1_706' title='bbox 802 4796 897 4852; x_wconf 90' lang='grc' dir='ltr'><strong>τοῦ</strong></span> <span class='ocrx_word' id='word_1_707' title='bbox 944 4796 1236 4866; x_wconf 82' lang='grc' dir='ltr'>στύφοντος</span> <span class='ocrx_word' id='word_1_708' title='bbox 1264 4796 1345 4859; x_wconf 83' lang='grc' dir='ltr'>εἰς</span> <span class='ocrx_word' id='word_1_709' title='bbox 1379 4794 1440 4847; x_wconf 83' lang='grc' dir='ltr'>τὸ</span> <span class='ocrx_word' id='word_1_710' title='bbox 1469 4792 1663 4861; x_wconf 84' lang='grc' dir='ltr'>γλυκὺ,</span> <span class='ocrx_word' id='word_1_711' title='bbox 1696 4791 1792 4845; x_wconf 73' lang='grc' dir='ltr'>καὶ</span> <span class='ocrx_word' id='word_1_712' title='bbox 1826 4791 1933 4846; x_wconf 77' lang='grc' dir='ltr'><strong>ἀπὸ</strong></span> 
     </span>
    </p>
   </div>
   <div class='ocr_carea' id='block_1_98' title="bbox 341 4882 1932 4958">
    <p class='ocr_par' dir='ltr' id='par_1_98' title="bbox 341 4882 1932 4958">
     <span class='ocr_line' id='line_1_98' title="bbox 341 4882 1932 4958; baseline -0.004 -15"><span class='ocrx_word' id='word_1_713' title='bbox 341 4889 440 4943; x_wconf 81' lang='grc' dir='ltr'><strong>τοῦ</strong></span> <span class='ocrx_word' id='word_1_714' title='bbox 465 4888 694 4957; x_wconf 83' lang='grc' dir='ltr'>γλυκέος</span> <span class='ocrx_word' id='word_1_715' title='bbox 716 4891 796 4952; x_wconf 86' lang='grc' dir='ltr'><strong>είς</strong></span> <span class='ocrx_word' id='word_1_716' title='bbox 818 4889 879 4943; x_wconf 84' lang='grc' dir='ltr'>τὸ</span> <span class='ocrx_word' id='word_1_717' title='bbox 905 4889 1107 4958; x_wconf 78' lang='grc' dir='ltr'>στῦφον</span> <span class='ocrx_word' id='word_1_718' title='bbox 1139 4885 1611 4958; x_wconf 70' lang='grc' dir='ltr'>μεταϐαλλόμενα*</span> <span class='ocrx_word' id='word_1_719' title='bbox 1643 4882 1817 4947; x_wconf 72' lang='grc' dir='ltr'>οὕτως</span> <span class='ocrx_word' id='word_1_720' title='bbox 1839 4884 1932 4937; x_wconf 74' lang='grc' dir='ltr'>καὶ</span> 
     </span>
    </p>
   </div>
   <div class='ocr_carea' id='block_1_99' title="bbox 340 4976 1933 5052">
    <p class='ocr_par' dir='ltr' id='par_1_99' title="bbox 340 4976 1933 5052">
     <span class='ocr_line' id='line_1_99' title="bbox 340 4976 1933 5052; baseline -0.003 -19"><span class='ocrx_word' id='word_1_721' title='bbox 340 4981 375 5033; x_wconf 83' lang='grc' dir='ltr'><strong>ό</strong></span> <span class='ocrx_word' id='word_1_722' title='bbox 410 4979 676 5052; x_wconf 75' lang='grc' dir='ltr'>ἡμέτερος</span> <span class='ocrx_word' id='word_1_723' title='bbox 706 4979 863 5049; x_wconf 85' lang='grc' dir='ltr'>λόγος</span> <span class='ocrx_word' id='word_1_724' title='bbox 889 4982 956 5051; x_wconf 84' lang='grc' dir='ltr'>τῇ</span> <span class='ocrx_word' id='word_1_725' title='bbox 993 4979 1279 5050; x_wconf 82' lang='grc' dir='ltr'>προσθήκῃ</span> <span class='ocrx_word' id='word_1_726' title='bbox 1313 4977 1422 5034; x_wconf 85' lang='grc' dir='ltr'><strong>τῶν</strong></span> <span class='ocrx_word' id='word_1_727' title='bbox 1466 4978 1764 5050; x_wconf 86' lang='grc' dir='ltr'>σχημάτων</span> <span class='ocrx_word' id='word_1_728' title='bbox 1796 4976 1933 5048; x_wconf 84' lang='grc' dir='ltr'>πρὸς</span> 
     </span>
    </p>
   </div>
   <div class='ocr_carea' id='block_1_100' title="bbox 341 5068 1932 5145">
    <p class='ocr_par' dir='ltr' id='par_1_100' title="bbox 341 5068 1932 5145">
     <span class='ocr_line' id='line_1_100' title="bbox 341 5068 1932 5145; baseline -0.003 -18"><span class='ocrx_word' id='word_1_729' title='bbox 341 5073 638 5143; x_wconf 61' lang='grc' dir='ltr'>διαφόρους</span> <span class='ocrx_word' id='word_1_730' title='bbox 661 5072 848 5145; x_wconf 87' lang='grc' dir='ltr'>χρείας</span> <span class='ocrx_word' id='word_1_731' title='bbox 874 5068 1299 5143; x_wconf 84' lang='grc' dir='ltr'>μετατυποῦται,</span> <span class='ocrx_word' id='word_1_732' title='bbox 1327 5068 1391 5122; x_wconf 75' lang='grc' dir='ltr'><strong>ἵν’</strong></span> <span class='ocrx_word' id='word_1_733' title='bbox 1415 5069 1675 5143; x_wconf 75' lang='grc' dir='ltr'>ἐπινοηθῇ</span> <span class='ocrx_word' id='word_1_734' title='bbox 1700 5070 1932 5125; x_wconf 78' lang='grc' dir='ltr'>ἑκάστου</span> 
     </span>
    </p>
   </div>
   <div class='ocr_carea' id='block_1_101' title="bbox 341 5164 714 5237">
    <p class='ocr_par' dir='ltr' id='par_1_101' title="bbox 341 5164 714 5237">
     <span class='ocr_line' id='line_1_101' title="bbox 341 5164 714 5237; baseline -0.003 -19"><span class='ocrx_word' id='word_1_735' title='bbox 341 5164 410 5218; x_wconf 78' lang='grc' dir='ltr'>τὸ</span> <span class='ocrx_word' id='word_1_736' title='bbox 430 5167 714 5237; x_wconf 81' lang='grc' dir='ltr'>τρόφιμον.</span> 
     </span>
    </p>
   </div>
   <div class='ocr_carea' id='block_1_102' title="bbox 417 5341 1933 5419">
    <p class='ocr_par' dir='ltr' id='par_1_102' title="bbox 417 5341 1933 5419">
     <span class='ocr_line' id='line_1_102' title="bbox 417 5341 1933 5419; baseline -0.001 -17"><span class='ocrx_word' id='word_1_737' title='bbox 417 5346 512 5419; x_wconf 83' lang='grc' dir='ltr'><strong>Μὴ</strong></span> <span class='ocrx_word' id='word_1_738' title='bbox 540 5341 636 5402; x_wconf 81' lang='grc' dir='ltr'><strong>οῦν</strong></span> <span class='ocrx_word' id='word_1_739' title='bbox 655 5347 712 5401; x_wconf 82' lang='grc' dir='ltr'><strong>ἐν</strong></span> <span class='ocrx_word' id='word_1_740' title='bbox 730 5348 848 5412; x_wconf 86' lang='grc' dir='ltr'>ταῖς</span> <span class='ocrx_word' id='word_1_741' title='bbox 876 5347 1104 5417; x_wconf 87' lang='grc' dir='ltr'>γωνίαις</span> <span class='ocrx_word' id='word_1_742' title='bbox 1133 5365 1237 5419; x_wconf 90' lang='grc' dir='ltr'><strong>μου</strong></span> <span class='ocrx_word' id='word_1_743' title='bbox 1261 5346 1578 5410; x_wconf 77' lang='grc' dir='ltr'>καταλὰλει,</span> <span class='ocrx_word' id='word_1_744' title='bbox 1613 5349 1787 5418; x_wconf 80' lang='grc' dir='ltr'>τραχὺ</span> <span class='ocrx_word' id='word_1_745' title='bbox 1818 5348 1933 5401; x_wconf 83' lang='grc' dir='ltr'>ὀνο-</span> 
     </span>
    </p>
   </div>
   <div class='ocr_carea' id='block_1_103' title="bbox 347 5439 1936 5514">
    <p class='ocr_par' dir='ltr' id='par_1_103' title="bbox 347 5439 1936 5514">
     <span class='ocr_line' id='line_1_103' title="bbox 347 5439 1936 5514; baseline -0.001 -19"><span class='ocrx_word' id='word_1_746' title='bbox 347 5440 541 5514; x_wconf 79' lang='grc' dir='ltr'>μάζων</span> <span class='ocrx_word' id='word_1_747' title='bbox 581 5441 642 5494; x_wconf 85' lang='grc' dir='ltr'><strong>τὺ</strong></span> <span class='ocrx_word' id='word_1_748' title='bbox 680 5440 1087 5505; x_wconf 82' lang='grc' dir='ltr'>διδασκαλικὸν,</span> <span class='ocrx_word' id='word_1_749' title='bbox 1137 5441 1274 5513; x_wconf 79' lang='grc' dir='ltr'>μηδὲ</span> <span class='ocrx_word' id='word_1_750' title='bbox 1318 5440 1446 5503; x_wconf 78' lang='grc' dir='ltr'>τοὺς</span> <span class='ocrx_word' id='word_1_751' title='bbox 1489 5439 1780 5503; x_wconf 81' lang='grc' dir='ltr'>κοινωνοὺς</span> <span class='ocrx_word' id='word_1_752' title='bbox 1825 5439 1936 5494; x_wconf 83' lang='grc' dir='ltr'><strong>τῶν</strong></span> 
     </span>
    </p>
   </div>
   <div class='ocr_carea' id='block_1_104' title="bbox 344 5529 1934 5603">
    <p class='ocr_par' dir='ltr' id='par_1_104' title="bbox 344 5529 1934 5603">
     <span class='ocr_line' id='line_1_104' title="bbox 344 5529 1934 5603; baseline 0 -18"><span class='ocrx_word' id='word_1_753' title='bbox 344 5531 766 5603; x_wconf 80' lang='grc' dir='ltr'>ἁμαρτημάτων</span> <span class='ocrx_word' id='word_1_754' title='bbox 799 5531 1088 5595; x_wconf 76' lang='grc' dir='ltr'>κοινωνοὺς</span> <span class='ocrx_word' id='word_1_755' title='bbox 1127 5530 1235 5584; x_wconf 87' lang='grc' dir='ltr'><strong>τῶν</strong></span> <span class='ocrx_word' id='word_1_756' title='bbox 1263 5531 1385 5585; x_wconf 81' lang='grc' dir='ltr'>κατ’</span> <span class='ocrx_word' id='word_1_757' title='bbox 1432 5529 1569 5601; x_wconf 83' lang='grc' dir='ltr'>ἐμοῦ</span> <span class='ocrx_word' id='word_1_758' title='bbox 1612 5530 1934 5601; x_wconf 81' lang='grc' dir='ltr'>ποιούμενος</span> 
     </span>
    </p>
   </div>
   <div class='ocr_carea' id='block_1_105' title="bbox 347 5622 1937 5696">
    <p class='ocr_par' dir='ltr' id='par_1_105' title="bbox 347 5622 1937 5696">
     <span class='ocr_line' id='line_1_105' title="bbox 347 5622 1937 5696; baseline -0.001 -19"><span class='ocrx_word' id='word_1_759' title='bbox 347 5623 615 5696; x_wconf 62' lang='grc' dir='ltr'>μέμψεων</span> <span class='ocrx_word' id='word_1_760' title='bbox 636 5663 649 5689; x_wconf 90' lang='grc'><strong>,</strong></span> <span class='ocrx_word' id='word_1_761' title='bbox 682 5622 889 5696; x_wconf 80' lang='grc' dir='ltr'>καθέζῃ</span> <span class='ocrx_word' id='word_1_762' title='bbox 929 5624 1130 5695; x_wconf 77' lang='grc' dir='ltr'>κρίνων</span> <span class='ocrx_word' id='word_1_763' title='bbox 1175 5624 1473 5678; x_wconf 84' lang='grc' dir='ltr'>ἐπίσκοπον</span> <span class='ocrx_word' id='word_1_764' title='bbox 1508 5624 1646 5695; x_wconf 78' lang='grc' dir='ltr'>μετὰ</span> <span class='ocrx_word' id='word_1_765' title='bbox 1681 5623 1775 5678; x_wconf 87' lang='grc' dir='ltr'><strong>τοῦ</strong></span> <span class='ocrx_word' id='word_1_766' title='bbox 1810 5640 1937 5677; x_wconf 88' lang='grc' dir='ltr'>συν-</span> 
     </span>
    </p>
   </div>
   <div class='ocr_carea' id='block_1_106' title="bbox 421 5802 1474 5866">
    <p class='ocr_par' dir='ltr' id='par_1_106' title="bbox 421 5802 1474 5866">
     <span class='ocr_line' id='line_1_106' title="bbox 421 5802 1474 5866; baseline 0 -6"><span class='ocrx_word' id='word_1_767' title='bbox 421 5802 613 5861; x_wconf 76' lang='grc' dir='ltr'>³Ρςιιι.</span> <span class='ocrx_word' id='word_1_768' title='bbox 646 5807 873 5866; x_wconf 81' lang='lat' dir='ltr'><strong>xxxt.9.</strong></span> <span class='ocrx_word' id='word_1_769' title='bbox 955 5806 975 5839; x_wconf 76' lang='grc'><strong>’⁵</strong></span> <span class='ocrx_word' id='word_1_770' title='bbox 998 5807 1142 5865; x_wconf 82' lang='lat' dir='ltr'><strong>Psal.</strong></span> <span class='ocrx_word' id='word_1_771' title='bbox 1171 5804 1474 5865; x_wconf 81' lang='lat' dir='ltr'><strong>cxvm.7l.</strong></span> 
     </span>
    </p>
   </div>
   <div class='ocr_carea' id='block_1_107' title="bbox 2028 4612 3622 4671">
    <p class='ocr_par' dir='ltr' id='par_1_107' title="bbox 2028 4612 3622 4671">
     <span class='ocr_line' id='line_1_107' title="bbox 2028 4612 3622 4671; baseline -0.002 0"><span class='ocrx_word' id='word_1_772' title='bbox 2028 4614 2149 4671; x_wconf 87' lang='lat' dir='ltr'><strong>Non</strong></span> <span class='ocrx_word' id='word_1_773' title='bbox 2194 4614 2268 4668; x_wconf 91' lang='lat' dir='ltr'><strong>ita</strong></span> <span class='ocrx_word' id='word_1_774' title='bbox 2299 4628 2452 4670; x_wconf 83' lang='lat' dir='ltr'><strong>sane.</strong></span> <span class='ocrx_word' id='word_1_775' title='bbox 2483 4613 2590 4669; x_wconf 89' lang='lat' dir='ltr'><strong>Sed</strong></span> <span class='ocrx_word' id='word_1_776' title='bbox 2622 4629 2745 4669; x_wconf 90' lang='lat' dir='ltr'><strong>cum</strong></span> <span class='ocrx_word' id='word_1_777' title='bbox 2774 4613 2959 4669; x_wconf 83' lang='lat' dir='ltr'><strong>verbis</strong></span> <span class='ocrx_word' id='word_1_778' title='bbox 3001 4612 3070 4668; x_wconf 88' lang='lat' dir='ltr'><strong>ad</strong></span> <span class='ocrx_word' id='word_1_779' title='bbox 3111 4613 3275 4668; x_wconf 88' lang='lat' dir='ltr'><strong>aliam</strong></span> <span class='ocrx_word' id='word_1_780' title='bbox 3308 4628 3622 4669; x_wconf 85' lang='lat' dir='ltr'><strong>accommo-</strong></span> 
     </span>
    </p>
   </div>
   <div class='ocr_carea' id='block_1_108' title="bbox 2030 4704 3612 4776">
    <p class='ocr_par' dir='ltr' id='par_1_108' title="bbox 2030 4704 3612 4776">
     <span class='ocr_line' id='line_1_108' title="bbox 2030 4704 3612 4776; baseline -0.001 -15"><span class='ocrx_word' id='word_1_781' title='bbox 2030 4708 2154 4762; x_wconf 86' lang='lat' dir='ltr'><strong>dam</strong></span> <span class='ocrx_word' id='word_1_782' title='bbox 2187 4708 2261 4761; x_wconf 89' lang='lat' dir='ltr'><strong>rei</strong></span> <span class='ocrx_word' id='word_1_783' title='bbox 2312 4706 2577 4776; x_wconf 82' lang='lat' dir='ltr'><strong>subjectae</strong></span> <span class='ocrx_word' id='word_1_784' title='bbox 2602 4705 2833 4760; x_wconf 87' lang='lat' dir='ltr'><strong>formam</strong></span> <span class='ocrx_word' id='word_1_785' title='bbox 2896 4705 3169 4760; x_wconf 85' lang='lat' dir='ltr'><strong>concinne</strong></span> <span class='ocrx_word' id='word_1_786' title='bbox 3218 4704 3612 4759; x_wconf 81' lang='lat' dir='ltr'><strong>traducemus:</strong></span> 
     </span>
    </p>
   </div>
   <div class='ocr_carea' id='block_1_109' title="bbox 2029 4795 3619 4868">
    <p class='ocr_par' dir='ltr' id='par_1_109' title="bbox 2029 4795 3619 4868">
     <span class='ocr_line' id='line_1_109' title="bbox 2029 4795 3619 4868; baseline -0.003 -16"><span class='ocrx_word' id='word_1_787' title='bbox 2029 4814 2093 4853; x_wconf 87' lang='lat' dir='ltr'><strong>ac</strong></span> <span class='ocrx_word' id='word_1_788' title='bbox 2120 4798 2583 4868; x_wconf 84' lang='lat' dir='ltr'><strong>quemadmodum</strong></span> <span class='ocrx_word' id='word_1_789' title='bbox 2610 4798 2840 4867; x_wconf 87' lang='lat' dir='ltr'><strong>opsouia</strong></span> <span class='ocrx_word' id='word_1_790' title='bbox 2862 4796 3340 4852; x_wconf 84' lang='lat' dir='ltr'><strong>condimentorum</strong></span> <span class='ocrx_word' id='word_1_791' title='bbox 3358 4837 3374 4861; x_wconf 88' lang='lat'><strong>,</strong></span> <span class='ocrx_word' id='word_1_792' title='bbox 3415 4795 3619 4865; x_wconf 82' lang='lat' dir='ltr'><strong>exiguo</strong></span> 
     </span>
    </p>
   </div>
   <div class='ocr_carea' id='block_1_110' title="bbox 2028 4888 3618 4959">
    <p class='ocr_par' dir='ltr' id='par_1_110' title="bbox 2028 4888 3618 4959">
     <span class='ocr_line' id='line_1_110' title="bbox 2028 4888 3618 4959; baseline -0.004 -14"><span class='ocrx_word' id='word_1_793' title='bbox 2028 4892 2404 4949; x_wconf 85' lang='lat' dir='ltr'><strong>additameuto</strong></span> <span class='ocrx_word' id='word_1_794' title='bbox 2434 4891 2500 4947; x_wconf 89' lang='lat' dir='ltr'><strong>ad</strong></span> <span class='ocrx_word' id='word_1_795' title='bbox 2533 4890 2841 4946; x_wconf 83' lang='lat' dir='ltr'><strong>contrarias</strong></span> <span class='ocrx_word' id='word_1_796' title='bbox 2869 4888 3164 4959; x_wconf 82' lang='lat' dir='ltr'><strong>qualitates</strong></span> <span class='ocrx_word' id='word_1_797' title='bbox 3208 4892 3618 4955; x_wconf 87' lang='lat' dir='ltr'><strong>permutantur,</strong></span> 
     </span>
    </p>
   </div>
   <div class='ocr_carea' id='block_1_111' title="bbox 2036 4977 3621 5047">
    <p class='ocr_par' dir='ltr' id='par_1_111' title="bbox 2036 4977 3621 5047">
     <span class='ocr_line' id='line_1_111' title="bbox 2036 4977 3621 5047; baseline -0.006 -7"><span class='ocrx_word' id='word_1_798' title='bbox 2036 5000 2103 5042; x_wconf 81' lang='lat' dir='ltr'><strong>ex</strong></span> <span class='ocrx_word' id='word_1_799' title='bbox 2135 4984 2250 5039; x_wconf 86' lang='lat' dir='ltr'><strong>acri</strong></span> <span class='ocrx_word' id='word_1_800' title='bbox 2279 4984 2333 5038; x_wconf 88' lang='lat' dir='ltr'><strong>in</strong></span> <span class='ocrx_word' id='word_1_801' title='bbox 2365 4983 2544 5047; x_wconf 82' lang='lat' dir='ltr'><strong>dulce,</strong></span> <span class='ocrx_word' id='word_1_802' title='bbox 2574 4991 2629 5038; x_wconf 89' lang='lat' dir='ltr'><strong>et</strong></span> <span class='ocrx_word' id='word_1_803' title='bbox 2658 4998 2724 5037; x_wconf 82' lang='lat' dir='ltr'><strong>ex</strong></span> <span class='ocrx_word' id='word_1_804' title='bbox 2754 4981 2904 5036; x_wconf 88' lang='lat' dir='ltr'><strong>dulci</strong></span> <span class='ocrx_word' id='word_1_805' title='bbox 2936 4981 2991 5033; x_wconf 92' lang='lat' dir='ltr'><strong>in</strong></span> <span class='ocrx_word' id='word_1_806' title='bbox 3021 4994 3149 5034; x_wconf 91' lang='lat' dir='ltr'><strong>acre</strong></span> <span class='ocrx_word' id='word_1_807' title='bbox 3185 4992 3455 5033; x_wconf 85' lang='lat' dir='ltr'><strong>conversa</strong></span> <span class='ocrx_word' id='word_1_808' title='bbox 3485 4995 3498 5030; x_wconf 87' lang='lat'><strong>:</strong></span> <span class='ocrx_word' id='word_1_809' title='bbox 3546 4977 3621 5031; x_wconf 88' lang='lat' dir='ltr'><strong>ita</strong></span> 
     </span>
    </p>
   </div>
   <div class='ocr_carea' id='block_1_112' title="bbox 2037 5068 3625 5144">
    <p class='ocr_par' dir='ltr' id='par_1_112' title="bbox 2037 5068 3625 5144">
     <span class='ocr_line' id='line_1_112' title="bbox 2037 5068 3625 5144; baseline -0.005 -12"><span class='ocrx_word' id='word_1_810' title='bbox 2037 5084 2093 5132; x_wconf 89' lang='lat' dir='ltr'><strong>et</strong></span> <span class='ocrx_word' id='word_1_811' title='bbox 2143 5086 2332 5132; x_wconf 83' lang='lat' dir='ltr'><strong>noster</strong></span> <span class='ocrx_word' id='word_1_812' title='bbox 2388 5090 2573 5131; x_wconf 89' lang='lat' dir='ltr'><strong>sermo</strong></span> <span class='ocrx_word' id='word_1_813' title='bbox 2630 5075 2928 5144; x_wconf 84' lang='lat' dir='ltr'><strong>figurarum</strong></span> <span class='ocrx_word' id='word_1_814' title='bbox 2978 5069 3286 5140; x_wconf 88' lang='lat' dir='ltr'><strong>adjectione</strong></span> <span class='ocrx_word' id='word_1_815' title='bbox 3328 5068 3394 5123; x_wconf 90' lang='lat' dir='ltr'><strong>ad</strong></span> <span class='ocrx_word' id='word_1_816' title='bbox 3441 5068 3625 5124; x_wconf 82' lang='lat' dir='ltr'><strong>varios</strong></span> 
     </span>
    </p>
   </div>
   <div class='ocr_carea' id='block_1_113' title="bbox 2041 5157 3625 5233">
    <p class='ocr_par' dir='ltr' id='par_1_113' title="bbox 2041 5157 3625 5233">
     <span class='ocr_line' id='line_1_113' title="bbox 2041 5157 3625 5233; baseline -0.009 -6"><span class='ocrx_word' id='word_1_817' title='bbox 2041 5185 2180 5227; x_wconf 85' lang='lat' dir='ltr'><strong>usus</strong></span> <span class='ocrx_word' id='word_1_818' title='bbox 2209 5164 2659 5232; x_wconf 85' lang='lat' dir='ltr'><strong>transformatur,</strong></span> <span class='ocrx_word' id='word_1_819' title='bbox 2713 5170 2774 5219; x_wconf 90' lang='lat' dir='ltr'><strong>ut</strong></span> <span class='ocrx_word' id='word_1_820' title='bbox 2817 5160 2967 5233; x_wconf 89' lang='lat' dir='ltr'><strong>quod</strong></span> <span class='ocrx_word' id='word_1_821' title='bbox 3000 5158 3273 5229; x_wconf 86' lang='lat' dir='ltr'><strong>cujusque</strong></span> <span class='ocrx_word' id='word_1_822' title='bbox 3310 5157 3625 5214; x_wconf 88' lang='lat' dir='ltr'><strong>educationi</strong></span> 
     </span>
    </p>
   </div>
   <div class='ocr_carea' id='block_1_114' title="bbox 2040 5258 2693 5332">
    <p class='ocr_par' dir='ltr' id='par_1_114' title="bbox 2040 5258 2693 5332">
     <span class='ocr_line' id='line_1_114' title="bbox 2040 5258 2693 5332; baseline -0.012 -14"><span class='ocrx_word' id='word_1_823' title='bbox 2040 5260 2296 5332; x_wconf 82' lang='lat' dir='ltr'><strong>congruit</strong></span> <span class='ocrx_word' id='word_1_824' title='bbox 2332 5258 2693 5329; x_wconf 84' lang='lat' dir='ltr'><strong>intelligatur.</strong></span> 
     </span>
    </p>
   </div>
   <div class='ocr_carea' id='block_1_115' title="bbox 2112 5336 3624 5422">
    <p class='ocr_par' dir='ltr' id='par_1_115' title="bbox 2112 5336 3624 5422">
     <span class='ocr_line' id='line_1_115' title="bbox 2112 5336 3624 5422; baseline -0.008 -15"><span class='ocrx_word' id='word_1_825' title='bbox 2112 5351 2192 5407; x_wconf 82' lang='lat' dir='ltr'><strong>Ne</strong></span> <span class='ocrx_word' id='word_1_826' title='bbox 2227 5352 2393 5422; x_wconf 81' lang='lat' dir='ltr'><strong>igitur</strong></span> <span class='ocrx_word' id='word_1_827' title='bbox 2422 5351 2479 5404; x_wconf 92' lang='lat' dir='ltr'><strong>in</strong></span> <span class='ocrx_word' id='word_1_828' title='bbox 2511 5347 2725 5419; x_wconf 81' lang='lat' dir='ltr'><strong>angulis</strong></span> <span class='ocrx_word' id='word_1_829' title='bbox 2753 5345 2822 5400; x_wconf 90' lang='lat' dir='ltr'><strong>de</strong></span> <span class='ocrx_word' id='word_1_830' title='bbox 2855 5358 2942 5398; x_wconf 91' lang='lat' dir='ltr'><strong>me</strong></span> <span class='ocrx_word' id='word_1_831' title='bbox 2983 5336 3325 5410; x_wconf 85' lang='lat' dir='ltr'><strong>obioquaris,</strong></span> <span class='ocrx_word' id='word_1_832' title='bbox 3369 5356 3624 5413; x_wconf 87' lang='lat' dir='ltr'><strong>asperum</strong></span> 
     </span>
    </p>
   </div>
   <div class='ocr_carea' id='block_1_116' title="bbox 2042 5439 3627 5509">
    <p class='ocr_par' dir='ltr' id='par_1_116' title="bbox 2042 5439 3627 5509">
     <span class='ocr_line' id='line_1_116' title="bbox 2042 5439 3627 5509; baseline -0.008 -8"><span class='ocrx_word' id='word_1_833' title='bbox 2042 5444 2341 5501; x_wconf 89' lang='lat' dir='ltr'><strong>nominans</strong></span> <span class='ocrx_word' id='word_1_834' title='bbox 2372 5441 2605 5498; x_wconf 80' lang='lat' dir='ltr'><strong>docendi</strong></span> <span class='ocrx_word' id='word_1_835' title='bbox 2633 5451 2829 5509; x_wconf 85' lang='lat' dir='ltr'><strong>genus,</strong></span> <span class='ocrx_word' id='word_1_836' title='bbox 2867 5446 3045 5505; x_wconf 87' lang='lat' dir='ltr'><strong>neque</strong></span> <span class='ocrx_word' id='word_1_837' title='bbox 3079 5449 3201 5488; x_wconf 90' lang='lat' dir='ltr'><strong>cum</strong></span> <span class='ocrx_word' id='word_1_838' title='bbox 3235 5439 3455 5489; x_wconf 89' lang='lat' dir='ltr'><strong>tuorum</strong></span> <span class='ocrx_word' id='word_1_839' title='bbox 3502 5449 3627 5489; x_wconf 87' lang='lat' dir='ltr'><strong>sce-</strong></span> 
     </span>
    </p>
   </div>
   <div class='ocr_carea' id='block_1_117' title="bbox 2040 5524 3666 5608">
    <p class='ocr_par' dir='ltr' id='par_1_117' title="bbox 2040 5524 3666 5608">
     <span class='ocr_line' id='line_1_117' title="bbox 2040 5524 3666 5608; baseline -0.006 -16"><span class='ocrx_word' id='word_1_840' title='bbox 2040 5538 2215 5593; x_wconf 89' lang='lat' dir='ltr'><strong>lerum</strong></span> <span class='ocrx_word' id='word_1_841' title='bbox 2248 5534 2616 5608; x_wconf 88' lang='lat' dir='ltr'><strong>participibus</strong></span> <span class='ocrx_word' id='word_1_842' title='bbox 2643 5540 2967 5586; x_wconf 90' lang='lat' dir='ltr'><strong>communes</strong></span> <span class='ocrx_word' id='word_1_843' title='bbox 3001 5524 3109 5578; x_wconf 87' lang='lat' dir='ltr'><strong>mei</strong></span> <span class='ocrx_word' id='word_1_844' title='bbox 3168 5526 3628 5596; x_wconf 79' lang='lat' dir='ltr'><strong>reprehensiones</strong></span> <span class='ocrx_word' id='word_1_845' title='bbox 3656 5542 3666 5554; x_wconf 83' lang='lat'>&#39;</span> 
     </span>
    </p>
   </div>
   <div class='ocr_carea' id='block_1_118' title="bbox 2047 5617 3629 5695">
    <p class='ocr_par' dir='ltr' id='par_1_118' title="bbox 2047 5617 3629 5695">
     <span class='ocr_line' id='line_1_118' title="bbox 2047 5617 3629 5695; baseline -0.004 -13"><span class='ocrx_word' id='word_1_846' title='bbox 2047 5629 2274 5695; x_wconf 87' lang='lat' dir='ltr'><strong>faciens,</strong></span> <span class='ocrx_word' id='word_1_847' title='bbox 2304 5627 2550 5685; x_wconf 89' lang='lat' dir='ltr'><strong>assideas</strong></span> <span class='ocrx_word' id='word_1_848' title='bbox 2581 5623 2901 5695; x_wconf 81' lang='lat' dir='ltr'><strong>episcopum</strong></span> <span class='ocrx_word' id='word_1_849' title='bbox 2923 5628 3048 5673; x_wconf 90' lang='lat' dir='ltr'><strong>cum</strong></span> <span class='ocrx_word' id='word_1_850' title='bbox 3074 5617 3337 5676; x_wconf 87' lang='lat' dir='ltr'><strong>vanitatis</strong></span> <span class='ocrx_word' id='word_1_851' title='bbox 3362 5633 3629 5675; x_wconf 80' lang='lat' dir='ltr'><strong>consessu</strong></span> 
     </span>
    </p>
   </div>
   <div class='ocr_carea' id='block_1_119' title="bbox 1592 5801 2039 5862">
    <p class='ocr_par' dir='ltr' id='par_1_119' title="bbox 1592 5801 2039 5862">
     <span class='ocr_line' id='line_1_119' title="bbox 1592 5801 2039 5862; baseline 0 -4"><span class='ocrx_word' id='word_1_852' title='bbox 1592 5802 1611 5835; x_wconf 81' lang='grc'><strong><em>³</em></strong></span> <span class='ocrx_word' id='word_1_853' title='bbox 1634 5802 1803 5859; x_wconf 83' lang='lat' dir='ltr'><strong>llcbr.</strong></span> <span class='ocrx_word' id='word_1_854' title='bbox 1846 5818 1945 5862; x_wconf 86' lang='lat' dir='ltr'><strong>xu,</strong></span> <span class='ocrx_word' id='word_1_855' title='bbox 1985 5801 2039 5858; x_wconf 83' lang='grc'><strong>6.</strong></span> 
     </span>
    </p>
   </div>
  </div>
