4106 6428
596 352 702 408 515

1837 359 1894 414 S.
1932 356 2266 416 GREGORII
2298 359 2594 417 NYSSENI
3756 370 3850 429 ειδ

593 465 872 540 judicans.
912 465 1182 539 Equidem
1239 483 1350 526 non
1390 484 1534 544 πει-ο
1583 471 1757 530 feram
1808 477 1966 548 quasi
2001 480 2188 534 animo

2295 481 2468 553 εδρίου
2499 483 2598 553 τῆς
2639 483 3019 554 ματαιότητος.
3071 482 3213 553 Ἐγὼ
3253 483 3310 537 δὲ
3351 485 3412 538 οὐ
3446 485 3848 560 παραχθήσομαι

596 573 799 614 novum
829 559 959 630 quid
993 574 1212 631 passus,
1245 561 1291 618 si
1327 577 1360 619 e
1406 562 1696 637 discipulis
1738 569 1872 625 meis
1899 575 2188 628 contuma-

596 651 780 730 οἷοι-εδ
814 651 1198 724 indignentur.
1230 652 1328 710 Est
1353 655 1500 710 enim
1525 672 1590 713 ea
1619 658 1906 714 hominum
1941 662 2186 730 peculia-

597 747 678 803 ris
702 747 952 818 quaedam
978 748 1216 816 affectio,
1250 765 1372 822 quae
1399 751 1468 807 ab
1499 752 1654 808 initio
1682 754 1749 808 ad
1801 753 1962 810 ﬁnem
2011 771 2188 826 usque

597 838 766 895 vitam
792 841 1092 896 comitatur
1119 861 1131 908 ;
1167 855 1232 897 ac
1261 844 1355 914 qui
1387 844 1512 900 aliis
1559 844 1815 916 imperat,
1865 848 2188 918 parentibus

598 929 657 986 in
691 937 868 986 totum
893 932 941 988 is
966 933 1234 990 molestus
1259 945 1314 990 et
1340 935 1523 1005 gravis
1551 947 1656 1002 est,
1690 937 1804 993 imo
1844 941 2014 995 etiam
2067 956 2189 997 sce-

599 1023 789 1080 leratis
808 1032 864 1080 et
893 1025 1100 1096 iniquis
1128 1027 1357 1082 odiosus
1381 1045 1394 1082 :
1423 1029 1678 1100 quisquis
1708 1032 1858 1086 enim
1896 1041 2186 1103 peccatum

599 1115 876 1186 prohibet,
905 1116 1283 1186 aegritudinem
1319 1116 1484 1188 parit.
1539 1119 1614 1176 Ac
1647 1135 1734 1176 me
1763 1121 1815 1176 id
1865 1133 2066 1194 praeter
2093 1138 2189 1181 cas

599 1220 692 1261 res
719 1222 840 1276 quae
867 1208 1215 1264 extrinsecus
1267 1218 1596 1276 occurrunt,
1645 1213 1778 1269 satis
1837 1214 2066 1270 historia
2098 1229 2191 1271 ec-

599 1293 911 1350 clesiastica
940 1295 1119 1352 docet.
1161 1295 1299 1363 Quis
1343 1297 1528 1370 Moyse
1559 1311 1746 1371 pastor
1778 1307 2132 1374 praestantior
2159 1306 2184 1360 ‘i

599 1384 736 1452 Quis
765 1387 1020 1458 princeps
1045 1391 1121 1444 ita
1153 1389 1474 1448 moderatus
1501 1408 1566 1448 ac
1594 1395 1776 1450 lenis?
1799 1397 1894 1466 qui
1918 1397 2102 1451 omnia
2134 1397 2188 1452 in

600 1478 785 1547 populi
815 1480 1048 1548 gratiam
1079 1480 1282 1552 factus,
1326 1485 1587 1552 nutritor,
1631 1486 1953 1556 imperator,
1995 1503 2186 1544 sacer-

599 1570 724 1636 dos,
753 1589 918 1629 verus
946 1583 1120 1646 pater,
1157 1578 1213 1632 in
1254 1578 1396 1634 bello
1427 1594 1654 1636 servans
1674 1619 1690 1644 ,
1720 1580 1773 1634 in
1800 1580 2020 1636 deserto
2055 1597 2190 1637 nus-

598 1677 764 1733 quam
796 1671 888 1718 aut
921 1673 1062 1731 sata,
1104 1671 1200 1724 aut
1223 1678 1410 1725 aratro
1444 1670 1589 1726 culta
1623 1671 1768 1726 bona
1797 1674 2185 1744 suppeditans,

594 1754 688 1824 jus
713 1765 842 1827 apte
873 1757 1088 1825 dicens,
1129 1760 1251 1817 sine
1282 1776 1474 1818 errore
1523 1763 1635 1818 dux
1675 1765 1817 1832 viae;
1869 1775 1926 1820 et
1967 1765 2186 1821 tandem

2288 575 2386 646 τὴν
2422 573 2598 647 ψυχὴν
2630 576 2817 630 καινόν
2860 593 2914 630 τι
2944 575 3206 646 πάσχων,
3239 576 3288 628 εί
3327 574 3584 645 ἄχθονταί
3627 594 3722 647 μου
3752 580 3847 634 τῶν

2291 666 2547 738 μαθητῶν
2579 667 2628 720 οί
2664 667 3036 740 σκληρότεροι.
3080 667 3256 732 meo;
3292 666 3402 738 γάρ
3436 667 3555 720 ἐστι
3584 666 3734 721 τοῦτο
3763 671 3847 723 ἀν-

2289 757 2560 828 θρώπινον
2585 759 2642 826 ἐξ
2676 760 2850 831 ἀρχῆς
2887 761 2968 824 είς
2990 759 3142 822 τέλος
3172 757 3250 829 τῷ
3278 757 3375 828 βίῳ
3417 759 3809 830 παρακόλουθον
3829 778 3845 794 ο

2289 849 2383 902 καὶ
2415 847 2586 921 βαρὺς
2617 849 2716 920 μὲν
2749 848 2779 900 ό
2807 849 2988 920 ἄρχων
3017 848 3092 911 ὡς
3121 849 3214 901 ἐπὶ
3243 849 3353 900 πᾶν
3380 850 3494 910 τοῖς
3524 848 3846 918 ἀρχομένοις⁶

2289 940 2400 1001 τοῖς
2423 938 2480 990 δὲ
2509 940 2725 1010 μιαροῖς
2750 939 2845 991 καὶ
2873 937 3212 1011 παρανόμοις
3233 936 3329 1015 καὶ
3354 937 3544 1007 μίσους
3573 937 3732 1002 ἄξιος.
3755 940 3848 992 Λυ-

2291 1031 2384 1081 πεῖ
2412 1029 2516 1102 γάρ
2561 1029 2657 1100 τὴν
2687 1029 2961 1102 ἁμαρτίαν
3001 1028 3261 1082 κωλύων·
3309 1027 3400 1081 καί
3443 1044 3510 1098 με
3545 1028 3697 1082 τοῦτο
3727 1029 3848 1098 μετά

2289 1121 2398 1175 τῶν
2425 1121 2622 1187 ἔξωθεν
2653 1121 2995 1192 πραγμάτων
3026 1121 3226 1183 ἱκανῶς
3251 1120 3346 1174 καὶ
3376 1121 3410 1190 ἡ
3443 1119 3846 1193 ἐκκλησιαστικὴ

2294 1215 2506 1285 ἱστορία
2527 1213 2788 1268 διδάσκει.
2818 1214 2914 1277 Τίς
2942 1213 3205 1284 κρείττων
3238 1213 3443 1284 ποιμὴν
3471 1213 3740 1278 Μωσέως;
3776 1215 3847 1277 τίς

2289 1305 2347 1359 δὲ
2377 1306 2559 1377 ἀρχων
2584 1305 2826 1377 ἐμμελὴς
2871 1305 3014 1360 οὕτω
3041 1305 3137 1359 καὶ
3169 1305 3358 1376 ήπιος,
3387 1305 3564 1359 πάντα
3583 1305 3842 1375 γινόμενος

2289 1397 2369 1470 τῷ
2390 1397 2524 1469 λαῷ,
2553 1398 2807 1470 τροφεὺς,
2839 1398 3169 1470 στρατηγὸς,
3207 1399 3383 1468 ἱερεὺς
3403 1440 3418 1463 ,
3447 1397 3774 1468 αὐτοπατὴρ.
3799 1399 3847 1450 έν

2292 1491 2552 1562 πολέμοις
2596 1489 2804 1555 σώζων,
2853 1492 2910 1543 έν
2961 1491 3152 1561 ἐρήμῳ
3195 1491 3450 1559 ἄσπαρτα
3499 1490 3593 1542 καὶ
3633 1491 3846 1558 ἀνήροτα

2291 1580 2540 1654 χορηγῶν
2565 1580 2767 1650 ἀγαθά,
2796 1579 3032 1643 δικάζων
3061 1580 3332 1651 ἐμμελῶς,
3368 1579 3621 1644 ἀπλανῶς
3641 1580 3844 1650 όδηγῶν;

2291 1673 2468 1727 καίτοι
2491 1673 2582 1726 ἐπὶ
2610 1672 2814 1727 τούτων
2842 1671 3281 1743 κατεστασιάσθη
3303 1672 3379 1736 ὡς
3400 1671 3617 1735 ἀδικῶν,
3641 1670 3846 1742 ὑϐρίσθη

2289 1763 2367 1828 ὡς
2415 1763 2668 1834 βλάπτων
2689 1805 2703 1829 ,
2745 1762 3158 1834 κατεγογγύσθη
3201 1763 3277 1826 ὡς
3321 1764 3371 1815 οί
3410 1761 3726 1825 κλέπτοντες
3767 1760 3848 1813 καὶ

598 1855 780 1904 tamen
817 1850 1184 1909 seditionibus
1221 1861 1280 1908 ut
1323 1853 1571 1924 iniurius.
1603 1855 1842 1926 agitatus
1876 1865 1982 1922 est,
2037 1873 2180 1912 con-

2295 1854 2667 1926 νοσφιζόμενοι
2691 1894 2706 1918 ,
2743 1853 3138 1924 ἐϐλασφημήθη
3175 1853 3252 1916 ώς
3281 1852 3667 1923 ἀνεπιστήμων
3708 1867 3850 1921 στρα-

596 1939 761 1994 viciis
795 1949 856 1996 ut
879 1943 1081 1999 laedens
1115 1945 1343 2015 petitus,
1375 1954 1437 2000 ut
1466 1946 1710 2002 latrones
1739 1958 1794 2002 et
1834 1947 2192 2030 fraudatores

598 2045 881 2088 murmure
907 2035 1184 2104 turbatus,
1224 2037 1534 2094 maledictis
1573 2046 1634 2093 ut
1665 2039 1956 2110 imperitus
2010 2042 2185 2110 impe-

597 2129 752 2178 ratur
779 2139 843 2179 ac
884 2126 1064 2182 malus
1123 2127 1416 2197 praefectus
1465 2129 1785 2195 lacessitus,
1841 2130 2190 2201 periclitatus

596 2214 761 2269 etiam
791 2223 876 2270 est
912 2231 979 2271 ne
1002 2217 1125 2286 ipso
1164 2217 1427 2290 fungendi
1461 2220 1756 2275 sacerdotii
1787 2220 1971 2275 ofﬁcio
2008 2221 2189 2291 priva-

597 2312 768 2370 retur,
811 2309 1034 2377 quando
1063 2308 1276 2365 Datlran
1305 2320 1361 2366 et
1396 2311 1604 2366 Abiron
1639 2311 1848 2382 ﬁliique
1871 2311 2014 2368 Core
2043 2312 2191 2369 sedi-

599 2395 798 2451 tiosain
831 2413 1020 2452 secum
1054 2399 1268 2469 plebem
1304 2415 1414 2454 una
1443 2409 1606 2471 rupto
1639 2401 1848 2458 foedere
1887 2417 1952 2457 ex
1985 2402 2188 2473 populo

600 2487 960 2552 abducentes,
993 2489 1212 2560 profani
1251 2507 1312 2546 se
1357 2493 1674 2548 sacerdotes
1720 2501 2038 2549 sanctorum
2066 2508 2188 2548 ma-

599 2594 708 2647 gno
727 2589 928 2635 conatu
955 2597 1082 2638 esse
1107 2584 1533 2650 contenderunt,
1567 2600 1632 2640 ac
1670 2586 1907 2642 feminas
1938 2587 2036 2656 qui
2071 2585 2190 2643 suf-

600 2672 760 2728 ﬁrent
793 2675 1099 2744 elegerunt,
1141 2686 1196 2731 et
1227 2693 1338 2732 non
1392 2680 1567 2732 multo
1604 2687 1730 2750 post
1767 2688 1961 2736 sancta
1995 2681 2191 2752 attige-

598 2773 749 2832 runt,
783 2765 1076 2836 ignemque
1105 2769 1401 2837 mysticum
1430 2769 1825 2836 accenderunt,
1879 2772 2026 2843 quod
2065 2782 2192 2828 ante

599 2857 886 2912 incensum
934 2857 1228 2915 sumentes
1273 2861 1511 2920 exussit.
1567 2859 1754 2932 Usque
1813 2862 1949 2917 adeo
2002 2863 2190 2934 populi

600 2947 928 3018 praefectura
965 2949 1316 3020 docendique
1351 2967 1558 3007 munus
1601 2967 1691 3008 res
1719 2960 1805 3008 est
1842 2951 2192 3008 oﬁendiculis

599 3036 861 3102 obnoxia,
896 3046 954 3090 ut
999 3037 1136 3094 Mosi
1175 3054 1245 3094 ne
1294 3039 1496 3096 fratres
1540 3042 1763 3112 quidem
1799 3042 2188 3113 pepercerim:

602 3128 732 3198 quin
760 3138 815 3184 et
837 3127 1005 3184 Maria
1045 3131 1469 3203 obloquebatur,
1519 3143 1575 3188 et
1625 3134 1810 3189 Aaron
1846 3135 2194 3191 conviciaba-

2294 1946 2461 2019 τηγδς
2497 1947 2590 2000 καὶ
2621 1944 2933 2018 προστάτης
2976 1946 3077 1998 οὐκ
3124 1944 3360 2013 ἀγαθὸς,
3393 1943 3725 1998 ἐκινδύνευσε
3766 1941 3847 1993 καὶ

2293 2037 2464 2108 αὐτῆς
2503 2035 2605 2106 τῆς
2648 2035 2946 2106 ἱερωσύνης
2972 2034 3350 2106 ἀπελαθῆναι,
3389 2034 3552 2105 ήνίκα
3583 2031 3748 2084 Δαθάν
3771 2028 3852 2082 καὶ

2308 2129 2572 2202 Ἀσειρὼν
2599 2131 2692 2184 καὶ
2721 2131 2827 2183 υἱοὶ
2852 2129 2995 2200 Κορὲ
3021 2129 3192 2200 δῆμον
3223 2126 3497 2198 στασιώδη
3525 2125 3637 2197 μεθ’
3665 2121 3848 2177 ἑαυτῶν

2295 2223 2389 2277 τοῦ
2434 2221 2565 2276 λαοῦ
2605 2221 3038 2294 ἀπορρήξαντες,
3085 2221 3300 2292 βέϐηλοι
3346 2221 3458 2274 τῶν
3507 2219 3672 2287 ἀγίων
3709 2216 3850 2286 ἱερεῖς

2297 2314 2662 2384 ἐφιλονείκουν
2693 2309 2866 2378 εἶναι,
2910 2314 3004 2366 καὶ
3048 2313 3150 2376 τάς
3183 2311 3544 2382 θυμιατρίδας
3579 2305 3850 2379 μετεχειρί-

2299 2405 2470 2472 ζοντο,
2511 2406 2606 2459 καὶ
2633 2406 2757 2460 ὅσον
2797 2404 3008 2458 οὐδέπω
3047 2404 3156 2457 τῶν
3187 2403 3358 2472 ἁγίων
3401 2404 3652 2472 ἥπτοντο,
3687 2397 3769 2451 καὶ
3800 2395 3849 2447 τὺ

2299 2495 2410 2566 πῦρ
2460 2497 2698 2568 ἀνῆπτον
2740 2495 2802 2548 τὸ
2843 2495 3134 2567 μυστικὸν,
3187 2493 3216 2547 ὃ
3259 2493 3368 2564 πρὸ
3415 2492 3507 2546 τοῦ
3546 2488 3850 2560 θυμιάματος

2298 2589 2424 2652 τοὺς
2465 2587 2773 2659 θυμιῶντας
2815 2586 3134 2656 κατέφλεξε.
3177 2587 3287 2640 Καὶ
3332 2584 3590 2638 τοσοῦτὸν
3627 2581 3686 2651 γέ
3727 2581 3849 2632 ἐστιν

2298 2681 2774 2753 εὖπρόσκρουσετον
2799 2679 3104 2753 προστασία
3130 2678 3260 2733 λαοῦ
3293 2679 3391 2732 καὶ
3425 2678 3484 2732 τὸ
3507 2674 3846 2731 διδασκαλικδν

2297 2769 2633 2839 ἐπιτήδευμα
2659 2808 2674 2832 ,
2722 2769 2864 2822 ὥστε
2916 2769 3038 2822 οὐδὲ
3099 2769 3149 2822 oi
3211 2768 3433 2836 ἀδελφοὶ
3467 2767 3558 2821 τοῦ
3606 2763 3847 2823 Μωῦσέως

2297 2860 2616 2930 ἐφείσαντο·
2655 2861 2790 2914 ἀλλά
2830 2860 2925 2914 καὶ
2954 2860 3143 2931 Μαρία
3182 2859 3492 2925 κατελάλει,
3531 2857 3621 2913 καὶ
3667 2851 3848 2924 Ἀαρὼν

2299 2953 2594 3022 ἐλοιδόρει,
2628 2951 2723 3006 καὶ
2754 2950 2814 3004 τὸ
2844 2951 3100 3022 φορτικὸν
3129 2951 3228 3022 τῆς
3277 2951 3460 3023 ἀρχῆς
3512 2950 3606 3020 τὴν
3648 2943 3849 3015 φυσικὴν

2299 3044 2617 3116 παρώξυνεν
2645 3044 2857 3102 εὔνοιαν
2877 3085 2892 3108 ,
2929 3045 3024 3098 καὶ
3055 3043 3184 3106 τοὺς
3225 3041 3590 3104 οἰκειοτάτους
3619 3037 3690 3108 τῷ
3713 3033 3848 3088 πολυ-

2303 3137 2489 3210 μόχθῳ
2515 3138 2669 3210 ἀνδρὶ
2697 3137 3087 3207 ὲπανέστησεν.
3137 3135 3276 3189 Ἀλλ’
3306 3134 3464 3188 οὐδὲν
3502 3132 3625 3202 περὶ
3650 3125 3803 3182 τοῦτο·
3826 3124 3849 3176 ὁ

603 3229 738 3277 tur:
770 3237 836 3277 ac
867 3223 1085 3294 imperii
1119 3239 1261 3282 onus
1305 3226 1680 3306 importunum
1717 3229 2024 3284 naturalem
2060 3243 2190 3284 con-

2303 3229 2399 3299 μὲν
2421 3227 2530 3300 γὰρ
2551 3223 2618 3299 ἦν
2643 3227 2906 3296 Μωῦσῆς,
2925 3227 3019 3280 καὶ
3038 3225 3190 3279 οὐδὲν
3212 3223 3412 3278 ἑαυτοῦ
3431 3223 3624 3295 χείρων
3645 3216 3845 3306 ἐγένετοτ

607 3315 808 3370 eitavit
874 3317 1354 3384 benevolentiam,
1407 3328 1462 3374 et
1518 3318 1888 3376 amicissimos
1942 3335 2196 3392 quosque

533 3392 546 3406 ’
603 3406 726 3460 viro
757 3407 1035 3464 laborioso
1062 3417 1122 3463 ut
1150 3410 1502 3481 insurgerent
1536 3411 1687 3468 fecit.
1724 3409 1924 3467 Verum
1957 3412 2095 3467 nihil
2126 3413 2194 3468 ad

604 3497 712 3554 hoc
741 3499 852 3566 ille,
887 3500 1158 3571 siquidem
1196 3512 1317 3558 erat
1362 3511 1628 3574 perpetuo
1670 3503 1908 3577 Moyses,
1955 3513 2011 3561 et
2055 3507 2196 3562 nihil

603 3592 792 3662 seipso
815 3591 1055 3650 deterior
1080 3595 1367 3651 evadebat.
1397 3597 1481 3652 Ab
1510 3597 1620 3653 illis
1673 3612 1810 3652 vero
1839 3605 2194 3668 peccatorum

605 3684 660 3738 in
689 3683 883 3740 ducem
915 3685 1061 3744 Deus
1096 3703 1290 3758 poenas
1319 3691 1526 3760 exegit,
1571 3704 1712 3757 quas
1756 3691 2000 3746 luerunt.
2050 3689 2196 3758 Quid

605 3778 698 3848 qui
725 3787 850 3849 post
871 3794 994 3844 eum
1015 3780 1390 3851 praefuerunt?
1412 3779 1606 3836 Nonne
1633 3781 1953 3851 religionem
1986 3781 2195 3838 docens

605 3868 779 3925 lsaias
804 3885 959 3924 serra
989 3871 1266 3927 dissectus
1290 3873 1420 3928 est?
1462 3871 1659 3928 Nonne
1699 3870 1970 3928 Jeremias
2003 3881 2195 3929 contra

605 3960 814 4015 cultum
846 3960 1116 4016 idolorum
1160 3963 1504 4019 concionans
1527 3963 1770 4018 clamore
1802 3962 2064 4035 fatigatus
2087 3973 2194 4034 est,

607 4059 662 4106 et
688 4051 839 4106 lacus
862 4067 988 4106 eum
1038 4059 1094 4108 et
1135 4052 1610 4108 catarrhaetarum
1663 4054 1934 4124 supplicia
1964 4069 2196 4125 excepe-

606 4154 735 4198 runt
756 4143 780 4196 ?
802 4143 940 4198 Num
979 4142 1279 4200 Zacharias
1314 4145 1460 4201 inter
1487 4145 1751 4216 templum
1779 4154 1834 4202 et
1860 4146 2033 4202 altare
2051 4147 2195 4204 bello

605 4237 808 4304 petitus
837 4244 923 4292 est.
949 4245 1004 4291 et
1032 4236 1388 4292 trucidatus?
1418 4237 1684 4294 Dominus
1729 4253 1952 4309 quoque
2005 4246 2196 4294 noster

604 4326 724 4396 ipse
758 4342 938 4384 nonne
967 4344 1068 4399 pro
1115 4330 1312 4386 ovibus
1357 4339 1546 4401 pastor
1595 4331 1816 4386 occisus
1860 4331 2196 4387 estinonne

608 4434 708 4488 pro
728 4419 796 4474 iis
824 4435 966 4489 quos
1002 4423 1315 4486 erudiebat.
1342 4425 1471 4480 odio
1509 4425 1736 4482 habitus
1770 4425 1924 4480 cruci
1957 4425 2195 4481 sufﬁxus

607 4510 894 4576 est?Quid
920 4511 1092 4568 Paulo
1139 4523 1304 4584 caput
1349 4516 1638 4572 abscidit?
1681 4515 1825 4584 Quid
1868 4514 2091 4572 Petrum
2125 4516 2194 4570 ad

2299 3322 2350 3374 οί
2401 3322 2458 3376 δὲ
2498 3321 2608 3374 τῶν
2648 3324 2729 3386 εἰς
2775 3321 2868 3374 τὸν
2909 3319 3154 3390 ἡγεμόνα
3203 3315 3682 3388 πλημμελημάτων
3727 3303 3849 3376 παρὰ

2297 3411 2435 3466 Θεοῦ
2462 3412 2561 3476 τάς
2585 3411 2738 3475 δίκας
2766 3412 2860 3465 καὶ
2881 3411 3263 3482 ἀπῃτήθησαν,
3299 3410 3399 3462 καὶ
3430 3408 3703 3462 ἀπέτισαν.
3727 3399 3784 3452 Τί
3809 3397 3846 3448 οί

2301 3505 2441 3576 μετά
2475 3505 2698 3572 τοῦτθνῖ
2737 3505 2848 3574 Οὐχ
2892 3503 3122 3566 Ἡσαΐας
3155 3502 3253 3574 τὴν
3302 3501 3584 3556 εὐσέϐειαν
3621 3495 3847 3551 διδάσκων

2298 3597 2562 3670 ἐπρίσθη;
2599 3597 2712 3667 Οὐχ
2768 3596 3038 3667 Ἱερεμίας
3070 3596 3172 3665 τὴν
3205 3592 3648 3664 είδωλολατρείαν
3676 3589 3850 3646 ἀποκη-

2300 3689 2508 3764 ρύττων
2547 3688 2874 3758 κατεσοήθηο
2923 3689 3018 3742 καὶ
3051 3688 3244 3743 λάκκοι
3286 3687 3452 3740 αὑτὸν
3500 3683 3591 3738 καὶ
3626 3673 3850 3770 τιμρίαξ
3885 3757 3888 3762 .

2297 3781 2699 3853 καταῤῥακτῶν
2739 3779 3073 3845 διεδέξαντος
3121 3780 3196 3833 Οὐ
3238 3779 3517 3850 Ζαχαρίας
3553 3768 3738 3846 μεταξὺ
3773 3768 3850 3815 τοὺ

2297 3871 2428 3926 ναοῦ
2463 3871 2555 3926 καὶ
2581 3870 2677 3925 τοῦ
2712 3871 3100 3942 θυσιαστηρίου
3129 3870 3444 3941 ἐπολεμήθη
3472 3866 3562 3920 καὶ
3583 3853 3845 3942 ὲφονεὺθηξ

2310 3965 2374 4021 ’0
2399 3964 2603 4035 Κύριος
2633 3963 2790 4036 ἡμῶν
2818 3963 2886 4036 [ὁ]
2921 3940 3083 4028 abre;
3111 3964 3173 4016 οὐ
3206 3940 3486 4035 περὶτῶν
3524 3953 3801 4028 προϐάτων,
3828 3940 3849 3991 ὁ

2297 4057 2524 4129 ποιμὴν,
2571 4057 2816 4126 έσφάγη;
2861 4057 2924 4110 οὑ
2973 4057 3103 4126 περὶ
3139 4056 3250 4109 τῶν
3279 4050 3672 4122 παιδευομένων
3714 4049 3850 4112 μιση“

2297 4149 2413 4213 θεὶς
2447 4139 2805 4218 ἐσταυρώθή;
2850 4147 2915 4200 Τί
2957 4147 3170 4200 Παῦλον
3201 4147 3301 4216 τῆς
3341 4141 3582 4214 κεφαλῆς
3609 4133 3848 4230 ἀπέτεμῖὶ

2296 4238 2350 4291 τί
2394 4211 2635 4309 ήΠέτρον-
2671 4211 2768 4289 ὲπί
2793 4211 2906 4290 ’τὸν
2959 4236 3193 4308 σταυρὸν
3241 4211 3456 4305 ῦψωσες
3509 4230 3559 4284 τί
3597 4226 3712 4285 τοὺς
3749 4211 3834 4271 καθ

2295 4329 2527 4384 ἕκαστον
2549 4327 2656 4382 τῶν
2680 4327 2938 4400 μαθητῶν
2975 4331 3098 4391 ταῖς
3139 4329 3414 4392 ποικίλαις
3430 4318 3848 4414 τιμωρίαιςᾳπξίρξ

2297 4421 2532 4488 έδωκενς
2569 4423 2646 4476 Οὐ
2679 4421 2740 4474 τὺ
2765 4420 2996 4474 κωλύειν
3029 4421 3128 4491 τὴν
3170 4422 3464 4492 ἁμαρτίαν,
3497 4413 3590 4471 καὶ
3615 4404 3849 4462 παιδεύειν

2296 4513 2674 4584 δικαιοσύνην;
2751 4512 2862 4564 Ἀεὶ
2930 4511 3040 4584 γὰρ
3099 4512 3286 4584 ἐχθροὶ
3346 4512 3458 4567 τῶν
3519 4492 3849 4584 iimwélwv

608 4617 826 4658 crucem
870 4605 1143 4660 sustulit?
1185 4579 1330 4673 Quid
1377 4608 1629 4680 singulos
1681 4579 1982 4680 discipulos
2023 4608 2190 4664 variis

2307 4603 2562 4675 μαθητῶν
2599 4579 2649 4656 oi
2686 4603 2788 4672 τῆς
2830 4579 3091 4674 ἀληθείας
3129 4579 3286 4672 -φίλοι
3327 4621 3386 4657 τε
3428 4599 3522 4655 καὶ
3559 4579 3845 4680 διδάσκαλοι.

609 4696 900 4752 tormentis
923 4696 1197 4753 tradidit?
1228 4697 1425 4755 Nonne
1461 4700 1612 4771 quod
1662 4700 2024 4770 prohiberent
2063 4715 2196 4771 pec-

605 4801 811 4853 eatum,
835 4797 890 4846 et
921 4789 1181 4846 docerent
1201 4791 1522 4861 justitiam?
1563 4791 1794 4864 Semper
1827 4793 1978 4848 enim
2017 4791 2192 4850 disci-

607 4880 755 4950 pulis
801 4895 943 4950 quos
1005 4881 1448 4951 reprehendunt,
1504 4882 1669 4937 invisi
1741 4889 1872 4937 sunt
1932 4883 2190 4938 veritatis

607 4981 882 5028 amatores
909 4981 965 5028 et
997 4974 1264 5044 magistri.
1294 4973 1406 5030 Nos
1438 4986 1620 5031 autem
1645 4974 1893 5030 nondum
1935 4973 2189 5029 veritatis

609 5067 834 5122 nomine
879 5066 1169 5138 colaphum
1199 5068 1371 5122 ullum
1407 5067 1554 5138 passi
1587 5083 1802 5132 sumus,
1855 5080 2039 5136 neque
2086 5063 2189 5118 ad-

2312 4696 2507 4765 Ἡμεῖς
2535 4695 2592 4748 δι
2620 4694 2836 4748 οὐδέπω
2868 4695 3009 4766 ὑπὲρ
3036 4695 3134 4765 τῆς
3163 4695 3423 4765 ἀληθείας
3453 4677 3846 4772 ερραπισθημξνχ

2302 4787 2514 4840 οὐδέπω
2535 4788 2601 4858 τῇ
2625 4784 2789 4856 σαρκὶ
2811 4783 2904 4839 τὸν
2927 4765 3175 4839 κίνδυνον
3201 4781 3519 4855 ἐδεξάμεθα.
3544 4771 3646 4869 iiut
3665 4765 3712 4818 τί

2303 4878 2372 4932 ἃν
2399 4845 2816 4948 γογγυσθῶμεν,
2849 4879 2898 4930 οί
2929 4876 3024 4930 τοῦ
3051 4845 3456 4948 σταυρωθέντος
3481 4866 3734 4922 διάκονοις

2299 4932 2554 5041 mrhpnfj
2599 4932 3056 5040 pﬁrqp'aéxopai
3095 4932 3201 5022 ceu.
3229 4969 3331 5033 τὰς
3387 4932 3740 5030 σκληρότητας
3773 4932 3846 4988 καὶ

2299 5060 2706 5134 παροξυσμοὺς.

612 5154 720 5209 huc
743 5118 1330 5230 corporisrpericulum
1360 5118 1651 5216 surbiimus.
1703 5118 1962 5228 Ac'quid‘
1995 5154 2178 5226 magni
2217 5169 2649 5219 murmuremus,
2684 5155 2780 5228 qui
2835 5155 3090 5213 crucifixi
3135 5153 3376 5212 ministri.
3420 5134 3647 5206 sumus!
3699 5118 3846 5181 velu“

612 5258 768 5321 pater
790 5259 886 5306 aut
905 5259 1082 5309 mater
1127 5262 1252 5310 tuas
1297 5251 1630 5310 insolentias
1677 5251 2245 5323 exacerbationesque
2287 5249 2615 5322 amplector.
