4106 6458
363 384 470 444 517

369 542 3548 593 sam-Iw

1207 707 1436 795 ΤΟΥ
1526 708 1676 794 ΕΝ
1733 706 2101 798 ΑΓΙΟΙΣ

1714 388 1805 446 DE
1848 389 2319 453 VIRGINITATE.

3564 407 3669 463 318

3536 565 3638 593 3.:

2210 714 2836 809 ΓΡΗΓΟΡΙΟΥ

1381 904 1742 1020 ΠΕΡΙ
1800 907 2676 1030 ΠΑΡΘΕΝΙΑΣ

1072 1119 1448 1174 ΕΠΙΣΤΟΛΗ
1469 1121 1993 1181 ΠΡΟΤΡΕΠΤΙΚΗ
2014 1122 2142 1182 ΕΙΣ
2174 1127 2317 1182 ΤΟΝ
2344 1129 2497 1182 KAT‘
2513 1130 2798 1187 ΑΡΕΊῊΝ
2810 1131 2989 1189 ΒΙΟΝ.

1478 1466 1574 1557 8.
1651 1469 1755 1558 Ρ.
1826 1468 2581 1565 N.GREGORII

1270 1702 1469 1815 DE
1578 1702 2777 1823 VIRGINITATE.

1135 1923 1499 1982 EPISTOLA
1548 1922 2137 1981 EXIIORTATORIA
2182 1924 2295 2007 AD.
2332 1925 2565 1983 FRUGI
2627 1927 2885 1985 VITAM.

1597 2087 1775 2138 (Petro
1810 2085 2070 2140 Galesinio
2098 2089 2393 2153 interprete.
2422 2090 2441 2155 )

3539 2404 3581 2423 α

458 2451 522 2506 '0
553 2450 653 2523 μὲν
680 2449 885 2515 σκοπὸς
905 2449 998 2504 τοῦ
1020 2448 1180 2520 λόγου
1207 2448 1375 2516 ἐστὶν,
1398 2450 1694 2521 ἐπιθυμίαν
1721 2452 1825 2523 τῆς
1845 2453 1966 2507 κατ’

2085 2448 2089 2452 ’
2141 2451 2334 2512 Oratio
2385 2453 2501 2509 haec
2545 2454 2727 2511 omnis
2770 2469 2837 2510 eo
2867 2462 3100 2525 spectat,
3132 2463 3214 2520 ut,
3256 2454 3352 2527 qui
3400 2455 3523 2526 ejus
3554 2454 3664 2511 vim

376 2542 582 2614 ἀρετὴν
608 2541 761 2613 ζωῆς
791 2544 906 2605 τοῖς
949 2540 1366 2612 ἐντυγχάνουσιν
1402 2542 1722 2613 ἐμποιῆσαι·
1755 2542 1967 2596 πολλῶν

376 2632 437 2687 δὲ
467 2634 544 2704 τῷ
568 2633 862 2705 κοινοτέρῳ
890 2632 1008 2705 βίῳ,
1050 2631 1231 2697 καθὼς
1253 2633 1538 2704 ὠνόμασεν
1570 2634 1599 2686 ό
1629 2633 1773 2698 θεῖος
1804 2634 1969 2688 ’Λπό-

380 2723 590 2791 στολος,
612 2724 722 2778 τῶν
755 2722 1158 2795 περισπασμιῖΝ
1187 2723 1546 2793 ἐγκειμένων,
1584 2724 1901 2793 ἀναγκαίως
1938 2725 1969 2777 ὁ

377 2814 558 2883 λόγος,
588 2815 778 2887 ὥσπερ
802 2815 924 2869 τινὰ
953 2814 1124 2887 θύραν
1148 2815 1243 2869 καὶ
1270 2814 1473 2869 εἴσοδον
1501 2814 1604 2884 τῆς
1637 2813 1969 2885 σεμνοτέρας

377 2905 690 2977 διαγωγῆς,
731 2907 825 2961 τὸν
865 2907 965 2977 τῆς
1008 2906 1305 2978 παρθενίας
1348 2906 1659 2960 ὑποτίθεται
1711 2905 1845 2976 βίον,
1891 2906 1970 2970 ὡς

378 2994 506 3049 οὔτε
535 2998 648 3059 τοῖς
667 2996 995 3067 ὲμπλακεῐσι
1023 3000 1088 3068 τῇ
1115 2996 1209 3050 τοῦ
1237 2997 1353 3076 βίου
1375 2997 1648 3069 κοινότητι
1682 2998 1863 3069 ῥᾴδιον
1908 2996 1971 3050 τὸ

380 3085 509 3139 καθ’
537 3086 766 3158 ἡσυχίαν
809 3089 1260 3160 προσφιλοπφείν
1301 3092 1365 3162 τῇ
1416 3089 1664 3162 θειοτέρα
1689 3089 1839 3161 ζωῇ,
1875 3089 1971 3145 καὶ

377 3182 497 3242 τοῖς
519 3179 950 3251 ἀποταξαμένοις
980 3181 1156 3253 πάντη
1181 3181 1260 3253 τῷ
1285 3181 1587 3254 ταραχώδει
1619 3181 1740 3252 βίῳ,
1768 3183 1971 3255 πολλῆς

381 3270 637 3335 εὐκολίας
682 3270 851 3344 οὔσης
913 3275 1035 3337 ταῖς
1095 3272 1456 3343 ὑψηλοτέραις
1502 3274 1781 3345 ἀσχολίαις
1831 3291 1974 3346 παρ-

382 3363 626 3433 εδρεύειν
646 3364 1088 3435 ἀπερισπάστως.
1115 3366 1227 3419 Καὶ
1258 3366 1443 3437 ἐπειδὴ
1478 3366 1598 3420 καθ’
1633 3367 1831 3437 ἑαυτήν
1856 3384 1974 3431 πως

382 3456 665 3528 ἁργοτέρα
691 3455 827 3526 πρὸς
849 3456 912 3510 τὸ
941 3455 1147 3511 πείθειν
1181 3456 1329 3512 ἐστὶν
1355 3458 1389 3528 ἡ
1418 3457 1717 3529 συμϐουλὴ,
1750 3458 1844 3511 καὶ
1872 3458 1975 3513 οὐκ

383 3552 455 3606 ἀν
482 3567 568 3614 τις
592 3549 791 3621 ῥᾳδίως
813 3549 1154 3619 ὑπαγάγοιτό
1176 3564 1299 3603 τινα
1319 3547 1461 3619 ψιλῷ
1485 3547 1563 3619 τῷ
1582 3548 1725 3619 λόγῳ
1754 3548 1893 3620 πρός
1920 3565 1973 3601 τι

384 3640 499 3696 τῶν
525 3639 875 3710 ὠφελούντων
897 3639 1338 3711 ἐγκελευόμενος,
1367 3641 1417 3693 ει
1442 3637 1517 3711 μὴ
1546 3639 1811 3712 πρότερον
1841 3639 1977 3692 ἀπο-

388 3728 706 3800 σεμνύνειεν
748 3730 957 3796 έκεῖνο,
994 3727 1134 3801 πρὸς
1169 3728 1200 3782 δ
1239 3727 1333 3783 τὸν
1376 3729 1655 3800 ἀκροατὴν
1690 3729 1974 3803 παρορμᾷ·

384 3822 583 3875 τούτου
616 3819 777 3893 χάριν
808 3820 917 3875 ἀπὸ
940 3818 1050 3874 τῶν
1078 3819 1372 3891 ἐγκωμίων
1408 3819 1510 3891 τῆς
1542 3819 1842 3893 παρθενίας
1872 3821 1975 3890 ἀρ-

390 3913 646 3984 ξάμενος,
687 3911 862 3977 οὕτως
890 3914 972 3976 εις
989 3912 1089 3984 τὴν
1120 3911 1431 3986 συμϐουλὴν
1465 3912 1784 3985 καταλήγει.
1819 3913 1975 3968 Μᾶλ-

386 4005 480 4059 λον
512 4004 572 4059 δέ
602 4021 722 4069 πως
749 4004 843 4059 τοῦ
873 4007 930 4060 ἑν
957 4004 1176 4076 ἑκάστῳ
1206 4003 1394 4070 καλοῦ,
1428 4004 1523 4059 καὶ
1546 4004 1635 4059 διὰ
1664 4006 1763 4077 τῆς
1792 4022 1975 4078 παρα-

389 4096 594 4162 θέσεως
624 4097 735 4151 τῶν
756 4096 1015 4151 ἐναντίων
1049 4096 1477 4169 φανερουμένου,
1535 4096 1848 4167 ἀναγκαίως
1874 4097 1976 4152 καὶ

383 4192 491 4263 τῆς
521 4190 838 4261 δυσχερείας
864 4191 960 4244 τοῦ
992 4190 1300 4262 κοινοτέρου
1332 4189 1447 4261 βίου
1479 4192 1670 4262 μνήμη
1697 4208 1785 4255 τις
1819 4192 1977 4261 γέγο-

385 4302 500 4338 νεν.
543 4279 676 4339 Εἶτα
700 4284 1006 4355 εὐμεθόὸως
1029 4284 1322 4356 ὑπογραφὴ
1368 4300 1454 4347 τις
1491 4282 1837 4354 παρεισήχθη
1876 4284 1972 4339 τοῦ

386 4376 532 4430 κατά
560 4376 875 4446 φιλοσοφίαν
911 4375 1061 4446 βίου,
1104 4375 1289 4430 καὶτὸ
1357 4373 1433 4446 μὴ
1475 4372 1737 4428 δύνασθαι
1779 4372 1972 4428 τούτου

386 4472 572 4538 τυχεῖν
603 4466 699 4520 τὸν
726 4467 786 4520 ὲν
819 4470 1113 4538 κοσμικαῖς
1141 4466 1271 4521 ὄντα
1303 4465 1605 4539 φροντίσιν,
1641 4466 1974 4520 κατεσκευά-

392 4558 516 4628 σθη.
549 4558 660 4629 Τῆς
680 4557 738 4611 δὲ
768 4556 1085 4628 σωματικῆς
1122 4556 1416 4628 ἐπιθυμίας
1444 4554 1723 4632 ἀργούσης
1759 4557 1818 4609 ὲν
1860 4557 1974 4619 τοῖς

389 4648 846 4720 ἀποταξαμένοις,
877 4648 1184 4714 ἀκολούθως
1220 4649 1531 4721 ὲπεζητήθη
1566 4648 1620 4702 τί
1659 4648 1720 4702 τὸ
1758 4647 1973 4721 άληθῶς

389 4740 746 4811 ἐπιθυμητὸν,
781 4734 857 4795 Οὗ
883 4740 1042 4812 χάριν
1071 4741 1166 4795 καὶ
1189 4740 1289 4809 τὴν
1314 4739 1718 4812 ὲπιθυμητικὴν
1743 4739 1973 4810 δύναμιν

390 4832 546 4903 παρά
584 4831 676 4885 τοῦ
702 4830 1045 4903 Δημιουργοῦ
1084 4831 1185 4901 τῆς
1222 4829 1437 4900 φύσεως
1477 4830 1633 4902 ἡμῶν
1682 4829 1969 4899 ἐλάϐομεν.

389 4923 595 4977 Τούτου
617 4923 674 4977 δὲ
697 4924 818 4977 καθ’
840 4924 965 4977 ὅσον
992 4917 1104 4977 οἷόν
1134 4939 1195 4977 τε
1221 4919 1288 4995 ἦν
1309 4922 1764 4991 ὲκκαλυφθέντος,
1796 4922 1969 4993 ἐφάνη

386 5016 698 5082 ἀκολούθως
735 5018 828 5071 καί
860 5034 980 5071 τινα
1015 5016 1234 5088 μέθοδον
1280 5016 1419 5087 πρὸς
1457 5015 1520 5069 τὸ
1558 5019 1739 5086 τυχεῖν
1779 5014 1970 5069 τούτου

2073 2553 2469 2615 assequuntur,
2498 2543 2568 2600 iis
2593 2543 2842 2614 profecto
2874 2545 3002 2600 vitae
3030 2545 3296 2610 honestae,
3333 2551 3387 2598 et
3413 2558 3534 2615 quae
3553 2543 3665 2599 vir-

2068 2637 2170 2691 tuti
2222 2636 2460 2692 maxime
2509 2637 2821 2704 conveniat,
2878 2636 3112 2691 allatura
3146 2636 3219 2691 sit
3263 2636 3665 2705 cupiditatem;

2068 2726 2353 2798 permultae
2387 2726 2534 2780 enim
2567 2741 2691 2780 cum
2734 2727 2867 2792 sint,
2905 2734 2962 2782 ut
3001 2727 3174 2782 divini
3213 2726 3462 2798 Apostoli
3496 2725 3666 2782 verba

2073 2824 2219 2882 utar,
2266 2815 2681 2881 distractiones,
2738 2833 2862 2888 quae
2895 2817 3175 2873 communi
3221 2818 3504 2875 hominum
3541 2818 3665 2871 vita

2071 2907 2430 2979 impendent;
2477 2909 2800 2964 necessario
2841 2908 2957 2964 haec
2988 2907 3211 2980 quidem
3257 2908 3455 2971 oratio,
3508 2907 3666 2978 quasi

2071 3002 2344 3071 quosdam
2399 3002 2696 3058 sanctioris
2727 3001 3037 3073 disciplinas
3067 3000 3274 3065 aditus,
3318 3009 3483 3071 atque
3520 2998 3665 3056 fores

2069 3093 2357 3164 virginalis
2383 3093 2510 3148 vitae
2541 3094 2785 3150 rationes
2816 3093 3144 3149 constituit:
3186 3100 3450 3163 tanquam
3491 3106 3666 3162 neque

2073 3182 2164 3247 iis,
2185 3184 2277 3254 qui
2309 3184 2362 3238 in
2395 3184 2498 3239 hac
2516 3184 2647 3239 vita;
2668 3185 2916 3255 vulgaris
2944 3185 3209 3240 societate
3236 3183 3489 3254 occupati
3516 3193 3666 3247 sunt,

2074 3275 2235 3331 facile
2265 3276 2338 3331 sit
2368 3276 2548 3331 otioso
2591 3277 2778 3331 animo
2815 3290 2874 3334 se
2903 3276 3192 3333 divinioris
3223 3276 3348 3330 vitae
3397 3273 3670 3331 institutis

2075 3367 2310 3433 tradere,
2347 3376 2401 3423 et
2441 3368 2570 3432 illis,
2601 3369 2696 3440 qui
2726 3369 2795 3423 ab
2827 3370 2977 3424 omni
3007 3369 3339 3423 turbulentae
3371 3367 3496 3423 vita:
3529 3382 3663 3422 con-

2076 3460 2370 3516 suetudine
2408 3477 2467 3517 se
2519 3470 2893 3526 removerunt,
2926 3461 3089 3516 valde
3136 3469 3450 3530 promptum
3494 3460 3565 3514 sit
3604 3473 3670 3513 ac

2076 3548 2257 3612 facile,
2296 3548 2351 3603 in
2381 3550 2729 3619 gravioribus
2762 3565 2947 3605 rerum
2976 3549 3288 3604 divinarum
3322 3547 3524 3604 studiis
3550 3547 3670 3602 sine

2077 3642 2188 3699 ulla
2236 3642 2679 3713 interpellatione
2709 3657 2775 3698 ac
2815 3642 2987 3697 libere
3024 3641 3259 3697 versari.
3292 3642 3359 3696 Et
3407 3641 3667 3713 quoniam

2080 3736 2266 3805 aliquo
2294 3735 2463 3790 modo
2491 3735 2788 3789 consilium
2834 3748 2935 3805 per
2962 3749 3022 3789 se
3054 3747 3164 3789 non
3197 3733 3423 3788 multam
3451 3732 3517 3787 ad
3547 3747 3670 3802 per-

2081 3827 2423 3885 suadendum
2476 3828 2587 3881 vim
2622 3826 2811 3891 habet,
2854 3840 3034 3896 neque
3086 3824 3180 3894 qui
3224 3824 3292 3878 ad
3322 3839 3412 3880 res
3457 3824 3670 3896 aliquas

2081 3920 2246 3976 utiles
2301 3928 2357 3976 et
2403 3919 2676 3975 salutares
2727 3917 3078 3982 adhortatur,
3136 3915 3300 3972 facile
3354 3918 3669 3987 quempiam

2079 4012 2317 4083 simplici
2356 4012 2652 4067 verborum
2690 4007 2906 4063 ratione
2941 4007 3131 4073 ﬂectit,
3169 4007 3275 4063 nisi
3316 4006 3451 4063 illud
3497 4021 3667 4061 unum

2078 4109 2209 4158 ante
2247 4103 2506 4172 graviter,
2539 4107 2595 4155 et
2622 4101 2802 4169 ample
2836 4098 3209 4164 exornaverit,
3241 4096 3305 4151 ad
3334 4100 3480 4168 quod
3510 4097 3666 4151 audi-

2075 4200 2249 4247 torem
2290 4191 2472 4261 ipsum
2528 4190 2812 4259 impellere
2863 4189 3087 4245 studet:
3142 4194 3433 4257 prapterea
3490 4187 3668 4240 oratio

2076 4284 2214 4350 hinc,
2244 4298 2368 4353 quae
2395 4282 2631 4337 consilio
2658 4280 3009 4335 concluditur
3037 4288 3092 4335 et
3120 4279 3470 4343 terminatur,
3500 4292 3529 4331 a
3558 4278 3670 4332 vir‘

2074 4376 2325 4447 ginitatis
2355 4373 2613 4428 laudibus
2635 4386 2832 4427 exorsa
2857 4377 2963 4426 est.
2991 4370 3126 4437 Qum
3153 4377 3335 4425 autem
3364 4370 3564 4440 cuique
3591 4371 3665 4424 rei

2076 4467 2198 4522 laus
2219 4464 2559 4531 attribuitur,
2589 4477 2653 4518 ea
2681 4462 2810 4533 quia
2833 4476 3016 4517 rerum
3046 4463 3191 4516 inter
3215 4477 3276 4517 se
3304 4462 3664 4533 pugnantium

2076 4556 2446 4630 appositione,
2495 4558 2658 4629 quasi
2699 4555 3053 4612 contentione
3085 4555 3345 4626 quadam,
3401 4556 3671 4611 illustrior

2074 4650 2154 4717 fit,
2190 4665 2298 4705 non
2331 4650 2452 4706 sine
2477 4662 2650 4706 causa
2681 4663 2711 4702 a
2731 4647 2895 4704 nobis
2925 4647 3324 4713 molestiarum,
3352 4663 3417 4703 ac
3444 4649 3671 4704 diﬂicul-

2075 4751 2272 4806 latum,
2313 4742 2516 4812 quibus
2552 4740 2793 4795 humana
2826 4740 2935 4795 vita
2966 4740 3219 4805 afﬁcitur,
3284 4742 3490 4796 mentio
3525 4740 3667 4795 facta

2071 4845 2174 4891 est.
2206 4834 2414 4889 Deinde
2437 4833 2736 4904 explicatio
2774 4831 3050 4902 quaedam,
3082 4840 3136 4886 et
3167 4832 3257 4886 illa
3291 4831 3510 4901 quidem
3540 4830 3666 4901 bre-

2072 4928 2159 4985 vis
2190 4937 2277 4983 est
2310 4925 2626 4981 introducta
2649 4926 2778 4981 vita:
2804 4926 2974 4989 illius,
3007 4941 3131 4997 quae
3166 4924 3524 4995 philosophia:
3543 4937 3667 4977 cen-

2074 5030 2337 5078 sentanea
2396 5025 2504 5084 est,
2555 5017 2806 5088 illudque
2849 5031 2986 5073 sane
3024 5017 3349 5072 conclusum
3398 5024 3506 5079 est,
3560 5029 3666 5067 non

387 5105 676 5177 ἐπινοῆσαι
707 5104 802 5160 τοῦ
828 5105 1055 5176 ἀγαθοῦ.
1083 5103 1296 5176 Εὑρέθη
1317 5104 1494 5159 τοίνυν
1530 5105 1739 5178 ἀληθὴς
1764 5102 1971 5176 παρθε-

2075 5125 2240 5182 posse
2265 5123 2388 5165 eam
2429 5108 2557 5162 vitae
2591 5109 2864 5163 rationem
2899 5120 3231 5178 quemquam
3279 5104 3522 5173 assequi,
3575 5103 3664 5168 qui

387 5198 515 5263 νία,
546 5200 580 5270 ἡ
608 5198 809 5262 παντὸς
834 5198 930 5252 τοῦ
959 5198 1021 5263 ἐξ
1061 5195 1349 5269 ἁμαρτιῶν
1389 5195 1668 5267 μολυσμοῦ
1699 5193 1972 5266 καθαρεύ-

385 5305 546 5353 ουσα,
571 5290 709 5361 πρὸς
731 5289 829 5360 τὴν
847 5289 1104 5360 τοιαύτην
1129 5287 1372 5343 ἐπίνοιαν
1399 5287 1718 5359 ἐπιτηδείως
1749 5286 1968 5358 ἔχουσα·

388 5385 532 5440 ὥστε
580 5382 757 5436 πάντα
787 5382 881 5435 τὸν
910 5380 1000 5435 διὰ
1044 5381 1211 5450 μέσου
1245 5379 1436 5448 λόγον,
1470 5378 1575 5432 κᾶν
1622 5377 1761 5449 πρὸς
1803 5377 1970 5448 ἕτερά

385 5494 511 5531 τινα
542 5475 760 5547 βλέπειν
788 5474 941 5546 δοκῇ,
966 5474 1104 5546 πρὸς
1126 5473 1188 5527 τὸ
1222 5472 1324 5543 τῆς
1351 5471 1651 5543 παρθενίας
1677 5470 1971 5526 συντείνειν

384 5569 686 5640 ἐγκώμιον,
717 5568 830 5632 Τάς
872 5568 931 5621 δὲ
976 5566 1207 5639 μερικάς
1252 5565 1536 5637 ὑποθήκας
1585 5561 1679 5618 τοῦ
1727 5565 1971 5618 τοιούτου

387 5662 530 5733 βίου,
561 5661 686 5714 ὅσαι
705 5661 817 5722 τοῖς
840 5657 1085 5730 ἀκριϐῶς
1112 5654 1359 5729 μετιοῦσι
1386 5656 1486 5728 τὴν
1512 5655 1816 5727 σεμνότητα
1842 5654 1974 5709 ταύο

384 5771 487 5827 την
523 5750 984 5823 ὲπετηδεύθησαν,
1031 5748 1250 5819 φεύγων
1291 5748 1391 5819 τὴν
1433 5748 1702 5820 ἀμετρίαν
1739 5748 1768 5801 ὁ
1811 5747 1969 5815 λόγος

385 5844 731 5920 παρέδραμε,
762 5841 1062 5907 καθολικῶς
1099 5858 1160 5896 τε
1185 5839 1276 5896 διὰ
1294 5840 1404 5896 τῶν
1433 5840 1810 5916 γενικωτέρων
1842 5856 1981 5911 παρ-

2077 5205 2135 5259 ln
2188 5202 2449 5257 humanis
2502 5201 2741 5273 negotiis
2792 5199 3019 5267 omnino
3067 5206 3340 5266 versatur.
3394 5192 3502 5250 Sed
3540 5210 3665 5249 cum

2074 5308 2291 5358 eorum,
2319 5293 2414 5366 qui
2444 5306 2633 5349 rerum
2682 5292 3049 5346 humanarum
3089 5303 3278 5344 curam
3325 5286 3661 5356 abjecerunt,

2077 5386 2328 5457 corporis
2348 5384 2626 5455 cupiditas
2653 5381 2939 5438 debilitata
2961 5380 3055 5447 sit,
3082 5387 3137 5435 et
3160 5378 3318 5449 quasi
3343 5378 3665 5448 languescat

2080 5478 2364 5550 appetitio,
2419 5476 2554 5532 illud
2596 5475 2726 5530 item
2760 5473 2955 5529 ordine
2995 5471 3287 5542 quaesitum
3332 5477 3438 5534 est,
3478 5485 3600 5540 quae
3634 5484 3667 5525 a

2078 5549 2239 5626 nobis
2279 5584 2370 5624 res
2410 5567 2483 5624 sit
2524 5580 2657 5623 vere
2694 5563 3019 5636 appetenda.
3062 5563 3237 5633 Cujus
3271 5549 3347 5618 rei
3388 5562 3563 5633 gratia
3597 5560 3666 5616 ab

2077 5674 2146 5717 eo
2170 5660 2265 5731 qui
2291 5667 2506 5714 natura:
2529 5665 2739 5713 nostra;
2762 5654 2990 5711 effector
3015 5661 3122 5718 est,
3155 5654 3330 5724 ipsam
3375 5651 3665 5723 appetitio-

2078 5754 2165 5809 nis
2200 5753 2308 5806 vim
2355 5759 2721 5819 naturamque
2765 5764 2868 5804 nos
2912 5748 3243 5818 accepimus.
3284 5746 3403 5813 Qua
3437 5743 3665 5815 quidem

2076 5858 2159 5912 re,
2182 5840 2360 5916 quoad
2384 5841 2499 5900 ﬁeri
2530 5841 2728 5913 potuit,
2754 5840 2913 5914 plane
2940 5838 3240 5911 explicata,
3281 5852 3458 5911 neque
3487 5835 3659 5894 etiam
