4106 6468
539 375 647 436 519

1780 378 1838 434 S.
1880 376 2209 435 GREGORII
2247 376 2540 433 NYSSENI

3703 374 3804 433 3‘20

542 497 872 563 praepostere
914 490 1092 546 visum
1134 499 1239 559 est,
1272 492 1543 549 rationem
1590 494 1905 564 quamdam,
1962 503 2126 566 atque

2249 496 2588 566 ιγγελμάτων
2647 493 3011 562 προσαγαγὼν
3075 490 3175 564 τὴν
3231 505 3574 563 παραίνεσιν,
3641 500 3813 563 εμπε-

544 597 689 635 wam
713 582 990 653 indagare,
1023 598 1131 654 qua
1164 585 1267 640 hoc
1292 601 1426 641 sane
1449 587 1652 642 bonum
1683 603 2123 658 assequeremur.

550 671 685 727 Vera
716 674 901 743 igitur,
930 683 982 731 et
1007 677 1184 732 solida
1210 678 1497 748 virginitas
1527 696 1651 733 cum
1688 680 1852 736 nullis
1877 688 2129 751 peceato-

546 779 669 818 rum
699 765 959 821 sordibus
993 768 1324 833 obsolescat,
1363 784 1427 824 ea
1463 770 1530 824 ad
1566 771 1708 826 hanc
1743 770 1914 840 ipsam
1974 771 2127 825 inda-

547 855 825 926 gationem
875 856 1097 912 inventa
1139 866 1224 914 est
1258 859 1415 914 valde
1461 862 1892 915 accommodata.
1923 860 2130 928 Quam-

546 947 735 1002 obrem
763 964 1105 1020 quaecunque
1126 950 1229 1005 hac
1262 953 1511 1006 oratione
1535 953 1784 1023 exposita
1815 962 1965 1019 sunt,
2024 954 2130 1010 etsi

551 1038 659 1090 alio
686 1049 936 1108 spectare
963 1041 1238 1107 videnlur,
1272 1043 1454 1096 omnia
1482 1051 1662 1098 tamen
1694 1045 1760 1099 ad
1792 1045 1934 1101 hanc
1962 1046 2127 1117 virgi-

551 1123 729 1177 nalem
757 1125 969 1179 laudem
1000 1127 1159 1195 plane
1184 1126 1519 1186 referuntur.
1549 1128 1776 1202 Singula
1798 1134 1945 1187 enim
1966 1133 2131 1203 hujus

552 1216 676 1271 vitae
709 1228 977 1288 praecepta
1020 1227 1184 1289 atque
1211 1222 1487 1283 instituta,
1520 1238 1642 1292 quae
1680 1223 1973 1294 diligenter
2005 1233 2133 1280 sunt

552 1314 608 1362 et
636 1319 891 1364 accurate
939 1313 1154 1365 exculta
1198 1313 1267 1367 ab
1310 1314 1395 1379 iis,
1441 1316 1532 1385 qui
1570 1326 1773 1371 sancta:
1804 1318 1929 1371 vitae
1967 1316 2132 1385 hujus

553 1400 846 1469 participes
864 1409 1015 1465 sunt,
1048 1403 1273 1457 nimiam
1299 1405 1588 1459 verborum
1615 1407 1826 1476 copiam
1845 1405 2131 1478 eﬂugiens,

553 1490 669 1544 haec
715 1494 991 1560 percurrit
1040 1495 1251 1550 oratio:
1291 1510 1356 1550 ac
1395 1498 1696 1567 generatim
1744 1514 1840 1567 per
1886 1513 2134 1555 commu-

554 1580 646 1634 nia
688 1592 956 1654 prmeepta
992 1585 1379 1642 adhortatione
1415 1588 1704 1659 producta,
1760 1605 1848 1645 res
1887 1590 2134 1659 singulas

553 1673 627 1727 ita
656 1674 893 1743 quodam
929 1677 1093 1732 modo
1125 1679 1560 1749 comprehendit,
1590 1689 1649 1734 ut
1677 1695 1854 1750 neque
1885 1696 1973 1736 res
1994 1681 2134 1737 ullas

555 1768 899 1823 necessarias
946 1778 1255 1839 praetereat,
1294 1787 1469 1842 neque
1506 1781 1658 1827 extra
1701 1774 1920 1828 modum
1970 1789 2133 1846 vage—

2232 588 2476 662 ριείληφε
2501 587 2699 658 τρόπον
2719 588 2840 641 τινὰ
2858 587 2926 641 τὰ
2946 585 3301 640 καθέκαστον⁸
3318 585 3393 647 ὡς
3419 586 3556 656 μήτε
3585 601 3639 637 τι
3670 602 3806 658 παρ-

2234 682 2362 735 ιδεῖν
2408 679 2522 732 τῶν
2569 680 2882 749 ἀναγκαίων
2908 717 2924 743 ,
2975 678 3071 732 καὶ¹
3121 676 3218 748 τὴν
3265 676 3809 747 ἁμετρίανφυλάξα-

2233 774 2378 829 σθαι.
2405 773 2600 837 Ἔθους
2628 773 2686 827 δὲ
2719 774 2885 826 πᾶσιν
2915 772 3088 837 ὄντος,
3116 771 3522 843 προθυμότερον
3546 772 3809 844 ἀντιλαμ-

2232 864 2491 919 ϐάνεσθαι
2522 863 2722 925 παντὸς
2761 862 3217 935 ἐπιτηδεύματος,
3248 863 3301 915 sl’
3341 879 3492 925 τινας
3529 863 3588 915 ὲν
3625 863 3811 933 ἐκείνῳ

2233 956 2801 1027 προευδοκιμήσαντας
2836 955 2934 1009 ῐδοι
2951 994 2966 1019 ,
2997 954 3314 1023 ἀναγκαίως
3341 954 3435 1007 καὶ
3460 953 3573 1006 τῶν
3603 955 3662 1007 ὲν
3686 955 3811 1023 ἀγα-

2237 1047 2337 1120 μίᾳ
2357 1047 2773 1117 διαλαμψάντων
2807 1047 2977 1116 ἀγίων
3010 1048 3232 1118 μνήμην
3262 1045 3664 1115 ἐποιησάμεθα.
3707 1046 3812 1100 Καὶ

2235 1140 2423 1212 ἐπειδὴ
2469 1140 2543 1211 μὴ
2587 1138 2840 1193 τοσοῦτον
2870 1139 2937 1193 τά
2987 1141 3044 1192 ὲν
3072 1142 3183 1201 τοίς
3220 1138 3556 1208 διηγήμασιν
3602 1136 3807 1190 ὑποδείο

2235 1249 2422 1303 γματα
2473 1232 2725 1286 δύνανται
2758 1231 2894 1304 πρὸς
2947 1230 3285 1301 κατόρθωσιν
3335 1230 3537 1301 ἀρετῆς
3562 1271 3576 1294 ,
3631 1230 3808 1300 ὅσονή

2238 1323 2388 1386 ζῶσα
2422 1322 2609 1394 φωνὴ,
2643 1324 2735 1376 καὶ
2765 1322 2833 1376 τὰ
2873 1321 3242 1393 ἐνεργούμενα
3272 1320 3381 1373 τῶν
3420 1318 3643 1387 ἀγαθῶν
3678 1319 3805 1370 ὑπο-

2236 1413 2543 1484 δείγματαο
2609 1414 2924 1482 ἀναγκαίως
2962 1413 3097 1483 πρὸς
3146 1411 3247 1482 τῷ,
3272 1411 3418 1463 τέλει
3475 1407 3571 1461 τοῦ
3619 1408 3810 1477 λόγου,

2236 1503 2332 1559 τοῦ
2387 1504 2805 1560 θεοσεϐεστάτου
2869 1505 3169 1558 ἐπισκόπου
3229 1504 3324 1557 καὶ
3385 1500 3601 1572 Πατρός
3665 1498 3811 1570 ἡμῶν

2240 1598 2665 1669 ἐπεμνήσθημεν
2685 1638 2699 1664 ,
2758 1596 2834 1661 ὡς
2868 1597 3027 1668 μόνου
3070 1596 3310 1659 δυνατῶς
3352 1595 3571 1665 ἔχοντος
3604 1590 3673 1644 τά
3707 1608 3811 1644 τοι·

2241 1691 2377 1745 αὕτα
2426 1690 2724 1745 παιδεύειν.
2799 1690 2867 1743 Ἦ
2920 1689 2977 1743 δὲ
3035 1691 3222 1760 μνήμη
3267 1688 3367 1741 οὐκ
3421 1686 3509 1740 ἐπ’
3564 1684 3814 1754 ὀνόματος

2241 1785 2484 1854 γέγονεν.
2533 1781 2667 1837 ἀλλὰ
2712 1780 2802 1834 διά
2845 1799 3007 1836 τινων
3050 1783 3447 1851 γνωρισμάτων
3509 1777 3573 1831 τὸ
3623 1779 3814 1831 ἐκεῖνον

555 1865 666 1912 tur.
708 1858 843 1915 Cum
875 1870 1056 1917 autem
1091 1863 1144 1916 in
1189 1879 1343 1920 more
1386 1874 1548 1937 atque
1571 1857 1866 1923 'hominum
1897 1882 2134 1924 consuc-

2249 1848 2375 1930 εἶναι
2417 1875 2508 1930 τὸν
2540 1873 2868 1945 δηλούμενον
2909 1876 2939 1926 ὁ
2976 1848 3132 1940 λόγος
3162 1848 3409 1942 ᾐνίξατο·
3467 1868 3557 1922 ἴνα
3605 1869 3679 1939 μὴ
3712 1868 3814 1929 τοῖς

557 1949 746 2005 tudine
786 1951 918 2006 illud
961 1954 1198 2023 positum
1234 1957 1326 2020 sit,
1360 1966 1419 2011 ut
1466 1973 1657 2014 omnes
1691 1959 1757 2013 iis
1789 1959 2136 2029 potissimum

557 2058 680 2097 sese
713 2043 911 2099 studiis
942 2046 1093 2112 dent,
1125 2063 1359 2117 quorum
1394 2050 1557 2104 laude
1589 2052 1738 2107 viros
1768 2053 2013 2109 illustres
2044 2069 2143 2108 cx-

555 2136 760 2192 stitisse
792 2134 1052 2202 viderint,
1111 2140 1426 2195 necessario
1479 2142 1574 2211 qui
1623 2142 1917 2197 cmlibatus
1967 2142 2141 2212 gloria

554 2224 879 2294 ﬂoruerunt,
920 2244 1017 2284 eos
1051 2230 1137 2300 pie
1167 2233 1743 2288 commemoravimus.
1792 2232 1857 2285 Et
1881 2232 2140 2301 quoniam

557 2333 735 2388 neque
772 2322 937 2376 rebus
996 2324 1289 2378 narrandis
1343 2325 1591 2394 exempla
1649 2326 1713 2379 ad
1758 2326 1975 2381 virtutis
2017 2343 2141 2396 per-

560 2409 851 2467 fectionem
899 2422 1109 2469 tantum
1143 2416 1360 2485 quidem
1410 2418 1668 2471 momenti
1709 2418 1931 2485 habent,
1968 2435 2141 2489 quan-

560 2509 676 2556 tum
690 2513 836 2560 certe
861 2505 1025 2560 habet
1047 2517 1159 2561 tum
1186 2523 1288 2561 vox
1309 2508 1450 2569 viva,
1476 2519 1589 2562 tum
1617 2509 1850 2563 maxime
1869 2512 2140 2580 exempla,

561 2606 681 2660 qua:
711 2606 798 2646 res
831 2594 1103 2649 salutares
1139 2596 1370 2665 gignunt
1398 2617 1411 2654 :
1453 2597 1663 2653 idcirco
1688 2598 1815 2667 jure
1845 2608 1898 2655 et
1929 2603 2143 2665 merito,

2239 1967 2376 2040 μετά
2426 1965 2599 2020 ταῦτα
2640 1964 2993 2036 καθομιλοῦσι
3036 1963 3114 2033 τῷ
3156 1963 3299 2034 λόγῳ
3336 1962 3595 2033 ἀνόνητος
3624 1962 3657 2030 ἡ
3688 1975 3814 2028 συμ-

2236 2058 2402 2129 ϐουλὴ
2440 2053 2582 2111 εἶναι
2610 2056 2771 2130 δόξῃ,
2802 2056 2880 2127 τῷ
2914 2056 3237 2128 παρελθόντι
3284 2055 3376 2108 τὸν
3418 2053 3535 2123 βίον
3566 2067 3813 2123 προσφοι-

2237 2150 2335 2219 τᾷν
2368 2150 2496 2211 τοὺς
2526 2149 2678 2212 νέους
2710 2148 3072 2216 ὲγκελεύουσα
3099 2165 3110 2176 ο
3143 2146 3279 2199 ἀλλὰ
3325 2144 3463 2215 προς
3507 2142 3666 2197 τοῦτο
3704 2141 3815 2211 βλέο

2240 2256 2432 2303 ποντες
2459 2240 2635 2309 μόνον,
2669 2234 2779 2292 οἷον
2825 2235 2966 2291 εἶναι
3005 2239 3273 2309 προςήκει
3303 2237 3393 2290 τὸν
3421 2235 3666 2289 τοιούτου
3698 2232 3804 2302 βίου

2248 2328 2587 2402 καθηγητὴν,
2617 2329 2945 2397 ἐκλέγωνται
2974 2330 3187 2390 ἑαυτοῖς
3214 2330 3294 2391 εἰς
3321 2326 3547 2396 όδηγίαν
3577 2324 3699 2385 τοὺς
3726 2321 3806 2374 ἀεὶ

2250 2419 2398 2489 παρὰ
2428 2418 2529 2488 τῆς
2557 2418 2651 2471 τοῦ
2687 2418 2821 2471 Θεοῦ
2856 2418 3077 2488 χάριτος
3107 2418 3186 2479 είς
3218 2414 3562 2485 προστασίαν
3581 2412 3678 2482 τῆς
3711 2406 3822 2463 κατ’

2249 2511 2451 2583 ἀρετὴν
2481 2510 2756 2574 πολιτείας
2788 2509 3282 2580 ἀναδεικνυμένοις·
3317 2509 3351 2577 ἢ
3397 2505 3513 2577 γὰρ
3541 2505 3816 2576 εὑρήσουσι

2251 2603 2340 2656 τὸν
2365 2602 2718 2673 ζητούμενον,
2749 2601 2783 2672 ἢ
2808 2596 2919 2654 οἷον
2958 2600 3065 2672 χρὴ
3090 2598 3229 2655 εἶναι
3255 2601 3356 2654 οὐκ
3381 2601 3755 2670 ὰγνοήσουσιν.

563 2682 663 2736 hac
685 2698 854 2754 prope
879 2696 1122 2740 extrema
1149 2690 1420 2753 oratione,
1449 2689 1845 2759 religiosissimi
1871 2692 2145 2763 episcopi,
2222 2703 2277 2749 et
2339 2694 2523 2749 Patris
2568 2695 2739 2749 nostri
2788 2693 3162 2758 meminimus,
3199 2691 3358 2760 quasi
3400 2705 3549 2744 unus
3595 2687 3817 2743 omnium

559 2775 796 2831 maxime
877 2778 1054 2847 possit
1136 2778 1250 2835 haec
1299 2780 1415 2849 ipsa
1465 2796 1587 2850 quae
1637 2783 1933 2852 quaerimus
1988 2783 2205 2841 docere.
2250 2785 2452 2841 Meutio
2504 2794 2685 2840 autem
2717 2785 2837 2855 ejus
2892 2801 3002 2840 non
3038 2784 3358 2839 nominatim
3400 2782 3549 2837 facta
3590 2789 3690 2843 est,
3734 2779 3815 2834 sel

559 2886 628 2926 ex
649 2870 977 2942 quibusdam
1012 2872 1185 2943 signis
1215 2875 1394 2928 oratio
1425 2874 1544 2944 ipsa
1582 2876 1823 2930 ostendit
1850 2891 1975 2931 eum
2003 2891 2145 2939 esse,
2187 2893 2349 2946 quem
2400 2893 2504 2933 nos
2554 2879 2928 2948 signiﬁcamus
2961 2895 2975 2932 :
3013 2884 3071 2932 ut
3112 2893 3182 2932 ne
3215 2876 3310 2946 qui
3358 2884 3550 2945 postea
3617 2874 3669 2926 in
3727 2869 3817 2922 hoc

562 2978 815 3019 sermone
854 2974 1163 3028 versantur,
1218 2966 1271 3020 id
1309 2968 1600 3022 consilium
1650 2969 1719 3022 iis
1760 2968 2011 3024 videatur
2090 2970 2305 3033 inutile,
2372 2970 2441 3037 si,
2489 2970 2583 3040 qui
2625 2971 2681 3024 in
2738 2971 2878 3024 hanc
2923 2969 3140 3024 vivendi
3215 2969 3358 3021 viam
3405 2965 3797 3037 ingrediuntur.

563 3069 623 3109 se
644 3055 708 3110 ad
736 3054 968 3123 juvenes
993 3056 1246 3110 conferre
1273 3057 1622 3126 juberentur.
1672 3059 1742 3113 At
1767 3075 1898 3114 vero
1926 3060 2031 3115 hoc
2062 3061 2241 3116 solum
2288 3060 2343 3115 hi
2375 3062 2660 3126 intuendo,
2689 3052 2885 3131 nempe
2954 3061 3172 3129 qualem
3240 3074 3362 3115 esse
3405 3057 3602 3112 deceat
3673 3051 3817 3119 hujus

563 3145 689 3202 vita:
738 3147 1160 3211 moderatorem,
1203 3148 1444 3219 deligant
1493 3164 1590 3205 eos
1638 3152 1745 3206 sibi
1799 3150 1993 3219 duces,
2047 3153 2143 3222 qui
2183 3167 2410 3208 munere
2437 3168 2501 3208 ac
2520 3153 2857 3224 benignitate
2882 3152 2975 3207 Dei
3003 3152 3240 3207 instituti
3266 3160 3415 3215 sunt,
3480 3160 3542 3203 ut
3599 3148 3818 3203 honeste

563 3242 690 3297 vita:
718 3243 882 3313 hujus
915 3244 1226 3301 rationibus
1254 3245 1519 3315 prazsint:
1573 3246 1650 3301 ita
1673 3247 1819 3302 enim
1853 3255 1947 3302 aut
1978 3247 2257 3304 invenient
2291 3249 2343 3303 id
2366 3250 2511 3319 quod
2534 3256 2786 3320 quaerunt
2815 3267 2830 3315 ;
2867 3261 2983 3316 aut,
3043 3248 3207 3319 quale
3274 3246 3380 3301 hoc
3440 3262 3568 3301 esse
3624 3243 3805 3300 debeat

566 3348 677 3392 non
715 3332 1065 3405 ignorabunt.

1262 3427 1413 3483 CAP.
1443 3425 1487 3483 1.

854 3517 1011 3573 Omni
1034 3518 1192 3572 laude
1209 3520 1547 3588 prwstautior
1568 3520 1862 3590 virginitas.

637 3611 882 3678 Augusta
932 3610 1024 3665 illa
1068 3611 1397 3681 virginitatis
1444 3611 1692 3681 quadam
1746 3610 1906 3682 quasi
1958 3609 2145 3676 facies,

566 3718 691 3773 quae
735 3717 860 3757 cum
904 3702 959 3756 in
1007 3702 1183 3771 pretio
1231 3710 1312 3758 est
1351 3702 1497 3771 apud
1537 3714 1729 3757 omnes
1768 3702 1862 3773 qui
1898 3702 1966 3757 de
2004 3702 2151 3757 bono

569 3796 785 3852 sincere
811 3794 1085 3863 judicent,
1115 3801 1227 3848 tum
1260 3795 1327 3850 iis
1357 3795 1492 3850 solis
1517 3796 1808 3865 contingit,
1850 3794 2052 3864 quibus
2082 3794 2150 3848 ad

571 3886 894 3957 praeclarum
925 3885 1030 3940 hoc
1068 3886 1308 3941 studium
1349 3885 1441 3940 Dei
1476 3887 1649 3955 gratia
1686 3888 1920 3957 henigue
1968 3886 2152 3956 opitu-

571 3980 737 4042 letur,
780 3977 865 4032 vel
910 3992 977 4032 ex
1024 3976 1249 4032 nomine
1294 3993 1405 4047 quo
1447 3979 1828 4047 compellatur,
1881 3978 2152 4051 insignem

573 4067 786 4124 laudem
817 4066 1017 4121 habet:
1056 4080 1184 4119 nam
1216 4066 1617 4134 incorruptum,
1652 4082 1774 4135 qua:
1803 4080 1907 4121 vox
1954 4068 2009 4123 in
2042 4069 2155 4124 vir-

568 4161 802 4232 ginitate
846 4159 915 4215 de
968 4157 1267 4212 multorum
1322 4159 1724 4212 consuetudine
1772 4158 1993 4223 dicitur,
2033 4158 2155 4229 ejus

571 4253 940 4322 integritatem
980 4250 1274 4321 signiﬁcat.
1307 4248 1493 4319 Itaque
1525 4265 1592 4305 ex
1622 4265 1690 4305 eo
1744 4250 1970 4306 nomine
2008 4251 2156 4322 quod

572 4344 913 4400 tantumdem
954 4344 1154 4407 valeat,
1200 4342 1507 4413 intelligere
1535 4350 1621 4398 est
1646 4342 1809 4413 hujus
1837 4341 1967 4398 doni
2018 4358 2158 4414 pra;-

573 4437 832 4492 stautiam
860 4454 874 4489 :
909 4435 1203 4504 siquidem,
1239 4450 1363 4490 eum
1393 4435 1561 4489 multa
1595 4436 1707 4489 sint
1739 4450 1863 4505 quae
1891 4450 2015 4490 cum
2046 4436 2157 4491 vir-

573 4534 691 4581 tute
745 4536 1027 4595 gerantur,
1072 4527 1250 4581 solum
1298 4527 1402 4580 hoc
1443 4526 1746 4596 incorrupti
1793 4526 2158 4596 appellatione

573 4630 826 4674 ornatum
855 4624 959 4673 est.
993 4616 1088 4672 Sin
1119 4626 1302 4671 autem
1339 4616 1665 4672 beneﬁcium
1700 4618 1805 4672 hoc
1838 4617 1930 4673 Dei
1953 4617 2158 4688 Optimi

573 4710 793 4768 Maximi
842 4709 1008 4764 etiam
1063 4706 1475 4779 prmdieandum
1516 4715 1623 4771 est,
1671 4707 1900 4764 suiﬁciet
1928 4709 1997 4764 ad
2038 4709 2159 4780 ejus

2181 3447 2228 3509 (Ξ

2861 3428 3088 3481 ΚΕΦΑΔ
3099 3468 3112 3482 .
3154 3430 3232 3485 A’.

2459 3522 2580 3575 Ὅτι
2610 3521 2889 3588 κρείττων
2919 3520 3224 3588 ἐγκωμίων
3249 3521 3287 3588 ἡ
3322 3520 3633 3587 παρθενία.

2322 3614 2395 3668 Τὸ
2422 3614 2617 3684 σεμνὸν
2644 3616 2742 3683 τῆς
2769 3589 3064 3683 παρθενίας
3104 3607 3262 3675 εἶδος,
3308 3610 3337 3664 ὃ
3363 3611 3504 3665 πᾶσι
3532 3610 3627 3681 μὲν
3656 3606 3817 3679 τίμιόν

2251 3709 2366 3761 ἐστι
2392 3709 2502 3770 τοῖς
2530 3705 2591 3757 τὸ
2615 3704 2779 3758 καλὸν
2816 3705 2876 3757 ὲν
2909 3702 3242 3773 καθαρότητι
3273 3702 3524 3772 κρίνουσι
3546 3717 3558 3729 ·
3601 3696 3816 3770 παραγί-

2251 3814 2399 3851 νεται
2416 3797 2473 3849 δὲ
2497 3797 2680 3867 μόνοις
2703 3790 2789 3857 οἷς
2811 3795 2876 3849 ἂν
2903 3795 3051 3866 ἡτοῦ
3075 3794 3211 3848 Θεοῦ
3241 3795 3403 3865 χάρις
3433 3792 3677 3865 εὐμενῶς
3700 3790 3816 3860 πρὸς
3830 3825 3837 3832 ·

2251 3887 2351 3955 τὴν
2379 3886 2591 3956 ἀγαθὴν
2612 3885 2815 3957 ταύτην
2840 3885 3135 3956 ἐπιθυμίαν
3171 3886 3631 3957 συναγωνίσηται·
3654 3880 3818 3937 αὐτόθι

2257 3979 2355 4049 μὲν
2382 3978 2493 4049 ἔχει
2517 3977 2608 4032 τὸν
2631 3976 2909 4049 πρέποντα
2937 3977 3180 4041 ἔπαινον,
3204 3978 3314 4031 ἀπὸ
3340 3978 3441 4047 τῆς
3462 3974 3816 4050 προσηγορίας

2252 4073 2353 4141 τῆς
2401 4070 2908 4141 συνονομαζομένης
2953 4071 3113 4141 αὐτῇ.
3160 4070 3233 4123 Τὸ
3283 4070 3394 4142 γὰρ
3435 4071 3666 4143 ἀφθορρν
3695 4065 3819 4122 κατά

2253 4163 2352 4233 τὴν
2385 4163 2671 4233 συνήθειαν
2712 4162 2821 4215 τῶν
2851 4161 3060 4216 πολλῶν
3091 4161 3185 4213 ἐπὶ
3213 4164 3313 4232 τῆς
3355 4161 3651 4233 παρθενίας
3678 4156 3816 4224 λεγόο

2259 4270 2438 4323 μενον,
2487 4252 2820 4323 σημαντικόν
2855 4253 2970 4305 ἐστι
3014 4255 3114 4321 τῆς
3149 4255 3209 4304 ὲν
3258 4252 3397 4323 αὐτῇ
3446 4252 3813 4323 καθαρότητος-

2259 4347 2421 4400 Ὥστε
2447 4345 2532 4399 διὰ
2552 4344 2645 4400 τοῦ
2676 4343 3121 4415 ίσοδυναμοῦντος
3149 4343 3413 4414 ὀνόματος
3435 4344 3581 4398 ἐστιν
3605 4338 3816 4409 ἐπιγνῶ-

2258 4456 2348 4494 ναι
2393 4438 2492 4509 τὴν
2528 4436 2833 4509 ὑπερϐολὴν
2880 4434 2974 4489 τοῦ
3009 4434 3253 4487 τοιούτου
3290 4435 3645 4507 χαρίσματος,
3679 4432 3818 4497 εἴπερ

2260 4527 2469 4582 πολλῶν
2492 4527 2661 4580 όντων
2678 4526 2787 4579 τῶν
2821 4527 2941 4579 κατ’
2965 4526 3166 4597 ἀρετὴν
3184 4525 3647 4595 ἐπιτελουμένων,
3676 4520 3817 4591 μόνον

2258 4618 2418 4673 τοῦτο
2442 4620 2510 4688 τῇ
2553 4617 2839 4688 ἐπωνυμία
2874 4615 2970 4669 τοῦ
3001 4616 3279 4688 ἀφθάρτου
3325 4616 3631 4686 τετίμηται.
3672 4612 3731 4665 El
3766 4607 3817 4660 δὲ

2261 4709 2367 4783 χρὴ
2398 4710 2492 4763 καὶ
2524 4710 2592 4763 δι’
2625 4707 2915 4778 ἐγκωμίων
2939 4707 3144 4777 ταύτην
3171 4707 3265 4761 τοῦ
3293 4707 3548 4774 Μεγάλου
3573 4702 3701 4758 Θεοῦ
3724 4700 3817 4753 δω-

570 4801 1104 4861 commendationem
1160 4801 1381 4856 divinus
1440 4800 1765 4870 Apostolus,
1824 4802 1917 4870 qui
1967 4802 2145 4871 paucis

2260 4803 2389 4875 ρεάν
2433 4800 2847 4871 ἁποσεμνύνειν,
2893 4800 3053 4871 ἀρκεῖ
3095 4800 3233 4872 πρὸς
3274 4801 3551 4871 εὐφημίαν
3592 4795 3748 4864 αὐτῆς
3791 4790 3815 4841 ὁ

571 4894 756 4951 verbis
805 4906 1026 4946 omnem
1072 4891 1298 4946 laudum
1349 4889 1835 4960 ampliﬁcationem
1875 4889 2154 4955 obscuret,

571 4996 819 5041 sanctam
849 4991 1017 5053 atque
1054 4983 1389 5052 inculpatam
1422 4997 1540 5036 eam
1568 4984 1872 5052 appellans,
1909 4997 2031 5052 quae
2054 4981 2159 5036 hoc

573 5096 804 5137 munere
856 5087 1049 5133 ornata
1107 5077 1197 5130 sit.
1241 5073 1397 5140 Quod
1444 5075 1489 5131 si
1530 5077 1674 5129 enim
1700 5084 1945 5144 augusta:
1994 5074 2159 5144 hujus

574 5171 908 5242 virginitatis
938 5185 1002 5225 ea
1030 5177 1116 5224 est
1143 5166 1479 5238 perfunctio.
1510 5175 1570 5221 ut
1599 5167 1912 5237 inculpatus
1938 5181 2003 5220 ac
2033 5181 2160 5220 san-

571 5272 696 5319 ctus
734 5263 1008 5319 elliciare:
1044 5278 1121 5317 ea:
1172 5267 1354 5317 autem
1393 5275 1555 5315 voces
1603 5260 1823 5331 proprie
1869 5274 1936 5313 ac
1981 5258 2162 5328 primo

574 5351 643 5405 ad
674 5352 977 5423 incorrupti
1023 5351 1118 5406 Dei
1156 5350 1388 5422 gloriam
1426 5358 1793 5420 usurpentur:
1842 5361 2158 5418 ecquaenam

576 5441 754 5509 major
788 5458 914 5498 esse
951 5452 1134 5513 potest
1175 5444 1298 5498 laus
1335 5442 1687 5513 virginitatis,
1732 5454 1897 5510 quam
1944 5437 2159 5494 ostendi

571 5544 697 5587 eam
738 5531 804 5586 iis
830 5535 993 5591 rebus
1034 5542 1313 5589 castorum
1355 5548 1583 5589 suorum
1620 5546 1950 5587 arcanorum
1986 5530 2159 5600 parti-

569 5622 728 5692 cipes
757 5623 914 5689 quasi
947 5625 1082 5681 deos
1111 5623 1351 5693 efﬁcere,
1385 5637 1443 5682 ut
1470 5625 1604 5682 socii
1636 5624 1860 5695 quidam
1891 5624 2003 5679 sint
2036 5623 2157 5693 glo-

566 5715 677 5770 ria:
707 5711 877 5765 solius
903 5730 1028 5770 vere
1051 5714 1230 5769 sancti
1260 5725 1427 5788 atque
1459 5716 1723 5783 inculpati
1762 5715 1878 5779 Dei,
1916 5715 2160 5769 necessi-

554 5799 768 5867 tudine
813 5816 935 5861 cum
974 5821 1040 5864 eo
1100 5806 1339 5872 puritate
1376 5819 1541 5881 atque
1576 5808 1889 5881 integritate
1939 5817 2159 5864 contra-

2253 4894 2398 4958 θεῖος
2441 4891 2762 4955 Ἀπόστολος
2782 4931 2798 4956 ,
2835 4891 2904 4945 δι’
2933 4891 3127 4960 ὀλίγων
3155 4892 3418 4963 ῥημάτων
3449 4893 3624 4945 πᾶσαν
3663 4889 3816 4952 ἐγκω-

2258 4987 2395 5056 μίων
2435 4982 2743 5055 ὑπερϐολὴν
2774 4982 3135 5052 ἀποκρύψας,
3165 4980 3224 5045 ὃς
3258 4982 3423 5050 ἁγίαν
3471 4981 3566 5039 καὶ
3609 4979 3816 5046 ἄμωμον

2254 5076 2354 5148 τὴν
2378 5074 2798 5145 κεκοσμημένην
2825 5074 2916 5127 διὰ
2932 5075 3031 5144 τῆς
3052 5074 3275 5144 χάριτος
3307 5073 3510 5142 ταύτης
3541 5070 3814 5137 ὠνόμασεν.

2258 5168 2319 5221 Et
2349 5167 2458 5237 γὰρ
2486 5164 2545 5217 τὸ
2572 5163 2904 5234 κατόρθωμα
2935 5165 3033 5233 τῆς
3061 5163 3265 5234 σεμνῆς
3301 5163 3502 5232 ταύτης
3549 5157 3817 5227 παρθενίας

2266 5258 2405 5323 ἐστὶ,
2444 5257 2506 5311 τὸ
2548 5256 2777 5327 ἄμωμόν
2808 5272 2930 5308 τινα
2961 5254 3219 5323 γενέσθαι
3257 5255 3349 5307 καὶ
3384 5254 3566 5323 ἆγιονο
3592 5246 3749 5303 ταῦτα
3767 5239 3816 5294 δὲ

2266 5350 2334 5406 τὰ
2372 5351 2612 5422 ὀνόματα
2639 5347 2846 5419 κυρίως
2888 5347 2984 5402 καὶ
3006 5348 3237 5419 πρώτως
3264 5348 3345 5411 είς
3370 5346 3526 5411 δόξαν
3554 5339 3817 5410 παραλαμ-

2266 5445 2487 5499 ϐάνεται
2517 5441 2609 5496 τοῦ
2638 5440 2918 5511 ἀφθάρτου
2944 5438 3102 5493 Θεοῦο
3126 5438 3210 5503 τίς
3240 5436 3440 5510 μείζων
3466 5438 3671 5495 ἔπαινος
3695 5441 3817 5495 παρ’

2266 5535 2481 5600 θενίας,
2514 5533 2547 5604 ἢ
2580 5532 2641 5585 τὸ
2686 5530 3070 5602 ἀποδειχθῆναι
3113 5530 3202 5585 διὰ
3251 5530 3455 5584 τούτων
3495 5519 3815 5581 θεοποιοῦσαν

2265 5626 2463 5697 τρόπον
2503 5622 2627 5676 τινὰ
2677 5623 2803 5685 τοὺς
2846 5621 2953 5674 τῶν
3010 5620 3268 5691 καθαρῶν
3316 5621 3484 5691 αὐτῆς
3530 5607 3815 5707 μυστηρίιὲιν

2269 5714 2690 5788 μετεσχηκότας,
2717 5714 2796 5775 είς
2834 5712 2896 5765 τὸ
2923 5712 3177 5780 γενέσθαι
3210 5714 3407 5773 αὐτοὺς
3436 5708 3709 5765 κοινωνοὺς
3727 5710 3815 5762 της

2264 5808 2418 5880 δόξης
2446 5806 2538 5861 τοῦ
2564 5804 2728 5876 μόνου
2753 5803 2828 5867 ὡς
2856 5804 3071 5878 ἀληθῶς
3106 5806 3261 5876 ἁγίου
3301 5806 3394 5860 καὶ
3422 5801 3640 5875 ἀμώμου
3661 5788 3780 5847 Θεοῦ
3798 5823 3812 5849 ,
