4106 6442
303 419 389 476 521

1653 409 1740 465 DE
1783 408 2252 466 VIRGINITATE.

3459 415 3566 473 32?.

300 534 379 590 διὰ
399 530 777 603 καθαρότητος
809 528 960 599 αὐτῷ
997 528 1090 582 καὶ
1111 525 1419 597 ἀφθαρσίας
1446 522 1873 597 οἰκειουμένους.

1982 525 2181 580 henda.
2221 522 2549 595 Quicunque
2594 532 2725 580 vero
2764 526 2979 599 longius
3010 524 3299 583 'orationis
3350 526 3566 601 digres—

301 628 439 680 Ὃσοι
481 623 539 676 δὲ
578 622 827 693 μακροὺς
865 620 1119 683 ἐπαίνους
1161 620 1220 671 ἐν
1256 617 1568 684 διεξοδικοῖς
1614 617 1870 672 κατατεί-

298 733 432 770 νουσι
460 714 664 782 λύγοις,
689 713 763 776 ὡς
782 712 871 766 διὰ
895 711 1098 765 τούτων
1124 710 1524 781 προσθήσοντές
1552 727 1601 763 τι
1635 709 1712 781 τῷ
1741 709 1872 763 θαύ-

304 825 417 878 ματι
440 806 544 875 τῆς
565 803 892 876 παρθενίας,
923 802 1210 873 λελήθασιν
1240 802 1487 865 ἑαυτοὺς,
1521 801 1666 855 κατά
1688 818 1753 870 γε
1773 802 1872 872 τὴν

301 896 427 966 ἐμὴν
462 892 671 965 κρίσιν,
716 890 1113 962 ἐναντιούμενοι
1154 890 1231 962 τῷ
1277 891 1391 962 ἰδίῳ
1440 890 1648 961 σκοπῷ⁸
1692 890 1760 943 δι’
1799 883 1874 944 ὧν

298 986 593 1057 ἐξαίρουσιν
628 986 712 1047 είς
758 982 978 1054 μέγεθος
999 1023 1012 1044 ,
1043 981 1286 1035 ὕποπτον
1331 980 1611 1042 ποιοῦντες
1649 978 1739 1032 διὰ
1767 978 1875 1033 τῶν

301 1078 576 1148 ἐγκωμίων
612 1076 708 1128 τὸν
731 1075 972 1128 ἔπαινον.
1000 1073 1139 1126 Ὅσα
1167 1073 1277 1144 γὰρ
1310 1075 1368 1125 ἐν
1391 1075 1458 1142 τῇ
1496 1071 1655 1141 φύσει
1682 1071 1743 1124 τὸ
1774 1089 1873 1141 με·-

299 1170 495 1238 γαλεῖον
529 1168 650 1238 ἔχει
676 1208 692 1234 ,
733 1166 941 1220 οἴκοθεν
961 1166 1022 1220 τὸ
1050 1166 1236 1236 θαῦμα
1273 1165 1565 1233 ἐπάγεται,
1594 1165 1749 1218 οὐδὲν
1774 1164 1875 1235 τῆς

300 1260 356 1313 ἐκ
388 1258 491 1312 τῶν
520 1257 704 1325 λόγων
739 1257 1067 1328 συνηγορίας
1096 1256 1342 1327 δεόμενα·
1368 1256 1622 1327 καθάπερ
1654 1257 1682 1309 ὁ
1717 1257 1878 1329 οὐρα-

299 1352 394 1414 νὸς,
422 1351 454 1420 ἢ
478 1352 507 1402 ὁ
541 1350 720 1420 ἥλιος,
747 1349 780 1420 ἢ
822 1348 950 1403 ἄλλο
974 1366 1028 1402 τι
1060 1348 1169 1401 τῶν
1198 1349 1292 1401 τοῦ
1327 1349 1532 1421 κόσμου
1555 1349 1873 1423 θαυμάτων·

299 1450 396 1509 τοῖς
422 1445 477 1498 δὲ
507 1445 921 1514 ταπεινοτέρας
963 1442 1071 1496 τῶν
1100 1444 1551 1514 ἐπιτηδευμάτων
1584 1446 1705 1499 ἀντὶ
1746 1446 1878 1500 ὑπο-

301 1539 488 1609 σάθρας
524 1540 554 1591 ό
585 1537 746 1606 λόγος
785 1536 1085 1608 γινόμενος,
1131 1536 1398 1607 μεγέθους
1432 1539 1553 1591 τινὰ
1578 1539 1874 1607 φαντασίαν

298 1627 376 1681 διὰ
408 1627 506 1696 τῆς
542 1626 657 1679 τῶν
687 1626 925 1680 ἐπαίνων
962 1626 1242 1695 περινοίας
1279 1627 1656 1699 προστίθησιν.
1708 1628 1874 1683 Ὅθεν

300 1719 544 1781 πολλάκις
588 1717 654 1771 τὸ
704 1718 768 1770 ἐκ
814 1716 922 1771 τῶν
968 1718 1263 1788 ἐγκωμίων
1328 1718 1875 1790 κατασκευαζόμενον

1977 618 2229 673 sionibus
2265 616 2431 687 hujus
2463 618 2539 671 rei
2567 617 2730 673 latius
2764 619 3039 689 explicant
3061 619 3271 685 laudes,
3303 619 3465 688 quasi
3495 636 3563 674 ex

1978 711 2082 765 hoc
2124 710 2330 780 aliquid
2384 710 2697 765 admirabili
2746 711 2876 766 huic
2905 711 3159 782 virginali
3212 712 3398 768 studio
3451 713 3563 766 sint

1978 804 2240 867 addituri,
2271 804 2324 857 hi
2364 803 2613 874 profecto
2644 803 2779 857 mihi
2819 804 3033 874 seipsos
3080 804 3337 876 ignorare
3368 803 3562 860 viden-

1978 903 2090 957 tur,
2116 910 2239 948 cum
2270 910 2383 949 suae
2406 895 2690 949 sententiae
2722 909 3057 965 magnOpere
3090 894 3195 964 ipsi
3223 905 3557 966 repugnent:

1977 985 2179 1055 quibus
2209 986 2355 1040 enim
2382 986 2652 1042 encomiis
2688 1001 2748 1041 se
2780 987 3325 1057 rei-magnitudinem
3370 989 3564 1058 ampli-

1981 1077 2143 1130 ﬁcare
2160 1077 2522 1140 arbitrantur,
2544 1077 2739 1133 iisdem
2761 1086 3072 1153 suspectam
3095 1078 3302 1134 faciunt
3320 1078 3558 1135 laudem.

1977 1167 2112 1222 Nam
2155 1184 2278 1238 quae
2324 1176 2521 1223 natura
2565 1171 2864 1234 excellunt,
2909 1170 3331 1227 admirationem
3375 1187 3561 1227 secum

1978 1257 2236 1326 afferunt,
2299 1274 2480 1330 neque
2537 1260 2849 1314 orationum
2909 1261 3216 1331 patrocinio
3276 1262 3560 1333 indigent:

1978 1353 2161 1422 qualia
2194 1361 2327 1407 sunt
2349 1353 2587 1417 coelum,-
2608 1355 2712 1418 sol,
2746 1362 3054 1425 cmteraque
3082 1355 3138 1411 id
3172 1357 3409 1426 generis,
3441 1372 3565 1427 quae

1978 1442 2035 1499 in
2059 1444 2210 1499 omni
2242 1445 2405 1508 caelo,
2434 1451 2488 1499 et
2534 1452 2677 1500 terra
2718 1444 2924 1514 aliquid
2969 1445 3288 1502 admirabile
3315 1447 3557 1502 habent:

1977 1535 2366 1592 humilioribus
2410 1547 2590 1593 autem
2634 1537 2833 1592 studiis
2862 1538 3040 1593 oratio
3073 1555 3169 1608 pro
3206 1539 3564 1597 fundamento

1975 1629 2256 1700 proposita
2292 1630 2529 1699 aliquam
2558 1629 2957 1701 magnitudinis
2993 1631 3304 1701 opinionem
3340 1633 3562 1688 landum

1978 1722 2210 1776 artificio
2240 1722 2506 1793 adjnngit.
2538 1721 2725 1793 Itaque
2755 1723 2813 1777 llt
2842 1723 3164 1795 plerumque
3190 1732 3248 1779 ut
3274 1725 3564 1782 admiratio

301 1811 503 1881 θαῦμα,
537 1810 617 1872 ὡς
658 1808 1050 1880 σεσοφισμένον
1098 1808 1573 1863 καθυποπτεύεται
1621 1809 1727 1863 ὑπὸ
1762 1811 1872 1864 τῶν

1978 1827 2100 1882 quae
2127 1814 2398 1868 encomiis
2451 1824 2824 1885 comparatur,
2864 1817 3028 1871 veluti
3071 1818 3443 1873 commentitia
3495 1818 3565 1873 ab

303 1879 607 1974 ἀνθρώπων.
645 1879 908 1964 Ἐπαινος
935 1901 992 1953 δὲ
1034 1900 1191 1972 μόνος
1226 1901 1409 1965 ἱκανὸς
1438 1902 1540 1972 τῆς
1571 1902 1869 1974 παρθενίας

1977 1879 2292 1962 hominibus
2320 1879 2896 1976 suspecta-habeatur.
2929 1906 3073 1979 Ergo
3097 1908 3215 1964 haec
3250 1911 3369 1967 laus
3392 1911 3563 1983 virgi-

298 1995 435 2059 ἐστὶ,
472 1999 534 2047 τὸ
571 1993 864 2065 κρείττονα
919 1992 1028 2046 τῶν
1070 1994 1304 2048 ἐπαίνων
1341 1989 1480 2048 εἶναι
1530 1994 1628 2066 τὴν
1670 1994 1872 2066 ἀρετὴν

300 2084 671 2155 ἀποφήνασθαι
698 2124 714 2151 ,
754 2084 849 2138 καὶ
885 2083 965 2155 τῷ
1008 2083 1106 2155 βίῳ
1150 2083 1431 2157 θαυμάσαι
1482 2085 1744 2157 μᾶλλονῆ
1793 2084 1872 2156 τῷ

300 2176 423 2247 λόγῳ
445 2177 542 2248 τὴν
582 2175 959 2248 καθαρότητα·
994 2177 1023 2228 ὁ
1047 2175 1105 2229 δὲ
1136 2176 1394 2230 ὑπόθεσιν
1424 2177 1716 2247 ἐγκωμίων
1738 2176 1870 2230 ταύ-

301 2285 386 2340 την
407 2269 509 2322 ὑπὸ
552 2268 869 2339 φιλοτιμίας
913 2265 1266 2336 ποιούμενος,
1308 2268 1452 2322 ἔοικε
1495 2269 1595 2336 τὴν
1639 2269 1872 2337 σταγόνα

188 2398 191 2403 μ
301 2360 394 2412 τῶν
418 2360 634 2414 οἰκείων
669 2359 909 2434 ἱδρώτων
938 2361 1217 2430 ἀξιόλογον
1257 2363 1336 2425 εἰς
1367 2361 1685 2433 προσθήκην
1722 2361 1873 2430 νομί-

304 2449 404 2514 ζειν
427 2451 499 2522 τῷ
520 2453 742 2524 ἀπείρῳ
769 2452 993 2519 πελάγει
1024 2452 1372 2523 γενήσεσθαι,
1399 2451 1514 2521 είγε
1547 2452 1872 2524 ἀνθρωπίνῳ

303 2542 431 2615 λόγῳ
450 2545 681 2599 δυνατὸν
707 2542 846 2598 εἶναι
877 2546 973 2616 τὴν
1002 2546 1275 2616 τοσαύτην
1307 2546 1468 2617 χάριν
1501 2541 1871 2615 ἀποσεμνῦιαι

308 2637 680 2693 πεπίστευκεν.
716 2637 788 2689 Ἥ
826 2637 936 2707 γάρ
964 2637 1061 2710 τὴν
1102 2638 1296 2692 ἑαυτοῦ
1325 2637 1553 2709 δύναμιν
1599 2638 1802 2705 ἀγνοεῖ,
1834 2635 1867 2707 ἢ

220 2734 234 2758 ⁶
302 2729 328 2783 ὂ
350 2732 549 2783 ἐπαινεῖ
569 2731 679 2783 οὐκ
699 2730 1008 2785 ἐπίσταται.

1972 1996 2165 2051 nitatis
2194 1997 2413 2067 egregia
2441 2005 2549 2061 est,
2579 2004 2638 2051 ut
2663 1997 2878 2053 scilicet
2917 2005 3127 2053 statuat
3155 2001 3279 2070 quis
3306 2000 3562 2055 virtutem

1972 2085 2147 2155 ipsam
2174 2086 2324 2139 omni
2346 2100 2468 2141 esse
2489 2086 2651 2141 laude
2678 2087 3136 2157 praestantiorem,
3161 2096 3325 2159 atque
3353 2106 3416 2145 ex
3447 2091 3565 2159 ipso

1975 2176 2162 2247 potius
2195 2176 2320 2231 vitae
2359 2192 2579 2247 genere,
2608 2193 2774 2247 quam
2801 2193 2869 2231 ex
2900 2178 3082 2248 aliqua
3111 2182 3360 2235 oratione
3390 2180 3565 2236 casti—

1975 2276 2140 2323 tatem
2173 2268 2445 2339 suspiciat
2477 2276 2643 2339 atque
2675 2269 3011 2335 admiretur;
3062 2287 3186 2326 nam
3218 2273 3309 2343 qui
3367 2273 3421 2327 in
3461 2275 3566 2328 hoc
3631 2312 3636 2320 .

1979 2359 2313 2428 virginitatis
2358 2361 2647 2415 laudandae
2678 2370 3003 2433 argumento
3035 2363 3223 2433 gloriae
3265 2364 3566 2433 cupiditate

1980 2450 2250 2507 adductus
2300 2462 2573 2517 versatur,
2625 2469 2734 2508 non
2764 2454 2832 2510 ab
2864 2469 2930 2510 eo
2978 2455 3139 2525 plane
3169 2457 3454 2515 dissimilis
3481 2464 3565 2512 est

1977 2542 2072 2613 qui
2128 2544 2363 2613 aliquam
2420 2545 2639 2601 sudoris
2688 2547 2774 2602 sui
2819 2547 3043 2613 stillam,
3081 2562 3244 2617 quam
3300 2548 3348 2602 is
3383 2547 3562 2617 magni

1978 2633 2162 2696 faciat,
2202 2636 2472 2690 immenso
2502 2636 2641 2689 mari
2674 2644 2828 2705 putet
2873 2636 2990 2693 fore
3020 2637 3473 2699 additamentum,
3513 2636 3562 2690 si

1979 2728 2143 2783 modo
2175 2728 2456 2781 hominum
2488 2743 2741 2784 sermone
2780 2730 3078 2785 crediderit
3105 2737 3315 2784 tantum
3358 2743 3563 2783 munus

306 2836 448 2890 posse
473 2822 747 2879 illustrari
779 2828 943 2893 atque
982 2822 1189 2880 ornari.
1229 2824 1337 2896 Aut
1367 2823 1512 2881 enim
1559 2824 1607 2880 is
1650 2835 1876 2880 suarum
1913 2819 2113 2875 virium
2171 2821 2394 2892 ignarus
2420 2828 2527 2886 est,
2566 2828 2661 2876 aut
2705 2821 2759 2877 id
2793 2823 2938 2893 quod
2971 2823 3156 2879 laudat
3218 2836 3330 2878 non
3395 2820 3559 2876 intel-

302 2912 420 2981 ligit.

922 3063 1171 3120 ΚΕΦΑΛ.
1206 3065 1282 3120 B'.

305 3170 411 3226 Ὅτι
468 3173 629 3230 ἴδιον
666 3174 777 3243 τῆς
823 3176 987 3242 θείας
1017 3191 1083 3229 τε
1124 3175 1223 3230 καί
1263 3174 1581 3245 ἀσωμάτου
1638 3175 1879 3245 φύσεως

589 3245 946 3317 κατόρθωμά
973 3246 1143 3300 ἐστιν
1174 3246 1213 3314 ἡ
1244 3247 1552 3315 παρθενία.

366 3373 639 3442 Συνέσεως
669 3376 778 3449 γὰρ
803 3378 935 3449 ἡμῖν
963 3378 1125 3450 χρεία
1154 3377 1371 3452 πολλῆς,
1400 3378 1468 3433 δι’
1493 3371 1561 3451 ἦς
1590 3378 1706 3432 ἐστι
1734 3378 1874 3449 γνῶ-

304 3486 379 3522 ναι
400 3469 493 3542 τήν
519 3468 831 3542 ὑπερϐολὴν
852 3469 953 3540 τῆς
984 3471 1203 3541 χάριτος
1237 3470 1443 3542 ταύτης
1461 3510 1476 3536 ,
1504 3471 1626 3541 ἥτις
1656 3487 1875 3524 συνεπι-

303 3563 482 3614 νοεῖται
508 3563 610 3632 μὲν
635 3561 719 3633 τῷ
741 3562 1004 3634 ἀφθάρτῳ
1040 3563 1216 3634 Πατρί
1237 3581 1250 3594 ·
1283 3563 1311 3616 ὃ
1337 3564 1402 3636 δὴ
1429 3565 1525 3617 καὶ
1548 3563 1871 3635 παράδοξον,

304 3652 354 3704 ὲν
379 3654 546 3725 Πατρὶ
570 3654 877 3724 παρθενίαν
910 3655 1259 3726 εὑρίσκεσθαι
1277 3695 1290 3720 ,
1316 3655 1393 3727 τῷ
1414 3672 1474 3709 τε
1507 3657 1635 3709 Υίὸν
1661 3655 1871 3726 ἔχοντι,

304 3743 518 3817 καὶδίχα
542 3744 754 3810 πάθους
779 3748 1126 3819 γεννήσαντι·
1152 3747 1229 3819 τῷ
1248 3748 1305 3801 δὲ
1337 3749 1634 3817 Μονογενεῖ
1654 3747 1773 3818 Θεῷ
1796 3746 1874 3818 τῷ

302 3833 392 3902 τῆς
412 3835 722 3909 ἀφθαρσίας
743 3838 963 3909 χορηγῷ
990 3839 1568 3911 συγκαταλαμϐάνεται
1589 3879 1603 3905 ,
1630 3838 1766 3910 ὁμοῦ
1797 3838 1874 3911 τῷ

305 3925 510 3998 καθαρῷ
536 3928 636 3980 καὶ
660 3928 863 3981 ἀπαθεῖ
897 3928 999 3998 τῆς
1028 3931 1335 4002 γεννήσεως
1369 3930 1533 3985 αὐτοῦ
1564 3931 1873 4001 συνεκλάμ-

304 4009 456 4083 ψασα.
496 4019 673 4073 Πάλιν
698 4018 760 4071 τὸ
781 4014 899 4073 ἴσον
937 4020 1259 4091 παράδοξον,
1286 4022 1415 4086 Υἱὸς
1458 4021 1546 4076 διὰ
1574 4022 1875 4094 παρθενίας

304 4109 594 4177 νοούμενος.
635 4107 1087 4179 Ἐνθεωρεῖταιδέ
1107 4110 1367 4174 ὡσαύτως
1390 4111 1483 4165 καὶ
1504 4113 1570 4182 τῇ
1594 4111 1689 4164 τοῦ
1717 4111 1872 4180 ἀγίου

304 4196 605 4268 Πνεύματος
638 4201 840 4270 φυσικῇ
875 4199 969 4253 καὶ
997 4199 1259 4271 ἀφθάρτῳ
1282 4199 1633 4270 καθαρότητι.
1671 4200 1745 4252 Τὸ
1767 4199 1874 4270 γὰρ

306 4288 523 4359 καθαρὸν
556 4291 656 4344 καὶ
697 4291 973 4363 ἄφθαρτον
1012 4291 1306 4362 ὀνομάσας,
1344 4291 1488 4360 ἄλλῳ
1518 4290 1744 4359 ὀνόματι
1776 4289 1875 4360 τὴν

308 4381 587 4451 παρθενίαν
612 4382 711 4453 ἐσή
722 4399 912 4451 μανας.
954 4384 1111 4454 Πάσῃ
1140 4382 1197 4436 δὲ
1225 4385 1291 4453 τῇ
1319 4381 1675 4453 ὑπερκοσμίῳ
1716 4380 1875 4449 φύσει

309 4472 782 4539 συμπολιτεύεται,
813 4472 902 4525 διά
936 4474 1034 4544 τῆς
1060 4472 1330 4535 ἀπαθείας
1367 4470 1733 4544 συμπαροῦσα
1756 4473 1876 4534 ταῖς

2609 3058 2838 3115 CAPUT
2875 3058 2936 3115 II.

1987 3172 2191 3228 Divina:
2220 3181 2268 3226 et
2297 3172 2617 3249 incorporea:
2645 3181 2852 3249 natura:
2874 3176 3165 3249 proprium,
3200 3185 3248 3231 et
3275 3178 3581 3249 perfectum

2468 3243 2789 3313 virginitatis
2825 3246 3071 3315 ofﬁcium.

2048 3377 2405 3448 [intelligentia
2432 3391 2543 3432 non
2589 3391 2755 3446 parva
2782 3392 3007 3448 egemus
3029 3418 3044 3443 ,
3096 3388 3155 3434 ut
3180 3374 3560 3452 cognitionem

1975 3484 2171 3539 capere
2202 3470 2476 3538 possimus
2505 3469 2672 3539 hujus
2694 3470 3012 3526 excellentis
3039 3472 3250 3541 gratia),
3278 3488 3400 3542 quae
3431 3488 3558 3528 cum

1974 3561 2299 3630 incorrupto
2337 3568 2494 3630 patre
2523 3562 3024 3631 comprehenditur.
3076 3562 3184 3618 Res
3221 3563 3561 3619 admirabilis

1974 3660 2078 3718 est,
2113 3658 2277 3722 atque
2307 3652 2592 3716 inusitata,
2623 3661 2681 3706 ut
2707 3652 2996 3723 virginitas
3031 3652 3084 3706 in
3112 3652 3274 3709 Patre
3316 3655 3563 3709 invenia-

1974 3751 2085 3809 tur,
2121 3744 2214 3812 qui
2243 3751 2296 3796 et
2330 3740 2530 3796 Filium
2573 3743 2758 3807 habet,
2800 3753 2855 3799 et
2885 3742 3083 3799 Filium
3126 3746 3334 3816 absque
3363 3747 3561 3803 aiiectu

1976 3837 2182 3909 genuit.
2226 3835 2362 3889 Cum
2391 3836 2673 3904 unigenito
2705 3844 2887 3891 autem.
2917 3835 3048 3901 Deo,
3079 3839 3170 3908 qui
3200 3839 3378 3894 omnis
3405 3838 3565 3909 pudi-

1975 3928 2138 3992 citiae,
2168 3935 2223 3983 et
2268 3929 2601 3998 incorrupta:
2633 3928 2963 4000 virginitatis
3002 3937 3193 3984 auctor
3225 3939 3333 3995 est,
3395 3931 3561 3987 simul

1986 4018 2361 4089 cognoscitur,
2389 4033 2516 4072 cum
2559 4020 2615 4074 in
2641 4020 2761 4088 ejus
2794 4019 3012 4089 pudica,
3042 4029 3206 4091 atque
3248 4022 3564 4091 incorrupta

1976 4110 2331 4180 generatione
2351 4110 2557 4179 pariter
2577 4111 2832 4166 eluserit.
2850 4109 3174 4181 Rursusque
3195 4113 3391 4166 mirum
3409 4128 3563 4183 teque

1974 4206 2060 4253 est
2088 4197 2286 4254 Filium
2332 4200 2388 4253 in
2421 4200 2740 4269 virginitate
2784 4201 3194 4271 comprehendi.
3254 4202 3564 4275 Eademque

1978 4290 2195 4345 ratione
2220 4292 2276 4344 in
2314 4289 2555 4360 Spiritus
2580 4292 2754 4347 sancti
2782 4293 3017 4346 naturali
3050 4300 3214 4363 atque
3247 4294 3562 4367 incorrupta

1976 4383 2216 4452 puritate
2270 4388 2610 4450 spectantur.
2663 4380 2800 4437 Cum
2837 4383 2982 4437 enim
3036 4399 3231 4454 purum
3285 4389 3560 4456 nominas,

1978 4481 2141 4543 atque
2170 4472 2572 4542 incorruptum,
2597 4472 2961 4544 virginitatem
2994 4475 3101 4530 alio
3131 4479 3355 4533 nomine
3389 4481 3565 4551 signi-

308 4561 686 4634 ὑπερεχούσαις
720 4563 1031 4635 δυνάμεσιν,
1056 4563 1181 4618 οὔτε
1201 4564 1346 4628 τινος
1381 4563 1490 4617 τῶν
1522 4562 1682 4618 θείων
1718 4580 1875 4634 χωριε

1978 4565 2151 4621 ﬁcas:
2188 4579 2310 4635 quae
2339 4566 2394 4618 in
2431 4565 2691 4621 universa
2740 4566 2978 4637 denique
3008 4570 3218 4625 ctelesti
3244 4576 3565 4630 natur-asi-

309 4649 490 4727 ζομένη
510 4697 525 4720 ,
568 4655 669 4709 καὶ
708 4656 919 4719 οὐδενὸς
956 4656 1064 4711 τῶν
1106 4657 1363 4712 ἐναντίων
1416 4655 1862 4728 προσαπτομένη.

311 4741 479 4797 Πάντα
498 4745 610 4816 γὰρ
628 4746 730 4799 ὅσα
744 4746 839 4799 καὶ
859 4745 1018 4815 φύσει
1034 4744 1170 4818 [καὶ]
1186 4747 1500 4818 προαιρέσει
1524 4747 1659 4819 πρὸς
1675 4748 1877 4819 ἀρετὴν

311 4830 566 4901 νένευκεν,
584 4834 663 4905 τῷ
686 4835 911 4908 καθαρῷ
934 4838 1150 4901 πάντως
1170 4837 1524 4909 ἐνωραῖζεται
1545 4838 1644 4908 τῆς
1666 4838 1877 4909 ἀφθαρ-

314 4923 447 4990 σίας·
480 4931 575 4984 καὶ
615 4931 714 4983 ὅσα
748 4931 925 4984 πάντα
966 4933 1047 4996 είς
1082 4932 1183 5003 τὴν
1218 4934 1468 4988 ἐναντίαν
1515 4932 1876 5005 ἀποκέκριται

311 5014 471 5083 τάξιν,
502 5022 571 5092 τῇ
602 5019 918 5074 ἀποπτώσει
960 5023 1059 5092 τῆς
1090 5021 1463 5094 καθαρότητος
1502 5023 1729 5077 τοιαῦτά
1761 5025 1877 5076 ἐστι

314 5107 398 5159 καὶ
425 5111 764 5181 ὀνομάζεται.
800 5113 897 5177 Τίς
924 5109 1029 5169 οὖν.
1051 5113 1335 5185 ἐξαρκέσει
1353 5115 1580 5188 δύναμις
1607 5116 1787 5185 λόγων
1809 5118 1876 5187 τῇ
1903 5144 1907 5152 ι

313 5202 535 5275 τοσαύτῃ
566 5205 750 5275 χάριτι
792 5205 1204 5276 παρισωθῆναις
1242 5206 1313 5259 Ἦ
1359 5206 1474 5271 πῶς
1505 5208 1567 5260 οὐ
1597 5207 1878 5277 φοϐεῖσθαι

314 5289 430 5362 χρὴ,
459 5294 532 5365 μὴ
559 5295 647 5348 διά
670 5297 770 5366 τῆς
796 5297 906 5350 τῶν
930 5296 1166 5350 ἐπαίνων
1195 5295 1430 5367 σπουδῆς
1458 5298 1520 5350 λυ
1528 5298 1765 5369 μήνηταί
1793 5316 1881 5375 τις

315 5381 371 5435 τὸ
400 5386 676 5454 μεγαλεῖον
697 5387 792 5441 τοῦ
821 5388 1151 5460 ἀξιώματος,
1189 5389 1396 5443 ἐλάττω
1422 5389 1521 5461 τὴν
1546 5391 1677 5462 περὶ
1711 5391 1878 5445 αὑτοῦ

316 5468 461 5535 δόξαν
485 5477 584 5545 τῆς
605 5475 1049 5549 προειλημμένης
1072 5482 1184 5542 τοῖς
1204 5480 1501 5550 ἀκροαταῖς
1531 5480 1840 5553 ἐμποιήσας
1859 5498 1874 5547 ;

320 5561 516 5618 Οὐκοῦν
540 5567 722 5631 καλῶς
744 5567 879 5639 ἔχει,
910 5570 1036 5634 τοὺς
1066 5570 1163 5640 μὲν
1193 5572 1665 5641 ἐγκωμιαστικοὺς
1688 5572 1881 5641 λόγους

321 5648 405 5703 ἐπὶ
441 5654 639 5727 ταύτης
672 5659 789 5729 ὲᾷν,
822 5658 896 5722 ὡς
944 5660 1224 5730 ἀμήχανον
1262 5661 1380 5722 ταῖς
1423 5659 1748 5729 ὑπερϐολαῖς
1780 5662 1880 5731 τῆς

324 5734 615 5807 ὑποθέσεως
643 5746 944 5817 ωνεπᾶραι
991 5746 1084 5798 τὸν
1120 5744 1297 5813 λόγον·
1341 5745 1417 5808 ὡς
1448 5747 1542 5799 καὶ
1573 5745 1689 5798 ἐστι
1718 5746 1878 5800 δυνα-

325 5826 408 5881 τὸν
452 5832 537 5886 ἀεὶ
578 5837 886 5906 μεμνῆσθαι
932 5836 1024 5892 τοῦ
1054 5837 1198 5892 θείου
1239 5837 1575 5908 χαρίσματος
1605 5879 1619 5905 ,
1651 5838 1745 5892 καὶ
1787 5839 1880 5891 ἐπὶ

1972 4658 2092 4711 mul
2139 4664 2414 4719 versatur,
2465 4657 2593 4727 quia
2628 4671 2753 4712 eum
2791 4657 2861 4713 ab
2900 4659 3186 4717 aﬂ'ectibns
3240 4678 3412 4718 vacua
3469 4667 3561 4731 sit,

1977 4747 2313 4803 sublimibus
2360 4748 2469 4803 illis
2496 4750 2861 4817 potestatibus
2913 4750 3159 4806 inhaeret.
3195 4751 3384 4823 Neque
3408 4770 3562 4821 vero,

1979 4839 2081 4894 etsi
2112 4853 2142 4892 a
2177 4840 2348 4894 nullis
2378 4840 2546 4895 rebus
2594 4840 2798 4896 divinis
2844 4842 3092 4912 seiuncta
3131 4851 3215 4898 est
3254 4847 3559 4916 virginitas,

1979 4931 2276 4987 contrariis
2310 4939 2493 4985 tamen
2519 4940 2604 4986 est
2633 4931 2800 4987 rebus
2833 4930 3113 5002 adjuncta.
3139 4933 3350 4988 Cuncta
3391 4935 3560 5002 enim,

1980 5038 2104 5094 qua:
2153 5030 2209 5079 et
2262 5030 2461 5077 natura
2499 5029 2554 5078 et
2602 5024 2836 5079 consilio
2887 5024 2955 5079 ad
2998 5025 3254 5080 virtutem
3290 5039 3563 5094 propensa

1980 5123 2131 5180 sunt,
2159 5115 2385 5170 omnino
2431 5115 2761 5186 incorrupta:
2797 5115 3152 5186 virginitatis,
3180 5116 3564 5186 pudicitiaeque

1982 5208 2273 5276 splendore
2331 5208 2708 5273 decorantur;
2770 5218 2892 5278 quae
2942 5222 3073 5263 vero
3124 5208 3179 5262 in
3226 5209 3563 5263 contrariam

1980 5298 2201 5353 virtutis
2234 5305 2441 5367 partem
2487 5298 2752 5369 proclivia
2781 5297 3053 5360 feruntur,
3095 5297 3367 5352 castitatis
3406 5300 3561 5369 lapsu

1979 5404 2045 5444 ea
2072 5390 2205 5443 talia
2256 5396 2311 5442 et
2344 5396 2495 5450 sunt,
2543 5396 2598 5442 et
2639 5387 3011 5442 nominantur.
3048 5388 3410 5454 Quamobrem
3446 5404 3566 5461 quae

1981 5484 2133 5531 tanta
2157 5477 2263 5532 erit
2284 5476 2501 5532 dicendi
2527 5475 2765 5530 facultas
2790 5483 2845 5531 et
2875 5476 3056 5545 copia,
3086 5492 3209 5546 qua:
3243 5485 3350 5531 tam
3381 5478 3565 5549 magni

1982 5569 2229 5624 muneris
2249 5568 2571 5640 dignitatem
2602 5566 2860 5624 laudibus
2893 5582 3115 5638 requare
3139 5568 3355 5638 possit?
3378 5566 3566 5635 Quove

1981 5667 2144 5730 pacto
2179 5674 2290 5713 non
2350 5658 2867 5729 pertimescendum,
2919 5667 2979 5713 ut
3014 5675 3083 5714 ne
3115 5660 3299 5715 studio
3343 5660 3564 5716 laudum

1983 5753 2108 5821 quis
2138 5751 2422 5821 dignitatis
2448 5750 2863 5821 amplitudinem
2896 5751 3077 5818 laedat,
3105 5752 3152 5808 si
3182 5753 3447 5807 minorem
3473 5752 3567 5815 iis,

1983 5841 2077 5912 qui
2111 5841 2368 5909 audiunt,
2397 5856 2562 5913 quam
2596 5843 2702 5914 ipsi
2734 5851 2894 5899 antea
2925 5850 3315 5915 conceperant,
3350 5842 3566 5910 opinio-
