4106 6432
551 401 654 456 523

1800 390 1857 445 Β.
1915 386 2248 446 (ιΒΕϐΟῐὶΙΙ
2302 385 2600 442 NYSSENI

3727 387 3834 442 ωδ

554 530 676 571 nem
720 513 773 566 in
825 509 1100 565 laudando
1131 506 1360 565 afferat?
1399 507 1670 563 Praeclare
1709 507 1896 578 itaque
1935 507 2140 577 agitur,

2248 504 2495 575 γλώττης
2531 503 2675 573 ἔχειν
2708 520 2769 556 το
2809 502 3033 571 ἀγαθὸν,
3071 501 3210 573 ὅπερ
3255 499 3385 554 ίδιον
3422 500 3517 571 μὲν
3548 502 3654 572 τῆς
3691 502 3836 556 ἀσω-

551 610 740 676 siquae
771 605 824 658 in
847 603 1088 672 alicujus
1117 602 1198 658 rei
1226 601 1488 656 laudibus
1512 615 1803 656 versantur
1839 601 2141 665 orationes,

550 699 605 752 in
652 697 755 750 hac
809 700 1246 766 pratereantur:
1297 693 1456 762 quasi
1490 690 1708 746 difﬁcile
1765 690 1835 745 sit
1875 689 2144 744 orationis

551 787 658 841 vim
706 797 764 840 et
796 786 1012 854 copiam
1067 797 1414 854 comparare,
1471 797 1593 852 quae
1639 780 1966 852 gravissimo
2015 780 2144 836 huic

551 885 882 948 argumento
901 876 1265 946 respondeat:
1299 873 1760 943 quemadmodum
1783 879 1977 927 contra
2009 872 2144 928 illud

549 970 715 1024 facile
745 977 852 1031 est,
885 968 1132 1023 divinum
1186 969 1293 1021 hoc
1335 980 1540 1020 munus
1586 971 1849 1034 perpetua
1881 965 2144 1021 memoria

552 1062 758 1124 colere,
797 1070 962 1130 atque
995 1058 1048 1112 id
1076 1061 1277 1132 bonum
1300 1058 1355 1111 in
1385 1071 1481 1112 ore
1503 1072 1718 1126 semper
1747 1056 1968 1123 habere,
1999 1058 2144 1128 quod

552 1153 896 1220 incorporea:
923 1150 1228 1219 divinaeque
1264 1158 1473 1204 natura:
1507 1150 1790 1219 proprium
1821 1149 2042 1219 quidem
2079 1165 2144 1204 ac

550 1245 888 1313 praecipuum
932 1250 1054 1308 est;
1099 1241 1193 1296 Dei
1238 1249 1420 1295 tamen
1458 1241 1794 1312 benignitate
1845 1241 1914 1298 iis
1952 1242 2138 1308 etiam,

550 1337 644 1404 qui
681 1350 712 1388 e
754 1348 920 1389 carne
964 1341 1018 1388 et
1066 1334 1335 1398 sanguine
1382 1331 1558 1388 ell’ecti
1615 1333 1782 1402 hujus
1816 1333 1941 1388 vita:
1973 1348 2141 1388 usura

552 1426 830 1488 fruuntur,
855 1423 1045 1477 datum
1069 1431 1122 1478 et
1144 1423 1414 1478 tributum
1439 1431 1546 1489 est,
1581 1431 1639 1478 ut
1666 1424 1952 1493 virginitas
1980 1423 2140 1494 quasi

551 1530 770 1568 manum
826 1513 1110 1570 munditiae
1154 1514 1628 1584 participationem
1667 1515 1976 1584 porrigens,
2041 1515 2138 1569 Ιιοο

550 1606 762 1661 minum
793 1617 1045 1660 naturam
1081 1607 1277 1662 vitiosa
1304 1606 1592 1661 affectione
1639 1606 1909 1676 ahjectam
1945 1621 2140 1662 rursus

549 1698 743 1769 erigat,
775 1710 829 1752 et
855 1698 921 1753 ad
949 1698 1261 1753 ccelestium
1300 1697 1814 1767 contemplationem
1850 1698 2136 1768 perducat.

549 1791 632 1845 0b
661 1805 782 1846 eam
831 1793 976 1846 enim
1009 1805 1234 1846 causam
1267 1790 1402 1844 mihi
1446 1789 1709 1845 Dominus
1758 1794 1946 1845 noster
1975 1788 2137 1845 Iesus

548 1882 828 1948 Christus,
885 1898 916 1937 a
953 1898 1063 1954 quo
1092 1882 1259 1938 veluti
1294 1881 1447 1938 fonte
1479 1881 1714 1952 quodam
1749 1882 1931 1939 omnis
1966 1883 2139 1939 casti-
2174 1859 2215 1914 Β

549 1974 733 2028 monia
780 1982 987 2039 manat,
1024 1991 1133 2029 non
1176 1975 1490 2044 nuptiarum
1518 1975 1605 2029 via
1635 1975 1885 2046 quaesita,
1916 1975 1971 2030 in
1999 1975 2140 2031 hanc

547 2063 714 2118 vitam
746 2065 1030 2135 ingressus
1061 2065 1297 2130 videtur,
1341 2073 1402 2121 ut
1445 2081 1510 2120 ex
1543 2081 1610 2121 eo
1641 2066 1826 2130 modo,
1859 2081 1971 2136 quo
2017 2081 2142 2121 car-

545 2170 669 2211 nem
699 2155 996 2212 humanam
1033 2158 1358 2229 assumpsit,
1403 2158 1728 2214 admirabile
1761 2157 1886 2223 hoc,
1927 2166 1982 2214 et
2022 2173 2140 2212 ma-

546 2263 713 2318 gnum
760 2249 924 2319 plane
967 2249 1295 2320 mysterium
1336 2248 1656 2318 patefieret:
1690 2249 1972 2320 quoniam,
2019 2264 2141 2320 qua:

548 2337 643 2394 Dei
685 2339 982 2395 adventum
1044 2340 1471 2405 demonstraret,
1517 2340 1633 2395 sola
1683 2343 1914 2395 castitas
1942 2339 2138 2394 idonea

546 2435 670 2484 est:
706 2445 872 2500 quam
915 2430 1076 2484 aliter
1118 2427 1359 2500 perfecte
1400 2430 1628 2484 omnino
1661 2437 1924 2499 praestare
1975 2445 2140 2485 nemo

547 2527 749 2588 potest,
809 2520 918 2575 nisi
972 2521 1068 2592 qui
1108 2521 1178 2575 ab
1218 2520 1368 2574 omni
1419 2520 1605 2575 carnis
1635 2519 1832 2576 aﬂ‘ectu
1868 2535 1930 2576 se
1973 2521 2139 2576 etiam

547 2619 713 2682 atque
743 2614 910 2668 etiam
951 2621 1126 2668 totum
1175 2613 1455 2669 averterit.
1486 2613 1644 2679 Quod
1673 2613 1821 2668 enim
1858 2613 1913 2667 in
1957 2613 2141 2668 Mariae

547 2700 786 2773 Virginis
841 2705 1118 2760 inviolatae
1168 2719 1401 2775 corpore
1441 2705 1694 2761 effectum
1745 2713 1850 2772 est,
1899 2704 2139 2776 perfecta

543 2794 751 2851 Christi
806 2795 1114 2862 divinitate,
1163 2812 1287 2867 quae
1336 2797 1394 2852 in
1440 2798 1558 2867 ipsa
1588 2796 1814 2868 Virgine
1851 2798 2136 2853 eluxerat:

546 2886 648 2940 hoc
672 2887 851 2956 ipsum
874 2887 929 2942 in
959 2888 1110 2942 omni
1138 2889 1323 2943 animo
1351 2889 1644 2960 contingit,
1673 2890 1767 2959 qui
1794 2889 1865 2943 sit
1887 2891 2140 2945 castitate

545 2985 795 3042 ornatus,
848 2977 1232 3048 rationemque
1275 2979 1472 3034 ducem
1516 2979 1570 3032 in
1602 2979 1854 3051 virginali
1893 2981 2010 3036 vita
2049 2995 2138 3037 se-

558 3075 778 3136 quatur.
811 3068 1081 3134 Quoniam
1111 3085 1220 3124 non
1252 3070 1512 3140 amplius,
1548 3079 1606 3124 ut
1639 3071 1890 3141 corporis
1915 3070 2140 3125 humani

547 3159 781 3216 formam
810 3161 1169 3231 habitumque
1192 3160 1407 3225 induat,
1437 3169 1703 3218 venturus
1727 3169 1812 3217 est
1837 3159 2140 3229 Dominus;

545 3266 657 3309 non
687 3253 834 3308 enim
855 3253 1022 3308 etiam
1047 3252 1325 3318 novimus,
1362 3253 1564 3323 inquit,
1589 3253 1892 3310 secundum
1914 3266 2137 3307 carnem
2166 3237 2208 3294 ο

543 3341 860 3407 Christum;
891 3341 989 3398 sed
1022 3341 1076 3396 in
1117 3343 1316 3413 spiritu
1357 3344 1563 3408 veniet,
1598 3351 1654 3398 et
1687 3341 1905 3399 Patrem
1946 3357 2135 3400 secum

543 3435 725 3498 ducet,
769 3442 829 3490 ut
859 3434 1098 3506 quodam
1141 3437 1264 3490 loco
1297 3441 1536 3490 testatur
1576 3435 1952 3507 Evangelium.
1983 3432 2137 3500 Quo-

547 3527 693 3580 niam
727 3525 892 3596 igitur
919 3532 1070 3581 tanta
1100 3528 1186 3583 vis
1214 3527 1551 3597 virginitatis
1582 3534 1690 3593 est,
1725 3534 1781 3581 ut
1809 3535 1864 3582 et
1900 3526 1956 3581 in
1981 3525 2138 3581 caelis

545 3618 689 3688 apud
715 3618 1011 3688 spirituum
1045 3617 1267 3676 Patrem
1298 3627 1541 3685 maneat,
1575 3627 1631 3674 et
1660 3633 1787 3674 cum
1819 3607 2136 3673 caelestibus

546 3709 660 3764 illis
707 3710 986 3767 mentibus
1017 3726 1129 3766 una
1170 3714 1425 3778 exsultet,
1473 3719 1528 3767 et
1573 3711 1804 3767 salutem
1836 3710 2134 3765 humanam

544 3800 817 3870 attingat;
865 3818 1100 3872 cumque
1131 3803 1302 3860 Deum
1347 3805 1528 3875 ipsum
1561 3817 1662 3860 sua
1693 3803 1746 3858 vi
1775 3802 1842 3856 ad
1882 3804 2138 3858 humana:

541 3891 670 3947 vitia
693 3895 1138 3950 communionem
1171 3896 1356 3963 ducat,
1403 3896 1794 3966 hominemque
1827 3910 2024 3951 rursus
2065 3894 2134 3950 ad

542 3983 851 4040 celestium
891 4003 1076 4042 rerum
1106 3988 1465 4058 cupiditatem
1499 3989 1743 4054 excitet;
1786 3994 1951 4057 atque
1998 3985 2135 4041 adeo

545 4077 828 4132 hominum
855 4094 981 4134 cum
1005 4078 1117 4136 Deo
1141 4079 1531 4136 familiaritatis
1551 4079 1832 4135 vinculum
1855 4076 2133 4147 quoddam

543 4170 660 4224 hac
691 4184 816 4225 cum
851 4172 958 4241 sit;
991 4180 1047 4230 et
1077 4189 1164 4238 ea,
1195 4189 1318 4245 qua:
1351 4173 1601 4229 vicissim
1637 4178 1836 4226 natura
1866 4169 2022 4224 valde
2047 4168 2133 4223 di-

543 4267 713 4324 stant,
759 4261 880 4332 ipsa
910 4265 1215 4322 concilians
1261 4265 1317 4320 in
1373 4277 1705 4319 consensum
1749 4261 2133 4317 concordiam-

541 4362 649 4419 que
678 4350 927 4421 redigat:
960 4369 1083 4424 qua:
1113 4353 1331 4411 dicendi
1371 4354 1456 4409 vis
1493 4352 1729 4409 inveniri
1766 4359 1976 4421 posset,
2009 4365 2134 4423 quae

544 4439 815 4497 mirabilis
844 4443 1010 4511 hujus
1037 4445 1113 4500 rei
1146 4445 1578 4515 magnitudinem
1616 4444 1992 4516 assequatur?
2021 4442 2131 4504 Sed

2250 598 2419 667 μάτου
2454 595 2666 664 φύσεώς
2691 597 2808 649 ἐστι
2831 596 2927 648 καὶ
2955 593 3253 663 ἐξαίρετον·
3281 593 3387 646 ὐπὸ
3412 591 3834 663 φιλανθρωπίας

2244 688 2301 742 δὲ
2327 685 2487 751 Θεοῦ,
2512 689 2607 741 καὶ
2633 688 2744 750 τοῖς
2771 685 2858 738 διὰ
2881 684 3080 755 σαρκὸς
3101 684 3195 737 καὶ
3215 684 3446 754 αἵματος
3473 684 3708 755 λαχοῦσι
3735 687 3836 758 τὴν

2246 779 2391 849 ζωὴν
2425 777 2688 850 ἐχαρίσθη
2707 818 2720 842 ,
2750 778 2838 831 ἵνα
2868 775 3302 846 καταδληθεῖσαν
3338 776 3436 846 τὴν
3475 776 3836 850 ἀνθρωπίνην

2246 868 2408 940 φύσιν
2434 869 2538 922 ὐπὸ
2561 872 2659 940 τῆς
2681 867 2958 940 ὲμπαθοῦς
2978 866 3291 930 διαθέσεως,
3314 865 3504 938 ῶσπερ
3523 866 3654 923 τινὰ
3675 871 3836 940 χεῖρα

2242 961 2344 1033 τὴν
2367 961 2467 1030 τῆς
2495 959 2866 1029 καθαρότητος
2911 957 3201 1029 μετουσίαν
3240 957 3499 1029 ὀρέξασα,
3532 957 3704 1012 πάλιν
3734 961 3835 1032 ὀρ.

2246 1053 2396 1124 θὼσῃ
2421 1093 2436 1117 ,
2474 1053 2566 1106 καὶ
2613 1053 2752 1124 πρὸς
2783 1052 2854 1106 τά
2896 1053 3009 1106 ἄνω
3037 1051 3255 1122 βλέπειν
3286 1053 3703 1123 χειραγωγήσῃ.
3738 1053 3835 1107 Διά

2244 1145 2401 1198 τοῦτο
2441 1144 2551 1214 γάρ
2576 1140 2727 1214 οἶμαι
2761 1144 2855 1198 καὶ
2882 1145 2980 1215 τὴν
3024 1142 3208 1212 πηγὴν
3238 1141 3339 1212 τῆς
3365 1142 3702 1214 ἀφθαρσίας,
3735 1144 3832 1197 αὐ-

2244 1235 2336 1289 τὸν
2354 1236 2446 1289 τὸν
2475 1235 2678 1306 Κύριον
2703 1235 2860 1306 ἡμῶν
2901 1233 3110 1306 Ἰησοῦν
3137 1234 3392 1307 Χριστὸν,
3423 1234 3498 1306 μὴ
3526 1235 3618 1288 διὰ
3651 1237 3831 1305 γάμου

2243 1327 2505 1382 εἰσελθεῖν
2533 1330 2612 1391 είς
2639 1328 2730 1381 τὸν
2760 1328 2987 1400 κόσμον,
3016 1329 3104 1382 ἵνα
3131 1329 3426 1400 ἐνδείξηται
3461 1328 3548 1382 διὰ
3576 1327 3676 1382 τοῦ
3706 1328 3832 1400 τρό-

2243 1437 2345 1474 που
2377 1420 2475 1490 τῆς
2515 1420 2982 1492 ἐνανθρωπήσεως
3023 1421 3084 1475 τὸ
3132 1421 3279 1492 μέγα
3310 1419 3469 1474 τοῦτο
3505 1423 3830 1493 μυστήριον,

2243 1514 2326 1567 ὅτι
2349 1513 2482 1567 Θεοῦ
2508 1514 2808 1584 παρουσίαν
2829 1514 2924 1567 καὶ
2945 1513 3150 1568 είσοδον
3169 1515 3304 1586 μόνη
3333 1514 3646 1587 καθαρότης
3669 1518 3828 1589 ίκανή

2241 1605 2359 1658 ἐστι
2396 1603 2692 1670 δείξασθαι·
2735 1605 2804 1676 ἢν
2847 1605 3022 1670 ἄλλως
3057 1607 3159 1660 οὐκ
3197 1606 3313 1660 ἐστι
3357 1606 3495 1678 πρὸς
3542 1608 3831 1680 ἀκρίϐειαν

2243 1697 2425 1750 πᾶσαν
2445 1695 2877 1768 κατορθωθῆναι,
2901 1699 2950 1750 εί
2980 1697 3055 1769 μὴ
3085 1698 3364 1762 παντελῶς
3391 1717 3475 1762 τις
3496 1700 3697 1754 ἐαυτὸν
3724 1701 3830 1756 τῶν

2246 1788 2523 1859 σαρκικῶν
2563 1789 2906 1858 παθημάτων
2949 1789 3380 1861 ἀλλοτριώσειεν.
3423 1791 3604 1863 Ὅπερ
3634 1792 3745 1864 γὰρ
3776 1795 3831 1846 ἐν

2243 1881 2310 1950 τῇ
2344 1879 2593 1950 ἀμιάντῳ
2625 1878 2816 1952 Μαρίᾳ
2847 1880 3039 1948 γέγονε
3071 1882 3401 1952 σωματικῶς
3420 1922 3435 1946 ,
3476 1883 3574 1937 τοῦ
3607 1882 3829 1955 πληρώ-

2245 1986 2413 2039 ματος
2436 1971 2536 2041 τῆς
2569 1969 2822 2042 θεότητος
2847 1973 2906 2026 ἐν
2942 1970 3021 2042 τῷ
3045 1971 3266 2042 Χριστῷ
3302 1973 3390 2027 διὰ
3417 1973 3518 2045 τῆς
3549 1973 3826 2044 Παρθένου

2241 2060 2639 2131 ἐκλάμψαντοςο
2668 2061 2826 2116 τοῦτο
2851 2063 2945 2118 καὶ
2976 2063 3068 2115 ἐπὶ
3099 2064 3280 2133 πάσης
3299 2063 3476 2135 ψυχῆς
3497 2067 3645 2118 κατὰ
3678 2064 3827 2134 λόγον

2244 2153 2684 2225 παρθενευούσης
2721 2154 2950 2222 γίνεται.
2983 2155 3182 2209 Οὐκέτι
3215 2157 3534 2229 σωματικὴν
3575 2158 3827 2229 ποιουμέο

2241 2264 2334 2300 νου
2365 2246 2459 2300 τοῦ
2506 2247 2711 2317 Κυρίου
2740 2247 2837 2317 τὴν
2878 2248 3204 2320 παρουσίαν·
3237 2249 3297 2300 οὐ
3346 2247 3456 2319 γὰρ
3485 2247 3828 2319 γινώσκομεν

2242 2337 2322 2391 ἔτι
2343 2378 2358 2401 ,
2391 2338 2524 2410 φησὶ
2544 2378 2559 2404 ,
2597 2337 2739 2392 κατὰ
2767 2339 2946 2411 σάρκα
2977 2339 3230 2411 Χριστόνο
3264 2338 3398 2392 ἀλλὰ
3439 2341 3826 2412 πνευματικῶς

2241 2426 2703 2498 είσοικιζομένου,
2740 2429 2834 2482 καὶ
2861 2429 2953 2483 τὸν
3000 2429 3214 2500 Πατέρα
3254 2429 3448 2483 ἑαυτοῦ
3483 2432 3826 2499 συνεισάγον-

2241 2535 2332 2581 τος
2355 2557 2370 2581 ,
2401 2517 2583 2592 καθώς
2616 2519 2747 2591 φησί
2781 2536 2884 2574 που
2918 2520 2982 2574 τὺ
3011 2520 3360 2598 Ειύαγγέλιον.
3406 2521 3568 2576 Ἐπεὶ
3605 2519 3698 2576 οὖν
3740 2541 3824 2576 το·

2244 2607 2414 2681 σαύτη
2447 2610 2563 2664 ἐστὶ
2591 2611 2690 2682 τῆς
2718 2612 3072 2685 παρθενίαςὴ
3103 2612 3353 2684 δύναμις,
3386 2613 3459 2677 ὡς
3489 2616 3590 2668 καὶ
3628 2617 3686 2668 ἐν
3720 2617 3825 2678 τοῖς

2239 2702 2488 2774 οὐρανοῖς
2531 2705 2680 2776 παρὰ
2718 2704 2796 2775 τῷ
2851 2705 3025 2776 Πατρὶ
3078 2705 3185 2760 τῶν
3238 2707 3570 2776 πνευμάτων
3627 2707 3820 2778 μένειν,
3890 2721 3906 2744 ο

2242 2793 2337 2846 καὶ
2367 2794 2508 2864 μετά
2547 2794 2657 2848 τῶν
2687 2795 3076 2867 ὑπερκοσμίων
3115 2795 3364 2866 χορεύειν
3395 2797 3705 2867 δυνάμεων,
3735 2798 3823 2849 καὶ

2241 2883 2342 2955 τῆς
2370 2885 2718 2957 ἀνθρωπίνης
2747 2886 3021 2958 σωτηρίας
3050 2886 3408 2956 ἐφάπτεσθαι·
3443 2887 3534 2940 τὸν
3570 2889 3669 2959 μὲν
3699 2887 3821 2940 Θεὸν

2241 2975 2310 3029 δι’
2345 2977 2547 3047 ἑαυτῆς
2576 2977 2714 3049 πρὸς
2743 2978 2840 3050 τὴν
2870 2976 2965 3032 τοῦ
2997 2978 3338 3050 ἀνθρωπίνου
3385 2979 3499 3049 βίου
3542 2979 3821 3034 κοινωνίαν

2245 3067 2581 3136 κατάγουσα,
2610 3067 2701 3121 τὸν
2728 3068 2787 3121 δὲ
2817 3067 3103 3139 ἄνθρωπον
3127 3071 3186 3122 ἐν
3215 3070 3382 3141 ἑαυτῇ
3419 3069 3558 3140 πρὸς
3589 3069 3688 3141 τὴν
3717 3068 3819 3122 τῶν

2243 3160 2509 3232 οὐρανίων
2539 3160 2834 3232 ἐπιθυμίαν
2877 3161 3188 3232 τιτεροῦσα,
3217 3163 3312 3216 καὶ
3345 3163 3505 3216 οἱονεὶ
3530 3161 3820 3232 σύνδεσμός

2241 3271 2324 3317 τις
2361 3253 2619 3325 γινομένη
2643 3253 2745 3323 τῆς
2791 3252 3139 3323 ἀνθρωπίνης
3159 3253 3298 3326 πρὸς
3327 3253 3420 3306 τὸν
3451 3253 3589 3307 Θεὸν
3617 3251 3819 3307 οἰκειώ-

2243 3362 2382 3409 σεως
2401 3386 2415 3411 ,
2447 3345 2515 3400 τὰ
2543 3345 2795 3399 τοσοῦτον
2834 3345 3082 3416 ἀλλήλοις
3101 3344 3394 3415 ἀφεστῶτα
3433 3346 3498 3416 τῇ
3530 3344 3724 3414 φύσει,
3754 3343 3815 3412 τῇ

2241 3437 2370 3509 παρ’
2403 3438 2600 3509 εαυτῆς
2632 3438 2882 3510 μεσιτείᾳ
2928 3439 3009 3502 εἰς
3043 3437 3365 3508 συμφωνίαν
3393 3437 3704 3506 ἀνάγουσα,
3740 3433 3817 3496 τίς

2240 3527 2307 3582 ἂν
2335 3529 2585 3602 εὑρεθείη
2613 3530 2842 3601 δύναμις
2879 3529 3052 3598 λόγων
3088 3529 3414 3583 συνανιοῦσα
3441 3528 3519 3600 τῷ
3547 3528 3814 3599 θαύματι;

2252 3621 2393 3676 Ἀλλ’
2420 3622 2606 3694 ἐπειδὴ
2634 3623 2833 3677 ἄτοπον
2857 3622 3135 3686 παντελῶς
3161 3622 3396 3692 ἀφώνοις
3417 3623 3450 3693 ἢ
3475 3621 3815 3692 ἀναισθήτοις

2236 3715 2422 3785 ὅμοιον
2456 3714 2762 3784 φαίνεσθαι,
2795 3716 2889 3769 καὶ
2917 3715 3026 3769 τῶν
3057 3716 3150 3769 δύο
3176 3715 3236 3768 τὸ
3279 3715 3484 3786 ἕτερον,
3529 3715 3564 3786 ἢ
3607 3715 3682 3786 μὴ
3725 3713 3816 3764 ὲπ·

2236 3806 2534 3874 εγνωκέναι
2557 3805 2734 3860 δοκεῖν
2757 3807 2826 3860 τά
2844 3808 2944 3877 τῆς
2967 3807 3263 3877 παρθενίας
3286 3805 3446 3870 καλὰ,
3478 3806 3512 3876 ἢ
3543 3804 3812 3873 ἄπληκτον

2237 3899 2332 3952 καὶ
2364 3899 2620 3970 ἀκίνητον
2668 3899 2802 3971 πρὸς
2837 3900 2935 3971 τὴν
2978 3900 3086 3952 τῶν
3119 3898 3298 3953 καλῶν
3331 3897 3587 3968 αἴσθησιν
3622 3895 3812 3948 ἐπιδει-

2237 3991 2450 4062 χθῆναιο
2468 3991 2676 4062 βραχέα
2697 3991 2820 4045 τινὰ
2844 3991 2971 4064 περὶ
2992 3991 3163 4062 αὐτῆς
3188 3992 3382 4055 εἰπεῖν,
3399 3988 3486 4042 διὰ
3509 3989 3574 4042 τὸ
3601 3988 3707 4042 δεῖν
3727 3983 3813 4036 ἐπὶ⁵

2236 4085 2374 4138 πᾶσι
2424 4082 2708 4140 πείθεσθαι
2755 4087 2822 4156 τῇ
2865 4083 3085 4155 ἐξουσίᾳ
3120 4083 3216 4137 τοῦ
3265 4082 3620 4148 ἐπιτάξαντος
3664 4079 3807 4150 ἡμῖν.

2236 4171 2720 4245 προεθυμήθημεν.
2785 4173 2990 4246 Μηδεὶς
3047 4171 3104 4225 δὲ
3151 4172 3280 4235 τοὺς
3338 4169 3812 4242 κομπωδεστέρους

2234 4259 2367 4330 παρ’
2399 4259 2554 4330 ἡμῶν
2584 4259 2910 4333 ὲἐπιζητείτω
2939 4260 3048 4313 τῶν
3071 4259 3263 4328 λόγων
3295 4258 3409 4312 ἐστι
3440 4257 3540 4328 μὲν
3568 4257 3677 4328 γὰρ
3698 4251 3810 4307 οὐδὲ

2234 4349 2580 4423 βουλομένοις
2606 4355 2739 4423 ἡμῖν
2774 4351 2906 4414 ἴσως
2950 4351 3171 4406 δυνατὸν
3203 4351 3263 4404 τὸ
3300 4349 3562 4414 τοιοῦτον,
3618 4346 3810 4418 ἀμελε-

2232 4440 2418 4512 τήτοις
2454 4436 2574 4495 οὖσι
2603 4442 2702 4512 τῆς
2733 4439 2987 4511 τοιαύτης
3033 4441 3250 4507 λέξεως.
3285 4442 3349 4494 Εἰ
3391 4440 3449 4494 δὲ
3497 4441 3592 4494 καὶ
3634 4433 3808 4507 παρῆν

543 4527 672 4596 quia
701 4529 998 4584 absurdum
1023 4531 1183 4601 plane
1203 4541 1286 4588 est
1310 4543 1588 4587 mutarum
1615 4548 1823 4599 rerum,
1845 4540 1901 4588 et
1915 4547 2127 4598 earum,

2241 4530 2328 4585 τοῦ
2359 4531 2663 4602 κομπάζειν
2692 4533 2726 4601 ἡ
2770 4531 3002 4602 δύναμις
3020 4571 3036 4596 ,
3065 4534 3166 4586 οὐκ
3196 4532 3263 4586 ἂν
3291 4532 3386 4586 τοῦ
3429 4535 3582 4604 κοινῇ
3611 4532 3809 4583 λυσιτε-

541 4633 665 4689 qua
692 4635 858 4676 sensu
889 4630 1099 4691 carent,
1141 4624 1389 4688 similem
1436 4641 1496 4680 se
1523 4640 1647 4682 esse
1685 4624 1881 4690 videri,
1923 4639 1955 4681 ο
1992 4622 2131 4680 duo-

2241 4620 2456 4687 λοῦντος
2491 4621 2552 4675 τὸ
2589 4623 2648 4674 ἐν
2695 4622 2896 4691 ὀλίγοις
2935 4624 3290 4696 εὐδοκιμῆσαι
3344 4625 3805 4697 προετιμήσαμεν.

540 4709 756 4780 husque
793 4712 1026 4766 alterum
1059 4719 1165 4779 est,
1201 4722 1263 4769 ut
1300 4721 1395 4769 aut
1433 4716 1558 4786 quis
1599 4715 1894 4786 virginales
1935 4715 2128 4772 laudes

2241 4715 2428 4784 Ζητεῖν
2450 4712 2558 4785 γὰρ
2583 4712 2641 4779 ἐξ
2663 4713 2917 4768 ἁπάντων
2934 4711 3088 4786 οἶμαι
3113 4716 3223 4770 δεῖν
3243 4716 3336 4770 τόν
3359 4733 3423 4784 γε
3459 4714 3581 4770 νοῦν
3605 4713 3804 4784 ἔχοντα,

542 4815 656 4855 non
681 4803 974 4874 agnovisse
1005 4804 1275 4873 videatur,
1307 4813 1403 4860 aut
1435 4807 1505 4862 ad
1534 4807 1728 4862 harum
1758 4805 2128 4875 cognitionem

2241 4805 2336 4858 οὐκ
2367 4803 2428 4870 ἐξ
2465 4798 2540 4858 ὧν
2569 4805 2711 4877 ὑπὲρ
2743 4807 2872 4872 τοὺς
2907 4806 3130 4872 λοιποὺς
3175 4807 3656 4879 θαυμασθησεται,
3696 4797 3804 4856 ἀλλ’

540 4907 649 4946 non
683 4903 1018 4950 commotum
1055 4911 1115 4953 se
1151 4913 1330 4969 neque
1354 4897 1612 4954 allectum
1641 4897 1981 4954 ostenderit:
2022 4911 2127 4955 nos

2241 4891 2298 4962 ἐξ
2320 4887 2396 4949 ὧν
2426 4895 2493 4950 ἂν
2530 4898 2626 4951 καὶ
2651 4897 2839 4954 ἐαυτὸν
2868 4900 2964 4952 καὶ
2997 4901 3124 4964 τοὺς
3146 4898 3366 4962 λοιποὺς
3393 4899 3738 4968 ὠφελήσειεν.

539 4987 646 5041 hoc
666 4986 786 5058 ipso
822 4987 890 5043 de
918 5003 1117 5058 genere
1149 4998 1268 5046 toto
1293 5006 1468 5062 pauca
1510 4991 1761 5062 quaedam
1793 5004 2230 5046 commemorare
2301 4991 2712 5061 proposuimus,
2760 4991 3017 5060 quoniam
3080 4991 3246 5058 illius,
3310 4991 3403 5061 qui
3447 4990 3606 5046 nobis
3675 4995 3804 5054 pral-

538 5077 704 5147 cepit,
760 5079 994 5150 imperio
1041 5081 1298 5139 omnibus
1360 5082 1418 5136 in
1474 5082 1641 5138 rebus
1688 5081 1992 5154 parendum
2064 5088 2204 5136 erat.
2243 5079 2432 5150 Neque
2472 5095 2603 5137 vero
2647 5082 2992 5152 magniﬁcam
3049 5082 3340 5138 verborum
3388 5079 3801 5139 ostentationem

539 5168 664 5237 ηυίε
685 5183 716 5232 .a
745 5173 904 5228 nobis
939 5172 1226 5242 requirat:
1260 5173 1707 5244 quandoquidem
1733 5174 1902 5231 etiam
1930 5173 1978 5229 si
2021 5188 2126 5230 nos
2163 5181 2540 5243 expeteremus
2611 5173 2715 5230 hoc
2749 5175 2985 5232 fortasse
3006 5175 3185 5239 nobis,
3222 5175 3275 5230 id
3310 5176 3576 5230 orationis
3637 5179 3800 5242 genus

542 5262 974 5332 negligentibus,
1005 5274 1273 5336 praestare
1301 5281 1411 5321 non
1448 5266 1657 5322 liceret.
1742 5265 1841 5321 Sin
1918 5273 2104 5322 autem
2177 5265 2415 5321 facultas
2463 5266 2623 5323 nobis
2663 5266 2830 5336 hujus
2870 5268 3279 5335 ostentationis,
3329 5285 3452 5339 quae
3509 5262 3798 5339 generatim

542 5352 722 5406 minus
749 5357 989 5425 expedit,
1041 5358 1270 5425 inesset,
1322 5358 1377 5414 in
1406 5360 1736 5416 concionum
1770 5373 1971 5430 genere
2004 5373 2124 5416 eam
2164 5357 2479 5428 approbari,
2533 5359 2639 5415 hoc
2679 5375 2780 5416 nos
2822 5361 3100 5431 antiquius
3133 5361 3448 5419 habuimus.
3513 5361 3644 5415 Nam
3708 5345 3794 5421 qui

541 5442 753 5498 talione
799 5451 1060 5517 praeditus
1104 5461 1210 5518 est,
1263 5454 1313 5510 ei
1367 5455 1719 5525 potissimum
1767 5454 2123 5524 quaerendum
2162 5469 2287 5512 esse
2319 5455 2582 5523 arbitror,
2623 5471 2734 5512 non
2777 5457 2979 5527 quibus
3043 5457 3211 5513 rebus
3280 5458 3572 5512 maximam
3612 5458 3795 5524 praeter

538 5541 768 5594 ceteros
801 5542 1219 5604 admirationem
1263 5551 1348 5607 sui
1386 5551 1734 5622 excitaverit,
1775 5550 1879 5623 sed
1913 5549 2116 5621 quibus
2157 5564 2282 5606 cum
2311 5550 2439 5620 sibi,
2477 5558 2593 5610 tum
2619 5551 2834 5609 caeteris
2868 5551 3246 5624 adjumentum
3274 5553 3347 5609 sit
3376 5552 3660 5606 allaturus.
