4106 6462
293 396 396 455 313

993 527 1238 585 ΚΕΦΛΛ.
1272 525 1347 582 l".

344 661 551 738 ιινῖήμη
584 663 713 738 τῶν
754 667 836 738 ἐκ
903 667 1010 722 τοῦ
1035 665 1227 736 γάμου
1273 662 1609 738 δυσχερῶν,
1646 661 1967 738 καῑμὲνδειέ

420 732 510 862 εἵς
546 736 656 790 τοῦ
705 737 826 792 τὸν
888 732 1220 810 γεγραφότα
1264 736 1372 791 τὸν
1409 736 1596 804 λόγον
1620 732 1706 804 μὴ
1740 733 1970 804 ἄγαμον

423 825 453 862 ε
481 824 600 862 rm.

430 988 560 1044 Εἴθε
596 1005 713 1051 πως
743 981 859 1041 οἷόν
898 1003 958 1041 τε
999 982 1068 1056 ἦν
1111 986 1281 1058 κάμοί
1321 1003 1377 1041 τι
1423 985 1673 1056 γενέσθαι
1714 985 1874 1040 πλέον
1903 986 1969 1040 ὲκ

359 1081 458 1150 τῆς
509 1079 765 1150 τοιαύτης
815 1079 1078 1150 σπουδῆς·
1137 1078 1214 1143 ὡς
1265 1077 1406 1149 μετὰ
1452 1079 1697 1143 πλείονος
1756 1079 1820 1134 ἂν
1865 1081 1968 1152 τῆς

361 1173 675 1243 προθυμίας
703 1170 794 1225 τὸν
842 1169 973 1240 περὶ
1020 1168 1226 1224 τούτων
1263 1169 1422 1222 πόνον
1460 1169 1866 1241 ἀνεστησάμην,
1891 1169 1968 1223 ei.

362 1281 471 1334 περ
501 1263 646 1316 κατά
674 1262 734 1316 rb
771 1259 1158 1333 γεγραμμένον
1177 1301 1192 1324 ,
1221 1261 1306 1313 ἐπ’
1339 1260 1512 1314 ὲλπίδι
1545 1260 1638 1314 τοῦ
1675 1264 1968 1331 μετασχεῖν

359 1359 469 1409 τῶν
497 1360 564 1409 ἐκ
593 1355 686 1409 τοῦ
717 1355 947 1427 ἀρότρου
992 1355 1085 1407 καὶ
1126 1353 1354 1424 ἁλοητοῦ
1378 1353 1750 1424 γεννημάτων,
1783 1353 1965 1422 ἐφιλο-

363 1449 564 1501 πόνουν
587 1448 676 1500 τὸν
709 1447 886 1514 λόγον.
937 1446 1073 1499 Νυνὶ
1117 1445 1174 1500 δὲ
1223 1445 1423 1517 τρόπον
1471 1445 1593 1498 τινὰ
1636 1447 1840 1516 ματαία
1874 1447 1967 1500 καὶ

362 1543 623 1610 ἀνόνητος
669 1542 702 1610 ὴ
735 1537 937 1608 γνῶσις
984 1537 1108 1608 ἐμοὶ
1145 1537 1256 1589 τῶν
1289 1537 1391 1608 τῆς
1439 1536 1736 1608 παρθενίας
1760 1537 1962 1602 καλῶν,

363 1633 438 1694 ὡς
471 1632 549 1701 τῷ
581 1631 663 1701 βοῒ
693 1630 761 1683 τὰ
790 1629 1124 1700 γεννήματα,
1175 1627 1252 1699 τῷ
1299 1627 1436 1699 μετὰ
1485 1629 1679 1700 κημῶν
1713 1631 1967 1699 ἐπιστρεο

364 1724 587 1794 φομένῳ
623 1724 721 1795 τὴν
761 1721 1032 1792 ἃ).ωνα·ῆ
1086 1721 1162 1785 ὡς
1209 1721 1288 1793 τῷ
1335 1722 1558 1793 διψῶντι
1593 1722 1653 1776 τὺ
1697 1724 1966 1795 ἀπορρέον

362 1818 472 1869 τῶν
507 1816 770 1887 κρημνῶν
809 1815 976 1888 ὕδωρ,
1006 1819 1135 1871 ὃταν
1184 1811 1556 1889 ἀνέφικτον
1590 1817 1867 1887 Μακάριοι
1909 1817 1964 1870 δὲ

1708 403 1801 461 DE
1835 401 2299 461 VIRGINITATE.

1998 548 2046 603 Δ

3555 406 3660 467 526

2674 521 2906 580 ΘΑΡΠΤ
2957 525 3048 580 Ill.

2074 661 2521 716 Commemoratio
2555 660 2946 730 difﬁcultatum,
3003 677 3065 713 ac
3096 660 3462 716 motestiarum
3485 705 3502 726 ,
3539 677 3660 731 qua!

2141 749 2170 786 ε
2209 732 2408 801 nuptiis
2439 732 2700 786 exsistunt
2731 747 2749 785 :
2793 748 2898 801 qua
2933 733 2987 784 iu
3017 747 3071 785 re
3108 731 3507 786 demonstratur
3534 733 3659 787 item

2141 804 2224 943 is,
2273 804 2362 872 qui
2400 803 2694 856 oralionem
2747 803 2884 856 hanc
2926 803 3276 872 conscripsit,
3330 802 3658 858 ca'lebs-non

2169 889 2328 927 uisse.

2169 889 2328 927 uisse.

2141 980 2363 1038 Utinam
2394 982 2579 1053 aliquo
2621 983 2786 1037 modo
2817 981 2932 1038 fieri
2967 991 3172 1053 posset,
3200 988 3261 1036 ut
3295 997 3359 1037 ex
3395 982 3501 1037 hoc
3541 993 3657 1038 stu-

2070 1075 2163 1131 dio
2204 1075 2336 1128 mihi
2372 1090 2592 1145 quoque
2643 1073 2850 1144 aliquid
2891 1075 3127 1143 amplius
3157 1073 3514 1142 contingeret,
3548 1089 3658 1144 quo

2071 1168 2430 1240 propensiore
2485 1167 2653 1222 animi
2707 1173 3010 1231 voluntate,
3067 1180 3170 1237 ego
3222 1166 3277 1220 in
3329 1166 3432 1220 hoc
3490 1165 3658 1222 studii

2072 1277 2272 1331 genere
2354 1261 2595 1316 laborem
2656 1261 3013 1330 posuissem:
3053 1260 3315 1330 quoniam
3358 1259 3403 1313 si
3460 1275 3523 1313 ea
3561 1274 3659 1329 spe

2070 1355 2328 1420 ducerer,
2371 1363 2448 1419 ut,
2482 1353 2940 1424 quemadmodum
2977 1352 3172 1408 litteris
3207 1351 3480 1424 proditum
3533 1359 3654 1418 est,

2069 1446 2286 1518 frugum
2321 1461 2443 1518 qua:
2473 1462 2537 1502 ex
2593 1445 2842 1500 aratione
2898 1444 3166 1499 triturave
3238 1443 3654 1514 percipiuntur,

2071 1549 2280 1612 partem
2336 1555 2436 1611 ego
2491 1554 2709 1610 quoque
2799 1538 3036 1609 aliquam
3105 1537 3350 1604 ferrem;
3402 1545 3660 1591 accurate

2069 1648 2202 1688 sane
2268 1632 2322 1687 in
2405 1633 2508 1687 hac
2550 1633 2801 1688 oratione
2853 1631 3246 1686 elaborassem.
3307 1626 3463 1682 Nunc
3530 1643 3660 1683 vero

2072 1725 2204 1779 mihi
2260 1725 2609 1795 virginalium
2659 1723 2884 1778 laudum
2945 1721 3186 1794 cognitio
3225 1721 3462 1792 quodam
3495 1719 3658 1774 modo

2069 1815 2250 1872 inanis
2292 1827 2374 1872 est
2407 1831 2471 1870 ac
2506 1814 2728 1870 minime
2761 1815 3066 1880 fructuosa,
3097 1813 3290 1884 quales
3321 1813 3498 1868 solent
3535 1827 3660 1867 esse

363 1903 446 1971 οἷς
478 1911 535 1960 ἐν
579 1908 798 1981 ἐξουσίᾳ
823 1908 933 1962 τῶν
981 1909 1264 1981 βελτιόνων
1313 1909 1466 1962 ἐστὶν
1511 1909 1544 1980 ή
1589 1909 1822 1980 αἵρεσις,
1873 1911 1966 1964 καὶ

2072 1917 2230 1963 terra:
2260 1907 2446 1978 fruges
2511 1908 2687 1973 bovi,
2757 1907 2851 1976 qui
2903 1921 3000 1961 ore
3072 1906 3240 1960 frenis
3294 1905 3556 1975 impedito
3591 1904 3659 1957 ad

365 2003 464 2054 οὐκ
480 2002 938 2074 ἁπετειχίσθησαν
959 2003 1036 2075 τῷ
1055 2004 1217 2074 κοινῷ
1237 2001 1639 2075 προληφθέντες
1660 2001 1780 2073 βίῳ,
1799 2003 1968 2057 καθά-

366 2112 476 2166 περ
500 2097 662 2164 ἡμεῖς
704 2089 812 2150 οἷόν
856 2113 963 2148 τινι
1013 2096 1251 2166 χάσματι
1296 2095 1433 2167 πρὸς
1459 2095 1520 2149 τὸ
1547 2095 1645 2165 τῆς
1671 2095 1969 2166 παρθενίας

367 2188 630 2258 καύχημα
667 2187 1034 2260 διειργόμεθα,
1071 2188 1204 2260 πρὸς
1235 2189 1302 2260 ἢν
1327 2189 1428 2241 οὐκ
1465 2187 1612 2241 ἔστιν
1651 2187 1967 2242 ἐπανελθεῖν

364 2279 444 2331 ἔτι
491 2279 585 2333 τὸν
627 2279 773 2346 ἅπαξ
825 2279 901 2350 τῷ
938 2277 1188 2350 κοσμικῴ
1233 2277 1332 2349 βίῳ
1369 2280 1430 2332 τὸ
1487 2281 1632 2349 ἴχνος
1682 2279 1968 2349 ἐναπερεί-

366 2389 555 2434 σαντα.
592 2373 691 2426 Διά
722 2370 880 2426 τοῦτο
909 2370 1097 2425 θεαταὶ
1131 2370 1292 2441 μόνον
1328 2369 1438 2424 τῶν
1476 2370 1772 2442 ἀλλοτρίων
1801 2371 1969 2442 ἐσμὲν

363 2463 547 2516 καλῶν
589 2465 774 2534 ἡμεῖς,
824 2463 919 2516 καὶ¹
961 2463 1236 2534 μάρτυρες
1264 2463 1363 2533 τῆς
1397 2463 1673 2536 ἑκατέρων
1703 2465 1969 2537 μακαριό-

361 2570 525 2623 τητος
549 2571 564 2584 ·
597 2554 698 2608 κᾶν
729 2570 783 2606 τι
812 2553 983 2618 δεξιὸν
1022 2555 1149 2625 περὶ
1179 2553 1475 2624 παρθενίας
1506 2558 1810 2626 νοήσωμεν,
1841 2555 1970 2609 ταὺ-

360 2651 456 2710 τὸν
497 2647 779 2716 πάσχομεν
823 2647 934 2708 τοῖς
981 2645 1256 2715 ὀψοποιοῖς
1301 2664 1361 2700 τε
1417 2647 1511 2701 καὶ
1557 2648 1878 2720 ὑπηρέταις,
1919 2647 1968 2701 οἳ

363 2740 466 2809 τὴν
494 2736 882 2810 ὲπιτραπέζιον
919 2736 1027 2790 τῶν
1068 2737 1337 2792 πλουσίων
1383 2740 1596 2811 τρυφὴν
1629 2740 1810 2804 ἄλλοις
1840 2740 1970 2812 ἡδύ·

363 2848 568 2894 νουσιν,
626 2828 836 2893 οὐδενὸς
882 2830 1036 2883 αὐτοὶ
1089 2829 1199 2884 τῶν
1255 2832 1786 2903 παρεσκευασμένων
1840 2851 1971 2906 μετ-

363 2924 616 2995 ἔχοντες·
647 2921 722 2986 ὡς
771 2922 1041 2995 μακάριόν
1074 2941 1138 2992 γε
1189 2922 1255 2977 ἂν
1295 2920 1384 2996 ἦν,
1425 2926 1472 2977 εί
1511 2924 1585 2996 μὴ
1632 2925 1805 2990 οὕτως
1831 2922 1967 2996 εἶχε,

366 3016 506 3087 μηδὲ
556 3017 622 3087 τῇ
665 3015 1051 3088 ὑπεροὸουλίᾳ
1081 3017 1142 3070 τὸ
1187 3017 1350 3072 καλὸν
1399 3019 1798 3090 ἐγνωρίσαμεν.
1836 3021 1972 3073 Νυνὶ

363 3107 420 3160 δὲ
454 3105 687 3175 ζηλωτολ⁸
715 3106 812 3176 μὲν
839 3105 1029 3170 ὅντως,
1071 3107 1166 3159 καὶ
1197 3107 1379 3178 πάσης
1420 3108 1587 3179 εὐχῆς
1643 3111 1735 3162 καὶ
1781 3110 1971 3164 ἐπιθυ-

367 3199 499 3271 μίας
526 3197 780 3253 ἐπέκεινα
827 3199 1178 3271 πράττοντες,
1228 3194 1308 3264 οἷς
1354 3202 1386 3272 ἡ
1429 3200 1656 3273 δύναμις
1686 3203 1794 3256 τῶν
1828 3204 1968 3258 ἀπο-

363 3292 614 3345 λαύσεων
680 3291 790 3346 τῶν
837 3291 1058 3361 ἀγαθῶν
1111 3292 1315 3348 τούτων
1372 3294 1473 3347 οὐκ
1525 3295 1968 3352 ἀποκέκλεισται.

378 3385 574 3456 Ἡμεῖς
615 3384 671 3438 δὲ
700 3384 953 3456 καθάπερ
990 3386 1039 3438 οἱ
1064 3387 1130 3456 τῇ
1160 3385 1406 3458 πολιτεία
1432 3389 1449 3407 ⁶
1476 3386 1571 3441 τοῦ
1621 3388 1849 3442 πλούτου
1875 3389 1974 3462 τὴν

370 3476 584 3530 ἑαυτῶν
614 3475 1098 3547 παραθεωροῦντες
1124 3476 1336 3538 πενίαν,
1366 3477 1550 3532 πλεῖον
1576 3479 1833 3533 ἀνιῶνται
1860 3484 1973 3544 τοῖς

368 3567 607 3633 παροῦσι
655 3568 750 3620 καὶ
790 3567 1232 3640 δυσχεραίνουσι·
1274 3569 1367 3621 τὸν
1412 3569 1575 3623 αὑτὸν
1623 3571 1822 3642 τρόπον
1864 3573 1973 3644 ὅσῳ

369 3660 538 3727 πλέον
581 3659 672 3714 τὸν
717 3661 816 3732 τῆς
863 3661 1161 3732 παρθενίας
1215 3661 1443 3715 πλοῦτον
1500 3663 1972 3735 ὲπιγινὼσκομεν,

368 3752 611 3824 τοσούτῳ
643 3753 842 3824 μᾶλλον
889 3753 1230 3826 οίκτείρομεν
1270 3753 1363 3808 τὸν
1397 3753 1558 3809 ἄλλον
1587 3754 1722 3826 βίον,
1756 3755 1843 3810 διὰ
1873 3759 1973 3829 τῆς

369 3845 480 3900 τῶν
510 3847 793 3917 βελτιόνων
819 3847 1252 3920 παρεξετάσεως,
1280 3842 1390 3901 οἷον
1424 3848 1518 3902 καὶ
1551 3850 1675 3903 ὅσον
1703 3850 1972 3922 πτωχεύει

371 3937 904 4008 καταμανθάνοντες.
941 3939 1016 3992 Οὐ
1067 3937 1212 4007 λέγω
1259 3939 1418 4009 μόνον
1459 3939 1558 3994 ὃσα
1605 3939 1832 4013 ὕστερον
1859 3944 1973 4008 τοῖς

373 4032 497 4085 κατ’
531 4030 730 4102 ἀρετὴν
757 4030 1076 4101 βεϐιωκόσιν
1116 4030 1420 4096 ἀπόκειται,
1445 4031 1580 4086 ἀλλὰ
1618 4032 1712 4086 καὶ
1737 4036 1838 4088 ὅσα
1870 4035 1972 4106 τῆς
2013 4066 2015 4068 -

374 4122 662 4193 παρούσης
690 4124 806 4176 ἐστὶ
837 4121 1003 4192 ζωῆς.
1043 4123 1107 4177 Ei
1141 4125 1250 4194 γάρ
1294 4141 1380 4186 τις
1407 4123 1652 4196 ἀκριϐῶς
1697 4125 1971 4191 ἐξετάζειν

374 4212 553 4267 ἐθέλοι
582 4213 674 4266 τοῦ
707 4213 821 4284 βίου
851 4213 1038 4267 τούτου
1077 4213 1139 4266 τὸ
1185 4213 1320 4285 πρὸς
1365 4214 1463 4285 τὴν
1514 4215 1810 4286 παρθενίαν
1855 4217 1970 4272 διά-

374 4322 566 4375 φορον,
617 4306 885 4377 τοσαύτην
933 4305 1154 4376 εὑρήσει
1199 4304 1298 4378 τὴν
1339 4305 1622 4380 διαφορὰν,
1647 4309 1743 4380 ὅση
1786 4309 1972 4378 σχεδὸν

375 4399 515 4468 πρὸς
546 4397 613 4452 τά
639 4397 864 4470 οὐράνια
907 4397 1015 4451 τῶν
1038 4397 1294 4466 ἐπιγείων
1323 4399 1498 4452 ἐστίν’
1539 4399 1716 4466 ἔξεστι
1747 4400 1804 4453 δὲ
1830 4400 1971 4470 γνῶ-

374 4511 463 4547 ναι
487 4490 586 4562 τὴν
614 4488 707 4544 τοῦ
745 4491 902 4560 λόγου
929 4491 1204 4562 ἀλήθειαν,
1237 4491 1372 4544 αὐτά
1406 4491 1873 4562 διασκεψαμένους
1899 4494 1969 4548 τὰ

375 4583 696 4652 πράγματα.
749 4581 919 4634 Πόθεν
962 4580 1016 4634 δέ
1037 4597 1118 4644 τις
1159 4579 1463 4652 ἀρξάμενος
1497 4581 1726 4647 ὲπαξίας
1773 4581 1840 4636 ἂν
1878 4581 1968 4636 τὸν

380 4671 555 4743 βαρὺν
597 4669 782 4724 τοῦτον
829 4669 1334 4742 ὲκτραγῳδήσειεν;
1391 4670 1462 4722 Ἦ
1486 4669 1602 4732 πῶς
1652 4671 1718 4723 ἄν
1769 4687 1852 4733 τις
1902 4668 1972 4722 τὰ

381 4763 543 4818 κοινά
576 4761 669 4816 τοῦ
703 4762 818 4833 βίου
853 4762 944 4816 ὑπ’
971 4761 1092 4831 θέμιν
1114 4760 1312 4829 ἀγάγοι
1356 4760 1524 4824 κακὰ,
1566 4759 1602 4814 ἀ
1631 4760 1831 4824 πάντες
1873 4761 1973 4831 μὲν

378 4859 430 4910 oi.
463 4855 736 4926 ἄνθρωποι
765 4854 853 4908 διά
890 4854 988 4925 τῆς
1025 4853 1220 4924 πείρας
1268 4852 1628 4922 γινώσκουσιν
1651 4895 1665 4919 ,
1716 4853 1817 4907 οὐκ
1858 4850 1976 4910 οἶδα

376 4947 435 4999 δὲ
466 4948 614 5009 ὅπως
643 4946 700 4999 ὲν
722 4946 902 5009 αὐτοῖς
931 4947 1044 5008 τοῖς
1079 4944 1277 4998 εἰδόσιν
1314 4944 1454 4999 αὐτά
1493 4944 1777 5000 λανθάνειν
1811 4947 1846 5017 ή
1875 4945 1976 5016 φύ-

379 5057 468 5103 σις
515 5039 917 5110 ἐμηχανήσατο,
977 5038 1239 5102 ἑκουσίως
1291 5037 1400 5091 τῶν
1451 5038 1753 5111 ἀνθρώπων
1793 5041 1851 5095 ὲν
1893 5037 1974 5105 οἷς

377 5132 521 5184 εἰσιν
563 5128 935 5198 ἀγνοούντων;
963 5129 1154 5182 Βούλει
1197 5129 1306 5184 ἀπὸ
1354 5129 1464 5184 τῶν
1513 5130 1748 5202 ἡδίστων
1793 5129 1974 5203 ἀρξώ-

382 5225 559 5296 μεθα;
593 5222 805 5277 Οὐκοῦν
839 5223 900 5275 τὸ
936 5222 1230 5290 κεφάλαιον
1259 5223 1366 5276 τῶν
1405 5224 1462 5276 ὲν
1503 5223 1580 5295 τῷ
1608 5224 1771 5296 γάμῳ
1808 5240 1976 5279 σπου-

375 5315 688 5387 δαζομένων
714 5315 774 5368 τὸ
827 5315 1229 5388 κεχαρισμένης
1276 5316 1554 5386 ἐπιτυχεῖν
1587 5318 1703 5370 ἐστι
1735 5315 1977 5387 συμϐιώ-

380 5423 539 5470 σεως.
593 5407 705 5459 Καὶ
746 5405 810 5478 δὴ
857 5405 1006 5460 ταῦθ’
1050 5406 1222 5470 οὕτως
1276 5407 1467 5479 ἐχέτω,
1499 5408 1590 5461 καὶ
1631 5407 1718 5462 διὰ
1756 5409 1976 5464 πάντων

382 5499 724 5572 μακαριστὸς
751 5499 1150 5570 ὑπογεγράφθω
1180 5503 1207 5554 ὁ
1235 5502 1444 5572 γάμοςο
1472 5501 1627 5571 γένος
1667 5503 1972 5575 εὐδόκιμον,

380 5589 608 5656 πλοῦτος
649 5590 855 5663 ἀρκῶν,
887 5590 1073 5662 ἡλικία
1125 5592 1515 5663 συμϐαίνουσα,
1543 5595 1642 5664 τῆς
1671 5593 1820 5666 ὥρας
1842 5595 1976 5650 αὐτὸ

373 5685 436 5738 τὸ
461 5684 650 5748 ἄνθος,
684 5683 905 5755 φίλτρον
950 5683 1110 5748 πολὺ,
1142 5684 1236 5737 καὶ
1286 5679 1398 5739 οἷόν
1444 5687 1591 5740 ἐστιν
1627 5687 1686 5739 ὲν
1730 5686 1976 5760 ἐκατέρῳ

374 5776 511 5852 ὑπὲρ
542 5775 643 5831 τοῦ
691 5773 854 5829 ἄλλου
901 5774 1272 5830 ὐπονοεῖσθαν
1321 5776 1548 5846 γλυκεῖα
1584 5776 1770 5850 ἐκείνη
1826 5778 1976 5848 φιλο-

366 5871 543 5926 νεικία
574 5865 644 5922 τὸ
697 5866 887 5920 ἑαυτὸν
915 5864 1199 5936 βούλεσθαι
1247 5867 1404 5938 νικᾷν
1436 5869 1494 5922 ὲν
1529 5871 1597 5940 τῇ
1629 5868 1818 5942 ἀγάπῃ
1849 5870 1975 5924 ἑκά-

2069 2016 2252 2056 aream
2301 2002 2685 2056 convertitur:
2735 2000 2787 2056 id
2842 1999 2989 2069 quod
3046 1998 3250 2054 accidit
3300 2001 3428 2055 item
3484 1997 3532 2051 ei
3565 1997 3656 2068 qui

2071 2108 2270 2164 aquam
2326 2094 2441 2148 sitit
2471 2108 2500 2147 e
2540 2092 2832 2163 prwruptis
2890 2091 3043 2147 saxis
3094 2089 3447 2154 deﬂuentem,
3485 2105 3659 2160 neque

2069 2202 2190 2242 eam
2227 2202 2425 2256 capere
2458 2193 2659 2258 potest.
2691 2184 2964 2240 Praeclare
3015 2184 3234 2254 quidem
3288 2199 3413 2238 cum
3442 2182 3509 2237 iis
3544 2181 3659 2252 agi-

2073 2289 2182 2346 tur,
2235 2280 2438 2349 quibus
2495 2281 2766 2351 integrum
2799 2289 2854 2334 et
2895 2279 3127 2333 liberum
3162 2288 3246 2333 est
3297 2277 3524 2332 meliora
3557 2277 3656 2330 de-

2071 2374 2278 2446 ligere:
2334 2374 2535 2444 quippe
2593 2389 2718 2429 cum
2768 2373 3050 2428 communi
3103 2389 3162 2429 se
3218 2373 3342 2427 vita:
3380 2371 3654 2438 dederint,

2071 2467 2229 2538 quasi
2301 2467 2447 2521 vallo
2513 2466 2698 2536 aliquo
2732 2465 3087 2536 circumsepti
3152 2480 3263 2519 uon
3354 2471 3654 2519 tenentur:

2071 2556 2534 2627 quemadmodum
2585 2572 2706 2622 nos,
2749 2556 2841 2627 qui
2896 2554 3063 2610 veluti
3098 2556 3335 2625 quodam
3385 2563 3657 2610 terrarqu

2073 2649 2222 2702 hiatu
2275 2649 2649 2719 prohibemur,
2710 2649 3008 2719 quominus
3043 2650 3109 2702 ad
3141 2649 3282 2702 hanc
3337 2648 3658 2718 virginalem

2072 2741 2301 2811 gloriam
2343 2741 2691 2804 accedamus,
2729 2757 2893 2810 quam
2927 2741 3196 2811 attingere
3252 2741 3359 2795 illis
3422 2741 3658 2810 amplius

2073 2848 2181 2884 non
2242 2832 2390 2896 licet,
2438 2833 2530 2902 qui
2570 2832 2622 2885 in
2674 2832 2928 2887 Immanaa
2981 2833 3106 2886 vitae
3157 2831 3434 2886 curriculo
3489 2832 3659 2886 vesti-

2071 2926 2218 2994 gium
2277 2925 2445 2979 semel
2494 2925 2895 2994 impresserint.
2955 2923 3135 2990 Quare
3198 2939 3298 2979 nos
3355 2925 3657 2980 alienarum

2072 3016 2296 3070 laudum
2337 3025 2696 3088 spectatores,
2775 3017 3056 3087 beatusque
3091 3017 3321 3070 aliorqu
3373 3017 3501 3074 vita:
3574 3024 3658 3071 te-

2074 3119 2209 3172 stes,
2256 3108 2383 3162 Iicet
2422 3123 2681 3178 maguum
2714 3107 2942 3177 aliquid,
3000 3115 3052 3162 et
3082 3108 3404 3178 praeclarum
3449 3107 3518 3163 de
3549 3109 3663 3162 vir—

2077 3195 2301 3270 ginitate
2331 3203 2668 3272 cogitemus:
2720 3208 2902 3255 tamen
2960 3199 3104 3254 idem
3155 3199 3316 3256 nobis
3371 3201 3660 3272 contingit,

2078 3292 2223 3361 quod
2281 3292 2661 3347 conditoribus
2735 3290 3189 3361 administrisque
3253 3293 3495 3347 convivii
3553 3309 3661 3348 usu

2077 3382 2265 3437 venire
2313 3383 2476 3447 solet,
2529 3383 2624 3452 qui
2682 3382 3174 3452 conquisitissimis
3234 3381 3375 3437 cibis
3410 3383 3479 3436 ad
3527 3382 3664 3438 alio-

2077 3489 2199 3529 rum
2257 3476 2588 3544 voluptatem
2639 3475 2870 3530 divitum
2912 3488 3133 3529 mensas
3188 3474 3498 3540 condiunt;
3557 3475 3664 3546 ipsi

2077 3583 2206 3624 vero
2247 3583 2432 3622 earum
2486 3582 2691 3630 rerum,
2725 3583 2847 3636 quas
2907 3574 3181 3637 apparata:
3229 3574 3398 3630 sunt,
3454 3568 3662 3622 nullam

2076 3664 2303 3714 omnino
2368 3666 2576 3728 partem
2637 3658 2837 3713 habent
2889 3675 2904 3711 :
2953 3671 3117 3727 quam
3167 3657 3312 3712 beati
3369 3673 3662 3723 essemus,

2076 3753 2184 3808 nisi
2235 3767 2324 3808 res
2374 3753 2445 3806 ita
2501 3765 2561 3806 se
2602 3750 2872 3818 haberet,
2928 3764 3110 3820 neque
3169 3765 3270 3804 nos
3331 3759 3664 3821 praepostero

2076 3845 2309 3900 consilio
2385 3859 2623 3913 seroque
2699 3843 2905 3896 malum
2962 3857 3446 3913 cognosceremus.
3505 3841 3667 3898 Certe

2077 3935 2308 4004 hujusce
2351 3935 2528 3990 laudis
2563 3933 2617 3987 hi
2651 3933 3056 3988 aemulationem
3089 3949 3279 3988 revera
3314 3932 3663 4004 proﬁtentur,

2076 4043 2140 4083 ac
2183 4029 2306 4098 plus
2354 4043 2510 4092 sane,
2557 4041 2721 4096 quam
2787 4026 3019 4097 cupiunt
3050 4033 3105 4080 et
3151 4037 3380 4098 optant,
3417 4027 3495 4080 illi
3541 4027 3670 4097 qui-

2074 4120 2196 4175 dem
2250 4129 2467 4191 agunt,
2533 4121 2736 4192 quibus
2809 4119 2875 4174 ad
2949 4119 3091 4174 bona
3160 4120 3275 4173 haec
3332 4118 3666 4189 perfruenda

2075 4226 2186 4265 non
2239 4221 2323 4266 est
2376 4213 2696 4267 obstructus
2761 4211 2963 4266 aditus.
3013 4210 3121 4265 Nos
3156 4225 3287 4264 vero
3325 4212 3438 4280 jam
3491 4212 3546 4264 in
3600 4226 3665 4266 ea

2074 4318 2239 4374 porro
2289 4304 2604 4360 conditione
2665 4320 2861 4359 sumus
2919 4305 2972 4360 in
3016 4318 3124 4373 qua
3182 4303 3240 4367 ii,
3305 4303 3398 4374 qui
3437 4303 3664 4359 divitia-

2075 4412 2220 4462 rum,
2275 4403 2438 4466 atque
2517 4411 2681 4466 opum
2734 4395 3094 4465 amplitudine
3149 4410 3306 4449 suam
3361 4411 3487 4450 cum
3561 4397 3664 4468 ipsi

2081 4489 2526 4558 contemplemur
2579 4496 2980 4558 paupertatem,
3044 4487 3282 4557 majores
3335 4504 3401 4543 ex
3477 4504 3663 4544 rerum

2001 4597 2300 4662 Dsuarum
2361 4590 2505 4637 statu
2568 4582 2670 4637 sibi
2744 4590 2966 4636 struunt
3008 4581 3451 4644 sollicitudines,
3506 4582 3667 4638 vehe-

2077 4675 2428 4744 u‘ientiusque
2468 4683 2793 4745 torquentur
2825 4691 2837 4727 :
2871 4675 2946 4730 ita
2975 4689 3076 4729 nos
3122 4691 3233 4746 quo
3268 4676 3442 4747 magis
3497 4675 3668 4745 virgi-

2076 4765 2268 4818 nitatis
2317 4764 2538 4820 divitias
2585 4765 3014 4835 cognoscimus,
3071 4779 3138 4819 eo
3191 4764 3445 4832 gravius,
3502 4762 3668 4818 rebus

2076 4857 2398 4914 melioribus
2448 4857 2742 4929 indagatis,
2792 4859 2938 4912 aliud
2983 4859 3107 4912 vita;
3151 4873 3322 4929 genus
3381 4859 3665 4927 lugemus;

2076 4965 2201 5008 cum
2245 4951 2752 5008 animadvertamus
2797 4951 3000 5021 quibus
3045 4951 3332 5021 quantisve
3373 4949 3530 5004 bouis
3573 4964 3666 5004 ca-

2075 5052 2213 5107 reat,
2247 5057 2423 5114 neque
2470 5043 2540 5098 iis
2595 5043 2796 5105 solum,
2832 5058 2953 5113 quae
2987 5042 3110 5098 illos
3156 5048 3400 5105 manent,
3435 5040 3528 5112 qui
3564 5040 3666 5094 ho-

2076 5143 2234 5190 ueste
2295 5141 2554 5206 casteque
2613 5135 2916 5201 vixerunt,
2961 5135 3056 5191 sed
3123 5135 3232 5189 illis
3305 5133 3470 5188 etiam
3543 5148 3669 5204 quas

2077 5226 2243 5297 hujus
2292 5227 2416 5281 vitae
2481 5228 2700 5298 propria
2735 5235 2887 5283 sunt.
2923 5226 2980 5281 Si
3019 5227 3147 5298 quis
3185 5225 3329 5282 enim
3376 5225 3667 5296 diligenter

2075 5319 2367 5388 exquirere
2404 5320 2578 5383 velit,
2627 5335 2750 5391 qua:
2811 5320 2882 5376 sit
2938 5319 3103 5388 hujus
3156 5335 3186 5372 a
3252 5318 3504 5387 virginali
3557 5317 3664 5374 vita

2077 5410 2502 5478 dissimilitudo,
2556 5419 2764 5466 tantam
2828 5411 3074 5482 profecto
3133 5411 3401 5475 inveniet,
3458 5421 3665 5482 quanta

2078 5503 2250 5559 ferme
2280 5511 2366 5560 est
2409 5512 2755 5560 terrenarum
2799 5512 2985 5560 rerum
3022 5518 3054 5558 a
3085 5504 3404 5560 caelestibus
3435 5523 3448 5560 :
3484 5505 3664 5576 hujus

2076 5611 2185 5666 que
2234 5595 2502 5651 orationis
2539 5595 2823 5652 veritatem
2864 5595 3138 5668 cognitam
3169 5635 3184 5662 ,
3214 5597 3666 5668 exploratamque

2077 5687 2115 5741 ii
2175 5686 2376 5743 habere
2407 5697 2661 5756 possunt,
2703 5687 2797 5757 qui
2851 5703 2941 5745 res
3001 5689 3152 5760 ipsas
3210 5689 3423 5746 ratione
3453 5691 3667 5744 animo-

2077 5795 2186 5850 que
2249 5780 2630 5836 lustraverint.
2694 5780 2856 5838 Unde
2918 5781 3085 5853 igitur
3138 5783 3264 5853 quis
3308 5782 3524 5838 initium
3582 5783 3666 5837 fa-

2080 5873 2298 5938 ciendo,
2347 5871 2600 5928 acerbam
2643 5871 2785 5931 hanc
2844 5874 3012 5930 vitam
3067 5875 3275 5946 tragice
3307 5875 3446 5932 satis
3474 5873 3666 5944 deplo-
