4106 6426
566 422 667 478 327
1779 401 1837 452 S.
1880 395 2213 453 GREGURII
2247 395 2288 448 Ν
2300 393 2542 450 YSSENI
3395 462 3403 469 .
3724 395 3825 456 διδ

555 537 751 597 raret?
786 536 892 589 Ant
934 524 1207 601 quomodo
1231 522 1349 578 haec
1380 517 1695 575 communia
1743 518 1867 573 vitae
1928 518 2137 572 incom-

2259 531 2421 587 ιερον.
2473 512 2764 586 Προσέστω
2814 513 3024 579 τούτοις
3075 514 3202 580 δόξα
3260 516 3356 570 καὶ
3407 515 3691 571 δυναστεία
3741 524 3827 575 καὶ

554 631 715 689 moda
768 629 839 683 ob
875 624 1065 680 oculos
1116 624 1363 690 poneret,
1398 629 1524 670 eum
1575 628 1644 668 ex
1687 626 1791 667 usu
1854 611 1991 666 satis
2024 610 2140 664 haec

2259 604 2591 677 περιφάνεια,
2630 605 2723 659 καὶ
2755 606 2863 658 πᾶν
2892 606 2921 658 ὃ
2965 622 3018 658 τι
3055 604 3255 676 βούλει.
3288 606 3432 659 Ἀλλ’
3461 607 3564 679 ὅρα
3610 609 3704 663 καὶ
3737 610 3828 683 τὴν

558 724 673 792 ipsa
716 736 909 777 omnes
964 711 1315 783 intelligant?
1372 708 1450 763 Ac
1504 707 1690 762 nescio
1723 704 1997 775 quomodo
2027 705 2145 774 ,ηιμ

2259 700 2360 761 τοῖς
2396 696 2870 769 άπηριθμημένοις
2919 701 3175 769 χρηστοῖς
3231 699 3541 769 ἀναγκαίως
3591 718 3827 774 cupa-rap-

557 789 679 867 tura
734 809 934 871 effecit,
986 817 1044 862 ut
1122 803 1238 857 hzec
1314 799 1431 869 ipsa
1490 799 1671 867 ignota
1724 796 1836 849 sint
1893 795 2003 859 iis,
2051 792 2143 862 qui

2259 789 2420 843 οῦσαν
2452 790 2548 842 καὶ
2576 790 2998 860 ὑποσμύχουσαν
3022 789 3201 862 λύπην
3232 830 3247 845 .

558 915 620 961 ea
677 900 1036 973 perspiciunt,
1091 910 1218 949 cum
1253 890 1526 952 homines,
1573 888 1629 942 in
1691 887 1894 957 quibus
1945 885 2025 939 hae
2058 899 2148 939 res
2187 882 2399 949 insunt,
2443 883 2591 937 ultro
2645 883 2917 953 ignorent.
3002 880 3109 937 Sed
3150 883 3371 939 lubetne
3467 891 3526 937 ut
3576 900 3607 938 a
3678 886 3833 941 rebus

566 995 986 1069 iucundissimis
1050 985 1453 1047 exordiamur?
1498 982 1668 1056 Igitur
1737 997 1922 1037 rerum
1974 980 2219 1037 omnium
2261 994 2399 1050 quas
2449 979 2503 1033 in
2564 978 2771 1049 nuptiis
2829 977 3077 1033 homines
3122 985 3432 1049 expetunt,
3491 986 3655 1049 caput
3709 979 3832 1036 illud

559 1097 666 1156 est,
745 1097 805 1141 ut
855 1085 1165 1141 convictum
1199 1121 1215 1147 ,
1262 1081 1499 1149 vitaeque
1586 1076 1905 1133 societatem
1967 1074 2422 1145 iucundissimam
2483 1080 2866 1143 assequantur.
2923 1073 3105 1142 Atque
3200 1072 3315 1128 [nec
3390 1071 3609 1144 quidem
3653 1073 3726 1128 ita
3780 1089 3834 1137 se

560 1178 845 1241 habeant,
935 1173 1247 1244 nuptiacque
1319 1169 1466 1224 omni
1515 1183 1583 1224 ex
1654 1174 1810 1237 parte
1886 1180 2050 1235 quam
2095 1164 2428 1219 beatissima:
2480 1163 2905 1220 describantur:
2957 1164 3175 1235 generis
3244 1163 3552 1230 nobilitas,
3630 1162 3833 1219 divitia-

563 1292 681 1330 rum
717 1274 872 1337 satis,
926 1281 1049 1341 apta
1085 1268 1375 1338 utriusque
1412 1274 1566 1333 aetas,
1598 1261 2040 1338 pulchritudinis
2090 1258 2212 1325 llos,
2254 1260 2496 1317 cbaritas
2534 1275 2768 1325 summa,
2830 1268 2885 1316 et
2919 1263 3134 1347 quanta
3192 1260 3431 1315 maxima
3486 1258 3714 1332 cogitari
3747 1271 3834 1329 po.

560 1374 669 1422 test
721 1365 1007 1433 utriusque
1078 1376 1215 1432 erga
1257 1360 1488 1414 alterum
1525 1376 1538 1413 :
1572 1356 1755 1412 dulcis
1800 1355 1893 1409 illa
1965 1353 2266 1422 contentio,
2313 1368 2440 1408 cum
2510 1355 2650 1409 alter
2709 1355 2939 1411 alterum
3008 1354 3062 1409 in
3115 1367 3302 1410 amore
3382 1353 3564 1409 studet
3608 1354 3830 1409 vincere.

562 1454 839 1511 Accedant
891 1453 959 1509 ad
1018 1453 1134 1508 haec
1190 1452 1385 1522 gloria,
1432 1464 1585 1521 Opes,
1639 1447 1934 1519 potentia,
1992 1444 2269 1515 splendor,
2313 1453 2369 1501 et
2431 1461 2595 1502 omne
2632 1447 2903 1517 denique,
2988 1445 3137 1516 quod
3201 1445 3329 1501 addi
3369 1445 3538 1501 lubet.
3595 1443 3833 1500 Attamen

568 1556 627 1603 tu
674 1547 834 1602 velim
894 1544 1083 1601 videas
1122 1543 1499 1615 aegritudinem
1531 1542 1871 1613 quamdam,
1907 1554 2029 1611 qua:
2056 1539 2264 1594 sensim
2339 1539 2620 1598 hominem
2668 1540 2911 1605 conficit,
2967 1554 3194 1610 unaque
3249 1538 3569 1595 necessario
3635 1539 3703 1594 iis
3765 1553 3833 1594 re-

565 1642 670 1698 bus
725 1642 891 1708 inest,
951 1655 1072 1711 quae
1115 1639 1171 1694 in
1228 1638 1390 1693 bonis
1440 1647 1741 1692 numeratae
1785 1642 1939 1691 sunt.

638 1733 911 1788 Praetereo
968 1731 1269 1795 invidiam,
1339 1745 1461 1801 qua:
1497 1729 1762 1785 concitari
1818 1729 1875 1783 in
1930 1741 2026 1783 eos
2070 1740 2159 1782 so-

570 1826 674 1888 let,
731 1826 820 1893 qui
880 1822 1065 1893 gloniae
1112 1820 1347 1875 assecuti
1381 1827 1510 1874 sunt
1565 1817 1931 1889 splendorem,
1980 1829 2159 1886 neque

2335 1724 2410 1777 Οὐ
2433 1723 2575 1794 λέγω
2597 1722 2689 1777 τὸν
2712 1725 2821 1787 τοῖς
2846 1721 3219 1794 εὐδοκιμοῦσιν
3246 1724 3608 1795 ἐπιφυόμενον
3637 1724 3833 1794 φθόνον,

2264 1817 2360 1870 καὶ
2386 1816 2468 1881 τὸ,
2498 1815 2787 1887 πρόχειρον
2820 1810 2957 1868 εἶναι
2985 1813 3120 1885 πρὸς
3150 1812 3444 1885 ἐπιϐουλὴν
3490 1814 3600 1868 τῶν
3640 1814 3836 1886 ἀνθρώ-

568 1929 958 1980 commemoro,
1006 1927 1171 1983 quam
1234 1909 1396 1966 facile
1447 1911 1732 1965 hominum
1764 1909 1983 1965 insidiis
2020 1907 2156 1963 illud

2264 1925 2381 1962 πων
2428 1906 2491 1961 τδ
2534 1905 2723 1960 δοκοῦν
2770 1905 3059 1978 εὐημερεῖν
3113 1907 3170 1960 ἐν
3214 1904 3291 1977 τῷ
3327 1904 3445 1976 βίῳ,
3493 1906 3590 1960 καὶ
3631 1907 3709 1961 ὅτι
3739 1908 3835 1971 πᾶς

568 2008 877 2078 expositum
927 2006 1018 2072 sit,
1056 2019 1178 2061 cum
1232 2004 1356 2073 quis
1412 2003 1467 2058 in
1523 2004 1630 2057 vita
1690 2004 1857 2059 rebus
1894 2001 2157 2059 secundis

571 2098 645 2151 uti
688 2097 922 2161 videtur,
983 2109 1216 2165 quamve
1265 2102 1492 2165 paratus
1548 2094 1621 2149 sit
1650 2094 1866 2157 omnis,
1908 2093 1997 2149 cui
2058 2093 2158 2147 bo-

569 2204 766 2244 norum
817 2189 1052 2258 aequatio
1089 2203 1199 2242 non
1248 2187 1538 2257 contingit,
1591 2186 1844 2242 naturale
1880 2183 2155 2256 quoddam

568 2281 757 2337 odium
824 2279 1024 2334 habere
1078 2279 1133 2333 in
1186 2294 1348 2344 eum,
1392 2279 1487 2349 qui
1544 2280 1669 2350 plus
1732 2278 1961 2349 adeptus
2029 2285 2155 2334 est:

571 2383 736 2442 atque
787 2380 1080 2443 propterea
1129 2370 1238 2437 iis,
1285 2372 1379 2441 qui
1420 2370 1623 2440 Optima
1677 2370 1845 2424 animi
1887 2370 2160 2425 constitu-

571 2463 722 2517 tione
776 2476 897 2516 esse
937 2460 1194 2516 videntur
1220 2499 1236 2524 ,
1289 2468 1514 2530 propter
1546 2460 1916 2530 suspicionem
1954 2475 2159 2530 quam-

570 2555 695 2609 dam
749 2553 1122 2607 molestiarum
1161 2552 1285 2623 plus
1328 2553 1437 2607 vita
1498 2552 1648 2616 haec,
1692 2567 1854 2622 quam
1908 2554 2159 2622 volupta-

571 2650 685 2698 tum
749 2643 923 2699 all'ert.
970 2642 1136 2699 Missa
1186 2643 1303 2699 haec
1353 2643 1496 2699 facio
1527 2683 1542 2707 ,
1591 2644 1752 2714 quasi
1803 2651 1996 2697 contra
2061 2658 2159 2699 eos

570 2736 750 2791 omnis
815 2735 1136 2806 languescat
1191 2735 1416 2791 invidia.
1486 2739 1556 2789 At
1624 2750 1732 2789 non
1793 2733 1951 2791 facile
2009 2736 2159 2791 inve-

572 2825 693 2880 nire
738 2830 1049 2896 quempiam
1088 2827 1235 2894 licet,
1267 2827 1322 2881 in
1374 2841 1485 2897 quo
1528 2827 1644 2881 hmc
1673 2827 1783 2881 duo
1824 2828 1988 2882 simul
2029 2842 2158 2882 con-

572 2916 861 2980 venerint,
898 2924 959 2970 ut
1013 2919 1433 2973 secundioribus
1462 2959 1476 2985 ,
1505 2932 1668 2987 quam
1720 2918 1878 2972 multi
1915 2958 1929 2984 ,
1990 2919 2157 2973 rebus

574 3014 779 3067 utatur.
810 3016 865 3062 et
914 3007 1179 3062 invidiam
1212 3009 1451 3065 declinet
1528 3007 1635 3063 Sed
1671 3017 1854 3064 tamen
1890 3009 2157 3065 faciamus

572 3112 695 3152 esse
745 3105 801 3150 ut
852 3097 921 3152 ab
960 3099 1045 3154 bis
1083 3101 1365 3165 omnibus,
1428 3100 1473 3155 si
1533 3098 1784 3164 videtur,
1824 3114 1994 3154 vacua
2045 3099 2154 3164 sit,

572 3198 627 3243 ct
681 3187 850 3242 libera
885 3189 1168 3245 hominum
1239 3192 1391 3256 vita;
1445 3191 1839 3259 videamusque
1921 3206 1988 3245 an
2038 3191 2155 3247 ﬁeri

2258 2000 2288 2053 6
2330 1999 2405 2072 μὴ
2451 1997 2743 2071 ίσομοιρῶν
2796 1999 2853 2051 ἐν
2891 1997 2970 2068 τῷ
3018 1996 3307 2068 κρείττονι,
3349 1997 3579 2065 φυσικόν
3619 2014 3669 2051 τι
3713 1997 3835 2069 πρὸς

2259 2092 2351 2145 τὸν
2380 2091 2719 2163 ὑπερέχοντα
2758 2089 2819 2143 τὸ
2847 2091 3003 2161 μῖσος
3036 2088 3180 2159 ἔχει’
3208 2088 3301 2142 καὶ
3328 2088 3415 2144 διὰ
3452 2088 3612 2142 τοῦτο
3641 2089 3705 2143 δι’
3745 2090 3833 2143 ὐπ-

2258 2184 2417 2254 οψίας
2444 2186 2558 2247 τοῖς
2582 2181 2830 2236 δοκοῦσιν
2862 2181 3116 2253 εὐθυμεῖν
3143 2184 3171 2236 6
3201 2181 3314 2253 βίος
3338 2183 3504 2251 ἐστὶν,
3540 2182 3704 2236 πλείω
3739 2182 3834 2235 τῶν

2259 2276 2431 2348 ἡδέων
2474 2275 2543 2329 τὰ
2581 2274 2800 2347 λυπηρά
2846 2274 3234 2346 παρεχόμενος.
3266 2274 3513 2346 Παρίημι
3558 2273 3743 2341 ταῦτα,
3769 2273 3833 2337 ὡς

2258 2367 2355 2421 καὶ
2398 2365 2491 2419 τοῦ
2532 2366 2727 2437 φθόνου
2778 2368 2900 2419 κατῖ
2942 2365 3166 2420 ἐκείνων
3207 2365 3529 2438 ἀργοῦντος.
3564 2366 3747 2419 Καίτοι
3779 2382 3833 2434 γε

2258 2460 2319 2512 οὐ
2383 2459 2563 2531 ῥᾴδιόν
2611 2459 2758 2511 ἐστιν
2818 2460 2998 2531 εὑρεῖν
3047 2459 3153 2531 ὅτῳ
3216 2459 3285 2512 τά
3338 2458 3429 2512 δύο
3473 2461 3620 2513 κατά
3661 2456 3833 2512 ταύτὸν

2261 2548 2584 2621 συνηνέχθη,
2616 2550 2711 2602 καὶ
2748 2549 2889 2620 ὑπὲρ
2931 2552 3059 2613 τοὺς
3100 2549 3328 2613 πολλοὺς
3368 2549 3725 2621 εὐδαιμονεῖν,
3753 2549 3834 2602 καὶ

2256 2639 2572 2710 διαφεύγειν
2600 2640 2690 2694 τὸν
2721 2639 2929 2710 φθόνον,
2964 2640 3108 2712 Πλὴν
3141 2640 3275 2694 ἀλλὰ
3300 2641 3519 2693 πάντων
3547 2640 3654 2693 τῶν
3679 2638 3833 2694 τοιούο

2256 2749 2367 2789 των
2389 2732 2677 2804 ἐλευθέραν
2704 2732 2884 2785 αὐτῶν
2904 2733 3002 2805 τὴν
3030 2731 3194 2804 ζωὴν,
3222 2733 3271 2785 εί
3300 2733 3465 2798 δοκεῖ,
3499 2730 3829 2803 ὐποθὼμεθα.

2255 2828 2369 2882 Καὶ
2402 2827 2599 2897 ἴδωμεν
2636 2827 2684 2879 εί
2729 2825 2951 2880 δυνατόν
2991 2827 3137 2879 ἐστιν
3184 2825 3437 2897 εὐθυμεῖν
3477 2826 3605 2890 τοὺς
3641 2827 3695 2879 ἐν
3731 2842 3829 2878 τοι·

2257 2920 2396 2991 αύτῃ
2427 2918 2708 2987 διάγοντας
2739 2918 3027 2990 εὐημερίᾳ.
3080 2917 3146 2971 Τί
3195 2913 3287 2971 οῦν
3329 2917 3481 2970 ἐσται
3520 2918 3581 2971 τὸ
3625 2914 3827 2981 λυποῦν,

2259 3012 2426 3081 ἐρεῖς,
2481 3011 2529 3063 εί
2580 3008 2715 3080 μηδέ
2758 3009 2786 3062 6
2830 3009 3021 3078 φθόνος
3059 3007 3170 3062 τῶν
3212 3009 3671 3081 εὐδαιμονούντων
3714 3009 3829 3064 καθ-

2260 3101 2495 3170 άψεταη
2528 3099 2698 3153 Τοῦτο
2731 3099 2861 3152 αὐτό
2895 3116 3038 3170 φημι
3082 3098 3145 3152 τὸ
3187 3098 3275 3153 διά
3305 3099 3524 3154 πάντων
3557 3101 3729 3163 αὐτοῖς
3752 3099 3830 3152 τὸν

2262 3193 2374 3266 βίον
2406 3191 2955 3263 καταγλυκαίνεσθαι,
2987 3184 3145 3245 τοῦτό
3177 3193 3293 3245 ἐστι
3321 3192 3382 3245 τὸ
3416 3192 3518 3265 τῆς
3546 3192 3714 3263 λύπης
3738 3191 3829 3244 67:-

572 3283 766 3352 possit,
821 3288 882 3335 ut
916 3280 1009 3351 qui
1045 3280 1149 3335 hoc
1197 3281 1440 3336 secundo
1470 3296 1655 3336 rerum
1704 3296 1871 3337 cursu
1904 3291 2154 3349 utuntur,

2262 3287 2539 3357 έκκαυμα.
2572 3285 2717 3349 Ἕως
2758 3284 2864 3356 γὰρ
2890 3283 3166 3355 ἄνθρωποι
3213 3278 3341 3350 ὦσι,
3374 3285 3435 3338 τὸ
3476 3285 3665 3357 θνητὸν
3690 3282 3829 3337 τοῦτο

570 3375 870 3446 tranquillo
907 3380 1170 3443 rectoque
1224 3372 1391 3426 animi
1434 3380 1583 3427 statu
1634 3371 1766 3427 sint.
1804 3372 1945 3439 Quid
1992 3373 2160 3443 igitur

572 3469 699 3533 erit,
737 3467 971 3539 inquies,
1003 3465 1146 3537 quod
1187 3465 1496 3520 molestiam
1544 3464 1755 3529 afferat,
1798 3467 1909 3523 nisi
1960 3466 2163 3522 ﬂoren-

572 3561 820 3617 tissimos
886 3560 1139 3614 homines
1202 3558 1447 3628 attigerit
1525 3557 1773 3613 invidia?
1821 3557 1937 3614 lloc
1981 3560 2161 3631 ipsum

573 3653 826 3718 dixerim,
858 3667 983 3708 cum
1017 3652 1239 3707 illorum
1271 3652 1389 3706 vita
1420 3652 1677 3709 omnibus
1703 3653 2034 3708 circumfluit
2063 3654 2162 3709 bo-

574 3747 684 3807 nis,
716 3744 865 3815 quod
887 3753 971 3799 est
991 3743 1198 3798 doloris
1222 3743 1664 3798 incitamentum.
1690 3744 1825 3798 Nam
1875 3760 2038 3814 quam
2067 3745 2163 3800 diu

578 3835 743 3889 homo
772 3849 861 3889 res
887 3834 1136 3887 mortalis
1167 3843 1274 3896 est,
1302 3842 1357 3888 et
1380 3833 1595 3893 caduca
1624 3852 1639 3903 ;
1672 3837 2036 3905 sepulcraque
2064 3850 2161 3890 eo-

574 3941 723 3990 rum,
749 3941 777 3979 a
808 3926 1006 3996 quibus
1032 3932 1187 3980 ortus
1208 3931 1293 3979 est
1322 3926 1598 3994 intuetur;
1635 3929 1679 3983 si
1705 3928 1984 3996 paululum
2001 3930 2161 3985 modo

576 4019 808 4075 rationis
836 4025 919 4073 est
943 4017 1233 4088 particeps,
1258 4016 1313 4070 in
1343 4016 1534 4073 dolore
1586 4025 1701 4083 est,
1755 4020 1851 4089 qui
1885 4035 2011 4075 cum
2056 4020 2162 4075 hac

575 4113 687 4167 vita
718 4110 1045 4177 conjunctus
1068 4109 1311 4180 separari
1342 4119 1397 4164 et
1445 4110 1603 4164 avelli
1633 4125 1739 4165 non
1769 4118 1967 4181 potest.
2022 4109 2158 4165 Nam

576 4204 821 4268 assidua,
880 4202 1309 4271 quotidianaque
1375 4201 1568 4257 mortis
1609 4203 1947 4272 exspectatio
1992 4201 2161 4257 nullis

508 4332 511 4339 -
576 4296 765 4362 certis,
794 4310 972 4365 neque
1023 4293 1262 4349 definitis
1293 4293 1468 4365 signis
1514 4294 1757 4365 cognita,
1796 4293 1893 4349 sed
1932 4302 2157 4366 propter

578 4391 817 4443 incertos
851 4401 1015 4442 casus
1040 4400 1276 4457 semper,
1307 4385 1474 4440 veluti
1526 4400 1794 4455 praasens,
1829 4388 2160 4456 perterrefa-

577 4480 751 4540 ciens,
774 4477 916 4531 hanc
941 4477 1067 4530 vita
1091 4476 1490 4545 iucunditatem
1519 4486 1784 4549 perpetuo
1840 4481 2046 4543 turbat,
2078 4487 2160 4533 at-

2264 3378 2360 3430 καὶ¹
2387 3375 2649 3447 ἐπίκηρον
2678 3377 2932 3447 πρᾶγμα,
2969 3376 3063 3428 καὶ
3102 3376 3228 3439 τοὺς
3269 3376 3474 3445 τάφους
3510 3376 3615 3430 τῶν
3653 3378 3742 3447 ἀφ’
3766 3367 3829 3429 ὧν

2264 3467 2518 3537 γεγόνασι
2565 3466 2857 3537 βλέπωσιν,
2901 3466 3201 3539 ἀχώριστον
3245 3466 3427 3537 έχουσι
3470 3468 3566 3523 καὶ
3601 3466 3830 3531 συνεζευέ

2263 3563 2473 3633 γμένην
2504 3564 2572 3633 τῇ
2604 3564 2715 3633 ζωῇ
2754 3561 2854 3632 τὴν
2885 3559 3081 3632 λύπην,
3127 3564 3175 3615 εί
3214 3563 3308 3616 καὶ
3354 3564 3551 3636 μικρὸν
3580 3563 3829 3637 μετέχοιεν

2262 3652 2358 3704 τοῦ
2387 3651 2720 3718 λογίζεσθαι.
2760 3651 2825 3704 Ἡ
2851 3650 2960 3723 γὰρ
2994 3651 3243 3724 διηνεκὴς
3272 3651 3366 3706 τοῦ
3406 3653 3636 3709 θανάτου
3681 3669 3830 3724 προσ·

2261 3740 2436 3807 δοκία,
2471 3742 2572 3794 οὐκ
2604 3743 2697 3794 ἐπὶ
2726 3744 2906 3813 putei;
2931 3759 3042 3813 τισι
3075 3744 3325 3814 σημείοις
3352 3745 3827 3815 ἐπιγινωσκομένη,

2264 3835 2399 3889 ἀλλά
2438 3835 2527 3889 διὰ
2579 3835 2679 3906 τὴν
2730 3835 2953 3907 ἀδηλίαν
2996 3835 3089 3889 τοῦ
3151 3837 3456 3907 μέλλοντος,
3506 3840 3726 3893 πάντοτε
3765 3836 3831 3898 ὡς

2263 3926 2587 3997 ἐνεστηκυῖα
2616 3926 2886 3996 φοϐοῦσα,
2917 3926 3018 3998 τὴν
3055 3927 3143 3981 ἀεὶ
3191 3928 3470 3999 παροῦσαν
3517 3928 3830 4001 εὐφροσύνην

2264 4019 2473 4087 συγχεῖ,
2501 4017 2577 4089 τῷ
2607 4019 2756 4090 φόϐῳ
2787 4019 2894 4073 τῶν
2919 4018 3286 4092 ἐλπιζομένων
3313 4020 3412 4086 τὰς
3440 4022 3701 4093 εὐθυμίας
3728 4023 3831 4074 ἐπι-

2260 4107 2629 4179 ταράσσουσα.
2665 4110 2728 4163 Εί
2753 4110 2861 4179 γὰρ
2897 4105 2965 4181 ἦν
3005 4109 3229 4164 δυνατὸν
3262 4110 3368 4183 πρὸ
3404 4115 3507 4183 τῆς
3557 4112 3741 4183 πείρας
3772 4107 3832 4161 τὰ

2262 4198 2372 4252 τῶν
2396 4200 2815 4271 πεπειραμένων
2846 4199 3058 4272 μαθεῖν,
3083 4203 3131 4253 εί
3156 4202 3264 4275 γὰρ
3296 4202 3424 4273 ἐξῆν
3457 4202 3528 4256 δι’
3574 4202 3732 4273 ἀλλης
3773 4217 3832 4253 τι·

2262 4291 2351 4355 νὸς
2394 4293 2639 4357 ἐπινοίας
2688 4293 2838 4356 ἐντὸς
2877 4292 2972 4345 τοῦ
3006 4292 3120 4364 βίου
3163 4294 3473 4365 γενόμενον,
3522 4293 3831 4349 ἐποπτεῦσαι

2262 4381 2331 4435 τὰ
2365 4383 2687 4454 πράγματα·
2719 4384 2884 4448 πόσος
2908 4383 2974 4438 ἂν
3001 4380 3068 4454 ἦν
3090 4386 3118 4437 6
3143 4383 3341 4457 δρόμος
3360 4384 3469 4439 τῶν
3494 4381 3831 4456 αὐτομολούν-

2260 4488 2371 4525 των
2404 4474 2540 4545 πρὸς
2576 4475 2677 4544 τὴν
2706 4474 3002 4545 παρθενίαν
3034 4476 3161 4530 dat?
3181 4476 3275 4529 τοῦ
3299 4476 3477 4549 γάμου
3504 4480 3533 4549 ί,
3566 4478 3702 4546 πόση
3737 4492 3829 4543 φυ-
3933 4482 3942 4490 ‘

577 4586 686 4642 que
719 4585 925 4635 rerum,
974 4583 1098 4638 quae
1151 4576 1463 4639 sperantur,
1493 4577 1641 4624 metu
1696 4570 1913 4627 laetitias
1965 4586 2157 4627 omnes

2262 4563 2403 4635 λακὴ
2437 4566 2531 4618 καὶ
2576 4566 2885 4637 προμήθεια
2926 4565 3018 4621 τοῦ
3084 4567 3292 4638 μήποτε
3337 4570 3599 4639 ἀφύκτοις
3645 4568 3830 4636 πάγαις

579 4661 859 4734 pervertit.
915 4659 974 4715 Si
1008 4660 1154 4715 enim
1186 4658 1304 4714 ﬁeri
1336 4668 1543 4730 posset,
1598 4668 1659 4715 ut
1690 4673 1815 4719 ante
1853 4664 2154 4734 perieulum

574 4768 783 4817 rerum,
814 4767 951 4823 quas
979 4758 1167 4821 postea
1197 4750 1322 4821 quis
1348 4760 1430 4806 est
1451 4758 1735 4821 expertus,
1758 4751 1997 4809 disceret
2022 4772 2037 4821 ;
2064 4761 2157 4808 aut

575 4846 753 4916 aliqua
783 4844 890 4898 alia
911 4843 1228 4911 conjectura
1265 4841 1332 4906 is,
1370 4841 1466 4911 qui
1511 4842 1571 4895 in
1602 4841 1705 4896 hac
1729 4843 1840 4897 vita
1873 4851 2153 4908 versatur,

575 4953 665 4993 res
697 4935 1010 5008 perspicere
1039 4941 1252 5004 posset,
1285 4939 1526 5001 quantus
1561 4931 1811 5002 profecto
1860 4934 2012 4988 fieret
2034 4933 2158 4989 illo-

572 5045 696 5085 rum
732 5040 1058 5090 concursus,
1092 5024 1184 5096 qui
1224 5025 1291 5079 ad
1319 5024 1693 5093 virginitatem
1728 5039 1758 5077 a
1782 5023 1992 5094 nuptiis
2025 5037 2158 5078 con-

574 5122 826 5193 fugerent
860 5121 1117 5188 ?Quanta
1145 5125 1327 5181 cautio
1350 5126 1700 5196 provisioquo
1735 5124 1900 5179 animi
1927 5123 2155 5178 adhibe-

574 5220 750 5276 retur,
784 5220 843 5267 ut
881 5215 1360 5284 inesplieabilibus
1401 5216 1469 5273 iis
1518 5217 1734 5286 laqueis
1770 5230 2053 5285 nunquam
2098 5229 2159 5269 se

576 5304 906 5372 irrctissent,
937 5322 1171 5376 quorum
1199 5306 1444 5363 diﬂiciles
1470 5307 1647 5362 nodos
1672 5322 1781 5361 non
1813 5313 1991 5375 potest
2017 5306 2158 5359 alius

577 5409 834 5452 accurate
853 5413 1208 5468 cognoscere,
1234 5400 1340 5456 nisi
1373 5400 1466 5471 qui
1488 5398 1699 5454 retibus
1735 5398 1870 5467 ipsis
1902 5398 2158 5467 illaquea-

577 5493 670 5538 Ius
696 5491 946 5541 tenetur?
974 5489 1240 5545 Cerneres
1274 5491 1441 5557 enim,
1473 5489 1521 5544 si
1554 5489 1655 5543 hoc
1686 5496 1867 5542 tamen
1904 5488 2023 5543 sine
2060 5503 2157 5556 pe-

578 5574 949 5641 culoliceret,
975 5581 1205 5634 multam
1254 5595 1438 5635 rerum
1504 5581 1648 5635 inter
1700 5594 1760 5635 se
1808 5577 2157 5634 dissimilium

579 5660 1071 5731 perturbationem,
1111 5668 1284 5722 risum
1318 5670 1471 5724 luctu
1506 5671 1826 5733 admistnm,
1859 5683 2154 5724 maerorem

577 5762 703 5801 cum
729 5750 913 5808 laetitia
936 5758 1251 5821 confusum,
1280 5774 1606 5832 semperque
1635 5762 1724 5828 iis,
1744 5763 1835 5831 qui
1859 5760 1974 5816 nati
2008 5766 2156 5827 sunt,

577 5846 807 5906 Ρνοριει·
827 5858 971 5915 spes,
1009 5861 1154 5919 quas
1181 5849 1283 5907 sibi
1312 5861 1646 5923 proponunt,
1680 5860 1911 5909 mortem
1942 5854 2157 5925 impen-

2263 4656 2687 4729 ἐγκρατηθῆναι,
2713 4652 2787 4711 ὧν
2814 4659 2913 4730 τὴν
2936 4660 3221 4714 δυσκολίαν
3253 4660 3352 4713 οὐκ
3390 4661 3538 4717 ἔστιν
3568 4662 3735 4724 ἄλλως
3768 4658 3829 4711 δι’

2258 4746 2542 4819 ἀκριϐείας
2575 4748 2786 4819 μαθεῖν,
2826 4751 2899 4821 μὴ
2937 4751 3087 4815 ἐντὸς
3121 4751 3229 4806 τῶν
3272 4752 3493 4823 ἀρκύων
3515 4751 3823 4823 γενόμενονι

2257 4836 2412 4904 Εἶδες
2435 4839 2542 4912 γάρ
2592 4841 2680 4906 ἂν,
2709 4842 2867 4913 εἴπερ
2921 4841 3048 4896 ἰδεῖν
3095 4843 3393 4910 ἀκινδύνως
3440 4845 3591 4916 ἐξῆν,
3644 4842 3826 4913 πολλὴν

2255 4932 2366 4986 τῶν
2405 4932 2663 4987 ἐναντίων
2690 4934 2789 5006 τὴν
2819 4935 3098 5005 σύγχυσιν,
3144 4937 3354 5005 γέλωτα
3389 4936 3644 5010 δακρύοις
3668 4938 3827 5008 ἐμπε-

2258 5022 2555 5093 φυρμένον,
2592 5024 2687 5077 καὶ
2732 5024 2910 5097 λύπην
2956 5029 3317 5100 εὐφροσύναις
3357 5030 3823 5103 συμμεμιγμένην,

2257 5114 2535 5187 πανταχοῦ
2562 5119 2680 5180 τοῖς
2709 5120 3014 5189 γινομένοις
3044 5124 3399 5195 συμπαρόντα
3431 5125 3519 5178 διὰ
3557 5124 3665 5177 τῶν
3692 5120 3826 5175 ἐλπί-

2256 5207 2367 5261 δων
2388 5208 2481 5261 τὸν
2510 5207 2756 5275 θάνατον,
2791 5211 2885 5264 καὶ
2933 5212 3162 5265 ἑκάστου
3209 5213 3317 5267 τῶν
3362 5215 3482 5269 καθ’
3510 5214 3698 5285 ἡδονὴν
3739 5211 3825 5278 ἐφ’

2258 5299 2580 5370 ἀπτόμενον.
2626 5301 2796 5355 Ὅταν
2857 5303 2942 5375 ἴδῃ
2998 5305 3028 5357 6
3080 5306 3312 5377 νυμφίος
3363 5308 3422 5361 τὸ
3484 5305 3825 5376 ἀγαπώμενον

2259 5392 2569 5463 πρόσωπον,
2604 5393 2767 5457 εὐθὺς
2794 5394 3010 5458 πάντως
3038 5398 3132 5449 καὶ
3170 5397 3200 5449 6
3243 5399 3405 5468 φόϐος
3438 5400 3529 5452 τοῦ
3563 5392 3823 5469 χωρισμοῦ

2261 5485 2661 5556 συνεισέρχεται
2683 5502 2697 5514 ·
2746 5487 2851 5539 κᾶν
2883 5487 3091 5561 ἀκούσῃ
3119 5491 3219 5560 τῆς
3260 5492 3480 5562 ἡδίστης
3511 5492 3705 5562 φωνῆς,
3740 5487 3823 5541 καὶ

2255 5574 2317 5627 τὸ
2349 5575 2422 5645 μὴ
2452 5574 2782 5628 ἀκούσεσθαί
2828 5594 2958 5630 ποτε
2990 5581 3260 5648 ἐννοήσει’
3289 5584 3381 5635 καὶ
3406 5583 3529 5635 ὅταν
3566 5577 3820 5652 εὐφρανθῇ

2256 5668 2324 5738 τῇ
2365 5666 2567 5738 θεωρίᾳ
2608 5667 2702 5720 τοῦ
2748 5668 2998 5736 κάλλους,
3041 5672 3163 5724 τότε
3202 5675 3435 5742 μάλιστα
3483 5674 3691 5744 φρίττει
3734 5668 3822 5738 τὴν

2259 5756 2725 5842 προσδοκίανροῦ
2770 5759 3030 5824 πένθους·
3075 5761 3168 5816 ἐὰν
3203 5763 3271 5817 τά
3313 5765 3468 5837 τίμια
3508 5767 3573 5834 τῇ
3605 5762 3820 5830 νεότητι,

2259 5850 2354 5905 καὶ
2387 5850 2486 5905 ὅσα
2519 5849 2668 5922 παρά
2696 5851 2803 5908 τῶν
2834 5852 3075 5922 ἀνοήτων
3109 5856 3467 5923 σπουδάζεται
3499 5853 3815 5927 κατανοήσῃ·
