4106 6452
322 415 431 481 εἰ,
1506 418 1513 423 ι
1690 413 1776 469 oe
1808 414 2276 476 VlRGlNlTATE.
2951 480 2957 488 .
3488 378 3655 477 ’ὥθ’
3712 494 3713 497 χ

329 521 437 582 οἷον
464 525 752 601 ὀφθαλμὸν
800 530 911 594 τοῖς
949 528 1234 601 βλεφάροις
1277 529 1596 602 λάμποντα,
1636 531 1731 586 καὶ
1766 533 1939 604 ὀφρὺν

2041 535 2191 599 dere,
2243 549 2308 591 ac
2341 535 2555 608 singula
2630 552 2751 608 quae
2808 538 2863 591 in
2915 536 3196 608 voluptate
3226 514 3231 517 I
3264 508 3440 607 posita
3494 545 3627 609 sunt

331 619 780 692 περικεχυμένην
817 621 899 691 τῷ
938 621 1162 694 ὄμματι,
1199 622 1294 676 καὶ
1342 622 1574 694 παρειὰν
1614 624 1671 677 ἐν
1700 626 1818 696 ἡδεῖ
1839 626 1936 681 καὶ

2049 627 2341 699 attingere.
2378 626 2625 697 Sponsus
2661 626 2944 682 honestam
2980 625 3193 694 faciem,
3248 634 3302 681 et
3332 625 3624 680 amabilem

330 708 598 794 γλαφυρῷ
651 710 999 782 μειδιάματι,
1053 711 1147 766 καὶ
1199 712 1374 783 χεῖλος
1427 710 1824 786 ἐπηνθισμένον
1856 717 1935 789 τῷ

332 800 552 872 φυσικῷ
584 802 916 873 ἐρυθήματι,
949 802 1127 874 κόμην
1151 819 1212 856 τε
1236 806 1548 877 χρυσομιγῆ
1582 808 1677 861 καὶ
1712 806 1933 877 βαθεῖαν

330 893 412 965 τῷ
436 892 670 964 ποικίλῳ
690 894 791 964 τῆς
820 894 1098 965 ἐμπλοκῆς
1120 896 1186 966 τῇ
1218 895 1427 966 κεφαλῇ
1456 886 1929 969 περιστίλϐουσαν,

332 985 431 1041 καὶ
473 986 657 1039 πᾶσαν
701 985 803 1057 τὴν
856 986 1190 1059 πρόσκαιρον
1238 987 1467 1058 ἀγλαΐαν
1525 991 1761 1062 ἐκείνην,
1808 992 1932 1047 τότε

331 1076 578 1142 πάντως,
613 1077 720 1132 κᾶν
779 1077 973 1149 μικρὸν
1019 1078 1168 1150 αὐτῷ
1197 1082 1391 1155 ,προσῇ
1447 1081 1541 1135 τοῦ
1597 1083 1928 1151 λογίζεσθαι,

331 1168 559 1222 κάκεῖνο
597 1170 663 1239 τῇ
691 1158 1055 1249 ψυχῇ-ἐννοεῖ,
1079 1171 1161 1223 ὅτι
1189 1168 1347 1224 τοῦτο
1390 1171 1451 1225 τὸ
1491 1172 1687 1237 κάλλος
1718 1176 1931 1247 οἰχήσε-

1994 752 2001 755 -
2041 732 2166 772 cum
2199 718 2396 786 cernit,
2425 710 2686 774 continuo
2717 710 2841 791 eum
2897 708 3359 801 m'etus‘dinvadit,
3410 734 3479 773 ne
3507 734 3537 773 a
3566 734 3627 774 se

2042 806 2393 879 disjungatur
2419 827 2434 877 ;
2464 825 2588 864 cum
2624 796 3232 866 suavissimamvocem'
3253 809 3481 864 auribus
3500 824 3627 878 per-

2040 900 2241 972 cipiet,
2275 901 2327 956 ei
2365 901 2421 956 in
2451 909 2690 958 mentem
2721 898 2905 957 statim
2933 904 3154 970 veniet,
3199 917 3230 956 a
3258 885 3325 957 se
3341 914 3621 970 nunquam

2043 994 2280 1064 amplius
2313 986 2561 1049 auditum
2594 978 2702 1057 iri'i
2756 986 3111 1071 formoso_etl
3143 993 3355 1048 liberali
3397 997 3623 1063 aspectu

2040 1097 2164 1138 cum
2232 1085 2537 1142 delectatus
2585 1095 2690 1157 est,
2753 1094 2868 1141 tum
2920 1072 3117 1141 luctus'
3158 1076 3623 1165 exspectationem

2004 1211 2010 1216 -
2040 1174 2257 1230 horret:
2290 1176 2357 1231 ac
2384 1177 2622 1257 denique
2655 1193 2775 1248 qua!
2795 1178 3175 1233 adolescentes
3202 1177 3257 1231 in
3284 1175 3457 1247 pretio
3480 1181 3535 1229 et
3566 1173 3622 1228 in

329 1261 424 1314 ταί
460 1278 592 1315 ποτε
625 1261 901 1333 διαρρυὲν,
944 1262 1039 1315 καὶ
1085 1263 1166 1325 είς
1203 1262 1264 1315 τὸ
1295 1262 1370 1335 μὴ
1417 1262 1478 1316 ὃν
1524 1266 1932 1339 περιστήσεται,

2040 1268 2251 1325 honore
2283 1270 2507 1336 habent,
2540 1258 2725 1341 quaeve
2745 1262 3241 1340 insaniexpetunt,
3276 1269 3321 1323 si
3353 1283 3417 1323 ea
3449 1267 3627 1321 intue-

332 1351 499 1405 ὀστέα
532 1350 762 1424 βδελυρά
791 1368 852 1403 τε
892 1353 987 1406 καὶ
1020 1352 1234 1424 εἰδεχθῆ
1265 1353 1389 1407 ἀντὶ
1424 1354 1516 1408 τοῦ
1541 1356 1637 1410 νῦν
1676 1358 1936 1430 φαινομέο

2040 1360 2207 1427 bitur,
2248 1363 2401 1418 verbi
2427 1379 2616 1429 causa,
2647 1364 2867 1419 oculum
2925 1354 3307 1433 palpebrarum
3334 1365 3626 1413 venustate

332 1460 427 1495 vou
460 1443 775 1514 γενόμενον,
807 1443 958 1497 οὐδὲν
992 1444 1156 1515 ίχνος,
1186 1444 1337 1498 οὐδὲν
1375 1448 1740 1518 μνημόσυνον,
1780 1452 1936 1507 οὐδὲν

2040 1444 2353 1523 insignem,
2378 1450 2729 1526 supercilium
2778 1455 2923 1511 oculi
2963 1456 3160 1509 decore
3202 1445 3619 1527 circumfusum,

332 1534 589 1603 λείψανον
618 1533 711 1588 τοῦ
738 1534 1005 1606 παρόντος
1043 1535 1237 1600 ἄνθους
1262 1536 1680 1617 ἐπιφερόμενον.

2040 1559 2211 1615 genas
2242 1537 2511 1603 forma'et
2564 1549 2752 1619 lepore
2773 1547 3010 1617 eleganti
3068 1544 3375 1621 afﬂuentes,
3407 1541 3621 1594 labrum

339 1627 577 1680 naturali
612 1624 812 1711 rubore
861 1626 1149 1701 suffusum,
1196 1643 1407 1683 comam
1440 1643 1593 1706 auro.
1632 1629 1920 1697 intextam,
1960 1635 2159 1705 capitis
2187 1639 2453 1694 verticem
2483 1640 2655 1694 variis
2709 1639 2987 1694 coloribus
3052 1636 3397 1709 gemmisque
3452 1629 3624 1711 reful-

333 1728 575 1788 gentem,
615 1728 669 1775 et
707 1735 921 1775 omnem
954 1721 1103 1775 illum
1134 1720 1373 1793 denique
1426 1726 1735 1795 venustatis
1768 1726 2117 1796 splendorem
2141 1731 2237 1801 qui
2270 1732 2337 1786 ad
2357 1722 2573 1803 tempus
2639 1723 2867 1788 manet?
2924 1738 3040 1785 tum
3112 1712 3361 1791 omnino,
3429 1725 3478 1780 si
3538 1720 3623 1777 vel

336 1810 622 1897 paululum
659 1810 892 1865 rationis
917 1811 970 1864 in
1008 1826 1075 1866 eo
1102 1812 1195 1875 sit,
1235 1813 1367 1868 illud
1417 1813 1583 1870 simul
1621 1825 1806 1873 mente
1869 1819 2137 1886 intuetur,
2205 1810 2437 1881 omnem.
2484 1806 2633 1881 illam
2690 1808 3037 1881 venustatem
3076 1804 3592 1897 raliquandoh'pr‘or

336 1896 822 1990 susinterituram
862 1919 1006 1989 esse,
1043 1906 1110 1959 ad
1160 1921 1288 1961 ossa
1351 1906 1642 1974 deformia,
1692 1916 1874 1981 turpia
1916 1926 1981 1967 ac
2056 1912 2200 1969 foeda
2254 1916 2554 1985 redactam,
2612 1917 2817 1974 amissa
2858 1896 3092 1989 pristina
3139 1898 3345 1986 specie,
3409 1897 3620 1968 nullum

334 1998 523 2053 autem
570 1999 883 2070 vestigium,
952 1997 1163 2081 nullum
1240 2008 1677 2069 monumentum,
1743 2003 1927 2058 nullas
1965 2004 2130 2077 hujus
2161 2008 2312 2065 floris
2342 2009 2603 2079 reliquias
2629 2008 2965 2064 aﬂerentem.
3082 2077 3095 2083 _
3154 2075 3165 2083 ﬁ
3588 2022 3595 2027 ·

410 2092 472 2145 Ei
502 2091 676 2145 ταῦτα
712 2092 807 2145 καὶ
835 2091 904 2145 τὰ
928 2077 1153 2147 τοιαῦτα
1193 2093 1474 2157 διανοοῖτο,
1510 2089 1620 2165 ἆρα
1647 2095 1705 2148 ἐν
1738 2096 1938 2167 εὐφρο-

2060 2139 2089 2147 --
2112 2100 2168 2156 Si
2197 2102 2362 2173 igitur
2388 2077 2553 2166 haec}
2581 2097 2888 2171 caetera'que
2920 2077 3237 2169 hiiju's'modi
3269 2088 3459 2153 secum
3493 2094 3619 2165 quis

335 2181 474 2256 σύνῃ
527 2182 821 2253 βιώσεται;
869 2178 979 2254 ἆρα
1024 2184 1307 2237 πιστεύσει
1342 2187 1455 2250 τοῖς
1492 2186 1756 2259 παροῦσιν
1789 2188 1938 2259 αὐτῷ

2041 2186 2227 2249 animo
2256 2173 2559 2265 reputarit,
2594 2208 2723 2249 num
2763 2192 3007 2263 jucunde
3035 2191 3222 2247 vivet?
3262 2189 3405 2244 Num
3446 2190 3502 2243 in
3548 2189 3621 2243 iis

332 2275 616 2344 χρηστοῖς,
640 2272 716 2336 ὡς
764 2273 852 2327 ἀεὶ
902 2274 1346 2345 παραμένουσιν;
1374 2271 1454 2329 Ἦ
1497 2275 1654 2348 δῆλον
1702 2280 1768 2331 ἐκ
1809 2279 1937 2332 τού-

2040 2299 2162 2355 quae
2195 2286 2314 2355 ipse
2351 2285 2494 2341 bona
2553 2283 2799 2355 possidet
2845 2281 3098 2337 ﬁduciam
3143 2276 3409 2355 spemque
3430 2266 3618 2349 ponet,

339 2381 471 2429 των,
496 2366 578 2418 ὅτι
616 2365 868 2436 καθάπερ
892 2364 950 2419 ἐν
982 2364 1240 2443 ταῖςδτῶν
1275 2364 1501 2448 ὀνείρων
1531 2368 1766 2445 ἀπάταις
1796 2370 1939 2440 ἀμη-

2040 2378 2198 2447 quasi
2232 2377 2323 2431 illa
2348 2384 2613 2448 perpetuo
2639 2383 2897 2430 maneant
2922 2362 3146 2452 ?Nonne
3171 2354 3346 2426 éx'his
3366 2364 3621 2440 explora-

334 2462 586 2533 χανὴσει,
626 2459 719 2513 καὶ
766 2458 1010 2528 ἀπίστως
1053 2461 1191 2530 πρὸς
1234 2459 1324 2513 τὸν
1360 2457 1472 2531 βίον
1516 2459 1649 2527 ἔξει,
1675 2461 1753 2525 ὡς
1783 2461 1938 2516 ἀλλο-

330 2546 508 2626 τρίοις
550 2548 830 2624 προσέχων
869 2553 981 2616 τοῖς
1024 2549 1391 2622 φαινομένοις.
1443 2552 1651 2617 Συνιεῖς
1695 2553 1935 2619 πάντως,

333 2648 499 2717 εἴπερ
528 2644 669 2716 ἔχεις
698 2642 822 2697 τινὰ
853 2641 961 2696 τῶν
999 2642 1168 2696 όντων
1201 2641 1508 2713 ἐπίσκεψιν,
1542 2643 1625 2697 ὃτι
1654 2643 1805 2697 οὐδὲν
1827 2645 1938 2699 τῶν

334 2739 395 2792 ἐν
424 2736 503 2807 τῷ
533 2735 633 2806 βίῳ
661 2732 1020 2804 φαινομένων,
1047 2731 1123 2796 ὡς
1164 2733 1280 2786 ἔστι
1310 2735 1580 2803 φαίνεται,
1611 2733 1747 2788 ἀλλὰ
1793 2734 1939 2788 κατὰ

332 2830 437 2893 τὰς
478 2826 762 2901 ἀπατηλᾲς
819 2824 1139 2901 φαντασίας,
1187 2824 1351 2895 ἐτερα
1397 2826 1513 2879 ἀνθ’
1557 2825 1759 2898 ἐτέρων
1804 2826 1938 2899 ἡμῖν

336 2900 1035 2993 προδείκνυσι,διαπαίζων
1077 2918 1201 2981 τοὺς
1241 2917 1422 2988 ἐλπίσι
1464 2919 1805 2996 π-ρδςιαὺςτὸγ
1843 2937 1938 2996 κς-

334 2990 604 3083 χηνὸτας·
639 3009 734 3063 καὶ
770 3007 859 3061 διὰ
904 3007 1004 3077 τῆς
1041 3007 1151 3060 τῶν
1191 2990 1529 3079 φαινομένων
1566 2990 1789 3079 πλάνης
1807 2990 1937 3080 συχ-

336 3103 630 3156 καλύπτων
676 3099 840 3175 αύτὺς
894 3098 1085 3152 ἑαυτὸν
1110 3137 1125 3162 ,
1174 3099 1281 3163 ἕως
1329 3101 1395 3154 ἂν
1443 3099 1654 3171 ἀθρόως
1710 3101 1769 3155 ἐν
1820 3104 1937 3165 ταῖς

338 3192 664 3270 μεταϐολαῖς
692 3189 974 3270 ἐλεγχθείη
1004 3189 1132 3245 ἄλλο
1162 3207 1214 3243 τι
1256 3189 1333 3244 ὢν
1360 3190 1513 3263 παρὰ
1536 3192 1635 3263 τὴν
1663 3192 1939 3264 ἀνθρωπί-

335 3304 437 3358 νην
469 3268 812 3354 ἐλπίδα,ντὴν
836 3282 926 3337 διὰ
952 3274 1052 3354 τῆς
1082 3282 1300 3352 ἀπάτης
1330 3287 1454 3354 ,τοῖς
1500 3284 1746 3358 ἀνοήτοις
1785 3286 1939 3361 ἐγγι-

337 3379 595 3450 νομένην.
645 3375 810 3441 Ποίας
863 3370 955 3429 οὖν
987 3375 1181 3447 ἡδονῆς
1232 3374 1359 3440 ἄξιοι
1390 3375 1468 3447 τῷ
1514 3376 1687 3431 ταῦτα
1728 3377 1939 3446 λογιξο·

342 3473 493 3545 μένῳ
525 3472 772 3541 φανεῖται
814 3469 883 3522 τὰ
926 3467 1061 3538 ἡδέα
1109 3466 1203 3520 τοῦ
1253 3466 1405 3537 βίους
1440 3467 1578 3521 Πότε
1619 3469 1936 3540 αἰσθήσεται
1964 3455 2008 3518 C

337 3565 486 3620 κατὰ
529 3561 785 3634 ἀλήθειαν
835 3562 864 3614 ὁ
912 3559 1084 3615 ταῦτα
1110 3558 1345 3631 φρονῶν,
1390 3559 1487 3613 καὶ
1537 3562 1648 3623 τοῖς
1687 3559 1937 3615 δοκοῦσιν

339 3657 496 3728 αύτῷ
524 3658 776 3728 παρεῖναι
803 3656 1058 3727 χρηστοῖς
1086 3653 1570 3728 εὐφρανθήσεται,
1592 3652 1721 3727 Οὐκ¹
1746 3653 1833 3707 ἀεὶ
1861 3652 1938 3722 τῷ

342 3726 499 3819 φόόῲ
548 3726 645 3819 τῆς
698 3726 1029 3819 μεταϐολῆς,
1059 3736 1491 3817 ταραττόμενος,
1541 3726 1938 3816 ἀνεπαίσθητον

342 3841 463 3912 ἔχει
493 3840 593 3909 τὴν
622 3836 729 3890 τῶν
761 3829 1041 3908 παρόντων
1071 3825 1415 3901 ’ἀπόλαυσιν;
1461 3832 1567 3887 Ἐὦ
1597 3835 1815 3904 σημεῖα,
1844 3832 1939 3887 καὶ

344 3929 735 4007 ὀνείρουςκαὶ
774 3926 1055 3999 κληδόνας,
1099 3924 1196 3980 καὶ
1238 3926 1365 3989 τοὺς
1399 3923 1675 3987 τοιούτους
1717 3923 1935 3996 λήρους,

346 4025 532 4079 πάντα
575 4022 681 4076 ὑπὸ
729 4020 964 4093 ματαίας
1007 4016 1296 4088 συνηθείας
1332 4015 1816 4088 παρατηρούμενα,
1846 4014 1939 4069 καὶ

347 4116 491 4191 πρδς
521 4115 582 4168 τὸ
615 4117 792 4191 χεῖρον
838 4112 1270 4182 ὑποπτευόμενα.
1312 4108 1474 4162 Ἀλλὰ
1514 4108 1703 4179 καιρὸς
1737 4106 1940 4162 ὠδίνων

343 4211 449 4281 τὴν
482 4208 645 4263 παῖδα
675 4204 1108 4276 καταλαμϐάνειο
1158 4200 1255 4255 καὶ
1298 4200 1421 4285 οὐχὶ
1444 4200 1654 4269 ,παιδὸς
1702 4199 1939 4268 γένεσις,

346 4302 488 4358 ἀλλὰ
532 4299 761 4356 θανάτου
810 4286 1079 4369 παρουσία
1118 4295 1180 4348 τὸ
1232 4295 1468 4365 πρᾶγμα
1512 4293 1813 4364 νομίζεται,
1845 4294 1941 4347 καὶ

347 4395 580 4457 θάνατος
625 4392 724 4462 τῆς
753 4388 1126 4462 κυοφορούσης
1159 4386 1246 4441 διὰ
1293 4384 1386 4438 τοῦ
1420 4385 1577 4439 τόκου
1623 4383 1901 4463 ἐλπίζεται
1923 4401 1935 4412 ·

349 4486 610 4550 πολλάκις
656 4484 714 4538 δὲ
766 4483 864 4537 καὶ
902 4482 999 4551 τῆς
1043 4480 1288 4553 πονηρᾶς
1336 4476 1540 4547 ταύτης
1582 4477 1838 4549 μαντείας
1877 4478 1938 4530 uti

347 4576 764 4647 διεψεύσθησαν,
821 4571 958 4628 ἀλλὰ
1012 4571 1141 4643 πρὶν
1203 4571 1487 4643 ἑορτάσαι.
1516 4569 1616 4641 τὴν
1671 4569 1941 4639 γενέθλιον

350 4670 568 4742 ἑορτὴν,
596 4668 726 4739 πρίν
756 4683 901 4730 τινος
931 4664 1038 4718 τῶν
1071 4664 1190 4717 κατ’
1227 4662 1417 4717 ἐλπίδα
1448 4661 1669 4731 ἀγαθῶν
1706 4662 1942 4730 ἀπογεύ-

352 4760 756 4849 σασθαιηεύθὺς
799 4757 1137 4849 είςᾼθρῆνον*
1160 4755 1259 4829 τὴν
1282 4754 1463 4849 χαράν
1503 4753 1939 4849 μεθηρμόσαντο.
1976 4795 2019 4849 D

354 4842 482 4905 Ἐτι
510 4848 586 4921 τῷ
604 4848 820 4920 ,φίλτρῳ
846 4846 1081 4917 ζέοντες,
1112 4845 1191 4900 ἐτι
1218 4848 1332 4908 τοῖς
1363 4844 1549 4927 πόθοις
1572 4842 1942 4913 ἀκμάζοντες,

350 4938 508 4994 οὔπω
550 4930 657 4990 τῶν
694 4936 838 4992 κατὰ
882 4935 991 5013 τὸν,
1012 4934 1125 5006 βίον
1158 4933 1388 5005 ἡδίστων
1414 4932 1671 5013 λαϐόντες
1714 4931 1813 5002 τὴν
1855 4930 1944 4984 αἴ-

352 5020 816 5101 σθησιν,-ὦσπερ
859 5011 1004 5090 τινὸς
1051 5024 1302 5081 ἐνυπνίου
1362 5011 1665 5096 φαντασίᾳ,
1726 5022 1946 5102 πάντων

350 5122 562 5185 εὐθέως
592 5119 701 5174 τῶν
733 5122 791 5175 ἐν
821 5119 1009 5192 χερσὶν
1034 5116 1433 5190 ἐχωρίσθησαν.
1465 5117 1548 5173 Τὰ
1594 5116 1652 5170 δὲ
1695 5110 1790 5169 ἐπὶ
1824 5115 1947 5169 τού-

349 5232 471 5279 τοις
502 5208 625 5279 cia;
654 5212 944 5285 Πορθεῖται
997 5212 1094 5283 μὲν
1149 5209 1256 5263 ὑπὸ
1298 5207 1407 5262 τῶν
1453 5208 1668 5263 οἰκείων
1725 5208 1801 5271 ὡς
1841 5207 1948 5261 ὑπὸ

352 5306 632 5377 πολεμίων
668 5308 696 5359 ὁ
733 5304 1004 5375 θάλαμος·
1040 5300 1435 5366 καλλωπίζεται
1467 5299 1523 5354 δὲ
1559 5299 1681 5354 ἀντὶ
1722 5299 1818 5353 τοῦ
1854 5300 1951 5354 θα-

350 5399 532 5469 λάμου
586 5396 675 5451 διὰ
725 5394 821 5450 τοῦ
871 5394 1043 5465 τάφου
1093 5395 1124 5448 ό
1170 5392 1432 5457 θάνατος’
1483 5391 1812 5463 ἀνακλήσεις
1857 5391 1952 5447 ἐπὶ

351 5490 562 5543 τούτων
589 5488 856 5558 ἀνόνητοι,
884 5486 981 5567 καὶ
1008 5485 1225 5558 μάταιοι
1244 5485 1445 5559 χειρῶν
1469 5485 1676 5558 κρότοιι
1702 5484 1951 5555 ἀναμνὴ-

355 5598 470 5645 σεις
500 5580 597 5634 τοῦ
632 5579 900 5651 προτέρου
932 5578 1070 5648 βίου,
1097 5579 1332 5657 κατάραι
1366 5578 1508 5632 κατὰ
1551 5575 1662 5629 τῶν
1711 5575 1949 5647 συμϐου-

353 5672 665 5727 λευσάντων
708 5671 801 5725 τὸν
840 5670 1038 5741 γάμον,
1080 5655 1316 5742 μέμψεις
1351 5668 1496 5724 κατὰ
1520 5667 1628 5721 τῶν
1663 5666 1741 5739 μὴ
1784 5667 1960 5722 κωλυ-

354 5764 573 5817 σάντων
596 5761 765 5830 φίλων
786 5774 801 5788 ⁸
832 5762 890 5814 ἐν
920 5759 1071 5831 αἰτίᾳ
1098 5759 1268 5832 πολλῇ
1306 5761 1355 5812 οἱ
1384 5759 1583 5828 γονεῖς,
1617 5756 1685 5811 ἄν
1714 5774 1775 5810 τε
1807 5772 1963 5827 περι-

354 5854 513 5919 όντες
540 5853 797 5923 τύχωσιν,
826 5851 896 5907 ἄν
922 5868 984 5904 τε
1019 5852 1113 5904 καὶ
1150 5853 1244 5922 μὴ·
1277 5850 1648 5920 ἀγανάκτησις
1674 5846 1815 5902 κατὰ
1852 5847 1951 5917 τῆς

574 5947 851 6009 Parnm.
900 5946 1015 6007 GR.
1055 5946 1270 6007 XLVI.

2011 2478 2156 2522 stum
2188 2467 2373 2532 habet,
2411 2482 2471 2523 se
2498 2452 3105 2545 veluti—insomniorum
3150 2462 3385 2517 fallaciis
3439 2463 3620 2516 incer-

2041 2568 2156 2612 tum
2184 2542 2320 2622 fore,
2350 2546 2489 2613 nihil
2512 2542 2567 2612 in
2594 2542 2829 2627 iis,°qua3
2858 2555 2926 2611 ad
2956 2556 3099 2610 hanc
3123 2555 3290 2610 vitam
3323 2553 3618 2625 pertinent,
3694 2606 3701 2613 ,

2040 2666 2102 2705 se
2133 2650 2259 2706 ﬁdei
2290 2650 2629 2715 habiturum,
2665 2663 2792 2705 cum
2829 2650 2885 2703 in
2922 2662 3018 2703 eas
3039 2662 3150 2712 res,
3192 2635 3623 2721 quaefvideiitui'

2040 2755 2181 2807 esse,
2210 2749 2473 2811 tanquam
2504 2742 2557 2795 in
2609 2740 2818 2795 alienas
2850 2724 3320 2815 incumbati'lam
3356 2736 3519 2807 plane
3545 2735 3622 2789 in-

2040 2832 2262 2904 telligis,
2279 2833 2327 2888 si
2348 2848 2553 2901 rerum,
2574 2848 2695 2904 qua:
2722 2830 2870 2899 sunt,
2888 2816 3126 2902 aliquam
3153 2829 3421 2883 rationem
3444 2833 3618 2890 tenes,

2040 2923 2174 2997 nihil
2229 2939 2425 2979 eorum
2468 2918 2592 2995 quae
2638 2909 2706 2977 in
2765 2906 2869 2978 hac
2910 2922 3025 2975 vita
3079 2918 3317 2991 speciem
3381 2912 3619 2997 aliquam

2038 2992 2285 3086 praebent
2309 3019 2406 3079 ita,
2434 2990 2502 3071 ut
2526 3023 2632 3080 est,
2674 3012 2870 3078 videri,
2914 3011 3009 3068 sed
3040 3010 3225 3066 omnia
3249 3024 3317 3087 ea
3341 2990 3622 3078 opinionis

2038 3121 2227 3163 errore
2252 3106 2469 3163 diversa
2504 3121 2626 3162 sese
2664 3103 2835 3181 nobis»
2861 3101 3192 3166 ostendere;
3238 3088 3347 3169 spe
3378 3111 3473 3153 eos
3497 3096 3622 3151 illu-

2038 3198 2239 3263 dendo,
2269 3198 2360 3269 qui
2407 3198 2517 3253 illis
2570 3196 2767 3252 intenti
2822 3203 2973 3256 sunt,
3020 3191 3457 3260 occultandoque
3501 3201 3625 3245 sese

2039 3290 2221 3360 specie
2243 3288 2476 3360 quadam
2508 3302 2699 3343 eorum
2729 3301 2850 3357 qua)
2878 3285 3157 3351 videntur,
3182 3282 3313 3338 dum
3360 3279 3625 3352 evestigio

2018 3382 2096 3436 'in
2164 3376 2690 3437 Commutatio’nihus
2742 3377 2999 3449 aliquid
3045 3376 3193 3431 aliud
3282 3378 3623 3458 compertum

2040 3473 2112 3528 sit
2141 3482 2335 3543 praeter
2364 3471 2648 3527 hominum
2691 3484 2865 3541 spem,
2912 3483 3032 3538 quae
3060 3467 3246 3523 stultis
3274 3452 3463 3521 errore
3488 3452 3627 3536 quo-

2038 3564 2164 3619 dam
2192 3564 2523 3620 innascitur.
2558 3562 2702 3634 Ergo
2729 3576 2838 3633 qua
2859 3562 3138 3630 voluptate
3167 3560 3238 3625 ei,
3271 3560 3364 3629 qui
3394 3558 3511 3613 hate
3537 3572 3627 3612 ra—

2038 3657 2191 3713 tione
2215 3671 2404 3712 secum
2432 3656 2658 3726 cogitat,
2688 3654 2854 3726 digna
2880 3652 3172 3731 videntur?
3196 3649 3340 3705 Num
3381 3650 3507 3705 vitae
3535 3649 3628 3719 ju-

2040 3747 2351 3802 cunditates
2380 3747 2428 3803 is
2472 3734 2873 3812 vere'sentiet,
2913 3744 3008 3815 qui
3048 3744 3164 3798 haec
3196 3742 3530 3813 intelligit,et
3558 3741 3628 3797 iis

2039 3832 2228 3905 rebUs,
2252 3820 2401 3910 ’quas
2436 3846 2591 3910 putat
2619 3840 2675 3897 in
2708 3838 2871 3895 bonis
2914 3837 3139 3901 habere,
3172 3835 3395 3891 omnino
3420 3836 3627 3907 gaude-

2040 3930 2153 3986 bit?
2196 3946 2310 3986 non
2383 3929 2786 3987 vicissitudinis
2835 3936 3100 4000 perpetuo
3152 3934 3304 3982 metu
3375 3922 3627 3992 all‘eCtus,

2040 4032 2285 4094 gustum,
2311 4025 2403 4094 qui
2434 4039 2503 4080 ex
2529 4023 2618 4078 his
2640 4022 2806 4077 rebus
2829 4021 3067 4092 capitur,
3099 4019 3220 4076 sine
3247 4033 3422 4101 sensu
3473 4012 3629 4075 volu-

2040 4110 2208 4186 ptatis
2238 4116 2500 4173 habebit?
2542 4115 2814 4193 Praetereo
2836 4108 3015 4186 signa,
3074 4111 3344 4184 prodigia,
3376 4113 3625 4177 somnia,

2043 4196 2486 4273 vaticinationes,
2509 4194 2849 4277 craterasque
2870 4206 2923 4260 id
2953 4205 3172 4275 generis
3204 4203 3440 4273 ineptias
3470 4219 3629 4275 :qum

2043 4296 2225 4349 omnia
2257 4296 2425 4351 stulta
2454 4296 2735 4351 hominum
2779 4292 3180 4350 consuetudine
3224 4293 3517 4348 observata
3569 4296 3626 4350 in

2044 4383 2285 4455 pejorem
2328 4393 2540 4455 partem
2571 4385 2943 4455 conjecturam
3002 4385 3246 4440 trahunt.
3277 4384 3385 4463 Sed
3413 4380 3629 4458 tempus

2043 4478 2290 4548 pariendi
2343 4479 2533 4545 instat,
2582 4479 2793 4535 laborat
2858 4478 3038 4550 puella
3084 4494 3116 4534 e
3170 4479 3394 4549 dolore;
3451 4497 3630 4554 neque

2044 4569 2199 4641 pueri
2239 4577 2417 4635 ortus,
2473 4571 2567 4626 sed
2602 4570 2734 4642 quia
2766 4585 2916 4628 mors
2945 4580 3060 4625 tum
3089 4571 3357 4639 imminet,
3406 4572 3514 4629 hoc
3537 4591 3628 4630 ne-

2046 4662 2250 4734 gotiutn
2282 4670 2505 4733 putatur
2537 4679 2728 4720 :mors
2748 4664 2893 4719 enim
2927 4660 3256 4736 praegnantis
3294 4674 3519 4737 propter
3545 4668 3631 4721 in-

2046 4758 2257 4808 certum
2282 4760 2482 4823 partus
2501 4748 2714 4809 exitum
2740 4754 3002 4824 timetur;
3060 4770 3268 4823 eosque
3316 4754 3469 4826 saepe
3514 4755 3631 4812 haec

2048 4844 2190 4899 mala
2221 4832 2501 4900 divinatio
2525 4862 2637 4901 non
2672 4844 2867 4901 fefellit
2906 4864 2919 4900 :
2960 4854 3089 4900 ante
3124 4860 3251 4902 vero
3283 4848 3446 4917 quam
3482 4846 3628 4902 diem

2046 4933 2287 4990 natalem
2333 4935 2567 5005 egerint,
2619 4935 2935 5007 bonumque
2989 4936 3183 5001 ullum,
3232 4922 3484 5007 quodin
3533 4951 3631 5006 spe

2047 5033 2218 5093 esset,
2254 5026 2619 5098 degustarint,
2652 5042 2811 5084 omne
2834 5026 3090 5099 gaudium
3126 5016 3189 5082 in.
3213 5026 3505 5082 maerorem
3538 5042 3630 5083 re-

2048 5122 2211 5186 pente
2237 5123 2669 5172 commutarunt.
2729 5114 2999 5172 Przeterea
3034 5116 3128 5187 qui
3180 5130 3368 5171 amore
3397 5114 3631 5188 ﬂagrant

2050 5222 2228 5279 neque
2259 5208 2388 5263 dum
2417 5222 2624 5274 rerum,
2653 5223 2779 5291 qua:
2799 5209 2855 5263 in
2886 5208 2994 5263 vita
3024 5206 3442 5278 jucundissimm
3477 5216 3628 5274 sunt,

2050 5299 2207 5368 quasi
2248 5300 2432 5371 specie
2486 5300 2788 5371 voluptatis
2840 5299 3024 5369 aliqua
3056 5298 3113 5352 in
3175 5298 3388 5355 somnis
3423 5299 3629 5365 oblata,

2050 5404 2271 5446 sensum
2302 5397 2567 5461 ceperunt
2603 5408 2617 5445 :
2648 5390 2701 5444 hi
2729 5390 2798 5444 ah
2844 5388 3119 5453 omnibus,
3148 5403 3270 5459 quae
3291 5388 3346 5443 in
3377 5390 3635 5448 manibus

2048 5488 2258 5548 tenent,
2281 5482 2466 5555 subito
2485 5480 2841 5537 divelluntur.
2861 5479 2943 5539 Ad
2970 5479 3086 5535 haec
3114 5479 3248 5535 illud
3278 5481 3464 5547 etiam,
3485 5482 3635 5551 quod

2047 5589 2236 5630 eorum
2272 5574 2587 5629 cubiculum
2620 5589 2652 5629 a
2686 5572 3024 5638 domesticis,
3056 5583 3115 5627 ut
3146 5573 3214 5628 ab
3245 5575 3518 5639 hostibus,
3544 5566 3632 5630 ‘dil

2050 5667 2249 5737 ripitur
2289 5686 2302 5719 :
2363 5666 2716 5736 cubiculique
2764 5667 2886 5719 loco
2921 5663 3130 5720 funeris
3164 5668 3442 5737 exsequiae
3471 5670 3634 5723 exet-'-

2052 5764 2293 5811 nantnr:
2327 5756 2537 5810 insana:
2566 5758 2621 5809 in
2654 5756 2742 5810 his
2776 5744 3196 5811 lamentationes
3230 5772 3295 5813 ac
3314 5758 3629 5830 plangores,

2059 5847 2250 5903 inanes
2289 5862 2549 5902 manuum
2603 5845 2983 5919 percussiones
3037 5854 3301 5908 anteacta:
3340 5848 3462 5905 vitae
3484 5862 3629 5905 com-

3097 5944 3220 6028 _11
