4106 6458
544 398 644 456 331
1849 401 1908 457 S.
1949 399 2284 457 GREGORII
2322 400 2621 458 NYSSENI
3745 414 3849 471 352

546 515 990 579 memorationes,
1007 514 1138 571 dirae
1153 516 1547 572 detestationes
1571 533 1759 574 eorum
1787 521 1881 590 qui
1912 521 2132 590 nuptias

2258 521 2586 594 ινθρωπίνης
2632 522 2800 594 ζωῆς,
2851 524 3155 593 κατηγορία
3211 523 3396 597 πάσης
3454 523 3560 596 τῆς
3615 527 3847 599 φύσεως,

547 616 844 665 suaserunt
874 628 886 665 :
921 609 1158 679 querela:
1189 611 1531 680 gravissimae
1565 610 1633 665 de
1653 612 1869 676 amicis,
1902 613 1994 683 qui
2029 628 2137 668 non

2258 613 2360 666 ιατ’
2381 613 2555 681 αὐτῆς
2584 613 2685 683 τῆς
2722 613 2875 677 θείας
2904 615 3219 684 οἰκονομίας
3251 616 3498 687 μέμψεις
3532 617 3729 671 πολλαὶ
3754 624 3850 677 καὶ

544 700 953 775 prohibuerunt
979 715 992 753 :
1026 700 1080 754 in
1117 714 1313 771 magna
1336 702 1497 771 culpa
1524 711 1798 772 parentes,
1836 704 1883 758 si
1912 703 2134 771 adsunt,

2258 702 2582 773 ιγκλήματα,
2626 703 2772 773 μάχη
2827 703 2963 773 πρὸς
3013 704 3226 771 ἑαυτὸν,
3256 706 3501 776 πόλεμος
3555 708 3703 763 κατὰ
3740 708 3847 763 τῶν

544 798 628 851 sin
661 795 866 861 minus,
894 792 1258 848 stomachatio
1295 800 1347 848 et
1380 793 1681 864 deploratio
1710 793 1963 849 humanae
1991 797 2135 858 vitm,

2258 793 2666 848 ιουθετοῦντων·
2703 795 2878 860 οὐδεὶς
2928 796 3038 850 τῶν
3077 800 3450 853 ἀτοπωτάτων
3491 801 3676 865 ὄκνος,
3729 802 3849 857 οὔτε

544 896 866 958 naturaeque
892 885 1075 941 omnis
1098 885 1475 955 reprehensio,
1518 893 1572 939 et
1605 893 1800 939 contra
1833 885 1928 941 Dei
1962 888 2137 957 ipsius

2258 888 2523 959 δημάτων,
2545 886 2668 941 οὔτε
2695 889 3058 959 πραγμάτων.
3084 891 3352 957 Πολλάκις
3379 891 3465 957 δὲ,
3488 887 3574 957 οἷς
3593 893 3660 948 ἂν
3687 895 3850 966 ὑπερ-

544 979 944 1051 providentiam
974 978 1387 1033 criminationes
1417 986 1469 1032 et
1501 977 1886 1034 accusationes
1914 982 2131 1037 multa):

2258 982 2345 1051 τχῇ
2376 979 2439 1033 τδ
2473 978 2663 1043 πάθος.
2712 982 2807 1033 καὶ
2853 983 3258 1054 περισσοτέρως
3305 984 3603 1058 καταποθῇ
3639 987 3668 1039 6
3707 987 3850 1055 λαγι-

545 1089 731 1128 secum
759 1086 975 1143 pugnae,
1013 1071 1366 1126 bellumeum
1404 1070 1471 1124 iis
1504 1071 1597 1140 qui
1638 1071 1917 1127 adhortati
1957 1081 2131 1128 sunt:

2258 1073 2379 1141 τμὸς
2419 1073 2524 1127 ὑπὸ
2552 1074 2654 1144 τῆς
2686 1073 2884 1145 λύπης,
2925 1078 3004 1140 είς
3049 1077 3375 1150 πικρότερον
3415 1079 3599 1150 πέρας
3621 1080 3655 1150 ή
3688 1096 3850 1151 τραγ.

546 1165 715 1220 nullis
745 1172 839 1218 aut
874 1163 1056 1218 verbis
1089 1169 1183 1215 aut
1214 1162 1375 1218 rebus
1398 1162 1784 1219 iusulsissimis
1832 1165 2131 1221 abstinent.

547 1256 696 1324 Quos
729 1256 873 1311 enim
912 1254 1269 1342 perturbatio
1291 1256 1493 1311 mentis
1541 1257 1906 1326 superaverit,
1934 1265 1989 1313 et
2044 1258 2139 1329 qui

2243 1169 2379 1240 ῳδία
2442 1171 2761 1242 κατέληξεν,
2799 1173 2920 1227 οὐδὲ
2957 1173 3049 1228 τοῦ
3078 1176 3533 1248 περιλειφθέντος
3566 1176 3848 1232 ἐπιϐιῶναι

2243 1265 2310 1334 τῇ
2347 1266 2602 1337 συμφορᾷ
2627 1264 2965 1335 δυνηθέντος.

548 1373 656 1427 prie
687 1356 873 1411 dolore
906 1369 1049 1424 saepe
1081 1361 1266 1408 mente
1298 1352 1647 1419 deseruntur,
1704 1353 1873 1425 pejori
1893 1356 2134 1412 termino
2170 1373 2362 1416 eorum
2394 1362 2660 1434 tragoedia
2704 1377 2849 1433 saepe
2887 1364 3152 1421 conclusa
3186 1375 3293 1434 est,
3333 1382 3467 1422 cum
3533 1364 3715 1421 dolori
3765 1380 3846 1420 re-

547 1450 741 1504 sistere
776 1446 959 1501 minus
992 1445 1295 1516 potuerint.

617 1542 727 1598 Sed
766 1543 881 1597 hate
921 1542 1227 1605 mittamus,
1277 1556 1551 1611 ponamus
1591 1543 1839 1605 meliora.
1884 1543 2137 1599 laborum

546 1638 604 1692 in
663 1634 927 1706 pariendo
985 1633 1291 1704 periculum
1357 1632 1516 1705 fugit,
1550 1643 1714 1692 natus
1746 1642 1831 1691 est
1879 1636 1929 1690 ei
1964 1637 2141 1694 scitus

548 1743 704 1799 puer,
737 1727 916 1797 imago
948 1726 1064 1797 ipsa
1102 1734 1394 1796 parentum
1426 1725 1635 1782 formae.
1691 1724 1857 1783 Vides
1886 1726 2138 1797 profecto

548 1826 756 1888 quanto
784 1817 837 1870 in
863 1817 1008 1871 bono
1042 1816 1141 1868 tibi
1172 1830 1240 1870 ex
1267 1824 1595 1886 argumento
1621 1817 1837 1873 ratione
1859 1819 2140 1888 gratiﬁce—

548 1923 638 1965 tur
661 1910 858 1964 oratio.
893 1907 1077 1975 Quid?
1100 1906 1268 1963 Estne
1296 1916 1587 1978 propterea
1611 1909 1938 1979 deplorandi
1964 1918 2138 1965 mate-

547 2003 628 2058 ria
667 2000 977 2065 immiuuta,
1011 2015 1079 2053 an
1130 2014 1237 2053 non
1275 2001 1459 2070 potius
1501 2000 1779 2055 adaucta?
1814 2000 1951 2056 Nam
2014 2015 2144 2057 cum

548 2094 861 2164 superiores
920 2091 999 2145 illi
1052 2090 1375 2147 formidines
1447 2092 1749 2159 sustinent,
1823 2103 1939 2148 tum
2000 2093 2147 2149 hanc

547 2188 713 2243 etiam
748 2185 842 2240 filii
879 2196 1052 2239 causa
1094 2192 1557 2254 assumpserunt;
1589 2192 1843 2241 metuunt
1882 2185 2053 2250 enim,
2078 2201 2149 2241 ne

547 2278 679 2351 quid
708 2279 761 2331 in
798 2276 1126 2331 educatione
1150 2274 1230 2331 rei
1262 2274 1478 2331 acerba
1499 2275 1735 2343 accidat,
1761 2292 1829 2332 ne
1854 2291 1964 2348 qua
1992 2290 2147 2333 com-

550 2372 735 2425 munis
775 2369 919 2422 mala
958 2366 1180 2422 fortuna
1216 2366 1553 2436 impendeat,
1593 2381 1731 2423 neve
1758 2365 2023 2423 fortuitus
2047 2367 2149 2423 ali-

551 2460 675 2528 quis
703 2472 869 2513 casus
899 2462 995 2510 aut
1026 2455 1301 2520 morbum,
1335 2466 1428 2511 aut
1467 2455 1688 2521 febrim,
1712 2463 1808 2511 aut
1840 2457 2147 2528 periculum

550 2553 601 2606 ei
641 2548 865 2621 aliquod
902 2548 1186 2619 importct.
1237 2548 1420 2619 Atque
1449 2549 1567 2604 haec
1606 2550 1829 2621 quidem
1858 2552 2150 2624 utriusque

551 2639 896 2708 communia;
956 2641 1049 2694 illa
1081 2655 1236 2704 vero,
1270 2654 1394 2710 quae
1451 2641 1648 2698 uxoris
1710 2650 1844 2698 sunt
1895 2645 2145 2715 propria,

546 2734 676 2807 quis
722 2732 1160 2788 commemoret?
1202 2739 1263 2785 ut
1326 2739 1720 2801 praetereamus
1804 2748 1868 2788 ea
1919 2750 2045 2805 qua:
2092 2734 2148 2788 in

553 2830 815 2898 promptu
869 2832 1019 2890 sunt,
1079 2830 1248 2894 atque
1305 2823 1567 2879 omnibus
1610 2823 1922 2891 notissima,
1984 2823 2149 2901 veluti

556 2917 889 2991 praegnantis
927 2917 1228 2982 molestias,
1282 2916 1531 2987 pariendi
1592 2917 1921 2987 periculum,
1951 2915 2150 2971 educa-

558 3011 726 3067 tionis
757 3010 1003 3073 labores,
1033 3016 1087 3065 et
1120 3009 1418 3077 quamdam
1475 3008 1713 3079 denique
1759 3007 1943 3065 cordis
1975 3008 2151 3078 ips‘us

558 3116 672 3173 prae
705 3114 893 3155 amore
915 3098 1013 3152 fllii
1060 3098 1216 3169 quasi
1258 3098 1700 3154 convulsionem.
1752 3098 1810 3152 Si
1851 3112 1982 3153 vero
2002 3111 2154 3152 com-

2329 1536 2467 1593 Ἀλλ’
2500 1537 2623 1609 οὐχὶ
2660 1537 2851 1592 τοῦτο·
2903 1536 3236 1609 ὑποθιῦμεθα
3281 1538 3339 1593 δὲ
3385 1538 3461 1594 τὰ
3510 1541 3726 1613 βελτίω,
3771 1546 3846 1601 ὅτι
3950 1544 3953 1549 λ

2245 1632 2339 1685 καὶ
2375 1630 2615 1701 διέφυγε.
2643 1628 2752 1683 τῶν
2800 1629 3011 1684 ὠδίνων
3042 1629 3134 1684 τὸν
3166 1631 3442 1700 κίνδυνον,
3497 1635 3607 1717 καὶ.
3632 1637 3846 1707 γέγονεν

2243 1725 2428 1789 αὐτοῖς
2466 1725 2617 1789 παῖς,
2655 1722 2788 1777 αὐτὸ
2828 1723 2929 1795 τῆς
2975 1722 3125 1796 ὥρας
3166 1725 3275 1779 τῶν
3319 1730 3749 1800 γεννησαμένων
3789 1732 3846 1785 τὸ

2245 1816 2632 1886 άπεικόνισμα.
2684 1815 2750 1868 Τί
2783 1810 2911 1882 οὖν;
2962 1814 3245 1888 ἠλαττώθη
3293 1816 3387 1872 διὰ
3442 1819 3653 1875 τούτων
3686 1823 3720 1893 ή
3758 1820 3844 1877 τοῦ

2173 1873 2215 1928 Β
2245 1873 2549 1962 λυπεῖσθαι¹
2583 1873 2961 1977 ὑπόθεσιςςΙῆ
2986 1873 3114 1977 οὐχὶ
3146 1873 3245 1961 καί
3280 1873 3844 1985 προσθήκας

2248 1998 2501 2067 ἐδέξατο;
2557 1998 2697 2061 Τούς
2729 2010 2790 2051 τε
2819 1997 2929 2069 γὰρ
2955 1999 3253 2071 προτέρους
3285 1999 3475 2071 έχουσι
3507 1990 3725 2073 φόϐους,
3759 2007 3843 2061 καὶ

2245 2092 2338 2146 τὸν
2371 2092 2512 2162 ὑπὲρ
2540 2089 2636 2144 τοῦ
2677 2090 2869 2145 τέκνου
2900 2090 3255 2163 προσέλαϐον,
3291 2093 3367 2165 μή
3402 2111 3459 2148 τι
3502 2096 3683 2169 συμϐῇ
3725 2097 3842 2170 περὶ

2245 2183 2345 2255 τὴν
2362 2181 2675 2255 ἀνατροφὴν
2699 2181 2863 2253 ἀηδές
2885 2199 2899 2213 ’
2923 2183 2999 2254 μή
3026 2200 3110 2246 τις
3127 2184 3342 2256 πονηρὰ
3367 2186 3636 2257 συντυχία
3656 2205 3670 2218 ’
3703 2190 3838 2259 μήτι

2250 2274 2563 2348 σύμπτωμα
2579 2272 2687 2329 τῶν
2718 2272 3057 2344 ἀϐουλήτων,
3072 2273 3107 2344 ή
3128 2274 3320 2340 πάθος,
3340 2275 3374 2346 ἢ
3396 2276 3667 2348 πήρωσιν,
3694 2277 3841 2349 ῆκίνο

2249 2368 2403 2422 δυνον
2419 2366 2675 2439 ἐπαγάγῃ
2703 2366 2836 2420 τινά.
2869 2364 2979 2418 Kal.
2995 2364 3166 2419 ταῦτα
3186 2366 3282 2437 μὲν
3299 2367 3637 2438 ἀμφοτέρων
3667 2368 3835 2423 κοινά·

2250 2461 2319 2517 τὰ
2355 2462 2414 2515 δέ
2442 2460 2542 2531 τῆς
2567 2458 2812 2530 γαμετῆς
2843 2457 2972 2522 ἴδια,
3003 2456 3089 2521 τίς
3126 2456 3194 2511 ἄν
3229 2456 3666 2531 ἐξαριθμήσαιτο
3684 2475 3698 2527 ;
3734 2460 3838 2513 Ἵνα

2251 2554 2361 2625 γὰρ
2393 2552 2646 2624 ἐάσωμεν
2679 2548 2747 2603 τὰ
2780 2549 3048 2621 πρόχειρα
3073 2547 3246 2602 ταῦτα
3278 2549 3378 2603 καὶ
3411 2552 3551 2604 πᾶσι
3581 2550 3835 2622 γνώριμα,

2250 2648 2311 2701 τὸ
2338 2646 2437 2717 τῆς
2475 2643 2770 2714 κυοφορίας
2806 2641 2990 2712 ἄχθος,
3021 2641 3115 2694 τὸν
3147 2642 3208 2694 ἐν
3234 2643 3358 2706 ταῖς
3396 2642 3554 2696 ὠδῖσι
3589 2642 3834 2707 κίνδυνον,

2251 2739 2345 2793 τὸν
2379 2736 2521 2807 ὑπὲρ
2549 2736 2648 2807 τῆς
2679 2733 2991 2805 ἀνατροφῆς
3019 2731 3201 2797 πόνον,
3233 2732 3295 2785 τδ
3355 2734 3457 2806 τὴν
3501 2734 3725 2807 καρδίαν
3753 2734 3838 2788 αὑ-

2251 2832 2353 2902 τῆς
2402 2828 2481 2900 τῷ
2531 2825 2775 2899 τεχθέντι
2838 2822 3372 2894 συναποσχίζεσθαιο
3434 2823 3538 2880 κᾶν
3597 2824 3837 2878 πλειόνων

2253 2923 2550 2993 γενήσηται
2585 2921 2792 2991 μήτηρ,
2827 2919 2908 2981 είς
2938 2916 3179 2971 τοσαῦτα
3208 2916 3654 2991 κατατέμνεσθαι
3681 2916 3835 2985 αὐτῆς

2254 3014 2353 3086 τὴν
2381 3011 2582 3083 ψυχήν,
2609 3012 2731 3074 ὅσος
2754 3009 2783 3061 6
2810 3007 3045 3080 ἀριθμὸς
3077 3006 3187 3062 τῶν
3219 3007 3432 3062 τέκνων
3474 3008 3642 3062 ἐστίν’
3667 3008 3724 3061 τὸ
3742 3004 3836 3058 τῶν

2260 3102 2662 3173 συμϐαινόντων
2708 3098 2938 3163 ἐκείνοις
2990 3100 3092 3170 τὴν
3142 3098 3401 3170 αἴσθησιν
3450 3101 3508 3153 ἐν
3552 3102 3662 3165 τοῖς
3703 3097 3836 3161 ίδίοις

561 3192 802 3266 plurium
833 3191 1133 3246 liberorum
1160 3199 1337 3247 mater
1377 3198 1482 3258 est,
1516 3191 1638 3262 ejus
1667 3191 1887 3246 animus
1915 3191 1972 3244 in
2015 3176 2154 3244 toti-

2259 3196 2587 3265 σπ).άγχνοις
2630 3192 2884 3264 δέχεσθαι
2907 3209 2921 3223 ·
2978 3192 3073 3248 καὶ
3117 3192 3297 3246 πάντα
3341 3191 3415 3247 τὰ
3456 3192 3677 3247 τοιαῦτα
3715 3188 3837 3260 γνὼ-

561 3288 686 3343 dem
714 3298 878 3340 curas
911 3283 1261 3348 distrahitur,
1318 3292 1454 3353 quot
1492 3283 1570 3337 illi
1599 3297 1834 3338 numero
1852 3290 2013 3347 sunt,
2041 3288 2158 3336 tan-

562 3390 894 3449 quam,qum
922 3374 1034 3430 illis
1070 3374 1350 3440 accidant,
1397 3375 1577 3445 ipsius
1638 3372 1945 3430 visceribus
1991 3371 2156 3426 infixa

564 3472 726 3543 plane
755 3469 1021 3525 haereant.
1079 3465 1208 3522 Haec
1237 3476 1447 3532 autem,
1491 3481 1615 3537 quae
1650 3470 1940 3535 perspecta
1965 3477 2157 3519 omnes

562 3566 788 3631 habent,
834 3561 963 3633 quis
1001 3559 1253 3615 oratione
1306 3556 1743 3628 complectatur?
1771 3554 1882 3611 Sed
1934 3552 2159 3625 quando

562 3657 657 3713 illa
689 3671 757 3712 ex
782 3654 972 3710 divino
1004 3658 1283 3723 praecepto
1311 3664 1424 3704 non
1457 3657 1543 3704 est
1574 3649 1661 3706 sui
1686 3647 1850 3719 juris,
1877 3661 2068 3702 verum
2090 3644 2160 3703 ab

562 3748 686 3818 ejus
714 3743 1084 3809 voluntate,in
1104 3741 1265 3811 cujus
1289 3741 1519 3797 arbitrio
1541 3748 1767 3811 propter
1796 3738 2018 3809 nuptias
2049 3744 2155 3804 est.

565 3837 791 3894 omnino
813 3834 1013 3905 pendet
1045 3852 1059 3888 :
1093 3834 1139 3889 si
1156 3832 1356 3902 exiguo
1381 3838 1627 3902 tempore
1642 3836 1728 3887 est
1753 3829 1822 3884 ab
1846 3843 1914 3886 eo
1942 3828 2157 3895 relicta,

556 3926 726 4005 quasi
751 3925 930 3996 capite
960 3939 992 3978 a
1038 3938 1099 3979 se
1136 3921 1408 3977 convulso
1475 3919 1834 3976 solitudinem
1873 3916 2022 3974 ferre
2046 3931 2161 3976 non

566 4025 771 4091 potest,
795 4025 851 4073 et
877 4026 1138 4087 tanquam
1159 4014 1284 4069 vitae
1306 4011 1688 4076 solitudinem,
1721 4009 2162 4082 viduitatemque

564 4111 816 4183 exiguam
846 4108 947 4164 viri
981 4108 1390 4178 separationem
1442 4104 1865 4175 interpretatur,
1895 4102 2161 4160 continuo

564 4210 747 4259 metus
772 4199 1019 4266 eflicit,ut
1037 4200 1093 4254 in
1116 4198 1267 4254 nulla
1287 4199 1360 4251 sit
1382 4209 1570 4252 rerum
1597 4195 2016 4267 exspectatione
2045 4209 2161 4250 men

566 4296 788 4351 liorum.
824 4293 1004 4364 Atque
1031 4305 1153 4348 eam
1184 4290 1257 4346 ob
1287 4303 1513 4345 causam
1549 4288 1744 4345 oculus
1791 4287 1915 4356 ejus
1961 4286 2157 4358 plenus

566 4386 1005 4459 perturbationis
1053 4398 1120 4439 ac
1193 4381 1508 4438 formidinis
1573 4381 1630 4436 in
1690 4379 1892 4437 aedium
1948 4378 2156 4436 aditum

567 4479 886 4551 ostiumque
907 4477 1193 4548 conjectus
1213 4483 1321 4543 est;
1346 4489 1508 4531 aures
1538 4482 1722 4530 autem
1748 4473 2157 4529 susurrationes

2262 3305 2399 3360 ριμα
2429 3288 2595 3341 πᾶσιν
2625 3285 2756 3339 ὅντα
2788 3284 2841 3338 τί
2882 3283 2953 3338 ἄν
2980 3300 3064 3348 τις
3087 3283 3269 3353 λέγοις
3333 3283 3477 3339 Ἀλλ’
3503 3284 3685 3356 ἐπειδὴ
3712 3283 3835 3337 κατὰ

2257 3379 2319 3434 τὸ
2344 3379 2486 3433 θετον
2519 3378 2722 3446 λόγιον,
2754 3376 2854 3447 οὐχ
2883 3375 3090 3446 ἑαυτῆς
3117 3378 3235 3431 ἐστι
3273 3377 3468 3449 κυρία,
3503 3378 3640 3449 πρὸς
3673 3376 3727 3430 δὲ
3758 3374 3835 3428 τὸν

2258 3470 2346 3525 διὰ
2390 3470 2484 3524 τοῦ
2531 3470 2714 3539 γάμου
2764 3468 3132 3541 κυριεύσαντα
3181 3469 3280 3541 τήν
3330 3468 3684 3542 ἀποστροφήν
3718 3467 3831 3538 ἔχει,

2261 3562 2366 3617 κᾶν
2423 3562 2556 3634 πρὸς
2594 3562 2775 3630 ὀλίγον
2826 3560 2993 3616 αὑτοῦ
3055 3560 3298 3635 μονωθῆ,
3347 3564 3424 3629 ὡς
3474 3563 3574 3633 τῆς
3618 3557 3834 3631 κεφαλῆς

2259 3652 2639 3726 διεζευγμένη,
2682 3655 2743 3707 οὐ
2793 3652 2950 3724 φέρει
2999 3654 3103 3726 τὴν
3149 3653 3414 3725 μόνωσιν,
3460 3653 3598 3709 ἀλλὰ
3630 3649 3833 3723 μελέτην

2264 3746 2391 3802 τινὰ
2416 3746 2517 3817 τῆς
2545 3748 2603 3800 ἐν
2649 3748 2717 3817 τῇ
2761 3745 2959 3818 χηρείᾳ
2992 3745 3161 3815 ζωῆς,
3204 3745 3300 3799 καὶ
3328 3746 3433 3818 τὴν
3465 3747 3524 3800 ἐν
3569 3742 3727 3812 ὀλίγῳ
3752 3736 3831 3791 τοῦ

2262 3838 2456 3912 ἀνδρὸς
2489 3834 2840 3908 ἀναχώρησιν
2868 3836 3197 3901 οἰωνίζεται.
3231 3835 3415 3901 Εὐθὺς
3462 3837 3491 3889 6
3523 3833 3681 3906 φόόος
3717 3827 3834 3883 ἀπό-

2261 3947 2463 4004 γνωσιν
2494 3931 2714 4001 ἐμποιεῖ
2757 3928 2869 3983 τῶν
2900 3928 3286 4001 χρηστοτέρων
3337 3927 3591 3983 ἐλπίδων.
3629 3923 3731 3980 Καὶ
3758 3918 3832 3974 διὰ

2265 4023 2423 4078 τοῦτο
2449 4026 2478 4078 6
2495 4023 2594 4095 μὲν
2623 4021 2900 4094 ὀφθαλμὸς
2929 4022 3059 4094 περὶ
3073 4021 3175 4093 τὴν
3190 4021 3395 4077 ετσοδον
3419 4016 3831 4093 πέπηγε,γέμων

2264 4117 2509 4189 ταραχῆς
2535 4116 2631 4171 καὶ
2643 4116 2925 4186 πτοήσεως
2946 4132 2961 4147 ·
2993 4114 3098 4186 ήδέ
3129 4114 3267 4186 ἀκοὴ
3295 4115 3429 4179 τοὺς
3458 4108 3832 4169 ὑπολαλοῦντας

2263 4205 3160 4279 περιεργάζεταιοσυγκόπτεταιδὲ
3182 4206 3217 4277 ή
3250 4206 3453 4277 καρδία
3487 4194 3829 4275 μαστιζομένη

2262 4299 2342 4372 τῷ
2365 4299 2536 4371 φόϐῳ,
2575 4299 2669 4353 καὶ
2702 4297 2831 4368 πρίν
2852 4315 2904 4351 τι
2924 4296 3410 4368 προσαγγελθῆναι
3439 4295 3695 4364 νεώτερον
3713 4307 3725 4320 ”
3748 4283 3828 4338 καὶ

2271 4390 2431 4462 μόνον
2477 4388 2650 4459 ψόφος
2690 4389 2798 4457 πρὸ
2842 4387 2952 4440 τῶν
2984 4385 3164 4458 θυρῶν
3194 4387 3227 4459 ἢ
3261 4385 3602 4457 ὑπονοηθεὶς,
3629 4381 3661 4452 ἢ
3698 4372 3830 4446 γενό·

2268 4498 2448 4554 μενος,
2483 4479 2674 4551 ὥσπερ
2715 4496 2801 4543 τις
2842 4478 3288 4548 ἄγγελοςμκακῶν
3326 4479 3586 4548 ἐξαίφνης
3623 4471 3717 4542 τὴν
3743 4467 3831 4537 ψυ⁴

570 4566 989 4639 obloquentium
1048 4567 1386 4633 observant;
1446 4580 1745 4636 rerumque
1823 4563 2154 4621 terribilium

2265 4570 2368 4643 χήν
2404 4570 2765 4641 διεκλόνησεν.
2811 4570 2923 4623 Kal.
2965 4568 3037 4622 τὰ
3088 4569 3188 4640 μὲν
3223 4568 3351 4636 ἔξω,
3397 4567 3548 4635 δεξιὰ
3575 4561 3726 4632 τυχὸν
3750 4554 3829 4636 καὶ

569 4666 723 4715 metu
771 4656 1086 4729 perculsum
1122 4670 1219 4712 cor
1248 4655 1369 4725 ejus
1405 4655 1775 4726 disrumpitur
1824 4672 1840 4710 :
1871 4663 1997 4710 ante
2028 4668 2161 4709 vero

572 4767 737 4824 quam
769 4764 954 4808 rerum
976 4763 1248 4805 novarum
1281 4748 1489 4820 aliquid
1526 4748 1756 4804 allatum
1786 4748 1880 4815 sit,
1913 4747 2045 4805 ostii
2082 4747 2163 4804 vel

572 4846 728 4904 solus
788 4842 1161 4915 concrepitus,
1224 4841 1342 4898 sive
1386 4841 1592 4910 factus,
1658 4842 1777 4899 sive
1826 4841 2165 4913 cogitatione

572 4938 1030 5012 comprehensus,
1063 4935 1225 5006 quasi
1257 4935 1528 4991 malarum
1561 4950 1749 4992 rerum
1778 4934 2010 4990 nuntius
2031 4947 2163 4989 eve-

571 5033 735 5105 stigio
777 5030 899 5103 ejus
934 5028 1180 5084 animum
1217 5028 1519 5084 commovit
1557 5046 1571 5083 :
1626 5026 1972 5098 fortasseque
2026 5023 2167 5080 nihil

574 5126 791 5182 absenti
824 5121 1026 5179 marito
1074 5120 1293 5179 adversi
1327 5122 1552 5186 accidit,
1597 5129 1695 5177 aut
1724 5127 1875 5177 metu
1900 5119 2164 5190 dignum;

575 5216 674 5273 sed
702 5215 873 5270 animi
938 5212 1417 5291 consternatione,
1482 5212 1640 5266 nullo
1667 5216 1899 5281 accepto
1942 5208 2163 5273 nuntio,

576 5318 869 5387 mentema
916 5306 1181 5376 iucundis
1223 5305 1392 5362 rebus
1426 5304 1495 5359 ad
1549 5302 1831 5359 contraria
1867 5300 2164 5357 convertit.

578 5397 704 5454 Haec
734 5407 823 5456 est
861 5398 1103 5455 felicium
1137 5398 1423 5454 hominum
1456 5397 1590 5462 vita,
1624 5410 1737 5451 non
1766 5393 1925 5449 valde
1954 5393 2169 5450 scilicet

581 5490 743 5560 digna
764 5506 907 5547 :non
931 5493 1078 5547 enim
1097 5506 1224 5546 cum
1246 5488 1497 5562 virginali
1516 5490 1767 5545 libertate
1789 5494 2165 5557 comparatur.

584 5580 751 5649 Atqui
797 5580 990 5647 multa,
1021 5598 1143 5652 qum
1199 5583 1452 5653 graviora
1484 5591 1636 5646 sunt,
1670 5594 2004 5651 percurrens
2026 5593 2168 5652 prae-

584 5671 720 5737 terit
748 5672 945 5729 oratio.
976 5671 1112 5728 Nam
1150 5689 1296 5745 saepe
1316 5675 1410 5729 illa
1444 5690 1571 5730 cum
1618 5672 2031 5730 adolescentula
2060 5679 2166 5735 est,

2264 4662 2475 4726 οὐδενὸς
2501 4660 2628 4729 ἄξια
2656 4660 2822 4731 φόϐου
2844 4677 2857 4691 ⁸
2891 4660 3085 4729 φθάνει
3114 4660 3172 4715 δέ
3200 4662 3234 4732 ἡ
3263 4657 3594 4729 λειποθυμία
3623 4653 3716 4722 τὴν
3740 4648 3827 4713 ἀγ’

2266 4753 2474 4822 γελιαν,
2522 4744 2619 4807 καῖ
2667 4752 2999 4825 ἀναστρέφει
3049 4752 3188 4823 πρὸς
3229 4751 3291 4806 τὸ
3323 4751 3564 4807 ἐναντίον
3595 4743 3697 4800 ἀπὸ
3737 4735 3828 4825 τῶν

2265 4844 2438 4917 ἡδέων
2482 4843 2584 4915 τὴν
2634 4823 2881 4914 γνώμην.
2931 4842 3185 4906 Τοιοῦτος
3234 4840 3346 4896 τῶν
3398 4823 3827 4917 εὐθυμούντωνμὸ

2268 4914 2403 5008 βίος,
2454 4935 2515 4989 οὐ
2548 4934 2692 4988 πάνυ
2738 4933 3035 5002 γε’ᾶξιος·
3083 4934 3146 4988 οὐ
3191 4933 3303 5005 γὰρ
3342 4935 3407 5004 τῇ
3437 4922 3706 4997 ἐλευθερίᾳ
3746 4914 3826 4983 τῆς

2267 5024 2566 5096 παρθενίας
2622 5022 3057 5091 ἁντεξετάζεται.
3125 5022 3322 5077 Καίτοι
3364 5018 3536 5075 πολλὰ
3573 5013 3677 5067 τῶν
3717 5020 3825 5096 σκυ-

2269 5095 2630 5186 θρωποτέρων
2656 5114 2686 5167 6
2717 5113 2876 5182 λόγος
2920 5112 3225 5185 ἐπιτρέχων
3274 5111 3555 5166 κατέλιπε.
3590 5095 3826 5186 Πολλάκιξ

2269 5181 2379 5281 γάρ
2426 5181 2658 5277 κάκείνη
2703 5181 2799 5259 ἔτι
2833 5206 2929 5259 νέα
2972 5181 3062 5276 τῷ⁷
3100 5181 3337 5275 σώματι,
3379 5202 3462 5256 ἔτι
3501 5200 3566 5269 τῇ
3609 5181 3823 5281 νυμφιγῇ

2270 5273 2475 5374 ἀγλαΐᾳ
2507 5273 2796 5354 στίλθουσα
2815 5339 2830 5364 ,
2862 5296 2947 5350 ἐτι
2972 5273 3135 5367 τυχὸν
3159 5273 3472 5368 ἐθρυθριῶσα
3498 5288 3587 5343 τοῦ
3617 5273 3823 5374 νρμφίθξ

2269 5356 2639 5463 τήνείσοδον,
2673 5389 2768 5444 καὶ
2804 5356 2946 5460 μετὰ
2987 5356 3171 5451 αἰδοῦς
3195 5356 3612 5441 ’ὑποϐλέπουσω
3640 5372 3720 5463 ὅτε
3745 5356 3822 5463 καὶ

2272 5450 2638 5559 θερμοτέρους
2689 5450 2829 5536 εἶναι⁸
2864 5479 3156 5551 συμὸαίνει
3202 5480 3332 5543 τοὺς
3376 5473 3607 5559 πόθους»,
3753 5450 3823 5559 “Al:

2275 5549 2477 5652 σκύλοις
2510 5549 2658 5649 ’πρὸς
2707 5574 2768 5628 τὺ
2816 5549 3119 5642 ἐκφανῆναι
3167 5568 3565 5641 κωλυομένους,
3591 5549 3819 5652 ἐξαίφδίῖὶξ

2277 5627 2591 5744 Elea-fata;
2603 5627 2784 5729 άθλία,
2828 5627 2922 5718 καὶ
2951 5627 3178 5735 ἔρημος,
3213 5664 3306 5721 καὶ
3354 5627 3527 5715 πάντα
3549 5649 3614 5703 τὰ
3636 5627 3820 5744 (ξεῖν’ξῇ

750 5714 945 5729 ων.-.
976 5714 1112 5728 μα...
1150 5714 1296 5745 ην..
1318 5714 1410 5729 .....
1445 5714 1571 5730 νυ...
1618 5714 2031 5730 ...μνωσννηηη-
2063 5714 2154 5726 υ-..

590 5769 754 5829 atque
807 5761 864 5816 in
930 5779 1150 5834 sponsae
1213 5764 1508 5835 splendore
1553 5765 1756 5830 elucet,
1826 5762 2154 5831 fortassequr

2277 5714 2944 5836 ῖὲζξᾷσζξῖέάζέζὲζὶμᾷέᾲ
2963 5714 2993 5823 ,⁸
3023 5714 3120 5810 ξι
3134 5714 3432 5826 is}...
3461 5733 3699 5836 λαμπράγ
3719 5834 3724 5836 Α
3734 5714 3816 5836 ff}

591 5849 773 5909 adhuc
793 5856 981 5925 sponsi
1007 5855 1245 5912 adventu
1282 5856 1464 5925 rubet,
1505 5866 1562 5915 et
1590 5859 1802 5929 pudens
1833 5856 1980 5914 limis
2011 5870 2171 5924 aspe-

2279 5815 2600 5927 isvuisijtova
2639 5852 2733 5905 καὶ
2782 5815 3165 5921 περίϐλεπτον,
3217 5815 3429 5918 άθρόως
3474 5815 3814 5899 καταμελαίνει
