4106 6450
370 381 477 435 335

1737 370 1823 425 DE
1864 363 2331 424 VlBGIMTATE.

3544 361 3651 415 δδι

380 493 776 567 προσπσοῠσα
805 496 837 565 ἡ
872 492 1147 565 συμφορὰ,
1182 492 1276 545 καὶ
1307 489 1621 562 περιϐάλλει
1655 487 1732 559 τῷ
1758 487 1966 549 πένθει,

2086 487 2185 536 :tat
2219 500 2229 534 :
2267 478 2711 550 quandoquidem
2736 490 2863 532 cum
2894 477 3062 533 animi
3083 477 3414 548 cupiditates
3441 477 3651 550 pudore

378 587 469 640 τὸν
502 586 779 659 νυμφικὸν
818 586 1020 656 κόσμον
1047 583 1433 653 ἁποσυλήσασα
1454 597 1467 611 ·
1503 576 1622 634 εἷτα
1651 579 1811 649 ζόφος
1844 578 1966 632 ἀντὶ

380 681 478 749 τῆς
526 680 585 731 ἐν
631 678 868 731 παστάδι
896 677 1299 748 λαμπρότητος,
1345 677 1439 730 καὶ
1469 672 1729 745 θρηνῳδοὶ
1756 670 1856 735 τὰς
1889 671 1967 723 ol-

388 771 578 842 μωγάς
637 770 1027 833 ἐπιτείνουσαι,
1077 769 1172 822 καὶ
1213 771 1367 839 μῖσος
1415 765 1557 819 κατὰ
1609 764 1717 818 τῶν
1763 766 1971 833 ἐπιχει-

387 861 625 934 ρούντων
664 860 929 931 πραΰνειν
970 861 1036 914 τὰ
1079 858 1262 931 πάθη,
1299 856 1561 927 ἀπέχθεια
1606 855 1826 918 σιτίων,
1870 871 1967 924 τη-

382 951 557 1006 κεδὼν
586 951 865 1023 σώματος,
904 952 1175 1023 κατήφεια
1194 950 1387 1021 ψυχῆς,
1423 948 1687 1018 ἐπιθυμία
1714 946 1963 1012 θανάτου,

383 1047 483 1099 καὶ
525 1045 714 1116 μέχρις
756 1042 921 1097 αὐτοῦ
971 1045 1065 1097 τοῦ
1099 1043 1330 1098 θανάτου
1375 1042 1633 1106 πολλάκις
1674 1039 1962 1110 ἰσχύσασα.

396 1137 525 1190 Ἐὰν
544 1137 601 1189 δὲ
630 1136 721 1189 καὶ
750 1135 962 1209 παυσθῇ
990 1153 1106 1198 πως
1132 1135 1210 1207 τῷ
1238 1135 1414 1206 χρόνῳ
1440 1137 1474 1205 ἡ
1505 1132 1778 1205 συμφορὰ,
1806 1132 1968 1186 πάλιν

385 1227 524 1297 ἄλλη
582 1227 858 1298 συμφορὰ,
907 1227 1018 1280 εἴτε
1061 1228 1294 1298 ὑπάρχει
1330 1227 1517 1288 τέκνα,
1566 1226 1678 1279 εἴτε
1723 1224 1819 1278 καὶ
1868 1225 1964 1295 μή.

390 1318 561 1371 Ὄντα
591 1318 687 1388 μὲν
735 1317 864 1388 γὰρ,
902 1317 1113 1388 ὀρφανά
1141 1318 1358 1381 πάντως
1393 1317 1530 1379 ἐστὶ,
1574 1316 1670 1372 καὶ
1700 1316 1786 1371 διὰ
1811 1315 1970 1371 τοῦτο

387 1410 623 1477 ἐλεεινὰ,
649 1411 744 1464 καί
785 1411 851 1465 δι’
889 1409 1068 1463 αὐτῶν
1102 1410 1164 1462 τὸ
1197 1408 1367 1473 πάθος
1414 1407 1865 1473 ἁνακαινίζονταε
1919 1410 1968 1463 εί

387 1500 446 1553 δὲ
483 1500 560 1572 μὴ
596 1500 704 1571 εἴη,
755 1498 1049 1572 πρόρριζον
1097 1499 1302 1569 οἴχεται
1341 1498 1401 1551 τὸ
1440 1498 1533 1552 τοῦ
1577 1497 1967 1568 κατοιχομένου

394 1593 762 1663 μνημόσυνον,
805 1591 899 1644 καὶ
939 1586 1001 1644 τὸ
1034 1591 1204 1644 κακὸν
1241 1590 1383 1662 ὑπὲρ
1417 1589 1770 1661 παραμυθίαν
1799 1589 1966 1644 ἐστίν.

405 1685 510 1738 Ἐῶ
539 1684 608 1739 τὰ
638 1684 771 1739 ἄλλα
798 1684 866 1739 τὰ
897 1684 996 1755 τῆς
1022 1685 1247 1756 χηρείας
1278 1683 1404 1740 ἴδια.
1437 1684 1533 1749 Τίς
1560 1685 1667 1756 γὰρ
1695 1685 1761 1739 ἂν
1793 1685 1971 1739 πάντα

394 1773 536 1844 μετὰ
567 1772 851 1847 ἀκριϐείας
888 1773 1362 1846 ἀπαριθμήσαιτο;
1400 1774 1527 1836 τοὺς
1560 1772 1809 1845 ἐχθροὺς,
1847 1775 1972 1836 τοὺς

2070 572 2306 643 quodam
2337 570 2799 641 comprimuntur,
2833 583 2944 639 quo
2968 569 3152 624 minus
3174 584 3295 624 sese
3325 568 3650 634 ostendant,

2069 664 2315 718 acriores
2350 661 2465 718 ﬁeri
2496 660 2767 732 contingit
2797 678 2811 715 :
2840 670 2952 714 tum
2984 660 3053 715 de
3075 660 3371 729 improviso
3393 662 3649 725 viduitas,

2068 770 2337 819 aerumna,
2363 753 2606 811 solitudo
2650 772 2662 806 :
2694 768 2883 822 quaeve
2926 752 3217 807 horribilia
3245 762 3394 819 sunt,
3421 746 3648 809 nomina

2069 848 2176 904 sibi
2206 848 2459 918 imponit,
2495 853 2549 903 et
2581 860 2730 908 ecce,
2761 861 2883 916 quae
2915 844 3061 900 lauta
3095 845 3255 900 modo
3295 854 3415 899 erat
3447 845 3654 901 amictu

2068 940 2305 1003 candido
2358 946 2668 1008 ornatuque
2717 938 2958 1009 insigni,
3010 948 3231 1008 repente
3288 952 3408 1007 quae
3459 936 3655 991 incidit

2068 1029 2355 1083 calamitas
2405 1043 2525 1083 eam
2558 1028 2704 1098 pulla
2753 1036 2926 1090 veste,
2963 1035 3193 1101 atroque
3220 1026 3408 1080 habitu
3453 1024 3651 1087 induit,

2068 1122 2479 1192 dilaceratoque
2511 1137 2728 1191 sponsa:
2789 1128 3008 1186 ornatu,
3043 1120 3097 1175 in
3160 1121 3368 1174 luctum
3424 1119 3572 1172 illam
3603 1124 3657 1173 et

2071 1216 2384 1287 squalorem
2423 1215 2682 1284 coniicit;
2711 1212 2908 1269 deinde
2936 1228 3036 1285 pro
3070 1213 3194 1267 luce
3216 1213 3270 1266 in
3300 1212 3527 1282 nuptiali
3554 1227 3656 1266 cu-

2069 1310 2255 1366 biculo
2292 1308 2468 1380 caligo
2488 1317 2542 1364 et
2563 1310 2829 1373 tenebrae,
2888 1307 3094 1371 luctus,
3126 1305 3506 1361 lamentabiles
3537 1304 3658 1375 plo-

2069 1408 2225 1456 ratus
2282 1408 2448 1470 atque
2509 1399 2695 1454 odium
2765 1399 2820 1453 in
2886 1414 2985 1454 eos
3032 1398 3126 1468 qui
3190 1397 3434 1453 dolorem
3484 1397 3659 1452 lenire

2070 1502 2376 1571 conantur;
2400 1493 2620 1563 cibique
2651 1493 3007 1556 abstinentia,
3039 1495 3287 1563 corporis
3318 1493 3493 1556 tabes,
3518 1508 3658 1548 con-

2071 1586 2269 1659 tractio
2289 1585 2662 1656 demissioque
2704 1585 2912 1649 animi,
2948 1585 3145 1639 mortis
3191 1584 3485 1655 cupiditas,
3537 1599 3660 1654 qua:

2072 1691 2217 1745 smpe
2246 1676 2316 1732 ad
2349 1676 2525 1747 ipsam
2557 1690 2732 1746 usque
2762 1683 2996 1731 mortem
3018 1674 3301 1745 perdurat.
3334 1676 3433 1729 Sin
3475 1682 3658 1732 autem

2072 1767 2260 1836 aliquo
2298 1768 2461 1824 modo
2506 1766 2565 1821 ﬁt
2612 1775 2672 1822 ut
2723 1777 2971 1837 tempore
3012 1768 3297 1838 mitigetur
3351 1766 3658 1832 calamitas,

390 1864 625 1926 οἰκείους
644 1879 658 1893 ο
689 1864 814 1926 τοὺς
842 1862 940 1932 μὲν
976 1862 1403 1933 ἐπεμϐαίνοντας
1432 1865 1497 1933 τῇ
1538 1862 1821 1932 συμφορᾷ·
1847 1861 1972 1921 τοὺς

2086 1872 2300 1912 rursum
2352 1858 2458 1912 alia
2504 1859 3035 1925 exorituraarumna,
3070 1858 3187 1915 sive
3217 1859 3417 1914 liberos
3476 1858 3659 1927 habet,

389 1949 447 2002 δὲ
494 1949 952 2020 φαιδρυνομένους
1004 1950 1070 2019 τῇ
1135 1948 1373 2019 ἐρημία,
1429 1949 1523 2000 καὶ
1587 1946 1704 2016 μεθ’
1784 1944 1973 2015 ἡδονῆς

395 2040 692 2109 βλέποντας
718 2042 774 2092 ἐν
806 2039 987 2110 πικρῷ
1017 2039 1279 2111 ὀφθαλμῷ
1308 2039 1398 2093 τὸν
1426 2037 1780 2091 διαπίπτοντα
1807 2031 1973 2097 οἶκον,

392 2133 490 2186 καὶ
519 2133 643 2196 τοὺς
666 2132 1140 2205 καταφρονοῦντας
1157 2132 1392 2196 οἰκέτας,
1416 2131 1512 2185 καὶ
1548 2130 1725 2184 πάντα
1756 2127 1824 2183 τὰ
1843 2127 1977 2183 ἄλλα

394 2226 497 2277 ὃσα
528 2225 790 2295 πάρεστιν
817 2223 1064 2292 ἀφθόνως
1096 2225 1189 2278 ἐπὶ
1220 2223 1328 2276 τῶν
1355 2222 1612 2277 τοιούτων
1636 2221 1980 2292 δυστυχημά-

394 2334 504 2371 των
534 2318 695 2388 ὁρᾷν·
722 2315 788 2370 δι’
814 2308 888 2369 ὧν
911 2317 967 2369 αἱ
1004 2314 1195 2369 πολλαὶ
1221 2316 1315 2371 κα)⁸
1333 2314 1580 2387 δεύτεραι
1612 2315 1702 2368 ὑπ’
1732 2314 1979 2385 ἀνάγκης

396 2411 537 2482 πρὸς
585 2411 686 2479 τὴν
724 2408 831 2464 τῶν
873 2409 1072 2480 ὁμοίων
1102 2407 1290 2464 κακῶν
1329 2408 1727 2481 παρεϐάλλοντο
1763 2411 1976 2478 πεῖραν,

394 2503 498 2554 οὐκ
550 2500 869 2571 ἐνεγκοῦσαι
921 2500 1028 2555 τῶν
1096 2500 1518 2570 ἐπεγγελώντων
1566 2500 1664 2572 τὴν
1730 2500 1977 2573 πικρίαν,

398 2593 590 2665 ὥσπερ
624 2593 959 2662 ἀμυνόμεναι
992 2593 1118 2657 τοὺς
1164 2592 1513 2664 λυπήσαντας
1552 2595 1666 2655 τοῖς
1698 2591 1846 2656 ἰδίοις
1890 2611 1984 2648 κα-

398 2689 536 2749 κοῖς·
589 2685 783 2738 πολλαὶ
819 2684 874 2737 δὲ
902 2688 968 2757 τῇ
1009 2686 1200 2758 μνήμῃ
1243 2685 1352 2738 τῶν
1400 2684 1843 2755 συμϐεϐηκότων,
1873 2687 1982 2739 πᾶν

397 2780 578 2834 ὁτιοῦν
614 2779 924 2850 ὑπέστησαν
975 2777 1195 2848 μᾶλλον,
1244 2778 1277 2850 ἢ
1325 2781 1585 2849 ἐμπεσεῖν
1633 2778 1699 2831 ὲκ
1728 2777 1982 2852 δευτέρου

398 2872 466 2940 τῇ
497 2868 607 2921 τῶν
652 2867 946 2940 συμφορῶν
988 2869 1285 2938 ὁμοιότητι.
1319 2869 1428 2922 Καὶ
1474 2868 1522 2921 εί
1579 2867 1756 2939 βούλει
1793 2868 1984 2940 μαθεῖν

398 2961 469 3015 τὰ
499 2962 731 3031 δυσχερῆ
775 2958 867 3013 τοῦ
898 2960 1205 3035 κοινοτέρου
1236 2958 1373 3031 βίον,
1410 2960 1640 3016 ἄκουσον
1671 2955 1759 3015 οἷα
1792 2961 1983 3030 λέγοιμ

402 3070 489 3107 σιν
531 3054 586 3106 αἱ
629 3056 693 3124 τῇ
742 3052 908 3124 πείρᾳ
935 3053 1024 3105 τὸν
1070 3051 1182 3122 βίον
1225 3052 1583 3123 γνωρίσασαι,
1621 3054 1769 3117 ὅπως
1810 3071 1987 3124 μακα-

2074 1952 2192 2008 sive
2247 1960 2418 2008 caret.
2463 1950 2677 2007 Etenim
2733 1953 2781 2009 si
2841 1951 3026 2016 habet,
3080 1952 3203 2006 orbi
3249 1952 3477 2006 omnino
3501 1959 3658 2015 sunt,

2076 2049 2366 2109 propterea
2402 2028 2883 2096 commiseratione
2909 2041 3082 2111 digni,
3112 2049 3279 2110 atque
3311 2056 3377 2095 ex
3410 2040 3493 2096 his
3518 2041 3658 2111 ipsis

2076 2131 2287 2187 doloris
2322 2131 2551 2189 aﬂ‘ectus
2581 2141 2909 2199 renovatur;
2941 2132 3029 2188 sin
3053 2134 3279 2186 omnino
3319 2140 3492 2196 caret,
3512 2147 3662 2186 [ηομ

2080 2230 2159 2285 ιιιί
2197 2232 2460 2286 memoria
2492 2231 2742 2287 funditus
2768 2231 3010 2298 tollitur,
3053 2232 3383 2301 graviusque
3406 2239 3491 2287 cst
3517 2232 3664 2287 sola.

2078 2322 2157 2377 tio
2182 2322 2404 2378 malum.
2430 2321 2684 2394 Reliqua,
2719 2339 2841 2393 quae
2867 2334 2996 2379 sunt
3027 2324 3315 2377 viduitatis
3345 2324 3566 2394 propria
3586 2324 3665 2378 in-

2079 2412 2389 2477 commoda,
2412 2412 2628 2467 omitto.
2655 2412 2870 2479 Quotus
2896 2413 3041 2468 enim
3062 2413 3296 2483 quisque
3313 2421 3417 2476 cst,
3438 2413 3531 2484 qui
3548 2428 3666 2467 out-

2080 2503 2172 2557 nia
2226 2511 2485 2560 accurate
2517 2506 2845 2561 enumeret?
2885 2513 2943 2559 ut
2994 2506 3252 2562 inimicos
3307 2505 3664 2570 domesticos,

2083 2602 2197 2648 tum
2223 2609 2317 2650 eos
2348 2597 2440 2664 qui
2470 2597 2524 2651 in
2552 2596 2920 2650 calamitatem
2951 2596 3218 2663 incidunt,
3242 2604 3357 2650 tum
3392 2598 3514 2652 illos
3561 2598 3657 2667 qui

2082 2700 2145 2741 ea
2176 2673 2474 2743 solitudine
2498 2687 2759 2759 gaudent,
2806 2702 3088 2759 sensuque
3114 2689 3349 2758 quodam
3378 2690 3665 2744 oculorum

2084 2778 2296 2847 iniquo,
2328 2788 2379 2832 et
2411 2792 2533 2831 cum
2564 2778 2843 2848 voluptate
2878 2781 3148 2835 labentem
3171 2781 3418 2846 domum,
3446 2796 3669 2838 servos-

2086 2885 2191 2940 que
2220 2869 2401 2924 omnia
2432 2870 2770 2940 negligentes
2822 2872 3116 2940 aspiciunt,
3169 2878 3506 2942 cunctasque
3533 2874 3670 2930 alias

2087 2978 2177 3018 res
2210 2962 2491 3027 adversas,
2528 2977 2667 3033 quas
2718 2964 2923 3017 multas
2961 2964 3015 3017 in
3069 2965 3138 3019 iis
3171 2964 3390 3037 quidem
3442 2980 3672 3022 cernere

2088 3053 2217 3109 licet
2243 3071 2256 3108 :
2287 3069 2520 3124 quarum
2560 3069 2729 3109 causa
2752 3070 2863 3110 non
2883 3070 3072 3126 panem
3103 3057 3384 3121 mulieres,
3423 3072 3548 3110 cum
3578 3072 3672 3112 cas

404 3145 616 3217 ρίζουσι
641 3146 737 3215 τὴν
768 3146 912 3215 ζωὴν
936 3145 1042 3199 τῶν
1076 3144 1137 3215 ἐξ
1169 3146 1344 3218 ἀρχῆς
1368 3147 1459 3200 τὸν
1499 3150 1558 3201 ἐν
1579 3148 1848 3219 παρθενίᾳ
1874 3147 1984 3220 βίον

2091 3145 2459 3201 deridentium
2486 3146 2831 3217 iniquitatem
2860 3162 2969 3201 non
3005 3146 3228 3210 ferrent,
3252 3164 3316 3203 ex
3343 3149 3675 3204 necessitate

404 3235 802 3306 προελομένων.
854 3237 947 3290 καὶ
994 3236 1067 3307 μὴ
1110 3235 1197 3290 διὰ
1232 3237 1517 3308 συμφορᾶς
1565 3237 1986 3307 μεταμαθόντων

404 3329 470 3383 τὸ
500 3328 738 3395 κάλλιον,
773 3329 855 3382 ὅτι
885 3328 1102 3382 πάντων
1135 3328 1240 3381 τῶν
1278 3327 1536 3381 τοιούτων
1571 3328 1753 3382 κακῶν
1797 3329 1997 3387 ιδινεπί-⁴

403 3420 594 3483 δεκτός
642 3421 788 3473 ἐστιν
821 3420 854 3490 ἡ
894 3419 1156 3490 παρθενία
1184 3434 1197 3448 ο
1232 3418 1333 3472 οὐκ
1373 3418 1634 3488 ὀρφανίαν
1673 3419 1878 3491 θρηνεῖ,
1928 3420 1988 3473 οὐ

404 3513 637 3585 χηρείαν
670 3512 949 3583 ὀδύρεται’
984 3512 1070 3565 ἀεὶ
1105 3510 1319 3564 σύνεστι
1344 3510 1420 3581 τῷ
1448 3510 1711 3582 ἀφθάρτῳ
1741 3512 1986 3583 νυμφίῳ·

404 3606 495 3659 ἀεὶ
525 3604 885 3673 ἐπαγάλλεται
925 3606 1035 3669 τοῖς
1075 3604 1174 3675 τῆς
1213 3604 1493 3668 εὐσεϐείας
1521 3606 1859 3677 γεννήμασι·
1902 3607 1991 3658 τόν

403 3715 466 3750 τε
498 3692 642 3750 οἷκον
672 3697 759 3752 τὸν
784 3696 997 3767 ἀληθῶς
1024 3697 1152 3750 ἴδιον
1179 3699 1311 3751 πᾶσι
1346 3696 1651 3760 καλλίστοις
1677 3699 1780 3768 ὁρᾷ
1812 3697 1990 3769 διηνε-

407 3785 525 3846 κῶς
556 3784 967 3857 εὑθηνούμενον,
995 3786 1084 3839 διὰ
1117 3787 1175 3839 τὸ
1208 3792 1461 3858 παρεῖναι
1492 3788 1588 3841 καὶ
1629 3789 1857 3841 ἐνοικεῖν
1902 3789 1990 3842 ἀεὶ

404 3877 502 3930 τὸν
531 3875 625 3929 τοῦ
657 3879 802 3932 οἴκου
851 3877 1126 3949 Δεσπότην
1145 3895 1158 3910 ·
1196 3879 1280 3949 ἐφ’
1312 3871 1379 3953 ἧς
1409 3883 1436 3934 ὁ
1470 3880 1698 3945 θάνατος
1741 3883 1800 3934 οὐ
1826 3899 1993 3952 χωρι-

411 3969 575 4041 σμὸν,
626 3970 762 4025 ἀλλά
810 3972 1101 4040 συνάφειαν
1135 3971 1227 4025 τοῦ
1264 3972 1597 4043 ποθουμένου
1638 3974 1811 4025 ποιεῖ’
1862 3971 1991 4026 ὅταν

410 4061 524 4132 γὰρ
549 4061 810 4135 ἀναλύσῃ,
833 4062 952 4116 τότε
987 4063 1083 4117 σὺν
1111 4063 1329 4135 Χριστῷ
1360 4065 1589 4132 γίνεται,
1617 4063 1799 4129 καθώς
1826 4081 1990 4136 φησιν

406 4155 439 4207 ὁ
478 4151 817 4216 Ἀπὸστολος.

2089 3238 2287 3293 iterum
2338 3253 2400 3292 se
2437 3237 2701 3292 similium
2740 3240 3008 3292 malorum
3058 3240 3304 3309 periculo
3333 3239 3673 3309 objecerunt,

2089 3331 2247 3400 quasi
2278 3331 2438 3386 malis
2474 3330 2589 3385 suis
2634 3346 2824 3400 poenas
2854 3332 3109 3401 petierint
3154 3334 3224 3388 ab
3264 3333 3351 3394 ii's,
3406 3349 3436 3387 a
3471 3334 3675 3404 quibus

2089 3424 2333 3480 dolorem
2374 3424 2707 3493 acceperint.
2761 3424 3085 3493 Complures
3139 3441 3270 3481 vero
3326 3428 3674 3498 superiorum

2092 3516 2361 3569 malorum
2392 3515 2775 3571 recordatione
2804 3517 3024 3585 quidvis
3051 3517 3350 3583 sustinere,
3383 3534 3445 3572 ac
3468 3519 3677 3589 perpeti

2096 3607 2431 3671 maluerunt,
2469 3622 2635 3677 quam
2692 3608 2747 3662 in
2802 3609 3014 3665 similes
3072 3626 3267 3665 rursus
3337 3612 3679 3666 calamitates

2096 3698 2404 3755 incurrere.
2436 3699 2534 3754 Sin
2599 3707 2782 3755 autem
2838 3715 3162 3757 communes
3197 3693 3360 3771 hujus
3395 3702 3680 3758 vitaadiﬂi—

2094 3791 2326 3846 cultates
2355 3805 2689 3862 cognoscere
2726 3792 2906 3860 cupis,
2941 3793 3099 3846 velim
3154 3792 3348 3848 audias
3381 3808 3501 3861 quae
3532 3807 3682 3848 com-

2096 3890 2400 3937 memorent
2451 3883 2732 3948 mulieres,
2788 3899 2911 3953 quae
2944 3883 3076 3937 illud
3098 3886 3219 3937 vita:
3245 3900 3420 3955 genus
3445 3892 3683 3956 expertas

2094 3983 2459 4044 cognoscunt,
2481 3990 2646 4044 quam
2682 3975 3034 4031 bcatissimas
3076 3990 3171 4030 eas
3222 3991 3348 4032 esse
3398 3991 3520 4046 quae
3567 3975 3681 4029 vir-

2100 4066 2304 4137 ginalis
2355 4066 2481 4122 vitae
2527 4067 2801 4121 rationem
2854 4065 3200 4136 delegerunt,
3255 4082 3434 4136 neque
3471 4081 3539 4122 ex
3570 4066 3682 4120 ulla

2101 4159 2438 4222 calamitate,
2460 4157 2592 4228 quid
2617 4157 2815 4213 melius
2843 4165 3010 4221 esset,
3041 4158 3374 4221 didicerunt,
3422 4156 3680 4227 quoniam

412 4245 486 4298 ab
513 4244 766 4299 omnibus
797 4244 884 4307 bis
918 4245 1081 4300 malis
1103 4260 1277 4300 vacua
1303 4251 1390 4300 est
1413 4244 1743 4316 virginitas;
1809 4261 1919 4300 non
1960 4246 2252 4303 orbitatem
2320 4247 2490 4320 luget,
2527 4262 2636 4302 non
2677 4247 2997 4301 viduitatem
3051 4247 3402 4312 lamentatur,
3466 4260 3684 4314 unaque

413 4358 632 4412 semper
655 4351 738 4396 est
758 4357 881 4397 cum
912 4343 1230 4411 incorrupto
1260 4357 1486 4412 sponso,
1515 4350 1569 4396 et
1594 4341 1866 4397 fructibus
1886 4342 2105 4412 pietatis
2122 4350 2384 4413 perpetuo
2406 4342 2629 4414 gaudet,
2650 4356 2715 4395 ac
2733 4341 2959 4395 domum
2992 4355 3119 4395 vere
3136 4341 3410 4412 propriam
3432 4341 3683 4395 omnirc-

421 4448 546 4487 rum
579 4433 906 4503 cptimarum
946 4448 1143 4502 genere
1171 4432 1521 4487 continenter
1547 4433 1856 4487 institutam
1898 4431 2404 4504 videt,'pr0pterea
2431 4432 2581 4503 quod
2617 4432 2810 4487 harum
2833 4432 3032 4487 aedium
3088 4432 3355 4488 Dominus
3390 4450 3499 4488 una
3538 4449 3685 4491 sem-

416 4540 518 4595 per
536 4532 621 4578 est
674 4530 837 4593 atque
908 4521 1121 4585 incolit,
1163 4523 1252 4578 ubi
1302 4538 1413 4578 non
1451 4524 1877 4595 sejunctionem,
1915 4525 2007 4580 sed
2035 4525 2481 4595 conjunctionem
2556 4539 2681 4581 cum
2750 4539 2838 4590 eo,

2913 4526 3075 4596 cujus
3124 4526 3401 4583 desiderio
3448 4536 3686 4593 tenetur,

422 4630 577 4671 mors
612 4613 808 4680 cﬂicit;
844 4628 969 4667 cum
1001 4614 1145 4667 enim
1183 4613 1526 4681 dissolvitur,
1596 4614 1775 4685 inquit
1818 4613 2119 4685 Apostolus
2170 4616 2225 4680 ι,
2283 4623 2399 4669 tum
2455 4623 2541 4671 est
2578 4630 2705 4670 cum
2739 4615 2983 4671 Christo.

507 4710 666 4765 Ἀλλὰ
698 4711 886 4782 καιρὸς
919 4709 985 4764 ἂν
1016 4710 1124 4781 εἴη,
1156 4710 1340 4782 ἐπειδὴ
1382 4711 1451 4764 τά
1483 4711 1591 4765 τῶν
1622 4710 1984 4783 εὐθυμούντωι

2179 4709 2286 4767 Sed
2318 4712 2581 4782 quoniam
2625 4727 2749 4782 quae
2793 4714 2862 4767 ad
2896 4713 3051 4768 laetos
3094 4713 3344 4770 homines
3375 4716 3690 4785 pertinent,

416 4805 486 4857 ἐκ
535 4802 734 4874 μέρους
768 4800 1079 4871 ἐξήτασται,
1122 4806 1216 4857 καὶ
1246 4801 1373 4864 τοὺς
1403 4801 1624 4873 ἐτέρους
1666 4802 2000 4857 ἐποπτεῦσαι

418 4897 573 4967 βίους
613 4894 689 4965 τῷ
736 4894 897 4965 λόγῳ,
932 4890 1011 4956 οἷς
1046 4894 1141 4947 καὶ
1171 4894 1372 4959 πενίαι,
1404 4894 1499 4948 καὶ
1530 4894 1871 4967 δυσκληρίαι,
1908 4898 2002 4949 ml.

417 4987 607 5041 λοιπαὶ
638 4986 743 5040 τῶν
792 4985 1146 5057 ἀνθρωπίνων
1194 4984 1381 5040 παθῶν
1425 4987 1704 5060 συμφοραὶ
1752 5003 2007 5059 παραπε-

419 5081 665 5151 πήγασιν
685 5097 697 5111 ⁸
733 5074 846 5132 οἷον
885 5078 1162 5152 πηρώσεις
1190 5096 1250 5132 τε
1307 5081 1402 5134 καὶ
1433 5082 1600 5146 νόσοι,
1631 5080 1727 5136 καὶ
1753 5082 1853 5136 ὅσα
1895 5100 2007 5136 τοι·

421 5172 566 5228 αὕτα
612 5174 677 5243 τῇ
734 5173 1050 5245 ἀνθρωπίνῃ
1107 5172 1218 5244 ζωῇ
1280 5173 1761 5243 συγκεκλήρωται-
1819 5175 1878 5241 ἐν
1929 5166 2010 5236 οἷς

420 5264 630 5318 ἅπασιν
674 5264 703 5315 ὁ
757 5262 855 5333 μὲν
906 5262 1025 5316 καθ’
1072 5261 1265 5317 ἐαυτὸν
1312 5260 1442 5326 ζῶν,
1492 5261 1526 5332 ἢ
1575 5261 1859 5331 διαφεύγει
1915 5263 2013 5332 τὴν

423 5354 704 5427 πεῖραν,ῆ
737 5356 864 5429 ῥᾷον
888 5354 1130 5424 διαφέρει
1161 5354 1260 5426 τὴν
1302 5353 1611 5425 συμφορὰν,
1641 5370 2015 5427 συγκεκροτη-

423 5448 601 5519 μένην
629 5447 767 5518 ἔχων
798 5448 927 5519 περὶ
965 5448 1126 5501 αὑτὸν
1154 5447 1251 5519 τὴν
1272 5447 1533 5509 διάνοιαν,
1569 5446 1664 5500 καὶ
1695 5446 1830 5516 πρὸς
1862 5446 2014 5500 οὐδὲν

420 5538 556 5593 ἄλλο
575 5541 694 5602 ταῖς
716 5540 961 5611 φροντίσι
987 5538 1427 5609 περιελκόμενος.
1463 5540 1520 5591 ὐ
1540 5539 1596 5594 δὲ
1620 5539 1756 5610 πρὸς
1779 5543 2013 5608 γυναῖκα

416 5631 519 5686 καὶ
553 5630 718 5684 τέκνα
752 5630 1171 5702 μεμερισμένος,
1206 5630 1328 5684 οὐδὲ
1368 5631 1562 5704 σχολὴν
1594 5632 1716 5702 ἄγει
1752 5631 2011 5699 πολλάκις

497 5814 515 5845 ⁸
549 5814 789 5885 Philipp.
824 5830 861 5880 ι,
880 5814 971 5871 ‘23.

2106 4812 2235 4858 sunt
2263 4801 2446 4873 aliqua
2473 4818 2539 4857 ex
2570 4811 2726 4871 parte
2756 4817 2787 4856 a
2818 4803 2980 4857 nobis
3007 4803 3265 4873 indagata
3289 4843 3303 4866 ,
3334 4811 3549 4873 tempus
3576 4806 3688 4875 jam

2107 4904 2211 4961 est,
2254 4899 2314 4947 ut
2351 4893 2454 4947 hac
2493 4894 2744 4949 oratione
2776 4902 3007 4950 caeteras
3059 4894 3185 4949 vitae
3225 4896 3467 4950 rationes
3504 4911 3695 4965 perse-

2107 5000 2363 5056 quamur,
2396 5000 2518 5055 quae
2551 4985 3007 5056 paupertatibus,
3045 4986 3211 5041 rebus
3242 4986 3490 5041 adversis
3512 5025 3527 5051 ,
3561 4986 3693 5041 reli-

2110 5078 2346 5148 quisque
2384 5076 2655 5130 malorum
2693 5076 3059 5131 humanorum
3098 5084 3228 5132 sunt
3262 5077 3558 5146 implicatae
3594 5093 3694 5148 pe-

2112 5170 2293 5227 stibus
2317 5188 2331 5223 :
2359 5171 2552 5238 quales
2576 5169 2806 5223 omnino
2828 5179 2958 5224 sunt
2985 5169 3190 5235 febres,
3220 5169 3395 5224 morbi
3420 5211 3434 5236 ,
3464 5179 3517 5225 et
3544 5186 3694 5240 qua:-

2110 5275 2327 5331 cunque
2351 5260 2404 5315 id
2426 5260 2645 5329 generis
2666 5260 2919 5314 humana:
2937 5261 3061 5313 vita;
3081 5260 3437 5315 acciderunt:
3457 5276 3691 5330 quorum

2110 5352 2356 5411 omnium
2382 5353 2688 5422 periculum
2719 5364 2813 5406 aut
2840 5352 3099 5415 declinat,
3124 5361 3220 5406 ant
3243 5368 3437 5407 eorum
3462 5354 3692 5409 calamiv

2110 5451 2280 5501 tatem
2332 5447 2545 5516 aequius
2580 5444 2687 5500 fert
2722 5446 2803 5508 is,
2838 5444 2933 5514 qui
2970 5444 3075 5500 sibi
3110 5445 3279 5510 vivit,
3333 5453 3523 5517 utpote
3568 5461 3692 5502 cum

2114 5536 2295 5593 omnis
2327 5535 2449 5606 ejus
2480 5536 2679 5590 mentis
2709 5535 2971 5604 COgitatio
2998 5534 3055 5589 in
3084 5535 3206 5606 ipso
3233 5537 3481 5603 haereat,
3514 5554 3693 5609 nequa

2117 5630 2420 5686 alienarum
2457 5643 2641 5684 rerum
2677 5627 2827 5683 curis
2858 5626 3237 5685 abstrahatur.
3257 5628 3364 5701 Qui
3389 5644 3519 5688 vero
3550 5645 3688 5690 uxo-
