4106 6458
505 401 611 457 555

1750 386 1807 441 S.
1845 382 2178 441 GREGORII
2218 383 2508 441 NYSSENI

3663 387 3771 444 3'56

501 514 585 571 ris
633 524 698 567 ac
750 508 1045 565 liberorum
1105 505 1440 577 cogitatione
1494 503 1810 567 detinetur,
1855 507 2079 572 propter

2196 506 2292 567 τοῖς
2340 504 2491 567 ίδίοις
2542 501 2892 568 ἐπιστενάξαι
2929 504 3140 569 κακοῖς,
3189 478 3297 574 τῆς
3340 501 3453 556 τῶν
3506 500 3774 571 φιλτάτων

501 615 685 661 rerum
720 598 825 653 sibi
866 595 1322 652 charissimarum
1355 607 1580 657 curam,
1617 604 1739 662 qua:
1784 590 1837 643 in
1884 585 2080 642 alienis

501 692 661 748 malis
686 688 928 743 animum
966 698 1235 756 occupat,
1268 699 1413 755 saepe
1441 697 1544 738 nec
1572 683 1743 737 otium
1774 678 1998 749 quidem
2034 678 2081 731 is

501 782 665 837 habet
721 787 782 834 ut
823 778 944 833 suis
982 777 1103 847 ipse
1139 775 1321 831 doleat
1373 770 1758 827 incommodis.
1815 765 1923 821 Sed
1965 765 2079 819 foro

478 880 653 927 -tasse
688 882 1160 940 supervacaneum
1192 874 1277 921 est
1304 866 1425 919 haec
1454 872 1885 917 commemorare
1912 897 1927 922 ,
1959 868 2082 926 quae

498 963 940 1035 exploratissimo
967 966 1131 1015 sunt:
1156 956 1356 1013 etenim
1389 957 1435 1010 si
1459 961 1641 1007 tantus
1673 952 1845 1013 labor,
1865 956 2084 1002 tantave

501 1058 726 1111 miseria
759 1069 884 1109 cum
920 1053 987 1106 iis
1017 1049 1458 1120 conjuncta/est,
1488 1060 1610 1115 qua:
1643 1044 1699 1097 in
1732 1042 1900 1097 rebus
1935 1039 2084 1110 opti-

500 1150 608 1204 mis
637 1164 760 1202 esse
793 1145 1069 1207 videntur,
1100 1140 1229 1212 quid
1260 1139 1462 1209 aliquis
1491 1137 1560 1192 de
1591 1137 1756 1192 rebus
1781 1130 2078 1189 contrariis

480 1240 858 1310 cpinabitur,
915 1232 1359 1306 quandoquidem
1420 1237 1505 1285 est
1560 1228 1795 1284 veritate
1848 1223 2084 1280 inferior

502 1331 682 1385 omnis
724 1330 811 1383 illa
851 1325 1123 1382 sermonis
1163 1321 1460 1393 explicatio
1482 1363 1495 1387 ,
1526 1336 1632 1391 qua
1666 1319 1794 1390 quis
1827 1318 1967 1371 hanc
2003 1313 2086 1369 vi-

476 1430 616 1474 «tam
651 1419 720 1472 ob
755 1418 944 1471 oculos
979 1413 1222 1479 omnium
1285 1426 1490 1481 ponere
1531 1408 1805 1464 conatur?
1829 1408 2086 1461 Attamen

505 1512 708 1565 inultas
742 1509 975 1561 fortasse
1000 1505 1172 1574 hujus
1190 1503 1317 1556 vitae
1353 1500 1784 1571 injucunditatcs
1807 1513 1874 1553 ex
1897 1494 2087 1567 paucis

502 1600 872 1656 demonstrari
902 1597 1069 1651 licet:
1100 1594 1361 1665 quoniam
1385 1593 1586 1662 quibus
1614 1591 1719 1645 hoc
1752 1590 1879 1644 vitae
1908 1599 2089 1658 genus

503 1693 805 1762 contingit,
846 1689 891 1745 si
926 1695 1321 1757 comparentur
1350 1699 1474 1738 cum
1514 1684 1617 1749 iis,
1652 1683 1747 1754 qui
1790 1682 1932 1739 beati
1966 1693 2091 1736 esse

506 1786 799 1846 videntur,
841 1797 872 1836 e
909 1780 1074 1835 rebus
1111 1777 1409 1833 contrariis
1449 1776 1696 1831 dolorem
1752 1789 1818 1828 ac
1869 1772 2089 1828 maesti-

2186 594 2459 666 φροντίδος
2480 594 2579 667 τὴν
2600 594 2830 665 καρδίαν
2848 594 3229 667 περιεχούσης.
3260 593 3331 648 Ἦ
3355 593 3502 665 τάχα
3524 594 3776 661 περιττόν

2185 688 2300 741 ἐστι
2341 689 2452 751 τοῖς
2488 687 2939 758 ὁμολογουμένοις
2989 683 3342 757 ἐνδιατρίϐειν
3387 685 3469 756 τῷ
3503 684 3650 756 λόγῳ
3672 699 3687 714 ·
3730 689 3777 740 εί

2185 779 2293 851 γάρ
2335 781 2446 843 τοῖς
2495 778 2710 833 δοκοῦσι
2753 777 2938 841 καλοῖς
2980 777 3233 841 τοσοῦτος
3270 775 3434 839 πόνος
3468 776 3568 830 καὶ
3596 776 3779 830 ταλαι-

2187 870 2369 943 πωρία
2400 871 2773 936 συνέζευκται,
2804 870 2856 924 τί
2886 870 2951 924 ἄν
2979 887 3063 932 τις
3097 862 3226 940 περὶ
3245 868 3352 921 τῶν
3379 870 3642 921 ἐναντίων
3665 886 3780 922 στο-

2187 962 2443 1033 χάσαιτο;
2480 963 2658 1015 Ἥπου
2705 964 2856 1016 πᾶσα
2889 961 3046 1030 λόγου
3076 951 3369 1032 ὑπογραφὴ
3392 948 3503 1029 ’τῆς
3522 948 3779 1030 ’ἀληθείας

2187 1050 2425 1104 ἐλάττων
2455 1052 2590 1114 ἐστὶ,
2623 1050 2716 1104 τὸν
2748 1050 2862 1121 βίον
2892 1049 3074 1103 αὐτῶν
3104 1050 3195 1103 ὑπ’
3236 1049 3355 1119 ὄψιν
3397 1049 3632 1118 ἀγαγεῖν
3659 1052 3777 1103 ἐπι-

2162 1142 2465 1214 ·χειροῦσα.
2526 1141 2664 1195 Ἀλλ’
2713 1141 2858 1195 ἐστιν
2901 1143 3030 1205 ἴσως
3068 1139 3134 1194 δι’
3164 1140 3345 1208 ὀλίγου
3392 1139 3458 1193 τὸ
3507 1139 3640 1193 πολὺ
3686 1140 3778 1209 τῆς

2187 1233 2330 1287 κατά
2384 1232 2483 1304 τὴν
2539 1233 2683 1305 ζωὴν
2735 1232 2927 1304 ἀηδίας
2976 1230 3328 1296 ἐνδείξασθαι,
3385 1229 3471 1283 ὅτι
3526 1229 3779 1292 ἐναντίως

2190 1326 2327 1397 πρὸς
2357 1325 2483 1389 τοὺς
2508 1326 2800 1395 εὐημερεῖν
2827 1322 3117 1387 δοκοῦντας
3149 1320 3672 1397 συγκεκληρωμένοι
3703 1321 3778 1392 τῷ

2192 1415 2323 1487 βίῳ,
2345 1416 2439 1469 καὶ
2465 1402 2569 1479 ’τὰς
2598 1414 2774 1478 λύπας
2820 1413 2928 1467 ἀπὸ
2960 1413 3068 1467 τῶν
3100 1414 3358 1466 ἐναντίων
3410 1411 3619 1481 έχουσι.
3660 1411 3779 1474 Τοῖς

2193 1508 2292 1579 μὲν
2329 1506 2437 1580 γὰρ
2467 1504 2764 1576 εὖθυμοῧσι
2809 1506 3071 1576 ταράσσει
3111 1504 3201 1558 τὸν
3250 1503 3365 1575 βίον
3402 1506 3433 1557 6
3471 1501 3776 1574 προσδοκὼ-

2195 1615 2354 1670 μενος
2411 1597 2445 1669 ἢ
2492 1596 2588 1651 καὶ
2648 1597 3081 1667 παραγινόμενος
3143 1595 3409 1670 θάνατος,
3468 1593 3680 1658 τούτοις
3723 1595 3777 1647 δὲ

2167 1667 2450 1761 (συμφορά
2484 1690 2630 1743 ἐστιν
2673 1690 2706 1759 ἠ
2734 1671 2995 1767 ⁸ῥιναὸολτὶι
3042 1684 3137 1739 τοῦ
3167 1667 3402 1740 θανάτου
3428 1702 3443 1716 ο
3483 1685 3580 1739 καὶ
3610 1687 3639 1738 6
3686 1685 3778 1756 μὲν

2194 1780 2307 1852 βίος
2332 1768 2515 1845 αὐτοῖς
2549 1779 2686 1852 πρὸς
2709 1780 2770 1834 τὸ
2801 1780 3041 1834 ἐναντίον
3068 1778 3353 1850 διέστηκεν
3373 1818 3389 1841 ,
3423 1780 3457 1850 ἡ
3489 1779 3547 1832 δὲ
3582 1778 3778 1848 ἀθυμία

500 1877 638 1930 tiam
675 1872 919 1942 capiunt.
956 1867 1092 1923 Nam
1127 1868 1212 1924 his
1249 1867 1343 1938 qui
1383 1866 1644 1938 gaudenti
1690 1872 1824 1921 sunt
1862 1864 2046 1918 animo
2070 1903 2086 1931 ,

2196 1872 2333 1943 πρὸς
2377 1872 2438 1924 τὸ
2481 1871 2612 1924 αὐτὸ
2654 1869 2827 1942 πέρας
2859 1870 3191 1941 ἀμφοτέροις
3233 1864 3597 1940 συμφέρεται,
3630 1868 3778 1943 Οὕτω

496 1975 601 2021 .aut
631 1970 979 2035 exspectata,
1029 1969 1126 2016 aut
1161 1975 1283 2031 qua:
1317 1959 1429 2029 jam
1470 1959 1643 2013 instat
1680 1971 1830 2013 mors
1868 1963 2088 2026 pertur-

486 2058 785 2113 -hationem
816 2052 1017 2121 aﬂ‘ert;
1063 2052 1174 2108 illis
1227 2066 1360 2108 vero
1406 2050 1699 2106 calamitas
1748 2057 1835 2105 est
1884 2046 2082 2103 dilatio

485 2150 738 2205 mortis:
809 2146 1028 2216 vitaque
1074 2159 1263 2200 eorum
1315 2144 1460 2198 inter
1513 2158 1573 2199 se
1621 2140 1904 2197 contraria
1958 2147 2085 2205 est,

491 2242 776 2313 -quasique
826 2237 1114 2306 interjecto
1146 2236 1414 2297 diametro
1438 2234 1646 2290 distat:
1684 2234 1977 2302 utriusque
2011 2236 2091 2285 ta-

516 2350 639 2389 men
696 2330 1046 2386 imbecillitas
1102 2326 1272 2381 animi
1322 2326 1515 2381 eodem
1569 2325 1821 2395 termino,
1857 2321 2090 2378 commi-

510 2439 717 2483 scctur.
753 2422 1119 2490 Quamobrem
1174 2418 1460 2488 multiplex
1513 2425 1569 2473 et
1614 2415 1771 2472 varia
1803 2425 1890 2471 est
1927 2415 2088 2485 copia

513 2519 817 2581 malorum,
850 2530 974 2586 quae
1001 2528 1032 2568 a
1063 2510 1273 2583 nuptiis
1303 2510 1580 2566 exsistunt
1612 2527 1625 2564 :
1665 2506 1911 2562 dolorem
1940 2507 2089 2561 enim

515 2609 677 2665 liberi
719 2607 831 2662 nati
856 2620 1021 2677 aque
1053 2604 1388 2675 important,
1424 2613 1489 2655 ac
1523 2615 1632 2654 non
1669 2598 1821 2664 nati;
1870 2603 1925 2652 et
1964 2610 2091 2651 rur-

515 2711 615 2751 sus
653 2705 764 2750 tam
801 2693 947 2758 vivi,
987 2706 1150 2762 quam
1191 2689 1415 2745 mortui.
1456 2686 1559 2743 Hic
1597 2687 1741 2743 enim
1785 2684 2087 2741 liberorum

508 2786 862 2843 multitudine
909 2784 1146 2857 gaudet.
1195 2797 1321 2838 cum
1366 2796 1480 2837 non
1532 2780 1669 2836 satis
1704 2779 1905 2835 habeat
1939 2777 2090 2833 unde

507 2881 659 2946 alat;
719 2877 810 2931 ille
867 2889 1002 2930 vero
1066 2873 1282 2929 hrerede
1343 2879 1498 2928 caret
1566 2869 1896 2926 facultatum
1961 2885 2092 2927 sua-

512 2985 669 3034 rum,
698 2971 752 3022 in
783 2966 983 3037 quibus
1026 2965 1264 3020 maxime
1310 2961 1655 3018 elaboravit:
1704 2967 1872 3031 atque
1915 2961 2085 3014 unius

508 3061 730 3130 quidem
759 3059 901 3113 bona
932 3055 1152 3110 fortuna
1180 3055 1411 3109 alterius
1457 3052 1829 3108 calamitatem
1886 3050 2088 3118 efficit,

509 3167 636 3208 cum
665 3152 769 3206 sibi
804 3156 1038 3219 uterque
1073 3147 1205 3202 illud
1240 3146 1463 3203 evenire
1504 3144 1675 3209 velit,’
1708 3158 1820 3215 quo
1853 3143 2088 3198 alterum

2196 1956 2534 2035 πολύτροπός
2583 1966 2697 2017 ἐστι
2727 1963 2821 2041 καὶ
2853 1961 3069 2033 ποικίλη
3105 1961 3213 2016 τῶν
3252 1962 3319 2014 ἐκ
3346 1960 3444 2014 τοῦ
3478 1960 3657 2032 γάμου
3687 1978 3779 2014 κα-

2174 2058 2310 2112 ’κῶν
2338 2060 2370 2127 ἡ
2402 2056 2667 2128 χορηγία,⁹
2716 2043 3091 2125 λυποῦσιγάρ
3137 2054 3339 2125 ὁμοίως
3381 2052 3480 2107 καὶ
3516 2052 3779 2124 γινόμενοι

2198 2148 2384 2212 παῖδες
2419 2151 2514 2201 καὶ
2557 2147 2631 2219 μὴ
2674 2143 3054 2215 ἐλπιζόμενοι·
3110 2146 3204 2200 καὶ
3246 2144 3418 2199 πάλιν
3460 2143 3660 2209 ζῶντες
3693 2145 3780 2198 καὶ

2197 2235 2653 2306 ἀποθνήσκοντες.
2694 2233 2753 2287 Ὀ
2792 2232 2890 2305 μὲν
2929 2233 3038 2305 γὰρ
3072 2232 3387 2305 εὐθηνεῖται
3434 2235 3640 2296 παισὶν,
3668 2232 3779 2286 ούδέ

2171 2327 2404 2399 ’τροφῆς
2429 2325 2565 2397 έχων
2591 2323 2789 2388 ἱκανῶς
2806 2340 2820 2355 ·
2845 2324 2922 2396 τῷ
2944 2326 3001 2379 δὲ
3021 2325 3119 2396 οὐχ
3149 2324 3383 2379 ὕπεστιν
3414 2328 3442 2380 6
3467 2323 3560 2378 τοῦ
3585 2324 3773 2395 κλήρου

2196 2419 2438 2490 διάδοχος
2482 2418 2575 2472 ἐπὶ
2620 2417 2832 2481 πολλοῖς
2859 2413 2941 2481 οἷς
2983 2416 3309 2487 ἐμόχθησεν,
3341 2416 3445 2469 καὶ
3479 2418 3536 2469 ἐν
3572 2414 3778 2484 ἀγαθῶν

2202 2513 2366 2585 μοίρᾳ
2395 2510 2491 2583 τὴν
2535 2510 2642 2565 τῶν
2690 2509 2985 2581 ἀλλοτρίων
3017 2512 3251 2562 ποιεῖται
3295 2508 3621 2580 συμφοράνο
3659 2492 3777 2561 ἐκά-

2196 2621 2352 2674 τερος
2385 2600 2563 2655 αὐτῶν
2602 2602 2779 2654 ἐκεῖνο
2804 2598 3057 2676 γενέσθαι
3100 2598 3448 2669 βουλόμενος,
3489 2597 3572 2667 ἐφ’
3596 2588 3775 2665 ᾧδυσ-

2200 2692 2467 2767 φοροῦντα
2506 2693 2689 2763 βλέπει
2734 2692 2826 2747 τὸν
2874 2691 3079 2761 ἕτερον,
3121 2684 3192 2761 ᾯ
3241 2689 3340 2760 μὲν
3389 2689 3498 2760 γὰρ
3534 2687 3774 2758 τέθνηκεν

2199 2785 2553 2857 ήγαπημένος
2578 2787 2728 2849 παῖς,
2753 2781 2798 2852 ᾧ
2826 2783 2883 2836 δὲ
2913 2782 3117 2836 ἐπεϐίω
3154 2783 3182 2834 ὁ
3204 2782 3421 2844 ἄσωτος
3442 2797 3455 2810 ·
3491 2779 3703 2834 ἐλεεινοί
3723 2776 3774 2829 δέ

2200 2881 2528 2950 ἀμφότεροι·
2564 2881 2592 2932 6
2626 2877 2724 2948 μὲν
2761 2875 2854 2930 τὸν
2893 2875 3123 2931 θάνατον
3147 2874 3241 2928 τοῦ
3286 2873 3505 2938 παιδὸς,
3539 2874 3569 2924 6
3599 2871 3652 2925 δὲ
3683 2869 3773 2940 τὴν

2201 2970 2346 3041 ζωὴν
2375 2970 2716 3041 ὀδυρόμενος.
2765 2967 2871 3022 Ἐὧ
2921 2966 3248 3040 ζηλοτυπίας
3279 2965 3382 3037 καὶ
3430 2966 3626 3035 μάχας,
3673 2963 3772 3015 εἴτε

2201 3062 2514 3139 ἐξίάληθῶν
2543 3062 2903 3134 πραγμάτων,
2922 3057 3043 3114 ἐἴτε
3067 3059 3128 3125 ἐξ
3153 3057 3428 3113 ὑπονοιῶν
3457 3054 3769 3125 συνισταμέ-

2201 3172 2315 3221 νας,
2348 3156 2427 3218 εἱς
2472 3148 2559 3207 οἷα
2608 3153 2754 3226 πάθη
2788 3154 2878 3208 καὶ
2926 3152 3211 3225 συμφοράς
3255 3151 3645 3221 καταλήγουσι.
3686 3145 3772 3209 Τίς

511 3240 751 3297 cruciari
778 3237 950 3294 videt.
982 3241 1060 3292 Ac
1102 3238 1232 3292 huic
1276 3244 1530 3292 mortuus
1583 3243 1671 3292 est
1714 3236 2086 3291 suavissimus

2196 3249 2306 3318 γὰρ
2349 3246 2416 3300 ἂν
2461 3247 2639 3300 πάντα
2689 3245 2825 3317 μετά
2864 3247 3154 3317 ¹ἀκριϐείας
3185 3245 3664 3317 ἀπαριθμήσαιτος
3706 3240 3768 3292 Σὺ

510 3347 647 3404 puer
677 3351 689 3385 :
724 3330 804 3386 illi
835 3337 1061 3399 superat
1100 3328 1390 3399 prodigus.
1422 3325 1668 3396 Uterque
1699 3340 1835 3381 sane
1864 3324 2097 3380 commi-

512 3423 795 3480 seratione
819 3420 1020 3492 dignus
1046 3438 1059 3474 :
1096 3434 1242 3474 unus
1272 3419 1491 3489 quidem
1524 3417 1619 3472 lilii
1652 3424 1884 3473 mortem
1907 3456 1925 3483 ,
1955 3416 2095 3471 alter

511 3530 646 3572 vero
699 3514 867 3569 vitam
923 3513 1093 3584 luget.
1144 3510 1415 3565 Praetereo
1460 3510 1662 3580 quibus
1710 3508 1998 3565 affectibus
2045 3516 2098 3563 et

502 3606 918 3662 calamitatibus
960 3603 1341 3675 suspiciones,
1382 3611 1438 3658 et
1473 3602 1642 3667 rixze,
1685 3600 1770 3657 vel
1824 3616 1891 3656 ex
1932 3600 2097 3656 rebus

513 3703 656 3757 veris
677 3739 692 3763 ,
727 3699 812 3754 vel
839 3713 870 3754 c
904 3698 1065 3753 falsis
1100 3695 1530 3766 cogitationibus
1558 3700 1766 3750 exortae
1794 3692 2099 3748 terminen-

496 3802 625 3848 tur.
660 3791 800 3856 Quis
831 3790 977 3844 enim
1010 3787 1196 3843 omnia
1244 3786 1537 3857 diligenter
1584 3798 1818 3840 narrare
1862 3781 2100 3853 posset?

511 3885 599 3939 .Tu
628 3898 759 3939 vero
786 3880 835 3938 si
862 3879 1005 3936 scire
1030 3878 1116 3933 vis
1138 3915 1153 3943 ,
1183 3887 1243 3931 ut
1272 3877 1359 3932 his
1388 3877 1556 3932 rebus
1587 3877 1694 3930 vita
1716 3875 1787 3929 sit
1811 3872 2099 3928 hominum

516 3975 839 4046 implicata,
881 3985 952 4026 ne
991 3969 1123 4023 mihi
1163 3979 1381 4039 repetas
1424 3967 1681 4036 antiquas
1710 3963 2098 4028 narrationes,

503 4082 638 4138 qua:
702 4063 880 4136 poetis
937 4060 1253 4115 fabularum
1310 4065 1637 4128 argumenta
1697 4055 2096 4127 praebuerunt;

518 4176 647 4217 nam
689 4168 913 4228 propter
954 4152 1333 4209 incredibilem
1381 4148 1675 4222 quamdam
1727 4148 2100 4204 insulsitatem

502 4254 719 4309 .fabulae
753 4252 860 4306 illae
877 4248 1112 4320 quidem
1156 4252 1460 4318 putantur:
1498 4243 1554 4296 in
1585 4241 1672 4297 his
1705 4240 1851 4296 enim
1899 4240 2101 4294 libero-

510 4360 639 4400 rum
672 4343 851 4400 cades
875 4381 890 4406 ,
920 4356 985 4396 ac
1012 4339 1344 4395 voracitates
1366 4376 1381 4402 ,
1416 4334 1647 4390 fratrum
1677 4329 2097 4395 trucidationes,

519 4440 766 4493 virorum
816 4448 1018 4499 neces,
1081 4438 1321 4485 matrum
1364 4427 1850 4497 interemptiones,
1903 4421 2099 4479 nefarii

520 4529 700 4584 coitus
719 4565 733 4590 ,
762 4532 817 4580 et
845 4522 996 4577 varia
1027 4521 1265 4591 denique
1293 4527 1506 4573 natura:
1532 4516 1871 4588 perturbatio
1891 4554 1906 4581 ,
1936 4513 2098 4583 cujus

520 4614 1098 4675 commemorationem
1126 4612 1196 4674 ii,
1223 4611 1315 4680 qui
1342 4618 1527 4665 vetera
1551 4614 1810 4673 narrant,
1832 4621 1863 4660 a
1890 4604 2097 4676 nuptiis

519 4707 906 4771 exordiuntur,
933 4702 1363 4773 hujusmodique
1388 4700 1797 4755 calamitatibus
1827 4697 2101 4752 narratio-

523 4818 645 4859 nem
679 4801 854 4870 ipsam
887 4795 1249 4851 concludunt.
1287 4791 1488 4848 Verum
1536 4791 1795 4846 omnibus
1836 4789 1922 4844 his
1964 4802 2106 4858 prae-

521 4892 829 4957 termissis,
870 4899 927 4944 tu
966 4888 1129 4943 velint
1164 4888 1220 4941 in
1257 4887 1423 4955 hujus
1465 4885 1588 4939 vita:
1639 4884 1855 4938 theatro
1896 4892 2103 4950 tragoe—

456 4990 478 5049 *ε
521 4986 641 5041 dias
672 4991 887 5055 spectes
907 5022 922 5048 ,
953 4995 1189 5050 quarum
1216 4977 1443 5033 omnino
1471 4976 1742 5031 ministrae
1774 4972 2097 5028 hominibus

474 5070 477 5073 ⁷
522 5077 725 5149 nuptize
754 5083 906 5131 sunt.
945 5069 1084 5127 Veni
1112 5070 1179 5126 ad
1209 5069 1454 5139 judicia,
1485 5074 1765 5139 pertracta
1793 5064 1864 5120 de
1902 5063 1988 5119 his
2020 5063 2098 5117 le-

520 5185 637 5239 ges,
661 5166 911 5222 invenies
936 5164 992 5219 in
1016 5164 1128 5219 illis
1150 5176 1238 5217 res
1262 5160 1330 5216 de
1357 5159 1564 5229 nuptiis
1587 5158 1828 5213 nefarias
1859 5174 1872 5211 :
1906 5169 2102 5226 quem-

519 5259 816 5315 admodum
867 5259 1051 5323 enim,
1086 5269 1216 5311 cum
1253 5253 1498 5309 medicos
1554 5251 1623 5305 de
1674 5248 1844 5304 variis
1884 5246 2096 5302 morbis

522 5352 864 5406 disserentes
913 5346 1193 5411 audieris,
1235 5342 1807 5412 animadverterisque
1852 5340 2100 5411 quibus,

2131 4578 2177 4633 D

2199 3336 2254 3389 δὲ
2278 3339 2324 3389 εἰ
2349 3335 2523 3406 βούλει
2550 3336 2759 3407 μαθεῖν,
2795 3338 2942 3401 ὅπως
2977 3336 3358 3408 ἐμπέπλησται
3396 3334 3503 3387 τῶν
3535 3331 3770 3388 τοιούτων

2202 3428 2390 3482 κακῶν
2415 3429 2449 3500 ἡ
2478 3427 2794 3510 ἀνθρωπίνη
2830 3420 2976 3499 ζωὴ(
3004 3429 3076 3499 μή
3118 3445 3207 3498 μοι
3240 3416 3536 3499 ’ἀναλάϐῃς
3567 3423 3633 3478 τὰ
3674 3438 3768 3475 πα-

2199 3520 2329 3575 λαιά
2353 3522 2689 3594 διηγήματα,
2734 3521 2771 3575 ἀ
2793 3524 2905 3587 τοῖς
2936 3525 3187 3593 ποιηταῖς
3217 3522 3326 3577 τῶν
3366 3522 3659 3594 δραμάτων
3682 3517 3769 3581 τὰς

2201 3613 2486 3678 ὑποθέσεις
2518 3614 2684 3667 ἔδωκε
2703 3631 2716 3644 ·
2766 3613 2924 3685 μῦθοι
2951 3615 3060 3685 γάρ
3088 3616 3272 3668 ἐκεῖνα
3298 3612 3395 3668 διὰ
3420 3614 3518 3685 τὴν
3560 3608 3771 3680 ὑπερὸο-

2200 3704 2298 3780 λὴν
2329 3706 2428 3776 τῆς
2452 3706 2687 3771 ἀτοπίας
2709 3706 3037 3778 νομίζονται,
3079 3709 3137 3760 ἐν
3177 3700 3259 3769 οἷς
3287 3704 3649 3774 παιδοφονίαι,
3687 3700 3771 3754 καὶ

2200 3799 2587 3868 τεκνοφαγίαι,
2604 3799 2751 3873 φόνοι
2779 3818 2838 3853 τε
2863 3799 3095 3871 ἀνδρῶν,
3126 3798 3222 3852 καὶ
3252 3797 3659 3869 μητροκτονίαι,
3687 3790 3770 3846 καὶ

2201 3888 2447 3959 ἀδελφῶν
2483 3890 2708 3959 σφαγαὶ,
2739 3890 2835 3943 καὶ
2867 3889 3041 3961 μίξεις
3079 3882 3414 3961 παράνομοι,
3454 3887 3547 3941 καὶ
3583 3888 3614 3956 ή
3647 3899 3770 3937 παν·

2199 3980 2432 4053 τοδαπὴῖ
2455 3981 2554 4052 τῆς
2599 3980 2813 4051 φύσεως
2852 3981 3111 4052 σύγχυσις
3130 3995 3145 4010 ’
3186 3981 3260 4051 ἢν
3286 3968 3353 4032 οί
3381 3980 3449 4033 τά
3480 3979 3672 4050 ἀρχαῖα
3699 3973 3769 4026 δι-

2202 4073 2494 4145 ηγούμενοι
2528 4074 2638 4128 άπὸ
2665 4074 2858 4146 γάμων
2884 4074 3175 4146 ἀρχόμενοι
3197 4061 3294 4144 τῆς
3324 4073 3668 4143 ἀφηγήσεως.
3694 4066 3765 4129 εἰς

2202 4165 2300 4230 τὰς
2344 4166 2597 4229 τοιαύτας
2637 4167 2921 4239 συμφορὰς
2949 4165 3369 4236 καταλήγουσιν.
3423 4162 3560 4216 Ἀλλ’
3598 4158 3766 4215 ἐκεῖνα.

2204 4259 2383 4312 πάντα
2415 4258 2753 4323 καταλιπὼν,
2784 4257 3062 4329 θεώρησον
3090 4254 3182 4309 ἐπὶ
3221 4257 3322 4326 τῆς
3367 4254 3643 4325 παρούσης
3680 4245 3765 4302 τοῦ

2206 4348 2322 4419 βίου
2365 4350 2569 4421 σκηνῆς
2599 4348 2697 4413 τάς
2741 4350 2799 4402 ἐν
2851 4347 2998 4417 αύτῷ
3045 4346 3385 4418 τραγῳδίας”
3430 4340 3505 4400 ὧν
3552 4338 3767 4415 χορηγὸς

2202 4442 2411 4509 γίνεται
2438 4443 2550 4503 τοῖς
2577 4438 2888 4510 ἀνθρώποις
2910 4441 2938 4492 6
2973 4439 3171 4509 γάμος.
3218 4436 3372 4493 Ἐλθὲ
3404 4437 3497 4490 ἐπὶ
3535 4434 3601 4488 τά
3626 4431 3767 4485 δικα-

2207 4530 2424 4600 στήρια,
2472 4528 2745 4598 ἀνάγνωθι
2792 4530 2916 4593 τοὺς
2965 4530 3090 4600 περὶ
3137 4528 3341 4583 τούτων
3391 4527 3616 4597 νόμους,
3662 4518 3769 4573 ἐκεῖ

2205 4621 2430 4690 κατόψει
2457 4620 2525 4673 τά
2563 4620 2671 4674 τῶν
2700 4620 2894 4690 γάμων
2934 4620 3244 4692 άπόρῤητα.
3281 4620 3494 4690 Ὠσπερ
3521 4617 3624 4686 γάρ
3652 4612 3766 4666 ὅταν

2209 4712 2410 4785 ἰατρῶν
2457 4711 2696 4784 ἀκούσῃς
2742 4711 2812 4765 τά
2858 4712 3078 4766 ποικίλα
3118 4711 3266 4782 πάθη
3315 4710 3635 4779 διεξιόντων,
3677 4701 3767 4771 τὴν

2206 4801 2499 4874 ἀθλιότητα
2547 4802 2836 4873 μανθάνεις
2859 4802 2953 4854 τοῦ
2982 4802 3324 4874 ἀνθρωπίνου
3361 4801 3624 4872 σώματος,
3653 4793 3766 4846 οἴων

2207 4891 2301 4945 καὶ
2346 4892 2488 4946 ὅσων
2523 4893 2709 4948 κακῶν
2741 4894 2988 4949 δεκτικόν
3029 4897 3144 4947 ἐστι
3172 4883 3585 4964 διδασκόμενος·
3611 4884 3766 4942 οὕτως

2206 4982 2427 5036 ἐπειδάν
2450 4987 2560 5047 τοῖς
2588 4984 2774 5054 νόμοις
2808 4987 3058 5061 ἐντύχῃς,
3095 4988 3189 5041 καὶ
3232 4985 3376 5056 γνῷς
3401 4984 3496 5047 τὰς
3525 4973 3766 5046 πολυτρό-

2210 5088 2345 5134 πους
2382 5073 2489 5127 τῶν
2531 5076 2725 5145 γάμων
2771 5078 3136 5148 παρανομίας,
3183 5076 3307 5131 καθ’
3332 5069 3406 5130 ὧν
3450 5074 3643 5127 ἐκεῖνοι
3680 5064 3766 5124 τὰς

2208 5164 2477 5236 τιμωρίας
2513 5166 2803 5238 ὁρίζουσιν,
2836 5170 3078 5242 ἀκριϐῶς
3117 5169 3344 5243 διδάσκῃ
3379 5166 3472 5222 τοῦ
3510 5162 3679 5234 γάμου
3700 5152 3766 5243 ,τὰ

2211 5253 2339 5309 ἴδια.
2371 5255 2506 5311 Οὔτε
2539 5260 2649 5331 γὰρ
2699 5261 2879 5332 ἰατρὸς
2916 5241 2990 5315 τά
3021 5260 3097 5333 μὴ
3125 5261 3254 5315 ὄντα
3297 5241 3585 5331 θεραπεύει
3613 5241 3766 5313 πάθη.

2210 5344 2333 5400 οὔτε
2361 5347 2525 5421 νόμος
2559 5351 2629 5406 τά
2672 5352 2747 5424 μὴ
2779 5352 3037 5425 γινόμενα
3076 5351 3367 5424 θεραπεύει
3406 5347 3569 5405 κακά.

521 5448 722 5509 quotve
754 5439 961 5495 morbis
991 5455 1193 5509 corpus
1222 5440 1522 5493 humanum
1562 5435 1700 5489 allici
1744 5439 1955 5504 potest,
1998 5432 2144 5491 illius
2179 5438 2432 5496 miserias
2494 5443 2822 5512 cognoscis:
2894 5443 2968 5497 ita
3037 5459 3104 5499 ex
3168 5445 3407 5515 legibus,
3474 5452 3593 5494 cum
3655 5444 3761 5504 per-

525 5530 728 5601 spicias
755 5528 943 5595 multa,
983 5538 1038 5586 et
1069 5530 1241 5596 varia,
1269 5546 1393 5599 quae
1415 5529 1470 5582 in
1493 5526 1700 5596 nuptiis
1724 5529 1932 5581 scelera
1955 5527 2398 5596 committuntur,
2425 5548 2658 5603 quorum
2685 5549 2858 5605 pusum
2896 5534 3111 5605 legibus
3133 5536 3268 5606 ipsis
3298 5532 3643 5591 definiuntur,
3685 5536 3760 5577 ac-

521 5631 718 5674 ειπαιο
742 5617 1024 5689 ίηιειιίεῖε.
1051 5634 1173 5687 «ιιιπ
1194 5630 1323 5676 sum
1346 5619 1663 5690 nuptiarum
1692 5616 1914 5687 ρτορνῑει
1944 5634 1957 5670 τ
1993 5630 2172 5685 neque
2200 5620 2347 5676 enim
2377 5631 2471 5677 aut
2499 5624 2745 5681 medicus
2770 5638 2885 5693 eos,
2912 5625 3007 5695 qui
3039 5641 3147 5681 non
3171 5633 3321 5692 sunt,
3353 5622 3570 5679 morbos
3595 5617 3761 5673 curat.

517 5730 617 5772 nec
640 5710 849 5770 delicta
871 5711 993 5767 item
1017 5752 1031 5777 ,
1071 5728 1190 5781 quae
1218 5731 1329 5773 non
1369 5716 1811 5779 couuuittuntur,
1842 5714 1988 5784 leges
2019 5711 2279 5782 puniunt.

1972 6423 2219 6434 μηιη--μα
2263 6424 2362 6432 ᾖ
