4106 6432
332 368 436 449 ³δῖ

974 485 1218 539 ΚΕΦΑΛ.
1254 485 1326 541 Δ’.

1709 367 1797 453 DE
1834 365 2313 424 VIRGINITATE..

1968 499 2016 556 Α

3524 366 3630 421 538
3646 410 3652 415 .

2660 481 2886 538 CAPUT
2926 480 3017 538 ιν.

346 596 478 655 ὀὶι
525 597 728 653 πάντα
767 598 847 654 τὰ
879 601 1028 654 κατὰ
1063 599 1170 653 τὸν
1190 596 1336 668 ,βίον
1355 597 1568 668 ἄτοπα,
1605 597 1717 666 τὴν
1742 599 1939 668 ἀρχὴν

2045 594 2385 668 Quaecunque
2434 593 2490 668 in
2523 591 2625 668 [tae
2671 595 2779 668 vita
2822 595 3060 668 eueniunt
3107 594 3374 668 absurda,
3418 597 3631 652 initium

421 670 542 726 ἀπὸ
570 669 679 724 τοῦ
708 669 907 739 γάμου
934 671 1057 738 ἔχει
1079 685 1090 697 '
1113 662 1248 739 ἐνζίῷ
1280 668 1377 723 καί
1408 667 1532 733 οἷος
1554 662 1590 734 ὃ
1617 662 1940 738 κάτᾱάλῆ-

422 744 589 797 θείαν
622 737 1089 810 ἀποταξάμενος
1111 737 1192 803 τῷ
1222 740 1340 806 ,βίῳ
1370 739 1562 793 ἐστίν.

322 825 341 869 ί
421 848 637 904 Μᾶλλον
680 849 737 902 δὲ
784 849 840 903 τί
879 849 991 920 χρὴ
1015 849 1354 919 μικρολόγως
1399 848 1492 903 τοῦ
1540 850 1782 904 τοιούτου
1821 851 1937 922 βίου

346 942 450 1015 τὴν
492 942 721 997 ἀτοπίαν
756 942 1019 1012 ἐλέγχειν,
1044 945 1100 995 ἐν
1144 942 1330 1013 μόναις
1374 942 1639 1013 μοιχείαις
1660 984 1675 1007 ,
1707 944 1802 998 καὶ
1827 945 1940 999 δια-

351 1035 600 1098 στάσεσι,
634 1034 731 1087 καὶ
770 1034 1080 1097 ἐπιϐουλαῖς
1101 1034 1513 1105 περιορίζοντας
1532 1036 1631 1106 τὴν
1655 1036 1763 1091 τῶν
1798 1055 1939 1108 συμι
1960 1109 1971 1115 ς

350 1125 540 1197 φορῶν
570 1124 919 1197 ,ἀρίθμησινς
953 1123 1099 1177 δοκεῖ
1134 1124 1243 1195 γάρ
1279 1141 1365 1195 μοι
1395 1123 1472 1195 τῷ
1502 1124 1816 1198 ὑψηλοτέρῳ
1843 1126 1939 1180 καὶ

351 1214 703 1285 ἀληθεστέρῳ
735 1212 900 1284 λόγῳ,
932 1215 1079 1266 πᾶσα
1122 1215 1156 1283 ἡ
1184 1212 1275 1266 τοῦ
1333 1212 1448 1284 βίοῠ
1485 1208 1690 1281 κακία,
1718 1217 1751 1287 ἠ
1803 1217 1954 1271 πᾶσι.

354 1304 649 1374 πράγμασι
692 1303 787 1355 καὶ
822 1302 1247 1372 ἐπιτηδεύμασιν
1303 1301 1732 1375 ἐνθεωρουμένη,
1776 1305 1940 1377 μηδε-

356 1395 488 1465 μίαν
518 1395 791 1465 εὑρίσκειν
818 1393 990 1466 ἀρχὴν
1025 1392 1164 1446 κατά
1199 1393 1300 1463 τῆς
1327 1394 1421 1447 τοῦ
1451 1394 1739 1467 ἀνθρώπου
1770 1396 1936 1469 ζωῆς,

352 1487 409 1538 εἰ
430 1503 512 1547 τις
551 1483 848 1561 ἐαυτὸν-μὴ
891 1484 1163 1563 ὑπαγάγοι
1191 1487 1257 1567 τῇ
1289 1485 1500 1556 ἀνάγκῃ
1539 1486 1632 1540 τοῦ
1671 1487 1785 1558 βίου
1820 1487 1940 1541 τού-

352 1591 471 1628 του.
515 1574 674 1628 Οὕτω
710 1575 765 1627 δὲ
785 1575 913 1644 ἡμῖν
944 1576 976 1644 ή
1007 1573 1230 1644 ἀλήθεια
1250 1574 1343 1627 τοῦ
1370 1575 1936 1650 λόγουφανερωθήσε-

350 1685 466 1720 ται.
509 1669 567 1720 '0
584 1668 683 1738 τὴν
715 1666 807 1719 τοῦ
837 1665 950 1736 βίου
994 1666 1185 1719 τούτου
1219 1668 1434 1739 ἀπάτην
1468 1671 1809 1740 κατανοήσας
1837 1688 1938 1724 κα-

356 1758 508 1829 θαρῷ
545 1757 619 1827 τῷ
645 1758 743 1828 τῆς
787 1756 969 1827 ψυχῆς
1010 1758 1293 1829 ὀφθαλμῷ,
1341 1758 1435 1831 καὶ
1474 1761 1801 1831 ὑψηλότερος
1829 1760 1937 1814 τῶν

2114 664 2653 739 ᾳὸμηαριξὶθῂίιαὺεηι..
2704 665 2911 739 Qualis
2945 666 3069 739 item
3101 681 3212 737 esse
3243 664 3426 721 debeat
3456 668 3503 722 is
3538 668 3628 739 qui

2113 734 2271 803 hujus
2301 750 2355 788 se
2384 733 2503 788 vita:
2532 735 2781 789 societate
2807 734 3108 789 abduxerit.

2110 850 2180 904 At
2228 864 2360 905 vero
2411 850 2545 920 quid
2601 849 2770 920 hujus
2823 851 2951 906 vitae
3009 851 3415 907 absurditatem
3472 851 3627 907 brevi

2040 940 2291 995 oratione
2327 940 2719 1010 praestringere
2754 955 2853 996 nos
2889 948 3140 1011 oportet,
3173 941 3267 1011 qui
3301 940 3589 997 adulteriis
3614 982 3630 1009 ,

2040 1027 2332 1094 dissidiis,‘
2354 1026 2805 1086 dissensionibus
2829 1071 2844 1095 ,
2876 1040 3042 1102 atque
3081 1031 3302 1087 insidiis
3339 1032 3630 1086 calamita-

2041 1131 2158 1176 tum
2187 1121 2663 1177 enumerationem
2693 1118 3099 1178 terminemus?
3127 1121 3330 1177 veriori
3357 1123 3506 1177 enim
3540 1138 3630 1177 ra—

2041 1214 2199 1269 tione
2233 1214 2371 1269 mibi
2403 1214 2584 1270 omnis
2609 1214 2734 1268 vitae
2765 1213 3125 1284 improbitas,
3161 1230 3287 1285 quae
3321 1222 3376 1271 et
3409 1215 3632 1270 cunctis

2038 1305 2097 1359 in
2133 1304 2302 1360 rebus
2325 1346 2337 1370 ,
2368 1314 2422 1360 et
2456 1304 2656 1360 studiis
2695 1305 2967 1368 cernitur,
3003 1304 3215 1359 nullum
3246 1305 3302 1359 in
3338 1305 3624 1360 hominum

2040 1395 2153 1449 vita
2207 1394 2502 1465 imperium
2549 1395 2751 1450 habere
2797 1394 3034 1459 videtur,
3077 1396 3187 1451 nisi
3234 1396 3360 1465 quis
3423 1396 3622 1466 hujus-

2041 1484 2190 1539 modi
2242 1486 2369 1540 vitae
2416 1487 2800 1542 necessitatem
2846 1486 2950 1541 sibi
2979 1488 3098 1557 ipse
3131 1488 3401 1557 imponat.
3452 1488 3632 1557 Atque

2041 1575 2145 1631 hoc
2166 1576 2385 1646 quidem
2414 1576 2577 1631 modo
2607 1578 2772 1647 hujus
2799 1578 3068 1634 orationis
3095 1578 3299 1634 veritas
3325 1578 3486 1634 nobis
3511 1593 3630 1648 ape-

2039 1667 2231 1722 rietur.
2273 1667 2377 1734 Qui
2405 1667 2569 1739 hujus
2597 1669 2719 1726 vitae
2752 1668 2976 1726 fraudes
3022 1686 3164 1741 puro
3219 1672 3420 1727 mentis
3463 1688 3632 1728 sensu

2003 1760 2462 1839 'animadvertit,
2497 1769 2552 1816 et
2588 1761 2757 1818 altius
2786 1776 2816 1816 a
2851 1763 3047 1829 rebus,
3073 1778 3197 1834 quae
3230 1764 3321 1818 hic
3355 1771 3629 1834 expetun-

353 1849 593 1927 ἐνταῦθα
616 1848 1060 1920 σπουδαζομένων
1080 1851 1389 1928 γενόμενος’
1417 1850 1533 1917 καὶ,
1566 1850 1748 1924 καθώς
1770 1869 1932 1923 φησιν

2045 1857 2143 1915 tur,
2193 1867 2252 1907 se
2283 1852 2461 1919 tollit,
2499 1852 2831 1922 omniaque,
2879 1859 2937 1906 ut
2966 1860 3052 1908 est
3094 1851 3239 1923 apud
3282 1853 3630 1923 Apostolum,

353 1942 384 1995 6
423 1924 773 2003 Ἀπόστολος,
800 1940 1050 2010 καθάπερ
1074 1940 1193 1994 τινὰ
1226 1924 1434 2012 δυσώδη
1487 1941 1729 1995 σκύϐαλα
1764 1942 1940 1997 πάντα

355 2032 654 2104 περιορῶν,
684 2034 775 2086 καὶ
817 2033 1016 2103 τρόπον
1064 2033 1184 2086 τινὰ
1215 2033 1309 2086 τοῦ
1343 2033 1458 2103 βίου
1492 2034 1690 2098 παντὸς
1729 2034 1818 2088 διὰ
1842 2036 1942 2106 τῆς

354 2123 453 2178 τοῦ
488 2123 669 2193 γάμου
704 2124 1102 2193 ἀναχωρήσεως
1147 2124 1336 2177 ἐαυτὸν
1372 2124 1663 2194 ἐξοικίσας,
1687 2126 1943 2197 οὐδεμίαν

355 2215 472 2286 ἔχει
515 2214 799 2268 κοινωνίαν
834 2215 969 2284 πρὸς
998 2215 1067 2269 τὰ
1095 2217 1241 2269 κακὰ
1270 2215 1339 2269 τὰ
1376 2215 1692 2285 ἀνθρώπινα
1726 2216 1945 2272 ·-πλεον-

359 2307 512 2371 εξίαν
536 2305 678 2374 λέγω
695 2306 788 2359 καὶ
818 2305 1029 2373 φθόνον,
1056 2307 1225 2377 ὀργήν
1252 2323 1311 2359 τε
1342 2307 1436 2360 καὶ
1465 2309 1638 2378 μῖσος,
1670 2309 1763 2362 καὶ
1782 2310 1944 2380 κενῆς

357 2380 517 2466 δόξης
561 2395 891 2466 ἐπιθυμίαν,
928 2398 1021 2450 καὶ
1051 2396 1121 2449 τὰ
1168 2396 1433 2451 ἄλλα-ὃσα
1463 2397 1705 2452 τοιούτου
1757 2401 1947 2470 γένους

360 2472 532 2538 ἐστίν’.
564 2485 786 2540 Πάντων
826 2486 883 2538 δὲ
930 2484 1037 2538 τῶν
1065 2485 1320 2540 τοιούτων
1348 2487 1447 2559 τὴν
1492 2488 1739 2544 ἀτέλειαν
1784 2489 1944 2562 ἔχων,

359 2579 458 2632 καὶ
486 2577 575 2631 διὰ
609 2578 827 2631 πάντων
856 2576 1246 2648 ἐλευθεριάζων
1272 2580 1365 2632 καὶ
1392 2580 1688 2652 εἰρηνεύων
1717 2580 1794 2652 τῷ
1823 2581 1944 2654 βίῳ,

359 2671 462 2725 οὐκ
504 2670 649 2723 ἐστιν
695 2671 781 2739 ἐφ’
820 2662 925 2737 ᾧτε
974 2670 1335 2742 φιλονεικήσει
1385 2674 1498 2736 τοῖς
1544 2674 1819 2742 γειτνιῶσι
1856 2676 1947 2731 τὸν

360 2748 580 2829 φθόνον,
608 2759 819 2823 οὐδενὸς
848 2758 956 2839 τῶν
979 2759 1236 2813 τοιούτων
1266 2762 1589 2832 ἁπτόμενος,
1606 2758 1687 2828 οἷς
1711 2767 1738 2817 6
1757 2765 1950 2835 φθόνος

359 2853 421 2904 ἐν
440 2854 507 2921 τῇ
542 2852 652 2921 ζωῇ
693 2850 1020 2921 περιφύεται
1054 2867 1067 2881 '
1104 2852 1303 2915 παντὸς
1342 2859 1447 2925 γὰρ
1478 2854 1581 2907 τοῦ
1619 2857 1824 2928 κόσμου
1850 2859 1948 2931 τὴν

359 2940 561 2995 ἑαυτοῦ
593 2942 737 3012 ζωὴν
763 2941 1065 3013 ὑπεράρας,
1089 2944 1182 2996 καὶ
1225 2944 1383 3014 μόνον
1408 2945 1585 3016 τίμιον
1604 2947 1782 3019 ἐαυτῷ
1819 2951 1952 3022 κτῆ-

364 3051 446 3103 μα
459 3032 692 3103 νομίζων
718 3032 815 3105 τὴν
840 3034 1059 3105 ἀρετὴν,
1079 3035 1280 3090 ἄλυπόν
1307 3054 1428 3094 τινα
1456 3041 1835 3114 καὶείρηνικὸν
1856 3044 1979 3104 καὶ,

361 3122 577 3193 ἄμαχον
606 3121 871 3193 βιοτεύσει
906 3122 1040 3193 βίον.
1059 3125 1169 3196 Τῆς
1190 3128 1297 3197 γὰρ
1323 3127 1521 3198 ἀρετῆς
1549 3132 1581 3200 ἡ
1605 3130 1818 3201 κτῆσις,
1847 3132 1949 3186 κᾶν

360 3212 568 3275 πάντες
595 3212 893 3303 μετέχωσιν
924 3214 1094 3285 αὐτῆς
1126 3215 1420 3286 ἄνθρωποι,
1449 3219 1591 3273 κατά
1615 3222 1713 3293 τὴν
1751 3222 1945 3277 ἑαυτοῦ

361 3304 597 3374 δύναμιν
622 3304 872 3373 ἕκαστος,
904 3306 990 3359 ἀεὶ
1021 3306 1236 3377 πλήρης
1256 3309 1365 3373 τοῖς
1389 3310 1744 3382 ἐπιθυμοῦσίν
1763 3315 1912 3367 ἐστιν
1930 3332 1944 3347 ο

362 3395 428 3449 οὐ
461 3395 601 3449 κατὰ
626 3395 723 3466 τὴν
758 3397 849 3448 ἐπὶ
882 3386 998 3466 γῆςί
1012 3390 1222 3469 κτῆσιν,
1247 3390 1675 3471 ἦν’διαιροῦντες
1697 3404 1777 3466 εἰς
1803 3405 1947 3475 τμής

367 3504 539 3559 ματα,
555 3488 679 3541 ὅσον
701 3488 767 3542 ἂν
791 3488 1066 3561 προσθῶσι
1089 3493 1152 3562 τῇ
1183 3493 1283 3563 μιᾷ
1309 3493 1505 3563 μερίδι,
1531 3493 1783 3549 τοσοῦτον
1802 3495 1946 3565 ὑφεί-

362 3577 521 3631 λοντο
543 3568 640 3649 τῆς
663 3579 881 3649 ἐτέρας,
917 3582 1012 3634 καὶ
1062 3581 1397 3652 πλεονασμὸς
1425 3582 1518 3637 τοῦ
1549 3585 1687 3652 ἐνὸς,
1713 3586 1946 3640 ἐλάττω-

365 3669 453 3732 σίς
485 3671 602 3722 ἐστι
633 3669 724 3723 τοῦ
755 3659 1201 3743 συμμετέχοντος.
1238 3675 1398 3728 Ὅθεν
1426 3676 1538 3743 ⁵καὶ
1578 3678 1633 3730 αί
1680 3679 1807 3749 περὶ
1851 3677 1945 3732 τοῦ

268 3758 271 3761 “
361 3759 612 3824 πλείονος
632 3761 818 3832 μάχαι,
854 3762 941 3817 διὰ
956 3763 1015 3816 τὸ
1046 3764 1180 3835 πρὸς
1199 3764 1256 3817 τὸ
1273 3764 1624 3820 ἐλαττοῦσθαι
1657 3770 1811 3838 μῖσος
1833 3770 1947 3832 τοῖς

358 3843 672 3925 ἀνθρώποις
706 3855 1045 3910 συνίστανται
1066 3874 1087 3889 ν
1106 3858 1313 3911 ἐκείνου
1337 3858 1392 3912 δὲ
1421 3859 1773 3929 ἀνεπίφθονός
1801 3855 1946 3915 ἐστιν

360 3946 398 4015 ή
430 3945 713 4013 πλεονεξία
750 3936 855 4000 τού
870 3949 1166 4020 κτήματος,
1198 3953 1288 4003 καὶ
1310 3954 1338 4004 6
1368 3952 1426 4005 τὸ
1456 3951 1638 4007 πλεῖον
1668 3956 1942 4025 ἀρπάσας,

360 4035 624 4105 οὐδεμίαν
651 4039 845 4109 ἤνεγκε
883 4028 1083 4110 ζήμίαν
1122 4040 1200 4112 τῷ
1237 4047 1523 4114 μετασχεῖν
1569 4045 1805 4112 ἀξιοῦντι
1837 4048 1946 4102 τῶν

363 4124 501 4178 ἴσων
527 4140 540 4153 ·
582 4126 695 4181 ἀλλ’
733 4130 855 4183 ὅσον
889 4130 1004 4184 ἐστί
1053 4148 1137 4195 τις
1184 4125 1507 4204 χωρητικὸς,
1532 4136 1691 4201 αὑτός
1725 4154 1783 4190 τε
1810 4137 1948 4209 πλη-

363 4214 556 4287 ροῦται
587 4216 684 4287 τῆς
728 4219 939 4290 ἀγαθῆς
993 4220 1289 4291 ἐπιθυμίας
1316 4263 1329 4285 ,
1364 4224 1457 4276 καὶ
1496 4225 1524 4276 6
1554 4224 1781 4289 πλοῦτος
1836 4227 1946 4281 τῶν

363 4297 589 4374 ἀρετῶν⁹
610 4308 665 4359 ἐν
704 4310 817 4372 τοῖς
865 4309 1227 4380 προλαϐοῦσιν
1265 4313 1325 4364 ού
1372 4308 1844 4368 καταναλίσκεται.
1889 4317 1945 4369 'U
1986 4312 1989 4315 ⁷

292 4465 299 4470 _
361 4396 547 4449 τοίνυν
590 4396 723 4469 πρὸς
779 4400 963 4485 τοῦτον
1008 4403 1332 4457 ἀποϐλέπων
1367 4404 1457 4457 τὸν
1514 4405 1648 4475 βίον,
1705 4406 1945 4485 καὶ-τὴν

364 4488 570 4558 ἀρετὴν
613 4490 786 4561 ἐαυτῷ
820 4484 1161 4592 θησαυρίζων
1182 4535 1196 4559 ,
1229 4496 1295 4566 ἢν
1328 4495 1500 4560 οὐδεὶς
1522 4497 1645 4568 ὅρος
1671 4484 1945 4568 ἀνθρώπι-

366 4591 459 4639 νος
511 4575 883 4650 περιγράφεις
905 4574 1391 4655 ἄρακαταδέξεταί
1440 4602 1569 4639 ποτε
1598 4587 1733 4658 πρός
1753 4604 1806 4640 τι
1839 4586 1947 4642 τῶν

366 4667 641 4721 ταπεινῶν
680 4671 771 4723 καὶ
816 4670 1216 4744 πεπατημένων
1262 4676 1360 4746 τὴν
1392 4678 1588 4730 ἐαυτοῦ
1615 4678 1790 4751 ψυχὴν
1837 4680 1952 4732 ἐπιο

369 4759 548 4813 κλῖναι
588 4778 603 4827 ;
660 4757 768 4836 ἆρα
827 4752 1165 4835 θαυμάσεται
1227 4768 1317 4821 τὸν
1366 4770 1552 4839 γήϊνον
1605 4771 1832 4824 πλοῦτον
1858 4814 1873 4837 ,
1913 4771 1947 4845 ἢ

367 4852 686 4935 δυναστείαν
733 4855 1101 4928 ἀνθρωπίνην,
1142 4858 1334 4928 ἦᾶλλο
1378 4878 1430 4913 τι
1474 4862 1584 4915 τῶν
1633 4862 1725 4915 ὑπ’
1764 4862 1948 4927 ἀνοίας

369 4944 855 5023 σπουδαζομένων;
891 4949 952 5001 Ei
995 4948 1093 5019 μὲν
1113 4950 1221 5021 γάρ
1254 4968 1336 5013 τις
1368 4950 1447 5004 ἔτι
1482 4953 1607 5023 περὶ
1636 4952 1811 5006 ταῦτα
1834 4953 1946 5008 διάο

367 5048 549 5086 κειται
586 5034 874 5113 ταπεινῶς,
897 5037 1002 5102 ἐξω
1030 5037 1122 5092 τοῦ
1150 5038 1390 5093 τοιούτου
1414 5040 1599 5113 amatr)
1636 5042 1819 5115 χοροῦ,
1856 5043 1953 5097 καὶ

367 5124 521 5178 οὐδὲν
555 5126 687 5197 πρὸς
724 5127 815 5181 τὸν
858 5128 1124 5202 ἡμέτερον
1170 5129 1282 5195 ἕξει
1321 5130 1476 5199 λόγον
1504 5146 1519 5161 ⁶
1561 5133 1609 5186 εί
1650 5133 1709 5187 δὲ
1746 5133 1814 5188 τά
1842 5135 1954 5188 ἄνω

369 5215 579 5282 φρονεῖ,
613 5214 705 5268 καὶ
755 5220 1276 5290 συμμετεωροπορεί
1320 5218 1397 5290 τῷ
1437 5219 1573 5292 Θεῷ,
1624 5221 1955 5295 ὑψηλότερος

369 5302 611 5367 πάντως
637 5305 745 5360 τῶν
797 5307 1052 5362 τοιούτων
1092 5310 1261 5375 ἐστὶν,
1293 5311 1392 5364 οὐκ
1437 5311 1575 5383 ἔχων
1625 5313 1726 5385 τὴν
1769 5314 1954 5386 κοινὴν

366 5394 628 5467 ἀφορμὴν
665 5398 783 5479 τῆς¹
815 5402 942 5472 περὶ
980 5400 1154 5455 ταῦτα
1183 5389 1409 5474 πλάνης,
1441 5403 1533 5458 τὸν
1561 5404 1738 5475 γάμον
1765 5404 1910 5475 λέγω
1936 5423 1949 5437 ·

365 5486 464 5540 τοῦ
498 5488 607 5558 γὰρ
653 5490 793 5561 ὑπὲρ
839 5495 967 5556 τοὺς
993 5494 1183 5559 ἄλλους
1229 5495 1401 5550 θέλειν
1431 5492 1673 5565 εἷναι,τὺ
1719 5497 1954 5569 χαλεπὸν

364 5574 530 5633 τοῦτο
563 5580 754 5647 πάθος,
801 5585 835 5655 ἡ
892 5586 1269 5657 ὑπερηφανία,
1308 5589 1337 5642 ὃ
1368 5586 1432 5660 δὴ
1465 5588 1698 5660 μάλιστα
1730 5589 1955 5665 σπέρμα

442 5760 467 5793 ³
501 5756 739 5830 Philipp.
766 5761 915 5828 "1,8.

292 6350 491 6375 .A‘kr‘

2041 1943 2201 2013 quasi
2260 1943 2450 2013 putida
2502 1951 2753 1999 stercora
2792 1942 3027 2012 despicit
3056 1946 3100 2008 ³,
3150 1951 3315 2014 atque
3361 1946 3429 2000 ab
3481 1946 3628 2000 omni

2039 2034 2167 2090 vitae
2216 2034 2653 2101 consuetudine,
2711 2034 3015 2104 repudiatis
3084 2036 3322 2105 nuptiis,
3391 2035 3628 2105 quodam

2042 2124 2206 2180 modo
2241 2141 2300 2180 se
2335 2125 2611 2191 removit;
2660 2124 2873 2179 nullum
2907 2124 3134 2179 omnino
3164 2124 3337 2179 habet
3369 2140 3492 2179 cum
3530 2125 3632 2181 hu-

2042 2216 2223 2271 manis
2255 2216 2427 2281 vitiis,
2467 2216 2722 2283 avaritia,
2770 2216 3018 2286 inquam,
3052 2214 3293 2281 invidia,
3318 2216 3478 2282 odio,
3516 2217 3633 2288 glo-

2043 2307 2252 2378 riaeque
2302 2306 2607 2378 cupiditate
2636 2300 3084 2373 commercium,
3137 2322 3317 2377 neque
3360 2322 3485 2362 cum
3530 2323 3633 2368 cae:

2046 2400 2216 2465 teris,
2251 2392 2455 2470 quae—id
2490 2398 2713 2471 generis
2748 2406 2899 2454 sunt.
2931 2398 3034 2465 Qui
3067 2398 3217 2454 enim
3264 2397 3335 2453 ab
3373 2399 3634 2455 omnibus

2046 2492 2134 2547 his
2168 2507 2376 2548 vacuus
2414 2489 2583 2563 atque
2627 2493 2856 2547 omnino
2908 2491 3050 2547 liber
3092 2497 3221 2556 est,
3246 2497 3303 2546 et
3340 2491 3526 2565 quiete
3552 2491 3636 2545 vi-

2045 2583 2158 2648 vit,
2195 2582 2336 2637 nihil
2373 2597 2508 2637 sane
2529 2589 2648 2646 est,
2678 2582 2734 2635 in
2762 2595 2874 2651 quo
2904 2581 3032 2651 plus
3061 2579 3267 2636 habere
3292 2581 3631 2645 contendat,

1992 2662 1999 2663 ί
2048 2677 2144 2723 aut
2175 2677 2370 2723 contra
2403 2683 2463 2723 se
2497 2667 2737 2738 alicujus
2778 2668 2855 2724 rei
2904 2669 3082 2737 gratia
3132 2669 3445 2725 vicinorum
3492 2670 3634 2726 invi-

2047 2758 2195 2814 diam
2229 2752 2609 2823 commoveat,
2644 2773 2773 2815 cum
2806 2759 2946 2813 nihil
2980 2773 3173 2814 earum
3212 2760 3285 2814 sit
3321 2775 3507 2815 rerum
3542 2775 3643 2817 as-.

2047 2855 2272 2903 secutus
2295 2890 2310 2915 ,
2346 2864 2413 2903 ex
2445 2849 2648 2918 quibus
2680 2848 2735 2903 in
2767 2848 2874 2902 hac
2904 2849 3017 2904 vita
3050 2850 3364 2904 concitetur
3391 2850 3630 2918 invidia;

2049 2955 2177 2994 nam
2204 2940 2298 3010 qui
2331 2940 2401 2994 ab
2427 2939 2689 2994 omnibus
2720 2938 2978 2995 humanis
3001 2940 3169 2996 rebus
3194 2940 3437 2995 animum
3469 2957 3630 2998 suum

2000 3026 2004 3030 ’
2050 3032 2362 3103 superando
2392 3031 2655 3094 abduxit,
2683 3038 2735 3087 et
2764 3027 3021 3087 virtutem
3052 3032 3226 3087 solam
3248 3073 3262 3097 ,
3284 3047 3407 3102 quae
3435 3047 3639 3104 magno

2056 3141 2087 3180 a
2118 3142 2176 3182 se
2207 3126 2532 3193 aestimetur,
2567 3125 2981 3194 possessionem
3017 3124 3122 3180 sibi
3159 3125 3396 3193 statuit,
3437 3124 3527 3180 hic
3561 3126 3649 3181 aha

2040 3218 2389 3295 .omuicerte
2420 3218 2611 3274 dolere
2655 3231 2922 3282 vacuam,
2959 3217 3234 3287 quietam,
3278 3225 3449 3288 atque.
3491 3218 3636 3274 otio.-

2055 3325 2172 3366 sam
2226 3310 2393 3366 vitam
2436 3309 2639 3380 deget:
2682 3307 2908 3363 virtutis
2957 3309 3103 3363 enim
3159 3309 3481 3379 possessio,
3532 3309 3632 3364 etsi

2054 3398 2220 3454 homo
2264 3413 2365 3469 pro
2409 3397 2554 3453 virili
2596 3397 2832 3476 quisque
2867 3396 3109 3467 aliquam
3144 3395 3267 3465 ejus
3300 3404 3514 3466 partem
3550 3403 3636 3451 te-

2054 3499 2184 3557 net,
2236 3488 2609 3559 appetentium
2664 3495 2846 3542 tamen
2889 3485 3226 3558 cupiditates
3268 3501 3487 3557 semper
3536 3502 3633 3541 ex-

2052 3581 2200 3650 plet.
2235 3595 2344 3635 non
2380 3590 2439 3634 ut
2472 3578 2655 3649 aliqua
2707 3579 2812 3634 soli
2866 3577 3186 3648 possessio,
3222 3593 3385 3648 quam
3430 3578 3525 3649 qui
3576 3579 3633 3633 in

2054 3681 2241 3742 partes
2273 3671 2566 3737 dividunt,
2598 3677 2868 3740 quantum
2900 3670 2996 3724 uni
3031 3670 3173 3741 parti
3223 3670 3465 3735 addunt,
3514 3679 3635 3725 tau-

2052 3772 2168 3820 tum
2203 3766 2269 3820 de
2300 3765 2472 3819 altera
2499 3762 2840 3829 detrahunt,
2879 3769 3045 3833 atque
3085 3763 3163 3817 ita
3207 3762 3356 3834 quod
3402 3762 3498 3816 uni
3544 3778 3634 3817 rc-

2058 3855 2305 3921 dundat-,
2360 3853 2413 3908 id
2464 3853 2627 3924 plane
2683 3852 2838 3908 deest
2887 3851 3081 3919 alteri,
3129 3850 3226 3923 qui
3291 3850 3476 3907 socius
3522 3858 3625 3907 est.

2058 3946 2213 4003 Unde
2247 3946 2314 4002 de
2344 3947 2540 4017 majori
2572 3944 3038 4015 cumulatiorique
3064 3953 3220 4015 parte
3246 3942 3635 3999 contentiones

2050 4041 2327 4097 exsistunt
2353 4056 2368 4106 ;
2403 4054 2471 4094 ex
2497 4053 2563 4094 eo
2595 4038 2739 4094 enim
2763 4077 2778 4103 ,
2810 4035 2962 4108 quod
2994 4034 3306 4090 imminutio
3337 4033 3485 4088 facta
3515 4041 3631 4099 est,

2052 4130 2348 4186 conﬂatum
2383 4139 2469 4185 est
2509 4129 2735 4194 odium,
2782 4127 3006 4183 virtutis
3054 4143 3187 4182 vero
3233 4127 3277 4181 si
3331 4125 3457 4194 quis
3508 4139 3626 4177 ma-

2048 4221 2224 4292 jorem
2265 4230 2473 4292 partem
2514 4219 2847 4289 occupavit,
2897 4219 2967 4274 ab
3011 4217 3216 4271 invidia
3256 4230 3464 4270 vacuus
3503 4223 3630 4278 est,

2052 4328 2231 4382 neque
2263 4327 2392 4367 vero
2422 4311 2517 4380 qui
2556 4311 2680 4379 plus
2715 4309 2784 4362 ab
2812 4324 2875 4363 eu
2904 4309 3127 4378 rapuit,
3162 4305 3333 4359 ullum
3373 4305 3420 4359 ei
3459 4303 3635 4359 detri-

2054 4409 2298 4458 mentum
2349 4401 2705 4472 importavit,
2753 4399 2845 4469 qui
2895 4412 3080 4468 aequas
3131 4405 3318 4469 partes
3367 4395 3512 4451 ferre
3551 4396 3633 4449 di-

2054 4507 2218 4563 gnum
2250 4506 2309 4547 se
2336 4506 2460 4546 esse
2489 4489 2642 4545 ducit
2673 4505 2687 4553 ;
2719 4490 2850 4554 sed,
2901 4496 2961 4542 ut
3008 4488 3243 4558 quisque
3289 4501 3463 4557 capax
3512 4496 3594 4540 est
3615 4527 3630 4552 ,

2052 4583 2127 4636 ita
2162 4589 2215 4637 et
2244 4589 2394 4636 recta
2421 4579 2728 4650 cupiditate
2752 4579 3028 4649 expletur,
3062 4586 3115 4633 et
3154 4579 3319 4633 rebus
3351 4578 3419 4631 iis
3444 4616 3458 4640 ,
3495 4592 3631 4645 quas

2050 4688 2217 4743 supra
2268 4671 2659 4738 meminimus,
2724 4686 2834 4728 non
2899 4669 3305 4725 exhauriuntur
3362 4669 3631 4721 virtutum

2051 4761 2272 4816 divitiae.
2318 4760 2507 4830 Itaque
2539 4761 2682 4814 hanc
2709 4759 2877 4813 vitam
2909 4759 3004 4829 qui
3052 4759 3334 4821 intuetur,
3372 4765 3535 4826 atque
3577 4756 3630 4809 in

2058 4853 2299 4917 virtute,
2333 4867 2456 4922 qua
2484 4851 2633 4906 nulla
2663 4850 2949 4905 hominum
3005 4850 3324 4905 deﬁnitione
3373 4847 3628 4903 describi-

2056 4953 2167 5011 tur,
2195 4960 2388 4999 omnes
2409 4944 2516 5000 sibi
2542 4945 2832 4999 thesauros
2855 4942 3174 5007 constituit,
3202 4956 3270 4995 an
3295 4953 3534 5008 unquam
3566 4942 3631 4989 ad

2054 5053 2145 5094 res
2171 5038 2315 5093 ullas
2348 5037 2587 5091 humiles
2608 5076 2623 5101 ,
2656 5043 2712 5090 et
2743 5034 2982 5090 caducas
3015 5034 3260 5088 animum
3308 5047 3469 5087 suum
3502 5044 3633 5099 pro-

2055 5131 2249 5186 clivem
2298 5129 2431 5185 ferri
2490 5128 2765 5199 patietur?
2805 5126 2889 5180 An
2951 5134 3202 5181 terrenas
3256 5120 3513 5183 divitias,
3563 5131 3634 5170 an

2055 5220 2339 5276 hominum
2379 5234 2513 5289 opes
2540 5257 2555 5282 ,
2584 5225 2638 5273 et
2672 5215 2972 5287 potentiam
2998 5253 3014 5279 ,
3046 5228 3115 5267 an
3161 5210 3311 5266 aliud
3347 5207 3634 5279 quidpiam
3688 5285 3695 5291 .

2054 5329 2243 5371 eorum
2267 5352 2282 5378 ,
2315 5328 2437 5384 quae
2467 5325 2579 5382 prae
2611 5308 2846 5365 stultitia
2874 5310 3231 5376 expetuntur,
3260 5301 3308 5357 is
3337 5296 3632 5355 admirabi-

2062 5406 2202 5462 tur?
2234 5403 2451 5459 Etenim
2487 5402 2678 5472 siquis
2710 5400 2783 5454 ita
2818 5396 3013 5452 humili
3042 5402 3147 5458 est,
3176 5402 3229 5448 et
3262 5392 3478 5462 abjeeto
3512 5388 3634 5441 ani-
3703 5422 3706 5427 ο

2054 5513 2147 5553 mo
2166 5536 2182 5562 ,
2218 5504 2279 5551 ut
2305 5496 2372 5551 ad
2405 5494 2518 5549 htec
2548 5493 2666 5563 ipsa
2691 5489 2981 5553 adiciatur,
3010 5486 3059 5542 is
3089 5485 3281 5555 utique
3312 5489 3398 5538 est
3424 5480 3494 5535 ab
3521 5480 3630 5533 hoc.

2055 5595 2205 5645 ctetu
2231 5588 2446 5647 alienus
2465 5627 2480 5652 ,
2524 5584 2771 5654 nihilque
2796 5580 2864 5637 ad
2892 5589 3142 5637 nostrum
3170 5590 3477 5635 sermonem
3503 5615 3516 5642 ,
3546 5573 3642 5628 sin
