4106 6430
481 378 587 436 539

1763 385 1820 441 S.
1863 384 2190 443 GREGORII
2224 388 2522 446 NYSSENI

3644 399 3743 455 350

486 508 669 555 autem
703 501 946 555 caelestia
977 503 1180 571 cogitat
1209 546 1223 570 ,
1257 504 1555 575 divinaque
1589 507 1751 562 simul
1788 523 1913 563 cum
1953 509 2060 564 Deo

2173 530 2245 575 τις
2290 512 2702 583 εἰπὼνῆρίζαν
2752 514 2932 584 πάσης
2982 514 3082 585 τῆς
3139 515 3281 569 κατά
3328 517 3428 585 τὴν
3476 514 3748 585 ἁμαρτίαν

487 594 912 662 contemplatur,
947 594 1013 648 ad
1052 596 1403 653 sublimiores
1437 599 1526 653 hic
1569 601 1794 655 omnino
1834 617 1921 656 res
1973 619 2061 657 rc-

490 684 635 737 lictis
689 684 990 740 humilibus
1039 697 1366 753 contuetur,
1415 706 1540 746 cum
1582 692 1807 748 minime
1851 695 2060 763 nuptiis

2168 602 2430 674 ἀκάνθης,
2447 604 2540 659 τοῦ
2557 604 2763 668 εἰκότος
2784 607 2881 676 οὐχ
2901 608 3299 678 ἁμαρτήσεται,
3325 607 3484 661 τοῦτο
3515 607 3749 678 μάλιστα

2165 696 2231 746 ὲκ
2261 696 2359 766 τῆς
2391 693 2568 760 αἰτίας
2601 696 2695 750 τοῦ
2720 696 2897 768 γάμου
2928 697 3025 769 τὴν
3052 698 3226 768 ἀρχὴν
3259 698 3388 770 ἔχει.

489 776 704 832 vinctus
740 777 844 843 sit,
877 779 1022 833 unde
1049 783 1361 837 communis
1392 785 1610 838 exsistit
1638 785 1856 839 occasio
1887 802 1986 838 cur
2016 787 2068 839 in
2102 786 2377 856 ejusmodi
2410 802 2593 842 rerum
2618 804 2807 843 errore
2836 792 2964 859 quis
2993 798 3277 856 versetur;
3308 805 3432 843 nam
3465 805 3592 845 cum
3629 791 3750 860 quis

492 867 602 920 vult
631 883 691 922 se
723 869 847 923 aliis
886 883 1233 941 praeponere,
1272 875 1634 943 gravissimus
1665 882 1746 930 est
1785 877 1870 931 hic
1902 877 2173 947 superbiae
2199 877 2433 934 aﬂ'ectus
2456 898 2471 934 :
2498 895 2657 949 quem
2689 880 2735 934 si
2765 881 2890 950 quis
2916 895 3103 936 semen
3132 919 3146 945 ,
3181 880 3265 935 vel
3293 882 3479 950 potius
3517 880 3749 935 radicem

487 965 690 1018 dixerit
716 967 897 1020 omnis
926 968 1098 1036 spinae
1118 1008 1133 1033 ,
1173 984 1293 1038 qua:
1328 984 1358 1023 e
1383 978 1611 1039 peccato
1640 983 1724 1027 est
1745 1013 1759 1036 ,
1805 988 1914 1027 non
1945 989 1973 1026 a
2010 982 2162 1028 recto
2198 973 2246 1029 is
2277 974 2576 1031 aberrabit.
2623 973 2723 1031 Hic
2754 991 2888 1031 sane
2920 974 3148 1031 aﬂ‘ectus
3179 991 3207 1028 a
3237 976 3556 1045 nuptiarum
3591 991 3751 1031 causa

491 1059 708 1113 initium
740 1061 976 1129 maxime
1007 1061 1190 1117 habet.

561 1149 683 1206 Non
732 1153 878 1207 enim
928 1160 1107 1222 potest
1141 1153 1465 1222 plerumque
1500 1168 1700 1210 avarus
1743 1154 1909 1225 hujus
1945 1157 2058 1210 vitii

492 1242 695 1295 liberos
737 1256 1030 1305 accusare,
1084 1257 1263 1310 neque
1313 1242 1443 1297 item
1480 1244 1560 1311 is,
1598 1245 1691 1314 qui
1736 1262 1845 1316 prae
1875 1247 2061 1317 gloriae

492 1333 750 1388 aviditate
798 1333 1023 1400 insanit,
1063 1348 1238 1403 neque
1274 1335 1368 1404 qui
1420 1335 1646 1393 honoris
1686 1338 1870 1393 studio
1917 1348 2066 1393 teuc-

492 1435 599 1490 tur,
645 1440 715 1480 ne
758 1425 922 1493 hujus
964 1426 1092 1479 mali
1148 1441 1373 1483 causam
1424 1429 1492 1482 ad
1533 1430 1851 1500 progeniem
1888 1430 2062 1500 ipsam

491 1518 732 1583 referat,
784 1527 847 1572 ut
896 1534 963 1573 ne
1007 1519 1107 1585 iis,
1155 1521 1246 1589 qui
1294 1528 1422 1577 ante
1471 1536 1532 1576 se
1578 1523 1692 1576 nati
1737 1531 1902 1584 sunt,
1954 1522 2070 1590 ipse

492 1608 718 1664 inferior
753 1610 1035 1674 videatur,
1071 1621 1124 1667 et
1170 1618 1229 1665 ut
1264 1626 1292 1665 a
1328 1614 1594 1683 posteris,
1635 1614 1875 1685 aliquam
1912 1612 1979 1667 de
2012 1628 2071 1666 se

493 1705 1072 1758 commemorationem
1114 1703 1305 1760 liberis
1343 1704 1459 1761 suis
1501 1704 1899 1776 relinquendo,
1955 1720 2071 1757 ma-

491 1810 632 1864 gnus
667 1797 892 1850 omnino
935 1796 1280 1852 existimetur
1322 1815 1335 1851 :
1386 1798 1689 1867 eodemque
1736 1798 1897 1853 modo
1945 1798 2072 1853 reli-

492 1901 649 1955 quae,
684 1902 805 1956 quae
844 1896 972 1942 sunt
1027 1889 1195 1942 animi
1261 1889 1656 1958 a3gritudines,
1713 1890 1954 1952 invidia,
2014 1900 2069 1945 ct

494 1977 678 2032 odium
702 2017 716 2042 ,
772 1978 1100 2047 injuriarum
1148 1980 1496 2043 recordatio,
1533 1981 1577 2036 si
1607 1997 1728 2051 qua:
1756 1982 1875 2036 alia:
1906 1992 2070 2048 sunt,

492 2068 561 2121 ab
613 2067 727 2121 “hac
788 2082 922 2122 sane
985 2083 1152 2123 causa
1214 2069 1662 2139 proﬁciscuntur.
1741 2068 1866 2125 lltec
1926 2073 2071 2133 enim

492 2157 679 2210 omnia
715 2156 768 2210 in
805 2156 890 2211 his
927 2173 1035 2212 una
1069 2156 1294 2224 insunt,
1331 2161 1425 2229 qui
1458 2158 1604 2214 hanc
1654 2160 1823 2214 vitam
1878 2162 2072 2230 attige-

494 2258 662 2303 runt:
710 2264 738 2302 a
785 2249 991 2319 quibus
1039 2248 1260 2320 quidem
1309 2249 1478 2307 rebus
1524 2252 1619 2321 qui
1668 2253 2071 2310 remotissimus

492 2346 613 2404 est,
672 2347 932 2409 tanquam
994 2354 1059 2394 ex
1113 2340 1220 2394 alta
1278 2340 1464 2412 aliqua
1513 2344 1737 2411 specula
1789 2345 2071 2400 hominum

493 2429 941 2498 perturbationes
1001 2430 1160 2501 longe
1222 2434 1610 2502 prospiciens,
1670 2449 1863 2491 eorum
1925 2438 2075 2493 dolet

493 2520 793 2576 caecitatem
818 2560 832 2585 ,
887 2522 981 2591 qui
1013 2520 1181 2579 rebus
1225 2524 1310 2581 his
1351 2525 1644 2585 fallacibus
1679 2545 1803 2587 sese
1857 2531 2071 2586 manci-

495 2619 695 2679 parunt
716 2651 729 2675 ,
760 2626 1055 2682 rerumque
1106 2612 1468 2673 humanarum
1501 2622 1926 2692 prosperitatem
1960 2641 2099 2679 ma-'

493 2719 658 2772 gnum
691 2704 898 2775 aliquid
931 2721 1056 2761 esse
1091 2718 1375 2778 putarunt.
1410 2711 1547 2767 Cum
1583 2714 1730 2768 enim
1762 2715 1851 2770 hic
1882 2732 2076 2786 quem-

494 2792 637 2861 piam
679 2792 954 2850 hominem
998 2797 1203 2862 rebus,
1243 2814 1366 2870 quae
1405 2801 1458 2855 in
1504 2802 1615 2856 vita
1650 2805 1943 2872 eveniunt,
1981 2822 2073 2863 se-

497 2883 696 2939 cundis
728 2882 1051 2954 ﬂorentem,
1083 2885 1535 2962 honoribusque,
1567 2905 1664 2948 aut
1703 2897 1901 2965 opibus
1922 2937 1937 2962 ,
1979 2907 2075 2952 aut

493 2974 739 3043 potentia
769 2976 1026 3030 ornatum
1054 2976 1239 3044 videt,
1292 2996 1483 3036 eorum
1525 2984 1786 3054 quidem,
1835 2988 1931 3058 qui
1976 2991 2075 3044 ha-

494 3080 614 3121 rum
642 3082 829 3122 rerum
862 3068 1048 3126 studio
1077 3066 1404 3138 eﬂ'eruntur,
1441 3075 1586 3129 ridct
1622 3076 1896 3133 insaniam
1917 3120 1932 3147 ,
1966 3080 2072 3135 hu-

495 3156 776 3227 manaeque
818 3156 944 3214 vitae
986 3171 1233 3232 tempus,
1282 3170 1342 3216 ut
1382 3180 1412 3220 a
1458 3160 1803 3223 Psalmorum
1846 3183 2072 3229 auctore

493 3248 765 3303 terminus
807 3249 933 3325 ejus
985 3261 1171 3310 certus
1217 3254 1399 3313 dictus
1442 3266 1563 3324 est,
1606 3276 1771 3331 qtiam
1817 3263 2076 3320 brevissi-

496 3353 643 3392 mum
694 3352 983 3398 numerat:
1034 3343 1232 3402 deinde
1271 3347 1504 3405 infinitis
1549 3352 1661 3408 illis
1700 3355 1917 3411 szeculis
1951 3373 2074 3412 cum

492 3429 696 3502 exiguo
740 3433 846 3488 hoc
891 3435 1018 3491 vitae
1066 3439 1246 3507 spatio
1307 3442 1555 3510 collatis,
1615 3445 1899 3502 mollitiem
1954 3450 2076 3519 ejus

494 3522 676 3593 luget,
715 3526 809 3595 qui
855 3527 922 3582 ad
970 3543 1058 3585 res
1103 3529 1421 3600 hujusmodi
1469 3537 1762 3606 sordidas,
1797 3540 2074 3609 humiles,

490 3629 722 3687 quasque
757 3617 824 3672 ad
859 3628 1073 3692 tempus
1099 3630 1343 3691 manent,
1386 3627 1632 3684 animum
1661 3633 1894 3689 extollit.
1931 3636 2077 3702 Quid

494 3707 643 3791 enim
685 3723 870 3765 causa:
911 3722 1032 3777 est,
1080 3730 1182 3769 cur
1229 3716 1287 3772 in
1340 3716 1413 3774 iis
1463 3720 1601 3791 ipsis
1642 3723 1812 3780 rebus
1860 3725 2075 3795 bonos,

494 3814 657 3869 quem
688 3802 937 3871 plerique
979 3814 1276 3875 expetunt,
1326 3810 1399 3865 sit
1448 3811 1790 3870 beatitudine
1834 3816 2080 3889 dignus?

490 3889 765 3956 Quoniam
802 3894 932 3964 quid
966 3895 1074 3961 iis,
1106 3898 1198 3967 qui
1239 3899 1450 3958 honore
1488 3902 1671 3959 ati‘ecti
1716 3917 1880 3975 sunt,
1924 3911 2079 3967 addit

494 3983 719 4037 honor?
768 3986 933 4056 Atqui
968 4002 1032 4043 ea
1066 3989 1386 4047 conditione
1428 4002 1594 4051 natus
1630 4005 1716 4052 est
1772 4008 1831 4053 ut
1877 4004 2080 4059 moria-

497 4083 611 4142 tur,
643 4078 893 4134 mortalis
923 4079 1012 4135 hic
1042 4090 1266 4148 manet,
1297 4083 1413 4139 sive
1456 4085 1634 4144 honos
1677 4089 1729 4144 ei
1777 4092 2073 4162 tribuatur,

495 4168 615 4224 sive
646 4184 778 4225 non.
813 4168 924 4225 Aut
958 4173 1133 4227 multa
1166 4173 1365 4244 jugera
1398 4184 1557 4235 terra:
1592 4184 1962 4251 possedisse?
1992 4188 2075 4244 Ad

426 4256 439 4270 '
495 4275 658 4330 quem
693 4263 965 4332 optimum
998 4264 1159 4320 tinent
1205 4266 1310 4321 hoc
1343 4269 1597 4338 perducit
1639 4287 1771 4341 eos,
1818 4277 1914 4346 qui
1972 4278 2079 4334 ista

495 4352 867 4421 possederunt
888 4396 902 4421 ,
934 4356 1044 4413 nisi
1072 4357 1199 4428 quis
1231 4358 1459 4417 demens
1488 4362 1791 4422 arbitretur
1820 4385 1919 4426 sna
1955 4389 2079 4430 esse

496 4456 560 4499 ea
587 4482 604 4509 ,
643 4458 766 4514 quae
802 4445 957 4502 nullo
995 4457 1159 4519 pacto
1198 4450 1266 4506 ad
1308 4468 1369 4507 se
1407 4456 1720 4525 pertinent;
1757 4476 1870 4531 prie
1903 4467 2076 4521 multa

2240 1158 2314 1212 Οὐ
2358 1160 2465 1230 γὰρ
2509 1159 2655 1213 ἔστιν
2697 1160 2773 1223 ὡς
2818 1159 2911 1212 ἐπὶ
2956 1157 3018 1211 τὸ
3075 1158 3241 1224 πολὺ,
3288 1158 3380 1212 τὸν
3426 1157 3752 1231 πλεονέκτην

2175 1252 2249 1324 μὴ
2299 1253 2425 1316 τοὺς
2471 1251 2639 1315 πέλας
2694 1250 3040 1306 ὲπαιτιᾶσθαι
3067 1292 3084 1317 ,
3136 1250 3170 1321 ἢ
3212 1250 3303 1303 τὸν
3346 1251 3617 1322 δοξομανῆ
3662 1251 3753 1305 καὶ

2174 1343 2453 1413 φιλότιμον
2500 1343 2576 1415 μὴ
2635 1343 2715 1406 είς
2766 1341 2827 1396 τὺ
2874 1342 3030 1411 γένος
3084 1343 3394 1410 ἀνενεγκεῖν
3444 1341 3543 1395 τοῦ
3584 1340 3750 1395 κακοῦ

2173 1434 2273 1506 τὴν
2301 1436 2477 1489 αἰτίαν
2499 1452 2512 1466 ·
2547 1433 2623 1498 ὡς
2652 1430 2717 1488 ἂν
2743 1434 2819 1506 μὴ
2848 1434 3084 1488 ἐλάττων
3111 1433 3294 1504 δοκοίη
3318 1434 3427 1489 τῶν
3458 1434 3566 1504 πρὸ
3592 1432 3752 1488 αὐτοῦ

2166 1527 2487 1596 γεγονότων,
2515 1527 2610 1580 καὶ
2636 1526 2722 1581 ἵνα
2753 1527 2927 1597 μέγας
2958 1528 3070 1587 τοῖς
3101 1526 3240 1597 μετά
3264 1525 3441 1580 ταῦτα
3462 1526 3750 1596 νομίζοιτο,

2168 1616 2484 1672 καταλιπών
2523 1635 2644 1671 τινα
2681 1620 2793 1681 τοῖς
2816 1616 2874 1684 ἐξ
2914 1616 3078 1671 αὑτοῦ
3109 1617 3425 1689 διηγήματα
3454 1632 3468 1647 ο
3499 1616 3754 1680 ὡσαύτως

2168 1709 2224 1763 δὲ
2254 1710 2350 1762 καὶ
2381 1708 2451 1762 τὰ
2484 1708 2645 1762 λοιπὰ
2666 1709 2767 1762 ὅσα
2796 1708 2976 1779 ψυχῆς
2998 1709 3145 1764 ἐστιν
3177 1709 3609 1781 ἀρρωστήματα,
3630 1706 3754 1776 φθόι

2170 1819 2280 1866 νος,
2318 1803 2412 1855 καὶ
2445 1802 2803 1872 μνησικακία,
2835 1802 2931 1857 καὶ
2974 1806 3162 1874 μῖσος,
3194 1802 3289 1854 καὶ
3317 1801 3371 1853 εί
3419 1816 3475 1852 τι
3520 1797 3753 1853 τοιοῦτον

2103 1868 2146 1925 Β
2174 1894 2379 1967 ἓτερον,
2395 1868 2494 1963 της
2507 1868 3130 1967 αθτῆςαίτίαςήρτ-ηται.
3145 1893 3330 1947 Πάντα
3339 1891 3451 1963 γὰρ
3465 1889 3636 1944 ταῦτα
3648 1892 3753 1952 τοῖς

2173 1989 2302 2059 περὶ
2338 1988 2428 2043 τὸν
2466 1988 2579 2059 βίον
2610 1986 2847 2060 τοῦτο[ν]
2869 1987 3224 2058 ἐπτοημένοις
3262 1981 3750 2055 συμπολιτεύεταιο

2169 2072 2243 2133 ὧν
2283 2082 2311 2133 6
2340 2079 2444 2146 ἔξω
2481 2078 2794 2149 γενόμενος,
2825 2078 3076 2149 καθάπερ
3099 2076 3193 2129 ὲπί
3214 2093 3358 2139 τινος
3391 2074 3603 2145 ὑψηλῆς
3631 2087 3754 2126 σκο-

2171 2173 2301 2235 πιᾶς
2353 2169 2634 2242 πόρρωθεν
2685 2169 3002 2223 ἐποπτεύων
3035 2168 3103 2221 τὰ
3145 2166 3464 2239 ἀνθρώπινα
3486 2165 3651 2235 πάθη,
3675 2166 3752 2217 ol-

2171 2262 2376 2334 κτείρει
2406 2263 2504 2332 τῆς
2534 2260 2869 2331 τυφλότητος
2910 2262 3034 2324 τοὺς
3078 2262 3144 2330 τῇ
3176 2257 3403 2330 τοιαύτῃ
3440 2256 3752 2328 ματαιότητι

2170 2353 2621 2424 δεδουλωμένους,
2654 2351 2746 2405 καὶ
2781 2351 2924 2422 μέγα
2967 2349 3249 2421 κρίνοντας
3281 2349 3381 2420 τὴν
3424 2348 3527 2424 τῆς
3561 2345 3751 2418 σαρκὸς

2172 2445 2495 2518 εὐπραγίαν.
2527 2443 2696 2497 Ὅταν
2725 2444 2833 2514 γάρ
2875 2459 2996 2495 τινα
3038 2441 3145 2494 τῶν
3192 2438 3499 2511 ἀνθρώπων
3538 2438 3627 2492 ὲπί
3654 2450 3751 2490 τινι

2171 2535 2278 2588 τῶν
2313 2533 2455 2588 κατὰ
2495 2532 2606 2603 βίον
2638 2532 2722 2604 ἴδῃ
2759 2531 3141 2602 περίϐλεπτον,
3169 2527 3497 2599 ἀξιώμασιν,
3530 2527 3564 2597 ἢ
3595 2523 3753 2579 πλού⁹

2170 2643 2305 2691 τοις,
2336 2625 2369 2696 ἢ
2398 2624 2738 2687 δυναστείαις
2784 2621 3061 2694 κομῶντα,
3089 2621 3371 2691 καταγελᾷ
3423 2616 3529 2690 τῆς
3576 2616 3751 2679 ἀνοίας

2172 2718 2280 2772 τῶν
2303 2717 2390 2772 διὰ
2426 2715 2597 2770 ταῦτα
2624 2712 3045 2785 πεφυσημένων,
3072 2712 3165 2765 κα)⁵
3208 2710 3437 2782 ἀριθμεῖ
3482 2709 3571 2762 τὸν
3606 2706 3751 2777 μήκι-

2175 2825 2298 2861 στον
2320 2807 2508 2878 χρόνον
2555 2804 2648 2859 τοῦ
2691 2803 3031 2875 ἀνθρωπίνου
3068 2800 3206 2873 βίου,
3232 2799 3376 2854 κατὰ
3410 2802 3508 2870 τὴν
3536 2794 3749 2868 εἰρημέ-

2174 2914 2271 2968 νην
2302 2896 2404 2950 ὐπὺ
2430 2895 2523 2949 τοῦ
2565 2892 2868 2965 Ψαλμῳδοῦ
2923 2890 3261 2965 προθεσμίαν
3293 2907 3306 2921 ⁸
3342 2885 3467 2944 εἶτα
3515 2901 3750 2958 παραμει-

2173 2990 2318 3062 τρῶν
2340 2990 2451 3051 τοῖς
2479 2985 2723 3058 ἀπείροις
2740 2984 2899 3037 αίῶσι
2917 2982 2979 3035 τὸ
2995 2982 3278 3051 ἀκαριαῖον
3291 2976 3455 3031 τοῦτο
3469 2978 3650 3047 διᾴστη
3659 2992 3748 3045 μα,

2175 3083 2313 3135 ἐλεεῖ
2342 3081 2439 3152 τῆς
2459 3078 2784 3150 χαυνότητος
2807 3075 2899 3129 τὸν
2924 3073 3021 3127 ἐπὶ
3050 3075 3163 3137 τοῖς
3187 3072 3327 3126 οὕτω
3357 3070 3633 3141 γλίσχροις
3665 3066 3751 3120 καὶ

2176 3174 2449 3235 ταπεινοῖς
2480 3172 2574 3224 καὶ
2618 3166 2973 3239 προσκαίροις
3014 3166 3113 3236 τὴν
3160 3163 3338 3236 ψυχὴν
3380 3160 3746 3231 ἐπαιρόμενον.

2177 3268 2242 3321 Τί
2266 3268 2374 3337 γὰρ
2411 3264 2560 3329 ἄξιόν
2586 3264 2702 3315 ἐστι
2741 3257 3092 3331 μακαρισμοῦ
3123 3257 3232 3312 τῶν
3269 3254 3508 3309 ἐνταῦθα
3544 3255 3577 3323 η
3606 3247 3748 3320 τιμὴ,

2177 3360 2238 3415 τὸ
2276 3358 2426 3430 παρά
2470 3356 2682 3421 πολλοῖς
2723 3353 3196 3423 σπουδαζόμενον;
3235 3350 3392 3403 Ἐπεὶ
3419 3348 3485 3420 δὴ
3522 3346 3574 3399 τί
3605 3341 3750 3396 πλέον

2176 3454 2286 3514 τοῖς
2314 3448 2698 3520 τετιμημένοις
2731 3444 3090 3518 προστίθησις
3142 3442 3395 3515 διαμένει
3437 3438 3546 3510 γάρ
3575 3432 3749 3503 θνητὸς

2176 3544 2205 3596 6
2228 3541 2440 3613 θνητὸς,
2468 3540 2570 3594 κᾶν
2600 3540 2848 3609 τιμᾶται,
2871 3536 2977 3591 κᾶν
3013 3538 3109 3607 μή.
3143 3536 3213 3589 Ἦ
3244 3534 3304 3588 τὸ
3344 3532 3520 3587 πολλά
3560 3525 3747 3595 πλέθρα

2177 3630 2476 3703 κεκτῆσθαι
2505 3629 2638 3701 γῆς;
2668 3628 2839 3681 Τοῦτο
2869 3627 2927 3681 δὲ
2954 3628 3035 3689 είς
3056 3626 3108 3679 τί
3128 3626 3303 3697 πέρας
3332 3622 3570 3697 χρηστὸν
3596 3633 3749 3674 κατα-

2176 3726 2335 3795 λήγει
2376 3726 2488 3787 τοῖς
2516 3719 2895 3793 κτησαμένοις,
2923 3720 3076 3783 ἐκτὸς
3107 3717 3200 3772 τοῦ
3240 3717 3453 3771 οἴεσθαι
3493 3715 3582 3768 τὸν
3613 3710 3748 3780 ἀνόη·

2177 3836 2268 3872 τον
2300 3815 2493 3870 ἑαυτοῦ
2528 3810 2668 3868 εἶναι
2706 3813 2773 3867 τὰ
2810 3812 2979 3883 μηδὲν
3005 3813 3387 3884 προσήκοντα;
3413 3808 3595 3878 ἀγνοεῖ
3630 3803 3745 3875 γὰρ.

2175 3908 2252 3972 ὡς
2285 3909 2478 3973 ἔοικεν,
2510 3906 2616 3960 ὑπὸ
2666 3904 2869 3975 πολλῆς
2892 3902 3260 3975 λαιμαργίας,
3282 3901 3366 3954 ὅτι
3420 3898 3512 3953 τοῦ
3557 3893 3747 3965 Κυρίον

2182 4002 2283 4074 μέν
2324 4004 2470 4057 ἐστιν
2503 4004 2536 4073 ἡ
2585 4001 2655 4071 γῆ
2686 3997 2901 4070 ἀληθῶς
2925 4039 2941 4065 ,
2971 3996 3067 4051 καὶ
3114 3993 3174 4048 τὸ
3239 3993 3518 4066 πλήρωμα
3569 3987 3744 4074 αὐτῆς.

2178 4073 2438 4157 Βασιλεὺς
2466 4094 2575 4165 γὰρ
2609 4091 2789 4163 πάσης
2819 4090 2917 4162 τῆς
2945 4089 3048 4159 γῆς
3072 4088 3099 4141 6
3130 4086 3263 4151 Θεός
3284 4103 3302 4117 ·
3333 4087 3450 4149 τοῖς
3476 4084 3531 4137 δὲ
3556 4073 3747 4147 ἀνθρώ·

2179 4201 2303 4250 ποις
2329 4184 2391 4239 τὸ
2428 4184 2529 4254 τῆς
2573 4181 2887 4246 πλεονεξίας
2931 4178 3104 4242 πάθος
3142 4174 3491 4248 ψευδώνυμον
3529 4173 3624 4243 τῆς
3654 4184 3747 4221 xu-

2183 4275 2430 4348 ριότητος
2483 4273 2580 4344 τὴν
2616 4268 2987 4344 προσηγορίαν
3019 4269 3202 4322 δίδωσι
3238 4266 3347 4320 τῶν
3401 4265 3552 4321 οὐδὲν
3589 4273 3745 4331 προσ-

2176 4368 2436 4439 ηκόντων.
2485 4367 2551 4419 Ἦ
2587 4364 2687 4435 μὲν
2714 4363 2821 4434 γάρ
2843 4363 2938 4432 γῆ,
2981 4359 3164 4424 καθώς
3191 4376 3355 4431 φησιν
3387 4360 3417 4411 ὁ
3457 4354 3613 4425 σοφὸς
3635 4350 3744 4404 Ἐκ-

2178 4455 2529 4527 κλησιαστὴς,
2565 4454 2646 4516 είς
2675 4452 2767 4505 τὸν
2804 4450 2977 4504 αίῶνα
3030 4449 3230 4519 ἔστηκε
3251 4486 3266 4512 ,
3298 4447 3502 4510 πάσαις
3554 4444 3746 4510 ὑπηρε-

493 4533 639 4590 enim
676 4534 1008 4612 inexhausta
1043 4538 1343 4611 aviditate,
1380 4554 1440 4598 ut
1476 4527 1774 4607 verisimile
1805 4563 1919 4619 est,
1970 4557 2073 4613 hoc

2178 4548 2345 4602 τοῦσα
2378 4548 2497 4609 ταῖς
2521 4545 2753 4613 γενεαῖς,
2776 4534 2869 4595 καὶ
2909 4541 3096 4596 ἄλλοτε
3122 4539 3313 4603 ἄλλους
3350 4540 3477 4601 τοὺς
3508 4534 3625 4589 κατ’
3654 4527 3743 4619 ati-

492 4627 746 4697 ignorat,
807 4622 955 4697 quod
1014 4628 1229 4686 Domini
1285 4642 1370 4689 est
1428 4646 1618 4703 terra,
1678 4649 1733 4694 et
1792 4645 2078 4713 plenitudo

494 4716 618 4786 ejus
651 4717 693 4771 ³.
733 4717 853 4773 Rex
896 4718 1043 4773 enim
1094 4722 1278 4779 omnis
1332 4732 1495 4781 terra:
1544 4727 1856 4799 Dominus;
1913 4735 2083 4792 homi-

492 4808 661 4866 nibus
722 4824 850 4865 vero
906 4819 969 4865 ut
1020 4827 1239 4880 rerum,
1299 4832 1437 4884 quas
1501 4822 1821 4889 possident,
1872 4824 2082 4882 domini

490 4902 857 4972 appellentur,
898 4902 1040 4958 falso
1090 4904 1197 4960 hoc
1243 4906 1355 4963 illis
1408 4911 1606 4966 tribuit
1653 4916 1900 4972 avaritiae
1945 4919 2080 4973 alre-

489 4999 636 5049 ctus.
680 4993 850 5050 Terra
886 4997 1065 5062 enim,
1123 4998 1303 5069 inquit
1350 5004 1570 5072 sapiens
1601 5003 1972 5064 Ecclesiastes
2002 5010 2070 5076 ⁸⁸,

490 5087 547 5139 in
574 5097 844 5144 atternum
873 5089 1055 5154 stetit,
1091 5089 1352 5146 omnibus
1383 5094 1643 5149 aetatibus
1673 5098 2071 5169 suppeditans,

491 5179 741 5251 aliosque
767 5181 1005 5238 subinde
1054 5197 1086 5238 e
1133 5197 1195 5239 se
1224 5193 1386 5249 natos
1410 5182 1701 5255 nutriens.)
1719 5186 1915 5259 Neque
1940 5208 2073 5250 vero

490 5268 744 5333 homines
764 5272 861 5335 sui
882 5280 1221 5346 potestatem
1259 5275 1466 5345 habent
1482 5278 1619 5347 ,πεεά
1646 5292 1717 5345 ex
1742 5281 2030 5340 voluntate
2053 5323 2069 5352 ,

492 5365 974 5432 nutuquosummi
1004 5368 1243 5425 rectoris
1283 5368 1566 5440 pendent:
1604 5360 1729 5426 cum
1771 5375 1919 5431 enim
1966 5393 2070 5434 ne-

492 5448 1010 5531 ωωσρὶιιηιιαιιο
1036 5449 1209 5516 vitam
1256 5462 1668 5532 ingrediuntur,
1712 5482 1836 5521 cum
1888 5479 2072 5526 autem

495 5536 979 5630 nilniluevolunt,
1010 5563 1078 5603 ex
1105 5552 1295 5607 eadem
1329 5568 1525 5611 rursus
1558 5567 1798 5613 exeunt:
1837 5575 2075 5630 cumque

495 5625 746 5681 vicissim
790 5645 1097 5691 nascantur
1129 5650 1184 5696 et
1218 5643 1532 5712 intereant,
1584 5646 1786 5717 insigni
1841 5625 2071 5706 stultitia

568 5798 591 5835 ³
619 5803 740 5860 Psal
765 5825 919 5886 um,
967 5819 1018 5871 1.
1098 5818 1139 5849 ³⁶
1163 5821 1344 5880 Eccie.
1379 5838 1418 5885 ι,
1444 5816 1498 5881 1.

2178 4638 2276 4711 τὴν
2326 4636 2643 4707 γινομένους
2677 4633 3035 4706 ἐκτρέφουσα.
3093 4633 3157 4686 Οἱ
3207 4630 3265 4685 δὲ
3319 4630 3591 4701 ἄνθρωποι
3636 4617 3743 4711 οὐδὲ

2179 4710 2385 4785 ἑαυτῶν
2414 4729 2564 4792 ὅντες
2606 4727 2803 4797 κύριοι,
2831 4725 2966 4781 ἀλλὰ
2996 4726 3132 4798 πρὸς
3177 4724 3237 4779 τὸ
3264 4714 3358 4779 to":
3387 4723 3607 4792 ἄγοντος
3631 4710 3742 4785 βού-

2179 4824 2349 4894 λημα,
2378 4824 2466 4875 ὅτε
2503 4821 2603 4874 οὐκ
2644 4818 2841 4883 ἴσασιν,
2884 4820 2962 4880 είς
2999 4817 3098 4888 τὴν
3137 4816 3281 4887 ζωὴν
3308 4813 3626 4886 περιιόντες,
3658 4799 3742 4906 κξὶ

2178 4918 2267 4970 ὅτε
2304 4914 2380 4987 μὴ
2404 4914 2700 4985 βούλονται,
2732 4910 2893 4965 πάλιν
2926 4911 3093 4980 αὐτῆς
3120 4908 3496 4980 χωριζόμενοι,
3527 4901 3627 4956 ὑπὸ
3652 4901 3742 4987 τῆς

2180 4982 2384 5076 πολλῆς
2405 4982 2766 5077 ’ματαιότητος
2790 5003 3064 5075 κυριεύειν
3086 5000 3286 5057 οἴονται
3314 5000 3504 5068 αὐτῆς,
3539 4994 3585 5047 οἱ
3615 4982 3753 5090 κο.τά

2180 5099 2400 5171 καιροὺς
2428 5095 2700 5166 γινόμενοί
2722 5112 2782 5148 τε
2805 5095 2898 5148 καὶ
2921 5092 3415 5163 ἀπολλύμενοι,τῆς
3447 5086 3533 5142 ἀεὶ
3566 5086 3757 5165 μενοι)-ἱ

2180 5210 2301 5265 σης.
2345 5192 2404 5244 '0
2437 5185 2531 5243 οὖν
2559 5187 2969 5258 ὲπεσκεμμένος
3017 5184 3210 5251 ταῦτα,
3246 5183 3341 5237 καὶ
3364 5181 3450 5235 διὰ
3477 5173 3628 5231 τοῦτο
3653 5181 3760 5269 πξηί

2180 5282 2450 5357 ριφρονῶν
2499 5281 2599 5334 ὅσα
2628 5280 2788 5350 τίμια
2822 5278 2936 5338 τοῖς
2965 5275 3273 5347 ἀνθρώποις
3308 5270 3610 5368 νομίζεται]

2177 5347 2362 5450 ﬁgat
2406 5376 2508 5445 τῆς
2557 5347 2708 5436 edas
2736 5370 2881 5441 ζωῆς
2910 5369 3048 5439 ἔχων
3079 5367 3171 5421 τὸν
3213 5365 3410 5437 ἔρωτα,
3447 5365 3475 5414 6
3499 5352 3644 5450 εἰδὼς
3657 5347 3736 5450 ἔτι

2176 5437 2326 5525 πάσα
2354 5437 2501 5540 σὰρξ⁷
2519 5466 2730 5537 χόρτος,
2769 5437 2864 5515 καί.
2906 5437 3056 5514 πᾶσα
3089 5457 3215 5523 δόξα
3241 5453 3526 5526 ἀνθρώπου
3652 5437 3735 5492 ἄν’

2175 5563 2265 5627 θος
2300 5537 2516 5632 χόρτου,
2568 5557 2698 5609 πότε
2730 5554 2966 5628 σπουδῆς
3002 5552 3152 5618 ἄξιον
3180 5551 3269 5603 τὸν
3297 5548 3484 5619 χόρτον
3510 5537 3733 5632 οἱήσῗξξι

2172 5613 2264 5709 τὸν
2302 5613 2554 5724 ’σήμερον
2604 5648 2732 5703 ὄντα
2754 5687 2768 5712 ,
2803 5618 2896 5699 καὶ
2954 5642 3144 5715 αὔριον
3174 5642 3274 5695 οὐκ
3306 5638 3554 5693 ἐσόαενον
3583 5641 3598 5691 ;
3623 5613 3729 5673 Οἵδε
