4026 6432
405 340 513 397 διδ
1666 340 1726 395 s.
1760 338 2091 397 cneconn
2130 339 2426 395 msssm
2573 362 2577 366 -
3582 338 3682 397 su

406 473 631 515 cursum
688 457 960 513 coniicere
1014 438 1314 515 maturent.
1368 458 1602 529 Parique
1648 458 1865 514 ratione
1901 458 2040 520 hic}

2138 458 2231 523 ίον,
2267 438 2518 528 καθάπερ
2544 476 2627 522 τις
2653 458 2995 529 κυϐερνήτης
3031 454 3239 525 ἀγαθὸς
3267 453 3414 528 πρὸς
3450 454 3546 510 τδν
3578 456 3686 512 ἄνω

407 565 511 605 nec
558 549 882 604 diverticula
914 589 929 614 ,
989 565 1168 621 neque
1218 538 1455 606 viaruuf
1494 551 1759 605 ﬂexiones
1811 551 1990 620 respi—

2138 550 2297 603 κοπὸν
2347 548 2640 603 διευθύνων
2678 548 2740 602 τὸ
2783 548 3014 619 σκάφος.
3063 546 3121 602 Ὀ
3158 547 3217 600 δὲ
3244 546 3429 618 παχὺς
3459 546 3556 619 τὴν
3575 547 3686 603 διά-

407 643 622 708 ciendo,
665 643 751 723 ad.
782 642 915 723 illud
944 632 1117 713 quod
1185 643 1292 698 sibi
1354 642 1615 723 maxime
1647 641 1991 723 propositum

2138 658 2263 704 mw,
2312 641 2406 695 καὶ
2457 640 2608 694 κὰτω
2641 639 2874 711 βλέπων,
2907 639 3003 693 καὶ
3060 637 3425 708 συγκεκυφὼς
3450 639 3517 709 τῇ
3546 637 3686 711 ψυχῇ

407 742 513 813 es},
542 716 769 797 omnino
797 716 1118 809 pcrveniet",
1160 734 1255 789 sed
1291 736 1345 789 in
1380 718 2040 813 icoclumlsolumlcon-i‘

2142 735 2234 805 ρδς
2262 733 2328 787 τὰ
2356 732 2489 803 ήδέα
2510 731 2604 785 τοῦ
2635 730 2910 803 σώματος,
2946 730 3201 802 καθάπερ
3232 729 3374 802 πρὸς
3397 728 3500 800 τὴν
3523 727 3688 801 νομὴν

376 804 637 891 ιιιιῖξιιιιο,
669 804 817 880 hunc
868 824 995 880 vita:
1039 804 1262 880 cursum
1299 862 1314 888 ,
1366 810 1627 893 tanquam
1662 804 1865 892 aliquis
1893 804 2040 890 op-P

2138 804 2165 879 ἁ
2195 822 2713 896 βοσκήματαημόνῃ
2742 826 2807 894 τῇ
2838 823 3037 893 γαστρὶ
3058 820 3153 875 καὶ
3180 823 3293 883 τοῖς
3328 819 3470 889 μετὰ
3497 819 3689 889 γαστέαι

410 917 581 973 timus
635 918 992 988 gubernator,
1026 916 1304 980 conliciet,
1359 915 1452 983 qui
1486 914 1712 968 emleste
1769 910 1993 981 aliquod

2139 935 2171 968 α
2210 915 2356 983 ζῶν,
2396 898 2908 987 ἀπηλλοτριωμένος
2949 912 3043 967 τοῦ
3068 911 3223 993 ⁸θεοῦ
3257 912 3365 984 τῆς
3403 912 3571 983 ζωῆς,
3604 912 3689 967 και

413 1008 569 1064 sidus
625 1008 891 1083 intuendo
944 1007 1011 1061 ad
1075 1008 1129 1062 id
1167 1006 1323 1063 navis
1375 1019 1599 1060 cursum
1660 1004 1873 1075 dirigit.
1908 1002 2000 1056 ille

2138 1007 2251 1071 ένος
2305 1006 2412 1062 τῶν
2452 1005 2730 1078 διαθηκῶν
2758 1006 2859 1076 τῆς
2902 992 3273 1075 ἐπαγγελίας,
3306 1004 3487 1062 οὐδὲν,
3511 1003 3691 1076 ἕτερον

413 1112 550 1152 vero
582 1082 733 1160 ,‘cui
793 1082 1044 1152 obtusior
1081 1104 1165 1151 est
1222 1095 1419 1150 mentis
1490 1093 1638 1147 acies
1667 1134 1681 1157 ,
1737 1091 2040 1146 inferiora!

2142 1100 2307 1168 γαθὸν
2331 1095 2468 1152 εἶναι
2491 1098 2747 1168 νομίζων,
2773 1097 2805 1168 ἥ
2827 1098 2887 1150 τὸ
2919 1096 3153 1168 ἡσθῆναι
3183 1095 3272 1149 διὰ
3293 1093 3391 1148 τοῦ
3425 1092 3689 1166 σώματος,

416 1174 709 1259 respicit,’
742 1198 795 1245 et
815 1170 901 1243 2ad
938 1184 1187 1259 corporis
1236 1180 1553 1259 voluptates
1574 1182 1603 1251 ξ
1629 1193 1891 1256 tanquam
1935 1186 2002 1238 ad

2138 1188 2262 1255 ὖτός
2312 1193 2494 1255 ἐστιν,
2539 1190 2634 1243 καὶ
2686 1191 2793 1254 πᾶς
2825 1192 2852 1242 ὁ
2898 1187 3159 1251 τοιοῦτος,
3196 1187 3224 1238 ὁ
3263 1189 3322 1240 ὲν
3359 1184 3542 1239 σκότει
3586 1184 3695 1238 δια-

421 1281 681 1349 pabulum
763 1280 1046 1356 pecudes,
1111 1282 1352 1335 animum
1418 1272 1653 1349 adjicit,
1720 1270 2005 1345 ventrique

421 1371 567 1438 soli,
613 1371 936 1441 ueterisque
985 1371 1196 1427 ventris
1267 1369 1458 1423 vilium
1532 1360 2007 1438 consequentibus

420 1456 853 1535 rcb‘usdeditus
894 1459 1067 1529 vivit;
1102 1460 1267 1530 quive
1296 1474 1324 1512 a
1365 1459 1477 1512 vita
1531 1457 1720 1511 divina
1757 1472 2006 1521 aversus,

421 1556 477 1603 et
506 1562 536 1601 a
576 1532 1028 1606 testamentorum
1060 1549 1350 1621 promissis
1406 1548 1620 1604 alienus
1641 1588 1655 1611 ,
1690 1547 1828 1602 nihil
1863 1546 2008 1600 aliud

422 1641 480 1694 in
523 1639 686 1697 bonis
739 1656 864 1696 esse
916 1650 1093 1713 putat,
1146 1641 1254 1698 nisi
1304 1656 1428 1697 cum
1462 1641 1589 1711 quis
1644 1639 1702 1695 in
1763 1638 2011 1708 corporis

424 1733 706 1811 voluptate
749 1742 858 1799 cst,
901 1735 989 1790 hic
1037 1736 1321 1806 profecto,
1372 1740 1422 1789 et
1471 1732 1651 1788 omnis
1697 1731 1883 1796 homo,
1917 1728 2010 1801 qui

2050 1320 2057 1363 τ
2107 1279 2696 1355 πορευόμενος,ικαοώς
2732 1297 2895 1350 φησιν
2919 1282 2952 1349 ή
2978 1278 3190 1349 Γραφὴ,
3221 1279 3251 1331 ὁ
3276 1276 3389 1330 τῶν
3415 1278 3473 1330 ὲν
3496 1273 3574 1346 τῷ
3601 1273 3694 1345 βίῳ

2107 1374 2281 1445 τούτῳ
2307 1374 2492 1427 κακῶν
2528 1363 2791 1444 εὑρέτηςλ
2818 1376 2876 1427 ὲν
2907 1371 3119 1435 τούτοις
3145 1370 3255 1443 γὰρ
3277 1370 3375 1453 καὶ
3402 1365 3693 1432 πλεονεξία,

2110 1468 2205 1521 καὶ
2244 1466 2431 1521 παθῶν
2473 1467 2759 1529 ἀκολασία,
2809 1466 2902 1521 καὶ
2944 1465 3161 1543 ήπρὺς
3200 1464 3298 1533 τὰς
3337 1459 3536 1532 ἡδονὰς
3565 1459 3697 1530 ἀμευ-

2110 1560 2236 1631 τρία
2260 1602 2274 1626 ,
2302 1559 2560 1630 φιλαρχία
2591 1576 2651 1612 τε
2690 1560 2862 1625 πᾶσα,
2894 1557 2989 1613 καὶ
3028 1555 3194 1626 κενῆς
3219 1554 3380 1622 δόξης
3412 1548 3692 1621 ἐπιθυμία,

2113 1652 2207 1703 καὶ
2253 1652 2281 1703 ὁ
2314 1649 2510 1723 λοιπὸς
2556 1650 2743 1720 ὅμιλος
2779 1648 2887 1704 τῶν
2929 1647 3324 1703 συνοικούντων
3356 1642 3547 1698 παθῶν
3593 1641 3699 1704 τοὶς

2115 1741 2444 1814 ἀνθρώποις.
2498 1742 2719 1813 Ἔχεται
2766 1741 2876 1813 γάρ
2928 1758 3046 1805 πως
3104 1742 3163 1793 ὲν
3212 1740 3327 1802 τοῖς
3383 1736 3576 1798 κακοῖς
3610 1732 3697 1788 τοῦ

426 1818 493 1878 in
542 1838 607 1879 eo
651 1841 881 1898 numero
913 1826 1039 1900 est,‘
1079 1828 1149 1899 in.
1189 1826 1454 1892 tenebris,
1478 1835 1552 1899 ¹ιιι
1597 1823 1801 1905 divinis
1836 1821 2014 1895 .Littc-

2138 1826 2303 1907 πτέρου
2327 1835 2388 1887 τὸ
2435 1835 2652 1907 ἓτερον,
2690 1834 2787 1888 καὶ
2828 1826 2984 1904 ᾧπερ
3009 1832 3076 1886 ἂν
3102 1831 3165 1885 τὸ
3198 1830 3257 1884 ἓν
3304 1826 3700 1913 παραγένηται,

426 1916 505 1972 ris
544 1897 813 1987 scriptum
864 1897 1040 1984 est“,
1089 1897 1374 1982 ambulat,
1404 1897 1529 1971 cum
1565 1897 1775 1968 indvita
1824 1912 2018 1982 hujus-

428 2007 575 2061 modi
650 2009 796 2063 mala
864 2008 1223 2064 introducat:
1265 2009 1320 2063 in
1403 2008 1489 2062 his
1526 2007 1675 2062 enim
1740 1994 2053 2069 avaritia,"

428 2086 596 2179 animi
628 2100 968 2179 impotentia,
992 2101 1287 2157 immodica
1315 2101 1380 2155 ad
1416 2100 1726 2171 voluptates
1760 2096 1978 2153 affectio
2002 2139 2017 2165 ,

431 2186 651 2258 imperii
678 2188 965 2269 cupiditas
988 2231 1005 2255 ,
1064 2192 1248 2249 inanis
1270 2192 1458 2264 gloriae
1509 2191 1797 2262 appetitio,
1844 2203 1909 2243 ac
1934 2203 2020 2243 re-

431 2279 580 2349 liqua
611 2278 755 2336 inest
813 2264 1004 2337 earum
1077 2300 1199 2354 qua:
1266 2292 1396 2338 sunt
1447 2282 1765 2338 hominibus
1826 2287 2025 2336 contu-

431 2371 711 2439 bernales,
750 2356 1594 2442 perturbationuminultitudo.
1640 2366 1731 2425 Ex'
1760 2371 1844 2426 his
1875 2371 2023 2425 enim

433 2462 666 2529 morbis,
722 2463 860 2519 alter
914 2464 1157 2534 quodam
1201 2464 1365 2521 modo
1410 2464 1638 2519 alterius
1690 2464 1912 2518 vinculo
1942 2472 2027 2517 te-

434 2551 621 2617 netur,
673 2560 726 2608 et
783 2554 870 2609 cui
922 2569 1066 2609 unus
1099 2569 1166 2609 ex
1196 2554 1283 2609 his
1316 2553 1574 2620 accedit,
1627 2553 1826 2623 reliqui
1868 2551 2027 2620 quasi

437 2632 677 2713 naturali
735 2642 975 2713 quadam
1043 2644 1376 2698 necessitate
1444 2642 1761 2712 compulsi,
1800 2641 1867 2696 ad
1904 2656 2026 2696 eum

435 2720 784 2789 concurrunt
803 2724 818 2789 Ξ
851 2726 917 2791 Μ’
941 2732 1089 2813 quod,
1125 2735 1180 2789 in
1217 2744 1409 2790 catena
1443 2733 1561 2791 ﬁeri
1592 2735 1882 2813 videmus:
1909 2735 2029 2805 ejus

440 2826 587 2881 enim
647 2826 919 2898 principio
966 2812 1223 2891 attracto,
1254 2815 1470 2903 neque;
1500 2826 1704 2907 reliqui
1759 2812 1908 2881 illius
1940 2842 2032 2881 or-

440 2919 541 2974 bes
601 2922 912 2977 consistere
963 2931 1218 2992 possunt,
1278 2920 1375 2977 sed
1403 2902 1634 2975 ultimus
1688 2931 1900 2975 catenae
1942 2935 2035 2975 or-

441 3008 530 3066 bis
568 3026 693 3066 cum
730 3014 909 3083 primo
955 3013 1120 3068 simul
1186 3022 1369 3069 motus
1424 3023 1531 3077 est,
1565 3028 1689 3068 cum
1744 3028 1808 3068 ex
1841 3028 2034 3069 eorum

443 3088 711 3171 perpetuo
749 3103 944 3159 ordine
990 3104 1087 3174 qui
1154 3102 1555 3159 simulannesi
1592 3111 1721 3158 sunt
1770 3105 1992 3161 circulis
2018 3146 2033 3171 ,

2124 1928 2219 1982 καὶ
2258 1925 2327 1980 τὰ
2366 1925 2529 1979 λοιπὰ
2557 1925 2808 1998 καθάπερ
2849 1924 2956 1977 ὑπό
3003 1939 3149 1985 τινος
3192 1919 3436 1991 φυσικῆς
3466 1912 3701 1986 ἀνάγκης

2125 2017 2411 2088 ἑλκόμενα,
2439 2004 2842 2087 συνεισέρχεται
2864 2014 3103 2077 πάντως.
3129 2006 3254 2067 Οἷον
3275 2012 3334 2063 ὲν
3356 2006 3545 2062 ἁλύσει
3564 2004 3702 2074 γίνε-

2125 2127 2239 2173 ται,
2266 2110 2367 2179 τῆς
2393 2108 2568 2180 ἀρχῆς
2593 2106 3049 2176 έπισπασθείσης,
3077 2103 3198 2158 οὐδὲ
3226 2101 3326 2166 τὰς
3359 2097 3553 2161 λοιπὰς
3581 2098 3703 2165 ὴοε-

2133 2203 2251 2273 μεῖν
2283 2202 2382 2271 τῆς
2415 2200 2657 2263 ἁλύσεως
2707 2197 2955 2267 ἀγκύλας
3015 2194 3240 2250 δυνατόν
3289 2194 3466 2255 ἐστιν,
3519 2187 3629 2243 ἁλλ’
3671 2188 3704 2257 ή

2130 2293 2274 2347 κατὰ
2317 2291 2380 2345 τὸ
2417 2290 2606 2363 ἕτερον
2641 2290 2816 2362 πέρας
2847 2289 2948 2358 τῆς
2983 2286 3226 2348 ἁλύσεως
3255 2282 3475 2353 ἁγκύλη
3508 2294 3708 2334 συνεκι-

2131 2381 2269 2453 νήθη
2320 2383 2388 2453 τῇ
2418 2380 2649 2452 πρώτη,
2681 2378 2823 2433 κατὰ
2869 2375 2931 2431 τὸ
2975 2374 3267 2451 ἀκόλουθον
3309 2373 3403 2437 ἀεὶ
3430 2371 3527 2451 καὶ
3553 2382 3708 2439 προσ-

2133 2472 2257 2544 εχὲς
2282 2472 2390 2526 ἁπὸ
2420 2470 2516 2525 τοῦ
2544 2460 2762 2542 πρώτου
2789 2468 2879 2522 διὰ
2923 2466 3030 2530 τῶν
3056 2453 3486 2538 παρακειμένων
3506 2457 3601 2531 τῆς
3631 2474 3709 2511 κι-

2133 2567 2341 2636 νήσεως
2362 2561 2660 2636 προϊούσης
2683 2578 2700 2592 ·
2727 2561 2901 2625 οὕτως
2939 2558 3321 2631 ὲμπέπλεκται
3370 2555 3467 2609 καὶ
3515 2547 3711 2636 συμπέξ

2135 2635 2304 2725 φυκεν
2333 2635 2582 2725 ἀλλήλοις
2618 2652 2689 2706 τὰ
2726 2650 3046 2724 ἀνθρώπινα
3072 2648 3243 2719 πάθη,
3265 2647 3366 2702 καὶ
3387 2645 3453 2699 δι’
3482 2643 3593 2705 ἑνὸς
3622 2635 3710 2692 τοῦ

2136 2748 2630 2819 ἐπικρατήσαντος,
2658 2746 2752 2798 καὶ
2778 2746 2807 2798 ὁ
2842 2742 3029 2806 λοιπὸς
3051 2740 3159 2794 τῶν
3190 2739 3382 2794 κακῶν
3419 2735 3573 2797 ὁλκὸς
3602 2745 3713 2784 συν-

2138 2839 2541 2911 εισέρχεται-τῇ
2575 2836 2748 2907 ψυχῇ..
2778 2834 2901 2905 Καὶ,
2924 2837 2973 2888 εί
3002 2835 3117 2905 χρή
3137 2849 3219 2886 σοι
3265 2829 3591 2903 διαγράφειν
3624 2822 3713 2895 τὴν

2140 2929 2385 3002 πονηρὰν
2432 2929 2636 2999 ταύτην
2675 2927 2886 2992 ἁλυσιν,
2916 2926 3119 2981 ὑπόθου
3145 2924 3265 2979 τινὰ
3296 2924 3390 2979 διά
3428 2938 3570 2985 τινος
3600 2918 3713 2989 ήδοο

2141 3021 2237 3091 νῆς
2286 3017 2380 3073 τοῦ
2443 3018 2585 3072 κατὰ
2642 3017 2744 3088 τὴν
2791 3014 3096 3081 κενοδοξίαν
3143 3012 3447 3086 ἡττηθῆναι
3484 3008 3712 3070 πάθους·

2144 3112 2283 3167 ἁλλὰ
2310 3114 2375 3183 τῇ
2398 3110 2674 3182 κενοδοξία
2699 3109 2791 3163 καὶ
2819 3112 2852 3180 ὴ
2882 3108 2979 3162 τοῦ
3016 3107 3260 3169 πλείονος
3290 3105 3481 3181 ἔφεσις
3512 3114 3720 3171 συνηκο-

447 3208 479 3245 a
536 3182 721 3263 primo
765 3192 948 3250 motio:
997 3196 1123 3273 ipsa.
1181 3196 1611 3266 progrediatur:
1651 3195 1723 3250 ita
1808 3196 2037 3253 humani.

2138 3182 2434 3277 λούθησεν·
2476 3204 2538 3256 οὐ
2596 3202 2706 3273 γὰρ
2756 3200 2873 3254 ἔστι
2930 3199 3259 3274 πλεονέκτην
3311 3195 3603 3271 γενέσθαι,
3646 3188 3716 3261 μὴ

453 3285 684 3341 affectus
741 3286 994 3359 impliciti
1049 3287 1193 3342 inter
1222 3278 1526 3365 ’se‘atque
1570 3288 1805 3365 connexi
1858 3295 2035 3356 sunt,

2138 3296 2352 3365 ἐκείνης
2394 3294 2487 3346 ἐπὶ
2541 3293 2603 3347 τὸ
2653 3292 2826 3359 πάθος
2873 3290 3349 3365 χειραγωγούσης.
3392 3285 3527 3343 Εἶτα
3567 3277 3717 3355 ήτοῧ

451 3392 707 3449 saepeque
754 3380 847 3444 lit,
887 3389 969 3444 ut,
1014 3395 1139 3434 cum
1192 3364 1355 3435 unus,
1395 3362 1793 3451 imperaverit,
1830 3381 2039 3451 reliqua

2142 3362 2487 3441 πλεονεκτεῖν
2518 3376 2613 3440 καὶ
2634 3366 2908 3457 ’προέχειν
2944 3362 3285 3454 ὲίπἰθυμία,ἣ
3318 3376 3719 3454 ὀργὴνξὲξάπτει

451 3469 583 3524 item
640 3471 959 3527 morborum
1002 3473 1162 3528 turba
1222 3473 1466 3527 animum
1500 3472 1743 3528 invadat.
1789 3472 1968 3543 Atque
1995 3473 2040 3529 si

2142 3479 2279 3549 πρὸς
2316 3477 2376 3531 τὸ
2404 3464 2697 3549 ὁμόφυλον,
2731 3476 2767 3547 ἢ
2802 3475 2939 3547 πρὸς
2976 3474 3035 3528 τὸ
3059 3473 3373 3545 ὑποχείριον
3400 3472 3498 3543 τὴν
3526 3470 3720 3537 ὑπερη-

454 3562 572 3617 hzcc
606 3563 825 3633 quidem
870 3564 986 3635 ipsa
1030 3565 1188 3636 quasi
1248 3564 1515 3619 malorum
1569 3572 1765 3620 catena
1817 3564 1912 3620 tibi
1946 3580 2040 3620 cx-

2145 3569 2364 3641 φανίαν,
2399 3569 2433 3641 ἢ
2482 3569 2618 3640 πρὸς
2650 3567 2711 3622 τὺ
2765 3568 3031 3639 ὑπερέχον
3064 3567 3158 3620 τὸν
3185 3565 3382 3635 φθόνον
3407 3582 3421 3596 ·
3445 3560 3631 3634 φθόνου
3669 3555 3722 3608 δὲ

460 3653 693 3723 plicetur
751 3670 978 3712 necesse
1022 3668 1141 3720 est,
1208 3656 1297 3713 lac
1331 3672 1456 3712 esse
1524 3652 1838 3727 quempiam
1872 3698 1888 3723 ,
1945 3658 2040 3729 qui

2147 3660 2440 3724 ἀκόλουθος
2468 3662 2501 3732 ή
2549 3659 2838 3730 ὑπόκρισις
2890 3658 3100 3727 γίνεται
3132 3672 3144 3687 '
3182 3656 3401 3729 ἐκείνης
3432 3656 3466 3726 ή
3504 3648 3686 3721 πικρία
3707 3685 3722 3711 ι

457 3760 571 3814 pra:
622 3747 900 3817 voluptate
939 3749 1174 3818 quadam
1219 3749 1291 3803 sit
1350 3749 1533 3803 inanis
1602 3750 1790 3819 gloria:
1843 3750 2040 3805 all‘ectu

2150 3753 2354 3824 ταύτης
2406 3753 2439 3824 ἡ
2479 3751 2865 3824 μισανθρωπία
2888 3768 2901 3782 ·
2938 3751 3160 3818 τούτων,
3199 3751 3458 3804 ἁπάντων
3490 3746 3550 3799 τὸ
3586 3740 3726 3801 τέλος

460 3847 795 3907 superatus;
830 3847 917 3893 est
973 3839 1101 3893 huic
1143 3854 1278 3895 sane
1307 3838 1487 3896 inanis
1524 3840 1712 3909 gloria:
1753 3840 2040 3910 cupiditati

2154 3844 2498 3915 κατάκρισις,
2539 3845 2618 3908 είς
2648 3842 2873 3912 γέενναν
2903 3843 2997 3896 καὶ
3031 3842 3220 3906 σκότος
3269 3842 3369 3896 καὶ
3420 3838 3529 3910 πῦρ
3572 3846 3726 3889 κατα·

463 3929 726 3997 adjuncta
757 3931 920 3984 etiam
953 3931 1220 4002 appetitio
1250 3932 1524 4002 quaedam,
1562 3939 1621 3985 ut
1651 3933 1774 4002 plus
1817 3932 1862 3987 is
1896 3947 2040 3988 asse-

2155 3934 2418 4006 λήγουσα.
2716 3936 2721 3941 ’
3216 3944 3223 3950 ’
3340 3942 3346 3947 ’

463 4027 703 4085 quatur:
738 4021 999 4089 quoniam
1055 4036 1163 4075 non
1213 4028 1396 4091 potest
1450 4021 1576 4090 quis
1621 4021 1745 4092 plus
1799 4021 2036 4077 habendi
2076 4025 2382 4095 cupiditate
2449 4025 2662 4088 teneri,
2737 4024 2842 4081 nisi
2896 4023 3060 4094 hujus
3111 4023 3341 4079 allectus
3391 4022 3502 4077 dux
3563 4024 3615 4073 et
3640 4026 3726 4068 eoo

470 4126 589 4166 mes
638 4114 890 4182 quaedam
972 4115 1041 4165 sit
1097 4113 1287 4184 gloriae
1329 4104 1614 4181 aviditas;
1681 4113 1878 4169 deinde
1940 4118 2205 4186 appetitio
2246 4117 2399 4184 haec,
2434 4133 2540 4189 qua
2589 4119 2715 4190 quis
2793 4116 3046 4183 allicitur,
3112 4127 3173 4171 ut
3227 4125 3281 4171 et
3331 4130 3522 4187 Opum,
3561 4119 3611 4165 et
3659 4104 3732 4160 di-

466 4206 694 4275 gnitatis
752 4205 1113 4274 amplitudine
1144 4204 1358 4260 caeteris
1404 4204 1526 4275 ipse
1583 4203 1846 4270 antistet,
1878 4206 1963 4262 vel
1995 4208 2048 4260 in
2088 4209 2330 4278 aequales
2376 4211 2615 4265 concitat
2662 4210 2835 4275 iram,
2892 4209 2977 4264 vel
3009 4207 3323 4278 superbiam
3402 4208 3456 4259 in
3524 4195 3731 4256 inferio-

470 4311 596 4362 res,
644 4298 729 4352 vel
772 4297 828 4351 in
886 4298 1199 4368 superiores
1235 4296 1525 4361 invidiam,
1593 4296 1756 4367 cujus
1801 4298 1954 4353 socia
2030 4310 2113 4355 est
2191 4301 2489 4357 simultas:
2530 4300 2696 4371 hujus
2760 4313 2891 4355 vero
2937 4313 3121 4353 comes
3209 4296 3482 4352 acerbitas
3513 4333 3527 4358 ,
3582 4298 3730 4359 quam

467 4391 655 4445 odium
689 4390 964 4460 quoddam
1007 4384 1288 4445 hominum
1334 4391 1735 4461 consequitur:
1773 4400 1829 4445 at
1892 4392 2086 4449 horum
2147 4401 2392 4449 omnium
2437 4402 2779 4465 postremum
2828 4406 2909 4446 est
2961 4389 3263 4457 damnatio,
3313 4388 3370 4443 in
3421 4384 3729 4459 gehennam.

470 4478 751 4542 tenebras,
804 4485 969 4548 atque
1017 4480 1198 4551 ignem
1238 4482 1522 4545 desinens.

540 4571 709 4627 Vides
754 4572 947 4626 horum
999 4575 1244 4628 omnium
1318 4576 1587 4629 malorum
1654 4577 1811 4647 quasi
1872 4579 2057 4646 viam,
2096 4585 2143 4640 D

471 4663 934 4735 quemadmodum
977 4664 1229 4718 videlicet
1259 4666 1327 4720 ab
1370 4682 1480 4721 uno
1525 4667 1824 4738 voluptatis
1859 4671 2079 4741 allectu

473 4762 674 4811 cuncta
715 4755 1191 4827 proﬁciscuntur?
1224 4755 1594 4822 Quamobrem
1645 4760 1736 4814 ubi
1790 4762 2061 4831 ejusmodi

474 4848 747 4902 malorum
802 4848 1102 4919 conjuncta
1157 4848 1453 4904 multitudo
1488 4850 1542 4904 in
1603 4852 1744 4907 hanc
1782 4853 1945 4908 vitam
1975 4871 2063 4910 se-

473 4941 580 4996 mel
618 4956 740 4996 sese
778 4940 1045 5015 conjecit,
1102 4955 1217 4999 una
1243 4949 1350 5007 est,
1393 4949 1451 4995 ut
1487 4942 1557 4995 ab
1602 4944 1689 5000 his
1741 4946 2061 5012 liberemur,

474 5033 653 5096 ratio,
683 5048 846 5104 quam
903 5033 959 5087 in
1011 5031 1213 5089 divinis
1247 5033 1471 5089 Litteris
1501 5035 1970 5105 contemplemur:
1999 5051 2064 5090 ea

476 5135 659 5178 autem
696 5126 815 5189 est,
855 5136 913 5181 ut
951 5126 1022 5181 ab
1073 5127 1166 5181 illa
1214 5127 1340 5182 vita:
1371 5127 1661 5197 dist'iplina
1710 5144 1827 5183 nos.
1867 5143 2065 5183 avoce-

478 5233 624 5279 mus,
663 5234 785 5288 quae
843 5221 1009 5276 rebus
1050 5221 1307 5291 gravibus
1335 5228 1419 5275 est
1450 5229 1613 5290 atque
1670 5220 1919 5274 molestis
1971 5235 2063 5274 as-

483 5309 645 5361 tricta
680 5327 695 5376 ;
726 5326 904 5382 neque
933 5312 1106 5378 enim,
1163 5313 1252 5367 cui
1310 5312 1603 5367 Sodomam
1646 5312 1889 5367 incolere
1914 5310 2065 5366 cordi

483 5404 589 5459 est,
630 5398 770 5465 ignis
820 5403 1055 5458 imbrem
1108 5404 1388 5459 declinare
1429 5404 1517 5457 hic
1573 5411 1798 5473 potest:
1834 5417 1935 5457 nec
1973 5401 2065 5473 qui

487 5483 746 5540 Sodomis
796 5506 1054 5559 egressus
1077 5536 1093 5559 ,
1128 5495 1326 5550 iterum
1361 5497 1425 5550 ad
1489 5495 1641 5549 urbis
1700 5493 1971 5547 excidium
2009 5509 2068 5549 se

487 5571 778 5637 εοητειίίῑν
829 5579 885 5634 in
921 5585 1165 5639 statuam
1216 5588 1350 5642 salis
1382 5603 1489 5642 non
1534 5599 1891 5641 concrcsvcrc
1924 5624 1937 5647 ο
1971 5600 2065 5639 I10-

560 5746 601 5777 "
621 5744 776 5801 Joan.
804 5766 904 5824 λιι,
935 5761 1027 5817 35.

2249 4577 2412 4649 Ὁρᾷς
2443 4576 2535 4629 τὸν
2560 4576 2715 4631 ὁλκὸν
2745 4574 2852 4629 τῶν
2892 4576 3096 4645 κακῶν,
3129 4576 3276 4639 ὅπως
3308 4574 3427 4639 ἑνὸς
3465 4570 3532 4623 τὰ
3573 4564 3733 4619 πάντα

2154 4669 2249 4723 τοῦ
2287 4671 2427 4724 κατὰ
2456 4670 2554 4739 τὴν
2590 4667 2784 4742 ἡδονὴν
2832 4667 3109 4741 ἐξέρχεται
3136 4668 3375 4736 πάθους;
3419 4658 3629 4729 Ἐπειδὴ
3649 4649 3733 4708 οὖν

2160 4764 2307 4831 ἅπαξ
2341 4763 2589 4834 εἰσῆλθεν
2625 4765 2705 4827 εἰς
2735 4762 2825 4816 τὸν
2861 4762 3028 4833 βίονή
3058 4761 3346 4816 ἀκολουθία
3365 4758 3471 4813 τῶν
3497 4751 3731 4808 τοιούτων

2167 4855 2379 4920 παθῶν,
2415 4854 2541 4923 μίαν
2582 4853 2798 4925 ὁρῶμεν
2838 4855 2903 4906 ἐκ
2932 4853 3031 4922 τῆς
3064 4852 3171 4906 τῶν
3202 4846 3571 4905 θεοπνεύστων
3605 4838 3732 4908 Γρα-

2164 4945 2281 5013 φῶν
2307 4943 2620 5014 συμϐουλῆς
2649 4943 2748 5013 τὴν
2786 4943 3018 5010 διέξοδον
3060 4942 3285 5006 τούτων,
3326 4940 3387 5005 τὸ
3421 4929 3734 5025 χωρἰσῦἦναξ

2166 5036 2262 5091 τοῦ
2292 5034 2535 5088 τοιούτου
2577 5032 2712 5104 βίου,
2748 5033 2842 5087 τοῦ
2876 5034 3230 5106 συνημμένην
3262 5032 3472 5103 ἔχοντος
3499 5029 3554 5079 ὲν
3574 5022 3736 5085 ἑαυτῷ

2169 5126 2266 5197 τὴν
2287 5122 2396 5177 τῶν
2425 5123 2665 5194 ἀνιαρῶν
2695 5123 3070 5195 ἁκολούθησιν’
3115 5123 3214 5177 οὐκ
3263 5122 3378 5175 ἐστι
3407 5118 3533 5189 γὰρ,
3570 5113 3625 5165 ὲν
3650 5107 3737 5161 Σο⁴

2168 5218 2355 5290 δόμοις
2398 5216 2869 5288 φιλοχωρήσαντα,
2930 5217 3213 5287 διαφυγεῖν
3269 5215 3369 5288 τὴν
3425 5210 3516 5266 τοῦ
3579 5198 3735 5290 πυρὸς

2170 5287 2512 5380 ἐπομϐρίανο
2549 5287 2683 5362 ούδὲ
2724 5311 2817 5362 τὸν
2849 5307 2952 5373 ἔξω
2998 5307 3250 5379 Σοδόμων
3300 5287 3600 5377 γενόμενον,
3626 5287 3733 5380 εἶτα

2173 5375 2333 5454 πάλιν
2360 5375 2784 5471 ’ἐπιστραφέντα
2818 5398 2953 5471 πρὸς
2978 5399 3078 5470 τὴν
3106 5375 3389 5469 ἐρήμωσιν
3416 5390 3631 5459 ταύτης,
3666 5375 3735 5452 μὴ

2169 5494 2409 5563 παγῆναι
2437 5492 2640 5564 στήλην
2681 5490 2805 5554 ἁλός
2826 5506 2841 5522 ο
2878 5490 2993 5544 ἀλλ’
3019 5490 3141 5544 οὐδὲ
3172 5490 3273 5561 τῆς
3304 5482 3607 5558 Αἰγυπτίων
3628 5474 3735 5527 δου·

2166 5582 2314 5646 λείας
2376 5581 2859 5653 ἀπαλλαγήσεται,
2891 5583 2919 5634 ὁ
2973 5583 3047 5654 μὴ
3090 5580 3406 5636 καταλιπὼν
3459 5574 3552 5646 τὴν
3588 5564 3740 5633 ΑῙΥΨ
