4026 6432
383 329 490 386 διδ

1643 327 1704 384 ε.
1737 326 2069 385 επιεεοιιιι
2105 285 2404 384 Missam

3556 326 3659 386 3M

383 461 608 504 cursum
665 445 937 501 conllcere
991 427 1292 504 maturent.
1345 446 1580 526 Parique
1621 445 1843 526 ratione
1879 446 1999 506 hic.

2097 445 2208 511 lz'ov,
2244 422 2496 516 καθάπερ
2522 463 2606 510 τις
2630 445 2972 518 κυϐερνήτης
3007 442 3216 514 ἀγαθὸς
3245 442 3384 516 πρὸς
3423 442 3520 499 τὸν
3552 443 3664 500 ἄνω

385 553 488 594 nec
535 536 859 592 diverticula
891 577 906 602 ,
966 552 1145 610 neque
1195 523 1434 594 viarum’
1471 523 1737 594 ﬂexiones
1787 537 1967 608 respi-

385 631 600 697 ciendo,
641 631 728 712 ad.
759 626 1124 715 illudquod'
1161 631 1270 686 sibi
1331 630 1572 715 Inaxime
1623 629 1969 715 propositum

385 730 492 802 es},
518 705 746 786 omnino
773 705 1096 794 perveniet,
1136 723 1232 778 sed
1268 723 1322 777 in
1356 712 1572 782 .cmlurn
1601 705 1994 803 .solum'pon-_.
2017 791 2030 802 _

353 803 614 878 -tu'endo,
646 813 795 868 hunc
845 812 972 867 vita:
1016 827 1239 868 cursum
1276 850 1291 876 ,
1343 818 1605 881 tanquam
1639 808 1842 880 aliquis
1871 822 1970 878 op-

386 905 558 961 timus
611 905 969 976 gubernator,
1004 903 1282 969 conﬁciet,
1335 902 1429 972 qui
1463 903 1689 956 eoeleste
1746 898 1970 969 aliquod

391 995 547 1052 sidus
602 996 868 1071 intuendo
921 995 989 1050 ad
1051 995 1105 1050 id
1143 993 1300 1051 navis
1351 1007 1576 1048 cursum
1637 991 1850 1063 dirigit.
1885 991 1977 1044 llle.

390 1099 527 1140 vero
560 1124 575 1148 ,
618 1085 710 1168 cui
769 1085 1022 1168 obtusior
1057 1091 1142 1138 est
1199 1083 1396 1138 mentis
1466 1081 1615 1136 acies
1645 1122 1659 1145 ,
1713 1079 1979 1135 inferiora
2014 1109 2026 1121 -

395 1159 693 1246 respicit,"
719 1157 878 1233 et'ad
915 1171 1165 1248 corporis
1213 1167 1573 1247 voluptates,
1606 1181 1868 1244 tanquam
1911 1173 1979 1226 ad

397 1268 658 1338 pabulum
739 1268 1024 1344 pecudes,
1088 1269 1329 1322 animum
1395 1259 1631 1337 adjicit,
1696 1251 1983 1334 ventrique

396 1443 562 1509 rebus
611 1445 831 1502 deditus
871 1447 1044 1516 vivit;
1079 1447 1244 1518 Quive
1273 1462 1301 1500 a
1342 1446 1454 1500 vita
1508 1444 1698 1499 divina
1733 1460 1982 1509 aversus,

397 1543 454 1590 ct
483 1550 513 1589 a
553 1517 1006 1593 testamentorum
1037 1517 1327 1609 promissis
1383 1535 1632 1599 alienus,
1667 1535 1806 1590 nihil
1839 1534 1984 1588 aliud

399 1629 457 1682 in
499 1627 664 1685 bonis
716 1643 841 1684 esse
893 1639 1070 1702 putat,
1123 1629 1232 1686 nisi
1281 1644 1406 1684 cum
1439 1629 1566 1699 quis
1621 1627 1679 1683 in
1739 1625 1989 1696 corporis

401 1719 683 1792 voluptate
726 1729 834 1786 est,
877 1722 967 1778 hic
1014 1723 1298 1794 profecto,
1349 1729 1399 1777 et
1448 1719 1628 1776 omnis
1675 1719 1860 1784 homo,
1894 1716 1988 1789 qui

2075 537 2275 592 σκοπὸν
2324 536 2618 591 διευθύνων
2655 536 2718 590 τὸ
2761 536 2990 608 σκάφος.
3039 535 3098 590 ’0
3135 535 3194 589 δὲ
3222 535 3400 607 παχὺς
3431 534 3531 608 τὴν
3549 535 3664 591 διὰ·

2072 646 2241 692 νοιαν,
2290 629 2383 683 καὶ
2435 628 2585 682 κάτω
2618 627 2852 700 βλέπων,
2884 627 2980 682 καὶ
3037 625 3396 697 συγκεκυφὼς
3421 627 3490 697 τῇ
3520 625 3663 699 ψυχῇ

2073 723 2211 794 πρὸς
2239 721 2306 775 τὰ
2333 719 2468 792 ἡδέα
2487 719 2582 774 τοῦ
2612 719 2887 792 σώματος,
2924 717 3178 790 καθάπερ
3210 717 3346 790 πρὸς
3369 716 3474 788 τὴν
3497 715 3668 789 νομὴν

2074 814 2143 868 τὰ
2173 810 2691 884 βοσκήματαημόνῃ
2719 814 2786 882 τῇ
2815 811 3014 882 γαστρὶ
3034 808 3130 864 καὶ
3157 811 3270 873 τοῖς
3303 807 3442 878 μετὰ
3469 805 3669 878 γαστέ-

2081 923 2148 976 ρα
2187 903 2293 969 ζῶν
2317 945 2333 971 ,
2372 886 2885 974 ἀπηλλοτριωμένος
2925 900 3020 956 τοῦ
3045 899 3340 982 ’Θεούτῆς
3374 900 3546 972 ζωῆς,
3580 899 3670 955 καὶ

2080 995 2228 1060 ξένος
2282 994 2389 1049 τῶν
2429 993 2708 1067 διαθηκῶν
2735 994 2836 1065 τῆς
2879 979 3214 1064 ἐπαγγελίας
3234 1033 3250 1058 ,
3283 992 3436 1046 οὐδὲν
3485 991 3672 1064 ἕτερον

2080 1087 2284 1156 ἀγαθὸν
2308 1083 2446 1140 εἶναι
2467 1085 2724 1157 νομίζων,
2750 1085 2783 1157 ἢ
2805 1086 2865 1139 τὸ
2896 1084 3130 1156 ἡσθῆναι
3160 1083 3250 1138 διὰ
3271 1081 3364 1136 τοῦ
3395 1080 3670 1154 σώματος,

2027 1249 2034 1259 ⁸
2083 1175 2240 1242 οὗτός
2288 1181 2472 1244 ἐστιν,
2517 1178 2612 1232 καὶ
2663 1179 2770 1242 πᾶς
2801 1179 2830 1231 6
2875 1175 3136 1240 τοιοῦτος,
3173 1175 3202 1226 6
3240 1177 3298 1228 ἐν
3332 1172 3518 1228 σκότει
3563 1172 3676 1226 δια-

1723 1261 1983 1352 ξειιιιῆηυε
2026 1307 2036 1352 ς
2084 1267 2673 1344 πορευόμενοςρσκαθώς
2709 1285 2872 1352 φησιν
2896 1270 2929 1338 ή
2954 1266 3167 1338 Γραφὴ,
3197 1267 3228 1319 ό
3253 1265 3362 1318 τῶν
3387 1266 3446 1318 ἐν
3469 1261 3550 1334 τῷ
3577 1261 3676 1333 βιῳ

398 1359 544 1426 soli,
589 1358 913 1429 caeterisque
961 1359 1174 1415 ventris
1243 1357 1435 1412 vitium
1509 1351 1984 1426 consequentibus
2030 1351 2033 1352 ⁷
2084 1362 2258 1429 τούτῳ
2284 1362 2470 1416 κακῶν
2504 1351 2747 1429 εὑρέτης

2084 1362 2258 1434 τούτῳ
2284 1362 2470 1416 κακῶν
2504 1352 2768 1432 εὑρέτης·
2794 1363 2852 1415 ἐν
2885 1359 3097 1424 τούτοις
3122 1357 3231 1432 γὰρ
3254 1357 3349 1441 καὶ
3375 1353 3674 1420 πλεονεξία,

2086 1456 2182 1509 καὶ
2221 1455 2408 1510 παθῶν
2450 1455 2736 1517 ἀκολασία.
2787 1455 2880 1509 καὶ
2921 1453 3138 1532 ήπρρς
3177 1453 3274 1522 τὰς
3311 1447 3512 1520 ἡδονὰς
3543 1447 3679 1518 ἀμευ-

2087 1549 2214 1620 τρία
2235 1589 2251 1614 ,
2280 1548 2536 1618 φιλαρχία
2568 1564 2628 1600 τε
2667 1547 2840 1613 πᾶσα,
2871 1545 2966 1601 καὶ
3005 1543 3171 1615 κενῆς
3196 1542 3354 1610 δόξης
3385 1536 3675 1609 ἐπιθυμία,

2090 1640 2185 1692 καὶ
2230 1640 2258 1692 6
2289 1637 2486 1712 inrito;
2533 1637 2720 1708 ὅμιλος
2756 1637 2865 1692 τῶν
2906 1635 3299 1691 συνοικούντων
3330 1630 3524 1687 παθῶν
3571 1629 3682 1693 τοῖς

2093 1729 2420 1802 ἀνθρώποις.
2475 1730 2695 1801 Ἔχεται
2743 1729 2854 1802 γάρ
2904 1746 3022 1793 πως
3082 1729 3140 1782 ἐν
3189 1728 3302 1790 τοῖς
3356 1724 3554 1787 κακοῖς
3591 1720 3680 1776 τοῦ

402 1806 472 1866 ἰιί
519 1826 598 1880 eo_
627 1829 858 1884 numero
889 1813 1016 1880 est,’
1056 1815 1126 1888 in'
1165 1814 1530 1888 tenebris,_ut
1573 1811 1778 1902 divinis
1813 1809 1991 1884 .Littc-

2097 1811 2280 1895 ἐτέρου
2303 1823 2365 1876 τδ
2411 1822 2629 1895 ἕτερον,
2667 1822 2764 1877 καὶ
2805 1815 2961 1892 ᾧπερ
2986 1819 3052 1874 ἂν
3079 1819 3142 1873 τὸ
3175 1817 3234 1872 ἐν
3277 1815 3684 1902 παραγένηται,

403 1903 482 1960 ris
521 1883 790 1975 scriptum
840 1904 1017 1971 est",
1066 1883 1351 1970 ambulat,
1381 1883 1506 1959 cuin
1541 1883 1752 1956 indvita
1801 1883 1995 1970 hujus-

404 1994 552 2049 modi
627 1996 772 2050 mala
841 1995 1200 2052 introducat:
1242 1997 1297 2051 in
1380 1995 1466 2050 bis
1503 1995 1653 2050 enim
1717 1993 1948 2048 avaritia
1977 1982 2030 2058 ,”

405 2073 573 2168 animi
605 2087 945 2166 impotentia,
969 2088 1264 2145 immodica
1291 2088 1358 2143 ad
1393 2088 1703 2159 voluptates
1736 2085 1955 2141 alfectio
1979 2127 1994 2153 ,

408 2163 628 2246 imperii
666 2177 941 2258 cupiditas
965 2219 982 2244 ,
1041 2179 1224 2237 inanis
1247 2180 1435 2252 gloriae
1486 2178 1774 2250 appetit-io,
1821 2191 1886 2232 ac
1911 2191 1998 2232 re-

407 2266 557 2338 liqua
587 2266 732 2324 inest
789 2251 982 2326 ea'rum
1053 2287 1176 2342 quae
1244 2251 1374 2326 sunt
1423 2270 1743 2326 hominibus
1803 2275 2002 2323 contu-

408 2359 688 2428 bernales,
727 2345 1572 2430 perturbationum"multitudo.
1617 2352 1709 2414 Εἰ
1737 2359 1821 2414 bis
1853 2359 2000 2414 enim

411 2450 643 2518 morbis,
698 2451 837 2507 alter
891 2452 1134 2522 quodam
1178 2452 1342 2508 modo
1387 2451 1615 2507 alterius
1666 2452 1889 2506 vinculo
1919 2459 2004 2506 te-

411 2538 598 2605 ne'tur,
649 2548 704 2596 et
761 2541 846 2597 cui
899 2557 1044 2598 unus
1076 2557 1142 2596 ex
1173 2542 1260 2598 his
1293 2541 1552 2608 accedit,
1605 2541 1804 2611 reliqui
1845 2539 2004 2609 quasi

413 2620 654 2702 naturali
687 2629 951 2701 .quadam
1020 2631 1354 2686 necessitate
1421 2630 1690 2700 compulsi
1723 2672 1738 2697 ,
1777 2629 1844 2685 ad
1881 2644 2004 2684 eum

411 2707 796 2777 concurruntf
827 2712 896 2778 id.
917 2719 1061 2796 quod
1101 2723 1157 2777 in
1193 2732 1387 2778 catena
1419 2721 1538 2779 ﬁeri
1569 2723 1820 2779 videmus
1846 2739 1859 2776 :
1886 2723 2006 2794 ejus

415 2813 564 2869 enim
624 2813 896 2885 principio
943 2799 1200 2878 attracto,
1229 2802 1448 2892 neque:
1482 2813 1680 2897 reliqui
1736 2813 1885 2870 illius
1917 2829 2009 2869 or-

416 2907 518 2962 bes
577 2909 889 2964 consistere
940 2918 1194 2980 possunt,
1253 2907 1352 2964 sed
1380 2895 1610 2963 ultimus
1664 2918 1876 2964 catena:
1919 2895 2050 2964 or-'

417 2995 507 3054 bis
545 3014 670 3082 cum
707 3001 886 3071 primo
931 3001 1096 3056 simul
1163 3009 1346 3057 motus
1401 3010 1508 3065 εει,
1541 3016 1666 3056 cum
1720 3017 1785 3056 ex
1817 3016 2012 3056 eorum

419 3097 705 3172 perpetuo"
726 3091 921 3146 ordine
967 3091 1064 3162 qui
1130 3090 1532 3147 simul-annexi
1569 3099 1698 3146 sunt
1746 3092 1968 3149 circulis
1995 3134 2010 3160 ,

2101 1916 2196 1970 καὶ
2235 1913 2304 1968 τὰ
2343 1913 2506 1968 λοιπὰ
2534 1913 2785 1986 καθάπερ
2826 1911 2933 1966 ὑπό
2980 1927 3126 1974 τινος
3168 1907 3408 1980 φυσικῆς
3439 1899 3686 1975 ἀνάγκης

2102 2005 2388 2076 ἑλκόμενα,
2415 1991 2819 2075 συνεισέρχεται
2841 1989 3080 2066 πάντως.
3105 1994 3231 2055 Οἷον
3251 1999 3308 2052 ἐν
3329 1994 3524 2050 ἁλύσει
3543 1993 3688 2064 γίνε-

2102 2115 2216 2162 ται,
2243 2097 2344 2167 τῆς
2370 2097 2546 2168 ἀρχῆς
2570 2093 3026 2164 ἐπισπασθείσης,
3055 2091 3175 2146 οὐδὲ
3203 2089 3300 2154 τὰς
3331 2085 3532 2150 λοιπὰς
3561 2087 3689 2155 ἠρε-

2110 2191 2229 2261 μεῖν
2261 2189 2359 2259 τῆς
2392 2187 2634 2252 ἁλύσεως
2684 2185 2931 2255 ἀγκύλας
2992 2183 3217 2238 δυνατόν
3265 2181 3439 2244 ἐστιν,
3497 2176 3612 2232 ἀλλ’
3654 2177 3690 2246 ή

2107 2281 2250 2335 κατὰ
2293 2279 2358 2333 τὸ
2394 2279 2583 2351 ἕτερον
2618 2277 2793 2350 πέρας
2824 2276 2926 2346 τῆς
2960 2273 3202 2337 ἁλύσεως
3232 2269 3448 2342 ἀγκύλη
3485 2283 3695 2323 συνεκι-

2109 2369 2246 2442 νήθη
2297 2371 2365 2441 τῇ
2395 2367 2626 2440 πρώτῃ,
2658 2367 2800 2421 κατὰ
2846 2364 2908 2419 τδ
2952 2362 3244 2442 ἀκόλουθον
3283 2361 3374 2426 ἀεὶ
3402 2359 3505 2440 καὶ
3532 2371 3695 2429 προσ-

2110 2440 2242 2532 εχὲς
2259 2440 2367 2514 ἀπο
2397 2457 2492 2513 τοῦ
2521 2448 2739 2531 πρώτου
2765 2455 2856 2510 διὰ
2900 2455 3007 2518 τῶν
3033 2440 3461 2526 παρακειμένων
3484 2446 3584 2520 τῆς
3615 2463 3696 2500 κι-

2111 2555 2318 2624 νήσεως
2339 2549 2637 2624 προϊούσης
2660 2566 2676 2580 ·
2704 2549 2878 2614 οὕτως
2915 2545 3294 2619 ἐμπέπλεκται
3341 2543 3438 2597 καὶ
3493 2537 3698 2611 συμπέ-

2113 2659 2281 2713 φυκεν
2310 2641 2559 2714 ἀλλήλοις
2594 2640 2666 2695 τὰ
2703 2638 3022 2712 ἀνθρώπινα
3049 2635 3220 2708 πάθη,
3241 2634 3337 2690 καὶ
3358 2633 3425 2687 δι’
3455 2632 3576 2695 ἐνὸς
3605 2625 3698 2683 τοῦ

2113 2736 2606 2808 ἐπικρατήσαντος,
2635 2733 2730 2787 καὶ
2755 2735 2784 2786 6
2819 2730 3006 2794 λοιπὸς
3027 2729 3136 2783 τῶν
3166 2725 3354 2781 κακῶν
3391 2723 3554 2787 ὁλκὸς
3584 2736 3702 2774 συν-

2115 2824 2725 2899 εισέρχεται-τῇΙψυχῇτ
2753 2821 2950 2894 Καὶ-,εί
2977 2822 3094 2893 χρή·
3114 2837 3196 2874 σοι
3241 2817 3573 2891 διαγράφειν
3608 2813 3702 2886 τὴν

2117 2917 2362 2990 πονηρὰν
2409 2917 2613 2988 ταύτην
2651 2915 2863 2980 ἅλυσιν,
2893 2914 3095 2969 ὑπόθου
3121 2911 3241 2967 τινὰ
3272 2911 3362 2966 διά
3399 2927 3552 2975 τινος
3582 2909 3702 2980 ήδοο

2117 3009 2215 3079 νῆς
2263 3005 2357 3061 τοῦ
2420 3005 2562 3060 κατὰ
2619 3005 2720 3076 τὴν
2767 3001 3073 3068 κενοδοξίαν
3118 2999 3420 3074 ἡττηθῆναι
3456 2997 3666 3062 πάθους
3687 3012 3702 3028 ⁸

2121 3099 2259 3156 ἀλλὰ
2286 3103 2352 3171 τῇ
2374 3098 2650 3170 κενοδοξία
2675 3097 2767 3152 καὶ
2795 3099 2828 3168 ή
2859 3095 2955 3150 τοῦ
2992 3094 3236 3157 πλείονος
3265 3093 3454 3170 ἔφεσις
3488 3105 3710 3162 συνηκοο

423 3194 455 3233 a
512 3169 700 3250 primo
741 3179 924 3264 motio'
974 3183 1100 3262 ipsa.
1157 3183 1588 3254 progrediatur:
1627 3183 1700 3238 ita
1784 3183 1999 3240 humani

2114 3169 2410 3264 λούθησεν·
2453 3191 2514 3245 ού
2571 3169 2682 3261 γὰρ
2732 3187 2850 3242 ἐστι
2907 3187 3234 3262 πλεονέκτην
3270 3183 3586 3260 ,γενέςθαιν
3633 3180 3706 3254 μὴ

429 3272 661 3329 aﬂ'ectus
718 3259 971 3346 impliciti
1025 3259 1169 3330 inter
1197 3265 1502 3356 'se'atque
1545 3275 1782 3360 connexi
1835 3283 2011 3344 sunt,

427 3379 701 3448 saepeque
730 3367 824 3432 ﬁt,
862 3377 946 3432 ut,
990 3382 1116 3422 cum
1168 3382 1313 3424 unus
1371 3367 1770 3439 imperaverit,
1807 3369 2016 3439 reliqua

427 3457 560 3512 item
616 3459 936 3514 morborum
977 3461 1138 3516 turba
1197 3460 1442 3515 animum
1475 3459 1720 3542 invadat.
1765 3460 1944 3532 Atque
1971 3461 2018 3517 si

430 3549 548 3604 haec
582 3549 802 3620 quidem
847 3551 963 3622 ipsa
1007 3552 1164 3624 quasi
1224 3551 1492 3608 malorum
1545 3560 1742 3608 catena
1793 3552 1889 3608 tibi
1923 3568 2020 3608 ex-

2113 3283 2330 3354 ἐκείνης
2369 3281 2464 3334 ἐπὶ
2517 3281 2579 3335 τὸ
2629 3281 2802 3362 πάθος
2849 3277 3320 3359 χειραγωγούσης.
3363 3273 3504 3332 Εἶτα
3548 3276 3584 3346 ή
3617 3270 3708 3327 τοῦ

2118 3374 2464 3428 πλεονεκτεῖν
2494 3363 2590 3446 και
2609 3369 2884 3445 ’προέχειν
2920 3369 3261 3442 eat-tenuian
3292 3367 3710 3442 oprtuéédmst

2118 3467 2256 3538 πρὸς
2291 3465 2353 3520 τὸ
2380 3465 2674 3538 ὁμόφυλον,
2707 3463 2742 3535 ἦ
2778 3463 2916 3536 πρὸς
2952 3462 3012 3517 τὸ
3034 3461 3345 3534 ὑποχείριον
3372 3459 3472 3532 τὴν
3501 3459 3712 3530 ὑπερη·

2121 3557 2340 3629 φανίαν,
2375 3557 2410 3629 ἢ
2458 3557 2595 3628 πρὸς
2625 3555 2688 3610 τὸ
2741 3555 3008 3627 ὑπερέχον
3041 3555 3134 3608 τὸν
3161 3552 3354 3623 φθόνον
3379 3569 3393 3584 ο
3417 3550 3616 3626 φθόνου
3657 3547 3714 3602 δὲ

436 3640 670 3710 plicetur
727 3657 954 3700 necesse
998 3655 1117 3708 est,
1182 3643 1273 3700 fac
1307 3659 1432 3700 esse
1500 3639 1815 3716 quempiam
1849 3685 1864 3711 ,
1921 3661 1994 3717 qu

2123 3647 2417 3712 ἀκόλουθος
2443 3649 2478 3720 ή
2525 3648 2814 3718 ὑπόκρισις
2866 3646 3076 3715 γίνεται
3107 3660 3122 3674 '
3157 3643 3372 3716 ἐκείνης
3405 3645 3439 3715 ή
3477 3641 3677 3714 πικρία
3699 3679 3714 3707 ,

433 3747 547 3802 pra:
598 3733 876 3805 voluptate
915 3737 1150 3806 quadam
1195 3735 1268 3790 sit
1327 3735 1510 3792 inanis
1577 3737 1766 3807 gloriae
1819 3737 1999 3794 allecti

2125 3741 2330 3812 ταύτης
2382 3741 2416 3813 ή
2455 3739 2840 3812 μισανθρωπία
2863 3755 2878 3770 ο
2913 3738 3136 3806 τούτων,
3174 3739 3430 3792 ἁπάντων
3463 3735 3529 3790 τὸ
3569 3733 3718 3796 τέλος

436 3833 772 3894 superatus;
806 3833 893 3880 est
949 3827 1077 3880 huic
1119 3841 1254 3882 sane
1283 3826 1464 3884 inanis
1499 3827 1688 3897 glorias
1729 3827 1999 3898 cupiditat

2129 3832 2474 3902 κατάκρισις,
2515 3833 2595 3895 είς
2623 3829 2848 3901 γέενναν
2879 3830 2974 3884 καὶ
3006 3829 3196 3894 σκότος
3244 3829 3340 3883 καὶ
3391 3826 3504 3900 πῦρ
3553 3841 3720 3883 κατα-

439 3917 702 3985 adjuncta
733 3911 896 3972 etiam
928 3918 1196 3989 appetitio
1226 3919 1501 3989 quaedam,
1538 3927 1598 3973 ut
1627 3920 1751 3990 plus
1793 3919 1838 3975 is
1872 3935 1999 3976 asse

2131 3921 2404 3994 λήγουσα.’
2691 3923 2698 3930 ’
3050 3965 3056 3970 .
3191 3931 3198 3938 '
3313 3929 3320 3935 ‘
3517 3911 3525 3916 ’

439 4014 680 4072 quatur:
714 4007 975 4075 quoniam
1031 4023 1139 4063 non
1189 3999 1394 4079 potest
1425 4008 1552 4078 quis
1596 4007 1721 4080 plus
1776 4009 2012 4065 habendi
2051 4013 2358 4083 cupiditate
2425 4013 2638 4076 teneri,
2713 4013 2819 4069 nisi
2871 4011 3036 4082 hujus
3086 4010 3316 4067 allectus
3363 4009 3476 4065 dux
3541 4017 3599 4066 ει
3626 4021 3720 4063 co.

447 4113 566 4152 mes
613 4100 866 4168 quaedam
947 4101 1018 4153 sit
1073 4101 1263 4171 gloriae
1305 4100 1590 4169 aviditas;
1657 4101 1854 4157 deinde
1916 4105 2181 4174 appetitio
2222 4105 2375 4172 haec,
2409 4120 2516 4176 qua
2564 4106 2692 4177 quis
2768 4104 3022 4170 adicitur,
3088 4115 3150 4159 ut
3203 4113 3256 4159 et
3307 4119 3498 4175 opum,
3539 4112 3596 4158 et
3647 4099 3726 4156 di-

442 4191 670 4262 gnitatis
728 4191 1089 4262 amplitudine
1120 4191 1334 4248 caeteris
1381 4191 1502 4262 ipse
1559 4191 1823 4258 antistet,
1853 4194 1939 4250 vel
1970 4195 2024 4248 in
2064 4197 2306 4266 aequales
2352 4199 2591 4253 concitat
2637 4197 2812 4263 iram,
2867 4196 2952 4252 vel
2985 4195 3300 4266 superbiam
3374 4193 3430 4248 in
3500 4191 3726 4247 inferio-

445 4298 572 4348 res,
619 4284 705 4338 vel
748 4283 804 4338 in
863 4285 1176 4354 superiores
1211 4283 1502 4348 invidiam,
1569 4283 1733 4354 cujus
1777 4285 1930 4340 socia
2006 4297 2089 4343 est
2166 4288 2465 4345 simultas:
2506 4288 2672 4360 hujus
2735 4301 2866 4343 vero
2913 4301 3096 4342 comes
3185 4284 3457 4340 acerbitas
3489 4323 3504 4349 ,
3564 4295 3725 4354 quam

443 4377 631 4431 odium
665 4376 940 4446 quoddam
983 4369 1264 4432 hominum
1310 4377 1712 4448 consequitur:
1749 4387 1806 4432 at
1868 4379 2063 4436 borum
2123 4389 2368 4436 omnlum
2413 4389 2754 4454 postremum
2803 4393 2886 4434 εει
2936 4377 3240 4445 damnatio,
3288 4375 3344 4431 in
3395 4375 3724 4447 gehennam,

445 4465 727 4529 tenebras,
780 4471 945 4536 atque
993 4467 1174 4538 ignem
1213 4469 1498 4524 desinens.
1960 4481 1966 4487 ·
3068 4468 3074 4474 -
3391 4464 3400 4470 -
3611 4465 3621 4472 -

515 4545 684 4614 Vides
729 4559 923 4614 horum
974 4561 1220 4615 omnium
1292 4563 1563 4617 malorum
1630 4563 1788 4634 quasi
1847 4567 1990 4621 viam

2097 4573 2118 4627 )
2225 4564 2388 4637 Ὁρᾷς
2418 4563 2511 4618 τὸν
2535 4564 2691 4619 ὁλκὸν
2719 4561 2828 4616 τῶν
2867 4563 3072 4632 κακῶν,
3104 4563 3252 4626 ὅπως
3284 4562 3402 4628 ἐνὸς
3441 4561 3510 4615 τὰ
3553 4560 3729 4615 πάντα

446 4649 910 4722 quemadmodum
953 4650 1204 4706 videlicet
1235 4653 1303 4708 ab
1346 4669 1454 4708 uno
1501 4653 1800 4726 voluptatis
1835 4658 1995 4714 εσθαι

2130 4656 2226 4712 τοῦ
2262 4659 2403 4712 κατὰ
2432 4657 2530 4728 τὴν
2565 4655 2760 4730 ἡδονήν
2807 4653 3084 4728 ἐξέρχεται
3111 4655 3350 4723 πάθους;
3395 4652 3614 4726 Ἐπειδὴ
3637 4647 3730 4705 οὖν

448 4749 650 4798 cuneta
691 4742 1166 4814 proficiscuntur?
1199 4742 1570 4810 Quamobrem
1621 4747 1712 4802 ubi
1765 4749 1999 4819 ejusmoc

2135 4751 2282 4820 ἅπαξ
2317 4751 2565 4822 εἰσῆλθεν
2600 4753 2680 4815 είς
2710 4749 2801 4803 τὸν
2835 4749 3004 4821 βίονή
3032 4749 3322 4804 ἀκολουθία
3340 4746 3448 4802 τῶν
3475 4747 3727 4800 τοιούτων

449 4835 723 4889 malorum
777 4835 1078 4906 conjuncta
1133 4835 1428 4892 multitudo
1463 4837 1518 4892 in
1579 4839 1720 4894 hanc
1757 4841 1920 4896 vitam
1950 4859 1999 4899 se

2143 4842 2356 4908 παθῶν,
2389 4842 2517 4912 μίαν
2556 4840 2773 4913 ὁρῶμεν
2814 4843 2878 4894 ἐκ
2907 4839 3007 4910 τῆς
3039 4839 3146 4893 τῶν
3177 4833 3553 4893 θεοπνεύστων
3588 4835 3728 4906 Γραο

449 4928 556 4982 ιιιεΙ
593 4943 716 4984 sese
753 4927 1021 4998 conjecit,
1077 4943 1192 4987 una
1218 4937 1324 4995 est,
1367 4937 1426 4982 ut
1462 4929 1532 4984 ab
1577 4931 1665 4988 bis
1717 4933 1999 4987 liberemul

2140 4932 2256 5001 φῶν
2281 4931 2596 5001 συμϐουλῆς
2625 4931 2723 5002 τὴν
2761 4931 2994 4998 διέξοδον
3035 4929 3260 4994 τούτων,
3303 4928 3363 4982 τὸ
3397 4925 3730 4999 χωρισθῆναι

451 5019 628 5084 ratio,
658 5034 822 5090 quam
879 5020 935 5075 in
987 5019 1188 5076 divinis
1222 5020 1446 5078 Litteris
1476 5023 1946 5092 contemplemur:
1975 5038 1999 5078 e

2142 5024 2238 5078 τοῦ
2268 5021 2510 5076 τοιούτου
2552 5020 2688 5092 βίου.
2723 5021 2818 5075 τοῦ
2851 5021 3206 5094 συνημμένην
3237 5018 3449 5091 ἔχοντος
3476 5021 3535 5072 ἐν
3556 5011 3756 5086 ἐαυτῷ,

453 5121 634 5165 autem
671 5113 791 5176 est,
831 5123 888 5168 ut
926 5113 998 5168 ab
1048 5113 1142 5168 illa
1189 5114 1315 5168 vita:
1347 5115 1637 5185 disi'iplina
1685 5131 1802 5170 nos.
1842 5130 1999 5171 avoce

2145 5113 2242 5185 τὴν
2262 5110 2372 5165 τῶν
2399 5111 2641 5182 ἀνιαρῶν
2671 5111 3046 5184 ἀκολούθησιν·
3089 5111 3190 5164 οὐκ
3239 5109 3354 5164 ἔστι
3383 5109 3514 5180 γὰρ,
3553 5109 3611 5162 ἐν
3637 5106 3734 5160 Zo-

454 5219 599 5267 mus,
638 5220 762 5276 quae
819 5207 985 5262 rebus
1025 5208 1283 5277 gravibus
1310 5214 1394 5262 est
1425 5217 1589 5277 atque
1645 5207 1895 5262 molestis
1945 5222 1999 5262 as

2144 5206 2330 5278 δόμοις
2373 5204 2844 5276 φιλοχωρήσαντα,
2905 5205 3188 5275 διαφυγεῖν
3243 5202 3344 5277 τὴν
3402 5203 3496 5256 τοῦ
3563 5199 3732 5272 πυρὸς

458 5295 620 5348 tricta
655 5313 671 5363 ;
701 5313 880 5368 neque
909 5297 1082 5364 enim,
1139 5299 1228 5353 cui
1284 5299 1578 5354 Sodomam
1621 5298 1864 5353 incolere
1889 5313 1999 5354 εον(

2145 5295 2488 5368 ἐπομϐρίαν·
2535 5296 2658 5350 ούδέ
2699 5299 2792 5350 τὸν
2824 5295 2927 5361 ἐξω
2974 5295 3224 5366 Σοδόμων
3275 5294 3587 5368 γενόμενον,
3613 5287 3730 5345 εἶτα

460 5390 564 5446 εει,
605 5384 746 5452 ignis
795 5388 1031 5442 imbrem
1084 5389 1364 5444 declinare
1404 5390 1493 5444 hic
1548 5397 1729 5459 potest
1761 5408 1772 5444 :
1808 5404 1910 5444 nec
1948 5407 1999 5461 qt

2148 5387 2309 5442 πάλιν
2350 5387 2759 5458 ἐπιστραφέντα
2792 5386 2928 5459 πρὸς
2953 5386 3053 5458 τὴν
3081 5387 3367 5458 ἐρήμωσιν
3394 5383 3618 5456 ταύτης,
3655 5378 3733 5453 μὴ

463 5469 722 5528 Sodomis
773 5491 1030 5544 egressus
1053 5521 1068 5544 ,
1104 5481 1302 5536 iterum
1337 5483 1400 5536 ad
1465 5482 1616 5536 urbis
1675 5479 1947 5535 excidium
1984 5499 1999 5538 ε

2143 5481 2384 5550 παγῆναι
2413 5478 2616 5552 στήλην
2656 5477 2780 5542 ἁλός
2801 5494 2816 5510 ’
2852 5477 2968 5532 ἀλλ’
2994 5478 3116 5532 οὐδὲ
3147 5477 3248 5549 τῆς
3279 5477 3594 5548 Αἰγυπτίων
3616 5474 3734 5528 δου-

465 5557 756 5623 convertit,
807 5563 864 5618 in
899 5567 1141 5622 statuam
1191 5571 1326 5627 salis
1358 5589 1465 5628 non
1509 5587 1866 5629 concrescere
1899 5612 1912 5636 ι
1946 5589 1999 5628 IN

2141 5570 2289 5634 λείας
2351 5569 2798 5640 ἀπαλλαγήσεται
2821 5610 2835 5637 ,
2865 5571 2894 5622 6
2948 5571 3023 5642 μὴ
3065 5568 3384 5626 καταλιπὼν
3438 5567 3536 5641 τὴν
3573 5565 3738 5636 Myu-

543 5733 584 5765 "
605 5733 762 5790 Joan.
789 5752 890 5804 λιι,
919 5741 1008 5796 ⁸55.
