4026 6454
547 388 650 444 54⁷1

1786 390 1841 446 S.
1884 386 2211 446 GRECORII
2239 386 2528 443 NYSSENI
3680 399 3769 459 358

542 510 640 576 tia,
676 526 834 581 quasn
867 511 1046 582 primo
1086 513 1249 581 vere,‘
1278 514 1441 585 plane
1492 515 1911 584 demonstravit,
1971 532 2109 574 sene

2232 516 2445 587 φύσεως
2485 515 2732 585 ἀνάγκην
2764 510 3172 584 συμϐαίνουσαι,
3198 514 3426 569 λυποῦσι
3456 515 3657 582 πάντως
3690 519 3770 574 τὸν

542 603 708 658 ctutis
752 611 941 673 postea
994 605 1175 663 hieme
1229 608 1532 676 exstinxit;
1605 610 1912 680 eodemque
1960 609 2109 665 modt

2227 612 2288 663 ἐν
2317 607 2660 681 προσπαθείᾳ
2694 605 3005 677 γενόμενον,
3043 608 3139 677 μία
3181 607 3288 662 τῶν
3325 607 3572 662 τοιούτων
3608 611 3771 664 κακῶν

540 693 754 764 reliqua
799 697 1007 763 omnia,
1058 715 1181 769 quae
1218 699 1286 755 ad
1337 701 1613 771 quoddam
1661 709 1880 774 tempus
1940 704 2109 759 carnis

2226 702 2372 754 ἐστιν
2424 697 2700 769 ἀποφυγὴ,
2729 698 2791 751 τὸ
2841 697 3029 769 μηδενὶ
3074 697 3187 752 τῶν
3232 699 3691 770 μεταϐαλλομένων
3713 706 3769 774 τῇ

540 799 766 841 sensum
791 786 1144 858 deceperunt,
1166 798 1519 862 posteaquam
1544 806 1771 849 cursum
1788 808 1851 849 ea
1879 794 2126 864 perfece-

2223 788 2369 858 ψυχῇ
2402 786 2789 859 προστεθῆναι,
2821 784 2936 839 ἀλλ’
2961 785 3038 850 ὡς
3058 787 3172 840 ἐστι
3197 787 3438 855 δυνατὸν,
3471 790 3772 862 χωρισθῆναι

495 851 503 907 ί
540 886 690 944 runt,
715 878 991 936 oblivione
1008 882 1170 937 simul
1195 851 1469 937 occultata
1492 894 1639 939 sunt.
1664 851 1934 951 Quoniam
1957 886 2109 958 igitui

2512 851 2686 932 πάντα
2716 877 2807 932 τὸν
2841 877 2955 948 βίον
2982 878 3073 932 τὸν
3093 880 3314 952 ἐμπαθῆ
3348 897 3407 935 τε
3424 851 3524 936 ’κᾶι
3546 851 3772 953 σάρκίνον

539 969 812 1038 ejusmodi
851 974 1335 1040 commutationes,
1369 990 1492 1045 quae
1515 976 1752 1046 quadam
1788 987 2000 1032 natura:
2021 993 2121 1034 ne-

537 1062 795 1116 cessitate
826 1064 1105 1128 eveniuut,
1139 1064 1496 1120 doloreillum
1516 1066 1760 1124 alliciunt
1776 1069 1871 1139 qui
1900 1069 1957 1123 in
1988 1069 2122 1125 aﬂ'e.

535 1152 720 1208 ctione
747 1163 1023 1222 versatur,
1053 1171 1160 1210 una
1190 1165 1336 1212 certe
1373 1166 1459 1213 est
1486 1158 1685 1214 horum
1716 1162 1985 1215 malorum
2033 1162 2124 1217 de-

535 1243 784 1307 clinatio,
818 1251 877 1298 ut
904 1261 971 1300 ne
1009 1246 1135 1302 ullis
1166 1247 1355 1316 rebus,
1387 1264 1511 1319 quae
1538 1251 1785 1307 animum
1820 1252 2117 1319 concitent,

537 1348 659 1389 sese
684 1335 964 1406 adjungat,
1001 1338 1117 1403 sed,
1148 1348 1413 1410 quantum
1443 1342 1557 1399 fieri
1574 1351 1774 1415 potest,
1800 1361 1859 1401 se
1878 1346 1947 1401 ab
1970 1345 2121 1401 omni

537 1423 659 1477 vitae
690 1427 1092 1483 consuetudine
1120 1437 1332 1499 avocet,
1362 1447 1486 1502 quae
1532 1433 1597 1488 ad
1639 1434 1891 1490 vitiosam
1952 1433 2122 1489 disci-

533 1515 762 1584 plinam,
797 1520 1062 1589 carnique
1089 1520 1331 1577 deditam
1381 1524 1638 1591 adducat,
1690 1527 1773 1581 vel
1820 1526 2004 1596 potius
2049 1525 2119 1581 ab

532 1621 596 1661 ea
622 1610 1027 1677 convenientia,
1061 1613 1565 1688 conjunctioneque
1592 1625 1803 1673 natura:
1855 1633 1916 1674 se
1945 1632 2121 1673 remo-

532 1706 678 1765 veat,
711 1717 819 1771 qua
848 1717 953 1758 suo
1000 1705 1240 1777 quisque
1283 1710 1504 1777 corpori
1551 1710 1817 1766 astrictus
1873 1716 2115 1776 tenetur,

534 1799 594 1845 ut
642 1806 712 1847 ne
758 1793 890 1861 vita,
924 1810 1045 1866 quae
1082 1812 1113 1853 e
1149 1813 1316 1855 carne
1348 1810 1455 1867 est,
1498 1802 1569 1856 sit
1629 1802 1816 1857 carnis
1875 1802 2114 1858 obnoxia

2220 971 2467 1041 ὁμιλίας·
2499 970 2699 1041 μᾶλλον
2727 969 2785 1024 δέ
2805 970 2900 1024 καὶ
2927 970 3026 1043 τῆς
3060 971 3195 1041 πρὸς
3226 972 3286 1027 τὸ
3315 972 3471 1044 σῶμα
3505 973 3566 1028 τὸ
3599 974 3770 1030 ἐαυτοῦ

2224 1062 2565 1135 συμπαθείας
2603 1062 2709 1130 ἔξω
2748 1062 3031 1131 γενέσθαι,
3080 1062 3159 1127 ὡς
3195 1063 3262 1117 ἂν
3315 1065 3390 1135 μὴ
3436 1063 3574 1141 κατὰ
3614 1065 3770 1136 σάρκα

2223 1154 2392 1226 βιοὺς,
2423 1152 2720 1218 ὑπεύθυνος
2775 1155 3003 1226 γένηται
3033 1157 3155 1218 ταῖς
3202 1155 3267 1208 ἐκ
3294 1157 3391 1225 τῆς
3420 1156 3614 1228 σαρκὸς
3647 1174 3769 1229 συμ-

2222 1247 2417 1320 φοραῖς
2444 1262 2459 1277 ⁶
2501 1246 2659 1302 τοῦτο
2695 1246 2751 1300 δέ
2805 1247 2921 1301 ἐστι
2956 1247 3016 1301 τὸ
3077 1248 3212 1319 μόνῃ
3261 1251 3327 1319 τῇ
3359 1247 3501 1320 ψυχῇ
3555 1247 3664 1321 ζῇν,
3690 1251 3771 1303 καὶ

2224 1339 2506 1412 μιμεῖσθαι
2562 1339 2703 1394 κατὰ
2767 1339 2830 1392 τὸ
2884 1340 3109 1395 δυνατὸν
3158 1341 3258 1413 τὴν
3310 1341 3419 1395 τῶν
3490 1342 3770 1413 ἀσωμάτων

2219 1431 2501 1503 δυνάμεων
2539 1430 2845 1484 πολιτείαν
2884 1424 2997 1505 ἐνῇ
3032 1428 3156 1484 οὔτε
3196 1430 3464 1502 γαμοῦσιν
3487 1428 3607 1485 οὕτε
3627 1431 3768 1502 γαμί-

2222 1541 2475 1579 σκονται·
2500 1523 2614 1577 ἀλλ’
2653 1522 2812 1595 ἔργον
2842 1523 3027 1587 αὐτοῖς
3070 1523 3166 1577 καὶ
3195 1522 3526 1593 κατόρθωμα
3559 1523 3618 1576 τὸ
3651 1522 3768 1576 θεω-

2223 1618 2335 1689 ρεῖν
2377 1616 2468 1670 τὸν
2511 1615 2731 1685 Πατέρα
2777 1614 2878 1685 τῆς
2911 1614 3222 1685 ἀφθαρσίας
3254 1613 3393 1677 ἐστὶ,
3427 1613 3518 1666 καὶ
3567 1614 3692 1684 πρὸς
3718 1612 3770 1665 τὸ
3851 1692 3859 1701 ι

2220 1706 2524 1779 ἀρχέτυπον
2557 1704 2751 1770 κάλλος
2781 1706 2880 1777 τὴν
2914 1705 3052 1759 ίδίαν
3081 1704 3444 1770 καλλωπίζειν
3473 1704 3673 1777 μορφὴν
3694 1704 3770 1758 διὰ

2216 1800 2317 1871 τῆς
2348 1796 2703 1869 ἐνδεχομένης
2736 1796 3040 1867 μιμήσεως.

531 1884 991 1943 calamitatibus:
1054 1888 1160 1944 hoc
1211 1900 1392 1946 autem
1447 1901 1551 1958 est,
1598 1895 1702 1949 soli
1752 1895 1951 1950 animae
1986 1895 2105 1950 vive

2246 1899 2307 1946 ut
2332 1891 2481 1963 quis,
2530 1897 2797 1960 quantum
2839 1888 2893 1942 in
2946 1902 3005 1942 se
3050 1893 3156 1951 est,
3199 1888 3510 1944 institutum
3549 1887 3770 1943 imitetur

532 1978 749 2034 illarum
805 1989 1160 2053 potestatum,
1211 2002 1334 2057 qua:
1367 1990 1619 2060 corporis
1653 1998 1908 2062 expertes
1943 2002 2119 2048 sunt:
2162 1990 2271 2045 illae
2298 1989 2445 2044 enim
2477 1999 2658 2057 neque
2689 1985 2923 2051 nubunt,
2965 1998 3146 2053 neque
3177 1983 3493 2050 nubuntur;
3525 1981 3616 2039 sed
3678 1981 3770 2037 hoc

530 2076 615 2124 est
665 2071 799 2140 ipsis
842 2075 1183 2144 propositum
1236 2093 1459 2145 munus,
1513 2082 1779 2147 studium,
1832 2089 2000 2153 atque
2048 2079 2351 2153 perfectum
2399 2076 2662 2141 ollicium,
2708 2083 2769 2129 ut
2816 2075 3152 2144 incorruptae
3211 2074 3542 2146 integritatis
3582 2080 3767 2144 patrem

528 2161 990 2232 contemplemur,
1020 2174 1206 2235 atque,
1237 2177 1506 2236 quantum
1535 2170 1843 2229 imitatione
1863 2172 2088 2243 assequi
2127 2176 2382 2243 possunt,
2398 2169 2464 2224 ad
2496 2167 2673 2239 ipsius
2698 2164 3130 2237 pulchritudinis
3152 2166 3434 2235 exemplar
3462 2162 3764 2226 contuendo,

532 2266 688 2309 suam
726 2252 831 2323 ipsi
859 2261 1057 2310 ornent
1085 2255 1343 2313 formam.

1141 2346 1371 2403 CAPUT
1428 2348 1495 2403 ν.

532 2430 714 2488 Animi
755 2434 1133 2511 integritatem,
1181 2438 1501 2511 ejusquepab
1550 2440 1795 2495 omnibus
1836 2440 2113 2511 affectibus

621 2506 958 2573 vacuitatem,
983 2506 1221 2577 corporis
1254 2506 1534 2564 munditiis
1557 2512 1764 2565 anteire
1797 2506 2022 2581 oportet.

605 2592 781 2666 llujus
809 2597 978 2667 igitur
999 2600 1220 2667 mentis,
1248 2614 1587 2671 summaeque
1616 2600 1934 2670 cupiditatis
1961 2600 2113 2673 adju-

532 2688 756 2751 torium,
776 2695 837 2742 ut
866 2688 920 2742 in
948 2689 1157 2748 divinis
1175 2690 1401 2748 Litteris
1430 2693 1692 2764 appellari
1715 2693 1878 2758 solet,
1899 2693 2107 2748 homini

530 2775 894 2848 virginitatem
927 2781 1186 2836 tributam
1213 2799 1337 2840 esse
1365 2784 1644 2840 diximus:
1692 2793 1753 2840 ut
1781 2785 1928 2840 enim
1980 2785 2111 2840 reli-

528 2884 762 2939 quorum
797 2866 1106 2929 studiorum
1136 2883 1285 2931 artes
1344 2878 1592 2947 quaedam
1628 2878 1696 2933 ad
1747 2878 1964 2933 illorum
2013 2878 2108 2948 qui

524 2974 713 3016 earum
758 2965 942 3019 studio
970 2973 1251 3032 tenentur,
1297 2969 1599 3040 perfectam
1632 2969 1974 3041 disciplinam
2020 2970 2109 3024 in-

524 3061 704 3109 ventae
737 3065 903 3112 sunt:
941 3057 1022 3113 sic
1049 3060 1382 3131 virginitatis
1412 3061 1656 3117 studium
1688 3062 1822 3116 mihi
1854 3077 1946 3117 ars
1967 3076 2113 3133 quae-

523 3144 650 3200 dam
681 3154 736 3202 et
765 3148 1000 3205 facultas
1031 3150 1321 3219 divinioris
1347 3154 1472 3210 vita:
1525 3154 1746 3209 videtur
1781 3170 1925 3222 esse,
1987 3170 2111 3226 qua:

524 3235 741 3303 doceat,
774 3243 1237 3309 quemadmodum
1277 3244 1336 3309 ii,
1373 3246 1467 3316 qui
1502 3245 1590 3300 liis
1626 3247 1878 3317 corporis
1913 3249 2108 3303 vincu-

524 3327 594 3383 lis
620 3330 833 3384 astricti
885 3340 1164 3397 tenentur,
1212 3348 1402 3390 earum
1454 3350 1662 3401 rerum,
1711 3352 1834 3405 quae
1874 3351 2109 3407 corpore

522 3429 735 3486 carent,
772 3428 984 3478 naturae
1020 3426 1229 3481 similes
1252 3426 1579 3484 elﬁciantur.
1604 3428 1741 3483 Vita:
1762 3429 1905 3483 enim
1943 3429 2107 3498 hujus

520 3529 685 3569 omne
717 3513 981 3584 studium,
1011 3525 1174 3589 atque
1196 3519 1506 3575 inStitutum
1534 3519 1668 3574 illud
1691 3529 1797 3586 est,
1832 3529 1890 3576 ut
1921 3538 1988 3577 ne
2009 3537 2107 3577 vo-

522 3607 793 3678 luptatum
825 3611 1031 3681 impetu
1072 3612 1241 3667 animi
1291 3612 1634 3683 deprimatur
1671 3613 1925 3681 altitudo,
1973 3628 2108 3671 neve

2830 2347 3083 2401 ΚΕΦΑΛ.
3118 2347 3195 2404 Ε’.

2218 2439 2343 2493 Ὅτι
2382 2435 2768 2510 προηγεῖσθαι
2798 2438 2915 2510 χρὴ
2954 2438 3071 2507 τὴν
3121 2439 3230 2508 τῆς
3269 2441 3478 2510 ψυχῆς
3509 2438 3768 2493 ἀπάθειαν

2534 2506 2645 2575 τῆς
2687 2508 2757 2561 ἐν
2783 2506 3021 2578 σώματι
3049 2506 3474 2579 καθαρότητὸζ.

2283 2597 2501 2668 Ταύτης
2520 2591 2612 2651 οὖν
2632 2596 2732 2667 τῆς
2760 2597 2998 2661 διανοίας
3019 2599 3115 2653 καὶ
3144 2599 3244 2671 τῆς
3267 2598 3480 2669 ὑψηλῆς
3505 2596 3766 2668 ἐπιθυμίας

2214 2685 2496 2759 συνεργὸν,
2527 2684 2711 2750 καθὼς
2736 2689 2804 2757 τῇ
2828 2687 3017 2758 Γραφῇ
3051 2687 3198 2741 δοκεῖ
3216 2728 3231 2752 ,
3260 2689 3361 2742 καὶ
3396 2687 3581 2760 βοηθὸν
3602 2686 3673 2757 τῷ
3697 2687 3770 2740 ἀν’

2212 2777 2415 2849 θρὼπῳ
2436 2776 2535 2849 τὴν
2569 2777 2867 2849 παρθενίαν
2896 2773 3035 2831 εἶναί
3075 2794 3275 2849 φαμεν.
3324 2779 3435 2832 Καὶ
3466 2779 3641 2848 ὥσπερ
3675 2776 3767 2829 τῶν

2209 2867 2410 2922 λοιπῶν
2430 2867 2878 2939 ἐπιτηδευμάτων
2902 2867 3089 2939 τέχναι
3116 2868 3260 2942 τινὲς
3284 2869 3427 2941 πρὸς
3455 2869 3549 2939 τὴν
3565 2866 3766 2921 ἑκάστου

2209 2959 2317 3014 τῶν
2358 2959 2811 3030 σπουδαζομένων
2837 2959 3172 3030 ἐπεργασίαν
3215 2959 3616 3032 ἐπενοήθησαν·
3646 2954 3768 3010 οὕτω

2211 3067 2302 3122 μοι
2327 3050 2476 3104 δοκεῖ
2498 3050 2593 3103 καὶ
2621 3049 2681 3102 τὸ
2703 3049 2801 3120 τῆς
2829 3049 3127 3121 παρθενίας
3157 3051 3501 3122 ἐπιτήδευμα
3524 3049 3675 3121 τέχνη
3698 3064 3768 3110 τις

2209 3138 2463 3197 εἶναικαὶ
2486 3141 2714 3212 δύναμις
2736 3142 2838 3212 τῆς
2863 3141 3139 3214 θειοτέρας
3168 3141 3342 3212 ζωῆς,
3370 3142 3503 3215 πρὸς
3529 3142 3621 3213 τήν
3646 3138 3768 3195 άσώο

2211 3250 2379 3304 ματον
2401 3233 2562 3303 φύσιν
2588 3233 2717 3297 τοὺς
2745 3234 2803 3287 ἐν
2837 3234 3002 3304 σαρκὶ
3027 3233 3235 3299 ζῶντας
3270 3234 3588 3305 ὁμοιοῦσθαι
3612 3248 3767 3305 παρα-

2210 3323 2566 3387 σκευάζουσα.
2591 3324 2748 3377 Πᾶσα
2776 3323 2883 3397 γάρ
2900 3327 3014 3377 ἐστι
3035 3324 3238 3395 σπουδὴ
3265 3326 3369 3380 τοῦ
3393 3326 3624 3380 τοιούτου
3646 3323 3765 3395 βίον,

2207 3414 2355 3478 ὅπως
2395 3414 2469 3485 μὴ
2502 3414 2562 3468 τὸ
2587 3414 2790 3485 ὑψηλὸν
2822 3416 2920 3488 τῆς
2946 3414 3127 3487 ψυχῆς
3144 3415 3233 3469 διὰ
3254 3416 3363 3489 τῆς
3379 3416 3767 3477 ἐπαναστάσεως

2205 3505 2313 3561 τῶν
2350 3506 2553 3577 ἡδονῶν
2582 3508 2921 3579 ταπεινωθῇ,
2950 3507 3044 3560 καὶ
3076 3507 3197 3561 ἀντὶ
3218 3508 3313 3561 τοῦ
3346 3508 3765 3581 μετεωροπορεῖν,

2207 3599 2302 3651 καὶ
2327 3599 2407 3663 είς
2438 3600 2507 3652 τὰ
2532 3598 2647 3653 ἄνω
2681 3598 2900 3669 βλέπειν
2934 3600 3033 3669 τὴν
3080 3598 3326 3653 διάνοιαν
3365 3600 3539 3672 ήμῶν,
3564 3598 3687 3671 πρὸς
3710 3611 3767 3648 τα

522 3714 626 3755 nos
659 3742 673 3766 ,
725 3702 822 3771 qui
888 3703 1134 3758 caelestia
1205 3704 1617 3775 contemplari,
1673 3706 1837 3775 quive
1917 3705 2102 3761 divina

2211 3689 2411 3760 σαρκὸς
2449 3689 2543 3743 καὶ
2568 3686 2801 3759 αἵματος
2824 3688 3243 3759 κατενεχθεῖσαν
3264 3690 3420 3760 πάθη
3451 3692 3643 3742 πεσεῖν.
3662 3684 3767 3745 Ilii;

523 3793 708 3847 animo
736 3796 987 3849 contueri
1038 3794 1329 3862 debemus,
1388 3797 1456 3852 ad
1499 3798 1754 3866 corporis
1787 3796 2104 3854 affectiones

521 3884 734 3954 delapsi
768 3886 1050 3943 cadamus.
1086 3886 1206 3954 Quo
1234 3889 1383 3944 enim
1420 3888 1587 3945 modo
1615 3889 1836 3945 animus
1890 3901 2102 3954 noster,

521 3978 615 4049 qui
643 3978 891 4034 inferiori
930 3981 1057 4036 huic
1085 3983 1270 4059 carnis
1319 3983 1590 4053 voluptati
1613 3983 1962 4054 mancipatus
1995 3991 2102 4049 est,

521 4076 689 4140 atque
720 4071 775 4125 in
808 4070 1177 4129 humanorum
1214 4072 1508 4131 aﬁ'ectuum
1543 4074 1938 4144 appetitionem
1954 4083 2105 4131 totus

521 4162 810 4231 incumbit,
858 4172 1038 4236 potest
1077 4174 1372 4237 cognatum
1410 4166 1545 4221 illud
1593 4167 1802 4233 lumen,
1849 4169 2107 4239 quodque

518 4266 701 4311 mente
728 4257 846 4327 ipsa
883 4257 1148 4324 cernitur,
1184 4273 1361 4313 vacuo
1405 4266 1460 4314 et
1523 4259 1699 4315 libero
1729 4275 1898 4315 sensu
1958 4262 2106 4332 aspi-

519 4344 667 4411 cere,
688 4364 813 4403 cum
850 4350 897 4405 is
926 4365 1093 4422 prava
1121 4351 1356 4422 quadam
1390 4359 1554 4421 atque
1593 4351 1867 4408 inerudita
1909 4353 2106 4409 antici-

523 4439 742 4506 patione
769 4443 834 4495 ad
860 4443 1094 4498 humiles
1129 4444 1229 4500 has
1257 4458 1366 4509 res,
1403 4451 1458 4499 et
1488 4445 1791 4501 lutulentas
1823 4445 1996 4502 aciem
2030 4445 2108 4501 in-

521 4531 750 4587 tendat?
796 4528 932 4587 Nam
968 4540 1028 4587 ut
1059 4532 1355 4604 porcorum
1383 4536 1528 4591 oculi
1562 4547 1763 4592 natura
1794 4539 1848 4593 in
1897 4547 2103 4594 terram

520 4622 797 4687 conversi,
829 4622 1187 4677 miriﬁcarum
1222 4638 1406 4679 rerum
1467 4625 1775 4681 caelestium
1823 4636 2104 4697 aspectum

520 4726 632 4768 non
667 4713 892 4778 habent,
942 4715 1024 4771 sic
1078 4716 1294 4770 animus
1349 4715 1604 4785 cOrporis
1660 4717 1792 4771 luxu
1833 4717 2103 4788 perditus,

517 4821 646 4861 cum
679 4806 745 4861 ad
774 4806 1025 4871 humilia,
1078 4815 1131 4861 et
1157 4806 1223 4861 ad
1258 4823 1322 4863 ea
1355 4823 1479 4878 quae
1522 4818 1651 4864 sunt
1698 4811 1969 4880 pecudum
2020 4812 2107 4865 in-

518 4897 758 4953 clinatus
793 4899 888 4965 sit,
924 4915 1031 4954 non
1077 4901 1276 4956 caelum
1324 4902 1582 4971 amplius,
1644 4914 1825 4973 neque
1863 4903 2104 4972 reliqua-

518 5006 640 5045 rum
676 5007 856 5047 rerum
887 4993 1358 5058 convenientiam,
1392 5005 1446 5049 et
1472 4995 1729 5051 decorem
1760 5010 1990 5051 cernere
2015 5011 2105 5065 po-

2207 3781 2317 3853 γὰρ
2359 3782 2441 3834 ἔτι
2491 3781 2713 3835 δύναται
2765 3781 2902 3853 πρὸς
2952 3780 3012 3833 τὸ
3062 3783 3326 3849 συγγενές
3368 3800 3427 3835 τε
3470 3782 3559 3835 καὶ¹
3603 3777 3766 3848 νοητὸν

2208 3870 2323 3940 φῶς
2349 3866 2619 3943 ἐλευθέρῳ
2637 3871 2961 3925 ἀναϐλέπειν
2981 3870 3060 3943 τῷ
3080 3871 3287 3942 ὄμματι
3311 3875 3350 3945 ὴ
3384 3868 3768 3944 πρεσηλωθεῖσα

2208 3963 2359 4018 κάτω
2395 3967 2462 4036 τῇ
2492 3963 2650 4036 ἡδονῇ
2678 3963 2779 4034 τῆς
2811 3963 3031 4036 σαρκὸς,
3064 3965 3159 4019 καὶ
3188 3964 3287 4034 τὴν
3337 3963 3621 4033 ἐπιθυμίαν
3650 3960 3767 4032 ape;

2206 4054 2276 4108 τὰ
2328 4053 2644 4125 ἀνθρώπινα
2694 4054 2843 4126 πάθη
2878 4057 3338 4129 άπασχολήσασα,
3389 4061 3515 4114 ὅταν
3548 4057 3672 4131 πρὸς
3711 4053 3768 4107 τὰ

2208 4145 2384 4218 ὑλώδη
2416 4149 2517 4218 σχῇ
2547 4147 2646 4218 τὴν
2679 4148 2852 4220 ῥοπὴν
2893 4150 2958 4201 ἐκ
2991 4149 3268 4221 μοχθηρᾶς
3310 4169 3459 4230 τινος
3500 4151 3589 4205 καὶ
3632 4146 3769 4201 άπαι-

2206 4237 2392 4292 δεύτου
2454 4238 2862 4313 προσλήψεως;
2907 4240 3175 4313 Καθάπερ
3223 4242 3337 4311 γάρ
3381 4246 3429 4297 ot
3483 4242 3588 4297 τῶν
3645 4238 3768 4292 συῶν

2206 4329 2477 4401 ὀφθαλμοὶ
2506 4332 2587 4394 είς
2610 4330 2669 4384 τὺ
2694 4331 2843 4385 κάτω
2864 4330 3015 4402 παρὰ
3051 4332 3149 4402 τῆς
3179 4332 3401 4411 φύσεως
3429 4327 3766 4404 ἐστραμμένα

2206 4424 2317 4478 τῶν
2366 4425 2633 4497 οὐρανίων
2664 4424 2954 4494 θαυμάτων
3006 4424 3251 4495 ἀπείρως
3281 4425 3517 4496 ἔχουσιν,
3557 4418 3766 4486 οὕτωςή

2206 4514 2286 4585 τῷ
2336 4513 2548 4586 σώματι
2618 4513 3167 4582 συγκατασπασθείσα
3212 4514 3360 4587 ψυχὴ
3420 4514 3599 4569 οὐκέτι
3647 4506 3767 4580 πρὸς

2207 4606 2302 4659 τὸν
2339 4606 2568 4675 οὐρανὸν
2617 4605 2710 4659 καὶ
2760 4606 2830 4658 τὰ
2862 4605 2974 4661 ἄνω
3018 4606 3186 4678 κάλλη
3235 4607 3460 4678 βλέπειν
3487 4605 3766 4678 δυνήσεται,

2209 4695 2347 4767 πρὸς
2371 4697 2432 4750 τὸ
2468 4696 2721 4750 ταπεινὸν
2766 4696 2860 4749 καὶ
2903 4696 3177 4768 κτηνῶδες
3208 4697 3310 4767 τῆς
3364 4697 3577 4766 φύσεως
3599 4686 3767 4745 ἐπικύ-

2209 4806 2441 4843 πτουσα.
2502 4789 2588 4853 Ὠς
2628 4788 2695 4842 ἂν
2754 4784 2846 4843 οὖν
2905 4790 3140 4861 μάλιστα
3194 4791 3329 4861 ⁴ἡμῖν
3387 4786 3641 4855 ἐλευθέρα
3688 4780 3764 4835 κατ

2207 4881 2394 4946 ἄνετος
2416 4883 2450 4952 ἡ
2475 4879 2622 4951 ψυχὴ
2652 4881 2790 4953 πρὸς
2824 4881 2924 4952 τὴν
2966 4881 3116 4936 θείαν
3142 4899 3201 4935 τε
3231 4881 3322 4935 καὶ
3345 4879 3619 4952 μακαρίαν
3660 4873 3762 4945 ἡδο·

2207 4975 2303 5047 νὴν
2328 4975 2645 5037 ἀναϐλέποι,
2688 4976 2823 5046 πρὸς
2856 4976 3007 5029 οὐδὲν
3035 4975 3143 5028 τῶν
3193 4976 3398 5046 γηΐνων
3449 4971 3643 5042 ἑαυτὴν
3665 4969 3766 5020 ἐπιο

517 5077 663 5132 terit.
695 5078 876 5144 Quare
901 5086 957 5133 ιιι
977 5079 1044 5133 ad
1065 5081 1652 5151 voluptatemdivinam
1683 5084 1833 5138 illam
1856 5061 2101 5154 quidem,

2211 5065 2438 5137 στρέφῃ,
2472 5066 2592 5119 οὐδὲ
2625 5065 2732 5118 τῶν
2758 5066 3159 5138 νενομισμένων
3199 5065 3340 5139 κατᾲ
3365 5064 3463 5135 τὴν
3487 5061 3579 5114 τοῦ
3607 5070 3767 5111 κοινου
3853 5081 3859 5088 ο

516 5177 573 5222 ει
598 5167 811 5223 beatam
841 5171 1061 5229 animus
1093 5181 1284 5229 noster
1310 5175 1553 5243 quietus,
1581 5189 1647 5229 ac
1678 5174 1816 5230 liber
1865 5174 2104 5232 maxime

519 5261 797 5330 respiciat,
832 5263 899 5318 ad
932 5265 1113 5322 nullas
1165 5266 1391 5321 omnino
1440 5282 1528 5322 res
1581 5266 1842 5333 caducas,
1892 5276 1947 5322 et
1991 5275 2105 5324 ter-

518 5364 681 5407 renas
711 5369 771 5409 se
795 5356 915 5424 ipse
940 5366 1243 5423 convertet,
1280 5373 1460 5429 neque
1511 5374 1701 5415 earum
1756 5359 2102 5428 voluptatum

519 5437 791 5510 particeps
826 5442 936 5509 fiet,
968 5461 1090 5515 qua:
1118 5448 1184 5501 ad
1214 5447 1526 5504 communis
1553 5449 1678 5503 vitae
1704 5448 2101 5520 indulgentiam

518 5533 849 5609 comparatae
877 5540 1025 5598 sunt,
1061 5539 1155 5590 sed
1200 5552 1416 5592 omnem
1462 5538 1647 5609 potius
1681 5540 1886 5594 amoris
1922 5541 2028 5594 vim
2069 5555 2100 5594 a

518 5608 685 5668 rebus
744 5623 1030 5690 corporeis
1079 5624 1148 5679 ad
1198 5641 1317 5682 eam
1358 5628 1612 5685 traducat
1668 5630 2100 5700 pulchritudinis

517 5706 1036 5779 conlemplationcm
1064 5729 1079 5778 ;
1107 5731 1226 5783 que
1254 5728 1307 5775 et
1341 5724 1593 5790 corporis
1638 5738 1835 5792 expers
1895 5733 2000 5786 est,
2047 5730 2101 5777 et

518 5796 700 5850 mente
739 5801 1025 5859 cernitur:
1058 5813 1220 5875 atque
1258 5811 1324 5866 ad
1357 5811 1499 5867 hanc
1520 5814 1741 5883 quidem
1766 5814 1932 5868 animi
1969 5813 2096 5868 atl'eo

2209 5159 2327 5230 βίου
2367 5159 2713 5234 συγχώρησιν
2743 5161 2943 5231 ἡδονῶν
2995 5159 3365 5230 μεταλήψεται
3393 5198 3407 5222 ,
3440 5156 3573 5211 ἀλλὰ
3624 5164 3757 5248 pati»

2208 5251 2364 5323 θήσει
2416 5251 2515 5323 τὴν
2553 5253 2824 5323 ἐρωτικὴν
2872 5250 3098 5321 δύναμιν
3142 5250 3249 5304 ἀπὸ
3298 5248 3408 5303 τῶν
3466 5255 3766 5317 σωματικων

2208 5345 2300 5397 ἐπὶ
2330 5344 2430 5415 τὴν
2476 5345 2674 5415 νοητήν
2719 5360 2778 5396 τε
2830 5343 2925 5397 καὶ
2982 5342 3143 5396 άῦλον
3188 5342 3282 5395 τοῦ
3333 5339 3499 5399 καλοῦ
3536 5333 3772 5405 θεωρίαν,

2208 5437 2343 5509 πρὸς
2375 5436 2473 5509 τὴν
2503 5436 2760 5507 τοιαύτην
2791 5437 2891 5505 τῆς
2941 5435 3120 5506 ψυχῆς
3165 5435 3403 5489 διάθεσιν
3434 5436 3466 5504 ή
3524 5422 3771 5499 παρθενία

2206 5531 2301 5585 τοῦ
2325 5529 2575 5600 σώματος
2622 5532 2753 5602 ἡμῖν
2791 5528 3057 5601 ἐπενοήθη
3089 5547 3103 5560 ·
3137 5529 3213 5592 ὡς
3246 5529 3311 5582 ἂν
3356 5525 3589 5598 μάλιστα
3620 5517 3769 5588 λήθην

2208 5626 2303 5678 aut
2356 5622 2660 5693 ἀμνηστίαν
2717 5623 3037 5693 ἐμποιήσειε
3094 5624 3158 5693 τῇ
3192 5620 3335 5693 ψυχῇ
3386 5617 3493 5670 τῶν
3528 5608 3770 5684 ὲμπαθῶν

2207 5717 2307 5775 τῆς
2340 5717 2555 5785 φύσεως
2584 5716 2920 5785 κινημάτων,
2943 5714 3212 5785 μηδεμίαν
3241 5712 3484 5780 ἀνάγκην
3508 5706 3771 5772 ἐπάγουσα

2212 5810 2347 5881 πρὸς
2370 5810 2437 5864 τὰ
2460 5808 2691 5863 ταπεινὰ
2714 5811 2809 5880 τῆς
2835 5808 3034 5881 σαρκὸς
3061 5809 3346 5879 ὀφλήματα
3377 5796 3766 5871 καταγίνεσθαι-
