4026 6428
218 374 331 471 τιν’

1583 406 1673 463 DE
1713 406 2187 464 VIRGINITATE.

3406 416 3513 473 350

241 531 704 602 Ἐλευθερωθεῖσα
763 532 869 605 γάρ
926 531 1070 600 ἅπαξ
1122 531 1230 586 τῶν
1296 528 1553 583 τοιούτων
1605 530 1783 602 χρεῶν
1810 572 1824 594 ,

1944 528 2194 595 :tionem,
2231 529 2585 601 studiumque
2625 538 2709 587 est
2738 533 2985 603 corporis
3020 534 3237 590 inventa
3281 535 3510 609 virgini-

230 624 406 681 οὐκέτι
469 624 783 678 κινδυνεύει
837 624 912 696 μὴ
960 624 1039 694 τῷ
1085 623 1203 677 κατ’
1249 620 1428 690 ὀλίγον
1476 620 1830 692 προσεθισμῴ

231 720 361 791 περὶ
403 717 475 773 τὰ
523 718 794 771 δοκοῦντα
842 717 990 789 νόμῳ
1046 716 1150 769 τινὶ
1201 713 1414 784 φύσεως
1478 713 1831 784 συγκεχωρῆ-

232 812 385 873 σθαι,
423 813 484 864 ἐν
536 811 857 879 ἀποστροφῇ
911 808 999 860 καὶ
1052 805 1242 875 ἀγνοίᾳ
1276 803 1377 875 τῆς
1426 804 1575 866 θείας
1624 821 1682 856 τε
1736 804 1831 855 καὶ

227 901 514 972 ἀκηράτου
558 901 785 971 γένηται
831 899 1054 970 ἡδονῆς,
1100 898 1168 968 ἣν
1216 896 1350 968 μόνη
1391 897 1422 966 ή
1459 895 1682 966 καρδίας
1731 911 1830 947 κα-

230 996 494 1063 θαρότης,
532 991 626 1045 τοῦ
677 992 735 1045 ἐν
788 992 918 1061 ἡμῖν
961 986 1310 1060 ἡγεμονικοῦ,
1358 986 1609 1058 θηρεύειν
1653 984 1827 1055 πέφυ-

230 1099 351 1136 κεν.

1932 629 2033 689 tas,
2060 629 2140 688 ut,
2168 636 2293 677 cum
2322 620 2698 691 aﬂ‘ectionum,
2721 639 2845 693 quae
2876 640 2906 678 a
2930 634 3123 681 natura
3152 627 3370 681 tributa!
3426 629 3508 683 vi-

1932 711 2156 775 dentur,
2193 712 2523 768 oblivionem
2547 713 2736 769 animo
2753 716 2990 770 maxime
3013 716 3278 781 attulerit,
3304 719 3510 773 nullam

1931 803 2156 858 inducat
2224 806 2613 860 necessitatem
2670 807 2910 862 sordidis
2948 807 3134 861 carnis
3175 808 3375 864 debitis
3414 826 3512 863 va-

1932 894 2114 951 candi.
2156 894 2291 949 Nam
2319 897 2413 950 ubi
2469 898 2639 952 semel
2686 898 2838 954 hisce
2873 899 3100 954 liberata
3155 908 3239 955 est
3277 900 3511 968 debitis,

1932 1001 2042 1039 non
2078 987 2189 1055 jam
2226 988 2464 1057 amplius
2515 989 2817 1058 periculum
2870 1000 2974 1055 est,
3032 1007 3101 1046 ne
3155 991 3515 1046 assuetudine

1930 1077 2148 1133 tandem
2183 1093 2387 1145 rerum,
2423 1096 2544 1150 qua:
2576 1091 2788 1136 naturae
2819 1084 3057 1152 quadam
3104 1083 3224 1152 lege
3284 1083 3516 1154 permis-

228 1190 307 1231 sa:
348 1173 630 1237 videntur,
686 1185 871 1226 veram
940 1170 1089 1224 illam
1152 1175 1315 1237 atque
1350 1166 1717 1245 immortalem
1766 1168 2106 1238 voluptatem
2164 1178 2454 1225 aversetur
2511 1180 2677 1243 atque
2709 1170 2902 1242 fugiat,
2936 1187 3100 1243 quam
3150 1187 3249 1227 cor
3309 1173 3509 1229 solum.

228 1282 375 1331 pura
399 1265 543 1335 ejus,
585 1263 680 1334 qui
728 1278 832 1318 nos
872 1262 1034 1331 regit,
1107 1262 1276 1316 animi
1339 1260 1655 1331 integritate
1701 1259 1963 1328 adhibita,
1996 1277 2197 1334 capere
2222 1262 2381 1317 solet.

836 1357 1090 1412 ΚΕΦΑΛ.
1131 1359 1222 1424 ς’.

228 1477 371 1530 Ὅτι
410 1474 612 1539 Ἠλίας
647 1473 745 1527 καὶ
788 1471 1070 1538 Ἰωάννης
1094 1470 1204 1537 τῆς
1223 1470 1525 1538 ἀκριϐείας
1552 1469 1659 1523 τοῦ
1679 1469 1826 1535 ,βίου

663 1545 879 1597 τούτου
911 1540 1399 1611 ἐπεμελήθησαν.

301 1634 408 1690 Διά
444 1633 605 1689 τοῦτό
666 1651 755 1704 μοι
808 1632 1080 1687 δοκεῖκαὶ
1123 1630 1153 1682 ὁ
1212 1630 1387 1702 μέγας
1429 1631 1487 1683 ἐν
1522 1630 1826 1700 προφήταις

238 1728 464 1792 Ἠλίας,
492 1726 587 1781 καὶ
612 1728 641 1779 ὁ
674 1728 750 1779 ’ἐν
793 1723 1066 1803 πνεύματι
1102 1723 1198 1776 καὶ
1224 1721 1451 1791 δυνάμει
1482 1721 1669 1774 Ἠλίου
1707 1721 1823 1791 μετ’

2541 1355 2775 1412 CAPUT
2812 1356 2897 1411 VI.

1929 1468 2080 1524 Elius
2125 1479 2177 1524 et
2219 1468 2457 1526 Joannes
2520 1469 2829 1593 diligente":
2872 1470 3061 1524 harum
3124 1486 3309 1523 curam
3358 1438 3535 1525 αάΙιὶί

2633 1557 2796 1593 uerun
2831 1578 2844 1593 .

2633 1557 2844 1595 uerum.

1998 1630 2081 1687 οι)
2111 1647 2230 1687 eam
2267 1647 2491 1688 causam
2539 1648 2769 1703 magnus
2803 1633 2857 1687 in
2895 1632 3174 1703 prophetis
3209 1631 3341 1686 mihi
3370 1632 3519 1688 vide-

1927 1729 2018 1777 tur
2049 1722 2222 1789 Elias,
2283 1732 2338 1779 et
2391 1724 2440 1779 is
2487 1724 2579 1794 qui
2616 1732 2806 1794 postea
2842 1724 2897 1778 in
2956 1722 3151 1793 spiritu
3213 1731 3266 1778 et
3315 1724 3516 1780 virtute

228 1822 446 1875 ἐκεῖνον
479 1817 825 1888 ἐπιδημήσας
843 1815 921 1886 τῷ
958 1816 1080 1887 βίῳ,
1103 1809 1164 1870 οὗ
1202 1813 1404 1885 μείζων
1422 1814 1595 1876 οὐδεὶς
1629 1815 1686 1867 ἐν
1704 1830 1826 1881 γεν-

1944 1812 2060 1869 Elia:
2087 1814 2143 1869 in
2182 1814 2352 1870 vitam
2390 1815 2555 1880 venit,
2599 1827 2711 1884 quo
2742 1829 2875 1870 sane
2922 1814 2978 1867 in
3028 1813 3171 1869 natis
3223 1813 3513 1875 mulierum

227 1913 423 1983 νητοϊς
452 1907 752 1979 γυναικῶν.
795 1907 967 1980 Εἴπερ
1006 1924 1058 1960 τι
1093 1907 1186 1960 καὶ
1212 1906 1396 1978 ἕτερον
1429 1908 1462 1977 ὴ
1487 1906 1603 1958 κατ’
1633 1904 1829 1967 αὐτοὺς

230 2001 454 2073 ἱστορία
490 2000 794 2073 παραδηλοῖ
828 1998 893 2053 δι’
923 1999 1262 2071 αἰνίγματος,
1305 1996 1463 2051 τοῦτο
1496 1995 1731 2068 μάλιστα
1752 1993 1831 2065 τῷ

232 2090 357 2161 ίδίῳ
376 2088 728 2159 δογματίζειν
761 2088 880 2159 βίῳ,
904 2088 965 2142 τδ
1008 2088 1342 2161 χωρισθῆναι
1367 2087 1468 2158 τῆς
1498 2087 1591 2141 τοῦ
1620 2087 1831 2157 ἀνθρω-

226 2181 394 2234 πίνου
427 2179 547 2250 βίου
584 2178 905 2243 ἀκολουθίας
953 2180 1044 2233 τὸν
1094 2182 1159 2250 τῇ
1197 2178 1399 2249 θεωρία
1434 2179 1540 2232 τῶν
1585 2178 1833 2249 ἀοράτων

232 2271 573 2342 σχολάζοντα
595 2287 608 2300 ·
658 2269 733 2333 ὡς
768 2269 833 2324 ἂν
863 2268 938 2340 μὴ
974 2272 1096 2333 ταῖς
1140 2269 1418 2332 τοιαύταις
1455 2268 1690 2332 ἀπάταις
1714 2268 1833 2330 ταῖς

226 2362 324 2416 διά
352 2360 468 2414 τῶν
501 2358 806 2431 αἰσθήσεων
838 2357 1150 2429 γινομέναις
1198 2358 1597 2432 προσεθισθεὶς,
1633 2356 1833 2426 σύγχυ-

230 2454 322 2509 σίν
344 2472 470 2507 τινα
498 2453 594 2507 καὶ
628 2452 836 2523 πλάνην
858 2451 1019 2506 πάθοι
1037 2451 1167 2523 περὶ
1187 2452 1286 2522 τὴν
1305 2450 1399 2504 τοῦ
1428 2450 1596 2513 ὅντως
1624 2444 1830 2517 ἀγαθοῦ

228 2545 443 2617 κρίσιν.
474 2543 800 2616 Ἀμφότεροι
828 2543 936 2615 γάρ
969 2543 1132 2607 εὐθὺς
1151 2544 1215 2596 ἐκ
1243 2542 1379 2597 νέων
1412 2539 1835 2611 ἀπεξενώθησαν

229 2636 339 2706 τῆς
368 2634 725 2707 ἀνθρωπίνης
764 2632 930 2704 ζωῆς,
966 2633 1060 2688 καὶ
1083 2631 1194 2687 οἷον
1227 2633 1331 2699 ἔξω
1354 2633 1452 2703 τῆς
1476 2633 1691 2702 φύσεως
1710 2632 1836 2684 ἐαυ-

230 2728 369 2792 τοὺς
402 2727 642 2797 ἔστησαν
662 2728 728 2798 τῇ
745 2725 874 2798 περὶ
901 2724 1001 2798 τὴν
1033 2724 1236 2797 βρῶσιν
1259 2726 1353 2778 καὶ
1386 2725 1542 2777 πόσιν
1564 2722 1837 2794 ὑπεροψίᾳ

234 2819 339 2891 τῆς
384 2817 651 2889 συνήθους
679 2817 773 2871 καὶ
791 2819 1187 2891 νενομισμένης
1215 2818 1442 2888 τροφῆς,
1478 2816 1573 2869 καὶ
1601 2817 1670 2886 τῇ
1695 2813 1838 2868 κατά

232 2890 338 2982 τῆν
354 2910 565 2983 ἔρημον
597 2908 864 2981 διαγωγῇ,
887 2909 962 2973 ὡς
991 2890 1087 2962 κᾷι
1121 2908 1218 2980 τὴν
1247 2906 1417 2978 ἀκοὴν
1446 2906 1834 2977 ἀπεριήχητον,

237 3001 337 3054 καὶ
361 3000 677 3070 ἀπλάνητον
711 3000 896 3062 αὐτοῖς
932 2996 1271 3068 φυλαχθῆναι
1311 2997 1409 3068 τὴν
1438 2994 1581 3065 ὄψιν,
1609 2995 1703 3048 καὶ
1737 2993 1838 3065 τὴν

238 3090 436 3161 γεῦσιν
474 3090 657 3160 ἁπλῆν
684 3106 743 3142 τε
788 3091 883 3143 καὶ
942 3088 1403 3161 ἀπραγμὰτευτον
1439 3087 1734 3157 διαμεῖναι,
1774 3085 1839 3137 ἐκ

1930 1920 2093 1960 nemo
2136 1905 2313 1976 major
2364 1913 2591 1961 exortus
2636 1913 2737 1959 est.
2771 1904 2904 1970 Quae
2948 1919 3113 1975 porro
3157 1905 3223 1959 de
3250 1905 3345 1960 ‘his
3383 1904 3522 1975 ipsis

1931 2005 2190 2050 narratur
2244 1997 2497 2062 historia,
2533 1998 2635 2052 etsi
2693 1997 2823 2068 quid
2875 1997 3023 2050 aliud
3066 1997 3323 2061 obscure,
3386 1994 3521 2050 illud

1932 2096 2115 2142 tamen
2147 2088 2384 2142 maxime
2427 2087 2656 2153 iudicat,
2689 2086 2835 2156 quod
2856 2087 2979 2141 vita:
3017 2088 3285 2142 rationem
3338 2086 3520 2153 docet,

1934 2186 2015 2245 ut,
2044 2179 2139 2249 qui
2168 2178 2379 2234 scilicet
2412 2178 2855 2249 contemplandis
2908 2178 3095 2242 rebus,
3131 2194 3253 2248 quae
3300 2177 3524 2233 minimc

1933 2271 2036 2327 sub
2073 2279 2357 2342 aspectum
2405 2271 2632 2337 cadunt,
2669 2286 2727 2327 se
2755 2271 2928 2334 dedit,
2994 2270 3084 2326 hic
3141 2272 3208 2325 ab
3273 2270 3526 2324 humana:

1934 2361 2062 2416 vita:
2089 2360 2489 2417 consuetudine
2503 2362 2716 2416 alienus
2747 2359 2860 2424 tiat,
2881 2376 2950 2414 ne
2973 2358 3290 2429 hujusmodi
3318 2358 3529 2412 fraudi-

1935 2452 2062 2516 bus,
2098 2468 2222 2522 quae
2248 2453 2503 2510 sensibus
2537 2453 2952 2524 concipiuntur,
2990 2452 3264 2519 addictus,
3304 2458 3527 2522 pertur-

1936 2545 2161 2601 batione
2200 2555 2368 2617 atque
2394 2547 2595 2604 mentis
2618 2563 2809 2603 errore
2836 2548 2888 2602 in
2919 2547 3066 2603 illius
3095 2546 3305 2616 judicio
3323 2546 3529 2601 allicia-

1938 2644 2047 2703 tur,
2080 2640 2227 2705 quod
2258 2652 2315 2692 re
2348 2651 2477 2692 vera
2514 2637 2717 2691 bonum
2767 2647 2871 2692 εει.
2941 2635 3007 2690 ΙΙί
3037 2637 3199 2691 ambo
3250 2637 3320 2692 ab
3345 2637 3523 2692 adole-

1938 2730 2148 2783 scentia
2188 2743 2311 2784 sese
2342 2728 2525 2782 statim
2563 2728 2632 2782 ab
2668 2728 2920 2783 humanae
2954 2729 3077 2783 vitae
3122 2728 3384 2784 societate
3437 2744 3525 2783 re-

1939 2825 2266 2873 moverunt:
2328 2834 2454 2874 cum
2507 2820 2654 2875 enim
2714 2821 2975 2890 potionis,
3035 2829 3199 2890 atque
3254 2821 3386 2885 cibi,
3433 2820 3530 2892 qui

1939 2911 2153 2967 caeteris
2169 2912 2235 2967 ad
2257 2911 2379 2967 vita:
2393 2912 2854 2967 sustentationem
2894 2921 2981 2968 est
3003 2913 3185 2979 datus,
3220 2913 3531 2984 despicien-

1939 3003 2039 3066 tia,
2070 3011 2186 3056 tum
2228 3004 2359 3065 vita,
2398 3000 2560 3072 quam
2586 3003 2639 3057 in
2671 3005 2972 3061 solitudine
2996 3014 3247 3076 egerunt,
3275 3021 3335 3061 se
3371 3004 3532 3076 quasi

1944 3108 1974 3148 a
2010 3102 2218 3149 naturae
2248 3095 2564 3149 alienarunt
2602 3096 2878 3162 instituto,
2922 3106 2981 3151 ut
3026 3104 3081 3153 et
3124 3112 3286 3151 aures
3321 3111 3353 3151 a
3392 3104 3533 3152 stre-

238 3183 336 3237 τοῦ
376 3182 777 3255 προστυχόντος
793 3180 1079 3253 ἑκατέροις
1103 3180 1484 3252 πληρουμένης
1499 3179 1598 3249 τῆς
1627 3177 1837 3249 χρείας.

1944 3185 2063 3256 pitu
2117 3196 2171 3241 et
2213 3187 2407 3242 oculos
2476 3188 2545 3243 ab
2586 3200 2789 3244 errore‘
2824 3196 3136 3255 tuerentur,
3186 3198 3241 3244 et
3309 3195 3532 3260 gustatu

254 3273 539 3328 Ἐντεῦθεν
594 3273 673 3335 είς
726 3270 926 3341 πολλὴν
966 3271 1148 3325 εὐδίαν
1193 3270 1287 3324 καὶ
1328 3269 1568 3341 γαλήνην
1603 3268 1709 3321 ἀπὸ
1731 3267 1839 3321 τῶν

246 3365 449 3433 ἔξωθεν
481 3364 728 3437 θορύϐων
763 3364 1126 3434 κατέστησαν,
1171 3361 1389 3416 κα“ι·διά
1429 3361 1699 3423 τοῦτοέίς
1748 3377 1838 3413 το-

247 3458 442 3511 σοῦτον
500 3455 728 3528 μέγεθος
784 3456 894 3510 τῶν
925 3455 1081 3509 θείων
1108 3453 1463 3525 χαρισμάτων
1503 3452 1840 3523 ἐπήρθησαν,

244 3549 373 3604 ὅσον
411 3550 540 3621 περὶ
566 3550 829 3619 ἐκατέρου
852 3548 1056 3602 τούτων
1080 3545 1407 3619 μνημονεύει
1424 3544 1641 3613 ὁλόγος.
1658 3543 1844 3607 Ἠλίας

253 3643 354 3713 μὲν
377 3642 486 3710 γὰρ
533 3641 785 3714 καθάπερ
836 3642 1037 3712 ταμίας
1074 3657 1157 3704 τις
1185 3638 1295 3695 τῶν
1332 3637 1427 3692 τοῦ
1461 3637 1595 3691 Θεοῦ
1626 3636 1843 3707 δωρεῶν

250 3732 554 3799 καταστὰς,
587 3732 687 3798 τὰς
715 3734 779 3788 ἐκ
823 3732 917 3787 τοῦ
951 3729 1179 3805 ούρανοῦ
1207 3731 1396 3804 χρείας
1447 3732 1567 3784 κατ’
1595 3729 1844 3797 ἐξουσίαν

252 3826 352 3882 καὶ
379 3823 690 3879 ἀποκλείειν
743 3828 857 3890 τοῖς
918 3825 1313 3896 ἁμαρτάνουσι,
1361 3825 1456 3878 καὶ
1484 3822 1690 3877 ἀνιέναι
1732 3824 1845 3887 τοῖς

259 3916 578 3988 μετανοοῦσι
613 3916 798 3987 κύριος
837 3912 924 3988 ῆν.
964 3917 1067 3970 Τὸν
1087 3916 1145 3969 δέ
1175 3914 1430 3986 Ἰωάννην
1452 3913 1691 3967 τοιοῦτον
1721 3913 1847 3983 μέν·

255 4025 343 4062 τοι
393 4007 864 4081 θαυματοποιῆσαι
910 4007 1283 4077 οὐδέψφησιν
1330 4008 1362 4077 ἠ
1404 4006 1524 4060 θεία
1574 4003 1841 4075 Ἱστορία-

258 4101 644 4173 περισσότερον
680 4101 735 4154 δὲ
768 4100 800 4169 ἢ
833 4100 975 4154 κατὰ
1011 4099 1186 4153 πάντα
1217 4099 1504 4170 προφήτην
1532 4097 1594 4151 τὸ
1618 4099 1675 4150 ὲν
1697 4095 1846 4167 αὐτῷ

257 4191 508 4262 χάρισμα
563 4189 713 4261 παρά
758 4189 850 4244 τοῦ
883 4190 951 4244 τά
991 4187 1211 4260 κρυπτὰ
1244 4186 1529 4256 βλέποντος
1562 4185 1843 4256 μεμαρτύ-

263 4297 445 4353 ρηται·
469 4281 609 4352 τάχα
634 4281 712 4335 ὅτι
743 4280 989 4352 καθαράν
1026 4296 1085 4332 τε
1112 4278 1206 4332 καὶ
1231 4276 1410 4348 ἀμιγῆ
1442 4276 1622 4346 πάσης
1656 4275 1845 4343 ὑλικῆς

260 4371 642 4443 προσπαθείας
687 4370 786 4442 τὴν
821 4370 1028 4423 ἑαυτῶν
1085 4366 1377 4439 ἐπιθυμίαν
1420 4367 1512 4419 ἀπ’
1559 4363 1735 4435 ἀρχῆς
1766 4366 1847 4426 εἰς

262 4461 417 4525 τέλος
445 4461 523 4531 τῷ
543 4460 733 4533 Κυρίῳ
765 4460 1058 4531 ἀνέθηκαν,
1093 4456 1218 4513 οὕτε
1247 4457 1327 4521 είς
1357 4456 1562 4509 τέκνων
1587 4452 1843 4524 στοργήν,

1942 3276 2176 3348 simplici
2203 3288 2390 3334 essent
2410 3320 2425 3343 ,
2451 3286 2505 3334 et
2537 3280 2605 3333 ad
2634 3280 2840 3335 nullam
2872 3296 2986 3335 rem
3024 3288 3241 3351 parato,
3266 3280 3529 3336 nimirum

1944 3381 2071 3422 etnn
2107 3369 2493 3425 necessitatem
2526 3371 2706 3425 vietus
2746 3386 2815 3425 ex
2858 3370 3147 3441 quibusvis
3184 3371 3369 3435 rebus,
3412 3386 3534 3443 quae

1943 3456 2165 3527 utrique
2216 3458 2433 3512 obviam
2496 3458 2711 3524 tierent,
2780 3475 2914 3514 sane
2968 3462 3274 3530 explerent.
3317 3461 3535 3527 Quam-

1941 3551 2131 3605 obrem
2154 3550 2222 3606 ab
2242 3550 2489 3605 externis
2519 3551 3035 3621 perturbationibus
3056 3553 3276 3617 remoti,
3306 3553 3361 3606 in
3384 3567 3533 3608 sum-

1945 3657 2034 3696 ma
2060 3641 2186 3697 vitae
2216 3642 2618 3711 tranquillitate
2640 3650 2806 3713 atque
2837 3644 2952 3699 otio
2983 3659 3103 3699 sese
3132 3645 3535 3700 constituerunt

1944 3734 2181 3806 indeque
2212 3735 2279 3789 ad
2306 3743 2517 3790 tantam
2539 3735 2850 3790 divinorum
2875 3752 3164 3791 munerum
3189 3735 3534 3791 altitudinem

1952 3828 2082 3883 elati
2116 3834 2275 3891 sunt,
2310 3836 2573 3898 quantam
2605 3829 2720 3883 hare
2750 3828 2817 3883 de
2876 3836 3111 3898 utroque
3143 3835 3537 3883 commemorat

1945 3918 2328 3975 oratio.Elias
2380 3920 2528 3975 enim
2566 3920 2727 3990 quasi
2793 3920 2888 3976 Dei
2952 3935 3241 3977 munerum
3294 3928 3537 3991 quaestor

1949 4012 2176 4082 aliquis,
2210 4028 2335 4067 cum
2403 4028 2466 4067 ex
2506 4020 2776 4082 potestate
2809 4014 3045 4082 quadam
3112 4012 3239 4067 coeli
3303 4012 3538 4066 admini-

1954 4107 2277 4161 strationem
2304 4104 2548 4170 haberet,
2573 4104 2721 4159 illius
2750 4114 2804 4159 et
2832 4103 3218 4174 peccatoribus
3241 4102 3536 4156 obstruen-

1948 4196 2027 4262 di,
2062 4208 2117 4252 et
2157 4196 2262 4259 iis,
2312 4196 2406 4266 qui
2442 4195 2823 4267 pmnitentiam
2866 4194 3076 4264 agendo
3123 4193 3533 4262 resipiscerent,

1948 4287 2230 4357 aperiendi
2291 4295 2617 4355 potestatem
2674 4286 2886 4339 habuit.
2920 4284 3189 4339 Joannem
3245 4300 3372 4339 vero
3427 4285 3536 4339 tale

1947 4379 2156 4449 aliquid
2200 4378 2525 4432 miraculum
2586 4376 2807 4439 fecisse,
2850 4376 2988 4430 nihil
3046 4376 3249 4431 divinis
3297 4386 3382 4431 est
3426 4376 3537 4430 Lit-

1953 4471 2089 4525 teris
2123 4469 2433 4539 proditum:
2488 4477 2542 4521 at
2578 4468 2643 4533 is,
2680 4468 2774 4538 qui
2820 4483 2908 4523 res
2962 4468 3210 4522 occultas
3249 4467 3535 4539 perspicit,

263 4551 385 4606 οὔτε
407 4554 486 4617 είς
514 4552 771 4621 γυναικὸς
800 4551 1076 4624 φροντίδα,
1100 4548 1224 4603 οὔτε
1257 4549 1338 4613 είς
1363 4548 1490 4603 ἄλλο
1523 4563 1575 4600 τι
1607 4545 1716 4599 τῶν
1753 4546 1839 4598 ἀν-

1955 4568 2213 4617 tcstatunt
2248 4560 2492 4630 reliquit,
2528 4560 2710 4629 majus
2744 4561 2818 4615 illi
2853 4576 3055 4615 munus
3081 4575 3205 4615 esse
3247 4561 3534 4623 tributum,

266 4644 554 4716 θρωπίνων
580 4645 979 4715 ἀσχολήσαντες
994 4659 1009 4674 ο
1041 4641 1096 4695 οἵ
1117 4658 1181 4711 γε
1217 4640 1350 4712 μηδέ
1374 4642 1472 4711 τῆς
1493 4637 1844 4709 καθ’ὴμέραν

267 4736 568 4805 ἀναγκαίας
614 4736 820 4807 τροφῆς
847 4735 1079 4807 πρέπειν
1118 4734 1332 4796 ἑαυτοῖς
1367 4731 1723 4794 ὑπολαϐόντες
1747 4729 1846 4801 τὴν

272 4827 560 4900 μέριμναν,
588 4828 687 4892 τῆς
718 4844 776 4881 τε
799 4827 910 4881 τῶν
955 4826 1266 4897 ἐνδυμάτων
1307 4824 1636 4895 σεμνότητος
1668 4823 1849 4894 κρειτ-

267 4937 390 4983 τους
431 4921 823 4991 ἐπιδειχθέντες
842 4961 857 4987 ,
886 4922 951 4973 ἐκ
985 4919 1095 4972 τῶν
1123 4918 1483 4990 ἐπιτυχόντων
1511 4920 1723 4981 ἑαυτοῖς
1750 4917 1848 4980 τὰς

269 5010 458 5081 χρείας
504 5011 907 5083 ἀπεσχεδίαζον,
958 5012 986 5064 ὁ
1036 5010 1134 5080 μὲν
1171 5008 1430 5080 δέρμασιν
1462 5009 1707 5078 αἰγείοις,
1737 5009 1766 5061 ὁ
1792 5008 1847 5060 δὲ

267 5101 515 5172 καμήλου
571 5100 713 5173 θριξὶ
773 5098 1178 5175 σκεπαζόμενος
1205 5117 1218 5132 ’
1247 5102 1348 5156 οὐκ
1386 5102 1452 5156 ἂν
1486 5105 1566 5165 είς
1591 5104 1764 5156 ἐκεῖνο
1789 5101 1850 5154 τὸ

271 5194 518 5267 μέγεθος,
550 5194 624 5259 ὡς
653 5191 829 5266 οἶμαι,
885 5196 1210 5266 φθάσαντες,
1251 5196 1299 5248 εἰ
1332 5197 1450 5258 ταῖς
1475 5194 1568 5247 τοῦ
1599 5193 1848 5264 σώματος

268 5286 625 5358 ἡδυπαθείαις
659 5288 763 5340 ὑπὸ
790 5288 883 5341 τοῦ
905 5288 1084 5358 γάμου
1110 5286 1623 5359 κατεμαλάχθησαν.
1660 5285 1848 5340 Ταῦτα

268 5379 323 5431 δὲ
343 5378 441 5449 οὐχ
474 5376 678 5443 ἁπλῶς,
717 5378 872 5441 ἀλλὰ,
901 5378 1084 5441 καθώς
1115 5396 1279 5450 φησιν
1321 5379 1350 5430 ὁ
1396 5377 1736 5444 Ἀπόστολος,
1770 5378 1848 5440 είς

271 5470 550 5525 νουθεσίαν
580 5471 738 5542 ήμῶν
770 5471 1205 5543 ἀναγέγραπται,
1234 5472 1322 5525 ἵνα
1336 5472 1471 5542 πρὸς
1501 5471 1592 5524 τὸν
1626 5470 1850 5524 ἐκείνων

273 5564 380 5635 βίον
419 5565 514 5619 καὶ
549 5563 642 5618 τὸν
671 5563 878 5618 ἐαυτῶν
922 5564 1360 5636 κατευθύνωμεν.
1408 5566 1472 5618 Τί
1516 5560 1608 5617 οὖν
1641 5566 1702 5617 ἐκ
1730 5563 1853 5616 τού-

269 5672 369 5709 των
396 5654 780 5727 μανθάνομενς
816 5654 890 5707 Τὸ
933 5652 1054 5707 καθ’
1090 5654 1384 5727 ὁμοιότητα
1416 5653 1524 5708 τῶν
1556 5654 1727 5723 ἁγίων
1752 5655 1849 5708 ἀν-

268 5748 421 5821 δρῶν,
454 5746 653 5822 μηδενὶ
701 5746 812 5800 τῶν
856 5746 1122 5817 βιωτικῶν
1165 5748 1504 5820 πραγμάτων
1543 5765 1850 5819 προσασκο-

265 5844 365 5899 λεῖν
400 5842 504 5915 τὴν
531 5838 774 5894 διάνοιαν
804 5838 895 5893 τὸν
928 5838 1298 5911 ἐπιθυμοῦντα
1328 5841 1404 5913 τῷ
1429 5840 1547 5912 Θεῷ
1579 5838 1851 5910 συναφθῆ-

1949 4669 2113 4724 quam
2156 4652 2374 4707 czrteris
2399 4652 2654 4707 omnibus
2691 4652 2991 4722 prophetis.
3026 4651 3151 4708 Haec
3181 4651 3419 4707 fortasse
3451 4652 3541 4706 his

1950 4745 2166 4800 duobus
2229 4746 2602 4816 contigerunt,
2661 4746 2923 4814 quoniam
2976 4761 3192 4815 puram,
3249 4744 3543 4811 omnisque

1952 4837 2253 4892 materialis
2285 4848 2563 4903 expertem
2595 4836 2908 4891 aﬂ‘cctionis
2943 4852 3097 4891 suam
3146 4838 3199 4889 in
3228 4834 3340 4889 Deo
3387 4833 3540 4902 cupi-

1951 4931 2177 4985 ditatem
2241 4936 2568 4998 posuerunt,
2625 4945 2805 4999 neque
2860 4930 3158 4984 liberorum
3231 4926 3536 4989 amoribus,

1952 5036 2130 5092 neque
2184 5020 2481 5089 conjugum
2519 5020 2688 5084 curis,
2741 5034 2916 5088 neque
2949 5018 3162 5073 caeteris
3196 5017 3321 5071 ullis
3374 5015 3537 5068 rebus

1954 5110 2212 5165 humanis
2241 5108 2458 5173 intenti,
2487 5124 2555 5163 ne
2594 5107 2901 5178 quotidiani
2949 5107 3191 5177 quidem,
3234 5120 3297 5158 ac
3347 5119 3537 5158 neces-

1953 5202 2081 5258 sarii
2139 5202 2318 5256 victus
2361 5216 2549 5255 curam
2583 5201 2652 5255 ad
2716 5215 2776 5255 se
2832 5200 3107 5269 pertinere
3161 5202 3534 5251 censuerunt:

1953 5292 2300 5361 vestiumque
2330 5290 2462 5344 luxu
2495 5290 2738 5361 abiecto,
2770 5305 2834 5344 ex
2871 5289 2939 5343 iis
2970 5301 3094 5356 quae
3137 5285 3529 5351 offerebantur,

1952 5382 2116 5437 facile
2136 5383 2238 5437 sibi
2275 5381 2588 5436 necessaria
2616 5381 2916 5451 parabant:
2952 5392 3097 5430 unus
3118 5376 3263 5431 enim
3313 5375 3535 5446 quidem

1953 5477 2196 5546 caprinis
2230 5474 2491 5545 pellibus,
2543 5473 2683 5527 alter
2712 5472 2838 5542 pilis
2877 5468 3069 5523 cameli
3118 5468 3351 5521 amictus
3379 5474 3533 5521 erat:

1954 5584 2133 5637 neque
2159 5568 2430 5636 profecto,
2465 5575 2524 5619 ut
2552 5566 2814 5625 arbitror,
2841 5561 2908 5615 ad
2947 5577 3064 5615 eam
3103 5559 3536 5631 magnitudinem

1957 5658 2354 5728 pervenissent,
2387 5657 2432 5710 si
2466 5656 2667 5724 nuptiae
2696 5668 2792 5708 eos
2841 5654 3089 5723 corporis
3123 5652 3537 5707 oblectamentis

1957 5749 2219 5803 delinitos
2256 5747 2644 5801 mollivissent.
2688 5745 2814 5800 "1130
2863 5759 3031 5815 porro
3055 5758 3163 5797 non
3199 5743 3320 5798 sine
3342 5757 3531 5809 causa,

1960 5840 2075 5907 se],
2117 5851 2175 5895 ut
2231 5849 2315 5895 est
2376 5837 2519 5908 apud
2565 5838 2909 5910 Apostolum,
2976 5835 3040 5889 ad
3100 5844 3343 5892 nostram
3398 5847 3533 5888 sane
