  <div class='ocr_page' id='page_1' title='image "/cluster/home/n/w/nwhite01/storage/ocr_20150623/46:no.3/coo.31924054869668/185.png"; bbox 0 0 4026 6440; ppageno 0'>
   <div class='ocr_carea' id='block_1_1' title="bbox 485 378 612 457">
    <p class='ocr_par' dir='ltr' id='par_1_1' title="bbox 485 378 612 457">
     <span class='ocr_line' id='line_1_1' title="bbox 485 378 612 457; baseline -0.024 -20"><span class='ocrx_word' id='word_1_1' title='bbox 485 378 612 457; x_wconf 45' lang='grc' dir='ltr'><strong>ιιι,</strong></span> 
     </span>
    </p>
   </div>
   <div class='ocr_carea' id='block_1_2' title="bbox 1720 372 2520 431">
    <p class='ocr_par' dir='ltr' id='par_1_2' title="bbox 1720 372 2520 431">
     <span class='ocr_line' id='line_1_2' title="bbox 1720 372 2520 431; baseline 0 -2"><span class='ocrx_word' id='word_1_2' title='bbox 1720 374 1777 429; x_wconf 83' lang='lat' dir='ltr'><strong>S.</strong></span> <span class='ocrx_word' id='word_1_3' title='bbox 1841 372 2169 431; x_wconf 79' lang='lat' dir='ltr'><strong>GREGORII</strong></span> <span class='ocrx_word' id='word_1_4' title='bbox 2224 374 2268 429; x_wconf 82' lang='grc' dir='ltr'>Ν</span> <span class='ocrx_word' id='word_1_5' title='bbox 2276 372 2520 430; x_wconf 76' lang='lat' dir='ltr'><strong>YSSENI</strong></span> 
     </span>
    </p>
   </div>
   <div class='ocr_carea' id='block_1_3' title="bbox 3654 373 3761 432">
    <p class='ocr_par' dir='ltr' id='par_1_3' title="bbox 3654 373 3761 432">
     <span class='ocr_line' id='line_1_3' title="bbox 3654 373 3761 432; baseline -0.028 0"><span class='ocrx_word' id='word_1_6' title='bbox 3654 373 3761 432; x_wconf 69' lang='lat'><strong>552</strong></span> 
     </span>
    </p>
   </div>
   <div class='ocr_carea' id='block_1_4' title="bbox 481 480 2092 564">
    <p class='ocr_par' dir='ltr' id='par_1_4' title="bbox 481 480 2092 564">
     <span class='ocr_line' id='line_1_4' title="bbox 481 480 2092 564; baseline -0.004 -11"><span class='ocrx_word' id='word_1_7' title='bbox 481 480 788 553; x_wconf 76' lang='lat' dir='ltr'><strong>doctrinam</strong></span> <span class='ocrx_word' id='word_1_8' title='bbox 820 499 1026 564; x_wconf 79' lang='lat' dir='ltr'><strong>scripta</strong></span> <span class='ocrx_word' id='word_1_9' title='bbox 1053 500 1205 558; x_wconf 88' lang='lat' dir='ltr'><strong>sunt,</strong></span> <span class='ocrx_word' id='word_1_10' title='bbox 1232 507 1429 564; x_wconf 89' lang='lat' dir='ltr'><strong>nempe</strong></span> <span class='ocrx_word' id='word_1_11' title='bbox 1465 496 1527 547; x_wconf 93' lang='lat' dir='ltr'><strong>ut</strong></span> <span class='ocrx_word' id='word_1_12' title='bbox 1556 489 1624 546; x_wconf 87' lang='lat' dir='ltr'><strong>ad</strong></span> <span class='ocrx_word' id='word_1_13' title='bbox 1661 490 1888 546; x_wconf 90' lang='lat' dir='ltr'><strong>illorum</strong></span> <span class='ocrx_word' id='word_1_14' title='bbox 1930 491 2059 546; x_wconf 80' lang='lat' dir='ltr'><strong>vita:</strong></span> <span class='ocrx_word' id='word_1_15' title='bbox 2087 541 2092 554; x_wconf 84' lang='grc'><strong>,</strong></span> 
     </span>
    </p>
   </div>
   <div class='ocr_carea' id='block_1_5' title="bbox 2193 480 3765 564">
    <p class='ocr_par' dir='ltr' id='par_1_5' title="bbox 2193 489 3765 564">
     <span class='ocr_line' id='line_1_5' title="bbox 2193 489 3765 564; baseline 0.001 -21"><span class='ocrx_word' id='word_1_16' title='bbox 2193 507 2279 544; x_wconf 89' lang='grc' dir='ltr'><strong>αι·</strong></span> <span class='ocrx_word' id='word_1_17' title='bbox 2316 490 2436 545; x_wconf 80' lang='grc' dir='ltr'><strong>οὐδὲ</strong></span> <span class='ocrx_word' id='word_1_18' title='bbox 2456 489 2565 562; x_wconf 85' lang='grc' dir='ltr'><strong>γάρ</strong></span> <span class='ocrx_word' id='word_1_19' title='bbox 2589 490 2704 544; x_wconf 70' lang='grc' dir='ltr'><strong>ἐστι</strong></span> <span class='ocrx_word' id='word_1_20' title='bbox 2744 490 2967 545; x_wconf 77' lang='grc' dir='ltr'><strong>δυνατὸν</strong></span> <span class='ocrx_word' id='word_1_21' title='bbox 2986 491 3077 546; x_wconf 87' lang='grc' dir='ltr'><strong>τδν</strong></span> <span class='ocrx_word' id='word_1_22' title='bbox 3106 491 3187 559; x_wconf 72' lang='grc' dir='ltr'><strong>είς</strong></span> <span class='ocrx_word' id='word_1_23' title='bbox 3232 491 3404 546; x_wconf 76' lang='grc' dir='ltr'><strong>πολλὰ</strong></span> <span class='ocrx_word' id='word_1_24' title='bbox 3434 491 3503 562; x_wconf 80' lang='grc' dir='ltr'><strong>τῇ</strong></span> <span class='ocrx_word' id='word_1_25' title='bbox 3546 490 3765 564; x_wconf 76' lang='grc' dir='ltr'>διανοίᾳ</span> 
     </span>
    </p>
   </div>
   <div class='ocr_carea' id='block_1_6' title="bbox 480 583 2055 653">
    <p class='ocr_par' dir='ltr' id='par_1_6' title="bbox 480 583 2055 653">
     <span class='ocr_line' id='line_1_6' title="bbox 480 583 2055 653; baseline -0.004 -10"><span class='ocrx_word' id='word_1_26' title='bbox 480 588 791 644; x_wconf 91' lang='lat' dir='ltr'><strong>institutum</strong></span> <span class='ocrx_word' id='word_1_27' title='bbox 848 601 949 642; x_wconf 91' lang='lat' dir='ltr'><strong>nos</strong></span> <span class='ocrx_word' id='word_1_28' title='bbox 1008 586 1141 641; x_wconf 89' lang='lat' dir='ltr'><strong>item</strong></span> <span class='ocrx_word' id='word_1_29' title='bbox 1195 585 1363 639; x_wconf 83' lang='lat' dir='ltr'><strong>vitam</strong></span> <span class='ocrx_word' id='word_1_30' title='bbox 1419 593 1670 640; x_wconf 91' lang='lat' dir='ltr'><strong>nostram</strong></span> <span class='ocrx_word' id='word_1_31' title='bbox 1723 583 2055 653; x_wconf 80' lang='lat' dir='ltr'><strong>dirigamus.</strong></span> 
     </span>
    </p>
   </div>
   <div class='ocr_carea' id='block_1_7' title="bbox 483 673 2055 750">
    <p class='ocr_par' dir='ltr' id='par_1_7' title="bbox 483 673 2055 750">
     <span class='ocr_line' id='line_1_7' title="bbox 483 673 2055 750; baseline -0.001 -18"><span class='ocrx_word' id='word_1_32' title='bbox 483 679 624 750; x_wconf 78' lang='lat' dir='ltr'><strong>Ergo</strong></span> <span class='ocrx_word' id='word_1_33' title='bbox 651 677 782 749; x_wconf 90' lang='lat' dir='ltr'><strong>quid</strong></span> <span class='ocrx_word' id='word_1_34' title='bbox 816 693 883 734; x_wconf 80' lang='lat' dir='ltr'><strong>ex</strong></span> <span class='ocrx_word' id='word_1_35' title='bbox 915 678 1001 732; x_wconf 87' lang='lat' dir='ltr'><strong>his</strong></span> <span class='ocrx_word' id='word_1_36' title='bbox 1027 677 1339 733; x_wconf 90' lang='lat' dir='ltr'><strong>documenti</strong></span> <span class='ocrx_word' id='word_1_37' title='bbox 1387 675 1759 748; x_wconf 84' lang='lat' dir='ltr'><strong>percipimus?</strong></span> <span class='ocrx_word' id='word_1_38' title='bbox 1790 673 1847 730; x_wconf 80' lang='lat' dir='ltr'><strong>Id</strong></span> <span class='ocrx_word' id='word_1_39' title='bbox 1901 690 2055 739; x_wconf 89' lang='lat' dir='ltr'><strong>sane,</strong></span> 
     </span>
    </p>
   </div>
   <div class='ocr_carea' id='block_1_8' title="bbox 2163 581 3765 671">
    <p class='ocr_par' dir='ltr' id='par_1_8' title="bbox 2163 581 3765 671">
     <span class='ocr_line' id='line_1_8' title="bbox 2163 581 3765 671; baseline 0.001 -35"><span class='ocrx_word' id='word_1_40' title='bbox 2163 583 2532 655; x_wconf 80' lang='grc' dir='ltr'><strong>διαχεόμενον,</strong></span> <span class='ocrx_word' id='word_1_41' title='bbox 2587 582 2721 671; x_wconf 79' lang='grc' dir='ltr'><strong>πρὸς</strong></span> <span class='ocrx_word' id='word_1_42' title='bbox 2757 581 2891 637; x_wconf 89' lang='grc' dir='ltr'><strong>Θεοῦ</strong></span> <span class='ocrx_word' id='word_1_43' title='bbox 2944 585 3276 657; x_wconf 82' lang='grc' dir='ltr'><strong>κατανόησιν</strong></span> <span class='ocrx_word' id='word_1_44' title='bbox 3322 584 3417 639; x_wconf 75' lang='grc' dir='ltr'><strong>καὶ</strong></span> <span class='ocrx_word' id='word_1_45' title='bbox 3464 584 3765 656; x_wconf 70' lang='grc' dir='ltr'><strong>ἐπιθυμίαν</strong></span> 
     </span>
    </p>
   </div>
   <div class='ocr_carea' id='block_1_9' title="bbox 2166 674 2561 759">
    <p class='ocr_par' dir='ltr' id='par_1_9' title="bbox 2166 674 2561 747">
     <span class='ocr_line' id='line_1_9' title="bbox 2166 674 2561 747; baseline 0.003 -19"><span class='ocrx_word' id='word_1_46' title='bbox 2166 674 2561 747; x_wconf 76' lang='grc' dir='ltr'><strong>εὐθυπορῆσαι.</strong></span> 
     </span>
    </p>
   </div>
   <div class='ocr_carea' id='block_1_10' title="bbox 483 755 3768 842">
    <p class='ocr_par' dir='ltr' id='par_1_10' title="bbox 483 755 3768 842">
     <span class='ocr_line' id='line_1_10' title="bbox 483 755 3768 842; baseline -0.001 -16"><span class='ocrx_word' id='word_1_47' title='bbox 483 781 562 837; x_wconf 87' lang='lat' dir='ltr'><strong>ut,</strong></span> <span class='ocrx_word' id='word_1_48' title='bbox 594 771 878 842; x_wconf 84' lang='lat' dir='ltr'><strong>proposito</strong></span> <span class='ocrx_word' id='word_1_49' title='bbox 908 755 1226 825; x_wconf 74' lang='lat' dir='ltr'><strong>sanctorum</strong></span> <span class='ocrx_word' id='word_1_50' title='bbox 1268 760 1510 824; x_wconf 88' lang='lat' dir='ltr'><strong>virorum</strong></span> <span class='ocrx_word' id='word_1_51' title='bbox 1570 766 1847 838; x_wconf 83' lang='lat' dir='ltr'><strong>exemplo,</strong></span> <span class='ocrx_word' id='word_1_52' title='bbox 1916 765 1986 821; x_wconf 90' lang='lat' dir='ltr'><strong>iis</strong></span> <span class='ocrx_word' id='word_1_53' title='bbox 2034 767 2200 821; x_wconf 87' lang='lat' dir='ltr'><strong>rebus</strong></span> <span class='ocrx_word' id='word_1_54' title='bbox 2270 780 2391 836; x_wconf 69' lang='lat' dir='ltr'><strong>qua:</strong></span> <span class='ocrx_word' id='word_1_55' title='bbox 2446 755 2515 820; x_wconf 78' lang='lat' dir='ltr'><strong>ad</strong></span> <span class='ocrx_word' id='word_1_56' title='bbox 2573 765 2717 821; x_wconf 87' lang='lat' dir='ltr'><strong>hanc</strong></span> <span class='ocrx_word' id='word_1_57' title='bbox 2777 766 2944 821; x_wconf 87' lang='lat' dir='ltr'><strong>vitam</strong></span> <span class='ocrx_word' id='word_1_58' title='bbox 3000 767 3304 837; x_wconf 87' lang='lat' dir='ltr'><strong>pertinent,</strong></span> <span class='ocrx_word' id='word_1_59' title='bbox 3387 783 3635 822; x_wconf 63' lang='lat' dir='ltr'><strong>animum</strong></span> <span class='ocrx_word' id='word_1_60' title='bbox 3695 783 3768 824; x_wconf 80' lang='lat' dir='ltr'><strong>ne</strong></span> 
     </span>
    </p>
   </div>
   <div class='ocr_carea' id='block_1_11' title="bbox 485 853 3766 937">
    <p class='ocr_par' dir='ltr' id='par_1_11' title="bbox 485 853 3766 937">
     <span class='ocr_line' id='line_1_11' title="bbox 485 853 3766 937; baseline -0.002 -18"><span class='ocrx_word' id='word_1_61' title='bbox 485 865 709 935; x_wconf 75' lang='lat' dir='ltr'><strong>adjiciat</strong></span> <span class='ocrx_word' id='word_1_62' title='bbox 736 866 783 920; x_wconf 90' lang='lat' dir='ltr'><strong>is</strong></span> <span class='ocrx_word' id='word_1_63' title='bbox 820 864 916 935; x_wconf 85' lang='lat' dir='ltr'><strong>qui</strong></span> <span class='ocrx_word' id='word_1_64' title='bbox 952 880 1013 921; x_wconf 91' lang='lat' dir='ltr'><strong>se</strong></span> <span class='ocrx_word' id='word_1_65' title='bbox 1054 854 1187 918; x_wconf 36' lang='lat' dir='ltr'><strong>&quot;cum</strong></span> <span class='ocrx_word' id='word_1_66' title='bbox 1247 862 1359 917; x_wconf 92' lang='lat' dir='ltr'><strong>Deo</strong></span> <span class='ocrx_word' id='word_1_67' title='bbox 1391 861 1641 931; x_wconf 90' lang='lat' dir='ltr'><strong>junctum</strong></span> <span class='ocrx_word' id='word_1_68' title='bbox 1686 874 1812 915; x_wconf 84' lang='lat' dir='ltr'><strong>esse</strong></span> <span class='ocrx_word' id='word_1_69' title='bbox 1843 859 2062 937; x_wconf 82' lang='lat' dir='ltr'><strong>studet:</strong></span> <span class='ocrx_word' id='word_1_70' title='bbox 2106 858 2226 913; x_wconf 80' lang='lat' dir='ltr'><strong>ﬁeri</strong></span> <span class='ocrx_word' id='word_1_71' title='bbox 2257 858 2403 913; x_wconf 91' lang='lat' dir='ltr'><strong>enim</strong></span> <span class='ocrx_word' id='word_1_72' title='bbox 2445 872 2554 912; x_wconf 92' lang='lat' dir='ltr'><strong>non</strong></span> <span class='ocrx_word' id='word_1_73' title='bbox 2597 865 2796 933; x_wconf 87' lang='lat' dir='ltr'><strong>potest,</strong></span> <span class='ocrx_word' id='word_1_74' title='bbox 2828 864 2890 912; x_wconf 89' lang='lat' dir='ltr'><strong>ut</strong></span> <span class='ocrx_word' id='word_1_75' title='bbox 2954 853 3122 929; x_wconf 55' lang='lat' dir='ltr'><strong>&#39;cujus</strong></span> <span class='ocrx_word' id='word_1_76' title='bbox 3166 859 3387 916; x_wconf 84' lang='lat' dir='ltr'><strong>animus</strong></span> <span class='ocrx_word' id='word_1_77' title='bbox 3457 861 3766 915; x_wconf 85' lang='lat' dir='ltr'><strong>multarum</strong></span> 
     </span>
    </p>
   </div>
   <div class='ocr_carea' id='block_1_12' title="bbox 487 943 3292 1026">
    <p class='ocr_par' dir='ltr' id='par_1_12' title="bbox 487 943 3292 1026">
     <span class='ocr_line' id='line_1_12' title="bbox 487 943 3292 1026; baseline -0.002 -9"><span class='ocrx_word' id='word_1_78' title='bbox 487 977 675 1017; x_wconf 89' lang='lat' dir='ltr'><strong>rerum</strong></span> <span class='ocrx_word' id='word_1_79' title='bbox 703 960 854 1016; x_wconf 91' lang='lat' dir='ltr'><strong>curis</strong></span> <span class='ocrx_word' id='word_1_80' title='bbox 880 943 1227 1022; x_wconf 74' lang='lat' dir='ltr'><strong>distrahitur,</strong></span> <span class='ocrx_word' id='word_1_81' title='bbox 1262 957 1309 1011; x_wconf 89' lang='lat' dir='ltr'><strong>is</strong></span> <span class='ocrx_word' id='word_1_82' title='bbox 1328 957 1383 1010; x_wconf 90' lang='lat' dir='ltr'><strong>in</strong></span> <span class='ocrx_word' id='word_1_83' title='bbox 1406 954 1501 1012; x_wconf 77' lang='lat' dir='ltr'><strong>Dei</strong></span> <span class='ocrx_word' id='word_1_84' title='bbox 1520 956 2068 1026; x_wconf 86' lang='lat' dir='ltr'><strong>contemplationem,</strong></span> <span class='ocrx_word' id='word_1_85' title='bbox 2108 952 2576 1026; x_wconf 85' lang='lat' dir='ltr'><strong>cupiditatemque</strong></span> <span class='ocrx_word' id='word_1_86' title='bbox 2608 953 2771 1024; x_wconf 89' lang='lat' dir='ltr'><strong>plane</strong></span> <span class='ocrx_word' id='word_1_87' title='bbox 2800 962 2951 1009; x_wconf 92' lang='lat' dir='ltr'><strong>totus</strong></span> <span class='ocrx_word' id='word_1_88' title='bbox 2984 954 3292 1010; x_wconf 84' lang='lat' dir='ltr'><strong>incumbat.</strong></span> 
     </span>
    </p>
   </div>
   <div class='ocr_carea' id='block_1_13' title="bbox 1079 1090 1458 1148">
    <p class='ocr_par' dir='ltr' id='par_1_13' title="bbox 1079 1090 1458 1148">
     <span class='ocr_line' id='line_1_13' title="bbox 1079 1090 1458 1148; baseline -0.005 0"><span class='ocrx_word' id='word_1_89' title='bbox 1079 1091 1311 1148; x_wconf 82' lang='lat' dir='ltr'><strong>CAPUT</strong></span> <span class='ocrx_word' id='word_1_90' title='bbox 1344 1090 1458 1146; x_wconf 76' lang='lat' dir='ltr'><strong>VII.</strong></span> 
     </span>
    </p>
   </div>
   <div class='ocr_carea' id='block_1_14' title="bbox 493 1205 822 1272">
    <p class='ocr_par' dir='ltr' id='par_1_14' title="bbox 493 1205 822 1272">
     <span class='ocr_line' id='line_1_14' title="bbox 493 1205 822 1272; baseline -0.006 -13"><span class='ocrx_word' id='word_1_91' title='bbox 493 1205 599 1272; x_wconf 83' lang='lat' dir='ltr'><strong>Qui</strong></span> <span class='ocrx_word' id='word_1_92' title='bbox 640 1205 822 1259; x_wconf 79' lang='lat' dir='ltr'><strong>multis</strong></span> 
     </span>
    </p>
   </div>
   <div class='ocr_carea' id='block_1_15' title="bbox 697 1272 1647 1342">
    <p class='ocr_par' dir='ltr' id='par_1_15' title="bbox 697 1272 1647 1342">
     <span class='ocr_line' id='line_1_15' title="bbox 697 1272 1647 1342; baseline 0 -15"><span class='ocrx_word' id='word_1_93' title='bbox 697 1290 735 1303; x_wconf 60' lang='grc' dir='ltr'><strong>ιλ</strong></span> <span class='ocrx_word' id='word_1_94' title='bbox 895 1284 954 1327; x_wconf 84' lang='lat' dir='ltr'><strong>ut</strong></span> <span class='ocrx_word' id='word_1_95' title='bbox 976 1274 1061 1327; x_wconf 83' lang='lat' dir='ltr'><strong>hic</strong></span> <span class='ocrx_word' id='word_1_96' title='bbox 1088 1275 1269 1327; x_wconf 82' lang='lat' dir='ltr'><strong>animo</strong></span> <span class='ocrx_word' id='word_1_97' title='bbox 1292 1275 1361 1327; x_wconf 87' lang='lat' dir='ltr'><strong>sit</strong></span> <span class='ocrx_word' id='word_1_98' title='bbox 1392 1272 1647 1342; x_wconf 76' lang='lat' dir='ltr'><strong>perfecto.</strong></span> 
     </span>
    </p>
   </div>
   <div class='ocr_carea' id='block_1_16' title="bbox 562 1384 2072 1457">
    <p class='ocr_par' dir='ltr' id='par_1_16' title="bbox 562 1384 2072 1457">
     <span class='ocr_line' id='line_1_16' title="bbox 562 1384 2072 1457; baseline -0.001 -18"><span class='ocrx_word' id='word_1_99' title='bbox 562 1386 689 1440; x_wconf 85' lang='lat' dir='ltr'><strong>Mihi</strong></span> <span class='ocrx_word' id='word_1_100' title='bbox 723 1401 856 1441; x_wconf 88' lang='lat' dir='ltr'><strong>sane</strong></span> <span class='ocrx_word' id='word_1_101' title='bbox 908 1385 1148 1451; x_wconf 86' lang='lat' dir='ltr'><strong>videtur,</strong></span> <span class='ocrx_word' id='word_1_102' title='bbox 1188 1384 1333 1457; x_wconf 88' lang='lat' dir='ltr'><strong>quod</strong></span> <span class='ocrx_word' id='word_1_103' title='bbox 1367 1385 1435 1441; x_wconf 92' lang='lat' dir='ltr'><strong>de</strong></span> <span class='ocrx_word' id='word_1_104' title='bbox 1484 1385 1572 1440; x_wconf 89' lang='lat' dir='ltr'><strong>his</strong></span> <span class='ocrx_word' id='word_1_105' title='bbox 1600 1392 1936 1455; x_wconf 68' lang='lat' dir='ltr'><strong>praeceptum</strong></span> <span class='ocrx_word' id='word_1_106' title='bbox 1968 1390 2072 1451; x_wconf 85' lang='lat' dir='ltr'><strong>est,</strong></span> 
     </span>
    </p>
   </div>
   <div class='ocr_carea' id='block_1_17' title="bbox 2761 1091 3149 1148">
    <p class='ocr_par' dir='ltr' id='par_1_17' title="bbox 2761 1091 3149 1148">
     <span class='ocr_line' id='line_1_17' title="bbox 2761 1091 3149 1148; baseline 0.008 -3"><span class='ocrx_word' id='word_1_107' title='bbox 2761 1092 3019 1147; x_wconf 77' lang='grc' dir='ltr'><strong>ΚΕΦᾹΛ.</strong></span> <span class='ocrx_word' id='word_1_108' title='bbox 3072 1091 3149 1148; x_wconf 85' lang='grc' dir='ltr'><strong>Ζ’.</strong></span> 
     </span>
    </p>
   </div>
   <div class='ocr_carea' id='block_1_18' title="bbox 869 1186 2092 1280">
    <p class='ocr_par' dir='ltr' id='par_1_18' title="bbox 869 1201 2072 1280">
     <span class='ocr_line' id='line_1_18' title="bbox 869 1201 2072 1280; baseline -0.002 -23"><span class='ocrx_word' id='word_1_109' title='bbox 869 1220 1045 1280; x_wconf 66' lang='lat' dir='ltr'><strong>rerum</strong></span> <span class='ocrx_word' id='word_1_110' title='bbox 1100 1204 1243 1280; x_wconf 71' lang='lat' dir='ltr'><strong>curis</strong></span> <span class='ocrx_word' id='word_1_111' title='bbox 1268 1202 1581 1280; x_wconf 69' lang='lat' dir='ltr'><strong>distinetur,</strong></span> <span class='ocrx_word' id='word_1_112' title='bbox 1608 1201 1727 1271; x_wconf 77' lang='lat' dir='ltr'><strong>ﬁeri</strong></span> <span class='ocrx_word' id='word_1_113' title='bbox 1762 1216 1865 1255; x_wconf 85' lang='lat' dir='ltr'><strong>non</strong></span> <span class='ocrx_word' id='word_1_114' title='bbox 1901 1208 2072 1270; x_wconf 84' lang='lat' dir='ltr'><strong>potest</strong></span> 
     </span>
    </p>
   </div>
   <div class='ocr_carea' id='block_1_19' title="bbox 2193 1186 3769 1280">
    <p class='ocr_par' dir='ltr' id='par_1_19' title="bbox 2193 1186 3769 1280">
     <span class='ocr_line' id='line_1_19' title="bbox 2193 1186 3769 1280; baseline -0.001 -14"><span class='ocrx_word' id='word_1_115' title='bbox 2193 1211 2298 1266; x_wconf 81' lang='grc' dir='ltr'><strong>Ὁτι</strong></span> <span class='ocrx_word' id='word_1_116' title='bbox 2321 1208 2427 1265; x_wconf 82' lang='grc' dir='ltr'><strong>τόν</strong></span> <span class='ocrx_word' id='word_1_117' title='bbox 2455 1211 2542 1276; x_wconf 84' lang='grc' dir='ltr'><strong>είς</strong></span> <span class='ocrx_word' id='word_1_118' title='bbox 2570 1208 2770 1264; x_wconf 73' lang='grc' dir='ltr'><strong>πολλὰ</strong></span> <span class='ocrx_word' id='word_1_119' title='bbox 2799 1186 3183 1280; x_wconf 60' lang='grc' dir='ltr'><strong>μεριζόμενον</strong></span> <span class='ocrx_word' id='word_1_120' title='bbox 3228 1208 3617 1279; x_wconf 73' lang='grc' dir='ltr'><strong>τελειωθῆναι</strong></span> <span class='ocrx_word' id='word_1_121' title='bbox 3649 1210 3769 1280; x_wconf 75' lang='grc' dir='ltr'><strong>τὴν</strong></span> 
     </span>
    </p>
   </div>
   <div class='ocr_carea' id='block_1_20' title="bbox 2684 1279 3242 1349">
    <p class='ocr_par' dir='ltr' id='par_1_20' title="bbox 2684 1279 3242 1349">
     <span class='ocr_line' id='line_1_20' title="bbox 2684 1279 3242 1349; baseline 0.002 -16"><span class='ocrx_word' id='word_1_122' title='bbox 2684 1280 2898 1349; x_wconf 70' lang='grc' dir='ltr'><strong>ψυχὴν</strong></span> <span class='ocrx_word' id='word_1_123' title='bbox 2921 1279 3242 1334; x_wconf 79' lang='grc' dir='ltr'><strong>ἀδύνατον.</strong></span> 
     </span>
    </p>
   </div>
   <div class='ocr_carea' id='block_1_21' title="bbox 2245 1391 3769 1464">
    <p class='ocr_par' dir='ltr' id='par_1_21' title="bbox 2245 1391 3769 1464">
     <span class='ocr_line' id='line_1_21' title="bbox 2245 1391 3769 1464; baseline -0.001 -18"><span class='ocrx_word' id='word_1_124' title='bbox 2245 1394 2406 1447; x_wconf 79' lang='grc' dir='ltr'><strong>Δοκεῖ</strong></span> <span class='ocrx_word' id='word_1_125' title='bbox 2448 1391 2507 1446; x_wconf 79' lang='grc' dir='ltr'><strong>δέ</strong></span> <span class='ocrx_word' id='word_1_126' title='bbox 2571 1409 2662 1462; x_wconf 87' lang='grc' dir='ltr'><strong>μοι</strong></span> <span class='ocrx_word' id='word_1_127' title='bbox 2715 1392 2782 1445; x_wconf 82' lang='grc' dir='ltr'><strong>δι’</strong></span> <span class='ocrx_word' id='word_1_128' title='bbox 2828 1393 3225 1463; x_wconf 80' lang='grc' dir='ltr'><strong>ὑποδείγματος</strong></span> <span class='ocrx_word' id='word_1_129' title='bbox 3263 1392 3658 1464; x_wconf 75' lang='grc' dir='ltr'><strong>ἐναργέστερον</strong></span> <span class='ocrx_word' id='word_1_130' title='bbox 3698 1392 3769 1446; x_wconf 81' lang='grc' dir='ltr'><strong>ἂν</strong></span> 
     </span>
    </p>
   </div>
   <div class='ocr_carea' id='block_1_22' title="bbox 490 1464 2092 1560">
    <p class='ocr_par' dir='ltr' id='par_1_22' title="bbox 490 1464 2092 1551">
     <span class='ocr_line' id='line_1_22' title="bbox 490 1464 2092 1551; baseline -0.001 -16"><span class='ocrx_word' id='word_1_131' title='bbox 490 1464 744 1550; x_wconf 76' lang='lat' dir='ltr'><strong>exemplo</strong></span> <span class='ocrx_word' id='word_1_132' title='bbox 802 1480 1075 1537; x_wconf 87' lang='lat' dir='ltr'><strong>illustrius</strong></span> <span class='ocrx_word' id='word_1_133' title='bbox 1144 1480 1260 1534; x_wconf 82' lang='lat' dir='ltr'><strong>ﬁeri</strong></span> <span class='ocrx_word' id='word_1_134' title='bbox 1325 1494 1509 1551; x_wconf 86' lang='lat' dir='ltr'><strong>posse.</strong></span> <span class='ocrx_word' id='word_1_135' title='bbox 1583 1477 1861 1534; x_wconf 88' lang='lat' dir='ltr'><strong>Ponamus</strong></span> <span class='ocrx_word' id='word_1_136' title='bbox 1909 1477 2092 1546; x_wconf 80' lang='lat' dir='ltr'><strong>igitur.</strong></span> 
     </span>
    </p>
   </div>
   <div class='ocr_carea' id='block_1_23' title="bbox 2193 1464 3769 1560">
    <p class='ocr_par' dir='ltr' id='par_1_23' title="bbox 2193 1483 3769 1560">
     <span class='ocr_line' id='line_1_23' title="bbox 2193 1483 3769 1560; baseline 0.001 -23"><span class='ocrx_word' id='word_1_137' title='bbox 2193 1485 2518 1556; x_wconf 85' lang='grc' dir='ltr'><strong>ταραστῆσαι</strong></span> <span class='ocrx_word' id='word_1_138' title='bbox 2540 1483 2602 1538; x_wconf 79' lang='grc' dir='ltr'><strong>τὸ</strong></span> <span class='ocrx_word' id='word_1_139' title='bbox 2637 1483 2990 1560; x_wconf 78' lang='grc' dir='ltr'><strong>περὶτούτων</strong></span> <span class='ocrx_word' id='word_1_140' title='bbox 3012 1485 3215 1556; x_wconf 83' lang='grc' dir='ltr'><strong>δόγμα.</strong></span> <span class='ocrx_word' id='word_1_141' title='bbox 3252 1484 3616 1554; x_wconf 81' lang='grc' dir='ltr'><strong>’Υποθώμεθα</strong></span> <span class='ocrx_word' id='word_1_142' title='bbox 3655 1485 3769 1555; x_wconf 86' lang='grc' dir='ltr'><strong>γάρ</strong></span> 
     </span>
    </p>
   </div>
   <div class='ocr_carea' id='block_1_24' title="bbox 490 1563 2092 1649">
    <p class='ocr_par' dir='ltr' id='par_1_24' title="bbox 490 1567 2081 1642">
     <span class='ocr_line' id='line_1_24' title="bbox 490 1567 2081 1642; baseline -0.001 -17"><span class='ocrx_word' id='word_1_143' title='bbox 490 1587 710 1640; x_wconf 89' lang='lat' dir='ltr'><strong>aquam,</strong></span> <span class='ocrx_word' id='word_1_144' title='bbox 740 1587 862 1642; x_wconf 82' lang='lat' dir='ltr'><strong>quae</strong></span> <span class='ocrx_word' id='word_1_145' title='bbox 877 1586 908 1626; x_wconf 89' lang='lat' dir='ltr'><strong>a</strong></span> <span class='ocrx_word' id='word_1_146' title='bbox 937 1571 1088 1627; x_wconf 77' lang='lat' dir='ltr'><strong>fonte</strong></span> <span class='ocrx_word' id='word_1_147' title='bbox 1107 1573 1292 1641; x_wconf 91' lang='lat' dir='ltr'><strong>aliquo</strong></span> <span class='ocrx_word' id='word_1_148' title='bbox 1311 1578 1517 1634; x_wconf 84' lang='lat' dir='ltr'><strong>manat,</strong></span> <span class='ocrx_word' id='word_1_149' title='bbox 1540 1573 1594 1623; x_wconf 90' lang='lat' dir='ltr'><strong>in</strong></span> <span class='ocrx_word' id='word_1_150' title='bbox 1624 1570 1869 1624; x_wconf 88' lang='lat' dir='ltr'><strong>diversas</strong></span> <span class='ocrx_word' id='word_1_151' title='bbox 1885 1567 2081 1623; x_wconf 77' lang='lat' dir='ltr'><strong>ﬂuxio-</strong></span> 
     </span>
    </p>
   </div>
   <div class='ocr_carea' id='block_1_25' title="bbox 2193 1563 3771 1649">
    <p class='ocr_par' dir='ltr' id='par_1_25' title="bbox 2193 1563 3771 1649">
     <span class='ocr_line' id='line_1_25' title="bbox 2193 1563 3771 1649; baseline -0.001 -20"><span class='ocrx_word' id='word_1_152' title='bbox 2193 1594 2228 1629; x_wconf 88' lang='lat' dir='ltr'><strong>:t</strong></span> <span class='ocrx_word' id='word_1_153' title='bbox 2255 1575 2399 1647; x_wconf 78' lang='grc' dir='ltr'><strong>ὕδωρ</strong></span> <span class='ocrx_word' id='word_1_154' title='bbox 2429 1579 2494 1630; x_wconf 85' lang='grc' dir='ltr'><strong>ὲκ</strong></span> <span class='ocrx_word' id='word_1_155' title='bbox 2518 1576 2701 1649; x_wconf 80' lang='grc' dir='ltr'><strong>πηγῆς</strong></span> <span class='ocrx_word' id='word_1_156' title='bbox 2728 1563 3116 1648; x_wconf 70' lang='grc' dir='ltr'><strong>προχεόμενόν,</strong></span> <span class='ocrx_word' id='word_1_157' title='bbox 3152 1567 3237 1639; x_wconf 72' lang='grc' dir='ltr'><strong>ἐίς</strong></span> <span class='ocrx_word' id='word_1_158' title='bbox 3270 1576 3560 1649; x_wconf 76' lang='grc' dir='ltr'>διαφόρους</span> <span class='ocrx_word' id='word_1_159' title='bbox 3592 1576 3771 1647; x_wconf 72' lang='grc' dir='ltr'><strong>ἀπορ-</strong></span> 
     </span>
    </p>
   </div>
   <div class='ocr_carea' id='block_1_26' title="bbox 493 1652 2082 1735">
    <p class='ocr_par' dir='ltr' id='par_1_26' title="bbox 493 1652 2082 1735">
     <span class='ocr_line' id='line_1_26' title="bbox 493 1652 2082 1735; baseline -0.002 -17"><span class='ocrx_word' id='word_1_160' title='bbox 493 1680 615 1729; x_wconf 89' lang='lat' dir='ltr'><strong>nes,</strong></span> <span class='ocrx_word' id='word_1_161' title='bbox 646 1679 709 1718; x_wconf 89' lang='lat' dir='ltr'><strong>ac</strong></span> <span class='ocrx_word' id='word_1_162' title='bbox 726 1664 900 1730; x_wconf 92' lang='lat' dir='ltr'><strong>rivos,</strong></span> <span class='ocrx_word' id='word_1_163' title='bbox 929 1676 989 1720; x_wconf 89' lang='lat' dir='ltr'><strong>ut</strong></span> <span class='ocrx_word' id='word_1_164' title='bbox 1021 1664 1363 1735; x_wconf 76' lang='lat' dir='ltr'><strong>ﬁt,‘dispergi</strong></span> <span class='ocrx_word' id='word_1_165' title='bbox 1402 1652 1570 1732; x_wconf 81' lang='lat' dir='ltr'><strong>atque</strong></span> <span class='ocrx_word' id='word_1_166' title='bbox 1592 1662 1873 1733; x_wconf 87' lang='lat' dir='ltr'><strong>dissipari.</strong></span> <span class='ocrx_word' id='word_1_167' title='bbox 1899 1660 2082 1727; x_wconf 83' lang='lat' dir='ltr'><strong>Quan-</strong></span> 
     </span>
    </p>
   </div>
   <div class='ocr_carea' id='block_1_27' title="bbox 499 1748 2099 1824">
    <p class='ocr_par' dir='ltr' id='par_1_27' title="bbox 499 1748 2099 1824">
     <span class='ocr_line' id='line_1_27' title="bbox 499 1748 2099 1824; baseline -0.003 -15"><span class='ocrx_word' id='word_1_168' title='bbox 499 1756 595 1809; x_wconf 84' lang='lat' dir='ltr'><strong>diu</strong></span> <span class='ocrx_word' id='word_1_169' title='bbox 631 1764 783 1811; x_wconf 88' lang='lat' dir='ltr'><strong>certe</strong></span> <span class='ocrx_word' id='word_1_170' title='bbox 807 1757 882 1811; x_wconf 91' lang='lat' dir='ltr'><strong>ita</strong></span> <span class='ocrx_word' id='word_1_171' title='bbox 919 1755 1117 1821; x_wconf 81' lang='lat' dir='ltr'><strong>fertur,</strong></span> <span class='ocrx_word' id='word_1_172' title='bbox 1150 1755 1218 1810; x_wconf 87' lang='lat' dir='ltr'><strong>ad</strong></span> <span class='ocrx_word' id='word_1_173' title='bbox 1243 1755 1430 1810; x_wconf 86' lang='lat' dir='ltr'><strong>nullas</strong></span> <span class='ocrx_word' id='word_1_174' title='bbox 1470 1768 1566 1809; x_wconf 85' lang='lat' dir='ltr'><strong>eas</strong></span> <span class='ocrx_word' id='word_1_175' title='bbox 1596 1754 1715 1818; x_wconf 80' lang='lat' dir='ltr'><strong>res,</strong></span> <span class='ocrx_word' id='word_1_176' title='bbox 1765 1767 1887 1824; x_wconf 74' lang='lat' dir='ltr'><strong>qua:</strong></span> <span class='ocrx_word' id='word_1_177' title='bbox 1939 1748 2099 1822; x_wconf 47' lang='lat' dir='ltr'><strong>agri?</strong></span> 
     </span>
    </p>
   </div>
   <div class='ocr_carea' id='block_1_28' title="bbox 2182 1657 3770 1739">
    <p class='ocr_par' dir='ltr' id='par_1_28' title="bbox 2182 1657 3770 1739">
     <span class='ocr_line' id='line_1_28' title="bbox 2182 1657 3770 1739; baseline -0.001 -20"><span class='ocrx_word' id='word_1_178' title='bbox 2182 1666 2311 1739; x_wconf 77' lang='grc' dir='ltr'><strong>ῥοὰς</strong></span> <span class='ocrx_word' id='word_1_179' title='bbox 2338 1657 2497 1720; x_wconf 62' lang='grc' dir='ltr'><strong>κατά</strong></span> <span class='ocrx_word' id='word_1_180' title='bbox 2529 1667 2589 1720; x_wconf 84' lang='grc' dir='ltr'><strong>τὸ</strong></span> <span class='ocrx_word' id='word_1_181' title='bbox 2624 1665 2836 1737; x_wconf 75' lang='grc' dir='ltr'><strong>συμϐὰν</strong></span> <span class='ocrx_word' id='word_1_182' title='bbox 2866 1666 3258 1737; x_wconf 77' lang='grc' dir='ltr'><strong>διασχίζεσθαι.</strong></span> <span class='ocrx_word' id='word_1_183' title='bbox 3310 1664 3523 1719; x_wconf 74' lang='grc' dir='ltr'><strong>Οὐκοῦν</strong></span> <span class='ocrx_word' id='word_1_184' title='bbox 3559 1665 3667 1728; x_wconf 76' lang='grc' dir='ltr'><strong>ἕως</strong></span> <span class='ocrx_word' id='word_1_185' title='bbox 3702 1665 3770 1718; x_wconf 79' lang='grc' dir='ltr'><strong>ἂν</strong></span> 
     </span>
    </p>
   </div>
   <div class='ocr_carea' id='block_1_29' title="bbox 2180 1757 3773 1829">
    <p class='ocr_par' dir='ltr' id='par_1_29' title="bbox 2180 1757 3773 1829">
     <span class='ocr_line' id='line_1_29' title="bbox 2180 1757 3773 1829; baseline 0 -18"><span class='ocrx_word' id='word_1_186' title='bbox 2180 1757 2322 1812; x_wconf 76' lang='grc' dir='ltr'><strong>οὕτω</strong></span> <span class='ocrx_word' id='word_1_187' title='bbox 2355 1757 2609 1829; x_wconf 80' lang='grc' dir='ltr'><strong>φέρηται,</strong></span> <span class='ocrx_word' id='word_1_188' title='bbox 2637 1760 2716 1820; x_wconf 87' lang='grc' dir='ltr'><strong>εἰς</strong></span> <span class='ocrx_word' id='word_1_189' title='bbox 2745 1757 2897 1810; x_wconf 79' lang='grc' dir='ltr'><strong>οὐδὲν</strong></span> <span class='ocrx_word' id='word_1_190' title='bbox 2923 1757 3030 1811; x_wconf 84' lang='grc' dir='ltr'><strong>τῶν</strong></span> <span class='ocrx_word' id='word_1_191' title='bbox 3055 1757 3190 1829; x_wconf 77' lang='grc' dir='ltr'><strong>πρὸς</strong></span> <span class='ocrx_word' id='word_1_192' title='bbox 3215 1757 3314 1828; x_wconf 85' lang='grc' dir='ltr'><strong>τὴν</strong></span> <span class='ocrx_word' id='word_1_193' title='bbox 3341 1757 3615 1829; x_wconf 74' lang='grc' dir='ltr'><strong>γεωργίαν</strong></span> <span class='ocrx_word' id='word_1_194' title='bbox 3635 1774 3773 1829; x_wconf 85' lang='grc' dir='ltr'><strong>χρη-</strong></span> 
     </span>
    </p>
   </div>
   <div class='ocr_carea' id='block_1_30' title="bbox 497 1841 2092 1933">
    <p class='ocr_par' dir='ltr' id='par_1_30' title="bbox 497 1841 2081 1920">
     <span class='ocr_line' id='line_1_30' title="bbox 497 1841 2081 1920; baseline -0.001 -17"><span class='ocrx_word' id='word_1_195' title='bbox 497 1849 729 1904; x_wconf 85' lang='lat' dir='ltr'><strong>culturae</strong></span> <span class='ocrx_word' id='word_1_196' title='bbox 760 1841 1225 1920; x_wconf 51' lang='lat' dir='ltr'><strong>expediant,.&#39;erit</strong></span> <span class='ocrx_word' id='word_1_197' title='bbox 1266 1848 1713 1916; x_wconf 75' lang='lat' dir='ltr'><strong>acCommodata;</strong></span> <span class='ocrx_word' id='word_1_198' title='bbox 1770 1862 1896 1902; x_wconf 91' lang='lat' dir='ltr'><strong>cum</strong></span> <span class='ocrx_word' id='word_1_199' title='bbox 1934 1847 2081 1902; x_wconf 87' lang='lat' dir='ltr'><strong>illius</strong></span> 
     </span>
    </p>
   </div>
   <div class='ocr_carea' id='block_1_31' title="bbox 2193 1841 3773 1933">
    <p class='ocr_par' dir='ltr' id='par_1_31' title="bbox 2193 1848 3773 1933">
     <span class='ocr_line' id='line_1_31' title="bbox 2193 1848 3773 1933; baseline 0.001 -30"><span class='ocrx_word' id='word_1_200' title='bbox 2193 1849 2358 1920; x_wconf 71' lang='grc' dir='ltr'><strong>πίμων</strong></span> <span class='ocrx_word' id='word_1_201' title='bbox 2396 1849 2699 1919; x_wconf 79' lang='grc' dir='ltr'><strong>ἐπιτήδειον</strong></span> <span class='ocrx_word' id='word_1_202' title='bbox 2729 1848 2902 1913; x_wconf 74' lang='grc' dir='ltr'><strong>ἔσται,</strong></span> <span class='ocrx_word' id='word_1_203' title='bbox 2927 1852 3022 1919; x_wconf 84' lang='grc' dir='ltr'><strong>τῆς</strong></span> <span class='ocrx_word' id='word_1_204' title='bbox 3041 1852 3120 1913; x_wconf 80' lang='grc' dir='ltr'><strong>είς</strong></span> <span class='ocrx_word' id='word_1_205' title='bbox 3145 1850 3317 1903; x_wconf 77' lang='grc' dir='ltr'><strong>πολλὰ</strong></span> <span class='ocrx_word' id='word_1_206' title='bbox 3338 1850 3636 1933; x_wconf 79' lang='grc' dir='ltr'><strong>διαχύσεως</strong></span> <span class='ocrx_word' id='word_1_207' title='bbox 3659 1852 3773 1905; x_wconf 82' lang='grc' dir='ltr'><strong>όλί-</strong></span> 
     </span>
    </p>
   </div>
   <div class='ocr_carea' id='block_1_32' title="bbox 465 1938 2085 2015">
    <p class='ocr_par' dir='ltr' id='par_1_32' title="bbox 465 1938 2085 2015">
     <span class='ocr_line' id='line_1_32' title="bbox 465 1938 2085 2015; baseline -0.001 -18"><span class='ocrx_word' id='word_1_208' title='bbox 465 1958 657 2013; x_wconf 69' lang='lat' dir='ltr'><strong>,aqua:</strong></span> <span class='ocrx_word' id='word_1_209' title='bbox 685 1943 741 1998; x_wconf 90' lang='lat' dir='ltr'><strong>in</strong></span> <span class='ocrx_word' id='word_1_210' title='bbox 763 1938 978 1999; x_wconf 74' lang='lat' dir='ltr'><strong>&#39;multas</strong></span> <span class='ocrx_word' id='word_1_211' title='bbox 1019 1953 1205 2015; x_wconf 86' lang='lat' dir='ltr'><strong>partes</strong></span> <span class='ocrx_word' id='word_1_212' title='bbox 1237 1943 1530 2014; x_wconf 87' lang='lat' dir='ltr'><strong>dissipatio</strong></span> <span class='ocrx_word' id='word_1_213' title='bbox 1573 1942 1833 2014; x_wconf 76' lang='lat' dir='ltr'><strong>exiguum</strong></span> <span class='ocrx_word' id='word_1_214' title='bbox 1867 1942 1922 1997; x_wconf 87' lang='lat' dir='ltr'><strong>id</strong></span> <span class='ocrx_word' id='word_1_215' title='bbox 1963 1940 2085 1998; x_wconf 55' lang='grc' dir='ltr'><strong>επις</strong></span> 
     </span>
    </p>
   </div>
   <div class='ocr_carea' id='block_1_33' title="bbox 498 2032 2085 2103">
    <p class='ocr_par' dir='ltr' id='par_1_33' title="bbox 498 2032 2085 2103">
     <span class='ocr_line' id='line_1_33' title="bbox 498 2032 2085 2103; baseline 0.001 -18"><span class='ocrx_word' id='word_1_216' title='bbox 498 2032 628 2097; x_wconf 90' lang='lat' dir='ltr'><strong>ciat,</strong></span> <span class='ocrx_word' id='word_1_217' title='bbox 656 2032 800 2103; x_wconf 90' lang='lat' dir='ltr'><strong>quod</strong></span> <span class='ocrx_word' id='word_1_218' title='bbox 840 2032 895 2087; x_wconf 89' lang='lat' dir='ltr'><strong>in</strong></span> <span class='ocrx_word' id='word_1_219' title='bbox 933 2032 1167 2103; x_wconf 82' lang='lat' dir='ltr'><strong>singulis</strong></span> <span class='ocrx_word' id='word_1_220' title='bbox 1221 2032 1473 2103; x_wconf 87' lang='lat' dir='ltr'><strong>partibus</strong></span> <span class='ocrx_word' id='word_1_221' title='bbox 1509 2041 1674 2087; x_wconf 89' lang='lat' dir='ltr'><strong>tenue</strong></span> <span class='ocrx_word' id='word_1_222' title='bbox 1719 2037 1827 2098; x_wconf 85' lang='lat' dir='ltr'><strong>est,</strong></span> <span class='ocrx_word' id='word_1_223' title='bbox 1878 2032 2085 2102; x_wconf 78' lang='lat' dir='ltr'><strong>vixque</strong></span> 
     </span>
    </p>
   </div>
   <div class='ocr_carea' id='block_1_34' title="bbox 499 2118 2097 2194">
    <p class='ocr_par' dir='ltr' id='par_1_34' title="bbox 499 2118 2097 2194">
     <span class='ocr_line' id='line_1_34' title="bbox 499 2118 2097 2194; baseline 0.002 -18"><span class='ocrx_word' id='word_1_224' title='bbox 499 2138 610 2194; x_wconf 66' lang='lat' dir='ltr'><strong>prae</strong></span> <span class='ocrx_word' id='word_1_225' title='bbox 646 2118 910 2179; x_wconf 85' lang='lat' dir='ltr'><strong>tenuitate</strong></span> <span class='ocrx_word' id='word_1_226' title='bbox 938 2134 1228 2181; x_wconf 84' lang='lat' dir='ltr'><strong>movetur:</strong></span> <span class='ocrx_word' id='word_1_227' title='bbox 1266 2125 1351 2181; x_wconf 89' lang='lat' dir='ltr'><strong>sin</strong></span> <span class='ocrx_word' id='word_1_228' title='bbox 1375 2132 1555 2180; x_wconf 88' lang='lat' dir='ltr'><strong>autem</strong></span> <span class='ocrx_word' id='word_1_229' title='bbox 1587 2125 1712 2194; x_wconf 90' lang='lat' dir='ltr'><strong>quis</strong></span> <span class='ocrx_word' id='word_1_230' title='bbox 1740 2140 1933 2179; x_wconf 86' lang='lat' dir='ltr'><strong>omnes</strong></span> <span class='ocrx_word' id='word_1_231' title='bbox 1958 2118 2097 2194; x_wconf 21' lang='lat' dir='ltr'><strong>ejus.</strong></span> 
     </span>
    </p>
   </div>
   <div class='ocr_carea' id='block_1_35' title="bbox 498 2203 2095 2288">
    <p class='ocr_par' dir='ltr' id='par_1_35' title="bbox 498 2203 2095 2288">
     <span class='ocr_line' id='line_1_35' title="bbox 498 2203 2095 2288; baseline 0.001 -19"><span class='ocrx_word' id='word_1_232' title='bbox 498 2214 783 2284; x_wconf 85' lang='lat' dir='ltr'><strong>dispersos</strong></span> <span class='ocrx_word' id='word_1_233' title='bbox 809 2216 958 2272; x_wconf 89' lang='lat' dir='ltr'><strong>rivos</strong></span> <span class='ocrx_word' id='word_1_234' title='bbox 994 2203 1240 2288; x_wconf 81' lang='lat' dir='ltr'><strong>colligat,</strong></span> <span class='ocrx_word' id='word_1_235' title='bbox 1278 2203 1494 2286; x_wconf 81' lang='lat' dir='ltr'><strong>quodve</strong></span> <span class='ocrx_word' id='word_1_236' title='bbox 1520 2206 1725 2286; x_wconf 76' lang='lat' dir='ltr'><strong>passim</strong></span> <span class='ocrx_word' id='word_1_237' title='bbox 1751 2213 2095 2286; x_wconf 82' lang='lat' dir='ltr'><strong>dissipatum</strong></span> 
     </span>
    </p>
   </div>
   <div class='ocr_carea' id='block_1_36' title="bbox 502 2306 2089 2373">
    <p class='ocr_par' dir='ltr' id='par_1_36' title="bbox 502 2306 2089 2373">
     <span class='ocr_line' id='line_1_36' title="bbox 502 2306 2089 2373; baseline -0.001 -10"><span class='ocrx_word' id='word_1_238' title='bbox 502 2314 612 2372; x_wconf 86' lang='lat' dir='ltr'><strong>est,</strong></span> <span class='ocrx_word' id='word_1_239' title='bbox 655 2306 710 2361; x_wconf 92' lang='lat' dir='ltr'><strong>in</strong></span> <span class='ocrx_word' id='word_1_240' title='bbox 770 2323 942 2367; x_wconf 89' lang='lat' dir='ltr'><strong>unum</strong></span> <span class='ocrx_word' id='word_1_241' title='bbox 977 2308 1193 2364; x_wconf 83' lang='lat' dir='ltr'><strong>alveum</strong></span> <span class='ocrx_word' id='word_1_242' title='bbox 1229 2308 1548 2373; x_wconf 89' lang='lat' dir='ltr'><strong>concludat,</strong></span> <span class='ocrx_word' id='word_1_243' title='bbox 1612 2308 1681 2363; x_wconf 90' lang='lat' dir='ltr'><strong>ad</strong></span> <span class='ocrx_word' id='word_1_244' title='bbox 1720 2309 1923 2363; x_wconf 82' lang='lat' dir='ltr'><strong>multas</strong></span> <span class='ocrx_word' id='word_1_245' title='bbox 1957 2308 2089 2362; x_wconf 64' lang='lat' dir='ltr'><strong>vitae</strong></span> 
     </span>
    </p>
   </div>
   <div class='ocr_carea' id='block_1_37' title="bbox 504 2396 2082 2469">
    <p class='ocr_par' dir='ltr' id='par_1_37' title="bbox 504 2396 2082 2469">
     <span class='ocr_line' id='line_1_37' title="bbox 504 2396 2082 2469; baseline 0.002 -18"><span class='ocrx_word' id='word_1_246' title='bbox 504 2398 944 2465; x_wconf 79' lang='lat' dir='ltr'><strong>commoditates,</strong></span> <span class='ocrx_word' id='word_1_247' title='bbox 979 2407 1032 2454; x_wconf 90' lang='lat' dir='ltr'><strong>et</strong></span> <span class='ocrx_word' id='word_1_248' title='bbox 1061 2414 1155 2456; x_wconf 90' lang='lat' dir='ltr'><strong>eas</strong></span> <span class='ocrx_word' id='word_1_249' title='bbox 1187 2396 1421 2469; x_wconf 78' lang='lat' dir='ltr'><strong>quidem</strong></span> <span class='ocrx_word' id='word_1_250' title='bbox 1444 2401 1791 2454; x_wconf 74' lang='lat' dir='ltr'><strong>necessarias</strong></span> <span class='ocrx_word' id='word_1_251' title='bbox 1831 2399 2082 2454; x_wconf 84' lang='lat' dir='ltr'><strong>uberiore</strong></span> 
     </span>
    </p>
   </div>
   <div class='ocr_carea' id='block_1_38' title="bbox 505 2489 2082 2560">
    <p class='ocr_par' dir='ltr' id='par_1_38' title="bbox 505 2489 2082 2560">
     <span class='ocr_line' id='line_1_38' title="bbox 505 2489 2082 2560; baseline 0.001 -20"><span class='ocrx_word' id='word_1_252' title='bbox 505 2496 754 2542; x_wconf 87' lang='lat' dir='ltr'><strong>uteretur</strong></span> <span class='ocrx_word' id='word_1_253' title='bbox 784 2503 948 2560; x_wconf 90' lang='lat' dir='ltr'><strong>aqua,</strong></span> <span class='ocrx_word' id='word_1_254' title='bbox 985 2506 1107 2560; x_wconf 71' lang='lat' dir='ltr'><strong>qua:</strong></span> <span class='ocrx_word' id='word_1_255' title='bbox 1162 2491 1218 2544; x_wconf 90' lang='lat' dir='ltr'><strong>in</strong></span> <span class='ocrx_word' id='word_1_256' title='bbox 1267 2496 1435 2545; x_wconf 85' lang='lat' dir='ltr'><strong>unum</strong></span> <span class='ocrx_word' id='word_1_257' title='bbox 1473 2492 1546 2546; x_wconf 87' lang='lat' dir='ltr'><strong>sit</strong></span> <span class='ocrx_word' id='word_1_258' title='bbox 1577 2491 1755 2545; x_wconf 87' lang='lat' dir='ltr'><strong>locum</strong></span> <span class='ocrx_word' id='word_1_259' title='bbox 1816 2489 2082 2545; x_wconf 79' lang='lat' dir='ltr'><strong>derivata.</strong></span> 
     </span>
    </p>
   </div>
   <div class='ocr_carea' id='block_1_39' title="bbox 504 2577 2085 2659">
    <p class='ocr_par' dir='ltr' id='par_1_39' title="bbox 504 2577 2085 2659">
     <span class='ocr_line' id='line_1_39' title="bbox 504 2577 2085 2659; baseline 0.004 -29"><span class='ocrx_word' id='word_1_260' title='bbox 504 2577 583 2632; x_wconf 85' lang='lat' dir='ltr'><strong>lta</strong></span> <span class='ocrx_word' id='word_1_261' title='bbox 622 2579 904 2659; x_wconf 88' lang='lat' dir='ltr'><strong>hominum</strong></span> <span class='ocrx_word' id='word_1_262' title='bbox 934 2596 1113 2647; x_wconf 87' lang='lat' dir='ltr'><strong>mens,</strong></span> <span class='ocrx_word' id='word_1_263' title='bbox 1145 2583 1189 2636; x_wconf 87' lang='lat' dir='ltr'><strong>si</strong></span> <span class='ocrx_word' id='word_1_264' title='bbox 1256 2583 1462 2653; x_wconf 88' lang='lat' dir='ltr'><strong>passim</strong></span> <span class='ocrx_word' id='word_1_265' title='bbox 1524 2583 1868 2648; x_wconf 76' lang='lat' dir='ltr'><strong>diffunditur,</strong></span> <span class='ocrx_word' id='word_1_266' title='bbox 1910 2597 2085 2653; x_wconf 89' lang='lat' dir='ltr'><strong>eoque</strong></span> 
     </span>
    </p>
   </div>
   <div class='ocr_carea' id='block_1_40' title="bbox 502 2664 2086 2746">
    <p class='ocr_par' dir='ltr' id='par_1_40' title="bbox 502 2664 2086 2746">
     <span class='ocr_line' id='line_1_40' title="bbox 502 2664 2086 2746; baseline 0.003 -22"><span class='ocrx_word' id='word_1_267' title='bbox 502 2664 870 2739; x_wconf 77' lang='lat' dir='ltr'><strong>potiSsinium’,</strong></span> <span class='ocrx_word' id='word_1_268' title='bbox 907 2687 1017 2743; x_wconf 89' lang='lat' dir='ltr'><strong>quo</strong></span> <span class='ocrx_word' id='word_1_269' title='bbox 1053 2674 1335 2731; x_wconf 80' lang='lat' dir='ltr'><strong>sensuum</strong></span> <span class='ocrx_word' id='word_1_270' title='bbox 1366 2674 1640 2731; x_wconf 89' lang='lat' dir='ltr'><strong>illecebris</strong></span> <span class='ocrx_word' id='word_1_271' title='bbox 1670 2674 1902 2745; x_wconf 78' lang='lat' dir='ltr'><strong>rapitur,</strong></span> <span class='ocrx_word' id='word_1_272' title='bbox 1960 2689 2086 2746; x_wconf 82' lang='lat' dir='ltr'><strong>per-</strong></span> 
     </span>
    </p>
   </div>
   <div class='ocr_carea' id='block_1_41' title="bbox 503 2747 2101 2837">
    <p class='ocr_par' dir='ltr' id='par_1_41' title="bbox 503 2747 2101 2837">
     <span class='ocr_line' id='line_1_41' title="bbox 503 2747 2101 2837; baseline 0.001 -20"><span class='ocrx_word' id='word_1_273' title='bbox 503 2770 670 2832; x_wconf 89' lang='lat' dir='ltr'><strong>petuo</strong></span> <span class='ocrx_word' id='word_1_274' title='bbox 708 2761 909 2817; x_wconf 83' lang='lat' dir='ltr'><strong>difﬂuit</strong></span> <span class='ocrx_word' id='word_1_275' title='bbox 961 2754 1048 2819; x_wconf 31' lang='lat' dir='ltr'><strong>ac.</strong></span> <span class='ocrx_word' id='word_1_276' title='bbox 1079 2765 1402 2836; x_wconf 86' lang='lat' dir='ltr'><strong>dissipatur,</strong></span> <span class='ocrx_word' id='word_1_277' title='bbox 1432 2747 1667 2820; x_wconf 77' lang='lat' dir='ltr'><strong>nullam</strong></span> <span class='ocrx_word' id='word_1_278' title='bbox 1727 2762 1884 2837; x_wconf 87' lang='lat' dir='ltr'><strong>plane</strong></span> <span class='ocrx_word' id='word_1_279' title='bbox 1947 2764 2101 2820; x_wconf 81' lang='lat' dir='ltr'><strong>mihi</strong></span> 
     </span>
    </p>
   </div>
   <div class='ocr_carea' id='block_1_42' title="bbox 504 2854 2085 2927">
    <p class='ocr_par' dir='ltr' id='par_1_42' title="bbox 504 2854 2085 2927">
     <span class='ocr_line' id='line_1_42' title="bbox 504 2854 2085 2927; baseline 0.003 -22"><span class='ocrx_word' id='word_1_280' title='bbox 504 2868 757 2924; x_wconf 84' lang='lat' dir='ltr'><strong>magnam</strong></span> <span class='ocrx_word' id='word_1_281' title='bbox 785 2855 893 2909; x_wconf 91' lang='lat' dir='ltr'><strong>vim</strong></span> <span class='ocrx_word' id='word_1_282' title='bbox 924 2854 1125 2911; x_wconf 91' lang='lat' dir='ltr'><strong>habere</strong></span> <span class='ocrx_word' id='word_1_283' title='bbox 1156 2856 1373 2910; x_wconf 89' lang='lat' dir='ltr'><strong>videtur</strong></span> <span class='ocrx_word' id='word_1_284' title='bbox 1416 2856 1484 2910; x_wconf 90' lang='lat' dir='ltr'><strong>ad</strong></span> <span class='ocrx_word' id='word_1_285' title='bbox 1517 2873 1641 2911; x_wconf 92' lang='lat' dir='ltr'><strong>eum</strong></span> <span class='ocrx_word' id='word_1_286' title='bbox 1693 2870 1940 2922; x_wconf 87' lang='lat' dir='ltr'><strong>cursum,</strong></span> <span class='ocrx_word' id='word_1_287' title='bbox 1992 2856 2085 2927; x_wconf 88' lang='lat' dir='ltr'><strong>qui</strong></span> 
     </span>
    </p>
   </div>
   <div class='ocr_carea' id='block_1_43' title="bbox 505 2945 2088 3022">
    <p class='ocr_par' dir='ltr' id='par_1_43' title="bbox 505 2945 2088 3022">
     <span class='ocr_line' id='line_1_43' title="bbox 505 2945 2088 3022; baseline -0.001 -20"><span class='ocrx_word' id='word_1_288' title='bbox 505 2945 573 3005; x_wconf 83' lang='lat' dir='ltr'><strong>ad</strong></span> <span class='ocrx_word' id='word_1_289' title='bbox 605 2960 798 3005; x_wconf 83' lang='lat' dir='ltr'><strong>verum</strong></span> <span class='ocrx_word' id='word_1_290' title='bbox 828 2945 1032 3005; x_wconf 80' lang='lat' dir='ltr'><strong>bonum</strong></span> <span class='ocrx_word' id='word_1_291' title='bbox 1089 2948 1369 3022; x_wconf 76' lang='lat' dir='ltr'><strong>pertinet;</strong></span> <span class='ocrx_word' id='word_1_292' title='bbox 1440 2948 1533 3005; x_wconf 85' lang='lat' dir='ltr'><strong>sed</strong></span> <span class='ocrx_word' id='word_1_293' title='bbox 1567 2947 1613 3003; x_wconf 90' lang='lat' dir='ltr'><strong>si</strong></span> <span class='ocrx_word' id='word_1_294' title='bbox 1671 2948 1915 3018; x_wconf 84' lang='lat' dir='ltr'><strong>undique</strong></span> <span class='ocrx_word' id='word_1_295' title='bbox 1965 2961 2088 3003; x_wconf 87' lang='lat' dir='ltr'><strong>sese</strong></span> 
     </span>
    </p>
   </div>
   <div class='ocr_carea' id='block_1_44' title="bbox 505 3038 2084 3111">
    <p class='ocr_par' dir='ltr' id='par_1_44' title="bbox 505 3038 2084 3111">
     <span class='ocr_line' id='line_1_44' title="bbox 505 3038 2084 3111; baseline -0.007 -14"><span class='ocrx_word' id='word_1_296' title='bbox 505 3043 1010 3111; x_wconf 80' lang='lat' dir='ltr'><strong>collegerit,&#39;atque</strong></span> <span class='ocrx_word' id='word_1_297' title='bbox 1058 3058 1112 3096; x_wconf 80' lang='lat' dir='ltr'><strong>in</strong></span> <span class='ocrx_word' id='word_1_298' title='bbox 1161 3057 1221 3096; x_wconf 85' lang='lat' dir='ltr'><strong>se</strong></span> <span class='ocrx_word' id='word_1_299' title='bbox 1248 3041 1540 3110; x_wconf 87' lang='lat' dir='ltr'><strong>receperit,</strong></span> <span class='ocrx_word' id='word_1_300' title='bbox 1576 3048 1801 3109; x_wconf 84' lang='lat' dir='ltr'><strong>totaque</strong></span> <span class='ocrx_word' id='word_1_301' title='bbox 1838 3038 1905 3093; x_wconf 91' lang='lat' dir='ltr'><strong>ad</strong></span> <span class='ocrx_word' id='word_1_302' title='bbox 1940 3053 2084 3105; x_wconf 80' lang='lat' dir='ltr'><strong>eam,</strong></span> 
     </span>
    </p>
   </div>
   <div class='ocr_carea' id='block_1_45' title="bbox 506 3125 2089 3205">
    <p class='ocr_par' dir='ltr' id='par_1_45' title="bbox 506 3125 2089 3205">
     <span class='ocr_line' id='line_1_45' title="bbox 506 3125 2089 3205; baseline -0.003 -18"><span class='ocrx_word' id='word_1_303' title='bbox 506 3148 631 3204; x_wconf 84' lang='lat' dir='ltr'><strong>quae</strong></span> <span class='ocrx_word' id='word_1_304' title='bbox 669 3133 773 3189; x_wconf 78' lang='lat' dir='ltr'><strong>sibi</strong></span> <span class='ocrx_word' id='word_1_305' title='bbox 818 3125 1047 3204; x_wconf 72' lang='lat' dir='ltr'><strong>propria</strong></span> <span class='ocrx_word' id='word_1_306' title='bbox 1076 3133 1205 3199; x_wconf 52' lang='lat' dir='ltr'><strong>’est,</strong></span> <span class='ocrx_word' id='word_1_307' title='bbox 1238 3126 1319 3187; x_wconf 78' lang='lat' dir='ltr'><strong>ac</strong></span> <span class='ocrx_word' id='word_1_308' title='bbox 1346 3125 1623 3186; x_wconf 76' lang='lat' dir='ltr'><strong>naturalis</strong></span> <span class='ocrx_word' id='word_1_309' title='bbox 1658 3130 1902 3205; x_wconf 83' lang='lat' dir='ltr'><strong>muneris</strong></span> <span class='ocrx_word' id='word_1_310' title='bbox 1964 3129 2089 3183; x_wconf 81' lang='lat' dir='ltr'><strong>fun-</strong></span> 
     </span>
    </p>
   </div>
   <div class='ocr_carea' id='block_1_46' title="bbox 2186 1942 3774 2014">
    <p class='ocr_par' dir='ltr' id='par_1_46' title="bbox 2186 1942 3774 2014">
     <span class='ocr_line' id='line_1_46' title="bbox 2186 1942 3774 2014; baseline 0 -16"><span class='ocrx_word' id='word_1_311' title='bbox 2186 1961 2282 2012; x_wconf 89' lang='grc' dir='ltr'><strong>γον</strong></span> <span class='ocrx_word' id='word_1_312' title='bbox 2311 1944 2371 1996; x_wconf 73' lang='grc' dir='ltr'><strong>τὸ</strong></span> <span class='ocrx_word' id='word_1_313' title='bbox 2406 1943 2466 1997; x_wconf 82' lang='grc' dir='ltr'><strong>ὲν</strong></span> <span class='ocrx_word' id='word_1_314' title='bbox 2497 1944 2732 2013; x_wconf 80' lang='grc' dir='ltr'><strong>ἑκάστῳ,</strong></span> <span class='ocrx_word' id='word_1_315' title='bbox 2780 1944 2874 1995; x_wconf 79' lang='grc' dir='ltr'><strong>καὶ</strong></span> <span class='ocrx_word' id='word_1_316' title='bbox 2912 1942 3164 2013; x_wconf 80' lang='grc' dir='ltr'><strong>ἀδρανὲς,</strong></span> <span class='ocrx_word' id='word_1_317' title='bbox 3199 1943 3292 1997; x_wconf 78' lang='grc' dir='ltr'><strong>καὶ</strong></span> <span class='ocrx_word' id='word_1_318' title='bbox 3324 1942 3645 2014; x_wconf 76' lang='grc' dir='ltr'><strong>δυσκίνητον</strong></span> <span class='ocrx_word' id='word_1_319' title='bbox 3666 1944 3774 1998; x_wconf 78' lang='grc' dir='ltr'><strong>ὑπὸ</strong></span> 
     </span>
    </p>
   </div>
   <div class='ocr_carea' id='block_1_47' title="bbox 2186 2032 3775 2104">
    <p class='ocr_par' dir='ltr' id='par_1_47' title="bbox 2186 2032 3775 2104">
     <span class='ocr_line' id='line_1_47' title="bbox 2186 2032 3775 2104; baseline -0.001 -15"><span class='ocrx_word' id='word_1_320' title='bbox 2186 2034 2400 2097; x_wconf 79' lang='grc' dir='ltr'><strong>ἀτονίας</strong></span> <span class='ocrx_word' id='word_1_321' title='bbox 2420 2034 2698 2104; x_wconf 78' lang='grc' dir='ltr'><strong>ποιούσης·</strong></span> <span class='ocrx_word' id='word_1_322' title='bbox 2728 2035 2776 2087; x_wconf 89' lang='grc' dir='ltr'><strong>εί</strong></span> <span class='ocrx_word' id='word_1_323' title='bbox 2801 2034 2857 2087; x_wconf 76' lang='grc' dir='ltr'><strong>δέ</strong></span> <span class='ocrx_word' id='word_1_324' title='bbox 2886 2050 2967 2090; x_wconf 83' lang='grc' dir='ltr'><strong>τις</strong></span> <span class='ocrx_word' id='word_1_325' title='bbox 2995 2033 3174 2097; x_wconf 83' lang='grc' dir='ltr'><strong>πάσας</strong></span> <span class='ocrx_word' id='word_1_326' title='bbox 3194 2032 3359 2088; x_wconf 76' lang='grc' dir='ltr'><strong>αὐτοῦ</strong></span> <span class='ocrx_word' id='word_1_327' title='bbox 3386 2032 3483 2097; x_wconf 80' lang='grc' dir='ltr'><strong>τὰς</strong></span> <span class='ocrx_word' id='word_1_328' title='bbox 3504 2033 3775 2099; x_wconf 75' lang='grc' dir='ltr'><strong>ἀτάκτως</strong></span> 
     </span>
    </p>
   </div>
   <div class='ocr_carea' id='block_1_48' title="bbox 2187 2126 3774 2200">
    <p class='ocr_par' dir='ltr' id='par_1_48' title="bbox 2187 2126 3774 2200">
     <span class='ocr_line' id='line_1_48' title="bbox 2187 2126 3774 2200; baseline 0 -19"><span class='ocrx_word' id='word_1_329' title='bbox 2187 2128 2464 2200; x_wconf 78' lang='grc' dir='ltr'><strong>ἀπορροάς</strong></span> <span class='ocrx_word' id='word_1_330' title='bbox 2499 2127 2820 2196; x_wconf 77' lang='grc' dir='ltr'><strong>συναγάγοι,</strong></span> <span class='ocrx_word' id='word_1_331' title='bbox 2855 2128 2948 2180; x_wconf 72' lang='grc' dir='ltr'><strong>καὶ</strong></span> <span class='ocrx_word' id='word_1_332' title='bbox 2983 2128 3062 2191; x_wconf 82' lang='grc' dir='ltr'><strong>εἰς</strong></span> <span class='ocrx_word' id='word_1_333' title='bbox 3095 2127 3151 2179; x_wconf 79' lang='grc' dir='ltr'><strong>ἓν</strong></span> <span class='ocrx_word' id='word_1_334' title='bbox 3188 2127 3402 2197; x_wconf 77' lang='grc' dir='ltr'><strong>ῥεῖθρον</strong></span> <span class='ocrx_word' id='word_1_335' title='bbox 3434 2126 3494 2179; x_wconf 77' lang='grc' dir='ltr'><strong>τὸ</strong></span> <span class='ocrx_word' id='word_1_336' title='bbox 3526 2126 3774 2198; x_wconf 83' lang='grc' dir='ltr'><strong>πολλαχῆ</strong></span> 
     </span>
    </p>
   </div>
   <div class='ocr_carea' id='block_1_49' title="bbox 2187 2204 3777 2290">
    <p class='ocr_par' dir='ltr' id='par_1_49' title="bbox 2187 2204 3777 2290">
     <span class='ocr_line' id='line_1_49' title="bbox 2187 2204 3777 2290; baseline -0.001 -17"><span class='ocrx_word' id='word_1_337' title='bbox 2187 2219 2324 2283; x_wconf 81' lang='grc' dir='ltr'><strong>τέως</strong></span> <span class='ocrx_word' id='word_1_338' title='bbox 2355 2209 2751 2290; x_wconf 73' lang='grc' dir='ltr'><strong>ἐσκεδασμένον</strong></span> <span class='ocrx_word' id='word_1_339' title='bbox 2777 2204 3103 2290; x_wconf 86' lang='grc' dir='ltr'><strong>ἀθροίσειεν,</strong></span> <span class='ocrx_word' id='word_1_340' title='bbox 3132 2219 3213 2284; x_wconf 85' lang='grc' dir='ltr'><strong>είς</strong></span> <span class='ocrx_word' id='word_1_341' title='bbox 3243 2218 3409 2272; x_wconf 84' lang='grc' dir='ltr'><strong>πολλὰ</strong></span> <span class='ocrx_word' id='word_1_342' title='bbox 3436 2218 3500 2272; x_wconf 85' lang='grc' dir='ltr'><strong>ἂν</strong></span> <span class='ocrx_word' id='word_1_343' title='bbox 3512 2218 3620 2272; x_wconf 85' lang='grc' dir='ltr'><strong>τῶν</strong></span> <span class='ocrx_word' id='word_1_344' title='bbox 3642 2218 3777 2289; x_wconf 79' lang='grc' dir='ltr'><strong>βιω-</strong></span> 
     </span>
    </p>
   </div>
   <div class='ocr_carea' id='block_1_50' title="bbox 2190 2292 3776 2383">
    <p class='ocr_par' dir='ltr' id='par_1_50' title="bbox 2190 2292 3776 2383">
     <span class='ocr_line' id='line_1_50' title="bbox 2190 2292 3776 2383; baseline -0.001 -19"><span class='ocrx_word' id='word_1_345' title='bbox 2190 2298 2365 2380; x_wconf 85' lang='grc' dir='ltr'><strong>φελῶν</strong></span> <span class='ocrx_word' id='word_1_346' title='bbox 2393 2313 2486 2365; x_wconf 74' lang='grc' dir='ltr'><strong>καὶ</strong></span> <span class='ocrx_word' id='word_1_347' title='bbox 2532 2310 2819 2383; x_wconf 87' lang='grc' dir='ltr'><strong>χρησίμων</strong></span> <span class='ocrx_word' id='word_1_348' title='bbox 2865 2309 3046 2381; x_wconf 85' lang='grc' dir='ltr'><strong>ἀθρόῳ</strong></span> <span class='ocrx_word' id='word_1_349' title='bbox 3085 2311 3177 2364; x_wconf 61' lang='grc' dir='ltr'><strong>καὶ¹</strong></span> <span class='ocrx_word' id='word_1_350' title='bbox 3238 2292 3658 2381; x_wconf 64' lang='grc' dir='ltr'><strong>συντεταγμένῳ</strong></span> <span class='ocrx_word' id='word_1_351' title='bbox 3696 2309 3776 2381; x_wconf 80' lang='grc' dir='ltr'><strong>τῷ</strong></span> 
     </span>
    </p>
   </div>
   <div class='ocr_carea' id='block_1_51' title="bbox 2192 2400 3780 2481">
    <p class='ocr_par' dir='ltr' id='par_1_51' title="bbox 2192 2400 3780 2481">
     <span class='ocr_line' id='line_1_51' title="bbox 2192 2400 3780 2481; baseline -0.003 -23"><span class='ocrx_word' id='word_1_352' title='bbox 2192 2404 2340 2458; x_wconf 74' lang='grc' dir='ltr'><strong>ὕδατι</strong></span> <span class='ocrx_word' id='word_1_353' title='bbox 2356 2405 2635 2475; x_wconf 78' lang='grc' dir='ltr'><strong>χρήσαιτο.</strong></span> <span class='ocrx_word' id='word_1_354' title='bbox 2666 2402 2822 2457; x_wconf 74' lang='grc' dir='ltr'><strong>Οὕτω</strong></span> <span class='ocrx_word' id='word_1_355' title='bbox 2862 2421 2951 2474; x_wconf 86' lang='grc' dir='ltr'><strong>μοι</strong></span> <span class='ocrx_word' id='word_1_356' title='bbox 2980 2403 3126 2456; x_wconf 84' lang='grc' dir='ltr'><strong>δοκεῖ</strong></span> <span class='ocrx_word' id='word_1_357' title='bbox 3178 2402 3272 2456; x_wconf 76' lang='grc' dir='ltr'><strong>καὶ</strong></span> <span class='ocrx_word' id='word_1_358' title='bbox 3299 2404 3327 2456; x_wconf 84' lang='grc' dir='ltr'><strong>ό</strong></span> <span class='ocrx_word' id='word_1_359' title='bbox 3356 2400 3482 2481; x_wconf 78' lang='grc' dir='ltr'><strong>νοῦς</strong></span> <span class='ocrx_word' id='word_1_360' title='bbox 3509 2402 3538 2454; x_wconf 85' lang='grc' dir='ltr'><strong>ό</strong></span> <span class='ocrx_word' id='word_1_361' title='bbox 3570 2400 3780 2473; x_wconf 79' lang='grc' dir='ltr'><strong>ἀνθρώ-</strong></span> 
     </span>
    </p>
   </div>
   <div class='ocr_carea' id='block_1_52' title="bbox 2192 2493 3777 2566">
    <p class='ocr_par' dir='ltr' id='par_1_52' title="bbox 2192 2493 3777 2566">
     <span class='ocr_line' id='line_1_52' title="bbox 2192 2493 3777 2566; baseline -0.002 -16"><span class='ocrx_word' id='word_1_362' title='bbox 2192 2513 2364 2560; x_wconf 84' lang='grc' dir='ltr'><strong>πινος,</strong></span> <span class='ocrx_word' id='word_1_363' title='bbox 2406 2497 2455 2549; x_wconf 80' lang='grc' dir='ltr'><strong>εἰ</strong></span> <span class='ocrx_word' id='word_1_364' title='bbox 2507 2496 2604 2566; x_wconf 77' lang='grc' dir='ltr'><strong>μὲν</strong></span> <span class='ocrx_word' id='word_1_365' title='bbox 2652 2494 2926 2566; x_wconf 83' lang='grc' dir='ltr'><strong>πανταχοῦ</strong></span> <span class='ocrx_word' id='word_1_366' title='bbox 2956 2494 3239 2564; x_wconf 82' lang='grc' dir='ltr'><strong>διαχέοιτο,</strong></span> <span class='ocrx_word' id='word_1_367' title='bbox 3276 2494 3411 2565; x_wconf 78' lang='grc' dir='ltr'><strong>πρὸς</strong></span> <span class='ocrx_word' id='word_1_368' title='bbox 3449 2494 3510 2546; x_wconf 82' lang='grc' dir='ltr'><strong>τδ</strong></span> <span class='ocrx_word' id='word_1_369' title='bbox 3542 2493 3777 2565; x_wconf 79' lang='grc' dir='ltr'><strong>ἀρέσκον</strong></span> 
     </span>
    </p>
   </div>
   <div class='ocr_carea' id='block_1_53' title="bbox 2192 2576 3781 2659">
    <p class='ocr_par' dir='ltr' id='par_1_53' title="bbox 2192 2576 3781 2659">
     <span class='ocr_line' id='line_1_53' title="bbox 2192 2576 3781 2659; baseline -0.002 -17"><span class='ocrx_word' id='word_1_370' title='bbox 2192 2589 2279 2642; x_wconf 68' lang='grc' dir='ltr'><strong>ἀεὶ</strong></span> <span class='ocrx_word' id='word_1_371' title='bbox 2307 2590 2421 2652; x_wconf 87' lang='grc' dir='ltr'><strong>τοῖς</strong></span> <span class='ocrx_word' id='word_1_372' title='bbox 2460 2587 2834 2659; x_wconf 71' lang='grc' dir='ltr'><strong>αἰσθητηρίοις</strong></span> <span class='ocrx_word' id='word_1_373' title='bbox 2875 2576 3012 2659; x_wconf 79' lang='grc' dir='ltr'><strong>ῥέων</strong></span> <span class='ocrx_word' id='word_1_374' title='bbox 3060 2586 3154 2640; x_wconf 74' lang='grc' dir='ltr'><strong>καὶ</strong></span> <span class='ocrx_word' id='word_1_375' title='bbox 3204 2584 3649 2655; x_wconf 76' lang='grc' dir='ltr'><strong>σκεδαννύμενος,</strong></span> <span class='ocrx_word' id='word_1_376' title='bbox 3682 2602 3781 2656; x_wconf 81' lang='grc' dir='ltr'><strong>μη·</strong></span> 
     </span>
    </p>
   </div>
   <div class='ocr_carea' id='block_1_54' title="bbox 2192 2674 3781 2749">
    <p class='ocr_par' dir='ltr' id='par_1_54' title="bbox 2192 2674 3781 2749">
     <span class='ocr_line' id='line_1_54' title="bbox 2192 2674 3781 2749; baseline -0.002 -18"><span class='ocrx_word' id='word_1_377' title='bbox 2192 2677 2381 2748; x_wconf 83' lang='grc' dir='ltr'><strong>δεμίαν</strong></span> <span class='ocrx_word' id='word_1_378' title='bbox 2412 2676 2690 2747; x_wconf 78' lang='grc' dir='ltr'><strong>ἀξιόλογον</strong></span> <span class='ocrx_word' id='word_1_379' title='bbox 2726 2678 2954 2749; x_wconf 88' lang='grc' dir='ltr'><strong>δύναμιν</strong></span> <span class='ocrx_word' id='word_1_380' title='bbox 2984 2676 3153 2747; x_wconf 72' lang='grc' dir='ltr'><strong>ἴσχειν</strong></span> <span class='ocrx_word' id='word_1_381' title='bbox 3186 2676 3325 2747; x_wconf 80' lang='grc' dir='ltr'><strong>πρὸς</strong></span> <span class='ocrx_word' id='word_1_382' title='bbox 3360 2676 3456 2744; x_wconf 81' lang='grc' dir='ltr'><strong>τὴν</strong></span> <span class='ocrx_word' id='word_1_383' title='bbox 3481 2675 3573 2728; x_wconf 73' lang='grc' dir='ltr'><strong>ἐπὶ</strong></span> <span class='ocrx_word' id='word_1_384' title='bbox 3605 2674 3665 2727; x_wconf 76' lang='grc' dir='ltr'><strong>τὸ</strong></span> <span class='ocrx_word' id='word_1_385' title='bbox 3690 2674 3781 2728; x_wconf 77' lang='grc' dir='ltr'><strong>δν-</strong></span> 
     </span>
    </p>
   </div>
   <div class='ocr_carea' id='block_1_55' title="bbox 2196 2761 3776 2843">
    <p class='ocr_par' dir='ltr' id='par_1_55' title="bbox 2196 2761 3776 2843">
     <span class='ocr_line' id='line_1_55' title="bbox 2196 2761 3776 2843; baseline -0.003 -20"><span class='ocrx_word' id='word_1_386' title='bbox 2196 2761 2298 2834; x_wconf 82' lang='grc' dir='ltr'><strong>τως</strong></span> <span class='ocrx_word' id='word_1_387' title='bbox 2325 2768 2528 2839; x_wconf 73' lang='grc' dir='ltr'><strong>ἀγαθὸν</strong></span> <span class='ocrx_word' id='word_1_388' title='bbox 2562 2770 2788 2842; x_wconf 85' lang='grc' dir='ltr'><strong>πορείαν</strong></span> <span class='ocrx_word' id='word_1_389' title='bbox 2814 2785 2827 2799; x_wconf 85' lang='grc'>⁶</span> <span class='ocrx_word' id='word_1_390' title='bbox 2872 2772 2919 2823; x_wconf 87' lang='grc' dir='ltr'><strong>εί</strong></span> <span class='ocrx_word' id='word_1_391' title='bbox 2959 2770 3015 2825; x_wconf 79' lang='grc' dir='ltr'><strong>δὲ</strong></span> <span class='ocrx_word' id='word_1_392' title='bbox 3061 2767 3395 2839; x_wconf 84' lang='grc' dir='ltr'><strong>πανταχόθεν</strong></span> <span class='ocrx_word' id='word_1_393' title='bbox 3433 2764 3776 2843; x_wconf 76' lang='grc' dir='ltr'><strong>ἀνακληθεὶς,</strong></span> 
     </span>
    </p>
   </div>
   <div class='ocr_carea' id='block_1_56' title="bbox 2193 2844 3779 2939">
    <p class='ocr_par' dir='ltr' id='par_1_56' title="bbox 2193 2844 3779 2939">
     <span class='ocr_line' id='line_1_56' title="bbox 2193 2844 3779 2939; baseline -0.004 -24"><span class='ocrx_word' id='word_1_394' title='bbox 2193 2856 2437 2934; x_wconf 73' lang='grc' dir='ltr'><strong>καὶπερὶ</strong></span> <span class='ocrx_word' id='word_1_395' title='bbox 2459 2861 2650 2915; x_wconf 74' lang='grc' dir='ltr'><strong>ἑαυτὸν</strong></span> <span class='ocrx_word' id='word_1_396' title='bbox 2672 2861 2999 2939; x_wconf 73' lang='grc' dir='ltr'><strong>ἀθροισθεὶς,</strong></span> <span class='ocrx_word' id='word_1_397' title='bbox 3015 2859 3364 2939; x_wconf 46' lang='grc' dir='ltr'><strong>ίσυνηγμένος</strong></span> <span class='ocrx_word' id='word_1_398' title='bbox 3384 2858 3478 2911; x_wconf 60' lang='grc' dir='ltr'><strong>καὶ</strong></span> <span class='ocrx_word' id='word_1_399' title='bbox 3495 2844 3779 2927; x_wconf 73' lang='grc' dir='ltr'><strong>ἀδιάχυτος</strong></span> 
     </span>
    </p>
   </div>
   <div class='ocr_carea' id='block_1_57' title="bbox 2195 2950 3782 3027">
    <p class='ocr_par' dir='ltr' id='par_1_57' title="bbox 2195 2950 3782 3027">
     <span class='ocr_line' id='line_1_57' title="bbox 2195 2950 3782 3027; baseline -0.003 -20"><span class='ocrx_word' id='word_1_400' title='bbox 2195 2954 2330 3027; x_wconf 82' lang='grc' dir='ltr'><strong>πρὸς</strong></span> <span class='ocrx_word' id='word_1_401' title='bbox 2346 2954 2444 3024; x_wconf 83' lang='grc' dir='ltr'><strong>τὴν</strong></span> <span class='ocrx_word' id='word_1_402' title='bbox 2473 2954 2679 3008; x_wconf 84' lang='grc' dir='ltr'><strong>οἰκείαν</strong></span> <span class='ocrx_word' id='word_1_403' title='bbox 2714 2953 2890 3025; x_wconf 77' lang='grc' dir='ltr'><strong>ἐαυτῷ</strong></span> <span class='ocrx_word' id='word_1_404' title='bbox 2910 2955 3005 3007; x_wconf 76' lang='grc' dir='ltr'><strong>καὶ</strong></span> <span class='ocrx_word' id='word_1_405' title='bbox 3037 2952 3179 3007; x_wconf 72' lang='grc' dir='ltr'><strong>κατὰ</strong></span> <span class='ocrx_word' id='word_1_406' title='bbox 3201 2951 3364 3021; x_wconf 78' lang='grc' dir='ltr'><strong>φύσιν</strong></span> <span class='ocrx_word' id='word_1_407' title='bbox 3393 2950 3674 3021; x_wconf 76' lang='grc' dir='ltr'><strong>ἐνέργειαν</strong></span> <span class='ocrx_word' id='word_1_408' title='bbox 3697 2967 3782 3002; x_wconf 83' lang='grc' dir='ltr'><strong>κι-</strong></span> 
     </span>
    </p>
   </div>
   <div class='ocr_carea' id='block_1_58' title="bbox 2194 3041 3783 3111">
    <p class='ocr_par' dir='ltr' id='par_1_58' title="bbox 2194 3041 3783 3111">
     <span class='ocr_line' id='line_1_58' title="bbox 2194 3041 3783 3111; baseline -0.004 -11"><span class='ocrx_word' id='word_1_409' title='bbox 2194 3049 2355 3111; x_wconf 86' lang='grc' dir='ltr'><strong>νοῖτο,</strong></span> <span class='ocrx_word' id='word_1_410' title='bbox 2380 3046 2532 3099; x_wconf 72' lang='grc' dir='ltr'><strong>οὐδὲν</strong></span> <span class='ocrx_word' id='word_1_411' title='bbox 2554 3046 2616 3098; x_wconf 84' lang='grc' dir='ltr'><strong>τὸ</strong></span> <span class='ocrx_word' id='word_1_412' title='bbox 2645 3045 2853 3099; x_wconf 84' lang='grc' dir='ltr'><strong>κωλύον</strong></span> <span class='ocrx_word' id='word_1_413' title='bbox 2886 3046 3048 3099; x_wconf 81' lang='grc' dir='ltr'><strong>αὐτὸν</strong></span> <span class='ocrx_word' id='word_1_414' title='bbox 3065 3044 3218 3098; x_wconf 80' lang='grc' dir='ltr'><strong>ἔσται</strong></span> <span class='ocrx_word' id='word_1_415' title='bbox 3247 3043 3384 3111; x_wconf 83' lang='grc' dir='ltr'><strong>πρὸς</strong></span> <span class='ocrx_word' id='word_1_416' title='bbox 3405 3042 3473 3095; x_wconf 80' lang='grc' dir='ltr'><strong>τὰ</strong></span> <span class='ocrx_word' id='word_1_417' title='bbox 3494 3041 3605 3096; x_wconf 80' lang='grc' dir='ltr'><strong>ἄνω</strong></span> <span class='ocrx_word' id='word_1_418' title='bbox 3624 3041 3783 3111; x_wconf 80' lang='grc' dir='ltr'><strong>φέρε-</strong></span> 
     </span>
    </p>
   </div>
   <div class='ocr_carea' id='block_1_59' title="bbox 2144 3129 3785 3211">
    <p class='ocr_par' dir='ltr' id='par_1_59' title="bbox 2144 3129 3785 3211">
     <span class='ocr_line' id='line_1_59' title="bbox 2144 3129 3785 3211; baseline -0.002 -23"><span class='ocrx_word' id='word_1_419' title='bbox 2144 3196 2174 3211; x_wconf 33' lang='grc' dir='ltr'><strong>,η</strong></span> <span class='ocrx_word' id='word_1_420' title='bbox 2198 3135 2344 3200; x_wconf 86' lang='grc' dir='ltr'><strong>σθαι,</strong></span> <span class='ocrx_word' id='word_1_421' title='bbox 2366 3135 2460 3188; x_wconf 80' lang='grc' dir='ltr'><strong>καὶ</strong></span> <span class='ocrx_word' id='word_1_422' title='bbox 2490 3137 2588 3206; x_wconf 84' lang='grc' dir='ltr'><strong>τῆς</strong></span> <span class='ocrx_word' id='word_1_423' title='bbox 2616 3135 2870 3206; x_wconf 80' lang='grc' dir='ltr'><strong>ἀληθείας</strong></span> <span class='ocrx_word' id='word_1_424' title='bbox 2898 3134 3007 3188; x_wconf 84' lang='grc' dir='ltr'><strong>τῶν</strong></span> <span class='ocrx_word' id='word_1_425' title='bbox 3022 3135 3189 3187; x_wconf 76' lang='grc' dir='ltr'><strong>ὄντων</strong></span> <span class='ocrx_word' id='word_1_426' title='bbox 3210 3132 3568 3201; x_wconf 73' lang='grc' dir='ltr'><strong>ἐφάπτεσθαι.</strong></span> <span class='ocrx_word' id='word_1_427' title='bbox 3597 3129 3785 3184; x_wconf 81' lang='grc' dir='ltr'><strong>Καθά-</strong></span> 
     </span>
    </p>
   </div>
   <div class='ocr_carea' id='block_1_60' title="bbox 507 3208 2092 3307">
    <p class='ocr_par' dir='ltr' id='par_1_60' title="bbox 507 3208 2092 3307">
     <span class='ocr_line' id='line_1_60' title="bbox 507 3208 2092 3307; baseline -0.002 -33"><span class='ocrx_word' id='word_1_428' title='bbox 507 3220 745 3307; x_wconf 69' lang='lat' dir='ltr'><strong>ctionept</strong></span> <span class='ocrx_word' id='word_1_429' title='bbox 777 3221 1111 3290; x_wconf 87' lang='lat' dir='ltr'><strong>impellatur,</strong></span> <span class='ocrx_word' id='word_1_430' title='bbox 1135 3220 1274 3276; x_wconf 88' lang='lat' dir='ltr'><strong>nihil</strong></span> <span class='ocrx_word' id='word_1_431' title='bbox 1300 3208 1938 3299; x_wconf 77' lang='lat' dir='ltr'><strong>quidemimpedimento</strong></span> <span class='ocrx_word' id='word_1_432' title='bbox 1963 3215 2092 3286; x_wconf 79' lang='lat' dir='ltr'><strong>erit,</strong></span> 
     </span>
    </p>
   </div>
   <div class='ocr_carea' id='block_1_61' title="bbox 2193 3208 3784 3307">
    <p class='ocr_par' dir='ltr' id='par_1_61' title="bbox 2196 3220 3784 3303">
     <span class='ocr_line' id='line_1_61' title="bbox 2196 3220 3784 3303; baseline -0.001 -28"><span class='ocrx_word' id='word_1_433' title='bbox 2196 3222 2438 3302; x_wconf 47' lang='lat' dir='ltr'><strong>stt-pqae</strong></span> <span class='ocrx_word' id='word_1_434' title='bbox 2464 3222 2526 3300; x_wconf 67' lang='grc' dir='ltr'><strong>το</strong></span> <span class='ocrx_word' id='word_1_435' title='bbox 2565 3223 3092 3303; x_wconf 66' lang='grc' dir='ltr'><strong>περἰεστεγασμένον</strong></span> <span class='ocrx_word' id='word_1_436' title='bbox 3135 3221 3491 3297; x_wconf 79' lang='grc' dir='ltr'><strong>διὰ”σῳλῆνος</strong></span> <span class='ocrx_word' id='word_1_437' title='bbox 3518 3220 3661 3291; x_wconf 83' lang='grc' dir='ltr'><strong>ὕδωρ</strong></span> <span class='ocrx_word' id='word_1_438' title='bbox 3686 3220 3784 3292; x_wconf 80' lang='grc' dir='ltr'><strong>δρ-</strong></span> 
     </span>
    </p>
   </div>
   <div class='ocr_carea' id='block_1_62' title="bbox 507 3312 2085 3387">
    <p class='ocr_par' dir='ltr' id='par_1_62' title="bbox 507 3312 2085 3387">
     <span class='ocr_line' id='line_1_62' title="bbox 507 3312 2085 3387; baseline -0.004 -18"><span class='ocrx_word' id='word_1_439' title='bbox 507 3317 809 3387; x_wconf 76' lang='lat' dir='ltr'><strong>qudminus</strong></span> <span class='ocrx_word' id='word_1_440' title='bbox 872 3313 941 3368; x_wconf 89' lang='lat' dir='ltr'><strong>ad</strong></span> <span class='ocrx_word' id='word_1_441' title='bbox 1000 3313 1287 3383; x_wconf 86' lang='lat' dir='ltr'><strong>superiora</strong></span> <span class='ocrx_word' id='word_1_442' title='bbox 1358 3312 1591 3375; x_wconf 85' lang='lat' dir='ltr'><strong>feratur,</strong></span> <span class='ocrx_word' id='word_1_443' title='bbox 1654 3318 1819 3381; x_wconf 91' lang='lat' dir='ltr'><strong>atque</strong></span> <span class='ocrx_word' id='word_1_444' title='bbox 1877 3325 2085 3374; x_wconf 88' lang='lat' dir='ltr'><strong>rerum,</strong></span> 
     </span>
    </p>
   </div>
   <div class='ocr_carea' id='block_1_63' title="bbox 508 3398 2091 3483">
    <p class='ocr_par' dir='ltr' id='par_1_63' title="bbox 508 3398 2091 3483">
     <span class='ocr_line' id='line_1_63' title="bbox 508 3398 2091 3483; baseline -0.006 -20"><span class='ocrx_word' id='word_1_445' title='bbox 508 3422 631 3481; x_wconf 78' lang='lat' dir='ltr'><strong>quae</strong></span> <span class='ocrx_word' id='word_1_446' title='bbox 650 3398 1273 3483; x_wconf 66' lang='lat' dir='ltr'><strong>vere‘sunt,&#39;veritatem</strong></span> <span class='ocrx_word' id='word_1_447' title='bbox 1308 3402 1562 3483; x_wconf 78' lang='lat' dir='ltr'><strong>attingat.</strong></span> <span class='ocrx_word' id='word_1_448' title='bbox 1594 3400 1661 3457; x_wconf 92' lang='lat' dir='ltr'><strong>Ut</strong></span> <span class='ocrx_word' id='word_1_449' title='bbox 1699 3402 1844 3481; x_wconf 84' lang='lat' dir='ltr'><strong>enim</strong></span> <span class='ocrx_word' id='word_1_450' title='bbox 1892 3414 2091 3471; x_wconf 84' lang='lat' dir='ltr'><strong>magna</strong></span> 
     </span>
    </p>
   </div>
   <div class='ocr_carea' id='block_1_64' title="bbox 510 3479 2087 3571">
    <p class='ocr_par' dir='ltr' id='par_1_64' title="bbox 510 3479 2087 3571">
     <span class='ocr_line' id='line_1_64' title="bbox 510 3479 2087 3571; baseline -0.004 -16"><span class='ocrx_word' id='word_1_451' title='bbox 510 3479 665 3571; x_wconf 74' lang='lat' dir='ltr'><strong>aqua:</strong></span> <span class='ocrx_word' id='word_1_452' title='bbox 686 3480 785 3555; x_wconf 26' lang='lat' dir='ltr'><strong>vis.</strong></span> <span class='ocrx_word' id='word_1_453' title='bbox 804 3513 961 3569; x_wconf 82' lang='lat' dir='ltr'><strong>aquae</strong></span> <span class='ocrx_word' id='word_1_454' title='bbox 987 3480 1249 3553; x_wconf 87' lang='lat' dir='ltr'><strong>ductibus</strong></span> <span class='ocrx_word' id='word_1_455' title='bbox 1280 3479 1497 3550; x_wconf 76' lang='lat' dir='ltr'><strong>obtecta</strong></span> <span class='ocrx_word' id='word_1_456' title='bbox 1521 3479 1576 3550; x_wconf 85' lang='lat' dir='ltr'><strong>et</strong></span> <span class='ocrx_word' id='word_1_457' title='bbox 1605 3479 1887 3557; x_wconf 72' lang='lat' dir='ltr'><strong>conclusa,</strong></span> <span class='ocrx_word' id='word_1_458' title='bbox 1924 3508 2087 3563; x_wconf 77' lang='lat' dir='ltr'><strong>saepe,</strong></span> 
     </span>
    </p>
   </div>
   <div class='ocr_carea' id='block_1_65' title="bbox 510 3580 2105 3657">
    <p class='ocr_par' dir='ltr' id='par_1_65' title="bbox 510 3580 2105 3657">
     <span class='ocr_line' id='line_1_65' title="bbox 510 3580 2105 3657; baseline -0.007 -7"><span class='ocrx_word' id='word_1_459' title='bbox 510 3609 633 3650; x_wconf 89' lang='lat' dir='ltr'><strong>cum</strong></span> <span class='ocrx_word' id='word_1_460' title='bbox 659 3592 742 3648; x_wconf 88' lang='lat' dir='ltr'><strong>vis</strong></span> <span class='ocrx_word' id='word_1_461' title='bbox 796 3590 891 3646; x_wconf 87' lang='lat' dir='ltr'><strong>illa</strong></span> <span class='ocrx_word' id='word_1_462' title='bbox 947 3595 1221 3657; x_wconf 87' lang='lat' dir='ltr'><strong>erumpat,</strong></span> <span class='ocrx_word' id='word_1_463' title='bbox 1283 3589 1339 3642; x_wconf 94' lang='lat' dir='ltr'><strong>in</strong></span> <span class='ocrx_word' id='word_1_464' title='bbox 1394 3587 1629 3643; x_wconf 90' lang='lat' dir='ltr'><strong>sublime</strong></span> <span class='ocrx_word' id='word_1_465' title='bbox 1699 3580 1894 3651; x_wconf 63' lang='lat' dir='ltr'><strong>fertur;</strong></span> <span class='ocrx_word' id='word_1_466' title='bbox 1953 3582 2105 3657; x_wconf 76' lang='grc' dir='ltr'><strong>(μιοέ</strong></span> 
     </span>
    </p>
   </div>
   <div class='ocr_carea' id='block_1_66' title="bbox 509 3675 2089 3749">
    <p class='ocr_par' dir='ltr' id='par_1_66' title="bbox 509 3675 2089 3749">
     <span class='ocr_line' id='line_1_66' title="bbox 509 3675 2089 3749; baseline -0.006 -10"><span class='ocrx_word' id='word_1_467' title='bbox 509 3685 658 3740; x_wconf 89' lang='lat' dir='ltr'><strong>niam</strong></span> <span class='ocrx_word' id='word_1_468' title='bbox 718 3697 831 3737; x_wconf 91' lang='lat' dir='ltr'><strong>non</strong></span> <span class='ocrx_word' id='word_1_469' title='bbox 884 3681 1050 3735; x_wconf 89' lang='lat' dir='ltr'><strong>habet</strong></span> <span class='ocrx_word' id='word_1_470' title='bbox 1107 3693 1215 3749; x_wconf 91' lang='lat' dir='ltr'><strong>qua</strong></span> <span class='ocrx_word' id='word_1_471' title='bbox 1285 3675 1644 3742; x_wconf 69' lang='lat' dir='ltr'><strong>diffundatur,</strong></span> <span class='ocrx_word' id='word_1_472' title='bbox 1726 3675 1891 3746; x_wconf 87' lang='lat' dir='ltr'><strong>idque</strong></span> <span class='ocrx_word' id='word_1_473' title='bbox 1964 3690 2089 3730; x_wconf 90' lang='lat' dir='ltr'><strong>cum</strong></span> 
     </span>
    </p>
   </div>
   <div class='ocr_carea' id='block_1_67' title="bbox 512 3764 2088 3842">
    <p class='ocr_par' dir='ltr' id='par_1_67' title="bbox 512 3764 2088 3842">
     <span class='ocr_line' id='line_1_67' title="bbox 512 3764 2088 3842; baseline -0.005 -12"><span class='ocrx_word' id='word_1_474' title='bbox 512 3764 695 3830; x_wconf 77' lang='lat' dir='ltr'><strong>motus</strong></span> <span class='ocrx_word' id='word_1_475' title='bbox 719 3766 840 3842; x_wconf 75' lang='lat' dir='ltr'><strong>eius</strong></span> <span class='ocrx_word' id='word_1_476' title='bbox 870 3771 1143 3825; x_wconf 71' lang='lat' dir='ltr'><strong>naturalis</strong></span> <span class='ocrx_word' id='word_1_477' title='bbox 1182 3770 1275 3824; x_wconf 91' lang='lat' dir='ltr'><strong>ille</strong></span> <span class='ocrx_word' id='word_1_478' title='bbox 1318 3770 1411 3837; x_wconf 89' lang='lat' dir='ltr'><strong>sit,</strong></span> <span class='ocrx_word' id='word_1_479' title='bbox 1472 3775 1533 3822; x_wconf 94' lang='lat' dir='ltr'><strong>ut</strong></span> <span class='ocrx_word' id='word_1_480' title='bbox 1560 3768 1818 3822; x_wconf 86' lang='lat' dir='ltr'><strong>deorsum</strong></span> <span class='ocrx_word' id='word_1_481' title='bbox 1849 3766 2088 3822; x_wconf 80' lang='lat' dir='ltr'><strong>feratur:</strong></span> 
     </span>
    </p>
   </div>
   <div class='ocr_carea' id='block_1_68' title="bbox 516 3846 2098 3929">
    <p class='ocr_par' dir='ltr' id='par_1_68' title="bbox 516 3846 2098 3929">
     <span class='ocr_line' id='line_1_68' title="bbox 516 3846 2098 3929; baseline -0.006 -9"><span class='ocrx_word' id='word_1_482' title='bbox 516 3865 598 3920; x_wconf 88' lang='lat' dir='ltr'><strong>sic</strong></span> <span class='ocrx_word' id='word_1_483' title='bbox 626 3864 866 3918; x_wconf 90' lang='lat' dir='ltr'><strong>humana</strong></span> <span class='ocrx_word' id='word_1_484' title='bbox 894 3875 1050 3915; x_wconf 90' lang='lat' dir='ltr'><strong>mens</strong></span> <span class='ocrx_word' id='word_1_485' title='bbox 1085 3846 1242 3929; x_wconf 86' lang='lat' dir='ltr'><strong>quasi</strong></span> <span class='ocrx_word' id='word_1_486' title='bbox 1274 3849 1515 3929; x_wconf 80' lang='lat' dir='ltr'><strong>angusto</strong></span> <span class='ocrx_word' id='word_1_487' title='bbox 1543 3851 1781 3928; x_wconf 77' lang='lat' dir='ltr'><strong>quodam</strong></span> <span class='ocrx_word' id='word_1_488' title='bbox 1807 3852 1965 3927; x_wconf 77' lang='lat' dir='ltr'><strong>aquae</strong></span> <span class='ocrx_word' id='word_1_489' title='bbox 1986 3855 2098 3911; x_wconf 90' lang='lat' dir='ltr'><strong>du-&#39;</strong></span> 
     </span>
    </p>
   </div>
   <div class='ocr_carea' id='block_1_69' title="bbox 516 3938 2106 4022">
    <p class='ocr_par' dir='ltr' id='par_1_69' title="bbox 516 3938 2106 4022">
     <span class='ocr_line' id='line_1_69' title="bbox 516 3938 2106 4022; baseline -0.004 -12"><span class='ocrx_word' id='word_1_490' title='bbox 516 3967 631 4018; x_wconf 83' lang='lat' dir='ltr'><strong>Cttl,</strong></span> <span class='ocrx_word' id='word_1_491' title='bbox 662 3967 786 4008; x_wconf 89' lang='lat' dir='ltr'><strong>cum</strong></span> <span class='ocrx_word' id='word_1_492' title='bbox 820 3952 1067 4022; x_wconf 88' lang='lat' dir='ltr'><strong>undique</strong></span> <span class='ocrx_word' id='word_1_493' title='bbox 1111 3949 1451 4004; x_wconf 86' lang='lat' dir='ltr'><strong>continentia</strong></span> <span class='ocrx_word' id='word_1_494' title='bbox 1500 3949 1619 4018; x_wconf 88' lang='lat' dir='ltr'><strong>ipsa</strong></span> <span class='ocrx_word' id='word_1_495' title='bbox 1672 3938 2106 4018; x_wconf 55' lang='lat' dir='ltr'><strong>comprimatur;</strong></span> 
     </span>
    </p>
   </div>
   <div class='ocr_carea' id='block_1_70' title="bbox 516 4037 2096 4117">
    <p class='ocr_par' dir='ltr' id='par_1_70' title="bbox 516 4037 2096 4117">
     <span class='ocr_line' id='line_1_70' title="bbox 516 4037 2096 4117; baseline -0.007 -14"><span class='ocrx_word' id='word_1_496' title='bbox 516 4056 692 4117; x_wconf 80' lang='lat' dir='ltr'><strong>neque</strong></span> <span class='ocrx_word' id='word_1_497' title='bbox 719 4042 914 4098; x_wconf 87' lang='lat' dir='ltr'><strong>habeat</strong></span> <span class='ocrx_word' id='word_1_498' title='bbox 944 4041 1088 4095; x_wconf 90' lang='lat' dir='ltr'><strong>unde</strong></span> <span class='ocrx_word' id='word_1_499' title='bbox 1124 4046 1413 4108; x_wconf 88' lang='lat' dir='ltr'><strong>erumpat,</strong></span> <span class='ocrx_word' id='word_1_500' title='bbox 1460 4037 1758 4108; x_wconf 82' lang='lat' dir='ltr'><strong>agitatione</strong></span> <span class='ocrx_word' id='word_1_501' title='bbox 1787 4038 1907 4107; x_wconf 88' lang='lat' dir='ltr'><strong>ipsa</strong></span> <span class='ocrx_word' id='word_1_502' title='bbox 1936 4047 2096 4092; x_wconf 91' lang='lat' dir='ltr'><strong>natu-</strong></span> 
     </span>
    </p>
   </div>
   <div class='ocr_carea' id='block_1_71' title="bbox 516 4124 2121 4199">
    <p class='ocr_par' dir='ltr' id='par_1_71' title="bbox 516 4124 2121 4199">
     <span class='ocr_line' id='line_1_71' title="bbox 516 4124 2121 4199; baseline -0.006 -6"><span class='ocrx_word' id='word_1_503' title='bbox 516 4138 617 4193; x_wconf 86' lang='lat' dir='ltr'><strong>rali</strong></span> <span class='ocrx_word' id='word_1_504' title='bbox 647 4135 713 4190; x_wconf 88' lang='lat' dir='ltr'><strong>ad</strong></span> <span class='ocrx_word' id='word_1_505' title='bbox 743 4149 924 4190; x_wconf 90' lang='lat' dir='ltr'><strong>rerum</strong></span> <span class='ocrx_word' id='word_1_506' title='bbox 956 4132 1262 4186; x_wconf 75' lang='lat' dir='ltr'><strong>cmlestium</strong></span> <span class='ocrx_word' id='word_1_507' title='bbox 1293 4131 1543 4199; x_wconf 80' lang='lat' dir='ltr'><strong>quodam‘</strong></span> <span class='ocrx_word' id='word_1_508' title='bbox 1568 4124 1739 4183; x_wconf 81' lang='lat' dir='ltr'><strong>modo</strong></span> <span class='ocrx_word' id='word_1_509' title='bbox 1763 4127 2121 4185; x_wconf 79' lang='lat' dir='ltr'><strong>excitabitur</strong></span> 
     </span>
    </p>
   </div>
   <div class='ocr_carea' id='block_1_72' title="bbox 2195 3312 3785 3386">
    <p class='ocr_par' dir='ltr' id='par_1_72' title="bbox 2195 3312 3785 3386">
     <span class='ocr_line' id='line_1_72' title="bbox 2195 3312 3785 3386; baseline 0 -19"><span class='ocrx_word' id='word_1_510' title='bbox 2195 3314 2308 3368; x_wconf 87' lang='grc' dir='ltr'><strong>θιον</strong></span> <span class='ocrx_word' id='word_1_511' title='bbox 2333 3314 2594 3378; x_wconf 86' lang='grc' dir='ltr'><strong>πολλάκις</strong></span> <span class='ocrx_word' id='word_1_512' title='bbox 2625 3314 2728 3368; x_wconf 84' lang='grc' dir='ltr'><strong>ὑπὸ</strong></span> <span class='ocrx_word' id='word_1_513' title='bbox 2759 3315 2857 3385; x_wconf 80' lang='grc' dir='ltr'><strong>τῆς</strong></span> <span class='ocrx_word' id='word_1_514' title='bbox 2882 3314 3277 3386; x_wconf 62' lang='grc' dir='ltr'><strong>ἀναθλιὸοότης</strong></span> <span class='ocrx_word' id='word_1_515' title='bbox 3304 3312 3426 3383; x_wconf 86' lang='grc' dir='ltr'><strong>βίας</strong></span> <span class='ocrx_word' id='word_1_516' title='bbox 3446 3313 3540 3366; x_wconf 74' lang='grc' dir='ltr'><strong>ἐπὶ</strong></span> <span class='ocrx_word' id='word_1_517' title='bbox 3570 3312 3641 3366; x_wconf 79' lang='grc' dir='ltr'><strong>τά</strong></span> <span class='ocrx_word' id='word_1_518' title='bbox 3669 3313 3785 3367; x_wconf 79' lang='grc' dir='ltr'><strong>ἄνω</strong></span> 
     </span>
    </p>
   </div>
   <div class='ocr_carea' id='block_1_73' title="bbox 2195 3403 3784 3477">
    <p class='ocr_par' dir='ltr' id='par_1_73' title="bbox 2195 3403 3784 3477">
     <span class='ocr_line' id='line_1_73' title="bbox 2195 3403 3784 3477; baseline -0.001 -20"><span class='ocrx_word' id='word_1_519' title='bbox 2195 3403 2441 3475; x_wconf 79' lang='grc' dir='ltr'><strong>φέρεται,</strong></span> <span class='ocrx_word' id='word_1_520' title='bbox 2477 3405 2579 3459; x_wconf 78' lang='grc' dir='ltr'><strong>οὐκ</strong></span> <span class='ocrx_word' id='word_1_521' title='bbox 2618 3404 2737 3475; x_wconf 81' lang='grc' dir='ltr'><strong>ἔχον</strong></span> <span class='ocrx_word' id='word_1_522' title='bbox 2764 3406 2870 3476; x_wconf 82' lang='grc' dir='ltr'><strong>ὅπη</strong></span> <span class='ocrx_word' id='word_1_523' title='bbox 2900 3404 3147 3477; x_wconf 73' lang='grc' dir='ltr'><strong>διαχυθῇ,</strong></span> <span class='ocrx_word' id='word_1_524' title='bbox 3193 3404 3288 3458; x_wconf 72' lang='grc' dir='ltr'><strong>καὶ</strong></span> <span class='ocrx_word' id='word_1_525' title='bbox 3322 3403 3513 3465; x_wconf 82' lang='grc' dir='ltr'><strong>ταῦτα,</strong></span> <span class='ocrx_word' id='word_1_526' title='bbox 3546 3420 3784 3472; x_wconf 77' lang='grc' dir='ltr'><strong>καταφε-</strong></span> 
     </span>
    </p>
   </div>
   <div class='ocr_carea' id='block_1_74' title="bbox 2197 3492 3787 3568">
    <p class='ocr_par' dir='ltr' id='par_1_74' title="bbox 2197 3492 3787 3568">
     <span class='ocr_line' id='line_1_74' title="bbox 2197 3492 3787 3568; baseline -0.002 -20"><span class='ocrx_word' id='word_1_527' title='bbox 2197 3494 2324 3568; x_wconf 83' lang='grc' dir='ltr'><strong>ροῦς</strong></span> <span class='ocrx_word' id='word_1_528' title='bbox 2350 3495 2498 3566; x_wconf 76' lang='grc' dir='ltr'><strong>αὐτῷ</strong></span> <span class='ocrx_word' id='word_1_529' title='bbox 2526 3496 2627 3567; x_wconf 80' lang='grc' dir='ltr'><strong>τῆς</strong></span> <span class='ocrx_word' id='word_1_530' title='bbox 2654 3496 2794 3551; x_wconf 74' lang='grc' dir='ltr'><strong>κατὰ</strong></span> <span class='ocrx_word' id='word_1_531' title='bbox 2822 3496 2983 3566; x_wconf 86' lang='grc' dir='ltr'><strong>φύσιν</strong></span> <span class='ocrx_word' id='word_1_532' title='bbox 3021 3494 3187 3566; x_wconf 78' lang='grc' dir='ltr'><strong>οΰσης</strong></span> <span class='ocrx_word' id='word_1_533' title='bbox 3209 3496 3477 3565; x_wconf 83' lang='grc' dir='ltr'><strong>κινήσεως</strong></span> <span class='ocrx_word' id='word_1_534' title='bbox 3497 3492 3668 3547; x_wconf 76' lang='grc' dir='ltr'><strong>ὀὕτω</strong></span> <span class='ocrx_word' id='word_1_535' title='bbox 3691 3494 3787 3545; x_wconf 75' lang='grc' dir='ltr'><strong>καὶ</strong></span> 
     </span>
    </p>
   </div>
   <div class='ocr_carea' id='block_1_75' title="bbox 2195 3581 3788 3658">
    <p class='ocr_par' dir='ltr' id='par_1_75' title="bbox 2195 3581 3788 3658">
     <span class='ocr_line' id='line_1_75' title="bbox 2195 3581 3788 3658; baseline -0.001 -19"><span class='ocrx_word' id='word_1_536' title='bbox 2195 3586 2224 3639; x_wconf 86' lang='grc' dir='ltr'>ὁ</span> <span class='ocrx_word' id='word_1_537' title='bbox 2249 3585 2461 3650; x_wconf 76' lang='grc' dir='ltr'><strong>’νοῦς’ὁ</strong></span> <span class='ocrx_word' id='word_1_538' title='bbox 2497 3586 2859 3658; x_wconf 74' lang='grc' dir='ltr'><strong>ἀνθρώπινος,</strong></span> <span class='ocrx_word' id='word_1_539' title='bbox 2904 3581 3015 3639; x_wconf 75' lang='grc' dir='ltr'><strong>οἷόν</strong></span> <span class='ocrx_word' id='word_1_540' title='bbox 3047 3592 3193 3649; x_wconf 78' lang='grc' dir='ltr'><strong>τινος</strong></span> <span class='ocrx_word' id='word_1_541' title='bbox 3226 3584 3464 3656; x_wconf 83' lang='grc' dir='ltr'><strong>σωλῆνος</strong></span> <span class='ocrx_word' id='word_1_542' title='bbox 3523 3584 3788 3652; x_wconf 77' lang='grc' dir='ltr'><strong>στεγανοῦ</strong></span> 
     </span>
    </p>
   </div>
   <div class='ocr_carea' id='block_1_76' title="bbox 2195 3662 3785 3748">
    <p class='ocr_par' dir='ltr' id='par_1_76' title="bbox 2195 3662 3785 3748">
     <span class='ocr_line' id='line_1_76' title="bbox 2195 3662 3785 3748; baseline -0.003 -17"><span class='ocrx_word' id='word_1_543' title='bbox 2195 3677 2296 3748; x_wconf 79' lang='grc' dir='ltr'><strong>τῆς</strong></span> <span class='ocrx_word' id='word_1_544' title='bbox 2319 3678 2642 3748; x_wconf 78' lang='grc' dir='ltr'><strong>ἐγκρατείας</strong></span> <span class='ocrx_word' id='word_1_545' title='bbox 2688 3664 2853 3731; x_wconf 73' lang='grc' dir='ltr'><strong>αὑτὸν</strong></span> <span class='ocrx_word' id='word_1_546' title='bbox 2879 3662 3257 3748; x_wconf 66' lang='grc' dir='ltr'><strong>ἁπανταχόθεν</strong></span> <span class='ocrx_word' id='word_1_547' title='bbox 3292 3675 3785 3747; x_wconf 80' lang='grc' dir='ltr'><strong>περισφιγγούσης,</strong></span> 
     </span>
    </p>
   </div>
   <div class='ocr_carea' id='block_1_77' title="bbox 2197 3763 3786 3838">
    <p class='ocr_par' dir='ltr' id='par_1_77' title="bbox 2197 3763 3786 3838">
     <span class='ocr_line' id='line_1_77' title="bbox 2197 3763 3786 3838; baseline -0.004 -17"><span class='ocrx_word' id='word_1_548' title='bbox 2197 3766 2639 3838; x_wconf 85' lang='grc' dir='ltr'><strong>ἀναληφθήσεταί</strong></span> <span class='ocrx_word' id='word_1_549' title='bbox 2690 3773 2807 3831; x_wconf 82' lang='grc' dir='ltr'><strong>πως</strong></span> <span class='ocrx_word' id='word_1_550' title='bbox 2839 3766 2945 3819; x_wconf 83' lang='grc' dir='ltr'><strong>ὑπὸ</strong></span> <span class='ocrx_word' id='word_1_551' title='bbox 2993 3766 3094 3835; x_wconf 82' lang='grc' dir='ltr'><strong>τῆς</strong></span> <span class='ocrx_word' id='word_1_552' title='bbox 3128 3766 3222 3819; x_wconf 80' lang='grc' dir='ltr'><strong>τοῦ</strong></span> <span class='ocrx_word' id='word_1_553' title='bbox 3271 3763 3537 3818; x_wconf 82' lang='grc' dir='ltr'><strong>κινεῖσθαι</strong></span> <span class='ocrx_word' id='word_1_554' title='bbox 3571 3763 3786 3832; x_wconf 83' lang='grc' dir='ltr'><strong>φύσεως</strong></span> 
     </span>
    </p>
   </div>
   <div class='ocr_carea' id='block_1_78' title="bbox 2137 3846 3787 3931">
    <p class='ocr_par' dir='ltr' id='par_1_78' title="bbox 2137 3846 3787 3931">
     <span class='ocr_line' id='line_1_78' title="bbox 2137 3846 3787 3931; baseline -0.003 -21"><span class='ocrx_word' id='word_1_555' title='bbox 2137 3919 2150 3931; x_wconf 48' lang='grc'><em>,</em></span> <span class='ocrx_word' id='word_1_556' title='bbox 2198 3850 2337 3930; x_wconf 74' lang='grc' dir='ltr'><strong>πρὸς</strong></span> <span class='ocrx_word' id='word_1_557' title='bbox 2368 3856 2466 3927; x_wconf 81' lang='grc' dir='ltr'><strong>τὴν</strong></span> <span class='ocrx_word' id='word_1_558' title='bbox 2487 3855 2596 3910; x_wconf 83' lang='grc' dir='ltr'><strong>τῶν</strong></span> <span class='ocrx_word' id='word_1_559' title='bbox 2618 3851 2963 3927; x_wconf 57' lang='grc' dir='ltr'><strong>ὑψηλοτέρων</strong></span> <span class='ocrx_word' id='word_1_560' title='bbox 2994 3846 3310 3929; x_wconf 61' lang='grc' dir='ltr'><strong>ἐπιθυμίαν,</strong></span> <span class='ocrx_word' id='word_1_561' title='bbox 3344 3855 3444 3907; x_wconf 78' lang='grc' dir='ltr'><strong>οὐκ</strong></span> <span class='ocrx_word' id='word_1_562' title='bbox 3474 3852 3611 3923; x_wconf 78' lang='grc' dir='ltr'><strong>ἔχων</strong></span> <span class='ocrx_word' id='word_1_563' title='bbox 3649 3853 3787 3905; x_wconf 80' lang='grc' dir='ltr'><strong>ὅπου</strong></span> 
     </span>
    </p>
   </div>
   <div class='ocr_carea' id='block_1_79' title="bbox 2198 3945 3792 4022">
    <p class='ocr_par' dir='ltr' id='par_1_79' title="bbox 2198 3945 3792 4022">
     <span class='ocr_line' id='line_1_79' title="bbox 2198 3945 3792 4022; baseline -0.002 -21"><span class='ocrx_word' id='word_1_564' title='bbox 2198 3951 2516 4021; x_wconf 78' lang='grc' dir='ltr'><strong>παραρῤυῇ.</strong></span> <span class='ocrx_word' id='word_1_565' title='bbox 2537 3947 2675 4002; x_wconf 78' lang='grc' dir='ltr'><strong>Οὔτε</strong></span> <span class='ocrx_word' id='word_1_566' title='bbox 2695 3948 2802 4022; x_wconf 84' lang='grc' dir='ltr'><strong>γὰρ</strong></span> <span class='ocrx_word' id='word_1_567' title='bbox 2827 3948 3016 4018; x_wconf 81' lang='grc' dir='ltr'><strong>στῆναί</strong></span> <span class='ocrx_word' id='word_1_568' title='bbox 3034 3965 3162 4002; x_wconf 90' lang='grc' dir='ltr'><strong>ποτε</strong></span> <span class='ocrx_word' id='word_1_569' title='bbox 3179 3947 3401 4001; x_wconf 85' lang='grc' dir='ltr'><strong>δυνατόν</strong></span> <span class='ocrx_word' id='word_1_570' title='bbox 3429 3948 3543 3998; x_wconf 87' lang='grc' dir='ltr'><strong>ὲστι</strong></span> <span class='ocrx_word' id='word_1_571' title='bbox 3566 3945 3792 4016; x_wconf 77' lang='grc' dir='ltr'><strong>τὴνάει-</strong></span> 
     </span>
    </p>
   </div>
   <div class='ocr_carea' id='block_1_80' title="bbox 2201 4035 3791 4111">
    <p class='ocr_par' dir='ltr' id='par_1_80' title="bbox 2201 4035 3791 4111">
     <span class='ocr_line' id='line_1_80' title="bbox 2201 4035 3791 4111; baseline -0.004 -17"><span class='ocrx_word' id='word_1_572' title='bbox 2201 4041 2420 4111; x_wconf 88' lang='grc' dir='ltr'><strong>κίνητον</strong></span> <span class='ocrx_word' id='word_1_573' title='bbox 2449 4038 2556 4093; x_wconf 78' lang='grc' dir='ltr'><strong>ὑπὸ</strong></span> <span class='ocrx_word' id='word_1_574' title='bbox 2583 4038 2674 4093; x_wconf 78' lang='grc' dir='ltr'><strong>τοῦ</strong></span> <span class='ocrx_word' id='word_1_575' title='bbox 2696 4038 3059 4109; x_wconf 85' lang='grc' dir='ltr'><strong>πεποιηκότος</strong></span> <span class='ocrx_word' id='word_1_576' title='bbox 3085 4037 3343 4107; x_wconf 74' lang='grc' dir='ltr'><strong>εἰληφότα</strong></span> <span class='ocrx_word' id='word_1_577' title='bbox 3365 4036 3460 4107; x_wconf 84' lang='grc' dir='ltr'><strong>τὴν</strong></span> <span class='ocrx_word' id='word_1_578' title='bbox 3484 4035 3663 4104; x_wconf 83' lang='grc' dir='ltr'><strong>φύσιν,</strong></span> <span class='ocrx_word' id='word_1_579' title='bbox 3693 4036 3791 4088; x_wconf 74' lang='grc' dir='ltr'><strong>καὶ</strong></span> 
     </span>
    </p>
   </div>
   <div class='ocr_carea' id='block_1_81' title="bbox 2202 4122 3790 4201">
    <p class='ocr_par' dir='ltr' id='par_1_81' title="bbox 2202 4122 3790 4201">
     <span class='ocr_line' id='line_1_81' title="bbox 2202 4122 3790 4201; baseline -0.006 -17"><span class='ocrx_word' id='word_1_580' title='bbox 2202 4132 2283 4193; x_wconf 84' lang='grc' dir='ltr'><strong>είς</strong></span> <span class='ocrx_word' id='word_1_581' title='bbox 2304 4130 2373 4183; x_wconf 82' lang='grc' dir='ltr'><strong>τὰ</strong></span> <span class='ocrx_word' id='word_1_582' title='bbox 2400 4125 2603 4201; x_wconf 76' lang='grc' dir='ltr'><strong>μάταια</strong></span> <span class='ocrx_word' id='word_1_583' title='bbox 2625 4128 2862 4201; x_wconf 79' lang='grc' dir='ltr'><strong>χρῆσθαι</strong></span> <span class='ocrx_word' id='word_1_584' title='bbox 2889 4131 2955 4200; x_wconf 82' lang='grc' dir='ltr'><strong>τῇ</strong></span> <span class='ocrx_word' id='word_1_585' title='bbox 2986 4122 3196 4198; x_wconf 82' lang='grc' dir='ltr'><strong>κινήσει</strong></span> <span class='ocrx_word' id='word_1_586' title='bbox 3243 4126 3604 4196; x_wconf 85' lang='grc' dir='ltr'><strong>κωλυόμενον,</strong></span> <span class='ocrx_word' id='word_1_587' title='bbox 3637 4125 3790 4194; x_wconf 80' lang='grc' dir='ltr'><strong>ἀμή-</strong></span> 
     </span>
    </p>
   </div>
   <div class='ocr_carea' id='block_1_82' title="bbox 516 4209 2092 4300">
    <p class='ocr_par' dir='ltr' id='par_1_82' title="bbox 516 4221 2092 4300">
     <span class='ocr_line' id='line_1_82' title="bbox 516 4221 2092 4300; baseline -0.006 -15"><span class='ocrx_word' id='word_1_588' title='bbox 516 4221 932 4300; x_wconf 74' lang='lat' dir='ltr'><strong>a&#39;ppetitiOnem.‘</strong></span> <span class='ocrx_word' id='word_1_589' title='bbox 969 4223 1103 4278; x_wconf 86' lang='lat' dir='ltr'><strong>Nam</strong></span> <span class='ocrx_word' id='word_1_590' title='bbox 1145 4239 1321 4293; x_wconf 90' lang='lat' dir='ltr'><strong>neque</strong></span> <span class='ocrx_word' id='word_1_591' title='bbox 1351 4223 1591 4287; x_wconf 90' lang='lat' dir='ltr'><strong>animus,</strong></span> <span class='ocrx_word' id='word_1_592' title='bbox 1617 4222 1710 4292; x_wconf 91' lang='lat' dir='ltr'><strong>qui</strong></span> <span class='ocrx_word' id='word_1_593' title='bbox 1734 4224 1959 4293; x_wconf 89' lang='lat' dir='ltr'><strong>perenni</strong></span> <span class='ocrx_word' id='word_1_594' title='bbox 1981 4222 2092 4294; x_wconf 83' lang='lat' dir='ltr'><strong>agi-</strong></span> 
     </span>
    </p>
   </div>
   <div class='ocr_carea' id='block_1_83' title="bbox 2193 4209 3787 4300">
    <p class='ocr_par' dir='ltr' id='par_1_83' title="bbox 2202 4209 3787 4294">
     <span class='ocr_line' id='line_1_83' title="bbox 2202 4209 3787 4294; baseline -0.005 -18"><span class='ocrx_word' id='word_1_595' title='bbox 2202 4239 2363 4294; x_wconf 91' lang='grc' dir='ltr'><strong>χανον</strong></span> <span class='ocrx_word' id='word_1_596' title='bbox 2406 4222 2480 4294; x_wconf 86' lang='grc' dir='ltr'><strong>μὴ</strong></span> <span class='ocrx_word' id='word_1_597' title='bbox 2542 4222 2677 4292; x_wconf 76' lang='grc' dir='ltr'><strong>πρὸς</strong></span> <span class='ocrx_word' id='word_1_598' title='bbox 2706 4222 2803 4293; x_wconf 85' lang='grc' dir='ltr'><strong>τὴν</strong></span> <span class='ocrx_word' id='word_1_599' title='bbox 2849 4220 3105 4291; x_wconf 87' lang='grc' dir='ltr'><strong>ἀλήθειαν</strong></span> <span class='ocrx_word' id='word_1_600' title='bbox 3132 4221 3351 4282; x_wconf 89' lang='grc' dir='ltr'><strong>πάντως</strong></span> <span class='ocrx_word' id='word_1_601' title='bbox 3391 4209 3787 4288; x_wconf 81' lang='grc' dir='ltr'><strong>εὐθυπορῆσαι,</strong></span> 
     </span>
    </p>
   </div>
   <div class='ocr_carea' id='block_1_84' title="bbox 515 4300 2092 4397">
    <p class='ocr_par' dir='ltr' id='par_1_84' title="bbox 515 4306 2092 4397">
     <span class='ocr_line' id='line_1_84' title="bbox 515 4306 2092 4397; baseline -0.004 -21"><span class='ocrx_word' id='word_1_602' title='bbox 515 4323 727 4376; x_wconf 88' lang='lat' dir='ltr'><strong>tatione</strong></span> <span class='ocrx_word' id='word_1_603' title='bbox 754 4331 1024 4382; x_wconf 86' lang='lat' dir='ltr'><strong>movetur,</strong></span> <span class='ocrx_word' id='word_1_604' title='bbox 1050 4306 1373 4397; x_wconf 5' lang='lat' dir='ltr'><strong>icons‘istere</strong></span> <span class='ocrx_word' id='word_1_605' title='bbox 1404 4323 1606 4387; x_wconf 86' lang='lat' dir='ltr'><strong>potest,</strong></span> <span class='ocrx_word' id='word_1_606' title='bbox 1630 4330 1754 4370; x_wconf 90' lang='lat' dir='ltr'><strong>cum</strong></span> <span class='ocrx_word' id='word_1_607' title='bbox 1787 4316 1856 4370; x_wconf 93' lang='lat' dir='ltr'><strong>ab</strong></span> <span class='ocrx_word' id='word_1_608' title='bbox 1892 4330 1978 4381; x_wconf 90' lang='lat' dir='ltr'><strong>eo,</strong></span> <span class='ocrx_word' id='word_1_609' title='bbox 2003 4315 2092 4385; x_wconf 91' lang='lat' dir='ltr'><strong>qui</strong></span> 
     </span>
    </p>
   </div>
   <div class='ocr_carea' id='block_1_85' title="bbox 2193 4300 3792 4397">
    <p class='ocr_par' dir='ltr' id='par_1_85' title="bbox 2203 4300 3792 4397">
     <span class='ocr_line' id='line_1_85' title="bbox 2203 4300 3792 4397; baseline -0.004 -32"><span class='ocrx_word' id='word_1_610' title='bbox 2203 4311 2283 4382; x_wconf 86' lang='grc' dir='ltr'><strong>τῷ</strong></span> <span class='ocrx_word' id='word_1_611' title='bbox 2343 4311 2679 4381; x_wconf 79' lang='grc' dir='ltr'><strong>πανταχόθεν</strong></span> <span class='ocrx_word' id='word_1_612' title='bbox 2724 4311 2831 4383; x_wconf 76' lang='grc' dir='ltr'><strong>άπὸ</strong></span> <span class='ocrx_word' id='word_1_613' title='bbox 2871 4310 2980 4363; x_wconf 82' lang='grc' dir='ltr'><strong>τῶν</strong></span> <span class='ocrx_word' id='word_1_614' title='bbox 3011 4309 3227 4364; x_wconf 85' lang='grc' dir='ltr'><strong>ἀτόπων</strong></span> <span class='ocrx_word' id='word_1_615' title='bbox 3266 4300 3650 4397; x_wconf 59' lang='grc' dir='ltr'><strong>ἀπείργεσθαι·</strong></span> <span class='ocrx_word' id='word_1_616' title='bbox 3694 4306 3792 4361; x_wconf 76' lang='grc' dir='ltr'><strong>καὶ</strong></span> 
     </span>
    </p>
   </div>
   <div class='ocr_carea' id='block_1_86' title="bbox 518 4396 2092 4481">
    <p class='ocr_par' dir='ltr' id='par_1_86' title="bbox 518 4396 2092 4481">
     <span class='ocr_line' id='line_1_86' title="bbox 518 4396 2092 4481; baseline -0.003 -13"><span class='ocrx_word' id='word_1_617' title='bbox 518 4416 671 4469; x_wconf 90' lang='lat' dir='ltr'><strong>illum</strong></span> <span class='ocrx_word' id='word_1_618' title='bbox 721 4412 919 4475; x_wconf 76' lang='lat' dir='ltr'><strong>eﬂ‘ecit,</strong></span> <span class='ocrx_word' id='word_1_619' title='bbox 971 4396 1285 4481; x_wconf 76' lang='lat' dir='ltr'><strong>huiusmodi</strong></span> <span class='ocrx_word' id='word_1_620' title='bbox 1313 4398 1527 4465; x_wconf 47' lang='lat' dir='ltr'><strong>‘motus</strong></span> <span class='ocrx_word' id='word_1_621' title='bbox 1573 4418 1827 4464; x_wconf 88' lang='lat' dir='ltr'><strong>naturam</strong></span> <span class='ocrx_word' id='word_1_622' title='bbox 1868 4409 2092 4464; x_wconf 86' lang='lat' dir='ltr'><strong>sortitus</strong></span> 
     </span>
    </p>
   </div>
   <div class='ocr_carea' id='block_1_87' title="bbox 2193 4396 3793 4481">
    <p class='ocr_par' dir='ltr' id='par_1_87' title="bbox 2205 4396 3793 4475">
     <span class='ocr_line' id='line_1_87' title="bbox 2205 4396 3793 4475; baseline -0.006 -18"><span class='ocrx_word' id='word_1_623' title='bbox 2205 4404 2314 4475; x_wconf 73' lang='grc' dir='ltr'><strong>γὰρ</strong></span> <span class='ocrx_word' id='word_1_624' title='bbox 2341 4404 2397 4454; x_wconf 77' lang='grc' dir='ltr'><strong>ὲν</strong></span> <span class='ocrx_word' id='word_1_625' title='bbox 2419 4396 2538 4465; x_wconf 81' lang='grc' dir='ltr'><strong>ταῖς</strong></span> <span class='ocrx_word' id='word_1_626' title='bbox 2566 4401 2871 4464; x_wconf 88' lang='grc' dir='ltr'><strong>πολυοδίαις</strong></span> <span class='ocrx_word' id='word_1_627' title='bbox 2898 4400 3039 4453; x_wconf 79' lang='grc' dir='ltr'><strong>οὕτω</strong></span> <span class='ocrx_word' id='word_1_628' title='bbox 3072 4399 3303 4470; x_wconf 85' lang='grc' dir='ltr'><strong>μάλιστα</strong></span> <span class='ocrx_word' id='word_1_629' title='bbox 3322 4396 3447 4461; x_wconf 74' lang='grc' dir='ltr'><strong>τοὺς</strong></span> <span class='ocrx_word' id='word_1_630' title='bbox 3478 4397 3793 4466; x_wconf 74' lang='grc' dir='ltr'><strong>ὁδοιπόρους</strong></span> 
     </span>
    </p>
   </div>
   <div class='ocr_carea' id='block_1_88' title="bbox 521 4485 2092 4582">
    <p class='ocr_par' dir='ltr' id='par_1_88' title="bbox 521 4491 2092 4572">
     <span class='ocr_line' id='line_1_88' title="bbox 521 4491 2092 4572; baseline -0.002 -14"><span class='ocrx_word' id='word_1_631' title='bbox 521 4506 632 4559; x_wconf 85' lang='lat' dir='ltr'><strong>sit:</strong></span> <span class='ocrx_word' id='word_1_632' title='bbox 664 4517 857 4572; x_wconf 88' lang='lat' dir='ltr'><strong>neque,</strong></span> <span class='ocrx_word' id='word_1_633' title='bbox 892 4502 940 4556; x_wconf 91' lang='lat' dir='ltr'><strong>si</strong></span> <span class='ocrx_word' id='word_1_634' title='bbox 974 4503 1320 4572; x_wconf 89' lang='lat' dir='ltr'><strong>prohibetur,</strong></span> <span class='ocrx_word' id='word_1_635' title='bbox 1355 4491 1650 4571; x_wconf 78' lang='lat' dir='ltr'><strong>quominus</strong></span> <span class='ocrx_word' id='word_1_636' title='bbox 1693 4500 1759 4553; x_wconf 91' lang='lat' dir='ltr'><strong>ad</strong></span> <span class='ocrx_word' id='word_1_637' title='bbox 1791 4516 1879 4554; x_wconf 88' lang='lat' dir='ltr'><strong>res</strong></span> <span class='ocrx_word' id='word_1_638' title='bbox 1908 4499 2092 4555; x_wconf 84' lang='lat' dir='ltr'><strong>inanes</strong></span> 
     </span>
    </p>
   </div>
   <div class='ocr_carea' id='block_1_89' title="bbox 2193 4485 3793 4582">
    <p class='ocr_par' dir='ltr' id='par_1_89' title="bbox 2207 4485 3793 4564">
     <span class='ocr_line' id='line_1_89' title="bbox 2207 4485 3793 4564; baseline -0.004 -17"><span class='ocrx_word' id='word_1_639' title='bbox 2207 4494 2421 4564; x_wconf 83' lang='grc' dir='ltr'><strong>ὁρῶμεν</strong></span> <span class='ocrx_word' id='word_1_640' title='bbox 2452 4493 2551 4563; x_wconf 83' lang='grc' dir='ltr'><strong>τῆς</strong></span> <span class='ocrx_word' id='word_1_641' title='bbox 2581 4492 2795 4555; x_wconf 80' lang='grc' dir='ltr'><strong>εὐθείας</strong></span> <span class='ocrx_word' id='word_1_642' title='bbox 2839 4494 2938 4564; x_wconf 72' lang='grc' dir='ltr'><strong>οὐχ</strong></span> <span class='ocrx_word' id='word_1_643' title='bbox 2971 4486 3403 4563; x_wconf 83' lang='grc' dir='ltr'><strong>ἁμαρτάνοντας,</strong></span> <span class='ocrx_word' id='word_1_644' title='bbox 3451 4490 3578 4542; x_wconf 80' lang='grc' dir='ltr'><strong>ὅταν</strong></span> <span class='ocrx_word' id='word_1_645' title='bbox 3606 4485 3704 4559; x_wconf 81' lang='grc' dir='ltr'><strong>τὴν</strong></span> <span class='ocrx_word' id='word_1_646' title='bbox 3734 4489 3793 4541; x_wconf 78' lang='grc' dir='ltr'><strong>ἐν</strong></span> 
     </span>
    </p>
   </div>
   <div class='ocr_carea' id='block_1_90' title="bbox 521 4579 2092 4663">
    <p class='ocr_par' dir='ltr' id='par_1_90' title="bbox 521 4586 2092 4663">
     <span class='ocr_line' id='line_1_90' title="bbox 521 4586 2092 4663; baseline -0.004 -11"><span class='ocrx_word' id='word_1_647' title='bbox 521 4613 588 4653; x_wconf 91' lang='lat' dir='ltr'><strong>eo</strong></span> <span class='ocrx_word' id='word_1_648' title='bbox 616 4586 766 4650; x_wconf 78' lang='lat' dir='ltr'><strong>motu</strong></span> <span class='ocrx_word' id='word_1_649' title='bbox 798 4592 1005 4659; x_wconf 86' lang='lat' dir='ltr'><strong>utatur,</strong></span> <span class='ocrx_word' id='word_1_650' title='bbox 1039 4595 1266 4648; x_wconf 85' lang='lat' dir='ltr'><strong>dubium</strong></span> <span class='ocrx_word' id='word_1_651' title='bbox 1298 4601 1403 4660; x_wconf 87' lang='lat' dir='ltr'><strong>est,</strong></span> <span class='ocrx_word' id='word_1_652' title='bbox 1446 4594 1581 4663; x_wconf 90' lang='lat' dir='ltr'><strong>quin</strong></span> <span class='ocrx_word' id='word_1_653' title='bbox 1614 4608 1739 4647; x_wconf 90' lang='lat' dir='ltr'><strong>cum</strong></span> <span class='ocrx_word' id='word_1_654' title='bbox 1776 4590 2019 4663; x_wconf 88' lang='lat' dir='ltr'><strong>undique</strong></span> <span class='ocrx_word' id='word_1_655' title='bbox 2073 4608 2092 4645; x_wconf 89' lang='lat' dir='ltr'><strong>a</strong></span> 
     </span>
    </p>
   </div>
   <div class='ocr_carea' id='block_1_91' title="bbox 2193 4579 3791 4663">
    <p class='ocr_par' dir='ltr' id='par_1_91' title="bbox 2208 4579 3791 4654">
     <span class='ocr_line' id='line_1_91' title="bbox 2208 4579 3791 4654; baseline -0.004 -14"><span class='ocrx_word' id='word_1_656' title='bbox 2208 4589 2328 4649; x_wconf 86' lang='grc' dir='ltr'><strong>ταῖς</strong></span> <span class='ocrx_word' id='word_1_657' title='bbox 2366 4584 2553 4647; x_wconf 78' lang='grc' dir='ltr'><strong>ἄλλαις</strong></span> <span class='ocrx_word' id='word_1_658' title='bbox 2578 4583 2716 4647; x_wconf 79' lang='grc' dir='ltr'><strong>ὁδοῖς</strong></span> <span class='ocrx_word' id='word_1_659' title='bbox 2756 4579 2962 4654; x_wconf 83' lang='grc' dir='ltr'><strong>πλάνην</strong></span> <span class='ocrx_word' id='word_1_660' title='bbox 3014 4579 3409 4654; x_wconf 79' lang='grc' dir='ltr'><strong>προμαθόντες,</strong></span> <span class='ocrx_word' id='word_1_661' title='bbox 3445 4579 3791 4633; x_wconf 84' lang='grc' dir='ltr'><strong>ὲκκλίνωσιν.</strong></span> 
     </span>
    </p>
   </div>
   <div class='ocr_carea' id='block_1_92' title="bbox 521 4673 2101 4756">
    <p class='ocr_par' dir='ltr' id='par_1_92' title="bbox 521 4673 2101 4756">
     <span class='ocr_line' id='line_1_92' title="bbox 521 4673 2101 4756; baseline -0.008 -9"><span class='ocrx_word' id='word_1_662' title='bbox 521 4691 686 4747; x_wconf 89' lang='lat' dir='ltr'><strong>rebus</strong></span> <span class='ocrx_word' id='word_1_663' title='bbox 767 4673 1034 4742; x_wconf 69' lang='lat' dir='ltr'><strong>absurdis</strong></span> <span class='ocrx_word' id='word_1_664' title='bbox 1086 4676 1403 4756; x_wconf 83' lang='lat' dir='ltr'><strong>repellatur,</strong></span> <span class='ocrx_word' id='word_1_665' title='bbox 1464 4684 1531 4738; x_wconf 89' lang='lat' dir='ltr'><strong>ad</strong></span> <span class='ocrx_word' id='word_1_666' title='bbox 1594 4679 1883 4738; x_wconf 82' lang='lat' dir='ltr'><strong>veritatem</strong></span> <span class='ocrx_word' id='word_1_667' title='bbox 1949 4692 2101 4748; x_wconf 83' lang='lat' dir='ltr'><strong>recta</strong></span> 
     </span>
    </p>
   </div>
   <div class='ocr_carea' id='block_1_93' title="bbox 522 4766 2108 4836">
    <p class='ocr_par' dir='ltr' id='par_1_93' title="bbox 522 4766 2108 4836">
     <span class='ocr_line' id='line_1_93' title="bbox 522 4766 2108 4836; baseline -0.007 0"><span class='ocrx_word' id='word_1_668' title='bbox 522 4782 749 4836; x_wconf 85' lang='lat' dir='ltr'><strong>omnino</strong></span> <span class='ocrx_word' id='word_1_669' title='bbox 776 4777 1109 4832; x_wconf 86' lang='lat' dir='ltr'><strong>contendat:</strong></span> <span class='ocrx_word' id='word_1_670' title='bbox 1143 4777 1197 4830; x_wconf 91' lang='lat' dir='ltr'><strong>in</strong></span> <span class='ocrx_word' id='word_1_671' title='bbox 1233 4766 1421 4831; x_wconf 86' lang='lat' dir='ltr'><strong>multis</strong></span> <span class='ocrx_word' id='word_1_672' title='bbox 1457 4775 1601 4829; x_wconf 88' lang='lat' dir='ltr'><strong>enim</strong></span> <span class='ocrx_word' id='word_1_673' title='bbox 1654 4774 1947 4829; x_wconf 86' lang='lat' dir='ltr'><strong>itineribus</strong></span> <span class='ocrx_word' id='word_1_674' title='bbox 1986 4775 2108 4828; x_wconf 88' lang='lat' dir='ltr'><strong>via-.</strong></span> 
     </span>
    </p>
   </div>
   <div class='ocr_carea' id='block_1_94' title="bbox 524 4858 2102 4928">
    <p class='ocr_par' dir='ltr' id='par_1_94' title="bbox 524 4858 2102 4928">
     <span class='ocr_line' id='line_1_94' title="bbox 524 4858 2102 4928; baseline -0.007 -1"><span class='ocrx_word' id='word_1_675' title='bbox 524 4882 672 4928; x_wconf 90' lang='lat' dir='ltr'><strong>tores</strong></span> <span class='ocrx_word' id='word_1_676' title='bbox 701 4860 940 4924; x_wconf 55' lang='lat' dir='ltr'><strong>maxime</strong></span> <span class='ocrx_word' id='word_1_677' title='bbox 969 4867 1214 4922; x_wconf 89' lang='lat' dir='ltr'><strong>videmus</strong></span> <span class='ocrx_word' id='word_1_678' title='bbox 1249 4858 1407 4920; x_wconf 85' lang='lat' dir='ltr'><strong>recta</strong></span> <span class='ocrx_word' id='word_1_679' title='bbox 1423 4865 1509 4918; x_wconf 85' lang='lat' dir='ltr'><strong>via</strong></span> <span class='ocrx_word' id='word_1_680' title='bbox 1542 4880 1648 4919; x_wconf 89' lang='lat' dir='ltr'><strong>non</strong></span> <span class='ocrx_word' id='word_1_681' title='bbox 1678 4865 1954 4928; x_wconf 87' lang='lat' dir='ltr'><strong>aberrare,</strong></span> <span class='ocrx_word' id='word_1_682' title='bbox 1977 4877 2102 4917; x_wconf 90' lang='lat' dir='ltr'><strong>cum</strong></span> 
     </span>
    </p>
   </div>
   <div class='ocr_carea' id='block_1_95' title="bbox 523 4954 2107 5036">
    <p class='ocr_par' dir='ltr' id='par_1_95' title="bbox 523 4954 2107 5036">
     <span class='ocr_line' id='line_1_95' title="bbox 523 4954 2107 5036; baseline -0.01 -12"><span class='ocrx_word' id='word_1_683' title='bbox 523 4966 859 5036; x_wconf 85' lang='lat' dir='ltr'><strong>reliquorum</strong></span> <span class='ocrx_word' id='word_1_684' title='bbox 887 4962 1142 5017; x_wconf 88' lang='lat' dir='ltr'><strong>itinerum</strong></span> <span class='ocrx_word' id='word_1_685' title='bbox 1178 4976 1367 5015; x_wconf 86' lang='lat' dir='ltr'><strong>errore</strong></span> <span class='ocrx_word' id='word_1_686' title='bbox 1423 4954 1549 5014; x_wconf 86' lang='lat' dir='ltr'><strong>ante</strong></span> <span class='ocrx_word' id='word_1_687' title='bbox 1598 4957 1849 5012; x_wconf 87' lang='lat' dir='ltr'><strong>instructi</strong></span> <span class='ocrx_word' id='word_1_688' title='bbox 1881 4957 2107 5010; x_wconf 87' lang='lat' dir='ltr'><strong>omnino</strong></span> 
     </span>
    </p>
   </div>
   <div class='ocr_carea' id='block_1_96' title="bbox 522 5045 2104 5129">
    <p class='ocr_par' dir='ltr' id='par_1_96' title="bbox 522 5045 2104 5129">
     <span class='ocr_line' id='line_1_96' title="bbox 522 5045 2104 5129; baseline -0.009 -16"><span class='ocrx_word' id='word_1_689' title='bbox 522 5065 772 5122; x_wconf 83' lang='lat' dir='ltr'><strong>caveant,</strong></span> <span class='ocrx_word' id='word_1_690' title='bbox 814 5070 886 5111; x_wconf 90' lang='lat' dir='ltr'><strong>ne</strong></span> <span class='ocrx_word' id='word_1_691' title='bbox 913 5053 1199 5117; x_wconf 75' lang='lat' dir='ltr'><strong>aberrent;</strong></span> <span class='ocrx_word' id='word_1_692' title='bbox 1230 5052 1393 5106; x_wconf 80' lang='lat' dir='ltr'><strong>veluti</strong></span> <span class='ocrx_word' id='word_1_693' title='bbox 1431 5052 1503 5115; x_wconf 88' lang='lat' dir='ltr'><strong>is,</strong></span> <span class='ocrx_word' id='word_1_694' title='bbox 1536 5050 1628 5120; x_wconf 90' lang='lat' dir='ltr'><strong>qui</strong></span> <span class='ocrx_word' id='word_1_695' title='bbox 1671 5051 1725 5103; x_wconf 86' lang='lat' dir='ltr'><strong>in</strong></span> <span class='ocrx_word' id='word_1_696' title='bbox 1777 5048 1999 5129; x_wconf 81' lang='lat' dir='ltr'><strong>itinere‘</strong></span> <span class='ocrx_word' id='word_1_697' title='bbox 2022 5045 2104 5099; x_wconf 81' lang='lat' dir='ltr'><strong>fa-</strong></span> 
     </span>
    </p>
   </div>
   <div class='ocr_carea' id='block_1_97' title="bbox 524 5137 2103 5211">
    <p class='ocr_par' dir='ltr' id='par_1_97' title="bbox 524 5137 2103 5211">
     <span class='ocr_line' id='line_1_97' title="bbox 524 5137 2103 5211; baseline -0.006 -9"><span class='ocrx_word' id='word_1_698' title='bbox 524 5149 718 5204; x_wconf 87' lang='lat' dir='ltr'><strong>ciendo</strong></span> <span class='ocrx_word' id='word_1_699' title='bbox 739 5163 865 5204; x_wconf 90' lang='lat' dir='ltr'><strong>cum</strong></span> <span class='ocrx_word' id='word_1_700' title='bbox 920 5161 980 5202; x_wconf 89' lang='lat' dir='ltr'><strong>se</strong></span> <span class='ocrx_word' id='word_1_701' title='bbox 1009 5145 1077 5200; x_wconf 83' lang='lat' dir='ltr'><strong>ab</strong></span> <span class='ocrx_word' id='word_1_702' title='bbox 1109 5143 1361 5211; x_wconf 88' lang='lat' dir='ltr'><strong>incertis,</strong></span> <span class='ocrx_word' id='word_1_703' title='bbox 1398 5138 1844 5209; x_wconf 79' lang='lat' dir='ltr'><strong>transversisque</strong></span> <span class='ocrx_word' id='word_1_704' title='bbox 1891 5137 2103 5193; x_wconf 85' lang='lat' dir='ltr'><strong>semitis</strong></span> 
     </span>
    </p>
   </div>
   <div class='ocr_carea' id='block_1_98' title="bbox 526 5229 2103 5310">
    <p class='ocr_par' dir='ltr' id='par_1_98' title="bbox 526 5229 2103 5310">
     <span class='ocr_line' id='line_1_98' title="bbox 526 5229 2103 5310; baseline -0.006 -18"><span class='ocrx_word' id='word_1_705' title='bbox 526 5233 834 5304; x_wconf 62' lang='lat' dir='ltr'><strong>abduxerit,</strong></span> <span class='ocrx_word' id='word_1_706' title='bbox 863 5238 1039 5310; x_wconf 79' lang='lat' dir='ltr'><strong>magis</strong></span> <span class='ocrx_word' id='word_1_707' title='bbox 1072 5236 1130 5292; x_wconf 90' lang='lat' dir='ltr'><strong>in</strong></span> <span class='ocrx_word' id='word_1_708' title='bbox 1162 5245 1314 5293; x_wconf 89' lang='lat' dir='ltr'><strong>recta</strong></span> <span class='ocrx_word' id='word_1_709' title='bbox 1360 5251 1421 5292; x_wconf 91' lang='lat' dir='ltr'><strong>se</strong></span> <span class='ocrx_word' id='word_1_710' title='bbox 1466 5236 1552 5290; x_wconf 88' lang='lat' dir='ltr'><strong>via</strong></span> <span class='ocrx_word' id='word_1_711' title='bbox 1583 5230 1971 5288; x_wconf 87' lang='lat' dir='ltr'><strong>conservabit:</strong></span> <span class='ocrx_word' id='word_1_712' title='bbox 2027 5229 2103 5283; x_wconf 89' lang='lat' dir='ltr'><strong>ita</strong></span> 
     </span>
    </p>
   </div>
   <div class='ocr_carea' id='block_1_99' title="bbox 528 5320 2111 5405">
    <p class='ocr_par' dir='ltr' id='par_1_99' title="bbox 528 5320 2111 5405">
     <span class='ocr_line' id='line_1_99' title="bbox 528 5320 2111 5405; baseline -0.007 -22"><span class='ocrx_word' id='word_1_713' title='bbox 528 5326 959 5388; x_wconf 57' lang='lat' dir='ltr'><strong>animus&#39;nbster</strong></span> <span class='ocrx_word' id='word_1_714' title='bbox 980 5336 1024 5384; x_wconf 83' lang='lat' dir='ltr'><strong>&#39;a</strong></span> <span class='ocrx_word' id='word_1_715' title='bbox 1051 5331 1218 5387; x_wconf 87' lang='lat' dir='ltr'><strong>rebus</strong></span> <span class='ocrx_word' id='word_1_716' title='bbox 1252 5328 1511 5383; x_wconf 87' lang='lat' dir='ltr'><strong>inanibus</strong></span> <span class='ocrx_word' id='word_1_717' title='bbox 1539 5340 1787 5387; x_wconf 88' lang='lat' dir='ltr'><strong>aversus,</strong></span> <span class='ocrx_word' id='word_1_718' title='bbox 1834 5323 1888 5377; x_wconf 89' lang='lat' dir='ltr'><strong>in</strong></span> <span class='ocrx_word' id='word_1_719' title='bbox 1937 5320 2111 5405; x_wconf 59' lang='lat' dir='ltr'><strong>rebus</strong></span> 
     </span>
    </p>
   </div>
   <div class='ocr_carea' id='block_1_100' title="bbox 530 5411 2105 5489">
    <p class='ocr_par' dir='ltr' id='par_1_100' title="bbox 530 5411 2105 5489">
     <span class='ocr_line' id='line_1_100' title="bbox 530 5411 2105 5489; baseline -0.008 -16"><span class='ocrx_word' id='word_1_720' title='bbox 530 5432 649 5485; x_wconf 88' lang='lat' dir='ltr'><strong>quae</strong></span> <span class='ocrx_word' id='word_1_721' title='bbox 679 5429 825 5487; x_wconf 87' lang='lat' dir='ltr'><strong>sunt,</strong></span> <span class='ocrx_word' id='word_1_722' title='bbox 853 5414 1140 5476; x_wconf 75' lang='lat' dir='ltr'><strong>veritatem</strong></span> <span class='ocrx_word' id='word_1_723' title='bbox 1170 5412 1332 5489; x_wconf 90' lang='lat' dir='ltr'><strong>plane</strong></span> <span class='ocrx_word' id='word_1_724' title='bbox 1353 5426 1630 5489; x_wconf 85' lang='lat' dir='ltr'><strong>agnoscet.</strong></span> <span class='ocrx_word' id='word_1_725' title='bbox 1660 5413 1846 5483; x_wconf 89' lang='lat' dir='ltr'><strong>Itaque</strong></span> <span class='ocrx_word' id='word_1_726' title='bbox 1868 5411 1934 5466; x_wconf 89' lang='lat' dir='ltr'><strong>de</strong></span> <span class='ocrx_word' id='word_1_727' title='bbox 1955 5425 2105 5464; x_wconf 63' lang='lat' dir='ltr'><strong>sum.</strong></span> 
     </span>
    </p>
   </div>
   <div class='ocr_carea' id='block_1_101' title="bbox 2215 4664 3797 4746">
    <p class='ocr_par' dir='ltr' id='par_1_101' title="bbox 2215 4664 3797 4746">
     <span class='ocr_line' id='line_1_101' title="bbox 2215 4664 3797 4746; baseline -0.004 -17"><span class='ocrx_word' id='word_1_728' title='bbox 2215 4677 2303 4739; x_wconf 81' lang='grc' dir='ltr'><strong>Ὠς</strong></span> <span class='ocrx_word' id='word_1_729' title='bbox 2331 4678 2360 4728; x_wconf 88' lang='grc' dir='ltr'>ὁ</span> <span class='ocrx_word' id='word_1_730' title='bbox 2388 4674 2494 4727; x_wconf 81' lang='grc' dir='ltr'><strong>τῶν</strong></span> <span class='ocrx_word' id='word_1_731' title='bbox 2533 4673 2963 4745; x_wconf 81' lang='grc' dir='ltr'><strong>πεπλανημένων</strong></span> <span class='ocrx_word' id='word_1_732' title='bbox 3002 4674 3204 4746; x_wconf 77' lang='grc' dir='ltr'><strong>τρίϐων</strong></span> <span class='ocrx_word' id='word_1_733' title='bbox 3234 4675 3290 4726; x_wconf 81' lang='grc' dir='ltr'><strong>ὲν</strong></span> <span class='ocrx_word' id='word_1_734' title='bbox 3318 4672 3393 4742; x_wconf 82' lang='grc' dir='ltr'><strong>τῷ</strong></span> <span class='ocrx_word' id='word_1_735' title='bbox 3432 4664 3636 4724; x_wconf 77' lang='grc' dir='ltr'><strong>ὁδεύειν</strong></span> <span class='ocrx_word' id='word_1_736' title='bbox 3671 4671 3797 4723; x_wconf 84' lang='grc' dir='ltr'><strong>ἀνα-</strong></span> 
     </span>
    </p>
   </div>
   <div class='ocr_carea' id='block_1_102' title="bbox 2205 4748 3791 4838">
    <p class='ocr_par' dir='ltr' id='par_1_102' title="bbox 2205 4748 3791 4838">
     <span class='ocr_line' id='line_1_102' title="bbox 2205 4748 3791 4838; baseline -0.003 -19"><span class='ocrx_word' id='word_1_737' title='bbox 2205 4767 2482 4838; x_wconf 88' lang='grc' dir='ltr'><strong>χωρήσας,</strong></span> <span class='ocrx_word' id='word_1_738' title='bbox 2510 4752 2603 4818; x_wconf 73' lang='grc' dir='ltr'><strong>ὲπὶ</strong></span> <span class='ocrx_word' id='word_1_739' title='bbox 2633 4765 2732 4835; x_wconf 79' lang='grc' dir='ltr'><strong>τῆς</strong></span> <span class='ocrx_word' id='word_1_740' title='bbox 2782 4764 2999 4827; x_wconf 86' lang='grc' dir='ltr'><strong>εὐθείας</strong></span> <span class='ocrx_word' id='word_1_741' title='bbox 3056 4764 3258 4834; x_wconf 78' lang='grc' dir='ltr'><strong>μᾶλλον</strong></span> <span class='ocrx_word' id='word_1_742' title='bbox 3305 4748 3493 4816; x_wconf 80' lang='grc' dir='ltr'><strong>ἑαυτὸν</strong></span> <span class='ocrx_word' id='word_1_743' title='bbox 3522 4762 3791 4830; x_wconf 75' lang='grc' dir='ltr'><strong>φυλάξει·</strong></span> 
     </span>
    </p>
   </div>
   <div class='ocr_carea' id='block_1_103' title="bbox 2206 4848 3793 4927">
    <p class='ocr_par' dir='ltr' id='par_1_103' title="bbox 2206 4848 3793 4927">
     <span class='ocr_line' id='line_1_103' title="bbox 2206 4848 3793 4927; baseline -0.004 -14"><span class='ocrx_word' id='word_1_744' title='bbox 2206 4851 2391 4921; x_wconf 73' lang='grc' dir='ltr'><strong>οὕτως’</strong></span> <span class='ocrx_word' id='word_1_745' title='bbox 2429 4856 2646 4927; x_wconf 77' lang='grc' dir='ltr'><strong>ήμῶνή</strong></span> <span class='ocrx_word' id='word_1_746' title='bbox 2682 4855 2887 4909; x_wconf 85' lang='grc' dir='ltr'><strong>διάνοια</strong></span> <span class='ocrx_word' id='word_1_747' title='bbox 2918 4859 2991 4927; x_wconf 82' lang='grc' dir='ltr'><strong>τῇ</strong></span> <span class='ocrx_word' id='word_1_748' title='bbox 3027 4848 3345 4927; x_wconf 81' lang='grc' dir='ltr'><strong>ἀποστροφῇ</strong></span> <span class='ocrx_word' id='word_1_749' title='bbox 3384 4854 3492 4908; x_wconf 82' lang='grc' dir='ltr'><strong>τῶν</strong></span> <span class='ocrx_word' id='word_1_750' title='bbox 3547 4853 3793 4923; x_wconf 85' lang='grc' dir='ltr'><strong>ματαίων</strong></span> 
     </span>
    </p>
   </div>
   <div class='ocr_carea' id='block_1_104' title="bbox 2206 4940 3795 5023">
    <p class='ocr_par' dir='ltr' id='par_1_104' title="bbox 2206 4940 3795 5023">
     <span class='ocr_line' id='line_1_104' title="bbox 2206 4940 3795 5023; baseline -0.005 -18"><span class='ocrx_word' id='word_1_751' title='bbox 2206 4953 2306 5023; x_wconf 80' lang='grc' dir='ltr'><strong>τὴν</strong></span> <span class='ocrx_word' id='word_1_752' title='bbox 2336 4954 2392 5005; x_wconf 82' lang='grc' dir='ltr'><strong>ὲν</strong></span> <span class='ocrx_word' id='word_1_753' title='bbox 2419 4953 2528 5012; x_wconf 83' lang='grc' dir='ltr'><strong>τοῖς</strong></span> <span class='ocrx_word' id='word_1_754' title='bbox 2557 4944 2706 5002; x_wconf 79' lang='grc' dir='ltr'><strong>οὖσιν</strong></span> <span class='ocrx_word' id='word_1_755' title='bbox 2740 4949 2997 5021; x_wconf 77' lang='grc' dir='ltr'><strong>ἀλήθειαν</strong></span> <span class='ocrx_word' id='word_1_756' title='bbox 3028 4940 3409 5016; x_wconf 79' lang='grc' dir='ltr'><strong>ἐπιγνώσεται.</strong></span> <span class='ocrx_word' id='word_1_757' title='bbox 3455 4947 3673 5001; x_wconf 81' lang='grc' dir='ltr'><strong>Ἔοικεν</strong></span> <span class='ocrx_word' id='word_1_758' title='bbox 3700 4941 3795 4998; x_wconf 75' lang='grc' dir='ltr'><strong>οὖν</strong></span> 
     </span>
    </p>
   </div>
   <div class='ocr_carea' id='block_1_105' title="bbox 2209 5037 3797 5114">
    <p class='ocr_par' dir='ltr' id='par_1_105' title="bbox 2209 5037 3797 5114">
     <span class='ocr_line' id='line_1_105' title="bbox 2209 5037 3797 5114; baseline -0.006 -18"><span class='ocrx_word' id='word_1_759' title='bbox 2209 5042 2381 5096; x_wconf 80' lang='grc' dir='ltr'><strong>ταῦτα</strong></span> <span class='ocrx_word' id='word_1_760' title='bbox 2417 5040 2694 5114; x_wconf 82' lang='grc' dir='ltr'><strong>παιδεύειν</strong></span> <span class='ocrx_word' id='word_1_761' title='bbox 2712 5040 2867 5110; x_wconf 77' lang='grc' dir='ltr'><strong>ἡμᾶς</strong></span> <span class='ocrx_word' id='word_1_762' title='bbox 2908 5044 2973 5111; x_wconf 81' lang='grc' dir='ltr'><strong>τῇ</strong></span> <span class='ocrx_word' id='word_1_763' title='bbox 3004 5041 3191 5112; x_wconf 81' lang='grc' dir='ltr'><strong>μνήμῃ</strong></span> <span class='ocrx_word' id='word_1_764' title='bbox 3236 5040 3346 5092; x_wconf 85' lang='grc' dir='ltr'><strong>τῶν</strong></span> <span class='ocrx_word' id='word_1_765' title='bbox 3369 5037 3619 5108; x_wconf 85' lang='grc' dir='ltr'><strong>μεγάλων</strong></span> <span class='ocrx_word' id='word_1_766' title='bbox 3660 5050 3797 5104; x_wconf 87' lang='grc' dir='ltr'><strong>προ-</strong></span> 
     </span>
    </p>
   </div>
   <div class='ocr_carea' id='block_1_106' title="bbox 2210 5125 3797 5210">
    <p class='ocr_par' dir='ltr' id='par_1_106' title="bbox 2210 5125 3797 5210">
     <span class='ocr_line' id='line_1_106' title="bbox 2210 5125 3797 5210; baseline -0.004 -25"><span class='ocrx_word' id='word_1_767' title='bbox 2210 5125 2669 5210; x_wconf 19' lang='grc' dir='ltr'><strong>φητῶνῆὲκέίνων,</strong></span> <span class='ocrx_word' id='word_1_768' title='bbox 2692 5130 2753 5183; x_wconf 85' lang='grc' dir='ltr'><strong>τὺ</strong></span> <span class='ocrx_word' id='word_1_769' title='bbox 2789 5131 2978 5202; x_wconf 79' lang='grc' dir='ltr'><strong>μηδενὶ</strong></span> <span class='ocrx_word' id='word_1_770' title='bbox 3003 5131 3108 5184; x_wconf 86' lang='grc' dir='ltr'><strong>τῶν</strong></span> <span class='ocrx_word' id='word_1_771' title='bbox 3135 5132 3193 5183; x_wconf 81' lang='grc' dir='ltr'><strong>ὲν</strong></span> <span class='ocrx_word' id='word_1_772' title='bbox 3231 5128 3310 5199; x_wconf 83' lang='grc' dir='ltr'><strong>τῷ</strong></span> <span class='ocrx_word' id='word_1_773' title='bbox 3338 5128 3526 5198; x_wconf 81' lang='grc' dir='ltr'><strong>κόσμῳ</strong></span> <span class='ocrx_word' id='word_1_774' title='bbox 3564 5125 3797 5179; x_wconf 82' lang='grc' dir='ltr'><strong>σπουδα-</strong></span> 
     </span>
    </p>
   </div>
   <div class='ocr_carea' id='block_1_107' title="bbox 2210 5214 3797 5296">
    <p class='ocr_par' dir='ltr' id='par_1_107' title="bbox 2210 5214 3797 5296">
     <span class='ocr_line' id='line_1_107' title="bbox 2210 5214 3797 5296; baseline -0.004 -18"><span class='ocrx_word' id='word_1_775' title='bbox 2210 5225 2453 5296; x_wconf 79' lang='grc' dir='ltr'><strong>ζομένων</strong></span> <span class='ocrx_word' id='word_1_776' title='bbox 2498 5223 2901 5295; x_wconf 72' lang='grc' dir='ltr'><strong>ὲμπλέκεσθαιο</strong></span> <span class='ocrx_word' id='word_1_777' title='bbox 2940 5223 2999 5278; x_wconf 78' lang='grc' dir='ltr'><strong>ἓν</strong></span> <span class='ocrx_word' id='word_1_778' title='bbox 3044 5223 3101 5276; x_wconf 79' lang='grc' dir='ltr'><strong>δὲ</strong></span> <span class='ocrx_word' id='word_1_779' title='bbox 3148 5223 3258 5276; x_wconf 83' lang='grc' dir='ltr'><strong>τῶν</strong></span> <span class='ocrx_word' id='word_1_780' title='bbox 3289 5214 3742 5289; x_wconf 77' lang='grc' dir='ltr'><strong>σπουδαζομένων</strong></span> <span class='ocrx_word' id='word_1_781' title='bbox 3768 5219 3797 5271; x_wconf 81' lang='grc' dir='ltr'><em>ὁ</em></span> 
     </span>
    </p>
   </div>
   <div class='ocr_carea' id='block_1_108' title="bbox 2210 5308 3798 5388">
    <p class='ocr_par' dir='ltr' id='par_1_108' title="bbox 2210 5308 3798 5388">
     <span class='ocr_line' id='line_1_108' title="bbox 2210 5308 3798 5388; baseline -0.007 -16"><span class='ocrx_word' id='word_1_782' title='bbox 2210 5318 2386 5387; x_wconf 84' lang='grc' dir='ltr'><strong>γάμος</strong></span> <span class='ocrx_word' id='word_1_783' title='bbox 2412 5316 2556 5370; x_wconf 74' lang='grc' dir='ltr'><strong>ἐστίν</strong></span> <span class='ocrx_word' id='word_1_784' title='bbox 2584 5332 2598 5348; x_wconf 89' lang='grc'><strong>·</strong></span> <span class='ocrx_word' id='word_1_785' title='bbox 2643 5315 2927 5388; x_wconf 69' lang='grc' dir='ltr'><strong>μᾶλλονδὲ</strong></span> <span class='ocrx_word' id='word_1_786' title='bbox 2955 5314 3098 5387; x_wconf 82' lang='grc' dir='ltr'><strong>ἀρχὴ</strong></span> <span class='ocrx_word' id='word_1_787' title='bbox 3133 5313 3227 5367; x_wconf 76' lang='grc' dir='ltr'><strong>καὶ</strong></span> <span class='ocrx_word' id='word_1_788' title='bbox 3268 5312 3392 5385; x_wconf 78' lang='grc' dir='ltr'><strong>ῥίζα</strong></span> <span class='ocrx_word' id='word_1_789' title='bbox 3422 5310 3524 5381; x_wconf 82' lang='grc' dir='ltr'><strong>τῆς</strong></span> <span class='ocrx_word' id='word_1_790' title='bbox 3547 5308 3658 5363; x_wconf 85' lang='grc' dir='ltr'><strong>τῶν</strong></span> <span class='ocrx_word' id='word_1_791' title='bbox 3691 5324 3798 5379; x_wconf 87' lang='grc' dir='ltr'><strong>μα-</strong></span> 
     </span>
    </p>
   </div>
   <div class='ocr_carea' id='block_1_109' title="bbox 2211 5399 3142 5478">
    <p class='ocr_par' dir='ltr' id='par_1_109' title="bbox 2211 5399 3142 5478">
     <span class='ocr_line' id='line_1_109' title="bbox 2211 5399 3142 5478; baseline -0.001 -17"><span class='ocrx_word' id='word_1_792' title='bbox 2211 5409 2376 5462; x_wconf 90' lang='grc' dir='ltr'><strong>ταίων</strong></span> <span class='ocrx_word' id='word_1_793' title='bbox 2405 5408 2666 5478; x_wconf 84' lang='grc' dir='ltr'><strong>σπουδῆς.</strong></span> <span class='ocrx_word' id='word_1_794' title='bbox 2728 5424 2735 5431; x_wconf 80' lang='lat'><em>‘</em></span> <span class='ocrx_word' id='word_1_795' title='bbox 2830 5426 2833 5429; x_wconf 49' lang='grc' dir='ltr'><strong>λ</strong></span> <span class='ocrx_word' id='word_1_796' title='bbox 3137 5399 3142 5403; x_wconf 57' lang='grc'>’</span> 
     </span>
    </p>
   </div>
   <div class='ocr_carea' id='block_1_110' title="bbox 531 5495 3803 5580">
    <p class='ocr_par' dir='ltr' id='par_1_110' title="bbox 531 5495 3803 5580">
     <span class='ocr_line' id='line_1_110' title="bbox 531 5495 3803 5580; baseline -0.003 -26"><span class='ocrx_word' id='word_1_797' title='bbox 531 5507 635 5559; x_wconf 87' lang='lat' dir='ltr'><strong>mis</strong></span> <span class='ocrx_word' id='word_1_798' title='bbox 662 5508 769 5565; x_wconf 90' lang='lat' dir='ltr'><strong>illis</strong></span> <span class='ocrx_word' id='word_1_799' title='bbox 797 5496 1081 5580; x_wconf 79' lang='lat' dir='ltr'><strong>prophetis</strong></span> <span class='ocrx_word' id='word_1_800' title='bbox 1114 5508 1563 5565; x_wconf 89' lang='lat' dir='ltr'><strong>commemoratio</strong></span> <span class='ocrx_word' id='word_1_801' title='bbox 1593 5522 1693 5561; x_wconf 89' lang='lat' dir='ltr'><strong>nos</strong></span> <span class='ocrx_word' id='word_1_802' title='bbox 1744 5506 1809 5559; x_wconf 88' lang='lat' dir='ltr'><strong>ad</strong></span> <span class='ocrx_word' id='word_1_803' title='bbox 1836 5505 1941 5558; x_wconf 88' lang='lat' dir='ltr'><strong>hoc</strong></span> <span class='ocrx_word' id='word_1_804' title='bbox 1967 5501 2187 5556; x_wconf 87' lang='lat' dir='ltr'><strong>erudire</strong></span> <span class='ocrx_word' id='word_1_805' title='bbox 2212 5501 2450 5564; x_wconf 88' lang='lat' dir='ltr'><strong>videtur,</strong></span> <span class='ocrx_word' id='word_1_806' title='bbox 2482 5509 2542 5555; x_wconf 88' lang='lat' dir='ltr'><strong>ut</strong></span> <span class='ocrx_word' id='word_1_807' title='bbox 2611 5500 2680 5556; x_wconf 90' lang='lat' dir='ltr'><strong>iis</strong></span> <span class='ocrx_word' id='word_1_808' title='bbox 2741 5500 2933 5565; x_wconf 88' lang='lat' dir='ltr'><strong>rebus,</strong></span> <span class='ocrx_word' id='word_1_809' title='bbox 2983 5515 3110 5570; x_wconf 63' lang='lat' dir='ltr'><strong>quae</strong></span> <span class='ocrx_word' id='word_1_810' title='bbox 3182 5499 3235 5553; x_wconf 88' lang='lat' dir='ltr'><strong>in</strong></span> <span class='ocrx_word' id='word_1_811' title='bbox 3295 5498 3399 5553; x_wconf 88' lang='lat' dir='ltr'><strong>hac</strong></span> <span class='ocrx_word' id='word_1_812' title='bbox 3449 5495 3564 5549; x_wconf 88' lang='lat' dir='ltr'><strong>vita</strong></span> <span class='ocrx_word' id='word_1_813' title='bbox 3629 5506 3803 5579; x_wconf 38' lang='lat' dir='ltr'><strong>expej</strong></span> 
     </span>
    </p>
   </div>
   <div class='ocr_carea' id='block_1_111' title="bbox 534 5588 3801 5673">
    <p class='ocr_par' dir='ltr' id='par_1_111' title="bbox 534 5588 3801 5673">
     <span class='ocr_line' id='line_1_111' title="bbox 534 5588 3801 5673; baseline -0.001 -28"><span class='ocrx_word' id='word_1_814' title='bbox 534 5602 739 5662; x_wconf 87' lang='lat' dir='ltr'><strong>tuntur,</strong></span> <span class='ocrx_word' id='word_1_815' title='bbox 765 5617 832 5656; x_wconf 90' lang='lat' dir='ltr'><strong>ne</strong></span> <span class='ocrx_word' id='word_1_816' title='bbox 858 5588 1237 5670; x_wconf 58' lang='lat' dir='ltr'><strong>implicentur}</strong></span> <span class='ocrx_word' id='word_1_817' title='bbox 1287 5603 1342 5658; x_wconf 90' lang='lat' dir='ltr'><strong>in</strong></span> <span class='ocrx_word' id='word_1_818' title='bbox 1370 5615 1603 5670; x_wconf 86' lang='lat' dir='ltr'><strong>quarum</strong></span> <span class='ocrx_word' id='word_1_819' title='bbox 1646 5615 1829 5655; x_wconf 85' lang='lat' dir='ltr'><strong>rerum</strong></span> <span class='ocrx_word' id='word_1_820' title='bbox 1880 5611 2109 5654; x_wconf 82' lang='lat' dir='ltr'><strong>numero</strong></span> <span class='ocrx_word' id='word_1_821' title='bbox 2147 5604 2275 5652; x_wconf 89' lang='lat' dir='ltr'><strong>sunt</strong></span> <span class='ocrx_word' id='word_1_822' title='bbox 2310 5599 2533 5669; x_wconf 66' lang='lat' dir='ltr'><strong>nuptiae,</strong></span> <span class='ocrx_word' id='word_1_823' title='bbox 2565 5612 2686 5669; x_wconf 78' lang='lat' dir='ltr'><strong>qua:</strong></span> <span class='ocrx_word' id='word_1_824' title='bbox 2714 5597 3019 5653; x_wconf 90' lang='lat' dir='ltr'><strong>studiorum</strong></span> <span class='ocrx_word' id='word_1_825' title='bbox 3092 5595 3334 5651; x_wconf 89' lang='lat' dir='ltr'><strong>inanium</strong></span> <span class='ocrx_word' id='word_1_826' title='bbox 3360 5605 3545 5648; x_wconf 87' lang='lat' dir='ltr'><strong>semen</strong></span> <span class='ocrx_word' id='word_1_827' title='bbox 3615 5588 3801 5673; x_wconf 62' lang='lat' dir='ltr'><strong>potius</strong></span> 
     </span>
    </p>
   </div>
   <div class='ocr_carea' id='block_1_112' title="bbox 535 5691 1273 5763">
    <p class='ocr_par' dir='ltr' id='par_1_112' title="bbox 535 5691 1273 5763">
     <span class='ocr_line' id='line_1_112' title="bbox 535 5691 1273 5763; baseline 0.023 -29"><span class='ocrx_word' id='word_1_828' title='bbox 535 5693 677 5750; x_wconf 46' lang='lat' dir='ltr'><strong>sunt,</strong></span> <span class='ocrx_word' id='word_1_829' title='bbox 718 5699 878 5762; x_wconf 83' lang='lat' dir='ltr'><strong>atque</strong></span> <span class='ocrx_word' id='word_1_830' title='bbox 916 5691 1273 5763; x_wconf 87' lang='lat' dir='ltr'><strong>principium.</strong></span> 
     </span>
    </p>
   </div>
  </div>
