4026 6432
230 394 329 455 355

309 634 433 707 ‘On
453 654 607 709 οὐδὲ
636 657 673 711 δ
688 655 878 729 γάμος
901 658 1019 714 τῶν
1039 661 1551 747 κατεγνωσμένων
1569 634 1766 719 ἐστίν.
1788 631 1799 640 ι

308 787 520 859 Μηδεὶς
542 791 600 844 δὲ
627 793 719 847 διὰ
733 793 936 872 τούτων
961 776 1336 867 ἡμᾶς’ἀθετεῖν
1361 798 1553 852 οἰέσθω
1574 798 1671 871 τὴν
1694 803 1836 854 οἰκο-

240 879 434 949 νομίαν
472 881 572 934 τοῦ
632 885 844 954 γάμουο
872 887 931 939 οὐ
969 887 1080 959 γὰρ
1130 888 1433 960 ἀγνοοῦμεν
1455 890 1537 944 ὅτι
1565 891 1660 944 καὶ
1682 885 1836 957 οὗτος

241 973 339 1042 τῆς
365 972 462 1024 τοῦ
486 972 626 1027 Θεοῦ
662 976 912 1045 εὐλογίας
942 980 1042 1032 οὐκ
1089 980 1475 1052 ἠλλοτρίωταιο
1505 981 1619 1036 ἀλλ’
1650 984 1835 1057 ἐπειδὴ

238 1061 432 1115 τούτου
467 1063 567 1131 μὲν
602 1065 884 1138 αὐτάρκης
906 1070 1201 1142 συνήγορος
1233 1070 1329 1124 καὶ
1365 1073 1398 1142 ἡ
1428 1072 1579 1143 κοινὴ
1610 1074 1718 1127 τῶν
1740 1074 1835 1128 ἀν-

241 1149 481 1221 θρώπων
509 1153 675 1221 φύσις
703 1157 871 1222 ἐστὶν,
906 1159 1210 1230 αὐτόματον
1241 1161 1338 1230 τὴν
1358 1161 1504 1234 πρὸς
1522 1162 1591 1217 τὰ
1615 1164 1838 1222 τοὲαὖτα

241 1248 419 1318 ῥοπὴν
464 1251 738 1306 ἐντιθεῖσα
777 1255 911 1307 πᾶσι
956 1257 1071 1320 τοῖς
1102 1256 1189 1325 διὰ
1234 1256 1415 1329 γάμου
1447 1250 1728 1330 προϊοῦσιν
1755 1263 1835 1327 εἰς

236 1341 496 1411 γέννησιν
521 1359 534 1371 ·
588 1343 885 1398 ἀντιϐαίνει
911 1346 968 1398 δέ
1007 1365 1122 1411 πως
1162 1348 1195 1419 ή
1238 1334 1507 1419 παρθενία
1549 1355 1617 1424 τῇ
1651 1351 1831 1422 φύσει⁸

236 1429 497 1500 περιττὸν
529 1430 595 1484 ἂν
635 1433 720 1502 εἴη
762 1435 892 1505 περὶ
924 1435 1104 1506 γάμου
1140 1440 1456 1511 προτροπὴν
1505 1442 1599 1495 καὶ
1631 1443 1832 1514 παραί-

234 1536 384 1572 νεσιν
415 1519 723 1589 φιλοπόνως
782 1525 1140 1596 συγγράφειν,
1185 1528 1282 1596 τὴν
1335 1529 1835 1599 δυσανταγώνιστον

232 1707 283 1756 εἰ
316 1705 393 1775 μὴ
420 1694 587 1789 »τάχα
646 1708 733 1760 διὰ
773 1709 913 1772 τοὺς.
948 1708 1018 1762 τὰ
1062 1710 1311 1782 δόγματα
1366 1714 1464 1785 τῆς
1506 1694 1835 1790 Ἐκκλησίας

230 1793 908 1878 παραχαράτσονταςτῶν
941 1799 1196 1854 τοιούτων
1223 1801 1382 1873 χρεία
1406 1802 1578 1872 λόγων
1606 1805 1672 1859 ἂν
1706 1806 1793 1878 εἴη
1812 1824 1827 1838 ·
1859 1860 1865 1871 ,

229 1884 322 1947 οὓς
345 1876 924 1960 κεκαυτηριασμένους
949 1892 1049 1963 τὴν
1079 1893 1215 1947 ἰδίαν
1258 1895 1559 1967 συνείδησιν
1588 1899 1616 1950 ὁ
1663 1876 1827 1952 Ἀπό-
1857 1887 1919 1948 Β-

1043 1968 1053 1979 .
1404 1968 1413 1977 ο

231 1976 420 2041 στολος
445 1970 704 2048 ὀνομάζει
728 1971 748 2010 θ’
772 1983 867 2034 καὶ
884 1970 1068 2048 ’καλῶς
1094 1985 1367 2056 ὀνομάζω
1386 1970 1477 2040 ’ότι
1506 1982 1832 2044 καταλιπόν-

229 2085 323 2132 τες
360 2071 466 2139 τὴν
514 2070 738 2139 όδηγίαν
789 2072 885 2126 τοῦ
936 2074 1092 2142 ἁγίου
1120 2077 1454 2148 Πνεύματος,
1480 2079 1566 2133 διά
1588 2080 1689 2151 τῆς
1725 2081 1835 2136 τῶν

228 2162 509 2233 δαιμόνων
526 2163 876 2228 διδασκαλίας
903 2166 1066 2230 οὐλάς
1081 2186 1236 2233 τινας
1256 2171 1351 2223 καὶ
1371 2172 1697 2243 ἐκκαύματα
1713 2176 1833 2239 ταῖς

228 2253 490 2324 καρδίαις
516 2253 1149 2340 αὐτῶνθέγχοιράσσονσι,
1167 2261 1236 2338 τά
1265 2261 1360 2315 τοῦ
1388 2262 1522 2317 Θεοῦ
1557 2258 1833 2336 κτίσματα

229 2344 652 2416 βδελυσσόμενοι
681 2348 754 2413 ὼς
775 2350 1080 2422 μιάσματα,
1106 2354 1199 2406 καὶ
1245 2356 1323 2418 εἰς
1359 2356 1528 2410 κακὸν
1573 2358 1829 2429 φέροντα,

228 2437 330 2490 καὶ
365 2438 559 2491 κακῶν
604 2440 773 2505 αἴτια,
808 2443 901 2495 καὶ
930 2442 997 2497 τά
1039 2445 1267 2499 τοιαῦτα
1309 2449 1828 2521 προσαγορεύοντες.

240 2529 408 2584 Ἀλλὰ
435 2530 491 2583 τί
533 2549 621 2600 μοι
654 2533 780 2598 τοὺς
818 2534 923 2599 ἔξω
946 2537 1376 2617 κρίνειγςνησῖν
1406 2541 1828 2611 δ”Απόᾳτθλοςῖ

226 2618 337 2686 ἔξω
355 2621 467 2691 γάρ
492 2624 630 2676 εἰσιν
662 2623 736 2689 ὡς
783 2622 998 2696 ἀληθῶς
1030 2629 1228 2684 ἐκεῖνοι
1269 2634 1368 2704 τῆς
1405 2630 1500 2686 τοῦ
1532 2633 1691 2704 λόγου
1720 2635 1830 2689 τῶν

232 2712 555 2783 μυστηρίων
583 2715 772 2785 αὐλῆς,
797 2717 897 2771 οὐκ
934 2721 993 2772 ἐν
1022 2723 1087 2791 τῇ
1118 2722 1296 2796 σκέπῃ
1326 2724 1418 2777 τοῦ
1447 2725 1604 2790 Θεοῦ,
1628 2726 1742 2780 ἀλλ’
1769 2729 1828 2781 ἐν

223 2806 293 2873 τῇ
328 2804 547 2890 μάνδρᾳ
567 2805 660 2858 τοῦ
685 2808 928 2889 Πονηροῦ
958 2811 1302 2882 αὐλιζόμενοι
1329 2832 1342 2846 ⁸
1368 2817 1416 2869 οἰ
1451 2816 1826 2890 ἐζωγρημένοι

226 2897 310 2958 εἰς
337 2896 399 2948 τὸ
428 2888 637 2951 ἐκείνου
662 2899 905 2980 θέλημα,
933 2904 1076 2958 κατά
1098 2904 1207 2977 τὴν
1234 2907 1329 2961 τοῦ
1350 2888 1695 2985 ’Ἀποστόλουί
1714 2905 1827 2982 ἐρω-

226 2987 347 3057 νὴν,
377 2989 477 3042 καὶ
492 2988 583 3042 διὰ
609 2991 766 3047 τοῦτο
794 2994 868 3064 μὴ
896 2996 1190 3063 συνιέντες,
1222 2999 1303 3053 ὄτι
1322 3000 1503 3072 πάσης
1525 3003 1727 3075 ἀρετῆς
1760 3005 1818 3058 ἐν

230 3080 494 3150 μεσότητι
526 3079 925 3154 θεωρουμένης,
958 3087 991 3157 ἡ
1020 3086 1112 3140 ἐπὶ
1145 3088 1211 3141 τὰ
1244 3088 1627 3163 παρακείμενα
1647 3111 1825 3166 παρα-

225 3174 405 3243 τροπὴ
424 3175 594 3229 κακία
623 3175 770 3229 ἐστίν
788 3195 802 3208 ο
832 3177 1074 3246 ὑφέσεως
1093 3180 1202 3253 γὰρ
1238 3181 1331 3259 καὶ
1358 3181 1660 3259 ἐπιτάσεως
1689 3204 1825 3259 παν-

222 3265 395 3335 ταχοῦ
426 3284 511 3330 τις
529 3267 589 3319 τὸ
622 3267 784 3337 μέσον
812 3268 1246 3349 ἐπιλαϐὼν,⁷,τὴν
1278 3256 1477 3347 ἀρετὴν
1509 3277 1573 3329 ἐκ
1604 3256 1701 3350 τῆς
1719 3256 1825 3332 καθ

225 3356 354 3420 κίας
374 3357 631 3430 διέκρινε.
664 3359 1003 3433 Σαφέστερος
1027 3362 1073 3415 δ’
1100 3362 1167 3417 ἃν
1197 3364 1329 3436 ἡμῖν
1363 3368 1392 3419 ό
1428 3366 1586 3437 λόγος
1616 3368 1824 3438 γένοιτο

224 3448 317 3501 ἐπ’
347 3448 531 3502 αὐτῶν
556 3449 665 3503 τῶν
710 3452 1053 3524 πραγμάτων
1097 3452 1447 3530 δεικνύμενος
1469 3474 1482 3487 ·
1521 3452 1701 3513 Δειλία
1728 3461 1824 3515 καὶ

224 3538 433 3611 θράσος
458 3540 551 3593 δύο
580 3542 770 3622 κακίαι
798 3543 939 3597 κατά
960 3544 1022 3598 τὸ
1045 3544 1287 3599 ἐναντίον
1328 3548 1636 3618 νοούμεναι,
1669 3551 1701 3622 ἡ
1725 3551 1823 3619 μὲν

225 3631 372 3685 κατά
411 3631 668 3703 ἔλλειψιν,
705 3618 743 3705 ἧ
786 3634 843 3688 δέ
877 3632 1017 3690 κατὰ
1052 3637 1392 3709 πλεονασμὺν
1421 3618 1820 3712 πεποιθήσεως,

234 3723 405 3793 μέσην
439 3725 790 3796 περιέχουσιν
819 3727 999 3782 αὐτῶν
1032 3730 1131 3801 τὴν
1179 3729 1449 3806 ἀνδρείαν.
1483 3730 1651 3786 Πάλιν
1665 3734 1708 3807 -ὁ
1728 3735 1821 3807 εύ-

230 3812 402 3885 σεϐὴς
435 3812 558 3868 οὔτε
595 3815 774 3882 ἄθεος,
811 3816 934 3871 οὔτε
967 3804 1319 3895 δεισιδαίμων
1345 3827 1491 3881 ἐστίν
1513 3845 1527 3859 ⁸
1578 3804 1691 3884 ἴσον
1713 3804 1822 3901 γάρ

226 3906 319 3960 ἐπ’
349 3908 556 3975 ἀμφοῖν
585 3905 648 3959 τδ
679 3907 958 3981 ἀσέϐημα,
990 3911 1085 3964 καὶ
1116 3913 1176 3966 τὸ
1206 3916 1412 3986 μηδένα
1454 3918 1605 3984 Θεὸν,
1640 3922 1735 3975 καὶ
1761 3921 1822 3975 τὸ

227 3988 462 4063 πολλοὺς
498 3994 635 4084 εἰναι
658 3999 887 4055 οἴεσθαι.
926 4002 1114 4058 Βούλει
1140 4008 1233 4060 καλ⁸
1254 4008 1323 4062 δι’
1360 4011 1561 4083 ἐτέρων
1587 4014 1822 4084 ἐπιγνῶ-

224 4105 318 4142 ναι
355 4087 417 4141 τδ
445 4088 656 4160 δόγμα;
699 4090 756 4143 '0
780 4091 969 4161 φυγὼν
996 4094 1058 4147 τὸ
1090 4096 1345 4164 φειδωλὸς
1374 4096 1511 4154 εἷναι
1542 4096 1637 4156 καὶ
1674 4107 1822 4159 ἄσω-

223 4197 340 4246 τος,
382 4181 441 4234 ἐν
458 4179 526 4251 τῇ
538 4170 647 4234 τῶν
668 4182 928 4238 ἐναντίων
950 4170 1138 4265 παθῶν
1171 4172 1520 4262 ἀναχωρήσει
1540 4193 1637 4265 τὴν
1670 4197 1821 4250 ἐλευ-

226 4272 419 4343 θερίαν
453 4273 530 4345 τῷ
552 4274 673 4344 ἧθει
704 4274 1036 4347 κατώρθωσε
1064 4296 1078 4311 ·
1113 4280 1355 4335 τοιοῦτον
1389 4285 1499 4356 γάρ
1526 4304 1578 4339 τι
1603 4290 1635 4358 ἡ
1667 4289 1820 4344 ἐλευ-

226 4366 387 4437 θερία
418 4367 584 4431 ἐστὶν,
612 4366 674 4421 τὸ
714 4369 853 4439 μήτε
888 4369 1025 4441 πρὸς
1044 4371 1145 4435 τὰς
1174 4373 1448 4445 ἀμέτρους
1476 4378 1572 4431 καὶ
1609 4381 1823 4450 ἀνωφε-

224 4459 340 4521 λεῖς
375 4459 621 4543 δαπάνας
645 4461 768 4531 εἰκῆ
788 4462 1108 4532 διαχεῖσθαι,
1139 4466 1275 4539 μήτε
1302 4468 1441 4540 πρὸς
1457 4470 1526 4524 τὰ
1549 4464 1821 4542 ἀναγκαῖα

1382 483 1389 489 δ
1594 412 1679 469 DE
1722 410 2191 475 VlltClNlTATE.

826 500 843 507 ”
867 529 1118 584 ΚΕΦΑΛ.
1137 530 1218 584 H’.
1866 541 1915 598 Α

2536 538 2764 595 CAPUT
2801 542 2932 595 Vlll.

2032 705 2037 711 -
2094 672 2208 729 Nec
2230 676 2630 730 matrimonium
2656 694 2769 731 esse
2805 679 2860 731 in
2899 676 3051 732 rebus
3082 678 3370 735 damnatis.

2006 803 2176 859 Nemo
2205 820 2335 861 vero
2364 821 2431 861 ex
2476 806 2565 870 iis,
2600 824 2722 878 qua:
2777 810 3049 874 diximus,
3084 811 3138 865 in
3197 812 3513 882 Opinionem

1936 897 2138 962 veniat,
2178 914 2278 953 nos
2313 900 2646 955 matrimonii
2712 904 3024 973 improbare
3058 896 3521 981 institutionem:

1935 1002 2044 1042 non
2073 990 2218 1043 enim
2255 990 2599 1060 ignoramus,
2650 1010 2828 1064 neque
2875 996 3009 1049 illud
3058 1012 3088 1049 a
3144 984 3527 1052 benedictione
3587 1027 3596 1034 -

1936 1079 2031 1137 Dei
2070 1080 2245 1138 fuisse
2285 1084 2545 1139 alienum.
2585 1082 2692 1139 Sed
2723 1087 2982 1155 quoniam
3034 1087 3137 1141 hoc
3171 1087 3348 1157 ipsum
3389 1075 3525 1143 satis

1936 1185 2197 1231 accurate
2260 1175 2506 1231 defendit
2567 1178 2880 1234 communis
2961 1179 3241 1233 hominum
3303 1189 3521 1246 natura,

1914 1256 2057 1336 'quae
2083 1282 2182 1322 sua
2214 1274 2411 1337 sponte
2462 1267 2528 1323 ad
2560 1267 2881 1337 hujusmodi
2912 1285 3000 1323 res
3035 1271 3144 1323 vim
3199 1270 3394 1324 inserit
3454 1271 3523 1326 iis

1934 1359 2029 1429 qui
2054 1360 2387 1415 matrimonii
2426 1362 2514 1416 via
2559 1363 2789 1432 quaesita
2832 1363 2898 1415 ad
2934 1362 3231 1417 liberorum
3268 1378 3527 1430 procrea-

1936 1452 2139 1508 tionem
2168 1455 2464 1509 accedunt:
2525 1468 2736 1510 naturae
2770 1456 2916 1509 enim
2949 1455 3184 1525 quodam
3242 1453 3403 1508 modo
3440 1470 3525 1509 re-

740 1541 1140 1618 }“YTPafPEW’
1185 1540 1301 1611 την,
1335 1540 1835 1611 φυσαντριγωνιστον
1914 1540 2080 1601 ἐἱειῑι
2108 1545 2918 1618 virginitas;supervacaneum
2943 1546 3153 1617 'utique
3193 1544 3360 1618 esset,
3400 1540 3523 1599 'ad-

234 1610 407 1664 αὺτοῦ
458 1612 931 1697 προϐαλλομένους
979 1610 1279 1690 (ξυνήγορον
1321 1610 1421 1692 τὴν
1446 1621 1661 1694 ἡδονὴν,
1694 1624 1835 1697 πλὴν
1914 1610 2265 1695 ἠιοηῑιῑυιιὶε
2305 1610 2467 1697 atque
2494 1610 2842 1694 hortationes
2886 1638 2954 1693 de
2996 1610 3291 1693 matrimoni

1935 1637 2265 1695 monitiones
2305 1648 2467 1710 atque
2494 1624 2842 1694 hortationes
2886 1638 2954 1693 de
2996 1630 3360 1693 matrimonio
3393 1638 3521 1691 dili-

1912 1736 2126 1801 'genter
2178 1731 2552 1793 conscribere,
2612 1747 2738 1786 cum
2775 1731 3031 1799 voluptas
3087 1729 3209 1801 ipsa
3242 1728 3518 1792 ostendat,

1934 1836 1995 1875 se
2027 1823 2357 1877 acerrimum
2415 1822 2562 1878 illius
2626 1822 2991 1890 patrocinium
3054 1821 3358 1890 suscipere,
3414 1818 3518 1872 nisi

1939 1913 2177 1999 fortasse
2210 1924 2391 1970 tamen
2418 1915 2506 1970 his
2532 1914 2881 1995 sermonibus
2930 1918 3273 1988 opusesset.
3298 1918 3523 1989 propter

1910 1990 2054 2071 “eos,
2120 1990 2213 2077 qui
2248 1990 2842 2076 'Ecélesia"prmcepta
2882 1992 3055 2074 atque
3098 1992 3520 2058 inStituta‘cor-
3550 1990 3575 2043 ἠ

1936 2101 2199 2164 rumpunt
2234 2114 2248 2150 :
2289 2110 2429 2165 quos
2479 2094 2836 2150 cauteria‘tam
2899 2109 3054 2150 suam
3120 2091 3520 2147 conscientiam

1936 2185 2200 2242 habentes
2240 2197 2398 2241 vocat
2429 2186 2728 2257 Apostolus
2753 2188 2797 2251 ³,
2843 2192 2898 2240 et
2942 2190 3093 2239 recte
3128 2190 3308 2247 vocat,
3389 2197 3520 2252 pro-

1935 2285 2121 2348 pterea
2169 2279 2335 2348 quod,
2373 2279 2626 2348 spiritum
2658 2278 2869 2351 ducem
2900 2272 3285 2351 relinquendo,
3317 2272 3522 2327 daemo-

1938 2355 2150 2422 niorum
2183 2367 2452 2423 doctrinis
2488 2352 2778 2421 cicatrices
2825 2350 3117 2435 quasdam,
3177 2370 3341 2432 atque
3397 2362 3519 2415 inu-

1935 2461 2142 2515 Stioncs
2170 2461 2434 2515 cordibus
2466 2461 2583 2516 suis
2617 2459 2960 2529 imprimunt,
2994 2470 3084 2511 res
3119 2469 3149 2508 a
3179 2454 3288 2509 Deo
3305 2464 3519 2508 creatas

1934 2553 2288 2620 detestantes.
2322 2553 2485 2623 quasi
2521 2550 2891 2622 iinpurze'illae
2920 2549 3051 2610 sint,
3085 2545 3150 2623 ad
3200 2547 3521 2629 malumque

1936 2646 2175 2710 trahant,
2211 2653 2375 2715 atque
2409 2649 2464 2698 in
2496 2660 2663 2699 causa
2694 2643 2806 2698 sint
2852 2642 3146 2703 malorum,
3182 2646 3236 2693 et
3263 2638 3379 2693 haec
3436 2644 3520 2690 at-

1935 2752 2042 2806 que
2068 2738 2172 2791 alia
2204 2736 2480 2806 ejusmodi
2515 2736 2783 2791 dicentes.
2838 2732 2908 2787 At
2935 2733 3068 2802 quid
3101 2730 3168 2785 ad
3194 2746 3282 2785 me
3330 2736 3517 2784 extra-

1931 2844 2066 2885 neos
2094 2829 2364 2900 judicare,
2399 2828 2579 2899 inquit
2604 2827 2902 2898 Apostolus
2922 2826 3009 2879 “’7
3054 2822 3309 2879 Extranei
3344 2823 3514 2890 enim,

1906 2912 1987 2979 ὀι
2012 2912 2181 2976 ὀιίοῐιί
2215 2904 2273 2976 re
2306 2936 2434 2975 vera
2466 2930 2594 2976 sunt
2626 2904 2704 2972 illi
2738 2918 2946 2974 a"‘s‘ese
2985 2917 3396 3000 domicilioque,
3460 2916 3517 2969 in

1932 3028 2042 3083 quo
2098 3011 2489 3081 mysteriorum
2549 3024 2731 3065 sermo
2766 3010 2980 3078 positus
3013 3015 3119 3070 est,
3154 2996 3250 3077 qui
3284 2996 3402 3059 tam
3460 3003 3515 3081 in

1928 3102 2027 3159 Dei
2057 3102 2335 3174 praesidio,
2372 3100 2468 3156 sed
2502 3101 2557 3155 in
2586 3100 2850 3169 spelunca
2882 3097 3085 3153 diaboli
3138 3096 3205 3151 ad
3253 3096 3375 3165 ejus
3420 3109 3517 3149 vo-

1935 3193 2197 3247 luntatem
2226 3188 2993 3269 commoranturtsecunduin
3019 3200 3206 3269 vocem
3232 3184 3513 3255 Apostoli:

1929 3276 2330 3355 pr0ptereaque
2361 3266 2470 3336 non
2503 3266 2834 3350 intelligunt,
2861 3266 3196 3333 cum'virt'us
3229 3276 3409 3330 omnis
3460 3275 3514 3329 in

1924 3364 2310 3429 mediocritate
2337 3372 2630 3437 consistat,
2658 3371 2734 3434 id,
2762 3369 2908 3439 quod
2928 3368 2981 3421 in
3005 3369 3312 3422 contrarias
3332 3372 3516 3434 partes

1927 3458 2442 3529 convertitur,_esse
2472 3464 2688 3518 vitium.
2734 3462 2838 3527 Qui
2875 3460 3020 3516 enim
3054 3460 3109 3513 in
3140 3458 3396 3513 omnibus
3430 3471 3517 3510 re-

1922 3557 2030 3612 bus
2050 3551 2114 3612 et
2148 3557 2291 3626 ejus,
2340 3554 2485 3625 quod
2517 3547 2736 3624 parum,
2775 3560 2828 3607 et
2863 3538 3033 3614 illius,
3064 3548 3226 3619 'quod
3277 3547 3511 3627 nimium

1924 3656 2030 3713 est,
2058 3647 2493 3704 mediocritatem
2521 3645 2692 3715 capit,
2728 3643 2820 3698 hic
2853 3643 3044 3697 vitium
3087 3657 3118 3696 a
3169 3642 3371 3696 virtute
3400 3631 3514 3693 dis-

1925 3739 2112 3795 tinxit.
2152 3738 2404 3813 Quaestio
2451 3737 2567 3792 hare
2602 3735 2868 3791 illuStrior
2898 3735 3025 3800 erit;
3071 3733 3116 3788 si
3162 3731 3326 3788 rebus
3377 3734 3510 3803 ipsis

1908 3819 2364 3887 demonstretur.
2433 3827 2609 3883 Metus
2642 3836 2695 3883 et
2742 3826 2993 3891 audacia,
3026 3824 3137 3879 duo
3196 3840 3226 3879 e
3286 3826 3509 3896 regione

1923 3925 2103 3997 posita
2133 3924 2263 3978 vitia
2296 3929 2583 3994 putantur,
2614 3920 2703 3974 hic
2744 3919 2986 3989 quidem,
3037 3917 3298 3988 quaniam
3336 3917 3509 3972 conﬁ-

1922 4019 2122 4075 dentiae
2154 4016 2377 4071 modum
2413 4014 2640 4078 deserit,
2670 4013 2770 4066 'illa
2792 4011 2943 4091 quia
2974 4020 3265 4091 superat,
3303 4009 3511 4089 medio-

1906 4110 2174 4164 ‘critatem
2208 4109 2516 4173 continent,
2563 4120 2684 4175 quae
2740 4084 2797 4157 in
2858 4084 3184 4189 ltortitudine
3237 4084 3505 4156 cernitur.

1923 4200 2161 4265 Rursus,
2197 4200 2289 4270 qui
2325 4200 2588 4269 pietatem
2643 4196 2797 4257 colit,
2833 4195 2880 4250 is
2914 4208 3093 4262 neque
3138 4192 3338 4261 impius
3400 4199 3504 4252 cst,

1922 4308 2100 4362 neque
2134 4290 2592 4362 superstitiosus;
2631 4289 2685 4368 in
2719 4294 2953 4370 utroque
2981 4286 3126 4338 enim
3173 4298 3329 4352 aeque
3366 4284 3508 4337 inest

1906 4382 2176 4460 impietas
2212 4374 2421 4447 (alter,
2461 4364 2590 4447 quia
2618 4362 3029 4446 Deutnltn'ega't;
3072 4375 3504 4451 alterquoniant

1919 4473 2123 4529 multos
2170 4488 2292 4527 esse
2339 4471 2619 4540 Opinalur.
2673 4468 2842 4523 Visne
2877 4469 2982 4523 hoc
3036 4468 3216 4538 ipsum
3278 4483 3344 4523 ex
3380 4468 3507 4524 aliis

230 4552 571 4623 μικρολόγως
594 4553 758 4625 ἔχειν.
793 4552 951 4609 Οὕτω
973 4557 1067 4631 καὶ
1091 4552 1315 4615 ἐπὶτῶν
1345 4561 1554 4635 λοιπῶν
1578 4566 1815 4635 πάντων,

1923 4563 2296 4637 cognoscere?
2347 4562 2451 4629 Qui
2486 4563 2539 4615 in
2574 4561 2756 4617 avaris
2812 4575 2876 4614 ac
2909 4560 3152 4631 prodigis
3187 4575 3313 4615 esse
3350 4577 3525 4645 rccucl

226 4642 320 4695 ἴνα
358 4642 437 4713 μὴ
488 4645 600 4732 τοῖς
650 4643 988 4702 καθέκαστον
1028 4649 1354 4723 ἐπεξίωμεν,
1397 4654 1496 4726 τὴν
1548 4657 1822 4732 μεσότητα

1923 4663 2029 4718 sat,
2073 4653 2369 4727 contrariis
2398 4652 2542 4707 inter
2567 4666 2627 4707 se
2663 4649 2960 4732 aﬂ'ectibus
2999 4651 3251 4712 remotis,
3308 4650 3506 4703 libera-

224 4732 335 4784 τῶν
362 4731 623 4787 ἐναντίων
648 4734 851 4805 ἀρετὴν
887 4736 916 4789 ό
945 4736 1103 4807 λόγος
1141 4742 1456 4814 ἐγνώρισεν.
1494 4749 1705 4807 Οὐκοῦν
1727 4731 1822 4808 καὶ

227 4822 261 4892 ἡ
298 4821 620 4895 σωφροσύνη
667 4826 901 4911 μεσότης
945 4829 1249 4911 ἐστὶν,·κα“ι
1282 4832 1677 4912 φανεράςέχει
1720 4846 1821 4910 τὰς

119 4961 123 4963 _
351 4914 589 5009 ἐκάτερα
616 4916 761 5009 πρὸς
802 4919 1002 4974 κακίαν
1041 4925 1423 4996 παρατροπὰς.
1467 4929 1526 4984 '0
1553 4920 1675 5002 ’μὲν
1709 4935 1818 5009 γὰρ

224 5004 493 5060 ἐλλείπων
525 5008 665 5062 κατά
719 5008 812 5064 τὸν
861 5010 964 5077 τῆς
999 5011 1179 5084 ψυχῆς
1202 5016 1374 5084 τόνον,
1404 5021 1497 5075 καὶ
1542 5021 1629 5078 διὰ
1659 5004 1819 5082 τοῦτο

224 5096 703 5185 εὐκαταγώνιστος
729 5100 810 5173 τῷ
845 5102 946 5174 τῆς
970 5103 1163 5185 ἡδονῆς
1199 5105 1364 5162 πάθει
1388 5112 1689 5182 γινόμενος,
1722 5120 1819 5174 καὶ

228 5182 377 5260 μηδὲ
397 5190 768 5275 προσεγγίσας
799 5195 864 5263 τῇ
907 5192 1012 5264 ὁδῷ
1044 5182 1148 5248 ¹τοῦ
1184 5197 1307 5250 κατ’
1343 5200 1543 5273 ἀρετὴν
1575 5204 1692 5275 βίου
1723 5210 1818 5263 καὶ

225 5274 527 5354 σώφρονος,
580 5285 660 5348 εἰς
708 5283 855 5356 πάθη
898 5287 999 5358 τῆς
1044 5288 1274 5361 ἀτιμίας
1306 5293 1641 5372 κατώλισθεν
1666 5316 1681 5331 ο
1710 5300 1818 5354 ὁδὲ

224 5372 517 5447 παρελθὼν
532 5374 632 5445 τῆς
651 5376 1005 5448 σωφροσύνης
1017 5378 1079 5432 τὸ
1095 5379 1344 5454 βάσιμον,
1374 5380 1469 5439 καὶ
1489 5387 1816 5460 ὑπερπεσὼν

225 5465 318 5521 τοῦ
339 5466 511 5538 μέσου
531 5466 876 5554 τῆςάρετῆς,
900 5461 1012 5523 οἷον
1028 5472 1261 5544 κρημνῷ
1274 5491 1382 5528 τινι
1404 5479 1471 5548 τῇ
1499 5476 1814 5554 διδασκαλίᾳ

222 5556 331 5612 τῶν
351 5554 629 5628 δαιμόνων
657 5552 1050 5643 ἐγκατηνέχθη,
1069 5565 1468 5635 καυτηριάζων,
1497 5553 1679 5634 καθώς
1710 5552 1814 5643 φηζ

226 5666 308 5704 σιν
335 5649 757 5715 όἋπόστολος,
813 5649 912 5723 τὴν
942 5651 1079 5707 ἰδίαν
1115 5655 1436 5728 συνείδησιν.
1487 5659 1576 5715 Ἐν
1617 5655 1815 5741 ᾧγὰρ

289 5856 311 5891 ³
336 5855 360 5913 Ι
384 5853 640 5912 Timoth.
676 5870 748 5920 Iv,
771 5854 847 5928 2..
906 5853 997 5908 ⁸⁸1
1039 5855 1167 5911 Cor.
1203 5871 1254 5922 v,
1288 5858 1374 5912 l2.

1920 4738 2361 4800 litatem'habitu
2424 4742 2662 4813 quodam
2706 4750 2860 4796 recte
2910 4728 3145 4808 coluit;'
3202 4738 3502 4794 liberalitas

1919 4828 2185 4907 enim'in
2240 4852 2306 4892 eo
2360 4836 2562 4902 elucet,
2623 4844 2682 4889 ut
2722 4851 2793 4891 ne
2842 4835 2968 4905 quis
3005 4835 3062 4889 in
3101 4840 3359 4909 sumptus
3407 4831 3500 4883 im-

1921 4931 2244 4985 moderatos
2313 4912 2653 4999 minimeque
2703 4928 2867 4983 utiles
2922 4935 3127 4982 temere
3171 4910 3505 4996 profuseque

1904 5016 2130 5094 eroget,
2166 5036 2303 5078 neve
2365 5021 2422 5076 in
2477 5021 2642 5076 rebus
2701 5008 3034 5075 necessariis
3070 5032 3272 5087 parcus
3328 5017 3400 5070 sit
3439 5030 3503 5069 ac

1898 5117 2210 5173 'remissus.
2246 5114 2429 5184 Atque
2460 5108 2545 5168 ita'
2565 5113 2621 5167 in
2650 5096 2866 5167 caneris
2888 5109 3169 5172 omnibus,
3197 5123 3268 5162 ne
3286 5107 3502 5175 singula

1902 5214 2018 5265 ‘nos
2044 5221 2463 5280 persequamur,
2495 5188 2680 5259 rerum
2711 5203 2856 5257 inter
2886 5217 2947 5257 se
2969 5197 3339 5283 pugnantium
3352 5276 3357 5281 Ι
3388 5213 3503 5281 πηοτ-

1904 5287 2274 5355 ’ᾱὶοοι-ὶιδιεηί
2296 5284 2359 5352 in
2377 5297 2580 5352 virtute
2610 5295 2850 5365 positam
2886 5307 3011 5348 esse
3035 5282 3454 5367 ratio'déﬁnivit
3482 5305 3499 5345 :

1912 5392 2101 5462 itaque
2146 5388 2506 5459 temperantia
2536 5388 2666 5441 item
2697 5368 3054 5465 mediocritas
3084 5390 3191 5448 est,
3233 5388 3398 5452 atque
3446 5382 3502 5436 in

1919 5491 2153 5553 utraque
2183 5468 2341 5552 parte
2373 5476 2771 5547 conversiones
2799 5475 2866 5529 ad
2919 5476 3111 5530 vitium
3164 5474 3326 5529 habet
3374 5488 3503 5543 per-

1920 5575 2159 5646 Spicuas.
2192 5560 2665 5640 Qui‘enim'animi
2696 5568 2959 5623 ﬁrmitate
2998 5568 3291 5646 deseritur,
3352 5567 3504 5621 volu-

1926 5665 2200 5739 ptatisque
2216 5662 2413 5720 affectu
2434 5662 2595 5717 facile
2619 5659 2878 5720 vincitur.
2912 5657 3142 5732 eamque
3171 5659 3241 5714 ob
3275 5672 3501 5713 causam
