4026 6444
573 379 675 438 335
1815 379 1870 432 S.
1915 377 2242 435 GREGORII
2277 379 2572 435 NYSSENI
3724 380 3819 440 356

574 501 639 556 ad
667 501 993 568 incorruptae
1055 506 1476 568 temperatazque
1509 499 1630 552 vitae
1661 501 1800 552 viam
1833 517 2002 570 prepe
2043 518 2149 556 non

2272 501 2542 554 Ξδελυκτὸν
2575 497 2710 554 εἶναι
2752 501 2840 552 τὸν
2901 500 3077 568 γάμον
3118 499 3380 568 ὁρίζεται,
3429 500 3622 553 ἑαυτὸν
3666 503 3814 568 στίζει

575 591 826 654 accessit,
871 591 924 644 in
956 591 1352 660 ignominiosus
1383 590 1470 644 hic
1517 591 1834 646 aliectioncs
1889 594 2147 662 delapsus

2272 597 2358 658 τοῖς
2385 593 2477 646 τοῦ
2503 592 2680 662 γάμου
2714 592 3035 660 ὀνειδισμοῖς
3053 611 3064 623 σ
3096 594 3143 644 εί
3173 591 3280 663 γὰρ
3313 592 3374 644 τὺ
3397 593 3618 663 δένδρον
3646 595 3809 664 κακὸν¹

576 681 796 740 incidit;
842 681 933 750 qui
985 697 1112 734 vero
1152 683 1527 752 temperantia:
1561 682 1695 737 ﬁnes
1743 685 1962 748 transit,
2018 696 2066 738 et
2119 700 2148 737 a

2272 684 2433 747 ιαθώς
2464 685 2596 754 φησί
2626 701 2725 736 που
2762 684 2822 736 τὸ
2863 683 3218 752 Εύαγγέλιον,
3261 685 3354 736 καὶ
3389 684 3419 736 ὁ
3454 684 3668 753 καρπὸς
3695 688 3824 738 πάν⁴

574 771 794 824 virtutis
853 773 1231 826 mediocritate
1297 773 1540 837 recedit,
1602 773 1688 827 hic
1752 775 2148 828 conscientiam

2272 795 2355 840 rm;
2375 777 2467 831 τοῦ
2497 777 2712 848 δένδρου
2745 775 2916 841 ἄξιος.
2939 777 3001 829 Ei
3033 776 3097 847 δὴ
3131 775 3225 830 τοῦ
3252 776 3421 844 φυτοῦ
3445 775 3541 829 τοῦ
3575 777 3713 829 κατά
3745 778 3823 830 τὸν

575 878 752 925 suam,
789 865 966 933 inquit
995 865 1308 934 Apostolus,
1342 865 1695 919 canteriatam
1724 865 1950 930 habens,
1975 867 2026 920 in
2057 867 2153 919 ali-

2272 870 2428 939 ξάμον
2481 868 2767 938 βλάστημα
2817 869 2912 921 καὶ
2947 868 3159 938 καρπός
3186 868 3332 919 ἐστιν
3365 869 3394 919 6
3423 867 3731 936 ἄνθρωπος,
3766 868 3824 922 τά

577 971 712 1020 quas
758 956 1154 1010 damoniorum
1214 957 1480 1010 doctrina:
1532 957 1775 1012 salebras
1831 960 2154 1028 compulsus

2272 959 2347 1014 τοῦ
2378 961 2556 1031 γάμου
2591 961 2765 1030 ὀνείδη
2814 961 3032 1023 πάντως
3061 957 3155 1012 τοῦ
3205 961 3578 1028 προφέροντος
3611 957 3818 1025 γίνεται.

577 1046 828 1098 incurrit.
864 1045 995 1098 Nam
1036 1045 1180 1114 quod
1212 1046 1617 1101 matrimonium
1658 1049 1984 1102 detestabile
2036 1066 2160 1104 esse
2198 1052 2414 1115 statuit,
2489 1051 2898 1105 matrimonium
2969 1049 3148 1118 ipsum
3188 1048 3576 1118 vituperando,
3625 1062 3684 1101 se
3721 1047 3824 1115 ipse

578 1137 914 1191 consrindit:
946 1138 991 1192 si
1020 1138 1163 1192 enim
1197 1138 1362 1191 arbor
1384 1140 1546 1203 mala,
1578 1149 1636 1194 ut
1659 1147 1740 1194 est
1763 1142 1998 1209 quodam
2059 1142 2179 1195 loco
2218 1141 2273 1195 in
2313 1141 2614 1212 Evangelia
2647 1141 2712 1208 ¹¹,
2749 1140 2961 1195 fructus
2991 1139 3112 1209 ejus
3147 1139 3276 1195 item
3303 1145 3390 1193 est
3430 1137 3632 1192 arbore
3679 1138 3824 1206 place

578 1230 796 1298 dignus,
830 1230 1160 1283 matrimonii
1192 1231 1346 1300 quasi
1390 1231 1624 1302 alicujus
1685 1233 1883 1302 planta:
1932 1250 2150 1304 germen
2195 1242 2301 1299 est,
2336 1241 2501 1304 atque
2526 1233 2742 1289 fructus
2774 1233 2958 1290 homo.
3027 1231 3162 1298 Quae
3207 1231 3374 1302 igitur
3439 1229 3560 1299 ipse
3608 1229 3666 1284 in
3719 1245 3824 1284 ma-

579 1321 894 1374 trimonium
929 1320 1175 1376 convicia
1206 1321 1449 1390 conjicit,
1499 1323 1553 1376 in
1579 1339 1703 1379 eum
1760 1323 1851 1377 illa
1902 1325 2019 1394 ipsa
2064 1323 2338 1379 recidunt.

647 1419 715 1471 At
765 1419 839 1472 illi
880 1417 1122 1488 quidem,
1154 1418 1245 1488 qui
1279 1419 1672 1474 conscientiam
1727 1420 1872 1474 nolis
1905 1421 2147 1475 inustam

2334 1419 2472 1473 Ἀλλ’
2502 1420 2698 1473 ἐκεῖνοι
2747 1418 2845 1488 μὲν
2889 1414 3204 1488 στιγματίαι
3248 1413 3347 1486 τὴν
3396 1413 3699 1484 συνείδησιν
3740 1413 3824 1467 καὶ

576 1511 798 1576 habent,
857 1518 1019 1580 atque
1061 1526 1128 1565 ex
1179 1511 1462 1565 sententiae
1520 1511 1860 1566 absurditate
1915 1519 2044 1566 sunt
2071 1511 2154 1566 ci-

2272 1510 2887 1583 ιαταμεμωλωπισμένοι
2941 1513 3006 1582 τῇ
3053 1509 3254 1581 ἀτοπίᾳ
3298 1508 3395 1562 τοῦ
3443 1509 3709 1579 δόγματος
3745 1508 3822 1563 διὰ

578 1592 782 1656 calrice
837 1602 1072 1670 quadam
1135 1601 1336 1667 allecti,
1384 1602 1652 1671 ejusmodi
1706 1604 1871 1658 rebus
1921 1604 2156 1659 convin-

2272 1603 2360 1656 τῶν
2393 1601 2650 1657 τοιούτων
2682 1602 3014 1671 ἐλέγχονται.
3054 1600 3248 1671 Ἡμεῖς
3283 1599 3340 1652 δὲ
3366 1599 3546 1653 ταῦτα
3586 1599 3678 1652 καὶ
3708 1597 3821 1668 περὶ

579 1702 796 1746 cuntur.
861 1691 970 1747 Nos
1025 1707 1154 1747 vero
1214 1691 1281 1747 de
1327 1694 1679 1748 matrimonio
1736 1695 1811 1748 ita
1865 1696 2155 1761 sentimus,

2272 1694 2348 1748 τοῦ
2394 1693 2574 1764 γάμου
2623 1691 2984 1763 γινώσκομεν,
3041 1692 3115 1756 ὡς
3160 1691 3242 1744 δεῖ
3285 1691 3703 1761 προηγουμένην
3736 1689 3821 1760 μὲν

580 1794 834 1853 Oportere
889 1799 988 1839 nos
1023 1799 1208 1839 rerum
1266 1785 1574 1839 divinarum
1637 1787 1880 1842 studium
1938 1803 2160 1843 curam-

2272 1780 2398 1838 εἶναι
2428 1783 2525 1855 τὴν
2554 1783 2774 1854 περὶτὰ
2821 1783 2940 1836 θεῖα
2977 1781 3213 1851 σπουδήν
3238 1798 3300 1834 τε
3343 1781 3444 1834 καὶ
3483 1780 3817 1850 ἐπιμέλειαν,

581 1892 684 1944 que
714 1876 841 1929 huic
869 1875 1204 1930 matrimonii
1231 1875 1406 1930 oﬂicio
1436 1876 1728 1943 anteferre,
1767 1894 1945 1947 neque
1977 1889 2157 1936 tamen

2272 1877 2358 1946 τῆς
2388 1876 2444 1929 δὲ
2472 1875 2566 1929 τοῦ
2596 1873 2775 1945 γάμου
2807 1873 3148 1944 λειτουργίας
3184 1873 3259 1944 μὴ
3300 1873 3580 1943 ὑπερορᾷν
3620 1871 3706 1924 τὸν
3727 1887 3819 1924 aw-

580 1982 703 2019 cum
739 1967 1042 2037 despicere,
1092 1967 1184 2036 qui
1233 1974 1536 2038 temperate
1593 1968 1709 2036 illo,
1769 1984 1833 2024 ac
1881 1969 2160 2026 moderate

581 2057 657 2110 uti
710 2066 886 2127 potest
923 2077 935 2112 :
984 2059 1164 2128 qualis
1212 2059 1525 2128 patriarcha
1563 2057 1716 2115 lsaac
1756 2061 1875 2127 fuit,
1923 2062 2017 2132 qui
2049 2079 2158 2117 non

582 2149 905 2205 ﬂorescente
929 2159 1107 2214 actate,
1151 2158 1212 2205 ut
1248 2151 1522 2207 all'ectioni
1559 2153 1875 2224 conjugium
1907 2157 2158 2220 serviret,

582 2240 676 2295 sed
712 2241 977 2296 exhausta
1015 2243 1127 2311 jam
1159 2243 1553 2310 adolescentia,
1599 2245 1668 2299 ob
1714 2244 1805 2300 Dei
1856 2246 1909 2300 in
1954 2248 2162 2303 semine

581 2333 1042 2400 benedictionem,
1094 2333 1399 2389 Rebeccam
1437 2335 1491 2388 in
1527 2337 1937 2391 matrimonium
1965 2339 2158 2394 duxit:

583 2426 670 2479 cni
718 2441 840 2479 cum
885 2441 1061 2494 usque
1091 2427 1158 2479 ad
1191 2442 1362 2482 unum
1395 2436 1614 2498 partum
1641 2445 1862 2498 operam
1896 2431 2161 2499 dedisset,

584 2534 778 2572 rursus
814 2518 866 2571 in
915 2519 1100 2584 rebus,
1134 2535 1255 2588 quae
1297 2521 1475 2576 oculis
1513 2537 1622 2575 non
1665 2534 1987 2587 cernuntur,
2015 2534 2162 2581 totus

584 2607 711 2671 fuit,
757 2609 961 2664 clausis
991 2611 1241 2679 corporis
1277 2611 1552 2667 sensibus.
1597 2611 1649 2667 ld
1687 2613 1833 2667 enim
1857 2615 2164 2687 signiﬁcare

583 2700 717 2754 mihi
767 2700 983 2754 videtur
1028 2700 1285 2767 historia,
1330 2718 1451 2772 quae
1492 2719 1711 2775 gravem
1762 2707 1905 2762 illius
1937 2710 2166 2778 patriar-

585 2791 701 2846 chae
753 2791 1041 2846 oculorum
1073 2791 1327 2847 obtutum
1360 2803 1773 2851 commemorat.
1820 2797 2000 2869 Atque
2049 2801 2164 2855 hzec

584 2884 803 2953 quidem
849 2884 922 2937 ita
973 2898 1033 2939 se
1070 2884 1326 2951 habeant,
1372 2886 1833 2954 quemadmodum
1869 2889 1937 2944 iis
1986 2891 2060 2946 ita
2105 2907 2166 2948 se

587 2975 790 3029 habere
822 2974 1104 3041 videntur,
1136 2977 1230 3047 qui
1258 2977 1530 3047 ejusmodi
1558 2995 1645 3035 res
1667 2983 1976 3051 perspicere
2008 2985 2166 3053 plane

587 3065 790 3120 sciunt.
823 3064 936 3121 Nos
984 3082 1137 3131 vero,
1171 3084 1292 3137 qua:
1335 3070 1404 3122 ad
1439 3071 1705 3126 orationis
1747 3074 2163 3143 perpetuitatem

2261 1968 2470 2039 φρόνως
2501 1985 2560 2021 τε
2581 1968 2674 2021 καὶ
2703 1967 3134 2039 μεμετρημένως
3169 1965 3475 2036 κεχρῆσθαι
3503 1965 3782 2034 δυνάμενον
3803 1979 3817 1996 ο

2261 2059 2372 2125 οἶος
2395 2059 2460 2132 ἦν
2489 2063 2516 2114 6
2556 2060 2896 2131 πατριάρχης
2951 2057 3170 2120 Ἰσαάκ,
3227 2057 3286 2120 ὃς
3330 2058 3436 2110 οὐκ
3469 2059 3528 2109 ὲν
3553 2058 3698 2127 ἀκμῇ
3737 2055 3820 2123 τῆς

2261 2152 2475 2222 ἡλικίας
2500 2192 2514 2216 ,
2541 2151 2626 2204 ἵνα
2665 2151 2740 2221 μὴ
2767 2150 2970 2213 πάθους
3001 2148 3161 2219 ἔργον
3187 2150 3214 2201 6
3242 2147 3425 2218 γάμος
3453 2148 3691 2216 γένηται,
3720 2145 3818 2200 ἀλλ’

2262 2241 2362 2311 ἤδη
2400 2240 2498 2310 τῆς
2535 2240 2786 2310 νεότητος
2830 2237 3274 2308 ὕπαναλωθείσης
3309 2237 3463 2307 αὐτῷ
3500 2237 3704 2307 δέχεται
3737 2236 3819 2306 τὴν

2261 2332 2362 2402 τῆς
2389 2332 2679 2396 Ῥεϐέκκας
2707 2331 3036 2402 συνοίκησιν,
3065 2332 3162 2402 τῆς
3186 2331 3274 2385 διά
3311 2331 3414 2402 τὴν
3453 2330 3546 2384 ἐπὶ
3581 2329 3653 2400 τῷ
3678 2327 3819 2396 σπέρο

2267 2439 2394 2493 ματι
2427 2421 2522 2474 τοῦ
2555 2421 2691 2474 Θεοῦ
2719 2421 2967 2489 εὐλογίαν
2989 2437 3001 2449 ·
3046 2420 3140 2472 καὶ
3181 2420 3343 2490 μέχρι
3374 2421 3507 2490 μιᾶς
3544 2419 3718 2481 ὠδῖνος
3741 2417 3821 2468 ὐπ-

2265 2532 2297 2585 η
2308 2518 2538 2585 ρετησας
2561 2512 2639 2584 τῷ
2663 2513 2846 2584 γάμῳ,
2882 2512 3042 2566 πάλιν
3069 2511 3176 2564 τῶν
3204 2511 3457 2582 ἀοράτων
3483 2511 3601 2574 ὅλος
3629 2505 3710 2579 ἦν,
3736 2506 3820 2578 μύ-

2268 2625 2365 2670 σας
2397 2605 2466 2660 τά
2499 2605 2786 2676 σωματικά
2827 2604 3154 2674 αἰσθητήρια
3182 2618 3194 2632 '
3235 2602 3396 2656 τοῦτο
3427 2603 3536 2674 γὰρ
3563 2603 3595 2671 ὴ
3640 2599 3820 2670 ἱστορία

2264 2700 2412 2753 δοκεῖ
2453 2697 2772 2769 σημαίνειν,
2816 2695 2913 2767 τὴν
2951 2694 3230 2767 βαρύτητα
3271 2695 3384 2747 τῶν
3423 2692 3704 2764 ὀφθαλμῶν
3739 2687 3818 2747 τοῦ

2266 2793 2606 2866 πατριάρχου
2652 2789 3004 2860 διηγουμένη.
3057 2787 3216 2840 Ἀλλά
3266 2786 3446 2842 ταῦτα
3506 2786 3602 2859 μὲν
3655 2782 3818 2852 ἐχέτω,

2264 2888 2413 2950 ὅπως
2439 2886 2503 2939 ἂν
2535 2885 2677 2956 ἔχειν
2698 2885 2829 2955 δοκῇ
2867 2884 2978 2945 τοῖς
3022 2881 3091 2935 τά
3117 2881 3339 2934 τοιαῦτα
3363 2880 3602 2950 καθορᾷν
3629 2877 3820 2944 ἐπιστή-

2271 2995 2448 3050 μοσιν.
2497 2978 2689 3047 Ἥμεῖς
2717 2977 2774 3029 δὲ
2803 2976 2938 3047 πρὸς
2979 2973 3047 3028 τὰ
3082 2974 3278 3044 συνεχῆ
3325 2973 3427 3026 τοῦ
3459 2972 3614 3041 λόγου
3646 2969 3820 3040 προΐω-

2273 3087 2390 3140 μεν.
2423 3069 2489 3122 Τί
2521 3063 2614 3122 οὖν
2637 3063 2704 3138 ἦν
2729 3066 2788 3120 τὺ
2816 3067 3139 3138 λεγόμενον;
3168 3066 3290 3118 Ὅτι
3317 3064 3387 3118 ἂν
3419 3065 3512 3136 ἐξῇ
3538 3102 3552 3127 ,
3587 3062 3712 3133 μήτε
3739 3057 3820 3128 τῆς

584 3152 884 3221 pertinent,
941 3169 1356 3224 persequamur.
1393 3156 1534 3222 Quid
1566 3173 1698 3228 ergo
1733 3159 1867 3213 illud
1901 3170 1984 3216 est
2019 3162 2162 3231 quod

2272 3161 2545 3232 θειοτέρας
2587 3158 2884 3230 ἐπιθυμίας
2929 3157 3258 3227 ἀφίστασθαι
3285 3197 3300 3222 ,
3335 3158 3480 3228 μήτε
3524 3151 3820 3222 ἀποφεύγειν

588 3243 811 3308 dicitur,
839 3245 884 3298 si
910 3244 1150 3310 licuerit,
1176 3261 1353 3315 neque
1377 3261 1406 3300 a
1439 3247 1624 3303 divina
1663 3251 1942 3306 voluntate
1982 3252 2165 3309 disce-

587 3333 700 3400 dat,
754 3349 930 3406 neque
974 3337 1194 3406 nuptias
1244 3338 1457 3410 fugiat?
1503 3356 1624 3410 qua:
1655 3356 1820 3412 porro
1853 3352 2063 3400 natura:
2086 3349 2168 3400 in-

589 3429 933 3484 stitntionem
968 3440 1308 3498 aspernetur,
1343 3434 1734 3491 crimineturve
1768 3437 1842 3502 id,
1876 3439 1963 3493 cui
1993 3440 2169 3496 honos

588 3521 813 3575 attribui
851 3521 1012 3585 solet,
1049 3524 1200 3578 nulla
1244 3531 1330 3579 est
1378 3527 1558 3582 oratio
1611 3546 1624 3582 :
1687 3545 1813 3583 nam
1863 3539 1922 3585 ut
1971 3533 2028 3586 in
2080 3549 2166 3598 eo,

587 3611 730 3684 quod
754 3629 781 3666 a
801 3614 962 3669 nobis
990 3617 1300 3686 expositum
1321 3627 1425 3681 est,
1459 3633 1613 3688 aqua:
1651 3630 1702 3676 et
1723 3621 1889 3678 fontis
1916 3626 2169 3696 exemplo

587 3714 735 3774 patet
761 3723 773 3759 :
808 3722 932 3760 cum
962 3707 1015 3760 in
1041 3708 1320 3777 regionem
1350 3710 1590 3780 aliquam
1613 3713 1851 3783 agricola
1883 3717 2170 3774 canalibus

589 3812 786 3866 aquam
841 3799 1072 3864 derivat,
1118 3799 1172 3854 in
1231 3802 1524 3871 medioque
1565 3820 1731 3860 cursu
1777 3808 2067 3875 contingit,
2113 3821 2173 3864 ut

593 3888 790 3956 exiguo
828 3887 1007 3941 rivulo
1038 3903 1176 3957 opus
1208 3891 1280 3946 sit
1315 3909 1330 3946 :
1364 3898 1577 3946 tantum
1619 3894 1711 3948 ille
1741 3909 1896 3964 aqua:
1929 3896 2173 3951 diﬂluere

591 3979 873 4043 concedet,
919 3987 1183 4048 quantum
1222 3997 1360 4036 usus
1394 3981 1487 4038 ille
1525 3984 1807 4040 moderate
1835 3988 2056 4058 exigere
2087 3989 2174 4042 vi-

591 4068 770 4133 detur,
807 4087 1105 4141 rursusque
1137 4080 1362 4142 paratus
1407 4081 1512 4140 est,
1579 4084 1636 4128 ut
1686 4077 1739 4130 id
1793 4091 1917 4131 cum
1960 4078 2172 4149 reliquo

591 4161 789 4217 iterum
815 4177 970 4231 aqua:
991 4179 1157 4219 cursu
1183 4166 1626 4221 commisccatur.
1661 4167 1756 4222 Sin
1783 4178 1982 4237 autem,
2017 4187 2173 4242 aqua),

588 4251 725 4304 nihil
768 4254 1119 4318 reservando,
1168 4253 1375 4308 aditum
1415 4255 1490 4310 illi
1524 4256 1742 4312 incaute
1771 4260 1998 4328 aperiet,
2024 4262 2171 4330 peri-

590 4343 772 4398 culum
808 4345 935 4409 erit,
978 4362 1047 4401 ne
1101 4354 1215 4400 tota
1249 4363 1403 4418 aqua:
1434 4349 1539 4414 vis,
1575 4359 1787 4407 rectum
1823 4368 2048 4408 cursum
2085 4371 2173 4411 re-

592 4434 914 4504 linquendo,
942 4439 1233 4506 paludibus
1257 4455 1321 4495 ex
1349 4449 1669 4498 transverso
1704 4445 1889 4498 omnia
1915 4455 2167 4516 occupet.

2268 3253 2361 3306 τὸν
2391 3251 2588 3322 γάμον.
2635 3249 2822 3313 Οὐδείς
2854 3250 2969 3302 ἐστι
3011 3249 3169 3318 λόγος
3200 3250 3227 3302 6
3262 3247 3475 3302 ἀθετῶν
3505 3247 3600 3316 τὴν
3647 3245 3820 3298 οίκονε⁴

2273 3344 2402 3414 μίαν
2449 3345 2547 3414 τῆς
2593 3341 2808 3410 φύσεως
2830 3381 2844 3407 ,
2877 3342 2984 3395 -καὶ
3034 3341 3109 3405 ὡς
3149 3339 3438 3412 βδελυκτδν
3472 3337 3747 3430 διαϐάλλων
3772 3332 3820 3430 τδ

2268 3434 2466 3504 τίμιον.
2493 3432 2759 3502 Καθάπερ
2795 3429 2902 3502 γὰρ
2932 3431 3023 3484 ἐπὶ
3042 3430 3136 3485 τοῦ
3164 3430 3570 3502 προρῤηθέντος
3600 3428 3717 3498 ἡμῖν
3744 3428 3819 3475 του

2270 3526 2414 3580 κατὰ
2451 3526 2512 3578 τὸ
2562 3524 2707 3596 ὕδωρ
2761 3525 2855 3578 καὶ
2884 3524 2984 3594 τὴν
3029 3523 3212 3596 πηγὴν
3258 3521 3652 3592 ὑποδείγματος
3676 3557 3689 3582 ,
3716 3516 3819 3568 ὅταν

2271 3619 2363 3672 ἐπί
2407 3635 2459 3670 τι
2491 3617 2689 3688 χωρίον
2719 3614 3039 3687 διοχετεύων
3071 3617 3099 3668 6
3137 3614 3382 3686 γεωργὸς
3423 3614 3484 3667 τὸ
3532 3612 3665 3680 ὕδωρ
3690 3603 3820 3674 ἐφέλ-

2273 3727 2426 3764 κεται
2449 3751 2464 3776 ,
2491 3711 2714 3778 γένηται
2748 3709 2803 3762 δέ
2843 3725 2925 3771 τις
2967 3706 3059 3761 καὶ
3090 3707 3178 3760 διά
3209 3706 3372 3776 μέσου
3414 3705 3569 3777 χρεία
3598 3697 3820 3772 βραχείας

2273 3803 2578 3874 ἀπυρῤοῆς,
2623 3800 2873 3855 τοσοῦτον
2920 3799 3078 3871 μόνον
3112 3797 3270 3852 δώσει
3294 3797 3692 3870 παραρρυῆναι,
3720 3791 3820 3842 ὅσον

2273 3897 2338 3965 τῇ
2369 3893 2701 3966 ὲπιζητούσῃ
2746 3893 2906 3964 χρείᾳ
2962 3891 3274 3963 σύμμετρον
3319 3895 3645 3962 γενόμενον,
3685 3881 3820 3936 πάλιν

2274 3985 2508 4047 εὐκόλως
2547 3983 3008 4054 συναναμιχθῆναι
3047 3981 3126 4053 τῷ
3155 3982 3282 4053 ὅλῳ·
3329 3984 3378 4034 εί
3411 3982 3466 4035 δὲ
3499 3978 3722 4048 ἀπείρως
3744 3967 3820 4023 καὶ

2275 4075 2644 4146 εὐταμιεύτως
2686 4074 2913 4140 ἀνοίξειε
2941 4074 3020 4146 τῷ
3072 4073 3224 4128 ὕδατι
3253 4074 3352 4145 τὴν
3382 4074 3702 4145 ἀπόρροιαν,
3727 4076 3821 4116 κιν-

2275 4165 2518 4221 δυνεύσει
2550 4167 2648 4237 τῆς
2690 4165 2904 4230 εὐθείας
2942 4165 3212 4236 ἀφέμενον
3261 4165 3410 4219 ἅπαν
3439 4153 3821 4234 ἐκχαραδρωθῆ·

2275 4278 2363 4316 ναι
2415 4259 2556 4314 κατά
2611 4258 2671 4314 τὸ
2720 4257 2968 4327 πλάγιον·
3035 4257 3126 4310 τὸν
3183 4257 3346 4310 αὐτὸν
3398 4257 3613 4327 τρόπον,
3662 4241 3819 4346 ἐττειξὴ

2277 4353 2433 4425 Χρεία
2461 4351 2536 4422 τῷ
2570 4350 2669 4422 βίῳ
2709 4351 2804 4404 καὶ
2841 4349 2941 4419 τῆς
2981 4347 3039 4415 ἐξ
3078 4347 3321 4418 ἀλλήλων
3365 4344 3640 4415 διαδοχῆς,
3668 4339 3710 4391 εί
3737 4339 3820 4403 μέν

2276 4463 2361 4508 τις
2390 4444 2532 4498 οὕτω
2571 4443 2832 4514 χρήσαιτο
2872 4439 2948 4512 τῷ
2993 4441 3262 4511 γινομένῳ
3284 4480 3298 4503 ,
3329 4439 3405 4504 ὡς
3440 4429 3819 4510 προηγουμένων

593 4524 715 4578 Pari
749 4525 980 4590 ratione,
1009 4530 1270 4598 quoniam
1306 4531 1360 4584 in
1390 4531 1499 4585 vita
1535 4548 1674 4604 opus
1708 4544 1793 4590 est
1823 4545 2013 4591 mutua
2047 4553 2169 4593 suc-

2277 4535 2386 4588 τῶν
2415 4532 2824 4603 πνευματικῶν,
2859 4529 3091 4603 φειδωλῇ
3123 4533 3218 4585 καὶ
3243 4529 3617 4600 ὑπεσταλμένῃ
3646 4517 3818 4592 κεχρῆ-

593 4617 863 4681 ceSSione,
902 4617 946 4670 si
996 4621 1124 4689 quis
1173 4620 1300 4687 hoc,
1346 4623 1491 4692 quod
1521 4625 1636 4693 jam
1685 4637 2029 4684 contractum
2069 4638 2174 4698 est,

593 4709 946 4763 matrimonio
986 4711 1058 4764 ita
1115 4721 1318 4778 utetur,
1353 4723 1410 4768 ut
1445 4716 1614 4772 rebus
1650 4719 1989 4787 spiritalibus
2034 4737 2176 4792 pra:-

592 4801 810 4870 pr.silis,
841 4802 991 4856 tenui
1029 4802 1096 4857 ad
1149 4804 1425 4872 ejusmodi
1458 4823 1548 4863 res
1599 4824 1664 4865 ac
1703 4815 1936 4868 remissa
1961 4815 2179 4885 cupidi-

591 4901 707 4948 tate
756 4909 892 4948 usus
954 4895 1024 4949 sit
1075 4903 1299 4966 pr0pter
1361 4901 1626 4970 temporis
1682 4902 2034 4971 brevitatem,
2087 4907 2177 4964 hic

593 4997 904 5058 temperans
929 4995 1034 5052 est,
1063 5004 1130 5044 ex
1165 4989 1410 5058 Apostoli
1440 5005 1734 5064 praecepto,
1785 4999 2046 5067 agricola,
2083 5000 2177 5069 qui

591 5083 839 5152 seipsum
885 5082 1171 5152 sapientia:
1201 5085 1490 5155 praeceptis
1530 5088 1753 5152 excolit,
1804 5105 1907 5145 nec
1936 5092 1992 5144 in
2021 5091 2181 5145 retri-

591 5176 824 5231 bnendis
871 5174 980 5231 illis
1033 5175 1247 5246 frigidis
1286 5175 1489 5234 debitis
1526 5181 1747 5237 sordide
1791 5197 2030 5253 semper,
2078 5183 2179 5239 ab-

584 5263 842 5333 jecteque
880 5272 1186 5336 occupatus
1212 5273 1317 5328 est,
1365 5267 1458 5322 sed
1509 5283 1576 5323 ex
1625 5273 2008 5326 convenientia
2041 5287 2179 5342 qua-

589 5353 714 5409 dam
761 5356 1092 5412 munditiam
1134 5358 1305 5412 animi
1355 5359 1410 5413 in
1450 5361 1761 5416 orationum
1808 5363 1992 5419 studio
2032 5379 2170 5420 con-

593 5445 773 5499 stituit
812 5465 824 5499 :
883 5449 1034 5504 timet
1078 5448 1246 5514 enim,
1307 5466 1374 5504 ne
1422 5468 1488 5507 ex
1545 5453 1648 5506 hac.
1690 5453 1976 5511 aliectione
2021 5464 2170 5511 totus

591 5535 859 5590 efﬁciatur
890 5554 1040 5604 caro,
1070 5547 1124 5594 et
1168 5543 1415 5612 sanguis,
1457 5545 1512 5598 in
1575 5545 1777 5614 quibus
1800 5561 1919 5600 non
1955 5562 2170 5618 perma-

591 5632 682 5679 net
739 5623 983 5691 Spiritus
1021 5625 1138 5682 Dei.
1196 5630 1300 5698 Qni
1350 5651 1480 5691 vero
1533 5637 1606 5691 ita
1638 5636 1906 5707 inﬁrmus
1959 5647 2064 5704 est,
2101 5649 2171 5709 Aut

657 5805 701 5838 ¹¹
733 5800 925 5859 Matth.
961 5819 1056 5869 vn,
1097 5805 1180 5859 l8.

2278 4625 2402 4680 σθαι
2428 4627 2495 4696 τῇ
2531 4625 2657 4696 περὶ
2679 4623 2748 4676 τά
2773 4623 2998 4677 τοιαῦτα
3026 4623 3294 4694 ἐπιθυμίᾳ
3314 4665 3329 4689 ,
3361 4623 3448 4677 διά
3471 4622 3566 4693 τὴν
3602 4614 3688 4670 τοῦ
3714 4625 3816 4710 καιῖ

2281 4716 2373 4789 ροῦ
2405 4716 2687 4788 συστολὴν,
2719 4709 2874 4778 οὗτος
2897 4717 2926 4768 6
2953 4713 3184 4786 σώφρων
3213 4713 3278 4768 ἂν
3303 4715 3389 4786 εἴη
3411 4710 3645 4784 γεωργὸς
3662 4709 3818 4804 ,ικαξᾴ

2275 4809 2336 4862 τὸ
2366 4808 2732 4882 παράγγελμα
2776 4805 2870 4861 τοῦ
2918 4805 3240 4861 Ἀποστὸλου
3266 4847 3282 4871 ,
3319 4808 3417 4860 οὐκ
3467 4805 3552 4860 ἀεὶ
3582 4798 3698 4869 περὶ
3736 4798 3817 4849 τὰς

2276 4903 2561 4964 ἀποδόσεις
2585 4900 2692 4954 τῶν
2718 4899 2940 4971 ψυχρῶν
2975 4899 3197 4952 ἐκείνων
3238 4899 3564 4970 ὀφλημάτων
3597 4885 3816 4963 μικρολο⁹

2277 4993 2579 5062 γούμενος,
2626 4989 2760 5043 ἀλλὰ
2805 4989 2902 5061 τὴν
2947 4991 3012 5043 ὲκ
3065 4988 3354 5060 συμφώνου
3402 4984 3726 5056 καθαρότητα
3760 4971 3814 5062 τῇ

2279 5061 2441 5155 σχολῇ
2474 5083 2579 5136 τῶν
2627 5081 2943 5155 προσευχῶν
2971 5082 3266 5153 ἀφορίζων,
3300 5083 3328 5134 6
3370 5077 3612 5138 δεδοικὼς
3641 5070 3706 5140 μὴ
3746 5061 3817 5155 διᾷ

2276 5177 2376 5248 τῆς
2422 5173 2677 5245 τοιαύτης
2731 5173 3106 5245 προσπαθείας
3151 5175 3268 5240 ὅλος
3318 5177 3536 5244 γένηται
3578 5161 3700 5236 σάρξ
3739 5154 3816 5266 κῗξ

2279 5245 2415 5338 αἷμα
2441 5307 2454 5332 ,
2483 5269 2541 5319 ἐν
2573 5262 2653 5330 οἷς
2681 5267 2741 5320 ού
2774 5266 3072 5337 καταμένει
3104 5267 3198 5320 τοῦ
3242 5267 3378 5320 Θεοῦ
3407 5267 3466 5320 τὸ
3500 5259 3724 5326 Πνεῦμαο
3768 5245 3816 5354 :0

2278 5363 2335 5417 δὲ
2371 5361 2610 5425 ἀσθενῶς
2641 5361 2982 5430 διακείμενος
3006 5401 3020 5426 ,
3069 5361 3144 5424 ὡς
3177 5361 3251 5432 μὴ
3284 5360 3538 5416 δύνασθαι
3587 5350 3709 5422 πρὸς
3734 5355 3816 5444 την

2279 5454 2378 5526 τῆς
2405 5455 2620 5524 φύσεως
2649 5454 2820 5525 φορὰν
2848 5453 3115 5524 ἀνδρικῶς
3149 5456 3357 5525 στῆναι,
3388 5451 3638 5526 κρείττων
3663 5441 3721 5538 ἂν
3745 5449 3814 5538 ειη

2283 5550 2471 5621 πὸρῤω
2507 5548 2615 5602 τῶν
2645 5545 2903 5600 τοιούτων
2937 5549 3126 5600 ἑαυτὸν
3175 5549 3371 5618 μᾶλλον
3403 5547 3602 5614 ἀνέχων
3623 5577 3636 5601 ν
3683 5533 3712 5601 ἦ
3751 5538 3816 5630 ξίί

2282 5643 2466 5710 ἀγῶνα
2496 5639 2698 5696 κατιὼν
2746 5639 2970 5711 μείζονα
3003 5643 3101 5712 τῆς
3129 5643 3426 5713 δυνάμεως.
3460 5635 3697 5692 Κίνδυνος
3725 5626 3817 5687 γαρ
