2013 3213
161 189 216 218 351

162 250 194 277 οὺ
210 248 311 284 μικρὸς
327 246 572 282 παρακρουσθέντα
588 245 632 271 τὸν
651 243 770 270 τοιοῦτον
788 242 816 267 ὲν
830 241 863 275 τῇ
880 240 962 284 πείρα

162 296 213 330 τῆς
225 282 326 330 ἡδονῆς
340 312 348 323 ,
365 291 449 327 μηδὲν
461 291 552 325 ἕτερον
565 289 665 324 ἀγαθὸν
683 287 820 323 οἰηθῆναι,
837 285 853 320 ἢ
875 284 905 310 τὺ
918 282 963 310 διὰ

165 329 269 376 σαρκὸς
286 337 358 373 μετὰ
377 336 565 372 προσπαθείας
585 334 656 366 τινὸς
671 332 890 368 λαμϐανόμενον,
914 329 962 357 καὶ

163 375 381 420 ἀποστρέψαντα
403 380 543 412 παντελῶς
570 380 614 407 τὸν
636 377 732 405 ἑαυτοῦ
758 377 819 403 νοῦν
839 376 892 402 ἀπὸ
913 375 961 410 τῆς

163 431 221 459 τῶν
237 428 395 464 ἀσωμάτων
422 426 531 461 ἀγαθῶν
552 426 715 460 ἐπιθυμίας,
743 424 802 450 ὅλον
832 421 962 458 σαρκικὸν

163 476 317 512 γενέσθαι,
341 475 371 500 τὺ
388 475 417 500 ὲν
442 472 545 504 τούτοις
568 472 615 506 ἡδὺ
633 470 778 501 διαπαντὸς
798 468 899 504 τρόπου
915 467 962 501 θη-

165 521 302 559 ρεύοντα·
321 522 359 554 ὡς
381 521 520 556 φιλήδονον
540 516 608 545 εἶναι
630 517 728 553 μᾶλλον
753 514 865 549 αὺτδνῆ
889 513 963 547 φιλό-

165 567 239 595 Βεον.
264 567 373 602 Ἐπειδὴ
387 566 475 593 τοίνυν
489 564 532 591 διὰ
551 565 582 590 τὸ
598 563 646 598 τῆς
658 562 764 597 φύσεως
786 560 896 591 ἀσθενὲς
908 579 914 590 ,
931 558 960 585 οὺ

165 613 272 645 παντός
297 613 355 640 ἐστι
377 612 427 647 τῆς
454 613 494 643 εἰς
516 610 549 637 τὰ
575 609 686 636 τοιαῦτα
712 605 880 642 συμμετρίας
903 606 963 630 ἐπι-

166 659 329 695 τυγχάνειν,
351 658 519 685 ὲπικίνδυνον
537 657 563 683 δὲ
583 656 612 682 τὸ
625 654 677 687 ἔξω
697 653 742 680 τοῦ
764 653 862 688 μέτρου
893 659 963 685 παρ-

166 703 316 740 ενεχθὲν-τα
331 705 370 736 είς
386 704 442 730 ἰλὺν
453 702 544 738 βυθοῦ,
561 701 631 729 κατὰ
642 700 687 726 τον
699 698 862 734 Ψαλμῳδὺν,
872 697 962 731 ἐμπα-

166 753 269 787 γῆναι·
285 749 420 780 Λυσιτελὲς
435 748 467 775 ἂν
482 748 524 783 εἴη
537 769 544 781 ,
565 746 653 777 καθὼς
673 746 817 779 ὑςςηγεῖται
832 744 845 769 ό
864 742 941 776 λόγος
955 761 961 772 ,

166 796 320 832 ἀπείρατον
343 795 397 822 τῶν
420 794 546 821 τοιούτων
572 791 726 819 διαϐιῶναι·
745 790 782 821 ὡς
810 789 842 815 ἃν
869 788 905 823 μὴ
929 788 962 822 τῇ

167 843 306 878 προφάσει
325 842 380 869 τῶν
403 839 655 876 συγκεχωρημένων
672 837 773 864 εἴσοδον
797 835 873 862 λάϐοι
893 834 963 860 κατὶι

164 889 219 924 τῆς
233 887 324 923 ψυχῆς
337 888 371 914 τὰ
386 886 469 922 πάθη.

166 933 313 968 ﬁgantur:
339 933 406 960 illud
430 932 547 959 maxime
569 930 689 965 expedit,
709 927 868 962 huiusmodi
897 927 958 954 vita:

163 989 273 1014 rerum,
290 987 351 1015 qua:
364 979 506 1016 permissa:
533 982 598 1006 sunt
621 976 801 1004 excusatione
823 973 956 1004 adhibita,

472 1044 598 1071 ΚΕΦΑΛ.
612 1043 651 1069 Θ’.

223 1101 284 1129 Ὅτι
295 1101 517 1137 δυσμετάθετον
532 1101 579 1128 ἐπὶ
593 1102 705 1133 παντὸς
719 1100 737 1133 ἠ
751 1098 905 1131 συνήθεια.

205 1162 332 1196 ’Δμαχον
345 1158 399 1195 γάρ
411 1160 484 1186 ἐστιν
499 1159 546 1186 ἐπὶ
563 1158 662 1189 παντὸς
673 1159 689 1192 ἡ
705 1157 832 1192 συνήθεια
842 1176 848 1187 ,
862 1155 960 1189 πολλὴν

164 1206 269 1242 ἔχουσα
285 1205 398 1241 δύναμιν
416 1205 485 1241 πρὸς
504 1204 603 1240 ἑαυτὴν
623 1204 733 1231 ἑλκύσαι
751 1203 797 1229 καὶ
811 1201 962 1229 ἐπισπάσα-

165 1252 234 1279 σθαι
252 1251 302 1287 τὴν
318 1251 407 1287 ψυχὴν
419 1271 427 1283 ,
451 1252 498 1278 καί
512 1259 572 1278 τινα
586 1250 669 1276 καλοῦ
694 1249 845 1284 παρασχεῖν
860 1256 961 1282 φαντα-

165 1298 249 1332 σίαν,
262 1298 292 1325 ἐν
317 1293 339 1331 ᾧ
351 1297 394 1324 -ἄν
421 1306 463 1329 τις
483 1297 574 1332 σχέσιν
598 1296 645 1322 καὶ
660 1294 846 1331 προσπὰθειαν
859 1294 902 1320 διὰ
915 1293 961 1319 τοῦ

166 1342 356 1379 προσεθισμοῦ
369 1351 431 1369 τινα
446 1343 595 1377 κτήσηται·
611 1341 657 1367 καὶ
676 1341 752 1368 οὐδὲν
768 1339 839 1366 οὕτω
855 1340 887 1374 τῇ
912 1338 962 1373 φύ-

167 1398 210 1416 σει
224 1389 341 1424 φευκτόν
353 1390 426 1416 ἐστιν
436 1408 442 1420 ,
461 1388 498 1420 ὠς
518 1388 546 1414 ὲν
561 1387 688 1423 συνηθείᾳ
702 1387 848 1421 γενόμενον
866 1385 902 1421 μὴ
917 1385 964 1411 καὶ

168 1435 292 1471 σπουδῆς
316 1435 390 1468 ἄξιον
417 1435 463 1462 καὶ
488 1435 595 1471 αἱρετὸν
621 1434 790 1469 νομισθῆναι.
815 1431 964 1465 Ἀπόδειξις

165 1480 218 1507 ’τοῦ
239 1479 318 1514 λόγου
334 1481 347 1506 ό
363 1479 532 1515 ἀνθρώπινος
553 1479 624 1514 βίος,
644 1480 671 1505 ἐν
732 1477 865 1504 τοσούτων
880 1476 964 1502 ὄντων

167 1525 268 1560 ἐθνῶν,
283 1525 314 1552 οὐ
331 1526 364 1553 τὰ
378 1525 448 1552 αὐτὰ
461 1526 528 1551 πᾶσι
544 1524 739 1556 σπουδάζεται,
766 1523 834 1551 ἄλλα
849 1522 876 1548 δὲ
899 1522 963 1557 παρ’

144 1562 150 1565 Δ
168 1571 278 1607 ἑτέροις
302 1572 361 1598 ἐστὶ
383 1571 454 1598 καλά
470 1580 498 1597 τε
517 1570 564 1597 καὶ
582 1570 660 1605 τίμια
673 1591 680 1603 ,
703 1570 753 1604 τῆς
769 1569 832 1604 παρ’
848 1568 964 1594 ἑκάστου

169 1617 318 1654 συνηθείας
339 1617 389 1653 τὴν
414 1617 477 1653 περί
502 1626 527 1643 τι
553 1617 669 1651 σπουδήν
695 1625 724 1642 τε
750 1616 796 1642 καὶ
818 1614 964 1649 ἐπιθυμίαν

169 1661 313 1698 ποιούσης.
327 1662 383 1688 Καὶ
403 1662 433 1688 οὐ
448 1661 528 1696 μόνον
542 1661 611 1687 κατὰ
628 1661 661 1687 τὰ
684 1660 747 1695 ἔθνη
764 1659 814 1695 τὴν
838 1659 965 1694 τοιαύτην

170 1707 352 1744 παραλλαγὴν
366 1707 440 1734 ἔστιν
461 1707 524 1733 ἰδεῖν
536 1728 542 1739 ,
564 1707 617 1733 τῶν
633 1706 721 1733 αὐτῶν
741 1705 963 1740 ἐπιτηδευμάτων

171 1753 252 1789 παρά
275 1762 331 1780 τισι
356 1753 405 1788 μὲν
431 1752 664 1788 θαυμαζομένων,
691 1751 907 1785 διαϐαλλομένων
936 1751 964 1776 δὲ

171 1799 240 1835 παρ’
258 1799 381 1835 ἑτέροις·
399 1798 467 1826 ἀλλὰ
490 1799 537 1826 καὶ
557 1798 604 1825 ἐπὶ
627 1798 673 1824 τοῦ
696 1797 778 1824 αὐτοῦ
803 1797 896 1828 ἔθνους
919 1797 964 1822 καὶ

171 1846 223 1882 τῆς
240 1846 325 1881 αὐτῆς
344 1846 447 1878 πόλεως
470 1846 517 1872 καὶ
538 1845 651 1879 γένους,
667 1846 695 1871 ἐν
719 1841 759 1875 οἷς
786 1843 886 1878 πολλὴν
907 1842 965 1868 ἔστι

172 1893 306 1929 διαφορὰν
323 1892 386 1920 ιόεῖν
401 1893 433 1919 ὲκ
456 1891 505 1927 τῆς
520 1891 663 1927 συνηθείας
684 1891 808 1922 ἑκάστοις
823 1890 966 1924 ἐγγινομέ-

173 1947 235 1976 νην.
251 1938 345 1970 οὕτως
359 1939 391 1965 ἐκ
414 1939 478 1974 μιᾶς
494 1938 587 1970 ὠδῖνος
611 1937 720 1972 ἀδελφοὶ
735 1936 911 1972 προελθόντες
925 1937 965 1968 εἰς

173 1985 284 2020 γένεσιν
299 1986 354 2016 τοῖς
371 1984 568 2020 ἐπιτηδεύμασι
586 1984 624 2019 τῷ
650 1984 699 2019 βίῳ
716 1983 840 2010 πλεῖστον
858 1983 904 2009 ἀπ’
923 1982 966 2009 ἁλ-

173 2029 264 2066 λήλων
276 2029 439 2066 ἐσχίσθησαν
451 2039 456 2046 ·
472 2030 520 2057 καὶ
535 2029 611 2055 οὔπω
625 2030 704 2055 τοῦτο
719 2029 874 2064 θαυμαστόν
884 2037 890 2043 ·
904 2027 966 2054 ἐπεὶ

173 2076 222 2103 καὶ
241 2076 256 2103 ό
273 2075 440 2103 καθέκαστον
458 2075 600 2110 ἄνθρωπος
616 2075 646 2101 οὑ
662 2075 711 2110 τὴν
725 2074 811 2110 αὐτὴν
824 2074 861 2106 ὡς
879 2073 925 2100 ἐπὶ
937 2073 966 2099 τὸ

174 2122 246 2149 πολὺ
258 2122 321 2157 περὶ
334 2122 381 2148 τοῦ
394 2121 477 2149 αὐτοῦ
493 2121 654 2157 πράγματος
667 2121 757 2156 κρίσιν
771 2121 827 2156 ἔχει
836 2141 844 2153 ,
859 2120 916 2147 ἀλλ’
929 2120 967 2151 ὡς

175 2167 210 2194 ἂν
221 2168 289 2204 περὶ
301 2166 414 2194 ἕκαστον
431 2167 483 2194 ἀπὸ
497 2168 545 2203 τῆς
559 2167 701 2202 συνηθείας
715 2166 835 2201 διατεθῇ.
851 2166 905 2194 Καὶ
924 2166 966 2192 ἵνα

172 2213 216 2248 μὴ
227 2212 262 2240 τὰ
278 2212 372 2249 πόρρω
391 2214 436 2240 τοῦ
451 2213 611 2249 πράγματος
629 2213 761 2247 λέγωμεν,
778 2212 890 2243 πολλοὺς
902 2213 967 2247 ἡμῖν

175 2259 365 2296 ἐγνωρίσαμεν
384 2260 501 2295 ἐραστὰς
527 2259 643 2295 μάλιστα
666 2259 714 2294 τῆς
730 2259 905 2294 σωφροσύνης
922 2259 967 2285 εὑ-

175 2304 227 2337 θῦς
242 2305 316 2340 παρὰ
336 2305 384 2341 τὴν
410 2304 522 2341 πρώτην
539 2305 645 2340 ἡλικίαν
673 2306 816 2340 φανέντας,
841 2305 927 2340 ἀρχὴν
939 2304 967 2331 δὲ

177 2350 302 2387 ῥυπαροῦ
318 2351 375 2386 βίου
391 2351 590 2387 ποιησαμένους
605 2352 653 2386 τὴν
667 2351 797 2378 δοκοῦσαν
811 2350 921 2386 ἑννομόν
937 2360 966 2377 τε

176 2397 228 2425 καὶ
243 2397 490 2433 συγκεχωρημένην
514 2397 567 2423 τῶν
590 2396 691 2431 ἡδονῶν
717 2397 871 2431 μετουσίαν.
892 2397 969 2424 Ἐπεὶ

176 2443 235 2479 γὰρ
249 2442 323 2476 ἅπαξ
337 2443 386 2478 τὴν
403 2443 530 2478 τοιαύτην
542 2443 720 2476 παρεδέξαντο
731 2444 840 2478 πεῖραν,
853 2442 924 2469 κατὰ
939 2442 969 2469 τὸ

177 2489 264 2526 ῥηθὲν
289 2490 354 2525 ἡμῖν
371 2490 417 2516 ἐπὶ
438 2489 484 2516 τοῦ
507 2489 615 2525 ῥείθρου
641 2489 808 2524 ὑπόδειγμα,
826 2489 886 2516 ὅλον
903 2488 970 2524 πρὸς

175 2535 267 2564 ταῦτα
279 2535 310 2562 τδ
319 2536 515 2571 ἐπιθυμητικὸν
532 2535 765 2571 μεταστρέψαντες
776 2556 783 2568 ,
797 2536 844 2562 καὶ
861 2536 909 2571 τὴν
926 2536 971 2571 ὁρ-

178 2581 236 2617 μὴν
255 2581 310 2608 ἀπὺ
323 2581 378 2610 τῶν
392 2582 535 2618 θειοτέρων
552 2574 620 2617 πρὸς
637 2581 671 2608 τὰ
680 2582 794 2609 ταπεινὰ
813 2582 861 2609 καὶ
883 2581 970 2616 ὑλώδη

177 2627 423 2663 μετοχετεύσαντες
435 2649 443 2662 ,
459 2628 557 2664 πολλὴν
576 2629 604 2655 ὲν
618 2628 724 2659 ἑαυτοῖς
737 2627 785 2663 τὴν
799 2627 969 2663 εὐρυχωρίαν

175 2673 237 2705 τοῖς
253 2672 367 2700 πάθεσιν
383 2673 508 2709 ἤνοιξαν·
531 2674 568 2706 ὡς
594 2673 732 2705 παντελῶς
745 2673 795 2708 τῆς
810 2673 855 2699 ἐπὶ
870 2673 900 2700 τὸ
914 2673 971 2700 ἄνω

176 2719 268 2755 φορᾶς
280 2718 359 2753 λῆξαι
380 2719 426 2746 καὶ
439 2719 659 2755 ἀποξηρανθῆναι
675 2719 723 2755 τὴν
739 2719 894 2753 ἐπιθυμίαν,
907 2719 970 2753 ὃλην

177 2763 251 2800 πρὸς
274 2765 308 2791 τὰ
334 2764 408 2800 πάθη
426 2766 635 2801 μταρῤυεῖσαν.
660 2766 709 2791 Διὰ
733 2763 812 2791 τοῦτο
835 2764 971 2795 λυσιτελὲς

175 2807 250 2839 εἶναι
267 2809 413 2846 νομίζομεν
426 2812 482 2842 τοῖς
496 2810 698 2845 ἀσθενεστέροις
713 2811 751 2842 εἰς
765 2809 814 2845 τὴν
825 2810 971 2846 παρθενίαν

217 2901 240 2918 ¹²
257 2899 332 2929 Psal.
342 2907 420 2933 mu,
431 2900 456 2927 '5.

802 170 806 173 ’
832 182 875 210 na
896 180 1129 209 VlRGlNlTATE.

1748 179 1800 208 σοι

978 243 997 268 Α
1014 242 1118 264 natura:
1134 244 1204 264 onus
1221 222 1366 265 .sustinere
1388 239 1515 272 nequeat,
1543 236 1640 265 melius
1655 239 1761 272 agetur,
1778 238 1801 265 si

1014 284 1049 312 ab
1066 283 1100 311 iis
1123 283 1217 318 procul
1236 290 1266 310 se
1291 282 1418 314 abducat,
1440 289 1521 317 quam
1551 282 1579 309 in
1599 287 1737 310 certamen
1752 282 1800 310 de-

1014 330 1128 358 scendat
1149 329 1237 365 impar
1257 329 1373 356 viribus.
1392 328 1549 356 Periculum
1570 328 1642 355 enim
1660 335 1717 355 non
1743 327 1801 355 leve

1013 379 1065 404 est,
1084 382 1118 401 ne
1139 374 1182 401 hic
1195 374 1365 409 voluptatum
1382 381 1444 406 usu,
1462 373 1540 408 quasi
1562 381 1635 405 esca,
1660 374 1799 408 deceptus,

1013 421 1081 447 nihil
1102 420 1175 447 aliud
1200 421 1226 447 in
1254 420 1333 447 bonis
1357 428 1418 447 esse
1440 424 1526 455 putet,
1547 427 1628 454 quam
1647 420 1712 446 illud
1728 420 1800 454 quod

1014 474 1074 493 cum
1101 466 1233 493 suavitate
1248 465 1366 500 quadam
1383 466 1476 493 carnis
1493 465 1643 500 percipitur
1663 465 1799 497 sensibus,

1013 519 1092 542 neve,
1115 519 1177 538 eum
1197 519 1210 537 a
1232 518 1322 537 rerum
1341 518 1455 546 corpore
1478 511 1633 538 vacantium
1652 510 1802 544 cupiditate

1014 564 1092 583 suam
1110 560 1227 583 utentem
1248 556 1328 590 plane
1354 556 1494 587 averterit,
1512 556 1539 582 in
1556 555 1637 582 rebus
1654 563 1720 583 sane
1739 563 1801 581 cor-

1015 603 1105 638 poreis
1131 606 1203 629 totus
1228 603 1339 629 omnino
1362 602 1408 635 sit,
1432 609 1579 637 rerumque
1602 601 1699 628 harum
1727 601 1802 628 volu-

1014 652 1117 682 ptatem
1145 647 1218 673 onmi
1238 651 1358 681 tempore
1384 647 1503 681 indaget,
1522 646 1601 681 quasi
1622 646 1712 681 potius
1724 646 1802 672 volu-

1014 694 1097 729 ptatis
1121 693 1169 726 sit,
1198 701 1278 728 quam
1310 693 1354 720 Dei
1385 698 1501 719 amator.
1530 692 1561 718 Et
1584 692 1714 727 quoniam
1748 699 1803 727 pra:

1013 745 1119 767 natura":
1146 740 1332 767 imbecillitate
1364 747 1418 766 non
1451 739 1574 773 cujusvis
1596 738 1716 765 hominis
1750 742 1800 768 est,

1014 787 1112 814 harum
1127 794 1218 813 rerum
1233 786 1449 813 moderationem
1466 785 1586 820 assequi,
1605 786 1803 819 periculosum-

1015 840 1068 868 que
1087 836 1140 864 est,
1156 832 1202 867 qui
1224 836 1300 860 extra
1320 832 1431 859 modum
1460 832 1542 866 positi
1570 835 1645 863 sunt,
1665 838 1698 856 ne
1716 829 1755 861 hi,
1773 833 1802 855 ut

1014 879 1099 912 estin
1115 878 1285 907 Psalmorum
1308 883 1419 906 auctore
1438 879 1470 911 ",
1485 879 1511 905 in
1527 878 1593 905 limo
1614 876 1743 911 profundi
1762 876 1804 902 iu-

978 933 1076 960 genus,
1101 925 1140 952 uti
1158 925 1214 952 hzec
1229 925 1318 952 oratio
1346 929 1449 957 monet,
1476 925 1567 951 minus
1604 923 1733 957 experiri,
1768 929 1802 948 ne

978 971 1062 998 animi
1079 971 1271 999 alfectionibus
1288 970 1379 998 aditus
1398 971 1518 1005 pateliat.

976 1021 997 1047 Β
1319 1039 1433 1067 CAPUT
1454 1040 1499 1067 IX.

1013 1094 1046 1121 In
1063 1096 1134 1122 omni
1148 1105 1175 1122 re
1189 1105 1239 1123 non
1256 1097 1336 1132 facile
1355 1098 1512 1124 commutari
1527 1102 1611 1132 potest
1629 1096 1800 1124 consuetudo.

1049 1150 1079 1177 ln
1095 1152 1167 1179 omni
1184 1160 1213 1179 re
1228 1152 1347 1180 dillicilis
1368 1158 1420 1185 est,
1451 1161 1511 1188 qua:
1533 1158 1716 1188 expugnetur,
1738 1160 1802 1180 con-

1013 1198 1131 1225 suetudo
1148 1208 1152 1225 :
1168 1199 1298 1233 quoniam
1313 1207 1374 1226 cum
1389 1199 1501 1226 multam
1519 1199 1551 1225 ad
1569 1198 1761 1225 attrahendum
1776 1199 1803 1224 in

1013 1251 1043 1271 se
1057 1245 1190 1275 animum,
1207 1244 1435 1279 aﬂiciendumque
1460 1245 1514 1271 vim
1539 1245 1672 1276 obtineat,
1702 1248 1759 1270 tum
1776 1244 1802 1270 in

1013 1298 1047 1318 eo
1064 1291 1146 1322 valet,
1172 1295 1201 1318 ut
1226 1291 1345 1326 aliquant
1373 1292 1480 1319 honesti
1507 1291 1665 1325 opinionem
1692 1290 1802 1323 aﬂ‘erat;

1014 1344 1077 1364 nam
1095 1337 1116 1364 si
1137 1337 1198 1371 quis
1225 1345 1258 1364 ex
1278 1337 1486 1369 consuetudine,
1513 1344 1619 1371 usuque
1633 1335 1803 1367 hahitum,et

1015 1382 1135 1416 aliquam
1149 1382 1232 1409 animi
1248 1381 1420 1409 affectionem
1439 1382 1491 1409 sibi
1508 1382 1719 1416 comparaverit,
1735 1380 1804 1407 nihil

1014 1428 1057 1455 vel
1070 1428 1128 1462 ipsa
1141 1432 1238 1454 natura
1256 1429 1296 1455 sic
1315 1428 1471 1463 fugiendum
1484 1431 1525 1454 cst
1541 1436 1547 1454 :
1563 1427 1636 1461 quod
1653 1427 1676 1453 si
1693 1427 1719 1453 in
1737 1434 1804 1453 con-

1016 1474 1188 1501 suetudinem
1211 1474 1320 1505 abierit,
1336 1482 1390 1500 non
1405 1474 1478 1500 omni
1497 1474 1588 1501 studio
1598 1474 1708 1508 dignum
1723 1481 1806 1508 cxpe~

1016 1520 1182 1554 tendumquc
1198 1520 1333 1547 videatur.
1349 1521 1437 1554 Atque
1455 1519 1537 1554 hujus
1565 1521 1706 1546 sementim
1727 1521 1806 1546 testis

1015 1571 1058 1593 est
1080 1566 1219 1593 hominum
1246 1567 1310 1597 vita,
1325 1566 1351 1592 in
1380 1574 1433 1600 qua
1457 1573 1517 1592 cum
1537 1564 1650 1592 inﬁnita:
1671 1565 1806 1592 exsistant

1016 1613 1152 1644 ηυιίοηρε,
1167 1621 1221 1639 ΠοΠ
1247 1620 1342 1639 OlllllCS
1374 1615 1464 1638 tamen
1495 1619 1549 1638 llllO
1565 1612 1715 1646 eodemque
1748 1616 1806 1638 Slll-

1017 1660 1063 1686 dio
1079 1658 1228 1691 ducuntur,
1246 1659 1293 1686 sed
1312 1659 1383 1694 apud
1400 1658 1534 1691 diversas,
1547 1666 1580 1686 ex
1599 1666 1693 1685 earum
1709 1658 1804 1692 cujus-

1017 1713 1071 1740 que
1097 1706 1307 1735 consuetudine.
1330 1713 1390 1739 qum
1421 1705 1541 1732 studium
1565 1705 1592 1731 in
1610 1704 1700 1738 aliqua
1732 1712 1759 1731 re
1779 1707 1807 1730 et

1017 1751 1193 1785 cupiditatem
1206 1751 1302 1786 gignit,
1323 1759 1365 1777 res
1377 1751 1403 1777 in
1415 1750 1519 1776 honore
1532 1755 1614 1784 atque
1630 1750 1715 1784 pretio
1730 1754 1803 1776 sunt.

995 1802 1003 1810 '
1016 1790 1196 1830 Nequc‘apud
1217 1796 1340 1822 diversas
1355 1796 1442 1822 solum
1464 1795 1590 1821 nationes
1605 1795 1738 1829 ejusmodi
1759 1795 1805 1821 ho-

1016 1850 1077 1868 rum
1110 1842 1262 1869 studiorum
1294 1842 1397 1868 variam
1427 1841 1666 1868 commutationem
1694 1848 1806 1867 cernere

1017 1888 1091 1920 licet,
1108 1891 1138 1914 ut
1155 1887 1225 1922 apud
1239 1887 1371 1922 quasdam
1392 1891 1485 1921 gentes
1508 1886 1534 1912 in
1564 1887 1651 1920 pretio
1672 1886 1718 1913 illa
1741 1887 1805 1917 sint,

1018 1934 1088 1969 apud
1110 1935 1178 1961 alias
1206 1933 1405 1968 improbentur,
1436 1932 1482 1960 sed
1507 1933 1533 1959 in
1563 1932 1657 1959 eadem
1684 1933 1805 1963 natione,

1018 1982 1168 2015 eademque
1183 1980 1303 2011 civitate,
1318 1985 1343 2005 et
1371 1978 1471 2005 familia
1500 1979 1581 2010 hanc,
1599 1986 1659 2013 qua)
1680 1986 1694 2005 e
1713 1979 1806 2013 singu-

1018 2027 1106 2054 lorum
1137 2025 1336 2053 consuetudine
1374 2025 1515 2056 nascitur,
1553 2024 1804 2052 dissimilitudinem

1018 2072 1099 2107 plane
1114 2077 1281 2105 cognoscere
1293 2077 1454 2104 possumus.
1471 2068 1627 2103 Eodemque
1642 2068 1722 2095 modo
1736 2075 1807 2103 smpe

1019 2117 1125 2153 gemelli
1145 2116 1246 2143 fratres
1267 2115 1383 2143 diversis
1403 2115 1466 2140 vitae
1484 2113 1583 2140 studiis
1605 2121 1636 2139 ex
1664 2121 1715 2140 usu
1737 2121 1804 2141 con-

1019 2162 1219 2196 suetudineque
1235 2160 1323 2188 atl‘ecti
1338 2164 1414 2190 sunt.
1434 2166 1522 2193 neque
1534 2159 1666 2185 hocisanc
1680 2160 1806 2186 mirabile

1018 2214 1061 2238 est
1081 2219 1087 2237 :
1103 2209 1230 2244 quoniam
1248 2206 1348 2241 singuli
1362 2206 1488 2232 homines
1510 2213 1564 2232 non
1583 2213 1655 2240 stupe
1680 2205 1749 2232 idem
1775 2206 1808 2233 dc

1020 2265 1074 2285 una
1088 2257 1237 2290 cadentque
1254 2262 1282 2281 re
1298 2254 1431 2285 sentiunt,
1451 2252 1497 2279 sed
1516 2252 1552 2278 ita
1577 2256 1606 2277 ut
1632 2252 1750 2287 quisque
1765 2256 1807 2279 cst

1021 2301 1220 2332 consuetudine
1237 2299 1360 2326 aﬂectus.
1381 2298 1412 2325 Et
1436 2305 1481 2329 ne,
1496 2305 1557 2332 quac
1576 2305 1590 2323 a
1606 2304 1634 2323 re
1655 2296 1712 2331 ipsa
1731 2296 1808 2323 valde

983 2361 1005 2388 ι)
1021 2353 1126 2377 remota
1142 2350 1218 2378 sunt,
1234 2352 1493 2375 commemoremus,
1515 2344 1615 2370 multos
1631 2350 1682 2370 nos
1696 2342 1807 2377 quidem

1018 2401 1153 2425 amatores
1194 2392 1393 2428 cognovimus,
1432 2390 1478 2425 qui
1509 2390 1543 2417 ab
1578 2389 1690 2416 ineunte
1725 2394 1808 2422 prope

1018 2446 1096 2470 aztate
1122 2448 1151 2467 se
1177 2438 1266 2466 onmis
1301 2436 1488 2471 temperantize
1520 2434 1638 2462 maxime
1670 2432 1808 2460 studiosos

1019 2486 1217 2517 ostenderunt;
1234 2484 1347 2518 impura:
1363 2489 1427 2509 vero
1454 2481 1516 2508 vita:
1535 2479 1643 2506 initium
1671 2476 1807 2512 quoddam

1019 2533 1158 2569 iecerunt,
1174 2530 1248 2565 quod
1263 2530 1368 2564 justum
1384 2527 1548 2563 permissum
1562 2524 1671 2552 videtur
1683 2530 1746 2550 esse
1758 2530 1807 2549 vo-

1021 2567 1157 2614 luptatum
1175 2575 1356 2605 consortium,
1370 2576 1464 2608 postea
1478 2578 1544 2599 vero
1563 2576 1644 2605 quam
1663 2568 1714 2594 hoc
1725 2567 1807 2594 semel

1019 2613 1124 2660 experti
1148 2625 1224 2654 sunt,
1253 2627 1375 2652 omnem,
1407 2623 1436 2644 ut
1459 2617 1487 2644 in
1513 2615 1582 2644 alvei
1607 2622 1658 2642 nos
1685 2613 1808 2648 exemplo

991 2668 994 2670 ⁷
1020 2666 1338 2702 diximus,appctitionis
1351 2665 1404 2691 vim
1419 2670 1481 2691 cum
1496 2661 1530 2688 ad
1548 2661 1605 2688 hinc
1618 2660 1676 2694 ipsa
1693 2666 1808 2686 conver-

1021 2715 1115 2745 terint,
1132 2717 1185 2741 eta
1206 2713 1288 2740 rebus
1306 2710 1408 2738 divinis
1422 2708 1455 2736 ad
1485 2707 1614 2738 humiles,
1636 2705 1808 2739 caducaeque

1020 2765 1150 2791 mentem.
1164 2764 1191 2788 et
1211 2758 1387 2794 cupiditatem
1397 2754 1591 2783 traduxerim;
1609 2752 1646 2779 ita
1667 2750 1745 2778 valde
1757 2750 1808 2778 sibi

1026 2810 1162 2841 patentem
1197 2805 1229 2832 ad
1261 2803 1344 2830 animi
1363 2800 1521 2828 adiectiones
1550 2799 1655 2826 aditum
1676 2802 1806 2832 apparuor
