  <div class='ocr_page' id='page_1' title='image "/cluster/home/n/w/nwhite01/storage/ocr_20150623/46:no.3/coo.31924054869668/189.png"; bbox 0 0 4026 6436; ppageno 0'>
   <div class='ocr_carea' id='block_1_1' title="bbox 477 368 3791 457">
    <p class='ocr_par' dir='ltr' id='par_1_1' title="bbox 477 368 3791 457">
     <span class='ocr_line' id='line_1_1' title="bbox 477 368 3791 457; baseline -0.014 0"><span class='ocrx_word' id='word_1_1' title='bbox 477 401 586 457; x_wconf 74' lang='lat'><strong>359</strong></span> <span class='ocrx_word' id='word_1_2' title='bbox 1793 380 1852 437; x_wconf 90' lang='lat' dir='ltr'><strong>s.</strong></span> <span class='ocrx_word' id='word_1_3' title='bbox 1889 373 2219 434; x_wconf 78' lang='lat' dir='ltr'><strong>GREGORII</strong></span> <span class='ocrx_word' id='word_1_4' title='bbox 2260 371 2558 430; x_wconf 74' lang='lat' dir='ltr'><strong>stsm</strong></span> <span class='ocrx_word' id='word_1_5' title='bbox 2798 422 2803 427; x_wconf 89' lang='lat'><strong><em>_</em></strong></span> <span class='ocrx_word' id='word_1_6' title='bbox 3667 368 3791 427; x_wconf 68' lang='grc' dir='ltr'><strong>εσυ</strong></span> 
     </span>
    </p>
   </div>
   <div class='ocr_carea' id='block_1_2' title="bbox 483 484 2095 579">
    <p class='ocr_par' dir='ltr' id='par_1_2' title="bbox 483 499 2071 579">
     <span class='ocr_line' id='line_1_2' title="bbox 483 499 2071 579; baseline -0.012 -8"><span class='ocrx_word' id='word_1_7' title='bbox 483 522 632 578; x_wconf 88' lang='lat' dir='ltr'><strong>runt,</strong></span> <span class='ocrx_word' id='word_1_8' title='bbox 670 520 729 567; x_wconf 89' lang='lat' dir='ltr'><strong>ut</strong></span> <span class='ocrx_word' id='word_1_9' title='bbox 761 508 1005 567; x_wconf 68' lang='lat' dir='ltr'><strong>caelestia</strong></span> <span class='ocrx_word' id='word_1_10' title='bbox 1038 504 1228 579; x_wconf 85' lang='lat' dir='ltr'><strong>petere</strong></span> <span class='ocrx_word' id='word_1_11' title='bbox 1256 501 1484 561; x_wconf 91' lang='lat' dir='ltr'><strong>omnlno</strong></span> <span class='ocrx_word' id='word_1_12' title='bbox 1504 499 1799 567; x_wconf 77' lang='lat' dir='ltr'><strong>desierint;</strong></span> <span class='ocrx_word' id='word_1_13' title='bbox 1823 501 2071 569; x_wconf 85' lang='lat' dir='ltr'><strong>peneque</strong></span> 
     </span>
    </p>
   </div>
   <div class='ocr_carea' id='block_1_3' title="bbox 2192 484 3792 579">
    <p class='ocr_par' dir='ltr' id='par_1_3' title="bbox 2192 484 3792 562">
     <span class='ocr_line' id='line_1_3' title="bbox 2192 484 3792 562; baseline -0.005 -16"><span class='ocrx_word' id='word_1_14' title='bbox 2192 492 2249 557; x_wconf 70' lang='grc' dir='ltr'>ὓς</span> <span class='ocrx_word' id='word_1_15' title='bbox 2291 492 2372 557; x_wconf 79' lang='grc' dir='ltr'><strong>εις</strong></span> <span class='ocrx_word' id='word_1_16' title='bbox 2423 490 2663 560; x_wconf 78' lang='grc' dir='ltr'>ἀσφαλές</span> <span class='ocrx_word' id='word_1_17' title='bbox 2697 507 2749 545; x_wconf 88' lang='grc' dir='ltr'><strong>τι</strong></span> <span class='ocrx_word' id='word_1_18' title='bbox 2798 488 3053 562; x_wconf 79' lang='grc' dir='ltr'>φρούριον</span> <span class='ocrx_word' id='word_1_19' title='bbox 3088 485 3453 558; x_wconf 80' lang='grc' dir='ltr'><strong>καταφεύγειν</strong></span> <span class='ocrx_word' id='word_1_20' title='bbox 3480 528 3495 553; x_wconf 89' lang='grc'><strong>,</strong></span> <span class='ocrx_word' id='word_1_21' title='bbox 3540 485 3642 540; x_wconf 82' lang='grc' dir='ltr'>καὶ</span> <span class='ocrx_word' id='word_1_22' title='bbox 3703 484 3792 558; x_wconf 68' lang='grc' dir='ltr'>μὴ</span> 
     </span>
    </p>
   </div>
   <div class='ocr_carea' id='block_1_4' title="bbox 444 577 2095 681">
    <p class='ocr_par' dir='ltr' id='par_1_4' title="bbox 444 588 2073 681">
     <span class='ocr_line' id='line_1_4' title="bbox 444 588 2073 681; baseline -0.013 -18"><span class='ocrx_word' id='word_1_23' title='bbox 444 678 447 681; x_wconf 14' lang='grc' dir='ltr'><em>Α</em></span> <span class='ocrx_word' id='word_1_24' title='bbox 485 606 701 663; x_wconf 71' lang='lat' dir='ltr'><strong>illarum</strong></span> <span class='ocrx_word' id='word_1_25' title='bbox 739 603 938 660; x_wconf 88' lang='lat' dir='ltr'><strong>ardore</strong></span> <span class='ocrx_word' id='word_1_26' title='bbox 968 599 1195 657; x_wconf 81' lang='lat' dir='ltr'><strong>arefacti</strong></span> <span class='ocrx_word' id='word_1_27' title='bbox 1225 598 1357 664; x_wconf 88' lang='lat' dir='ltr'><strong>sint,</strong></span> <span class='ocrx_word' id='word_1_28' title='bbox 1387 610 1513 652; x_wconf 92' lang='lat' dir='ltr'><strong>cum</strong></span> <span class='ocrx_word' id='word_1_29' title='bbox 1536 592 1716 650; x_wconf 90' lang='lat' dir='ltr'><strong>omnis</strong></span> <span class='ocrx_word' id='word_1_30' title='bbox 1737 605 1804 646; x_wconf 89' lang='lat' dir='ltr'><strong>eo</strong></span> <span class='ocrx_word' id='word_1_31' title='bbox 1833 588 2073 644; x_wconf 81' lang='lat' dir='ltr'><strong>conﬂuat</strong></span> 
     </span>
    </p>
   </div>
   <div class='ocr_carea' id='block_1_5' title="bbox 2192 577 3791 681">
    <p class='ocr_par' dir='ltr' id='par_1_5' title="bbox 2192 577 3791 655">
     <span class='ocr_line' id='line_1_5' title="bbox 2192 577 3791 655; baseline -0.003 -19"><span class='ocrx_word' id='word_1_32' title='bbox 2192 584 2311 655; x_wconf 83' lang='grc' dir='ltr'>τρδς</span> <span class='ocrx_word' id='word_1_33' title='bbox 2332 583 2431 655; x_wconf 79' lang='grc' dir='ltr'>τὴν</span> <span class='ocrx_word' id='word_1_34' title='bbox 2454 582 2775 637; x_wconf 79' lang='grc' dir='ltr'><strong>ἀκολουθίαν</strong></span> <span class='ocrx_word' id='word_1_35' title='bbox 2804 582 3090 645; x_wconf 78' lang='grc' dir='ltr'>κατιόντας</span> <span class='ocrx_word' id='word_1_36' title='bbox 3115 579 3211 635; x_wconf 89' lang='grc' dir='ltr'><strong>τοῦ</strong></span> <span class='ocrx_word' id='word_1_37' title='bbox 3249 579 3366 651; x_wconf 85' lang='grc' dir='ltr'>βίου</span> <span class='ocrx_word' id='word_1_38' title='bbox 3389 620 3403 647; x_wconf 95' lang='grc'><strong>,</strong></span> <span class='ocrx_word' id='word_1_39' title='bbox 3434 577 3791 652; x_wconf 71' lang='grc' dir='ltr'>προσκαλεῖ-</span> 
     </span>
    </p>
   </div>
   <div class='ocr_carea' id='block_1_6' title="bbox 444 681 2069 771">
    <p class='ocr_par' dir='ltr' id='par_1_6' title="bbox 444 681 2069 771">
     <span class='ocr_line' id='line_1_6' title="bbox 444 681 2069 771; baseline -0.014 -15"><span class='ocrx_word' id='word_1_40' title='bbox 444 697 765 771; x_wconf 85' lang='lat' dir='ltr'><strong>&#39;appetitio.</strong></span> <span class='ocrx_word' id='word_1_41' title='bbox 794 693 1163 763; x_wconf 81' lang='lat' dir='ltr'><strong>Quamobrem</strong></span> <span class='ocrx_word' id='word_1_42' title='bbox 1207 690 1278 746; x_wconf 88' lang='lat' dir='ltr'><strong>lis</strong></span> <span class='ocrx_word' id='word_1_43' title='bbox 1334 689 1429 761; x_wconf 89' lang='lat' dir='ltr'><strong>qui</strong></span> <span class='ocrx_word' id='word_1_44' title='bbox 1497 686 1680 741; x_wconf 82' lang='lat' dir='ltr'><strong>minus</strong></span> <span class='ocrx_word' id='word_1_45' title='bbox 1725 681 1867 737; x_wconf 84' lang='lat' dir='ltr'><strong>ﬁrmi</strong></span> <span class='ocrx_word' id='word_1_46' title='bbox 1918 687 2069 745; x_wconf 87' lang='lat' dir='ltr'><strong>sunt,</strong></span> 
     </span>
    </p>
   </div>
   <div class='ocr_carea' id='block_1_7' title="bbox 2175 673 3791 747">
    <p class='ocr_par' dir='ltr' id='par_1_7' title="bbox 2175 673 3791 747">
     <span class='ocr_line' id='line_1_7' title="bbox 2175 673 3791 747; baseline -0.002 -19"><span class='ocrx_word' id='word_1_47' title='bbox 2175 674 2300 729; x_wconf 83' lang='grc' dir='ltr'><strong>σθαι</strong></span> <span class='ocrx_word' id='word_1_48' title='bbox 2335 675 2457 731; x_wconf 86' lang='grc' dir='ltr'>καθ’</span> <span class='ocrx_word' id='word_1_49' title='bbox 2490 674 2696 729; x_wconf 78' lang='grc' dir='ltr'>ἑαυτῶν</span> <span class='ocrx_word' id='word_1_50' title='bbox 2739 675 3118 747; x_wconf 80' lang='grc' dir='ltr'>πειρασμοὺς,</span> <span class='ocrx_word' id='word_1_51' title='bbox 3167 673 3262 727; x_wconf 75' lang='grc' dir='ltr'>καὶ</span> <span class='ocrx_word' id='word_1_52' title='bbox 3310 675 3424 736; x_wconf 78' lang='grc' dir='ltr'>τοῖς</span> <span class='ocrx_word' id='word_1_53' title='bbox 3468 673 3791 743; x_wconf 76' lang='grc' dir='ltr'>ἀντιστρα-</span> 
     </span>
    </p>
   </div>
   <div class='ocr_carea' id='block_1_8' title="bbox 484 762 2095 850">
    <p class='ocr_par' dir='ltr' id='par_1_8' title="bbox 484 762 2071 850">
     <span class='ocr_line' id='line_1_8' title="bbox 484 762 2071 850; baseline -0.013 -4"><span class='ocrx_word' id='word_1_54' title='bbox 484 762 795 846; x_wconf 77' lang='lat' dir='ltr'><strong>conducere</strong></span> <span class='ocrx_word' id='word_1_55' title='bbox 821 762 1176 850; x_wconf 72' lang='lat' dir='ltr'><strong>arbitramur,</strong></span> <span class='ocrx_word' id='word_1_56' title='bbox 1209 789 1272 838; x_wconf 91' lang='lat' dir='ltr'><strong>ut</strong></span> <span class='ocrx_word' id='word_1_57' title='bbox 1293 780 1359 849; x_wconf 70' lang='lat' dir='ltr'><strong>ag</strong></span> <span class='ocrx_word' id='word_1_58' title='bbox 1398 778 1776 850; x_wconf 75' lang='lat' dir='ltr'><strong>virginitatem</strong></span> <span class='ocrx_word' id='word_1_59' title='bbox 1805 781 2071 844; x_wconf 88' lang='lat' dir='ltr'><strong>tanquam</strong></span> 
     </span>
    </p>
   </div>
   <div class='ocr_carea' id='block_1_9' title="bbox 2192 762 3793 850">
    <p class='ocr_par' dir='ltr' id='par_1_9' title="bbox 2192 762 3793 839">
     <span class='ocr_line' id='line_1_9' title="bbox 2192 762 3793 839; baseline -0.003 -18"><span class='ocrx_word' id='word_1_60' title='bbox 2192 766 2484 839; x_wconf 66' lang='grc' dir='ltr'>πενομένοις</span> <span class='ocrx_word' id='word_1_61' title='bbox 2515 765 2594 837; x_wconf 83' lang='grc' dir='ltr'>τῷ</span> <span class='ocrx_word' id='word_1_62' title='bbox 2621 766 2771 838; x_wconf 86' lang='grc' dir='ltr'>νόμῳ</span> <span class='ocrx_word' id='word_1_63' title='bbox 2809 765 2904 819; x_wconf 90' lang='grc' dir='ltr'><strong>τοῦ</strong></span> <span class='ocrx_word' id='word_1_64' title='bbox 2929 766 3048 830; x_wconf 80' lang='grc' dir='ltr'>νοὸς</span> <span class='ocrx_word' id='word_1_65' title='bbox 3080 767 3115 838; x_wconf 83' lang='grc' dir='ltr'><strong>ή</strong></span> <span class='ocrx_word' id='word_1_66' title='bbox 3125 765 3241 836; x_wconf 92' lang='grc' dir='ltr'><strong>μῶν</strong></span> <span class='ocrx_word' id='word_1_67' title='bbox 3264 763 3353 818; x_wconf 71' lang='grc' dir='ltr'><strong>διὰ</strong></span> <span class='ocrx_word' id='word_1_68' title='bbox 3370 762 3479 818; x_wconf 91' lang='grc' dir='ltr'><strong>τῶν</strong></span> <span class='ocrx_word' id='word_1_69' title='bbox 3503 763 3609 834; x_wconf 79' lang='grc' dir='ltr'>τῆς</span> <span class='ocrx_word' id='word_1_70' title='bbox 3643 779 3793 835; x_wconf 86' lang='grc' dir='ltr'>σαρ-</span> 
     </span>
    </p>
   </div>
   <div class='ocr_carea' id='block_1_10' title="bbox 488 852 2074 947">
    <p class='ocr_par' dir='ltr' id='par_1_10' title="bbox 488 852 2074 947">
     <span class='ocr_line' id='line_1_10' title="bbox 488 852 2074 947; baseline -0.01 -12"><span class='ocrx_word' id='word_1_71' title='bbox 488 881 557 935; x_wconf 92' lang='lat' dir='ltr'><strong>ad</strong></span> <span class='ocrx_word' id='word_1_72' title='bbox 592 870 935 935; x_wconf 64' lang='lat' dir='ltr'><strong>tutissimum</strong></span> <span class='ocrx_word' id='word_1_73' title='bbox 963 870 1238 947; x_wconf 77' lang='lat' dir='ltr'><strong>quoddam</strong></span> <span class='ocrx_word' id='word_1_74' title='bbox 1262 852 1577 943; x_wconf 61' lang='lat' dir='ltr'><strong>praesidium</strong></span> <span class='ocrx_word' id='word_1_75' title='bbox 1600 865 1944 946; x_wconf 68' lang='lat' dir='ltr'><strong>confugiant,</strong></span> <span class='ocrx_word' id='word_1_76' title='bbox 1973 866 2074 919; x_wconf 88' lang='lat' dir='ltr'><strong>n&#39;e-</strong></span> 
     </span>
    </p>
   </div>
   <div class='ocr_carea' id='block_1_11' title="bbox 486 950 2073 1044">
    <p class='ocr_par' dir='ltr' id='par_1_11' title="bbox 486 950 2073 1044">
     <span class='ocr_line' id='line_1_11' title="bbox 486 950 2073 1044; baseline -0.012 -16"><span class='ocrx_word' id='word_1_77' title='bbox 486 988 595 1044; x_wconf 86' lang='lat' dir='ltr'><strong>que</strong></span> <span class='ocrx_word' id='word_1_78' title='bbox 631 971 698 1026; x_wconf 89' lang='lat' dir='ltr'><strong>ad</strong></span> <span class='ocrx_word' id='word_1_79' title='bbox 749 971 916 1039; x_wconf 84' lang='lat' dir='ltr'><strong>hujus</strong></span> <span class='ocrx_word' id='word_1_80' title='bbox 966 968 1092 1022; x_wconf 62' lang='lat' dir='ltr'><strong>vita</strong></span> <span class='ocrx_word' id='word_1_81' title='bbox 1151 962 1604 1019; x_wconf 80' lang='lat' dir='ltr'><strong>consuetudinem</strong></span> <span class='ocrx_word' id='word_1_82' title='bbox 1653 950 2073 1018; x_wconf 85' lang='lat' dir='ltr'><strong>descendentes,</strong></span> 
     </span>
    </p>
   </div>
   <div class='ocr_carea' id='block_1_12' title="bbox 488 1054 2077 1128">
    <p class='ocr_par' dir='ltr' id='par_1_12' title="bbox 488 1054 2077 1128">
     <span class='ocr_line' id='line_1_12' title="bbox 488 1054 2077 1128; baseline -0.014 -7"><span class='ocrx_word' id='word_1_83' title='bbox 488 1072 681 1121; x_wconf 89' lang='lat' dir='ltr'><strong>contra</strong></span> <span class='ocrx_word' id='word_1_84' title='bbox 707 1078 766 1119; x_wconf 91' lang='lat' dir='ltr'><strong>se</strong></span> <span class='ocrx_word' id='word_1_85' title='bbox 797 1060 1132 1117; x_wconf 74' lang='lat' dir='ltr'><strong>tentationes</strong></span> <span class='ocrx_word' id='word_1_86' title='bbox 1161 1062 1487 1128; x_wconf 84' lang='lat' dir='ltr'><strong>provocent,</strong></span> <span class='ocrx_word' id='word_1_87' title='bbox 1518 1066 1699 1122; x_wconf 90' lang='lat' dir='ltr'><strong>neque</strong></span> <span class='ocrx_word' id='word_1_88' title='bbox 1742 1058 1803 1104; x_wconf 92' lang='lat' dir='ltr'><strong>ut</strong></span> <span class='ocrx_word' id='word_1_89' title='bbox 1848 1054 2077 1119; x_wconf 82' lang='lat' dir='ltr'><strong>propter</strong></span> 
     </span>
    </p>
   </div>
   <div class='ocr_carea' id='block_1_13' title="bbox 491 1135 2077 1225">
    <p class='ocr_par' dir='ltr' id='par_1_13' title="bbox 491 1135 2077 1225">
     <span class='ocr_line' id='line_1_13' title="bbox 491 1135 2077 1225; baseline -0.013 -16"><span class='ocrx_word' id='word_1_90' title='bbox 491 1152 592 1209; x_wconf 74' lang='lat' dir='ltr'><strong>ho‘s</strong></span> <span class='ocrx_word' id='word_1_91' title='bbox 621 1152 809 1208; x_wconf 67' lang='lat' dir='ltr'><strong>’carnis</strong></span> <span class='ocrx_word' id='word_1_92' title='bbox 841 1148 1089 1214; x_wconf 63' lang='lat' dir='ltr'><strong>allectus,</strong></span> <span class='ocrx_word' id='word_1_93' title='bbox 1126 1142 1237 1203; x_wconf 82' lang='lat' dir='ltr'><strong>illis</strong></span> <span class='ocrx_word' id='word_1_94' title='bbox 1272 1142 1343 1221; x_wconf 11' lang='lat' dir='ltr'><strong>se,</strong></span> <span class='ocrx_word' id='word_1_95' title='bbox 1379 1142 1620 1225; x_wconf 76' lang='lat' dir='ltr'><strong>maxime</strong></span> <span class='ocrx_word' id='word_1_96' title='bbox 1669 1140 1836 1195; x_wconf 84' lang='lat' dir='ltr'><strong>rebus</strong></span> <span class='ocrx_word' id='word_1_97' title='bbox 1893 1135 2077 1206; x_wconf 90' lang='lat' dir='ltr'><strong>impli-</strong></span> 
     </span>
    </p>
   </div>
   <div class='ocr_carea' id='block_1_14' title="bbox 489 1226 2077 1314">
    <p class='ocr_par' dir='ltr' id='par_1_14' title="bbox 489 1226 2077 1314">
     <span class='ocr_line' id='line_1_14' title="bbox 489 1226 2077 1314; baseline -0.014 -12"><span class='ocrx_word' id='word_1_98' title='bbox 489 1253 637 1308; x_wconf 89' lang='lat' dir='ltr'><strong>cent,</strong></span> <span class='ocrx_word' id='word_1_99' title='bbox 682 1258 805 1314; x_wconf 66' lang='lat' dir='ltr'><strong>quae</strong></span> <span class='ocrx_word' id='word_1_100' title='bbox 842 1254 1213 1314; x_wconf 82' lang='lat' dir='ltr'><strong>summopere</strong></span> <span class='ocrx_word' id='word_1_101' title='bbox 1267 1236 1471 1292; x_wconf 89' lang='lat' dir='ltr'><strong>mentis</strong></span> <span class='ocrx_word' id='word_1_102' title='bbox 1505 1229 1711 1299; x_wconf 67' lang='lat' dir='ltr'><strong>nostra:</strong></span> <span class='ocrx_word' id='word_1_103' title='bbox 1770 1226 2077 1314; x_wconf 73' lang='lat' dir='ltr'><strong>repugnant</strong></span> 
     </span>
    </p>
   </div>
   <div class='ocr_carea' id='block_1_15' title="bbox 489 1312 2073 1405">
    <p class='ocr_par' dir='ltr' id='par_1_15' title="bbox 489 1312 2073 1405">
     <span class='ocr_line' id='line_1_15' title="bbox 489 1312 2073 1405; baseline -0.013 -12"><span class='ocrx_word' id='word_1_104' title='bbox 489 1312 715 1400; x_wconf 66' lang='lat' dir='ltr'><strong>rationi,</strong></span> <span class='ocrx_word' id='word_1_105' title='bbox 781 1312 1273 1405; x_wconf 67' lang='lat' dir='ltr'><strong>periclitenturque</strong></span> <span class='ocrx_word' id='word_1_106' title='bbox 1332 1342 1444 1383; x_wconf 88' lang='lat' dir='ltr'><strong>non</strong></span> <span class='ocrx_word' id='word_1_107' title='bbox 1499 1325 1568 1380; x_wconf 89' lang='lat' dir='ltr'><strong>de</strong></span> <span class='ocrx_word' id='word_1_108' title='bbox 1616 1322 1811 1394; x_wconf 65' lang='lat' dir='ltr'><strong>praedii</strong></span> <span class='ocrx_word' id='word_1_109' title='bbox 1850 1312 2073 1385; x_wconf 76' lang='lat' dir='ltr'><strong>ﬁnibus,</strong></span> 
     </span>
    </p>
   </div>
   <div class='ocr_carea' id='block_1_16' title="bbox 490 1412 2079 1501">
    <p class='ocr_par' dir='ltr' id='par_1_16' title="bbox 490 1412 2079 1501">
     <span class='ocr_line' id='line_1_16' title="bbox 490 1412 2079 1501; baseline -0.011 -16"><span class='ocrx_word' id='word_1_110' title='bbox 490 1446 599 1486; x_wconf 87' lang='lat' dir='ltr'><strong>non</strong></span> <span class='ocrx_word' id='word_1_111' title='bbox 628 1429 696 1485; x_wconf 91' lang='lat' dir='ltr'><strong>de</strong></span> <span class='ocrx_word' id='word_1_112' title='bbox 720 1429 1078 1501; x_wconf 79' lang='lat' dir='ltr'><strong>pecuniarum</strong></span> <span class='ocrx_word' id='word_1_113' title='bbox 1127 1424 1369 1495; x_wconf 83' lang='lat' dir='ltr'><strong>jactura,</strong></span> <span class='ocrx_word' id='word_1_114' title='bbox 1417 1435 1527 1475; x_wconf 89' lang='lat' dir='ltr'><strong>non</strong></span> <span class='ocrx_word' id='word_1_115' title='bbox 1577 1417 1644 1472; x_wconf 91' lang='lat' dir='ltr'><strong>de</strong></span> <span class='ocrx_word' id='word_1_116' title='bbox 1673 1415 1799 1470; x_wconf 89' lang='lat' dir='ltr'><strong>ullis</strong></span> <span class='ocrx_word' id='word_1_117' title='bbox 1840 1412 2079 1481; x_wconf 88' lang='lat' dir='ltr'><strong>denique</strong></span> 
     </span>
    </p>
   </div>
   <div class='ocr_carea' id='block_1_17' title="bbox 492 1503 2080 1588">
    <p class='ocr_par' dir='ltr' id='par_1_17' title="bbox 492 1503 2080 1588">
     <span class='ocr_line' id='line_1_17' title="bbox 492 1503 2080 1588; baseline -0.013 -11"><span class='ocrx_word' id='word_1_118' title='bbox 492 1523 709 1579; x_wconf 73' lang='lat' dir='ltr'><strong>caeteris</strong></span> <span class='ocrx_word' id='word_1_119' title='bbox 746 1520 935 1583; x_wconf 88' lang='lat' dir='ltr'><strong>rebus,</strong></span> <span class='ocrx_word' id='word_1_120' title='bbox 959 1532 1080 1588; x_wconf 71' lang='lat' dir='ltr'><strong>quae</strong></span> <span class='ocrx_word' id='word_1_121' title='bbox 1108 1517 1163 1571; x_wconf 91' lang='lat' dir='ltr'><strong>in</strong></span> <span class='ocrx_word' id='word_1_122' title='bbox 1186 1515 1290 1587; x_wconf 82' lang='lat' dir='ltr'><strong>hac</strong></span> <span class='ocrx_word' id='word_1_123' title='bbox 1328 1513 1441 1567; x_wconf 85' lang='lat' dir='ltr'><strong>vita</strong></span> <span class='ocrx_word' id='word_1_124' title='bbox 1468 1516 1822 1581; x_wconf 78' lang='lat' dir='ltr'><strong>expetuntur,</strong></span> <span class='ocrx_word' id='word_1_125' title='bbox 1881 1504 1976 1560; x_wconf 90' lang='lat' dir='ltr'><strong>sed</strong></span> <span class='ocrx_word' id='word_1_126' title='bbox 2012 1503 2080 1558; x_wconf 93' lang='lat' dir='ltr'><strong>de</strong></span> 
     </span>
    </p>
   </div>
   <div class='ocr_carea' id='block_1_18' title="bbox 492 1595 2079 1683">
    <p class='ocr_par' dir='ltr' id='par_1_18' title="bbox 492 1595 2079 1683">
     <span class='ocr_line' id='line_1_18' title="bbox 492 1595 2079 1683; baseline -0.012 -16"><span class='ocrx_word' id='word_1_127' title='bbox 492 1627 557 1667; x_wconf 90' lang='lat' dir='ltr'><strong>ea</strong></span> <span class='ocrx_word' id='word_1_128' title='bbox 585 1595 856 1683; x_wconf 40' lang='lat' dir='ltr'><strong>sp&#39;e,‘qua:</strong></span> <span class='ocrx_word' id='word_1_129' title='bbox 887 1603 1316 1681; x_wconf 67' lang='lat' dir='ltr'><strong>praelucet.&#39;No&#39;n</strong></span> <span class='ocrx_word' id='word_1_130' title='bbox 1344 1602 1489 1658; x_wconf 89' lang='lat' dir='ltr'><strong>enim</strong></span> <span class='ocrx_word' id='word_1_131' title='bbox 1521 1600 1615 1671; x_wconf 88' lang='lat' dir='ltr'><strong>qui</strong></span> <span class='ocrx_word' id='word_1_132' title='bbox 1646 1598 1714 1654; x_wconf 88' lang='lat' dir='ltr'><strong>ad</strong></span> <span class='ocrx_word' id='word_1_133' title='bbox 1751 1613 1841 1653; x_wconf 91' lang='lat' dir='ltr'><strong>res</strong></span> <span class='ocrx_word' id='word_1_134' title='bbox 1882 1596 2079 1650; x_wconf 88' lang='lat' dir='ltr'><strong>huma-</strong></span> 
     </span>
    </p>
   </div>
   <div class='ocr_carea' id='block_1_19' title="bbox 494 1692 2077 1767">
    <p class='ocr_par' dir='ltr' id='par_1_19' title="bbox 494 1692 2077 1767">
     <span class='ocr_line' id='line_1_19' title="bbox 494 1692 2077 1767; baseline -0.014 -8"><span class='ocrx_word' id='word_1_135' title='bbox 494 1717 595 1759; x_wconf 90' lang='lat' dir='ltr'><strong>nas</strong></span> <span class='ocrx_word' id='word_1_136' title='bbox 643 1709 845 1764; x_wconf 89' lang='lat' dir='ltr'><strong>mente,</strong></span> <span class='ocrx_word' id='word_1_137' title='bbox 881 1701 1173 1767; x_wconf 87' lang='lat' dir='ltr'><strong>animoque</strong></span> <span class='ocrx_word' id='word_1_138' title='bbox 1223 1710 1283 1750; x_wconf 91' lang='lat' dir='ltr'><strong>se</strong></span> <span class='ocrx_word' id='word_1_139' title='bbox 1313 1692 1624 1756; x_wconf 81' lang='lat' dir='ltr'><strong>convertit,</strong></span> <span class='ocrx_word' id='word_1_140' title='bbox 1662 1696 1831 1759; x_wconf 88' lang='lat' dir='ltr'><strong>atque</strong></span> <span class='ocrx_word' id='word_1_141' title='bbox 1858 1700 2077 1742; x_wconf 91' lang='lat' dir='ltr'><strong>omnem</strong></span> 
     </span>
    </p>
   </div>
   <div class='ocr_carea' id='block_1_20' title="bbox 496 1780 2083 1856">
    <p class='ocr_par' dir='ltr' id='par_1_20' title="bbox 496 1780 2083 1856">
     <span class='ocr_line' id='line_1_20' title="bbox 496 1780 2083 1856; baseline -0.011 -9"><span class='ocrx_word' id='word_1_142' title='bbox 496 1795 628 1848; x_wconf 87' lang='lat' dir='ltr'><strong>illuc</strong></span> <span class='ocrx_word' id='word_1_143' title='bbox 655 1807 843 1846; x_wconf 86' lang='lat' dir='ltr'><strong>curam</strong></span> <span class='ocrx_word' id='word_1_144' title='bbox 880 1789 1086 1856; x_wconf 84' lang='lat' dir='ltr'><strong>rejicit,</strong></span> <span class='ocrx_word' id='word_1_145' title='bbox 1121 1787 1475 1855; x_wconf 89' lang='lat' dir='ltr'><strong>animumque</strong></span> <span class='ocrx_word' id='word_1_146' title='bbox 1513 1797 1675 1838; x_wconf 91' lang='lat' dir='ltr'><strong>suum</strong></span> <span class='ocrx_word' id='word_1_147' title='bbox 1723 1780 1779 1834; x_wconf 92' lang='lat' dir='ltr'><strong>in</strong></span> <span class='ocrx_word' id='word_1_148' title='bbox 1808 1794 1875 1835; x_wconf 89' lang='lat' dir='ltr'><strong>eo</strong></span> <span class='ocrx_word' id='word_1_149' title='bbox 1924 1791 2083 1832; x_wconf 84' lang='lat' dir='ltr'><strong>occu-</strong></span> 
     </span>
    </p>
   </div>
   <div class='ocr_carea' id='block_1_21' title="bbox 2174 856 3791 939">
    <p class='ocr_par' dir='ltr' id='par_1_21' title="bbox 2174 856 3791 939">
     <span class='ocr_line' id='line_1_21' title="bbox 2174 856 3791 939; baseline -0.002 -27"><span class='ocrx_word' id='word_1_150' title='bbox 2174 860 2270 939; x_wconf 79' lang='grc' dir='ltr'><strong>κδς</strong></span> <span class='ocrx_word' id='word_1_151' title='bbox 2299 858 2641 939; x_wconf 81' lang='grc' dir='ltr'><strong>παθημάτων</strong></span> <span class='ocrx_word' id='word_1_152' title='bbox 2676 858 3124 930; x_wconf 88' lang='grc' dir='ltr'>συμπλέκεσθαι,</span> <span class='ocrx_word' id='word_1_153' title='bbox 3169 858 3263 911; x_wconf 81' lang='grc' dir='ltr'>καὶ</span> <span class='ocrx_word' id='word_1_154' title='bbox 3314 856 3657 912; x_wconf 81' lang='grc' dir='ltr'>κινδυνεύειν</span> <span class='ocrx_word' id='word_1_155' title='bbox 3718 856 3791 910; x_wconf 82' lang='grc' dir='ltr'>οὗ</span> 
     </span>
    </p>
   </div>
   <div class='ocr_carea' id='block_1_22' title="bbox 2177 936 3790 1028">
    <p class='ocr_par' dir='ltr' id='par_1_22' title="bbox 2177 936 3790 1028">
     <span class='ocr_line' id='line_1_22' title="bbox 2177 936 3790 1028; baseline -0.004 -22"><span class='ocrx_word' id='word_1_156' title='bbox 2177 936 2445 1026; x_wconf 69' lang='grc' dir='ltr'>περὶ’γῆς’</span> <span class='ocrx_word' id='word_1_157' title='bbox 2469 952 2631 1023; x_wconf 85' lang='grc' dir='ltr'>ὅρων,</span> <span class='ocrx_word' id='word_1_158' title='bbox 2660 950 2692 1022; x_wconf 87' lang='grc' dir='ltr'>ἢ</span> <span class='ocrx_word' id='word_1_159' title='bbox 2714 951 3014 1028; x_wconf 78' lang='grc' dir='ltr'>χρημάτων</span> <span class='ocrx_word' id='word_1_160' title='bbox 3041 948 3345 1028; x_wconf 77' lang='grc' dir='ltr'>ἀποϐολῆς,</span> <span class='ocrx_word' id='word_1_161' title='bbox 3376 948 3410 1019; x_wconf 81' lang='grc' dir='ltr'>ἢ</span> <span class='ocrx_word' id='word_1_162' title='bbox 3441 947 3604 1001; x_wconf 80' lang='grc' dir='ltr'>ἀλλον</span> <span class='ocrx_word' id='word_1_163' title='bbox 3625 944 3790 1028; x_wconf 76' lang='grc' dir='ltr'>τινὸς</span> 
     </span>
    </p>
   </div>
   <div class='ocr_carea' id='block_1_23' title="bbox 2175 1026 3788 1114">
    <p class='ocr_par' dir='ltr' id='par_1_23' title="bbox 2175 1026 3788 1114">
     <span class='ocr_line' id='line_1_23' title="bbox 2175 1026 3788 1114; baseline -0.002 -16"><span class='ocrx_word' id='word_1_164' title='bbox 2175 1045 2285 1098; x_wconf 88' lang='grc' dir='ltr'><strong>τῶν</strong></span> <span class='ocrx_word' id='word_1_165' title='bbox 2321 1044 2464 1097; x_wconf 76' lang='grc' dir='ltr'>κατὰ</span> <span class='ocrx_word' id='word_1_166' title='bbox 2513 1043 2614 1113; x_wconf 81' lang='grc' dir='ltr'>τὴν</span> <span class='ocrx_word' id='word_1_167' title='bbox 2667 1043 2814 1114; x_wconf 78' lang='grc' dir='ltr'>ζωὴν</span> <span class='ocrx_word' id='word_1_168' title='bbox 2865 1026 3068 1113; x_wconf 78' lang='grc' dir='ltr'>ταῦτην</span> <span class='ocrx_word' id='word_1_169' title='bbox 3120 1026 3606 1110; x_wconf 75' lang='grc' dir='ltr'>σπουδαζομένων,</span> <span class='ocrx_word' id='word_1_170' title='bbox 3626 1026 3788 1094; x_wconf 50' lang='grc' dir='ltr'>’ἀλλὰ</span> 
     </span>
    </p>
   </div>
   <div class='ocr_carea' id='block_1_24' title="bbox 2180 1127 3786 1205">
    <p class='ocr_par' dir='ltr' id='par_1_24' title="bbox 2180 1127 3786 1205">
     <span class='ocr_line' id='line_1_24' title="bbox 2180 1127 3786 1205; baseline -0.002 -19"><span class='ocrx_word' id='word_1_171' title='bbox 2180 1133 2309 1205; x_wconf 80' lang='grc' dir='ltr'>περὶ</span> <span class='ocrx_word' id='word_1_172' title='bbox 2350 1132 2451 1203; x_wconf 83' lang='grc' dir='ltr'>τῆς</span> <span class='ocrx_word' id='word_1_173' title='bbox 2482 1130 2900 1203; x_wconf 81' lang='grc' dir='ltr'>προηγουμένης</span> <span class='ocrx_word' id='word_1_174' title='bbox 2926 1129 3157 1193; x_wconf 80' lang='grc' dir='ltr'>ἐλπίδος.</span> <span class='ocrx_word' id='word_1_175' title='bbox 3188 1130 3304 1183; x_wconf 80' lang='grc' dir='ltr'>Οὐκ</span> <span class='ocrx_word' id='word_1_176' title='bbox 3356 1130 3472 1182; x_wconf 76' lang='grc' dir='ltr'>ἐστι</span> <span class='ocrx_word' id='word_1_177' title='bbox 3517 1129 3629 1201; x_wconf 83' lang='grc' dir='ltr'><strong>γάρ</strong></span> <span class='ocrx_word' id='word_1_178' title='bbox 3682 1127 3786 1182; x_wconf 77' lang='grc' dir='ltr'><strong>τὸν</strong></span> 
     </span>
    </p>
   </div>
   <div class='ocr_carea' id='block_1_25' title="bbox 2178 1222 3785 1293">
    <p class='ocr_par' dir='ltr' id='par_1_25' title="bbox 2178 1222 3785 1293">
     <span class='ocr_line' id='line_1_25' title="bbox 2178 1222 3785 1293; baseline -0.001 -16"><span class='ocrx_word' id='word_1_179' title='bbox 2178 1226 2259 1282; x_wconf 84' lang='grc' dir='ltr'><strong>εἰς</strong></span> <span class='ocrx_word' id='word_1_180' title='bbox 2283 1222 2376 1277; x_wconf 79' lang='grc' dir='ltr'>τὸν</span> <span class='ocrx_word' id='word_1_181' title='bbox 2404 1222 2609 1293; x_wconf 84' lang='grc' dir='ltr'>κόσμον</span> <span class='ocrx_word' id='word_1_182' title='bbox 2635 1222 2824 1276; x_wconf 87' lang='grc' dir='ltr'>τοῦτον</span> <span class='ocrx_word' id='word_1_183' title='bbox 2845 1223 3258 1293; x_wconf 80' lang='grc' dir='ltr'>ἀποστρέφοντα</span> <span class='ocrx_word' id='word_1_184' title='bbox 3285 1222 3385 1293; x_wconf 84' lang='grc' dir='ltr'><strong>τὴν</strong></span> <span class='ocrx_word' id='word_1_185' title='bbox 3406 1222 3653 1276; x_wconf 79' lang='grc' dir='ltr'>διάνοιαν</span> <span class='ocrx_word' id='word_1_186' title='bbox 3683 1222 3785 1278; x_wconf 73' lang='grc' dir='ltr'>καὶ</span> 
     </span>
    </p>
   </div>
   <div class='ocr_carea' id='block_1_26' title="bbox 2178 1312 3785 1386">
    <p class='ocr_par' dir='ltr' id='par_1_26' title="bbox 2178 1312 3785 1386">
     <span class='ocr_line' id='line_1_26' title="bbox 2178 1312 3785 1386; baseline 0 -18"><span class='ocrx_word' id='word_1_187' title='bbox 2178 1316 2277 1384; x_wconf 73' lang='grc' dir='ltr'>τὴν</span> <span class='ocrx_word' id='word_1_188' title='bbox 2308 1314 2496 1368; x_wconf 73' lang='grc' dir='ltr'>ἐνθάδε</span> <span class='ocrx_word' id='word_1_189' title='bbox 2549 1314 2821 1384; x_wconf 79' lang='grc' dir='ltr'>μέριμναν</span> <span class='ocrx_word' id='word_1_190' title='bbox 2849 1312 3191 1369; x_wconf 76' lang='grc' dir='ltr'>ἀναλαϐόντα</span> <span class='ocrx_word' id='word_1_191' title='bbox 3210 1352 3225 1377; x_wconf 91' lang='grc'><strong>,</strong></span> <span class='ocrx_word' id='word_1_192' title='bbox 3255 1315 3351 1368; x_wconf 78' lang='grc' dir='ltr'>καὶ</span> <span class='ocrx_word' id='word_1_193' title='bbox 3381 1316 3461 1379; x_wconf 88' lang='grc' dir='ltr'><strong>είς</strong></span> <span class='ocrx_word' id='word_1_194' title='bbox 3494 1314 3785 1386; x_wconf 86' lang='grc' dir='ltr'>ἀνθρωπί-</span> 
     </span>
    </p>
   </div>
   <div class='ocr_carea' id='block_1_27' title="bbox 2138 1402 3786 1479">
    <p class='ocr_par' dir='ltr' id='par_1_27' title="bbox 2138 1402 3786 1479">
     <span class='ocr_line' id='line_1_27' title="bbox 2138 1402 3786 1479; baseline 0 -19"><span class='ocrx_word' id='word_1_195' title='bbox 2138 1408 2278 1479; x_wconf 73' lang='grc' dir='ltr'>“’νην</span> <span class='ocrx_word' id='word_1_196' title='bbox 2307 1406 2598 1479; x_wconf 79' lang='grc' dir='ltr'>ἀρέσκειαν</span> <span class='ocrx_word' id='word_1_197' title='bbox 2624 1402 2957 1476; x_wconf 78' lang='grc' dir='ltr'>ἀσχολοῦντα</span> <span class='ocrx_word' id='word_1_198' title='bbox 2991 1406 3187 1459; x_wconf 78' lang='grc' dir='ltr'>ἑαυτοῦ</span> <span class='ocrx_word' id='word_1_199' title='bbox 3222 1407 3321 1477; x_wconf 77' lang='grc' dir='ltr'>τὴν</span> <span class='ocrx_word' id='word_1_200' title='bbox 3354 1406 3602 1479; x_wconf 79' lang='grc' dir='ltr'>καρδίαν,</span> <span class='ocrx_word' id='word_1_201' title='bbox 3631 1407 3786 1478; x_wconf 81' lang='grc' dir='ltr'>πλη-</span> 
     </span>
    </p>
   </div>
   <div class='ocr_carea' id='block_1_28' title="bbox 2184 1483 3784 1579">
    <p class='ocr_par' dir='ltr' id='par_1_28' title="bbox 2184 1483 3784 1579">
     <span class='ocr_line' id='line_1_28' title="bbox 2184 1483 3784 1579; baseline 0.002 -28"><span class='ocrx_word' id='word_1_202' title='bbox 2184 1499 2360 1570; x_wconf 81' lang='grc' dir='ltr'>ρωτὴν</span> <span class='ocrx_word' id='word_1_203' title='bbox 2377 1483 2636 1567; x_wconf 53' lang='grc' dir='ltr'>’γενέσθαι</span> <span class='ocrx_word' id='word_1_204' title='bbox 2662 1502 2761 1570; x_wconf 83' lang='grc' dir='ltr'>τῆς</span> <span class='ocrx_word' id='word_1_205' title='bbox 2792 1499 3016 1579; x_wconf 74' lang='grc' dir='ltr'>πρῶτης</span> <span class='ocrx_word' id='word_1_206' title='bbox 3041 1499 3135 1579; x_wconf 76' lang='grc' dir='ltr'>καὶ</span> <span class='ocrx_word' id='word_1_207' title='bbox 3160 1499 3402 1569; x_wconf 81' lang='grc' dir='ltr'>μεγάλης</span> <span class='ocrx_word' id='word_1_208' title='bbox 3427 1500 3652 1567; x_wconf 74' lang='grc' dir='ltr'>ἐντολῆς</span> <span class='ocrx_word' id='word_1_209' title='bbox 3681 1499 3784 1555; x_wconf 85' lang='grc' dir='ltr'><strong>τοῦ</strong></span> 
     </span>
    </p>
   </div>
   <div class='ocr_carea' id='block_1_29' title="bbox 2184 1577 3786 1669">
    <p class='ocr_par' dir='ltr' id='par_1_29' title="bbox 2184 1577 3786 1669">
     <span class='ocr_line' id='line_1_29' title="bbox 2184 1577 3786 1669; baseline 0.002 -28"><span class='ocrx_word' id='word_1_210' title='bbox 2184 1588 2395 1661; x_wconf 79' lang='grc' dir='ltr'>Κυρίου</span> <span class='ocrx_word' id='word_1_211' title='bbox 2417 1628 2431 1655; x_wconf 95' lang='grc'><strong>,</strong></span> <span class='ocrx_word' id='word_1_212' title='bbox 2464 1589 2498 1659; x_wconf 83' lang='grc' dir='ltr'><strong>ἥ</strong></span> <span class='ocrx_word' id='word_1_213' title='bbox 2533 1606 2697 1660; x_wconf 88' lang='grc' dir='ltr'>φησιν</span> <span class='ocrx_word' id='word_1_214' title='bbox 2726 1589 2785 1656; x_wconf 73' lang='grc' dir='ltr'>ἐξ</span> <span class='ocrx_word' id='word_1_215' title='bbox 2830 1577 2957 1659; x_wconf 81' lang='grc' dir='ltr'>ὅλης</span> <span class='ocrx_word' id='word_1_216' title='bbox 2989 1577 3215 1661; x_wconf 81' lang='grc' dir='ltr'>καρδίας</span> <span class='ocrx_word' id='word_1_217' title='bbox 3242 1591 3655 1669; x_wconf 73' lang='grc' dir='ltr'>καὶδυνάμεως</span> <span class='ocrx_word' id='word_1_218' title='bbox 3686 1592 3786 1646; x_wconf 88' lang='grc' dir='ltr'><strong>τὺν</strong></span> 
     </span>
    </p>
   </div>
   <div class='ocr_carea' id='block_1_30' title="bbox 2181 1664 3786 1755">
    <p class='ocr_par' dir='ltr' id='par_1_30' title="bbox 2181 1664 3786 1755">
     <span class='ocr_line' id='line_1_30' title="bbox 2181 1664 3786 1755; baseline 0.001 -20"><span class='ocrx_word' id='word_1_219' title='bbox 2181 1681 2313 1735; x_wconf 83' lang='grc' dir='ltr'>Θεὸν</span> <span class='ocrx_word' id='word_1_220' title='bbox 2337 1683 2577 1753; x_wconf 81' lang='grc' dir='ltr'>ἀγαπᾷν.</span> <span class='ocrx_word' id='word_1_221' title='bbox 2606 1682 2732 1747; x_wconf 86' lang='grc' dir='ltr'>Πῶς</span> <span class='ocrx_word' id='word_1_222' title='bbox 2760 1682 2870 1755; x_wconf 80' lang='grc' dir='ltr'><strong>γάρ</strong></span> <span class='ocrx_word' id='word_1_223' title='bbox 2890 1683 3169 1755; x_wconf 81' lang='grc' dir='ltr'>ἀγαπήσει</span> <span class='ocrx_word' id='word_1_224' title='bbox 3193 1700 3279 1747; x_wconf 87' lang='grc' dir='ltr'><strong>τις</strong></span> <span class='ocrx_word' id='word_1_225' title='bbox 3306 1664 3367 1750; x_wconf 70' lang='lat' dir='ltr'><strong>eé</strong></span> <span class='ocrx_word' id='word_1_226' title='bbox 3386 1664 3515 1754; x_wconf 69' lang='grc' dir='ltr'>ὃλτξς</span> <span class='ocrx_word' id='word_1_227' title='bbox 3546 1682 3786 1755; x_wconf 84' lang='grc' dir='ltr'>καρδίας</span> 
     </span>
    </p>
   </div>
   <div class='ocr_carea' id='block_1_31' title="bbox 2182 1774 3787 1847">
    <p class='ocr_par' dir='ltr' id='par_1_31' title="bbox 2182 1774 3787 1847">
     <span class='ocr_line' id='line_1_31' title="bbox 2182 1774 3787 1847; baseline 0.001 -19"><span class='ocrx_word' id='word_1_228' title='bbox 2182 1776 2279 1829; x_wconf 77' lang='grc' dir='ltr'>καὶ</span> <span class='ocrx_word' id='word_1_229' title='bbox 2306 1775 2588 1845; x_wconf 84' lang='grc' dir='ltr'>δυνάμεως</span> <span class='ocrx_word' id='word_1_230' title='bbox 2619 1774 2712 1829; x_wconf 78' lang='grc' dir='ltr'>τὸν</span> <span class='ocrx_word' id='word_1_231' title='bbox 2756 1774 2891 1828; x_wconf 81' lang='grc' dir='ltr'>Θεὸν</span> <span class='ocrx_word' id='word_1_232' title='bbox 2915 1814 2930 1840; x_wconf 92' lang='grc'><strong>,</strong></span> <span class='ocrx_word' id='word_1_233' title='bbox 2972 1775 3101 1829; x_wconf 77' lang='grc' dir='ltr'>ὅταν</span> <span class='ocrx_word' id='word_1_234' title='bbox 3133 1775 3476 1847; x_wconf 81' lang='grc' dir='ltr'>καταμερίσῃ</span> <span class='ocrx_word' id='word_1_235' title='bbox 3508 1774 3609 1845; x_wconf 79' lang='grc' dir='ltr'>τὴν</span> <span class='ocrx_word' id='word_1_236' title='bbox 3634 1792 3787 1847; x_wconf 85' lang='grc' dir='ltr'>καρ-</span> 
     </span>
    </p>
   </div>
   <div class='ocr_carea' id='block_1_32' title="bbox 499 1839 2095 1956">
    <p class='ocr_par' dir='ltr' id='par_1_32' title="bbox 499 1839 2077 1956">
     <span class='ocr_line' id='line_1_32' title="bbox 499 1839 2077 1956; baseline -0.012 -17"><span class='ocrx_word' id='word_1_237' title='bbox 645 1839 1324 1949; x_wconf 43' lang='grc' dir='ltr'>ιρίιιοθιιι,</span> <span class='ocrx_word' id='word_1_238' title='bbox 1373 1839 1422 1931; x_wconf 47' lang='lat' dir='ltr'><strong>i&#39;s</strong></span> <span class='ocrx_word' id='word_1_239' title='bbox 1448 1880 1630 1944; x_wconf 88' lang='lat' dir='ltr'><strong>potest</strong></span> <span class='ocrx_word' id='word_1_240' title='bbox 1650 1873 1887 1943; x_wconf 90' lang='lat' dir='ltr'><strong>primum</strong></span> <span class='ocrx_word' id='word_1_241' title='bbox 1924 1868 2077 1931; x_wconf 92' lang='lat' dir='ltr'><strong>illud,</strong></span> 
     </span>
    </p>
   </div>
   <div class='ocr_carea' id='block_1_33' title="bbox 2192 1839 3785 1956">
    <p class='ocr_par' dir='ltr' id='par_1_33' title="bbox 2192 1839 3785 1952">
     <span class='ocr_line' id='line_1_33' title="bbox 2192 1839 3785 1952; baseline 0.003 -34"><span class='ocrx_word' id='word_1_242' title='bbox 2192 1866 2300 1952; x_wconf 75' lang='grc' dir='ltr'>Βίαν</span> <span class='ocrx_word' id='word_1_243' title='bbox 2332 1839 2526 1951; x_wconf 69' lang='grc' dir='ltr'>ἑαυτοῦ</span> <span class='ocrx_word' id='word_1_244' title='bbox 2557 1867 2695 1940; x_wconf 79' lang='grc' dir='ltr'>πρὸς</span> <span class='ocrx_word' id='word_1_245' title='bbox 2715 1868 2848 1922; x_wconf 79' lang='grc' dir='ltr'>Θεὸν</span> <span class='ocrx_word' id='word_1_246' title='bbox 2869 1839 2961 1922; x_wconf 76' lang='grc' dir='ltr'><strong>καὶ</strong></span> <span class='ocrx_word' id='word_1_247' title='bbox 2988 1859 3214 1939; x_wconf 77' lang='grc' dir='ltr'>κόσμον,</span> <span class='ocrx_word' id='word_1_248' title='bbox 3248 1839 3625 1924; x_wconf 45' lang='grc' dir='ltr'>καὶ-κλέπτων</span> <span class='ocrx_word' id='word_1_249' title='bbox 3658 1839 3785 1942; x_wconf 74' lang='grc' dir='ltr'>τρό-</span> 
     </span>
    </p>
   </div>
   <div class='ocr_carea' id='block_1_34' title="bbox 497 1956 2095 2039">
    <p class='ocr_par' dir='ltr' id='par_1_34' title="bbox 497 1966 2079 2039">
     <span class='ocr_line' id='line_1_34' title="bbox 497 1966 2079 2039; baseline -0.012 -9"><span class='ocrx_word' id='word_1_250' title='bbox 497 1985 552 2030; x_wconf 90' lang='lat' dir='ltr'><strong>et</strong></span> <span class='ocrx_word' id='word_1_251' title='bbox 579 1973 875 2029; x_wconf 76' lang='lat' dir='ltr'><strong>maximum</strong></span> <span class='ocrx_word' id='word_1_252' title='bbox 906 1969 998 2024; x_wconf 88' lang='lat' dir='ltr'><strong>Dei</strong></span> <span class='ocrx_word' id='word_1_253' title='bbox 1032 1976 1364 2039; x_wconf 71' lang='lat' dir='ltr'><strong>pmceptum</strong></span> <span class='ocrx_word' id='word_1_254' title='bbox 1388 1966 1627 2034; x_wconf 78' lang='lat' dir='ltr'><strong>explere,</strong></span> <span class='ocrx_word' id='word_1_255' title='bbox 1648 1976 1756 2031; x_wconf 91' lang='lat' dir='ltr'><strong>quo</strong></span> <span class='ocrx_word' id='word_1_256' title='bbox 1774 1972 2079 2025; x_wconf 87' lang='lat' dir='ltr'><strong>monemur,</strong></span> 
     </span>
    </p>
   </div>
   <div class='ocr_carea' id='block_1_35' title="bbox 2192 1956 3780 2039">
    <p class='ocr_par' dir='ltr' id='par_1_35' title="bbox 2192 1956 3780 2033">
     <span class='ocr_line' id='line_1_35' title="bbox 2192 1956 3780 2033; baseline 0.002 -21"><span class='ocrx_word' id='word_1_257' title='bbox 2192 1975 2281 2012; x_wconf 77' lang='grc' dir='ltr'><strong>πον</strong></span> <span class='ocrx_word' id='word_1_258' title='bbox 2308 1956 2432 2011; x_wconf 84' lang='grc' dir='ltr'>τινὰ</span> <span class='ocrx_word' id='word_1_259' title='bbox 2466 1956 2565 2029; x_wconf 79' lang='grc' dir='ltr'>τὴν</span> <span class='ocrx_word' id='word_1_260' title='bbox 2619 1959 2813 2031; x_wconf 80' lang='grc' dir='ltr'>ἐκείνῳ</span> <span class='ocrx_word' id='word_1_261' title='bbox 2859 1960 3004 2031; x_wconf 81' lang='grc' dir='ltr'>μόνῳ</span> <span class='ocrx_word' id='word_1_262' title='bbox 3041 1961 3494 2033; x_wconf 81' lang='grc' dir='ltr'>χρεωστουμένην</span> <span class='ocrx_word' id='word_1_263' title='bbox 3526 1961 3780 2033; x_wconf 78' lang='grc' dir='ltr'>ἀγάπην,</span> 
     </span>
    </p>
   </div>
   <div class='ocr_carea' id='block_1_36' title="bbox 498 2048 2095 2127">
    <p class='ocr_par' dir='ltr' id='par_1_36' title="bbox 498 2048 2082 2125">
     <span class='ocr_line' id='line_1_36' title="bbox 498 2048 2082 2125; baseline -0.009 -6"><span class='ocrx_word' id='word_1_264' title='bbox 498 2072 555 2119; x_wconf 88' lang='grc' dir='ltr'><strong>ιιι</strong></span> <span class='ocrx_word' id='word_1_265' title='bbox 588 2070 703 2118; x_wconf 91' lang='lat' dir='ltr'><strong>toto</strong></span> <span class='ocrx_word' id='word_1_266' title='bbox 725 2062 915 2125; x_wconf 89' lang='lat' dir='ltr'><strong>corde,</strong></span> <span class='ocrx_word' id='word_1_267' title='bbox 939 2060 1073 2117; x_wconf 91' lang='lat' dir='ltr'><strong>totis</strong></span> <span class='ocrx_word' id='word_1_268' title='bbox 1119 2059 1330 2113; x_wconf 86' lang='lat' dir='ltr'><strong>viribus</strong></span> <span class='ocrx_word' id='word_1_269' title='bbox 1385 2055 1555 2112; x_wconf 91' lang='lat' dir='ltr'><strong>Deum</strong></span> <span class='ocrx_word' id='word_1_270' title='bbox 1595 2054 1913 2124; x_wconf 77' lang='lat' dir='ltr'><strong>diligamus.</strong></span> <span class='ocrx_word' id='word_1_271' title='bbox 1962 2048 2082 2117; x_wconf 86' lang='lat' dir='ltr'><strong>Quo</strong></span> 
     </span>
    </p>
   </div>
   <div class='ocr_carea' id='block_1_37' title="bbox 2192 2048 3780 2127">
    <p class='ocr_par' dir='ltr' id='par_1_37' title="bbox 2192 2048 3780 2127">
     <span class='ocr_line' id='line_1_37' title="bbox 2192 2048 3780 2127; baseline 0.003 -24"><span class='ocrx_word' id='word_1_272' title='bbox 2192 2048 2539 2121; x_wconf 67' lang='grc' dir='ltr'>ὶνθρωπίνοις</span> <span class='ocrx_word' id='word_1_273' title='bbox 2587 2051 2756 2122; x_wconf 75' lang='grc' dir='ltr'>αὐτὴν</span> <span class='ocrx_word' id='word_1_274' title='bbox 2816 2052 3017 2106; x_wconf 87' lang='grc' dir='ltr'>πάθεσι</span> <span class='ocrx_word' id='word_1_275' title='bbox 3085 2054 3536 2127; x_wconf 79' lang='grc' dir='ltr'>προσαναλίσκῃς</span> <span class='ocrx_word' id='word_1_276' title='bbox 3577 2057 3606 2107; x_wconf 86' lang='grc' dir='ltr'><strong>ό</strong></span> <span class='ocrx_word' id='word_1_277' title='bbox 3663 2053 3780 2125; x_wconf 80' lang='grc' dir='ltr'><strong>γὰρ</strong></span> 
     </span>
    </p>
   </div>
   <div class='ocr_carea' id='block_1_38' title="bbox 496 2140 2095 2226">
    <p class='ocr_par' dir='ltr' id='par_1_38' title="bbox 496 2143 2081 2226">
     <span class='ocr_line' id='line_1_38' title="bbox 496 2143 2081 2226; baseline -0.01 -15"><span class='ocrx_word' id='word_1_278' title='bbox 496 2155 642 2211; x_wconf 90' lang='lat' dir='ltr'><strong>enim</strong></span> <span class='ocrx_word' id='word_1_279' title='bbox 673 2162 837 2226; x_wconf 90' lang='lat' dir='ltr'><strong>pacto</strong></span> <span class='ocrx_word' id='word_1_280' title='bbox 872 2152 983 2217; x_wconf 86' lang='lat' dir='ltr'><strong>liet,</strong></span> <span class='ocrx_word' id='word_1_281' title='bbox 1021 2160 1081 2207; x_wconf 91' lang='lat' dir='ltr'><strong>ut</strong></span> <span class='ocrx_word' id='word_1_282' title='bbox 1114 2158 1231 2207; x_wconf 88' lang='lat' dir='ltr'><strong>toto</strong></span> <span class='ocrx_word' id='word_1_283' title='bbox 1273 2148 1400 2221; x_wconf 89' lang='lat' dir='ltr'><strong>quis</strong></span> <span class='ocrx_word' id='word_1_284' title='bbox 1435 2149 1621 2204; x_wconf 90' lang='lat' dir='ltr'><strong>animo</strong></span> <span class='ocrx_word' id='word_1_285' title='bbox 1671 2145 1841 2201; x_wconf 92' lang='lat' dir='ltr'><strong>Deum</strong></span> <span class='ocrx_word' id='word_1_286' title='bbox 1867 2143 2081 2214; x_wconf 75' lang='lat' dir='ltr'><strong>diligat,</strong></span> 
     </span>
    </p>
   </div>
   <div class='ocr_carea' id='block_1_39' title="bbox 2192 2140 3783 2226">
    <p class='ocr_par' dir='ltr' id='par_1_39' title="bbox 2192 2140 3783 2218">
     <span class='ocr_line' id='line_1_39' title="bbox 2192 2140 3783 2218; baseline 0.003 -23"><span class='ocrx_word' id='word_1_287' title='bbox 2192 2140 2393 2212; x_wconf 71' lang='grc' dir='ltr'>ίγαμος</span> <span class='ocrx_word' id='word_1_288' title='bbox 2429 2144 2670 2213; x_wconf 80' lang='grc' dir='ltr'>μεριμνᾷ</span> <span class='ocrx_word' id='word_1_289' title='bbox 2694 2143 2763 2197; x_wconf 78' lang='grc' dir='ltr'><strong>τὸ.</strong></span> <span class='ocrx_word' id='word_1_290' title='bbox 2788 2144 2881 2197; x_wconf 91' lang='grc' dir='ltr'><strong>τοῦ</strong></span> <span class='ocrx_word' id='word_1_291' title='bbox 2903 2146 3135 2217; x_wconf 84' lang='grc' dir='ltr'>Κυρίου,</span> <span class='ocrx_word' id='word_1_292' title='bbox 3182 2149 3211 2201; x_wconf 85' lang='grc' dir='ltr'><strong>ό</strong></span> <span class='ocrx_word' id='word_1_293' title='bbox 3249 2146 3307 2200; x_wconf 81' lang='grc' dir='ltr'>δὲ</span> <span class='ocrx_word' id='word_1_294' title='bbox 3332 2147 3592 2218; x_wconf 80' lang='grc' dir='ltr'>γαμήσας</span> <span class='ocrx_word' id='word_1_295' title='bbox 3620 2162 3783 2217; x_wconf 90' lang='grc' dir='ltr'>μερι-</span> 
     </span>
    </p>
   </div>
   <div class='ocr_carea' id='block_1_40' title="bbox 498 2230 2095 2313">
    <p class='ocr_par' dir='ltr' id='par_1_40' title="bbox 498 2235 2083 2303">
     <span class='ocr_line' id='line_1_40' title="bbox 498 2235 2083 2303; baseline -0.009 -1"><span class='ocrx_word' id='word_1_296' title='bbox 498 2261 623 2302; x_wconf 90' lang='lat' dir='ltr'><strong>cum</strong></span> <span class='ocrx_word' id='word_1_297' title='bbox 678 2260 841 2303; x_wconf 87' lang='lat' dir='ltr'><strong>suum</strong></span> <span class='ocrx_word' id='word_1_298' title='bbox 873 2245 964 2299; x_wconf 91' lang='lat' dir='ltr'><strong>hic</strong></span> <span class='ocrx_word' id='word_1_299' title='bbox 1000 2244 1244 2298; x_wconf 90' lang='lat' dir='ltr'><strong>animum</strong></span> <span class='ocrx_word' id='word_1_300' title='bbox 1284 2241 1449 2296; x_wconf 91' lang='lat' dir='ltr'><strong>modo</strong></span> <span class='ocrx_word' id='word_1_301' title='bbox 1483 2240 1537 2294; x_wconf 92' lang='lat' dir='ltr'><strong>in</strong></span> <span class='ocrx_word' id='word_1_302' title='bbox 1580 2237 1777 2303; x_wconf 91' lang='lat' dir='ltr'><strong>Deum,</strong></span> <span class='ocrx_word' id='word_1_303' title='bbox 1811 2235 1978 2290; x_wconf 90' lang='lat' dir='ltr'><strong>modo</strong></span> <span class='ocrx_word' id='word_1_304' title='bbox 2027 2237 2083 2289; x_wconf 92' lang='lat' dir='ltr'><strong>in</strong></span> 
     </span>
    </p>
   </div>
   <div class='ocr_carea' id='block_1_41' title="bbox 2192 2230 3782 2313">
    <p class='ocr_par' dir='ltr' id='par_1_41' title="bbox 2192 2230 3782 2313">
     <span class='ocr_line' id='line_1_41' title="bbox 2192 2230 3782 2313; baseline 0.003 -28"><span class='ocrx_word' id='word_1_305' title='bbox 2192 2233 2295 2303; x_wconf 78' lang='grc' dir='ltr'><strong>μνᾷ</strong></span> <span class='ocrx_word' id='word_1_306' title='bbox 2317 2230 2385 2285; x_wconf 85' lang='grc' dir='ltr'><strong>τά</strong></span> <span class='ocrx_word' id='word_1_307' title='bbox 2417 2230 2511 2284; x_wconf 91' lang='grc' dir='ltr'><strong>τοῦ</strong></span> <span class='ocrx_word' id='word_1_308' title='bbox 2554 2232 2783 2305; x_wconf 88' lang='grc' dir='ltr'>κόσμου.</span> <span class='ocrx_word' id='word_1_309' title='bbox 2819 2236 2883 2288; x_wconf 83' lang='lat' dir='ltr'><strong>El</strong></span> <span class='ocrx_word' id='word_1_310' title='bbox 2903 2235 2960 2289; x_wconf 79' lang='grc' dir='ltr'>δὲ</span> <span class='ocrx_word' id='word_1_311' title='bbox 2985 2237 3241 2313; x_wconf 74' lang='grc' dir='ltr'>ἐπίπονος</span> <span class='ocrx_word' id='word_1_312' title='bbox 3276 2238 3309 2307; x_wconf 86' lang='grc' dir='ltr'><strong>ή</strong></span> <span class='ocrx_word' id='word_1_313' title='bbox 3354 2236 3490 2308; x_wconf 78' lang='grc' dir='ltr'>πρὸς</span> <span class='ocrx_word' id='word_1_314' title='bbox 3520 2237 3621 2300; x_wconf 81' lang='grc' dir='ltr'><strong>τὰς</strong></span> <span class='ocrx_word' id='word_1_315' title='bbox 3649 2236 3782 2308; x_wconf 85' lang='grc' dir='ltr'>ήδο-</span> 
     </span>
    </p>
   </div>
   <div class='ocr_carea' id='block_1_42' title="bbox 501 2320 2095 2404">
    <p class='ocr_par' dir='ltr' id='par_1_42' title="bbox 501 2326 2085 2404">
     <span class='ocr_line' id='line_1_42' title="bbox 501 2326 2085 2404; baseline -0.009 -10"><span class='ocrx_word' id='word_1_316' title='bbox 501 2354 591 2395; x_wconf 85' lang='lat' dir='ltr'><strong>res</strong></span> <span class='ocrx_word' id='word_1_317' title='bbox 622 2338 892 2393; x_wconf 90' lang='lat' dir='ltr'><strong>humanas</strong></span> <span class='ocrx_word' id='word_1_318' title='bbox 923 2335 1189 2404; x_wconf 87' lang='lat' dir='ltr'><strong>impellat,</strong></span> <span class='ocrx_word' id='word_1_319' title='bbox 1236 2333 1588 2401; x_wconf 89' lang='lat' dir='ltr'><strong>debitamque</strong></span> <span class='ocrx_word' id='word_1_320' title='bbox 1638 2328 1719 2383; x_wconf 89' lang='lat' dir='ltr'><strong>illi</strong></span> <span class='ocrx_word' id='word_1_321' title='bbox 1746 2327 1853 2383; x_wconf 89' lang='lat' dir='ltr'><strong>soli</strong></span> <span class='ocrx_word' id='word_1_322' title='bbox 1908 2326 2085 2397; x_wconf 86' lang='lat' dir='ltr'><strong>pieta-</strong></span> 
     </span>
    </p>
   </div>
   <div class='ocr_carea' id='block_1_43' title="bbox 2192 2320 3782 2404">
    <p class='ocr_par' dir='ltr' id='par_1_43' title="bbox 2192 2320 3782 2399">
     <span class='ocr_line' id='line_1_43' title="bbox 2192 2320 3782 2399; baseline 0 -18"><span class='ocrx_word' id='word_1_323' title='bbox 2192 2326 2284 2390; x_wconf 82' lang='grc' dir='ltr'>νὰς</span> <span class='ocrx_word' id='word_1_324' title='bbox 2309 2326 2456 2399; x_wconf 86' lang='grc' dir='ltr'>μάχη</span> <span class='ocrx_word' id='word_1_325' title='bbox 2481 2329 2648 2391; x_wconf 88' lang='grc' dir='ltr'>δοκεῖ,</span> <span class='ocrx_word' id='word_1_326' title='bbox 2685 2326 2963 2398; x_wconf 77' lang='grc' dir='ltr'>θαρρείτω</span> <span class='ocrx_word' id='word_1_327' title='bbox 2989 2330 3096 2393; x_wconf 71' lang='grc' dir='ltr'><strong>πᾶς</strong></span> <span class='ocrx_word' id='word_1_328' title='bbox 3114 2344 3126 2357; x_wconf 88' lang='grc'><strong>·</strong></span> <span class='ocrx_word' id='word_1_329' title='bbox 3153 2320 3274 2381; x_wconf 80' lang='grc' dir='ltr'>οὐδὲ</span> <span class='ocrx_word' id='word_1_330' title='bbox 3311 2329 3423 2399; x_wconf 87' lang='grc' dir='ltr'><strong>γάρ</strong></span> <span class='ocrx_word' id='word_1_331' title='bbox 3447 2327 3584 2399; x_wconf 76' lang='grc' dir='ltr'>πρὸς</span> <span class='ocrx_word' id='word_1_332' title='bbox 3620 2327 3782 2381; x_wconf 86' lang='grc' dir='ltr'>τοῦτο</span> 
     </span>
    </p>
   </div>
   <div class='ocr_carea' id='block_1_44' title="bbox 500 2414 2095 2499">
    <p class='ocr_par' dir='ltr' id='par_1_44' title="bbox 500 2418 2080 2499">
     <span class='ocr_line' id='line_1_44' title="bbox 500 2418 2080 2499; baseline -0.008 -14"><span class='ocrx_word' id='word_1_333' title='bbox 500 2443 634 2493; x_wconf 79' lang='lat' dir='ltr'><strong>tem,</strong></span> <span class='ocrx_word' id='word_1_334' title='bbox 665 2443 729 2482; x_wconf 92' lang='lat' dir='ltr'><strong>ac</strong></span> <span class='ocrx_word' id='word_1_335' title='bbox 756 2425 1190 2499; x_wconf 76' lang='lat' dir='ltr'><strong>benevolentiam</strong></span> <span class='ocrx_word' id='word_1_336' title='bbox 1226 2424 1463 2495; x_wconf 89' lang='lat' dir='ltr'><strong>quodam</strong></span> <span class='ocrx_word' id='word_1_337' title='bbox 1500 2420 1664 2499; x_wconf 91' lang='lat' dir='ltr'><strong>modo</strong></span> <span class='ocrx_word' id='word_1_338' title='bbox 1717 2418 1981 2489; x_wconf 88' lang='lat' dir='ltr'><strong>eripiens,</strong></span> <span class='ocrx_word' id='word_1_339' title='bbox 2023 2418 2080 2473; x_wconf 88' lang='lat' dir='ltr'><strong>in</strong></span> 
     </span>
    </p>
   </div>
   <div class='ocr_carea' id='block_1_45' title="bbox 2192 2414 3781 2499">
    <p class='ocr_par' dir='ltr' id='par_1_45' title="bbox 2192 2414 3781 2491">
     <span class='ocr_line' id='line_1_45' title="bbox 2192 2414 3781 2491; baseline 0.002 -21"><span class='ocrx_word' id='word_1_340' title='bbox 2192 2418 2362 2489; x_wconf 83' lang='grc' dir='ltr'>μικρά</span> <span class='ocrx_word' id='word_1_341' title='bbox 2409 2421 2443 2491; x_wconf 86' lang='grc' dir='ltr'><strong>ή</strong></span> <span class='ocrx_word' id='word_1_342' title='bbox 2476 2418 2733 2488; x_wconf 90' lang='grc' dir='ltr'>συνήθεια</span> <span class='ocrx_word' id='word_1_343' title='bbox 2765 2420 2861 2473; x_wconf 77' lang='grc' dir='ltr'>καὶ</span> <span class='ocrx_word' id='word_1_344' title='bbox 2904 2421 3018 2483; x_wconf 78' lang='grc' dir='ltr'>τοῖς</span> <span class='ocrx_word' id='word_1_345' title='bbox 3049 2419 3475 2483; x_wconf 85' lang='grc' dir='ltr'>δυσκολωτάτοις</span> <span class='ocrx_word' id='word_1_346' title='bbox 3508 2414 3646 2472; x_wconf 77' lang='grc' dir='ltr'>εἶναι</span> <span class='ocrx_word' id='word_1_347' title='bbox 3694 2418 3781 2473; x_wconf 89' lang='grc' dir='ltr'>δο-</span> 
     </span>
    </p>
   </div>
   <div class='ocr_carea' id='block_1_46' title="bbox 503 2498 2095 2589">
    <p class='ocr_par' dir='ltr' id='par_1_46' title="bbox 503 2498 2085 2589">
     <span class='ocr_line' id='line_1_46' title="bbox 503 2498 2085 2589; baseline -0.008 -15"><span class='ocrx_word' id='word_1_348' title='bbox 503 2519 759 2574; x_wconf 89' lang='lat' dir='ltr'><strong>humanis</strong></span> <span class='ocrx_word' id='word_1_349' title='bbox 817 2498 1104 2572; x_wconf 76' lang='lat' dir='ltr'><strong>affectibus</strong></span> <span class='ocrx_word' id='word_1_350' title='bbox 1136 2502 1486 2589; x_wconf 23' lang='lat' dir='ltr'><strong>A&#39;exhauria&#39;t?</strong></span> <span class='ocrx_word' id='word_1_351' title='bbox 1529 2498 1749 2566; x_wconf 69' lang='lat' dir='ltr'><strong>caelebs</strong></span> <span class='ocrx_word' id='word_1_352' title='bbox 1805 2507 1950 2563; x_wconf 91' lang='lat' dir='ltr'><strong>enim</strong></span> <span class='ocrx_word' id='word_1_353' title='bbox 1996 2521 2085 2572; x_wconf 89' lang='lat' dir='ltr'><strong>ea,</strong></span> 
     </span>
    </p>
   </div>
   <div class='ocr_carea' id='block_1_47' title="bbox 2192 2498 3776 2589">
    <p class='ocr_par' dir='ltr' id='par_1_47' title="bbox 2192 2508 3776 2582">
     <span class='ocr_line' id='line_1_47' title="bbox 2192 2508 3776 2582; baseline 0 -20"><span class='ocrx_word' id='word_1_354' title='bbox 2192 2508 2396 2573; x_wconf 84' lang='grc' dir='ltr'>κοῦσιν,</span> <span class='ocrx_word' id='word_1_355' title='bbox 2434 2510 2630 2582; x_wconf 79' lang='grc' dir='ltr'>ἡδονήν</span> <span class='ocrx_word' id='word_1_356' title='bbox 2657 2527 2777 2578; x_wconf 71' lang='grc' dir='ltr'>τινα</span> <span class='ocrx_word' id='word_1_357' title='bbox 2810 2509 2899 2562; x_wconf 76' lang='grc' dir='ltr'><strong>διὰ</strong></span> <span class='ocrx_word' id='word_1_358' title='bbox 2921 2509 3019 2579; x_wconf 87' lang='grc' dir='ltr'>τῆς</span> <span class='ocrx_word' id='word_1_359' title='bbox 3048 2509 3315 2581; x_wconf 77' lang='grc' dir='ltr'>ἐπιμονῆς</span> <span class='ocrx_word' id='word_1_360' title='bbox 3355 2508 3776 2582; x_wconf 79' lang='grc' dir='ltr'>ἐνεργάσασθαι·</span> 
     </span>
    </p>
   </div>
   <div class='ocr_carea' id='block_1_48' title="bbox 502 2588 2095 2682">
    <p class='ocr_par' dir='ltr' id='par_1_48' title="bbox 502 2588 2089 2682">
     <span class='ocr_line' id='line_1_48' title="bbox 502 2588 2089 2682; baseline -0.008 -16"><span class='ocrx_word' id='word_1_361' title='bbox 502 2626 626 2682; x_wconf 69' lang='lat' dir='ltr'><strong>qua:</strong></span> <span class='ocrx_word' id='word_1_362' title='bbox 656 2609 752 2664; x_wconf 88' lang='lat' dir='ltr'><strong>Dei</strong></span> <span class='ocrx_word' id='word_1_363' title='bbox 787 2616 936 2671; x_wconf 88' lang='lat' dir='ltr'><strong>sunt,</strong></span> <span class='ocrx_word' id='word_1_364' title='bbox 969 2616 1132 2663; x_wconf 87' lang='lat' dir='ltr'><strong>curat</strong></span> <span class='ocrx_word' id='word_1_365' title='bbox 1172 2588 1319 2677; x_wconf 87' lang='lat' dir='ltr'><strong>:qui</strong></span> <span class='ocrx_word' id='word_1_366' title='bbox 1362 2618 1496 2659; x_wconf 91' lang='lat' dir='ltr'><strong>vero</strong></span> <span class='ocrx_word' id='word_1_367' title='bbox 1553 2600 1912 2657; x_wconf 89' lang='lat' dir='ltr'><strong>matrimonio</strong></span> <span class='ocrx_word' id='word_1_368' title='bbox 1967 2599 2089 2654; x_wconf 91' lang='lat' dir='ltr'><strong>vin-</strong></span> 
     </span>
    </p>
   </div>
   <div class='ocr_carea' id='block_1_49' title="bbox 2192 2588 3782 2682">
    <p class='ocr_par' dir='ltr' id='par_1_49' title="bbox 2192 2597 3782 2682">
     <span class='ocr_line' id='line_1_49' title="bbox 2192 2597 3782 2682; baseline -0.001 -27"><span class='ocrx_word' id='word_1_369' title='bbox 2192 2600 2286 2655; x_wconf 76' lang='grc' dir='ltr'><strong>καὶ</strong></span> <span class='ocrx_word' id='word_1_370' title='bbox 2310 2602 2508 2682; x_wconf 76' lang='grc' dir='ltr'>ήδονὴν</span> <span class='ocrx_word' id='word_1_371' title='bbox 2532 2601 2630 2673; x_wconf 85' lang='grc' dir='ltr'>τὴν</span> <span class='ocrx_word' id='word_1_372' title='bbox 2658 2601 2955 2673; x_wconf 87' lang='grc' dir='ltr'>καλλίστην</span> <span class='ocrx_word' id='word_1_373' title='bbox 2983 2602 3077 2656; x_wconf 57' lang='grc' dir='ltr'><strong>καὶ⁵</strong></span> <span class='ocrx_word' id='word_1_374' title='bbox 3100 2601 3513 2672; x_wconf 74' lang='grc' dir='ltr'>καθαρωτάτην,</span> <span class='ocrx_word' id='word_1_375' title='bbox 3539 2597 3609 2672; x_wconf 74' lang='grc' dir='ltr'>ἧς</span> <span class='ocrx_word' id='word_1_376' title='bbox 3630 2599 3782 2667; x_wconf 78' lang='grc' dir='ltr'>ἄξιόν</span> 
     </span>
    </p>
   </div>
   <div class='ocr_carea' id='block_1_50' title="bbox 502 2679 2095 2769">
    <p class='ocr_par' dir='ltr' id='par_1_50' title="bbox 502 2679 2089 2768">
     <span class='ocr_line' id='line_1_50' title="bbox 502 2679 2089 2768; baseline -0.008 -12"><span class='ocrx_word' id='word_1_377' title='bbox 502 2679 631 2756; x_wconf 78' lang='lat' dir='ltr'><strong>ctus</strong></span> <span class='ocrx_word' id='word_1_378' title='bbox 658 2706 761 2767; x_wconf 90' lang='lat' dir='ltr'><strong>est,</strong></span> <span class='ocrx_word' id='word_1_379' title='bbox 787 2699 842 2752; x_wconf 90' lang='lat' dir='ltr'><strong>in</strong></span> <span class='ocrx_word' id='word_1_380' title='bbox 875 2698 983 2761; x_wconf 89' lang='lat' dir='ltr'><strong>his,</strong></span> <span class='ocrx_word' id='word_1_381' title='bbox 1018 2712 1140 2768; x_wconf 63' lang='lat' dir='ltr'><strong>quae</strong></span> <span class='ocrx_word' id='word_1_382' title='bbox 1164 2704 1219 2752; x_wconf 89' lang='lat' dir='ltr'><strong>et</strong></span> <span class='ocrx_word' id='word_1_383' title='bbox 1268 2695 1457 2751; x_wconf 89' lang='lat' dir='ltr'><strong>mundi</strong></span> <span class='ocrx_word' id='word_1_384' title='bbox 1506 2700 1561 2750; x_wconf 84' lang='lat' dir='ltr'><strong>et</strong></span> <span class='ocrx_word' id='word_1_385' title='bbox 1618 2692 1903 2748; x_wconf 89' lang='lat' dir='ltr'><strong>hominum</strong></span> <span class='ocrx_word' id='word_1_386' title='bbox 1936 2697 2089 2757; x_wconf 90' lang='lat' dir='ltr'><strong>sunt,</strong></span> 
     </span>
    </p>
   </div>
   <div class='ocr_carea' id='block_1_51' title="bbox 2192 2679 3779 2769">
    <p class='ocr_par' dir='ltr' id='par_1_51' title="bbox 2192 2679 3779 2769">
     <span class='ocr_line' id='line_1_51' title="bbox 2192 2679 3779 2769; baseline -0.001 -19"><span class='ocrx_word' id='word_1_387' title='bbox 2192 2679 2317 2750; x_wconf 50' lang='grc' dir='ltr'>ἐστι’</span> <span class='ocrx_word' id='word_1_388' title='bbox 2346 2696 2438 2749; x_wconf 90' lang='grc' dir='ltr'><strong>τόν</strong></span> <span class='ocrx_word' id='word_1_389' title='bbox 2469 2713 2533 2766; x_wconf 89' lang='grc' dir='ltr'><strong>γε</strong></span> <span class='ocrx_word' id='word_1_390' title='bbox 2577 2695 2701 2751; x_wconf 93' lang='grc' dir='ltr'>νοῦν</span> <span class='ocrx_word' id='word_1_391' title='bbox 2733 2696 2923 2769; x_wconf 71' lang='grc' dir='ltr'>ἔχοντα</span> <span class='ocrx_word' id='word_1_392' title='bbox 2969 2696 3316 2768; x_wconf 81' lang='grc' dir='ltr'>περιέχεσθαι</span> <span class='ocrx_word' id='word_1_393' title='bbox 3353 2695 3586 2767; x_wconf 84' lang='grc' dir='ltr'>μᾶλλον,</span> <span class='ocrx_word' id='word_1_394' title='bbox 3634 2694 3668 2766; x_wconf 74' lang='grc' dir='ltr'>ἢ</span> <span class='ocrx_word' id='word_1_395' title='bbox 3711 2696 3779 2765; x_wconf 79' lang='grc' dir='ltr'>τῇ</span> 
     </span>
    </p>
   </div>
   <div class='ocr_carea' id='block_1_52' title="bbox 501 2782 2095 2861">
    <p class='ocr_par' dir='ltr' id='par_1_52' title="bbox 501 2784 2092 2860">
     <span class='ocr_line' id='line_1_52' title="bbox 501 2784 2092 2860; baseline -0.006 -13"><span class='ocrx_word' id='word_1_396' title='bbox 501 2806 693 2847; x_wconf 82' lang='lat' dir='ltr'><strong>curam</strong></span> <span class='ocrx_word' id='word_1_397' title='bbox 730 2788 1086 2858; x_wconf 83' lang='lat' dir='ltr'><strong>studiumque</strong></span> <span class='ocrx_word' id='word_1_398' title='bbox 1134 2786 1377 2860; x_wconf 71' lang='lat' dir='ltr'><strong>adhibet.</strong></span> <span class='ocrx_word' id='word_1_399' title='bbox 1436 2784 1535 2841; x_wconf 91' lang='lat' dir='ltr'><strong>Sin</strong></span> <span class='ocrx_word' id='word_1_400' title='bbox 1582 2792 1765 2840; x_wconf 86' lang='lat' dir='ltr'><strong>autem</strong></span> <span class='ocrx_word' id='word_1_401' title='bbox 1813 2784 2092 2839; x_wconf 89' lang='lat' dir='ltr'><strong>laboriosa</strong></span> 
     </span>
    </p>
   </div>
   <div class='ocr_carea' id='block_1_53' title="bbox 2192 2782 3779 2861">
    <p class='ocr_par' dir='ltr' id='par_1_53' title="bbox 2192 2782 3779 2861">
     <span class='ocr_line' id='line_1_53' title="bbox 2192 2782 3779 2861; baseline -0.001 -20"><span class='ocrx_word' id='word_1_402' title='bbox 2192 2788 2319 2861; x_wconf 80' lang='grc' dir='ltr'>περὶ</span> <span class='ocrx_word' id='word_1_403' title='bbox 2359 2787 2431 2842; x_wconf 81' lang='grc' dir='ltr'><strong>τὰ</strong></span> <span class='ocrx_word' id='word_1_404' title='bbox 2478 2789 2709 2843; x_wconf 73' lang='grc' dir='ltr'>ταπεινά</span> <span class='ocrx_word' id='word_1_405' title='bbox 2744 2782 3169 2861; x_wconf 74' lang='grc' dir='ltr'>μικροπρεπείᾳ,</span> <span class='ocrx_word' id='word_1_406' title='bbox 3222 2787 3332 2841; x_wconf 88' lang='grc' dir='ltr'><strong>τῶν</strong></span> <span class='ocrx_word' id='word_1_407' title='bbox 3369 2785 3620 2859; x_wconf 83' lang='grc' dir='ltr'>μεγάλων</span> <span class='ocrx_word' id='word_1_408' title='bbox 3653 2786 3779 2840; x_wconf 84' lang='grc' dir='ltr'>κατ’</span> 
     </span>
    </p>
   </div>
   <div class='ocr_carea' id='block_1_54' title="bbox 503 2864 2095 2952">
    <p class='ocr_par' dir='ltr' id='par_1_54' title="bbox 503 2870 2093 2952">
     <span class='ocr_line' id='line_1_54' title="bbox 503 2870 2093 2952; baseline -0.006 -14"><span class='ocrx_word' id='word_1_409' title='bbox 503 2890 698 2938; x_wconf 86' lang='lat' dir='ltr'><strong>contra</strong></span> <span class='ocrx_word' id='word_1_410' title='bbox 732 2876 1063 2952; x_wconf 82' lang='lat' dir='ltr'><strong>voluptates</strong></span> <span class='ocrx_word' id='word_1_411' title='bbox 1113 2892 1178 2933; x_wconf 91' lang='lat' dir='ltr'><strong>ac</strong></span> <span class='ocrx_word' id='word_1_412' title='bbox 1232 2870 1475 2933; x_wconf 57' lang='lat' dir='ltr'><strong>dil‘ﬂ&#39;cilis</strong></span> <span class='ocrx_word' id='word_1_413' title='bbox 1521 2877 1740 2931; x_wconf 90' lang='lat' dir='ltr'><strong>videtur</strong></span> <span class='ocrx_word' id='word_1_414' title='bbox 1777 2890 1996 2946; x_wconf 79' lang='lat' dir='ltr'><strong>pugna;</strong></span> <span class='ocrx_word' id='word_1_415' title='bbox 2032 2875 2093 2928; x_wconf 83' lang='lat' dir='ltr'><strong>ll—</strong></span> 
     </span>
    </p>
   </div>
   <div class='ocr_carea' id='block_1_55' title="bbox 2192 2864 3779 2952">
    <p class='ocr_par' dir='ltr' id='par_1_55' title="bbox 2192 2864 3779 2952">
     <span class='ocr_line' id='line_1_55' title="bbox 2192 2864 3779 2952; baseline 0 -19"><span class='ocrx_word' id='word_1_416' title='bbox 2192 2880 2450 2952; x_wconf 86' lang='grc' dir='ltr'>ἀλήθειαν</span> <span class='ocrx_word' id='word_1_417' title='bbox 2496 2881 2592 2936; x_wconf 73' lang='grc' dir='ltr'>καὶ</span> <span class='ocrx_word' id='word_1_418' title='bbox 2620 2864 2829 2934; x_wconf 60' lang='grc' dir='ltr'><strong>⁷πάντα</strong></span> <span class='ocrx_word' id='word_1_419' title='bbox 2868 2879 2992 2934; x_wconf 84' lang='grc' dir='ltr'>νοῦν</span> <span class='ocrx_word' id='word_1_420' title='bbox 3037 2880 3414 2952; x_wconf 83' lang='grc' dir='ltr'>ὑπερεχόντων</span> <span class='ocrx_word' id='word_1_421' title='bbox 3457 2876 3779 2951; x_wconf 84' lang='grc' dir='ltr'>ἀλλοτριοῦ-</span> 
     </span>
    </p>
   </div>
   <div class='ocr_carea' id='block_1_56' title="bbox 504 2968 2343 3042">
    <p class='ocr_par' dir='ltr' id='par_1_56' title="bbox 504 2968 2343 3042">
     <span class='ocr_line' id='line_1_56' title="bbox 504 2968 2343 3042; baseline -0.001 -15"><span class='ocrx_word' id='word_1_422' title='bbox 504 2972 656 3030; x_wconf 86' lang='lat' dir='ltr'><strong>denti</strong></span> <span class='ocrx_word' id='word_1_423' title='bbox 685 2973 867 3028; x_wconf 88' lang='lat' dir='ltr'><strong>animo</strong></span> <span class='ocrx_word' id='word_1_424' title='bbox 898 2972 1132 3042; x_wconf 82' lang='lat' dir='ltr'><strong>quisque</strong></span> <span class='ocrx_word' id='word_1_425' title='bbox 1176 2972 1250 3026; x_wconf 87' lang='lat' dir='ltr'><strong>sit</strong></span> <span class='ocrx_word' id='word_1_426' title='bbox 1288 2977 1343 3025; x_wconf 88' lang='lat' dir='ltr'><strong>et</strong></span> <span class='ocrx_word' id='word_1_427' title='bbox 1378 2969 1541 3034; x_wconf 80' lang='lat' dir='ltr'><strong>forti;</strong></span> <span class='ocrx_word' id='word_1_428' title='bbox 1576 2982 1689 3023; x_wconf 87' lang='lat' dir='ltr'><strong>non</strong></span> <span class='ocrx_word' id='word_1_429' title='bbox 1716 2968 1863 3022; x_wconf 90' lang='lat' dir='ltr'><strong>enim</strong></span> <span class='ocrx_word' id='word_1_430' title='bbox 1898 2982 2093 3036; x_wconf 91' lang='lat' dir='ltr'><strong>parum</strong></span> <span class='ocrx_word' id='word_1_431' title='bbox 2198 2970 2343 3026; x_wconf 88' lang='grc' dir='ltr'>σθαι.</span> 
     </span>
    </p>
   </div>
   <div class='ocr_carea' id='block_1_57' title="bbox 506 3051 3786 3137">
    <p class='ocr_par' dir='ltr' id='par_1_57' title="bbox 506 3051 3786 3137">
     <span class='ocr_line' id='line_1_57' title="bbox 506 3051 3786 3137; baseline -0.001 -14"><span class='ocrx_word' id='word_1_432' title='bbox 506 3068 567 3123; x_wconf 89' lang='lat' dir='ltr'><strong>in</strong></span> <span class='ocrx_word' id='word_1_433' title='bbox 592 3051 659 3123; x_wconf 66' lang='grc' dir='ltr'>ἑο</span> <span class='ocrx_word' id='word_1_434' title='bbox 688 3065 1036 3122; x_wconf 88' lang='lat' dir='ltr'><strong>consuetudo</strong></span> <span class='ocrx_word' id='word_1_435' title='bbox 1064 3062 1232 3131; x_wconf 90' lang='lat' dir='ltr'><strong>valet,</strong></span> <span class='ocrx_word' id='word_1_436' title='bbox 1276 3070 1336 3118; x_wconf 91' lang='lat' dir='ltr'><strong>ut</strong></span> <span class='ocrx_word' id='word_1_437' title='bbox 1375 3062 1457 3117; x_wconf 89' lang='lat' dir='ltr'><strong>vel</strong></span> <span class='ocrx_word' id='word_1_438' title='bbox 1488 3063 1556 3117; x_wconf 90' lang='lat' dir='ltr'><strong>iis</strong></span> <span class='ocrx_word' id='word_1_439' title='bbox 1602 3076 1726 3131; x_wconf 72' lang='lat' dir='ltr'><strong>quae</strong></span> <span class='ocrx_word' id='word_1_440' title='bbox 1748 3060 2079 3115; x_wconf 83' lang='lat' dir='ltr'><strong>difﬁcillima</strong></span> <span class='ocrx_word' id='word_1_441' title='bbox 2117 3075 2242 3119; x_wconf 89' lang='lat' dir='ltr'><strong>esse</strong></span> <span class='ocrx_word' id='word_1_442' title='bbox 2280 3064 2561 3132; x_wconf 89' lang='lat' dir='ltr'><strong>videntur,</strong></span> <span class='ocrx_word' id='word_1_443' title='bbox 2610 3066 2945 3137; x_wconf 86' lang='lat' dir='ltr'><strong>voluptatem</strong></span> <span class='ocrx_word' id='word_1_444' title='bbox 3002 3056 3324 3136; x_wconf 83' lang='lat' dir='ltr'><strong>quamdam,</strong></span> <span class='ocrx_word' id='word_1_445' title='bbox 3385 3052 3621 3136; x_wconf 83' lang='lat' dir='ltr'><strong>eamque</strong></span> <span class='ocrx_word' id='word_1_446' title='bbox 3684 3064 3786 3120; x_wconf 80' lang='lat' dir='ltr'><strong>bo-</strong></span> 
     </span>
    </p>
   </div>
   <div class='ocr_carea' id='block_1_58' title="bbox 509 3156 3773 3245">
    <p class='ocr_par' dir='ltr' id='par_1_58' title="bbox 509 3156 3773 3245">
     <span class='ocr_line' id='line_1_58' title="bbox 509 3156 3773 3245; baseline -0.002 -26"><span class='ocrx_word' id='word_1_447' title='bbox 509 3161 886 3219; x_wconf 80' lang='lat' dir='ltr'><strong>nestissimam</strong></span> <span class='ocrx_word' id='word_1_448' title='bbox 920 3168 975 3216; x_wconf 87' lang='lat' dir='ltr'><strong>et</strong></span> <span class='ocrx_word' id='word_1_449' title='bbox 999 3160 1238 3215; x_wconf 76' lang='lat' dir='ltr'><strong>maxime</strong></span> <span class='ocrx_word' id='word_1_450' title='bbox 1259 3171 1460 3245; x_wconf 81' lang='lat' dir='ltr'><strong>puram</strong></span> <span class='ocrx_word' id='word_1_451' title='bbox 1497 3172 1566 3212; x_wconf 78' lang='lat' dir='ltr'><strong>ex</strong></span> <span class='ocrx_word' id='word_1_452' title='bbox 1596 3156 1781 3227; x_wconf 89' lang='lat' dir='ltr'><strong>aliqua</strong></span> <span class='ocrx_word' id='word_1_453' title='bbox 1839 3158 2251 3231; x_wconf 62' lang='lat' dir='ltr'><strong>perseverantia</strong></span> <span class='ocrx_word' id='word_1_454' title='bbox 2310 3160 2508 3231; x_wconf 86' lang='lat' dir='ltr'><strong>pariat,</strong></span> <span class='ocrx_word' id='word_1_455' title='bbox 2576 3160 2739 3231; x_wconf 86' lang='lat' dir='ltr'><strong>cujus</strong></span> <span class='ocrx_word' id='word_1_456' title='bbox 2816 3160 3039 3232; x_wconf 88' lang='lat' dir='ltr'><strong>quidem</strong></span> <span class='ocrx_word' id='word_1_457' title='bbox 3094 3159 3396 3231; x_wconf 85' lang='lat' dir='ltr'><strong>voluptatis</strong></span> <span class='ocrx_word' id='word_1_458' title='bbox 3463 3173 3653 3215; x_wconf 87' lang='lat' dir='ltr'><strong>amore</strong></span> <span class='ocrx_word' id='word_1_459' title='bbox 3705 3157 3773 3224; x_wconf 79' lang='lat' dir='ltr'><strong>is,</strong></span> 
     </span>
    </p>
   </div>
   <div class='ocr_carea' id='block_1_59' title="bbox 509 3244 3783 3330">
    <p class='ocr_par' dir='ltr' id='par_1_59' title="bbox 509 3244 3783 3330">
     <span class='ocr_line' id='line_1_59' title="bbox 509 3244 3783 3330; baseline -0.002 -15"><span class='ocrx_word' id='word_1_460' title='bbox 509 3259 607 3330; x_wconf 87' lang='lat' dir='ltr'><strong>qui</strong></span> <span class='ocrx_word' id='word_1_461' title='bbox 659 3265 841 3312; x_wconf 89' lang='lat' dir='ltr'><strong>mente</strong></span> <span class='ocrx_word' id='word_1_462' title='bbox 879 3255 1140 3327; x_wconf 63' lang='lat' dir='ltr'><strong>praeditus</strong></span> <span class='ocrx_word' id='word_1_463' title='bbox 1205 3244 1325 3320; x_wconf 81' lang='lat' dir='ltr'><strong>est,</strong></span> <span class='ocrx_word' id='word_1_464' title='bbox 1365 3252 1550 3324; x_wconf 89' lang='lat' dir='ltr'><strong>potius</strong></span> <span class='ocrx_word' id='word_1_465' title='bbox 1582 3258 1679 3307; x_wconf 88' lang='lat' dir='ltr'><strong>&#39;est</strong></span> <span class='ocrx_word' id='word_1_466' title='bbox 1736 3245 2088 3318; x_wconf 73' lang='lat' dir='ltr'><strong>delinendus,</strong></span> <span class='ocrx_word' id='word_1_467' title='bbox 2128 3244 2293 3324; x_wconf 82' lang='lat' dir='ltr'><strong>quam</strong></span> <span class='ocrx_word' id='word_1_468' title='bbox 2327 3270 2357 3308; x_wconf 94' lang='lat' dir='ltr'><strong>a</strong></span> <span class='ocrx_word' id='word_1_469' title='bbox 2393 3257 2559 3322; x_wconf 83' lang='lat' dir='ltr'><strong>rebus</strong></span> <span class='ocrx_word' id='word_1_470' title='bbox 2584 3271 2713 3310; x_wconf 88' lang='lat' dir='ltr'><strong>vere</strong></span> <span class='ocrx_word' id='word_1_471' title='bbox 2734 3256 2968 3327; x_wconf 80' lang='lat' dir='ltr'><strong>magnis,</strong></span> <span class='ocrx_word' id='word_1_472' title='bbox 3002 3269 3193 3325; x_wconf 57' lang='lat' dir='ltr'><strong>quave</strong></span> <span class='ocrx_word' id='word_1_473' title='bbox 3258 3268 3479 3310; x_wconf 77' lang='lat' dir='ltr'><strong>omnem</strong></span> <span class='ocrx_word' id='word_1_474' title='bbox 3546 3258 3783 3309; x_wconf 78' lang='lat' dir='ltr'><strong>mentem</strong></span> 
     </span>
    </p>
   </div>
   <div class='ocr_carea' id='block_1_60' title="bbox 432 3330 3206 3423">
    <p class='ocr_par' dir='ltr' id='par_1_60' title="bbox 432 3330 3206 3423">
     <span class='ocr_line' id='line_1_60' title="bbox 432 3330 3206 3423; baseline -0.003 -13"><span class='ocrx_word' id='word_1_475' title='bbox 432 3415 439 3423; x_wconf 56' lang='grc'><strong>,</strong></span> <span class='ocrx_word' id='word_1_476' title='bbox 510 3348 804 3415; x_wconf 79' lang='lat' dir='ltr'><strong>excedunt,</strong></span> <span class='ocrx_word' id='word_1_477' title='bbox 840 3346 1166 3404; x_wconf 83' lang='lat' dir='ltr'><strong>alienandus</strong></span> <span class='ocrx_word' id='word_1_478' title='bbox 1197 3360 1263 3401; x_wconf 80' lang='lat' dir='ltr'><strong>ex</strong></span> <span class='ocrx_word' id='word_1_479' title='bbox 1297 3343 1636 3401; x_wconf 87' lang='lat' dir='ltr'><strong>demissione</strong></span> <span class='ocrx_word' id='word_1_480' title='bbox 1694 3342 1925 3414; x_wconf 89' lang='lat' dir='ltr'><strong>quadam</strong></span> <span class='ocrx_word' id='word_1_481' title='bbox 1972 3343 2165 3413; x_wconf 86' lang='lat' dir='ltr'><strong>animi,</strong></span> <span class='ocrx_word' id='word_1_482' title='bbox 2193 3361 2315 3417; x_wconf 64' lang='lat' dir='ltr'><strong>quae</strong></span> <span class='ocrx_word' id='word_1_483' title='bbox 2340 3347 2395 3403; x_wconf 95' lang='lat' dir='ltr'><strong>in</strong></span> <span class='ocrx_word' id='word_1_484' title='bbox 2418 3348 2583 3404; x_wconf 91' lang='lat' dir='ltr'><strong>rebus</strong></span> <span class='ocrx_word' id='word_1_485' title='bbox 2611 3330 2913 3403; x_wconf 83' lang='lat' dir='ltr'><strong>humilibus</strong></span> <span class='ocrx_word' id='word_1_486' title='bbox 2939 3347 3206 3403; x_wconf 88' lang='lat' dir='ltr'><strong>cernitur.</strong></span> 
     </span>
    </p>
   </div>
   <div class='ocr_carea' id='block_1_61' title="bbox 1128 3483 1480 3563">
    <p class='ocr_par' dir='ltr' id='par_1_61' title="bbox 1128 3483 1480 3563">
     <span class='ocr_line' id='line_1_61' title="bbox 1128 3483 1480 3563; baseline -0.017 -18"><span class='ocrx_word' id='word_1_487' title='bbox 1128 3484 1374 3563; x_wconf 53' lang='lat' dir='ltr'><strong>,CAPUI</strong></span> <span class='ocrx_word' id='word_1_488' title='bbox 1409 3483 1480 3540; x_wconf 86' lang='lat' dir='ltr'><strong>x.</strong></span> 
     </span>
    </p>
   </div>
   <div class='ocr_carea' id='block_1_62' title="bbox 918 3600 1692 3671">
    <p class='ocr_par' dir='ltr' id='par_1_62' title="bbox 918 3600 1692 3671">
     <span class='ocr_line' id='line_1_62' title="bbox 918 3600 1692 3671; baseline -0.003 -13"><span class='ocrx_word' id='word_1_489' title='bbox 918 3603 1065 3671; x_wconf 81' lang='lat' dir='ltr'><strong>Quid</strong></span> <span class='ocrx_word' id='word_1_490' title='bbox 1100 3618 1155 3658; x_wconf 79' lang='lat' dir='ltr'><strong>re</strong></span> <span class='ocrx_word' id='word_1_491' title='bbox 1178 3618 1303 3658; x_wconf 80' lang='lat' dir='ltr'><strong>vera</strong></span> <span class='ocrx_word' id='word_1_492' title='bbox 1325 3600 1692 3668; x_wconf 74' lang='lat' dir='ltr'><strong>expetendum.</strong></span> 
     </span>
    </p>
   </div>
   <div class='ocr_carea' id='block_1_63' title="bbox 582 3710 2101 3786">
    <p class='ocr_par' dir='ltr' id='par_1_63' title="bbox 582 3710 2101 3786">
     <span class='ocr_line' id='line_1_63' title="bbox 582 3710 2101 3786; baseline -0.005 -14"><span class='ocrx_word' id='word_1_493' title='bbox 582 3719 798 3786; x_wconf 76' lang='lat' dir='ltr'><strong>Quanta</strong></span> <span class='ocrx_word' id='word_1_494' title='bbox 827 3718 973 3772; x_wconf 90' lang='lat' dir='ltr'><strong>enim</strong></span> <span class='ocrx_word' id='word_1_495' title='bbox 1010 3715 1234 3785; x_wconf 88' lang='lat' dir='ltr'><strong>jactura</strong></span> <span class='ocrx_word' id='word_1_496' title='bbox 1265 3712 1382 3775; x_wconf 80' lang='lat' dir='ltr'><strong>nat.</strong></span> <span class='ocrx_word' id='word_1_497' title='bbox 1415 3728 1541 3769; x_wconf 89' lang='lat' dir='ltr'><strong>cum</strong></span> <span class='ocrx_word' id='word_1_498' title='bbox 1570 3710 1696 3783; x_wconf 87' lang='lat' dir='ltr'><strong>quis</strong></span> <span class='ocrx_word' id='word_1_499' title='bbox 1726 3710 1840 3765; x_wconf 90' lang='lat' dir='ltr'><strong>veri</strong></span> <span class='ocrx_word' id='word_1_500' title='bbox 1883 3710 2101 3768; x_wconf 89' lang='lat' dir='ltr'><strong>honesti</strong></span> 
     </span>
    </p>
   </div>
   <div class='ocr_carea' id='block_1_64' title="bbox 514 3802 2102 3882">
    <p class='ocr_par' dir='ltr' id='par_1_64' title="bbox 514 3802 2102 3882">
     <span class='ocr_line' id='line_1_64' title="bbox 514 3802 2102 3882; baseline -0.007 -17"><span class='ocrx_word' id='word_1_501' title='bbox 514 3808 872 3882; x_wconf 89' lang='lat' dir='ltr'><strong>possessione</strong></span> <span class='ocrx_word' id='word_1_502' title='bbox 901 3806 1073 3870; x_wconf 87' lang='lat' dir='ltr'><strong>cadit,</strong></span> <span class='ocrx_word' id='word_1_503' title='bbox 1119 3819 1245 3875; x_wconf 68' lang='lat' dir='ltr'><strong>quae</strong></span> <span class='ocrx_word' id='word_1_504' title='bbox 1274 3804 1543 3859; x_wconf 89' lang='lat' dir='ltr'><strong>orationis</strong></span> <span class='ocrx_word' id='word_1_505' title='bbox 1583 3804 1668 3859; x_wconf 86' lang='lat' dir='ltr'><strong>vis</strong></span> <span class='ocrx_word' id='word_1_506' title='bbox 1720 3802 1824 3857; x_wconf 91' lang='lat' dir='ltr'><strong>hoc</strong></span> <span class='ocrx_word' id='word_1_507' title='bbox 1856 3802 2102 3870; x_wconf 79' lang='lat' dir='ltr'><strong>explica-</strong></span> 
     </span>
    </p>
   </div>
   <div class='ocr_carea' id='block_1_65' title="bbox 515 3884 2101 3973">
    <p class='ocr_par' dir='ltr' id='par_1_65' title="bbox 515 3884 2101 3973">
     <span class='ocr_line' id='line_1_65' title="bbox 515 3884 2101 3973; baseline -0.006 -19"><span class='ocrx_word' id='word_1_508' title='bbox 515 3899 634 3955; x_wconf 83' lang='lat' dir='ltr'><strong>ret?</strong></span> <span class='ocrx_word' id='word_1_509' title='bbox 663 3904 939 3967; x_wconf 87' lang='lat' dir='ltr'><strong>quantave</strong></span> <span class='ocrx_word' id='word_1_510' title='bbox 981 3894 1185 3950; x_wconf 85' lang='lat' dir='ltr'><strong>mentis</strong></span> <span class='ocrx_word' id='word_1_511' title='bbox 1221 3884 1713 3973; x_wconf 76' lang='lat' dir='ltr'><strong>ess&#39;et&#39;adliibenda</strong></span> <span class='ocrx_word' id='word_1_512' title='bbox 1746 3891 2101 3961; x_wconf 70' lang='lat' dir='ltr'><strong>praestantia?</strong></span> 
     </span>
    </p>
   </div>
   <div class='ocr_carea' id='block_1_66' title="bbox 519 3980 2098 4061">
    <p class='ocr_par' dir='ltr' id='par_1_66' title="bbox 519 3980 2098 4061">
     <span class='ocr_line' id='line_1_66' title="bbox 519 3980 2098 4061; baseline -0.005 -16"><span class='ocrx_word' id='word_1_513' title='bbox 519 3992 644 4059; x_wconf 81' lang='lat' dir='ltr'><strong>Quo</strong></span> <span class='ocrx_word' id='word_1_514' title='bbox 671 3990 819 4045; x_wconf 91' lang='lat' dir='ltr'><strong>enim</strong></span> <span class='ocrx_word' id='word_1_515' title='bbox 855 3987 1019 4042; x_wconf 80' lang='lat' dir='ltr'><strong>modo</strong></span> <span class='ocrx_word' id='word_1_516' title='bbox 1053 3987 1181 4057; x_wconf 91' lang='lat' dir='ltr'><strong>quis</strong></span> <span class='ocrx_word' id='word_1_517' title='bbox 1213 3985 1283 4056; x_wconf 65' lang='lat' dir='ltr'><strong>{id</strong></span> <span class='ocrx_word' id='word_1_518' title='bbox 1327 3984 1657 4056; x_wconf 74' lang='lat' dir='ltr'><strong>explicando</strong></span> <span class='ocrx_word' id='word_1_519' title='bbox 1690 3980 2098 4061; x_wconf 69' lang='lat' dir='ltr'><strong>ass&#39;equeretur,</strong></span> 
     </span>
    </p>
   </div>
   <div class='ocr_carea' id='block_1_67' title="bbox 517 4056 2104 4151">
    <p class='ocr_par' dir='ltr' id='par_1_67' title="bbox 517 4056 2104 4151">
     <span class='ocr_line' id='line_1_67' title="bbox 517 4056 2104 4151; baseline -0.004 -17"><span class='ocrx_word' id='word_1_520' title='bbox 517 4078 667 4151; x_wconf 92' lang='lat' dir='ltr'><strong>quod</strong></span> <span class='ocrx_word' id='word_1_521' title='bbox 700 4092 880 4148; x_wconf 88' lang='lat' dir='ltr'><strong>neque</strong></span> <span class='ocrx_word' id='word_1_522' title='bbox 925 4056 1180 4131; x_wconf 78' lang='lat' dir='ltr'><strong>oratione</strong></span> <span class='ocrx_word' id='word_1_523' title='bbox 1223 4074 1482 4145; x_wconf 79' lang='lat' dir='ltr'><strong>exprimi,</strong></span> <span class='ocrx_word' id='word_1_524' title='bbox 1528 4088 1708 4145; x_wconf 89' lang='lat' dir='ltr'><strong>neque</strong></span> <span class='ocrx_word' id='word_1_525' title='bbox 1740 4080 1922 4128; x_wconf 89' lang='lat' dir='ltr'><strong>mente</strong></span> <span class='ocrx_word' id='word_1_526' title='bbox 1960 4056 2104 4128; x_wconf 82' lang='lat' dir='ltr'><strong>com-</strong></span> 
     </span>
    </p>
   </div>
   <div class='ocr_carea' id='block_1_68' title="bbox 516 4162 2100 4245">
    <p class='ocr_par' dir='ltr' id='par_1_68' title="bbox 516 4162 2100 4245">
     <span class='ocr_line' id='line_1_68' title="bbox 516 4162 2100 4245; baseline -0.006 -19"><span class='ocrx_word' id='word_1_527' title='bbox 516 4162 783 4245; x_wconf 84' lang='lat' dir='ltr'><strong>prehendi</strong></span> <span class='ocrx_word' id='word_1_528' title='bbox 840 4169 1059 4241; x_wconf 84' lang='lat' dir='ltr'><strong>potest?</strong></span> <span class='ocrx_word' id='word_1_529' title='bbox 1103 4168 1249 4222; x_wconf 90' lang='lat' dir='ltr'><strong>Nam.</strong></span> <span class='ocrx_word' id='word_1_530' title='bbox 1296 4166 1342 4222; x_wconf 89' lang='lat' dir='ltr'><strong>si</strong></span> <span class='ocrx_word' id='word_1_531' title='bbox 1388 4166 1514 4236; x_wconf 91' lang='lat' dir='ltr'><strong>quis</strong></span> <span class='ocrx_word' id='word_1_532' title='bbox 1569 4165 1645 4219; x_wconf 88' lang='lat' dir='ltr'><strong>ita</strong></span> <span class='ocrx_word' id='word_1_533' title='bbox 1688 4164 1887 4219; x_wconf 89' lang='lat' dir='ltr'><strong>mentis</strong></span> <span class='ocrx_word' id='word_1_534' title='bbox 1927 4163 2100 4219; x_wconf 88' lang='lat' dir='ltr'><strong>aciem</strong></span> 
     </span>
    </p>
   </div>
   <div class='ocr_carea' id='block_1_69' title="bbox 428 4252 2102 4341">
    <p class='ocr_par' dir='ltr' id='par_1_69' title="bbox 428 4252 2102 4341">
     <span class='ocr_line' id='line_1_69' title="bbox 428 4252 2102 4341; baseline -0.006 -24"><span class='ocrx_word' id='word_1_535' title='bbox 428 4336 434 4341; x_wconf 24' lang='grc' dir='ltr'><strong>η</strong></span> <span class='ocrx_word' id='word_1_536' title='bbox 516 4267 859 4332; x_wconf 72' lang='lat' dir='ltr'><strong>purgaverit,</strong></span> <span class='ocrx_word' id='word_1_537' title='bbox 894 4265 954 4314; x_wconf 91' lang='lat' dir='ltr'><strong>ut</strong></span> <span class='ocrx_word' id='word_1_538' title='bbox 984 4257 1170 4328; x_wconf 90' lang='lat' dir='ltr'><strong>aliquo</strong></span> <span class='ocrx_word' id='word_1_539' title='bbox 1204 4265 1366 4328; x_wconf 89' lang='lat' dir='ltr'><strong>pacto</strong></span> <span class='ocrx_word' id='word_1_540' title='bbox 1395 4256 1597 4312; x_wconf 90' lang='lat' dir='ltr'><strong>intueri</strong></span> <span class='ocrx_word' id='word_1_541' title='bbox 1630 4254 1829 4327; x_wconf 88' lang='lat' dir='ltr'><strong>possit,</strong></span> <span class='ocrx_word' id='word_1_542' title='bbox 1866 4252 2014 4324; x_wconf 88' lang='lat' dir='ltr'><strong>quod</strong></span> <span class='ocrx_word' id='word_1_543' title='bbox 2045 4253 2102 4308; x_wconf 91' lang='lat' dir='ltr'><strong>in</strong></span> 
     </span>
    </p>
   </div>
   <div class='ocr_carea' id='block_1_70' title="bbox 518 4345 2102 4417">
    <p class='ocr_par' dir='ltr' id='par_1_70' title="bbox 518 4345 2102 4417">
     <span class='ocr_line' id='line_1_70' title="bbox 518 4345 2102 4417; baseline -0.004 -9"><span class='ocrx_word' id='word_1_544' title='bbox 518 4346 956 4408; x_wconf 85' lang='lat' dir='ltr'><strong>beatitudinibus</strong></span> <span class='ocrx_word' id='word_1_545' title='bbox 1007 4349 1212 4405; x_wconf 81' lang='lat' dir='ltr'><strong>factum</strong></span> <span class='ocrx_word' id='word_1_546' title='bbox 1268 4362 1354 4406; x_wconf 87' lang='lat' dir='ltr'><strong>est</strong></span> <span class='ocrx_word' id='word_1_547' title='bbox 1404 4348 1570 4405; x_wconf 89' lang='lat' dir='ltr'><strong>nobis</strong></span> <span class='ocrx_word' id='word_1_548' title='bbox 1619 4362 1651 4402; x_wconf 88' lang='lat' dir='ltr'><strong>a</strong></span> <span class='ocrx_word' id='word_1_549' title='bbox 1701 4345 1813 4403; x_wconf 91' lang='lat' dir='ltr'><strong>Deo</strong></span> <span class='ocrx_word' id='word_1_550' title='bbox 1861 4345 2102 4417; x_wconf 88' lang='lat' dir='ltr'><strong>promis-</strong></span> 
     </span>
    </p>
   </div>
   <div class='ocr_carea' id='block_1_71' title="bbox 520 4436 2103 4509">
    <p class='ocr_par' dir='ltr' id='par_1_71' title="bbox 520 4436 2103 4509">
     <span class='ocr_line' id='line_1_71' title="bbox 520 4436 2103 4509; baseline -0.003 -14"><span class='ocrx_word' id='word_1_551' title='bbox 520 4455 668 4501; x_wconf 84' lang='lat' dir='ltr'><strong>sum,</strong></span> <span class='ocrx_word' id='word_1_552' title='bbox 695 4438 743 4495; x_wconf 88' lang='lat' dir='ltr'><strong>is</strong></span> <span class='ocrx_word' id='word_1_553' title='bbox 767 4446 985 4497; x_wconf 81' lang='lat' dir='ltr'><strong>omnem</strong></span> <span class='ocrx_word' id='word_1_554' title='bbox 1013 4439 1298 4495; x_wconf 89' lang='lat' dir='ltr'><strong>hominum</strong></span> <span class='ocrx_word' id='word_1_555' title='bbox 1326 4454 1514 4494; x_wconf 87' lang='lat' dir='ltr'><strong>vocem</strong></span> <span class='ocrx_word' id='word_1_556' title='bbox 1538 4437 1923 4509; x_wconf 88' lang='lat' dir='ltr'><strong>reprehendet,</strong></span> <span class='ocrx_word' id='word_1_557' title='bbox 1943 4436 2103 4505; x_wconf 92' lang='lat' dir='ltr'><strong>quasi</strong></span> 
     </span>
    </p>
   </div>
   <div class='ocr_carea' id='block_1_72' title="bbox 520 4522 2104 4598">
    <p class='ocr_par' dir='ltr' id='par_1_72' title="bbox 520 4522 2104 4598">
     <span class='ocr_line' id='line_1_72' title="bbox 520 4522 2104 4598; baseline -0.001 -15"><span class='ocrx_word' id='word_1_558' title='bbox 520 4530 729 4583; x_wconf 89' lang='lat' dir='ltr'><strong>nullam</strong></span> <span class='ocrx_word' id='word_1_559' title='bbox 786 4530 909 4583; x_wconf 80' lang='lat' dir='ltr'><strong>vim‘</strong></span> <span class='ocrx_word' id='word_1_560' title='bbox 951 4529 1150 4584; x_wconf 87' lang='lat' dir='ltr'><strong>habeat</strong></span> <span class='ocrx_word' id='word_1_561' title='bbox 1197 4530 1264 4585; x_wconf 90' lang='lat' dir='ltr'><strong>ad</strong></span> <span class='ocrx_word' id='word_1_562' title='bbox 1314 4530 1396 4584; x_wconf 88' lang='lat' dir='ltr'><strong>rei</strong></span> <span class='ocrx_word' id='word_1_563' title='bbox 1446 4529 1741 4585; x_wconf 72' lang='lat' dir='ltr'><strong>intellecta:</strong></span> <span class='ocrx_word' id='word_1_564' title='bbox 1783 4522 2104 4598; x_wconf 67' lang='lat' dir='ltr'><strong>eiplieatio-</strong></span> 
     </span>
    </p>
   </div>
   <div class='ocr_carea' id='block_1_73' title="bbox 521 4609 2105 4691">
    <p class='ocr_par' dir='ltr' id='par_1_73' title="bbox 521 4609 2105 4691">
     <span class='ocr_line' id='line_1_73' title="bbox 521 4609 2105 4691; baseline -0.001 -16"><span class='ocrx_word' id='word_1_565' title='bbox 521 4635 685 4687; x_wconf 87' lang='lat' dir='ltr'><strong>nem;</strong></span> <span class='ocrx_word' id='word_1_566' title='bbox 721 4620 766 4676; x_wconf 91' lang='lat' dir='ltr'><strong>si</strong></span> <span class='ocrx_word' id='word_1_567' title='bbox 799 4621 926 4689; x_wconf 91' lang='lat' dir='ltr'><strong>quis</strong></span> <span class='ocrx_word' id='word_1_568' title='bbox 966 4629 1147 4675; x_wconf 77' lang='lat' dir='ltr'><strong>autem</strong></span> <span class='ocrx_word' id='word_1_569' title='bbox 1184 4622 1436 4691; x_wconf 88' lang='lat' dir='ltr'><strong>corporis</strong></span> <span class='ocrx_word' id='word_1_570' title='bbox 1472 4609 1665 4677; x_wconf 37' lang='lat' dir='ltr'><strong>itanest</strong></span> <span class='ocrx_word' id='word_1_571' title='bbox 1698 4621 1946 4677; x_wconf 87' lang='lat' dir='ltr'><strong>irretitus</strong></span> <span class='ocrx_word' id='word_1_572' title='bbox 1972 4619 2105 4674; x_wconf 68' lang='lat' dir='ltr'><strong>alie-</strong></span> 
     </span>
    </p>
   </div>
   <div class='ocr_carea' id='block_1_74' title="bbox 522 4711 2104 4783">
    <p class='ocr_par' dir='ltr' id='par_1_74' title="bbox 522 4711 2104 4783">
     <span class='ocr_line' id='line_1_74' title="bbox 522 4711 2104 4783; baseline -0.001 -16"><span class='ocrx_word' id='word_1_573' title='bbox 522 4711 729 4777; x_wconf 84' lang='lat' dir='ltr'><strong>ctibus,</strong></span> <span class='ocrx_word' id='word_1_574' title='bbox 771 4720 832 4765; x_wconf 89' lang='lat' dir='ltr'><strong>ut</strong></span> <span class='ocrx_word' id='word_1_575' title='bbox 855 4711 1059 4766; x_wconf 88' lang='lat' dir='ltr'><strong>mentis</strong></span> <span class='ocrx_word' id='word_1_576' title='bbox 1088 4727 1203 4768; x_wconf 78' lang='lat' dir='ltr'><strong>sua:</strong></span> <span class='ocrx_word' id='word_1_577' title='bbox 1226 4712 1375 4767; x_wconf 89' lang='lat' dir='ltr'><strong>acies</strong></span> <span class='ocrx_word' id='word_1_578' title='bbox 1413 4711 1702 4768; x_wconf 70' lang='lat' dir='ltr'><strong>affectione</strong></span> <span class='ocrx_word' id='word_1_579' title='bbox 1740 4713 1904 4776; x_wconf 90' lang='lat' dir='ltr'><strong>mala,</strong></span> <span class='ocrx_word' id='word_1_580' title='bbox 1945 4712 2104 4783; x_wconf 90' lang='lat' dir='ltr'><strong>quasi</strong></span> 
     </span>
    </p>
   </div>
   <div class='ocr_carea' id='block_1_75' title="bbox 2838 3442 3439 3552">
    <p class='ocr_par' dir='ltr' id='par_1_75' title="bbox 2838 3442 3439 3552">
     <span class='ocr_line' id='line_1_75' title="bbox 2838 3442 3439 3552; baseline -0.012 -12"><span class='ocrx_word' id='word_1_581' title='bbox 2838 3442 3092 3541; x_wconf 63' lang='grc' dir='ltr'><strong>ΚΕσᾸΛ.</strong></span> <span class='ocrx_word' id='word_1_582' title='bbox 3126 3442 3189 3540; x_wconf 73' lang='grc' dir='ltr'><strong>ιν.</strong></span> <span class='ocrx_word' id='word_1_583' title='bbox 3282 3514 3293 3536; x_wconf 64' lang='grc' dir='ltr'><strong>η.</strong></span> <span class='ocrx_word' id='word_1_584' title='bbox 3366 3545 3375 3552; x_wconf 33' lang='grc' dir='ltr'><strong><em>ο</em></strong></span> <span class='ocrx_word' id='word_1_585' title='bbox 3430 3528 3439 3533; x_wconf 85' lang='grc'><strong>.</strong></span> 
     </span>
    </p>
   </div>
   <div class='ocr_carea' id='block_1_76' title="bbox 2561 3590 3569 3670">
    <p class='ocr_par' dir='ltr' id='par_1_76' title="bbox 2561 3590 3569 3670">
     <span class='ocr_line' id='line_1_76' title="bbox 2561 3590 3569 3670; baseline -0.003 -16"><span class='ocrx_word' id='word_1_586' title='bbox 2561 3601 2624 3654; x_wconf 80' lang='grc' dir='ltr'>Τί</span> <span class='ocrx_word' id='word_1_587' title='bbox 2644 3590 2737 3655; x_wconf 75' lang='grc' dir='ltr'><strong>Δτὸ’</strong></span> <span class='ocrx_word' id='word_1_588' title='bbox 2763 3599 3004 3669; x_wconf 74' lang='grc' dir='ltr'>ἀληθῶς</span> <span class='ocrx_word' id='word_1_589' title='bbox 3043 3599 3430 3670; x_wconf 80' lang='grc' dir='ltr'>ἐπιθυμητόν.</span> <span class='ocrx_word' id='word_1_590' title='bbox 3474 3640 3477 3643; x_wconf 88' lang='grc'>.</span> <span class='ocrx_word' id='word_1_591' title='bbox 3555 3618 3569 3626; x_wconf 70' lang='grc' dir='ltr'><strong><em>σ</em></strong></span> 
     </span>
    </p>
   </div>
   <div class='ocr_carea' id='block_1_77' title="bbox 2204 3697 3790 3788">
    <p class='ocr_par' dir='ltr' id='par_1_77' title="bbox 2204 3697 3790 3788">
     <span class='ocr_line' id='line_1_77' title="bbox 2204 3697 3790 3788; baseline -0.002 -19"><span class='ocrx_word' id='word_1_592' title='bbox 2204 3735 2214 3741; x_wconf 93' lang='grc'>·</span> <span class='ocrx_word' id='word_1_593' title='bbox 2277 3711 2421 3784; x_wconf 84' lang='grc' dir='ltr'>Ὅση</span> <span class='ocrx_word' id='word_1_594' title='bbox 2452 3714 2561 3783; x_wconf 87' lang='grc' dir='ltr'><strong>γάρ</strong></span> <span class='ocrx_word' id='word_1_595' title='bbox 2598 3715 2745 3768; x_wconf 80' lang='grc' dir='ltr'>ἐστιν</span> <span class='ocrx_word' id='word_1_596' title='bbox 2785 3716 2818 3787; x_wconf 89' lang='grc' dir='ltr'><strong>ή</strong></span> <span class='ocrx_word' id='word_1_597' title='bbox 2852 3697 3025 3787; x_wconf 80' lang='grc' dir='ltr'>ζημία</span> <span class='ocrx_word' id='word_1_598' title='bbox 3074 3716 3135 3768; x_wconf 83' lang='grc' dir='ltr'>ὲν</span> <span class='ocrx_word' id='word_1_599' title='bbox 3180 3714 3494 3788; x_wconf 78' lang='grc' dir='ltr'>ἀποπτώσει</span> <span class='ocrx_word' id='word_1_600' title='bbox 3537 3712 3790 3783; x_wconf 87' lang='grc' dir='ltr'>γενέσθαι</span> 
     </span>
    </p>
   </div>
   <div class='ocr_carea' id='block_1_78' title="bbox 2203 3805 3788 3888">
    <p class='ocr_par' dir='ltr' id='par_1_78' title="bbox 2203 3805 3788 3888">
     <span class='ocr_line' id='line_1_78' title="bbox 2203 3805 3788 3888; baseline -0.001 -30"><span class='ocrx_word' id='word_1_601' title='bbox 2203 3805 2302 3876; x_wconf 82' lang='grc' dir='ltr'>τῆς</span> <span class='ocrx_word' id='word_1_602' title='bbox 2329 3805 2425 3859; x_wconf 87' lang='grc' dir='ltr'><strong>τοῦ</strong></span> <span class='ocrx_word' id='word_1_603' title='bbox 2474 3806 2641 3870; x_wconf 83' lang='grc' dir='ltr'>δντως</span> <span class='ocrx_word' id='word_1_604' title='bbox 2679 3805 2845 3888; x_wconf 74' lang='grc' dir='ltr'>καλοῦ</span> <span class='ocrx_word' id='word_1_605' title='bbox 2875 3809 3121 3877; x_wconf 80' lang='grc' dir='ltr'>κτήσεως</span> <span class='ocrx_word' id='word_1_606' title='bbox 3144 3848 3159 3872; x_wconf 89' lang='grc'><strong>,</strong></span> <span class='ocrx_word' id='word_1_607' title='bbox 3195 3806 3279 3871; x_wconf 86' lang='grc' dir='ltr'><strong>τίς</strong></span> <span class='ocrx_word' id='word_1_608' title='bbox 3310 3807 3376 3860; x_wconf 84' lang='grc' dir='ltr'>ἂν</span> <span class='ocrx_word' id='word_1_609' title='bbox 3421 3807 3788 3879; x_wconf 87' lang='grc' dir='ltr'>παραστήσειε</span> 
     </span>
    </p>
   </div>
   <div class='ocr_carea' id='block_1_79' title="bbox 2202 3889 3785 3969">
    <p class='ocr_par' dir='ltr' id='par_1_79' title="bbox 2202 3889 3785 3969">
     <span class='ocr_line' id='line_1_79' title="bbox 2202 3889 3785 3969; baseline 0.001 -21"><span class='ocrx_word' id='word_1_610' title='bbox 2202 3894 2398 3964; x_wconf 74' lang='grc' dir='ltr'>λόγοςς</span> <span class='ocrx_word' id='word_1_611' title='bbox 2431 3896 2561 3968; x_wconf 78' lang='grc' dir='ltr'>ποίᾳ</span> <span class='ocrx_word' id='word_1_612' title='bbox 2603 3897 2646 3949; x_wconf 89' lang='grc' dir='ltr'>δ’</span> <span class='ocrx_word' id='word_1_613' title='bbox 2677 3897 2742 3951; x_wconf 88' lang='grc' dir='ltr'><strong>ἀν</strong></span> <span class='ocrx_word' id='word_1_614' title='bbox 2775 3915 2859 3961; x_wconf 79' lang='grc' dir='ltr'><strong>τις</strong></span> <span class='ocrx_word' id='word_1_615' title='bbox 2896 3899 3160 3969; x_wconf 81' lang='grc' dir='ltr'>χρήσαιτο</span> <span class='ocrx_word' id='word_1_616' title='bbox 3202 3898 3439 3961; x_wconf 79' lang='grc' dir='ltr'>διανοίας</span> <span class='ocrx_word' id='word_1_617' title='bbox 3470 3889 3741 3968; x_wconf 75' lang='grc' dir='ltr'>ὑπερϐολῇ</span> <span class='ocrx_word' id='word_1_618' title='bbox 3769 3914 3785 3962; x_wconf 76' lang='grc' dir='ltr'><strong>ς</strong></span> 
     </span>
    </p>
   </div>
   <div class='ocr_carea' id='block_1_80' title="bbox 2205 3980 3790 4062">
    <p class='ocr_par' dir='ltr' id='par_1_80' title="bbox 2205 3980 3790 4062">
     <span class='ocr_line' id='line_1_80' title="bbox 2205 3980 3790 4062; baseline 0.001 -21"><span class='ocrx_word' id='word_1_619' title='bbox 2205 3980 2739 4054; x_wconf 61' lang='grc' dir='ltr'>πῶς’ἀιῖὲνδείξαιτο</span> <span class='ocrx_word' id='word_1_620' title='bbox 2770 3991 2864 4044; x_wconf 73' lang='grc' dir='ltr'>καὶ</span> <span class='ocrx_word' id='word_1_621' title='bbox 2904 3993 2984 4055; x_wconf 87' lang='grc' dir='ltr'><strong>εἰς</strong></span> <span class='ocrx_word' id='word_1_622' title='bbox 3015 3992 3338 4062; x_wconf 73' lang='grc' dir='ltr'>ὑπογραφὴν</span> <span class='ocrx_word' id='word_1_623' title='bbox 3365 3991 3560 4060; x_wconf 82' lang='grc' dir='ltr'>ἀγάγοι</span> <span class='ocrx_word' id='word_1_624' title='bbox 3595 3989 3658 4042; x_wconf 83' lang='grc' dir='ltr'>τὸ</span> <span class='ocrx_word' id='word_1_625' title='bbox 3696 3989 3790 4044; x_wconf 87' lang='grc' dir='ltr'><strong>καί</strong></span> 
     </span>
    </p>
   </div>
   <div class='ocr_carea' id='block_1_81' title="bbox 2203 4081 3789 4155">
    <p class='ocr_par' dir='ltr' id='par_1_81' title="bbox 2203 4081 3789 4155">
     <span class='ocr_line' id='line_1_81' title="bbox 2203 4081 3789 4155; baseline 0.001 -21"><span class='ocrx_word' id='word_1_626' title='bbox 2203 4081 2349 4154; x_wconf 83' lang='grc' dir='ltr'>λόγῳ</span> <span class='ocrx_word' id='word_1_627' title='bbox 2378 4082 2615 4155; x_wconf 78' lang='grc' dir='ltr'>ἄρρητον</span> <span class='ocrx_word' id='word_1_628' title='bbox 2645 4085 2738 4136; x_wconf 77' lang='grc' dir='ltr'>καὶ</span> <span class='ocrx_word' id='word_1_629' title='bbox 2766 4085 2996 4155; x_wconf 87' lang='grc' dir='ltr'>νοήματι</span> <span class='ocrx_word' id='word_1_630' title='bbox 3017 4083 3429 4154; x_wconf 80' lang='grc' dir='ltr'>ἁκατάληπτον;</span> <span class='ocrx_word' id='word_1_631' title='bbox 3462 4083 3524 4136; x_wconf 82' lang='grc' dir='ltr'>Εἰ</span> <span class='ocrx_word' id='word_1_632' title='bbox 3558 4082 3656 4153; x_wconf 80' lang='grc' dir='ltr'>μὲν</span> <span class='ocrx_word' id='word_1_633' title='bbox 3683 4082 3789 4153; x_wconf 86' lang='grc' dir='ltr'><strong>γάρ</strong></span> 
     </span>
    </p>
   </div>
   <div class='ocr_carea' id='block_1_82' title="bbox 2203 4160 3786 4247">
    <p class='ocr_par' dir='ltr' id='par_1_82' title="bbox 2203 4160 3786 4247">
     <span class='ocr_line' id='line_1_82' title="bbox 2203 4160 3786 4247; baseline -0.001 -20"><span class='ocrx_word' id='word_1_634' title='bbox 2203 4190 2289 4238; x_wconf 89' lang='grc' dir='ltr'><strong>τις</strong></span> <span class='ocrx_word' id='word_1_635' title='bbox 2335 4174 2427 4227; x_wconf 78' lang='grc' dir='ltr'><strong>ἐπὶ</strong></span> <span class='ocrx_word' id='word_1_636' title='bbox 2458 4173 2711 4229; x_wconf 89' lang='grc' dir='ltr'>τοσοῦτον</span> <span class='ocrx_word' id='word_1_637' title='bbox 2753 4174 2812 4228; x_wconf 81' lang='grc' dir='ltr'>τὸ</span> <span class='ocrx_word' id='word_1_638' title='bbox 2844 4174 2942 4244; x_wconf 80' lang='grc' dir='ltr'><strong>τῆς</strong></span> <span class='ocrx_word' id='word_1_639' title='bbox 2976 4160 3201 4247; x_wconf 78' lang='grc' dir='ltr'>καρδίας</span> <span class='ocrx_word' id='word_1_640' title='bbox 3236 4174 3390 4246; x_wconf 76' lang='grc' dir='ltr'>ὄμμα</span> <span class='ocrx_word' id='word_1_641' title='bbox 3436 4173 3786 4245; x_wconf 85' lang='grc' dir='ltr'>κεκάθαρται,</span> 
     </span>
    </p>
   </div>
   <div class='ocr_carea' id='block_1_83' title="bbox 2204 4258 3790 4337">
    <p class='ocr_par' dir='ltr' id='par_1_83' title="bbox 2204 4258 3790 4337">
     <span class='ocr_line' id='line_1_83' title="bbox 2204 4258 3790 4337; baseline -0.001 -18"><span class='ocrx_word' id='word_1_642' title='bbox 2204 4265 2282 4329; x_wconf 83' lang='grc' dir='ltr'><strong>ὡς</strong></span> <span class='ocrx_word' id='word_1_643' title='bbox 2325 4265 2620 4337; x_wconf 80' lang='grc' dir='ltr'>δυνηθῆναί</span> <span class='ocrx_word' id='word_1_644' title='bbox 2653 4284 2770 4331; x_wconf 90' lang='grc' dir='ltr'><strong>πως</strong></span> <span class='ocrx_word' id='word_1_645' title='bbox 2807 4266 2934 4320; x_wconf 77' lang='grc' dir='ltr'>ἰδεῖν</span> <span class='ocrx_word' id='word_1_646' title='bbox 2962 4267 3023 4320; x_wconf 82' lang='grc' dir='ltr'>τὸ</span> <span class='ocrx_word' id='word_1_647' title='bbox 3052 4267 3109 4319; x_wconf 84' lang='grc' dir='ltr'>ὲν</span> <span class='ocrx_word' id='word_1_648' title='bbox 3146 4268 3258 4330; x_wconf 79' lang='grc' dir='ltr'>τοῖς</span> <span class='ocrx_word' id='word_1_649' title='bbox 3289 4258 3658 4337; x_wconf 78' lang='grc' dir='ltr'>μακαρισμοῖς</span> <span class='ocrx_word' id='word_1_650' title='bbox 3688 4264 3790 4318; x_wconf 75' lang='grc' dir='ltr'><strong>ὑπὸ</strong></span> 
     </span>
    </p>
   </div>
   <div class='ocr_carea' id='block_1_84' title="bbox 2204 4355 3788 4429">
    <p class='ocr_par' dir='ltr' id='par_1_84' title="bbox 2204 4355 3788 4429">
     <span class='ocr_line' id='line_1_84' title="bbox 2204 4355 3788 4429; baseline -0.001 -18"><span class='ocrx_word' id='word_1_651' title='bbox 2204 4355 2299 4411; x_wconf 87' lang='grc' dir='ltr'><strong>τοῦ</strong></span> <span class='ocrx_word' id='word_1_652' title='bbox 2325 4357 2537 4429; x_wconf 85' lang='grc' dir='ltr'>Κυρίου</span> <span class='ocrx_word' id='word_1_653' title='bbox 2572 4357 2981 4429; x_wconf 81' lang='grc' dir='ltr'>ἐπηγγελμένον</span> <span class='ocrx_word' id='word_1_654' title='bbox 3006 4398 3018 4423; x_wconf 90' lang='grc'><strong>,</strong></span> <span class='ocrx_word' id='word_1_655' title='bbox 3053 4358 3233 4427; x_wconf 82' lang='grc' dir='ltr'>πάσης</span> <span class='ocrx_word' id='word_1_656' title='bbox 3261 4355 3668 4425; x_wconf 81' lang='grc' dir='ltr'>καταγνώσεται</span> <span class='ocrx_word' id='word_1_657' title='bbox 3693 4356 3788 4410; x_wconf 87' lang='grc' dir='ltr'>ἀν-</span> 
     </span>
    </p>
   </div>
   <div class='ocr_carea' id='block_1_85' title="bbox 2205 4446 3790 4521">
    <p class='ocr_par' dir='ltr' id='par_1_85' title="bbox 2205 4446 3790 4521">
     <span class='ocr_line' id='line_1_85' title="bbox 2205 4446 3790 4521; baseline -0.003 -19"><span class='ocrx_word' id='word_1_658' title='bbox 2205 4448 2485 4521; x_wconf 88' lang='grc' dir='ltr'>θρωπίνης</span> <span class='ocrx_word' id='word_1_659' title='bbox 2528 4449 2747 4519; x_wconf 81' lang='grc' dir='ltr'>φωνῆς,</span> <span class='ocrx_word' id='word_1_660' title='bbox 2779 4448 2854 4512; x_wconf 80' lang='grc' dir='ltr'>ὡς</span> <span class='ocrx_word' id='word_1_661' title='bbox 2887 4448 3143 4520; x_wconf 82' lang='grc' dir='ltr'>οὐδεμίαν</span> <span class='ocrx_word' id='word_1_662' title='bbox 3183 4449 3413 4519; x_wconf 70' lang='grc' dir='ltr'>ἐχούσης</span> <span class='ocrx_word' id='word_1_663' title='bbox 3438 4446 3666 4517; x_wconf 86' lang='grc' dir='ltr'>δύναμιν</span> <span class='ocrx_word' id='word_1_664' title='bbox 3710 4446 3790 4509; x_wconf 81' lang='grc' dir='ltr'><strong>είς</strong></span> 
     </span>
    </p>
   </div>
   <div class='ocr_carea' id='block_1_86' title="bbox 2205 4537 3790 4612">
    <p class='ocr_par' dir='ltr' id='par_1_86' title="bbox 2205 4537 3790 4612">
     <span class='ocr_line' id='line_1_86' title="bbox 2205 4537 3790 4612; baseline -0.004 -17"><span class='ocrx_word' id='word_1_665' title='bbox 2205 4541 2304 4611; x_wconf 82' lang='grc' dir='ltr'>τὴν</span> <span class='ocrx_word' id='word_1_666' title='bbox 2328 4540 2422 4594; x_wconf 89' lang='grc' dir='ltr'><strong>τοῦ</strong></span> <span class='ocrx_word' id='word_1_667' title='bbox 2476 4540 2759 4612; x_wconf 83' lang='grc' dir='ltr'>νοηθέντος</span> <span class='ocrx_word' id='word_1_668' title='bbox 2793 4541 3138 4611; x_wconf 89' lang='grc' dir='ltr'>παράστασιν</span> <span class='ocrx_word' id='word_1_669' title='bbox 3163 4558 3176 4572; x_wconf 93' lang='grc'><strong>·</strong></span> <span class='ocrx_word' id='word_1_670' title='bbox 3220 4542 3268 4594; x_wconf 83' lang='grc' dir='ltr'><strong>εί</strong></span> <span class='ocrx_word' id='word_1_671' title='bbox 3312 4539 3370 4593; x_wconf 80' lang='grc' dir='ltr'>δέ</span> <span class='ocrx_word' id='word_1_672' title='bbox 3420 4557 3503 4603; x_wconf 88' lang='grc' dir='ltr'><strong>τις</strong></span> <span class='ocrx_word' id='word_1_673' title='bbox 3553 4537 3634 4590; x_wconf 77' lang='grc' dir='ltr'>ἔτι</span> <span class='ocrx_word' id='word_1_674' title='bbox 3680 4538 3790 4600; x_wconf 86' lang='grc' dir='ltr'>τοῖς</span> 
     </span>
    </p>
   </div>
   <div class='ocr_carea' id='block_1_87' title="bbox 2145 4629 3791 4703">
    <p class='ocr_par' dir='ltr' id='par_1_87' title="bbox 2145 4629 3791 4703">
     <span class='ocr_line' id='line_1_87' title="bbox 2145 4629 3791 4703; baseline -0.001 -20"><span class='ocrx_word' id='word_1_675' title='bbox 2145 4679 2149 4683; x_wconf 89' lang='grc'>.</span> <span class='ocrx_word' id='word_1_676' title='bbox 2206 4632 2410 4697; x_wconf 78' lang='grc' dir='ltr'>ὑλικοῖς</span> <span class='ocrx_word' id='word_1_677' title='bbox 2451 4632 2827 4703; x_wconf 75' lang='grc' dir='ltr'>ἐγκαθήμενος</span> <span class='ocrx_word' id='word_1_678' title='bbox 2877 4633 3117 4700; x_wconf 88' lang='grc' dir='ltr'>πάθεσι,</span> <span class='ocrx_word' id='word_1_679' title='bbox 3164 4631 3415 4703; x_wconf 86' lang='grc' dir='ltr'>καθάπερ</span> <span class='ocrx_word' id='word_1_680' title='bbox 3463 4630 3568 4683; x_wconf 81' lang='grc' dir='ltr'><strong>ὑπὸ</strong></span> <span class='ocrx_word' id='word_1_681' title='bbox 3612 4629 3791 4699; x_wconf 89' lang='grc' dir='ltr'>λήμης</span> 
     </span>
    </p>
   </div>
   <div class='ocr_carea' id='block_1_88' title="bbox 2209 4709 3792 4796">
    <p class='ocr_par' dir='ltr' id='par_1_88' title="bbox 2209 4709 3792 4796">
     <span class='ocr_line' id='line_1_88' title="bbox 2209 4709 3792 4796; baseline -0.004 -17"><span class='ocrx_word' id='word_1_682' title='bbox 2209 4724 2353 4789; x_wconf 82' lang='grc' dir='ltr'>τινὸς</span> <span class='ocrx_word' id='word_1_683' title='bbox 2381 4726 2481 4796; x_wconf 83' lang='grc' dir='ltr'>τῆς</span> <span class='ocrx_word' id='word_1_684' title='bbox 2503 4722 2782 4795; x_wconf 82' lang='grc' dir='ltr'>ὲμπαθοῦς</span> <span class='ocrx_word' id='word_1_685' title='bbox 2804 4709 3094 4787; x_wconf 79' lang='grc' dir='ltr'>διαθέσεως</span> <span class='ocrx_word' id='word_1_686' title='bbox 3136 4723 3197 4777; x_wconf 83' lang='grc' dir='ltr'>τὸ</span> <span class='ocrx_word' id='word_1_687' title='bbox 3227 4722 3531 4795; x_wconf 79' lang='grc' dir='ltr'>διορατικὸν</span> <span class='ocrx_word' id='word_1_688' title='bbox 3567 4721 3667 4791; x_wconf 83' lang='grc' dir='ltr'>τῆς</span> <span class='ocrx_word' id='word_1_689' title='bbox 3694 4719 3792 4789; x_wconf 85' lang='grc' dir='ltr'>ψυ-</span> 
     </span>
    </p>
   </div>
   <div class='ocr_carea' id='block_1_89' title="bbox 524 4788 2095 4890">
    <p class='ocr_par' dir='ltr' id='par_1_89' title="bbox 524 4802 2095 4873">
     <span class='ocr_line' id='line_1_89' title="bbox 524 4802 2095 4873; baseline 0.001 -17"><span class='ocrx_word' id='word_1_690' title='bbox 524 4802 852 4873; x_wconf 86' lang='lat' dir='ltr'><strong>lippitudine</strong></span> <span class='ocrx_word' id='word_1_691' title='bbox 895 4802 1132 4873; x_wconf 90' lang='lat' dir='ltr'><strong>quadam</strong></span> <span class='ocrx_word' id='word_1_692' title='bbox 1163 4803 1461 4859; x_wconf 89' lang='lat' dir='ltr'><strong>obscurata</strong></span> <span class='ocrx_word' id='word_1_693' title='bbox 1512 4802 1607 4869; x_wconf 89' lang='lat' dir='ltr'><strong>sit,</strong></span> <span class='ocrx_word' id='word_1_694' title='bbox 1639 4804 1823 4859; x_wconf 89' lang='lat' dir='ltr'><strong>inanis</strong></span> <span class='ocrx_word' id='word_1_695' title='bbox 1849 4804 1980 4858; x_wconf 91' lang='lat' dir='ltr'><strong>huic</strong></span> <span class='ocrx_word' id='word_1_696' title='bbox 2021 4809 2095 4860; x_wconf 88' lang='lat' dir='ltr'><strong>est</strong></span> 
     </span>
    </p>
   </div>
   <div class='ocr_carea' id='block_1_90' title="bbox 2192 4788 3790 4890">
    <p class='ocr_par' dir='ltr' id='par_1_90' title="bbox 2210 4788 3790 4890">
     <span class='ocr_line' id='line_1_90' title="bbox 2210 4788 3790 4890; baseline -0.005 -17"><span class='ocrx_word' id='word_1_697' title='bbox 2210 4817 2314 4890; x_wconf 83' lang='grc' dir='ltr'><strong>χῆς</strong></span> <span class='ocrx_word' id='word_1_698' title='bbox 2340 4788 2780 4885; x_wconf 69' lang='grc' dir='ltr'>ἐπιπεπλασται,</span> <span class='ocrx_word' id='word_1_699' title='bbox 2835 4818 3040 4890; x_wconf 89' lang='grc' dir='ltr'>ματαία</span> <span class='ocrx_word' id='word_1_700' title='bbox 3086 4817 3182 4871; x_wconf 67' lang='grc' dir='ltr'><strong>κα)⁸</strong></span> <span class='ocrx_word' id='word_1_701' title='bbox 3218 4788 3390 4887; x_wconf 73' lang='grc' dir='ltr'>τούτῳ</span> <span class='ocrx_word' id='word_1_702' title='bbox 3440 4816 3591 4869; x_wconf 80' lang='grc' dir='ltr'>πᾶσα</span> <span class='ocrx_word' id='word_1_703' title='bbox 3621 4788 3790 4882; x_wconf 84' lang='grc' dir='ltr'>λόγων</span> 
     </span>
    </p>
   </div>
   <div class='ocr_carea' id='block_1_91' title="bbox 521 4894 2103 4966">
    <p class='ocr_par' dir='ltr' id='par_1_91' title="bbox 521 4894 2103 4966">
     <span class='ocr_line' id='line_1_91' title="bbox 521 4894 2103 4966; baseline -0.003 -14"><span class='ocrx_word' id='word_1_704' title='bbox 521 4903 578 4952; x_wconf 91' lang='lat' dir='ltr'><strong>et</strong></span> <span class='ocrx_word' id='word_1_705' title='bbox 620 4896 849 4950; x_wconf 75' lang='lat' dir='ltr'><strong>minime</strong></span> <span class='ocrx_word' id='word_1_706' title='bbox 890 4894 1177 4951; x_wconf 76' lang='lat' dir='ltr'><strong>fructuosa</strong></span> <span class='ocrx_word' id='word_1_707' title='bbox 1206 4897 1389 4950; x_wconf 89' lang='lat' dir='ltr'><strong>omnis</strong></span> <span class='ocrx_word' id='word_1_708' title='bbox 1416 4895 1501 4950; x_wconf 85' lang='lat' dir='ltr'><strong>vis</strong></span> <span class='ocrx_word' id='word_1_709' title='bbox 1530 4904 1584 4951; x_wconf 92' lang='lat' dir='ltr'><strong>et</strong></span> <span class='ocrx_word' id='word_1_710' title='bbox 1613 4896 1886 4951; x_wconf 89' lang='lat' dir='ltr'><strong>orationis</strong></span> <span class='ocrx_word' id='word_1_711' title='bbox 1920 4897 2103 4966; x_wconf 88' lang='lat' dir='ltr'><strong>copia,</strong></span> 
     </span>
    </p>
   </div>
   <div class='ocr_carea' id='block_1_92' title="bbox 523 4988 2105 5061">
    <p class='ocr_par' dir='ltr' id='par_1_92' title="bbox 523 4988 2105 5061">
     <span class='ocr_line' id='line_1_92' title="bbox 523 4988 2105 5061; baseline -0.002 -15"><span class='ocrx_word' id='word_1_712' title='bbox 523 4989 787 5061; x_wconf 84' lang='lat' dir='ltr'><strong>quoniam</strong></span> <span class='ocrx_word' id='word_1_713' title='bbox 823 4990 879 5043; x_wconf 92' lang='lat' dir='ltr'><strong>in</strong></span> <span class='ocrx_word' id='word_1_714' title='bbox 907 4988 1018 5044; x_wconf 88' lang='lat' dir='ltr'><strong>illis</strong></span> <span class='ocrx_word' id='word_1_715' title='bbox 1049 4989 1144 5059; x_wconf 88' lang='lat' dir='ltr'><strong>qui</strong></span> <span class='ocrx_word' id='word_1_716' title='bbox 1176 4988 1297 5044; x_wconf 89' lang='lat' dir='ltr'><strong>sine</strong></span> <span class='ocrx_word' id='word_1_717' title='bbox 1336 5004 1505 5045; x_wconf 82' lang='lat' dir='ltr'><strong>sensu</strong></span> <span class='ocrx_word' id='word_1_718' title='bbox 1539 4997 1688 5055; x_wconf 85' lang='lat' dir='ltr'><strong>sunt,</strong></span> <span class='ocrx_word' id='word_1_719' title='bbox 1736 4989 1963 5060; x_wconf 88' lang='lat' dir='ltr'><strong>perinde</strong></span> <span class='ocrx_word' id='word_1_720' title='bbox 1997 4998 2105 5056; x_wconf 88' lang='lat' dir='ltr'><strong>est,</strong></span> 
     </span>
    </p>
   </div>
   <div class='ocr_carea' id='block_1_93' title="bbox 523 5066 2108 5152">
    <p class='ocr_par' dir='ltr' id='par_1_93' title="bbox 523 5066 2108 5152">
     <span class='ocr_line' id='line_1_93' title="bbox 523 5066 2108 5152; baseline -0.001 -14"><span class='ocrx_word' id='word_1_721' title='bbox 523 5084 708 5139; x_wconf 88' lang='lat' dir='ltr'><strong>eleves</strong></span> <span class='ocrx_word' id='word_1_722' title='bbox 749 5082 935 5138; x_wconf 90' lang='lat' dir='ltr'><strong>verbis</strong></span> <span class='ocrx_word' id='word_1_723' title='bbox 965 5097 1037 5136; x_wconf 88' lang='lat' dir='ltr'><strong>an</strong></span> <span class='ocrx_word' id='word_1_724' title='bbox 1075 5080 1381 5152; x_wconf 76' lang='lat' dir='ltr'><strong>ampliﬁce&#39;s</strong></span> <span class='ocrx_word' id='word_1_725' title='bbox 1421 5066 1690 5136; x_wconf 82' lang='lat' dir='ltr'><strong>miracula</strong></span> <span class='ocrx_word' id='word_1_726' title='bbox 1724 5098 1740 5136; x_wconf 86' lang='lat'><strong>:</strong></span> <span class='ocrx_word' id='word_1_727' title='bbox 1770 5088 1830 5136; x_wconf 88' lang='grc' dir='ltr'><strong>ιιι</strong></span> <span class='ocrx_word' id='word_1_728' title='bbox 1872 5080 1931 5136; x_wconf 88' lang='lat' dir='ltr'><strong>in</strong></span> <span class='ocrx_word' id='word_1_729' title='bbox 1973 5081 2108 5137; x_wconf 85' lang='lat' dir='ltr'><strong>solis</strong></span> 
     </span>
    </p>
   </div>
   <div class='ocr_carea' id='block_1_94' title="bbox 523 5173 2113 5255">
    <p class='ocr_par' dir='ltr' id='par_1_94' title="bbox 523 5173 2113 5255">
     <span class='ocr_line' id='line_1_94' title="bbox 523 5173 2113 5255; baseline -0.003 -24"><span class='ocrx_word' id='word_1_730' title='bbox 523 5174 717 5241; x_wconf 85' lang='lat' dir='ltr'><strong>radiis,</strong></span> <span class='ocrx_word' id='word_1_731' title='bbox 756 5175 939 5231; x_wconf 91' lang='lat' dir='ltr'><strong>inanis</strong></span> <span class='ocrx_word' id='word_1_732' title='bbox 958 5181 1078 5255; x_wconf 78' lang='lat' dir='ltr'><strong>est,</strong></span> <span class='ocrx_word' id='word_1_733' title='bbox 1115 5181 1282 5246; x_wconf 86' lang='lat' dir='ltr'><strong>atque</strong></span> <span class='ocrx_word' id='word_1_734' title='bbox 1323 5174 1551 5230; x_wconf 89' lang='lat' dir='ltr'><strong>minime</strong></span> <span class='ocrx_word' id='word_1_735' title='bbox 1587 5175 1738 5229; x_wconf 88' lang='lat' dir='ltr'><strong>utilis</strong></span> <span class='ocrx_word' id='word_1_736' title='bbox 1765 5174 1834 5229; x_wconf 90' lang='lat' dir='ltr'><strong>de</strong></span> <span class='ocrx_word' id='word_1_737' title='bbox 1875 5173 1964 5230; x_wconf 88' lang='lat' dir='ltr'><strong>his</strong></span> <span class='ocrx_word' id='word_1_738' title='bbox 1999 5188 2113 5230; x_wconf 88' lang='lat' dir='ltr'><strong>ser-</strong></span> 
     </span>
    </p>
   </div>
   <div class='ocr_carea' id='block_1_95' title="bbox 522 5264 2108 5338">
    <p class='ocr_par' dir='ltr' id='par_1_95' title="bbox 522 5264 2108 5338">
     <span class='ocr_line' id='line_1_95' title="bbox 522 5264 2108 5338; baseline -0.002 -17"><span class='ocrx_word' id='word_1_739' title='bbox 522 5270 707 5323; x_wconf 88' lang='lat' dir='ltr'><strong>monis</strong></span> <span class='ocrx_word' id='word_1_740' title='bbox 732 5266 1029 5338; x_wconf 84' lang='lat' dir='ltr'><strong>explicatio</strong></span> <span class='ocrx_word' id='word_1_741' title='bbox 1053 5266 1126 5331; x_wconf 90' lang='lat' dir='ltr'><strong>ei,</strong></span> <span class='ocrx_word' id='word_1_742' title='bbox 1153 5267 1248 5336; x_wconf 90' lang='lat' dir='ltr'><strong>qui</strong></span> <span class='ocrx_word' id='word_1_743' title='bbox 1274 5265 1458 5321; x_wconf 91' lang='lat' dir='ltr'><strong>lumen</strong></span> <span class='ocrx_word' id='word_1_744' title='bbox 1490 5264 1560 5319; x_wconf 91' lang='lat' dir='ltr'><strong>ab</strong></span> <span class='ocrx_word' id='word_1_745' title='bbox 1587 5272 1710 5319; x_wconf 87' lang='lat' dir='ltr'><strong>ortu</strong></span> <span class='ocrx_word' id='word_1_746' title='bbox 1737 5280 1847 5320; x_wconf 88' lang='lat' dir='ltr'><strong>non</strong></span> <span class='ocrx_word' id='word_1_747' title='bbox 1875 5264 2108 5335; x_wconf 82' lang='lat' dir='ltr'><strong>aspexit,</strong></span> 
     </span>
    </p>
   </div>
   <div class='ocr_carea' id='block_1_96' title="bbox 525 5357 2113 5426">
    <p class='ocr_par' dir='ltr' id='par_1_96' title="bbox 525 5357 2113 5426">
     <span class='ocr_line' id='line_1_96' title="bbox 525 5357 2113 5426; baseline -0.001 -16"><span class='ocrx_word' id='word_1_748' title='bbox 525 5359 785 5425; x_wconf 90' lang='lat' dir='ltr'><strong>quoniam</strong></span> <span class='ocrx_word' id='word_1_749' title='bbox 843 5357 1071 5414; x_wconf 89' lang='lat' dir='ltr'><strong>luminis</strong></span> <span class='ocrx_word' id='word_1_750' title='bbox 1114 5358 1303 5413; x_wconf 86' lang='lat' dir='ltr'><strong>radios</strong></span> <span class='ocrx_word' id='word_1_751' title='bbox 1363 5357 1594 5412; x_wconf 87' lang='lat' dir='ltr'><strong>auribus</strong></span> <span class='ocrx_word' id='word_1_752' title='bbox 1645 5357 1928 5426; x_wconf 84' lang='lat' dir='ltr'><strong>percipere</strong></span> <span class='ocrx_word' id='word_1_753' title='bbox 1999 5370 2113 5410; x_wconf 91' lang='lat' dir='ltr'><strong>non</strong></span> 
     </span>
    </p>
   </div>
   <div class='ocr_carea' id='block_1_97' title="bbox 525 5443 2111 5518">
    <p class='ocr_par' dir='ltr' id='par_1_97' title="bbox 525 5443 2111 5518">
     <span class='ocr_line' id='line_1_97' title="bbox 525 5443 2111 5518; baseline 0.003 -24"><span class='ocrx_word' id='word_1_754' title='bbox 525 5451 708 5513; x_wconf 84' lang='lat' dir='ltr'><strong>potest</strong></span> <span class='ocrx_word' id='word_1_755' title='bbox 745 5464 759 5500; x_wconf 90' lang='lat'>:</span> <span class='ocrx_word' id='word_1_756' title='bbox 793 5446 867 5501; x_wconf 91' lang='lat' dir='ltr'><strong>ita</strong></span> <span class='ocrx_word' id='word_1_757' title='bbox 913 5448 970 5502; x_wconf 89' lang='lat' dir='ltr'><strong>in</strong></span> <span class='ocrx_word' id='word_1_758' title='bbox 1007 5462 1139 5502; x_wconf 92' lang='lat' dir='ltr'><strong>vero</strong></span> <span class='ocrx_word' id='word_1_759' title='bbox 1170 5447 1401 5513; x_wconf 87' lang='lat' dir='ltr'><strong>lumine,</strong></span> <span class='ocrx_word' id='word_1_760' title='bbox 1436 5447 1584 5518; x_wconf 88' lang='lat' dir='ltr'><strong>quod</strong></span> <span class='ocrx_word' id='word_1_761' title='bbox 1627 5443 1816 5501; x_wconf 84' lang='lat' dir='ltr'><strong>mente</strong></span> <span class='ocrx_word' id='word_1_762' title='bbox 1842 5446 2111 5509; x_wconf 82' lang='lat' dir='ltr'><strong>cernitur,</strong></span> 
     </span>
    </p>
   </div>
   <div class='ocr_carea' id='block_1_98' title="bbox 529 5532 2113 5609">
    <p class='ocr_par' dir='ltr' id='par_1_98' title="bbox 529 5532 2113 5609">
     <span class='ocr_line' id='line_1_98' title="bbox 529 5532 2113 5609; baseline 0.002 -22"><span class='ocrx_word' id='word_1_763' title='bbox 529 5532 649 5587; x_wconf 83' lang='lat' dir='ltr'><strong>suis</strong></span> <span class='ocrx_word' id='word_1_764' title='bbox 675 5536 873 5606; x_wconf 90' lang='lat' dir='ltr'><strong>cuique</strong></span> <span class='ocrx_word' id='word_1_765' title='bbox 904 5537 1086 5593; x_wconf 90' lang='lat' dir='ltr'><strong>oculis</strong></span> <span class='ocrx_word' id='word_1_766' title='bbox 1129 5553 1269 5609; x_wconf 82' lang='lat' dir='ltr'><strong>opus</strong></span> <span class='ocrx_word' id='word_1_767' title='bbox 1296 5547 1404 5604; x_wconf 88' lang='lat' dir='ltr'><strong>est,</strong></span> <span class='ocrx_word' id='word_1_768' title='bbox 1456 5547 1514 5594; x_wconf 87' lang='lat' dir='ltr'><strong>ut</strong></span> <span class='ocrx_word' id='word_1_769' title='bbox 1548 5538 1697 5592; x_wconf 88' lang='lat' dir='ltr'><strong>illam</strong></span> <span class='ocrx_word' id='word_1_770' title='bbox 1740 5536 2113 5607; x_wconf 81' lang='lat' dir='ltr'><strong>pulchritudi-</strong></span> 
     </span>
    </p>
   </div>
   <div class='ocr_carea' id='block_1_99' title="bbox 528 5625 2108 5700">
    <p class='ocr_par' dir='ltr' id='par_1_99' title="bbox 528 5625 2108 5700">
     <span class='ocr_line' id='line_1_99' title="bbox 528 5625 2108 5700; baseline 0.004 -26"><span class='ocrx_word' id='word_1_771' title='bbox 528 5635 653 5674; x_wconf 88' lang='lat' dir='ltr'><strong>nem</strong></span> <span class='ocrx_word' id='word_1_772' title='bbox 684 5625 935 5694; x_wconf 88' lang='lat' dir='ltr'><strong>aspiciat,</strong></span> <span class='ocrx_word' id='word_1_773' title='bbox 968 5644 1133 5697; x_wconf 90' lang='lat' dir='ltr'><strong>quam</strong></span> <span class='ocrx_word' id='word_1_774' title='bbox 1164 5631 1258 5700; x_wconf 88' lang='lat' dir='ltr'><strong>qui</strong></span> <span class='ocrx_word' id='word_1_775' title='bbox 1300 5646 1530 5687; x_wconf 86' lang='lat' dir='ltr'><strong>munere</strong></span> <span class='ocrx_word' id='word_1_776' title='bbox 1560 5628 1681 5695; x_wconf 87' lang='lat' dir='ltr'><strong>Dei,</strong></span> <span class='ocrx_word' id='word_1_777' title='bbox 1717 5645 1781 5683; x_wconf 90' lang='lat' dir='ltr'><strong>ac</strong></span> <span class='ocrx_word' id='word_1_778' title='bbox 1811 5627 2108 5699; x_wconf 89' lang='lat' dir='ltr'><strong>providen-</strong></span> 
     </span>
    </p>
   </div>
   <div class='ocr_carea' id='block_1_100' title="bbox 526 5708 2108 5793">
    <p class='ocr_par' dir='ltr' id='par_1_100' title="bbox 526 5708 2108 5793">
     <span class='ocr_line' id='line_1_100' title="bbox 526 5708 2108 5793; baseline 0.008 -34"><span class='ocrx_word' id='word_1_779' title='bbox 526 5708 601 5760; x_wconf 91' lang='lat' dir='ltr'><strong>tia</strong></span> <span class='ocrx_word' id='word_1_780' title='bbox 633 5712 827 5785; x_wconf 83' lang='lat' dir='ltr'><strong>cernit,</strong></span> <span class='ocrx_word' id='word_1_781' title='bbox 857 5717 1175 5774; x_wconf 90' lang='lat' dir='ltr'><strong>incredibili</strong></span> <span class='ocrx_word' id='word_1_782' title='bbox 1208 5723 1410 5779; x_wconf 90' lang='lat' dir='ltr'><strong>mentis</strong></span> <span class='ocrx_word' id='word_1_783' title='bbox 1442 5730 1670 5793; x_wconf 84' lang='lat' dir='ltr'><strong>stupore</strong></span> <span class='ocrx_word' id='word_1_784' title='bbox 1695 5727 1914 5775; x_wconf 85' lang='lat' dir='ltr'><strong>tenetur</strong></span> <span class='ocrx_word' id='word_1_785' title='bbox 1956 5721 2011 5773; x_wconf 90' lang='lat' dir='ltr'><strong>in</strong></span> <span class='ocrx_word' id='word_1_786' title='bbox 2041 5734 2108 5774; x_wconf 86' lang='lat' dir='ltr'><strong>eo</strong></span> 
     </span>
    </p>
   </div>
   <div class='ocr_carea' id='block_1_101' title="bbox 522 5794 2108 5885">
    <p class='ocr_par' dir='ltr' id='par_1_101' title="bbox 522 5794 2108 5885">
     <span class='ocr_line' id='line_1_101' title="bbox 522 5794 2108 5885; baseline 0.003 -22"><span class='ocrx_word' id='word_1_787' title='bbox 522 5794 666 5863; x_wconf 71' lang='grc' dir='ltr'><strong>(Ιῑεοδ</strong></span> <span class='ocrx_word' id='word_1_788' title='bbox 695 5808 933 5871; x_wconf 60' lang='lat' dir='ltr'><strong>exprimi</strong></span> <span class='ocrx_word' id='word_1_789' title='bbox 964 5819 1079 5860; x_wconf 91' lang='lat' dir='ltr'><strong>non</strong></span> <span class='ocrx_word' id='word_1_790' title='bbox 1110 5819 1326 5881; x_wconf 88' lang='lat' dir='ltr'><strong>potest;</strong></span> <span class='ocrx_word' id='word_1_791' title='bbox 1360 5815 1453 5885; x_wconf 89' lang='lat' dir='ltr'><strong>qui</strong></span> <span class='ocrx_word' id='word_1_792' title='bbox 1483 5830 1611 5869; x_wconf 88' lang='lat' dir='ltr'><strong>vero</strong></span> <span class='ocrx_word' id='word_1_793' title='bbox 1644 5829 1755 5869; x_wconf 87' lang='lat' dir='ltr'><strong>non</strong></span> <span class='ocrx_word' id='word_1_794' title='bbox 1787 5811 2026 5882; x_wconf 75' lang='lat' dir='ltr'><strong>aspexit,</strong></span> <span class='ocrx_word' id='word_1_795' title='bbox 2062 5812 2108 5867; x_wconf 88' lang='lat' dir='ltr'><strong>is</strong></span> 
     </span>
    </p>
   </div>
   <div class='ocr_carea' id='block_1_102' title="bbox 2207 4902 3784 4980">
    <p class='ocr_par' dir='ltr' id='par_1_102' title="bbox 2207 4902 3784 4980">
     <span class='ocr_line' id='line_1_102' title="bbox 2207 4902 3784 4980; baseline -0.006 -15"><span class='ocrx_word' id='word_1_796' title='bbox 2207 4908 2401 4980; x_wconf 81' lang='grc' dir='ltr'>ίσχύς’</span> <span class='ocrx_word' id='word_1_797' title='bbox 2451 4909 2544 4963; x_wconf 79' lang='grc' dir='ltr'><strong>ἐπὶ</strong></span> <span class='ocrx_word' id='word_1_798' title='bbox 2592 4910 2701 4980; x_wconf 84' lang='grc' dir='ltr'><strong>γὰρ</strong></span> <span class='ocrx_word' id='word_1_799' title='bbox 2753 4908 2863 4964; x_wconf 90' lang='grc' dir='ltr'><strong>τῶν</strong></span> <span class='ocrx_word' id='word_1_800' title='bbox 2900 4908 3245 4979; x_wconf 84' lang='grc' dir='ltr'>ἀναισθήτως</span> <span class='ocrx_word' id='word_1_801' title='bbox 3294 4907 3567 4978; x_wconf 79' lang='grc' dir='ltr'>ἐχόντων,</span> <span class='ocrx_word' id='word_1_802' title='bbox 3618 4905 3676 4958; x_wconf 80' lang='grc' dir='ltr'>ὲν</span> <span class='ocrx_word' id='word_1_803' title='bbox 3707 4902 3784 4973; x_wconf 80' lang='grc' dir='ltr'>τῷ</span> 
     </span>
    </p>
   </div>
   <div class='ocr_carea' id='block_1_103' title="bbox 2205 4994 3789 5072">
    <p class='ocr_par' dir='ltr' id='par_1_103' title="bbox 2205 4994 3789 5072">
     <span class='ocr_line' id='line_1_103' title="bbox 2205 4994 3789 5072; baseline -0.004 -18"><span class='ocrx_word' id='word_1_804' title='bbox 2205 5000 2376 5072; x_wconf 84' lang='grc' dir='ltr'>ὁμοίῳ</span> <span class='ocrx_word' id='word_1_805' title='bbox 2415 4998 2721 5067; x_wconf 84' lang='grc' dir='ltr'>καθέστηκε</span> <span class='ocrx_word' id='word_1_806' title='bbox 2755 5000 2816 5052; x_wconf 91' lang='grc' dir='ltr'><strong>τό</strong></span> <span class='ocrx_word' id='word_1_807' title='bbox 2853 5018 2913 5054; x_wconf 89' lang='grc' dir='ltr'><strong>τε</strong></span> <span class='ocrx_word' id='word_1_808' title='bbox 2942 4998 3194 5052; x_wconf 79' lang='grc' dir='ltr'>ἐλαττοῦν</span> <span class='ocrx_word' id='word_1_809' title='bbox 3241 4998 3329 5052; x_wconf 79' lang='grc' dir='ltr'><strong>διὰ</strong></span> <span class='ocrx_word' id='word_1_810' title='bbox 3368 4996 3461 5050; x_wconf 89' lang='grc' dir='ltr'><strong>τοῦ</strong></span> <span class='ocrx_word' id='word_1_811' title='bbox 3489 4995 3648 5063; x_wconf 85' lang='grc' dir='ltr'>λόγου</span> <span class='ocrx_word' id='word_1_812' title='bbox 3696 4994 3789 5048; x_wconf 76' lang='grc' dir='ltr'>καὶ</span> 
     </span>
    </p>
   </div>
   <div class='ocr_carea' id='block_1_104' title="bbox 2205 5083 3792 5160">
    <p class='ocr_par' dir='ltr' id='par_1_104' title="bbox 2205 5083 3792 5160">
     <span class='ocr_line' id='line_1_104' title="bbox 2205 5083 3792 5160; baseline -0.004 -19"><span class='ocrx_word' id='word_1_813' title='bbox 2205 5088 2267 5142; x_wconf 85' lang='grc' dir='ltr'>τὸ</span> <span class='ocrx_word' id='word_1_814' title='bbox 2306 5087 2625 5159; x_wconf 82' lang='grc' dir='ltr'>ὑπεραίρειν</span> <span class='ocrx_word' id='word_1_815' title='bbox 2658 5088 2729 5142; x_wconf 85' lang='grc' dir='ltr'><strong>τά</strong></span> <span class='ocrx_word' id='word_1_816' title='bbox 2766 5088 3017 5160; x_wconf 83' lang='grc' dir='ltr'>θαύματα</span> <span class='ocrx_word' id='word_1_817' title='bbox 3039 5105 3051 5119; x_wconf 77' lang='grc'><em>’</em></span> <span class='ocrx_word' id='word_1_818' title='bbox 3079 5088 3156 5152; x_wconf 85' lang='grc' dir='ltr'><strong>ὡς</strong></span> <span class='ocrx_word' id='word_1_819' title='bbox 3182 5087 3278 5141; x_wconf 69' lang='grc' dir='ltr'>καὶ</span> <span class='ocrx_word' id='word_1_820' title='bbox 3317 5087 3412 5139; x_wconf 78' lang='grc' dir='ltr'><strong>ἐπὶ</strong></span> <span class='ocrx_word' id='word_1_821' title='bbox 3439 5086 3537 5154; x_wconf 80' lang='grc' dir='ltr'>τῆς</span> <span class='ocrx_word' id='word_1_822' title='bbox 3564 5083 3792 5155; x_wconf 75' lang='grc' dir='ltr'>ήλιακῆς</span> 
     </span>
    </p>
   </div>
   <div class='ocr_carea' id='block_1_105' title="bbox 2208 5171 3791 5249">
    <p class='ocr_par' dir='ltr' id='par_1_105' title="bbox 2208 5171 3791 5249">
     <span class='ocr_line' id='line_1_105' title="bbox 2208 5171 3791 5249; baseline -0.004 -18"><span class='ocrx_word' id='word_1_823' title='bbox 2208 5177 2425 5241; x_wconf 86' lang='grc' dir='ltr'>ἀκτῖνος</span> <span class='ocrx_word' id='word_1_824' title='bbox 2444 5218 2458 5242; x_wconf 76' lang='lat'><strong>,</strong></span> <span class='ocrx_word' id='word_1_825' title='bbox 2478 5175 2565 5247; x_wconf 82' lang='grc' dir='ltr'><strong>’τῷ</strong></span> <span class='ocrx_word' id='word_1_826' title='bbox 2596 5176 2670 5249; x_wconf 80' lang='grc' dir='ltr'>μὴ</span> <span class='ocrx_word' id='word_1_827' title='bbox 2699 5177 3015 5249; x_wconf 83' lang='grc' dir='ltr'>τεθεαμένῳ</span> <span class='ocrx_word' id='word_1_828' title='bbox 3050 5176 3111 5231; x_wconf 81' lang='grc' dir='ltr'>τὸ</span> <span class='ocrx_word' id='word_1_829' title='bbox 3153 5177 3269 5246; x_wconf 86' lang='grc' dir='ltr'><strong>φῶς</strong></span> <span class='ocrx_word' id='word_1_830' title='bbox 3303 5175 3411 5229; x_wconf 81' lang='grc' dir='ltr'>ἀπὸ</span> <span class='ocrx_word' id='word_1_831' title='bbox 3455 5171 3677 5245; x_wconf 83' lang='grc' dir='ltr'>πρώτης</span> <span class='ocrx_word' id='word_1_832' title='bbox 3702 5189 3791 5240; x_wconf 85' lang='grc' dir='ltr'>γε·</span> 
     </span>
    </p>
   </div>
   <div class='ocr_carea' id='block_1_106' title="bbox 2208 5263 3790 5341">
    <p class='ocr_par' dir='ltr' id='par_1_106' title="bbox 2208 5263 3790 5341">
     <span class='ocr_line' id='line_1_106' title="bbox 2208 5263 3790 5341; baseline -0.005 -18"><span class='ocrx_word' id='word_1_833' title='bbox 2208 5267 2409 5333; x_wconf 85' lang='grc' dir='ltr'>νέσεως</span> <span class='ocrx_word' id='word_1_834' title='bbox 2436 5268 2582 5341; x_wconf 84' lang='grc' dir='ltr'>ἀργὴ</span> <span class='ocrx_word' id='word_1_835' title='bbox 2618 5269 2713 5323; x_wconf 73' lang='grc' dir='ltr'>καὶ</span> <span class='ocrx_word' id='word_1_836' title='bbox 2757 5269 3014 5339; x_wconf 85' lang='grc' dir='ltr'>ἀνόνητος</span> <span class='ocrx_word' id='word_1_837' title='bbox 3050 5268 3257 5337; x_wconf 85' lang='grc' dir='ltr'>γίνεται</span> <span class='ocrx_word' id='word_1_838' title='bbox 3284 5270 3317 5337; x_wconf 92' lang='grc' dir='ltr'><strong>ή</strong></span> <span class='ocrx_word' id='word_1_839' title='bbox 3366 5267 3454 5320; x_wconf 82' lang='grc' dir='ltr'>διὰ</span> <span class='ocrx_word' id='word_1_840' title='bbox 3489 5265 3599 5319; x_wconf 91' lang='grc' dir='ltr'><strong>τῶν</strong></span> <span class='ocrx_word' id='word_1_841' title='bbox 3620 5263 3790 5331; x_wconf 87' lang='grc' dir='ltr'>λόγων</span> 
     </span>
    </p>
   </div>
   <div class='ocr_carea' id='block_1_107' title="bbox 2208 5355 3792 5433">
    <p class='ocr_par' dir='ltr' id='par_1_107' title="bbox 2208 5355 3792 5433">
     <span class='ocr_line' id='line_1_107' title="bbox 2208 5355 3792 5433; baseline -0.004 -19"><span class='ocrx_word' id='word_1_842' title='bbox 2208 5360 2304 5414; x_wconf 88' lang='grc' dir='ltr'><strong>τοῦ</strong></span> <span class='ocrx_word' id='word_1_843' title='bbox 2333 5361 2510 5431; x_wconf 73' lang='grc' dir='ltr'>φωτὸς</span> <span class='ocrx_word' id='word_1_844' title='bbox 2562 5363 2825 5433; x_wconf 79' lang='grc' dir='ltr'>ἑρμηνεία</span> <span class='ocrx_word' id='word_1_845' title='bbox 2849 5380 2864 5393; x_wconf 89' lang='grc'><strong>·</strong></span> <span class='ocrx_word' id='word_1_846' title='bbox 2894 5363 2955 5416; x_wconf 77' lang='grc' dir='ltr'>οὐ</span> <span class='ocrx_word' id='word_1_847' title='bbox 2989 5362 3100 5432; x_wconf 87' lang='grc' dir='ltr'><strong>γάρ</strong></span> <span class='ocrx_word' id='word_1_848' title='bbox 3152 5362 3268 5414; x_wconf 75' lang='grc' dir='ltr'>ἐστι</span> <span class='ocrx_word' id='word_1_849' title='bbox 3299 5358 3522 5413; x_wconf 76' lang='grc' dir='ltr'>δυνατὸν</span> <span class='ocrx_word' id='word_1_850' title='bbox 3567 5356 3666 5428; x_wconf 82' lang='grc' dir='ltr'>τὴν</span> <span class='ocrx_word' id='word_1_851' title='bbox 3695 5355 3792 5426; x_wconf 80' lang='grc' dir='ltr'>τῆς</span> 
     </span>
    </p>
   </div>
   <div class='ocr_carea' id='block_1_108' title="bbox 2179 5436 3791 5525">
    <p class='ocr_par' dir='ltr' id='par_1_108' title="bbox 2179 5436 3791 5525">
     <span class='ocr_line' id='line_1_108' title="bbox 2179 5436 3791 5525; baseline -0.005 -18"><span class='ocrx_word' id='word_1_852' title='bbox 2179 5454 2427 5517; x_wconf 83' lang='grc' dir='ltr'>’ἀκτῖνος</span> <span class='ocrx_word' id='word_1_853' title='bbox 2480 5453 2799 5525; x_wconf 83' lang='grc' dir='ltr'>λαμπηδόνα</span> <span class='ocrx_word' id='word_1_854' title='bbox 2853 5454 2918 5507; x_wconf 87' lang='grc' dir='ltr'><strong>δι’</strong></span> <span class='ocrx_word' id='word_1_855' title='bbox 2954 5453 3122 5522; x_wconf 79' lang='grc' dir='ltr'>ἀκοῆς</span> <span class='ocrx_word' id='word_1_856' title='bbox 3157 5436 3477 5521; x_wconf 76' lang='grc' dir='ltr'>ὲναυγάσαί.</span> <span class='ocrx_word' id='word_1_857' title='bbox 3514 5448 3670 5503; x_wconf 78' lang='grc' dir='ltr'>Οὕτω</span> <span class='ocrx_word' id='word_1_858' title='bbox 3700 5446 3791 5501; x_wconf 80' lang='grc' dir='ltr'>καὶ</span> 
     </span>
    </p>
   </div>
   <div class='ocr_carea' id='block_1_109' title="bbox 2213 5536 3791 5617">
    <p class='ocr_par' dir='ltr' id='par_1_109' title="bbox 2213 5536 3791 5617">
     <span class='ocr_line' id='line_1_109' title="bbox 2213 5536 3791 5617; baseline -0.004 -20"><span class='ocrx_word' id='word_1_859' title='bbox 2213 5544 2307 5597; x_wconf 72' lang='grc' dir='ltr'><strong>ὲπὶ</strong></span> <span class='ocrx_word' id='word_1_860' title='bbox 2330 5544 2426 5599; x_wconf 85' lang='grc' dir='ltr'><strong>τοῦ</strong></span> <span class='ocrx_word' id='word_1_861' title='bbox 2457 5545 2713 5617; x_wconf 84' lang='grc' dir='ltr'>ἀληθινοῦ</span> <span class='ocrx_word' id='word_1_862' title='bbox 2751 5545 2845 5599; x_wconf 70' lang='grc' dir='ltr'>καὶ</span> <span class='ocrx_word' id='word_1_863' title='bbox 2868 5544 3060 5616; x_wconf 79' lang='grc' dir='ltr'>νοητοῦ</span> <span class='ocrx_word' id='word_1_864' title='bbox 3087 5545 3267 5616; x_wconf 84' lang='grc' dir='ltr'>φωτὸς</span> <span class='ocrx_word' id='word_1_865' title='bbox 3288 5536 3319 5607; x_wconf 78' lang='grc'>,’</span> <span class='ocrx_word' id='word_1_866' title='bbox 3336 5544 3482 5597; x_wconf 78' lang='grc' dir='ltr'>ἰδίων</span> <span class='ocrx_word' id='word_1_867' title='bbox 3501 5537 3791 5612; x_wconf 81' lang='grc' dir='ltr'>ὀφθαλμῶν</span> 
     </span>
    </p>
   </div>
   <div class='ocr_carea' id='block_1_110' title="bbox 2183 5632 3791 5708">
    <p class='ocr_par' dir='ltr' id='par_1_110' title="bbox 2183 5632 3791 5708">
     <span class='ocr_line' id='line_1_110' title="bbox 2183 5632 3791 5708; baseline -0.002 -19"><span class='ocrx_word' id='word_1_868' title='bbox 2183 5648 2188 5653; x_wconf 88' lang='grc'><strong>“</strong></span> <span class='ocrx_word' id='word_1_869' title='bbox 2216 5636 2430 5707; x_wconf 79' lang='grc' dir='ltr'>ἑκάστῳ</span> <span class='ocrx_word' id='word_1_870' title='bbox 2474 5637 2632 5708; x_wconf 81' lang='grc' dir='ltr'>χρεία</span> <span class='ocrx_word' id='word_1_871' title='bbox 2657 5678 2671 5702; x_wconf 89' lang='grc'><strong>,</strong></span> <span class='ocrx_word' id='word_1_872' title='bbox 2697 5637 2785 5690; x_wconf 73' lang='grc' dir='ltr'>ἵνα</span> <span class='ocrx_word' id='word_1_873' title='bbox 2830 5637 2893 5690; x_wconf 83' lang='grc' dir='ltr'>τὸ</span> <span class='ocrx_word' id='word_1_874' title='bbox 2922 5636 3117 5700; x_wconf 90' lang='grc' dir='ltr'>κάλλος</span> <span class='ocrx_word' id='word_1_875' title='bbox 3146 5638 3320 5690; x_wconf 85' lang='grc' dir='ltr'>ὲκεῖνο</span> <span class='ocrx_word' id='word_1_876' title='bbox 3346 5635 3625 5705; x_wconf 85' lang='grc' dir='ltr'>θεάσηται,</span> <span class='ocrx_word' id='word_1_877' title='bbox 3659 5632 3791 5704; x_wconf 82' lang='grc' dir='ltr'>ὅπερ</span> 
     </span>
    </p>
   </div>
   <div class='ocr_carea' id='block_1_111' title="bbox 2215 5722 3770 5799">
    <p class='ocr_par' dir='ltr' id='par_1_111' title="bbox 2215 5722 3770 5799">
     <span class='ocr_line' id='line_1_111' title="bbox 2215 5722 3770 5799; baseline -0.002 -21"><span class='ocrx_word' id='word_1_878' title='bbox 2215 5727 2245 5778; x_wconf 89' lang='grc' dir='ltr'>ὁ</span> <span class='ocrx_word' id='word_1_879' title='bbox 2276 5726 2374 5796; x_wconf 82' lang='grc' dir='ltr'>μὲν</span> <span class='ocrx_word' id='word_1_880' title='bbox 2403 5724 2525 5781; x_wconf 79' lang='grc' dir='ltr'>ἰδὼν</span> <span class='ocrx_word' id='word_1_881' title='bbox 2556 5726 2700 5780; x_wconf 85' lang='grc' dir='ltr'>κατά</span> <span class='ocrx_word' id='word_1_882' title='bbox 2720 5744 2840 5781; x_wconf 89' lang='grc' dir='ltr'>τινα</span> <span class='ocrx_word' id='word_1_883' title='bbox 2869 5728 3017 5782; x_wconf 84' lang='grc' dir='ltr'>θείαν</span> <span class='ocrx_word' id='word_1_884' title='bbox 3047 5727 3255 5799; x_wconf 86' lang='grc' dir='ltr'>δωρεάν</span> <span class='ocrx_word' id='word_1_885' title='bbox 3282 5744 3339 5780; x_wconf 88' lang='grc' dir='ltr'><strong>τε</strong></span> <span class='ocrx_word' id='word_1_886' title='bbox 3370 5725 3464 5778; x_wconf 75' lang='grc' dir='ltr'>καὶ</span> <span class='ocrx_word' id='word_1_887' title='bbox 3491 5722 3770 5776; x_wconf 80' lang='grc' dir='ltr'>ἐπίπνοιαν</span> 
     </span>
    </p>
   </div>
   <div class='ocr_carea' id='block_1_112' title="bbox 2216 5810 3792 5893">
    <p class='ocr_par' dir='ltr' id='par_1_112' title="bbox 2216 5810 3792 5893">
     <span class='ocr_line' id='line_1_112' title="bbox 2216 5810 3792 5893; baseline 0.001 -22"><span class='ocrx_word' id='word_1_888' title='bbox 2216 5810 2618 5891; x_wconf 76' lang='grc' dir='ltr'>ἅνερμήνευτον</span> <span class='ocrx_word' id='word_1_889' title='bbox 2650 5820 2707 5873; x_wconf 83' lang='grc' dir='ltr'>ὲν</span> <span class='ocrx_word' id='word_1_890' title='bbox 2730 5819 2809 5892; x_wconf 83' lang='grc' dir='ltr'>τῷ</span> <span class='ocrx_word' id='word_1_891' title='bbox 2832 5822 3129 5893; x_wconf 79' lang='grc' dir='ltr'>ἀπορρήτῳ</span> <span class='ocrx_word' id='word_1_892' title='bbox 3159 5821 3259 5886; x_wconf 59' lang='lat' dir='ltr'><strong>si“;</strong></span> <span class='ocrx_word' id='word_1_893' title='bbox 3296 5816 3654 5889; x_wconf 86' lang='grc' dir='ltr'>συνειδήσεως</span> <span class='ocrx_word' id='word_1_894' title='bbox 3683 5815 3792 5888; x_wconf 78' lang='grc' dir='ltr'>ἔχει</span> 
     </span>
    </p>
   </div>
  </div>
