4026 6448
225 5468 242 5545 ἰ

290 5909 303 5919 ἢ
400 5842 464 5881 εδ·
490 5841 636 5899 Psal.
664 5855 789 5904 cxv,
825 5842 909 5896 ll.

305 399 408 458 56!

1673 396 1764 455 DE
1779 396 2257 458 VIRGINITATE.

3490 399 3598 457 369.

310 515 409 586 τὴν
448 513 725 594 ἔκπληξιν
749 531 762 546 ·
795 516 825 570 ὁ
864 516 921 571 δὲ
961 515 1035 588 μὴ
1069 514 1391 589 τεθεαμένος
1415 556 1430 583 ,
1468 516 1590 573 οὐδὲ
1637 516 1906 588 γνώσεται

2013 533 2193 589 neque
2209 532 2398 574 earum
2434 531 2621 575 rerum
2647 516 2907 574 damnum
2943 508 3165 582 sentiet,
3196 516 3400 588 quibus
3428 517 3599 573 orba-

310 609 412 680 τὴν
436 607 648 679 ζημίαν
691 602 768 663 ὧν
798 609 1186 681 ἀπεστέρηται.
1218 610 1343 675 Πῶς
1375 609 1485 683 γάρ
1530 610 1596 666 ἄν
1639 627 1723 675 τις
1755 610 1906 683 αύτῷ

310 700 681 770 διαπεφευγὸς
735 701 896 755 αὑτὸν
942 702 1144 771 ἀγαθὸν
1172 703 1582 774 παραστήσειες
1612 702 1729 767 πῶς
1763 703 1809 757 δ’
1842 704 1906 759 ἄν

309 810 403 858 τις
427 794 519 846 ὑπ’
551 793 677 864 ὄψιν
718 793 917 862 ἀγάγοι
948 792 1010 847 τὺ
1046 794 1324 865 ἄφραστον
1350 811 1365 859 ;
1403 794 1562 859 ’ἰδίας
1595 794 1778 864 φωνὰς
1809 812 1907 866 ση-

314 884 591 958 μαντικὰς
644 886 855 940 ἐκείνου
906 886 1002 940 τοῦ
1055 886 1285 950 κάλλους
1334 887 1395 940 ού
1457 886 1856 958 μεμαθήκαμεν
1889 902 1903 915 ·

311 979 626 1050 ὑπόδειγμα
671 978 767 1033 τοῦ
817 978 1148 1051 ζητουμένου
1205 980 1265 1032 ὲν
1289 981 1402 1042 τοῖς
1450 976 1600 1033 οὖσιν
1629 980 1730 1033 οὑκ
1758 979 1906 1033 ἔστιν

308 1071 498 1124 οὐδέν’
541 1071 608 1123 ιιι
648 1069 987 1142 συγκρίσεως
1022 1087 1086 1139 γε
1122 1069 1227 1141 μὴν
1253 1071 1384 1124 αὐτὸ
1412 1070 1717 1142 δηλωθῆναι
1764 1072 1906 1143 ἀμή-

306 1179 500 1233 χανον.
542 1162 640 1226 Τίς
694 1160 805 1233 γάρ
862 1161 1027 1233 ὀλίγῳ
1091 1161 1349 1233 σπινθῆρι
1404 1160 1757 1235 προσεικάζει
1813 1163 1905 1216 τὸν

306 1254 487 1324 ﬁlim,
528 1253 562 1325 ἢ
598 1254 789 1324 ῥανίδα
835 1254 1094 1325 βραχεῖαν
1142 1254 1276 1325 πρὸ(⁵
1333 1251 1432 1325 τὴν
1492 1254 1599 1307 τῶν
1653 1252 1905 1307 ἀϐύσσων

307 1346 577 1418 ἀπειρίαν
608 1344 963 1416 ἀνθίστησιν;
1010 1346 1108 1399 Ὃν
1156 1344 1265 1416 γὰρ
1292 1344 1405 1416 ἔχει
1433 1345 1589 1414 λόγον
1632 1345 1769 1417 πρὸς
1806 1345 1903 1411 τὰς

307 1438 592 1501 ἀϐύσσους
633 1438 667 1508 ὴ
727 1437 883 1508 ὀλίγη
934 1435 1149 1505 σταγὼν
1178 1474 1195 1501 ,
1254 1436 1286 1507 ἢ
1335 1438 1471 1507 πρὸς
1525 1438 1623 1509 τὴν
1664 1439 1905 1509 μεγάλην

307 1529 512 1583 ἀκτῖνα
538 1529 635 1583 τοῦ
662 1529 815 1600 ἡλίου
845 1528 906 1582 τὸ
934 1528 1129 1600 μικρὸν
1162 1528 1584 1599 σπινθηράκιον·
1615 1528 1757 1583 οὕτω
1792 1530 1905 1584 διά-

308 1639 496 1676 κειται
536 1623 633 1676 καὶ
664 1622 841 1676 πάντα
870 1621 940 1676 τά
984 1620 1132 1693 παρὰ
1174 1622 1284 1675 τῶν
1311 1621 1613 1692 ἀνθρώπων
1651 1622 1726 1684 ὡς
1764 1622 1915 1676 καλὰ,

309 1714 711 1785 θαυμαζόμενα
741 1715 875 1785 πρὸς
906 1716 1082 1768 ἐκεῖνο
1107 1712 1168 1766 τὸ
1192 1713 1387 1778 κάλλος
1411 1753 1425 1777 ,
1459 1712 1489 1766 ὃ
1516 1714 1646 1786 περὶ
1671 1713 1731 1767 τὸ
1756 1708 1907 1784 πρῶὲ

307 1824 406 1861 τον
448 1806 657 1874 ἀγαθὸν
696 1807 791 1859 καὶ
820 1806 882 1859 τὸ
912 1806 1167 1860 ἐπέκεινα
1207 1806 1409 1869 παντὸς
1438 1806 1651 1878 ἀγαθοῆ
1680 1806 1903 1877 θεωρεῖ-

2015 620 2105 667 tus
2158 619 2265 681 est.
2326 609 2619 677 Quomodo
2689 610 2837 667 enim
2900 594 2977 665 illi
3020 610 3315 680 quisquam
3387 609 3611 673 bonum,

2012 712 2331 774 exponeret,
2378 702 2527 772 quod
2583 704 2653 757 ab
2704 702 2828 771 ejus
2871 716 3036 757 sensu
3086 701 3324 773 refugit?
3356 716 3466 773 qua
3514 716 3598 757 ra-

2014 797 2164 851 tione
2207 812 2320 852 rem
2373 797 2444 852 oh
2474 795 2666 852 oculos
2711 802 2961 867 poneret,
3006 811 3131 866 qua!
3173 795 3279 851 sub
3311 802 3597 866 aspectum

2013 905 2123 945 ..οη
2154 890 2337 945 cadit?
2380 903 2481 944 nos
2510 888 2733 959 propria
2782 888 2971 951 verba,
3006 902 3129 959 quae
3166 887 3319 942 illius
3349 886 3596 957 pulchri-

2014 982 2222 1037 tudinis
2248 982 2486 1052 speciem
2519 980 2916 1051 signilicarent,
2952 995 3063 1035 non
3109 979 3449 1043 didicimus;
3485 993 3598 1033 non

2012 1074 2187 1130 ullum
2224 1074 2366 1143 ejus,
2400 1074 2468 1128 de
2502 1089 2613 1143 quo
2662 1072 2954 1143 quaeritur,
3006 1080 3190 1128 exstat
3233 1069 3546 1140 exemplum
3578 1088 3593 1123 :

2012 1167 2425 1237 comparatione
2448 1181 2582 1220 vero
2612 1166 2795 1237 aliqua
2832 1165 2938 1219 hoc
2975 1165 3154 1235 ipsum
3193 1163 3462 1218 illustrari
3494 1160 3602 1218 dif-

2014 1257 2158 1313 licilc
2185 1272 2319 1313 sane
2353 1265 2458 1313 est.
2496 1255 2635 1322 Quis
2679 1257 2827 1312 enim
2865 1270 3050 1327 parvae
3081 1253 3398 1310 scintillula:
3424 1252 3598 1309 solem

2013 1351 2320 1417 comparat,
2350 1352 2446 1400 aut
2477 1360 2702 1417 parvam
2732 1345 2935 1400 stillam
2967 1358 3093 1400 cum
3127 1330 3397 1399 immensa
3426 1357 3600 1413 aqua-

2011 1454 2133 1493 rum
2173 1438 2436 1509 voragine
2480 1435 2736 1493 confert?
2766 1438 2976 1494 nullam
3025 1436 3175 1492 enim
3230 1436 3600 1506 comparatio-

2012 1543 2136 1583 nem
2182 1529 2345 1584 habet
2375 1544 2553 1599 neque
2580 1544 2706 1583 cum
2749 1529 3015 1600 voragine
3044 1535 3217 1598 gutta,
3257 1541 3435 1596 neque
3469 1540 3596 1581 cum

2012 1622 2148 1677 solis
2186 1620 2360 1676 radiis
2396 1621 2623 1675 minima
2668 1620 2931 1675 scintilla.
2963 1618 3168 1674 Eodem
3209 1618 3375 1672 modo
3412 1632 3473 1672 se
3500 1616 3602 1670 lia-

2013 1708 2144 1764 bent
2171 1710 2379 1774 omnia,
2413 1724 2759 1781 quaecunque
2789 1709 3039 1764 homines
3067 1715 3332 1779 tanquam
3367 1705 3600 1776 pulchra

2013 1799 2380 1866 admirantur,
2403 1801 2815 1871 comparatione
2841 1800 2987 1855 facta
3013 1814 3140 1854 cum
3170 1814 3237 1855 eo
3259 1798 3406 1869 quod
3435 1813 3600 1853 omne

305 1913 426 1949 ται.
468 1897 565 1960 Τίς
593 1892 687 1950 οὖν
720 1897 933 1950 ἐπίνοια
976 1896 1036 1950 τὸ
1067 1896 1297 1967 μέγεθος
1328 1895 1429 1966 τῆς
1458 1893 1661 1967 ζημίας
1685 1896 1762 1968 τῷ
1797 1916 1904 1952 πα-

2013 1892 2301 1961 pulchrum
2336 1900 2504 1963 atque
2549 1892 2754 1946 bouum
2796 1891 3038 1947 excedit.
3071 1888 3262 1961 Itaque
3296 1905 3418 1960 quae
3450 1905 3607 1945 meu-

308 1987 462 2041 θύντι
507 1987 609 2059 τὴν
664 1987 867 2059 ζημίαν
914 1988 1119 2058 ταύτην
1178 1989 1514 2057 ὲνδείξεται;
1563 1988 1760 2052 Καλῶς
1817 2005 1907 2059 μοι

304 2080 460 2135 δοκεί
487 2083 518 2135 ὁ
554 2080 728 2152 μέγας
767 2080 930 2134 Δαὸὶδ
958 2081 1056 2152 τὴν
1080 2082 1390 2152 ἀμηχανίαν
1423 2082 1747 2152 ἐνδεδεῖχθαι
1775 2081 1908 2135 ταύ⁴

303 2191 412 2246 την
434 2191 451 2205 ·
481 2173 541 2236 δς
570 2173 755 2244 ἐπειδὴ
786 2189 916 2226 ποτε
939 2173 1165 2243 δυνάμει
1197 2173 1290 2226 τοῦ
1327 2172 1643 2244 Πνεύματος
1674 2172 1907 2243 ὑψωθεὶς

304 2263 411 2327 τὴν
452 2263 698 2318 διάνοιαν
723 2302 739 2327 ,
790 2262 886 2315 καὶ
930 2257 1042 2317 οἷον
1090 2261 1260 2326 ὲκὸάς
1306 2261 1469 2326 αὐτὸς
1503 2261 1695 2316 ἑαυτὸν
1717 2302 1734 2328 ,
1769 2257 1907 2315 εἶδεν

306 2359 495 2411 ἐκεῖνο
532 2356 595 2409 τὺ
623 2356 903 2426 ἀμήχανον
936 2355 1032 2408 καὶ
1081 2353 1440 2426 ἀπερινόητον
1492 2354 1688 2417 κάλλος
1736 2341 1792 2408 ἐν
1838 2356 1905 2426 τῇ

310 2446 568 2520 μακαρίᾳ
602 2448 858 2500 ἐκστάσει
891 2441 1017 2517 (εἶδε
1049 2445 1109 2499 δὲ
1156 2446 1374 2510 πάντως
1411 2445 1486 2510 ὡς
1526 2445 1797 2518 ἀνθρώπῳ
1844 2464 1906 2515 γε

304 2540 538 2595 δυνατὸν
585 2540 742 2600 ἰδεῖν,
769 2537 874 2603 ἔξω
913 2537 1021 2591 τῶν
1048 2539 1147 2609 τῆς
1181 2538 1383 2611 σαρκὸς
1426 2537 1907 2610 προκαλυμμάτων

304 2633 608 2705 γενόμενος
636 2671 651 2695 ,
680 2630 775 2683 καὶ
811 2629 1067 2684 εἰσελθὼν
1093 2630 1182 2683 διὰ
1225 2631 1392 2701 μόνης
1420 2629 1657 2692 διανοίας
1688 2632 1769 2691 εἰς
1808 2630 1908 2701 τὴν

304 2726 423 2780 τῶν
467 2725 775 2794 ἀσωμάτων
807 2723 902 2777 καὶ
946 2721 1153 2795 νοητῶν
1186 2721 1442 2791 θεωρίαν)
1464 2736 1479 2753 ⁸
1510 2721 1698 2792 ἐπειδή
1728 2738 1780 2774 τι
1814 2722 1909 2775 καὶ

306 2820 496 2872 εἰπεῖν
518 2818 667 2882 ἄξιον
692 2815 789 2869 τοῦ
829 2815 1086 2885 ὀφθέντος
1138 2815 1479 2887 ὲπεπόθησεν
1503 2856 1518 2882 ,
1550 2813 1770 2886 ἐκείνην
1825 2814 1911 2880 ἐξ·

307 2910 512 2981 εϐόησε
542 2910 642 2981 τὴν
670 2909 853 2980 φωνην
873 2947 886 2971 ,
917 2907 984 2979 ἢν
1018 2909 1218 2971 πάντες
1263 2907 1498 2980 ᾄδουσιν,
1536 2907 1621 2962 ὅτι
1645 2905 1773 2975 Πᾶς
1801 2906 1909 2961 ἇν-

308 3005 553 3072 θρωπος
579 3001 854 3068 Ψεύστης
872 3017 885 3031 ⁸
913 2998 1073 3053 τοῦτο
1094 2998 1150 3052 δέ
1174 2998 1341 3063 ἐστιν,
1370 2996 1446 3062 ὥς
1483 3014 1548 3068 γε
1591 2999 1620 3053 ὁ
1659 2998 1792 3069 ἐμὸς
1818 2998 1907 3051 λόο

308 3109 453 3163 γος,
488 3093 570 3146 ὅτι
614 3092 723 3155 πᾶς
770 3089 1055 3163 ἄνθρωπος
1110 3092 1265 3161 φωνῇ·
1311 3090 1627 3162 ἐπιτρέπων
1669 3089 1767 3161 τὴν
1812 3086 1907 3142 τοῦ

309 3184 600 3257 ἁφράστου
630 3182 809 3252 φωτὸς
855 3181 1150 3254 ἑρμηνείαν
1173 3221 1188 3248 ,
1218 3182 1388 3246 ὅντως
1439 3180 1681 3252 ψεύστης
1712 3180 1860 3235 ἐστίν
1889 3196 1906 3213 ⁶

308 3278 441 3349 οὐχὶ
495 3276 571 3348 τῷ
612 3278 788 3348 μισεῖν
818 3276 986 3346 αὐτὴν
1008 3316 1024 3341 ,
1077 3274 1213 3330 ἀλλὰ
1238 3275 1316 3346 τῷ
1351 3275 1596 3330 ἀσθενεῖν
1638 3274 1768 3345 περὶ
1810 3274 1910 3345 τὴν
1935 3266 1978 3326 C

309 3369 413 3425 τοῦ
439 3370 719 3439 νοηθέντος
744 3367 1108 3438 παράστασιν.
1142 3367 1216 3420 Τὸ
1240 3367 1337 3437 μὲν
1367 3366 1477 3439 γὰρ
1502 3365 1756 3436 αἰσθητὸν
1778 3365 1908 3420 κάλ-

311 3462 411 3526 λος
429 3505 445 3531 ,
472 3461 593 3515 ὅσον
615 3460 767 3516 κάτω
794 3477 858 3512 πε
869 3461 923 3532 ρὶ
943 3458 1036 3512 τὸν
1061 3457 1338 3530 ἡμέτερον,
1352 3457 1749 3529 ἀναστρέφεται
1773 3456 1906 3528 βίον,

315 3553 433 3608 εἴτε
465 3554 522 3606 ὲν
549 3552 775 3623 ἀψύχοις
803 3551 958 3615 ὕλαις
977 3591 991 3614 ,
1030 3550 1138 3603 εἴτε
1173 3549 1266 3603 καὶ
1288 3550 1346 3603 ἐν
1374 3547 1621 3618 σώμασιν
1645 3547 1911 3618 ἐμψύχοις

312 3645 409 3701 διά
435 3662 580 3710 τινος
618 3643 873 3716 εύχροίας
903 3641 1406 3712 ἐμφανταζόμενον,
1440 3640 1720 3710 αὐτάρκης
1752 3639 1910 3711 ἡμῶν

317 3736 357 3807 ἡ
380 3736 522 3790 κατὰ
558 3735 655 3807 τὴν
677 3734 929 3805 αἴσθησιν
958 3733 1188 3804 δύναμις
1218 3732 1310 3786 καὶ
1333 3731 1636 3802 θαυμάσαι,
1669 3730 1763 3784 καὶ
1784 3730 1912 3785 ἀπο-

317 3827 602 3895 δέξασθαι,
628 3828 723 3881 καὶ
746 3827 1022 3899 γνώριμον
1055 3826 1226 3896 ἑτέρῳ
1258 3825 1502 3895 ποιῆσαι,
1533 3823 1622 3878 διὰ
1663 3824 1763 3894 τῆς
1803 3822 1910 3876 τῶν

319 3922 500 3991 λόγων
543 3921 759 3992 γραφῆς
802 3920 991 3990 ὥσπερ
1024 3920 1081 3971 ἐν
1133 3918 1299 3971 εἰκόνι
1340 3917 1449 3970 τινὶ
1499 3915 1576 3987 τῷ
1618 3915 1762 3987 λόγῳ
1815 3914 1910 3969 τοῦ

319 4014 565 4068 τοιούτου
588 4013 817 4076 κάλλους
850 4008 1264 4081 ἐγγραφομένου
1287 4026 1300 4042 ο
1334 4003 1394 4063 οὗ
1424 4008 1481 4061 δὲ
1513 4007 1573 4061 τὸ
1601 4008 1912 4079 ἀρχέτυπον

320 4106 520 4170 κάλλος
572 4106 850 4175 διαφεύγει
903 4104 1000 4175 τὴν
1049 4102 1376 4173 κατανόησιν
1397 4144 1410 4169 ,
1446 4103 1564 4167 πῶς
1603 4102 1669 4157 ἂν
1696 4104 1724 4155 ὁ
1756 4101 1912 4170 λόγος

322 4200 417 4254 ὑπ’
450 4199 572 4268 ὄψιν
600 4197 817 4267 ἀγάγοι,
849 4195 1107 4267 οὐδεμίαν
1145 4194 1393 4266 μηχανὴν
1420 4194 1750 4264 ἐξευρίσκων
1781 4195 1913 4248 ὑπο-

322 4292 543 4363 γραφῆς
564 4330 579 4353 ,
605 4291 665 4343 οὐ
693 4288 880 4361 χροιὰν
910 4286 1049 4357 ἔχων
1088 4288 1284 4349 εἰπεῖν,
1314 4285 1374 4338 ού
1404 4287 1591 4356 σχῆμα
1610 4325 1624 4347 ,
1654 4284 1717 4338 ού
1751 4284 1911 4355 μέγε-

323 4382 418 4447 θος
437 4422 452 4445 ,
482 4383 543 4435 οὐ
580 4383 793 4453 μορφῆς
830 4377 1110 4450 εὐμοιρίαν
1132 4416 1146 4442 ,
1178 4375 1299 4430 ούδὲ
1328 4394 1452 4429 τινα
1484 4375 1618 4439 ὅλως
1644 4374 1912 4445 φλυαρίαν

324 4472 612 4539 τοιαύτην;
647 4470 720 4523 Τὸ
755 4470 865 4540 γὰρ
891 4468 1065 4531 ἀειδὲς
1099 4467 1276 4538 πάντη
1299 4509 1314 4533 ,
1353 4468 1446 4520 καὶ
1484 4465 1910 4537 ἀσχημάτιστον,

325 4562 424 4617 καὶ
478 4560 837 4630 πηλικότητος
869 4559 1050 4630 πάσης
1094 4559 1373 4631 ἀλλότριον
1392 4597 1407 4623 ,
1441 4558 1534 4612 καὶ
1566 4558 1783 4612 πάντων
1810 4558 1911 4612 ὅσα

2012 1989 2084 2044 tis
2124 1989 2207 2045 vis
2253 1998 2360 2053 est,
2396 1998 2457 2043 ut
2509 1989 2582 2052 ei,
2617 1989 2710 2059 qui
2763 1989 2868 2043 hoc
2915 1987 3117 2041 damno
3169 1986 3423 2052 allicitur,
3464 1985 3602 2040 i'lud

2010 2082 2187 2151 ipsum
2232 2082 2621 2137 demonstret?
2655 2080 2823 2138 Recte
2868 2079 3249 2148 mihiquidem
3283 2080 3426 2134 hanc
3463 2078 3604 2134 ditii-

2009 2175 2265 2229 cul'tatem
2314 2190 2564 2231 summus
2614 2175 2706 2229 ille
2760 2173 2927 2227 David
2987 2172 3400 2228 demonstrasse
3444 2171 3602 2226 vide-

2009 2275 2099 2320 tur
2140 2282 2155 2320 :
2186 2265 2279 2336 qui
2321 2265 2564 2336 Spiritus
2595 2267 2645 2320 vi
2682 2264 2978 2336 aliquando
3013 2259 3197 2320 mente
3222 2263 3423 2331 elatus,
3455 2277 3601 2333 qua-

2009 2357 2168 2428 sique
2218 2365 2371 2412 extra
2441 2373 2502 2413 se
2553 2358 2804 2429 positus,
2866 2371 3104 2427 cumque
3158 2356 3215 2410 in
3279 2356 3441 2411 beata
3507 2354 3601 2408 illa

2010 2451 2210 2505 mentis
2249 2451 2486 2505 elatione
2534 2457 2702 2516 esset,
2744 2449 3212 2521 pulchritudinem
3265 2448 3415 2502 illam
3461 2447 3603 2501 ditii-

2008 2544 2191 2611 cilem,
2224 2559 2347 2615 quae
2383 2560 2492 2599 non
2526 2555 2707 2601 mente
2749 2542 3254 2614 comprehenditur,
3293 2541 3411 2611 ipse
3442 2541 3598 2604 vidit,

2009 2642 2070 2688 ut
2107 2636 2314 2689 homini
2354 2635 2547 2690 saltem
2578 2643 2760 2705 potest
2788 2636 3130 2706 contingere,
3166 2633 3418 2704 corporis
3450 2634 3602 2689 velut

2009 2736 2208 2782 CXIIIUS
2260 2727 2587 2787 involucris.
2632 2728 2750 2782 sola
2792 2735 2973 2783 mente
3003 2729 3299 2796 animoque
3349 2742 3478 2779 cum
3531 2726 3601 2780 ad

2011 2832 2219 2882 rerum,
2265 2832 2389 2889 quae
2435 2832 2669 2889 corpore
2713 2826 2936 2881 vacant,
2975 2826 3268 2887 menteque
3301 2816 3479 2872 solum
3518 2815 3603 2870 in-

2010 2909 2371 2981 telliguntur,
2418 2909 2940 2979 contemplationem
2995 2923 3057 2965 se
3105 2907 3410 2972 conferret,
3469 2923 3605 2977 quo-

2010 3002 2159 3058 niam
2204 3002 2412 3073 aliquid
2458 3002 2647 3058 dicere
2692 3002 2947 3074 cupierat
2985 3016 3051 3057 eo
3092 3000 3345 3073 dignum,
3375 3001 3523 3071 quod
3571 3015 3604 3054 ιι

2011 3110 2072 3152 se
2099 3105 2456 3166 conspectum
2475 3102 2613 3163 erat,
2638 3095 2911 3165 ejusmodi
2927 3094 3152 3151 verbum
3180 3093 3431 3164 protulit,
3454 3092 3603 3164 quod

2011 3190 2176 3262 vulgo
2214 3188 2324 3245 dici
2363 3189 2504 3246 solet
2536 3206 2549 3243 :
2585 3208 2602 3241 ι
2632 3186 2826 3243 Omnis
2850 3187 3013 3242 homo
3049 3184 3282 3241 mendax
3306 3186 3402 3239 ¹⁶⁴ι
3444 3202 3462 3234 ι
3499 3184 3605 3238 Ιιοιι

2012 3292 2120 3351 e3t,
2154 3290 2213 3336 ut
2239 3297 2360 3337 mea
2394 3280 2498 3337 fert
2524 3281 2735 3353 Opinio,
2767 3280 2934 3336 homo
2954 3278 3159 3341 omnis,
3183 3278 3277 3348 qui
3306 3273 3604 3333 inell'abilis

2014 3373 2238 3429 luminis
2289 3372 2802 3443 interpretationem
2857 3369 3102 3426 sermoni
3153 3368 3458 3438 permittit,
3515 3366 3606 3421 hic

2011 3473 2097 3521 est
2128 3480 2188 3521 re
2219 3479 2350 3521 vera
2400 3463 2577 3519 falsus
2611 3482 2625 3518 :
2661 3477 2773 3517 non
2809 3461 2937 3532 quia
2976 3460 3267 3516 veritatem
3315 3458 3454 3523 odit,
3506 3458 3603 3516 sed

2012 3556 2272 3627 quoniam
2323 3554 2393 3608 ad
2458 3553 2583 3624 ejus
2635 3553 2783 3624 quod
2840 3559 3024 3608 mente
3088 3550 3602 3620 comprehenditur,

2011 3648 2438 3719 explicationem
2476 3645 2728 3702 inﬁrmus
2770 3652 2879 3701 est.
2919 3643 3395 3699 Pulchritudinem
3430 3643 3602 3706 enim,

2012 3756 2134 3814 quae
2163 3740 2421 3797 sensibus
2451 3739 2778 3811 percipitur,
2818 3753 3008 3809 qumve
3043 3739 3098 3792 in
3132 3738 3295 3793 terris
3322 3737 3375 3791 in
3410 3747 3606 3792 nostra

2012 3835 2120 3889 hac
2162 3833 2270 3887 vita
2311 3832 2581 3894 cernitur,
2620 3830 2736 3887 sive
2772 3830 2861 3883 illa
2905 3830 2977 3886 sit
3010 3829 3068 3883 in
3119 3827 3287 3884 rebus
3320 3828 3602 3893 inanimis,

2014 3927 2131 3982 sive
2171 3925 2224 3979 in
2274 3923 2605 3995 corporibus
2640 3921 2926 3986 animatis,
2978 3922 3127 3976 bono
3183 3922 3372 3991 aliquo
3419 3923 3609 3976 colore

2013 4018 2345 4089 cXCOgitata,
2393 4016 2478 4073 vis
2531 4030 2797 4073 sensuum
2846 4022 3167 4070 nostrorum
3202 4030 3300 4085 per
3352 4029 3415 4071 se
3470 4016 3607 4070 satis

2014 4119 2119 4176 est,
2148 4121 2208 4164 ut
2240 4110 2389 4164 illam
2428 4124 2530 4165 nos
2573 4108 2933 4179 aspiciamus,
2975 4106 3338 4170 admiremur,
3368 4107 3606 4162 demou-

2015 4210 2254 4258 stremus
2300 4200 2449 4266 aliis,
2487 4215 2552 4255 ac
2601 4214 2879 4262 sermone,
2921 4198 3081 4268 quasi
3135 4199 3189 4253 in
3239 4199 3436 4253 tabella
3468 4213 3607 4268 qua-

2016 4292 2139 4346 dam
2171 4292 2245 4348 sit
2272 4290 2440 4360 hujus
2474 4288 2909 4359 pulchritudinis
2939 4301 3201 4358 expressa
3235 4288 3471 4357 species,
3503 4303 3607 4342 no-

2015 4391 2127 4437 tam
2196 4383 2343 4436 illam
2403 4380 2619 4434 caeteris
2673 4377 2982 4444 faciamus;
3053 4393 3236 4448 neque
3282 4379 3428 4433 etaim
3482 4380 3605 4450 ejus

2014 4473 2296 4541 exemplar
2342 4468 2758 4539 intelligentiam
2800 4468 2988 4539 fugit:
3025 4483 3134 4538 quo
3179 4469 3343 4523 modo
3386 4471 3496 4535 lict,
3547 4480 3607 4525 ut

2016 4563 2088 4619 ob
2112 4562 2325 4618 .oculos
2374 4575 2491 4616 rem
2540 4569 2709 4631 ponat
2740 4560 2946 4625 oratio,
2998 4575 3122 4632 quae
3152 4561 3360 4616 nullam
3393 4561 3607 4618 descri-

328 4653 460 4723 περὶ
489 4624 648 4722 σῶμα
687 4624 782 4704 καὶ
812 4624 1067 4719 αἴσθησιν
1102 4624 1410 4721 θεωρεῖται,
1444 4649 1731 4721 πόρρωθεν
1761 4649 1909 4717 ἱδρύ-

2016 4656 2182 4713 bendi
2217 4662 2390 4710 artem
2430 4653 2722 4724 comperit,
2770 4668 2883 4709 non
2920 4652 3142 4710 dicendi
3184 4655 3451 4722 colorem,
3494 4672 3609 4714 non

329 4760 526 4814 μενον,
554 4741 669 4806 πῶς
716 4741 782 4796 ἄν
815 4759 899 4805 τις
934 4740 1023 4795 διά
1041 4739 1148 4794 τῶν
1196 4742 1333 4813 μόνῃ
1367 4743 1433 4813 τῇ
1467 4740 1718 4812 αἰσθήσει
1744 4758 1914 4796 κατα-

322 4834 754 4906 λαμϐανομένων
805 4834 1156 4905 γνωρίσειεν;
1204 4834 1280 4886 Ού
1342 4833 1448 4905 μὴν
1503 4834 1591 4888 διά
1639 4833 1799 4888 τοῦτό
1849 4851 1914 4894 γε

325 4926 705 4994 ἀπογνωστὼν
752 4927 884 4995 ἡμῖν
911 4927 1012 4996 τῆς
1055 4922 1350 4988 ἐπιθυμίας
1373 4922 1616 4993 ταύτης,
1655 4923 1736 4976 ὅτι
1776 4922 1917 4995 ὑψη-

324 5018 523 5089 λοτέρα
559 5017 804 5087 φαίνεται
834 5017 932 5088 τῆς
962 5014 1318 5087 καταλήψεως
1338 5033 1350 5046 ο
1387 5015 1500 5069 ἀλλ’
1529 5017 1641 5086 ὅσῳ
1688 5014 1831 5086 μέγα
1853 5013 1915 5067 τὸ

325 5109 656 5182 ζητούμενον
684 5111 713 5162 ὁ
749 5109 904 5178 λόγος
933 5106 1237 5175 ἀπέδειξεν,
1258 5107 1497 5180 τοσούτῳ
1525 5108 1723 5179 μᾶλλον
1749 5109 1914 5178 ὑψοῦ-

332 5201 457 5254 σθαι
483 5200 590 5271 χρὴ
622 5200 718 5271 τὴν
744 5200 982 5255 διάνοιαν
1006 5201 1101 5255 καὶ
1142 5200 1562 5271 συνεπαίρεσθαι
1588 5199 1666 5272 τῷ
1693 5200 1912 5272 μεγέθει

323 5290 419 5347 τοῦ
455 5291 809 5362 ζητουμένου,
846 5291 918 5364 μὴ
946 5291 1223 5356 παντελῶς
1259 5291 1364 5357 ἔξω
1397 5291 1649 5360 γενέσθαι
1695 5294 1796 5362 τῆς
1817 5291 1912 5346 τοῦ

324 5378 534 5451 ἀγαθοῦ
590 5382 879 5451 μετουσίας
907 5400 919 5411 ·
953 5383 1196 5447 κίνδυνος
1242 5383 1350 5453 γὰρ
1378 5383 1438 5436 οὐ
1482 5383 1696 5453 μικρὸς,
1723 5383 1795 5455 μὴ
1836 5383 1914 5454 τῷ

323 5474 445 5527 λίαν
476 5471 667 5544 ὑψηλῷ
700 5491 757 5526 τε
789 5476 881 5528 καὶ
908 5476 1156 5547 ἀρρήτῳ,
1193 5475 1509 5531 παντάπασι
1540 5478 1640 5546 τῆς
1664 5477 1791 5547 περὶ
1818 5477 1915 5530 αύ-

325 5564 419 5618 τοῦ
454 5564 664 5628 ἐννοίας
721 5566 1175 5637 άπολισθήσωμεν
1206 5608 1220 5633 ,
1263 5565 1451 5636 μηδενὶ
1495 5564 1758 5635 γνωρίμῳ
1815 5563 1915 5637 τὴν

287 5655 291 5663 ’
324 5653 656 5725 κατανόησιν
683 5655 861 5710 αὐτῶν
884 5657 1274 5730 ἐπερείδοντες.
1310 5658 1401 5712 Δεῖ
1430 5654 1609 5710 τοίνυν
1636 5657 1739 5727 τῆς
1765 5656 1916 5712 ἀσθε-

649 5890 927 5998 alia;
971 5936 1084 6000 Gn.
1134 5931 1353 5994 XLVI.

1903 6010 1907 6017 ι
1982 6012 1987 6015 >
2012 6001 2088 6021 Αλν

2011 4749 2264 4820 ﬁguram,
2298 4761 2406 4801 non
2438 4744 2897 4815 magnitudinem,
2939 4760 3050 4800 non
3086 4745 3456 4817 integritatem
3489 4747 3603 4803 for-

2012 4857 2135 4906 mar,
2183 4854 2365 4910 neque
2413 4839 2555 4894 ullas
2597 4840 2758 4910 plane
2790 4839 2845 4894 id
2891 4840 3111 4911 generis
3170 4855 3346 4911 nugas
3398 4841 3609 4896 habet?

2013 4932 2161 5004 quod
2216 4932 2365 4987 enim
2415 4931 2484 4985 ab
2536 4930 2687 4986 omni
2718 4938 2875 5002 parte
2924 4931 3225 4987 obscurum
3273 4940 3379 4996 est,
3426 4945 3607 5000 neque

2013 5027 2128 5080 ulla
2169 5025 2346 5078 forma
2394 5037 2743 5094 expressum,
2770 5022 2987 5092 quodve
3025 5022 3094 5078 ab
3128 5022 3277 5076 omni
3327 5022 3605 5092 magnitu-

2019 5118 2148 5174 dine
2191 5117 2453 5181 alienum,
2516 5116 2787 5187 longeque
2823 5116 2892 5169 ab
2943 5116 3030 5170 his
3061 5115 3321 5169 omnibus
3365 5115 3607 5185 positum

2019 5218 2139 5276 est,
2198 5223 2320 5278 qua:
2390 5209 2645 5279 corporis
2691 5207 2951 5262 sensibus
3006 5213 3328 5268 cernuntur,
3390 5205 3442 5260 id
3496 5222 3607 5275 quo

2021 5304 2182 5358 modo
2219 5302 2418 5371 aliquis
2452 5300 2733 5371 cognitum
2766 5314 2833 5353 ex
2878 5299 2945 5354 iis
2992 5298 3159 5352 rebus
3200 5297 3448 5360 haberet,
3485 5312 3608 5368 qua:

2020 5393 2141 5447 solo
2185 5405 2353 5445 sensu
2402 5378 2993 5460 comprehenduntur?
3024 5386 3139 5441 Non
3186 5394 3477 5458 propterea
3520 5394 3608 5442 ta-

2022 5500 2146 5538 men
2197 5483 2361 5552 hujus
2408 5481 2765 5553 cognitionis.
2819 5478 3253 5551 cupiditatisque
3298 5495 3402 5535 uos
3451 5494 3606 5551 spem

2019 5576 2297 5647 deponere
2348 5575 2633 5638 debemus,
2688 5572 2951 5643 quoniam
3008 5574 3172 5628 altior
3239 5589 3305 5629 ea
3351 5581 3603 5644 apparet,

2021 5683 2188 5740 quam
2221 5675 2279 5724 ut
2312 5674 2495 5723 mente
2517 5664 2907 5736 comprehendi
2943 5666 3161 5738 possit;
3191 5667 3311 5734 scd,
3348 5682 3458 5738 quo
3486 5678 3607 5719 ma-

1956 5806 2119 5825 ¹ι,.ο

3208 5898 3300 5994 ιε’
