4026 6436
532 376 638 432 333
1786 374 1844 430 S.
1886 373 2097 431 GREG(

2200 376 2214 429 ι
2235 374 2527 433 NYSSENI
3706 385 3835 443 διι-

533 490 621 560 ius
658 497 740 544 est
777 488 851 553 id,
881 489 1026 560 quod
1057 488 1343 560 quaeritur,
1379 503 1446 544 eo
1486 488 1654 545 altius
1682 489 1867 543 animo
1898 496 2097 543 mente-

2210 488 2358 553 νείας
2396 489 2584 544 ἕνεκεν
2623 492 2826 564 ταύτης
2852 493 2939 547 διὰ
2967 494 3075 549 τῶν
3124 498 3189 569 τῇ
3219 496 3489 568 αἰσθήσει
3523 500 3807 572 γνωρίμων

533 596 638 651 que
667 581 871 646 οῆιιιτὶ,
905 583 1092 653 reique
1122 582 1297 653 ipsius
1336 581 1713 651 magnitudine
1742 578 1918 650 magis
1943 585 2097 647 atque

2214 583 2570 650 χειραγωγεῖν
2622 583 2759 654 πρὸς
2805 585 2867 637 τὸ
2907 586 3138 658 ἀόρατον
3183 589 3280 660 τὴν
3329 589 3605 645 διάνοιαν.
3647 592 3712 645 Ἠ
3756 593 3809 649 δὲ

533 672 707 737 magis
752 686 853 726 nos
886 672 1117 726 excitari
1154 681 1390 742 Oportet,
1424 679 1485 724 ut
1528 685 1597 724 ne
1642 669 1712 725 ab
1765 667 1939 737 ipsius
1969 665 2097 720 boni

2205 670 2418 724 ἐπίνοια
2443 672 2660 741 γένοιτο
2687 675 2754 731 ἂν
2783 677 2914 748 ἡμῖν
2940 678 3163 751 τοιαύτη
3189 697 3202 712 ⁸

531 762 793 815 societate
845 760 1007 816 alieni
1062 775 1161 814 nos
1211 760 1369 830 plane
1418 757 1743 813 etIieiamur.
1794 754 2105 811 Periculum
2144 758 2291 813 enim
2331 774 2442 815 non
2523 778 2752 834 parvum
2818 777 2926 836 est,
2962 785 3059 837 ne,
3092 785 3217 837 cum
3248 774 3472 830 nullius
3508 775 3588 830 rei
3625 777 3809 843 cogni-

529 860 679 909 tione
718 855 886 925 hujus
931 855 1354 926 intelligentiam
1396 853 1518 923 capi
1554 866 1718 923 posse
1791 850 2272 919 aﬂlrmaverimus,
2350 865 2576 928 pr0ptcr
2626 875 2882 932 magnam
2953 866 3246 934 quamdam
3316 876 3379 923 et
3450 869 3808 939 inexpliiabi-

530 955 634 1006 lem
677 948 1109 1018 magnitudinem
1157 964 1259 1005 nos
1299 948 1419 1018 cjus
1463 948 1691 1003 omnino
1732 947 2104 1018 cognitionem
2138 950 2481 1010 amittamus.
2525 953 2714 1027 Itaque
2750 966 2975 1029 propter
3001 960 3145 1017 hanc
3211 960 3399 1033 ipsam
3469 964 3810 1022 imbecillita-

529 1057 658 1104 tem,
700 1057 766 1096 ex
810 1041 972 1095 rebus
1002 1053 1166 1096 sensu
1194 1038 1429 1111 cognitis
1460 1038 1657 1095 utentis
1696 1040 1802 1094 vim
1830 1055 1934 1096 nos
1963 1038 2371 1111 quodammodo
2401 1046 2468 1103 ad
2511 1047 2566 1103 id
2617 1049 2905 1107 traducere
2964 1060 3203 1124 oportet,
3277 1055 3439 1128 quod
3509 1056 3618 1113 sub
3684 1073 3809 1116 octi-

531 1132 614 1187 los
654 1145 762 1186 non
814 1131 984 1185 cadit.
1030 1132 1209 1200 Atque
1262 1129 1318 1184 in
1357 1128 1462 1184 hac
1503 1128 1724 1199 quidem
1764 1130 2235 1201 contemplatione
2261 1149 2365 1193 nos
2404 1137 2480 1193 ita
2509 1153 2817 1196 versemur.

884 1274 898 1313 ,
1139 1240 1372 1307 CAPUT
1406 1241 1498 1298 XI.

2815 1255 3068 1313 ΚΕΦΑΛ.
3103 1258 3205 1313 IA'.

538 1335 1000 1405 Quemadmodum
1038 1335 1155 1406 quis
1203 1336 1255 1389 in
1290 1332 1714 1457 ουὲιεὶάενοιὲοηε
1746 1352 1863 1393 vere
1907 1337 2097 1391 honera

1117 1421 1317 1459 versari
1381 1423 1408 1458 e
1443 1415 1513 1459 et.

2214 1341 2348 1410 Πῶς
2376 1344 2454 1398 ἄν
2475 1362 2567 1413 τις
2585 1346 2656 1401 ἐν
2675 1349 2945 1417 περινοίᾳ
2983 1349 3215 1420 γένοιτο
3231 1352 3343 1408 τοῦ
3369 1352 3566 1421 ὅντως
3594 1355 3801 1414 καλοῦ.

1117 1422 1317 1459 versari
1343 1422 1513 1460 aevet.

595 1500 700 1565 Qui
731 1497 1037 1552 exteriores
1085 1504 1299 1551 tantum
1342 1510 1433 1550 res
1474 1496 1624 1550 nulla
1665 1496 1921 1567 penitiori
1969 1511 2097 1552 con-

2282 1498 2492 1572 Ὥσπερ
2517 1502 2696 1556 τοίνυν
2722 1505 2773 1557 οί
2805 1505 2906 1576 μὲν
2934 1508 3388 1580 ἐπιπολαιότερον
3414 1511 3547 1582 δίχα
3572 1512 3802 1579 διανοίας

527 1592 882 1662 templatione
926 1591 1234 1655 intuentur,
1292 1606 1419 1645 cum
1482 1590 1783 1654 hominem,
1835 1597 1931 1644 aut
1991 1586 2097 1645 r'eni

2206 1587 2277 1641 τὰ
2322 1589 2623 1660 πράγματα
2665 1592 2985 1661 βλέποντες,
3016 1597 3235 1652 ἐπειδὰν
3260 1598 3490 1653 εἴδωσιν
3520 1601 3801 1672 ἄνθρωπον

527 1684 768 1753 aliquam
809 1682 1112 1752 aspiciunt,
1161 1697 1283 1750 qum
1334 1680 1572 1752 speciem
1605 1681 1845 1752 aliquam
1894 1696 2010 1753 prae
2052 1696 2097 1735 st

2209 1678 2242 1750 ἢ
2265 1680 2399 1753 ὅπερ
2418 1680 2486 1736 ἂν
2507 1682 2645 1754 τύχῃ
2665 1684 2773 1739 τῶν
2800 1688 3158 1759 φαινομένων,
3184 1690 3350 1744 πλέον
3373 1692 3536 1745 οὐδὲν
3555 1693 3650 1746 τοῦ
3672 1695 3801 1765 ὀρω-

527 1774 686 1838 ferat,
721 1774 855 1828 nihil
888 1789 1021 1829 sane
1052 1774 1289 1842 amplius
1315 1774 1638 1843 exquirunt,
1664 1789 1828 1843 quam
1871 1774 1925 1829 id
1955 1772 2097 1845 quod

2215 1770 2397 1875 μένου.
2418 1776 2903 1875 περιεργάζονταιο
2952 1779 3114 1852 ἀρκεῖ
3154 1781 3263 1852 γὰρ
3298 1784 3494 1848 αὐτοῖς
3533 1784 3797 1855 θεασαμέ-

525 1867 629 1920 sub
663 1867 854 1920 oculos
898 1864 1066 1919 cadit.
1103 1865 1237 1919 Nam
1268 1863 1398 1918 dum
1433 1865 1921 1934 corporis-molem
1970 1879 2106 1921 con-

525 1957 879 2027 templantur,
926 1956 994 2010 iis
1041 1956 1177 2009 satis
1223 1961 1331 2013 est,
1388 1954 1433 2008 si
1478 1963 1646 2009 totam
1679 1954 1927 2025 corporis
1975 1970 2108 2010 con-

524 2049 862 2104 stitutionem
925 2044 1414 2115 comprehendisse
1460 2063 1521 2102 se
1575 2055 1789 2118 putent.
1840 2045 1911 2099 At
1974 2061 2108 2101 vero

521 2141 614 2209 qui
646 2148 827 2193 mente
856 2146 941 2193 est
970 2143 1131 2191 acuta
1165 2145 1219 2190 et
1258 2137 1590 2206 perspicaci,
1632 2138 2108 2209 scientiarumque

521 2230 831 2298 disciplinis
858 2229 1186 2289 instructus,
1237 2243 1347 2280 non
1384 2228 1559 2281 solum
1592 2229 1730 2283 satis
1777 2229 1942 2284 habet
1974 2243 2106 2284 ocu-

524 2322 700 2375 lorum
732 2333 897 2374 sensu
931 2333 1039 2378 res.
1078 2332 1200 2386 qua:
1242 2326 1394 2379 sunt,
1426 2319 1669 2386 intueri;
1707 2334 1884 2388 neque
1914 2319 2104 2383 rebus,

522 2426 646 2480 quas
699 2408 979 2471 videntur,
1032 2406 1361 2475 simpliciter
1413 2407 1749 2477 acquiescit;
1812 2424 1992 2479 neque
2051 2409 2106 2464 id

521 2502 668 2574 quod
703 2517 811 2557 non
849 2501 1115 2574 cernitur,
1174 2501 1230 2555 in
1268 2501 1335 2556 iis
1369 2500 1556 2563 rebus,
1591 2516 1715 2570 qua:
1749 2502 1912 2556 nulla:
1954 2509 2105 2568 sunt,

522 2572 814 2660 uulnerat;
845 2572 950 2647 sed
999 2606 1217 2646 Olllllelll
1260 2590 1423 2645 etiam
1473 2591 1640 2646 animi
1685 2600 1939 2646 naturam
1983 2593 2107 2647 dili-

522 2695 712 2756 genter
768 2684 1083 2751 investigat,
1141 2697 1551 2755 corporumque
1610 2683 1930 2753 qualitates,
1984 2699 2107 2754 qua:

517 2785 809 2850 apparent,
841 2783 896 2831 et
932 2776 1211 2840 universe,
1247 2784 1302 2831 ct
1339 2775 1619 2846 sigillatim
1655 2775 2017 2831 considerat:
2051 2782 2106 2831 et

518 2868 712 2923 harum
766 2882 929 2922 unam
966 2867 1035 2921 ab
1085 2867 1255 2920 altera
1311 2866 1585 2936 prazcipue
1634 2867 1851 2922 ratione
1898 2867 2105 2923 distin-

519 2960 640 3027 guit
673 2976 685 3011 :
723 2972 1030 3026 rursusque
1059 2956 1277 3010 illarum
1306 2972 1654 3011 communem
1682 2972 2015 3012 concursum
2039 2967 2104 3014 et

518 3048 932 3116 conspirantem
996 3046 1289 3115 quemdam
1336 3062 1672 3103 consensum
1728 3050 1783 3103 in
1851 3050 2103 3119 corporis

2211 1880 2322 1927 νοις
2350 1863 2441 1917 τὸν
2488 1864 2652 1935 ὄγκον
2683 1868 2775 1922 τοῦ
2829 1868 3080 1940 σώματος
3103 1910 3119 1936 ,
3151 1873 3271 1926 ὅλον
3320 1874 3553 1945 νομίσαι
3585 1876 3677 1929 τὸν
3710 1873 3796 1928 τοῦ

2208 1954 2495 2030 ἀνθρώπου
2547 1957 2702 2026 λόγον
2745 1961 3160 2033 κατειληφέναι·
3204 1965 3234 2017 ὀ
3268 1963 3329 2018 δὲ
3366 1965 3676 2036 διορατικδς
3704 1965 3795 2035 τὴν

2206 2046 2402 2117 ψὊχὴν,
2436 2047 2528 2101 καὶ⁵
2568 2048 2996 2120 πεπαιδευμένος
3046 2052 3120 2123 μὴ
3150 2052 3335 2123 μόνοις
3363 2053 3667 2125 ὀφθαλμοῖς
3687 2057 3795 2109 ἐπι⁹

2206 2136 2475 2210 τρέπει[ν]
2496 2139 2593 2208 τὴν
2622 2140 2730 2192 τῶν
2750 2139 2917 2193 ὄντων
2944 2142 3251 2213 ἐπίσκεψιν,
3273 2145 3337 2197 οὗ
3363 2145 3532 2216 μέχρι
3549 2147 3657 2200 τῶν
3682 2166 3792 2217 φαι-

2206 2228 2448 2298 νομένων
2501 2230 2792 2299 στήσεται,
2835 2231 2956 2285 οὐδὲ
2993 2232 3052 2285 τὸ
3094 2233 3169 2305 μὴ
3213 2234 3557 2304 βλεπόμενον
3596 2239 3652 2290 έν
3689 2238 3790 2301 τοῖς
3860 2234 3865 2243 ’

2210 2318 2285 2388 μὴ
2308 2313 2429 2371 οὖσι
2458 2318 2752 2388 λογίζεται,
2797 2320 2935 2375 ἀλλὰ
2962 2322 3055 2375 καὶ
3095 2323 3274 2394 ψυχῆς
3323 2324 3490 2393 φύσιν
3525 2329 3786 2397 περινοεῖ,

2208 2410 2302 2462 καὶ
2333 2409 2432 2474 τὰς
2460 2410 2538 2481 τῷ
2561 2411 2776 2481 σώματι
2801 2412 3147 2483 ἐμφυομένας
3176 2416 3504 2487 ποιότητας,
3536 2418 3786 2489 καὶκοινῇ

2209 2503 2305 2555 καὶ
2349 2503 2471 2557 καθ’
2505 2504 2705 2568 ἑαυτὰς
2750 2504 3176 2559 ἑπισκέπτεταιο
3232 2507 3346 2579 ἰδίᾳ
3389 2525 3451 2561 τε
3484 2509 3594 2581 γὰρ
3623 2510 3784 2562 αὐτῶν

2208 2592 2444 2663 ἑκάστην
2477 2594 2697 2664 χωρίζει
2724 2594 2803 2666 τῷ
2834 2595 2999 2667 λόγῳ,
3033 2598 3127 2650 καὶ
3156 2597 3324 2652 πάλιν
3356 2600 3459 2672 τήν
3491 2601 3672 2672 κοινὴν
3699 2602 3786 2655 αύ-

2206 2683 2314 2737 τῶν
2347 2685 2651 2756 συνδρομήν
2687 2703 2746 2739 τε
2783 2687 2878 2741 καὶ
2908 2687 3213 2758 σύμπνοιαν
3240 2692 3378 2762 περὶ
3407 2691 3508 2762 τὴν
3539 2692 3629 2745 τοῦ
3663 2692 3781 2745 ύπο-

2208 2776 2456 2846 κειμένου
2484 2777 2742 2831 σύστασιν
2770 2777 2995 2849 Θεωρεῖ·
3048 2778 3220 2842 οὕτως
3253 2776 3353 2835 οὖν
3394 2784 3490 2837 καὶ
3519 2784 3577 2835 ὲν
3603 2785 3666 2854 τῇ
3700 2781 3781 2835 τοῦ

2209 2867 2374 2921 καλοῦ
2416 2868 2671 2940 ζητήσει,
2719 2871 2748 2922 ὁ
2781 2869 2880 2940 μὲν
2911 2869 3108 2942 ἀτελὴς
3141 2871 3238 2942 τὴν
3270 2873 3543 2938 διάνοιαν,
3578 2873 3779 2927 ἐπειδὰν

2209 2958 2293 3031 ῐδῃ
2332 2975 2384 3011 τι
2428 2961 2659 3029 πρᾶγμα
2704 2952 2748 3028 ᾧ
2796 2960 3024 3025 κάλλους
3068 2962 3213 3026 τινὸς
3253 2964 3616 3037 περικέχυται
3658 2982 3777 3034 (pavo

2205 3050 2388 3111 τασία,
2421 3048 2554 3102 αὐτὸ
2578 3051 2754 3104 ἐκεῖνο
2791 3052 2954 3105 καλὸν
2985 3048 3125 3106 εἶναι
3163 3057 3230 3125 τῇ
3260 3056 3468 3110 ἑαυτοῦ
3498 3057 3653 3127 φύσει
3676 3058 3775 3126 οίή-

517 3139 914 3193 constitutione
944 3138 1367 3219 coptetnplatur.
1398 3135 1599 3192 Eadem
1642 3138 1810 3209 igitur
1842 3141 1985 3194 ratio
2015 3149 2097 3197 est

2211 3156 2386 3204 σεται,
2415 3140 2554 3211 ὅπερ
2571 3140 2637 3194 ἂν
2662 3141 2760 3212 τὴν
2785 3141 3037 3213 αἴσθησιν
3058 3145 3222 3198 αὐτοῦ
3250 3146 3323 3199 δι’
3348 3148 3543 3219 ἡδονῆς
3570 3146 3779 3201 ἐπισπάο

517 3224 572 3288 Ιῖι
611 3233 775 3302 hujus
811 3216 1025 3287 honesti
1053 3233 1381 3302 pulchrique
1412 3232 1785 3303 indagatione.
1815 3233 1918 3300 Qui
1950 3234 2097 3290 enim

516 3334 699 3380 mente
758 3326 939 3379 minus
998 3326 1241 3395 perlecta
1295 3332 1400 3388 est,
1460 3339 1585 3378 cum
1631 3324 1839 3394 aliquid
1899 3325 2095 3389 cernit,

514 3417 661 3487 quod
692 3416 929 3486 speciem
967 3415 1397 3485 pulchritudinis
1443 3416 1683 3485 aliquam
1721 3430 1834 3486 pra:
1870 3433 1930 3473 se
1965 3415 2095 3480 fert,

514 3504 649 3563 illud
680 3505 858 3574 ipsum
890 3504 1183 3574 pulchrum
1228 3518 1327 3558 sua
1364 3512 1560 3557 natura
1603 3519 1728 3559 esse
1759 3505 2095 3574 opinabitur,

513 3597 658 3670 quod
698 3598 976 3666 voluptate
1021 3596 1259 3667 quadam
1308 3596 1431 3665 ejus
1461 3611 1657 3651 sensus
1688 3594 1929 3653 olfecerit
1962 3613 1976 3650 :
2007 3595 2097 3650 ni-

513 3690 701 3758 hilque
746 3698 944 3758 praeter
983 3703 1106 3743 eam
1144 3686 1399 3757 requirit.
1454 3687 1561 3742 Sed
1607 3688 1701 3757 qui
1742 3688 2098 3759 integerrimo

514 3788 599 3834 est
622 3779 792 3834 animi
829 3795 995 3835 sensu
1036 3779 1419 3850 ejusmodiquc
1448 3795 1539 3835 res
1575 3777 1848 3848 inspicere
1889 3787 2096 3848 potest,

512 3873 563 3926 is
606 3872 892 3925 materiam
940 3871 1256 3940 relinquens
1291 3870 1505 3941 pulchri
1544 3870 1733 3924 formae
1766 3869 2095 3940 subjectam,

513 3980 603 4026 eo,
633 3965 780 4033 quod
818 3965 994 4019 oculis
1016 3966 1283 4027 cernitur,
1308 3964 1464 4034 quasi
1495 3961 1857 4018 fundamento
1888 3963 2094 4034 aliquo,

515 4064 699 4112 utetur
753 4055 820 4111 ad
886 4055 1034 4111 illius
1076 4054 1502 4124 pulchritudinis
1552 4053 2095 4124 contemplationem,

511 4146 659 4219 quod
712 4155 893 4203 mente
937 4146 1444 4218 comprehenditur,
1493 4146 1657 4216 cujus
1710 4145 2098 4200 communione

511 4257 637 4297 cum
677 4243 882 4312 reliqua
927 4241 1153 4296 honesta
1187 4241 1529 4311 pulchraque
1581 4248 1733 4304 sunt,
1771 4247 1886 4293 tum
1928 4238 2099 4293 etiam

512 4331 804 4386 habentur.
831 4330 964 4386 Mihi
1000 4348 1128 4388 vero
1167 4330 1386 4386 dilIicile
1415 4332 1654 4395 videtur,
1690 4345 1815 4385 cum
1846 4329 2096 4400 plerique

509 4423 706 4477 obtusa
738 4425 938 4477 mentis
990 4424 1108 4478 acie
1147 4423 1280 4485 sint,
1333 4438 1454 4488 eos,
1498 4424 1591 4493 qui
1623 4437 1879 4478 sermone
1923 4430 2095 4477 mate-

2205 3249 2386 3303 σηται,
2418 3235 2512 3287 καὶ
2540 3233 2690 3287 οὐδὲν
2717 3235 2856 3306 ὑπὲρ
2882 3233 3038 3290 τοῦτο
3059 3238 3220 3293 πλέον
3246 3257 3320 3293 πε
3330 3242 3689 3313 ριεργάζεται.
3727 3239 3775 3292 '0

2201 3322 2258 3376 δὲ
2292 3323 2698 3395 κεκαθαρμένος
2728 3326 2817 3379 τὸν
2841 3328 2941 3397 τῆς
2969 3328 3149 3400 ψυχῆς
3177 3329 3486 3403 ὀφθαλμὸν,
3513 3336 3606 3386 καὶ
3633 3332 3775 3386 δυνα-

2199 3414 2291 3479 τὸς
2326 3414 2393 3467 τὰ
2423 3416 2646 3469 τοιαῦτα
2678 3417 2915 3487 βλέπειν,
2944 3420 3156 3490 χαίρειν
3197 3422 3373 3486 ἐάσας
3401 3422 3500 3495 τὴν
3534 3423 3659 3493 ὕλην
3687 3420 3773 3490 τήν

2202 3503 2650 3576 ὑποϐεϐλημένην
2695 3508 2759 3576 τῇ
2807 3506 2899 3559 τοῦ
2942 3507 3109 3561 καλοῦ
3152 3509 3298 3580 ἰδέᾳ,
3354 3504 3467 3563 οἷον
3512 3506 3773 3577 ὑποϐάθρᾳ

2199 3594 2305 3649 τινὶ
2329 3593 2405 3665 τῷ
2428 3596 2693 3667 ὁρωμένῳ
2714 3602 2997 3668 χρήσεται,
3029 3600 3165 3670 πρὸς
3195 3600 3294 3672 τὴν
3328 3601 3425 3654 τοῦ
3447 3598 3633 3672 νοητοῦ
3658 3597 3771 3651 κάλ-

2199 3686 2325 3750 λους
2358 3686 2611 3759 θεωρίαν,
2647 3682 2709 3741 οὗ
2746 3691 2884 3744 κατὰ
2921 3692 3212 3761 μετουσίαν
3245 3692 3320 3748 τὰ
3354 3693 3491 3749 ἄλλα
3522 3690 3657 3746 καλὰ
3689 3687 3767 3758 γί-

2207 3779 2355 3831 νεταί
2386 3796 2441 3831 τε
2475 3779 2567 3833 καὶ
2592 3779 2934 3849 ὀνομάζεται.
2969 3784 3125 3836 Δοκεῖ
3152 3783 3209 3836 δέ
3244 3802 3339 3855 μοι
3367 3783 3595 3856 χαλεπὸν
3623 3777 3765 3844 εἶναι,

2200 3868 2308 3920 τῶν
2336 3869 2601 3921 πλείστων
2631 3872 2697 3940 τῇ
2730 3871 2954 3945 τοιαύτῃ
2988 3871 3259 3945 παχύτητι
3297 3876 3400 3945 τῆς
3430 3874 3661 3934 διανοίας
3691 3886 3765 3921 συ·

2200 3960 2437 4024 ζώντων,
2463 3962 2523 4013 τὸ
2552 3961 2906 4030 διατεμόντας
2930 3963 3007 4033 τῷ
3030 3963 3173 4034 λόγῳ
3207 3967 3303 4018 καὶ
3330 3966 3662 4037 χωρίσαντας
3679 3959 3765 4037 τὴν

2202 4049 2333 4119 ὕλην
2381 4050 2492 4103 ἀπὸ
2524 4050 2618 4103 τοῦ
2666 4031 3440 4124 ὲπιθεωρουμένου-κὰλλούς,
3489 4055 3651 4123 αὐτὴν
3689 4031 3763 4119 ἐφ⁹

2200 4142 2401 4211 ἑαυτῆς
2440 4142 2532 4196 τοῦ
2566 4142 2730 4196 καλοῦ
2761 4144 2857 4216 τὴν
2890 4144 3050 4214 φύσιν
3079 4148 3437 4219 κατανοῆσαι.
3476 4148 3581 4201 Καὶ
3616 4144 3667 4197 εί
3691 4157 3763 4205 τις

2199 4235 2442 4306 ἀκριϐῶς
2476 4235 2649 4289 ἐθέλοι
2687 4235 2785 4308 τὴν
2818 4237 2997 4292 αἰτίαν
3028 4242 3249 4292 σκοπεῖν
3288 4241 3397 4294 τῶν
3434 4232 3763 4306 πεπλανημέ-

2199 4345 2305 4383 νων
2330 4327 2425 4381 καὶ
2448 4327 2739 4399 μοχθηρῶν
2760 4328 3103 4401 ὑπολήψεων,
3127 4330 3229 4382 οὐκ
3253 4331 3319 4385 ἄν
3344 4349 3434 4403 μοι
3454 4331 3596 4383 δοκεῖ
3615 4327 3761 4393 ἄλλην

2199 4419 2398 4490 εὑρεῖν,
2431 4418 2463 4490 ἢ
2499 4418 2559 4472 τὸ
2596 4418 2671 4488 μὴ
2710 4418 2951 4490 ἀκριϐῶς
2986 4419 3141 4488 ἡμῶν
3179 4421 3554 4493 γεγυμνάσθαι
3590 4417 3653 4471 τὰ
3675 4415 3760 4483 τῆς

512 4513 650 4566 riam
680 4513 1028 4583 disjungunt,
1059 4521 1114 4568 et
1147 4528 1175 4565 a
1209 4515 1626 4583 pulchritudine
1653 4517 1744 4570 illa
1770 4522 2089 4579 secernunt,

2200 4510 2376 4581 Ψυχῆς
2407 4512 2744 4581 αἰσθητήρια
2775 4511 2909 4582 πρὸς
2942 4511 3037 4583 τὴν
3066 4511 3159 4565 τοῦ
3185 4514 3352 4567 καλοῦ
3384 4515 3479 4567 καὶ
3510 4511 3582 4583 μὴ
3601 4505 3760 4563 τοιού·

510 4618 636 4674 qua:
673 4603 960 4673 aspicitur,
1002 4620 1162 4673 posse
1211 4605 1385 4674 ipsam
1419 4621 1516 4675 per
1558 4621 1617 4660 se
1663 4607 2096 4675 pulchritudinis

509 4704 763 4750 naturam
814 4696 1090 4767 cognitam
1142 4695 1361 4751 habere.
1416 4699 1495 4750 Ac
1548 4697 1595 4751 si
1647 4699 1772 4767 quis
1822 4699 2091 4753 malarum

508 4790 830 4859 opinionum
872 4790 927 4844 in
974 4805 1273 4860 errorcque
1303 4791 1642 4846 versantium
1674 4806 1900 4847 causam
1934 4808 2095 4848 accu-

509 4891 628 4937 rate
668 4882 984 4952 perspicere
1017 4882 1170 4945 velit,
1218 4897 1328 4937 non
1387 4883 1550 4937 aliam
1600 4898 1733 4938 sane
1766 4899 1890 4939 eum
1934 4884 2092 4939 inre-

509 4975 631 5030 nire
680 4975 942 5037 arbitror,
1006 4973 1114 5028 nisi
1164 4973 1312 5043 quod
1366 4989 1476 5028 non
1531 4984 1789 5030 accurate
1841 4991 1944 5031 nos
1992 4978 2093 5033 hos

508 5063 691 5118 nostri
722 5064 888 5119 animi
926 5078 1129 5118 sensus
1163 5063 1216 5116 in
1259 5063 1364 5116 hoc
1404 5062 1780 5127 exercnimus,
1816 5072 1878 5117 ut
1924 5066 2093 5121 hone-

508 5163 656 5209 stum
712 5157 1072 5224 pulchrumre
1120 5155 1189 5209 ab
1250 5169 1317 5209 eo
1375 5155 1898 5217 internosceremus,
1945 5158 2092 5227 quod

508 5261 689 5315 neque
713 5246 1028 5310 honestmn,
1060 5260 1237 5314 neque
1271 5258 1404 5300 sane
1432 5244 1720 5313 pulchrum
1753 5254 1855 5300 est.
1891 5245 2094 5313 Quam-

506 5336 697 5389 obrem
746 5353 871 5391 cum
924 5338 994 5392 ab
1046 5337 1148 5391 hoc
1206 5336 1412 5399 studio,
1463 5335 1611 5405 quod
1660 5336 1713 5389 in
1758 5352 1888 5392 vero
1947 5338 2093 5393 bono

506 5424 794 5490 consistit,
820 5443 879 5484 se
919 5428 1251 5483 abduxerint
1289 5426 1562 5486 homines.
1588 5428 1787 5497 partim
1821 5429 1874 5482 in
1907 5430 2091 5485 carnis

506 5527 753 5568 amorem
801 5518 1007 5588 delapsi
1043 5526 1195 5583 sunt,
1239 5517 1442 5589 partim
1492 5519 1547 5571 in
1588 5518 1942 5573 inanimatam
1993 5535 2091 5592 pe-

502 5597 796 5655 cuniarum
850 5605 959 5659 vim
1002 5606 1396 5674 cupiditatibus
1431 5606 1673 5676 prolapsi
1728 5606 2087 5663 inciderunt:

500 5685 756 5757 plerique
785 5688 929 5748 vere'
957 5694 1015 5748 in
1058 5692 1388 5760 honoribus,
1446 5697 1501 5751 in
1535 5696 1727 5767 gloriae
1775 5697 2084 5768 splendore,

462 5780 550 5863 ‘in
584 5776 786 5841 opibus
822 5793 876 5837 et
908 5785 1166 5855 potentia
1199 5786 1493 5842 honestum
1527 5802 1798 5859 posuere;
1833 5790 2085 5845 nonnulli

2194 4618 2289 4655 του
2327 4602 2616 4671 διάκρισιν.
2644 4602 2742 4655 Διὰ
2767 4602 2919 4655 τοῦτο
2944 4603 3278 4669 ἀποστάντες
3305 4607 3355 4658 oi
3380 4604 3644 4674 ἄνθρωποι
3668 4595 3756 4664 τῆς

2198 4694 2327 4764 περὶ
2360 4693 2419 4745 τὸ
2449 4693 2618 4757 ὅντως
2663 4693 2866 4762 ἀγαθὸν
2915 4694 3182 4764 σπουδῆς,
3230 4697 3278 4748 οἱ
3333 4697 3432 4768 μὲν
3474 4695 3553 4756 είς
3595 4691 3756 4760 ἔρωτα

2198 4784 2417 4855 σαρκῶν
2469 4783 2905 4855 κατωλίσθησαν,
2955 4788 3004 4839 ol
3045 4786 3101 4839 δὲ
3146 4788 3239 4841 ἐπὶ
3288 4788 3382 4858 τὴν
3423 4785 3621 4855 ἄψυχον
3661 4776 3754 4830 τῶν

2196 4876 2492 4946 χρημάτων
2531 4874 2665 4945 ὓλην
2691 4878 2811 4940 ταῖς
2834 4875 3147 4946 ἐπιθυμίαις
3176 4876 3395 4950 ἔρεψαν·
3427 4874 3571 4929 ἄλλοι
3602 4872 3655 4923 ὲν
3684 4882 3752 4918 τι-

2198 4970 2330 5039 μαῖς
2374 4969 2468 5021 καὶ
2499 4967 2677 5033 δόξαις
2714 4969 2807 5022 καὶ
2832 4968 3170 5032 δυναστείαις
3199 4970 3261 5023 τὸ
3291 4967 3453 5022 καλὸν
3486 4964 3745 5031 ὡρίσαντσ

2190 5059 2297 5111 εἰσὶ
2327 5059 2383 5113 δέ
2414 5076 2559 5122 τινες
2579 5060 2629 5113 οἳ
2664 5060 2791 5130 περὶ
2819 5060 3011 5131 τέχνας
3039 5060 3133 5112 καὶ
3170 5062 3477 5132 ἐπιστήμας
3504 5048 3749 5121 ἐπτοήθη·

2193 5168 2312 5205 σαν·
2361 5152 2409 5204 οἱ
2452 5150 2509 5203 δὲ
2553 5151 3113 5222 ἀνδραποδωδέστεροι
3161 5155 3385 5217 τούτων,
3435 5145 3618 5215 λαιμὸν
3665 5135 3744 5189 καὶ

2190 5243 2431 5314 γαστέρα
2460 5243 2553 5297 τοῦ
2585 5242 2790 5311 ἀγαθοῦ
2827 5242 3103 5296 ποιοῦνται
3134 5245 3412 5314 κριτήρια.
3454 5240 3512 5292 0i
3548 5235 3601 5287 δὲ
3626 5230 3745 5283 ἁπη-

2195 5334 2418 5397 στάντες
2446 5333 2556 5386 τῶν
2583 5332 2782 5387 ύλικῶν
2808 5332 3112 5403 νοημάτων,
3147 5334 3234 5386 καὶ
3267 5332 3372 5384 τῶν
3395 5329 3515 5398 περὶ
3541 5321 3604 5376 τὰ
3629 5331 3740 5385 φαι·

2192 5426 2393 5496 νόμενα
2440 5424 2844 5498 προσπαθειῶν,
2899 5422 3195 5495 ἀνεζήτουν
3236 5425 3333 5496 τὴν
3375 5419 3545 5488 ἁπλῆν
3575 5429 3628 5467 τε
3660 5404 3741 5498 te"

2194 5516 2354 5570 ᾶϋλον
2395 5518 2491 5570 καὶ
2536 5516 2943 5587 ἀσχημάτιστον
2991 5514 3084 5567 τοῦ
3144 5516 3308 5570 καλοῦ
3349 5514 3523 5583 φύσιν,
3556 5506 3647 5558 οὐκ

2193 5610 2321 5681 περὶ
2348 5609 2446 5679 τὴν
2477 5610 2689 5680 αἰρεσιν
2715 5607 2823 5660 τῶν
2853 5607 3208 5678 ὲπιθυμητῶν
3234 5603 3615 5675 ἐπλανήθησαν,
3642 5585 3735 5644 οὐδ’

2193 5701 2262 5755 ἂν
2286 5700 2538 5753 τοσοῦτον
2564 5699 2667 5752 ὑπὸ
2691 5699 2791 5770 τῆς
2815 5698 3066 5768 τοιαύτης
3095 5699 3308 5767 ἀπάτης
3327 5688 3728 5780 παρηνέχοηῗςιγο

2195 5793 2271 5858 ὡς
2304 5792 2438 5862 μηδὲ
2466 5792 2526 5847 τὺ
2555 5769 2891 5862 πρόσκαιρον
2922 5792 3022 5861 τῆς
3055 5795 3113 5847 ὲν
3144 5793 3353 5854 τούτοις
3398 5781 3577 5853 ἡδονῆς
3626 5769 3727 5825 θλέ·
