4026 6426
232 396 339 455 565
640 404 647 409 ’
685 407 689 410 ’
1585 409 1673 466 DE
1704 411 2180 474 VIRGINITATE.
3393 432 3501 490 366

233 527 468 579 ποντας,
502 513 645 587 πρὸς
690 517 792 591 τὴν
824 519 1125 595 ὑπεροψίαν
1171 525 1280 582 τῶν
1318 526 1578 582 τοιούτων
1623 529 1819 603 ὁδηγη-

1927 540 2110 588 autem
2156 540 2308 602 sunt,
2336 536 2430 608 qui
2472 537 2527 593 in
2576 541 2779 596 artium
2820 547 3287 620 setentiarumque
3331 549 3502 607 disci-

235 601 415 674 θῆναι.
1706 601 1710 602 ν
1782 601 1789 603 ⁷
1928 624 2095 693 plinis
2133 601 2370 696 stupore
2405 631 2646 699 quodam
2688 632 2866 690 affecti
2896 644 3153 695 tenentur
3184 601 3328 712 :lqui
3372 657 3505 698 vero

235 705 367 751 sunt
411 697 501 754 his
558 700 894 771 abiectiores
942 707 1298 790 vilioresque,
1355 710 1411 764 hi
1456 711 1512 765 in
1562 712 1708 782 gula,
1790 727 1856 770 ac
1893 724 2085 771 ventre
2111 718 2295 774 sedem
2326 697 2543 776 honesti
2569 725 2867 780 collocant.
2897 727 3093 785 Verum
3119 697 3274 801 quia
3338 732 3503 789 rebus

235 789 340 843 sub
368 804 597 846 sensum
632 794 981 863 cadentibus,
1005 807 1060 854 et
1103 789 1175 855 ab
1220 803 1388 857 animi
1430 802 1817 862 affectionibus
1858 807 2048 865 adeas
2093 825 2187 866 res
2227 815 2539 881 propensis,
2606 832 2728 886 quas
2768 819 3010 889 speciem
3078 823 3317 893 aliquem
3366 839 3503 896 pra:-

237 878 388 942 hcnt,
428 895 553 937 sese
581 885 936 953 abduxerim,
971 890 1024 943 hi
1058 891 1362 962 simplicem
1435 896 1609 966 ipsius
1670 897 1887 954 honesti
1929 878 2261 972 indagarunt
2308 878 2599 971 naturam,
2656 925 2779 979 quae
2833 913 3080 967 materiae
3131 930 3331 986 expers
3384 924 3498 981 est,

235 970 498 1041 nullaque
550 971 723 1043 ﬁgura
773 979 1134 1048 exprimitur;
1189 997 1367 1053 neque
1421 985 1477 1038 in
1555 986 1857 1057 deligendis
1905 990 1973 1045 iis
1995 970 2344 1059 aberrarunt,
2376 1010 2499 1063 qua:
2526 970 2764 1054 maxime
2805 1001 3065 1070 optabilia
3104 970 3264 1073 sunt;
3325 1023 3503 1079 nequc

233 1068 510 1136 ejusmodi
542 1079 673 1125 sunt
705 1073 988 1130 erroribus
1023 1076 1095 1129 ita
1131 1078 1520 1145 circumventi,
1557 1092 1617 1136 ut
1645 1097 1823 1154 neque
1861 1094 2151 1156 perspecta
2193 1089 2512 1159 voluptatis,
2544 1108 2667 1162 qua:
2702 1094 2758 1148 in
2803 1096 2873 1153 iis
2916 1109 3022 1167 est,
3079 1100 3371 1171 brevitate,
3433 1102 3500 1158 ad

234 1158 510 1228 ejusmodi
546 1177 728 1217 rerum
766 1164 1182 1235 despicientiam
1211 1170 1434 1227 deducti
1476 1174 1747 1231 venerint.

303 1252 520 1306 Οὐκοῦν
551 1253 689 1325 αὕτη
720 1256 785 1310 ἂν
809 1258 1015 1325 γένοιτο
1049 1263 1179 1334 ἡμῖν
1212 1264 1329 1329 ὁδὸς
1355 1268 1434 1328 είς
1461 1267 1560 1339 τὴν
1591 1267 1684 1321 τοῦ
1719 1285 1818 1323 κα-

235 1342 328 1397 λοῦ
356 1342 578 1415 εὕρεσιν
605 1346 832 1414 ἄγουσα,
863 1349 924 1403 τὸ
951 1352 1126 1406 πάντα
1150 1355 1218 1407 τὰ
1247 1355 1402 1422 ἄλλα,
1439 1357 1537 1410 ὅσα
1565 1359 1665 1423 τὰς
1693 1362 1816 1414 ἐπι-

234 1434 438 1505 θυμίας
462 1436 574 1489 τῶν
600 1437 902 1509 ἀνθρώπων
929 1443 1238 1512 ἐφέλκεται,
1274 1446 1414 1500 καλά
1436 1444 1576 1503 εἶναι
1600 1448 1819 1527 νομιζὸο

238 1544 406 1597 μενα,
463 1528 556 1581 καὶ
598 1529 687 1583 διά
727 1530 886 1584 τοῦτο
931 1535 1167 1607 σπουδῆς
1217 1554 1362 1601 τινος
1409 1540 1503 1593 καὶ
1548 1541 1820 1614 ἀποδοχῆς

234 1619 557 1690 ἀξιούμενα,
586 1620 760 1675 ταῦτα
790 1624 1214 1696 ὑπερϐαίνοντας
1249 1628 1325 1693 ὡς
1351 1631 1586 1686 ταπεινά
1625 1650 1685 1686 τε
1726 1634 1819 1687 καὶ

234 1710 572 1782 πρόσκαιρα,
608 1713 795 1783 μηδενὶ
828 1714 1032 1769 τούτων
1071 1719 1529 1789 προσαναλίσκειν
1556 1721 1652 1794 τὴν
1691 1725 1817 1777 ὲπι-

234 1801 549 1874 θυμητικὴν
578 1804 731 1874 ήμῶν
763 1805 1013 1877 δύναμιν,
1044 1812 1181 1881 μήτε
1211 1811 1317 1883 μὴν
1353 1814 1529 1885 ἀργὴν
1563 1815 1658 1869 καὶ
1688 1816 1812 1869 ἀκί-

232 1912 392 1964 νητον
413 1897 471 1948 ὲν
508 1897 720 1960 ἑαυτοῖς
749 1899 1208 1966 κατακλείσαντας
1237 1902 1401 1974 ἔχειν,
1441 1906 1553 1958 ἀλλ’
1578 1907 1819 1962 ἐκκαθά·
1853 1888 1895 1941 Β

232 2005 441 2057 ραντας
469 1990 641 2058 αὐτὴν
675 1990 780 2043 ἀπὸ
827 1992 928 2062 τῆς
972 1993 1081 2046 τῶν
1109 1998 1382 2050 ταπεινῶν
1421 1999 1817 2070 προσπαθείας,

231 2082 348 2133 ἐκεῖ
366 2080 613 2147 ἀνάγειν,
638 2082 768 2135 ὅπου
783 2084 883 2137 οὑκ
903 2087 1199 2154 ἐφικνεῖται
1221 2090 1253 2159 ή
1278 2088 1547 2161 αἴσθησις·
1572 2090 1648 2155 ὡς
1682 2095 1818 2163 μήτε

229 2171 466 2243 οὐρανοῦ
494 2171 826 2248 [ἀνθρώπου]
853 2177 1045 2239 κάλλος
1062 2178 1355 2251 Θαυμάσαι,
1380 2183 1514 2254 μήτε
1537 2186 1822 2256 φωστῆρος

233 2265 432 2332 αὑγάς,
476 2266 612 2335 μήτε
644 2266 772 2320 ἄλλο
814 2284 867 2320 τι
912 2268 1019 2322 τῶν
1068 2273 1405 2343 φαινομένων
1440 2276 1648 2330 καλῶν·
1686 2278 1822 2331 ἀλλὰ

230 2355 321 2409 διὰ
348 2354 448 2409 τοῦ
482 2358 618 2409 πᾶσι
648 2357 857 2422 τούτοις
883 2360 1355 2434 ἐπιθεωρουμένου
1398 2366 1630 2432 κάλλους
1671 2387 1821 2441 χειρ-

230 2447 571 2516 αγωγεῖσθαι
598 2448 747 2518 ’πρὸς
772 2449 870 2521 τὴν
892 2451 1097 2505 ἐκείνου
1126 2453 1219 2506 τοῦ
1246 2455 1473 2520 κάλλους
1504 2459 1659 2512 ἐπιθυ
1669 2460 1817 2530 μίαν,

230 2532 300 2608 ἧς
327 2540 426 2591 καὶ
458 2540 507 2591 οἱ
537 2540 754 2610 οὐρανοὶ
784 2540 1094 2610 διηγοῦνται
1120 2542 1219 2613 τὴν
1254 2544 1431 2610 δόξαν,
1465 2548 1559 2600 καὶ
1591 2548 1823 2619 στερέω-

234 2645 334 2698 μα,
373 2628 472 2681 καὶ
494 2629 646 2681 πᾶσα
681 2630 714 2699 ἡ
746 2629 919 2693 κτίσις
942 2622 1262 2700 ἀναγγέλλει
1291 2633 1389 2704 τὴν
1419 2637 1638 2703 γνῶσιν.
1665 2636 1820 2689 Οὕτω

231 2719 340 2790 γὰρ
369 2717 598 2772 ἀνιοῦσα
630 2721 663 2791 ή
697 2721 863 2791 ψυχή,
896 2721 991 2774 καὶ
1021 2723 1130 2776 πᾶν
1173 2723 1233 2776 τὸ
1265 2725 1820 2798 καταλαμϐανόμενον

233 2812 309 2876 ὡς
339 2812 668 2885 μικρότερον
695 2813 788 2867 τοῦ
819 2814 1150 2887 ζητουμένου
1196 2819 1700 2889 καταλιμπάνουσα,
1732 2821 1824 2891 γέ-

233 2921 379 2958 νοιτο
411 2903 479 2958 ἂν
508 2906 567 2957 ὲν
613 2906 865 2977 περινοίᾳ
913 2907 1012 2977 τῆς
1051 2908 1526 2980 μεγαλοπρεπείας
1570 2911 1819 2984 ἐκείνης,

231 2997 334 3069 τῆς
384 2997 643 3069 ὑπεράνω
681 2997 792 3052 τῶν
834 2999 1080 3071 οὐρανῶν
1118 3002 1452 3075 ἐπηρμένης.
1503 3004 1662 3060 Ἀλλὰ
1705 3005 1822 3071 πῶς

232 3087 302 3141 ἄν
332 3105 421 3151 τις
460 3086 569 3141 τῶν
618 3087 836 3159 ὑψηλῶν
879 3090 1148 3158 ὲφίκριτο,
1178 3094 1306 3164 περὶ
1345 3092 1414 3147 τά
1462 3095 1697 3149 ταπεινά
1723 3096 1822 3169 τὴν

234 3176 475 3248 σπουδὴν
499 3177 674 3249 ἔχων;
707 3177 824 3242 πῶς
854 3179 900 3231 δ’
929 3177 994 3232 ἄν
1022 3198 1106 3244 τις
1138 3180 1274 3252 πρὸς
1304 3182 1396 3237 τὸν
1426 3185 1654 3255 οὐρανὸν
1684 3186 1818 3240 ἀνα-

232 3269 424 3338 πτείη,
462 3268 537 3339 μὴ
569 3270 867 3339 πτερωθεὶς
898 3269 976 3342 τῷ
1001 3270 1239 3343 οὐρανίῳ
1281 3273 1467 3345 πτερῷ
1489 3313 1505 3336 ,
1539 3275 1633 3329 καὶ
1681 3277 1820 3330 ἀνω-

233 3360 412 3432 φερὴς
441 3360 536 3413 καὶ
570 3361 842 3432 μετέωρος
875 3361 963 3415 διὰ
995 3362 1096 3432 τῆς
1128 3363 1340 3434 ὑψηλῆς
1370 3365 1643 3430 πολιτείας
1671 3367 1824 3435 γενό-

234 3468 441 3519 μενος;
476 3450 573 3515 Τίς
605 3452 662 3505 δὲ
702 3452 875 3514 οὕτως
918 3452 1022 3518 ἔξω
1054 3453 1163 3508 τῶν
1195 3454 1567 3523 εὑαγγελικῶν
1617 3474 1824 3528 μυστη-

234 3542 373 3613 ρίων
418 3542 584 3605 ἐστὶν,
618 3542 694 3606 ὡς
741 3544 955 3612 ἀγνοεῖν
995 3545 1077 3598 ὅτι
1106 3543 1167 3598 ἓν
1193 3544 1377 3618 ὄχημα
1407 3550 1472 3619 τῇ
1507 3548 1824 3622 ἀνθρωπίνῃ

230 3633 383 3703 ψυχῇ
410 3633 507 3702 τῆς
537 3634 627 3686 ἐπὶ
657 3634 781 3697 τοὺς
802 3634 1060 3707 οὐρανοὺς
1085 3636 1308 3707 πορείας
1330 3639 1467 3704 ἐστὶ,
1495 3638 1556 3693 τὸ
1580 3639 1659 3711 τῷ
1685 3639 1821 3694 εἴδει

233 3724 335 3795 τῆς
371 3724 730 3795 καταπτάσης
755 3729 1081 3797 περιστερᾶς
1110 3728 1300 3782 ἑαυτὸν
1321 3729 1609 3800 ὁμοιῶσαι,
1629 3726 1697 3803 ἦς
1724 3732 1823 3796 τὰς

235 3815 517 3884 πτέρυγας
539 3813 788 3883 γενέσθαι
818 3814 966 3886 αὑτῴ
996 3816 1091 3870 καὶ
1124 3816 1288 3871 Δαϐὶδ
1319 3819 1347 3870 ὁ
1378 3823 1665 3892 προφήτης
1692 3820 1813 3874 ὲπό-

236 3905 443 3975 θησεν;
481 3904 636 3958 Οὕτω
675 3905 783 3976 γὰρ
815 3908 872 3960 ὲν
911 3907 1193 3978 αἰνίγματι
1239 3910 1339 3982 τὴν
1382 3911 1477 3965 τοῦ
1504 3912 1821 3986 Πνεὺματος

233 3997 468 4066 δύναμιν
489 3998 556 4068 τῇ
589 3997 777 4069 Γραφῇ
810 3999 1037 4072 σύνηθες
1066 4002 1373 4073 ὀνομάζειν·
1416 4003 1530 4057 εῐτε
1559 4005 1694 4060 διότι
1732 4024 1823 4077 χο-

234 4088 334 4160 λῆς
364 4090 516 4140 ἐστιν
549 4089 773 4159 ἄμοιρον
822 4088 979 4143 τοῦτο
1014 4091 1075 4144 τὸ
1107 4091 1313 4164 ὖρνεον,
1360 4095 1394 4166 ἢ
1441 4096 1523 4149 ὄτι
1555 4096 1821 4163 δυσωδίας

233 4180 455 4251 ἐχθρὸν,
484 4179 665 4244 καθώς
690 4199 850 4249 φασιν
872 4185 920 4236 οἱ
950 4183 1018 4236 τά
1045 4185 1271 4239 τοιαῦτα
1303 4189 1819 4259 παρατηρήσαντες.

234 4270 450 4325 Οὑκοῦν
479 4272 509 4324 ὁ
537 4271 718 4343 πάσης
749 4275 973 4345 πικρίας
1004 4277 1097 4329 καὶ
1121 4278 1389 4348 σαρκικῆς
1412 4278 1672 4344 δυσωδίας
1699 4282 1823 4334 ἑαυ-

232 4363 326 4416 τδν
356 4363 694 4434 ἀποστήσας,
733 4366 827 4418 καὶ
853 4366 1069 4420 πάντων
1087 4368 1194 4423 τῶν
1222 4370 1493 4424 ταπεινῶν
1522 4387 1581 4423 τε
1608 4371 1701 4425 καὶ
1723 4389 1820 4442 χα-

238 4453 523 4525 μαιζήλων
552 4456 903 4529 ὑπεραρθεὶς,
942 4460 1142 4530 μᾶλλον
1171 4460 1227 4514 δὲ
1258 4460 1458 4526 παντὸς
1484 4461 1579 4515 τοῦ
1611 4463 1817 4534 κόσμου

1997 1263 2124 1319 [hec
2165 1266 2333 1336 igitur
2365 1269 2525 1327 nobis
2553 1273 2772 1342 quidem
2810 1276 2894 1330 via
2935 1287 3041 1343 est,
3076 1296 3184 1351 qua
3227 1283 3297 1337 ad
3324 1284 3502 1356 ipsius

1924 1356 2138 1412 honesti
2186 1360 2559 1418 inventionem
2615 1366 2888 1433 ducimur,
2941 1380 3000 1425 ut
3047 1382 3244 1431 caetera
3292 1379 3499 1445 omnia,

1920 1449 2121 1518 quibus
2179 1451 2462 1508 hominum
2515 1457 2812 1513 trahuntur
2867 1463 3239 1534 cupiditates,
3310 1485 3501 1540 quaeve

1920 1540 2149 1596 honesta
2187 1552 2473 1612 putantur,
2523 1562 2586 1602 ea
2636 1563 2761 1603 cum
2818 1566 2918 1621 pro
2947 1554 3119 1610 nihilo
3174 1558 3497 1629 habeamus,

1922 1630 2079 1699 quasi
2131 1632 2360 1687 humilia
2406 1634 2541 1698 sint,
2572 1637 2639 1691 ad
2684 1645 3011 1712 tempusque
3057 1655 3336 1715 maneant,
3381 1652 3502 1705 nul-

1928 1722 2034 1775 lam
2077 1722 2133 1775 in
2183 1722 2270 1778 his
2303 1738 2437 1779 sane
2474 1729 2824 1797 appetitionis
2857 1741 3061 1789 nostra:
3093 1737 3203 1792 vim
3237 1754 3336 1796 nos
3367 1757 3502 1797 con-

1920 1826 2242 1878 sumamus;
2289 1829 2467 1884 neque
2509 1824 2714 1883 tamen,
2748 1828 2830 1887 ut,
2869 1837 2993 1877 cum
3046 1826 3101 1879 in
3155 1828 3314 1886 nobis
3362 1831 3499 1903 ipsis

1921 1918 2043 1959 eam
2092 1904 2558 1973 concluserimus,
2606 1909 2866 1977 otiosam,
2909 1915 2979 1970 ab
3015 1919 3277 1990 omnique
3327 1924 3500 1993 agita-

1927 1991 2077 2047 tione
2114 2007 2346 2047 vacuam
2388 1994 2707 2062 habeamus,
2744 2003 2838 2055 sed
2868 2017 2992 2057 cum
3025 2006 3095 2060 ab
3126 2010 3274 2063 omni
3308 1991 3493 2068 rerum

1921 2083 2113 2137 vilium
2144 2084 2595 2157 abjectarumque
2626 2091 2924 2161 cupiditate
2971 2111 3071 2151 nos
3104 2098 3249 2152 illam
3290 2103 3489 2157 libera-

1921 2172 2187 2239 verimus,
2227 2189 2293 2229 eo
2328 2162 2485 2244 plane
2530 2178 2831 2237 referamus
2870 2194 3104 2254 oportet,
3140 2204 3252 2258 quo
3298 2208 3498 2249 sensus

1922 2262 2042 2331 ipse
2067 2266 2363 2332 pervenire
2398 2281 2508 2320 non
2537 2277 2737 2338 potest,
2791 2272 2865 2327 ita
2900 2282 2955 2327 ut
2997 2291 3172 2347 neque
3214 2283 3339 2337 coeli
3373 2287 3496 2353 pul-

1922 2352 2320 2420 chritudinem,
2375 2371 2554 2427 neque
2599 2359 2867 2415 luminum
2916 2363 3125 2431 radios,
3172 2352 3500 2441 nequeircs

1928 2454 2158 2501 caeteras
2188 2446 2496 2503 admiretur
2524 2465 2588 2505 ac
2615 2454 2898 2523 suspiciat,
2929 2471 3050 2526 qua:
3085 2460 3324 2530 aliquam
3358 2480 3499 2534 pra:-

1924 2535 2093 2593 beant
2155 2540 2369 2609 pulchri
2417 2545 2679 2613 speciem.
2704 2547 2774 2599 At
2814 2562 2882 2603 ex
2940 2551 3080 2620 ipsa,
3126 2569 3249 2624 qua:
3299 2558 3354 2611 in
3415 2560 3500 2613 his

1924 2627 2180 2684 omnibus
2205 2640 2505 2700 spectatur,
2531 2635 2941 2702 pulchritudine
2975 2640 3192 2698 animus
3223 2653 3412 2700 noster
3431 2648 3498 2702 ad

1923 2718 2137 2787 pulchri
2186 2720 2332 2777 illius
2389 2723 2745 2792 cupiditatem
2789 2727 3025 2783 ducatur
3058 2742 3295 2803 oportet,
3340 2737 3499 2807 cujus

1924 2810 2153 2879 gloriam
2186 2820 2241 2866 et
2270 2814 2398 2868 caeli
2449 2823 2499 2869 et
2536 2816 2939 2875 ﬁrmamentum
2974 2836 3254 2894 enarrant,
3291 2834 3521 2887 omnis-'

1924 2915 2031 2970 que
2079 2911 2333 2957 creatura
2394 2906 2765 2977 cognitionem
2823 2909 2946 2980 ejus
2998 2919 3309 2974 annuntiat.
3366 2919 3498 2974 Cum

1924 2992 2072 3048 enim
2116 2995 2334 3053 animus
2362 2997 2447 3052 sic
2490 3000 2827 3067 ascenderit,
2855 3012 2910 3058 et
2947 3008 3216 3078 quidquid
3251 3026 3497 3082 compre-

1924 3084 2158 3139 hensum
2192 3087 2287 3151 sit,
2340 3088 2489 3143 velut
2532 3090 2764 3149 inferius
2816 3111 2883 3149 eo
2914 3099 3059 3167 quod
3107 3101 3339 3171 inquirit
3372 3106 3501 3162 relic

1924 3175 2129 3241 quer-it,
2160 3185 2274 3229 tum
2312 3177 2366 3231 in
2408 3179 2557 3236 illius
2600 3183 2929 3254 maiestatis,
2961 3206 3083 3261 qua:
3119 3208 3288 3265 supra
3330 3200 3498 3256 melos

1924 3280 1983 3318 se
2005 3266 2222 3332 extulit,
2261 3271 2726 3342 contemplatione
2758 3283 3091 3339 versabitur.
3142 3284 3248 3342 Sed
3281 3305 3388 3360 qua
3424 3307 3514 3347 ra-

1924 3353 2072 3408 tione
2101 3355 2212 3417 ﬁet,
2247 3364 2307 3410 ut
2347 3359 2443 3429 qui
2476 3375 2659 3416 rerum
2704 3364 2994 3423 humilium
3048 3374 3233 3429 studio
3265 3353 3500 3449 tenetur,

1923 3460 2011 3499 res
2051 3446 2317 3507 sublimes
2372 3451 2698 3523 divinasque
2727 3466 3055 3528 assequatur
3077 3463 3101 3515 ?
3123 3480 3303 3534 quove
3339 3446 3497 3527 modo

1921 3539 2069 3592 circa
2101 3540 2301 3593 caelum
2326 3545 2638 3611 pervolaret
2661 3547 2729 3615 is,
2771 3542 2883 3619 qui'
2906 3568 3015 3607 non
3044 3556 3148 3613 alis
3179 3562 3498 3621 coelestibus

1922 3628 2198 3696 sublatus,
2234 3646 2414 3702 neque
2445 3635 2704 3692 sublimia
2744 3642 2900 3709 petit,
2943 3659 3122 3715 neque
3175 3665 3241 3704 ex
3278 3655 3500 3711 sublimi

1920 3718 2156 3788 quodam
2195 3720 2449 3780 instituto
2489 3727 2735 3785 caelestia
2774 3737 3227 3807 contemplatur?
3261 3743 3395 3810 Quis
3427 3745 3503 3801 ita

1921 3811 1989 3865 ab
2034 3810 2312 3883 Evangelii
2368 3819 2647 3888 mysteriis
2696 3836 2925 3881 aversus
2978 3837 3083 3895 est,
3119 3834 3213 3903 qui
3289 3836 3504 3905 ignoret

1922 3901 2057 3958 illud
2090 3920 2258 3959 unum
2285 3920 2411 3962 esse
2454 3908 2673 3968 itineris
2709 3915 3044 3986 vehiculum,
3078 3901 3187 3992 quo
3220 3901 3501 3983 hominum

1923 3996 2142 4052 animus
2164 3997 2231 4053 ad
2254 4000 2426 4056 caelos
2452 4002 2692 4068 vehitur,
2722 4021 2846 4061 cum
2872 4011 2998 4079 quis
3029 4015 3238 4070 scilicet
3258 4019 3501 4088 seipsum

1920 4086 2084 4142 eilicit
2127 4089 2362 4145 similem
2402 4094 2669 4150 columbae
2696 4096 3031 4166 devolantis,’
3073 4106 3235 4174 cujus
3281 4086 3501 4178 quidem

1920 4178 2038 4234 alas
2067 4179 2171 4234 sibi
2208 4180 2347 4236 ellici
2389 4198 2642 4242 summus
2666 4189 2830 4242 etiam
2861 4193 3124 4261 prephcta
3148 4195 3321 4253 David
3343 4201 3503 4256 valde

1919 4270 2202 4338 expetivit.
2254 4271 2334 4325 lta
2371 4275 2516 4329 enim
2573 4278 2813 4346 Spiritus
2852 4285 3025 4338 sancti
3077 4286 3187 4340 vim
3242 4305 3364 4347 mos
3417 4302 3504 4348 est

1920 4359 1977 4413 in
2008 4360 2211 4418 divinis
2239 4361 2462 4421 Litteris
2498 4368 2841 4427 subobscure
2878 4378 3176 4448 appellari;
3221 4381 3337 4438 sive
3369 4401 3503 4456 quo-

1919 4453 2067 4507 niam
2113 4454 2231 4509 avis
2278 4456 2395 4511 haec
2441 4456 2564 4515 felle
2604 4472 2779 4528 caret,
2832 4467 2948 4523 sive
2980 4470 3107 4539 quia
3140 4482 3226 4528 est
3276 4453 3499 4533 inimica

236 4545 484 4614 γεγονὼς
510 4547 836 4621 ὑψηλότερος
859 4551 916 4603 ὲν
939 4550 1017 4622 τῷ
1039 4554 1421 4624 προειρημένῳ
1447 4554 1652 4626 πτερῷ,
1683 4558 1817 4610 ἐκεῖ·

1923 4543 2104 4608 fetori,
2144 4554 2205 4600 ut
2244 4548 2471 4603 tradunt
2518 4551 2606 4616 hi,
2641 4555 2733 4624 qui
2769 4556 2884 4613 hac
2916 4559 3031 4630 ipsa
3077 4563 3498 4639 investigarunt.

235 4656 328 4702 νος
363 4638 586 4709 εὑρήσει
616 4639 708 4691 τὸν
745 4641 905 4710 μόνον
945 4643 1240 4712 ἐπιθυμίας
1268 4644 1437 4709 ἀξιον,
1470 4648 1564 4700 καὶ
1589 4649 1818 4718 γενήσε-

236 4746 327 4782 ται
350 4729 447 4782 καὶ
476 4729 637 4791 αὐτὸς
673 4730 855 4795 καλὸς,
886 4733 963 4804 τῷ
997 4734 1148 4805 καλῴ
1182 4736 1566 4805 προσπελάσας
1588 4755 1603 4769 ⁸
1639 4740 1732 4793 καὶ
1761 4742 1820 4794 ὲν

238 4820 393 4890 αὐτῷ
423 4820 678 4889 γεγονὼς,
703 4822 953 4894 λαμπρός
976 4842 1035 4877 τε
1074 4826 1167 4879 καὶ
1193 4828 1487 4898 φωτοειδὴς
1516 4830 1572 4882 ἐν
1593 4833 1658 4901 τῇ
1687 4849 1817 4901 μετ-

238 4911 398 4982 ουσίᾳ
427 4910 521 4965 τοῦ
548 4912 802 4984 ἀληθινοῦ
826 4915 1003 4983 φωτὸς
1027 4919 1447 4987 καταστήσεται.
1477 4919 1687 4992 Ὥσπερ
1711 4920 1819 4992 γὰρ

238 5005 299 5057 ὲν
329 5005 488 5057 νυκτὶ
515 5004 614 5067 τὰς
643 5005 847 5075 ἀθρόας
876 5007 968 5061 τοῦ
1001 5007 1159 5078 ἀέρος
1190 5009 1520 5082 ἐκλάμψεις,
1544 5012 1639 5077 οὓς
1676 5031 1820 5078 τινες

235 5094 553 5164 διᾴττοντας
587 5094 842 5149 καλοῦσιν
870 5096 1144 5168 ἀστέρας,
1191 5099 1343 5152 οὐδὲν
1388 5099 1518 5154 ἄλλο
1558 5104 1721 5169 φασιν
1768 5105 1818 5157 ol

237 5181 416 5238 ταῦτα
439 5182 929 5254 φιλοσοφήσαντες,
958 5187 992 5257 ἢ
1023 5187 1161 5259 ἀέρα
1196 5185 1333 5242 εῖναι
1370 5190 1475 5243 ὑπὸ
1506 5191 1627 5262 βίας
1654 5210 1819 5246 πνευ-

242 5274 432 5346 μάτων
470 5274 631 5328 τινῶν
666 5279 746 5341 εἰς
772 5276 863 5330 τὸν
907 5278 1146 5351 αἰθέριον
1191 5280 1354 5334 τόπον
1397 5281 1814 5353 ὑπερχεόμενον·

237 5367 457 5435 λέγουσι
486 5367 595 5437 γὰρ
623 5368 715 5422 τὸν
740 5369 995 5440 πυροειδῆ
1028 5370 1213 5424 τοῦτον
1241 5371 1417 5439 ὁλκὸν,
1452 5374 1821 5443 ὲκφλογωθὲν-

238 5474 331 5521 τος
364 5459 425 5510 ἐν
456 5457 537 5528 τῷ
569 5457 745 5528 αἰθέρι
788 5459 883 5514 τοῦ
917 5461 1225 5532 πνεύματος
1245 5505 1261 5529 ,
1308 5463 1386 5535 τῷ
1414 5464 1626 5536 οὑρανῷ
1653 5469 1818 5538 ἐγχα-

240 5546 574 5616 ράσσεσθαι·
636 5539 822 5620 ὥσπερ
869 5548 963 5604 οὖν
1014 5553 1042 5604 ὁ
1089 5554 1330 5621 ἐπίγειος
1377 5546 1533 5619 οὗτος
1576 5557 1681 5629 ἀὴρ
1728 5560 1815 5612 ἀν-

233 5637 434 5702 ωσθεὶς
450 5638 554 5691 ὑπο
570 5640 663 5711 τῆς
685 5640 804 5710 βίας
820 5641 914 5694 τοῦ
940 5642 1264 5715 πνεύματος.
1282 5646 1575 5720 φωτοειδὴς
1591 5651 1817 5718 γίνεται,

234 5728 314 5799 τῷ
344 5729 692 5802 καθαρῷ“τοῦ
725 5732 940 5805 αἰθέρος
964 5734 1423 5808 ὲναλλοιούμενοςο
1457 5739 1634 5813 ταύτῃ
1667 5760 1725 5796 τε
1753 5743 1818 5815 δὴ

236 5818 331 5874 καὶ
353 5820 381 5871 ὁ
404 5819 532 5885 νοῦς
554 5823 584 5875 ὁ
613 5822 971 5895 ἀνθρώπινος,
996 5824 1309 5882 καταλιπὼν
1331 5827 1420 5885 τὸν
1452 5829 1670 5904 θολερὸν
1692 5832 1818 5887 τοῦ-

1920 4633 1974 4690 ls
2002 4635 2169 4707 igitur
2202 4639 2298 4708 qui
2338 4642 2407 4697 ab
2443 4644 2595 4699 omni
2633 4649 2956 4717 acerbitate,
2996 4663 3051 4709 et
3096 4633 3307 4714 carnis-
3324 4660 3502 4717 fetore

1922 4728 2080 4798 longe
2109 4727 2333 4800 refugit,
2359 4732 2525 4801 quive
2553 4748 2584 4787 a
2610 4735 2776 4793 rebus
2808 4739 3112 4800 humilibus
3161 4750 3502 4820 terrenisque

1921 4823 2087 4878 altius
2130 4822 2338 4892 fertur;
2378 4826 2462 4881 vel
2500 4826 2569 4882 ab
2609 4832 2869 4889 omnibus
2903 4836 3085 4904 potius
3126 4842 3291 4897 rebus
3336 4858 3500 4897 mun-

1921 4914 2080 4969 danis
2124 4930 2186 4971 se
2232 4916 2340 4973 illis
2382 4918 2539 4988 ipsis,
2580 4938 2721 4993 quas
2753 4924 3013 4995 diximus,
3056 4931 3156 4986 alis
3210 4934 3500 4991 sublimius
3534 4932 3535 4939 “

1921 5007 2081 5072 tollit,
2116 5008 2163 5064 is
2196 5009 2445 5079 profecto
2480 5012 2741 5081 inveniet,
2774 5020 2920 5087 quod
2954 5027 3039 5075 est
3073 5023 3249 5076 solum
3290 5028 3501 5096 appeti-

1923 5097 2071 5153 tione
2118 5100 2366 5170 dignum,
2416 5116 2654 5174 cumque
2701 5107 2768 5161 ad
2810 5109 3272 5177 pulchritudinem
3322 5117 3498 5186 ipsam

1922 5201 2096 5258 prope
2149 5194 2471 5260 accesserit,
2533 5197 2763 5264 pulcher
2806 5200 2973 5254 etiam
3035 5202 3153 5272 ipse
3204 5205 3493 5273 eliieietur,

1922 5279 2358 5353 splendidusque
2390 5284 2445 5337 in
2496 5300 2581 5350 ea,
2619 5303 2684 5341 ac
2712 5288 3025 5346 luminosus
3066 5293 3243 5351 factus
3282 5297 3338 5351 in
3378 5284 3495 5355 veri

1922 5370 2151 5426 luminis
2185 5375 2450 5430 societate
2480 5380 2869 5434 constituetur.
2916 5382 2988 5437 Ut
3014 5385 3161 5439 enim
3194 5400 3354 5445 nocte
3383 5390 3497 5447 fre-

1922 5470 2154 5532 quentes
2183 5465 2309 5520 cmli
2350 5466 2527 5538 ignes,
2578 5485 2719 5539 quos
2749 5472 3015 5531 micantes
3061 5478 3248 5534 stellas
3275 5493 3497 5551 vocant,

1923 5556 2059 5611 nihil
2093 5558 2243 5614 aliud
2284 5562 2642 5617 essc.dicunt
2670 5563 2750 5627 hi,
2780 5566 2874 5634 qui
2919 5566 2974 5621 in
3011 5569 3116 5625 hoc
3156 5574 3340 5630 studio
3375 5592 3498 5631 ver-

1922 5648 2028 5702 sati
2073 5659 2224 5713 sunt,
2256 5665 2421 5719 quam
2462 5666 2643 5706 aerem
2681 5656 2777 5724 qui
2805 5656 3097 5725 spirituum
3124 5665 3494 5732 quorumdam

1921 5738 1976 5794 vi
2017 5738 2071 5793 in
2104 5738 2402 5796 aethereunt
2432 5741 2824 5815 cmlestemque
2854 5748 3006 5803 illum
3045 5753 3117 5807 sit
3146 5755 3326 5811 locum
3354 5759 3495 5813 ell‘u-

1941 5843 2038 5887 sus
2070 5849 2084 5887 :
2115 5830 2305 5889 dicunt
2351 5833 2494 5890 enim
2547 5832 2884 5894 inﬂammato
2934 5842 2991 5897 in
3025 5846 3230 5905 athere
3278 5848 3495 5918 spiritu,
