4026 6488
487 455 590 510 367

1765 451 1820 505 S.
1860 447 2194 506 οιιεοοιιῐῐ
2254 445 2550 506 NYSSENI

3699 446 3806 502 363

490 573 709 641 igneum
745 564 889 622 hunc
925 571 1161 620 tractum
1200 563 1342 620 cmlo
1380 563 1651 634 imprimi:
1689 574 1745 618 ut
1781 564 1946 633 igitur
1976 577 2070 615 aer

2196 579 2260 615 ;ον
2290 561 2384 615 καὶ
2415 560 2608 632 ἰλυώδη
2646 560 2783 631 βίον,
2826 559 3048 615 ἐπειδὰν
3075 558 3331 631 καθαρὸς
3381 556 3708 627 γενόμενος
3748 557 3807 613 ἐν

489 662 600 724 hic,
637 658 731 727 qui
761 672 978 710 omnem
1016 663 1216 711 terram
1255 656 1661 725 complectitur,
1699 655 1747 709 vi
1796 654 2067 723 spirituali

487 753 542 806 in
578 751 813 805 sublime
846 748 1060 818 pulsus,
1098 765 1221 803 Cllttl
1252 749 1584 818 aztherisque
1615 762 1750 818 puro
1777 746 2071 816 splendore

485 847 901 904 commutatus,
963 839 1270 892 luminosus
1331 838 1547 892 exsistit
1605 838 1735 891 :ita
1784 836 2068 891 hominum

488 950 669 995 meus,
705 949 829 987 cum
871 931 1241 985 turbulentam
1278 929 1419 983 hanc
1460 928 1648 992 vitam,
1697 942 1761 982 ac
1787 941 2068 982 annosam

489 1028 758 1089 deseruit,
799 1024 1060 1095 quoniam
1098 1022 1325 1092 spiritus
1352 1020 1402 1074 vi
1428 1019 1541 1090 jam
1579 1034 1717 1090 pura
1745 1017 1936 1074 cli‘eeta
1964 1026 2069 1080 est,

490 1135 617 1176 cum
657 1116 877 1172 sublimi
914 1116 1007 1168 illo
1043 1127 1282 1181 veroque
1310 1118 1364 1166 et
1407 1127 1546 1181 puro
1591 1110 1885 1181 splendore
1922 1124 2074 1164 corn-

490 1211 681 1272 mista,
725 1208 777 1261 in
811 1206 904 1260 illo
934 1203 1338 1274 quodammodo
1378 1204 1641 1273 perlucet,
1677 1202 2074 1272 radiorumque

491 1301 874 1358 coruscatinne
934 1298 1154 1367 impleta
1210 1302 1318 1362 est,
1376 1303 1543 1366 atque
1591 1312 1657 1352 ex
1692 1294 1906 1349 Domini
1949 1310 2074 1365 pro-

490 1391 662 1445 misso
716 1388 898 1441 lumen
957 1386 1368 1457 quodammodo
1423 1385 1657 1440 ellicitur
1699 1386 2076 1456 :promiserat

489 1482 636 1537 enim
679 1483 725 1535 is
758 1470 949 1549 justos'
974 1479 1123 1533 viros
1158 1477 1225 1531 ad
1266 1478 1401 1532 solis
1435 1477 1850 1533 similitudinem
1903 1476 2075 1531 reful—

490 1581 683 1643 gentes
724 1570 860 1625 fore.
894 1569 1071 1639 Atque
1106 1568 1160 1624 id
1186 1570 1367 1638 ipsum
1398 1569 1620 1639 quidem
1668 1568 1722 1621 in
1755 1568 1919 1623 terris
1950 1567 2069 1622 lieri

492 1667 765 1727 videmus,
798 1664 884 1718 vel
925 1664 980 1718 in
1011 1663 1255 1734 speculo,
1287 1662 1372 1716 vel
1417 1661 1473 1715 in
1506 1676 1673 1731 aqua,
1707 1661 1790 1716 vel
1835 1662 1888 1714 in
1922 1669 2080 1715 caete-

492 1758 572 1811 ris
599 1757 787 1816 rebus,
814 1770 937 1825 quae
971 1769 1082 1824 pra:
1105 1756 1372 1808 lemnitate
1398 1753 1682 1807 relucendi
1714 1753 1820 1807 vim
1854 1752 2076 1806 habent.

493 1848 632 1904 Cum
656 1849 801 1903 enim
840 1862 928 1902 res
958 1847 1142 1915 aliqua
1171 1844 1445 1914 ejusmodi
1471 1843 1655 1898 radios
1685 1844 1817 1899 solis
1848 1843 2074 1912 exeipit,

2170 656 2236 723 τῇ
2267 653 2496 723 δυνάμει
2541 652 2636 707 τοῦ
2677 654 2991 723 πνεύματος
3015 693 3029 717 ,
3058 651 3372 721 φωτοειδὴς
3411 650 3668 719 γένηται
3713 650 3809 702 καὶ

2171 746 2466 817 ἐμμιχθείη
2487 748 2554 817 τῇ
2583 746 2812 817 ἀληθινῇ
2840 745 2935 799 καὶ
2964 745 3143 816 ὑψηλῇ
3171 744 3563 814 καθαρότητι,
3591 741 3807 811 διαφαί-

2170 836 2320 889 νεταί
2355 853 2473 901 πως
2508 837 2601 890 καὶ
2644 837 2805 901 αὐτὸς
2841 837 2897 889 ἐν
2937 836 3157 907 ἐκείνῃ,
3191 835 3288 887 καὶ
3323 832 3592 887 ἀκτίνων
3638 831 3809 901 ἐμπῖ-

2171 928 2393 994 πλαται,
2422 928 2514 982 καὶ
2538 928 2654 998 φῶς
2684 929 2894 997 γίνεται
2914 968 2929 992 ,
2959 926 3103 980 κατὰ
3143 927 3241 997 τὴν
3262 923 3374 978 τοῦ
3405 923 3638 994 Κυρίου
3673 922 3808 975 ὑπό.

2176 1037 2379 1091 σχεσιν,
2437 1019 2496 1083 ὃς
2544 1021 2670 1083 τοὺς
2719 1019 2960 1082 δικαίους
2996 1017 3228 1089 λάμψειν
3289 1015 3432 1070 καθ’
3494 1016 3807 1084 ὁμοιότητα

2172 1112 2267 1165 τοῦ
2328 1111 2482 1182 ἡλίου
2549 1111 3045 1182 κατεπηγγείλατο.
3107 1108 3281 1162 Τοῦτο
3358 1105 3470 1159 καὶ
3551 1104 3653 1157 ἐπὶ
3706 1103 3805 1174 τῆς

2173 1204 2276 1274 γῆς
2313 1202 2530 1274 ὁρῶμεν
2565 1204 2846 1274 γινόμενον
2887 1203 2981 1255 ἐπὶ
3009 1200 3350 1271 κατόπτρου,
3399 1197 3438 1269 ἦ
3478 1196 3722 1259 ὓδατοςν
3768 1194 3803 1264 ἧ

2175 1296 2336 1351 ἄλλου
2382 1296 2527 1359 τινὸς
2576 1296 2685 1349 τῶν
2724 1295 3070 1349 ἀποστίλϐειν
3100 1294 3188 1347 διὰ
3232 1292 3523 1360 λειότητα
3565 1288 3805 1359 δυναμέα-

2176 1405 2302 1441 νων.
2359 1387 2533 1442 Ὅταν
2580 1388 2690 1459 γάρ
2722 1404 2776 1440 τι
2823 1388 3029 1439 τούτων
3077 1385 3297 1456 δέξηται
3347 1381 3458 1454 τὴν
3497 1381 3602 1434 τοῦ
3649 1381 3803 1449 ἡλίου

2176 1482 2403 1547 ἀκτῖνα,
2459 1481 2553 1533 καὶ
2599 1480 2764 1551 ἀλλην
2814 1480 2908 1548 ἀφ’
2956 1476 3164 1531 ἑαυτῶν
3202 1477 3411 1528 ἀκτῖνα
3488 1473 3676 1526 ποιεῖ·
3706 1471 3804 1523 οὐκ

2178 1572 2245 1627 ἂν
2278 1572 2621 1640 ποιήσαντα,
2677 1573 2727 1623 εἰ
2773 1570 2930 1641 ῥύπῳ
2977 1568 3088 1621 τινὶ
3141 1567 3206 1619 τὸ
3266 1565 3535 1636 καθαρόν
3587 1580 3651 1616 τε
3708 1565 3802 1616 καὶ

2179 1663 2431 1717 στιλπνὸν
2460 1663 2564 1732 τῆς
2590 1661 2912 1733 ἐπιφανείας
2942 1658 3293 1732 ἀχρειωθείη.
3336 1656 3478 1713 Εἴτε
3508 1652 3607 1709 οὖν
3641 1657 3802 1726 ⁴ἡμεῖς

2179 1757 2291 1812 ἀνω
2340 1756 2651 1826 γενοίμεθα,
2693 1753 3081 1817 καταλιπόντες
3124 1751 3186 1805 τὸ
3232 1749 3539 1823 περίγειον
3582 1747 3799 1813 σκότος,

2182 1850 2298 1902 ἐκεῖ
2335 1846 2643 1917 φωτοειδεῖς
2686 1844 3029 1915 γενησόμεθα
3052 1882 3067 1907 ,
3118 1842 3196 1914 τῷ
3229 1839 3492 1912 ἀληθινῷ
3530 1839 3676 1909 φωτὶ
3706 1834 3799 1890 τοῦ

493 1939 636 1995 alios
668 1954 863 1993 rursus
891 1937 944 1993 in
981 1952 1042 1993 se
1070 1934 1258 1991 radios
1298 1935 1417 2004 ipsa
1457 1934 1622 1989 ellicit
1656 1953 1668 1988 :
1700 1935 1844 2005 quod
1889 1936 2079 2004 utique

2196 1941 2418 2010 Κριστοῧ
2462 1939 2900 2009 ἐμπελάσαντες’
2931 1937 3040 1990 εἴτε
3070 1935 3134 1989 τὸ
3172 1934 3289 2006 φῶς
3318 1934 3389 1987 τὸ
3441 1930 3709 2003 ἀληθινὸν
3737 1930 3799 1983 τὸ

494 2046 605 2086 non
654 2031 855 2083 factum
899 2035 1070 2091 esset,
1113 2027 1158 2082 si
1195 2041 1330 2096 pura
1376 2026 1524 2083 illius
1564 2028 1640 2082 rei
1685 2028 2081 2097 splendidaque

494 2121 817 2192 Supcriicies
857 2118 1114 2175 sordibus
1158 2117 1491 2189 quibusdam
1546 2129 1694 2175 esset
1734 2120 1949 2176 inutilis
1995 2121 2078 2176 l‘a-

494 2223 602 2272 cta.
639 2211 781 2283 Ergo
808 2226 909 2267 nos
936 2211 1052 2265 sive
1086 2210 1325 2265 terrenis
1360 2209 1572 2266 relictis
1613 2194 1698 2267 his
1729 2213 1976 2268 tenebris
2023 2215 2077 2268 in

495 2304 716 2360 sublimi
768 2317 1073 2363 versemur,
1121 2301 1195 2354 ibi
1239 2300 1354 2371 jam
1398 2300 1562 2356 lucidi
1606 2301 1902 2357 ellieiemur
1934 2321 2075 2359 verae

496 2394 703 2451 Christi
770 2394 875 2448 luci
928 2391 1463 2461 appropinquantes;
1513 2408 1607 2447 seu
1658 2393 1749 2446 lux
1791 2394 1881 2448 illa
1929 2410 2079 2463 vcra,

2177 2032 2271 2087 καὶ
2299 2034 2357 2085 ἐν
2385 2033 2450 2103 τῇ
2483 2031 2675 2103 σκοτία
2706 2030 2923 2100 λάμπον
2948 2031 3042 2084 καὶ
3069 2028 3264 2100 μέχρις
3286 2026 3463 2098 ἡμῶν
3493 2023 3795 2095 καταϐαίη,
3848 2025 3855 2033 ’

2176 2125 2270 2178 καὶ
2305 2126 2467 2196 ἡμεῖς
2500 2123 2617 2191 φῶς
2636 2122 2905 2193 ἐσόμεθα,
2937 2121 3119 2184 καθώς
3150 2120 3284 2190 φησί
3319 2136 3433 2172 που
3465 2118 3584 2180 τοῖς
3617 2115 3791 2187 μαθη-

2177 2218 2298 2277 ταῖς
2327 2216 2356 2267 ό
2391 2213 2628 2285 Κύριος⁹
2676 2214 2740 2267 Et
2780 2214 2856 2284 μή
2901 2229 2986 2276 τις
3017 2210 3214 2275 κακίας
3245 2209 3433 2283 ῥύπος
3479 2211 3550 2279 τῇ
3598 2204 3792 2278 καρδίᾳ

2179 2305 2705 2376 προσπεπλασμένος
2766 2305 2866 2377 τὴν
2918 2305 3078 2375 χάριν
3128 2302 3221 2356 τοῦ
3271 2301 3563 2373 ἡμετέρου
3617 2296 3789 2368 φωτὸς

2187 2396 2556 2468 ἁμαυρώσειε.

499 2504 618 2561 quas
646 2488 729 2541 vel
759 2487 813 2540 in
844 2485 1087 2541 tenebris
1132 2483 1297 2547 lueet,
1328 2486 1392 2537 ad
1431 2500 1532 2539 nos
1571 2482 1887 2546 descendat.
1924 2489 2086 2541 etiam
2128 2504 2225 2543 nos
2255 2488 2343 2542 lux
2374 2488 2601 2552 erimus,
2637 2494 2698 2542 ut
2728 2486 2992 2540 Dominus
3050 2484 3288 2556 quodam
3334 2485 3469 2538 loco
3506 2478 3789 2550 discipulis

500 2582 576 2636 ait
616 2581 694 2634 ηε
723 2575 838 2634 Nisi
884 2575 1211 2648 quibusdam
1260 2577 1479 2633 malitiae
1530 2576 1968 2647 impuritatisque
2004 2581 2258 2635 sordibus
2296 2580 2522 2650 propius
2576 2579 2729 2635 cordi
2775 2576 3031 2642 admotis,
3084 2576 3309 2632 luminis
3357 2577 3544 2631 nostri
3589 2578 3788 2629 obscu-

501 2672 709 2733 rabitur
730 2670 925 2742 gratia.

568 2765 751 2832 Atque
805 2759 1042 2815 fortasse
1100 2758 1323 2829 quidem
1364 2756 1483 2812 haec
1534 2774 1657 2829 quae
1714 2762 1769 2814 in
1823 2763 2090 2834 exemplis

501 2853 759 2913 consistit
789 2851 971 2905 oratio
989 2850 1196 2903 sensim
1231 2864 1296 2903 co
1331 2865 1430 2904 nos
1464 2848 1713 2914 adduxit,
1743 2860 1802 2904 ιιι
1835 2863 2092 2922 putemus

504 2962 606 3005 nos
638 2945 693 2999 in
735 2942 789 2996 id
835 2949 1235 2997 commutatum
1285 2940 1371 3005 iri,
1414 2940 1561 3010 quod
1601 2944 1800 2999 melius
1829 2955 1915 2999 est
1946 2964 1961 3000 :
1995 2943 2093 3003 de-

506 3043 996 3102 monstratutnquc
1032 3040 1139 3098 est,
1174 3046 1285 3085 non
1318 3031 1480 3086 aliter
1512 3031 1630 3088 ﬁeri
1666 3050 1847 3104 posse,
1876 3042 1937 3089 ut
1973 3036 2097 3095 ani:

508 3142 632 3183 Inus
663 3142 787 3181 cum
816 3122 1107 3177 immortali
1142 3122 1574 3193 incorruptoque
1605 3122 1715 3178 Deo
1735 3125 1967 3195 junctus
1997 3127 2090 3188 sit,

510 3216 617 3273 nisi
648 3216 783 3287 ipse,
832 3223 1101 3284 quantum
1136 3213 1252 3269 ﬁeri
1287 3220 1491 3283 potest,
1528 3215 1886 3284 integritatis,
1934 3217 2097 3272 casti-

511 3308 752 3378 tatisque
787 3304 1042 3377 prtesidio
1073 3319 1273 3375 purus,
1307 3311 1474 3374 atque
1503 3306 1861 3376 incorruptus
1897 3310 2008 3372 liat,
2040 3319 2100 3363 ut

512 3400 618 3456 hac
647 3396 1012 3454 similitudine
1041 3396 1116 3462 id,
1147 3396 1295 3467 quod
1341 3396 1523 3453 simile
1554 3396 1662 3463 est,
1693 3400 2099 3470 apprehendat;

511 3499 774 3562 tanquam
816 3489 1005 3561 aliquo
1059 3488 1284 3559 speculo
1335 3488 1584 3544 adhibito
1624 3489 1717 3545 Dei
1762 3492 1988 3563 puritati
2040 3510 2101 3552 se

512 3584 632 3655 ipse
671 3581 1006 3651 subjicieus,
1040 3595 1165 3652 quae
1216 3580 1643 3652 pulchritudinis
1690 3584 1868 3654 ipsius
1914 3600 2101 3642 exem-

513 3675 654 3748 plari
710 3674 813 3732 sibi
864 3676 1269 3738 demonstrato,
1326 3675 1392 3730 ad
1454 3676 1602 3732 illius
1657 3677 2099 3745 similitudinem,

514 3768 750 3824 formam
790 3781 948 3823 suam
984 3768 1279 3837 exprimat.
1325 3766 1420 3821 Sin
1458 3780 1642 3825 autem
1670 3771 1944 3841 quispiam
1977 3773 2103 3829 talis

513 3867 620 3925 est.
657 3860 750 3930 qui
803 3860 1019 3914 noverit
1053 3859 1168 3914 haec
1220 3859 1460 3915 humana
1503 3860 1784 3928 deserere,
1838 3872 1932 3919 aut
1975 3882 2104 3921 cor-

512 3968 674 4024 pora,
721 3959 819 4007 aut
864 3952 1151 4025 pecunias,
1207 3962 1302 4008 aut
1354 3954 1742 4021 scientiarum,
1791 3960 2105 4044 artiumque

514 4044 723 4111 studia,
773 4053 867 4098 aut
900 4059 1242 4115 quascunque
1290 4044 1540 4101 moribus
1584 4048 1911 4121 legibusque
1960 4068 2103 4123 pra:—

515 4136 667 4192 clara
725 4145 1014 4207 putantur,
1072 4134 1334 4207 quoniam
1394 4136 1449 4191 in
1501 4137 1590 4193 his
1632 4140 1819 4205 rebus,
1868 4158 2102 4213 quarum

516 4244 715 4287 sensus
751 4228 916 4300 iudex
963 4237 1067 4295 est,
1100 4229 1169 4286 de
1209 4230 1446 4287 honesto
1478 4233 1757 4303 opinionis
1798 4251 1956 4290 error
1982 4253 2105 4291 ver-

516 4330 713 4390 satur;
747 4323 836 4376 hic
869 4322 1117 4392 profecto
1164 4332 1218 4380 et
1249 4339 1460 4390 amore,
1503 4335 1557 4380 et
1594 4329 1895 4398 cupiditate
1934 4328 2000 4383 ad
2050 4330 2108 4385 il-

520 4414 617 4469 iud
647 4414 825 4483 ipsum
858 4415 1035 4469 solum
1077 4415 1392 4481 honestum,
1427 4418 1788 4489 pulchrumve
1834 4421 2104 4490 trahetur,

2255 2764 2410 2836 Τάχα
2436 2764 2619 2818 τοίνυν
2657 2764 2808 2834 ἡμᾶς
2841 2761 3026 2834 ἠρέμα
3065 2759 3154 2814 διὰ
3201 2758 3313 2813 τῶν
3369 2757 3789 2828 ὑποδειγμάτων

2187 2859 2216 2910 ό
2252 2856 2412 2926 λόγος
2445 2857 2765 2929 προσήγαγε
2803 2856 2871 2925 τῇ
2903 2852 3117 2925 ἐπινοίᾳ
3142 2852 3240 2923 τῆς
3271 2851 3418 2924 πρὸς
3453 2850 3517 2903 τὺ
3551 2852 3789 2921 κρεῖττον

2187 2951 2344 3023 ἡμῶν
2384 2949 2758 3012 ἀλλοιώσεως·
2788 2948 2884 3000 καὶ
2939 2943 3157 3019 ἐδείχθη
3208 2943 3285 3015 μὴ
3319 2942 3555 2997 δυνατὸν
3597 2940 3786 3011 ἑτέρως

2187 3038 2328 3096 εἶναι
2364 3041 2704 3112 ωναφθῆναι
2746 3038 2847 3110 τὴν
2885 3037 3067 3108 ψυχὴν
3107 3035 3185 3108 τῷ
3219 3035 3499 3105 ἀφθάρτῳ
3528 3032 3677 3103 Θεῷ,
3716 3030 3785 3101 μὴ

2197 3134 2294 3188 καὶ
2339 3132 2512 3203 αὐτὴν
2554 3132 2631 3195 ὡς
2671 3126 2785 3185 οἷόν
2820 3147 2881 3184 τε
2920 3129 3167 3200 καθαρὰν
3218 3128 3532 3199 γενομένην
3579 3124 3668 3178 διὰ
3697 3122 3786 3192 τῆς

2154 3223 2169 3245 ¹
2201 3225 2531 3298 ἀφθαρσίας·
2557 3224 2633 3287 ὡς
2655 3223 2720 3277 ἂν
2743 3224 2831 3276 διὰ
2855 3223 2949 3275 τοῦ
2968 3222 3154 3294 ὁμοίου
3197 3221 3493 3295 καταλάᾶῃ
3511 3220 3574 3273 τὸ
3594 3220 3782 3288 ὅμοιον,

2200 3320 2364 3372 οἱονεὶ
2390 3318 2693 3386 κάτοπτρον
2715 3319 2780 3388 τῇ
2812 3316 3143 3388 καθαρότητι
3164 3315 3259 3369 τοῦ
3285 3315 3424 3369 Θεοῦ
3454 3312 3653 3383 ἑαυτὴν
3672 3311 3782 3366 ὕπο-

2203 3409 2411 3464 θεῖσανο
2445 3408 2586 3463 ὥστε
2627 3408 2769 3463 κατά
2798 3407 3031 3480 μετοχὴν
3061 3408 3155 3461 καὶ
3180 3406 3491 3478 ἐμφάνειαν
3531 3405 3626 3459 τοῦ
3650 3417 3781 3473 πρω-

2202 3503 2439 3557 τοτΰπου
2472 3501 2702 3564 κάλλους
2733 3501 2826 3554 καὶ
2864 3500 2924 3553 τὸ
2952 3501 3009 3553 ἐν
3048 3499 3185 3570 αὐτῇ
3226 3498 3604 3572 μορφωθῆναι.
3634 3496 3695 3550 El
3730 3488 3780 3547 δέ

2202 3611 2288 3657 τις
2309 3592 2554 3657 τοιοῦτός
2587 3595 2761 3655 ἐστιν,
2782 3586 2894 3654 οἷος
2922 3591 3021 3662 ήδη
3055 3590 3232 3643 πάντα
3260 3589 3584 3644 καταλιπεῖν
3611 3586 3675 3639 τὰ
3695 3584 3780 3638 ἁν-

2204 3682 2488 3755 θρώπινα,
2537 3682 2648 3735 εἴτε
2681 3680 2941 3752 σώματα,
2978 3679 3090 3733 εἴτε
3128 3679 3393 3750 χρήματα
3417 3720 3434 3746 ,
3470 3678 3581 3730 εἴτε
3628 3674 3688 3728 τὰ
3728 3672 3780 3725 ἐν

2203 3775 2536 3846 ἐπιστήμαις
2565 3772 2599 3844 ἢ
2646 3772 2861 3844 τέχναις
2893 3769 3305 3842 ἐπιτηδεύματα
3330 3811 3345 3835 ,
3380 3771 3415 3843 ἢ
3461 3770 3556 3823 καὶ
3591 3769 3688 3821 ὅσα
3729 3764 3780 3817 ἐν

2205 3865 2352 3919 ἔθεσι
2382 3865 2475 3919 καὶ
2514 3864 2700 3936 νόμοις
2738 3862 2887 3930 δεξιά
2931 3864 3217 3936 θεωρεῖται
3264 3864 3420 3938 (περὶ
3464 3862 3531 3917 τά
3573 3855 3777 3914 τοιαῦτα

2206 3962 2375 4033 γὰρή
2414 3960 2593 4032 πλάνη
2638 3960 2734 4031 τῆς
2761 3960 2855 4014 τοῦ
2891 3960 3059 4015 καλοῦ
3100 3961 3514 4032 κατανοήσεως,
3556 3959 3614 4009 ἐν
3646 3949 3776 4019 οἷςή

2207 4053 2461 4124 αἴσθησις
2492 4052 2775 4125 κριτήριον
2816 4053 3072 4126 γίνεται),
3107 4055 3135 4107 ό
3168 4052 3412 4116 τοιοῦτος
3440 4050 3577 4122 πρὸς
3616 4046 3777 4099 ἐκεῖνο

2211 4146 2371 4217 μόνον
2399 4144 2678 4217 ἐρωτικῶς
2703 4161 2762 4198 τε
2788 4145 2882 4198 καὶ
2905 4144 3322 4217 ἐπιθυμητικῶς
3353 4145 3489 4210 ἔξει,
3518 4142 3547 4195 ὅ
3568 4141 3661 4210 οὐχ
3680 4132 3776 4189 ἐτέ-

2211 4238 2384 4312 ρωθεν
2416 4236 2529 4309 ἔχει
2550 4237 2610 4291 τὸ
2631 4237 2793 4291 καλόν
2816 4232 2977 4302 εἶναι,
3008 4237 3130 4291 οὐδὲ
3164 4237 3311 4299 ποτὲ,
3339 4238 3372 4307 ἢ
3400 4237 3536 4309 πρός
3557 4250 3606 4285 τι
3627 4224 3773 4285 τοιοῦ-

2208 4327 2300 4380 τόν
2331 4327 2478 4379 ἐστιν
2499 4343 2511 4355 ·
2548 4325 2684 4379 ἀλλὰ
2723 4325 2782 4391 ἐξ
2808 4326 3001 4381 ἑαυτοῦ
3031 4327 3124 4379 καὶ
3156 4327 3222 4379 δι’
3253 4327 3449 4380 ἑαυτοῦ
3487 4323 3664 4385 καλὴν,
3692 4316 3774 4372 καὶ

2209 4419 2268 4472 ἐν
2309 4418 2489 4489 ἐαυτῷ
2533 4416 2775 4471 τοιοῦτον
2823 4417 2985 4471 καλὸν
3033 4417 3114 4482 ὃν,
3153 4419 3246 4471 καὶ
3292 4419 3415 4472 οὐδὲ
3462 4414 3591 4469 ποτέ
3628 4407 3771 4464 καλὸν

519 4506 667 4576 quod
731 4522 841 4575 non
901 4509 1123 4563 aliunde
1174 4508 1446 4565 exsistere
1506 4520 1706 4582 potest,
1772 4530 1952 4586 neque
2011 4515 2092 4570 ali-

2209 4511 2517 4580 γενόμενον,
2550 4510 2584 4580 ἢ
2609 4509 2737 4562 ποτέ
2764 4509 2863 4563 οὐκ
2889 4509 3166 4580 ἐσόμενον,
3198 4510 3335 4563 ἀλλὰ
3361 4509 3588 4564 πάντοτε
3616 4499 3770 4556 ὡσαύ-

508 4598 764 4669 quando,
794 4613 973 4668 neque
1020 4599 1089 4653 ad
1138 4601 1346 4672 aliquid
1390 4602 1662 4673 ejusmodi
1699 4606 1960 4671 refertur,
2007 4607 2101 4662 sed

520 4688 670 4762 quod
703 4705 766 4744 ex
812 4704 896 4750 se,
933 4699 984 4745 et
1017 4705 1112 4760 per
1143 4707 1224 4758 se,
1257 4700 1313 4748 et
1344 4695 1399 4748 in
1440 4709 1503 4751 se
1532 4697 1823 4752 honestum
1851 4708 1956 4764 est,
1999 4700 2102 4756 hoc

521 4797 657 4840 sane
699 4791 785 4838 est
821 4797 1037 4852 semper
1085 4781 1399 4852 honestum,
1445 4802 1623 4858 neque
1657 4790 1950 4859 aliquando
1995 4808 2103 4848 non

522 4873 650 4936 fuit,
680 4882 774 4927 aut
807 4872 1106 4943 aliquando
1154 4891 1265 4930 non
1299 4876 1565 4943 futurum,
1620 4881 1714 4936 sed
1749 4893 2011 4953 perpetuo
2047 4901 2107 4941 se

522 4981 637 5020 uno
667 4964 975 5032 eodemque
1008 4964 1390 5047 modo‘habet,
1423 4983 1604 5037 neque
1638 4972 1865 5026 omnino
1897 4976 2106 5042 augeri,

522 5063 702 5119 neque
742 5048 1092 5118 atuplilicari,
1125 5065 1301 5119 neque
1332 5051 1444 5105 ulla
1478 5054 1877 5123 permutatione
1908 5059 2105 5112 mutari

524 5145 725 5211 potest.
765 5138 927 5210 Atqui
961 5148 1193 5196 cuurtas
1215 5142 1382 5196 anin'ii
1417 5143 1502 5198 sui
1538 5153 1838 5213 potestates
1863 5150 2108 5203 omnium

524 5230 781 5284 vitiorum
826 5231 1086 5286 sordibus
1127 5232 1222 5302 qui
1257 5234 1603 5301 absterserit,
1640 5237 1771 5292 illud
1819 5241 1996 5297 ausim
2026 5241 2111 5298 di-

523 5337 671 5414 cere,
697 5321 1157 5395 alitrmarcmque,
1191 5325 1544 5396 perspicuum
1576 5329 1625 5383 ei
1658 5330 1886 5385 omnino
1905 5347 2027 5388 esse
2059 5331 2111 5387 id

527 5411 674 5478 quod
704 5421 897 5467 natura
937 5424 1022 5469 est
1057 5415 1238 5475 solum
1276 5417 1589 5484 honestum,
1643 5435 1674 5474 a
1703 5435 1816 5490 quo
1852 5437 1977 5477 cum
2012 5422 2114 5478 ho-

530 5499 670 5555 nesti
718 5503 916 5569 omnis,
977 5512 1093 5559 tum
1146 5507 1274 5563 boni
1328 5509 1685 5580 principium,
1743 5519 1908 5581 atque
1945 5527 2113 5568 causa

529 5586 878 5684 essistitzut
926 5595 1077 5664 enim
1126 5598 1344 5664 oculus,
1380 5601 1475 5669 qui
1521 5600 1874 5671 lippitudinis
1920 5605 2115 5660 morbo

527 5670 792 5733 liberatus
819 5695 923 5752 est,
956 5695 1149 5755 aperte
1176 5705 1239 5751 ea
1287 5693 1487 5760 cernit,
1519 5670 1642 5764 qua:
1676 5693 1736 5749 in
1776 5696 1922 5752 cmlo
1945 5712 2117 5768 appa-

594 5867 640 5902 ⁸⁵
657 5865 843 5940 Matth.
874 5907 921 5963 γ,
967 5885 1067 5945 μ.

2211 4617 2320 4664 τως
2345 4600 2488 4671 ἔχον,
2518 4598 2835 4670 προσθήκης
2863 4617 2920 4652 τε
2950 4601 3044 4653 καὶ
3077 4598 3357 4671 αὐξήσεως
3387 4597 3660 4670 ὑπεράνω,
3689 4588 3770 4644 καὶ

2212 4691 2562 4746 ἀνεπίδεκτον
2601 4694 2783 4762 πάσης
2814 4692 3025 4763 τροπῆς
3058 4708 3118 4745 τε
3164 4694 3258 4746 καὶ
3297 4690 3647 4752 ἀλλοιώσεως.
3694 4679 3772 4750 Τῷ

2211 4785 2389 4839 τοίνυν
2412 4785 2595 4849 πάσας
2621 4784 2813 4838 ἑαυτοῦ
2839 4783 2936 4847 τὰς
2960 4784 3060 4855 τῆς
3087 4784 3267 4856 ψυχῆς
3297 4785 3555 4855 δυνάμεις
3576 4781 3635 4831 ἐκ
3656 4788 3768 4828 παν·

2213 4877 2304 4941 τὸς
2330 4878 2504 4941 εἴδους
2524 4876 2723 4940 κακίας
2743 4873 3177 4945 ἀποκαθάραντι,
3197 4876 3380 4947 τολμῶ
3408 4875 3499 4929 καὶ
3523 4872 3673 4940 λέγω,
3696 4866 3765 4918 ὅτι

2217 4970 2460 5039 ἐμφανὲς
2489 4971 2698 5038 γίνεται
2727 4967 2788 5021 τὺ
2818 4967 2975 5037 μόνον
3003 4970 3070 5039 τῇ
3101 4967 3260 5036 φύσει
3294 4969 3475 5032 καλὸν,
3511 4966 3638 5034 ὅπερ
3665 4955 3764 5011 ἐστὶ

2217 5061 2278 5114 τὸ
2313 5062 2514 5122 παντὸς
2540 5058 2711 5112 καλοῦ
2737 5075 2796 5111 τε
2828 5061 2921 5112 καὶ
2947 5059 3152 5125 ἀγαθοῦ
3178 5059 3370 5114 αἴτιον.
3396 5056 3650 5123 Καθάπερ
3673 5047 3766 5117 γὰρ

2217 5151 2480 5222 ὀφθαλμῷ
2498 5153 2597 5225 τὴν
2628 5153 2809 5225 λήμην
2843 5154 3250 5226 ἁπορυψαμένῳ
3290 5153 3361 5207 τὰ
3398 5155 3457 5206 ἐν
3478 5148 3550 5221 τῷ
3579 5138 3763 5215 οὐρανῷ

2218 5242 2507 5314 τηλαυγῶς
2551 5242 2886 5315 καθορᾶταιο
2935 5244 3105 5307 οὕτως
3152 5244 3245 5297 καὶ
3286 5245 3353 5314 τῇ
3395 5241 3533 5313 ψυχῇ
3565 5233 3646 5291 διὰ
3682 5228 3763 5299 ’τῆς

2221 5332 2531 5405 ἀφθαρσίας
2572 5334 2949 5407 παραγίνεται·
2984 5335 3018 5404 ἡ
3069 5332 3297 5405 δύναμις
3341 5333 3441 5403 τῆς
3484 5327 3570 5382 τοῦ
3612 5316 3761 5407 φωτὸς

2221 5425 2430 5480 ἐκείνου
2457 5406 2839 5499 κατανοήσεως
2858 5469 2874 5491 ,
2912 5429 3007 5481 καὶ
3033 5428 3067 5498 ἡ
3097 5427 3328 5501 ἀληθινὴ
3373 5419 3658 5496 πάρθενίω
3682 5406 3761 5465 καὶ

2221 5521 2256 5590 ἡ
2289 5520 2418 5591 περὶ
2447 5520 2545 5592 τὴν
2585 5520 2896 5592 ἀφθαρσίαν
2930 5521 3131 5593 σπουδὴ
3160 5523 3240 5585 εἰς
3271 5521 3456 5574 τοῦτον
3483 5517 3566 5572 τὸν
3589 5501 3762 5564 σκοπὸν

2223 5612 2559 5684 καταλήγει,
2593 5612 2654 5665 τὸ
2693 5613 2761 5666 δι’
2809 5612 2977 5683 αὐτῆς
3014 5612 3307 5685 δυνηθῆναι
3347 5613 3435 5667 τὸν
3476 5605 3597 5662 Θεὸν
3633 5595 3758 5652 ἰδεῖν.

2226 5700 2349 5756 Ὅτι
2375 5701 2482 5775 γὰρ
2504 5704 2564 5758 τὸ
2598 5703 2803 5777 κυρίως
2832 5703 2927 5757 καὶ
2957 5703 3189 5777 πρώτως
3220 5706 3314 5760 καὶ
3348 5704 3515 5778 μόνως
3544 5689 3687 5750 καλὸν
3711 5696 3759 5736 τε
