4026 6450
343 334 446 393 369

1732 345 1819 401 DE
1859 345 2325 405 VIRGINITATE.

3520 352 3627 411 370

344 453 439 506 καὶ
464 454 672 523 ἀγαθὸν
703 457 799 511 καὶ
824 459 1060 532 καθαρὸν
1086 464 1114 516 ὁ
1137 462 1243 516 τῶν
1269 462 1406 518 ὅλων
1436 465 1551 518 ἐστὶ
1575 464 1730 530 Θεὸς,
1758 466 1933 530 οὐδεὶς

2042 476 2165 523 rent
2196 486 2210 524 :
2244 468 2327 525 sic
2358 468 2544 524 animo
2585 483 2652 526 ex
2689 481 2827 539 pura
2882 468 3214 541 integritate,
3263 466 3625 540 castitateque

342 542 488 596 οὓτω
515 546 715 613 τυφλὸς
740 549 841 619 τὴν
863 549 1119 617 διάνοιαν,
1141 553 1217 616 ὡς
1245 553 1320 625 μὴ
1342 554 1436 623 ἀφ’
1463 555 1654 608 ἑαυτοῦ
1681 556 1932 613 συνιδεῖν.

356 634 522 687 Ἀλλά
562 635 722 690 τοῦτο
768 640 867 708 μὲν
914 640 1044 705 ἴσως
1091 643 1264 707 οὐδεὶς
1308 646 1522 715 ἀγνοεῖ·
1559 645 1838 718 ἐπιζητεῖν
1875 647 1936 702 δὲ

344 726 494 788 εἰκός
526 744 699 791 τινας,
731 732 781 783 εί
822 732 1046 786 δυνατόν
1075 737 1223 789 ἐστιν
1260 732 1369 789 οἷόν
1411 755 1533 791 τινα
1580 739 1801 810 μέθοδον
1841 741 1935 795 καὶ

343 817 569 887 ἀγωγὴν
599 819 700 891 τὴν
746 823 882 892 πρὸς
912 824 1071 878 τοῦτο
1111 828 1559 899 χειραγωγοῦσαν
1591 833 1741 902 ἡμᾶς
1778 833 1931 897 ἐξευ-

343 911 482 979 ρεῖν.
524 912 734 966 Msa-ni.
771 915 870 985 μὲν
912 914 1003 971 οὖν
1038 920 1094 971 αἱ
1136 920 1276 973 θεῖαι
1315 922 1495 975 Βίϐλοι
1538 923 1641 993 τῆς
1674 925 1932 997 τοιαύτης

340 1002 482 1055 εἰσὶν
509 1004 852 1076 ὑφηγήσεως·
882 1009 1064 1064 πολλοὶ
1087 1011 1144 1064 δὲ
1174 1012 1284 1066 τῶν
1327 1014 1499 1083 ἁγίων
1529 1016 1778 1089 καθάπερ
1801 1018 1926 1073 τινά

341 1093 537 1164 λύχνον
567 1097 657 1150 τὸ)
683 1100 891 1153 ἑαυτῶν
921 1101 1034 1172 βίον
1054 1108 1167 1168 τοῖς
1200 1106 1344 1159 κατά
1370 1108 1502 1161 Θεὸν
1542 1112 1933 1182 πορευομένοις

339 1187 752 1255 προφαίνουσιν.
815 1194 974 1248 ’Λλλά
1016 1197 1117 1260 τὰς
1157 1198 1259 1267 μὲν
1313 1201 1377 1253 ἐκ
1423 1201 1521 1271 τῆς
1569 1200 1931 1257 θεοπνεύστου

340 1279 381 1330 Γ
382 1280 568 1351 ραφῆς
593 1285 673 1346 είς
692 1284 784 1337 τὸν
814 1288 1172 1358 προκείμενον
1196 1292 1394 1346 σκοπὸν
1418 1292 1698 1364 ὑποθήκας
1720 1294 1930 1359 ἔξεστιν

338 1370 559 1442 ἑκάστῳ
596 1373 863 1440 πλουσίως
895 1377 955 1442 ἐξ
989 1380 1314 1451 ἀμφοτέρων
1350 1381 1459 1435 τῶν
1494 1383 1781 1455 Διαθηκῶν
1806 1386 1929 1439 ἀνα-

337 1459 619 1524 λέξασθαι·
658 1465 828 1519 πολλὰ
867 1469 963 1537 μὲν
1004 1470 1113 1541 γὰρ
1152 1471 1211 1525 ἐν
1240 1474 1551 1544 προφήταις
1593 1475 1689 1529 καὶ
1737 1476 1889 1546 νόμῳ
1912 1517 1928 1544 ,

337 1556 514 1609 πολλά
541 1556 600 1611 δὲ
636 1560 696 1612 ἐν
735 1560 1117 1629 εύαγγελικαίς
1157 1581 1216 1617 τε
1260 1565 1354 1617 καὶ
1393 1565 1779 1632 ἀποπολικαῖς
1822 1585 1929 1622 πα-

338 1649 596 1719 ραδόσεσι
625 1653 890 1721 πάρεστιν
927 1655 1175 1724 ἀφθόνως
1209 1657 1413 1714 λαϐεῖν.
1450 1642 1590 1714 Ὄσά
1632 1661 1678 1714 δ’
1724 1662 1792 1717 ἂν
1834 1664 1931 1717 καὶ

333 1745 500 1814 ἡμεῖς
532 1745 959 1818 ύπονοήσαιμεν,
995 1752 1114 1813 ταῖς
1138 1749 1312 1815 θείαις
1346 1752 1768 1820 ἀκολουθοῦντες
1816 1774 1929 1826 φω-

332 1838 475 1900 ναῖς,
504 1836 660 1891 ταῦτ’
691 1839 858 1895 ἐστίν.

333 1931 567 1999 copiose
647 1932 784 1988 satis
833 1934 1096 1997 colligere
1153 1937 1316 2002 licet;

2037 556 2274 614 facultas
2308 557 2523 615 accedit
2575 560 2719 615 lucis
2755 560 2903 616 illius
2946 561 3402 633 contemplandas.
3442 564 3624 632 Atque

2036 663 2167 703 vera
2229 648 2453 718 quidem
2513 648 2798 719 virginitas
2848 648 3292 719 inser-ruptaeque
3346 649 3623 705 castitatis

2038 740 2283 795 studium
2310 755 2376 796 eo
2410 756 2544 797 sane
2573 741 2833 806 refertur,
2855 749 2913 794 ut
2945 740 3092 795 illius
3126 740 3302 809 ipsius
3328 755 3432 811 ope
3461 740 3624 795 adhi-

2039 833 2174 898 bita,
2218 832 2389 887 Deum
2430 834 2556 904 quis
2600 832 2779 903 possit
2826 832 3053 887 intueri.
3106 830 3239 885 Nam
3278 833 3520 903 proprie,
3567 838 3625 888 et

2036 926 2297 996 primum,
2353 932 2408 980 et
2473 926 2653 980 solum
2722 925 3037 986 honestum,
3098 939 3406 995 purumque
3452 922 3623 978 Deum

2036 1034 2184 1085 esse,
2209 1034 2372 1074 nemo
2398 1019 2470 1073 ita
2504 1025 2688 1074 mente
2714 1032 2860 1073 caeca
2885 1025 2991 1081 est,
3034 1017 3165 1087 quin
3202 1033 3299 1087 per
3329 1032 3389 1072 se
3417 1017 3625 1071 intelli-

2035 1119 2149 1182 εει.
2217 1111 2325 1167 Sed
2382 1111 2485 1166 hoc
2517 1114 2698 1181 ipsum
2755 1109 2993 1165 fortasse
3043 1125 3207 1166 nemo
3265 1110 3524 1179 ignorat;
3569 1117 3627 1164 at

2034 1217 2252 1272 tequum
2289 1211 2474 1258 tamen
2509 1208 2613 1263 est,
2650 1209 2709 1254 ut
2744 1201 3018 1265 nonnulli,
3055 1202 3100 1256 si
3132 1201 3246 1254 fieri
3280 1208 3478 1272 potest,
3508 1215 3628 1255 om-

2035 1293 2169 1348 nino
2205 1293 2487 1362 indagcnt,
2530 1308 2652 1363 qua:
2681 1308 2814 1349 sane
2846 1293 2988 1348 ratio
3020 1294 3091 1348 sit
3121 1307 3185 1348 ac
3218 1292 3323 1360 via,
3366 1307 3489 1363 qua:
3525 1307 3628 1347 nos

2035 1386 2102 1440 ad
2146 1385 2281 1441 illud
2320 1386 2500 1455 ipsum
2535 1386 2825 1441 honestum
2865 1386 3051 1443 ducat.
3088 1385 3270 1442 Plenas
3310 1387 3481 1457 igitur
3518 1387 3626 1441 hu-

2026 1479 2189 1551 jusce
2241 1481 2581 1539 narrationis
2635 1480 2838 1537 divinae
2898 1483 3151 1550 Litterae,
3201 1483 3628 1553 compluresque

2031 1575 2373 1630 sanctissimi
2412 1575 2515 1629 viri
2545 1576 2714 1630 vitam
2744 1590 2923 1641 suam,
2966 1576 3124 1646 quasi
3156 1575 3338 1631 lumen
3381 1574 3626 1645 aliquod,

2033 1667 2142 1721 illis
2193 1667 2515 1731 ostendunt,
2570 1666 2663 1736 qui
2729 1681 2855 1721 cum
2915 1665 3027 1722 Deo
3076 1667 3380 1721 ambulant.
3422 1663 3625 1719 Verum

2035 1771 2304 1830 prwcepta
2344 1759 2565 1830 quidem
2604 1760 2798 1825 multa,
2842 1776 2965 1831 qua:
3015 1761 3083 1815 ad
3135 1761 3237 1815 hoc
3282 1758 3626 1829 propositum

1962 1851 2004 1906 Β
2037 1853 2333 1923 pertinent,
2362 1869 2425 1907 ex
2460 1853 2668 1908 divinis
2700 1853 2994 1921 utriusque
3024 1850 3365 1907 Tcstamenti
3405 1849 3629 1920 scriptis

1411 1952 1536 1992 nam
1581 1954 1706 1994 cum
1760 1941 1935 1996 multa
1978 1960 2008 1999 e
2049 1946 2358 2015 prophetis,
2407 1953 2573 2015 atque
2615 1946 2754 2015 lege,
2789 1954 2903 1999 tum
2957 1944 3218 2015 pleraque
3267 1956 3422 2007 sane,
3476 1947 3532 1996 et
3562 1953 3629 1995 ex

331 2024 709 2093 cvangelieis,
770 2035 825 2081 et
879 2030 1198 2098 apostolicis
1249 2030 1639 2088 traditionibus
1698 2034 1920 2091 abunde
1958 2039 2162 2109 percipi
2219 2046 2473 2108 possunt.
2514 2038 2647 2105 Qum
2696 2052 2826 2093 vero
2862 2051 2985 2104 nos,
3019 2036 3237 2093 divinos
3275 2033 3472 2093 imitati
3512 2044 3631 2088 ser-

324 2135 554 2183 mones,
589 2125 943 2179 commentati
976 2140 1192 2193 sumus,
1223 2127 1339 2183 haec
1365 2130 1593 2184 omnino
1617 2140 1771 2185 sunt.

948 2245 1198 2301 ΚΕΦΑΛ.
1233 2248 1334 2302 lB'.

333 2352 459 2407 Ὅτι
484 2356 613 2431 ούδξ
629 2355 709 2431 ἐξ-
726 2354 939 2431 ἀρχῆς,
972 2356 1115 2431 οὐδὲ
1137 2360 1286 2431 κατὰ
1314 2361 1505 2430 φύσιν
1524 2363 1935 2431 συνουσιωμέ·

404 2442 539 2563 399-,
738 2427 1137 2491 αὐτεξούσιον
1163 2430 1288 2499 ἔχει
1317 2427 1350 2485 ὃ
1387 2431 1698 2500 ἄνθρωπος
1731 2432 1798 2486 τὸ
1824 2427 1936 2487 ,πα-

486 2512 579 2549 τικ
658 2537 674 2551 .

406 2589 483 2643 Τὸ
512 2589 731 2658 λογικὸν
767 2587 926 2643 τοῦτο
971 2591 1065 2644 καὶ
1089 2590 1425 2662 διανοητικδν
1469 2592 1628 2657 ζῶον,
1659 2594 1688 2646 δ
1718 2593 1928 2666 ἄνθρω-

332 2699 459 2746 πος,
500 2681 601 2752 τῆς
642 2682 792 2746 θείας
838 2699 899 2735 τε
944 2682 1040 2736 καὶ
1087 2684 1368 2755 ἀκηράτου
1398 2684 1614 2754 φύσεως
1650 2684 1809 2756 ἔργον
1839 2686 1933 2740 καὶ

335 2775 567 2846 μίμημα
597 2774 837 2844 γεγονώς
857 2793 868 2805 '
905 2773 1048 2829 οὕτω
1076 2777 1186 2847 γὰρ
1212 2778 1273 2829 ὲν
1299 2779 1365 2847 τῇ
1403 2778 1777 2848 Κοσμογενείᾳ
1805 2778 1932 2849 περὶ

332 2865 504 2922 αὐτοῦ
533 2866 971 2937 ἀναγέγραπται,
1003 2868 1085 2920 ὅτι
1124 2886 1143 2919 ι
1180 2869 1315 2921 Κατ’
1350 2868 1536 2921 εἰκόνα
1570 2867 1707 2921 Θεοῦ
1741 2868 1930 2940 ἐποίη-

336 2976 431 3012 σεν
457 2958 621 3011 αὐτόν
642 2974 655 2986 '
694 2979 712 3010 ι
740 2959 899 3013 τοῦτο
927 2955 1021 3013 οὖν
1043 2960 1104 3014 τὸ
1129 2960 1287 3028 ζῶον,
1308 2961 1673 3034 ὁλάνθρωπος,
1703 2962 1765 3015 ού
1796 2962 1937 3016 κατὰ

334 3048 502 3119 φύσιν
529 3051 651 3103 οὐδὲ
695 3052 1125 3122 συνουσιωμὲνον
1153 3051 1310 3124 ἔσχεν
1345 3055 1403 3107 ἐν
1430 3053 1609 3124 ἑαυτῷ
1656 3053 1808 3126 παρὰ
1836 3054 1936 3126 τὴν

333 3141 565 3215 πρώτην
590 3142 801 3209 γένεσιν
836 3142 898 3196 τὸ
928 3144 1231 3215 παθητικόν
1255 3162 1314 3198 τε
1356 3144 1451 3199 καὶ
1483 3145 1768 3216 ἐπίκηρον.
1801 3147 1937 3200 Οὐδὲ

334 3232 447 3303 γὰρ
475 3227 545 3303 ἦν
575 3231 800 3285 δυνατὸν
827 3231 917 3284 τὸν
954 3234 1052 3303 τῆς
1076 3232 1283 3296 εἰκόνος
1319 3233 1650 3304 διασωθῆναι
1677 3233 1853 3302 λόγον,
1886 3236 1935 3287 εἰ

2631 2241 2861 2299 CAPUT
2904 2241 3021 2297 XII.

2041 2359 2224 2432 Neque
2284 2377 2315 2413 a
2362 2358 2654 2432 principio,
2695 2367 2858 2432 neque
2901 2368 3097 2432 natura
3138 2366 3339 2432 tunam:
3375 2368 3499 2432 sunt
3537 2360 3631 2416 Ito-

2141 2428 2270 2486 tum:
2306 2430 2633 2500 aﬂ'ectiuues,
2660 2430 2750 2483 sed
2780 2444 2846 2482 ea:
2885 2428 3108 2483 consilio
3138 2430 3238 2483 sibi
3266 2431 3532 2486 eveniunt.

2113 2579 2313 2645 llomo,
2348 2581 2440 2650 qui
2484 2581 2721 2636 rationis
2769 2582 3070 2651 particeps,
3121 2581 3433 2650 mentisque
3480 2597 3633 2637 com-

2041 2688 2141 2742 pos
2178 2672 2383 2725 animal
2436 2681 2541 2736 est,
2584 2680 2640 2727 et
2685 2673 2887 2727 divinae
2919 2673 3363 2743 incorruptteque
3414 2681 3627 2731 naturae

2042 2780 2205 2836 Opus,
2241 2776 2407 2834 atque
2432 2765 2793 2822 simulacrum
2821 2763 3077 2837 effectum
3110 2784 3122 2820 :
3157 2765 3212 2818 in
3247 2764 3438 2819 mundi
3482 2766 3630 2825 enim

2050 2858 2446 2912 constitutione
2472 2856 2541 2911 de
2573 2871 2640 2911 eo
2678 2855 2763 2911 his
2792 2856 2974 2910 verbis
3017 2855 3284 2926 scriptum
3331 2863 3417 2911 est
3446 2875 3460 2910 :
3498 2876 3516 2908 ι
3547 2858 3629 2911 Ad

2046 2950 2340 3021 imaginem
2368 2949 2461 3004 Dei
2487 2948 2614 3003 fecit
2639 2964 2763 3005 eum
2794 2950 2879 3015 η’,
2920 2967 2940 3001 ι
2976 2948 3109 3014 hoc,
3148 2949 3393 3019 inquam,
3427 2951 3631 3005 animal

1981 3066 1995 3079 ο
2043 3040 2228 3106 homo,
2276 3039 2552 3111 principio
2598 3054 2709 3093 non
2765 3039 2896 3094 illud
2933 3039 3037 3094 sibi
3079 3046 3276 3093 natura
3323 3039 3626 3110 ingenitum

2043 3134 2259 3200 habuit,
2314 3143 2375 3189 ut
2427 3134 2718 3190 affectibus
2769 3142 2937 3201 esset,
3002 3135 3280 3205 mortique
3320 3135 3629 3205 expositus.

2041 3226 2230 3298 Neque
2273 3227 2419 3284 enim
2466 3228 2584 3284 lieri
2618 3236 2856 3299 poterat,
2895 3238 2953 3283 ut
2987 3227 3370 3282 similitudinis
3399 3242 3621 3283 conser-

335 3325 686 3389 ὑπεναντίως,
722 3320 835 3394 εἶχε
877 3324 940 3377 τὸ
973 3325 1426 3397 ἀπεικονισμένον
1484 3326 1678 3390 κάλλος
1706 3327 1843 3399 πρὸς
1875 3327 1933 3380 τὸ

2049 3328 2171 3374 vata
2202 3328 2352 3376 esset
2394 3321 2558 3385 ratio,
2584 3322 2630 3375 si
2670 3331 2867 3377 contra
2918 3336 2977 3375 se
3004 3321 3057 3375 id
3109 3322 3357 3385 haberet,
3381 3322 3530 3392 quod
3560 3320 3629 3376 ad

337 3415 669 3485 ἀρχέτυπον.
710 3413 851 3468 Ἀλλ’
883 3413 1107 3481 ὕστερον
1139 3415 1440 3486 ὲπεισήχθη
1480 3415 1544 3469 τὸ
1576 3415 1748 3479 πάθος
1786 3414 1937 3486 αὐτῷ

337 3506 484 3575 μετά
511 3507 610 3576 τὴν
638 3505 864 3578 πρώτην
890 3508 1236 3577 κατασκευὴν
1255 3522 1268 3536 ·
1310 3507 1610 3578 ὲπεισήχθη
1644 3507 1702 3560 δὲ
1730 3505 1932 3570 οὓτως·

339 3597 519 3651 Είκὼν
563 3595 631 3669 ἦν
676 3598 773 3652 καὶ
808 3598 1080 3669 ὁμοίωμα,
1121 3596 1302 3661 καθὼς
1323 3598 1562 3670 εἴρηται,
1589 3602 1686 3669 τῆς
1719 3599 1936 3652 πάντων

337 3689 450 3743 τῶν
470 3690 643 3744 ὅντων
678 3689 1065 3761 βασιλευούσης
1119 3690 1436 3761 δυνάμεως’
1492 3691 1587 3744 καὶ
1638 3690 1725 3744 διὰ
1775 3690 1937 3744 τοῦτο

338 3784 437 3838 καὶ
478 3784 539 3836 ὲν
587 3782 667 3854 τῷ
716 3781 1049 3853 σύτεξουσίῳ
1092 3783 1191 3851 τῆς
1231 3783 1368 3854 πρὸς
1416 3784 1508 3837 τὸν
1555 3782 1938 3847 ὲξουσιάζοντα

337 3877 561 3930 πάντων
587 3871 701 3946 εἶχε
723 3876 821 3947 τὴν
857 3876 1170 3946 ὁμοιότητα,
1200 3875 1427 3947 οὐδεμιᾷ
1464 3893 1571 3931 τινι
1606 3875 1714 3929 τῶν
1737 3873 1936 3941 ἔξωθεν

333 3967 557 4041 ἀνάγκῃ
582 3968 1003 4039 δεδουλωμένοςο
1030 3967 1166 4022 ἀλλὰ
1200 3971 1266 4040 τῇ
1293 3967 1487 4041 γνώμῃ
1533 3970 1599 4040 τῇ
1654 3968 1761 4041 ἰδίᾳ
1801 3968 1936 4040 πρὸς

334 4059 399 4113 τὸ
443 4060 635 4114 δοκοῦν
672 4059 1060 4130 διοικούμενος,
1103 4060 1198 4114 καὶ
1243 4060 1304 4114 τὸ
1348 4061 1582 4132 ἀρέσκον
1627 4061 1776 4132 αὐτῷ
1813 4062 1935 4115 κατ’

334 4152 593 4219 ἐξουσίαν
630 4153 974 4225 αἱρούμενος,
1021 4154 1121 4225 τὴν
1174 4155 1460 4223 συμφορὰν
1503 4138 1729 4225 ταύτην,
1842 4154 1937 4208 νῦν

335 4246 677 4316 κεκράτηται
704 4245 765 4299 τὸ
792 4245 1131 4316 ἀνθρώπινον
1153 4285 1168 4308 ,
1224 4245 1387 4309 αὐτὸς
1428 4244 1708 4316 ἐθελοντὴς
1753 4245 1937 4318 ἀπάτῃ

335 4335 699 4407 παρενεχθεὶς
730 4337 1103 4397 ἐπεσπάσατο,
1142 4336 1304 4400 αὐτὸς
1340 4337 1440 4406 τῆς
1473 4336 1671 4399 κακίας
1706 4336 1935 4407 εύρέτης

333 4430 649 4500 γενόμενος,
675 4432 797 4499 οὐχὶ
827 4428 982 4499 παρά
1025 4428 1160 4482 Θεοῦ
1210 4428 1511 4499 γενομένην
1555 4427 1762 4499 εύρὼν“
1803 4428 1934 4493 Θεὸς

335 4519 452 4588 γάρ
482 4518 710 4573 θάνατον
734 4520 834 4573 οὐκ
870 4520 1147 4591 ἐποίησεν,
1173 4520 1308 4574 ἀλλὰ
1332 4520 1533 4591 τρόπον
1563 4520 1686 4574 τινὰ
1711 4520 1937 4592 κτίστης

336 4610 439 4664 καὶ
486 4611 814 4683 δημιουργὸς
867 4611 961 4665 τοῦ
1019 4612 1191 4665 κακοῦ
1244 4612 1483 4685 κατέστη
1545 4615 1574 4667 ό
1627 4612 1933 4685 ἄνθρωπος.

337 4702 610 4775 Καθάπερ
642 4704 751 4775 γὰρ
778 4704 871 4758 τοῦ
911 4705 1137 4775 ἡλιακοῦ
1180 4705 1356 4773 φωτὸς
1398 4704 1552 4778 κοινὴ
1584 4707 1683 4778 μὲν
1712 4707 1935 4779 πρόκει-

334 4810 433 4848 ται
461 4799 627 4848 πᾶσιν
673 4797 706 4867 ἡ
739 4797 1019 4869 μετουσία,
1061 4792 1142 4862 οἷς
1181 4799 1333 4868 ήτοῦ
1362 4800 1495 4870 ὀρᾷν
1524 4800 1751 4870 δύναμις
1788 4801 1933 4871 πάρ-

332 4900 458 4937 εστι
482 4899 497 4914 ⁸
535 4883 755 4939 δύναται
786 4886 844 4940 δέ
871 4903 974 4951 τις,
998 4888 1046 4939 εἰ
1069 4886 1374 4958 βουληθείη,
1412 4889 1700 4960 μύσας-τὸν
1730 4892 1932 4960 ὀφθαλ-

337 4975 465 5046 μὴν,
491 4974 596 5040 ἔξω
624 4976 877 5044 γενέσθαι
897 4976 1000 5047 τῆς
1023 4976 1118 5029 τοῦ
1149 4977 1325 5046 φωτὸς
1348 4979 1686 5052 ἀντιλήψεως
1703 5022 1717 5045 ,
1740 4983 1801 5034 ού
1835 4979 1931 5035 τοῦ

334 5067 493 5138 ἡλίου
531 5067 943 5139 ἀποχωροῦντος
986 5068 1247 5139 ἑτέρωθι,
1296 5071 1392 5124 καὶ
1436 5071 1609 5137 οὕτως
1654 5072 1831 5128 ἐκεῖνο
1869 5073 1933 5128 τὸ

333 5160 534 5223 σκότος
560 5161 875 5231 ἐπάγοντος,
922 5162 1058 5217 ἀλλὰ
1099 5162 1194 5217 τοῦ
1242 5164 1530 5236 ἀνθρώπου
1557 5165 1650 5220 διὰ
1677 5169 1776 5238 τῆς
1807 5170 1929 5222 ἐπι-

336 5248 561 5320 μύσεως
590 5250 696 5303 τῶν
726 5251 1009 5325 βλεφάρων
1038 5252 1130 5307 τὸν
1174 5252 1449 5325 ὀφθαλμὸν
1489 5256 1555 5309 ὲκ
1589 5257 1687 5327 τῆς
1711 5258 1932 5322 ἀκτῖνος

329 5342 795 5427 διατειχίσαντοςυ
832 5344 930 5415 τῆς
986 5344 1094 5415 γὰρ
1142 5346 1404 5417 ὁρατικῆς
1456 5345 1739 5416 δυνάμεως
1769 5347 1826 5399 ὲν
1862 5348 1930 5418 τῇ

327 5431 600 5505 ὲπιμύσει
623 5433 732 5487 τῶν
762 5435 1025 5507 ὀμμάτων
1065 5438 1254 5505 ἀργεῖν
1300 5435 1689 5509 ἀδυνατούσης,
1717 5439 1932 5508 ἀνάγκη

331 5526 492 5579 πᾶσα
523 5526 622 5593 τὴν
649 5526 931 5598 ἐνέργειαν
960 5527 1059 5599 τῆς
1086 5528 1347 5598 ὁράσεως,
1386 5527 1613 5593 σκότους
1650 5528 1932 5599 ἐνέργειαν

328 5615 606 5686 γίνεσθαι,
636 5617 894 5684 ἑκουσίως
922 5620 982 5673 ὲν
1007 5618 1084 5691 τῷ
1122 5618 1392 5692 ἀνθρώπῳ
1428 5620 1517 5675 διὰ
1556 5621 1653 5691 τῆς
1672 5620 1931 5691 ἀορασίας

414 5801 481 5833 ¹⁵⁶
514 5799 651 5857 Gen.
679 5815 717 5870 I,
750 5801 840 5855 27.

2040 3413 2374 3483 exemplaris
2425 3413 2756 3483 imaginem,
2830 3413 3358 3483 similitudinemque
3405 3430 3628 3484 expres-

2041 3520 2164 3560 sum
2197 3514 2303 3560 est.
2338 3505 2444 3560 Sed
2480 3514 2606 3576 post
2642 3506 2876 3577 primam
2925 3506 3167 3561 hominis
3209 3505 3628 3562 fabricationem

2038 3593 2392 3651 aﬂectionum
2418 3596 2503 3652 vis
2539 3597 2592 3651 in
2626 3612 2754 3652 eum
2794 3595 3111 3650 introducta
3142 3605 3261 3662 est;
3314 3597 3630 3652 introducta

2036 3695 2122 3745 est
2152 3695 2336 3742 autem
2363 3688 2467 3744 hoc
2490 3688 2655 3743 modo
2685 3703 2701 3742 :
2730 3688 2913 3759 imago
2934 3696 3054 3743 erat
3089 3689 3270 3754 homo,
3297 3690 3627 3745 similitudo-

2038 3796 2168 3851 que,
2208 3790 2266 3834 ut
2296 3781 2506 3836 dictum
2534 3789 2642 3846 est,
2678 3780 2798 3851 ejus
2836 3780 3148 3852 potestatis,
3182 3781 3343 3852 cujus
3370 3783 3627 3853 imperio,

2037 3887 2384 3943 quaecunque
2434 3884 2589 3937 sunt,
2635 3874 2821 3929 omnia
2866 3882 3145 3938 tenentur,
3197 3888 3264 3929 ac
3311 3886 3627 3945 reguntur:

2040 3965 2205 4036 idque
2234 3973 2524 4035 pr0pterea
2559 3965 2614 4019 in
2667 3966 2909 4022 hominis
2942 3967 3114 4022 libero
3148 3969 3401 4034 consilio,
3435 3971 3628 4025 volun-

2038 4063 2260 4126 tateque
2309 4056 2547 4125 positum
2591 4055 2714 4120 fuit,
2769 4072 2830 4112 se
2892 4058 3041 4113 illius
3084 4059 3498 4113 similitudinem
3548 4067 3629 4117 te-

2037 4162 2194 4211 nere,
2215 4146 2379 4216 cujus
2418 4154 2689 4218 potestate
2728 4162 2819 4203 res
2852 4148 3122 4202 universa:
3150 4150 3627 4219 complectuntur;

2039 4254 2220 4309 neque
2261 4240 2374 4293 ulla
2437 4254 2573 4296 sane
2636 4255 2824 4296 rerum
2873 4248 3228 4295 externarum
3292 4242 3629 4298 necessitate

2038 4346 2234 4386 servus
2267 4330 2497 4386 effectus
2536 4340 2645 4395 est,
2694 4330 2793 4385 sed
2827 4345 2927 4385 sua
2976 4331 3096 4401 ipse
3137 4333 3410 4387 sententia
3446 4335 3511 4387 ad
3546 4333 3626 4396 id.

2038 4421 2189 4494 quod
2239 4422 2345 4478 sibi
2378 4423 2557 4478 visum
2591 4430 2699 4487 est,
2736 4438 2859 4478 sese
2905 4422 3126 4478 affecit:
3162 4440 3399 4495 eumque
3434 4442 3499 4480 ex
3537 4441 3627 4497 po-

2039 4524 2243 4574 testate
2271 4516 2325 4571 id
2360 4516 2641 4587 elegisset,
2675 4515 2820 4584 quod
2859 4516 2963 4570 sibi
2991 4515 3307 4585 placuerat;
3342 4518 3627 4572 calamita-

2041 4618 2149 4665 tem
2192 4610 2354 4671 hane,
2398 4624 2507 4679 qua
2542 4608 2785 4663 hominis
2827 4622 3001 4678 genus
3034 4608 3147 4678 jam
3176 4624 3502 4679 oppressum
3548 4618 3629 4666 te-
3735 4638 3744 4647 -

2046 4713 2227 4771 netur,
2265 4711 2461 4773 sponte
2499 4702 2616 4773 ipse
2647 4700 2835 4756 fraude
2861 4701 3273 4758 circumventus
3300 4703 3579 4758 contraxit
3610 4721 3624 4758 :

2040 4803 2096 4851 et
2130 4795 2204 4848 ita
2242 4794 2425 4848 omnis
2457 4793 2585 4847 mali
2620 4798 2817 4847 auctor
2851 4791 2975 4859 fuit,
3024 4808 3134 4847 non
3177 4807 3206 4847 a
3242 4790 3353 4846 Deo
3380 4793 3511 4848 facti
3544 4794 3627 4849 in-

2040 4895 2240 4942 ventor
2273 4905 2287 4941 :
2321 4893 2554 4940 mortem
2601 4885 2748 4939 enim
2786 4882 2932 4939 Deus
2976 4899 3087 4939 non
3126 4880 3325 4949 effecit,
3356 4885 3452 4940 sed
3496 4883 3627 4938 mali

2038 4979 2297 5033 conditor
2335 4976 2764 5048 quodammodo,
2799 4974 3208 5046 fabricatorque
3240 4976 3405 5030 homo
3451 4976 3627 5030 exsti-

2039 5074 2106 5127 tit
2136 5091 2149 5127 :
2182 5070 2647 5142 quemadmodum
2677 5069 2825 5125 enim
2866 5070 3000 5124 solis
3038 5069 3128 5122 lux
3159 5067 3472 5123 communis
3496 5082 3625 5137 pro-

2041 5164 2218 5235 posita
2254 5172 2340 5217 est
2379 5161 2639 5217 omnibus
2673 5159 2768 5230 qui
2812 5158 3072 5215 cernendi
3103 5158 3212 5213 vim
3255 5157 3491 5225 habent;
3525 5174 3626 5229 po-

2024 5236 2145 5310 ‘test
2171 5254 2319 5309 enim
2351 5254 2501 5324 quis,
2553 5253 2598 5308 si
2632 5252 2890 5317 voluerit,
2936 5251 3143 5305 clausis
3188 5250 3366 5305 oculis
3409 5249 3626 5307 eﬂicere

2039 5361 2109 5402 ne
2138 5346 2314 5402 lucem
2352 5345 2500 5399 illam
2532 5345 2772 5415 excipiat
2801 5361 2816 5399 :
2848 5358 2958 5398 non
2987 5342 3112 5413 quia
3149 5342 3233 5397 sol
3266 5342 3375 5396 alio
3402 5342 3623 5414 migret,

2037 5447 2204 5510 atque
2236 5454 2305 5495 ex
2334 5453 2400 5494 eo
2424 5438 2683 5494 tenebras
2710 5436 2979 5501 otl‘undat,
3010 5435 3105 5493 sed
3139 5436 3266 5506 quia
3288 5435 3454 5491 homo
3479 5436 3621 5509 ipse,

2040 5532 2247 5587 clausis
2291 5530 2589 5602 palpebris,
2637 5530 2860 5585 oculum
2892 5543 2921 5583 a
2971 5528 3142 5586 radiis
3185 5529 3411 5600 sepicrit
3445 5547 3459 5584 :
3491 5544 3621 5583 nam

2044 5638 2169 5679 cum
2201 5622 2418 5680 videndi
2462 5622 2562 5691 vis,
2601 5622 2810 5693 opertis
2842 5622 3040 5690 oculis,
3077 5638 3178 5680 suo
3220 5636 3446 5679 munere
3469 5620 3621 5692 fungi
