4026 6454
364 2114 390 2150 Ι.

443 361 545 421 37f
1716 363 1775 424 S.
1807 362 2133 423 GREGORII
2161 363 2457 421 NYSSENI
3650 367 3752 425 572

444 494 556 535 non
595 479 786 548 possit,
824 492 1049 536 necesse
1068 486 1155 535 est
1183 480 1365 537 omnis
1394 480 1510 536 haec
1548 489 1809 552 aspectus
1836 495 2026 537 cessa-

2143 479 2625 553 τυνισταμένηνοῆ
2672 478 2861 549 ὥσπερ
2908 480 3074 542 εἴτις
3118 478 3301 533 οἰκίαν
3348 478 3542 549 ἑαυτῷ
3586 496 3755 532 κατα-

445 569 524 625 tio
548 571 800 625 tenebras
830 569 1047 637 alliciat,
1094 587 1234 642 quas
1268 573 1432 644 homo
1460 573 1566 628 sibi
1608 581 1808 644 sponte
1856 589 1920 629 ex
1963 586 2030 627 eo

2143 574 2433 637 τκευάςων,
2484 572 2752 643 μηδεμίαν
2798 571 3011 641 ὲντέμοι
3065 570 3141 641 τῷ
3182 569 3329 640 φωτὶ
3390 570 3500 642 τὴν
3550 571 3645 624 ἐπὶ
3688 574 3756 625 τὰ

444 662 696 724 oll'undit,
746 660 876 730 quia
923 641 1122 718 videre
1159 641 1378 719 recusat
1408 683 1422 718 :
1455 674 1552 719 aut
1587 641 1754 719 veluti
1808 665 1854 720 si
1902 666 2030 734 quis

2143 665 2240 717 ίσω
2288 641 2555 733 πάροδον,
2584 660 2894 731 ἀναγκαίως
2943 663 3000 714 ἐν
3052 661 3232 732 σκότῳ
3260 641 3565 732 βιώσεται,
3611 661 3754 716 ἑκὼν

444 755 663 809 domum
708 754 812 808 sibi
842 753 1149 821 :edilicaus,
1176 755 1389 810 nullum
1427 756 1536 810 luci
1577 756 1783 810 aditum
1814 756 2028 825 patefa-

2143 754 2459 816 ὶποκλείσας
2486 756 2605 816 ταῖς
2637 755 2817 806 ἀκτῖσι
2840 753 2936 823 τὴν
2966 752 3197 805 εἴσοδονο
3222 753 3373 806 οὕτω
3405 754 3508 805 καὶ
3529 752 3559 804 6
3599 752 3751 824 πρῶ-

443 845 552 900 ciat
601 843 668 898 ad
717 859 805 907 ea,
843 859 966 913 qua:
1012 844 1160 899 domi
1204 853 1354 909 sunt,
1400 846 1446 900 is
1486 854 1635 900 certe
1682 859 1807 899 cum
1846 846 2030 913 ingre-

2143 864 2221 910 ro;
2254 846 2281 898 6
2307 849 2369 899 ἐκ
2404 846 2505 915 γῆς
2532 845 2836 915 ἄνθρωπος,
2862 844 3060 914 μᾶλλον
3083 843 3139 895 δὲ
3163 846 3191 897 6
3208 844 3309 915 τὴν
3333 843 3550 897 κακίαν
3579 846 3639 896 ὲν
3678 844 3755 915 τῷ

443 934 628 991 diendi
666 935 808 989 viam
848 935 1015 991 radiis
1065 944 1261 1005 sponte
1291 936 1650 1000 obstruxerit,
1693 937 1747 990 in
1787 936 2031 993 tenebris

2143 937 2402 1009 Ξνθρώπῳ
2435 939 2720 1007 γεννήσας,
2750 938 2808 990 ἐν
2844 936 2942 1004 μὲν
2971 937 3037 1006 τῇ
3071 935 3229 1003 φύσει
3260 936 3329 988 τὸ
3360 935 3540 989 καλόν
3574 953 3634 989 τε
3660 937 3754 990 καί

443 1026 564 1097 ipse
593 1027 756 1082 vitam
811 1027 1010 1097 deget:
1047 1028 1165 1098 pari
1217 1029 1432 1083 ratione
1481 1029 1698 1100 primus
1747 1029 1913 1084 homo
1960 1030 2031 1087 de

2143 1029 2334 1099 ὶγαθὸν
2364 1030 2484 1083 κατ’
2514 1026 2762 1092 ἐξουσίαν
2791 1025 2949 1098 ἔσχεν
2979 1026 3317 1095 πανταχόθεν
3348 1026 3749 1098 προκείμενον-

443 1125 613 1181 terra,
648 1118 732 1173 vel
761 1119 944 1189 potius
981 1119 1050 1182 is,
1089 1120 1180 1190 qui
1216 1121 1418 1174 malum
1458 1121 1511 1174 in
1546 1121 1767 1177 homine
1797 1122 2027 1192 peperit,

2143 1120 2415 1191 ἐθελοντὴς
2451 1118 2507 1172 δὲ
2540 1118 2668 1189 παρ’
2708 1117 2902 1170 ἑαυτοῦ
2934 1117 3003 1171 τὰ
3050 1118 3200 1201 παρα
3246 1116 3422 1186 φύσιν
3470 1117 3752 1171 ἐκαινοτό-

444 1219 615 1259 unum
640 1204 859 1274 quidem
895 1212 1092 1259 natura
1134 1206 1426 1261 honestum
1459 1215 1514 1261 et
1548 1208 1752 1262 bonum
1786 1210 2030 1279 undique

2143 1229 2297 1283 μησε,
2326 1211 2427 1283 τὴν
2457 1210 2548 1263 τοῦ
2592 1209 2763 1264 κακοῦ
2814 1212 3009 1280 πεῖραν
3050 1211 3109 1262 ὲν
3156 1212 3221 1281 τῇ
3270 1212 3613 1283 ἀποστροφῇ
3654 1211 3753 1280 τῆς

444 1298 547 1354 sibi
582 1298 921 1369 prepositum
958 1299 1012 1353 in
1042 1308 1310 1369 potestate
1340 1301 1535 1357 habuit
1566 1320 1579 1356 :
1618 1318 1715 1373 per
1748 1318 1808 1358 se
1845 1313 2029 1358 tamen

2143 1303 2332 1374 ἂρετῆς
2355 1305 2421 1374 τῇ
2453 1303 2557 1372 ἰδίᾳ
2589 1301 2907 1373 προαιρέσει
2941 1302 3381 1373 δημιουργήσας.
3423 1303 3621 1355 Κακδν
3646 1304 3752 1373 γάρ

446 1390 589 1445 ultro
623 1400 706 1444 est
745 1403 809 1443 ea
860 1389 1108 1454 molitus,
1143 1406 1264 1461 quae
1303 1400 1500 1447 contra
1547 1401 1804 1447 naturam
1849 1402 2025 1449 sunt:

2143 1397 2238 1462 ἔξω
2268 1396 2637 1467 προαιρέσεως
2671 1396 2940 1467 κείμενον,
2987 1397 3082 1449 καὶ
3115 1397 3237 1449 κατ’
3266 1396 3417 1449 ἰδίαν
3446 1396 3751 1449 ὑπόστασιν

442 1494 570 1534 cum
620 1478 773 1545 mali,
806 1480 1035 1550 Vitiique
1087 1498 1270 1546 usum,
1314 1483 1597 1553 repudiata
1654 1484 1879 1548 virtute,
1926 1499 2030 1541 suo

2143 1487 2526 1560 θεωρούμενον,
2556 1488 2613 1541 ὲν
2655 1490 2721 1558 τῇ
2777 1488 2937 1557 φύσει
2983 1488 3091 1541 τῶν
3142 1488 3314 1541 ὄντων
3360 1488 3522 1541 ἐστὶν
3576 1487 3747 1542 οὐδέν.

442 1568 562 1639 ipse
591 1570 829 1624 consilio
864 1571 1252 1627 introduxerit.
1295 1571 1497 1626 Malum
1522 1573 1667 1628 enim
1701 1583 1855 1629 extra
1891 1588 2027 1630 con-

442 1659 629 1715 silium
663 1661 924 1730 positum,
958 1677 1023 1717 ac
1060 1678 1158 1732 per
1204 1679 1262 1719 se
1312 1672 1599 1728 constans,
1642 1664 1696 1718 in
1737 1668 1887 1720 enini
1936 1681 2032 1719 na-

442 1761 568 1807 tura
623 1753 835 1807 nullum
886 1762 993 1809 est.
1051 1753 1186 1809 Nam
1251 1752 1343 1811 Dei
1396 1770 1537 1826 Opus
1588 1771 1754 1811 omne
1802 1757 2028 1823 bonum,

2134 1583 2250 1638 Πᾶν
2279 1581 2386 1653 γὰρ
2421 1581 2625 1650 κτίσμα
2666 1581 2801 1633 Θεοῦ
2844 1580 3029 1647 καλὸν,
3067 1581 3160 1635 καὶ
3206 1581 3365 1633 οὐδὲν
3408 1580 3748 1674 ἀπόϐλητονζ

2133 1674 2229 1728 καὶ
2284 1673 2462 1727 πάντα
2508 1672 2609 1725 ὅσα
2660 1670 2915 1741 ἐποίησεν
2962 1671 2991 1723 6
3039 1671 3172 1735 Θεὸς
3221 1671 3372 1725 καλὰ
3427 1670 3555 1723 λίαν
3578 1688 3593 1702 ·
3636 1670 3732 1722 ἀλλ

2135 1762 2322 1834 ἐπειδὴ
2352 1762 2493 1816 κατὰ
2534 1761 2625 1815 τὸν
2670 1761 2903 1832 ρηθέντα
2946 1761 3149 1831 τρόπον
3185 1759 3500 1831 εἰσεφθάρη
3532 1763 3601 1831 τῇ
3636 1760 3745 1831 ζωῇ

446 1859 624 1915 neque
672 1844 1084 1911 detestandum,
1132 1854 1428 1912 cunctave,
1477 1863 1600 1919 quae
1636 1847 1782 1904 Deus
1829 1846 2028 1917 ell'ecit,

2143 1856 2241 1910 τῶν
2271 1854 2574 1927 ἀνθρώπων
2607 1856 2640 1925 ἡ
2673 1852 2766 1906 τοῦ
2808 1853 3145 1925 ἁμαρτάνειν
3193 1853 3524 1916 ἀκολουθία,
3553 1853 3650 1905 καὶ
3688 1854 3748 1904 ὲκ

445 1945 578 1990 ευηι
612 1935 908 1992 admodum
959 1938 1133 2006 bona;
1177 1940 1272 1996 sed
1318 1949 1680 2010 posteaquam
1728 1956 1817 2004 eo,
1866 1956 2030 2010 quem

443 2027 712 2093 diximus,
735 2030 896 2093 modo
925 2030 982 2085 in
1007 2032 1174 2086 vitam
1205 2032 1489 2089 hominum
1515 2050 1622 2089 non
1645 2034 1766 2089 sine
1791 2034 2032 2088 maxima

442 2120 695 2188 pernicie
738 2121 962 2191 irrepsit
1004 2123 1271 2193 peccandi
1319 2124 1692 2188 consuetudo,
1741 2132 1907 2195 atque
1964 2139 2032 2179 ex

444 2226 612 2280 parva
641 2228 837 2278 causa,
867 2230 990 2284 qua:
1023 2215 1079 2270 in
1116 2215 1333 2271 inﬁnita
1362 2217 1651 2272 hominum
1691 2217 1835 2271 mala
1867 2216 2033 2272 latius

443 2306 710 2367 manavit,
759 2305 947 2362 divina
1001 2308 1094 2363 illa
1146 2310 1315 2364 animi
1368 2310 1743 2381 pulchritudo,
1794 2325 1918 2380 qua:
1964 2309 2032 2363 ad

444 2397 777 2466 exemplaris
844 2398 1211 2454 imitationem
1269 2397 1453 2455 luerat
1510 2416 1810 2470 expressa;
1871 2400 2032 2471 quasi

444 2487 677 2556 ferrum,
729 2490 980 2560 rubigine
1005 2491 1120 2545 vitii
1158 2502 1244 2547 est
1283 2501 1635 2562 consumpta,
1681 2506 1790 2546 non
1823 2501 2032 2546 tantam

445 2581 691 2648 quidem,
724 2590 931 2651 quanta
978 2591 1132 2639 certe
1172 2584 1276 2639 sibi
1308 2600 1373 2638 ex
1412 2592 1606 2638 natura
1662 2585 1863 2650 inerat,
1896 2599 2032 2638 con-

446 2672 688 2726 servavit
732 2674 989 2745 imaginis
1020 2676 1276 2745 gratiam,
1319 2675 1415 2731 sed
1454 2675 1522 2729 ad
1557 2676 1818 2746 peccandi
1856 2679 2034 2746 turpi-

446 2764 690 2819 tudinem
732 2781 855 2822 sese
890 2774 1000 2821 tota
1032 2771 1329 2822 convertit.
1359 2767 1549 2838 Itaque
1600 2777 1858 2838 magnum
1897 2767 2031 2821 illud

445 2863 500 2908 et
528 2850 832 2924 pretiosum
878 2858 1064 2924 homo,
1096 2869 1208 2914 uta
1244 2860 1535 2929 Scriptura
1580 2868 1666 2914 est
1701 2859 2031 2930 appellatus,

446 2960 571 2999 cum
625 2962 656 2999 ιι
689 2947 955 3017 dignitate
995 2964 1095 3004 sua
1142 2949 1468 3021 excidisset,
1514 2948 1662 3019 quod
1713 2947 1920 3003 accidit
1964 2948 2034 3003 iis

446 3036 542 3108 qui
571 3037 624 3092 in
652 3053 872 3093 orarium
907 3040 1086 3110 illapsi
1119 3051 1269 3106 sunt,
1306 3030 1446 3097 lacie
1488 3041 1640 3096 omni
1675 3040 1804 3104 limo
1835 3040 2031 3107 oblita,

449 3142 519 3183 ne
569 3142 600 3182 a
655 3128 1024 3185 familiaribus
1074 3132 1296 3203 quidem
1349 3140 1735 3203 agnoscuntur
1782 3150 1796 3187 :
1837 3132 2030 3189 eodem

447 3220 613 3276 mole
650 3221 740 3277 ille
771 3223 824 3277 in
855 3225 1065 3294 peccati
1095 3225 1290 3281 sordes
1321 3227 1695 3299 przecipitatus
1729 3229 2033 3299 incorrupti

449 3310 547 3367 Dei
599 3313 893 3383 imaginem
938 3317 1197 3387 perdidit,
1234 3329 1554 3391 inritatoque
1607 3322 1796 3376 habitu
1842 3337 2039 3379 corru-

447 3414 597 3477 ptam
633 3407 929 3477 quamdam
966 3411 1289 3481 peccatique
1319 3412 1441 3469 labe
1468 3414 1810 3484 inquinatam
1847 3416 2039 3487 imagi-

449 3512 575 3552 nem
627 3497 826 3566 induit,
879 3516 1046 3570 quam
1096 3504 1239 3557 ratio
1288 3503 1566 3574 deponere
1615 3507 1812 3561 suadet
1849 3506 1899 3560 ei
1942 3508 2034 3577 qui

452 3589 775 3661 incorrupta
825 3593 947 3646 vitae
987 3591 1281 3664 disciplina
1312 3612 1371 3651 se
1410 3599 1573 3666 quasi
1624 3615 1764 3668 aqua
1797 3605 2034 3673 quadam

453 3680 689 3734 abluerit
715 3697 730 3736 :
758 3690 817 3736 ut
845 3681 948 3737 hoc
977 3699 1111 3738 sane
1135 3693 1354 3741 terreno
1380 3688 1600 3757 abiecto
1630 3690 2036 3761 integumento,

453 3771 621 3825 :mimi
674 3788 871 3828 rursus
918 3783 1179 3844 appareat
1228 3778 1609 3847 pulchritmlo.
1670 3782 1860 3839 Aliena
1907 3800 2040 3839 vero

453 3861 717 3931 abjicere,
769 3863 822 3917 in
874 3880 940 3920 co
973 3875 1076 3928 est,
1124 3877 1182 3921 ut
1215 3870 1282 3923 ad
1343 3886 1441 3925 sua
1480 3873 1716 3941 quisque
1764 3885 1929 3945 atque
1972 3878 2040 3932 ad

454 3961 706 4007 naturam
748 3956 977 4010 redeat:
1016 3961 1158 4029 quod
1197 3961 1445 4029 ριόΐιιριο
1476 3966 1696 4033 assequi
1735 3983 1843 4020 non
1882 3969 2042 4025 aliter

454 4046 607 4113 licet,
650 4049 760 4106 nisi
803 4052 929 4106 talis
962 4069 1158 4110 rursus
1193 4055 1322 4125 quis
1379 4056 1492 4123 liat,
1541 4059 1722 4127 qualis
1771 4062 2041 4131 principio

452 4137 681 4198 elIectus
719 4156 826 4200 cSI.
861 4144 979 4200 Non
1022 4147 1170 4203 enim
1217 4157 1470 4205 nostrum
1505 4159 1614 4215 est,
1659 4167 1838 4221 neque
1868 4152 2044 4208 lacul-

455 4233 583 4290 tatis
610 4234 898 4293 hominum
922 4238 1181 4305 ollicium,
1208 4250 1268 4296 ut
1291 4241 1604 4299 divinitatis
1629 4245 1838 4301 similes
1867 4243 2039 4311 ﬁant;

2139 1950 2338 2021 μικρᾶς
2369 1947 2622 2018 ἀφορμῆς
2650 1949 2729 2007 εἰς
2772 1946 2999 2015 ἄπειρον
3045 1945 3143 2015 τῆς
3185 1944 3393 2006 κακίας
3444 1945 3505 1995 ἐν
3538 1942 3618 2012 τῷ
3654 1944 3745 1995 ἀν-

2135 2039 2339 2110 θρώπῳ
2369 2037 2654 2109 χυθείσης,
2696 2035 2791 2088 καὶ
2822 2036 2884 2088 τὸ
2926 2034 3154 2097 θεοειδὲς
3198 2035 3383 2092 ἐκεῖνο
3427 2033 3533 2101 τῆς
3574 2030 3745 2100 ψυχῆς

2135 2128 2329 2191 κάλλος
2366 2128 2427 2181 τὸ
2464 2126 2606 2180 κατὰ
2647 2126 2878 2196 μίμησιν
2906 2124 2999 2178 τοῦ
3024 2125 3391 2195 πρωτοτόκου
3428 2124 3743 2193 γενόμενον,

2134 2214 2244 2273 οἷόν
2275 2236 2358 2282 τις
2390 2218 2605 2288 σίδηρος
2626 2234 2755 2270 κατε
2765 2216 2997 2285 μελάνθη
3025 2214 3103 2284 τῷ
3126 2214 3222 2284 τῆς
3251 2214 3460 2276 κακίας
3495 2212 3561 2281 ἰῷ
3582 2229 3595 2242 ⁸
3623 2212 3743 2264 οὐκ·

2135 2313 2216 2366 ἐτι
2262 2309 2559 2381 τηνικαῦτα
2592 2309 2690 2379 τῆς
2731 2309 2937 2371 οἰκείας
2972 2306 3119 2377 αὑτῷ
3160 2306 3305 2359 κατὰ
3336 2305 3507 2376 φύσιν
3544 2304 3739 2366 εἰκόνος

2134 2404 2234 2474 τὴν
2258 2401 2419 2473 χάριν
2448 2400 2723 2467 διέσωζεν,
2755 2399 2891 2453 ἀλλὰ
2937 2400 3072 2471 πρὸς
3096 2399 3157 2453 τὸ
3187 2395 3381 2470 αἶσχος
3411 2398 3513 2466 τῆς
3559 2398 3735 2466 ἁμαρ-

2132 2494 2255 2557 τίας
2288 2492 2899 2565 μετεμορφώθη.“Ὀθεν
2929 2492 2993 2545 τὸ
3033 2491 3175 2560 μέγα
3218 2491 3318 2544 καὶ
3348 2490 3536 2561 τίμιον
3568 2488 3737 2551 τοῦτο,

2133 2588 2162 2639 6
2190 2584 2495 2656 ἄνθρωπος,
2519 2583 2595 2647 ὼς
2627 2582 2734 2636 ὑπὸ
2761 2583 2860 2655 τῆς
2892 2582 3117 2653 Γραφῆς
3143 2580 3474 2652 ὠνομάσθη,
3499 2577 3737 2632 ἐκπεσὼν

2134 2676 2236 2745 τῆς
2264 2675 2469 2736 οἰκείας
2514 2673 2689 2739 ἀξίας,
2723 2667 2834 2726 οἷον
2874 2673 3172 2742 πάσχουσιν
3203 2673 3252 2724 οἱ
3283 2669 3346 2736 ἐξ
3377 2670 3735 2740 ὀλισθήματος

2135 2764 2615 2837 ἑγκατενεχθέντες
2657 2765 2924 2837 βορϐόρῳ,
2955 2763 3052 2818 καὶ
3080 2763 3158 2835 τῷ
3189 2762 3351 2835 πηλῷ
3389 2762 3491 2832 τὴν
3533 2758 3737 2831 μορφὴν

2135 2859 2343 2914 ἑαυτῶν
2367 2857 2764 2928 ἐξαλείψαντες,
2790 2856 3181 2925 άνεπίγνωστοι
3209 2858 3308 2910 καὶ
3335 2858 3454 2919 τοῖς
3484 2854 3729 2924 συνήῦεσι

2135 2951 2405 3019 γίνονται·
2438 2950 2612 3013 οὓτως
2649 2950 2901 3013 κάκεῖνος
2945 2946 3203 3019 ἐμπεσὼν
3232 2947 3313 3018 τῷ
3359 2945 3607 3018 βορϐόρῳ
3643 2943 3736 3011 τῆς

2137 3042 2431 3112 ἁμαρτίας,
2482 3040 2732 3094 ἀπώλεσε
2780 3040 2877 3111 μὲν
2922 3039 2984 3094 τὸ
3027 3038 3189 3093 εἰκὼν
3214 3036 3361 3093 εἶναι
3408 3037 3505 3091 τοῦ
3537 3034 3736 3105 ἀφθάρ-

2136 3151 2228 3188 του
2259 3133 2424 3199 Θεοῦ,
2467 3134 2567 3204 τὴν
2612 3132 2669 3186 δὲ
2718 3131 2965 3204 φθαρτὴν
3019 3133 3113 3185 καὶ
3143 3131 3380 3202 πηλίνην
3429 3130 3615 3184 εἰκόνα
3654 3124 3735 3178 διὰ

2137 3229 2234 3295 τῆς
2261 3226 2536 3297 ἁμαρτίας
2569 3224 3017 3295 μετημφιάσατοο
3052 3224 3118 3295 ἣν
3157 3222 3467 3277 ἀποθέσθαι
3504 3219 3733 3291 συμϐου-

2136 3319 2283 3372 λεύει
2313 3320 2342 3370 ό
2374 3319 2548 3384 λόγος,
2589 3313 2700 3370 οἷόν
2733 3335 2836 3370 τινι
2880 3316 3029 3370 ὕδατι
3070 3314 3149 3386 τῷ
3196 3314 3428 3387 καθαρῷ
3463 3314 3561 3383 τῆς
3592 3308 3733 3364 πολιν

2137 3412 2286 3475 τείας
2345 3410 2827 3480 άποκλυσάμενον·
2885 3410 2962 3473 ὼς
3018 3408 3084 3463 ἂν
3140 3407 3587 3480 περιαιρεθέντος
3641 3397 3729 3455 τοῦ

2136 3505 2333 3575 γηῒνου,
2381 3501 2755 3572 καλύμματος,
2806 3502 2966 3555 πάλιν
3002 3504 3099 3572 τῆς
3141 3501 3324 3571 ψυχῆς
3364 3495 3649 3569 φανερωθῇ
3676 3490 3731 3546 τὸ

2138 3596 2353 3657 κάλλος.
2401 3593 2685 3656 ’Λπόθεσις
2736 3594 2795 3648 δὲ
2840 3592 2934 3647 τοῦ
2978 3593 3258 3664 ἀλλοτρίου
3303 3593 3456 3645 ἐστὶν
3492 3590 3524 3660 ἡ
3564 3588 3637 3649 εἰς
3676 3582 3731 3636 τδ

2143 3695 2338 3748 οἰκεῖον
2384 3693 2563 3762 ἑαυτῷ
2611 3693 2706 3745 καὶ
2756 3689 2898 3743 κατὰ
2944 3689 3103 3758 φύσιν
3138 3686 3437 3749 ὲπάνοδος’
3467 3675 3528 3736 οὗ
3560 3676 3728 3746 τυχεῖν

2145 3785 2319 3850 ἄλλως
2347 3787 2448 3853 οὐκ
2480 3787 2619 3847 ἔστι,
2655 3786 2729 3855 μὴ
2770 3778 2880 3845 οἷος
2921 3783 2978 3849 ἐξ
3011 3781 3186 3854 ἀρχῆς
3221 3778 3471 3847 ἐκτίσθη,
3501 3768 3729 3868 τοιοῦτον

2147 3876 2308 3929 πάλιν
2345 3878 2653 3947 γενόμενον.
2685 3876 2759 3929 Οὐ
2787 3874 2894 3945 γὰρ
2923 3875 3189 3943 ἡμέτερον
3216 3870 3402 3941 ἔργον,
3438 3864 3558 3919 οὐδὲ
3586 3861 3729 3912 δυνάο

2152 3986 2297 4039 μεως
2323 3968 2667 4040 ἀνθρωπίνης
2702 3966 2819 4020 ἐστὶ
2857 3963 3184 4034 κατόρθωμα
3233 3963 3267 4030 ἡ
3314 3959 3454 4030 πρὸς
3491 3954 3553 4007 τὸ
3587 3949 3727 4040 Θείον

2147 4038 2438 4132 ὁμοίωσιςέ
2483 4060 2617 4113 ἀλλὰ
2656 4058 2812 4113 τοῦτο
2853 4058 2949 4128 μὲν
2985 4056 3084 4125 τῆς
3129 4052 3222 4106 τοῦ
3263 4050 3400 4104 Θεοῦ
3435 4038 3725 4132 μεγαλοῷ-

2155 4127 2282 4225 ρεᾶς
2308 4155 2472 4217 ἐστιν,
2499 4152 2658 4215 εὐθὺς
2703 4152 2821 4221 ἆμα
2857 4127 2927 4220 τῇ
2970 4146 3161 4218 πρώτῃ
3191 4144 3403 4213 γενέσει
3443 4127 3725 4210 χαρισαμέ-

2154 4264 2246 4299 νου
2275 4248 2341 4316 τῇ
2375 4244 2532 4314 φύσει
2556 4244 2655 4312 τὴν
2688 4241 2826 4311 πρὸς
2864 4240 3022 4293 αὑτὸν
3048 4237 3363 4307 ὁμοιότητα.
3672 4281 3686 4296 ,

453 4327 551 4383 sed
593 4328 699 4385 hoc
746 4346 884 4388 sane
920 4334 1198 4405 contingit
1234 4335 1476 4393 maximo
1509 4351 1737 4393 munere
1789 4336 1906 4403 Dei,
1949 4337 2043 4409 qui
2082 4351 2111 4392 a
2165 4339 2342 4410 primo
2391 4338 2573 4392 statim
2632 4345 2754 4389 m-tu
2805 4332 2964 4386 uobis
3021 4332 3106 4385 sui
3163 4337 3249 4383 cst
3324 4317 3673 4381 similitudine

455 4423 711 4494 largitus.

527 4515 599 4593 ᾼι
622 4515 905 4573 hominum
932 4520 1103 4576 studii
1122 4530 1332 4577 tantum
1357 4523 1490 4579 illud
1522 4540 1657 4582 sane
1683 4533 1787 4590 est,
1821 4536 1880 4580 ut
1905 4540 2039 4595 quas

2219 4518 2333 4588 Τῆς
2356 4518 2413 4572 δὲ
2442 4515 2789 4587 ἀνθρωπίνης
2823 4510 3059 4580 σπουδῆς
3090 4508 3342 4563 τοσοῦτον
3381 4507 3447 4561 ἂν
3479 4502 3582 4574 εἴη,
3610 4501 3721 4595 ὅσον

458 4603 565 4661 sibi
641 4606 834 4663 sordes
869 4618 1059 4678 postea
1094 4627 1158 4667 ex
1194 4622 1422 4682 peccato
1467 4615 1571 4684 ipsi
1625 4628 2045 4680 contraxerant,

457 4711 555 4752 eas
582 4697 809 4752 omnino
846 4701 1055 4765 eluant,
1096 4703 1672 4775 pulchritudinemque
1729 4708 1873 4762 illam
1926 4708 2047 4763 illu-

458 4798 659 4855 strent,
680 4806 801 4861 qua:
824 4792 879 4847 in
902 4792 1089 4861 animo
1116 4796 1387 4850 occultata
1410 4806 1513 4852 est.
1546 4796 1829 4867 Ejusmodi
1863 4807 2046 4855 autem

457 4893 793 4955 praeceptum
828 4884 883 4938 in
913 4885 1207 4955 Evangelio
1231 4886 1520 4944 Dominmu
1548 4890 1746 4945 docere
1785 4891 2045 4955 arbitror,

458 4988 587 5032 cum
641 4975 887 5046 loquitur
935 4976 1002 5029 ad
1045 4992 1142 5031 eos
1180 4977 1274 5047 qui
1325 4980 1652 5048 sapientiam
1705 4980 1756 5033 in
1788 4981 2049 5051 mysterio

461 5067 776 5139 loquentem
833 5068 1021 5123 audire
1049 5079 1301 5140 possunt.
1354 5069 1599 5141 Regnum
1631 5070 1746 5135 Dei,
1771 5072 1950 5142 inquit
1980 5073 2045 5135 ⁸⁸,

460 5159 608 5215 intra
649 5176 750 5215 vos
790 5169 894 5218 est.
944 5160 1000 5218 Id
1045 5163 1231 5226 enim,
1265 5161 1493 5233 Opinor,
1544 5164 1825 5234 Scriptura
1884 5165 2056 5235 signi-

464 5252 624 5316 licat,
681 5266 788 5305 non
828 5269 951 5309 esse
992 5253 1240 5310 divinum
1290 5256 1493 5310 bonum
1540 5270 1568 5309 a
1620 5264 1817 5311 natura
1865 5264 2057 5311 nostra

464 5341 821 5410 ahjunctum;
877 5362 979 5402 nec
1039 5348 1226 5416 procul
1267 5348 1338 5403 ab
1382 5348 1451 5403 iis
1501 5348 1728 5413 abesse,
1783 5348 1877 5417 qui
1921 5347 2055 5403 illud

465 5435 731 5502 indagare
765 5437 1074 5494 instituant.
1114 5440 1181 5493 At
1217 5441 1270 5494 in
1320 5441 1555 5511 singulis
1589 5441 1719 5495 illud
1770 5449 1873 5503 est,
1905 5442 2057 5494 iucu-

466 5520 681 5591 guitum
746 5529 922 5582 tamen
966 5537 1133 5598 atque
1178 5530 1500 5593 obscurum,
1545 5546 1668 5584 cum
1699 5537 1753 5584 et
1787 5530 1959 5592 curis,
2001 5537 2056 5582 et

467 5612 600 5666 vitae
651 5607 1021 5678 voluptatibus
1072 5633 1447 5690 compressum
1490 5621 1562 5678 sit
1598 5641 1613 5676 :
1646 5636 1843 5678 rursus
1876 5632 2055 5677 autem

415 5759 425 5776 ’
526 5758 593 5814 ’⁸⁸
626 5779 759 5833 Luc.
783 5798 914 5857 xv",
934 5792 1033 5848 2].

2152 4612 2456 4682 ἐκκαθᾶραι
2492 4609 2652 4680 μόνον
2681 4606 2774 4658 τὸν
2823 4603 3208 4673 ἐπιγενόμενον
3248 4597 3592 4657 ἀπὸκακίας
3638 4590 3720 4663 ῥύ-

2153 4725 2252 4762 πον
2279 4703 2449 4774 αὐτῷ,
2484 4703 2579 4755 καὶ
2620 4699 2681 4752 τὸ
2726 4696 3144 4766 κεκαλυμμένον
3178 4695 3238 4747 ὲν
3279 4695 3345 4764 τῇ
3373 4691 3514 4762 ψυχῇ
3547 4684 3721 4743 κάλλος

2152 4793 2492 4863 διαφωτίσαι.
2519 4789 2592 4841 Τὸ
2622 4788 2675 4839 δὲ
2708 4785 2946 4839 τοιοῦτον
2971 4784 3147 4853 δόγμα
3179 4782 3273 4836 καὶ
3302 4786 3359 4836 ὲν
3390 4780 3464 4851 τῷ
3497 4777 3718 4840 E64772-

2154 4889 2253 4958 λίῳ
2275 4884 2546 4939 διδάσκειν
2571 4874 2723 4949 οἶμαι
2755 4878 2845 4932 τὸν
2874 4876 3098 4947 Κύριον,
3129 4874 3353 4943 λέγοντα
3386 4874 3495 4934 τοῖς
3523 4863 3717 4959 ἀκούειν

2154 4953 2471 5048 δυναμένοις
2498 4973 2596 5043 τῆς
2619 4972 2676 5025 ὲν
2709 4968 2992 5041 μυστηρίῳ
3045 4965 3380 5036 λαλουμένης
3420 4960 3617 5029 σοφίας,
3645 4953 3714 5005 ὅτι

2162 5092 2178 5123 ι
2204 5072 2267 5124 Ἡ
2296 5066 2539 5140 βασιλεία
2555 5063 2648 5116 τοῦ
2674 5062 2809 5116 Θεοῦ
2828 5060 2978 5122 ἐντὸς
2997 5060 3026 5112 ὑ
3034 5057 3149 5129 μῶν
3169 5058 3317 5110 ἐστιν
3334 5075 3347 5087 ·
3378 5075 3397 5108 ›
3414 5050 3713 5146 ἐνδείκνυταξ

2154 5139 2481 5237 γὰρ,οἷμαι,
2511 5159 2540 5210 6
2572 5156 2729 5225 λόγος
2755 5153 2922 5224 αὐτῷ,
2947 5153 3028 5206 ὅτι
3053 5151 3115 5205 τὸ
3148 5150 3244 5203 τοῦ
3278 5148 3411 5202 Θεοῦ
3447 5139 3633 5212 ἀγαθὸν
3658 5139 3714 5235 οὐ

2153 5259 2431 5327 διώρισται
2456 5252 2555 5321 τῆς
2585 5249 2799 5320 φύσεως
2831 5245 3006 5317 ἡμῶν,
3040 5243 3160 5296 οὐδὲ
3194 5239 3470 5314 πόρρωθέν
3507 5238 3715 5327 arcu-702V

2154 5315 2337 5419 ζητεῖν
2363 5344 2494 5399 αὐτὸ
2513 5315 2974 5414 -προαιρουμένων
2995 5334 3306 5406 ἀπῴκισται
3325 5352 3339 5367 ·
3532 5327 3585 5377 ὲν

2156 5405 2265 5510 eam
2290 5439 2458 5499 ἐστὶν,
2494 5434 2855 5504 ἀγνοούμενον
2888 5429 2985 5499 μὲν
3028 5428 3121 5480 καὶ
3151 5426 3429 5486 λανθάνον,
3469 5421 3585 5510 ὅταν
3621 5405 3715 5463 ὑπδ

2162 5503 2270 5584 τῶν
2296 5526 2574 5598 μεριμνῶν
2614 5541 2674 5577 τε
2703 5503 2811 5575 καὶ
2848 5516 3050 5588 ἡδονῶν
3082 5516 3176 5569 τοῦ
3206 5516 3320 5587 βίου
3356 5503 3713 5598 συμπνίγηταν

2165 5592 2550 5691 εὑρισκόμενον
2576 5616 2631 5670 δὲ
2671 5612 2853 5680 πάλιν,
2884 5611 3010 5665 ὅταν
3048 5610 3130 5675 εἰς
3168 5608 3344 5661 ἐκεῖνο
3374 5604 3465 5674 τὴν
3502 5592 3712 5650 διάνοιαν
