4026 6424
372 366 438 422 73
1688 363 1772 418 DE
1814 361 2278 419 VlllGINlTATE.

3528 325 3663 403 δην

337 478 496 552 ἡμῶν
538 480 991 556 ἐπιστρέψωμεν
1036 485 1083 538 εί
1213 482 1318 555 χρὴ
1359 481 1450 536 καὶ
1497 481 1562 534 δι’
1600 480 1803 552 ἐτέρων
1844 481 1935 535 τὸν

2049 481 2317 537 invenitur
2364 495 2491 536 cum
2543 486 2804 545 mentem,
2849 477 3206 546 animumque
3258 475 3513 526 nostrum
3563 464 3632 519 ad

337 570 498 639 λόγον
534 572 934 639 πιστώσασθαι,
966 575 1123 630 τοῦτο
1154 575 1250 629 καὶ
1287 576 1347 627 ὲν
1376 577 1443 645 τῇ
1474 570 1809 643 ἁναζητήσει
1841 574 1943 644 τῆς

338 653 722 736 άπολλυιὲένης
769 667 1022 740 δραχμῆς
1076 670 1210 739 ἡμῖν
1257 665 1611 721 ὑποτίθεσθαι
1658 662 1810 737 οἶμαι
1853 666 1947 720 τὸν

339 752 567 826 Κύριον,
592 756 668 820 ὡς
695 758 846 812 οὐδὲν
882 759 1071 829 ὄφελος
1110 762 1176 811 ἐκ
1218 757 1329 811 τῶν
1370 758 1573 813 λοιπῶν
1613 757 1844 830 ἀρετῶν,
1879 756 1946 821 ἃς

338 847 592 918 δραχμὰς
621 851 649 903 ὁ
673 849 829 919 λόγος
867 850 1140 922 ὠνόμασε,
1171 850 1276 904 κᾶν
1314 853 1485 904 πᾶσαι
1532 850 1806 921 παροῦσαι
1849 847 1944 901 τύ-

339 955 500 1007 χωσι,
531 941 631 1010 τῆς
659 943 787 1012 μιᾶς
817 942 1030 1013 ἐκείνης
1054 942 1302 1012 ἀπούσης
1335 944 1402 1013 τῇ
1433 941 1744 1012 χηρευούσῃ
1772 940 1939 1012 ψυχῇο

341 1030 444 1081 Διὰ
478 1030 637 1084 τοῦτο
670 1032 884 1102 πρῶτον
911 1036 1007 1106 μὲν
1034 1035 1229 1091 ἅπτειν
1271 1037 1465 1106 λύχνον
1494 1033 1675 1088 ἐλαίου
1710 1033 1942 1095 κελεύει,

337 1121 430 1173 τὸν
463 1119 621 1191 λόγον
649 1122 790 1195 τάχα
829 1126 1107 1195 σημαίνων
1151 1128 1242 1181 τὸν
1277 1127 1347 1181 τὰ
1387 1128 1749 1197 κεκρυμμένα
1776 1124 1944 1194 φωτί-

338 1213 507 1277 ζοντα
523 1231 539 1245 ’
561 1210 685 1269 εἶτα
703 1217 763 1269 ἐν
792 1218 855 1288 τῇ
881 1216 986 1288 ἰδίᾳ
1006 1219 1174 1290 οίκίᾳ,
1199 1218 1494 1281 τουτέστιν,
1529 1218 1587 1270 ἐν
1621 1214 1817 1287 ἑαυτῷ,
1845 1215 1942 1285 ζη-

337 1309 456 1359 τεῖν
479 1307 581 1377 τὴν
597 1307 977 1381 ἀπολλυμένην
1000 1311 1271 1383 δραχμήν.
1290 1313 1387 1364 Διὰ
1409 1311 1464 1364 δὲ
1486 1310 1584 1382 τῆς
1604 1309 1943 1380 ζητουμένης

336 1400 594 1471 δραχμῆς
614 1402 715 1473 τὴν
742 1403 926 1458 εἰκόνα
959 1405 1173 1469 πάντως
1202 1404 1297 1459 τοῦ
1329 1404 1592 1475 βασιλέως
1620 1402 1941 1468 αἰνίσσεται,

338 1493 438 1564 τὴν
466 1495 592 1565 οὐχὶ
612 1497 890 1562 παντελῶς
919 1499 1324 1570 ἀπολλυμένην,
1351 1499 1487 1553 ἀλλὰ
1519 1498 1945 1571 ὑποκεκρυμμέ-

340 1604 441 1655 νην
469 1590 538 1659 τῇ
570 1590 778 1661 κόπρῳ.
831 1592 1050 1662 Κύπρον
1094 1593 1152 1646 δὲ
1185 1593 1292 1665 χρὴ
1340 1595 1505 1657 νοεῖν,
1537 1592 1612 1655 ὼς
1640 1586 1816 1662 οἶμαι,
1846 1590 1944 1662 τὴν

339 1680 440 1749 τῆς
473 1680 678 1751 σαρκὸς
717 1682 1021 1754 ῥυπαρίανε
1055 1680 1123 1757 ἧς
1167 1684 1623 1756 ἀποσαρωθείσης
1669 1683 1766 1737 καὶ
1807 1685 1942 1737 ἀνα.

338 1769 713 1843 καθαρθείσης
750 1772 840 1827 διὰ
862 1775 961 1846 τῆς
1004 1776 1322 1847 ἐπιμελείας
1346 1776 1439 1831 τοῦ
1466 1776 1604 1847 βίου,
1627 1776 1851 1848 ἔκδηλον
1881 1774 1944 1829 τὸ

336 1861 676 1933 ζητούμενον
717 1843 983 1936 γίνεσθαι,
1027 1843 1115 1939 sap;
1150 1862 1196 1939 ᾧ
1251 1843 1477 1934 εἰκότως
1516 1869 1691 1940 αὐτὴν
1732 1843 1793 1923 τε
1841 1869 1942 1939 τὴν
1977 1843 2017 1897 Β

336 1952 611 2023 εὑροῦσαν
647 1955 861 2027 χαίρειν
903 1956 1106 2029 ψυχὴν,
1145 1959 1239 2013 καὶ
1276 1961 1356 2023 είς
1388 1958 1674 2013 κοινωνίαν
1709 1960 1809 2028 τῆς
1852 1959 1944 2016 εὑ-

337 2045 618 2115 ιρροσύνης
652 2050 1217 2122 συμπαραλαμϐάνειν
1253 2052 1361 2116 τὰς’
1385 2051 1654 2120 γείτονας.
1698 2050 1789 2122 Τῷ
1830 2032 1975 2105 ὅντιδ

336 2136 450 2208 γάρ
488 2139 664 2193 πᾶσαι
689 2140 747 2194 αί
780 2140 1018 2197 σύνοικοι
1049 2142 1151 2213 τῆς
1193 2143 1372 2214 ψυχῆς
1413 2143 1694 2214 δυνάμεις,
1733 2143 1800 2208 ἃς
1829 2144 1944 2214 γεί-

338 2244 502 2291 τονας
542 2228 640 2283 νῦν
681 2233 1143 2304 προσηγόρευσεν.
1187 2234 1408 2288 ἐπειδάν
1452 2234 1808 2308 άνακαλυφθῇ
1848 2236 1945 2290 καὶ

337 2319 600 2392 ἐκλάμψῃ
637 2320 776 2393 αὕτη
820 2325 855 2394 ή
905 2323 1002 2379 τοῦ
1048 2326 1286 2396 μεγάλου
1330 2325 1596 2397 βασιλέως
1644 2326 1831 2392 εἰκὼν,
1875 2327 1944 2399 ἢν

337 2413 400 2479 ἐξ
446 2412 624 2484 ἀρχῆς
666 2413 1038 2487 ὲνεο-ημήνατο
1086 2417 1244 2489 ήμῶν
1280 2421 1347 2490 τῇ
1390 2419 1606 2491 δραχμῇ
1652 2420 1682 2473 ὁ
1730 2418 1943 2484 πλάσας

339 2504 487 2556 κατὰ
515 2503 683 2574 μόνας
712 2506 812 2566 τὰς
842 2506 1072 2578 καρδίας
1122 2507 1300 2578 ἡμῶν,
1349 2509 1472 2563 τότε
1511 2510 1606 2563 ἐπὶ
1649 2508 1748 2581 τὴν
1793 2508 1944 2564 θείαν

338 2594 565 2666 ἐκείνην
584 2596 758 2668 χαράν
804 2614 866 2650 τε
900 2599 996 2652 καί¹
1029 2599 1371 2672 εὐφροσύνην
1415 2602 1943 2674 ἐπιστραφήσονται,

337 2684 419 2755 τῷ
463 2684 731 2757 ἀφράστῳ
781 2687 969 2743 κάλλει
1009 2688 1105 2743 τοῦ
1154 2690 1470 2760 εὑρεθέντος
1516 2692 1940 2756 ὲνατενίζουσαι.

346 2793 366 2827 ε
393 2776 715 2848 Συγχάρητε
740 2796 759 2828 ι
785 2778 893 2850 γάρ
918 2799 938 2832 ‹
964 2796 1074 2851 μοι,
1110 2800 1129 2833 ο
1152 2781 1338 2852 φησὶν,
1375 2801 1393 2833 ι
1420 2783 1503 2837 ὅτι
1524 2777 1683 2854 εὗρον
1702 2783 1804 2855 τὴν
1821 2784 1945 2855 δρα-

338 2867 491 2938 χμὴν
537 2867 605 2938 ἢν
653 2867 930 2925 ἀπώλεσα.
971 2889 992 2921 ι
1023 2872 1090 2924 Al
1137 2871 1195 2925 δὲ
1240 2873 1501 2942 γείτονες,
1544 2875 1663 2945 ἦτοι
1708 2872 1944 2930 σύνοικοι

339 2959 442 3027 τῆς
464 2958 643 3030 ψυχῆς
663 2959 921 3032 δυνάμεις
946 2963 1038 3039 ἐπὶ
1057 2966 1125 3035 τῇ
1151 2965 1367 3036 εὑρέσει
1397 2965 1499 3037 τῆς
1518 2966 1669 3031 θείας
1692 2965 1946 3038 δραχμῆς

341 3050 792 3121 εὐφραινόμεναι,
823 3055 857 3125 ἠ
883 3053 1086 3126 λογική
1119 3074 1181 3109 τε
1223 3058 1318 3111 καὶ
1359 3059 1754 3131 ὲπιθυμητικὴ,
1783 3059 1881 3114 καὶ
1909 3060 1945 3131 ἠ

342 3140 491 3196 κατὰ
514 3141 691 3213 λύπην
722 3160 783 3197 τε
815 3145 908 3197 καὶ
952 3146 1123 3218 ὀργὴν
1173 3150 1499 3221 ἐγγινομένη
1550 3150 1811 3217 διάθεσις,
1848 3151 1946 3206 καὶ

343 3232 400 3285 ετ
421 3249 569 3297 τινες
598 3233 754 3289 ἄλλαι
783 3234 1042 3307 δυνάμεις
1071 3237 1178 3291 εἰσὶ
1218 3239 1347 3311 περὶ
1371 3239 1470 3313 τὴν
1496 3240 1676 3313 ψυχὴν
1710 3241 1950 3315 θεωρού-

2047 573 2183 628 illud
2228 575 2710 639 converterimus;
2770 572 2856 628 sin
2903 578 3086 625 autem
3120 583 3186 622 ex
3239 562 3366 618 aliis
3411 569 3635 630 quoque

2047 666 2174 732 hoc,
2234 665 2382 737 quod
2442 665 2700 728 dicimus,
2744 662 3132 718 conﬁrmatum
3168 658 3236 713 iri
3285 661 3525 726 Oportet,
3577 649 3632 702 in

2047 756 2264 812 amissae
2314 755 2595 823 drachma:
2639 753 3011 824 indagatione,
3074 750 3179 803 hoc
3235 747 3413 817 ipsum
3474 740 3634 797 nobis

2047 845 2339 902 Dominum
2389 848 2690 917 pracipere
2723 859 2946 910 censeo,
2987 842 3147 913 quasi
3179 855 3211 895 e
3267 836 3480 894 caeteris
3522 833 3636 886 vir-

2047 939 2279 1004 tutibus,
2310 955 2450 1011 quas
2483 939 2777 995 drachmas
2802 937 2893 991 ille
2933 934 3169 999 vocavit,
3194 928 3408 988 etiamsi
3441 938 3635 981 omnes

2045 1033 2250 1097 adsint,
2285 1033 2379 1086 illa
2411 1040 2594 1088 tamen
2628 1046 2737 1085 una
2777 1034 2988 1085 remota
3022 1026 3096 1082 sit
3130 1025 3199 1080 ab
3232 1021 3415 1076 animo
3446 1017 3632 1078 viduo,

2047 1126 2195 1180 nulla
2232 1125 2463 1180 exsistat
2492 1124 2720 1179 utilitas.
2761 1121 3060 1191 Propterea
3088 1118 3370 1173 lucernam
3398 1111 3635 1182 primum

2046 1216 2267 1289 quidem
2327 1215 2735 1285 accendijubet
2797 1233 2813 1270 :
2864 1216 3133 1268 rationem
3201 1208 3348 1264 enim
3398 1203 3639 1259 fortasse

2044 1311 2340 1383 signiﬁcat,
2360 1325 2481 1381 quae
2506 1325 2595 1365 res
2613 1307 2880 1371 occultas,
2899 1313 3061 1375 atque
3077 1303 3345 1358 obscuras
3364 1298 3601 1353 illustrat
3622 1311 3635 1349 :

2045 1399 2246 1455 deinde
2264 1413 2380 1455 sum
2410 1412 2685 1469 quemque
2717 1395 2888 1460 domi,
2914 1408 3107 1464 nempe
3134 1392 3188 1446 in
3237 1391 3419 1460 seipse
3472 1385 3640 1441 amis-

2044 1506 2161 1548 sam
2195 1491 2516 1547 drachmam
2553 1491 2843 1561 exquirere
2871 1490 3007 1544 vult.
3056 1486 3172 1541 Hac
3198 1484 3333 1539 sane
3361 1480 3640 1537 drachma:

2046 1581 2399 1654 indagatione
2450 1580 2656 1638 summi
2686 1581 2830 1650 regis
2888 1577 3182 1648 imaginem
3214 1572 3379 1627 tacite
3409 1565 3637 1637 intelligi

2044 1684 2285 1746 oportet,
2314 1690 2438 1745 quae
2466 1690 2575 1729 non
2596 1673 2756 1745 plane
2788 1672 3015 1732 amissa,
3038 1668 3135 1724 sed
3172 1667 3275 1722 sub
3301 1663 3430 1718 (iuno
3453 1659 3640 1715 occul-

2048 1774 2160 1820 tata
2187 1773 2290 1822 est.
2324 1765 2541 1820 Fimum
2571 1777 2719 1827 vero.
2753 1770 2814 1817 ut
2841 1760 3103 1823 arbitror,
3135 1754 3320 1812 carnis
3352 1759 3437 1808 est
3471 1750 3642 1804 inter-

2045 1858 2310 1930 pretanda
2376 1856 2780 1920 immundities,
2837 1854 2999 1923 cujus
3076 1848 3334 1906 sordibus
3394 1840 3641 1916 purgatis

2045 1958 2215 2022 atque
2267 1949 2472 2005 ablutis
2504 1948 2858 2018 perspicuum
2892 1943 2946 1999 id
2983 1942 3064 2007 ﬁt,
3111 1939 3257 2012 quod
3311 1935 3577 2007 (puer-itur
3622 1950 3638 1986 :

2043 2059 2155 2117 quo
2181 2043 2426 2106 invento,
2452 2057 2552 2112 par
2584 2050 2669 2097 est
2693 2050 2743 2095 et
2774 2039 2977 2109 ipsum,
3012 2035 3105 2107 qui
3132 2032 3360 2093 invenit,
3390 2028 3641 2083 animum

2046 2136 2310 2209 gaudere,
2345 2142 2512 2205 atque
2542 2133 2611 2189 ad
2641 2132 2818 2203 ipsius
2859 2128 3044 2202 gaudii
3083 2125 3401 2183 societatem
3430 2117 3643 2174 vicinas

2044 2227 2347 2285 asciscere.
2375 2224 2583 2280 thnnes
2614 2223 2760 2280 enim
2800 2237 2860 2277 re
2886 2236 3015 2276 vera
3057 2213 3484 2274 contubernales
3524 2208 3644 2262 ani-

2046 2319 2122 2376 mi
2153 2324 2476 2391 potestates,
2510 2330 2650 2388 quas
2711 2328 2858 2369 nunc
2888 2312 3100 2368 vicinas
3145 2303 3461 2378 appellavit,
3517 2314 3642 2356 cum

2049 2413 2168 2483 ipsa
2211 2411 2397 2484 magni
2458 2409 2604 2480 regis
2636 2406 2904 2479 patefacta
2972 2405 3154 2473 imago
3190 2398 3426 2463 refulsit,
3477 2408 3643 2464 quam

2048 2505 2211 2560 initio
2234 2483 2428 2560 nostra
2458 2500 2724 2559 drachma
2757 2500 2804 2554 is
2842 2493 3195 2568 signiﬁcavit,
3226 2489 3321 2561 qui
3345 2483 3643 2557 separatim

2047 2603 2243 2654 nostra
2279 2594 2450 2651 corda
2485 2591 2786 2648 eli‘ecerat:
2825 2600 2940 2643 tum
3001 2582 3377 2641 incredibilem
3430 2576 3508 2633 rei
3558 2575 3647 2629 in-

2048 2694 2224 2744 ventae
2268 2682 2735 2757 pulchritudinem
2771 2680 2876 2734 ilhc
2905 2685 3115 2733 attente
3178 2671 3542 2743 aspicientes,
3577 2663 3646 2718 ad

2048 2778 2297 2834 divinum
2346 2776 2480 2832 illud
2512 2774 2773 2846 gaudium
2838 2769 3197 2837 lzetitiamque
3230 2768 3642 2818 convertentur.

2055 2888 2075 2923 ι
2139 2865 2637 2940 Congratulamini,
2687 2882 2706 2915 ι
2773 2862 2972 2932 inquit,
3011 2879 3029 2911 ι
3100 2855 3255 2918 mihi,
3298 2852 3427 2922 quia
3460 2847 3644 2940 inveni

2049 2939 2393 3026 drachmam,
2431 2971 2596 3029 quam
2637 2954 2981 3026 perdideram
3021 2950 3083 3003 ιτ.
3127 2968 3146 3000 ι
3213 2944 3421 2999 Vicina:
3474 2939 3643 2997 enim.

2050 3056 2158 3111 hoc
2179 3061 2284 3119 est,
2313 3048 2773 3109 conturbernales
2803 3042 2971 3099 animi
3030 3046 3356 3112 potestates,
3388 3046 3512 3103 quae
3558 3029 3646 3084 di-

2049 3148 2178 3205 vina
2210 3145 2473 3203 drachma
2512 3142 2731 3197 inventa
2761 3138 3020 3213 gaudent,
3046 3134 3131 3213 hac
3165 3131 3361 3186 merito
3390 3139 3515 3182 esse
3548 3137 3648 3192 pu-

2052 3248 2241 3296 tantur
2271 3279 2286 3302 ,
2340 3237 2483 3292 ratio
2527 3234 2738 3291 scilicet
2755 3206 2789 3295 ,_
2831 3206 3128 3301 appetitio',
3179 3221 3386 3280 doloris
3447 3219 3648 3286 ineque

349 3338 532 3392 μεναι,
584 3323 810 3389 εἰκότως
852 3305 933 3378 ἂν
979 3326 1075 3379 καὶ
1121 3305 1458 3398 φίλαι-εῖναι
1501 3305 1836 3402 νομίζονται,
1885 3332 1946 3398 ἃς

2052 3329 2392 3393 aﬂ‘ectiones;
2429 3333 2484 3380 et
2505 3325 2550 3381 si
2578 3337 2702 3394 quze
2729 3321 2851 3375 alia:
2911 3316 3297 3385 intelliguntur
3336 3309 3536 3365 animae
3564 3305 3646 3359 fa-

344 3412 529 3477 πάσας
557 3414 678 3468 τότε
717 3414 927 3485 χαίρειν
976 3418 1035 3470 ὲν
1081 3419 1272 3490 Κυρίῳ
1308 3421 1479 3485 εἰκὸς,
1513 3422 1643 3476 ὅταν
1681 3424 1740 3476 αἱ
1777 3424 1952 3478 πᾶσαι

347 3505 488 3575 πρὸς
517 3505 579 3559 τὸ
611 3507 775 3560 καλόν
800 3524 859 3561 τε
899 3508 997 3562 καὶ
1023 3510 1228 3580 ἀγαθὸν
1256 3512 1519 3583 βλέπωσι,
1547 3516 1641 3569 καὶ
1669 3517 1845 3571 πάντα
1870 3518 1952 3581 είς

344 3595 508 3758 ῗόίαν
543 3598 679 3653 Θεοῦ
730 3601 1033 3672 ἐνεργῶσι,
1089 3605 1299 3676 μηκέτι,
1333 3607 1434 3677 τῆς
1489 3607 1763 3679 ἁμαρτίας
1807 3608 1950 3663 ὅπλα

387 3707 406 3742 ι
473 3706 653 3760 μεναι.

417 3863 605 3925 Είοῦν
635 3870 773 3942 αὕτη
822 3873 971 3926 ἐστὶν
1016 3874 1051 3944 ή
1094 3873 1309 3930 ἐπίνοια
1341 3875 1439 3946 τῆς
1479 3877 1576 3930 τοῦ
1608 3878 1942 3948 ζητουμένου

346 3960 652 4033 εὑρήσεως,
679 3964 714 4032 ἡ
738 3965 836 4034 τῆς
863 3963 1013 4029 Θείας
1056 3966 1266 4029 εἰκόνος
1291 3970 1371 4031 είς
1394 3968 1456 4022 τὸ
1481 3969 1707 4040 ἀρχαῖον
1732 3974 1945 4025 ἀποκα-

346 4055 633 4118 τάστασις,
666 4056 764 4125 τῆς
799 4055 894 4109 νῦν
925 4058 983 4109 ἐν
1010 4057 1091 4127 τῷ
1115 4058 1214 4126 τῆς
1251 4062 1454 4131 σαρκὸς
1480 4062 1638 4133 ῥύπῳ
1669 4065 1944 4135 κεκαλυμ-

350 4146 545 4217 μένης,
577 4148 752 4200 ἐκεῖνο
780 4147 1068 4220 γενώμεθα
1093 4150 1122 4204 ὃ
1147 4147 1218 4222 ἦν
1246 4153 1396 4223 παρὰ
1433 4153 1534 4224 τὴν
1567 4153 1791 4225 πρώτην
1821 4157 1946 4209 ἐαυο

347 4237 447 4290 τοῦ
470 4236 615 4308 ζωὴν
636 4238 665 4289 ὁ
687 4241 1132 4310 πρωτόπλαστος.
1160 4243 1226 4296 Τί
1254 4239 1347 4297 οὖν
1376 4245 1579 4307 ἐκεῖνος
1601 4240 1702 4315 ἦν;
1733 4247 1946 4316 Γυμνὸς

353 4331 457 4399 μὲν
484 4330 583 4399 τῆς
604 4330 711 4385 τῶν
734 4334 944 4405 νεκρῶν
967 4333 1251 4405 δερμάτων
1282 4336 1559 4405 ἐπιϐολῆς,
1576 4338 1636 4389 ὲν
1664 4339 1948 4410 παρρησία

277 4418 299 4445 ⁵
349 4395 409 4472 δὲ
429 4418 495 4472 τὸ
522 4395 617 4473 τοῦ
662 4421 797 4475 θεοῦ
833 4395 1137 4496 ’πρόσω-πον
1165 4427 1398 4497 βλέπων,
1431 4395 1585 4481 οὔπω
1618 4429 1675 4482 δὲ
1699 4395 1794 4487 aia;
1818 4395 1944 4497 γεύἰ

352 4524 496 4570 σεως
523 4509 617 4561 καὶ
644 4510 887 4581 ὁράσεως
921 4512 984 4565 τὸ
1028 4513 1194 4568 καλὸν
1242 4515 1466 4586 κρίνων,
1499 4515 1636 4569 άλλὰ
1663 4515 1821 4588 μόνον
1850 4518 1945 4571 τοῦ

352 4598 565 4668 Κυρίου
589 4601 974 4672 κατατρυφῶν,
999 4602 1092 4657 καὶ
1113 4606 1177 4675 τῇ
1195 4605 1412 4680 δοθείσῃ
1435 4605 1615 4678 βοηθῷ
1640 4607 1777 4677 πρὸς
1789 4607 1948 4660 τοῦτο

2049 3422 2310 3485 cultates,
2342 3417 2540 3473 merito
2572 3415 2765 3469 amica:
2797 3411 2958 3468 etiam
2995 3407 3319 3466 creduntur,
3353 3415 3494 3471 quas
3526 3397 3648 3467 qui-

2049 3513 2172 3569 dem
2221 3523 2418 3564 onmes
2454 3520 2671 3576 aequum
2729 3511 2813 3559 est
2852 3503 2908 3555 in
2958 3498 3191 3554 Domino
3225 3504 3338 3551 tum
3386 3490 3644 3563 gaudere,

2048 3611 2248 3660 cumet
2279 3601 2346 3656 ad
2372 3600 2687 3660 honestum,
2712 3602 2768 3650 et
2804 3592 2874 3647 ad
2915 3591 3119 3646 bonum
3159 3598 3353 3641 omnes
3379 3590 3649 3636 contuen-

2053 3706 2145 3753 tur
2174 3713 2190 3751 :
2232 3707 2411 3764 neque
2441 3689 2651 3762 peccati
2680 3686 2917 3756 amplius
2947 3696 3100 3737 arma
3128 3690 3279 3741 sunt,
3320 3676 3413 3733 sed
3447 3680 3647 3729 cuncta

2047 3787 2289 3844 cilicium
2312 3798 2435 3854 qua:
2474 3780 2539 3835 ad
2578 3779 2668 3833 Dei
2702 3777 2931 3847 gloriam
2954 3776 3191 3827 maxime
3227 3775 3501 3839 spectant.

2120 3876 2490 3946 Quamobrem
2516 3873 2561 3928 si
2612 3871 2752 3924 ratio
2779 3869 2896 3923 lure
2927 3874 3015 3922 est
3057 3861 3373 3919 inveniendi
3422 3860 3477 3915 id
3500 3858 3645 3929 quod

2048 3970 2335 4042 quaeritur,
2369 3974 2429 4021 ut
2461 3964 2708 4019 divinam
2742 3960 3061 4031 imaginem,
3111 3971 3235 4026 qua:
3262 3954 3448 4009 carnis
3479 3952 3650 4007 sordi-

2049 4065 2154 4121 bus
2181 4063 2434 4118 demersa
2461 4060 2534 4113 sit
2576 4056 2630 4110 in
2656 4055 2929 4123 integrum
2960 4052 3313 4105 restituamus
3342 4064 3355 4101 :
3389 4061 3491 4100 nos
3516 4045 3646 4099 illud

2050 4170 2184 4212 sane
2211 4153 2534 4217 efﬁciamur,
2572 4147 2718 4218 quod
2779 4144 3053 4215 principio
3084 4142 3130 4196 is
3164 4141 3360 4202 fuerat,
3402 4137 3495 4207 qui
3530 4138 3646 4206 pri-

2050 4261 2200 4301 mum
2265 4243 2567 4312 fabricatus
2610 4248 2695 4294 est
2725 4238 2911 4291 homo.
2943 4232 3085 4299 Quid
3115 4232 3282 4302 igitur
3317 4230 3451 4284 illud
3483 4228 3650 4283 erat?

2051 4336 2245 4392 Nudus
2267 4334 2488 4405 quidem
2520 4334 2587 4398 is,
2621 4328 2853 4385 necdum
2876 4326 3112 4381 mortuis
3139 4324 3371 4395 pellibus
3389 4322 3644 4386 amictus,

2051 4430 2222 4486 libere
2258 4434 2441 4483 autem
2486 4425 2577 4479 Dei
2612 4422 2808 4477 faciem
2847 4434 3104 4483 cernens,
3138 4431 3317 4487 neque
3357 4416 3538 4469 adhuc
3580 4429 3646 4468 ex

2050 4526 2271 4592 gustatu
2300 4526 2356 4573 et
2379 4523 2604 4586 aspectu
2648 4512 2977 4568 suavitatem
3008 4510 3272 4572 sentiens,
3293 4513 3387 4564 sed
3416 4506 3648 4562 Domino

2051 4612 2230 4669 solum
2263 4608 2590 4668 delectatus,
2619 4602 3028 4674 adjutorioque,
3054 4599 3203 4672 quod
3222 4601 3288 4654 ad
3321 4598 3445 4664 hoc,
3473 4604 3532 4650 ut
3566 4597 3648 4649 di-

324 4690 762 4769 .ouyxptbpevog,
814 4693 1000 4758 καθὼς
1060 4696 1479 4769 ἐπισημαίνεται
1506 4700 1540 4769 ἡ
1574 4698 1693 4752 Θεία
1729 4697 1944 4771 Γραφὴ,

2054 4703 2194 4759 vina:
2222 4699 2522 4755 ostendunt
2556 4693 3062 4761 Litterm,datumei
3091 4701 3227 4755 erat,
3268 4691 3432 4746 simul
3464 4698 3643 4743 utens.

349 4780 437 4833 ὅτι
489 4781 553 4834 οὐ
607 4782 871 4857 πρότερον
901 4784 1071 4855 αὐτὴν
1104 4785 1271 4855 ἔγνω,
1318 4788 1446 4859 πρὶν
1477 4788 1819 4860 ἐξορισθῆναι
1851 4787 1945 4843 τοῦ

352 4875 710 4946 παραδείσου,
740 4878 837 4930 καὶ
868 4879 999 4948 πρὶν
1027 4879 1246 4950 ἐκείνην
1285 4882 1408 4934 ἀντὶ
1446 4862 1548 4953 τῆς
1577 4882 1854 4954 ἁμαρτίας
1880 4884 1948 4956 ἥν

349 4965 701 5036 ἀπατηθεῖσα
724 4967 1024 5040 ἐξήμαρτε,
1043 4973 1112 5042 τῇ
1151 4970 1260 5024 τῶν
1283 4971 1488 5027 ὠδίνων
1510 4976 1755 5047 τιμωρίᾳ
1775 4993 1947 5031 κατα-

350 5056 633 5128 κριθῆναι.
660 5059 735 5111 At‘
759 5053 828 5130 ἧς
865 5060 1049 5115 τοίνυν
1077 5061 1400 5128 ἀκολουθίας
1429 5064 1534 5130 ἔξω
1558 5066 1652 5120 τοῦ
1685 5067 1948 5138 παραδεί-

351 5164 455 5202 σου
489 5149 816 5221 γεγόναμεν,
869 5153 949 5225 τῷ
994 5153 1307 5227 προπάτορι
1344 5157 1824 5227 ωνεκὸληθέντες,
1853 5161 1950 5214 καὶ

351 5241 456 5294 νῦν
510 5242 601 5295 διὰ
640 5244 740 5313 τῆς
787 5245 959 5317 αὐτῆς
1007 5245 1219 5312 ἔξεστιν
1271 5250 1406 5319 ἡμῖν
1449 5248 1993 5322 παλινδρομήσασιν’

348 5333 675 5390 ἐπανελθεῖν
709 5338 806 5391 ἐπὶ
826 5338 926 5408 τὴν
952 5339 1190 5411 ἀρχαίαν
1226 5341 1625 5413 μακαριότητα,
1665 5343 1762 5407 Τίς
1789 5338 1882 5398 οὖν
1914 5347 1948 5417 ή

348 5426 688 5493 ἀκολουθίας
728 5429 919 5502 ⁹Ηδονὴ
957 5432 1079 5485 τότε
1110 5432 1180 5485 δι’
1220 5433 1439 5505 ἀπάτης
1482 5434 1812 5507 ἐγγενομένη
1851 5438 1950 5507 τῆς

346 5517 688 5584 ἐκπτώσεως
715 5522 935 5592 ῆρξατο.
972 5520 1103 5577 Εἶτα
1118 5524 1353 5596 αἰσχύνη
1368 5526 1464 5580 καὶ
1489 5527 1653 5595 φόϐος
1685 5527 1762 5598 τῷ
1786 5530 1947 5584 πάθει

347 5613 454 5683 τῆς
487 5610 685 5683 ἡδονῆς
712 5614 1143 5687 ἐπηκολούθησε,
1189 5619 1285 5674 καὶ
1321 5620 1402 5687 τὸ,
1450 5620 1647 5691 μηκέτι
1682 5622 1869 5677 λοιπὸν
1891 5626 1949 5678 ἐν

429 5784 476 5821 ⁸⁷
514 5782 649 5842 Luc.
688 5802 775 5853 xv,
814 5788 866 5844 9.
947 5790 988 5822 ⁸⁸
1026 5788 1161 5847 Gen.
1198 5808 1272 5858 ιν,
1304 5794 1355 5849 ι.

2044 4792 2166 4849 Νοη
2199 4792 2346 4847 enim
2388 4789 2544 4861 prius
2589 4787 2754 4841 Evam
2798 4784 3076 4854 cognovit,
3119 4796 3283 4853 quam
3332 4796 3363 4835 e
3390 4778 3648 4850 paradiso

2046 4885 2312 4957 expulsus
2346 4890 2433 4939 est
2457 4881 2523 4947 η,
2555 4880 2757 4950 illaque
2807 4877 3061 4933 dolorum
3111 4883 3302 4945 partus
3375 4869 3647 4941 supplicio

2045 4978 2306 5034 damnata
2327 4984 2478 5032 esset
2503 4973 2575 5030 ob
2603 4978 2914 5044 peccatum,
2944 4968 3091 5039 quod
3119 4967 3245 5023 dolo
3271 4965 3646 5018 circumventa

2047 5071 2366 5126 admiserat.
2399 5069 2543 5138 Ergo
2579 5081 2687 5137 qua
2723 5080 2857 5121 sane
2887 5064 2972 5116 via
3001 5079 3030 5117 e
3062 5058 3320 5131 paradiso
3362 5055 3521 5126 primi
3556 5071 3647 5108 no-

2047 5165 2149 5220 stri
2184 5164 2431 5236 parentis
2461 5175 2628 5216 causa
2664 5173 2766 5213 nos
2795 5157 2954 5227 ejecti
2980 5169 3193 5214 sumus,
3234 5149 3424 5206 eadem
3460 5146 3643 5218 profe-

2046 5266 2139 5311 cto
2176 5256 2336 5311 nobis
2384 5253 2532 5316 licet,
2563 5251 2608 5306 si
2641 5265 2838 5306 rursus
2871 5248 2925 5302 in
2956 5261 3123 5301 cursu
3147 5242 3379 5307 erimus,
3430 5240 3497 5295 ad
3530 5238 3644 5309 pri-

2050 5347 2251 5402 stinam
2310 5343 2708 5400 beatitudinem
2766 5339 2965 5395 redire.
3002 5335 3135 5403 Quae
3191 5334 3358 5403 igitur
3402 5331 3488 5385 via
3523 5331 3646 5388 est?

2057 5437 2320 5508 Voluptas
2353 5447 2470 5491 tum
2507 5436 2727 5507 quidem
2796 5429 3007 5494 fraude,
3039 5428 3277 5497 doloque
3335 5425 3580 5488 inducta,
3613 5438 3642 5476 a

2052 5540 2297 5601 peccato,
2331 5530 2556 5598 lapsuve
2591 5527 2806 5580 initium
2854 5522 3081 5586 habuit;
3132 5519 3331 5617 dei'nde
3369 5518 3564 5586 pudor,
3591 5525 3646 5571 ct

2057 5628 2260 5692 metus,
2282 5621 2581 5693 voluptatis
2617 5617 2875 5675 allectum
2929 5611 3392 5678 consecuti’sunt,
3453 5615 3646 5665 utnon
