4026 6432
493 336 619 425 ἐπ’.

1753 369 1810 425 S.
1844 367 2170 427 GREGORII
2207 371 2499 432 NYSSENI

3680 378 3784 436 376

509 484 772 540 auderent
828 500 992 555 porro
1046 487 1100 541 in
1131 497 1435 560 conspectu
1467 489 1702 562 amplius
1746 490 1895 549 illius
1943 507 2076 558 esse,

2189 496 2483 568 ὀφθαλμοῖς
2511 500 2715 571 τολμᾷν
2747 499 2885 556 εἶναι
2916 502 3010 557 τοῦ
3053 504 3361 570 κτίσαντος,
3394 501 3544 559 ἀλλὰ
3568 504 3786 572 φύλλοις

507 577 599 646 ιιιιί
621 590 720 634 eos
754 581 1084 649 procreavit,
1113 582 1391 645 sedfoliis.
1418 584 1738 655 umbrisque
1767 600 1888 641 sese
1921 599 2087 640 occu-

508 667 703 733 lerent,
758 684 822 724 ac
858 672 1090 726 mortuis
1125 673 1322 730 deinde
1368 675 1599 745 pellibus
1628 691 1686 731 se
1711 684 2081 748 contegerent.

504 760 682 831 Atque
715 760 789 815 ita
819 763 874 818 in
912 760 1225 834 pestiferam
1251 765 1390 819 hanc
1425 767 1698 836 regionem
1728 766 2086 838 laborumque

503 853 745 922 plenam,
793 855 848 908 in
883 871 991 924 qua
1031 856 1297 911 moriendi
1353 858 1607 912 solatium
1638 866 1723 913 est
1766 859 2086 929 conjugium

504 946 812 1010 inventum,
845 948 1042 1005 incola:
1081 949 1262 1013 ambo,
1292 960 1455 1018 atque
1486 950 1826 1007 habitatores
1856 954 2086 1007 mittun-

503 1044 614 1092 tur.
639 1038 1005 1104 Quamobrem
1028 1042 1073 1095 si
1099 1040 1339 1094 futurum
1369 1048 1474 1105 est,
1511 1050 1571 1095 ut
1595 1057 1695 1097 nos
1723 1043 1851 1098 hinc
1879 1044 2086 1099 dissol-

501 1142 718 1195 tamur,
752 1140 914 1201 atque
944 1147 1069 1185 cum
1096 1132 1319 1187 Christo
1354 1134 1548 1200 simus,
1575 1134 1644 1189 ab
1666 1135 1856 1189 ultima
1892 1151 2086 1192 rursus

503 1222 866 1279 dissolutione
915 1223 1135 1294 expedit
1177 1239 1280 1280 nos
1328 1225 1589 1280 exordiri.
1626 1224 1698 1281 Ut
1733 1228 1880 1282 enim
1930 1230 2087 1297 quia

502 1316 677 1385 patria
711 1317 900 1387 procul
936 1317 1263 1387 peregrinati
1302 1326 1452 1381 sunt,
1496 1333 1620 1373 cum
1648 1318 1716 1374 ad
1744 1335 1869 1373 eum
1905 1321 2083 1389 ipsum

501 1407 681 1461 locum
723 1416 1093 1475 revertuntur,
1131 1409 1277 1464 unde
1306 1409 1535 1479 profecti
1557 1419 1707 1473 sunt,
1725 1412 1904 1481 primo
1932 1413 2083 1468 illum

498 1496 681 1552 locum
719 1494 1055 1569 relinquunt,
1094 1516 1204 1570 quo
1239 1509 1521 1571 postremo
1559 1515 1956 1575 pervenerunt:
2014 1507 2083 1560 ita

498 1590 757 1659 quoniam
797 1600 1002 1645 nostrae
1046 1592 1098 1645 in
1136 1592 1394 1662 paradiso
1432 1593 1557 1648 vita:
1587 1597 1957 1661 separationis
1984 1613 2082 1668 po-

500 1687 767 1736 stremum
794 1688 880 1735 est
904 1682 1241 1753 eonjuginm,
1284 1683 1390 1738 hoc
1428 1684 1605 1754 ipsum
1636 1686 1892 1753 primum,
1928 1692 2083 1757 quasi

499 1782 837 1842 postremum
891 1773 1111 1844 aliquod
1163 1774 1553 1841 diversorium,
1606 1778 1937 1847 relinquere,
1968 1780 2084 1833 haec

2186 588 2280 643 καὶ
2337 594 2517 656 σκιαῖς
2572 592 3055 664 ὑποκρύπτεσθαι·
3091 595 3323 665 δέρμασι
3362 598 3591 667 νεκροῖς
3650 597 3786 667 μετά

2183 679 2356 734 ταῦτα
2412 682 2925 753 περικαλύπτονται.
2976 687 3087 739 Καὶ
3125 686 3295 750 οὕτως
3335 688 3425 750 είς
3457 687 3523 740 τὸ
3557 686 3788 752 νοσῶδες

2183 771 2342 826 τοῦτο
2385 775 2478 827 καὶ
2510 774 2764 829 ἐπίπονον
2796 778 2991 848 χωρίον
3021 777 3241 832 ἄποικοι
3270 765 3620 849 πέμπονται,
3658 780 3714 832 ὲν
3741 771 3784 848 ᾧ

2184 867 2213 918 ὁ
2259 866 2435 937 γάμος
2481 869 2805 939 παραμυθία
2841 870 2934 923 τοῦ
2992 871 3361 942 ἀποθνήσκειν
3388 871 3695 940 ἐπενοήθη.
3725 869 3784 924 El

2186 953 2281 1010 οὖν
2333 958 2596 1029 μέλλομεν
2652 961 2902 1014 ἀναλύειν
2949 962 3220 1027 ἐντεῦθεν,
3274 963 3374 1017 καὶ
3412 965 3516 1017 σὺν
3562 961 3783 1034 Χριστῷ

2185 1045 2454 1114 γίνεσθαι,
2483 1049 2646 1101 πάλιν
2672 1052 2735 1102 ἐκ
2764 1051 2858 1102 τοῦ
2882 1051 3193 1105 τελευταίου
3218 1048 3501 1123 προσήκει
3534 1053 3637 1121 τῆς
3664 1053 3785 1106 ἀναρ

2184 1135 2392 1201 λύσεως
2420 1139 2722 1210 ἄρξασθαιο
2760 1140 2951 1213 ὥσπερ
2994 1143 3043 1194 οἱ
3091 1143 3201 1196 τῶν
3247 1145 3475 1197 οἰκείων
3509 1141 3782 1207 ἀποξενω-

2186 1228 2391 1295 θέντες,
2420 1232 2639 1284 ὲπειδάν
2661 1234 3063 1302 ἐπιστρέψωσιν
3085 1234 3208 1287 ὅθεν
3228 1235 3606 1307 ὡρμήθησαν,
3632 1234 3781 1305 πρῶ-

2184 1335 2276 1372 τον
2322 1322 2525 1374 ἐκεῖνον
2577 1322 2966 1376 καταλείπουσι
3020 1322 3112 1376 τὸν
3140 1323 3339 1390 τόπον,
3393 1318 3441 1391 ᾧ
3476 1324 3780 1377 τελευταῖον

2187 1414 2466 1485 προϊόντες
2499 1416 2773 1484 ἐνέτυχον.
2820 1414 2971 1468 Ἐπεὶ
3000 1409 3092 1468 οὖν
3139 1414 3234 1467 τοῦ
3268 1414 3566 1485 χωρισμοῦ
3592 1414 3693 1483 τῆς
3725 1416 3779 1467 ὲν

2183 1506 2261 1577 τῷ
2280 1506 2590 1578 παραδείσῳ
2614 1506 2934 1581 [διατριὸῆς]
2958 1510 3103 1582 ζωῆς
3122 1510 3184 1563 τὸ
3209 1509 3532 1562 τελευταῖον
3554 1508 3584 1558 ὁ
3609 1507 3780 1576 γάμος

2186 1597 2321 1662 ἐστὶ,
2354 1597 2541 1653 τοῦτον
2573 1601 2786 1671 πρῶτον
2816 1604 3154 1667 καταλιπεῖν,
3179 1602 3370 1674 ὥσπερ
3391 1602 3521 1655 τινὰ
3544 1598 3779 1668 σταθμὸν

2185 1686 2431 1758 ἔσχατον,
2452 1692 2564 1754 τοῖς
2592 1693 2727 1762 πρὸς
2754 1692 2844 1745 τὴν
2866 1693 3098 1762 Χριστὸν
3121 1691 3352 1746 ἀναλύοι)
3362 1707 3451 1744 σιν
3488 1689 3777 1760 ὑφηγεῖται

2182 1781 2212 1833 ό
2245 1781 2403 1849 λόγος
2428 1800 2442 1814 ·
2477 1779 2596 1835 εἶτα
2631 1783 2729 1853 τῆς
2778 1787 2907 1857 περὶ
2950 1786 3048 1855 τὴν
3087 1785 3190 1855 γῆν
3221 1781 3613 1852 ταλαιπωρίας
3653 1781 3777 1833 ἀναμ-

497 1865 676 1921 oratio
704 1876 1004 1921 monetcos
1038 1868 1129 1936 qui
1166 1868 1232 1922 ad
1248 1868 1528 1924 Christum
1560 1870 1785 1926 redeunt
1842 1889 1856 1927 :
1889 1872 2076 1929 deinde

2186 1874 2455 1945 χωρῆσαι,
2550 1874 2831 1945 ἐνιδρύνθη
2853 1853 2863 1857 ⁷
2887 1853 3025 1945 μετά
3064 1853 3164 1946 τὴν
3195 1873 3481 1943 ἁμαρτίαν
3513 1873 3543 1923 ὁ
3573 1870 3776 1940 ἀνθρω-

498 1972 529 2012 a
581 1958 803 2014 miseria
839 1959 1150 2014 excolendae
1183 1967 1345 2015 terra:
1375 1964 1672 2033 segregari,
1724 1965 1778 2017 in
1827 1979 1934 2033 qua
1962 1971 2086 2034 post

497 2055 780 2116 peccatum
809 2048 968 2102 hmno
987 2056 1073 2103 est
1101 2051 1423 2117 collocatus;
1440 2052 1637 2107 deinde
1655 2064 1711 2107 ιιι
1731 2055 2084 2111 rarnisinvo-

496 2138 652 2193 lucra
685 2138 1080 2206 removeamus,
1114 2150 1170 2195 et
1191 2149 1371 2197 vestes
1399 2143 1673 2213 pelliceas,
1717 2146 1820 2201 hoc
1865 2153 1951 2200 est
1969 2160 2088 2201 car-

494 2228 581 2284 nis
605 2229 946 2298 prudentiam
971 2246 1261 2298 exuamus,
1278 2242 1331 2287 et
1357 2234 1541 2287 omnia
1568 2234 1781 2289 occulta
1801 2235 2084 2292 dedecoris

494 2319 837 2384 abdicetnus,
892 2323 1239 2378 nou'acerba:
1281 2324 1518 2393 amplius
1544 2324 1709 2394 hujus
1742 2327 1892 2393 vita),
1923 2330 2081 2397 quasi

496 2412 582 2466 ﬁci
621 2414 833 2468 umbris
865 2430 986 2469 sese
1008 2415 1309 2480 occultent,
1334 2415 1428 2471 sed
1457 2415 1726 2486 depositis
1742 2418 2083 2490 abiectisque

494 2503 661 2573 hujus
691 2505 913 2558 caducae
941 2505 1061 2558 vitae
1095 2504 1349 2561 foliorum
1383 2505 1792 2576 integumentis,
1815 2507 1871 2562 in
1904 2510 2081 2565 oculis

491 2604 783 2651 versentur
832 2598 972 2664 ejus,
1018 2598 1109 2668 qui
1167 2598 1289 2654 illos
1339 2600 1679 2669 procreavit;
1717 2615 1783 2655 ao
1809 2600 2077 2666 fraudem,

489 2701 614 2756 quas
643 2701 711 2742 ex
759 2697 977 2756 gustatu
1013 2695 1349 2757 aspectuque
1374 2687 1704 2757 concipitur,
1748 2703 1868 2744 eam
1919 2691 2080 2760 plane

490 2779 793 2847 repellant;
827 2777 880 2831 in
906 2776 1310 2847 consiliumque
1335 2791 1444 2831 non
1468 2778 1706 2848 amplius
1737 2795 2075 2836 venenosum

489 2877 823 2939 serpentem,
875 2867 970 2923 sed
1020 2867 1114 2924 Dei
1169 2878 1505 2938 praeceptum
1545 2869 1725 2924 solum
1756 2870 2073 2927 adhibeant.

489 2958 628 3015 lllud
658 2959 802 3014 enim
858 2967 965 3022 est,
1020 2965 1080 3012 ut
1133 2958 1366 3013 honesta
1398 2963 1663 3013 duntaxat
1705 2960 2074 3031 attingamus;

488 3056 709 3120 gustum
763 3063 892 3101 vero
930 3049 1196 3101 malarum
1257 3063 1438 3103 rerum
1484 3062 1864 3116 aspernemur,
1916 3054 2074 3121 quasi

487 3138 807 3207 huiusmodi
854 3153 1060 3202 rerum,
1099 3152 1222 3207 quae
1271 3139 1324 3192 in
1360 3139 1518 3193 malis
1563 3146 1715 3205 sunt,
1752 3156 1886 3197 usus
1914 3158 1978 3197 ex
2006 3158 2072 3197 eu

487 3321 712 3376 luimus.
748 3318 935 3388 Itaque
981 3319 1113 3374 illud
1143 3320 1333 3389 primis
1364 3320 1684 3390 parentibus
1743 3335 2071 3394 praeceptum

486 3420 591 3475 est,
623 3418 682 3465 ut
716 3426 784 3465 ne
814 3425 920 3464 una
962 3426 1086 3465 cum
1119 3410 1261 3465 bono
1292 3426 1475 3465 rerum
1520 3408 1923 3469 contrariarum
1974 3433 2071 3472 co-

484 3504 786 3575 gnitionem
817 3510 1098 3573 caperent,
1138 3503 1235 3557 sed
1267 3518 1296 3556 a
1322 3503 1554 3559 scientia
1587 3512 1641 3560 et
1669 3505 1818 3571 belli,
1852 3516 1909 3562 et
1941 3509 2071 3564 mali

483 3596 846 3654 abstinerent.
884 3610 1129 3665 puroque
1170 3604 1225 3649 et
1274 3596 1535 3665 simplici,
1587 3613 1766 3668 neque
1796 3613 1923 3655 cum
1960 3600 2071 3655 ulla

485 3685 612 3739 mali
639 3694 792 3753 parte
830 3684 1127 3754 conjuncto
1147 3683 1295 3739 bono
1329 3685 1643 3740 lruerentur
1676 3705 1689 3740 :
1742 3690 1886 3759 quod
1914 3705 2068 3757 sane,

485 3785 546 3829 ut
585 3791 700 3828 mea
740 3775 845 3828 lcrt
888 3774 1181 3837 sententia,
1215 3777 1440 3845 perinde
1493 3786 1598 3842 est,
1631 3794 1695 3834 ac
1725 3782 1904 3835 solum
1943 3796 2069 3836 cum

484 3867 597 3920 Deo
629 3880 773 3928 esse,
806 3874 1232 3934 perpetuamque
1260 3875 1315 3921 et
1350 3869 1742 3938 sempiternam
1798 3871 1939 3926 hanc
1970 3871 2068 3927 de-

485 3959 827 4012 lectatinnent
869 3958 1090 4021 habere,
1132 3974 1232 4013 nec
1256 3974 1376 4028 quae
1397 3961 1462 4014 ad
1497 3964 1828 4017 eunti-ariam
1860 3974 2067 4034 partem

483 4061 754 4121 spectant,
778 4066 902 4104 cum
926 4051 1029 4104 hac
1060 4052 1177 4121 ipsa
1202 4052 1474 4107 suavitate
1506 4057 1938 4111 cennnunicare.
1972 4057 2070 4111 At-

480 4157 590 4211 que
635 4141 680 4196 si
715 4141 1010 4197 conﬁdenti
1042 4143 1225 4197 animo
1265 4143 1413 4212 loqui
1470 4144 1649 4207 decet,
1700 4144 1936 4203 fortasse
1966 4148 2069 4204 hoc

482 4233 557 4287 ita
591 4242 696 4295 est,
720 4248 784 4288 ac
816 4234 861 4289 si
885 4233 1009 4304 quis
1042 4248 1072 4288 a
1108 4234 1312 4289 mttndo
1334 4235 1459 4299 hoc,
1487 4235 1581 4304 qui
1613 4236 1666 4290 in
1703 4238 1941 4308 maligno
1972 4255 2068 4308 po»

480 4328 621 4382 situs
648 4334 751 4388 est,
777 4326 829 4381 in
851 4326 1161 4396 paradisum
1182 4343 1375 4385 rursus
1406 4331 1670 4398 rapiatur,
1696 4331 1844 4401 quod
1866 4332 2067 4388 Paulus

480 4414 735 4470 sublatus
790 4413 1000 4470 audivit
1051 4425 1106 4471 et
1177 4416 1310 4471 vidit
1362 4433 1485 4487 quae
1563 4435 1741 4488 neque
1808 4423 2063 4491 exprimi,

479 4506 819 4574 nequecerni
839 4514 1091 4574 possunt,
1113 4525 1289 4578 neque
1316 4509 1398 4565 fas
1420 4521 1505 4566 est
1529 4513 1800 4569 hominem
1826 4515 1971 4584 loqui
1996 4516 2057 4570 ’³.
2098 4542 2138 4593 ο

1063 4641 1294 4697 CAPUT
1324 4643 1457 4697 XI".

590 4728 959 4799 Virginitatem
1004 4747 1299 4788 crematam
1336 4753 1448 4790 esse
1473 4739 1657 4792 mortis
1697 4739 1954 4797 dominio.

548 4887 614 4944 Et
645 4887 906 4959 quoniam
938 4889 1237 4944 viventium
1265 4892 1484 4961 quidem
1515 4893 1858 4951 domicilium
1882 4908 1967 4954 est
1997 4915 2062 4956 ac

473 4980 630 5040 sedes
658 4979 966 5051 paradisus,
993 4997 1169 5052 neque
1197 4998 1294 5039 eos
1325 4985 1539 5055 recipit,
1558 4987 1653 5056 qui
1682 4989 1752 5042 ol-
1772 4999 2057 5058 peccatum

473 5076 636 5131 morti
672 5073 872 5130 addicti
920 5083 1077 5139 sunt;
1137 5085 1191 5130 et
1224 5093 1325 5133 nos
1351 5094 1383 5133 e
1414 5094 1580 5135 carne
1607 5097 1820 5147 sumus,
1854 5093 2060 5139 morta-

475 5166 666 5236 lesque
704 5174 933 5236 peccato
964 5167 1258 5223 venundati
1295 5188 1306 5223 :
1340 5173 1620 5240 qumnndo
1673 5173 1727 5227 in
1757 5175 2058 5231 viventium

473 5257 594 5313 loco
619 5272 743 5311 esse
776 5258 823 5313 is
859 5267 1057 5329 potest,
1085 5262 1177 5329 qui
1213 5263 1406 5318 mortis
1441 5263 1492 5318 vi
1526 5273 1581 5320 et
1605 5274 1873 5335 potestate
1907 5276 2059 5323 tene-

476 5350 600 5403 tur?
635 5350 804 5414 Quem
839 5354 1081 5418 modum,
1103 5354 1317 5424 quodve
1348 5358 1642 5412 consilium
1676 5360 1763 5414 hic
1794 5361 2052 5425 inveniet,

473 5450 532 5492 ut
560 5442 663 5492 hac
696 5441 814 5510 ipsa
849 5454 1120 5512 potestate
1148 5449 1362 5504 solutus
1411 5464 1474 5505 ac
1503 5451 1639 5505 liber
1673 5452 1797 5506 ﬂat?
1827 5454 1893 5505 At
1925 5468 2054 5507 vero

470 5532 535 5583 ad
571 5534 678 5582 hoc
743 5536 821 5586 vel
857 5540 992 5593 satis
1020 5543 1245 5596 omnino
1309 5552 1393 5597 est
1449 5540 1727 5613 Evangelii
1776 5544 2052 5598 doctrina.

467 5620 614 5686 Quin
647 5620 810 5675 etiam
847 5625 1139 5684 Dominum
1174 5633 1506 5701 audivimus,
1558 5635 1652 5706 qui
1698 5633 2054 5693 Nicodamum

542 5793 587 5826 ⁸³
625 5792 672 5847 ιι
706 5793 831 5856 Cor.
867 5821 962 5874 xu,
996 5803 1032 5857 9..
1060 5820 1178 5875 sqq.

2187 1979 2286 2027 πος
2306 1980 2321 1994 ο
2343 1964 2437 2016 ἐπὶ
2461 1965 2636 2035 τούτῳ
2652 1964 2756 2029 ἔξω
2786 1964 2894 2017 τῶν
2916 1965 3013 2035 τῆς
3050 1966 3252 2035 σαρκὸς
3285 1961 3773 2034 προκαλυμμάτων

2185 2056 2459 2125 γενέσθαι,
2505 2057 2632 2120 τοὺς
2682 2057 3039 2127 δερματίνους
3083 2056 3338 2127 χιτῶνας,
3402 2054 3677 2115 τουτέστι,
3716 2050 3774 2104 τὸ

2185 2148 2440 2219 φρόνημα
2490 2150 2592 2219 τῆς
2647 2149 2847 2219 σαρκὸς
2901 2148 3425 2216 ὰπεκδυσαμένους’
3463 2147 3559 2199 καὶ
3603 2146 3771 2199 πάντα

2184 2241 2595 2310 ἀπειπαμένους
2632 2242 2702 2294 τὰ
2747 2241 2965 2312 κρυπτὰ
2996 2242 3095 2308 τῆς
3140 2238 3439 2310 αἰσχύνης,
3482 2236 3677 2307 μηκέτι
3708 2236 3766 2304 τῇ

2185 2331 2443 2402 συκῇτοῦ
2472 2331 2668 2402 πικροῦ
2716 2331 2830 2403 βίου
2880 2330 3334 2393 ύποσκιὰζεσθαι,
3382 2328 3502 2383 ἀλλ’
3543 2327 3764 2398 ἀπορρί-

2180 2422 2387 2492 ψαντας
2430 2422 2502 2477 τὰ
2539 2425 2604 2475 ὲκ
2649 2422 2759 2476 τῶν
2806 2423 3159 2493 προσκαίρων
3195 2421 3407 2475 τούτων
3437 2418 3653 2487 φύλλων
3676 2417 3767 2485 τῆς

2183 2513 2330 2582 ζωῆς
2381 2513 2846 2584 προκαλύμματα,
2887 2515 2944 2567 ὲν
2981 2513 3278 2583 όςρθαλμοῖς
3322 2510 3579 2580 γίνεσθαι
3613 2508 3765 2561 πάλιν

2180 2605 2274 2658 τοῦ
2303 2605 2606 2669 κτίσαντος,
2633 2605 2732 2675 τήν
2769 2621 2830 2657 τε
2885 2603 3028 2657 κατὰ
3056 2600 3245 2672 γεῦσιν
3268 2605 3367 2656 καὶ
3399 2602 3467 2671 Mr
3478 2620 3527 2653 ιν
3552 2599 3765 2667 ’ἀπάτην

2177 2697 2525 2761 ἀπώσασθαι,
2564 2697 2872 2767 σύμϐουλον
2896 2696 3081 2750 οὐκέτι
3109 2696 3198 2749 τὸν
3222 2696 3433 2749 ἰοϐόλον
3461 2695 3605 2763 ὅφιν,
3637 2690 3761 2744 ἀλλὰ

2177 2789 2279 2862 τὴν
2307 2790 2526 2861 ἐντολὴν
2549 2790 2644 2842 τοῦ
2679 2788 2814 2842 Θεοῦ
2870 2789 3035 2858 μόνην
3066 2788 3229 2859 ἔχειν.
3267 2788 3421 2857 Αὕτη
3460 2786 3517 2840 δέ
3547 2787 3682 2849 ἐστι,
3705 2782 3761 2835 τὸ

2183 2883 2346 2953 μόνου
2375 2881 2468 2934 τοῦ
2499 2879 2664 2934 καλοῦ
2687 2879 2956 2934 ἅπτεσθαι
2976 2895 2989 2909 ’
3021 2879 3121 2949 τὴν
3141 2879 3196 2931 δὲ
3226 2880 3338 2931 τῶν
3363 2875 3616 2948 πονηρῶν
3642 2875 3757 2942 γεῦ-

2180 2991 2267 3027 σιν
2319 2973 2683 3028 ἀπώσασθαι·
2741 2972 2816 3035 ὡς
2875 2971 3085 3025 ἐκεῖθεν
3134 2973 3267 3041 ἡμῖν
3300 2972 3406 3041 τῆς
3445 2969 3554 3023 τῶν
3584 2964 3757 3021 κακῶν

2177 3064 2499 3127 ἀκολουθίας
2538 3065 2714 3134 ἀρχὴν
2766 3062 3055 3134 λαϐούσης,
3091 3064 3155 3115 ὲκ
3197 3061 3292 3115 τοῦ
3337 3063 3414 3133 μὴ
3453 3059 3672 3129 θελῆσαι
3700 3055 3754 3108 τὸ

2119 3191 2141 3229 τ
2177 3157 2348 3211 κακὸν
2374 3160 2657 3229 ἀγνοῆσαι.
2699 3156 2792 3209 Διὸ
2824 3157 2920 3210 καὶ
2956 3154 3243 3226 ἀπερῤἡθη
3287 3157 3403 3218 τοῖς
3450 3148 3754 3223 πρωτοπλά-

487 3229 705 3284 initium
744 3229 961 3290 habent,
992 3229 1248 3297 quoniam
1291 3229 1493 3284 malum
1534 3245 1636 3284 nos
1682 3230 1934 3300 ignorare
1970 3249 2071 3289 no-
2096 3226 2141 3255 ’"

2178 3264 2324 3311 στοις
2351 3248 2412 3300 τὸ
2450 3249 2522 3318 μὴ
2573 3248 2711 3317 μετά
2762 3246 2855 3300 τοῦ
2893 3247 3062 3299 καλοῦ
3098 3246 3193 3299 καὶ
3239 3244 3339 3315 τὴν
3366 3245 3478 3298 τῶν
3509 3240 3751 3296 ἐναντίων

2173 3341 2375 3409 γνῶσιν
2398 3340 2580 3394 λαϐεῖν
2604 3357 2617 3370 ⁸
2647 3340 2760 3394 ἀλλ’
2790 3337 3128 3409 ἀποσχέσθαι
3151 3338 3250 3408 μὲν
3265 3338 3362 3390 τοῦ
3389 3334 3630 3405 γνωστοῦ
3656 3345 3750 3384 κα-

2173 3433 2267 3486 λοῦ
2299 3450 2355 3487 τε
2377 3435 2471 3488 καὶ
2493 3451 2625 3505 πονη
2636 3432 2754 3505 poi},
2782 3432 3022 3503 καθαρὸν
3044 3431 3099 3483 δὲ
3132 3432 3226 3484 καὶ
3250 3431 3452 3500 ἀμιγὲς
3483 3427 3575 3482 καὶ
3590 3424 3747 3494 ἁμέτ-

2172 3543 2296 3596 οχον
2351 3525 2445 3580 τοῦ
2480 3524 2653 3579 κακοῦ
2680 3524 2739 3579 τὸ
2779 3524 2985 3593 ἀγαθον
3015 3522 3381 3594 καρποῦσθαι.
3410 3523 3587 3590 Ὅπερ
3610 3515 3747 3571 οὐδὲν

2171 3619 2300 3674 ἄλλο
2323 3619 2491 3681 ἐστὶν,
2521 3617 2597 3681 ὤς
2614 3635 2677 3686 γε
2700 3617 2728 3671 ό
2754 3617 2777 3668 ὲ
2786 3616 2884 3686 μος
2908 3615 3084 3683 λόγος,
3115 3614 3147 3683 ἢ
3181 3614 3318 3684 μετά
3349 3613 3447 3666 τοῦ
3471 3610 3602 3663 Θεοῦ
3618 3604 3744 3660 εἶναι

2176 3711 2356 3781 μόνον,
2388 3710 2483 3762 καὶ
2539 3708 2742 3777 ταύτην
2796 3706 3075 3760 ἄπαυστον
3107 3705 3251 3775 ἔχειν
3282 3704 3377 3757 καὶ
3408 3700 3624 3771 διηνεκῆ
3655 3696 3744 3765 τὴν

2171 3801 2404 3872 τρυφὴν,
2439 3801 2532 3853 καὶ
2564 3800 2760 3870 μηκέτι
2799 3795 3299 3868 συγκαταμιγνύειν
3343 3798 3410 3866 τῇ
3463 3790 3742 3846 ἀπολαύσει

2170 3892 2344 3965 ταύτῃ
2389 3891 2460 3944 τὰ
2508 3892 2644 3963 πρὸς
2683 3890 2745 3943 τὸ
2795 3888 3035 3942 ἐναντίον
3064 3887 3389 3957 ἀφέλκοντα.
3434 3885 3543 3940 Kal.
3577 3884 3623 3935 εί
3647 3878 3741 3950 χρὴ

2170 3985 2547 4057 τολμήσαντας
2593 3984 2788 4049 εἰπεῖν,
2818 3984 2957 4055 τάχα
2995 3982 3168 4045 οὕτως
3200 3982 3265 4035 ἄν
3291 3998 3379 4045 τις
3405 3979 3515 4034 ἀπὸ
3542 3975 3634 4029 τοῦ
3655 3971 3733 4025 x6-

2174 4096 2334 4148 σμου,
2374 4078 2433 4142 ὃς
2486 4080 2543 4131 ὲν
2580 4077 2658 4147 τῷ
2701 4077 2921 4149 πονηρῷ
2949 4079 3145 4141 κεῖται,
3182 4074 3457 4145 ἁρπαγείη
3488 4069 3645 4122 πάλιν
3667 4065 3737 4124 είς

2170 4171 2259 4223 τὸν
2295 4170 2646 4242 παράδεισον,
2673 4171 2730 4222 ὲν
2753 4163 2797 4237 ᾧ
2833 4171 2926 4222 καὶ
2961 4168 3170 4231 Παῦλος
3205 4168 3519 4237 γενόμενος,
3553 4153 3739 4230 ἥκουσέ

2168 4283 2227 4317 τε
2284 4266 2378 4320 καὶ
2438 4264 2514 4317 ἴδε
2574 4265 2643 4319 τὰ
2675 4264 2890 4336 ἄρρητα
2929 4263 3024 4316 καὶ
3056 4261 3279 4324 ἀθέατα,
3318 4260 3356 4315 ἃ
3386 4260 3486 4314 ούκ
3518 4255 3630 4320 ἐξὸν
3651 4252 3735 4304 ἀν-

2169 4357 2373 4430 θρώπῳ
2411 4357 2662 4428 λαλῆσαι.

2755 4644 3006 4698 ΚΕΦᾹΛ.
3050 4641 3145 4696 ll".

2165 4736 2293 4788 Ὅτι
2320 4735 2359 4802 ἡ
2391 4734 2679 4803 παρθενία
2699 4735 2979 4802 κρείττων
3006 4732 3116 4801 τῆς
3149 4730 3256 4786 τοῦ
3279 4729 3536 4786 θανάτου
3563 4723 3727 4779 ὃυνα-
3751 4741 3758 4747 ·

2743 4806 2949 4869 στείας
2975 4804 3168 4857 ἐστίν.

2242 4899 2380 4952 Ἀλλ’
2407 4896 2593 4968 ἐπειδὴ
2614 4897 2643 4948 ό
2662 4896 2989 4967 παράδεισος
3007 4894 3223 4960 ζώντων
3239 4894 3389 4947 ἐστὶν
3412 4886 3721 4957 οἰκητήριον.

2158 4992 2284 5055 τοὺς
2297 4990 2386 5044 διὰ
2400 4991 2500 5060 τῆς
2518 4988 2789 5060 ἁμαρτίας
2806 4987 3180 5059 νεκρωθέντας
3192 4987 3254 5040 οὗ
3274 4979 3685 5057 προσδεχόμενος

2158 5082 2319 5152 ἡμεῖς
2348 5080 2405 5135 δὲ
2438 5059 2684 5151 σάρκινοι
2722 5080 2874 5144 ὄντες
2900 5081 2994 5132 καὶ
3023 5078 3227 5147 θνητοὶ,
3263 5073 3595 5149 πεπραμένοι
3628 5059 3721 5116 ὑπὸ

2157 5175 2257 5243 τῆς
2283 5173 2554 5245 ἁμαρτίας
2582 5189 2594 5201 ·
2625 5172 2743 5236 πῶς
2800 5172 2947 5225 ἐστιν
2985 5173 3042 5224 ὲν
3080 5174 3147 5242 τῇ
3186 5170 3340 5241 χώρᾳ
3378 5167 3484 5221 τῶν
3521 5160 3717 5225 ζώντων

2158 5264 2407 5333 γενέσθαι
2434 5264 2527 5317 τὸν
2549 5266 2616 5333 τῇ
2649 5264 2939 5335 δυναστείᾳ
2952 5262 3046 5317 τοῦ
3082 5262 3310 5316 θανάτου
3341 5252 3713 5328 κρατούμενονῖ

2159 5356 2317 5409 Ποῖον
2342 5355 2542 5426 τρόπον
2559 5354 2833 5419 καὶ-ποίαν
2862 5354 3105 5407 ἐπίνοιαν
3130 5351 3340 5422 ἐξεύροι
3368 5366 3446 5410 τις
3473 5345 3553 5404 ἂν,

2162 5448 2260 5516 τῆς
2313 5447 2561 5514 ἐξουσίας
2608 5445 2813 5514 ταύτης
2864 5444 2969 5511 ἔξω
3004 5445 3326 5515 γενήσεται;
3392 5435 3523 5493 Ἀλλ’
3570 5430 3712 5498 ἀρκεῖ

2164 5539 2382 5601 πάντως
2420 5539 2516 5591 καὶ
2540 5536 2674 5608 πρὸς
2702 5535 2862 5588 τοῦτο
2888 5537 2922 5605 ἡ
2958 5534 3052 5587 τοῦ
3083 5531 3412 5602 Εὐαγγελίου
3440 5524 3706 5593 ὑφήγησιςο

2164 5629 2376 5685 Οὐκοῦν
2401 5629 2712 5700 ἠκούσαμεν
2752 5626 2846 5682 τοῦ
2882 5627 3088 5699 Κυρίου
3136 5624 3271 5696 πρὸς
3304 5623 3394 5677 τὸν
3431 5609 3710 5679 Νικόδημον
