4026 6418
245 377 338 435 3τῖ

1555 376 1643 432 DE
1686 376 2155 436 VIRGINITATE.

3376 380 3484 436 578

242 495 492 562 λέγοντος,
519 494 599 547 ὄτι
630 511 647 546 t
682 494 756 548 Τὸ
781 495 1175 566 γεγεννημένον
1200 497 1264 549 ὲκ
1285 495 1381 566 τῆς
1406 496 1627 567 σαρκὸς,
1653 494 1783 567 σάρξ

1896 494 1982 552 his
2005 495 2190 551 verbis
2244 493 2546 563 alloquitur
2586 512 2598 548 :
2636 511 2653 545 ι
2692 494 2848 560 Quod
2882 511 2913 552 e
2938 510 3104 551 carne
3153 504 3342 549 natum
3372 503 3480 561 est,

240 589 387 641 ἔστιν’
420 586 479 639 τὸ
503 586 559 640 δὲ
591 588 978 659 γεγεννημένον
1001 591 1064 642 ἐκ
1086 586 1178 641 τοῦ
1213 588 1544 659 πνεύματος,
1573 589 1791 659 πνεῦμά

240 681 385 732 ἐστιν.
420 697 439 730 ι
470 679 697 749 Οἴδαμεν
742 678 798 731 δὲ
844 680 943 750 τὴν
975 679 1073 750 μὲν
1124 679 1302 750 σάρκα
1331 680 1544 749 θανάτῳ
1572 680 1660 734 διὰ
1692 680 1793 751 τὴν

240 769 490 840 ἁμαρτίαν
519 764 679 824 οὖσαν
704 770 978 836 ὑπόδικον,
996 770 1056 824 τὸ
1070 772 1127 824 δὲ
1152 772 1375 841 Πνεῦμα
1402 770 1495 824 τοῦ
1526 771 1661 825 Θεοῦ
1697 773 1794 825 καὶ

240 864 507 931 ἄφθαρτον,
540 862 630 914 καὶ
664 862 949 927 ζωοποιὸν,
989 868 1083 917 καὶ
1115 862 1400 918 ἀθάνατον.
1440 864 1651 934 Ὠσπερ
1676 864 1792 919 τοι·-

238 953 401 1020 νυντῇ
441 952 581 1005 κατὰ
624 951 800 1022 σάρκα
846 952 1058 1020 γενέσει
1097 953 1545 1009 συναποτίκτεται
1572 955 1791 1019 πάντως

239 1041 317 1093 καὶ
339 1039 667 1110 ήδιαλύουσα
690 1042 751 1095 τὸ
772 1042 1108 1113 γεννώμενον
1136 1044 1364 1114 δύναμις
1383 1060 1395 1074 ’
1428 1044 1570 1100 οὕτω
1588 1046 1787 1118 δηλαδὴ

238 1134 315 1186 καὶ
347 1132 405 1186 τὸ
442 1134 661 1205 Πνεῦμα
698 1139 808 1199 τοῖς
842 1136 908 1190 δι’
938 1136 1100 1191 αὑτοῦ
1131 1139 1486 1209 γεννωμένοις
1527 1141 1625 1210 τὴν
1656 1140 1790 1203 {wo-

237 1225 367 1278 ποιὸν
410 1226 781 1282 ἐναποτίθεται
828 1229 1076 1300 δύναμιν.
1116 1231 1180 1284 Τί
1215 1227 1308 1284 οὖν
1349 1232 1653 1287 ἀνακόπτει
1701 1232 1789 1287 διὰ

235 1316 326 1369 τῶν
349 1318 672 1389 είρημένωνς
717 1322 1080 1387 Ἀποστάντας
1122 1326 1267 1394 ἡμᾶς
1295 1325 1394 1395 τῆς
1433 1329 1573 1380 κατά
1610 1327 1787 1397 σάρκα

236 1405 376 1477 ζωῆς,
464 1411 681 1475 πάντως
704 1413 944 1477 τοιοῦτος
976 1416 1329 1470 ἐπακολουθεῖ
1354 1417 1449 1469 καὶ
1476 1419 1504 1471 ὁ
1537 1417 1671 1472 θάνα
1683 1435 1787 1482 τος,

234 1497 443 1552 ⁴τοιοῦτον
468 1502 797 1573 ἐπιζητῆσαι
814 1502 947 1573 βίον,
981 1505 1041 1568 ὃς
1068 1505 1255 1559 οὐκέτι
1285 1506 1380 1559 τοῦ
1417 1506 1648 1561 θανάτου
1688 1507 1787 1578 τὴν

233 1586 525 1642 ἀκολουθίαν
555 1591 862 1659 ἐφέλκεται.
898 1586 1067 1659 Οὗτος
1100 1595 1158 1648 δέ
1182 1597 1328 1650 ἐστιν
1368 1598 1398 1651 ὁ
1430 1599 1487 1651 ὲν
1517 1598 1787 1669 παρθενίᾳ

236 1671 346 1743 βίος.
384 1679 489 1732 Καὶ⁵
531 1680 609 1742 ὡς
660 1680 836 1752 ἀληθῆ
881 1682 1075 1747 ταῦτα,
1127 1684 1338 1755 μικρῶν
1377 1684 1786 1758 προστεθέντων

233 1770 361 1824 ἔσται
405 1774 902 1846 καταςανέστερον.
937 1777 1034 1840 Τίς
1078 1776 1187 1848 γὰρ
1234 1779 1334 1831 οὑκ
1375 1774 1535 1845 οἶδεν,
1570 1779 1652 1832 ὄτι
1685 1779 1785 1849 τῆς

235 1863 316 1934 μὲν
338 1866 650 1937 σωματικῆς
678 1868 969 1937 συναφείας
997 1869 1059 1922 τὸ
1087 1870 1246 1942 ἔργον
1277 1870 1545 1941 σωμάτων
1575 1871 1785 1940 θνητῶν

231 1956 328 2009 ἑστι
362 1957 670 2030 κατασκευὴ
695 1997 710 2019 ,
748 1962 846 2030 τῆς
881 1960 940 2014 δὲ
986 1961 1124 2031 πρὸς
1167 1961 1229 2015 τὸ
1257 1962 1474 2033 πνεῦμα
1501 1962 1786 2026 κοινωνίας

232 2045 326 2117 ζωὴ
363 2050 469 2103 ’καὶ
527 2050 814 2122 άφθαρσία
856 2055 970 2116 τοῖς
1015 2054 1368 2121 συναφθεῖσιν
1412 2054 1532 2107 ἀντὶ
1579 2054 1784 2108 τέκνων

231 2142 576 2211 προσγίνεται;
635 2142 742 2197 Καὶ
787 2144 968 2206 καλῶς
1003 2146 1116 2199 ἐστι
1142 2147 1202 2199 τὸ
1229 2145 1586 2200 ἁποστολικὸν
1610 2149 1782 2201 εἰπεῖν

230 2232 305 2286 ἐπὶ
325 2233 521 2299 τούτου,
538 2236 622 2292 ὄτι
653 2235 925 2300 (Σώζεται
953 2236 1040 2291 διὰ
1058 2239 1159 2309 τῆς
1172 2239 1516 2308 τεκνογονίας
1541 2238 1776 2308 ταύτης»

228 2325 255 2395 ή
290 2324 385 2378 τῶν
419 2327 675 2380 τοιούτων
694 2326 900 2381 τέκνων
946 2330 1132 2400 μήτηρ
1158 2330 1782 2402 εὐφραινομένη,καθὼς

228 2416 274 2469 ὲν
297 2415 444 2482 θείοις
471 2417 665 2489 ὕμνοις
702 2420 736 2473 ὁ
782 2421 1088 2491 Ψαλμῳδὸς
1130 2424 1538 2495 άνευφήμησεν,
1573 2425 1778 2479 είπῶν·

232 2525 249 2559 ι
288 2509 338 2563 '0
359 2510 682 2576 κατοικίζων
721 2514 942 2582 στεῖραν
971 2514 1029 2566 ὲν
1050 2511 1185 2583 οίκῳ
1211 2514 1424 2584 μητέρα
1453 2516 1545 2568 ἐπὶ
1569 2515 1782 2578 τέκνοις

228 2596 648 2673 εὐφραινομένην.
686 2620 704 2654 ι
739 2602 1104 2673 Εὑφραίνεται
1124 2603 1233 2677 γὰρ
1264 2606 1448 2676 μήτηρ
1474 2605 1549 2670 ὡς
1565 2606 1781 2676 άληθῶς

228 2690 255 2759 ἠ
281 2692 523 2762 παρθένος
564 2695 776 2766 μήτηρ,
808 2697 840 2766 ή
868 2695 936 2749 τὰ
960 2696 1206 2751 ἀθάνατα
1235 2697 1400 2751 τέκνα
1437 2699 1781 2769 κυοφοροῦσα

226 2778 298 2835 διὰ
322 2784 405 2836 τοῦ
428 2785 768 2857 Πνεύματος,
818 2789 1009 2858 στεῖρα
1044 2787 1135 2842 διὰ
1166 2789 1265 2861 τὴν
1298 2790 1651 2862 σωφροσύνην
1675 2790 1780 2844 ὑπὸ

228 2869 303 2923 τοῦ
350 2873 627 2945 Προφήτου
679 2875 1066 2947 ὠνομασμένη.
1096 2878 1356 2933 Οὐκοῦνό
1398 2880 1638 2942 τοιοῦτος
1666 2881 1781 2950 βίος

228 2966 551 3034 προτιμητέος
594 2970 712 3031 τοῖς
762 2984 827 3036 γε
862 2967 985 3021 νοῦν
1020 2968 1258 3040 ἔχουσιν,
1296 2970 1356 3033 ὃς
1388 2972 1653 3045 κρείττων
1679 2975 1781 3044 τῆς

226 3050 302 3103 τοῦ
331 3052 542 3109 θανάτου
562 3056 889 3121 δυναστείας
913 3058 1080 3113 ἐστίν.
1120 3060 1182 3112 Ἠ
1204 3061 1312 3131 γὰρ
1339 3063 1624 3136 σωματικὴ
1653 3082 1780 3118 παι-

226 3140 405 3255 δοποιία
448 3148 559 3211 (καὶ
598 3147 794 3217 μηδεὶς
828 3148 1135 3222 δυσχεράνῃ
1172 3150 1250 3222 τῷ
1278 3150 1442 3222 λόγῳ)
1487 3154 1549 3206 οὐ
1577 3154 1777 3225 μᾶλλον
1804 3198 1849 3255 C

186 3266 189 3269 ‹
229 3232 400 3308 ζωῆςῆ
439 3239 569 3293 ἀλλὰ
615 3239 852 3293 θανάτου
891 3244 1005 3305 τοῖς
1038 3243 1347 3314 ἀνθρώποις
1377 3246 1601 3318 ἀφορμὴ
1636 3249 1780 3317 γίνε-

226 3342 330 3380 ται·
355 3330 454 3384 ἀπὸ
482 3332 593 3403 γὰρ
618 3331 888 3400 γενέσεως
932 3334 967 3403 ή
1008 3332 1184 3406 φθορά
1210 3336 1308 3402 τὴν
1336 3337 1510 3407 ἀρχὴν
1538 3338 1650 3408 ἔχει
1670 3379 1684 3402 ν
1711 3335 1780 3412 ἦς

226 3418 266 3470 oi
293 3423 608 3494 παυσάμενοι
643 3422 735 3477 διὰ
755 3423 854 3494 τῆς
881 3425 1197 3494 παρθενίας,
1219 3428 1277 3479 ἐν
1309 3429 1522 3492 ἑαυτοῖς
1544 3431 1781 3501 έστησαν

226 3510 307 3581 τὴν
335 3512 420 3566 τοῦ
442 3513 677 3571 θανάτου
724 3518 1098 3589 περιγραφήν,
1142 3520 1451 3590 περαιτέρω
1498 3522 1781 3589 προελθεῖν

227 3603 362 3657 αὐτὸν
392 3607 451 3660 δι’
474 3606 689 3661 ἑαυτῶν
720 3607 1082 3672 κωλύσαντες,
1108 3611 1203 3662 καὶ
1229 3610 1419 3683 ὥσπερ
1442 3630 1495 3666 τι.
1531 3613 1780 3685 μεθόριον

228 3694 422 3753 θανάτου
468 3705 559 3756 καὶ
590 3701 743 3771 ζωῆς
766 3703 978 3767 ἑαυτοῖς
1007 3705 1323 3773 στήσαντες,
1355 3706 1586 3778 ἐπέσχον
1619 3709 1781 3761 αὑτὸν

226 3788 308 3858 τῆς
329 3791 411 3845 ἐπὶ
426 3793 484 3846 τὸ
508 3794 703 3867 πρόσω
726 3795 916 3863 φορᾶς.
940 3796 1003 3849 Εἰ
1029 3792 1122 3849 οῦν
1150 3797 1210 3849 οῦ
1237 3797 1461 3851 δύναται
1488 3800 1780 3870 παρελθεῖν

228 3881 308 3951 τήν
351 3886 643 3957 παρθενίαν
696 3888 725 3939 ὁ
771 3887 1021 3950 θάνατος,
1073 3888 1186 3941 ἀλλ’
1222 3891 1280 3941 ὲν
1308 3892 1443 3961 αὑτῇ
1483 3893 1779 3964 καταλήγει

229 3973 305 4025 καὶ
346 3979 701 4042 καταλύεται,
742 3978 929 4047 σαφῶς
981 3978 1363 4033 ἀποδείκνυται
1415 3982 1476 4033 τὸ
1534 3986 1779 4055 κρεῖττον

228 4060 344 4117 εἶναι
363 4069 446 4121 τοῦ
471 4069 704 4125 θανάτου
734 4069 835 4141 τὴν
860 4070 1161 4141 παρθενίαν
1181 4089 1194 4103 θ
1223 4074 1316 4126 καὶ
1341 4075 1520 4138 καλῶς
1543 4076 1780 4147 ἄφθορον

227 4152 509 4226 ὀνομάζεται
543 4162 729 4233 σῶμα,
758 4162 821 4215 τὸ
851 4162 926 4233 μὴ
948 4163 1303 4236 ὑπουργῆσαι)
1329 4167 1390 4235 τῇ
1409 4166 1502 4219 τοῦ
1534 4168 1776 4238 φθαρτοῦ

230 4243 324 4313 βίου
361 4252 648 4326 ὑπηρεσίᾳ,
713 4255 848 4326 μηδὲ
895 4257 996 4327 τῆς
1029 4254 1228 4329 θνητῆς
1266 4256 1516 4329 διαδοχῆς
1547 4260 1777 4331 ὄργανον

228 4340 439 4404 γενέσθαι
471 4345 926 4418 καταδεξάμενον.

294 4430 371 4483 Ἐν
393 4435 561 4508 τούτῳ
588 4438 699 4509 γὰρ
737 4437 963 4508 διεκόπη
1000 4437 1065 4491 τὸ
1105 4440 1327 4512 συνεχὲς
1364 4443 1462 4514 τῆς
1489 4443 1585 4497 τοῦ
1620 4445 1773 4515 φθεί-

1898 601 2030 640 caro
2057 596 2169 653 est;
2194 586 2340 655 quod
2363 602 2395 642 ε
2416 586 2614 655 spiritu
2642 595 2831 641 natum
2861 596 2967 651 est,
2991 588 3218 658 spiritus
3247 595 3334 643 est
3357 588 3427 643 ‘°.
3455 605 3474 639 ι
3515 619 3521 624 -

1900 678 1965 732 Ει
2003 693 2106 734 nos
2156 679 2430 743 novimus,
2458 692 2679 733 carnem
2714 685 2936 748 propter
2980 691 3268 750 peceatum
3316 680 3479 734 morti

1898 767 2238 834 suhjectam;
2277 766 2371 821 Dei
2420 783 2549 822 vero
2588 768 2853 838 Spiritum
2886 778 2940 823 et
2989 771 3366 840 iucOrruptum
3428 778 3485 825 et

1897 858 2171 912 viviﬁcum
2190 870 2239 913 et
2269 860 2632 915 immortalem
2666 862 2991 931 esse.Atqui
3024 872 3083 915 ut
3103 863 3294 931 quode
3318 876 3485 917 carne

1898 949 2140 1019 genitum
2177 957 2281 1011 est,
2331 949 2557 1004 inhaeret
2587 951 2635 1005 ei
2693 953 2920 1006 omnino
2949 953 3033 1007 vis
3057 954 3326 1022 quaedam,
3363 967 3486 1022 quae

1898 1039 1951 1094 id
1988 1040 2269 1105 dissolvit,
2311 1042 2459 1111 quod
2501 1051 2585 1097 est
2614 1058 2783 1097 carne
2826 1053 3147 1098 concretum
3193 1044 3319 1100 :sic
3355 1044 3485 1114 Spi-

1896 1130 2034 1185 ritus
2065 1130 2171 1184 vim
2209 1132 2502 1200 quamdam
2533 1132 2748 1185 vitalem
2785 1134 2997 1188 scilicet
3034 1134 3103 1189 iis
3132 1134 3298 1189 rebus
3330 1134 3488 1187 attri-

1894 1222 2035 1286 buit,
2074 1237 2198 1290 qum
2223 1236 2253 1274 a
2276 1237 2336 1276 se
2361 1222 2677 1291 gignuntur.
2733 1221 2854 1287 Quo
2886 1231 3140 1293 spectant
3186 1225 3302 1279 haec
3363 1238 3487 1294 qua:

1893 1313 2175 1370 diximus?
2211 1312 2278 1368 Ut
2311 1328 2443 1370 sane
2489 1315 2557 1368 ab
2593 1315 2690 1368 hac
2717 1329 2819 1368 nos
2845 1316 3063 1369 mortali
3118 1316 3228 1369 vita
3286 1317 3489 1371 abalie-

1894 1406 2028 1469 nati,
2059 1404 2145 1459 cui
2176 1404 2402 1460 omnino
2427 1419 2614 1460 comes
2643 1404 2900 1473 adjuncta
2916 1422 3063 1461 mors
3079 1416 3184 1469 est,
3211 1407 3340 1460 illud
3362 1407 3486 1462 vitae

1892 1513 2069 1567 genus
2099 1513 2434 1568 quaeramus,
2461 1513 2584 1567 quae
2615 1498 2820 1551 nullam
2864 1498 3131 1552 moriendi
3174 1499 3479 1554 necessita-

1891 1599 2003 1644 tem
2033 1605 2220 1645 secum
2249 1590 2453 1655 trahat,
2479 1591 2591 1644 vita
2620 1597 2803 1643 autem
2866 1590 3137 1659 ejusmodi
3172 1592 3227 1645 in
3260 1592 3484 1662 virginl-

1892 1690 2002 1736 tate
2053 1682 2333 1738 consistit.
2364 1682 2541 1752 Atque
2570 1682 2684 1736 haec
2717 1681 2938 1751 quidem
2978 1698 3144 1751 quatn
3191 1698 3317 1737 vera
3347 1685 3482 1750 sint,

1892 1773 2085 1842 paucis
2143 1787 2277 1827 sane
2327 1773 2661 1843 propositis,
2724 1774 2999 1843 apertiora
3058 1776 3208 1829 lient.
3268 1775 3487 1842 Quotus

1819 1861 1858 1914 Β
1886 1862 2031 1916 οηίιιι
2060 1862 2295 1932 quisque
2324 1874 2427 1926 est,
2449 1862 2543 1932 qui
2576 1863 2808 1932 ignoret.
2841 1878 3121 1933 corporeae
3141 1864 3489 1933 eonjunctio-

1888 1954 1976 2008 nis
2003 1971 2143 2025 opus
2172 1970 2296 2010 esse
2328 1956 2642 2009 mortalium
2679 1971 2972 2025 corporum
3010 1956 3489 2012 constitutionem!

1886 2060 1951 2100 ex
1997 2046 2234 2115 spiritali
2278 2062 2405 2100 vero
2454 2062 2759 2117 congressu
2810 2047 3110 2102 liberorum
3154 2050 3272 2103 loco
3314 2050 3485 2104 vitam

1884 2144 1940 2191 et
1972 2137 2444 2192 immortalitatem
2495 2138 2746 2208 acquiri:
2786 2146 3046 2207 recteque
3080 2140 3148 2193 ad
3207 2141 3311 2195 hoc
3351 2142 3486 2196 illud

1884 2228 2129 2297 Apostoli
2164 2229 2442 2299 quadrat:
2501 2247 2521 2281 ‹
2555 2229 2871 2284 Salvabitur
2901 2240 3083 2285 autem
3118 2247 3214 2300 per
3244 2233 3482 2286 tiliorum

1883 2322 2297 2391 generationem
2333 2322 2377 2353 ²¹
2404 2339 2423 2372 ι
2455 2331 2650 2385 mater,
2677 2337 2800 2391 qua:
2828 2321 2914 2376 his
2944 2322 3070 2377 ﬁliis
3099 2323 3321 2393 gaudet,
3346 2332 3405 2376 ut
3431 2324 3485 2378 in

1883 2413 2089 2470 divinis
2116 2414 2337 2485 hymnis
2359 2413 2701 2469 Psalmorum
2726 2425 2878 2470 vates
2910 2415 2997 2469 his
3027 2416 3208 2471 verbis
3244 2416 3484 2473 cecinit:

1889 2525 1908 2558 ι
1948 2504 2052 2572 Qui
2098 2505 2345 2561 habitare
2381 2505 2512 2559 facit
2546 2506 2789 2561 sterilem
2817 2506 2870 2560 in
2897 2507 3062 2560 domo
3084 2516 3315 2560 matrem
3345 2507 3487 2562 ﬁlio-

1883 2613 2003 2652 rum
2037 2597 2305 2651 laetantem
2332 2600 2399 2651 ³¹.
2433 2615 2454 2650 ι
2481 2595 2619 2651 Vere
2641 2599 2787 2651 enim
2814 2613 2877 2652 ac
2916 2598 3089 2652 solide
3121 2600 3273 2669 virgo
3310 2605 3487 2653 mater

1880 2687 2100 2759 gaudet,
2123 2704 2245 2758 quae
2271 2688 2501 2757 spiritus
2523 2703 2689 2757 opere
2719 2689 3058 2743 immortales
3082 2690 3282 2742 liberos
3311 2689 3477 2757 parit,

1882 2780 2088 2835 sterilis
2141 2780 2214 2833 ob
2286 2782 2702 2849 temperantiam
2771 2797 2801 2833 a
2870 2782 3142 2851 PrOpheta
3190 2782 3483 2849 appellata.

1881 2872 2045 2926 Certe
2096 2871 2371 2940 ejusmodi
2437 2873 2569 2933 vita,
2614 2888 2736 2942 quae
2802 2873 2912 2927 vim
2984 2874 3176 2928 mortis
3235 2880 3480 2944 superat,

1881 2965 2061 3033 potior
2084 2972 2169 3019 est
2219 2966 2288 3019 ab
2321 2967 2387 3019 iis
2433 2965 2699 3030 habenda,
2737 2966 2831 3036 qui
2872 2975 3052 3021 mente
3080 2967 3290 3036 pnediti
3333 2975 3477 3020 sunt.

1879 3059 2158 3126 Corporea
2187 3057 2331 3112 enim
2364 3056 2658 3111 liberorum
2690 3061 2995 3126 procreatio
3019 3074 3129 3112 non
3164 3059 3289 3112 vita:
3310 3057 3484 3127 magis

1882 3149 2041 3218 (pace
2081 3149 2326 3201 omnium
2383 3147 2592 3202 dictum
2636 3148 2728 3218 sit)
2794 3164 2958 3219 quam
3019 3150 3213 3204 mortis
3263 3149 3484 3203 occasio

1883 3240 2204 3296 hominibus
2256 3244 2477 3297 exsistit
2540 3259 2556 3297 :
2616 3244 2887 3313 siquidem
2967 3242 3034 3295 ab
3089 3250 3211 3294 ortu
3267 3241 3483 3294 initium

1882 3332 2046 3386 habet
2084 3332 2364 3394 interitus,
2397 3350 2425 3386 a
2459 3349 2570 3402 quo
2599 3332 2935 3404 virginitatis
2967 3344 3136 3387 causa
3161 3333 3252 3401 qui
3290 3332 3485 3385 imum-

1879 3441 1979 3480 nes
2015 3424 2185 3477 l'uturi
2232 3434 2382 3488 sunt,
2422 3427 2615 3480 mortis
2649 3428 2702 3480 in
2743 3442 2802 3481 se
2835 3427 3130 3480 terminum
3181 3425 3485 3478 constitue-

1879 3525 2032 3576 runt,
2068 3532 2192 3570 cum
2224 3518 2367 3570 ultra
2405 3519 2457 3570 iu
2506 3534 2566 3572 se
2601 3519 2748 3571 illam
2784 3517 3035 3587 progredi
3075 3516 3479 3585 prohibuerint,

1879 3616 1934 3662 et
1982 3609 2106 3661 vita:
2133 3616 2187 3661 et
2217 3610 2412 3663 mortis
2437 3623 2498 3664 se
2550 3610 2707 3678 quasi
2766 3609 3029 3662 terminos
3080 3608 3298 3677 aliquos
3357 3623 3483 3661 cum

1882 3702 2335 3763 statuerint,eam
2363 3718 2494 3757 sane
2517 3703 2929 3763 continuerunt,
2958 3718 3025 3755 ne
3050 3703 3188 3754 ultra
3229 3716 3483 3769 prorum-

1880 3801 2051 3864 peret.
2088 3794 2227 3862 Ergo
2274 3798 2318 3848 si
2353 3796 2724 3866 virginitatem
2764 3811 2911 3849 mors
2938 3812 3202 3865 superare
3238 3811 3346 3847 non
3386 3808 3484 3863 po-

1882 3895 2009 3949 test,
2044 3888 2137 3940 scd
2183 3889 2305 3955 ejus
2355 3891 2536 3957 potius
2585 3889 2838 3957 praesidio
2880 3888 2972 3941 illa
3013 3887 3369 3942 concluditur
3409 3901 3477 3939 ae

1879 3978 2223 4043 dissolvitur,
2266 3981 2396 4034 illud
2447 3982 2740 4035 mauilhst0
2780 3993 3121 4050 compertum
3165 3990 3269 4037 est.
3311 3987 3485 4033 morte

1880 4070 1997 4139 ip-a
2062 4072 2432 4143 virginitatem
2487 4089 2608 4128 esse
2663 4074 3025 4141 potentiorem
3074 4091 3087 4125 :
3140 4072 3284 4123 unde
3336 4078 3483 4123 recte

1880 4165 2472 4232 rorpttsincorruptnm
2508 4173 2756 4225 vocatur,
2783 4163 3041 4231 quoniam
3068 4160 3290 4213 caduca!
3319 4159 3482 4226 hujus

1879 4254 2000 4308 vitae
2022 4256 2234 4309 muneri
2263 4271 2438 4323 neque
2458 4270 2677 4323 operam
2702 4254 2973 4321 praestitit,
2994 4242 3166 4323 neqtte
3196 4252 3295 4304 hoe
3318 4252 3480 4305 etiam

1878 4344 2121 4409 admisit,
2168 4360 2228 4400 se
2247 4346 2494 4400 mortalis
2518 4346 3303 4415 posteritatisinstrumentum
3341 4343 3481 4399 ﬂeri.

1948 4451 2065 4509 Hoc
2088 4455 2233 4509 enim
2272 4465 2433 4526 pacto
2465 4465 2789 4526 perpetuum
2822 4456 2975 4509 illum
3004 4465 3058 4511 et
3084 4453 3479 4524 corrumpendi

194 4520 388 4585 ⁴ρεσθαι
436 4530 526 4582 καὶ
562 4529 934 4600 ἀποθνήσκειν
983 4531 1326 4599 ἀκολουθίας,
1360 4534 1496 4609 ὅπερ
1522 4536 1628 4590 ἀπὸ
1679 4536 1773 4591 τοῦ

1884 4554 1932 4601 et
1966 4547 2233 4601 moriendi
2262 4565 2487 4603 cursum
2517 4551 2834 4618 interrupit,
2859 4550 2950 4619 qui
2986 4565 3013 4602 a
3042 4549 3220 4620 primo
3251 4557 3481 4619 parente

230 4619 618 4702 ttpumnldsrou
647 4621 743 4675 καὶ
774 4622 936 4694 μέχρι
956 4623 1052 4694 τῆς
1072 4623 1165 4677 τοῦ
1185 4626 1612 4695 παρθενεύοντος
1634 4628 1781 4702 ζωῆς

229 4700 300 4756 διὰ
325 4708 474 4776 μέσου
499 4713 739 4783 γέγονεν.
762 4713 897 4767 Οὐδὲ
920 4713 1029 4785 γὰρ
1044 4710 1113 4786 ἦν
1137 4715 1361 4772 δυνατὸν
1390 4719 1632 4790 άργῆσαί
1648 4700 1780 4775 ποτε

231 4795 303 4851 τὸν
327 4800 558 4870 θάνατον,
592 4807 990 4879 ἐνεργουμένης
1016 4806 1106 4861 διὰ
1129 4806 1226 4861 τοῦ
1244 4809 1423 4879 γάμου
1444 4813 1542 4882 τῆς
1572 4813 1785 4885 ἀνθρω.

232 4887 365 4961 πίνης
380 4898 636 4964 γενέσεως
662 4916 675 4930 ·
703 4897 842 4952 ἀλλὰ
863 4898 1068 4963 πάσαις
1092 4902 1214 4964 ταῖς
1245 4902 1650 4973 προλαϐοῦσαις
1686 4924 1783 4977 γε-

231 4984 349 5046 νεαῖς
369 4987 803 5061 συμπαροδεύων,
833 4990 929 5043 καὶ⁵
963 4992 1078 5054 τοῖς
1122 4991 1210 5044 ἀεὶ
1255 4996 1662 5065 παραγομένοις
1692 4998 1774 5061 είς

227 5067 302 5122 τὸν
328 5073 426 5143 βίον
455 5081 978 5153 συνδιεξερχόμενος,
1004 5082 1129 5149 ὅρον
1148 5080 1248 5151 τῆς
1274 5084 1552 5155 ἐνεργείας
1576 5089 1769 5143 ἑαυτοῦ

229 5158 309 5231 τήν
334 5169 613 5237 παρθενίαν
655 5169 834 5245 εὗρεν,
885 5173 945 5227 ὃν
985 5172 1278 5245 παρελθεῖν
1320 5176 1430 5229 τῶν
1473 5179 1770 5250 ἀμηχάνων

229 5250 368 5341 ἐστίν.
407 5260 610 5332 Ὠσπερ
637 5265 745 5334 γὰρ
773 5265 867 5317 ἐπὶ
893 5264 993 5336 τῆς
1023 5265 1275 5319 θεοτόκου
1309 5269 1528 5339 Μαρίας
1555 5273 1583 5324 ό
1614 5272 1769 5341 βασι-

230 5338 394 5412 λεύσας
422 5353 525 5407 ἀπὸ
581 5355 752 5428 ’Δδάμ
798 5358 989 5428 μέχρις
1043 5357 1256 5428 ἐκείνης
1301 5338 1551 5424 θάνατος,
1585 5338 1770 5437 ἐπειδὴ

231 5437 306 5487 καὶ
321 5442 428 5495 κατ’
446 5445 610 5518 αὐτὴν
625 5449 864 5518 ἐγένετο,
886 5450 1135 5522 καθάπερ
1154 5452 1260 5504 τινὶ
1277 5453 1452 5524 πέτρᾳ
1473 5454 1550 5524 τῷ
1574 5457 1770 5529 καρπῷ

232 5525 310 5627 τῇς
328 5535 605 5627 παρθενίας
634 5541 1034 5611 προσπταίσας,
1080 5544 1206 5613 περὶ
1239 5544 1408 5615 αὐτὴν
1438 5525 1766 5619 συνετρίϐην

232 5628 373 5685 ουτως
427 5626 483 5679 ἐν
506 5629 654 5703 πάσῃ
683 5630 828 5702 ψυχῇ
857 5633 925 5702 τῇ
946 5630 1034 5685 διά
1056 5632 1358 5704 παρθενίας
1381 5633 1480 5705 τὴν
1512 5636 1570 5688 ὲν
1606 5639 1770 5709 σαρκὶ

218 5902 225 5913 ¹
290 5802 480 5870 “Joan.
512 5831 590 5887 ιιι,
613 5820 665 5877 6.
744 5821 785 5853 “
817 5823 837 5875 l
875 5822 1112 5879 Timoth.
1140 5842 1197 5892 ιι,
1244 5827 1326 5887 l3.
1368 5828 1414 5859 ¹²
1447 5827 1591 5885 Psal.
1630 5844 1762 5897 cm,
1790 5831 1845 5890 9.

1888 4653 2066 4707 usque
2103 4637 2170 4693 ad
2214 4639 2533 4710 virginalem
2567 4644 2732 4694 vitam
2771 4657 3050 4712 nunquam
3082 4650 3166 4696 est
3204 4640 3479 4695 intermis-

1880 4744 1998 4783 sus.
2036 4727 2224 4799 Neque
2271 4732 2415 4786 enim
2450 4730 2565 4786 licri
2604 4740 2841 4802 poterat,
2876 4743 2931 4786 ιιι
2958 4733 3241 4785 hominum
3280 4747 3479 4801 genere

1878 4834 1910 4875 ε
1939 4821 2149 4890 nuptiis
2198 4831 2519 4892 procreato,
2566 4839 2717 4878 mors
2764 4840 3005 4888 unquam
3047 4830 3341 4885 cessasset,
3380 4821 3474 4877 sed

1880 4913 2200 4979 superiores
2229 4929 2423 4969 omnes
2486 4915 2771 4969 hominum
2812 4924 3001 4970 :rtates
3064 4926 3473 4984 przetergrcssa,

1878 5017 2003 5055 cum
2037 5002 2123 5058 his
2156 5004 2320 5057 etiam
2352 5006 2445 5075 qui
2487 5006 2629 5060 hanc
2652 5007 2817 5059 vitam
2853 5006 3261 5076 ingrediuntur,
3306 5005 3471 5059 sinml
3532 5020 3541 5029 ·

1872 5093 1986 5163 jam
2013 5094 2102 5147 illa
2137 5112 2490 5164 percurrens,
2523 5099 2894 5169 virginitatem
2934 5099 3181 5157 muneris
3227 5097 3311 5151 sui
3361 5106 3471 5152 ter—

1879 5185 2088 5238 minum
2118 5187 2350 5254 invenit,
2388 5205 2548 5257 quem
2577 5207 2742 5261 porro
2780 5191 3059 5245 transilire
3095 5189 3310 5243 ttiﬂicile
3351 5198 3467 5245 est:

1878 5284 2140 5347 tanquam
2184 5278 2277 5334 Dei
2309 5284 2501 5337 matris
2542 5283 2723 5336 Mariae
2764 5291 3010 5350 tempore
3041 5281 3110 5336 ab
3138 5281 3349 5335 Adamo
3385 5298 3472 5337 us-
3532 5333 3537 5343 ,

1877 5383 1984 5435 que
2020 5368 2087 5421 ad
2135 5385 2255 5424 eam
2302 5388 2529 5443 regnum
2579 5389 2727 5428 mors
2780 5373 3118 5427 obtinuerit:
3170 5384 3468 5444 posteaque

1876 5459 1990 5511 sola
2026 5458 2209 5523 edicit,
2244 5475 2322 5528 ut,
2352 5481 2476 5519 cum
2514 5475 2775 5535 tanquam
2830 5465 2897 5517 ad
2934 5465 3169 5535 lapidem
3227 5468 3467 5537 aliquem

1876 5552 2208 5621 virginitatis
2241 5555 2482 5614 fructum
2521 5574 2669 5613 mors
2697 5556 3007 5622 oﬂ'cuderit,
3040 5559 3093 5611 in
3116 5573 3178 5613 ea
3223 5561 3462 5614 contrita

1876 5646 2000 5699 sit:
2046 5645 2120 5700 ita
2178 5650 2327 5705 omni
2387 5652 2596 5721 animo,
2652 5651 2748 5722 qui
2819 5649 3150 5721 virginitatis
3208 5654 3465 5724 praesidio
