  <div class='ocr_page' id='page_1' title='image "/cluster/home/n/w/nwhite01/storage/ocr_20150623/46:no.3/coo.31924054869668/199.png"; bbox 0 0 4026 6434; ppageno 0'>
   <div class='ocr_carea' id='block_1_1' title="bbox 517 399 625 457">
    <p class='ocr_par' dir='ltr' id='par_1_1' title="bbox 517 399 625 457">
     <span class='ocr_line' id='line_1_1' title="bbox 517 399 625 457; baseline 0 -9"><span class='ocrx_word' id='word_1_1' title='bbox 517 399 625 457; x_wconf 72' lang='lat'><strong>379</strong></span> 
     </span>
    </p>
   </div>
   <div class='ocr_carea' id='block_1_2' title="bbox 1749 394 2478 453">
    <p class='ocr_par' dir='ltr' id='par_1_2' title="bbox 1749 394 2478 453">
     <span class='ocr_line' id='line_1_2' title="bbox 1749 394 2478 453; baseline -0.004 0"><span class='ocrx_word' id='word_1_2' title='bbox 1749 397 1806 453; x_wconf 93' lang='lat' dir='ltr'><strong>S.</strong></span> <span class='ocrx_word' id='word_1_3' title='bbox 1833 395 2158 451; x_wconf 78' lang='lat' dir='ltr'><strong>CllEGORll</strong></span> <span class='ocrx_word' id='word_1_4' title='bbox 2187 394 2478 451; x_wconf 76' lang='lat' dir='ltr'><strong>NYSSENI</strong></span> 
     </span>
    </p>
   </div>
   <div class='ocr_carea' id='block_1_3' title="bbox 3667 406 3769 461">
    <p class='ocr_par' dir='ltr' id='par_1_3' title="bbox 3667 406 3769 461">
     <span class='ocr_line' id='line_1_3' title="bbox 3667 406 3769 461; baseline 0 0"><span class='ocrx_word' id='word_1_5' title='bbox 3667 406 3769 461; x_wconf 76' lang='lat'><strong>380</strong></span> 
     </span>
    </p>
   </div>
   <div class='ocr_carea' id='block_1_4' title="bbox 518 512 2093 587">
    <p class='ocr_par' dir='ltr' id='par_1_4' title="bbox 518 513 2085 584">
     <span class='ocr_line' id='line_1_4' title="bbox 518 513 2085 584; baseline -0.001 -16"><span class='ocrx_word' id='word_1_6' title='bbox 518 513 658 568; x_wconf 88' lang='lat' dir='ltr'><strong>hanc</strong></span> <span class='ocrx_word' id='word_1_7' title='bbox 693 513 876 568; x_wconf 90' lang='lat' dir='ltr'><strong>carnis</strong></span> <span class='ocrx_word' id='word_1_8' title='bbox 911 513 1074 567; x_wconf 85' lang='lat' dir='ltr'><strong>vitam</strong></span> <span class='ocrx_word' id='word_1_9' title='bbox 1110 514 1355 578; x_wconf 88' lang='lat' dir='ltr'><strong>cohibet,</strong></span> <span class='ocrx_word' id='word_1_10' title='bbox 1387 514 1643 570; x_wconf 82' lang='lat' dir='ltr'><strong>atteritur</strong></span> <span class='ocrx_word' id='word_1_11' title='bbox 1665 515 1900 584; x_wconf 87' lang='lat' dir='ltr'><strong>quodam</strong></span> <span class='ocrx_word' id='word_1_12' title='bbox 1924 513 2085 567; x_wconf 89' lang='lat' dir='ltr'><strong>modo</strong></span> 
     </span>
    </p>
   </div>
   <div class='ocr_carea' id='block_1_5' title="bbox 2193 512 3772 587">
    <p class='ocr_par' dir='ltr' id='par_1_5' title="bbox 2193 512 3772 587">
     <span class='ocr_line' id='line_1_5' title="bbox 2193 512 3772 587; baseline 0.008 -23"><span class='ocrx_word' id='word_1_13' title='bbox 2193 512 2456 585; x_wconf 81' lang='grc' dir='ltr'><strong>παριούσῃ</strong></span> <span class='ocrx_word' id='word_1_14' title='bbox 2503 514 2669 584; x_wconf 76' lang='grc' dir='ltr'><strong>ζωὴν,</strong></span> <span class='ocrx_word' id='word_1_15' title='bbox 2708 514 3122 587; x_wconf 75' lang='grc' dir='ltr'><strong>συντριϐήσεται</strong></span> <span class='ocrx_word' id='word_1_16' title='bbox 3154 533 3269 582; x_wconf 79' lang='grc' dir='ltr'><strong>πως</strong></span> <span class='ocrx_word' id='word_1_17' title='bbox 3318 517 3417 572; x_wconf 79' lang='grc' dir='ltr'><strong>καὶ</strong></span> <span class='ocrx_word' id='word_1_18' title='bbox 3447 519 3772 579; x_wconf 71' lang='grc' dir='ltr'><strong>καταλύεται</strong></span> 
     </span>
    </p>
   </div>
   <div class='ocr_carea' id='block_1_6' title="bbox 515 605 2085 678">
    <p class='ocr_par' dir='ltr' id='par_1_6' title="bbox 515 605 2085 678">
     <span class='ocr_line' id='line_1_6' title="bbox 515 605 2085 678; baseline 0.002 -19"><span class='ocrx_word' id='word_1_19' title='bbox 515 621 579 660; x_wconf 82' lang='lat' dir='ltr'><strong>ac</strong></span> <span class='ocrx_word' id='word_1_20' title='bbox 603 605 925 659; x_wconf 85' lang='lat' dir='ltr'><strong>dissolvitur</strong></span> <span class='ocrx_word' id='word_1_21' title='bbox 979 607 1222 676; x_wconf 86' lang='lat' dir='ltr'><strong>potentia</strong></span> <span class='ocrx_word' id='word_1_22' title='bbox 1252 608 1467 671; x_wconf 89' lang='lat' dir='ltr'><strong>mortis,</strong></span> <span class='ocrx_word' id='word_1_23' title='bbox 1523 608 1681 678; x_wconf 91' lang='lat' dir='ltr'><strong>quasi</strong></span> <span class='ocrx_word' id='word_1_24' title='bbox 1725 622 1834 661; x_wconf 92' lang='lat' dir='ltr'><strong>non</strong></span> <span class='ocrx_word' id='word_1_25' title='bbox 1887 608 2085 662; x_wconf 86' lang='lat' dir='ltr'><strong>haheat</strong></span> 
     </span>
    </p>
   </div>
   <div class='ocr_carea' id='block_1_7' title="bbox 513 695 2084 769">
    <p class='ocr_par' dir='ltr' id='par_1_7' title="bbox 513 695 2084 769">
     <span class='ocr_line' id='line_1_7' title="bbox 513 695 2084 769; baseline 0.003 -21"><span class='ocrx_word' id='word_1_26' title='bbox 513 695 716 762; x_wconf 83' lang='lat' dir='ltr'><strong>quibus</strong></span> <span class='ocrx_word' id='word_1_27' title='bbox 752 695 929 764; x_wconf 82' lang='lat' dir='ltr'><strong>ipsius</strong></span> <span class='ocrx_word' id='word_1_28' title='bbox 957 698 1214 753; x_wconf 88' lang='lat' dir='ltr'><strong>stiumlus</strong></span> <span class='ocrx_word' id='word_1_29' title='bbox 1250 698 1526 768; x_wconf 83' lang='lat' dir='ltr'><strong>inligatur.</strong></span> <span class='ocrx_word' id='word_1_30' title='bbox 1558 698 1626 752; x_wconf 76' lang='lat' dir='ltr'><strong>L&#39;t</strong></span> <span class='ocrx_word' id='word_1_31' title='bbox 1647 699 1790 753; x_wconf 91' lang='lat' dir='ltr'><strong>enim</strong></span> <span class='ocrx_word' id='word_1_32' title='bbox 1825 699 1934 769; x_wconf 84' lang='lat' dir='ltr'><strong>igni</strong></span> <span class='ocrx_word' id='word_1_33' title='bbox 1979 700 2084 753; x_wconf 86' lang='lat' dir='ltr'><strong>nisi</strong></span> 
     </span>
    </p>
   </div>
   <div class='ocr_carea' id='block_1_8' title="bbox 512 786 2084 856">
    <p class='ocr_par' dir='ltr' id='par_1_8' title="bbox 512 786 2084 856">
     <span class='ocr_line' id='line_1_8' title="bbox 512 786 2084 856; baseline 0.002 -16"><span class='ocrx_word' id='word_1_34' title='bbox 512 786 760 853; x_wconf 70' lang='lat' dir='ltr'><strong>subjecta</strong></span> <span class='ocrx_word' id='word_1_35' title='bbox 795 786 909 841; x_wconf 90' lang='lat' dir='ltr'><strong>sint</strong></span> <span class='ocrx_word' id='word_1_36' title='bbox 945 787 1112 856; x_wconf 89' lang='lat' dir='ltr'><strong>ligna,</strong></span> <span class='ocrx_word' id='word_1_37' title='bbox 1153 797 1475 852; x_wconf 81' lang='lat' dir='ltr'><strong>stramenta,</strong></span> <span class='ocrx_word' id='word_1_38' title='bbox 1503 789 1742 853; x_wconf 76' lang='lat' dir='ltr'><strong>.fcnum,</strong></span> <span class='ocrx_word' id='word_1_39' title='bbox 1793 798 1889 842; x_wconf 89' lang='lat' dir='ltr'><strong>aut</strong></span> <span class='ocrx_word' id='word_1_40' title='bbox 1935 789 2084 843; x_wconf 82' lang='lat' dir='ltr'><strong>aliud</strong></span> 
     </span>
    </p>
   </div>
   <div class='ocr_carea' id='block_1_9' title="bbox 513 876 2086 950">
    <p class='ocr_par' dir='ltr' id='par_1_9' title="bbox 513 876 2086 950">
     <span class='ocr_line' id='line_1_9' title="bbox 513 876 2086 950; baseline 0.004 -22"><span class='ocrx_word' id='word_1_41' title='bbox 513 876 566 929; x_wconf 86' lang='lat' dir='ltr'><strong>id</strong></span> <span class='ocrx_word' id='word_1_42' title='bbox 594 879 838 946; x_wconf 74' lang='lat' dir='ltr'><strong>generis.</strong></span> <span class='ocrx_word' id='word_1_43' title='bbox 879 879 1027 947; x_wconf 92' lang='lat' dir='ltr'><strong>quod</strong></span> <span class='ocrx_word' id='word_1_44' title='bbox 1060 878 1187 948; x_wconf 92' lang='lat' dir='ltr'><strong>igne</strong></span> <span class='ocrx_word' id='word_1_45' title='bbox 1216 881 1584 942; x_wconf 88' lang='lat' dir='ltr'><strong>consumitur,</strong></span> <span class='ocrx_word' id='word_1_46' title='bbox 1608 895 1716 933; x_wconf 91' lang='lat' dir='ltr'><strong>non</strong></span> <span class='ocrx_word' id='word_1_47' title='bbox 1755 889 1931 950; x_wconf 90' lang='lat' dir='ltr'><strong>potest</strong></span> <span class='ocrx_word' id='word_1_48' title='bbox 1964 883 2086 947; x_wconf 85' lang='lat' dir='ltr'><strong>ejus</strong></span> 
     </span>
    </p>
   </div>
   <div class='ocr_carea' id='block_1_10' title="bbox 515 968 2088 1041">
    <p class='ocr_par' dir='ltr' id='par_1_10' title="bbox 515 968 2088 1041">
     <span class='ocr_line' id='line_1_10' title="bbox 515 968 2088 1041; baseline 0.005 -20"><span class='ocrx_word' id='word_1_49' title='bbox 515 968 599 1023; x_wconf 91' lang='lat' dir='ltr'><strong>vis</strong></span> <span class='ocrx_word' id='word_1_50' title='bbox 649 983 715 1022; x_wconf 90' lang='lat' dir='ltr'><strong>ac</strong></span> <span class='ocrx_word' id='word_1_51' title='bbox 769 978 966 1023; x_wconf 90' lang='lat' dir='ltr'><strong>natura</strong></span> <span class='ocrx_word' id='word_1_52' title='bbox 1010 971 1349 1025; x_wconf 83' lang='lat' dir='ltr'><strong>consistere:</strong></span> <span class='ocrx_word' id='word_1_53' title='bbox 1408 971 1488 1025; x_wconf 89' lang='lat' dir='ltr'><strong>sic</strong></span> <span class='ocrx_word' id='word_1_54' title='bbox 1545 987 1722 1041; x_wconf 89' lang='lat' dir='ltr'><strong>neque</strong></span> <span class='ocrx_word' id='word_1_55' title='bbox 1748 973 1946 1027; x_wconf 91' lang='lat' dir='ltr'><strong>mortis</strong></span> <span class='ocrx_word' id='word_1_56' title='bbox 2008 973 2088 1029; x_wconf 75' lang='lat' dir='ltr'><strong>vis</strong></span> 
     </span>
    </p>
   </div>
   <div class='ocr_carea' id='block_1_11' title="bbox 514 1060 2091 1135">
    <p class='ocr_par' dir='ltr' id='par_1_11' title="bbox 514 1060 2091 1135">
     <span class='ocr_line' id='line_1_11' title="bbox 514 1060 2091 1135; baseline 0.004 -23"><span class='ocrx_word' id='word_1_57' title='bbox 514 1060 813 1130; x_wconf 87' lang='lat' dir='ltr'><strong>quidquam</strong></span> <span class='ocrx_word' id='word_1_58' title='bbox 843 1061 1060 1126; x_wconf 78' lang='lat' dir='ltr'><strong>cﬂiciet,</strong></span> <span class='ocrx_word' id='word_1_59' title='bbox 1095 1062 1197 1116; x_wconf 86' lang='lat' dir='ltr'><strong>nisi</strong></span> <span class='ocrx_word' id='word_1_60' title='bbox 1230 1064 1279 1116; x_wconf 87' lang='lat' dir='ltr'><strong>ei</strong></span> <span class='ocrx_word' id='word_1_61' title='bbox 1315 1063 1597 1117; x_wconf 77' lang='lat' dir='ltr'><strong>materiam</strong></span> <span class='ocrx_word' id='word_1_62' title='bbox 1628 1064 1942 1134; x_wconf 84' lang='lat' dir='ltr'><strong>conjugium</strong></span> <span class='ocrx_word' id='word_1_63' title='bbox 1967 1081 2091 1135; x_wconf 85' lang='lat' dir='ltr'><strong>snp-</strong></span> 
     </span>
    </p>
   </div>
   <div class='ocr_carea' id='block_1_12' title="bbox 516 1152 2085 1227">
    <p class='ocr_par' dir='ltr' id='par_1_12' title="bbox 516 1152 2085 1227">
     <span class='ocr_line' id='line_1_12' title="bbox 516 1152 2085 1227; baseline 0.002 -20"><span class='ocrx_word' id='word_1_64' title='bbox 516 1152 858 1220; x_wconf 79' lang='lat' dir='ltr'><strong>peditaverit,</strong></span> <span class='ocrx_word' id='word_1_65' title='bbox 885 1153 1289 1221; x_wconf 68' lang='lat' dir='ltr'><strong>mon-iturosque</strong></span> <span class='ocrx_word' id='word_1_66' title='bbox 1304 1154 1462 1223; x_wconf 91' lang='lat' dir='ltr'><strong>quasi</strong></span> <span class='ocrx_word' id='word_1_67' title='bbox 1481 1154 1769 1211; x_wconf 89' lang='lat' dir='ltr'><strong>damnatos</strong></span> <span class='ocrx_word' id='word_1_68' title='bbox 1797 1158 2085 1227; x_wconf 78' lang='lat' dir='ltr'><strong>paraverit.</strong></span> 
     </span>
    </p>
   </div>
   <div class='ocr_carea' id='block_1_13' title="bbox 517 1240 2089 1315">
    <p class='ocr_par' dir='ltr' id='par_1_13' title="bbox 517 1240 2089 1315">
     <span class='ocr_line' id='line_1_13' title="bbox 517 1240 2089 1315; baseline 0.002 -20"><span class='ocrx_word' id='word_1_69' title='bbox 517 1240 574 1295; x_wconf 91' lang='lat' dir='ltr'><strong>Si</strong></span> <span class='ocrx_word' id='word_1_70' title='bbox 609 1256 737 1295; x_wconf 90' lang='lat' dir='ltr'><strong>vero</strong></span> <span class='ocrx_word' id='word_1_71' title='bbox 770 1240 1011 1305; x_wconf 85' lang='lat' dir='ltr'><strong>dubitas,</strong></span> <span class='ocrx_word' id='word_1_72' title='bbox 1044 1242 1096 1295; x_wconf 92' lang='lat' dir='ltr'><strong>id</strong></span> <span class='ocrx_word' id='word_1_73' title='bbox 1130 1243 1290 1295; x_wconf 82' lang='lat' dir='ltr'><strong>velim</strong></span> <span class='ocrx_word' id='word_1_74' title='bbox 1324 1243 1750 1309; x_wconf 82' lang='lat' dir='ltr'><strong>animadvertas,</strong></span> <span class='ocrx_word' id='word_1_75' title='bbox 1787 1243 1931 1299; x_wconf 90' lang='lat' dir='ltr'><strong>unde</strong></span> <span class='ocrx_word' id='word_1_76' title='bbox 1963 1260 2089 1315; x_wconf 86' lang='lat' dir='ltr'><strong>pro-</strong></span> 
     </span>
    </p>
   </div>
   <div class='ocr_carea' id='block_1_14' title="bbox 518 1331 2088 1405">
    <p class='ocr_par' dir='ltr' id='par_1_14' title="bbox 518 1331 2088 1405">
     <span class='ocr_line' id='line_1_14' title="bbox 518 1331 2088 1405; baseline 0.003 -20"><span class='ocrx_word' id='word_1_77' title='bbox 518 1331 833 1387; x_wconf 86' lang='lat' dir='ltr'><strong>liciscantur</strong></span> <span class='ocrx_word' id='word_1_78' title='bbox 862 1333 1236 1387; x_wconf 80' lang='lat' dir='ltr'><strong>calamitatum</strong></span> <span class='ocrx_word' id='word_1_79' title='bbox 1265 1334 1511 1400; x_wconf 89' lang='lat' dir='ltr'><strong>nomina,</strong></span> <span class='ocrx_word' id='word_1_80' title='bbox 1543 1349 1666 1405; x_wconf 72' lang='lat' dir='ltr'><strong>quae</strong></span> <span class='ocrx_word' id='word_1_81' title='bbox 1697 1336 1890 1390; x_wconf 88' lang='lat' dir='ltr'><strong>mortis</strong></span> <span class='ocrx_word' id='word_1_82' title='bbox 1924 1351 2088 1390; x_wconf 82' lang='lat' dir='ltr'><strong>causa</strong></span> 
     </span>
    </p>
   </div>
   <div class='ocr_carea' id='block_1_15' title="bbox 515 1423 2089 1495">
    <p class='ocr_par' dir='ltr' id='par_1_15' title="bbox 515 1423 2089 1495">
     <span class='ocr_line' id='line_1_15' title="bbox 515 1423 2089 1495; baseline 0.001 -17"><span class='ocrx_word' id='word_1_83' title='bbox 515 1423 831 1479; x_wconf 84' lang='lat' dir='ltr'><strong>hominibus</strong></span> <span class='ocrx_word' id='word_1_84' title='bbox 858 1425 1238 1495; x_wconf 86' lang='lat' dir='ltr'><strong>imponuntur,</strong></span> <span class='ocrx_word' id='word_1_85' title='bbox 1283 1436 1345 1483; x_wconf 91' lang='lat' dir='ltr'><strong>ut</strong></span> <span class='ocrx_word' id='word_1_86' title='bbox 1376 1428 1645 1483; x_wconf 87' lang='lat' dir='ltr'><strong>orationis</strong></span> <span class='ocrx_word' id='word_1_87' title='bbox 1685 1426 1840 1481; x_wconf 88' lang='lat' dir='ltr'><strong>initio</strong></span> <span class='ocrx_word' id='word_1_88' title='bbox 1881 1428 2089 1482; x_wconf 89' lang='lat' dir='ltr'><strong>dictum</strong></span> 
     </span>
    </p>
   </div>
   <div class='ocr_carea' id='block_1_16' title="bbox 513 1516 2091 1584">
    <p class='ocr_par' dir='ltr' id='par_1_16' title="bbox 513 1516 2091 1584">
     <span class='ocr_line' id='line_1_16' title="bbox 513 1516 2091 1584; baseline 0.001 -12"><span class='ocrx_word' id='word_1_89' title='bbox 513 1526 619 1572; x_wconf 87' lang='lat' dir='ltr'><strong>est.</strong></span> <span class='ocrx_word' id='word_1_90' title='bbox 652 1516 794 1572; x_wconf 87' lang='lat' dir='ltr'><strong>Num</strong></span> <span class='ocrx_word' id='word_1_91' title='bbox 841 1519 1187 1584; x_wconf 77' lang='lat' dir='ltr'><strong>viduitatem,</strong></span> <span class='ocrx_word' id='word_1_92' title='bbox 1221 1528 1313 1574; x_wconf 89' lang='lat' dir='ltr'><strong>aut</strong></span> <span class='ocrx_word' id='word_1_93' title='bbox 1342 1520 1651 1584; x_wconf 84' lang='lat' dir='ltr'><strong>orbitatem,</strong></span> <span class='ocrx_word' id='word_1_94' title='bbox 1712 1527 1807 1573; x_wconf 90' lang='lat' dir='ltr'><strong>aut</strong></span> <span class='ocrx_word' id='word_1_95' title='bbox 1856 1520 2091 1574; x_wconf 86' lang='lat' dir='ltr'><strong>filiorum</strong></span> 
     </span>
    </p>
   </div>
   <div class='ocr_carea' id='block_1_17' title="bbox 513 1607 2096 1680">
    <p class='ocr_par' dir='ltr' id='par_1_17' title="bbox 513 1607 2096 1680">
     <span class='ocr_line' id='line_1_17' title="bbox 513 1607 2096 1680; baseline 0.003 -18"><span class='ocrx_word' id='word_1_96' title='bbox 513 1607 786 1677; x_wconf 85' lang='lat' dir='ltr'><strong>jacturam</strong></span> <span class='ocrx_word' id='word_1_97' title='bbox 827 1611 1017 1679; x_wconf 78' lang='lat' dir='ltr'><strong>lugere</strong></span> <span class='ocrx_word' id='word_1_98' title='bbox 1046 1612 1173 1666; x_wconf 89' lang='lat' dir='ltr'><strong>licet</strong></span> <span class='ocrx_word' id='word_1_99' title='bbox 1213 1611 1418 1680; x_wconf 89' lang='lat' dir='ltr'><strong>nuptiis</strong></span> <span class='ocrx_word' id='word_1_100' title='bbox 1448 1626 1555 1665; x_wconf 91' lang='lat' dir='ltr'><strong>non</strong></span> <span class='ocrx_word' id='word_1_101' title='bbox 1599 1624 1726 1665; x_wconf 87' lang='lat' dir='ltr'><strong>ante</strong></span> <span class='ocrx_word' id='word_1_102' title='bbox 1756 1613 2096 1667; x_wconf 76' lang='lat' dir='ltr'><strong>contractis?</strong></span> 
     </span>
    </p>
   </div>
   <div class='ocr_carea' id='block_1_18' title="bbox 518 1697 2097 1773">
    <p class='ocr_par' dir='ltr' id='par_1_18' title="bbox 518 1697 2097 1773">
     <span class='ocr_line' id='line_1_18' title="bbox 518 1697 2097 1773; baseline 0.003 -20"><span class='ocrx_word' id='word_1_103' title='bbox 518 1697 800 1769; x_wconf 72' lang='lat' dir='ltr'><strong>Exoptata:</strong></span> <span class='ocrx_word' id='word_1_104' title='bbox 827 1702 974 1755; x_wconf 84' lang='lat' dir='ltr'><strong>enim</strong></span> <span class='ocrx_word' id='word_1_105' title='bbox 1012 1703 1180 1757; x_wconf 88' lang='lat' dir='ltr'><strong>animi</strong></span> <span class='ocrx_word' id='word_1_106' title='bbox 1214 1703 1547 1773; x_wconf 83' lang='lat' dir='ltr'><strong>voluptates,</strong></span> <span class='ocrx_word' id='word_1_107' title='bbox 1573 1712 1628 1756; x_wconf 85' lang='lat' dir='ltr'><strong>et</strong></span> <span class='ocrx_word' id='word_1_108' title='bbox 1653 1703 1874 1765; x_wconf 68' lang='lat' dir='ltr'><strong>Izrtitiaa,</strong></span> <span class='ocrx_word' id='word_1_109' title='bbox 1912 1710 1967 1758; x_wconf 89' lang='lat' dir='ltr'><strong>et</strong></span> <span class='ocrx_word' id='word_1_110' title='bbox 1997 1704 2097 1758; x_wconf 83' lang='lat' dir='ltr'><strong>ob-</strong></span> 
     </span>
    </p>
   </div>
   <div class='ocr_carea' id='block_1_19' title="bbox 518 1790 2094 1864">
    <p class='ocr_par' dir='ltr' id='par_1_19' title="bbox 518 1790 2094 1864">
     <span class='ocr_line' id='line_1_19' title="bbox 518 1790 2094 1864; baseline 0.003 -20"><span class='ocrx_word' id='word_1_111' title='bbox 518 1790 862 1856; x_wconf 79' lang='lat' dir='ltr'><strong>lectationes,</strong></span> <span class='ocrx_word' id='word_1_112' title='bbox 896 1802 1185 1857; x_wconf 72' lang='lat' dir='ltr'><strong>cunctare,</strong></span> <span class='ocrx_word' id='word_1_113' title='bbox 1234 1810 1355 1864; x_wconf 65' lang='lat' dir='ltr'><strong>qua:</strong></span> <span class='ocrx_word' id='word_1_114' title='bbox 1405 1794 1458 1847; x_wconf 93' lang='lat' dir='ltr'><strong>in</strong></span> <span class='ocrx_word' id='word_1_115' title='bbox 1495 1794 1954 1864; x_wconf 89' lang='lat' dir='ltr'><strong>nnptiisjncuuda</strong></span> <span class='ocrx_word' id='word_1_116' title='bbox 2002 1810 2094 1849; x_wconf 75' lang='lat' dir='ltr'><strong>ex-</strong></span> 
     </span>
    </p>
   </div>
   <div class='ocr_carea' id='block_1_20' title="bbox 2184 604 3771 679">
    <p class='ocr_par' dir='ltr' id='par_1_20' title="bbox 2184 604 3771 679">
     <span class='ocr_line' id='line_1_20' title="bbox 2184 604 3771 679; baseline 0.007 -23"><span class='ocrx_word' id='word_1_117' title='bbox 2184 604 2279 657; x_wconf 83' lang='grc' dir='ltr'><strong>τοῢ</strong></span> <span class='ocrx_word' id='word_1_118' title='bbox 2335 604 2567 660; x_wconf 79' lang='grc' dir='ltr'><strong>Θανάτου</strong></span> <span class='ocrx_word' id='word_1_119' title='bbox 2611 606 2672 659; x_wconf 76' lang='grc' dir='ltr'><strong>τὸ</strong></span> <span class='ocrx_word' id='word_1_120' title='bbox 2716 606 2936 677; x_wconf 84' lang='grc' dir='ltr'><strong>κράτος,</strong></span> <span class='ocrx_word' id='word_1_121' title='bbox 2961 608 3061 660; x_wconf 86' lang='grc' dir='ltr'><strong>οὐκ</strong></span> <span class='ocrx_word' id='word_1_122' title='bbox 3088 607 3300 679; x_wconf 72' lang='grc' dir='ltr'><strong>ἔχοντος</strong></span> <span class='ocrx_word' id='word_1_123' title='bbox 3335 609 3452 663; x_wconf 88' lang='grc' dir='ltr'><strong>τίσι</strong></span> <span class='ocrx_word' id='word_1_124' title='bbox 3485 609 3551 663; x_wconf 81' lang='grc' dir='ltr'><strong>τὸ</strong></span> <span class='ocrx_word' id='word_1_125' title='bbox 3583 613 3771 668; x_wconf 76' lang='grc' dir='ltr'><strong>ἑαυτοῦ</strong></span> 
     </span>
    </p>
   </div>
   <div class='ocr_carea' id='block_1_21' title="bbox 2185 695 3772 770">
    <p class='ocr_par' dir='ltr' id='par_1_21' title="bbox 2185 695 3772 770">
     <span class='ocr_line' id='line_1_21' title="bbox 2185 695 3772 770; baseline 0.003 -21"><span class='ocrx_word' id='word_1_126' title='bbox 2185 695 2409 767; x_wconf 78' lang='grc' dir='ltr'><strong>κέντρον</strong></span> <span class='ocrx_word' id='word_1_127' title='bbox 2445 695 2885 767; x_wconf 72' lang='grc' dir='ltr'><strong>ἐναπερείσηται.</strong></span> <span class='ocrx_word' id='word_1_128' title='bbox 2915 697 3025 749; x_wconf 71' lang='grc' dir='ltr'><strong>Καὶ</strong></span> <span class='ocrx_word' id='word_1_129' title='bbox 3056 697 3165 768; x_wconf 86' lang='grc' dir='ltr'><strong>γὰρ</strong></span> <span class='ocrx_word' id='word_1_130' title='bbox 3189 696 3251 751; x_wconf 72' lang='grc' dir='ltr'><strong>τὸ</strong></span> <span class='ocrx_word' id='word_1_131' title='bbox 3276 696 3412 769; x_wconf 82' lang='grc' dir='ltr'><strong>πῦρ,</strong></span> <span class='ocrx_word' id='word_1_132' title='bbox 3451 700 3503 752; x_wconf 82' lang='grc' dir='ltr'><strong>εἰ</strong></span> <span class='ocrx_word' id='word_1_133' title='bbox 3540 700 3617 770; x_wconf 77' lang='grc' dir='ltr'><strong>μὴ</strong></span> <span class='ocrx_word' id='word_1_134' title='bbox 3653 703 3772 753; x_wconf 64' lang='grc' dir='ltr'><strong>ὲπιη</strong></span> 
     </span>
    </p>
   </div>
   <div class='ocr_carea' id='block_1_22' title="bbox 2186 786 3770 860">
    <p class='ocr_par' dir='ltr' id='par_1_22' title="bbox 2186 786 3770 860">
     <span class='ocr_line' id='line_1_22' title="bbox 2186 786 3770 860; baseline 0.003 -19"><span class='ocrx_word' id='word_1_135' title='bbox 2186 787 2409 858; x_wconf 70' lang='grc' dir='ltr'><strong>ϐληθείη</strong></span> <span class='ocrx_word' id='word_1_136' title='bbox 2436 786 2589 851; x_wconf 83' lang='grc' dir='ltr'><strong>ξύλα,</strong></span> <span class='ocrx_word' id='word_1_137' title='bbox 2640 788 2737 840; x_wconf 72' lang='grc' dir='ltr'><strong>καὶ</strong></span> <span class='ocrx_word' id='word_1_138' title='bbox 2785 787 3024 858; x_wconf 91' lang='grc' dir='ltr'><strong>καλάμη,</strong></span> <span class='ocrx_word' id='word_1_139' title='bbox 3060 788 3155 842; x_wconf 76' lang='grc' dir='ltr'><strong>καὶ</strong></span> <span class='ocrx_word' id='word_1_140' title='bbox 3184 790 3398 860; x_wconf 79' lang='grc' dir='ltr'><strong>χόρτος,</strong></span> <span class='ocrx_word' id='word_1_141' title='bbox 3428 791 3529 844; x_wconf 85' lang='grc' dir='ltr'><strong>καὶ</strong></span> <span class='ocrx_word' id='word_1_142' title='bbox 3564 791 3691 845; x_wconf 83' lang='grc' dir='ltr'><strong>ἄλλο</strong></span> <span class='ocrx_word' id='word_1_143' title='bbox 3721 811 3770 847; x_wconf 89' lang='grc' dir='ltr'><strong>τι</strong></span> 
     </span>
    </p>
   </div>
   <div class='ocr_carea' id='block_1_23' title="bbox 2185 879 3770 953">
    <p class='ocr_par' dir='ltr' id='par_1_23' title="bbox 2185 879 3770 953">
     <span class='ocr_line' id='line_1_23' title="bbox 2185 879 3770 953; baseline 0.003 -21"><span class='ocrx_word' id='word_1_144' title='bbox 2185 881 2293 933; x_wconf 81' lang='grc' dir='ltr'><strong>τῶν</strong></span> <span class='ocrx_word' id='word_1_145' title='bbox 2333 879 2438 932; x_wconf 82' lang='grc' dir='ltr'><strong>ὑπὸ</strong></span> <span class='ocrx_word' id='word_1_146' title='bbox 2483 880 2654 949; x_wconf 81' lang='grc' dir='ltr'><strong>πυρὸς</strong></span> <span class='ocrx_word' id='word_1_147' title='bbox 2703 879 3137 949; x_wconf 83' lang='grc' dir='ltr'><strong>δαπανωμένων,</strong></span> <span class='ocrx_word' id='word_1_148' title='bbox 3175 883 3276 935; x_wconf 83' lang='grc' dir='ltr'><strong>οὐκ</strong></span> <span class='ocrx_word' id='word_1_149' title='bbox 3318 881 3435 953; x_wconf 77' lang='grc' dir='ltr'><strong>ἔχει</strong></span> <span class='ocrx_word' id='word_1_150' title='bbox 3477 882 3643 952; x_wconf 81' lang='grc' dir='ltr'><strong>φύσιν</strong></span> <span class='ocrx_word' id='word_1_151' title='bbox 3689 883 3770 952; x_wconf 75' lang='grc' dir='ltr'><strong>ἐφ’</strong></span> 
     </span>
    </p>
   </div>
   <div class='ocr_carea' id='block_1_24' title="bbox 2188 970 3769 1044">
    <p class='ocr_par' dir='ltr' id='par_1_24' title="bbox 2188 970 3769 1044">
     <span class='ocr_line' id='line_1_24' title="bbox 2188 970 3769 1044; baseline 0.001 -20"><span class='ocrx_word' id='word_1_152' title='bbox 2188 970 2382 1025; x_wconf 80' lang='grc' dir='ltr'><strong>ἑαυτυῦ</strong></span> <span class='ocrx_word' id='word_1_153' title='bbox 2429 970 2641 1039; x_wconf 81' lang='grc' dir='ltr'><strong>μένειν·</strong></span> <span class='ocrx_word' id='word_1_154' title='bbox 2672 970 2843 1034; x_wconf 69' lang='grc' dir='ltr'><strong>οὕτως</strong></span> <span class='ocrx_word' id='word_1_155' title='bbox 2885 970 3007 1023; x_wconf 71' lang='grc' dir='ltr'><strong>οὐδὲ</strong></span> <span class='ocrx_word' id='word_1_156' title='bbox 3047 975 3081 1041; x_wconf 88' lang='grc' dir='ltr'>ὴ</span> <span class='ocrx_word' id='word_1_157' title='bbox 3126 971 3219 1024; x_wconf 79' lang='grc' dir='ltr'><strong>τοῦ</strong></span> <span class='ocrx_word' id='word_1_158' title='bbox 3266 970 3503 1026; x_wconf 77' lang='grc' dir='ltr'><strong>θανάτου</strong></span> <span class='ocrx_word' id='word_1_159' title='bbox 3549 973 3769 1044; x_wconf 84' lang='grc' dir='ltr'><strong>δύναμις</strong></span> 
     </span>
    </p>
   </div>
   <div class='ocr_carea' id='block_1_25' title="bbox 2189 1062 3769 1135">
    <p class='ocr_par' dir='ltr' id='par_1_25' title="bbox 2189 1062 3769 1135">
     <span class='ocr_line' id='line_1_25' title="bbox 2189 1062 3769 1135; baseline 0 -19"><span class='ocrx_word' id='word_1_160' title='bbox 2189 1063 2491 1133; x_wconf 67' lang='grc' dir='ltr'><strong>ινεργὴσει,</strong></span> <span class='ocrx_word' id='word_1_161' title='bbox 2524 1062 2598 1133; x_wconf 85' lang='grc' dir='ltr'><strong>μὴ</strong></span> <span class='ocrx_word' id='word_1_162' title='bbox 2623 1062 2714 1114; x_wconf 78' lang='grc' dir='ltr'><strong>τοῦ</strong></span> <span class='ocrx_word' id='word_1_163' title='bbox 2741 1062 2920 1132; x_wconf 84' lang='grc' dir='ltr'><strong>γάμου</strong></span> <span class='ocrx_word' id='word_1_164' title='bbox 2937 1063 3034 1134; x_wconf 79' lang='grc' dir='ltr'><strong>τὴν</strong></span> <span class='ocrx_word' id='word_1_165' title='bbox 3061 1062 3193 1133; x_wconf 79' lang='grc' dir='ltr'><strong>ὕλην</strong></span> <span class='ocrx_word' id='word_1_166' title='bbox 3222 1064 3576 1127; x_wconf 77' lang='grc' dir='ltr'><strong>ὑποτιθέντος</strong></span> <span class='ocrx_word' id='word_1_167' title='bbox 3607 1066 3769 1135; x_wconf 79' lang='grc' dir='ltr'><strong>αὐτῷ,</strong></span> 
     </span>
    </p>
   </div>
   <div class='ocr_carea' id='block_1_26' title="bbox 2188 1147 3770 1222">
    <p class='ocr_par' dir='ltr' id='par_1_26' title="bbox 2188 1147 3770 1222">
     <span class='ocr_line' id='line_1_26' title="bbox 2188 1147 3770 1222; baseline 0.002 -17"><span class='ocrx_word' id='word_1_168' title='bbox 2188 1153 2420 1214; x_wconf 72' lang='grc' dir='ltr'><strong>καὶτοὺς</strong></span> <span class='ocrx_word' id='word_1_169' title='bbox 2441 1150 2859 1221; x_wconf 74' lang='grc' dir='ltr'><strong>τεθνηξομένους</strong></span> <span class='ocrx_word' id='word_1_170' title='bbox 2885 1147 2995 1205; x_wconf 75' lang='grc' dir='ltr'><strong>οἷον</strong></span> <span class='ocrx_word' id='word_1_171' title='bbox 3015 1153 3340 1216; x_wconf 74' lang='grc' dir='ltr'><strong>καταδίκους</strong></span> <span class='ocrx_word' id='word_1_172' title='bbox 3361 1153 3523 1217; x_wconf 70' lang='grc' dir='ltr'><strong>τινὰς</strong></span> <span class='ocrx_word' id='word_1_173' title='bbox 3552 1154 3770 1222; x_wconf 78' lang='grc' dir='ltr'><strong>ἑτοιμά-</strong></span> 
     </span>
    </p>
   </div>
   <div class='ocr_carea' id='block_1_27' title="bbox 2189 1242 3771 1314">
    <p class='ocr_par' dir='ltr' id='par_1_27' title="bbox 2189 1242 3771 1314">
     <span class='ocr_line' id='line_1_27' title="bbox 2189 1242 3771 1314; baseline 0.002 -17"><span class='ocrx_word' id='word_1_174' title='bbox 2189 1244 2390 1310; x_wconf 78' lang='grc' dir='ltr'><strong>ξοντυς.</strong></span> <span class='ocrx_word' id='word_1_175' title='bbox 2411 1245 2472 1299; x_wconf 80' lang='grc' dir='ltr'><strong>Εἰ</strong></span> <span class='ocrx_word' id='word_1_176' title='bbox 2489 1243 2545 1296; x_wconf 82' lang='grc' dir='ltr'><strong>δὲ</strong></span> <span class='ocrx_word' id='word_1_177' title='bbox 2561 1249 2591 1296; x_wconf 83' lang='grc' dir='ltr'>ἀ</span> <span class='ocrx_word' id='word_1_178' title='bbox 2601 1242 2939 1313; x_wconf 71' lang='grc' dir='ltr'><strong>μφιϐἀλλεις,</strong></span> <span class='ocrx_word' id='word_1_179' title='bbox 2956 1243 3249 1312; x_wconf 76' lang='grc' dir='ltr'><strong>ἐπίσκεψαι</strong></span> <span class='ocrx_word' id='word_1_180' title='bbox 3264 1245 3370 1297; x_wconf 86' lang='grc' dir='ltr'><strong>τῶν</strong></span> <span class='ocrx_word' id='word_1_181' title='bbox 3390 1244 3690 1314; x_wconf 73' lang='grc' dir='ltr'><strong>συμφορῶν</strong></span> <span class='ocrx_word' id='word_1_182' title='bbox 3703 1245 3771 1300; x_wconf 76' lang='grc' dir='ltr'><strong>τὰ</strong></span> 
     </span>
    </p>
   </div>
   <div class='ocr_carea' id='block_1_28' title="bbox 2190 1332 3769 1405">
    <p class='ocr_par' dir='ltr' id='par_1_28' title="bbox 2190 1332 3769 1405">
     <span class='ocr_line' id='line_1_28' title="bbox 2190 1332 3769 1405; baseline -0.001 -17"><span class='ocrx_word' id='word_1_183' title='bbox 2190 1335 2448 1405; x_wconf 81' lang='grc' dir='ltr'><strong>ὀνόματα,</strong></span> <span class='ocrx_word' id='word_1_184' title='bbox 2483 1334 2584 1387; x_wconf 85' lang='grc' dir='ltr'><strong>ὃσα</strong></span> <span class='ocrx_word' id='word_1_185' title='bbox 2601 1336 2665 1388; x_wconf 85' lang='grc' dir='ltr'><strong>ὲκ</strong></span> <span class='ocrx_word' id='word_1_186' title='bbox 2692 1332 2786 1386; x_wconf 80' lang='grc' dir='ltr'><strong>τοῦ</strong></span> <span class='ocrx_word' id='word_1_187' title='bbox 2817 1333 3048 1387; x_wconf 86' lang='grc' dir='ltr'><strong>θανάτου</strong></span> <span class='ocrx_word' id='word_1_188' title='bbox 3080 1338 3194 1397; x_wconf 85' lang='grc' dir='ltr'><strong>τοῖς</strong></span> <span class='ocrx_word' id='word_1_189' title='bbox 3232 1333 3550 1404; x_wconf 85' lang='grc' dir='ltr'><strong>ἀνθρώποις</strong></span> <span class='ocrx_word' id='word_1_190' title='bbox 3582 1334 3769 1402; x_wconf 82' lang='grc' dir='ltr'><strong>ἐπάγε-</strong></span> 
     </span>
    </p>
   </div>
   <div class='ocr_carea' id='block_1_29' title="bbox 2190 1418 3765 1495">
    <p class='ocr_par' dir='ltr' id='par_1_29' title="bbox 2190 1418 3765 1495">
     <span class='ocr_line' id='line_1_29' title="bbox 2190 1418 3765 1495; baseline -0.002 -17"><span class='ocrx_word' id='word_1_191' title='bbox 2190 1443 2301 1487; x_wconf 87' lang='grc' dir='ltr'><strong>ται,</strong></span> <span class='ocrx_word' id='word_1_192' title='bbox 2354 1423 2537 1488; x_wconf 84' lang='grc' dir='ltr'><strong>καθὼς</strong></span> <span class='ocrx_word' id='word_1_193' title='bbox 2581 1425 2682 1495; x_wconf 70' lang='grc' dir='ltr'><strong>ἤδη</strong></span> <span class='ocrx_word' id='word_1_194' title='bbox 2720 1426 2839 1477; x_wconf 81' lang='grc' dir='ltr'><strong>κατ’</strong></span> <span class='ocrx_word' id='word_1_195' title='bbox 2873 1424 3047 1494; x_wconf 84' lang='grc' dir='ltr'><strong>ἀρχάς</strong></span> <span class='ocrx_word' id='word_1_196' title='bbox 3087 1423 3181 1477; x_wconf 82' lang='grc' dir='ltr'><strong>τοῦ</strong></span> <span class='ocrx_word' id='word_1_197' title='bbox 3213 1424 3370 1492; x_wconf 80' lang='grc' dir='ltr'><strong>λόγου</strong></span> <span class='ocrx_word' id='word_1_198' title='bbox 3423 1418 3765 1495; x_wconf 76' lang='grc' dir='ltr'><strong>προείρηται,</strong></span> 
     </span>
    </p>
   </div>
   <div class='ocr_carea' id='block_1_30' title="bbox 2193 1509 3767 1585">
    <p class='ocr_par' dir='ltr' id='par_1_30' title="bbox 2193 1509 3767 1585">
     <span class='ocr_line' id='line_1_30' title="bbox 2193 1509 3767 1585; baseline 0 -19"><span class='ocrx_word' id='word_1_199' title='bbox 2193 1514 2358 1567; x_wconf 76' lang='grc' dir='ltr'><strong>πόθεν</strong></span> <span class='ocrx_word' id='word_1_200' title='bbox 2387 1515 2485 1584; x_wconf 82' lang='grc' dir='ltr'><strong>τὴν</strong></span> <span class='ocrx_word' id='word_1_201' title='bbox 2506 1514 2679 1584; x_wconf 83' lang='grc' dir='ltr'><strong>ἀρχὴν</strong></span> <span class='ocrx_word' id='word_1_202' title='bbox 2709 1513 2844 1583; x_wconf 78' lang='grc' dir='ltr'><strong>ἔχει.</strong></span> <span class='ocrx_word' id='word_1_203' title='bbox 2871 1509 3018 1584; x_wconf 75' lang='grc' dir='ltr'><strong>Ἀρα</strong></span> <span class='ocrx_word' id='word_1_204' title='bbox 3047 1513 3162 1566; x_wconf 75' lang='grc' dir='ltr'><strong>ἔστι</strong></span> <span class='ocrx_word' id='word_1_205' title='bbox 3196 1514 3423 1584; x_wconf 77' lang='grc' dir='ltr'><strong>χηρείαν</strong></span> <span class='ocrx_word' id='word_1_206' title='bbox 3515 1512 3767 1585; x_wconf 66' lang='grc' dir='ltr'><strong>ὀρφανίαν</strong></span> 
     </span>
    </p>
   </div>
   <div class='ocr_carea' id='block_1_31' title="bbox 2193 1604 3768 1679">
    <p class='ocr_par' dir='ltr' id='par_1_31' title="bbox 2193 1604 3768 1679">
     <span class='ocr_line' id='line_1_31' title="bbox 2193 1604 3768 1679; baseline -0.004 -17"><span class='ocrx_word' id='word_1_207' title='bbox 2193 1606 2555 1679; x_wconf 81' lang='grc' dir='ltr'><strong>ὀδύρεσθαι,ἢ</strong></span> <span class='ocrx_word' id='word_1_208' title='bbox 2588 1606 2688 1677; x_wconf 82' lang='grc' dir='ltr'><strong>τὴν</strong></span> <span class='ocrx_word' id='word_1_209' title='bbox 2716 1605 2810 1659; x_wconf 68' lang='grc' dir='ltr'><strong>ἐπὶ</strong></span> <span class='ocrx_word' id='word_1_210' title='bbox 2843 1605 3001 1659; x_wconf 74' lang='grc' dir='ltr'><strong>παισὶ</strong></span> <span class='ocrx_word' id='word_1_211' title='bbox 3033 1606 3338 1675; x_wconf 71' lang='grc' dir='ltr'><strong>συμφορὰν,</strong></span> <span class='ocrx_word' id='word_1_212' title='bbox 3365 1606 3444 1675; x_wconf 84' lang='grc' dir='ltr'><strong>μὴ</strong></span> <span class='ocrx_word' id='word_1_213' title='bbox 3477 1604 3768 1677; x_wconf 75' lang='grc' dir='ltr'><strong>προλαεόν-</strong></span> 
     </span>
    </p>
   </div>
   <div class='ocr_carea' id='block_1_32' title="bbox 2192 1692 3764 1769">
    <p class='ocr_par' dir='ltr' id='par_1_32' title="bbox 2192 1692 3764 1769">
     <span class='ocr_line' id='line_1_32' title="bbox 2192 1692 3764 1769; baseline -0.005 -17"><span class='ocrx_word' id='word_1_214' title='bbox 2192 1716 2285 1762; x_wconf 88' lang='grc' dir='ltr'><strong>τος</strong></span> <span class='ocrx_word' id='word_1_215' title='bbox 2310 1698 2405 1751; x_wconf 82' lang='grc' dir='ltr'><strong>τοῦ</strong></span> <span class='ocrx_word' id='word_1_216' title='bbox 2431 1699 2643 1769; x_wconf 75' lang='grc' dir='ltr'><strong>γάμους</strong></span> <span class='ocrx_word' id='word_1_217' title='bbox 2672 1698 2734 1751; x_wconf 80' lang='grc' dir='ltr'><strong>Δί</strong></span> <span class='ocrx_word' id='word_1_218' title='bbox 2758 1696 2868 1768; x_wconf 75' lang='grc' dir='ltr'><strong>γὰρ</strong></span> <span class='ocrx_word' id='word_1_219' title='bbox 2887 1695 3340 1767; x_wconf 77' lang='grc' dir='ltr'><strong>περισπούδαστοι</strong></span> <span class='ocrx_word' id='word_1_220' title='bbox 3368 1695 3654 1766; x_wconf 78' lang='grc' dir='ltr'><strong>θυμηδίαι,</strong></span> <span class='ocrx_word' id='word_1_221' title='bbox 3675 1692 3764 1747; x_wconf 76' lang='grc' dir='ltr'><strong>καὶ</strong></span> 
     </span>
    </p>
   </div>
   <div class='ocr_carea' id='block_1_33' title="bbox 2196 1785 3767 1860">
    <p class='ocr_par' dir='ltr' id='par_1_33' title="bbox 2196 1785 3767 1860">
     <span class='ocr_line' id='line_1_33' title="bbox 2196 1785 3767 1860; baseline -0.001 -19"><span class='ocrx_word' id='word_1_222' title='bbox 2196 1788 2546 1860; x_wconf 72' lang='grc' dir='ltr'><strong>εὐφροσύναι,</strong></span> <span class='ocrx_word' id='word_1_223' title='bbox 2585 1788 2680 1840; x_wconf 77' lang='grc' dir='ltr'><strong>καὶ</strong></span> <span class='ocrx_word' id='word_1_224' title='bbox 2710 1788 2914 1858; x_wconf 74' lang='grc' dir='ltr'><strong>ἡδοναὶ,</strong></span> <span class='ocrx_word' id='word_1_225' title='bbox 2941 1787 3035 1839; x_wconf 72' lang='grc' dir='ltr'><strong>καὶ</strong></span> <span class='ocrx_word' id='word_1_226' title='bbox 3068 1786 3244 1839; x_wconf 84' lang='grc' dir='ltr'><strong>πάντα</strong></span> <span class='ocrx_word' id='word_1_227' title='bbox 3267 1786 3369 1839; x_wconf 82' lang='grc' dir='ltr'><strong>ὅσα</strong></span> <span class='ocrx_word' id='word_1_228' title='bbox 3396 1787 3531 1856; x_wconf 70' lang='grc' dir='ltr'><strong>περὶ</strong></span> <span class='ocrx_word' id='word_1_229' title='bbox 3556 1785 3646 1838; x_wconf 74' lang='grc' dir='ltr'><strong>τὸν</strong></span> <span class='ocrx_word' id='word_1_230' title='bbox 3670 1786 3767 1852; x_wconf 83' lang='grc' dir='ltr'><strong>γά·</strong></span> 
     </span>
    </p>
   </div>
   <div class='ocr_carea' id='block_1_34' title="bbox 517 1860 2093 1954">
    <p class='ocr_par' dir='ltr' id='par_1_34' title="bbox 517 1860 2093 1954">
     <span class='ocr_line' id='line_1_34' title="bbox 517 1860 2093 1954; baseline 0.004 -19"><span class='ocrx_word' id='word_1_231' title='bbox 517 1890 800 1953; x_wconf 87' lang='lat' dir='ltr'><strong>petuntttr,</strong></span> <span class='ocrx_word' id='word_1_232' title='bbox 850 1884 936 1938; x_wconf 90' lang='lat' dir='ltr'><strong>his</strong></span> <span class='ocrx_word' id='word_1_233' title='bbox 983 1860 1623 1940; x_wconf 42' lang='lat' dir='ltr'><strong>dolorum-cruciatibus</strong></span> <span class='ocrx_word' id='word_1_234' title='bbox 1668 1860 2093 1954; x_wconf 81' lang='lat' dir='ltr'><strong>concluduntur,</strong></span> 
     </span>
    </p>
   </div>
   <div class='ocr_carea' id='block_1_35' title="bbox 2193 1860 3769 1954">
    <p class='ocr_par' dir='ltr' id='par_1_35' title="bbox 2201 1877 3769 1951">
     <span class='ocr_line' id='line_1_35' title="bbox 2201 1877 3769 1951; baseline -0.004 -18"><span class='ocrx_word' id='word_1_235' title='bbox 2201 1881 2300 1951; x_wconf 82' lang='grc' dir='ltr'><strong>μὸν</strong></span> <span class='ocrx_word' id='word_1_236' title='bbox 2335 1878 2711 1943; x_wconf 75' lang='grc' dir='ltr'><strong>σπουδάζεται,</strong></span> <span class='ocrx_word' id='word_1_237' title='bbox 2765 1882 2886 1942; x_wconf 85' lang='grc' dir='ltr'><strong>ταῖς</strong></span> <span class='ocrx_word' id='word_1_238' title='bbox 2943 1878 3216 1941; x_wconf 82' lang='grc' dir='ltr'><strong>τοιαύταις</strong></span> <span class='ocrx_word' id='word_1_239' title='bbox 3264 1877 3482 1939; x_wconf 82' lang='grc' dir='ltr'><strong>ὀδύναις</strong></span> <span class='ocrx_word' id='word_1_240' title='bbox 3511 1877 3769 1947; x_wconf 77' lang='grc' dir='ltr'><strong>ἐναπολή-</strong></span> 
     </span>
    </p>
   </div>
   <div class='ocr_carea' id='block_1_36' title="bbox 518 1976 2101 2048">
    <p class='ocr_par' dir='ltr' id='par_1_36' title="bbox 518 1976 2101 2048">
     <span class='ocr_line' id='line_1_36' title="bbox 518 1976 2101 2048; baseline 0.004 -21"><span class='ocrx_word' id='word_1_241' title='bbox 518 1988 585 2027; x_wconf 81' lang='lat' dir='ltr'><strong>ac.</strong></span> <span class='ocrx_word' id='word_1_242' title='bbox 623 1976 1012 2030; x_wconf 85' lang='lat' dir='ltr'><strong>terminantur.</strong></span> <span class='ocrx_word' id='word_1_243' title='bbox 1046 1977 1179 2031; x_wconf 76' lang='lat' dir='ltr'><strong>Nam</strong></span> <span class='ocrx_word' id='word_1_244' title='bbox 1210 1989 1269 2032; x_wconf 92' lang='lat' dir='ltr'><strong>ut</strong></span> <span class='ocrx_word' id='word_1_245' title='bbox 1305 1978 1467 2048; x_wconf 87' lang='lat' dir='ltr'><strong>gladii</strong></span> <span class='ocrx_word' id='word_1_246' title='bbox 1495 1979 1726 2048; x_wconf 90' lang='lat' dir='ltr'><strong>capulus</strong></span> <span class='ocrx_word' id='word_1_247' title='bbox 1757 1979 1960 2048; x_wconf 87' lang='lat' dir='ltr'><strong>politus</strong></span> <span class='ocrx_word' id='word_1_248' title='bbox 2010 1979 2101 2034; x_wconf 89' lang='lat' dir='ltr'><strong>ille</strong></span> 
     </span>
    </p>
   </div>
   <div class='ocr_carea' id='block_1_37' title="bbox 515 2064 2098 2139">
    <p class='ocr_par' dir='ltr' id='par_1_37' title="bbox 515 2064 2098 2139">
     <span class='ocr_line' id='line_1_37' title="bbox 515 2064 2098 2139; baseline 0.005 -22"><span class='ocrx_word' id='word_1_249' title='bbox 515 2064 765 2135; x_wconf 74' lang='lat' dir='ltr'><strong>quidem,</strong></span> <span class='ocrx_word' id='word_1_250' title='bbox 800 2074 949 2119; x_wconf 88' lang='lat' dir='ltr'><strong>tactu</strong></span> <span class='ocrx_word' id='word_1_251' title='bbox 992 2065 1192 2131; x_wconf 79' lang='lat' dir='ltr'><strong>facilis,</strong></span> <span class='ocrx_word' id='word_1_252' title='bbox 1226 2075 1281 2122; x_wconf 89' lang='lat' dir='ltr'><strong>et</strong></span> <span class='ocrx_word' id='word_1_253' title='bbox 1333 2076 1531 2121; x_wconf 89' lang='lat' dir='ltr'><strong>ornatu</strong></span> <span class='ocrx_word' id='word_1_254' title='bbox 1579 2069 1822 2139; x_wconf 89' lang='lat' dir='ltr'><strong>undique</strong></span> <span class='ocrx_word' id='word_1_255' title='bbox 1882 2069 2098 2125; x_wconf 83' lang='lat' dir='ltr'><strong>cinctus</strong></span> 
     </span>
    </p>
   </div>
   <div class='ocr_carea' id='block_1_38' title="bbox 516 2154 2101 2223">
    <p class='ocr_par' dir='ltr' id='par_1_38' title="bbox 516 2154 2101 2223">
     <span class='ocr_line' id='line_1_38' title="bbox 516 2154 2101 2223; baseline 0.004 -17"><span class='ocrx_word' id='word_1_256' title='bbox 516 2162 774 2222; x_wconf 81' lang='lat' dir='ltr'><strong>apparet:</strong></span> <span class='ocrx_word' id='word_1_257' title='bbox 809 2154 1080 2223; x_wconf 90' lang='lat' dir='ltr'><strong>reliquum</strong></span> <span class='ocrx_word' id='word_1_258' title='bbox 1120 2172 1250 2211; x_wconf 88' lang='lat' dir='ltr'><strong>vero</strong></span> <span class='ocrx_word' id='word_1_259' title='bbox 1278 2157 1482 2211; x_wconf 85' lang='lat' dir='ltr'><strong>ferrum</strong></span> <span class='ocrx_word' id='word_1_260' title='bbox 1524 2159 1719 2212; x_wconf 90' lang='lat' dir='ltr'><strong>mortis</strong></span> <span class='ocrx_word' id='word_1_261' title='bbox 1765 2166 1850 2214; x_wconf 88' lang='lat' dir='ltr'><strong>est</strong></span> <span class='ocrx_word' id='word_1_262' title='bbox 1892 2159 2101 2214; x_wconf 90' lang='lat' dir='ltr'><strong>instru-</strong></span> 
     </span>
    </p>
   </div>
   <div class='ocr_carea' id='block_1_39' title="bbox 517 2245 2097 2314">
    <p class='ocr_par' dir='ltr' id='par_1_39' title="bbox 517 2245 2097 2314">
     <span class='ocr_line' id='line_1_39' title="bbox 517 2245 2097 2314; baseline 0.005 -18"><span class='ocrx_word' id='word_1_263' title='bbox 517 2253 764 2299; x_wconf 85' lang='lat' dir='ltr'><strong>mentum</strong></span> <span class='ocrx_word' id='word_1_264' title='bbox 797 2245 1239 2314; x_wconf 87' lang='lat' dir='ltr'><strong>(formidolosum</strong></span> <span class='ocrx_word' id='word_1_265' title='bbox 1275 2248 1382 2302; x_wconf 86' lang='lat' dir='ltr'><strong>hoc</strong></span> <span class='ocrx_word' id='word_1_266' title='bbox 1413 2256 1562 2303; x_wconf 86' lang='lat' dir='ltr'><strong>certe</strong></span> <span class='ocrx_word' id='word_1_267' title='bbox 1583 2258 1668 2305; x_wconf 87' lang='lat' dir='ltr'><strong>est</strong></span> <span class='ocrx_word' id='word_1_268' title='bbox 1698 2250 1917 2305; x_wconf 86' lang='lat' dir='ltr'><strong>videre:</strong></span> <span class='ocrx_word' id='word_1_269' title='bbox 1963 2250 2097 2304; x_wconf 91' lang='lat' dir='ltr'><strong>illud</strong></span> 
     </span>
    </p>
   </div>
   <div class='ocr_carea' id='block_1_40' title="bbox 517 2334 2098 2409">
    <p class='ocr_par' dir='ltr' id='par_1_40' title="bbox 517 2334 2098 2409">
     <span class='ocr_line' id='line_1_40' title="bbox 517 2334 2098 2409; baseline 0.003 -20"><span class='ocrx_word' id='word_1_270' title='bbox 517 2341 699 2390; x_wconf 80' lang='lat' dir='ltr'><strong>tamen</strong></span> <span class='ocrx_word' id='word_1_271' title='bbox 737 2334 1147 2392; x_wconf 80' lang='lat' dir='ltr'><strong>formidolosius</strong></span> <span class='ocrx_word' id='word_1_272' title='bbox 1177 2338 1349 2392; x_wconf 92' lang='lat' dir='ltr'><strong>multo</strong></span> <span class='ocrx_word' id='word_1_273' title='bbox 1397 2348 1502 2402; x_wconf 88' lang='lat' dir='ltr'><strong>est,</strong></span> <span class='ocrx_word' id='word_1_274' title='bbox 1536 2340 1581 2393; x_wconf 92' lang='lat' dir='ltr'><strong>si</strong></span> <span class='ocrx_word' id='word_1_275' title='bbox 1628 2339 1694 2393; x_wconf 87' lang='lat' dir='ltr'><strong>ad</strong></span> <span class='ocrx_word' id='word_1_276' title='bbox 1737 2340 1972 2409; x_wconf 76' lang='lat' dir='ltr'><strong>aliquem</strong></span> <span class='ocrx_word' id='word_1_277' title='bbox 2016 2341 2098 2395; x_wconf 85' lang='lat' dir='ltr'><strong>vel</strong></span> 
     </span>
    </p>
   </div>
   <div class='ocr_carea' id='block_1_41' title="bbox 519 2425 2100 2497">
    <p class='ocr_par' dir='ltr' id='par_1_41' title="bbox 519 2425 2100 2497">
     <span class='ocr_line' id='line_1_41' title="bbox 519 2425 2100 2497; baseline 0.004 -20"><span class='ocrx_word' id='word_1_278' title='bbox 519 2439 735 2494; x_wconf 56' lang='lat' dir='ltr'><strong>pugnat,</strong></span> <span class='ocrx_word' id='word_1_279' title='bbox 764 2426 846 2479; x_wconf 86' lang='lat' dir='ltr'><strong>vel</strong></span> <span class='ocrx_word' id='word_1_280' title='bbox 878 2425 1044 2480; x_wconf 69' lang='lat' dir='ltr'><strong>caedis</strong></span> <span class='ocrx_word' id='word_1_281' title='bbox 1074 2441 1230 2480; x_wconf 88' lang='lat' dir='ltr'><strong>usum</strong></span> <span class='ocrx_word' id='word_1_282' title='bbox 1263 2427 1609 2497; x_wconf 83' lang='lat' dir='ltr'><strong>adhibetur):</strong></span> <span class='ocrx_word' id='word_1_283' title='bbox 1661 2429 1763 2482; x_wconf 92' lang='lat' dir='ltr'><strong>hoc</strong></span> <span class='ocrx_word' id='word_1_284' title='bbox 1795 2430 1850 2482; x_wconf 89' lang='lat' dir='ltr'><strong>in</strong></span> <span class='ocrx_word' id='word_1_285' title='bbox 1901 2444 2100 2497; x_wconf 75' lang='lat' dir='ltr'><strong>genere</strong></span> 
     </span>
    </p>
   </div>
   <div class='ocr_carea' id='block_1_42' title="bbox 518 2515 2098 2588">
    <p class='ocr_par' dir='ltr' id='par_1_42' title="bbox 518 2515 2098 2588">
     <span class='ocr_line' id='line_1_42' title="bbox 518 2515 2098 2588; baseline 0.003 -19"><span class='ocrx_word' id='word_1_286' title='bbox 518 2515 724 2585; x_wconf 64' lang='lat' dir='ltr'><strong>nuptiae</strong></span> <span class='ocrx_word' id='word_1_287' title='bbox 745 2524 895 2579; x_wconf 90' lang='lat' dir='ltr'><strong>sunt,</strong></span> <span class='ocrx_word' id='word_1_288' title='bbox 923 2532 1044 2585; x_wconf 66' lang='lat' dir='ltr'><strong>quae</strong></span> <span class='ocrx_word' id='word_1_289' title='bbox 1071 2518 1226 2587; x_wconf 90' lang='lat' dir='ltr'><strong>quasi</strong></span> <span class='ocrx_word' id='word_1_290' title='bbox 1256 2520 1510 2588; x_wconf 85' lang='lat' dir='ltr'><strong>capulum</strong></span> <span class='ocrx_word' id='word_1_291' title='bbox 1541 2519 1773 2588; x_wconf 78' lang='lat' dir='ltr'><strong>aliquem</strong></span> <span class='ocrx_word' id='word_1_292' title='bbox 1801 2521 2098 2575; x_wconf 75' lang='lat' dir='ltr'><strong>artificioso</strong></span> 
     </span>
    </p>
   </div>
   <div class='ocr_carea' id='block_1_43' title="bbox 516 2606 2097 2682">
    <p class='ocr_par' dir='ltr' id='par_1_43' title="bbox 516 2606 2097 2682">
     <span class='ocr_line' id='line_1_43' title="bbox 516 2606 2097 2682; baseline 0.004 -22"><span class='ocrx_word' id='word_1_293' title='bbox 516 2620 684 2674; x_wconf 81' lang='lat' dir='ltr'><strong>opere</strong></span> <span class='ocrx_word' id='word_1_294' title='bbox 743 2606 1113 2671; x_wconf 86' lang='lat' dir='ltr'><strong>illustratum,</strong></span> <span class='ocrx_word' id='word_1_295' title='bbox 1175 2610 1394 2679; x_wconf 89' lang='lat' dir='ltr'><strong>politam</strong></span> <span class='ocrx_word' id='word_1_296' title='bbox 1454 2612 1745 2680; x_wconf 87' lang='lat' dir='ltr'><strong>quamdam</strong></span> <span class='ocrx_word' id='word_1_297' title='bbox 1805 2612 2097 2682; x_wconf 80' lang='lat' dir='ltr'><strong>voluptatis</strong></span> 
     </span>
    </p>
   </div>
   <div class='ocr_carea' id='block_1_44' title="bbox 518 2699 2097 2772">
    <p class='ocr_par' dir='ltr' id='par_1_44' title="bbox 518 2699 2097 2772">
     <span class='ocr_line' id='line_1_44' title="bbox 518 2699 2097 2772; baseline 0.003 -18"><span class='ocrx_word' id='word_1_298' title='bbox 518 2699 755 2767; x_wconf 82' lang='lat' dir='ltr'><strong>speciem</strong></span> <span class='ocrx_word' id='word_1_299' title='bbox 792 2700 977 2769; x_wconf 82' lang='lat' dir='ltr'><strong>gustui</strong></span> <span class='ocrx_word' id='word_1_300' title='bbox 1008 2702 1538 2772; x_wconf 83' lang='lat' dir='ltr'><strong>contreetationique</strong></span> <span class='ocrx_word' id='word_1_301' title='bbox 1562 2712 1766 2758; x_wconf 64' lang='lat' dir='ltr'><strong>nostrae</strong></span> <span class='ocrx_word' id='word_1_302' title='bbox 1797 2719 1908 2772; x_wconf 73' lang='lat' dir='ltr'><strong>pra:</strong></span> <span class='ocrx_word' id='word_1_303' title='bbox 1930 2719 1990 2759; x_wconf 87' lang='lat' dir='ltr'><strong>se</strong></span> <span class='ocrx_word' id='word_1_304' title='bbox 2017 2704 2097 2759; x_wconf 91' lang='lat' dir='ltr'><strong>fe-</strong></span> 
     </span>
    </p>
   </div>
   <div class='ocr_carea' id='block_1_45' title="bbox 516 2788 2096 2864">
    <p class='ocr_par' dir='ltr' id='par_1_45' title="bbox 516 2788 2096 2864">
     <span class='ocr_line' id='line_1_45' title="bbox 516 2788 2096 2864; baseline 0.006 -23"><span class='ocrx_word' id='word_1_305' title='bbox 516 2796 665 2842; x_wconf 88' lang='lat' dir='ltr'><strong>runt.</strong></span> <span class='ocrx_word' id='word_1_306' title='bbox 699 2788 835 2844; x_wconf 81' lang='lat' dir='ltr'><strong>Cum</strong></span> <span class='ocrx_word' id='word_1_307' title='bbox 866 2805 1000 2846; x_wconf 87' lang='lat' dir='ltr'><strong>vero</strong></span> <span class='ocrx_word' id='word_1_308' title='bbox 1026 2791 1079 2845; x_wconf 94' lang='lat' dir='ltr'><strong>in</strong></span> <span class='ocrx_word' id='word_1_309' title='bbox 1111 2791 1366 2848; x_wconf 87' lang='lat' dir='ltr'><strong>manibus</strong></span> <span class='ocrx_word' id='word_1_310' title='bbox 1396 2793 1517 2861; x_wconf 84' lang='lat' dir='ltr'><strong>ejus</strong></span> <span class='ocrx_word' id='word_1_311' title='bbox 1534 2802 1684 2858; x_wconf 91' lang='lat' dir='ltr'><strong>sunt,</strong></span> <span class='ocrx_word' id='word_1_312' title='bbox 1728 2795 1820 2864; x_wconf 93' lang='lat' dir='ltr'><strong>qui</strong></span> <span class='ocrx_word' id='word_1_313' title='bbox 1856 2795 1975 2849; x_wconf 84' lang='lat' dir='ltr'><strong>illas</strong></span> <span class='ocrx_word' id='word_1_314' title='bbox 2014 2803 2096 2850; x_wconf 87' lang='lat' dir='ltr'><strong>at-</strong></span> 
     </span>
    </p>
   </div>
   <div class='ocr_carea' id='block_1_46' title="bbox 517 2878 2091 2955">
    <p class='ocr_par' dir='ltr' id='par_1_46' title="bbox 517 2878 2091 2955">
     <span class='ocr_line' id='line_1_46' title="bbox 517 2878 2091 2955; baseline 0.004 -23"><span class='ocrx_word' id='word_1_315' title='bbox 517 2878 722 2947; x_wconf 80' lang='lat' dir='ltr'><strong>tigerit,</strong></span> <span class='ocrx_word' id='word_1_316' title='bbox 752 2880 952 2947; x_wconf 83' lang='lat' dir='ltr'><strong>luctus,</strong></span> <span class='ocrx_word' id='word_1_317' title='bbox 982 2883 1438 2955; x_wconf 88' lang='lat' dir='ltr'><strong>miseriarumque</strong></span> <span class='ocrx_word' id='word_1_318' title='bbox 1466 2885 1598 2955; x_wconf 76' lang='lat' dir='ltr'><strong>ipsa:</strong></span> <span class='ocrx_word' id='word_1_319' title='bbox 1625 2886 1948 2943; x_wconf 78' lang='lat' dir='ltr'><strong>mortalibus</strong></span> <span class='ocrx_word' id='word_1_320' title='bbox 1967 2902 2091 2941; x_wconf 91' lang='lat' dir='ltr'><strong>cum</strong></span> 
     </span>
    </p>
   </div>
   <div class='ocr_carea' id='block_1_47' title="bbox 517 2967 2095 3045">
    <p class='ocr_par' dir='ltr' id='par_1_47' title="bbox 517 2967 2095 3045">
     <span class='ocr_line' id='line_1_47' title="bbox 517 2967 2095 3045; baseline 0.004 -21"><span class='ocrx_word' id='word_1_321' title='bbox 517 2967 822 3025; x_wconf 69' lang='lat' dir='ltr'><strong>cﬂizctrices</strong></span> <span class='ocrx_word' id='word_1_322' title='bbox 853 2972 1161 3039; x_wconf 78' lang='lat' dir='ltr'><strong>exsistant;</strong></span> <span class='ocrx_word' id='word_1_323' title='bbox 1199 2989 1380 3029; x_wconf 85' lang='lat' dir='ltr'><strong>rerum</strong></span> <span class='ocrx_word' id='word_1_324' title='bbox 1405 2978 1628 3028; x_wconf 90' lang='lat' dir='ltr'><strong>omnino</strong></span> <span class='ocrx_word' id='word_1_325' title='bbox 1657 2975 1925 3043; x_wconf 84' lang='lat' dir='ltr'><strong>gravium,</strong></span> <span class='ocrx_word' id='word_1_326' title='bbox 1973 2991 2095 3045; x_wconf 70' lang='lat' dir='ltr'><strong>quae</strong></span> 
     </span>
    </p>
   </div>
   <div class='ocr_carea' id='block_1_48' title="bbox 519 3064 1802 3133">
    <p class='ocr_par' dir='ltr' id='par_1_48' title="bbox 519 3064 1802 3133">
     <span class='ocr_line' id='line_1_48' title="bbox 519 3064 1802 3133; baseline 0.004 -18"><span class='ocrx_word' id='word_1_327' title='bbox 519 3074 706 3115; x_wconf 84' lang='lat' dir='ltr'><strong>secum</strong></span> <span class='ocrx_word' id='word_1_328' title='bbox 741 3074 998 3115; x_wconf 70' lang='lat' dir='ltr'><strong>connexaa</strong></span> <span class='ocrx_word' id='word_1_329' title='bbox 1032 3071 1180 3126; x_wconf 91' lang='lat' dir='ltr'><strong>sunt,</strong></span> <span class='ocrx_word' id='word_1_330' title='bbox 1210 3064 1418 3118; x_wconf 87' lang='lat' dir='ltr'><strong>aditum</strong></span> <span class='ocrx_word' id='word_1_331' title='bbox 1451 3074 1802 3133; x_wconf 79' lang='lat' dir='ltr'><strong>aperuerunt.</strong></span> 
     </span>
    </p>
   </div>
   <div class='ocr_carea' id='block_1_49' title="bbox 593 3148 2089 3229">
    <p class='ocr_par' dir='ltr' id='par_1_49' title="bbox 593 3148 2089 3229">
     <span class='ocr_line' id='line_1_49' title="bbox 593 3148 2089 3229; baseline 0.007 -27"><span class='ocrx_word' id='word_1_332' title='bbox 593 3148 719 3211; x_wconf 57' lang='lat' dir='ltr'><strong>Haec</strong></span> <span class='ocrx_word' id='word_1_333' title='bbox 749 3152 1075 3207; x_wconf 87' lang='lat' dir='ltr'><strong>miserabilia</strong></span> <span class='ocrx_word' id='word_1_334' title='bbox 1089 3157 1420 3224; x_wconf 87' lang='lat' dir='ltr'><strong>spectacula,</strong></span> <span class='ocrx_word' id='word_1_335' title='bbox 1440 3157 1909 3227; x_wconf 83' lang='lat' dir='ltr'><strong>lacrymarumque</strong></span> <span class='ocrx_word' id='word_1_336' title='bbox 1934 3158 2089 3229; x_wconf 90' lang='lat' dir='ltr'><strong>plena</strong></span> 
     </span>
    </p>
   </div>
   <div class='ocr_carea' id='block_1_50' title="bbox 2197 1967 3766 2041">
    <p class='ocr_par' dir='ltr' id='par_1_50' title="bbox 2197 1967 3766 2041">
     <span class='ocr_line' id='line_1_50' title="bbox 2197 1967 3766 2041; baseline -0.003 -16"><span class='ocrx_word' id='word_1_337' title='bbox 2197 1988 2404 2041; x_wconf 88' lang='grc' dir='ltr'><strong>γουσιν.</strong></span> <span class='ocrx_word' id='word_1_338' title='bbox 2442 1973 2651 2040; x_wconf 81' lang='grc' dir='ltr'><strong>Ὥσπερ</strong></span> <span class='ocrx_word' id='word_1_339' title='bbox 2679 1971 2785 2041; x_wconf 79' lang='grc' dir='ltr'><strong>γὰρ</strong></span> <span class='ocrx_word' id='word_1_340' title='bbox 2810 1970 2902 2024; x_wconf 83' lang='grc' dir='ltr'><strong>τοῦ</strong></span> <span class='ocrx_word' id='word_1_341' title='bbox 2939 1968 3124 2039; x_wconf 82' lang='grc' dir='ltr'><strong>ξίφους</strong></span> <span class='ocrx_word' id='word_1_342' title='bbox 3154 1970 3187 2041; x_wconf 79' lang='grc' dir='ltr'>ἠ</span> <span class='ocrx_word' id='word_1_343' title='bbox 3218 1970 3315 2039; x_wconf 86' lang='grc' dir='ltr'><strong>μὲν</strong></span> <span class='ocrx_word' id='word_1_344' title='bbox 3344 1967 3492 2039; x_wconf 74' lang='grc' dir='ltr'><strong>λαϐὴ</strong></span> <span class='ocrx_word' id='word_1_345' title='bbox 3525 1968 3643 2021; x_wconf 89' lang='grc' dir='ltr'><strong>λεία</strong></span> <span class='ocrx_word' id='word_1_346' title='bbox 3678 1968 3766 2020; x_wconf 78' lang='grc' dir='ltr'><strong>καὶ</strong></span> 
     </span>
    </p>
   </div>
   <div class='ocr_carea' id='block_1_51' title="bbox 2197 2058 3764 2134">
    <p class='ocr_par' dir='ltr' id='par_1_51' title="bbox 2197 2058 3764 2134">
     <span class='ocr_line' id='line_1_51' title="bbox 2197 2058 3764 2134; baseline -0.004 -17"><span class='ocrx_word' id='word_1_347' title='bbox 2197 2065 2423 2134; x_wconf 77' lang='grc' dir='ltr'><strong>εὐαφὴς,</strong></span> <span class='ocrx_word' id='word_1_348' title='bbox 2473 2065 2568 2117; x_wconf 67' lang='grc' dir='ltr'><strong>καλ⁵</strong></span> <span class='ocrx_word' id='word_1_349' title='bbox 2613 2064 3025 2134; x_wconf 75' lang='grc' dir='ltr'><strong>περιεξεσμένη,</strong></span> <span class='ocrx_word' id='word_1_350' title='bbox 3061 2063 3156 2116; x_wconf 76' lang='grc' dir='ltr'><strong>καὶ</strong></span> <span class='ocrx_word' id='word_1_351' title='bbox 3205 2061 3523 2124; x_wconf 75' lang='grc' dir='ltr'><strong>στίλϐουσα,</strong></span> <span class='ocrx_word' id='word_1_352' title='bbox 3569 2061 3660 2112; x_wconf 84' lang='grc' dir='ltr'><strong>καὶ</strong></span> <span class='ocrx_word' id='word_1_353' title='bbox 3692 2058 3764 2129; x_wconf 85' lang='grc' dir='ltr'><strong>τῷ</strong></span> 
     </span>
    </p>
   </div>
   <div class='ocr_carea' id='block_1_52' title="bbox 2196 2151 3763 2227">
    <p class='ocr_par' dir='ltr' id='par_1_52' title="bbox 2196 2151 3763 2227">
     <span class='ocr_line' id='line_1_52' title="bbox 2196 2151 3763 2227; baseline -0.004 -18"><span class='ocrx_word' id='word_1_354' title='bbox 2196 2156 2350 2227; x_wconf 86' lang='grc' dir='ltr'><strong>τύπῳ</strong></span> <span class='ocrx_word' id='word_1_355' title='bbox 2371 2157 2468 2227; x_wconf 72' lang='grc' dir='ltr'><strong>τῆς</strong></span> <span class='ocrx_word' id='word_1_356' title='bbox 2495 2154 2750 2225; x_wconf 86' lang='grc' dir='ltr'><strong>παλάμης</strong></span> <span class='ocrx_word' id='word_1_357' title='bbox 2778 2155 3096 2226; x_wconf 81' lang='grc' dir='ltr'><strong>ὲμιρυομένη</strong></span> <span class='ocrx_word' id='word_1_358' title='bbox 3119 2172 3133 2186; x_wconf 89' lang='grc'><strong>·</strong></span> <span class='ocrx_word' id='word_1_359' title='bbox 3175 2153 3237 2208; x_wconf 82' lang='grc' dir='ltr'><strong>τὸ</strong></span> <span class='ocrx_word' id='word_1_360' title='bbox 3260 2153 3316 2206; x_wconf 80' lang='grc' dir='ltr'><strong>δὲ</strong></span> <span class='ocrx_word' id='word_1_361' title='bbox 3337 2151 3531 2205; x_wconf 77' lang='grc' dir='ltr'><strong>λοιπὸν</strong></span> <span class='ocrx_word' id='word_1_362' title='bbox 3556 2151 3763 2221; x_wconf 45' lang='grc' dir='ltr'><strong>σίδηώ</strong></span> 
     </span>
    </p>
   </div>
   <div class='ocr_carea' id='block_1_53' title="bbox 2197 2243 3763 2318">
    <p class='ocr_par' dir='ltr' id='par_1_53' title="bbox 2197 2243 3763 2318">
     <span class='ocr_line' id='line_1_53' title="bbox 2197 2243 3763 2318; baseline -0.004 -17"><span class='ocrx_word' id='word_1_363' title='bbox 2197 2251 2334 2311; x_wconf 78' lang='grc' dir='ltr'><strong>ἐστι,</strong></span> <span class='ocrx_word' id='word_1_364' title='bbox 2361 2247 2589 2301; x_wconf 82' lang='grc' dir='ltr'><strong>θανάτου</strong></span> <span class='ocrx_word' id='word_1_365' title='bbox 2615 2246 2861 2318; x_wconf 70' lang='grc' dir='ltr'><strong>ὄργανον,</strong></span> <span class='ocrx_word' id='word_1_366' title='bbox 2887 2245 3116 2317; x_wconf 75' lang='grc' dir='ltr'><strong>φοϐερὸν</strong></span> <span class='ocrx_word' id='word_1_367' title='bbox 3151 2244 3250 2316; x_wconf 80' lang='grc' dir='ltr'><strong>μὲν</strong></span> <span class='ocrx_word' id='word_1_368' title='bbox 3282 2243 3437 2306; x_wconf 71' lang='grc' dir='ltr'><strong>ἰδεῖν,</strong></span> <span class='ocrx_word' id='word_1_369' title='bbox 3470 2243 3763 2313; x_wconf 71' lang='grc' dir='ltr'><strong>φοϐερώτε-</strong></span> 
     </span>
    </p>
   </div>
   <div class='ocr_carea' id='block_1_54' title="bbox 2201 2334 3761 2409">
    <p class='ocr_par' dir='ltr' id='par_1_54' title="bbox 2201 2334 3761 2409">
     <span class='ocr_line' id='line_1_54' title="bbox 2201 2334 3761 2409; baseline -0.004 -19"><span class='ocrx_word' id='word_1_370' title='bbox 2201 2354 2291 2409; x_wconf 91' lang='grc' dir='ltr'><strong>ρον</strong></span> <span class='ocrx_word' id='word_1_371' title='bbox 2321 2338 2377 2391; x_wconf 80' lang='grc' dir='ltr'><strong>δὲ</strong></span> <span class='ocrx_word' id='word_1_372' title='bbox 2405 2340 2483 2402; x_wconf 81' lang='grc' dir='ltr'><strong>εἰς</strong></span> <span class='ocrx_word' id='word_1_373' title='bbox 2504 2340 2698 2408; x_wconf 83' lang='grc' dir='ltr'><strong>πεῖραν</strong></span> <span class='ocrx_word' id='word_1_374' title='bbox 2720 2336 2892 2391; x_wconf 78' lang='grc' dir='ltr'><strong>ἐλθεῖν</strong></span> <span class='ocrx_word' id='word_1_375' title='bbox 2913 2353 2928 2367; x_wconf 76' lang='grc' dir='ltr'><strong>ο</strong></span> <span class='ocrx_word' id='word_1_376' title='bbox 2945 2336 3184 2391; x_wconf 82' lang='grc' dir='ltr'><strong>τοιοῦτόν</strong></span> <span class='ocrx_word' id='word_1_377' title='bbox 3203 2353 3255 2389; x_wconf 89' lang='grc' dir='ltr'><strong>τι</strong></span> <span class='ocrx_word' id='word_1_378' title='bbox 3277 2335 3376 2389; x_wconf 76' lang='grc' dir='ltr'><strong>καὶ</strong></span> <span class='ocrx_word' id='word_1_379' title='bbox 3398 2337 3429 2389; x_wconf 81' lang='grc' dir='ltr'><strong>ὁ</strong></span> <span class='ocrx_word' id='word_1_380' title='bbox 3447 2335 3622 2403; x_wconf 83' lang='grc' dir='ltr'><strong>γάμος</strong></span> <span class='ocrx_word' id='word_1_381' title='bbox 3633 2334 3761 2396; x_wconf 76' lang='grc' dir='ltr'><strong>ἐστὶ,</strong></span> 
     </span>
    </p>
   </div>
   <div class='ocr_carea' id='block_1_55' title="bbox 2196 2424 3759 2501">
    <p class='ocr_par' dir='ltr' id='par_1_55' title="bbox 2196 2424 3759 2501">
     <span class='ocr_line' id='line_1_55' title="bbox 2196 2424 3759 2501; baseline -0.003 -19"><span class='ocrx_word' id='word_1_382' title='bbox 2196 2431 2444 2501; x_wconf 83' lang='grc' dir='ltr'><strong>καθάπερ</strong></span> <span class='ocrx_word' id='word_1_383' title='bbox 2471 2430 2645 2500; x_wconf 81' lang='grc' dir='ltr'><strong>λαῦήν</strong></span> <span class='ocrx_word' id='word_1_384' title='bbox 2659 2447 2779 2483; x_wconf 90' lang='grc' dir='ltr'><strong>τινα</strong></span> <span class='ocrx_word' id='word_1_385' title='bbox 2807 2430 2874 2483; x_wconf 84' lang='grc' dir='ltr'><strong>δι’</strong></span> <span class='ocrx_word' id='word_1_386' title='bbox 2907 2429 3217 2500; x_wconf 75' lang='grc' dir='ltr'><strong>εὐμηχάνου</strong></span> <span class='ocrx_word' id='word_1_387' title='bbox 3244 2429 3468 2497; x_wconf 82' lang='grc' dir='ltr'><strong>τορείας</strong></span> <span class='ocrx_word' id='word_1_388' title='bbox 3492 2424 3759 2498; x_wconf 76' lang='grc' dir='ltr'><strong>ὠραϊσμέ·</strong></span> 
     </span>
    </p>
   </div>
   <div class='ocr_carea' id='block_1_56' title="bbox 2195 2519 3760 2591">
    <p class='ocr_par' dir='ltr' id='par_1_56' title="bbox 2195 2519 3760 2591">
     <span class='ocr_line' id='line_1_56' title="bbox 2195 2519 3760 2591; baseline -0.003 -16"><span class='ocrx_word' id='word_1_389' title='bbox 2195 2540 2313 2591; x_wconf 74' lang='grc' dir='ltr'><strong>νην,</strong></span> <span class='ocrx_word' id='word_1_390' title='bbox 2352 2522 2414 2575; x_wconf 85' lang='grc' dir='ltr'><strong>τὸ</strong></span> <span class='ocrx_word' id='word_1_391' title='bbox 2451 2521 2592 2574; x_wconf 84' lang='grc' dir='ltr'><strong>λεῖον</strong></span> <span class='ocrx_word' id='word_1_392' title='bbox 2630 2521 2725 2574; x_wconf 72' lang='grc' dir='ltr'><strong>καὶ</strong></span> <span class='ocrx_word' id='word_1_393' title='bbox 2753 2519 3070 2574; x_wconf 69' lang='grc' dir='ltr'><strong>ἐπιπόλαιον</strong></span> <span class='ocrx_word' id='word_1_394' title='bbox 3105 2521 3206 2589; x_wconf 84' lang='grc' dir='ltr'><strong>τῆς</strong></span> <span class='ocrx_word' id='word_1_395' title='bbox 3241 2520 3442 2590; x_wconf 75' lang='grc' dir='ltr'><strong>ἡδονῆς</strong></span> <span class='ocrx_word' id='word_1_396' title='bbox 3476 2519 3760 2591; x_wconf 76' lang='grc' dir='ltr'><strong>προτείνων</strong></span> 
     </span>
    </p>
   </div>
   <div class='ocr_carea' id='block_1_57' title="bbox 2194 2610 3758 2685">
    <p class='ocr_par' dir='ltr' id='par_1_57' title="bbox 2194 2610 3758 2685">
     <span class='ocr_line' id='line_1_57' title="bbox 2194 2610 3758 2685; baseline -0.003 -20"><span class='ocrx_word' id='word_1_397' title='bbox 2194 2617 2260 2685; x_wconf 83' lang='grc' dir='ltr'><strong>τῇ</strong></span> <span class='ocrx_word' id='word_1_398' title='bbox 2290 2615 2472 2684; x_wconf 83' lang='grc' dir='ltr'><strong>ἐπαφῇ</strong></span> <span class='ocrx_word' id='word_1_399' title='bbox 2505 2612 2604 2680; x_wconf 85' lang='grc' dir='ltr'><strong>τῆς</strong></span> <span class='ocrx_word' id='word_1_400' title='bbox 2634 2611 2968 2682; x_wconf 73' lang='grc' dir='ltr'><strong>αἰσθήσει-ις’</strong></span> <span class='ocrx_word' id='word_1_401' title='bbox 2998 2610 3217 2663; x_wconf 67' lang='grc' dir='ltr'><strong>ἐπειδάν</strong></span> <span class='ocrx_word' id='word_1_402' title='bbox 3249 2612 3307 2663; x_wconf 82' lang='grc' dir='ltr'><strong>ὲν</strong></span> <span class='ocrx_word' id='word_1_403' title='bbox 3345 2611 3509 2682; x_wconf 71' lang='grc' dir='ltr'><strong>χερσὶ</strong></span> <span class='ocrx_word' id='word_1_404' title='bbox 3548 2611 3758 2679; x_wconf 82' lang='grc' dir='ltr'><strong>γένηται</strong></span> 
     </span>
    </p>
   </div>
   <div class='ocr_carea' id='block_1_58' title="bbox 2193 2701 3760 2777">
    <p class='ocr_par' dir='ltr' id='par_1_58' title="bbox 2193 2701 3760 2777">
     <span class='ocr_line' id='line_1_58' title="bbox 2193 2701 3760 2777; baseline -0.004 -19"><span class='ocrx_word' id='word_1_405' title='bbox 2193 2705 2288 2758; x_wconf 79' lang='grc' dir='ltr'><strong>τοῦ</strong></span> <span class='ocrx_word' id='word_1_406' title='bbox 2318 2705 2616 2777; x_wconf 80' lang='grc' dir='ltr'><strong>ἁψαμένου,</strong></span> <span class='ocrx_word' id='word_1_407' title='bbox 2650 2706 2746 2757; x_wconf 71' lang='grc' dir='ltr'><strong>καὶ</strong></span> <span class='ocrx_word' id='word_1_408' title='bbox 2761 2703 2859 2773; x_wconf 81' lang='grc' dir='ltr'><strong>τὴν</strong></span> <span class='ocrx_word' id='word_1_409' title='bbox 2889 2701 2999 2756; x_wconf 86' lang='grc' dir='ltr'><strong>τῶν</strong></span> <span class='ocrx_word' id='word_1_410' title='bbox 3023 2702 3288 2770; x_wconf 77' lang='grc' dir='ltr'><strong>ἀλγεινῶν</strong></span> <span class='ocrx_word' id='word_1_411' title='bbox 3315 2702 3625 2773; x_wconf 75' lang='grc' dir='ltr'><strong>παρουσίαν</strong></span> <span class='ocrx_word' id='word_1_412' title='bbox 3647 2715 3760 2752; x_wconf 82' lang='grc' dir='ltr'><strong>συν-</strong></span> 
     </span>
    </p>
   </div>
   <div class='ocr_carea' id='block_1_59' title="bbox 2193 2792 3761 2870">
    <p class='ocr_par' dir='ltr' id='par_1_59' title="bbox 2193 2792 3761 2870">
     <span class='ocr_line' id='line_1_59' title="bbox 2193 2792 3761 2870; baseline -0.006 -18"><span class='ocrx_word' id='word_1_413' title='bbox 2193 2798 2452 2870; x_wconf 80' lang='grc' dir='ltr'><strong>ημμένως</strong></span> <span class='ocrx_word' id='word_1_414' title='bbox 2484 2796 2601 2867; x_wconf 81' lang='grc' dir='ltr'><strong>μεθ’</strong></span> <span class='ocrx_word' id='word_1_415' title='bbox 2626 2792 2821 2847; x_wconf 76' lang='grc' dir='ltr'><strong>ἑαυτοῦ</strong></span> <span class='ocrx_word' id='word_1_416' title='bbox 2853 2795 3145 2861; x_wconf 80' lang='grc' dir='ltr'><strong>συνήγαγε,</strong></span> <span class='ocrx_word' id='word_1_417' title='bbox 3176 2792 3408 2854; x_wconf 76' lang='grc' dir='ltr'><strong>πένθους</strong></span> <span class='ocrx_word' id='word_1_418' title='bbox 3443 2793 3538 2844; x_wconf 83' lang='grc' dir='ltr'><strong>καὶ</strong></span> <span class='ocrx_word' id='word_1_419' title='bbox 3568 2805 3761 2860; x_wconf 71' lang='grc' dir='ltr'><strong>συμφο·</strong></span> 
     </span>
    </p>
   </div>
   <div class='ocr_carea' id='block_1_60' title="bbox 2196 2884 3472 2963">
    <p class='ocr_par' dir='ltr' id='par_1_60' title="bbox 2196 2884 3472 2963">
     <span class='ocr_line' id='line_1_60' title="bbox 2196 2884 3472 2963; baseline -0.007 -18"><span class='ocrx_word' id='word_1_420' title='bbox 2196 2892 2304 2963; x_wconf 84' lang='grc' dir='ltr'><strong>ρῶν</strong></span> <span class='ocrx_word' id='word_1_421' title='bbox 2335 2886 2664 2961; x_wconf 76' lang='grc' dir='ltr'><strong>δημιουργὸς</strong></span> <span class='ocrx_word' id='word_1_422' title='bbox 2690 2889 2802 2949; x_wconf 82' lang='grc' dir='ltr'><strong>τοῖς</strong></span> <span class='ocrx_word' id='word_1_423' title='bbox 2827 2884 3133 2956; x_wconf 77' lang='grc' dir='ltr'><strong>ἀνθρώποις</strong></span> <span class='ocrx_word' id='word_1_424' title='bbox 3160 2884 3472 2954; x_wconf 78' lang='grc' dir='ltr'><strong>γινόμενος.</strong></span> 
     </span>
    </p>
   </div>
   <div class='ocr_carea' id='block_1_61' title="bbox 2263 3145 3758 3224">
    <p class='ocr_par' dir='ltr' id='par_1_61' title="bbox 2263 3145 3758 3224">
     <span class='ocr_line' id='line_1_61' title="bbox 2263 3145 3758 3224; baseline -0.01 -10"><span class='ocrx_word' id='word_1_425' title='bbox 2263 3153 2430 3222; x_wconf 63' lang='grc' dir='ltr'><strong>Οὗτος</strong></span> <span class='ocrx_word' id='word_1_426' title='bbox 2461 3155 2630 3222; x_wconf 72' lang='grc' dir='ltr'><strong>ἔδειξε</strong></span> <span class='ocrx_word' id='word_1_427' title='bbox 2659 3159 2729 3213; x_wconf 83' lang='grc' dir='ltr'><strong>τά</strong></span> <span class='ocrx_word' id='word_1_428' title='bbox 2758 3155 2970 3210; x_wconf 62' lang='grc' dir='ltr'><strong>ἐλεεινὰ</strong></span> <span class='ocrx_word' id='word_1_429' title='bbox 3005 3156 3100 3209; x_wconf 82' lang='grc' dir='ltr'><strong>καί</strong></span> <span class='ocrx_word' id='word_1_430' title='bbox 3143 3151 3322 3224; x_wconf 86' lang='grc' dir='ltr'><strong>πλήρη</strong></span> <span class='ocrx_word' id='word_1_431' title='bbox 3363 3148 3614 3223; x_wconf 82' lang='grc' dir='ltr'><strong>δακρύων</strong></span> <span class='ocrx_word' id='word_1_432' title='bbox 3643 3145 3758 3200; x_wconf 80' lang='grc' dir='ltr'><strong>θεά-</strong></span> 
     </span>
    </p>
   </div>
   <div class='ocr_carea' id='block_1_62' title="bbox 518 3238 2093 3322">
    <p class='ocr_par' dir='ltr' id='par_1_62' title="bbox 518 3238 2092 3315">
     <span class='ocr_line' id='line_1_62' title="bbox 518 3238 2092 3315; baseline 0.004 -21"><span class='ocrx_word' id='word_1_433' title='bbox 518 3238 756 3295; x_wconf 86' lang='lat' dir='ltr'><strong>cdidere.</strong></span> <span class='ocrx_word' id='word_1_434' title='bbox 829 3241 1087 3298; x_wconf 80' lang='lat' dir='ltr'><strong>Videmus</strong></span> <span class='ocrx_word' id='word_1_435' title='bbox 1147 3244 1293 3300; x_wconf 89' lang='lat' dir='ltr'><strong>enim</strong></span> <span class='ocrx_word' id='word_1_436' title='bbox 1355 3260 1501 3315; x_wconf 62' lang='lat' dir='ltr'><strong>saepe</strong></span> <span class='ocrx_word' id='word_1_437' title='bbox 1553 3246 1751 3301; x_wconf 74' lang='lat' dir='ltr'><strong>liberos</strong></span> <span class='ocrx_word' id='word_1_438' title='bbox 1803 3247 2092 3301; x_wconf 86' lang='lat' dir='ltr'><strong>immatura</strong></span> 
     </span>
    </p>
   </div>
   <div class='ocr_carea' id='block_1_63' title="bbox 2193 3238 3837 3322">
    <p class='ocr_par' dir='ltr' id='par_1_63' title="bbox 2199 3240 3837 3322">
     <span class='ocr_line' id='line_1_63' title="bbox 2199 3240 3837 3322; baseline -0.004 -20"><span class='ocrx_word' id='word_1_439' title='bbox 2199 3268 2363 3322; x_wconf 85' lang='grc' dir='ltr'><strong>ματα,</strong></span> <span class='ocrx_word' id='word_1_440' title='bbox 2402 3249 2595 3311; x_wconf 79' lang='grc' dir='ltr'><strong>παῖδας</strong></span> <span class='ocrx_word' id='word_1_441' title='bbox 2626 3249 2685 3302; x_wconf 82' lang='grc' dir='ltr'><strong>ὲν</strong></span> <span class='ocrx_word' id='word_1_442' title='bbox 2736 3246 2915 3317; x_wconf 68' lang='grc' dir='ltr'><strong>ἀωρία</strong></span> <span class='ocrx_word' id='word_1_443' title='bbox 2965 3244 3066 3313; x_wconf 83' lang='grc' dir='ltr'><strong>τῆς</strong></span> <span class='ocrx_word' id='word_1_444' title='bbox 3104 3242 3317 3313; x_wconf 78' lang='grc' dir='ltr'><strong>ἡλικίας</strong></span> <span class='ocrx_word' id='word_1_445' title='bbox 3351 3240 3756 3313; x_wconf 66' lang='grc' dir='ltr'><strong>ἠρημωμένους,</strong></span> <span class='ocrx_word' id='word_1_446' title='bbox 3832 3255 3837 3263; x_wconf 91' lang='grc'><em>’</em></span> 
     </span>
    </p>
   </div>
   <div class='ocr_carea' id='block_1_64' title="bbox 518 3333 2095 3410">
    <p class='ocr_par' dir='ltr' id='par_1_64' title="bbox 518 3333 2095 3410">
     <span class='ocr_line' id='line_1_64' title="bbox 518 3333 2095 3410; baseline 0.005 -23"><span class='ocrx_word' id='word_1_447' title='bbox 518 3342 676 3388; x_wconf 66' lang='lat' dir='ltr'><strong>aetate</strong></span> <span class='ocrx_word' id='word_1_448' title='bbox 701 3333 847 3388; x_wconf 88' lang='lat' dir='ltr'><strong>solos</strong></span> <span class='ocrx_word' id='word_1_449' title='bbox 879 3335 1122 3403; x_wconf 88' lang='lat' dir='ltr'><strong>relictos,</strong></span> <span class='ocrx_word' id='word_1_450' title='bbox 1176 3338 1586 3408; x_wconf 82' lang='lat' dir='ltr'><strong>potentiamque</strong></span> <span class='ocrx_word' id='word_1_451' title='bbox 1639 3338 1918 3394; x_wconf 85' lang='lat' dir='ltr'><strong>hominum</strong></span> <span class='ocrx_word' id='word_1_452' title='bbox 1958 3355 2095 3410; x_wconf 71' lang='lat' dir='ltr'><strong>pra:-</strong></span> 
     </span>
    </p>
   </div>
   <div class='ocr_carea' id='block_1_65' title="bbox 518 3422 2093 3498">
    <p class='ocr_par' dir='ltr' id='par_1_65' title="bbox 518 3422 2093 3498">
     <span class='ocr_line' id='line_1_65' title="bbox 518 3422 2093 3498; baseline 0.005 -22"><span class='ocrx_word' id='word_1_453' title='bbox 518 3422 604 3476; x_wconf 66' lang='lat' dir='ltr'><strong>dm</strong></span> <span class='ocrx_word' id='word_1_454' title='bbox 615 3425 945 3493; x_wconf 80' lang='lat' dir='ltr'><strong>propositos,</strong></span> <span class='ocrx_word' id='word_1_455' title='bbox 969 3425 1065 3495; x_wconf 90' lang='lat' dir='ltr'><strong>qui</strong></span> <span class='ocrx_word' id='word_1_456' title='bbox 1091 3425 1163 3481; x_wconf 90' lang='lat' dir='ltr'><strong>ob</strong></span> <span class='ocrx_word' id='word_1_457' title='bbox 1195 3427 1459 3481; x_wconf 88' lang='lat' dir='ltr'><strong>malorum</strong></span> <span class='ocrx_word' id='word_1_458' title='bbox 1492 3428 1817 3497; x_wconf 87' lang='lat' dir='ltr'><strong>imperitiam</strong></span> <span class='ocrx_word' id='word_1_459' title='bbox 1852 3430 2093 3498; x_wconf 86' lang='lat' dir='ltr'><strong>plerum-</strong></span> 
     </span>
    </p>
   </div>
   <div class='ocr_carea' id='block_1_66' title="bbox 516 3515 2093 3593">
    <p class='ocr_par' dir='ltr' id='par_1_66' title="bbox 516 3515 2093 3593">
     <span class='ocr_line' id='line_1_66' title="bbox 516 3515 2093 3593; baseline 0.005 -24"><span class='ocrx_word' id='word_1_460' title='bbox 516 3529 626 3585; x_wconf 90' lang='lat' dir='ltr'><strong>que</strong></span> <span class='ocrx_word' id='word_1_461' title='bbox 658 3515 714 3571; x_wconf 92' lang='lat' dir='ltr'><strong>in</strong></span> <span class='ocrx_word' id='word_1_462' title='bbox 740 3517 901 3573; x_wconf 85' lang='lat' dir='ltr'><strong>rebus</strong></span> <span class='ocrx_word' id='word_1_463' title='bbox 933 3518 1178 3573; x_wconf 87' lang='lat' dir='ltr'><strong>adversis</strong></span> <span class='ocrx_word' id='word_1_464' title='bbox 1206 3519 1404 3574; x_wconf 89' lang='lat' dir='ltr'><strong>rident.</strong></span> <span class='ocrx_word' id='word_1_465' title='bbox 1446 3517 1740 3576; x_wconf 86' lang='lat' dir='ltr'><strong>Viduitatis</strong></span> <span class='ocrx_word' id='word_1_466' title='bbox 1776 3537 1905 3576; x_wconf 81' lang='lat' dir='ltr'><strong>vero</strong></span> <span class='ocrx_word' id='word_1_467' title='bbox 1942 3523 2093 3593; x_wconf 83' lang='lat' dir='ltr'><strong>prin-</strong></span> 
     </span>
    </p>
   </div>
   <div class='ocr_carea' id='block_1_67' title="bbox 514 3607 2096 3682">
    <p class='ocr_par' dir='ltr' id='par_1_67' title="bbox 514 3607 2096 3682">
     <span class='ocr_line' id='line_1_67' title="bbox 514 3607 2096 3682; baseline 0.003 -19"><span class='ocrx_word' id='word_1_468' title='bbox 514 3607 720 3676; x_wconf 85' lang='lat' dir='ltr'><strong>cipium</strong></span> <span class='ocrx_word' id='word_1_469' title='bbox 751 3616 804 3663; x_wconf 89' lang='lat' dir='ltr'><strong>et</strong></span> <span class='ocrx_word' id='word_1_470' title='bbox 833 3623 1000 3663; x_wconf 88' lang='lat' dir='ltr'><strong>causa</strong></span> <span class='ocrx_word' id='word_1_471' title='bbox 1025 3624 1146 3677; x_wconf 66' lang='lat' dir='ltr'><strong>qua!</strong></span> <span class='ocrx_word' id='word_1_472' title='bbox 1176 3611 1279 3664; x_wconf 90' lang='lat' dir='ltr'><strong>alia</strong></span> <span class='ocrx_word' id='word_1_473' title='bbox 1323 3610 1445 3667; x_wconf 81' lang='lat' dir='ltr'><strong>est?</strong></span> <span class='ocrx_word' id='word_1_474' title='bbox 1476 3610 1557 3665; x_wconf 81' lang='lat' dir='ltr'><strong>An</strong></span> <span class='ocrx_word' id='word_1_475' title='bbox 1583 3627 1691 3666; x_wconf 90' lang='lat' dir='ltr'><strong>non</strong></span> <span class='ocrx_word' id='word_1_476' title='bbox 1728 3614 1969 3682; x_wconf 77' lang='lat' dir='ltr'><strong>nuptize?</strong></span> <span class='ocrx_word' id='word_1_477' title='bbox 2010 3616 2096 3669; x_wconf 87' lang='lat' dir='ltr'><strong>di-</strong></span> 
     </span>
    </p>
   </div>
   <div class='ocr_carea' id='block_1_68' title="bbox 517 3699 2095 3769">
    <p class='ocr_par' dir='ltr' id='par_1_68' title="bbox 517 3699 2095 3769">
     <span class='ocr_line' id='line_1_68' title="bbox 517 3699 2095 3769; baseline 0.006 -18"><span class='ocrx_word' id='word_1_478' title='bbox 517 3699 754 3752; x_wconf 86' lang='lat' dir='ltr'><strong>vortium</strong></span> <span class='ocrx_word' id='word_1_479' title='bbox 780 3700 947 3769; x_wconf 90' lang='lat' dir='ltr'><strong>igitur</strong></span> <span class='ocrx_word' id='word_1_480' title='bbox 981 3701 1050 3755; x_wconf 87' lang='lat' dir='ltr'><strong>ab</strong></span> <span class='ocrx_word' id='word_1_481' title='bbox 1082 3702 1576 3757; x_wconf 85' lang='lat' dir='ltr'><strong>innumerabilibus</strong></span> <span class='ocrx_word' id='word_1_482' title='bbox 1599 3703 1683 3758; x_wconf 87' lang='lat' dir='ltr'><strong>his</strong></span> <span class='ocrx_word' id='word_1_483' title='bbox 1699 3706 1954 3760; x_wconf 91' lang='lat' dir='ltr'><strong>omnibus</strong></span> <span class='ocrx_word' id='word_1_484' title='bbox 1981 3723 2095 3760; x_wconf 89' lang='lat' dir='ltr'><strong>ma-</strong></span> 
     </span>
    </p>
   </div>
   <div class='ocr_carea' id='block_1_69' title="bbox 520 3792 2093 3864">
    <p class='ocr_par' dir='ltr' id='par_1_69' title="bbox 520 3792 2093 3864">
     <span class='ocr_line' id='line_1_69' title="bbox 520 3792 2093 3864; baseline 0.004 -21"><span class='ocrx_word' id='word_1_485' title='bbox 520 3792 587 3847; x_wconf 87' lang='lat' dir='ltr'><strong>lis</strong></span> <span class='ocrx_word' id='word_1_486' title='bbox 605 3793 942 3847; x_wconf 89' lang='lat' dir='ltr'><strong>vacationcm</strong></span> <span class='ocrx_word' id='word_1_487' title='bbox 974 3792 1169 3855; x_wconf 86' lang='lat' dir='ltr'><strong>habet,</strong></span> <span class='ocrx_word' id='word_1_488' title='bbox 1203 3793 1370 3864; x_wconf 84' lang='lat' dir='ltr'><strong>idque</strong></span> <span class='ocrx_word' id='word_1_489' title='bbox 1396 3811 1502 3849; x_wconf 93' lang='lat' dir='ltr'><strong>non</strong></span> <span class='ocrx_word' id='word_1_490' title='bbox 1533 3796 1755 3863; x_wconf 88' lang='lat' dir='ltr'><strong>injuria.</strong></span> <span class='ocrx_word' id='word_1_491' title='bbox 1789 3796 1926 3851; x_wconf 91' lang='lat' dir='ltr'><strong>Cum</strong></span> <span class='ocrx_word' id='word_1_492' title='bbox 1949 3800 2093 3852; x_wconf 93' lang='lat' dir='ltr'><strong>enim</strong></span> 
     </span>
    </p>
   </div>
   <div class='ocr_carea' id='block_1_70' title="bbox 520 3882 2093 3955">
    <p class='ocr_par' dir='ltr' id='par_1_70' title="bbox 520 3882 2093 3955">
     <span class='ocr_line' id='line_1_70' title="bbox 520 3882 2093 3955; baseline 0.004 -23"><span class='ocrx_word' id='word_1_493' title='bbox 520 3882 836 3936; x_wconf 82' lang='lat' dir='ltr'><strong>dissolvitur</strong></span> <span class='ocrx_word' id='word_1_494' title='bbox 867 3896 1046 3951; x_wconf 74' lang='lat' dir='ltr'><strong>pmna,</strong></span> <span class='ocrx_word' id='word_1_495' title='bbox 1078 3898 1201 3952; x_wconf 73' lang='lat' dir='ltr'><strong>qua:</strong></span> <span class='ocrx_word' id='word_1_496' title='bbox 1229 3895 1419 3939; x_wconf 86' lang='lat' dir='ltr'><strong>contra</strong></span> <span class='ocrx_word' id='word_1_497' title='bbox 1449 3899 1566 3948; x_wconf 89' lang='lat' dir='ltr'><strong>eos,</strong></span> <span class='ocrx_word' id='word_1_498' title='bbox 1597 3890 1689 3955; x_wconf 93' lang='lat' dir='ltr'><strong>qui</strong></span> <span class='ocrx_word' id='word_1_499' title='bbox 1727 3886 2093 3954; x_wconf 85' lang='lat' dir='ltr'><strong>deliquerunt,</strong></span> 
     </span>
    </p>
   </div>
   <div class='ocr_carea' id='block_1_71' title="bbox 520 3974 2093 4047">
    <p class='ocr_par' dir='ltr' id='par_1_71' title="bbox 520 3974 2093 4047">
     <span class='ocr_line' id='line_1_71' title="bbox 520 3974 2093 4047; baseline 0.001 -19"><span class='ocrx_word' id='word_1_500' title='bbox 520 3974 678 4028; x_wconf 87' lang='lat' dir='ltr'><strong>initio</strong></span> <span class='ocrx_word' id='word_1_501' title='bbox 740 3981 944 4029; x_wconf 80' lang='lat' dir='ltr'><strong>statuta</strong></span> <span class='ocrx_word' id='word_1_502' title='bbox 1026 3984 1138 4039; x_wconf 84' lang='lat' dir='ltr'><strong>est,</strong></span> <span class='ocrx_word' id='word_1_503' title='bbox 1204 3984 1318 4028; x_wconf 89' lang='lat' dir='ltr'><strong>tum</strong></span> <span class='ocrx_word' id='word_1_504' title='bbox 1379 3977 1570 4039; x_wconf 81' lang='lat' dir='ltr'><strong>etiam,</strong></span> <span class='ocrx_word' id='word_1_505' title='bbox 1634 3978 2093 4047; x_wconf 82' lang='lat' dir='ltr'><strong>quemadmodum</strong></span> 
     </span>
    </p>
   </div>
   <div class='ocr_carea' id='block_1_72' title="bbox 520 4066 2096 4137">
    <p class='ocr_par' dir='ltr' id='par_1_72' title="bbox 520 4066 2096 4137">
     <span class='ocr_line' id='line_1_72' title="bbox 520 4066 2096 4137; baseline -0.002 -16"><span class='ocrx_word' id='word_1_506' title='bbox 520 4066 786 4135; x_wconf 84' lang='lat' dir='ltr'><strong>scriptum</strong></span> <span class='ocrx_word' id='word_1_507' title='bbox 843 4072 948 4128; x_wconf 85' lang='lat' dir='ltr'><strong>est,</strong></span> <span class='ocrx_word' id='word_1_508' title='bbox 1024 4081 1132 4120; x_wconf 89' lang='lat' dir='ltr'><strong>nou</strong></span> <span class='ocrx_word' id='word_1_509' title='bbox 1197 4072 1434 4120; x_wconf 88' lang='lat' dir='ltr'><strong>matrum</strong></span> <span class='ocrx_word' id='word_1_510' title='bbox 1503 4081 1763 4121; x_wconf 54' lang='lat' dir='ltr'><strong>erumna:</strong></span> <span class='ocrx_word' id='word_1_511' title='bbox 1836 4069 2096 4137; x_wconf 83' lang='lat' dir='ltr'><strong>multipli-</strong></span> 
     </span>
    </p>
   </div>
   <div class='ocr_carea' id='block_1_73' title="bbox 518 4157 2099 4228">
    <p class='ocr_par' dir='ltr' id='par_1_73' title="bbox 518 4157 2099 4228">
     <span class='ocr_line' id='line_1_73' title="bbox 518 4157 2099 4228; baseline 0.003 -19"><span class='ocrx_word' id='word_1_512' title='bbox 518 4165 732 4222; x_wconf 83' lang='lat' dir='ltr'><strong>cantur,</strong></span> <span class='ocrx_word' id='word_1_513' title='bbox 769 4172 945 4227; x_wconf 87' lang='lat' dir='ltr'><strong>neque</strong></span> <span class='ocrx_word' id='word_1_514' title='bbox 981 4157 1139 4212; x_wconf 87' lang='lat' dir='ltr'><strong>dolor</strong></span> <span class='ocrx_word' id='word_1_515' title='bbox 1177 4157 1418 4212; x_wconf 88' lang='lat' dir='ltr'><strong>hominis</strong></span> <span class='ocrx_word' id='word_1_516' title='bbox 1464 4167 1643 4211; x_wconf 91' lang='lat' dir='ltr'><strong>ortum</strong></span> <span class='ocrx_word' id='word_1_517' title='bbox 1700 4159 1989 4228; x_wconf 58' lang='lat' dir='ltr'><strong>praecedit:</strong></span> <span class='ocrx_word' id='word_1_518' title='bbox 2025 4161 2099 4213; x_wconf 91' lang='lat' dir='ltr'><strong>si-</strong></span> 
     </span>
    </p>
   </div>
   <div class='ocr_carea' id='block_1_74' title="bbox 518 4247 2096 4319">
    <p class='ocr_par' dir='ltr' id='par_1_74' title="bbox 518 4247 2096 4319">
     <span class='ocr_line' id='line_1_74' title="bbox 518 4247 2096 4319; baseline 0.002 -19"><span class='ocrx_word' id='word_1_519' title='bbox 518 4247 631 4301; x_wconf 89' lang='lat' dir='ltr'><strong>mul</strong></span> <span class='ocrx_word' id='word_1_520' title='bbox 657 4248 868 4304; x_wconf 88' lang='lat' dir='ltr'><strong>sublata</strong></span> <span class='ocrx_word' id='word_1_521' title='bbox 901 4256 986 4304; x_wconf 87' lang='lat' dir='ltr'><strong>est</strong></span> <span class='ocrx_word' id='word_1_522' title='bbox 1023 4248 1237 4317; x_wconf 89' lang='lat' dir='ltr'><strong>penitus</strong></span> <span class='ocrx_word' id='word_1_523' title='bbox 1263 4248 1567 4313; x_wconf 89' lang='lat' dir='ltr'><strong>calamitas,</strong></span> <span class='ocrx_word' id='word_1_524' title='bbox 1596 4248 1835 4319; x_wconf 86' lang='lat' dir='ltr'><strong>lacryma</strong></span> <span class='ocrx_word' id='word_1_525' title='bbox 1881 4266 1944 4304; x_wconf 81' lang='lat' dir='ltr'><strong>ex</strong></span> <span class='ocrx_word' id='word_1_526' title='bbox 1978 4251 2096 4303; x_wconf 87' lang='lat' dir='ltr'><strong>vul-</strong></span> 
     </span>
    </p>
   </div>
   <div class='ocr_carea' id='block_1_75' title="bbox 517 4335 2097 4412">
    <p class='ocr_par' dir='ltr' id='par_1_75' title="bbox 517 4335 2097 4412">
     <span class='ocr_line' id='line_1_75' title="bbox 517 4335 2097 4412; baseline 0.001 -19"><span class='ocrx_word' id='word_1_527' title='bbox 517 4340 667 4394; x_wconf 87' lang='lat' dir='ltr'><strong>tibus</strong></span> <span class='ocrx_word' id='word_1_528' title='bbox 692 4350 772 4398; x_wconf 87' lang='lat' dir='ltr'><strong>est</strong></span> <span class='ocrx_word' id='word_1_529' title='bbox 805 4341 1007 4405; x_wconf 89' lang='lat' dir='ltr'><strong>ahlata,</strong></span> <span class='ocrx_word' id='word_1_530' title='bbox 1043 4351 1102 4396; x_wconf 93' lang='lat' dir='ltr'><strong>ut</strong></span> <span class='ocrx_word' id='word_1_531' title='bbox 1131 4342 1307 4412; x_wconf 88' lang='lat' dir='ltr'><strong>inquit</strong></span> <span class='ocrx_word' id='word_1_532' title='bbox 1333 4335 1601 4411; x_wconf 71' lang='lat' dir='ltr'><strong>Propheta</strong></span> <span class='ocrx_word' id='word_1_533' title='bbox 1636 4358 1651 4397; x_wconf 91' lang='lat'><strong>:</strong></span> <span class='ocrx_word' id='word_1_534' title='bbox 1689 4358 1863 4412; x_wconf 67' lang='lat' dir='ltr'><strong>neque</strong></span> <span class='ocrx_word' id='word_1_535' title='bbox 1894 4343 1946 4396; x_wconf 91' lang='lat' dir='ltr'><strong>in</strong></span> <span class='ocrx_word' id='word_1_536' title='bbox 1993 4343 2097 4397; x_wconf 90' lang='lat' dir='ltr'><strong>ini-</strong></span> 
     </span>
    </p>
   </div>
   <div class='ocr_carea' id='block_1_76' title="bbox 518 4431 2096 4504">
    <p class='ocr_par' dir='ltr' id='par_1_76' title="bbox 518 4431 2096 4504">
     <span class='ocr_line' id='line_1_76' title="bbox 518 4431 2096 4504; baseline 0.005 -22"><span class='ocrx_word' id='word_1_537' title='bbox 518 4431 819 4499; x_wconf 89' lang='lat' dir='ltr'><strong>quitatihus</strong></span> <span class='ocrx_word' id='word_1_538' title='bbox 867 4434 1101 4503; x_wconf 90' lang='lat' dir='ltr'><strong>amplius</strong></span> <span class='ocrx_word' id='word_1_539' title='bbox 1141 4433 1449 4504; x_wconf 73' lang='lat' dir='ltr'><strong>conceptio,</strong></span> <span class='ocrx_word' id='word_1_540' title='bbox 1503 4449 1678 4503; x_wconf 90' lang='lat' dir='ltr'><strong>neque</strong></span> <span class='ocrx_word' id='word_1_541' title='bbox 1732 4434 1786 4488; x_wconf 90' lang='lat' dir='ltr'><strong>in</strong></span> <span class='ocrx_word' id='word_1_542' title='bbox 1854 4437 2096 4503; x_wconf 86' lang='lat' dir='ltr'><strong>peccatis</strong></span> 
     </span>
    </p>
   </div>
   <div class='ocr_carea' id='block_1_77' title="bbox 2195 3330 3755 3411">
    <p class='ocr_par' dir='ltr' id='par_1_77' title="bbox 2195 3330 3755 3411">
     <span class='ocr_line' id='line_1_77' title="bbox 2195 3330 3755 3411; baseline -0.01 -16"><span class='ocrx_word' id='word_1_543' title='bbox 2195 3342 2289 3395; x_wconf 65' lang='grc' dir='ltr'><strong>καὶ⁵</strong></span> <span class='ocrx_word' id='word_1_544' title='bbox 2323 3339 2563 3411; x_wconf 81' lang='grc' dir='ltr'><strong>λάφυρον</strong></span> <span class='ocrx_word' id='word_1_545' title='bbox 2591 3338 2984 3410; x_wconf 78' lang='grc' dir='ltr'><strong>προκειμένους</strong></span> <span class='ocrx_word' id='word_1_546' title='bbox 3033 3337 3144 3397; x_wconf 79' lang='grc' dir='ltr'><strong>τοίς</strong></span> <span class='ocrx_word' id='word_1_547' title='bbox 3178 3333 3615 3395; x_wconf 71' lang='grc' dir='ltr'><strong>δυναστεύουσιν,</strong></span> <span class='ocrx_word' id='word_1_548' title='bbox 3643 3330 3755 3380; x_wconf 81' lang='grc' dir='ltr'><strong>ὲπι-</strong></span> 
     </span>
    </p>
   </div>
   <div class='ocr_carea' id='block_1_78' title="bbox 2198 3420 3754 3506">
    <p class='ocr_par' dir='ltr' id='par_1_78' title="bbox 2198 3420 3754 3506">
     <span class='ocr_line' id='line_1_78' title="bbox 2198 3420 3754 3506; baseline -0.011 -18"><span class='ocrx_word' id='word_1_549' title='bbox 2198 3434 2516 3506; x_wconf 82' lang='grc' dir='ltr'><strong>μειδιῶντας</strong></span> <span class='ocrx_word' id='word_1_550' title='bbox 2568 3430 2828 3493; x_wconf 85' lang='grc' dir='ltr'><strong>πολλάκις</strong></span> <span class='ocrx_word' id='word_1_551' title='bbox 2878 3427 2985 3481; x_wconf 79' lang='grc' dir='ltr'><strong>ὑπὸ</strong></span> <span class='ocrx_word' id='word_1_552' title='bbox 3027 3426 3129 3496; x_wconf 84' lang='grc' dir='ltr'><strong>τῆς</strong></span> <span class='ocrx_word' id='word_1_553' title='bbox 3167 3427 3276 3479; x_wconf 82' lang='grc' dir='ltr'><strong>τῶν</strong></span> <span class='ocrx_word' id='word_1_554' title='bbox 3308 3426 3500 3479; x_wconf 85' lang='grc' dir='ltr'><strong>κακῶν</strong></span> <span class='ocrx_word' id='word_1_555' title='bbox 3554 3420 3754 3490; x_wconf 79' lang='grc' dir='ltr'><strong>ἀγνοίας</strong></span> 
     </span>
    </p>
   </div>
   <div class='ocr_carea' id='block_1_79' title="bbox 2192 3508 3755 3593">
    <p class='ocr_par' dir='ltr' id='par_1_79' title="bbox 2192 3508 3755 3593">
     <span class='ocr_line' id='line_1_79' title="bbox 2192 3508 3755 3593; baseline -0.01 -17"><span class='ocrx_word' id='word_1_556' title='bbox 2192 3522 2271 3593; x_wconf 83' lang='grc' dir='ltr'><strong>τῷ</strong></span> <span class='ocrx_word' id='word_1_557' title='bbox 2321 3522 2713 3591; x_wconf 83' lang='grc' dir='ltr'><strong>δυστυχήματι.</strong></span> <span class='ocrx_word' id='word_1_558' title='bbox 2765 3516 3004 3587; x_wconf 82' lang='grc' dir='ltr'><strong>Χηρείας</strong></span> <span class='ocrx_word' id='word_1_559' title='bbox 3030 3516 3087 3569; x_wconf 82' lang='grc' dir='ltr'><strong>δὲ</strong></span> <span class='ocrx_word' id='word_1_560' title='bbox 3114 3515 3327 3584; x_wconf 82' lang='grc' dir='ltr'><strong>γένεσις</strong></span> <span class='ocrx_word' id='word_1_561' title='bbox 3360 3516 3447 3578; x_wconf 89' lang='grc' dir='ltr'><strong>τίς</strong></span> <span class='ocrx_word' id='word_1_562' title='bbox 3472 3513 3642 3574; x_wconf 75' lang='grc' dir='ltr'><strong>ἀλλος,</strong></span> <span class='ocrx_word' id='word_1_563' title='bbox 3672 3508 3755 3562; x_wconf 81' lang='grc' dir='ltr'><strong>καὶ</strong></span> 
     </span>
    </p>
   </div>
   <div class='ocr_carea' id='block_1_80' title="bbox 2192 3604 3754 3684">
    <p class='ocr_par' dir='ltr' id='par_1_80' title="bbox 2192 3604 3754 3684">
     <span class='ocr_line' id='line_1_80' title="bbox 2192 3604 3754 3684; baseline -0.006 -17"><span class='ocrx_word' id='word_1_564' title='bbox 2192 3614 2313 3684; x_wconf 73' lang='grc' dir='ltr'><strong>ούχὶ</strong></span> <span class='ocrx_word' id='word_1_565' title='bbox 2333 3615 2507 3682; x_wconf 86' lang='grc' dir='ltr'><strong>γάμος</strong></span> <span class='ocrx_word' id='word_1_566' title='bbox 2521 3612 2704 3675; x_wconf 83' lang='grc' dir='ltr'><strong>ὲστίν;</strong></span> <span class='ocrx_word' id='word_1_567' title='bbox 2734 3609 2943 3663; x_wconf 79' lang='grc' dir='ltr'><strong>Οὐκοῦν</strong></span> <span class='ocrx_word' id='word_1_568' title='bbox 2968 3610 3001 3680; x_wconf 79' lang='grc' dir='ltr'><strong>ἡ</strong></span> <span class='ocrx_word' id='word_1_569' title='bbox 3028 3608 3378 3679; x_wconf 82' lang='grc' dir='ltr'><strong>ἀναχώρησις</strong></span> <span class='ocrx_word' id='word_1_570' title='bbox 3395 3607 3602 3670; x_wconf 83' lang='grc' dir='ltr'><strong>τούτου,</strong></span> <span class='ocrx_word' id='word_1_571' title='bbox 3634 3604 3754 3656; x_wconf 76' lang='grc' dir='ltr'><strong>πάν·</strong></span> 
     </span>
    </p>
   </div>
   <div class='ocr_carea' id='block_1_81' title="bbox 2193 3694 3753 3774">
    <p class='ocr_par' dir='ltr' id='par_1_81' title="bbox 2193 3694 3753 3774">
     <span class='ocr_line' id='line_1_81' title="bbox 2193 3694 3753 3774; baseline -0.008 -17"><span class='ocrx_word' id='word_1_572' title='bbox 2193 3722 2301 3758; x_wconf 88' lang='grc' dir='ltr'><strong>των</strong></span> <span class='ocrx_word' id='word_1_573' title='bbox 2329 3704 2539 3774; x_wconf 81' lang='grc' dir='ltr'><strong>ἁθρόως</strong></span> <span class='ocrx_word' id='word_1_574' title='bbox 2581 3702 2688 3755; x_wconf 84' lang='grc' dir='ltr'><strong>τῶν</strong></span> <span class='ocrx_word' id='word_1_575' title='bbox 2722 3700 2909 3755; x_wconf 80' lang='grc' dir='ltr'><strong>κακῶν</strong></span> <span class='ocrx_word' id='word_1_576' title='bbox 2939 3699 3142 3753; x_wconf 91' lang='grc' dir='ltr'><strong>τούτων</strong></span> <span class='ocrx_word' id='word_1_577' title='bbox 3169 3698 3642 3771; x_wconf 81' lang='grc' dir='ltr'><strong>λειτουργημάτων</strong></span> <span class='ocrx_word' id='word_1_578' title='bbox 3668 3694 3753 3762; x_wconf 79' lang='grc' dir='ltr'><strong>τὴν</strong></span> 
     </span>
    </p>
   </div>
   <div class='ocr_carea' id='block_1_82' title="bbox 2194 3787 3751 3863">
    <p class='ocr_par' dir='ltr' id='par_1_82' title="bbox 2194 3787 3751 3863">
     <span class='ocr_line' id='line_1_82' title="bbox 2194 3787 3751 3863; baseline -0.007 -16"><span class='ocrx_word' id='word_1_579' title='bbox 2194 3794 2442 3849; x_wconf 78' lang='grc' dir='ltr'><strong>ἀτέλειαν</strong></span> <span class='ocrx_word' id='word_1_580' title='bbox 2474 3794 2586 3863; x_wconf 78' lang='grc' dir='ltr'><strong>ἔχει</strong></span> <span class='ocrx_word' id='word_1_581' title='bbox 2612 3810 2626 3824; x_wconf 89' lang='grc'><strong>·</strong></span> <span class='ocrx_word' id='word_1_582' title='bbox 2670 3794 2763 3846; x_wconf 80' lang='grc' dir='ltr'><strong>καὶ</strong></span> <span class='ocrx_word' id='word_1_583' title='bbox 2792 3792 2951 3847; x_wconf 72' lang='grc' dir='ltr'><strong>οὐδὲν</strong></span> <span class='ocrx_word' id='word_1_584' title='bbox 3000 3791 3246 3851; x_wconf 82' lang='grc' dir='ltr'><strong>ἀπεικός.</strong></span> <span class='ocrx_word' id='word_1_585' title='bbox 3293 3792 3469 3845; x_wconf 79' lang='grc' dir='ltr'><strong>Ὅπου</strong></span> <span class='ocrx_word' id='word_1_586' title='bbox 3501 3788 3606 3858; x_wconf 85' lang='grc' dir='ltr'><strong>γὰρ</strong></span> <span class='ocrx_word' id='word_1_587' title='bbox 3634 3787 3751 3839; x_wconf 86' lang='grc' dir='ltr'><strong>ἀνα-</strong></span> 
     </span>
    </p>
   </div>
   <div class='ocr_carea' id='block_1_83' title="bbox 2194 3876 3753 3957">
    <p class='ocr_par' dir='ltr' id='par_1_83' title="bbox 2194 3876 3753 3957">
     <span class='ocr_line' id='line_1_83' title="bbox 2194 3876 3753 3957; baseline -0.008 -18"><span class='ocrx_word' id='word_1_588' title='bbox 2194 3886 2378 3940; x_wconf 83' lang='grc' dir='ltr'><strong>λύεται</strong></span> <span class='ocrx_word' id='word_1_589' title='bbox 2417 3888 2450 3957; x_wconf 81' lang='grc' dir='ltr'><strong>ή</strong></span> <span class='ocrx_word' id='word_1_590' title='bbox 2481 3887 2538 3951; x_wconf 79' lang='grc' dir='ltr'>ἐξ</span> <span class='ocrx_word' id='word_1_591' title='bbox 2570 3886 2740 3957; x_wconf 74' lang='grc' dir='ltr'><strong>ἀρχῆς</strong></span> <span class='ocrx_word' id='word_1_592' title='bbox 2773 3884 3049 3954; x_wconf 81' lang='grc' dir='ltr'><strong>ὁρισθεῖσα</strong></span> <span class='ocrx_word' id='word_1_593' title='bbox 3075 3882 3218 3936; x_wconf 74' lang='grc' dir='ltr'><strong>κατὰ</strong></span> <span class='ocrx_word' id='word_1_594' title='bbox 3235 3882 3344 3934; x_wconf 84' lang='grc' dir='ltr'><strong>τῶν</strong></span> <span class='ocrx_word' id='word_1_595' title='bbox 3385 3876 3753 3949; x_wconf 83' lang='grc' dir='ltr'><strong>πεπλημμελη-</strong></span> 
     </span>
    </p>
   </div>
   <div class='ocr_carea' id='block_1_84' title="bbox 2196 3966 3748 4046">
    <p class='ocr_par' dir='ltr' id='par_1_84' title="bbox 2196 3966 3748 4046">
     <span class='ocr_line' id='line_1_84' title="bbox 2196 3966 3748 4046; baseline -0.003 -18"><span class='ocrx_word' id='word_1_596' title='bbox 2196 3976 2367 4029; x_wconf 81' lang='grc' dir='ltr'><strong>κὸτων</strong></span> <span class='ocrx_word' id='word_1_597' title='bbox 2427 3976 2751 4046; x_wconf 82' lang='grc' dir='ltr'><strong>κατάκρισις</strong></span> <span class='ocrx_word' id='word_1_598' title='bbox 2793 3973 2996 4043; x_wconf 76' lang='grc' dir='ltr'><strong>(οὐκέτι</strong></span> <span class='ocrx_word' id='word_1_599' title='bbox 3023 3972 3080 4025; x_wconf 84' lang='grc' dir='ltr'><strong>δὲ</strong></span> <span class='ocrx_word' id='word_1_600' title='bbox 3121 3971 3328 4041; x_wconf 68' lang='grc' dir='ltr'><strong>θλίψεις</strong></span> <span class='ocrx_word' id='word_1_601' title='bbox 3359 3973 3468 4025; x_wconf 83' lang='grc' dir='ltr'><strong>τῶν</strong></span> <span class='ocrx_word' id='word_1_602' title='bbox 3501 3966 3748 4039; x_wconf 66' lang='grc' dir='ltr'><strong>μητέρων.</strong></span> 
     </span>
    </p>
   </div>
   <div class='ocr_carea' id='block_1_85' title="bbox 2196 4054 3750 4138">
    <p class='ocr_par' dir='ltr' id='par_1_85' title="bbox 2196 4054 3750 4138">
     <span class='ocr_line' id='line_1_85' title="bbox 2196 4054 3750 4138; baseline -0.006 -17"><span class='ocrx_word' id='word_1_603' title='bbox 2196 4068 2335 4122; x_wconf 86' lang='grc' dir='ltr'><strong>κατά</strong></span> <span class='ocrx_word' id='word_1_604' title='bbox 2377 4066 2437 4121; x_wconf 85' lang='grc' dir='ltr'><strong>τὸ</strong></span> <span class='ocrx_word' id='word_1_605' title='bbox 2494 4066 2877 4138; x_wconf 79' lang='grc' dir='ltr'><strong>γεγραμμένον</strong></span> <span class='ocrx_word' id='word_1_606' title='bbox 2916 4065 3319 4135; x_wconf 79' lang='grc' dir='ltr'><strong>πληθύνονται),</strong></span> <span class='ocrx_word' id='word_1_607' title='bbox 3350 4064 3473 4116; x_wconf 77' lang='grc' dir='ltr'><strong>οὐδὲ</strong></span> <span class='ocrx_word' id='word_1_608' title='bbox 3494 4060 3630 4124; x_wconf 83' lang='grc' dir='ltr'><strong>λύπη</strong></span> <span class='ocrx_word' id='word_1_609' title='bbox 3666 4054 3750 4121; x_wconf 76' lang='grc' dir='ltr'><strong>τῆς</strong></span> 
     </span>
    </p>
   </div>
   <div class='ocr_carea' id='block_1_86' title="bbox 2195 4143 3751 4231">
    <p class='ocr_par' dir='ltr' id='par_1_86' title="bbox 2195 4143 3751 4231">
     <span class='ocr_line' id='line_1_86' title="bbox 2195 4143 3751 4231; baseline -0.01 -17"><span class='ocrx_word' id='word_1_610' title='bbox 2195 4159 2539 4231; x_wconf 85' lang='grc' dir='ltr'><strong>ἀνθρωπίνης</strong></span> <span class='ocrx_word' id='word_1_611' title='bbox 2562 4161 2881 4230; x_wconf 83' lang='grc' dir='ltr'><strong>προηγεῖται</strong></span> <span class='ocrx_word' id='word_1_612' title='bbox 2909 4156 3198 4224; x_wconf 79' lang='grc' dir='ltr'><strong>γενέσεως,</strong></span> <span class='ocrx_word' id='word_1_613' title='bbox 3240 4152 3604 4224; x_wconf 79' lang='grc' dir='ltr'><strong>συνανῄρηται</strong></span> <span class='ocrx_word' id='word_1_614' title='bbox 3632 4143 3751 4198; x_wconf 65' lang='grc' dir='ltr'><strong>πᾶν·</strong></span> 
     </span>
    </p>
   </div>
   <div class='ocr_carea' id='block_1_87' title="bbox 2194 4232 3748 4324">
    <p class='ocr_par' dir='ltr' id='par_1_87' title="bbox 2194 4232 3748 4324">
     <span class='ocr_line' id='line_1_87' title="bbox 2194 4232 3748 4324; baseline -0.01 -19"><span class='ocrx_word' id='word_1_615' title='bbox 2194 4254 2368 4324; x_wconf 84' lang='grc' dir='ltr'><strong>τωςὴ</strong></span> <span class='ocrx_word' id='word_1_616' title='bbox 2413 4252 2521 4306; x_wconf 76' lang='grc' dir='ltr'><strong>άπὸ</strong></span> <span class='ocrx_word' id='word_1_617' title='bbox 2569 4250 2663 4305; x_wconf 77' lang='grc' dir='ltr'><strong>τοῦ</strong></span> <span class='ocrx_word' id='word_1_618' title='bbox 2718 4250 2834 4318; x_wconf 83' lang='grc' dir='ltr'><strong>βίου</strong></span> <span class='ocrx_word' id='word_1_619' title='bbox 2883 4247 3157 4319; x_wconf 70' lang='grc' dir='ltr'><strong>συμφορά,</strong></span> <span class='ocrx_word' id='word_1_620' title='bbox 3216 4246 3312 4300; x_wconf 80' lang='grc' dir='ltr'><strong>καὶ</strong></span> <span class='ocrx_word' id='word_1_621' title='bbox 3350 4244 3625 4314; x_wconf 65' lang='grc' dir='ltr'><strong>ἀφῄρηται</strong></span> <span class='ocrx_word' id='word_1_622' title='bbox 3652 4232 3748 4287; x_wconf 84' lang='grc' dir='ltr'><strong>τῶν</strong></span> 
     </span>
    </p>
   </div>
   <div class='ocr_carea' id='block_1_88' title="bbox 2196 4325 3747 4416">
    <p class='ocr_par' dir='ltr' id='par_1_88' title="bbox 2196 4325 3747 4416">
     <span class='ocr_line' id='line_1_88' title="bbox 2196 4325 3747 4416; baseline -0.005 -17"><span class='ocrx_word' id='word_1_623' title='bbox 2196 4346 2502 4416; x_wconf 79' lang='grc' dir='ltr'><strong>προσώπων</strong></span> <span class='ocrx_word' id='word_1_624' title='bbox 2533 4344 2592 4397; x_wconf 83' lang='grc' dir='ltr'><strong>τὸ</strong></span> <span class='ocrx_word' id='word_1_625' title='bbox 2614 4344 2867 4411; x_wconf 81' lang='grc' dir='ltr'><strong>δάκρυον,</strong></span> <span class='ocrx_word' id='word_1_626' title='bbox 2897 4340 3077 4403; x_wconf 83' lang='grc' dir='ltr'><strong>καθὼς</strong></span> <span class='ocrx_word' id='word_1_627' title='bbox 3108 4357 3271 4409; x_wconf 81' lang='grc' dir='ltr'><strong>φησιν</strong></span> <span class='ocrx_word' id='word_1_628' title='bbox 3305 4341 3333 4393; x_wconf 87' lang='grc' dir='ltr'>ὁ</span> <span class='ocrx_word' id='word_1_629' title='bbox 3358 4336 3660 4409; x_wconf 80' lang='grc' dir='ltr'><strong>Προφήτης·</strong></span> <span class='ocrx_word' id='word_1_630' title='bbox 3681 4325 3747 4378; x_wconf 72' lang='grc' dir='ltr'><strong>Οὐ</strong></span> 
     </span>
    </p>
   </div>
   <div class='ocr_carea' id='block_1_89' title="bbox 2194 4422 3744 4507">
    <p class='ocr_par' dir='ltr' id='par_1_89' title="bbox 2194 4422 3744 4507">
     <span class='ocr_line' id='line_1_89' title="bbox 2194 4422 3744 4507; baseline -0.01 -17"><span class='ocrx_word' id='word_1_631' title='bbox 2194 4438 2301 4507; x_wconf 68' lang='grc' dir='ltr'><strong>γὰρ</strong></span> <span class='ocrx_word' id='word_1_632' title='bbox 2333 4438 2391 4488; x_wconf 74' lang='grc' dir='ltr'><strong>ἐν</strong></span> <span class='ocrx_word' id='word_1_633' title='bbox 2423 4435 2672 4504; x_wconf 82' lang='grc' dir='ltr'><strong>ἁνομίαις</strong></span> <span class='ocrx_word' id='word_1_634' title='bbox 2697 4431 2898 4502; x_wconf 72' lang='grc' dir='ltr'><strong>ὲστὶνή</strong></span> <span class='ocrx_word' id='word_1_635' title='bbox 2934 4429 3194 4499; x_wconf 79' lang='grc' dir='ltr'><strong>σύλληψις</strong></span> <span class='ocrx_word' id='word_1_636' title='bbox 3222 4429 3325 4489; x_wconf 67' lang='grc' dir='ltr'><strong>ἔτι,</strong></span> <span class='ocrx_word' id='word_1_637' title='bbox 3352 4426 3471 4481; x_wconf 74' lang='grc' dir='ltr'><strong>οὐδὲ</strong></span> <span class='ocrx_word' id='word_1_638' title='bbox 3508 4425 3565 4475; x_wconf 82' lang='grc' dir='ltr'><strong>ὲν</strong></span> <span class='ocrx_word' id='word_1_639' title='bbox 3580 4422 3744 4487; x_wconf 73' lang='grc' dir='ltr'><strong>ἁμαρ·</strong></span> 
     </span>
    </p>
   </div>
   <div class='ocr_carea' id='block_1_90' title="bbox 518 4515 2093 4598">
    <p class='ocr_par' dir='ltr' id='par_1_90' title="bbox 518 4525 2093 4594">
     <span class='ocr_line' id='line_1_90' title="bbox 518 4525 2093 4594; baseline 0.006 -21"><span class='ocrx_word' id='word_1_640' title='bbox 518 4529 731 4591; x_wconf 85' lang='lat' dir='ltr'><strong>partus,</strong></span> <span class='ocrx_word' id='word_1_641' title='bbox 760 4538 937 4592; x_wconf 87' lang='lat' dir='ltr'><strong>neque</strong></span> <span class='ocrx_word' id='word_1_642' title='bbox 964 4539 1030 4577; x_wconf 74' lang='lat' dir='ltr'><strong>ex</strong></span> <span class='ocrx_word' id='word_1_643' title='bbox 1064 4525 1347 4593; x_wconf 86' lang='lat' dir='ltr'><strong>sanguine,</strong></span> <span class='ocrx_word' id='word_1_644' title='bbox 1378 4540 1553 4594; x_wconf 88' lang='lat' dir='ltr'><strong>neque</strong></span> <span class='ocrx_word' id='word_1_645' title='bbox 1574 4542 1637 4579; x_wconf 80' lang='lat' dir='ltr'><strong>ex</strong></span> <span class='ocrx_word' id='word_1_646' title='bbox 1674 4526 1953 4582; x_wconf 87' lang='lat' dir='ltr'><strong>voluntate</strong></span> <span class='ocrx_word' id='word_1_647' title='bbox 1970 4529 2093 4591; x_wconf 88' lang='lat' dir='ltr'><strong>viri,</strong></span> 
     </span>
    </p>
   </div>
   <div class='ocr_carea' id='block_1_91' title="bbox 2193 4515 3744 4598">
    <p class='ocr_par' dir='ltr' id='par_1_91' title="bbox 2196 4515 3744 4598">
     <span class='ocr_line' id='line_1_91' title="bbox 2196 4515 3744 4598; baseline -0.011 -18"><span class='ocrx_word' id='word_1_648' title='bbox 2196 4528 2337 4589; x_wconf 85' lang='grc' dir='ltr'><strong>τίαις</strong></span> <span class='ocrx_word' id='word_1_649' title='bbox 2365 4529 2399 4597; x_wconf 81' lang='grc' dir='ltr'><strong>ἡ</strong></span> <span class='ocrx_word' id='word_1_650' title='bbox 2433 4524 2625 4595; x_wconf 84' lang='grc' dir='ltr'><strong>κύησις</strong></span> <span class='ocrx_word' id='word_1_651' title='bbox 2646 4540 2660 4553; x_wconf 88' lang='grc'><strong>·</strong></span> <span class='ocrx_word' id='word_1_652' title='bbox 2696 4523 2815 4575; x_wconf 80' lang='grc' dir='ltr'><strong>ούδὲ</strong></span> <span class='ocrx_word' id='word_1_653' title='bbox 2842 4521 2901 4586; x_wconf 78' lang='grc' dir='ltr'>ἐξ</span> <span class='ocrx_word' id='word_1_654' title='bbox 2927 4522 3196 4593; x_wconf 76' lang='grc' dir='ltr'><strong>αἱμάτων,</strong></span> <span class='ocrx_word' id='word_1_655' title='bbox 3219 4519 3345 4572; x_wconf 74' lang='grc' dir='ltr'><strong>οὐδὲ</strong></span> <span class='ocrx_word' id='word_1_656' title='bbox 3380 4521 3444 4572; x_wconf 81' lang='grc' dir='ltr'><strong>ὲκ</strong></span> <span class='ocrx_word' id='word_1_657' title='bbox 3471 4515 3744 4598; x_wconf 63' lang='grc' dir='ltr'><strong>θελήματος</strong></span> 
     </span>
    </p>
   </div>
   <div class='ocr_carea' id='block_1_92' title="bbox 518 4616 2092 4688">
    <p class='ocr_par' dir='ltr' id='par_1_92' title="bbox 518 4616 2092 4688">
     <span class='ocr_line' id='line_1_92' title="bbox 518 4616 2092 4688; baseline 0.004 -21"><span class='ocrx_word' id='word_1_658' title='bbox 518 4628 695 4683; x_wconf 85' lang='lat' dir='ltr'><strong>neque</strong></span> <span class='ocrx_word' id='word_1_659' title='bbox 725 4629 789 4667; x_wconf 77' lang='lat' dir='ltr'><strong>ex</strong></span> <span class='ocrx_word' id='word_1_660' title='bbox 824 4616 1098 4670; x_wconf 75' lang='lat' dir='ltr'><strong>voluntate</strong></span> <span class='ocrx_word' id='word_1_661' title='bbox 1123 4616 1329 4677; x_wconf 88' lang='lat' dir='ltr'><strong>carnis,</strong></span> <span class='ocrx_word' id='word_1_662' title='bbox 1381 4616 1473 4670; x_wconf 89' lang='lat' dir='ltr'><strong>sed</strong></span> <span class='ocrx_word' id='word_1_663' title='bbox 1509 4617 1786 4672; x_wconf 88' lang='lat' dir='ltr'><strong>voluntate</strong></span> <span class='ocrx_word' id='word_1_664' title='bbox 1824 4617 1913 4672; x_wconf 86' lang='lat' dir='ltr'><strong>Dei</strong></span> <span class='ocrx_word' id='word_1_665' title='bbox 1967 4634 2092 4688; x_wconf 85' lang='lat' dir='ltr'><strong>pro-</strong></span> 
     </span>
    </p>
   </div>
   <div class='ocr_carea' id='block_1_93' title="bbox 517 4700 2095 4773">
    <p class='ocr_par' dir='ltr' id='par_1_93' title="bbox 517 4700 2095 4773">
     <span class='ocr_line' id='line_1_93' title="bbox 517 4700 2095 4773; baseline 0 -16"><span class='ocrx_word' id='word_1_666' title='bbox 517 4701 724 4758; x_wconf 87' lang='lat' dir='ltr'><strong>creatio</strong></span> <span class='ocrx_word' id='word_1_667' title='bbox 753 4700 809 4755; x_wconf 88' lang='lat' dir='ltr'><strong>lit</strong></span> <span class='ocrx_word' id='word_1_668' title='bbox 835 4701 901 4756; x_wconf 79' lang='grc'><strong>’³.</strong></span> <span class='ocrx_word' id='word_1_669' title='bbox 933 4701 1142 4756; x_wconf 88' lang='lat' dir='ltr'><strong>Etenim</strong></span> <span class='ocrx_word' id='word_1_670' title='bbox 1178 4718 1300 4756; x_wconf 91' lang='lat' dir='ltr'><strong>eum</strong></span> <span class='ocrx_word' id='word_1_671' title='bbox 1338 4703 1708 4772; x_wconf 85' lang='lat' dir='ltr'><strong>incorruptam</strong></span> <span class='ocrx_word' id='word_1_672' title='bbox 1743 4704 1972 4773; x_wconf 83' lang='lat' dir='ltr'><strong>spiritus</strong></span> <span class='ocrx_word' id='word_1_673' title='bbox 2014 4703 2095 4758; x_wconf 92' lang='lat' dir='ltr'><strong>in-</strong></span> 
     </span>
    </p>
   </div>
   <div class='ocr_carea' id='block_1_94' title="bbox 521 4792 2092 4863">
    <p class='ocr_par' dir='ltr' id='par_1_94' title="bbox 521 4792 2092 4863">
     <span class='ocr_line' id='line_1_94' title="bbox 521 4792 2092 4863; baseline 0.001 -17"><span class='ocrx_word' id='word_1_674' title='bbox 521 4792 826 4863; x_wconf 85' lang='lat' dir='ltr'><strong>tegritatem</strong></span> <span class='ocrx_word' id='word_1_675' title='bbox 891 4793 1014 4848; x_wconf 92' lang='lat' dir='ltr'><strong>vivo</strong></span> <span class='ocrx_word' id='word_1_676' title='bbox 1071 4792 1237 4847; x_wconf 91' lang='lat' dir='ltr'><strong>corde</strong></span> <span class='ocrx_word' id='word_1_677' title='bbox 1292 4793 1417 4861; x_wconf 89' lang='lat' dir='ltr'><strong>quis</strong></span> <span class='ocrx_word' id='word_1_678' title='bbox 1454 4793 1716 4861; x_wconf 81' lang='lat' dir='ltr'><strong>concipit,</strong></span> <span class='ocrx_word' id='word_1_679' title='bbox 1770 4795 2092 4863; x_wconf 84' lang='lat' dir='ltr'><strong>sapientiam</strong></span> 
     </span>
    </p>
   </div>
   <div class='ocr_carea' id='block_1_95' title="bbox 519 4882 2097 4955">
    <p class='ocr_par' dir='ltr' id='par_1_95' title="bbox 519 4882 2097 4955">
     <span class='ocr_line' id='line_1_95' title="bbox 519 4882 2097 4955; baseline 0.002 -19"><span class='ocrx_word' id='word_1_680' title='bbox 519 4882 629 4947; x_wconf 83' lang='lat' dir='ltr'><strong>hic,</strong></span> <span class='ocrx_word' id='word_1_681' title='bbox 666 4882 961 4953; x_wconf 88' lang='lat' dir='ltr'><strong>justitiam,</strong></span> <span class='ocrx_word' id='word_1_682' title='bbox 993 4883 1412 4937; x_wconf 84' lang='lat' dir='ltr'><strong>sanctimoniam</strong></span> <span class='ocrx_word' id='word_1_683' title='bbox 1446 4886 1609 4953; x_wconf 89' lang='lat' dir='ltr'><strong>parit,</strong></span> <span class='ocrx_word' id='word_1_684' title='bbox 1649 4884 1952 4955; x_wconf 85' lang='lat' dir='ltr'><strong>eodemque</strong></span> <span class='ocrx_word' id='word_1_685' title='bbox 1980 4903 2097 4939; x_wconf 90' lang='lat' dir='ltr'><strong>mo-</strong></span> 
     </span>
    </p>
   </div>
   <div class='ocr_carea' id='block_1_96' title="bbox 518 4973 2095 5045">
    <p class='ocr_par' dir='ltr' id='par_1_96' title="bbox 518 4973 2095 5045">
     <span class='ocr_line' id='line_1_96' title="bbox 518 4973 2095 5045; baseline 0.001 -15"><span class='ocrx_word' id='word_1_686' title='bbox 518 4975 591 5031; x_wconf 87' lang='lat' dir='ltr'><strong>do</strong></span> <span class='ocrx_word' id='word_1_687' title='bbox 635 4974 1083 5045; x_wconf 89' lang='lat' dir='ltr'><strong>redemptionem.</strong></span> <span class='ocrx_word' id='word_1_688' title='bbox 1119 4973 1330 5044; x_wconf 90' lang='lat' dir='ltr'><strong>Cuique</strong></span> <span class='ocrx_word' id='word_1_689' title='bbox 1360 4975 1505 5029; x_wconf 90' lang='lat' dir='ltr'><strong>enim</strong></span> <span class='ocrx_word' id='word_1_690' title='bbox 1556 4976 1702 5038; x_wconf 83' lang='lat' dir='ltr'><strong>licet,</strong></span> <span class='ocrx_word' id='word_1_691' title='bbox 1759 4992 1818 5031; x_wconf 91' lang='lat' dir='ltr'><strong>se</strong></span> <span class='ocrx_word' id='word_1_692' title='bbox 1866 4986 2095 5032; x_wconf 85' lang='lat' dir='ltr'><strong>matrem</strong></span> 
     </span>
    </p>
   </div>
   <div class='ocr_carea' id='block_1_97' title="bbox 518 5063 2094 5134">
    <p class='ocr_par' dir='ltr' id='par_1_97' title="bbox 518 5063 2094 5134">
     <span class='ocr_line' id='line_1_97' title="bbox 518 5063 2094 5134; baseline 0 -12"><span class='ocrx_word' id='word_1_693' title='bbox 518 5081 642 5122; x_wconf 80' lang='lat' dir='ltr'><strong>esse</strong></span> <span class='ocrx_word' id='word_1_694' title='bbox 676 5065 797 5133; x_wconf 88' lang='lat' dir='ltr'><strong>ejus</strong></span> <span class='ocrx_word' id='word_1_695' title='bbox 831 5066 921 5134; x_wconf 93' lang='lat' dir='ltr'><strong>qui</strong></span> <span class='ocrx_word' id='word_1_696' title='bbox 944 5065 1057 5119; x_wconf 62' lang='lat' dir='ltr'><strong>haec</strong></span> <span class='ocrx_word' id='word_1_697' title='bbox 1088 5064 1182 5126; x_wconf 92' lang='lat' dir='ltr'><strong>sit,</strong></span> <span class='ocrx_word' id='word_1_698' title='bbox 1215 5072 1276 5119; x_wconf 87' lang='lat' dir='ltr'><strong>ut</strong></span> <span class='ocrx_word' id='word_1_699' title='bbox 1298 5063 1531 5134; x_wconf 89' lang='lat' dir='ltr'><strong>quodam</strong></span> <span class='ocrx_word' id='word_1_700' title='bbox 1564 5067 1684 5120; x_wconf 91' lang='lat' dir='ltr'><strong>loco</strong></span> <span class='ocrx_word' id='word_1_701' title='bbox 1703 5066 1778 5120; x_wconf 89' lang='lat' dir='ltr'><strong>ait</strong></span> <span class='ocrx_word' id='word_1_702' title='bbox 1801 5065 2094 5133; x_wconf 86' lang='lat' dir='ltr'><strong>Dominus;</strong></span> 
     </span>
    </p>
   </div>
   <div class='ocr_carea' id='block_1_98' title="bbox 516 5154 2097 5228">
    <p class='ocr_par' dir='ltr' id='par_1_98' title="bbox 516 5154 2097 5228">
     <span class='ocr_line' id='line_1_98' title="bbox 516 5154 2097 5228; baseline 0.001 -18"><span class='ocrx_word' id='word_1_703' title='bbox 516 5157 799 5228; x_wconf 89' lang='lat' dir='ltr'><strong>quoniam,</strong></span> <span class='ocrx_word' id='word_1_704' title='bbox 832 5157 1031 5227; x_wconf 89' lang='lat' dir='ltr'><strong>inquit,</strong></span> <span class='ocrx_word' id='word_1_705' title='bbox 1070 5174 1088 5208; x_wconf 81' lang='grc' dir='ltr'><strong>ι</strong></span> <span class='ocrx_word' id='word_1_706' title='bbox 1118 5154 1219 5222; x_wconf 86' lang='lat' dir='ltr'><strong>Qui</strong></span> <span class='ocrx_word' id='word_1_707' title='bbox 1248 5156 1375 5209; x_wconf 84' lang='lat' dir='ltr'><strong>facit</strong></span> <span class='ocrx_word' id='word_1_708' title='bbox 1404 5155 1741 5212; x_wconf 85' lang='lat' dir='ltr'><strong>voluntatem</strong></span> <span class='ocrx_word' id='word_1_709' title='bbox 1776 5174 1972 5223; x_wconf 85' lang='lat' dir='ltr'><strong>meam,</strong></span> <span class='ocrx_word' id='word_1_710' title='bbox 2008 5158 2097 5212; x_wconf 86' lang='lat' dir='ltr'><strong>hic</strong></span> 
     </span>
    </p>
   </div>
   <div class='ocr_carea' id='block_1_99' title="bbox 518 5248 2093 5315">
    <p class='ocr_par' dir='ltr' id='par_1_99' title="bbox 518 5248 2093 5315">
     <span class='ocr_line' id='line_1_99' title="bbox 518 5248 2093 5315; baseline -0.001 -12"><span class='ocrx_word' id='word_1_711' title='bbox 518 5258 568 5303; x_wconf 88' lang='lat' dir='ltr'><strong>et</strong></span> <span class='ocrx_word' id='word_1_712' title='bbox 599 5249 788 5313; x_wconf 85' lang='lat' dir='ltr'><strong>frater,</strong></span> <span class='ocrx_word' id='word_1_713' title='bbox 819 5257 872 5304; x_wconf 89' lang='lat' dir='ltr'><strong>et</strong></span> <span class='ocrx_word' id='word_1_714' title='bbox 917 5264 1096 5313; x_wconf 88' lang='lat' dir='ltr'><strong>soror,</strong></span> <span class='ocrx_word' id='word_1_715' title='bbox 1151 5256 1205 5303; x_wconf 93' lang='lat' dir='ltr'><strong>et</strong></span> <span class='ocrx_word' id='word_1_716' title='bbox 1245 5256 1419 5303; x_wconf 86' lang='lat' dir='ltr'><strong>mater</strong></span> <span class='ocrx_word' id='word_1_717' title='bbox 1469 5265 1586 5303; x_wconf 87' lang='lat' dir='ltr'><strong>mea</strong></span> <span class='ocrx_word' id='word_1_718' title='bbox 1621 5258 1706 5304; x_wconf 90' lang='lat' dir='ltr'><strong>est</strong></span> <span class='ocrx_word' id='word_1_719' title='bbox 1732 5248 1798 5304; x_wconf 74' lang='lat'><strong>“.</strong></span> <span class='ocrx_word' id='word_1_720' title='bbox 1841 5267 1859 5300; x_wconf 73' lang='grc' dir='ltr'><strong>ι</strong></span> <span class='ocrx_word' id='word_1_721' title='bbox 1922 5249 2093 5315; x_wconf 84' lang='lat' dir='ltr'><strong>Quem</strong></span> 
     </span>
    </p>
   </div>
   <div class='ocr_carea' id='block_1_100' title="bbox 518 5337 2091 5408">
    <p class='ocr_par' dir='ltr' id='par_1_100' title="bbox 518 5337 2091 5408">
     <span class='ocr_line' id='line_1_100' title="bbox 518 5337 2091 5408; baseline 0.003 -17"><span class='ocrx_word' id='word_1_722' title='bbox 518 5337 683 5407; x_wconf 80' lang='lat' dir='ltr'><strong>igitur</strong></span> <span class='ocrx_word' id='word_1_723' title='bbox 723 5340 900 5392; x_wconf 86' lang='lat' dir='ltr'><strong>locum</strong></span> <span class='ocrx_word' id='word_1_724' title='bbox 942 5339 996 5393; x_wconf 91' lang='lat' dir='ltr'><strong>in</strong></span> <span class='ocrx_word' id='word_1_725' title='bbox 1039 5339 1124 5394; x_wconf 88' lang='lat' dir='ltr'><strong>his</strong></span> <span class='ocrx_word' id='word_1_726' title='bbox 1152 5338 1398 5408; x_wconf 89' lang='lat' dir='ltr'><strong>partibus</strong></span> <span class='ocrx_word' id='word_1_727' title='bbox 1436 5355 1583 5394; x_wconf 85' lang='lat' dir='ltr'><strong>mors</strong></span> <span class='ocrx_word' id='word_1_728' title='bbox 1620 5339 1819 5394; x_wconf 87' lang='lat' dir='ltr'><strong>habet?</strong></span> <span class='ocrx_word' id='word_1_729' title='bbox 1850 5338 1928 5396; x_wconf 81' lang='lat' dir='ltr'><strong>Rc</strong></span> <span class='ocrx_word' id='word_1_730' title='bbox 1967 5356 2091 5395; x_wconf 84' lang='lat' dir='ltr'><strong>vera</strong></span> 
     </span>
    </p>
   </div>
   <div class='ocr_carea' id='block_1_101' title="bbox 519 5426 2090 5502">
    <p class='ocr_par' dir='ltr' id='par_1_101' title="bbox 519 5426 2090 5502">
     <span class='ocr_line' id='line_1_101' title="bbox 519 5426 2090 5502; baseline 0.003 -23"><span class='ocrx_word' id='word_1_731' title='bbox 519 5426 572 5479; x_wconf 91' lang='lat' dir='ltr'><strong>in</strong></span> <span class='ocrx_word' id='word_1_732' title='bbox 609 5427 717 5480; x_wconf 90' lang='lat' dir='ltr'><strong>illis</strong></span> <span class='ocrx_word' id='word_1_733' title='bbox 743 5443 773 5480; x_wconf 89' lang='lat' dir='ltr'><strong>a</strong></span> <span class='ocrx_word' id='word_1_734' title='bbox 803 5429 910 5482; x_wconf 86' lang='lat' dir='ltr'><strong>vita</strong></span> <span class='ocrx_word' id='word_1_735' title='bbox 947 5445 1094 5484; x_wconf 89' lang='lat' dir='ltr'><strong>mors</strong></span> <span class='ocrx_word' id='word_1_736' title='bbox 1122 5438 1204 5483; x_wconf 84' lang='lat' dir='ltr'><strong>est</strong></span> <span class='ocrx_word' id='word_1_737' title='bbox 1226 5431 1483 5499; x_wconf 86' lang='lat' dir='ltr'><strong>absorpta</strong></span> <span class='ocrx_word' id='word_1_738' title='bbox 1510 5448 1524 5483; x_wconf 91' lang='lat'><strong>:</strong></span> <span class='ocrx_word' id='word_1_739' title='bbox 1562 5430 1955 5502; x_wconf 81' lang='lat' dir='ltr'><strong>virginalisque</strong></span> <span class='ocrx_word' id='word_1_740' title='bbox 1981 5432 2090 5485; x_wconf 88' lang='lat' dir='ltr'><strong>vita</strong></span> 
     </span>
    </p>
   </div>
   <div class='ocr_carea' id='block_1_102' title="bbox 525 5515 2091 5593">
    <p class='ocr_par' dir='ltr' id='par_1_102' title="bbox 525 5515 2091 5593">
     <span class='ocr_line' id='line_1_102' title="bbox 525 5515 2091 5593; baseline 0.01 -29"><span class='ocrx_word' id='word_1_741' title='bbox 525 5515 671 5567; x_wconf 89' lang='lat' dir='ltr'><strong>illius</strong></span> <span class='ocrx_word' id='word_1_742' title='bbox 701 5516 865 5572; x_wconf 82' lang='lat' dir='ltr'><strong>futuri</strong></span> <span class='ocrx_word' id='word_1_743' title='bbox 896 5519 992 5573; x_wconf 74' lang='lat' dir='ltr'><strong>aevi</strong></span> <span class='ocrx_word' id='word_1_744' title='bbox 1024 5520 1375 5577; x_wconf 83' lang='lat' dir='ltr'><strong>beatitudinis</strong></span> <span class='ocrx_word' id='word_1_745' title='bbox 1430 5522 1606 5592; x_wconf 86' lang='lat' dir='ltr'><strong>imago</strong></span> <span class='ocrx_word' id='word_1_746' title='bbox 1663 5523 1908 5593; x_wconf 69' lang='lat' dir='ltr'><strong>quaedam</strong></span> <span class='ocrx_word' id='word_1_747' title='bbox 1971 5539 2091 5579; x_wconf 87' lang='lat' dir='ltr'><strong>esse</strong></span> 
     </span>
    </p>
   </div>
   <div class='ocr_carea' id='block_1_103' title="bbox 523 5603 2091 5684">
    <p class='ocr_par' dir='ltr' id='par_1_103' title="bbox 523 5603 2091 5684">
     <span class='ocr_line' id='line_1_103' title="bbox 523 5603 2091 5684; baseline 0.012 -31"><span class='ocrx_word' id='word_1_748' title='bbox 523 5603 757 5668; x_wconf 83' lang='lat' dir='ltr'><strong>videtur,</strong></span> <span class='ocrx_word' id='word_1_749' title='bbox 788 5622 911 5663; x_wconf 91' lang='lat' dir='ltr'><strong>cum</strong></span> <span class='ocrx_word' id='word_1_750' title='bbox 944 5611 1111 5665; x_wconf 88' lang='lat' dir='ltr'><strong>multa</strong></span> <span class='ocrx_word' id='word_1_751' title='bbox 1140 5627 1326 5668; x_wconf 83' lang='lat' dir='ltr'><strong>secum</strong></span> <span class='ocrx_word' id='word_1_752' title='bbox 1363 5613 1519 5684; x_wconf 84' lang='lat' dir='ltr'><strong>signa</strong></span> <span class='ocrx_word' id='word_1_753' title='bbox 1572 5614 1786 5670; x_wconf 78' lang='lat' dir='ltr'><strong>illorum</strong></span> <span class='ocrx_word' id='word_1_754' title='bbox 1828 5615 2091 5672; x_wconf 89' lang='lat' dir='ltr'><strong>honorum</strong></span> 
     </span>
    </p>
   </div>
   <div class='ocr_carea' id='block_1_104' title="bbox 1797 5704 1847 5731">
    <p class='ocr_par' dir='ltr' id='par_1_104' title="bbox 1797 5704 1847 5731">
     <span class='ocr_line' id='line_1_104' title="bbox 1797 5704 1847 5731; baseline 0 0"><span class='ocrx_word' id='word_1_755' title='bbox 1797 5704 1847 5731; x_wconf 63' lang='grc'><strong>’1</strong></span> 
     </span>
    </p>
   </div>
   <div class='ocr_carea' id='block_1_105' title="bbox 598 5774 1617 5857">
    <p class='ocr_par' dir='ltr' id='par_1_105' title="bbox 598 5774 1617 5857">
     <span class='ocr_line' id='line_1_105' title="bbox 598 5774 1617 5857; baseline 0.017 -28"><span class='ocrx_word' id='word_1_756' title='bbox 598 5777 644 5811; x_wconf 84' lang='grc'>³³</span> <span class='ocrx_word' id='word_1_757' title='bbox 668 5774 820 5835; x_wconf 83' lang='lat' dir='ltr'><strong>Joan.</strong></span> <span class='ocrx_word' id='word_1_758' title='bbox 848 5801 889 5850; x_wconf 84' lang='grc' dir='ltr'><strong>ι,</strong></span> <span class='ocrx_word' id='word_1_759' title='bbox 932 5785 1018 5839; x_wconf 79' lang='lat' dir='ltr'><strong>i5.</strong></span> <span class='ocrx_word' id='word_1_760' title='bbox 1094 5789 1139 5821; x_wconf 75' lang='lat'><strong><em>&quot;</em></strong></span> <span class='ocrx_word' id='word_1_761' title='bbox 1176 5790 1362 5846; x_wconf 75' lang='lat' dir='ltr'><strong>Matth.</strong></span> <span class='ocrx_word' id='word_1_762' title='bbox 1398 5805 1496 5857; x_wconf 76' lang='lat' dir='ltr'><strong>xtl,</strong></span> <span class='ocrx_word' id='word_1_763' title='bbox 1531 5790 1617 5846; x_wconf 86' lang='lat'><strong>50.</strong></span> 
     </span>
    </p>
   </div>
   <div class='ocr_carea' id='block_1_106' title="bbox 2191 4596 3743 4687">
    <p class='ocr_par' dir='ltr' id='par_1_106' title="bbox 2191 4596 3743 4687">
     <span class='ocr_line' id='line_1_106' title="bbox 2191 4596 3743 4687; baseline -0.015 -18"><span class='ocrx_word' id='word_1_764' title='bbox 2191 4596 2393 4687; x_wconf 79' lang='grc' dir='ltr'><strong>ἀνδρὸς</strong></span> <span class='ocrx_word' id='word_1_765' title='bbox 2424 4614 2518 4667; x_wconf 72' lang='grc' dir='ltr'><strong>καὶ</strong></span> <span class='ocrx_word' id='word_1_766' title='bbox 2542 4614 2605 4665; x_wconf 83' lang='grc' dir='ltr'><strong>ὲκ</strong></span> <span class='ocrx_word' id='word_1_767' title='bbox 2634 4612 2939 4680; x_wconf 85' lang='grc' dir='ltr'><strong>θελήματος</strong></span> <span class='ocrx_word' id='word_1_768' title='bbox 2973 4610 3197 4678; x_wconf 79' lang='grc' dir='ltr'><strong>σαρκὸς,</strong></span> <span class='ocrx_word' id='word_1_769' title='bbox 3222 4608 3337 4664; x_wconf 79' lang='grc' dir='ltr'><strong>ἀλλ’</strong></span> <span class='ocrx_word' id='word_1_770' title='bbox 3369 4611 3433 4661; x_wconf 84' lang='grc' dir='ltr'><strong>ὲκ</strong></span> <span class='ocrx_word' id='word_1_771' title='bbox 3451 4601 3579 4659; x_wconf 75' lang='grc' dir='ltr'><strong>Θεοῦ</strong></span> <span class='ocrx_word' id='word_1_772' title='bbox 3602 4596 3743 4668; x_wconf 70' lang='grc' dir='ltr'><strong>μόνον</strong></span> 
     </span>
    </p>
   </div>
   <div class='ocr_carea' id='block_1_107' title="bbox 2192 4689 3742 4778">
    <p class='ocr_par' dir='ltr' id='par_1_107' title="bbox 2192 4689 3742 4778">
     <span class='ocr_line' id='line_1_107' title="bbox 2192 4689 3742 4778; baseline -0.014 -17"><span class='ocrx_word' id='word_1_773' title='bbox 2192 4710 2224 4778; x_wconf 82' lang='grc' dir='ltr'>ἡ</span> <span class='ocrx_word' id='word_1_774' title='bbox 2256 4708 2508 4776; x_wconf 84' lang='grc' dir='ltr'><strong>γέννησις</strong></span> <span class='ocrx_word' id='word_1_775' title='bbox 2560 4705 2788 4773; x_wconf 84' lang='grc' dir='ltr'><strong>γίνεται.</strong></span> <span class='ocrx_word' id='word_1_776' title='bbox 2807 4703 2976 4755; x_wconf 77' lang='grc' dir='ltr'><strong>Τοῦτο</strong></span> <span class='ocrx_word' id='word_1_777' title='bbox 3002 4702 3060 4754; x_wconf 78' lang='grc' dir='ltr'><strong>δὲ</strong></span> <span class='ocrx_word' id='word_1_778' title='bbox 3087 4701 3316 4770; x_wconf 78' lang='grc' dir='ltr'><strong>γίνεται,</strong></span> <span class='ocrx_word' id='word_1_779' title='bbox 3374 4701 3500 4753; x_wconf 81' lang='grc' dir='ltr'><strong>ὅταν</strong></span> <span class='ocrx_word' id='word_1_780' title='bbox 3529 4689 3742 4754; x_wconf 81' lang='grc' dir='ltr'><strong>συλλαμ-</strong></span> 
     </span>
    </p>
   </div>
   <div class='ocr_carea' id='block_1_108' title="bbox 2192 4782 3744 4880">
    <p class='ocr_par' dir='ltr' id='par_1_108' title="bbox 2192 4782 3744 4880">
     <span class='ocr_line' id='line_1_108' title="bbox 2192 4782 3744 4880; baseline -0.008 -28"><span class='ocrx_word' id='word_1_781' title='bbox 2192 4801 2330 4871; x_wconf 80' lang='grc' dir='ltr'><strong>ϐάνῃ</strong></span> <span class='ocrx_word' id='word_1_782' title='bbox 2366 4800 2463 4869; x_wconf 85' lang='grc' dir='ltr'><strong>μέν</strong></span> <span class='ocrx_word' id='word_1_783' title='bbox 2496 4815 2579 4861; x_wconf 88' lang='grc' dir='ltr'><strong>τις</strong></span> <span class='ocrx_word' id='word_1_784' title='bbox 2602 4799 2659 4851; x_wconf 79' lang='grc' dir='ltr'><strong>ὲν</strong></span> <span class='ocrx_word' id='word_1_785' title='bbox 2691 4796 2768 4865; x_wconf 81' lang='grc' dir='ltr'><strong>τῷ</strong></span> <span class='ocrx_word' id='word_1_786' title='bbox 2788 4792 3002 4864; x_wconf 77' lang='grc' dir='ltr'><strong>ζωτικῷ</strong></span> <span class='ocrx_word' id='word_1_787' title='bbox 3026 4794 3125 4862; x_wconf 81' lang='grc' dir='ltr'><strong>τῆς</strong></span> <span class='ocrx_word' id='word_1_788' title='bbox 3162 4792 3387 4863; x_wconf 88' lang='grc' dir='ltr'><strong>καρδίας</strong></span> <span class='ocrx_word' id='word_1_789' title='bbox 3556 4782 3744 4880; x_wconf 61' lang='grc' dir='ltr'><strong>ἀφθαξ·</strong></span> 
     </span>
    </p>
   </div>
   <div class='ocr_carea' id='block_1_109' title="bbox 2193 4879 3740 4960">
    <p class='ocr_par' dir='ltr' id='par_1_109' title="bbox 2193 4879 3740 4960">
     <span class='ocr_line' id='line_1_109' title="bbox 2193 4879 3740 4960; baseline -0.015 -14"><span class='ocrx_word' id='word_1_790' title='bbox 2193 4893 2315 4946; x_wconf 90' lang='grc' dir='ltr'><strong>σίαν</strong></span> <span class='ocrx_word' id='word_1_791' title='bbox 2334 4890 2428 4945; x_wconf 84' lang='grc' dir='ltr'><strong>τοῦ</strong></span> <span class='ocrx_word' id='word_1_792' title='bbox 2452 4891 2760 4960; x_wconf 87' lang='grc' dir='ltr'><strong>πνεύματος</strong></span> <span class='ocrx_word' id='word_1_793' title='bbox 2781 4905 2796 4918; x_wconf 78' lang='grc' dir='ltr'><strong><em>ο</em></strong></span> <span class='ocrx_word' id='word_1_794' title='bbox 2829 4888 3004 4941; x_wconf 82' lang='grc' dir='ltr'><strong>τίκτει</strong></span> <span class='ocrx_word' id='word_1_795' title='bbox 3047 4885 3106 4938; x_wconf 82' lang='grc' dir='ltr'><strong>δὲ</strong></span> <span class='ocrx_word' id='word_1_796' title='bbox 3142 4885 3335 4953; x_wconf 85' lang='grc' dir='ltr'><strong>σοφίαν</strong></span> <span class='ocrx_word' id='word_1_797' title='bbox 3364 4883 3456 4937; x_wconf 68' lang='grc' dir='ltr'><strong>καὶ</strong></span> <span class='ocrx_word' id='word_1_798' title='bbox 3489 4879 3740 4960; x_wconf 49' lang='grc' dir='ltr'><strong>δικαιοσύ-</strong></span> 
     </span>
    </p>
   </div>
   <div class='ocr_carea' id='block_1_110' title="bbox 2198 4953 3741 5052">
    <p class='ocr_par' dir='ltr' id='par_1_110' title="bbox 2198 4953 3741 5052">
     <span class='ocr_line' id='line_1_110' title="bbox 2198 4953 3741 5052; baseline -0.008 -20"><span class='ocrx_word' id='word_1_799' title='bbox 2198 4998 2319 5052; x_wconf 80' lang='grc' dir='ltr'><strong>νην.</strong></span> <span class='ocrx_word' id='word_1_800' title='bbox 2346 4953 2613 5047; x_wconf 80' lang='grc' dir='ltr'><strong>άγιασμὺν</strong></span> <span class='ocrx_word' id='word_1_801' title='bbox 2634 4975 2895 5039; x_wconf 83' lang='grc' dir='ltr'><strong>ὡσαύτως</strong></span> <span class='ocrx_word' id='word_1_802' title='bbox 2918 4974 3013 5028; x_wconf 76' lang='grc' dir='ltr'><strong>καὶ</strong></span> <span class='ocrx_word' id='word_1_803' title='bbox 3038 4971 3242 5026; x_wconf 84' lang='grc' dir='ltr'><strong>ἀπολύτ</strong></span> <span class='ocrx_word' id='word_1_804' title='bbox 3255 4987 3438 5043; x_wconf 83' lang='grc' dir='ltr'><strong>ρωσιν.</strong></span> <span class='ocrx_word' id='word_1_805' title='bbox 3465 4960 3625 5052; x_wconf 67' lang='grc' dir='ltr'><strong>Παντὶ</strong></span> <span class='ocrx_word' id='word_1_806' title='bbox 3649 4953 3741 5049; x_wconf 62' lang='grc' dir='ltr'><strong>γὰρ</strong></span> 
     </span>
    </p>
   </div>
   <div class='ocr_carea' id='block_1_111' title="bbox 2200 5051 3739 5140">
    <p class='ocr_par' dir='ltr' id='par_1_111' title="bbox 2200 5051 3739 5140">
     <span class='ocr_line' id='line_1_111' title="bbox 2200 5051 3739 5140; baseline -0.008 -17"><span class='ocrx_word' id='word_1_807' title='bbox 2200 5051 2375 5134; x_wconf 76' lang='grc' dir='ltr'><strong>ἔξεστι</strong></span> <span class='ocrx_word' id='word_1_808' title='bbox 2398 5068 2612 5140; x_wconf 84' lang='grc' dir='ltr'><strong>μητέρα</strong></span> <span class='ocrx_word' id='word_1_809' title='bbox 2642 5067 2893 5135; x_wconf 82' lang='grc' dir='ltr'><strong>γενέσθαι</strong></span> <span class='ocrx_word' id='word_1_810' title='bbox 2920 5064 3015 5118; x_wconf 78' lang='grc' dir='ltr'><strong>τοῦ</strong></span> <span class='ocrx_word' id='word_1_811' title='bbox 3045 5063 3220 5118; x_wconf 77' lang='grc' dir='ltr'><strong>ταῦτα</strong></span> <span class='ocrx_word' id='word_1_812' title='bbox 3241 5063 3413 5123; x_wconf 81' lang='grc' dir='ltr'><strong>ὄντος,</strong></span> <span class='ocrx_word' id='word_1_813' title='bbox 3436 5051 3607 5111; x_wconf 79' lang='grc' dir='ltr'><strong>καθώς</strong></span> <span class='ocrx_word' id='word_1_814' title='bbox 3625 5054 3739 5140; x_wconf 70' lang='grc' dir='ltr'><strong>φησξ</strong></span> 
     </span>
    </p>
   </div>
   <div class='ocr_carea' id='block_1_112' title="bbox 2200 5130 3740 5236">
    <p class='ocr_par' dir='ltr' id='par_1_112' title="bbox 2200 5130 3740 5236">
     <span class='ocr_line' id='line_1_112' title="bbox 2200 5130 3740 5236; baseline -0.024 -4"><span class='ocrx_word' id='word_1_815' title='bbox 2200 5130 2301 5215; x_wconf 41' lang='grc' dir='ltr'><strong>πίδυ</strong></span> <span class='ocrx_word' id='word_1_816' title='bbox 2362 5130 2412 5215; x_wconf 39' lang='grc' dir='ltr'>ὁ.</span> <span class='ocrx_word' id='word_1_817' title='bbox 2443 5130 2665 5231; x_wconf 42' lang='grc' dir='ltr'><strong>Ιξῑῧίὲιίλῗν⁷</strong></span> <span class='ocrx_word' id='word_1_818' title='bbox 2692 5160 2775 5213; x_wconf 82' lang='grc' dir='ltr'><strong>ὅτι</strong></span> <span class='ocrx_word' id='word_1_819' title='bbox 2813 5177 2833 5210; x_wconf 74' lang='grc' dir='ltr'><strong>ε</strong></span> <span class='ocrx_word' id='word_1_820' title='bbox 2889 5160 2948 5212; x_wconf 79' lang='grc' dir='ltr'>Ὀ</span> <span class='ocrx_word' id='word_1_821' title='bbox 2983 5157 3043 5210; x_wconf 81' lang='grc' dir='ltr'><strong>τὸ</strong></span> <span class='ocrx_word' id='word_1_822' title='bbox 3075 5155 3287 5226; x_wconf 84' lang='grc' dir='ltr'><strong>θέλημά</strong></span> <span class='ocrx_word' id='word_1_823' title='bbox 3323 5170 3422 5223; x_wconf 91' lang='grc' dir='ltr'><strong>μου</strong></span> <span class='ocrx_word' id='word_1_824' title='bbox 3454 5143 3629 5236; x_wconf 60' lang='lat' dir='ltr'><strong>“noth</strong></span> <span class='ocrx_word' id='word_1_825' title='bbox 3658 5130 3740 5236; x_wconf 57' lang='grc' dir='ltr'><strong>κτξὶ</strong></span> 
     </span>
    </p>
   </div>
   <div class='ocr_carea' id='block_1_113' title="bbox 2196 5233 3739 5332">
    <p class='ocr_par' dir='ltr' id='par_1_113' title="bbox 2196 5233 3739 5332">
     <span class='ocr_line' id='line_1_113' title="bbox 2196 5233 3739 5332; baseline 0.012 -24"><span class='ocrx_word' id='word_1_826' title='bbox 2196 5254 2422 5323; x_wconf 82' lang='grc' dir='ltr'><strong>ἁδελφὸς</strong></span> <span class='ocrx_word' id='word_1_827' title='bbox 2451 5253 2545 5306; x_wconf 76' lang='grc' dir='ltr'><strong>καὶ</strong></span> <span class='ocrx_word' id='word_1_828' title='bbox 2569 5250 2770 5321; x_wconf 80' lang='grc' dir='ltr'><strong>ἀδελφὴ</strong></span> <span class='ocrx_word' id='word_1_829' title='bbox 2793 5250 2886 5304; x_wconf 79' lang='grc' dir='ltr'><strong>καὶ</strong></span> <span class='ocrx_word' id='word_1_830' title='bbox 2917 5250 3100 5319; x_wconf 76' lang='grc' dir='ltr'><strong>μήτηρ</strong></span> <span class='ocrx_word' id='word_1_831' title='bbox 3132 5264 3236 5316; x_wconf 80' lang='grc' dir='ltr'><strong>μου</strong></span> <span class='ocrx_word' id='word_1_832' title='bbox 3269 5243 3434 5332; x_wconf 59' lang='grc' dir='ltr'><strong>ἐστίν’</strong></span> <span class='ocrx_word' id='word_1_833' title='bbox 3462 5257 3479 5290; x_wconf 81' lang='grc'><strong><em>³</em></strong></span> <span class='ocrx_word' id='word_1_834' title='bbox 3504 5233 3739 5332; x_wconf 42' lang='lat' dir='ltr'><strong>Tit.</strong></span> 
     </span>
    </p>
   </div>
   <div class='ocr_carea' id='block_1_114' title="bbox 2201 5319 3736 5417">
    <p class='ocr_par' dir='ltr' id='par_1_114' title="bbox 2201 5319 3736 5417">
     <span class='ocr_line' id='line_1_114' title="bbox 2201 5319 3736 5417; baseline -0.019 -16"><span class='ocrx_word' id='word_1_835' title='bbox 2201 5362 2296 5417; x_wconf 81' lang='grc' dir='ltr'><strong>ραν</strong></span> <span class='ocrx_word' id='word_1_836' title='bbox 2337 5319 2456 5414; x_wconf 55' lang='grc' dir='ltr'><strong>ἔχει</strong></span> <span class='ocrx_word' id='word_1_837' title='bbox 2502 5343 2594 5395; x_wconf 74' lang='grc' dir='ltr'><strong>ἐπὶ</strong></span> <span class='ocrx_word' id='word_1_838' title='bbox 2645 5319 2848 5393; x_wconf 78' lang='grc' dir='ltr'><strong>τούτων</strong></span> <span class='ocrx_word' id='word_1_839' title='bbox 2890 5338 3185 5406; x_wconf 80' lang='grc' dir='ltr'><strong>κυημάτων</strong></span> <span class='ocrx_word' id='word_1_840' title='bbox 3227 5336 3256 5387; x_wconf 90' lang='grc' dir='ltr'>ὁ</span> <span class='ocrx_word' id='word_1_841' title='bbox 3292 5331 3560 5417; x_wconf 69' lang='grc' dir='ltr'><strong>θάνατοςί</strong></span> <span class='ocrx_word' id='word_1_842' title='bbox 3576 5319 3736 5417; x_wconf 52' lang='grc' dir='ltr'><strong>Οὖτίιξ</strong></span> 
     </span>
    </p>
   </div>
   <div class='ocr_carea' id='block_1_115' title="bbox 2200 5392 3735 5503">
    <p class='ocr_par' dir='ltr' id='par_1_115' title="bbox 2200 5392 3735 5503">
     <span class='ocr_line' id='line_1_115' title="bbox 2200 5392 3735 5503; baseline -0.014 -13"><span class='ocrx_word' id='word_1_843' title='bbox 2504 5392 2824 5492; x_wconf 59' lang='grc' dir='ltr'><strong>⁷ἐκείνοις</strong></span> <span class='ocrx_word' id='word_1_844' title='bbox 2874 5432 2902 5482; x_wconf 84' lang='grc' dir='ltr'>ὁ</span> <span class='ocrx_word' id='word_1_845' title='bbox 2950 5392 3177 5487; x_wconf 62' lang='grc' dir='ltr'><strong>θάνατος</strong></span> <span class='ocrx_word' id='word_1_846' title='bbox 3213 5424 3317 5477; x_wconf 80' lang='grc' dir='ltr'><strong>ὑπὸ</strong></span> <span class='ocrx_word' id='word_1_847' title='bbox 3337 5424 3431 5490; x_wconf 77' lang='grc' dir='ltr'><strong>τῆς</strong></span> <span class='ocrx_word' id='word_1_848' title='bbox 3462 5411 3598 5483; x_wconf 78' lang='grc' dir='ltr'><strong>ζωῇς</strong></span> <span class='ocrx_word' id='word_1_849' title='bbox 3618 5419 3630 5432; x_wconf 89' lang='grc'><em>’</em></span> <span class='ocrx_word' id='word_1_850' title='bbox 3659 5392 3735 5451; x_wconf 55' lang='grc' dir='ltr'><strong>καὶ</strong></span> 
     </span>
    </p>
   </div>
   <div class='ocr_carea' id='block_1_116' title="bbox 2198 5503 3734 5588">
    <p class='ocr_par' dir='ltr' id='par_1_116' title="bbox 2198 5503 3734 5588">
     <span class='ocr_line' id='line_1_116' title="bbox 2198 5503 3734 5588; baseline -0.008 -8"><span class='ocrx_word' id='word_1_851' title='bbox 2198 5528 2373 5580; x_wconf 79' lang='grc' dir='ltr'><strong>ἔοικεν</strong></span> <span class='ocrx_word' id='word_1_852' title='bbox 2394 5524 2554 5579; x_wconf 77' lang='grc' dir='ltr'><strong>εἰκών</strong></span> <span class='ocrx_word' id='word_1_853' title='bbox 2579 5541 2659 5586; x_wconf 90' lang='grc' dir='ltr'><strong>τις</strong></span> <span class='ocrx_word' id='word_1_854' title='bbox 2682 5518 2818 5575; x_wconf 74' lang='grc' dir='ltr'><strong>εἶναι</strong></span> <span class='ocrx_word' id='word_1_855' title='bbox 2835 5520 2935 5588; x_wconf 76' lang='grc' dir='ltr'><strong>τῆς</strong></span> <span class='ocrx_word' id='word_1_856' title='bbox 2962 5521 3019 5570; x_wconf 79' lang='grc' dir='ltr'><strong>ἐν</strong></span> <span class='ocrx_word' id='word_1_857' title='bbox 3041 5516 3115 5588; x_wconf 84' lang='grc' dir='ltr'><strong>τῷ</strong></span> <span class='ocrx_word' id='word_1_858' title='bbox 3139 5516 3380 5586; x_wconf 78' lang='grc' dir='ltr'><strong>μέλλοντι</strong></span> <span class='ocrx_word' id='word_1_859' title='bbox 3409 5507 3553 5563; x_wconf 81' lang='grc' dir='ltr'><strong>αἰῶνι</strong></span> <span class='ocrx_word' id='word_1_860' title='bbox 3581 5503 3734 5586; x_wconf 52' lang='grc' dir='ltr'><strong>μηκας</strong></span> 
     </span>
    </p>
   </div>
   <div class='ocr_carea' id='block_1_117' title="bbox 2208 5591 3733 5689">
    <p class='ocr_par' dir='ltr' id='par_1_117' title="bbox 2208 5591 3733 5689">
     <span class='ocr_line' id='line_1_117' title="bbox 2208 5591 3733 5689; baseline -0.028 2"><span class='ocrx_word' id='word_1_861' title='bbox 2208 5619 2449 5689; x_wconf 75' lang='grc' dir='ltr'><strong>ριότητος</strong></span> <span class='ocrx_word' id='word_1_862' title='bbox 2480 5620 2509 5672; x_wconf 83' lang='grc' dir='ltr'>ὁ</span> <span class='ocrx_word' id='word_1_863' title='bbox 2544 5618 2601 5670; x_wconf 75' lang='grc' dir='ltr'><strong>ἐν</strong></span> <span class='ocrx_word' id='word_1_864' title='bbox 2636 5613 2902 5686; x_wconf 55' lang='grc' dir='ltr'><strong>παρθενίᾳ</strong></span> <span class='ocrx_word' id='word_1_865' title='bbox 2935 5612 3069 5680; x_wconf 84' lang='grc' dir='ltr'><strong>βίος,</strong></span> <span class='ocrx_word' id='word_1_866' title='bbox 3103 5609 3272 5664; x_wconf 78' lang='grc' dir='ltr'><strong>πολλὰ</strong></span> <span class='ocrx_word' id='word_1_867' title='bbox 3300 5606 3475 5676; x_wconf 78' lang='grc' dir='ltr'><strong>φέρων</strong></span> <span class='ocrx_word' id='word_1_868' title='bbox 3505 5599 3557 5649; x_wconf 78' lang='grc' dir='ltr'><strong>ἐν</strong></span> <span class='ocrx_word' id='word_1_869' title='bbox 3581 5591 3733 5648; x_wconf 71' lang='grc' dir='ltr'><strong>ἑαντφ</strong></span> 
     </span>
    </p>
   </div>
  </div>
