4026 6420
230 381 315 437 381

1534 382 1620 437 DE
1654 379 2123 438 VlRGlNlTATE.

3358 373 3466 430 38?.

229 499 327 553 τῶν
353 500 417 553 δι’
450 498 656 564 ἐλπίδος
701 500 1075 571 ἀποκειμένων
1135 501 1356 571 ἀγαθῶν
1394 501 1771 571 γνωρίσματα.

1897 500 2091 563 tﬂerat,
2123 515 2245 570 qua:
2282 515 2347 555 ex
2387 514 2483 568 spe
2523 498 2682 553 nobis
2708 497 2989 569 proposita
3015 502 3069 549 et
3097 502 3285 565 parata
3311 502 3464 546 sunt.

235 590 373 645 Ἔστι
394 591 448 644 δὲ
489 592 778 661 ἐπιγνῶναι
818 594 915 666 τὴν
939 593 1048 647 τῶν
1072 594 1380 667 εἰρημένων
1401 593 1661 664 ἀλήθειαν
1685 592 1778 645 τὸν

232 676 370 745 λόγον
409 678 856 745 κατεξετάζοντας
885 699 899 713 ο
928 683 1143 753 πρῶτον
1187 683 1285 754 μὲν
1329 684 1413 737 ὅτι
1438 686 1504 753 τῇ
1534 681 1780 754 ἁμαρτίᾳ

230 768 460 835 καθάπαξ
488 770 789 837 ἀποθανὼν,
811 771 876 844 ζῇ
896 774 957 826 τὸ
984 774 1167 829 λοιπὸν
1198 773 1278 845 τῷ
1296 774 1416 843 Θεῷ
1430 773 1612 828 οὐκέτι
1642 790 1778 844 καρ-

231 860 464 930 ποφορῶν
493 861 570 933 τῷ
595 863 828 936 θανάτῳ,
866 866 961 919 καὶ
996 867 1120 920 ὅσον
1150 866 1209 920 τὸ
1244 866 1330 935 ἐφ’
1364 864 1545 937 ἐαυτῷ
1588 864 1777 918 συντέ-

230 951 359 1006 λειαν
382 953 480 1021 τῆς
511 955 648 1008 κατὰ
682 957 859 1029 σάρκα
880 957 1025 1030 ζωῆς
1065 960 1123 1011 ἐν
1151 959 1330 1031 ἐαυτῷ
1361 961 1614 1029 ποιήσας,
1642 960 1776 1012 ἀνα-

232 1046 364 1115 μένει
406 1047 585 1101 λοιπὺν
632 1049 730 1119 τὴν
774 1051 1052 1121 μακαρίαν
1084 1052 1276 1105 ἐλπίδα
1323 1052 1415 1106 καὶ
1460 1052 1779 1120 ἐπιφάνειαν

229 1136 310 1190 τοῦ
341 1137 573 1206 μεγάλου
617 1139 771 1205 Θεοῦ,
798 1141 949 1195 οὐδὲν
998 1141 1270 1213 διάστημα
1296 1144 1497 1212 μεταξὺ
1527 1142 1693 1197 αὐτοῦ
1719 1158 1779 1195 τε

230 1230 426 1298 καὶτῆς
465 1232 766 1297 παρουσίας
806 1232 899 1285 τοῦ
953 1233 1089 1287 Θεοῦ
1121 1233 1210 1288 διὰ
1240 1235 1345 1288 τῶν
1367 1235 1455 1288 διὰ
1488 1234 1654 1305 μέσου
1682 1249 1779 1302 γε-

229 1321 347 1375 νεῶν
370 1323 748 1393 ἐργαζόμενος.
777 1321 907 1379 Εἶτα
927 1328 954 1380 ὃ
974 1344 1025 1380 τι
1054 1326 1327 1396 ἐξαίρετον
1350 1327 1459 1381 τῶν
1486 1328 1541 1379 ἐν
1565 1328 1631 1397 τῇ
1657 1327 1783 1380 ἀνα-

231 1415 393 1466 στάσει
426 1415 626 1482 καλῶν,
658 1418 751 1469 καὶ
782 1418 841 1470 ἐν
878 1417 954 1488 τῷ
983 1417 1208 1488 παρόντι
1235 1417 1538 1489 καρποῦται
1566 1416 1686 1487 βίῳ.
1718 1417 1782 1470 El

230 1506 324 1590 γάρ
355 1506 636 1575 ίσάγγελος
658 1510 689 1579 ή
721 1508 885 1579 ζωὴή
918 1510 1057 1579 μετά
1073 1511 1172 1581 τὴν
1189 1511 1486 1565 ἀνάστασιν
1517 1510 1668 1581 παρὰ
1687 1509 1782 1563 τοῦ

230 1598 412 1668 Κυρίου
439 1601 548 1662 τοῖς
600 1599 826 1663 δικαίοις
867 1601 1199 1671 ἐπήγγελται
1220 1618 1235 1633 ο
1273 1601 1374 1671 τῆς
1401 1601 1457 1655 δὲ
1485 1601 1785 1670 ἀγγελικῆς

231 1688 420 1754 φύσεως
462 1689 592 1743 τδιον
635 1689 697 1743 τὸ
730 1690 1075 1760 ἀπηλλάχθαι
1104 1691 1200 1744 τοῦ
1246 1692 1426 1761 γάμου
1459 1691 1608 1744 ἐστίν
1628 1708 1643 1722 ο
1678 1691 1778 1762 ήδη

228 1780 449 1834 δέδεκται
487 1782 556 1835 τὰ
582 1781 684 1851 τῆς
727 1776 1061 1850 ἐπαγγελίας
1097 1782 1257 1842 καλὰ.
1289 1785 1408 1846 ταῖς
1436 1782 1784 1853 λαμπρότησι

1881 592 1957 643 Ae
1986 592 2270 645 veritatem
2304 605 2493 645 eorum
2550 606 2671 659 quae
2708 590 2970 652 diximus,
3009 587 3320 657 perspicere
3378 590 3465 635 cst

1880 682 2127 736 oratione
2177 682 2577 736 examinanda:
2619 680 2850 750 primum
2898 678 3044 733 enim
3090 676 3315 746 quidem
3367 672 3460 741 qui

1880 779 2106 840 peccato
2136 785 2361 839 prorsus
2396 772 2646 831 moritur,
2684 769 2793 823 Deo
2840 769 2886 823 is
2922 781 3085 836 porro
3137 764 3288 828 vivit,
3336 777 3459 816 cum

1883 862 2092 914 nullum
2123 862 2358 930 amplius
2389 863 2550 915 morti
2581 861 2820 915 fructum
2864 859 3038 928 pariat
3060 872 3320 924 ;cuntqne
3340 854 3463 907 vita:

1882 952 2069 1019 hujus,
2093 967 2214 1022 quae
2242 953 2543 1007 secundum
2575 968 2795 1006 carnem
2830 950 3137 1004 traducitur
3185 961 3283 1014 pro
3332 944 3466 997 viri-

1882 1045 1917 1098 li
1947 1045 2474 1099 consummationem
2508 1043 2818 1113 perfecerit,
2850 1042 3064 1095 beatam
3104 1052 3270 1107 porro
3312 1047 3463 1103 spem

1881 1145 2047 1204 atque
2081 1136 2374 1190 adventum
2420 1136 2600 1203 magni
2636 1134 2726 1187 Dei
2773 1140 3077 1202 exspectat,
3142 1145 3241 1182 nec
3294 1128 3466 1180 ullum

1881 1224 2025 1279 inter
2058 1239 2118 1278 se
2150 1223 2356 1293 Deique
2383 1224 2672 1277 adventum
2694 1238 2789 1292 per
2816 1220 3131 1288 interjectas
3154 1216 3469 1285 generatio-

1882 1332 1983 1371 nes
2022 1315 2311 1369 constituit
2362 1315 2729 1369 intervallum.
2766 1312 2970 1365 Deinde
3011 1325 3133 1378 qua:
3168 1308 3219 1360 in
3279 1319 3467 1360 resur-

1884 1411 2127 1464 rectione
2160 1406 2397 1460 maxime
2429 1406 2697 1475 praecipua
2748 1402 2889 1455 bona
2940 1408 3091 1464 sunt,
3131 1398 3201 1451 iis
3258 1396 3312 1448 in
3367 1394 3471 1447 hac

1884 1502 1993 1556 vita
2026 1500 2246 1555 fruitur.
2288 1498 2347 1553 Si
2378 1499 2526 1553 enim
2557 1498 2668 1551 vita
2719 1495 3037 1564 angelorum
3094 1489 3293 1545 similis
3348 1493 3473 1558 post

1886 1590 2351 1646 resurrectionem
2381 1603 2411 1641 a
2443 1588 2553 1641 Deo
2582 1586 2747 1656 jnstis
2773 1584 2907 1639 viris
2932 1580 3295 1653 promittitur,
3335 1573 3469 1629 illud

1885 1684 2205 1753 angelorum
2239 1690 2450 1753 natura:
2479 1679 2762 1751 proprium
2791 1686 2896 1737 est,
2928 1682 2986 1727 ut
3028 1673 3141 1728 sint
3183 1685 3212 1723 τι
3260 1666 3471 1737 nuptiis

1888 1772 2075 1826 alieni.
2134 1770 2256 1825 Jam
2313 1746 2698 1838 promissionis
2742 1764 2966 1834 praemia
3018 1762 3065 1817 is
3104 1759 3331 1828 accepit,
3376 1754 3472 1825 qui

228 1872 321 1925 τῶν
356 1872 521 1942 ἁγίων
578 1848 1040 1945 ἀναμιγνύμενος,
1095 1875 1192 1929 καὶ
1237 1874 1315 1945 τῷ
1357 1848 1642 1945 ἁμολδντίρ
1683 1848 1784 1945 τῆς

1897 1871 2208 1918 sanctorum
2273 1860 2519 1914 virorum
2580 1855 2972 1927 splendoribus
3036 1853 3200 1906 simul
3277 1848 3472 1909 eluxit,

231 1962 358 2035 ζωῆς
406 1965 504 2035 τὴν
533 1965 885 2036 καθαρότητα
928 1965 1038 2019 τῶν
1078 1966 1387 2037 ἀσωμάτων
1424 1965 1778 2037 μιμούμενος.

231 2055 283 2108 Εἰ
304 2051 387 2109 οὖν
412 2055 617 2108 τούτων
663 2055 759 2109 καὶ
810 2055 917 2109 τῶν
945 2055 1199 2109 τοιούτων
1242 2057 1272 2126 ἡ
1302 2054 1565 2125 παρθενία
1593 2054 1784 2123 γέγονε

232 2148 481 2219 πρόξενος,
510 2148 596 2212 τίς
645 2149 742 2219 μὲν
792 2147 947 2216 λόγος
989 2147 1228 2213 ἐπαξίως
1268 2148 1369 2220 τὴν
1395 2149 1556 2219 χάριν
1580 2147 1785 2217 ταύτην

232 2235 542 2305 θαυμάσεται
570 2253 587 2303 ;
643 2236 710 2290 Τί
766 2235 823 2290 δὲ
876 2237 1051 2291 ἄλλων
1083 2236 1192 2291 τῶν
1219 2240 1319 2308 τῆς
1354 2237 1531 2308 ψυχῆς
1562 2235 1785 2306 ἀγαθῶν

229 2323 351 2379 οὕτω
377 2329 675 2398 φανήσεται
711 2327 854 2397 μέγα
882 2328 978 2380 καὶ
1012 2327 1216 2398 τίμιον,
1258 2328 1334 2393 ὡς
1366 2330 1434 2400 τῇ
1484 2327 1785 2398 τελειότητι

231 2418 378 2490 ταύτῃ
409 2419 790 2491 παρισωθῆναι
816 2420 905 2473 διὰ
937 2421 1319 2492 συγκρίσεως;

806 2621 1051 2675 ΚΕΦΔΛ.
1082 2623 1181 2677 IA'.

235 2727 345 2786 Ὀτι
376 2733 413 2801 ἠ
437 2732 677 2802 ἀληθὴς
712 2734 1129 2860 παρὲἓῖυὲιέῖ
1147 2731 1327 2788 παντί
1367 2730 1787 2805 ἐπιτηδεύματι

867 2822 1148 2859 εωοειται.

834 2824 1148 2874 σεωρειται.

301 2893 427 2947 Ἀλλ’
451 2895 499 2948 εί
537 2895 903 2966 κατείληπται
948 2898 1080 2968 ἡμῖν
1114 2898 1148 2969 ἡ
1190 2896 1463 2970 ὑπερϐολὴ
1496 2896 1592 2951 τοῦ
1624 2898 1783 2970 χαρί-

237 3001 429 3053 σματος,
458 2989 693 3044 συνιδεῖν
717 2983 1008 3061 προσήκει’
1027 2991 1121 3045 καὶ
1144 2991 1204 3045 τὸ
1242 2989 1551 3056 ἀκόλουθον,
1582 2992 1664 3045 ὅτι
1691 2993 1790 3064 οὐχ

236 3074 430 3141 ἁπλοῦν,
455 3078 529 3142 ὡς
555 3080 626 3134 ἄν
651 3096 737 3143 τις
751 3078 979 3150 οἰηθείη,
1001 3080 1062 3133 τὸ
1088 3080 1417 3150 κατόρθωμα
1442 3080 1599 3134 τοῦτό
1620 3083 1787 3146 ἐστιν,

1884 1955 2048 2022 quive
2074 1950 2242 2004 nullis
2272 1950 2396 2002 vitae
2420 1946 2680 2003 sordibus
2710 1961 2923 2010 eorum,
2970 1944 3063 2014 qni
3110 1955 3343 2011 corpore
3380 1953 3474 1993 ca-

1886 2050 2028 2106 rent,
2062 2056 2256 2112 puram
2292 2050 2376 2095 est
2408 2046 2659 2093 naturam
2699 2038 2965 2091 imitatus.
3004 2033 3375 2101 Quamobrem
3425 2029 3474 2084 si

1885 2135 2081 2189 harqu
2135 2140 2568 2200 caateraruntque
2613 2128 2928 2199 huiusmodi
2960 2141 3142 2180 rerum
3193 2120 3474 2193 virginitas

1884 2224 2227 2283 conciliatrix
2258 2232 2363 2290 est,
2394 2239 2515 2294 qua:
2546 2238 2678 2279 sane
2714 2222 2890 2275 oratio
2912 2218 3077 2287 hujus
3110 2216 3355 2271 muneris
3374 2213 3473 2267 ad-

1888 2319 2236 2374 mirationem
2265 2316 2707 2373 satisexcitabit?
2738 2314 2868 2381 Quae
2891 2313 3105 2381 reliqua
3131 2309 3300 2364 animi
3333 2308 3475 2362 bona

1886 2415 1962 2470 ita
1992 2428 2212 2484 magna,
2244 2421 2407 2480 atque
2438 2410 2574 2463 adeo
2604 2407 2845 2477 perfecta
2870 2407 3220 2465 videbuntur,
3250 2409 3307 2455 ut
3329 2415 3478 2453 cont-

1886 2505 2174 2562 naratione
2205 2502 2371 2567 facta,
2402 2498 2731 2571 perfectiuni
2783 2498 2912 2552 huic
2940 2497 3226 2565 adaequata
3255 2491 3407 2547 sint?

2478 2609 2707 2667 CAPUT
2738 2609 2879 2664 XIV.

1990 2723 2059 2780 1η
2092 2724 2334 2779 omnibus
2365 2722 2560 2778 studiis
2595 2737 2720 2775 vera
2763 2718 3044 2790 virginitas
3079 2723 3370 2786 spectatur.

1961 2875 2069 2935 Sed
2105 2876 2152 2934 si
2204 2876 2371 2946 hujus
2421 2873 2665 2929 muneris
2701 2873 3016 2944 praestantia
3044 2886 3075 2924 a
3107 2869 3268 2925 nobis
3318 2882 3476 2923 com-

1888 2979 2045 3044 perta
2070 2982 2174 3035 est,
2209 2969 2341 3024 illud
2368 2984 2502 3023 sane
2532 2969 2720 3030 etiam,
2755 2964 2901 3036 quod
2935 2963 3209 3037 sequitur,
3260 2959 3481 3029 expedit

1892 3074 1952 3120 ut
1977 3064 2369 3134 intelligamus,
2401 3062 2660 3131 quoniam
2692 3075 2800 3114 nor.
2829 3058 3062 3127 simplex
3092 3065 3198 3120 est,
3232 3060 3292 3107 ut
3315 3050 3481 3105 alicui

233 3165 332 3218 οὐδὲ
362 3166 518 3238 μέχρι
554 3168 675 3222 τῶν
710 3147 976 3239 σωμάτων
1007 3147 1313 3241 ἱστάμενον,
1348 3147 1464 3225 ἀλλ’
1493 3173 1585 3227 ἐπὶ
1612 3174 1789 3227 πάντα

1899 3157 2037 3213 forte
2070 3158 2342 3219 videatur,
2378 3156 2481 3211 hoc
2511 3153 2815 3225 perfectum
2845 3150 3182 3221 virginitatis
3213 3147 3479 3208 cilicium,

231 3252 388 3325 διῆκον
419 3260 511 3313 καὶ
548 3260 837 3313 διαϐαῖνον
877 3262 945 3332 τῇ
981 3262 1217 3332 ἐπινοίᾳ,
1253 3263 1353 3315 ὃσα
1383 3263 1788 3334 κατορθώματα

232 3344 379 3419 ψυχῆς
404 3349 515 3404 ἐστι
545 3349 653 3403 καὶ
686 3351 985 3420 νομίζεται.
1030 3352 1096 3405 Ἡ
1142 3352 1251 3422 γὰρ
1277 3353 1356 3423 τῷ
1388 3352 1625 3424 ἀληθινῷ
1658 3373 1791 3425 νυμ-

234 3435 322 3507 φίῳ
352 3440 821 3512 προσκολληθεωα
849 3441 938 3494 διὰ
969 3441 1268 3512 παρθενίας
1316 3442 1484 3513 ψυχὴ,
1531 3444 1593 3497 οὐ
1631 3444 1791 3514 μόνον

234 3529 322 3582 τῶν
347 3531 678 3603 σωματικῶν
709 3531 1067 3603 μολυσμάτων
1095 3531 1295 3600 ἑαυτὴν
1328 3533 1649 3604 ἀποστήσει,
1676 3533 1790 3587 ἀλλ’

234 3620 450 3676 ἐντεῦθεν
495 3624 608 3696 μὲν
653 3622 875 3694 ἄρξεται
914 3627 1012 3695 τῆς
1042 3624 1436 3695 καθαρότητος,
1484 3626 1577 3679 ἐπὶ
1617 3626 1793 3678 πάντα

235 3710 282 3765 δὲ
305 3714 488 3782 ὁμοίως
530 3715 638 3768 κιαι
675 3714 813 3784 μετὰ
851 3714 952 3784 τῆς
990 3714 1108 3784 ίσης
1150 3715 1449 3786 ἀσφαλείας
1479 3715 1791 3787 πορεύεται,

236 3803 314 3854 καὶ
339 3802 608 3858 δεδοικυῖα.
651 3803 831 3874 μήπου
865 3804 961 3874 τῆς
994 3803 1219 3875 καρδίας
1246 3804 1400 3875 παρὰ
1429 3803 1493 3857 τὸ
1523 3803 1641 3858 δέον
1671 3805 1793 3857 ἐπι-

239 3891 502 3964 κλιθείσης,
530 3892 779 3964 πονηροῦ
807 3910 948 3956 τινος
982 3894 1234 3965 κοινωνίᾳ
1259 3895 1504 3966 μοιχικόν
1541 3912 1593 3948 τι
1625 3895 1795 3963 πάθος

244 3982 362 4034 κατᾶ
410 3984 468 4036 τὸ
513 3985 685 4055 μέρος
720 3983 894 4035 ἐκεῖνο
956 3982 1334 4054 προσδέξηται.
1386 3979 1513 4038 Οἶόν
1550 4001 1602 4036 τι
1651 3983 1798 4051 λέγω

246 4073 403 4138 (πάλιν
421 4075 525 4145 γὰρ
578 4074 674 4128 τὸν
720 4073 875 4141 λόγον
906 4073 1364 4145 ἐπαναλήψομαι)·
1401 4075 1467 4128 Ἠ
1506 4074 1581 4145 τῷ
1608 4075 1798 4147 Κυρίῳ

245 4164 683 4235 προσκολληθεῖσα
718 4162 865 4233 ψυχὴ
900 4165 979 4226 εἰς
1008 4163 1069 4216 τὸ
1099 4164 1352 4231 γενέσθαι
1388 4166 1521 4238 πρὸς
1547 4164 1708 4218 αὐτὸν
1739 4166 1797 4220 ἓν

245 4251 455 4322 πνεῦμα,
480 4254 736 4323 καθάπερ
767 4252 1056 4322 ὁμολογίαν
1078 4253 1196 4306 τινὰ
1228 4252 1601 4324 συμϐιωτικὴν
1631 4270 1799 4307 κσιτα⁶

247 4340 420 4417 θεμένη
452 4346 510 4399 τὺ
544 4346 710 4418 μόνον
745 4346 950 4398 ἐκεῖνον
983 4346 1202 4415 ἀγαπᾷν
1233 4344 1292 4409 ἐξ
1322 4322 1449 4413 ὅλης
1488 4322 1715 4416 καρδίας
1738 4361 1799 4397 τε

248 4436 327 4486 καὶ
362 4436 661 4508 δυνάμεως,
709 4435 832 4489 οὔτε
860 4439 925 4508 τῇ
965 4436 1192 4509 πορνείᾳ
1241 4436 1796 4508 προσκολληθήσεται,

1896 3267 2075 3321 neque
2128 3250 2182 3304 in
2236 3263 2467 3317 corpore
2519 3246 2699 3302 solum
2753 3244 3029 3307 consistit,
3087 3240 3184 3297 sed
3226 3239 3485 3310 opinione

1896 3346 2058 3400 etiam
2100 3344 2166 3396 ad
2213 3343 2396 3395 omnia
2433 3337 2682 3408 pervenit
2722 3351 2785 3389 ac
2833 3336 3088 3405 pertinet,
3142 3344 3486 3401 quaecunque

1899 3443 2046 3491 recta
2080 3434 2248 3489 animi
2284 3432 2455 3486 oilicia
2488 3438 2543 3484 et
2569 3437 2698 3483 sunt
2730 3436 2782 3482 et
2816 3427 3109 3481 habentur.
3142 3424 3275 3477 Nam
3314 3422 3483 3492 virgi-

1899 3528 2088 3583 nitatis
2117 3526 2371 3597 prabsidio
2418 3523 2638 3578 animus
2686 3536 2811 3575 cum
2854 3535 2984 3574 vero
3015 3533 3218 3587 sponso
3244 3516 3483 3584 conjun-

1899 3628 2025 3674 ctns
2059 3635 2168 3672 non
2201 3632 2231 3671 a
2262 3615 2543 3683 corporeis
2577 3612 2739 3666 modo
2766 3611 3024 3667 sordibus
3050 3626 3109 3664 se
3152 3610 3270 3677 ipse
3308 3621 3486 3660 remo-

1901 3714 2071 3779 vebit,
2121 3711 2217 3768 sed
2255 3706 2382 3766 inde
2416 3710 2578 3763 etiam
2616 3707 2896 3778 profectus
2923 3707 2987 3759 ad
3032 3704 3356 3759 munditiem
3393 3717 3487 3769 ag.-

1901 3806 2203 3878 gredietur,
2250 3806 2316 3858 ad
2349 3804 2641 3872 omniaque
2672 3801 2786 3871 pari
2824 3802 2951 3854 item
3002 3798 3299 3854 securitate
3348 3794 3482 3847 ibit:

1903 3897 2035 3951 illud
2062 3902 2244 3950 tamen
2294 3893 2752 3963 pertimescendo,
2790 3907 2856 3944 ne
2889 3891 3078 3957 aliquo
3109 3888 3271 3941 modo
3307 3883 3374 3937 ad
3410 3882 3488 3936 rei

1903 4002 2084 4059 prava;
2114 3986 2432 4042 societatem
2474 3984 2641 4051 corde
2685 3984 2827 4051 plus,
2859 3997 3021 4050 quam
3059 3994 3158 4048 par
3189 3986 3293 4036 cst,
3331 3975 3489 4027 incli-

1904 4088 2054 4144 nato,
2084 4078 2427 4132 aﬂectionem
2460 4077 2700 4146 aliquam
2737 4091 2800 4127 ex
2837 4088 2898 4126 ca
2942 4080 3094 4140 parte
3124 4068 3485 4121 adulterinam

1905 4172 2104 4241 capiat.
2136 4168 2299 4225 Verbi
2329 4168 2505 4239 gratia
2543 4172 2885 4236 (sermonem
2919 4161 3062 4214 enim
3106 4173 3299 4211 rursus
3337 4170 3488 4223 repe—

1905 4263 2069 4327 tant),
2128 4263 2349 4316 animus
2394 4260 2483 4326 qui
2541 4274 2665 4312 cum
2717 4257 2943 4308 Domino
2991 4252 3217 4322 junctus
3266 4257 3373 4308 cst,
3429 4254 3488 4299 ut

1906 4367 2051 4408 unus
2087 4351 2152 4405 ad
2187 4366 2310 4407 cum
2364 4349 2593 4415 Spiritus
2625 4346 2908 4407 ρίιὶισίειιιιι·,
2958 4357 3193 4411 cumque
3226 4346 3486 4407 tanquam

1907 4441 2130 4513 aliquod
2165 4440 2475 4495 communis
2518 4439 2642 4492 vitae
2673 4444 2888 4507 pactmn
2926 4450 3050 4488 cum
3083 4448 3148 4487 eo
3182 4431 3390 4495 fecerit,
3430 4436 3490 4484 ut

250 4523 320 4578 ἵνα
377 4529 445 4599 μὴ
482 4530 711 4600 γένηται
746 4526 905 4598 σῶμα
937 4527 994 4580 ἓν
1017 4527 1151 4598 πρὸς
1198 4529 1399 4598 αὐτήν·
1445 4527 1569 4582 οὔτε
1596 4528 1725 4582 ἄλλο
1747 4545 1792 4581 τι

1907 4544 2021 4590 ιοιο
2053 4533 2220 4590 corde
2247 4532 2567 4599 viribusque
2600 4544 2723 4584 eum
2769 4528 2945 4582 solum
2983 4527 3195 4597 diligat,
3230 4542 3336 4579 non
3363 4540 3488 4579 cum

249 4615 340 4669 τῶν
364 4618 748 4690 ἀντικειμένων
781 4620 846 4689 τῇ
880 4617 1123 4689 σωτηρία
1156 4618 1524 4689 προσδέξεται,
1559 4618 1634 4681 ὡς
1672 4619 1801 4689 μιᾶς

251 4704 392 4777 οὔσης
416 4710 471 4763 ὲν
499 4710 674 4765 ἆπασι
703 4708 803 4778 τῆς
833 4707 942 4760 τῶν
972 4709 1293 4779 μιασμάτων
1337 4710 1647 4781 κοινότητος
1668 4726 1682 4741 ·
1712 4710 1807 4763 καὶ

252 4797 292 4848 εἰ
317 4797 375 4850 δι’
405 4801 517 4866 ἑνός
546 4818 695 4864 τινος
724 4801 1033 4872 μολυνθείη,
1074 4802 1269 4872 μηκέτι
1302 4801 1365 4854 τὸ
1390 4802 1615 4855 ἄσπιλον
1660 4801 1807 4872 ἔχειν

254 4888 302 4940 ἐν
329 4890 480 4963 ἑαυτῇ
514 4894 816 4963 δυναμένη.
848 4894 1004 4946 Ἔστι
1054 4893 1110 4946 δὲ
1155 4894 1247 4947 καὶ
1283 4893 1348 4946 δι’
1391 4893 1807 4965 ὑποδειγμάτων

252 4985 606 5053 τεκμηριῶσαι
639 4985 732 5039 τὸν
759 4985 934 5053 λόγον.
966 4986 1176 5055 Ὥσπερ
1205 4984 1265 5037 τὸ
1292 4986 1349 5037 ἐν
1376 4989 1443 5057 τῇ
1478 4985 1640 5057 λίμνῃ
1664 4986 1808 5060 ὕδωρ

253 5067 370 5133 τέως
400 5073 495 5140 μὲν
518 5072 661 5126 λεῖόν
686 5075 801 5127 ἐστι
831 5075 923 5127 καὶ
947 5074 1224 5144 ἀκίνητον,
1249 5075 1296 5127 εί
1330 5075 1568 5146 μηδεμία
1600 5094 1683 5140 τις
1701 5078 1810 5132 τῶν

253 5157 430 5222 ἔξωθεν
466 5166 679 5237 ταραχὴ
716 5165 1097 5237 προσπεσοῦσα
1129 5165 1190 5219 τὸ
1222 5166 1489 5237 σταθηρὸν
1520 5168 1612 5222 τοῦ
1644 5170 1810 5223 τόπου

254 5246 558 5322 διακινήσειε
578 5270 591 5283 ο
617 5253 764 5307 λίθου
791 5255 847 5308 δέ
871 5256 1357 5326 τινοςέμπεσόντος
1385 5259 1450 5327 τῇ
1484 5258 1667 5331 λίμνῃ,
1692 5260 1811 5313 ὅλον

258 5345 557 5416 συνεκινήθη
590 5346 667 5415 τῷ
704 5345 857 5418 μέρει
881 5363 894 5376 °
925 5349 953 5400 ὁ
984 5347 1081 5417 μὲν
1111 5349 1217 5419 γὰρ
1243 5348 1348 5402 ὑπὸ
1380 5349 1473 5403 τοῦ
1510 5349 1708 5420 βάρους
1734 5352 1814 5415 εἰς

257 5430 334 5483 τὸν
362 5433 517 5501 βυθὸν
566 5437 889 5491 καταδύεται
912 5456 926 5470 ο
977 5439 1082 5492 τῶν
1110 5439 1166 5492 δὲ
1199 5458 1263 5492 πε
1275 5441 1325 5507 pl
1362 5441 1524 5494 αὑτὸν
1555 5442 1814 5510 κυμάτων

264 5524 581 5600 κυκλοτερῶς
610 5531 666 5582 ὲν
693 5529 873 5594 ἄλλοις
906 5531 1287 5603 ἐγειρομένων,
1329 5532 1422 5585 καὶ
1455 5532 1545 5585 ἐπὶ
1575 5532 1642 5586 τὰ
1670 5532 1813 5602 ἄκρα

261 5613 341 5668 ταῦ
371 5618 558 5685 ὓδατος
584 5624 685 5676 ὑπὸ
713 5625 810 5693 τῆς
842 5624 898 5676 ἐν
927 5623 1003 5694 τῷ
1032 5624 1180 5696 μέσῳ
1204 5625 1469 5695 κινήσεως
1501 5623 1811 5695 ἐξωθουμέ-

320 5776 390 5847 (a)
419 5778 518 5836 Hic
559 5782 709 5839 locus
735 5788 1027 5854 corruptus
1061 5790 1146 5837 est
1184 5781 1239 5836 in
1283 5780 1472 5838 codice
1499 5780 1709 5837 Greco.

1906 4625 2271 4683 fornicatione
2301 4638 2422 4678 sese
2454 4621 2877 4689 conglutinabit,
2934 4635 3000 4674 ne
3033 4634 3201 4672 unum
3239 4633 3363 4671 cmn
3399 4616 3489 4670 illa

1909 4730 2109 4788 corpus
2148 4715 2274 4779 tiat;
2309 4729 2483 4781 neque
2512 4728 2635 4765 cum
2680 4710 2804 4764 ullis
2848 4711 3032 4773 rebus,
3063 4726 3185 4779 (pm:
3214 4707 3378 4762 saluti
3406 4722 3489 4759 rc-

1911 4814 2176 4880 pugneut.
2215 4804 2536 4861 societatem
2581 4804 2758 4866 inibit,
2789 4801 2946 4872 quasi
2991 4814 3096 4854 una
3137 4799 3209 4853 sit
3236 4795 3491 4851 onmilius

1910 4899 1964 4952 in
2027 4897 2193 4952 rebus
2251 4895 2628 4965 impuritatum
2693 4892 3061 4947 ctnntnnnitas
3120 4889 3237 4961 (a):
3303 4887 3492 4957 sicque

1912 4988 2078 5043 unius
2118 4986 2353 5054 alicujus
2393 4984 2619 5040 sceleris
2657 4984 2774 5038 labe
2804 4983 3210 5037 contaminatus
3239 4986 3346 5040 est,
3382 4996 3490 5033 non

1913 5082 2083 5153 possit
2113 5096 2230 5136 eam
2258 5080 2311 5132 in
2341 5094 2400 5135 se
2434 5086 2771 5133 contractam
2813 5076 2985 5129 labem
3019 5073 3254 5141 amplius
3285 5072 3488 5125 eluere.

1912 5170 2077 5240 Atqui
2133 5169 2398 5238 exemplis
2435 5167 2488 5221 id
2538 5166 2682 5237 quod
2737 5164 2974 5218 dicimus
3022 5171 3206 5231 aperte
3252 5160 3496 5215 indit-are

1914 5264 2080 5317 licet:
2130 5262 2295 5314 veluti
2338 5260 2390 5313 in
2428 5269 2621 5329 stagno
2654 5272 2793 5327 aqua
2833 5268 2968 5325 pura
2998 5262 3162 5322 atque
3198 5253 3493 5307 immobilis

1918 5362 2121 5411 manet.
2157 5351 2259 5406 nisi
2297 5352 2478 5421 aliqua
2537 5350 2885 5405 extrinsecus
2914 5346 3252 5416 perturbatio
3281 5345 3494 5411 incidit,

1920 5462 2041 5515 qua:
2077 5446 2222 5500 illius
2252 5456 2457 5498 motum
2516 5444 2716 5511 agitet;
2767 5441 2811 5495 si
2853 5449 3035 5493 autem
3070 5439 3209 5508 lapis
3241 5438 3490 5493 inciderit

1922 5538 2145 5608 aliquis,
2193 5545 2365 5591 totum
2417 5552 2522 5590 una
2558 5550 2680 5588 cum
2736 5543 2889 5603 parte
2922 5540 3335 5597 commovetur;
3370 5546 3493 5584 nam

1923 5643 2035 5697 pra:
2079 5626 2365 5698 gravitate,
2405 5632 2458 5681 et
2494 5623 2729 5695 pondere
2769 5624 2823 5678 in
2864 5622 3029 5676 intum
3082 5621 3350 5693 gurgitem
3408 5620 3493 5685 ille
