4026 6450
568 395 674 452 583

1773 397 1833 454 S.
1867 396 2198 455 GREGORII
2236 396 2279 452 Ν
2288 396 2534 454 YSSENI

3756 397 3861 455 384

568 505 738 560 fertur
766 524 779 560 :
811 519 1046 575 cumque
1077 519 1232 576 aqua:
1276 505 1476 564 ﬂuctus
1510 507 1659 564 circa
1684 523 1808 564 eum
1851 509 1905 564 in
1949 525 2140 580 gyrum

2250 527 2374 574 νων,
2424 510 2577 564 πᾶσα
2631 510 2690 564 ἐν
2723 508 2906 582 κύκλῳ
2948 509 3422 583 περιτραχύνεται
3459 510 3568 583 τῆς
3601 510 3861 584 λίμνηςὴ

563 604 754 651 tnutuo
778 598 1053 652 ducantur
1078 640 1094 663 ,
1133 600 1425 670 medioque
1456 610 1608 656 motu
1653 602 1871 671 impulsi
1906 603 1960 655 in
1995 618 2148 657 sum-

563 702 710 741 mum
742 702 899 757 aqua“:
934 697 1125 744 aestum
1157 700 1466 759 erumpant,
1504 694 1685 747 omnis
1715 707 1928 746 summa
1967 693 2147 762 stagni

560 793 726 848 aqua,
759 795 885 834 cum
930 783 1035 835 ima
1069 798 1196 851 pars
1229 794 1374 837 mota
1409 784 1500 844 sit.
1532 791 1765 838 aestuum
1798 784 2005 837 ambitu
2030 785 2148 854 agi-

561 878 739 937 tatur;
784 873 898 942 pari
933 874 1145 928 ratione
1176 875 1547 943 tranquillitas
1575 883 1629 929 et
1667 874 1835 928 animi
1870 875 2049 944 quies,
2099 877 2147 933 si

561 976 708 1018 unus
744 964 941 1033 aliquis
972 963 1201 1018 allectus
1249 964 1302 1017 in
1335 980 1459 1018 eum
1521 964 1771 1027 invadat,
1825 973 1937 1019 tota
1983 966 2147 1022 simul

559 1056 908 1119 concutitur,
944 1063 997 1109 et
1039 1057 1208 1125 partis
1245 1056 1632 1110 detrimentum
1669 1072 1777 1110 una
1811 1057 1976 1111 etiam
2021 1073 2149 1111 scn-

560 1146 648 1201 tit.
692 1146 1138 1200 Commemoraut
1192 1147 1338 1201 enim
1402 1147 1459 1212 ii,
1495 1148 1588 1217 qui
1652 1148 1767 1202 haec
1822 1149 1939 1218 ipsa
1992 1150 2147 1203 inda-

559 1245 777 1305 garunt,
808 1235 1036 1289 virtutes
1081 1236 1225 1290 inter
1275 1252 1335 1291 se
1377 1238 1601 1294 minime
1640 1236 1950 1308 disiunctas
1983 1255 2144 1304 esse;

561 1342 736 1396 neque
769 1326 884 1382 fieri
918 1343 1101 1397 posse,
1138 1337 1197 1382 ut
1229 1330 1325 1399 qui
1363 1330 1528 1385 unius
1560 1332 1828 1385 rationem
1861 1332 2149 1402 diligenter

558 1428 930 1490 accurateque
957 1424 1314 1490 percurrerit,
1340 1431 1568 1478 caeteras
1596 1439 1816 1493 quoque
1843 1439 1952 1478 non
1982 1426 2144 1478 attin-

556 1521 688 1583 gat;
722 1513 818 1570 sed
849 1515 940 1568 cui
976 1531 1086 1569 una
1131 1531 1197 1570 ex
1236 1515 1534 1572 virtutibus
1569 1516 1731 1580 inest,
1764 1518 2006 1587 reliquas
2046 1533 2145 1571 ne-

556 1605 803 1661 cessario
847 1621 974 1661 eum
1005 1610 1270 1676 consequi
1311 1608 1526 1663 dicunt.
1558 1609 1703 1675 Quin
1750 1610 1915 1664 etiam
1952 1619 2148 1664 contra

557 1696 795 1767 alicujus
846 1698 947 1762 rei,
999 1714 1121 1768 quae
1153 1715 1258 1753 nos
1300 1701 1542 1770 attingit,
1582 1701 1774 1754 vitium
1810 1700 1877 1756 ad
1923 1716 2145 1756 omnem

558 1788 849 1843 honestam
910 1791 1077 1844 vitam
1133 1793 1389 1859 pertinet,
1445 1807 1704 1861 vereque,
1756 1801 1814 1847 ut
1862 1799 1946 1845 est
2000 1792 2144 1861 apud

2253 600 2564 669 ἐπιφάνεια,
2583 600 3024 673 συνδιατιθεμένη
3050 601 3126 669 τῷ
3156 601 3306 671 βάθει
3329 621 3345 633 ·
3372 601 3530 656 οὕτω
3561 602 3661 656 καὶ
3687 602 3746 655 τὸ
3767 603 3861 674 τῆς

2250 692 2427 762 ψυχῆς
2449 692 2738 762 γαληναῖον
2767 693 2859 746 καὶ
2879 692 3100 762 ἥσυχον,
3131 693 3201 746 δι’
3221 694 3343 757 ἑνός
3369 710 3529 757 τινος
3567 710 3859 764 παρεμπε-

2252 783 2436 846 σόντος
2465 784 2545 846 είς
2564 782 2732 851 αὐτὴν
2787 784 2993 847 πάθους
3036 784 3155 838 ὅλον
3199 783 3621 854 συνδιεσείσθη,
3646 785 3740 838 καὶ
3768 784 3862 854 τῆς

2249 875 2343 929 τοῦ
2381 875 2580 947 μέρους
2610 874 2816 946 βλάὸης
2844 874 3154 945 συνῄσθετο.
3192 876 3335 930 Φασὶ
3361 876 3423 929 δὲ
3463 877 3564 928 καὶ
3594 877 3645 928 οἱ
3666 876 3736 928 τὰ
3757 893 3862 930 τοι-

2250 966 2392 1021 αῦτα
2429 965 2776 1035 ἐξητακότες,
2834 965 2908 1036 μὴ
2935 966 3263 1037 ἀπεσχίσθαι
3310 966 3422 1029 τὰς
3454 965 3667 1037 ἀρετὰς
3699 965 3861 1037 ἀλλή·

2249 1057 2378 1122 λων,
2418 1057 2551 1129 μηδὲ
2580 1057 2804 1111 δυνατὸν
2827 1052 2966 1109 εἶναι
3002 1060 3133 1127 μιᾶς
3172 1074 3321 1122 τινος
3355 1057 3576 1127 ἀρετῆς
3605 1056 3750 1110 κατά
3773 1058 3861 1110 τὸν

2248 1151 2452 1221 ἀκριϐῆ
2487 1149 2920 1221 περιδράξασθαι
2941 1150 3120 1220 λόγον,
3145 1151 3237 1203 τὸν
3268 1150 3349 1221 μὴ
3387 1150 3491 1203 καὶ
3520 1150 3634 1202 τῶν
3663 1149 3860 1203 λοιπιῖιν

2249 1241 2626 1311 ἐφαψάμενον·
2654 1241 2767 1295 ἀλλ’
2791 1236 2835 1309 ᾧ
2865 1240 2931 1296 ἀν
2948 1242 3329 1313 παραγένηται
3366 1241 3471 1312 μία
3487 1242 3603 1295 τῶν
3633 1241 3857 1314 ἀρετῶν,

2249 1336 2564 1403 ἀναγκαίως
2597 1334 2983 1389 ἐπακολουθεῖν
3014 1336 3109 1389 καὶ⁵
3138 1335 3237 1398 τάς
3283 1335 3518 1398 λοιπάς.
3563 1334 3775 1388 Οὐκοῦν
3802 1334 3857 1399 ἐξ

2250 1426 2607 1496 ἀντιστρόφου
2667 1427 2762 1480 καὶ
2795 1428 2828 1497 ἡ
2867 1426 2996 1498 περί
3038 1442 3094 1479 τι
3146 1425 3320 1497 βλάϐη
3359 1425 3479 1479 τῶν
3514 1427 3576 1476 ὲν
3602 1426 3737 1494 ἡμῖν
3784 1425 3858 1486 είς

2248 1515 2369 1569 ὅλον
2391 1517 2483 1569 τὸν
2510 1516 2631 1569 κατ’
2655 1516 2857 1587 ἀρετὴν
2885 1515 3138 1569 διατείνει
3157 1515 3290 1586 βίον,
3328 1515 3433 1569 καὶ
3457 1514 3658 1580 ὅντως,
3684 1512 3857 1596 καθώς

2249 1626 2415 1680 φησιν
2466 1609 2496 1661 ὁ
2556 1607 2893 1671 Ἀπόστολος,
2947 1610 3059 1673 τοῖς
3113 1608 3307 1680 μέρεσι
3337 1608 3405 1661 τὸ
3435 1608 3564 1661 ὅλον
3601 1606 3856 1659 συνδιατί-

2249 1701 2423 1763 θετοιι,
2452 1699 2517 1753 ἄν
2539 1717 2598 1753 τε
2628 1701 2814 1771 πάσχῃ
2848 1699 3010 1770 μέλος
3042 1700 3122 1763 ἓν,
3159 1697 3577 1768 συναλγοῦντος
3610 1696 3705 1751 τοῦ
3733 1713 3857 1750 παν-

2249 1792 2359 1855 τὸς,
2380 1793 2474 1846 ἐάν
2498 1810 2559 1845 τε
2585 1794 2678 1845 καὶ
2708 1792 3021 1863 δοξάζηται,
3052 1794 3145 1846 τοῦ
3174 1793 3295 1846 ὅλου
3333 1792 3755 1864 συγγαίροντος.

558 1883 981 1953 Apestolum",
1019 1889 1194 1936 totum
1233 1898 1360 1937 cum
1417 1885 1663 1954 partibus
1709 1884 1979 1950 allicitur;
2038 1884 2156 1940 sive
2228 1885 2375 1940 enim
2424 1900 2532 1940 una
2573 1900 2698 1954 pars
2753 1886 2978 1953 patitur,
3030 1893 3205 1941 totum
3253 1887 3435 1941 simul
3506 1886 3693 1951 dolet;
3748 1883 3851 1938 sive

556 1976 728 2046 gloria
760 1976 1014 2040 allicitur,
1053 1983 1228 2031 totum
1259 1992 1366 2031 una
1401 1978 1624 2047 gaudet.

1159 2091 1389 2148 CAPUT
1416 2092 1533 2149 XV.

620 2206 687 2261 Ut
720 2205 923 2278 aliquid
957 2217 1036 2262 est
1062 2224 1094 2260 a
1120 2208 1311 2261 virtute
1343 2217 1623 2273 remotum,
1648 2207 1723 2261 ita
1763 2208 1817 2263 in
1853 2207 2088 2278 periculo

1217 2288 1480 2334 versatur.

627 2366 735 2424 Sed
773 2367 1205 2422 innumerabiles
1253 2369 1307 2421 in
1345 2375 1533 2422 nostra
1567 2370 1679 2424 vita
1711 2376 1843 2424 sunt
1879 2369 2143 2441 peccandi

557 2463 679 2520 vize,
711 2461 1005 2530 variosque
1038 2460 1138 2514 hos
1169 2459 1521 2529 delinquendi
1561 2461 1752 2515 modos
1777 2462 2145 2517 multitudinis

558 2555 777 2607 nomine
803 2551 1000 2606 divina:
1022 2550 1241 2606 Littera:
1273 2551 1620 2606 ostenduntu
1649 2551 1799 2607 Multi
1822 2555 1967 2609 enim
1994 2562 2142 2621 sunt,

556 2644 832 2714 tnquiunt,
851 2644 944 2713 qui
973 2653 1378 2713 persequuntur
1409 2654 1583 2709 me,et
1614 2644 1879 2699 tribulant
1903 2661 1988 2701 me
2012 2648 2088 2713 ";
2120 2666 2138 2699 ι

558 2746 634 2797 et,
662 2758 679 2788 ι
705 2736 856 2791 Multi
880 2737 1079 2792 bellum
1102 2743 1299 2806 gerunt
1321 2734 1585 2792 adversus
1610 2754 1698 2789 me
1712 2754 1775 2791 ex
1799 2739 1907 2793 alto
1922 2740 1989 2793 ".
2018 2756 2037 2792 ι
2055 2738 2146 2792 At-

555 2844 662 2898 que
682 2827 788 2880 alia
816 2826 1032 2897 quidem
1054 2826 1223 2880 multa
1243 2825 1511 2896 ejusmodi
1536 2836 1683 2882 sunt.
1704 2827 1961 2885 Fortasse
1983 2831 2145 2901 igitur

559 2932 683 2989 apte
709 2932 1144 2972 commemorare
1190 2917 1322 2972 licet
1371 2918 1574 2973 multos
1609 2933 1754 2982 esse,
1805 2919 1896 2989 qui
1931 2920 2142 2976 adulte-

554 3010 727 3064 rando
762 3009 993 3066 insidias
1023 3017 1266 3072 struant,
1294 3017 1355 3063 ut
1388 3009 1707 3065 honorabile
1730 3012 1833 3067 hoe
1861 3028 1987 3069 vere
2013 3028 2146 3068 con-

555 3102 807 3163 nubium,
837 3109 894 3157 et
931 3101 1346 3156 immaculatum
1382 3109 1564 3156 torum
1591 3103 1886 3173 deturpent
1930 3122 1946 3159 ι
1989 3106 2145 3177 sique

557 3193 658 3247 bos
683 3193 963 3248 adulteros
997 3193 1324 3249 nominatim
1355 3209 1683 3249 enumerare
1714 3204 1952 3265 oportet,
1986 3198 2144 3253 adul-

554 3294 639 3342 ter
670 3286 774 3351 ira,
824 3285 1043 3341 adulter
1071 3287 1323 3350 avaritia,
1359 3287 1575 3342 adulter
1620 3289 1945 3353 invidentia,
1995 3291 2145 3360 inju-

554 3379 763 3433 riarum
809 3378 1137 3445 recordatio,
1185 3379 1498 3448 inimicitia,
1559 3381 1790 3446 invidia,
1854 3389 1908 3438 et
1960 3384 2144 3439 omnia

553 3469 814 3541 denique,
868 3485 992 3541 qua:
1047 3471 1119 3526 ab
1154 3472 1422 3542 Apostolo
1477 3472 1837 3544 colliguntur,
1884 3483 2145 3545 tanquam

554 3561 931 3618 adulterorum
970 3564 1317 3620 enumeratio
1344 3578 1406 3619 ea
1447 3564 1633 3619 omnia
1667 3565 1798 3630 sint,
1834 3581 1957 3635 qum
1998 3567 2149 3623 salu-

553 3653 661 3707 tari
692 3653 960 3709 doctrime
983 3662 1313 3723 repugnant.
1341 3653 1509 3725 Atqui
1547 3655 1813 3713 faciamus
1843 3657 1897 3711 in
1929 3656 2149 3715 feminis

554 3760 721 3799 unam
752 3760 876 3799 esse
909 3744 1083 3799 forma
1120 3744 1354 3814 integra,
1386 3760 1576 3814 quaeve
1622 3746 1785 3816 digna
1814 3748 1885 3803 sit
1916 3756 1977 3802 ut
2007 3764 2152 3805 ame-

555 3842 690 3901 tur;
731 3832 965 3902 ideoqne
1003 3833 1265 3903 quoniam
1318 3833 1463 3903 regis
1510 3834 1771 3904 conjugio
1806 3836 2146 3901 conveniret,

555 3942 587 3982 ιι
642 3926 973 3997 quibusdam
1040 3926 1335 3995 impudicis
1390 3924 1711 3981 hominibus
1761 3926 2039 3997 egregiam
2077 3928 2149 3983 ob

554 4024 787 4078 formam
815 4023 863 4078 ei
906 4020 1138 4077 insidias
1176 4022 1303 4092 poni
1332 4038 1347 4052 υ
1385 4021 1499 4076 lucc
1530 4035 1666 4076 sane
1695 4021 1941 4091 quandiu
1977 4023 2029 4076 in
2051 4036 2147 4077 eos

553 4129 769 4178 omnes,
805 4112 899 4183 qui
927 4112 1030 4168 sibi
1066 4113 1258 4167 vitium
1294 4110 1495 4167 oﬂ'erre
1526 4110 1773 4172 student,
1808 4111 2034 4165 inimico
2063 4120 2147 4166 est

553 4209 762 4272 animo,
794 4222 1020 4279 remque
1050 4207 1224 4278 ipsam
1262 4220 1393 4262 vero
1438 4206 1641 4259 marito
1687 4204 1917 4270 indicat,
1950 4206 2149 4261 initlier

550 4311 639 4359 est
684 4302 907 4371 pudica,
959 4314 1191 4371 qumque
1220 4299 1395 4356 solius
1442 4297 1543 4353 viri
1594 4298 1680 4355 sui
1721 4297 1915 4353 honori
1956 4300 2145 4363 servit,

554 4392 882 4462 nullumque
916 4401 1206 4461 propterea
1241 4406 1370 4445 cum
1416 4403 1481 4447 ea
1536 4390 1718 4446 locum
1755 4389 1960 4445 habent
1991 4398 2148 4461 pctu-

554 4481 787 4536 lantium
844 4482 1128 4537 hominum
1164 4482 1398 4538 insidiae.
1458 4483 1558 4537 Sin
1609 4490 1792 4537 autem
1840 4496 1907 4536 ex
1947 4480 2016 4537 iis
2050 4481 2144 4551 qui

554 4572 890 4628 insidiantur
932 4574 1024 4628 uni
1066 4576 1362 4637 consentit,
1405 4589 1512 4629 non
1547 4588 1682 4629 sane
1720 4586 1750 4627 a
1802 4587 1965 4643 poma
1997 4572 2143 4626 illam

554 4666 755 4721 liberat
814 4665 1100 4736 pudicitia,
1159 4681 1323 4736 quam
1372 4664 1427 4719 in
1481 4666 1605 4720 aliis
1649 4680 1761 4735 prae
1803 4680 1863 4720 se
1904 4663 2026 4719 fert.
2063 4664 2145 4718 Ad

2178 2078 2220 2132 Β

2173 3418 2215 3473 C

2849 2083 3103 2137 ΚΕΦΛΛ.
3146 2084 3243 2135 1Ε¹.

2249 2200 2379 2256 Ὀτι
2413 2201 2478 2254 τὸ
2515 2198 2801 2255 ὁπωσοῦν
2838 2196 2955 2261 ἔξω
2995 2197 3274 2269 γενέσθαι
3320 2199 3439 2265 τῆς
3482 2197 3706 2269 ἀρετῆς
3755 2201 3846 2257 τὸν

2723 2270 2864 2323 ἴσον
2902 2269 3193 2321 κίνδυνον
3229 2268 3382 2335 ἔχει.

2330 2360 2492 2415 Ἀλλά
2538 2359 2729 2432 μυρίαι
2772 2358 2915 2412 κατά
2955 2358 3046 2412 τὸν
3097 2357 3211 2428 βίον
3259 2360 3430 2430 ἡμῶν
3477 2363 3537 2414 αἱ
3590 2362 3725 2433 πρὸς
3752 2363 3842 2432 τὴν

2247 2452 2519 2524 ἁμαρτίαν
2567 2450 2938 2522 παρατροπαὶ,
2990 2449 3086 2503 καὶ
3129 2451 3502 2523 πολυτρόπως
3543 2455 3599 2508 αἱ
3638 2455 3838 2525 Γραφαὶ

2246 2544 2307 2597 τὸ
2337 2543 2539 2613 πλῆθος
2565 2541 2722 2596 τοῦτο
2754 2531 3173 2612 διασημαίνουσι
3193 2558 3207 2571 ·
3254 2560 3274 2593 ι
3311 2542 3515 2596 Πολλοὶ
3544 2545 3653 2616 γὰρ
3675 2547 3722 2598 οἱ
3753 2548 3837 2596 ὲκ-

2245 2635 2531 2699 διώκοντές
2563 2652 2631 2705 με
2660 2635 2754 2688 καὶ
2778 2633 3053 2696 θλίϐοντες
3080 2649 3178 2704 με·
3216 2653 3235 2685 ι
3271 2635 3394 2700 καὶ,
3429 2655 3446 2683 ι
3484 2636 3734 2688 Πολλοὶοί
3757 2653 3839 2688 πο-

2245 2727 2536 2798 λεμοῦντες
2575 2744 2644 2797 με
2673 2726 2781 2780 ἀπὸ
2811 2725 3009 2795 ὕψουςο
3047 2745 3066 2778 ι
3102 2726 3197 2779 καὶ
3226 2726 3369 2780 ἀλλα
3399 2727 3632 2781 τοιαῦτα.
3663 2727 3833 2780 πολλά.

2247 2822 2400 2890 Τάχα
2438 2818 2619 2871 τοίνυν
2644 2819 2847 2888 κυρίως
2873 2817 3026 2870 ἔστιν
3052 2819 3229 2870 εἰπεῖν
3256 2820 3345 2872 ὅτι
3374 2821 3567 2874 πολλοὶ
3596 2825 3645 2875 οἱ
3674 2839 3832 2891 μοιχι-

2246 2911 2358 2975 κῶς
2386 2909 2848 2977 ἐπιϐουλεύοντες,
2884 2910 3018 2979 πρὸς
3056 2912 3117 2963 τὸ
3161 2910 3484 2983 διαφθεῖραι
3531 2916 3625 2967 τὸν
3671 2913 3832 2983 τίμιον

2245 3002 2434 3056 τοῦτον
2460 3002 2537 3066 ὡς
2569 3002 2784 3073 ἀληθῶς
2818 3002 2995 3072 γάμον
3020 2993 3129 3056 ’καὶ
3164 3002 3265 3071 τὴν
3308 3004 3585 3073 ἀμίαντον
3631 3006 3830 3072 κοίτηνο

2247 3098 2295 3165 εί
2310 3095 2368 3148 δὲ
2390 3094 2497 3166 χρὴ
2517 3094 2699 3165 καὶτῷ
2717 3095 2940 3163 ὀνόματι
2962 3095 3089 3157 τοὺς
3109 3093 3445 3167 τ[οι]ούτους
3460 3096 3828 3167 ἀπαριθμήσα-

2250 3189 2395 3250 σθαι,
2434 3188 2620 3259 μοιχὸς
2655 3190 2688 3257 ὴ
2734 3187 2894 3259 ὀργὴ,
2937 3187 3121 3258 μοιχὸς
3164 3188 3197 3257 ἡ
3256 3188 3572 3253 πλεονεξία,
3610 3186 3829 3258 μοιχὸςὸ

2248 3279 2462 3349 φθόνος,
2493 3280 2526 3350 ὴ
2563 3281 2920 3348 μνησικακία,
2963 3281 2995 3349 ὴ
3039 3279 3230 3349 ἔχθρα,
3266 3282 3302 3349 ἡ
3342 3280 3636 3351 βασκανία,
3673 3278 3728 3330 τὸ
3754 3277 3826 3346 μῖ·

2250 3364 2362 3435 σος,
2389 3372 2569 3425 πάντα
2596 3371 2699 3424 ὅσα
2727 3372 2877 3442 παρά
2903 3369 2997 3423 τοῦ
3040 3372 3371 3425 Ἀποστόλου
3405 3372 3742 3425 κατείλεκται
3762 3370 3824 3429 ὡς

2249 3463 2601 3534 ἀντικείμενα
2632 3465 2698 3534 τῇ
2727 3462 3049 3536 ὑγιαινούσῃ
3077 3463 3425 3535 διδασκαλίᾳ,
3464 3462 3665 3534 μοιχῶν
3699 3464 3822 3513 ἐστιν

2249 3554 2646 3624 ἀπαρίθμησις.
2690 3553 3050 3624 ’Υποθὼμεθα
3090 3555 3273 3609 τοίνυν
3305 3553 3452 3610 εἶναέ
3496 3572 3615 3609 τινα
3651 3554 3706 3606 ὲν
3741 3567 3820 3619 γυο

2249 3642 2425 3709 ναιξὶν
2458 3644 2708 3716 εὐπρεπῆ
2737 3661 2797 3697 τε
2813 3647 2907 3698 καὶ
2938 3647 3281 3719 ἀξιέραστον,
3317 3652 3413 3704 καὶ
3440 3648 3531 3704 διὰ
3561 3652 3712 3704 τοῦτο
3742 3648 3820 3717 βα-

2250 3734 2389 3788 σιλεῖ
2429 3735 2564 3805 πρὸς
2610 3736 2788 3806 γάμον
2843 3738 3350 3809 συναρμοσθεῑσανι
3404 3739 3819 3796 ἐπιϐουλεύεσθαι

2247 3826 2306 3879 δὲ
2342 3825 2432 3879 διὰ
2464 3826 2563 3899 τὴν
2614 3827 2763 3899 ὥραν
2797 3829 2902 3882 ὑπὸ
2948 3831 3266 3886 ἀκολάστων
3310 3836 3496 3890 τινῶν.
3552 3833 3746 3889 Ούκοῦν
3788 3831 3815 3898 ἠ

2249 3919 2470 3989 τοιαύτη
2491 3920 2596 3984 ἕως
2618 3922 2717 3990 μὲν
2743 3921 2809 3976 ἂν
2837 3924 2976 3995 πρὸς
2999 3925 3205 3990 πάντας
3232 3929 3361 3992 τοὺς
3389 3930 3484 3982 ἐπὶ
3512 3928 3680 3998 φθορᾷ
3700 3940 3818 3994 παρ·

2250 4010 2569 4080 εδρεύοντας
2593 4012 2802 4084 ἐχθρῶς
2837 4013 2935 4088 ἔχῃ
2975 4016 3068 4069 καὶ
3101 4025 3385 4092 κατηγορῇ
3411 4020 3615 4073 τούτοιν
3636 4018 3719 4070 ἐπὶ
3738 4012 3815 4066 τοῦ

2248 4102 2483 4173 νομίμου
2522 4104 2733 4174 ἀνδρὸς,
2773 4104 3006 4177 σώφρων
3050 4108 3187 4172 ἐστὶ,
3239 4113 3336 4165 καὶ
3383 4111 3521 4182 πρὸς
3567 4110 3715 4180 μόνον
3742 4105 3815 4155 τὸν

2249 4195 2483 4265 νυμφίον
2511 4198 2631 4268 ὁρᾷ,
2664 4199 2757 4251 καὶ
2790 4199 3049 4270 οὐδεμίαν
3084 4199 3267 4270 ἔχουσι
3302 4204 3491 4275 χώραν
3523 4203 3640 4256 κατ’
3668 4194 3814 4261 αὐτῆς

2249 4290 2303 4342 αί
2333 4288 2440 4343 τῶν
2468 4289 2785 4344 ἀκολάστων
2827 4293 3057 4347 ἀπάται.
3088 4293 3152 4347 Εἰ
3192 4294 3248 4348 δέ
3287 4314 3398 4349 τινι
3430 4293 3704 4368 πρόσθοιτο
3724 4284 3812 4339 τῶν

2249 4383 2846 4450 ὲπιϐουλευόντων,ούκ
2884 4384 3179 4458 ἐξαιρεῖται
3211 4389 3385 4461 αὐτὴν
3429 4389 3531 4458 τῆς
3574 4379 3811 4454 τιμωρίας

2249 4478 2283 4546 ἡ
2314 4476 2407 4530 ἐπὶ
2435 4476 2547 4529 τῶν
2574 4477 2778 4530 λοιπῶν
2818 4478 3161 4551 σωφροσύνη.
3212 4480 3267 4533 Ἀ
3279 4484 3403 4551 pacet
3425 4480 3533 4551 γάρ
3570 4478 3646 4539 είς
3667 4467 3807 4526 xari-

2248 4586 2433 4640 κρισιν
2466 4569 2560 4622 καὶ
2602 4571 2661 4622 τὶ
2694 4569 2760 4622 δι’
2794 4570 2911 4634 ὲνὺς
2957 4570 3248 4642 μιανθῆναι
3293 4574 3394 4645 τὴν
3425 4571 3624 4639 κοίτην.
3646 4564 3805 4621 Οὕτως

2248 4663 2343 4715 καὶ
2372 4665 2404 4734 ἡ
2434 4662 2510 4733 τῷ
2529 4661 2647 4732 θεῷ
2675 4662 2825 4726 ζῶσα
2845 4663 3011 4734 ψυχὴ,
3037 4664 3213 4718 οὐδενὶ
3237 4666 3344 4718 τῶν
3369 4665 3436 4717 δι’
3460 4662 3665 4728 ἀπάτης
3687 4651 3799 4719 αὑτῇ

551 4758 963 4815 damnationem
1008 4759 1153 4812 enim
1206 4765 1291 4813 sat
1332 4765 1418 4813 est
1470 4757 1555 4813 vel
1600 4758 1767 4813 unius
1800 4759 1921 4813 labe
1964 4758 2145 4813 cubile

2251 4753 2703 4825 προφαινομένων
2751 4754 2932 4806 καλῶν
2978 4753 3377 4826 ἀρεσθήσεται·
3414 4755 3463 4807 εἱ
3510 4752 3565 4805 δὲ
3596 4737 3803 4815 παραδέ-

551 4852 925 4921 dcturpatum.
959 4848 1161 4905 Eodem
1194 4850 1361 4904 modo
1383 4848 1600 4905 animus
1629 4848 1698 4912 is,
1732 4850 1826 4919 qui
1855 4850 1965 4907 Deo
1987 4852 2140 4917 vivit,

547 4959 660 4999 non
696 4942 827 4998 ullis
856 4940 1024 4997 rebus
1058 4957 1120 4997 se
1148 4941 1526 5003 oblectaverit,
1573 4956 1696 5011 quae
1722 4942 1826 4997 sibi
1856 4958 1924 4997 ex
1956 4959 2144 4999 errore

550 5035 789 5107 quodam
829 5049 938 5089 non
983 5049 1169 5089 veram
1201 5033 1421 5089 honesti
1462 5031 1703 5104 speciem
1734 5033 2016 5104 praebent;
2055 5036 2143 5090 sin

548 5145 615 5183 ex
647 5129 831 5198 aliqua
860 5124 1148 5183 affectione
1170 5128 1286 5181 vitii
1307 5126 1578 5181 maculam
1604 5127 1757 5181 cordi
1780 5127 2141 5192 contraxerit,

549 5221 819 5290 spiritalis
851 5220 969 5291 ipse
1010 5220 1347 5275 matrimonii
1396 5220 1521 5289 jura
1552 5219 1818 5287 rescidit;
1857 5228 2041 5290 atque,
2086 5226 2146 5273 ut

548 5314 601 5365 in
658 5312 864 5368 divinis
919 5312 1141 5368 Litteris
1193 5313 1460 5381 scriptum
1507 5319 1708 5378 exstat,
1744 5310 1843 5366 «In
1902 5312 2141 5365 animam

552 5405 874 5460 malevolam
900 5421 1007 5461 non
1053 5405 1281 5461 intrabit
1324 5405 1596 5476 sapientia
1619 5404 1686 5458 ’⁸.
1709 5422 1727 5455 ι
1765 5402 1891 5457 Pari
1930 5403 2145 5457 ratione

553 5508 655 5549 nos
681 5511 808 5551 vere
852 5496 1035 5553 dicere
1069 5513 1383 5567 possumus,
1431 5498 1485 5551 in
1528 5497 1709 5550 animo
1746 5496 1952 5550 irarum
2003 5494 2143 5549 invi-

550 5583 768 5653 diaque
805 5587 985 5653 pleno,
1022 5590 1183 5657 quive
1223 5568 1494 5659 ejusmodi
1527 5588 1711 5658 aliquo
1743 5596 1971 5658 peccato
1999 5589 2137 5642 irre-

547 5678 687 5733 titus
709 5683 951 5740 tenetur,
989 5677 1100 5732 fieri
1137 5697 1243 5735 non
1278 5695 1442 5752 posse
1481 5686 1540 5732 ut
1570 5679 1623 5733 in
1656 5695 1722 5735 eo
1752 5680 1932 5735 bonus
1970 5696 2137 5750 spon-

614 5844 667 5878 ﬂ
704 5822 725 5891 l
756 5840 877 5897 Cor.
920 5856 1021 5907 xu,
1048 5847 1136 5905 ‘26.
1214 5850 1257 5881 ³⁸
1297 5848 1444 5905 Psal.
1502 5862 1691 5917 cxvtn,
1730 5848 1818 5903 57.

2253 4845 2403 4914 ξαιτο
2425 4846 2513 4900 διά
2542 4864 2684 4909 τινος
2715 4846 2923 4909 πάθους
2950 4846 3043 4899 τὸν
3072 4847 3313 4918 μιασμὸν
3334 4849 3401 4917 τῇ
3432 4828 3640 4915 καρδίᾳ,
3668 4834 3799 4888 ἔλυσε

2251 4939 2347 4993 καὶ
2371 4938 2506 5010 αὐτὴ
2548 4937 2643 4990 τοῦ
2674 4937 3043 5009 πνευματικοῦ
3073 4940 3255 5010 γάμου
3294 4940 3364 4993 τά
3395 4937 3572 4991 δίκαια
3593 4949 3606 4961 ·
3639 4919 3799 5010 milii;

2252 5048 2416 5101 φησιν
2456 5009 2731 5102 ήνΓραφὴ,
2784 5034 2865 5095 εἰς
2904 5009 3230 5103 κακότεχνον
3271 5029 3449 5103 ψυχὴν
3500 5025 3570 5097 μὴ
3595 5009 3795 5103 εἰσελεύς

2254 5122 2442 5175 σεσθαι
2487 5122 2712 5191 σοφίανο
2754 5122 2927 5187 οὕτως
2975 5122 3121 5176 ἔστιν
3180 5123 3396 5194 ἀληθῶς
3450 5115 3634 5173 εἰπεῖν,
3681 5097 3793 5194 μηδξ

2252 5216 2330 5278 είς
2363 5189 2584 5285 θυμὼδη
2616 5215 2710 5268 καὶ
2732 5214 3025 5285 βάσκανον,
3052 5216 3085 5288 ἢ
3115 5215 3242 5271 ἄλλο
3264 5189 3315 5269 τι
3336 5214 3559 5285 ἔχουσαν
3579 5206 3631 5255 ἐν
3652 5189 3787 5257 ἑαυτῇ

2250 5306 2591 5377 πλημμελὲς,
2621 5308 2845 5361 δυνατὸν
2873 5303 3014 5360 εἶναι
3048 5308 3138 5361 τὸν
3168 5307 3372 5377 ἀγαθὸν
3410 5297 3629 5387 νυμφίογ
3652 5288 3789 5387 sit”?

2248 5400 2518 5470 κισθῆναι.
2554 5398 2649 5463 Τίς
2687 5399 2795 5471 γὰρ
2842 5400 3054 5453 ἐπίνοια
3099 5399 3424 5471 συναρμόσει
3466 5390 3524 5441 τὸ
3561 5385 3620 5452 τῇ
3654 5384 3783 5471 φύσει

2246 5494 2527 5566 ἀλλότριόν
2564 5511 2624 5546 τε
2658 5495 2751 5546 καὶ
2788 5491 3189 5563 ἀκοινώνητον;
3231 5494 3489 5545 ’Ἄκουσον
3524 5475 3609 5532 τοῦ
3650 5470 3783 5566 ’Λιπίν

2250 5586 2457 5651 στόλου,
2487 5586 2756 5656 μηδεμίαν
2796 5579 2935 5638 εἶναι
2977 5586 3264 5640 κοινωνίαν
3299 5582 3433 5655 φωτὶ
3466 5574 3589 5645 πρὸς
3625 5560 3781 5666 “ff”;

2245 5676 2606 5743 διδάσκοντος,
2642 5677 2675 5749 ἢ
2710 5678 3026 5751 δικαιοσύνῃ
3058 5678 3193 5755 πρὸς
3214 5676 3458 5748 ἀνομίαν,
3490 5667 3520 5738 ἦ
3549 5650 3777 5717 συνελόντι

2980 5784 3017 5809 4⁵

1922 5849 1965 5880 ⁸⁷
2004 5847 2146 5904 Psal.
2184 5864 2267 5915 tn,
2298 5848 2350 5902 2.
2415 5847 2459 5880 ’⁸
2502 5849 2631 5920 Sap.
2678 5864 2714 5915 t,
2757 5848 2810 5905 4.
