4026 6434
325 430 425 488 583

1655 408 1745 463 DE
1780 404 2245 464 VIRGINITATE.

3509 425 3616 485 586

328 552 507 622 φάναι,
540 528 723 601 πάντα
757 546 859 600 ὅσα
888 542 1034 598 ἐστὶν
1069 541 1096 593 ό
1117 537 1321 610 Κύριος
1347 534 1487 589 κατὰ
1511 533 1610 605 τὴν
1650 529 1901 602 διαφορὰη

2020 544 2116 584 sus
2152 528 2442 587 inhabitet.
2476 531 2610 599 Quae
2650 534 2797 590 enim
2844 539 3058 595 consilii
3099 541 3249 599 ratio
3289 545 3614 601 conciliabit

326 644 423 697 τῶν
463 643 523 694 ἐν
551 638 705 710 αὐτῷ
748 633 1142 708 θεωρουμένων
1180 628 1467 698 νοούμενός
1506 642 1564 678 τε
1592 624 1688 677 καὶ
1713 624 1911 693 ὀνομα-

328 734 572 805 ζόμενος,
603 730 746 802 πρὸς
792 727 969 782 πάντα
997 724 1064 778 τὰ
1112 724 1168 775 ὲν
1197 719 1366 790 κακίᾳ
1401 716 1544 771 κατὰ
1584 715 1645 767 τὸ
1674 714 1916 768 ἐναντίον

325 827 606 896 νοούμενα.
636 824 701 876 Et
731 816 824 875 οὖν
850 819 1130 889 ἀμήχανος
1165 813 1275 866 τῶν
1307 814 1373 881 τῇ
1408 808 1567 879 φύσει
1599 806 1847 895 ἀμίκτων
1878 807 1913 877 ὴ

326 915 600 978 κοινωνία,
634 912 890 982 ἀλλοτρία
925 910 1142 971 πάντως
1189 905 1285 959 καὶ
1312 902 1659 965 ἀνεπίδεκτος
1692 904 1793 972 τῆς
1820 898 1912 954 τοῦ

322 1006 531 1076 ἀγαθοῦ
584 1005 947 1073 συνοικήσεως
975 1003 1008 1070 ἡ
1052 998 1158 1052 ὑπὸ
1196 997 1396 1058 κακίας
1438 994 1584 1056 τινὸς
1614 992 1914 1061 κατειλημο

327 1100 461 1170 μένη
493 1098 661 1169 ψυχή.
719 1095 785 1148 Τί
810 1090 903 1148 οὖν
932 1095 996 1147 ὲκ
1032 1090 1235 1144 τούτων
1280 1088 1662 1159 μανθάνομεν;
1700 1085 1774 1139 Τὸ
1805 1085 1915 1139 δεῖν

324 1191 419 1261 τὴν
450 1188 711 1259 σώφρονα
740 1187 835 1241 καὶ
855 1183 1244 1253 λελογισμένην
1271 1179 1541 1249 παρθένον
1574 1177 1773 1240 παντὸς
1804 1176 1915 1230 πά-

328 1279 446 1343 θους
476 1279 623 1333 κατὰ
646 1279 822 1331 πάντα
855 1276 1058 1347 τρόπον
1082 1275 1180 1343 τῆς
1204 1271 1381 1341 ψυχῆς
1411 1269 1720 1340 ἁπτομένου
1747 1266 1915 1339 χωρί-

326 1371 534 1437 ζεσθαι,
567 1371 664 1424 καὶ
689 1368 984 1440 φυλάσσειν
1013 1365 1213 1437 ἑαυτὴν
1236 1364 1405 1435 ἁγνὴν
1431 1362 1510 1433 τῷ
1543 1359 1911 1433 ἁρμοσαμένῳ

326 1464 491 1535 αὐτὴν
522 1464 764 1534 νυμφίῳ,
795 1461 871 1533 μὴ
900 1460 1130 1532 ἔχουσαν
1160 1457 1347 1511 σπῖλον
1373 1456 1406 1526 ἢ
1444 1455 1630 1528 ῥυτίδα
1658 1454 1692 1524 ἦ
1716 1471 1770 1506 τι
1800 1451 1911 1505 τῶν

326 1570 465 1606 τοιου
470 1570 579 1605 των
586 1593 599 1606 .

2017 621 2095 685 id,
2130 622 2273 691 quod
2308 631 2508 678 natura
2540 626 2682 682 inter
2714 642 2774 684 se
2804 631 3044 687 alienum
3081 650 3187 689 non
3221 636 3481 702 cobarct,
3516 654 3615 692 ne-

2015 724 2123 785 que
2173 715 2286 769 ullo
2335 718 2616 775 societatis
2667 720 2794 791 jure
2845 724 3110 794 illigatum
3149 730 3274 783 est?
3320 728 3400 784 Tu
3448 733 3611 786 velim

2026 804 2222 859 audias
2258 807 2605 876 Apostolum,
2652 814 2746 881 qui
2777 813 2961 882 docet,
2998 817 3133 872 nihil
3169 835 3292 875 esse
3330 821 3437 876 lttci
3487 839 3611 878 cum

2016 895 2263 951 tenebris
2283 912 2597 966 commune,
2624 919 2802 974 neque
2823 910 3067 978 aequitati
3102 911 3443 983 justitiaeque
3486 930 3612 970 cum

2021 987 2310 1057 iniquitate
2329 990 2375 1020 "
2398 1008 2413 1045 :
2433 999 2618 1062 atque,
2635 1004 2696 1049 ut
2713 1002 3027 1056 summatim
3048 1003 3393 1075 breviterque
3409 1005 3610 1071 dicam,

2020 1079 2206 1133 omnia
2241 1081 2665 1154 quibuscnnque
2720 1097 2775 1143 et
2827 1099 3011 1147 mente
3059 1095 3500 1165 comprehensus
3553 1104 3609 1150 ct

2020 1180 2247 1226 vocatus
2278 1182 2365 1228 est
2404 1174 2690 1246 Dominus,
2728 1196 2794 1235 ex
2834 1197 3025 1238 earum
3059 1200 3242 1241 rerum
3274 1187 3609 1250 diﬁcrentia,

2021 1278 2142 1333 quae
2166 1265 2218 1318 in
2243 1280 2309 1321 eo
2339 1278 2664 1336 cernuntur,
2701 1272 2815 1329 haec
2843 1276 3103 1334 omnibus
3123 1279 3212 1342 iis,
3238 1295 3362 1349 quae
3393 1281 3445 1335 in
3477 1281 3612 1336 vitio

2020 1356 2197 1425 posita
2235 1368 2384 1423 sunt,
2445 1365 2722 1418 contraria
2761 1366 3011 1439 intelligi.
3057 1368 3114 1425 Si
3169 1372 3337 1442 igitur
3370 1372 3611 1429 difﬁcilis

2017 1461 2103 1507 est
2145 1466 2333 1505 rerum
2375 1452 2519 1509 inter
2557 1470 2616 1510 se
2663 1456 3014 1515 dissimilium
3059 1465 3315 1531 societas,
3362 1474 3610 1523 remotus

2016 1541 2247 1596 omnino
2297 1550 2382 1598 est
2434 1558 2463 1598 a
2501 1546 2722 1604 virtutis
2780 1551 3167 1615 contubernio,
3217 1569 3395 1625 neque
3446 1556 3609 1626 plane

325 1648 540 1716 rit-tutis
573 1662 743 1718 capax
771 1654 857 1702 est
887 1647 934 1701 is
964 1644 1204 1705 animus,
1253 1641 1345 1713 qui
1378 1640 1564 1710 aliquo
1588 1638 1721 1693 vitio
1774 1635 2017 1691 irretitus
2050 1644 2157 1691 est.
2225 1636 2368 1708 Ergo
2431 1640 2561 1709 quid
2617 1658 2684 1696 ex
2737 1642 2805 1697 iis
2869 1644 3184 1702 documenti
3236 1662 3337 1703 nos
3391 1650 3609 1720 accepi-

323 1742 479 1796 mus?
536 1739 655 1794 [loc
705 1756 860 1805 sane,
921 1743 1065 1810 quod
1128 1737 1381 1808 pudicam
1443 1734 1735 1804 virginem,
1786 1743 1908 1800 qua:
1980 1730 2248 1784 rationem
2291 1731 2415 1786 vitze
2488 1731 2682 1788 ducem
2731 1739 3000 1807 sequitur,
3035 1739 3102 1793 ab
3147 1738 3407 1795 omnibus
3437 1740 3605 1795 animi

322 1833 705 1889 aflectiouibus
724 1835 1023 1889 seomnino
1041 1833 1904 1900 abducereoportet:acsponso,
1947 1825 2037 1894 qui
2069 1840 2188 1878 eam
2224 1825 2536 1890 adornabit,
2582 1830 2847 1900 integram
2891 1850 2950 1889 se
2986 1847 3151 1907 atque
3216 1834 3354 1891 adeo
3414 1848 3605 1906 puram

321 1943 671 1996 conservare,
727 1937 786 1984 ut
812 1938 907 1985 aut
939 1930 1153 1992 sordes,
1198 1935 1293 1981 aut
1330 1939 1515 1995 rugas,
1569 1931 1664 1977 aut
1702 1920 1908 1992 aliquid
1948 1920 2219 1991 ejusmodi
2245 1923 2428 1977 minus
2456 1925 2762 1979 contrahat.

924 2046 1175 2102 ΚΕΦΑΛ.
1215 2046 1332 2112 ις’.

315 2168 446 2219 ’Ὅτι
476 2164 703 2233 ἀτελὴς
729 2165 816 2231 εις
837 2161 904 2215 τὸ
932 2160 1158 2233 ἀγαθόν
1187 2161 1219 2212 ό
1245 2157 1342 2233 καὶ
1361 2157 1461 2212 ἐπί
1488 2172 1604 2211 τινι
1630 2155 1748 2208 τῶν
1781 2152 1908 2207 κατ’

831 2232 1069 2301 ἀρετὴν·
1081 2231 1402 2283 ἐλλείπων.

383 2325 503 2380 Μία
531 2326 643 2398 γάρ
677 2328 825 2379 ἐστιν
871 2323 988 2387 ὁδὸς
1037 2320 1237 2385 εὐθεῖα,
1276 2320 1435 2388 στενή
1481 2335 1537 2372 τε
1587 2317 1663 2381 ὠς
1694 2314 1910 2387 ἀληθῶς

318 2418 410 2470 καὶ
424 2416 787 2488 τεθλιμμένη,
816 2414 910 2468 καὶ
927 2413 1026 2475 τὰς
1053 2411 1137 2480 ἐφ’
1164 2409 1401 2479 ἑκάτερα
1425 2405 1786 2478 παρατροπὰς
1809 2405 1909 2457 οὐκ

316 2507 700 2579 ὲπιδεχομένη,
742 2506 835 2559 καὶ
876 2504 939 2559 τὸ
981 2501 1227 2558 ὁπωσοῦν
1270 2500 1375 2567 ἔξω
1423 2498 1628 2567 ταύτης
1655 2496 1908 2565 γενέσθαι

315 2600 431 2652 ἴσον
465 2596 579 2668 ἕχει
608 2597 699 2650 τὸν
736 2598 835 2667 τῆς
865 2592 1237 2655 ἀποπτῶσεως
1259 2590 1524 2644 κίνδυνον.
1558 2587 1621 2641 Et
1648 2588 1710 2658 δὴ
1737 2585 1909 2641 ταῦτα

313 2686 488 2749 οὕτως
522 2686 657 2756 ἔχει,
703 2684 1022 2757 διορθωτέον
1063 2682 1139 2746 ὡς
1172 2675 1281 2734 οἷόν
1321 2697 1380 2733 τε
1418 2678 1527 2732 τῶν
1567 2676 1778 2731 πολλῶν
1810 2674 1908 2746 τὴν

312 2778 631 2848 συνήθειαν,
662 2777 775 2830 ὅσοι
811 2775 945 2847 πρὸς
989 2775 1086 2846 μὲν
1117 2773 1213 2836 τὰς
1244 2769 1605 2842 αίσχροτέρας
1633 2768 1738 2821 τῶν
1784 2767 1908 2838 ἡδο-

312 2870 419 2922 νῶν
463 2868 701 2940 ἰσχυρῶς
744 2869 1118 2938 ἀπομάχονται
1139 2906 1152 2931 ,
1186 2864 1361 2927 ἄλλως
1394 2863 1450 2916 δὲ
1483 2862 1579 2934 τὴν
1621 2859 1812 2932 ἡδονὴν
1852 2863 1908 2914 ἐν

309 2962 497 3031 τιμαῖς
514 2962 608 3012 καὶ
622 2959 933 3030 φιλαρχίαις
948 2957 1238 3029 θηρεύουσι
1255 2973 1268 2987 ο
1292 2954 1673 3027 παραπλήσιον
1690 2952 1907 3007 ποιοῦν-

310 3068 422 3115 τες,
475 3052 664 3122 ὥσπερ
692 3051 757 3105 ἂν
782 3051 835 3104 εί
864 3069 947 3115 τις
986 3050 1201 3122 οἰκέτης
1245 3050 1557 3120 ἐλευθερίας
1603 3045 1904 3118 ἐπιθυμῶν,

308 3146 388 3216 μὴ
426 3146 580 3208 ὅπως
609 3145 707 3216 τῆς
746 3145 992 3209 δουλείας
1031 3144 1136 3209 ἔξω
1176 3145 1463 3215 γενήσεται
1508 3141 1754 3225 σπεύδοι,
1788 3139 1905 3194 ἀλλ’

304 3236 594 3308 ὲναμείὸοι
628 3237 751 3301 τοὺς
779 3236 1168 3307 κεκτημένους,
1209 3237 1310 3307 τὴν
1341 3235 1639 3307 ἐναλλαγὴν
1667 3234 1775 3289 τῶν
1816 3251 1907 3287 κε-

303 3343 411 3397 κτη
421 3330 600 3398 μένων
617 3328 929 3399 ἐλευθερίαν
945 3327 1212 3398 οἰόμενος.
1225 3328 1411 3381 Δοῦλοι
1431 3330 1540 3398 γάρ
1556 3331 1691 3382 εἰσιν
1709 3327 1905 3398 ἐπίσης

2599 2042 2832 2113 CAPUT
2872 2045 3013 2101 xvr.

2016 2155 2097 2209 Ad
2132 2154 2325 2210 bonum
2362 2157 2586 2236 minime
2614 2169 2772 2236 aptus
2801 2170 2878 2236 est
2906 2162 2954 2236 is
2974 2203 2989 2226 ,
3023 2163 3113 2233 qui
3145 2163 3329 2235 aliqua
3357 2180 3421 2220 ea:
3447 2175 3599 2236 parte

2449 2229 2502 2281 in
2538 2230 2750 2284 virtutis
2782 2232 2945 2301 οθῖεὶο
2974 2229 3176 2301 peccat.

2088 2314 2189 2371 Via
2244 2326 2331 2373 est
2385 2335 2495 2374 una
2550 2332 2739 2384 recta,
2796 2333 3034 2394 angusta
3090 2326 3182 2380 illa
3233 2328 3487 2397 quidem,
3547 2337 3604 2385 et

2014 2407 2145 2461 trita
2168 2447 2183 2472 ,
2225 2424 2347 2479 quae
2382 2426 2563 2479 neque
2598 2411 2830 2468 alterius
2866 2413 2964 2467 viae
2999 2412 3300 2481 flexiones,
3336 2426 3390 2472 et
3420 2418 3600 2473 diver-

2010 2497 2186 2552 ticula
2242 2500 2707 2571 comprehendit;
2762 2510 2928 2573 atque
2971 2519 3035 2558 ex
3093 2504 3194 2559 bac
3239 2506 3427 2576 aliquo
3467 2523 3602 2563 sane

2012 2589 2177 2645 modo
2225 2591 2512 2646 tit-ﬂectere
2558 2591 2798 2648 fortasse
2841 2595 3149 2664 periculum
3196 2605 3317 2661 cst,
3363 2615 3432 2653 ne
3473 2601 3600 2670 quis

2011 2679 2231 2734 labatur
2263 2690 2317 2735 et
2351 2681 2630 2736 concidat.
2673 2682 2729 2737 Si
2769 2684 2883 2739 [nec
2919 2685 2992 2740 ita
3027 2703 3086 2742 se
3117 2687 3358 2754 habent,
3394 2691 3599 2744 multo-

2010 2787 2130 2825 rum
2168 2790 2268 2828 nos
2304 2774 2773 2829 consuetudinem
2796 2814 2811 2841 ,
2846 2777 3032 2847 quoad
3068 2778 3191 2847 ejus
3228 2780 3340 2834 fieri
3380 2791 3596 2851 potest,

2011 2863 2285 2918 moderari
2339 2874 2602 2934 oportet:
2654 2867 2747 2936 qtti
2808 2868 2956 2922 enim
3007 2869 3598 2927 contra'foetlissimas

2008 2956 2321 3025 voluptates
2367 2957 2779 3027 pugnacissime
2825 2974 2884 3015 se
2926 2960 3263 3027 defendunt,
3300 2979 3394 3019 cas
3425 2980 3555 3019 vero
3579 3006 3594 3027 ,

2008 3061 2132 3115 qum
2187 3048 2243 3100 in
2296 3047 2602 3104 bonoribus
2658 3059 2826 3120 atque
2883 3051 3098 3122 imperii
3159 3056 3597 3125 appetitionibus

2007 3138 2319 3204 exsistunt,
2357 3139 2674 3208 voluptates
2717 3152 3151 3210 consectantur,
3198 3148 3252 3200 lti
3297 3148 3432 3203 nihil
3475 3167 3594 3205 ont-

2007 3228 2141 3281 nino
2168 3227 2437 3283 dissimile
2481 3229 2697 3285 faciunt
2730 3248 2793 3288 ac
2839 3234 2884 3289 si
2926 3236 3049 3305 quis
3101 3253 3293 3294 servus
3325 3242 3597 3301 libertatis

2007 3320 2230 3382 avidus,
2262 3331 2476 3377 mature
2503 3339 2725 3393 operam
2751 3325 2877 3392 det,
2904 3343 3012 3382 non
3042 3337 3102 3382 ut
3130 3346 3157 3382 a
3190 3333 3455 3389 servitute
3477 3335 3598 3390 vin-

304 3420 534 3482 πάντες,
572 3419 676 3472 κᾶν
719 3418 793 3490 μὴ
818 3418 923 3471 ὑπὸ
943 3418 1052 3472 τῶν
1083 3418 1264 3472 αὐτῶν
1292 3418 1672 3490 κυριεύωνται,
1712 3418 1815 3481 ἕως
1838 3416 1901 3471 ἂν

2012 3410 2249 3476 dicetur,
2280 3427 2406 3465 cum
2439 3414 2493 3467 in
2525 3428 2592 3469 co
2618 3415 2930 3471 libertatem
2958 3433 3083 3475 esse
3114 3430 3299 3489 putet,
3333 3425 3378 3479 si
3406 3426 3474 3479 ab
3502 3443 3591 3494 eo,

304 3509 451 3574 ὅλως
481 3512 753 3583 ἐπικρατῇ
776 3528 862 3574 τις
882 3510 1060 3564 αὐτῶν
1089 3510 1227 3580 μετὰ
1251 3509 1569 3573 δυναστείας
1593 3510 1757 3581 ἀρχή.
1784 3508 1905 3562 Εἰσὶ

300 3602 361 3655 δὲ
400 3603 565 3657 πάλιν
594 3604 644 3657 οἳ
667 3606 733 3675 τῇ
770 3601 938 3674 πολλῇ
977 3602 1115 3671 πρὸς
1141 3602 1241 3666 τὰς
1269 3601 1462 3673 ἡδονὰς
1503 3600 1674 3672 μάχῃ,
1704 3601 1903 3654 εὐκατ-

298 3696 601 3764 αγώνιστοί
626 3714 744 3759 πως
773 3694 852 3766 τῷ
886 3695 1250 3766 ἀντικειμένῳ
1288 3694 1452 3749 πάθει
1491 3694 1773 3763 γεγόνασι,
1809 3692 1905 3746 καὶ

297 3787 362 3839 ὲν
398 3789 471 3857 τῇ
504 3784 872 3857 ἑπιτεταμένῃ
916 3785 1014 3854 τῆς
1054 3785 1198 3856 ζωῆς
1243 3783 1520 3855 ἀκριϐείᾳ,
1552 3783 1771 3847 λύπαις,
1808 3783 1902 3837 καὶ

296 3875 703 3950 παροξυσμοῖς,
738 3878 833 3931 καὶ
865 3878 1270 3947 μνησικακίαις,
1296 3875 1391 3929 καὶ
1422 3878 1534 3938 τοῖς
1563 3874 1769 3939 λοιποῖς
1798 3877 1902 3928 πᾶ·

303 3986 417 4036 σιν,
442 3970 542 4023 ὅσα
568 3970 702 4041 πρὸς
726 3970 787 4024 τὸ
814 3970 1054 4024 ἐναντίον
1079 3968 1174 4023 τοῦ
1198 3969 1339 4023 κατὰ
1358 3968 1454 4039 τὴν
1480 3969 1672 4040 ἡδονὴν
1696 3968 1901 4033 πάθους

300 4061 800 4134 ἁντικαθέστηκεν,
834 4062 1072 4125 εὐκόλως
1100 4078 1159 4116 τε
1203 4061 1539 4123 ἁλίσκονται,
1572 4062 1667 4115 καὶ
1703 4060 1897 4131 δυσχε-

298 4153 419 4227 ρῶς
447 4153 781 4209 διεκδύνουσι
803 4170 819 4185 ο
846 4154 1004 4208 τοῦτο
1034 4154 1091 4207 δὲ
1120 4152 1348 4222 γίνεται,
1370 4152 1497 4206 ὅταν
1528 4151 1602 4222 μὴ
1627 4154 1654 4206 ό
1682 4152 1836 4220 λόγος
1870 4154 1899 4205 ὁ

297 4245 425 4299 κατ’
458 4244 679 4316 ἀρετὴν,
702 4245 837 4300 ἀλλά
859 4263 912 4299 τι
935 4245 1106 4309 πάθος
1128 4244 1228 4314 τῆς
1251 4243 1392 4297 κατὰ
1418 4243 1506 4295 τὸν
1534 4241 1649 4311 βίον
1673 4244 1897 4311 πορείας

298 4337 643 4409 ἡγεμονεύῃ.
683 4337 747 4390 Ἦ
793 4337 904 4407 μὲν,
930 4335 1039 4408 γὰρ
1073 4335 1259 4406 ἐντολὴ
1305 4333 1395 4386 τοῦ
1442 4333 1649 4403 Κυρίου
1693 4334 1896 4404 σφόδρα

298 4428 608 4500 τηλαυγὴς,
647 4428 723 4492 ὡς
750 4429 845 4484 καὶ
878 4428 1089 4499 νηπίων
1123 4424 1433 4496 ὀφθαλμοὺς
1464 4422 1719 4493 φωτίσαι,
1748 4426 1894 4494 μόνῳ

297 4519 376 4589 τῷ
414 4518 538 4589 Θεῴ
585 4518 1022 4590 προσκολλᾶσθαι
1052 4517 1256 4585 ἀγαθὸν
1298 4512 1438 4569 εἶναι
1470 4514 1703 4583 λέγουσα
1725 4531 1738 4546 ·
1780 4516 1808 4567 ὁ
1837 4515 1892 4569 δὲ

293 4612 439 4677 Θεὸς
471 4611 595 4665 οὕτε
614 4612 759 4681 λύπη
786 4612 956 4674 ἐστὶν,
983 4610 1107 4664 οὕτε
1133 4608 1317 4681 ἡδονὴ,
1351 4606 1476 4661 οὔτε
1500 4608 1691 4669 δειλία,
1715 4606 1747 4678 ἢ
1769 4607 1894 4679 0ρά-

293 4722 417 4770 σος,
452 4703 484 4775 ἦ
522 4702 705 4773 φόϐος,
759 4703 793 4775 ἢ
824 4702 984 4774 ὀργὴ,
1020 4700 1053 4771 ἢ
1100 4700 1231 4754 ἄλλο
1260 4718 1314 4753 τι
1354 4697 1593 4752 τοιοῦτον
1640 4697 1832 4761 πάθος,
1863 4697 1891 4751 ὃ
1926 4742 1967 4798 υ

288 4795 401 4865 τῆς
452 4794 778 4849 ἀπαιδεύτου
833 4791 1075 4864 κυριεύει
1118 4792 1332 4862 ψυχῆς·
1375 4790 1491 4844 ἀλλ’
1540 4788 1615 4852 ὥς
1654 4806 1818 4859 φησιν
1862 4790 1890 4840 ὁ

304 4886 660 4950 Ἀπόστολος,
686 4885 983 4955 αὐτοσοφία
1012 4885 1105 4938 καὶ
1131 4882 1421 4953 ἁγιασμὸς,
1451 4880 1681 4952 ἁλήθειὰ
1706 4897 1766 4933 τε
1795 4879 1889 4933 καὶ

286 4980 468 5052 χαρὰ.
502 4980 594 5033 καὶ
621 4981 833 5051 εἰρήνη,
871 4979 964 5032 καὶ
985 4978 1086 5030 ὅσα
1116 4975 1361 5033 τοιαῦτα.
1400 4974 1526 5037 Πῶς
1556 4969 1647 5028 οὖν
1671 4972 1784 5026 ἔστι
1810 4971 1888 5043 τῷ

285 5070 474 5129 ταῦτα
533 5072 645 5125 ὖντι
687 5068 1154 5143 προσκολληθῆναι
1199 5065 1289 5120 τὸν
1336 5065 1440 5118 ὑπὸ
1479 5063 1588 5118 τῶν
1631 5063 1886 5117 ἐναντίων

287 5161 707 5236 κρατούμενον;
738 5162 809 5215 ’Ἡ
859 5159 977 5225 πῶς
1028 5158 1127 5211 οὐκ
1176 5155 1369 5224 ἄλογον
1405 5155 1495 5208 τὸν
1540 5154 1617 5226 τῷ
1662 5155 1741 5209 ἑνί
1779 5171 1885 5207 τινι

295 5256 407 5310 τῶν
442 5254 629 5308 παθῶν
657 5255 804 5318 ὅπως
836 5252 911 5324 μὴ
956 5249 1222 5321 ὑπαχθείη
1261 5246 1647 5311 σπουδάζοντα,
1684 5245 1885 5317 ἀρετὴν

292 5346 542 5416 νομίζειν
578 5345 640 5399 τὸ
664 5344 1068 5415 ἀντικείμενον;
1094 5337 1240 5403 Οἷον,
1267 5339 1459 5412 ἡδονὴν
1493 5337 1592 5409 μὲν
1624 5339 1884 5407 φυγόντα,

289 5438 444 5509 λύπῃ
473 5436 801 5508 κατέχεσθαι
823 5452 838 5468 ο
874 5435 934 5489 τὸ
958 5435 1014 5488 δὲ
1055 5433 1225 5505 θρασὺ
1254 5430 1351 5486 καὶ
1384 5429 1651 5501 προπετὲς
1679 5428 1884 5483 διακλί-

289 5547 477 5593 νοντα,
510 5528 684 5600 δειλίᾳ
717 5526 1005 5582 ταπεινοῦν
1031 5526 1128 5597 τὴν
1155 5524 1356 5595 ψυχήνο
1394 5521 1425 5593 ἤ
1453 5520 1643 5591 θυμοῖς
1670 5519 1883 5573 ἀνάλω-

286 5640 382 5676 τον
420 5623 607 5694 μένειν
646 5620 1039 5684 ἐσπουδακότα,
1075 5613 1474 5686 κατεπτηχέναι
1505 5610 1582 5683 τῷ
1615 5611 1782 5682 φόϐῳ.
1817 5611 1882 5663 Τί

286 5719 403 5788 τὰρ
451 5713 703 5785 διαφέρει
733 5711 905 5775 οὕτως
936 5709 969 5780 ἦ
1012 5709 1185 5771 ἄλλως
1229 5704 1328 5778 τῆς
1367 5701 1571 5774 ἀρετῆς
1612 5704 1886 5767 ἐκπεσεῖν,

2010 3502 2064 3554 in
2100 3502 2264 3572 cujus
2296 3511 2575 3572 potestate
2605 3506 2745 3571 fuit,
2776 3508 2842 3563 ad
2885 3510 3054 3565 alium
3089 3514 3371 3569 dominum
3407 3526 3593 3574 trans-

2005 3590 2235 3649 feratur.
2281 3594 2436 3649 Servi
2470 3597 2616 3651 enim
2667 3600 2785 3667 pari
2820 3602 3139 3657 conditione
3186 3621 3377 3662 omnes
3421 3618 3588 3678 sunt,

2004 3685 2262 3756 quamvis
2292 3702 2403 3742 non
2439 3691 2759 3745 eorumdem
2793 3692 3143 3749 dominorum
3178 3697 3408 3769 imperio
3439 3715 3593 3773 pote-

2003 3786 2216 3834 statevc
2265 3786 2578 3847 teneantur,
2621 3798 2743 3838 cum
2788 3800 2930 3839 unus
2963 3788 3164 3857 aliquis
3196 3790 3306 3847 illis
3336 3794 3582 3851 domine-

2002 3878 2113 3936 tur,
2153 3877 2317 3940 atque
2350 3887 2474 3926 cum
2511 3881 2783 3942 potestate
2813 3877 3066 3946 imperet.
3103 3878 3431 3954 Rursusque
3460 3895 3591 3942 sunt

2003 3965 2251 4034 plerique
2297 3965 2392 4034 qui
2443 3966 2615 4020 multo
2660 3978 2852 4023 contra
2904 3970 3002 4026 bas
3050 3973 3361 4044 voluptates
3406 3990 3587 4035 certa-

2001 4056 2170 4118 mine,
2193 4056 2353 4111 facile
2384 4060 2792 4127 quodatnmodo
2820 4071 2951 4117 sunt
2982 4063 3048 4117 ab
3078 4066 3397 4121 adversario
3426 4085 3588 4140 supe-

1998 4149 2135 4214 rati,
2166 4156 2333 4219 atque
2368 4150 2421 4203 in
2459 4163 2721 4206 accurata
2750 4154 2999 4224 beneque
3027 4157 3333 4211 constituta
3369 4160 3585 4215 vivendi

1997 4241 2251 4303 ratione,
2302 4242 2591 4297 doloribus
2641 4252 2696 4298 et
2752 4246 2918 4298 animi
2976 4248 3475 4314 eoncitationibus,
3530 4259 3585 4306 et

1995 4333 2265 4385 malorum
2310 4333 2820 4402 recordationibus,
2857 4344 2911 4391 et
2948 4338 3163 4392 caeteris
3196 4340 3432 4411 denique
3465 4357 3584 4398 om-

1997 4423 2163 4478 nibus
2195 4439 2320 4493 quae.
2365 4433 2557 4479 contra
2600 4426 2746 4481 hunc
2786 4427 3084 4496 voluptatis
3124 4429 3376 4485 affectum
3416 4435 3583 4488 resti-

1993 4525 2211 4581 terunt,
2242 4531 2369 4569 cum
2405 4516 2564 4571 facile
2595 4528 3008 4586 expugnantur,
3043 4531 3153 4575 tnut
3187 4521 3482 4578 difIirulter
3513 4527 3584 4583 ab

1993 4606 2063 4662 iis
2096 4608 2442 4661 liberantur:
2479 4609 2693 4678 hocque
2722 4618 2835 4664 tum
2868 4613 3110 4678 accidit,
3141 4630 3265 4669 cum
3300 4633 3408 4671 non
3444 4621 3584 4673 ratio
3633 4644 3640 4684 ε

1991 4697 2181 4751 virtuti
2214 4708 2625 4763 consentanea,
2676 4700 2771 4754 sed
2823 4703 2993 4756 animi
3043 4704 3257 4759 affectio
3306 4709 3581 4777 quispiam

1998 4788 2123 4843 vitae
2154 4806 2378 4844 cursum
2408 4791 2615 4861 dirigit.
2648 4791 2988 4863 Praeceptum
3034 4796 3179 4849 enim
3227 4795 3441 4851 Domini
3494 4800 3579 4852 lu-

1995 4876 2178 4932 cidum
2212 4881 2370 4935 valde
2394 4891 2481 4936 est
2508 4882 2578 4945 ³ο,
2611 4892 2670 4936 ιιι
2712 4885 2797 4938 vel
2827 4884 3120 4939 infantium
3152 4887 3346 4942 oculos
3376 4887 3579 4957 illumi-

1996 4978 2123 5036 net,
2171 4972 2476 5043 eademque
2522 4974 2656 5029 dicit
2713 4977 2816 5029 soli
2871 4975 2980 5032 tleo
3033 4977 3318 5032 adhaerere
3369 4979 3575 5032 bonum

1992 5077 2115 5117 esse
2146 5063 2189 5095 ³³
2220 5083 2232 5116 :
2267 5065 2536 5133 siquidem
2577 5082 2759 5136 neque
2802 5068 2961 5122 dolor
2984 5076 3069 5125 est
3117 5067 3418 5135 Dominus,
3463 5084 3574 5124 non

1990 5155 2244 5224 voluptas
2269 5195 2282 5219 ,
2317 5173 2425 5211 non
2457 5157 2720 5224 formido,
2758 5176 2867 5213 non
2900 5160 3164 5223 audacia,
3196 5169 3291 5214 aut
3331 5160 3409 5214 ira
3431 5201 3445 5222 ,
3477 5171 3576 5215 ant

1991 5244 2193 5314 aliquis
2231 5245 2547 5316 bnjusmodi
2583 5248 2843 5313 affectus,
2876 5250 2970 5319 qui
3010 5251 3063 5304 in
3098 5251 3284 5304 animo
3318 5250 3441 5305 rudi
3473 5251 3572 5307 do-

1990 5338 2271 5405 minatur;
2305 5348 2360 5391 at
2396 5340 2661 5409 sapientia
2710 5342 2827 5411 ipsa
2868 5353 2984 5406 est,
3033 5343 3211 5412 inquit
3239 5344 3572 5413 Apostolus,

1988 5430 2377 5494 sanctiﬁcatio,
2413 5432 2617 5487 veritas
2638 5472 2653 5497 ,
2687 5449 2790 5503 pax
2811 5473 2826 5497 ,
2854 5440 2910 5488 et
2951 5433 3244 5503 gaudium,
3276 5436 3572 5506 omniaque

1986 5521 2093 5575 alia
2124 5522 2177 5577 id
2196 5523 2414 5592 generis
2434 5526 2500 5580 δ’.
2529 5524 2648 5591 Quo
2666 5526 2829 5596 igitur
2856 5526 3018 5581 modo
3049 5526 3175 5582 ltuic
3195 5527 3421 5597 junctus
3445 5543 3570 5585 esse

1987 5621 2169 5682 potest
2197 5614 2242 5668 is
2260 5653 2277 5675 .
2302 5615 2396 5684 qui
2441 5616 2737 5672 contrariis
2769 5616 3060 5672 affectibus
3105 5625 3323 5673 tenetur
3347 5620 3392 5651 ³³
3414 5619 3437 5673 ?
3461 5619 3569 5673 Aut

1989 5720 2100 5774 quo
2131 5705 2295 5759 modo
2327 5722 2433 5760 non
2470 5706 2775 5763 absurdum
2806 5717 2892 5764 est
2912 5748 2926 5774 ,
2956 5726 3080 5766 eum
3108 5713 3201 5782 qui
3238 5711 3479 5770 studiunt
3511 5711 3567 5767 in

351 5876 400 5909 ²⁹
431 5872 478 5929 ιι
511 5874 641 5930 Cor.
673 5888 752 5939 Vl,
790 5870 875 5926 14.
953 5870 997 5902 ⁸ο
1035 5867 1179 5926 Psal.
1210 5883 1365 5933 mn,
1395 5867 1451 5923 9.
1527 5865 1569 5899 ”
1610 5863 1754 5920 Psal.
1800 5878 1901 5917 ιιι

2006 5863 2089 5919 28.
2165 5862 2401 5920 "lCor.
2450 5879 2490 5933 t,
2538 5862 2630 5921 50.
2696 5866 2741 5899 ³³
2768 5865 2926 5923 Rom.
2961 5880 3087 5939 τιν,
3126 5869 3212 5923 17.
