4026 6434
509 411 615 469 387
1304 452 1307 455 .
1774 403 1834 459 S.
1873 400 2095 459 GBEGU

2200 397 2217 455 ι-
2237 398 2538 458 NYSSENI
3688 403 3790 461 388

506 544 576 584 eo
604 526 790 598 ponit,
823 531 885 579 ut
926 522 1078 579 nulla
1117 520 1472 579 aﬂectionum
1503 521 1556 576 vi
1599 520 1940 591 impeliatur,
1982 535 2086 591 pu-

2200 518 2395 588 μᾶλλον
2434 518 2494 572 δέ
2527 515 2695 572 αὐτοῦ
2728 514 2824 572 τοῦ
2849 513 2986 572 Θεοῦ
3026 514 3131 583 ἔξω
3166 516 3447 587 γενέσθαι,
3480 516 3543 583 ὃς
3580 516 3727 572 ἐστιν
3755 521 3788 592 ἡ

506 632 627 676 tare
661 619 714 673 in
743 632 811 674 eo
852 617 1001 687 quod
1043 616 1390 671 contrarium
1433 622 1557 680 est,
1607 628 1735 669 esse
1784 612 2095 667 virtutem?

2200 609 2463 681 παντελὴς
2503 610 2710 681 apes-ﬁ;
2743 610 2852 662 Kal.
2881 609 2991 681 γὰρ
3028 610 3122 664 ἐπὶ
3150 610 3259 664 τῶν
3291 611 3385 666 τοῦ
3410 610 3671 682 σώματος
3693 614 3789 684 ἀρ-

506 712 669 771 Verhi
700 726 901 777 causa,
936 711 981 768 si
1013 711 1109 781 qui
1153 711 1488 780 voluptatem
1537 708 1707 779 fugit,
1764 706 1958 762 dolore
2004 706 2095 762 hic

2200 702 2591 774 ρωστημάτων,
2620 700 2722 754 οὐκ
2752 701 2818 755 ἂν
2847 701 3130 772 διαφέρειν
3159 701 3220 755 τὸ
3248 702 3420 756 κακόν
3446 721 3537 768 τις
3563 705 3708 758 εἴποι
3727 706 3791 760 δι’

504 808 801 863 vincatur:
830 805 996 873 quive
1023 802 1312 856 audaciam
1339 815 1405 854 ac
1435 800 1798 854 temeritatem
1827 797 2093 858 declinat,

506 914 620 972 pra:
665 898 966 953 timiditate
999 896 1046 950 is
1093 894 1336 949 animum
1385 897 1701 962 prosternat
1742 898 1908 959 atque
1953 888 2095 956 abji-

505 994 653 1058 ciat,
693 999 788 1047 aut
818 991 912 1061 qui
950 989 1157 1044 invicto
1202 1000 1328 1041 esse
1359 985 1547 1039 animo
1581 982 1828 1046 studuit,
1864 981 1913 1037 is
1946 989 2090 1034 mrtu

507 1087 722 1141 fractus
752 1082 1036 1138 ceciderit.
1073 1077 1214 1145 Quid
1246 1079 1392 1132 enim
1422 1076 1696 1141 interest,
1732 1074 1837 1134 hoc
1878 1087 1947 1127 an
2000 1072 2095 1125 illo

506 1177 671 1233 modo
716 1176 843 1245 quis
882 1188 913 1227 a
958 1174 1161 1226 virtute
1207 1171 1401 1231 cadat,
1430 1168 1517 1222 vel
1567 1167 1754 1237 potius
1794 1180 1856 1221 se
1903 1179 1933 1219 a
1983 1163 2094 1217 Deo

506 1271 633 1339 ipso
664 1271 969 1329 removeat,
1002 1263 1092 1333 qui
1126 1262 1303 1315 virtus
1345 1259 1600 1315 absoluta
1645 1264 1761 1323 est,
1805 1270 1871 1311 ac
1910 1256 2094 1325 perfe-

508 1356 642 1410 cta?
671 1355 803 1407 Nam
840 1353 893 1407 in
927 1350 1311 1420 corporalibus
1342 1348 1800 1419 aegrotationibus
1835 1346 1973 1401 nihil
2009 1361 2096 1401 re-

509 1447 651 1504 ferre
678 1451 803 1516 quis
833 1445 1071 1507 dixerit,
1106 1451 1293 1496 utrum
1324 1441 1500 1495 morbi
1539 1441 1692 1495 tabes
1722 1453 1750 1491 ιι
1783 1438 1951 1513 nimia
1982 1438 2093 1493 cibi

506 1540 773 1596 tenuitate
796 1538 888 1603 sit,
918 1553 986 1590 an
1009 1536 1078 1590 ab
1101 1534 1466 1588 immoderata
1492 1532 1942 1602 ingurgitatione,
1966 1545 2093 1585 cum

506 1632 803 1700 utriusque
843 1627 1230 1682 itnmoderatio
1271 1624 1464 1680 eodem
1510 1624 1749 1678 termino
1797 1622 2097 1677 concluda-

508 1734 619 1780 tur.
669 1722 863 1792 Itaque
907 1720 1000 1789 qui
1039 1727 1095 1774 et
1143 1719 1313 1773 animi
1356 1718 1516 1780 vitae,
1559 1725 1615 1771 et
1657 1716 1855 1773 salutis
1899 1731 2092 1771 curam

2194 792 2643 866 ὑπερϐαλλούσης
2677 792 2905 857 ἐνδείας,
2945 794 2980 863 ἢ
3027 792 3135 847 ἀπὸ
3178 793 3506 866 πλησμονῆς
3552 795 3789 867 ἀμέτρου

2191 887 2580 959 διαφθαρῆναι,
2603 887 2685 951 είς
2707 886 2768 940 τὸ
2790 886 2924 941 αὐτὸ
2943 885 3118 957 πέρας
3137 885 3239 955 τῆς
3260 888 3318 939 ἐν
3341 887 3639 959 ἑκατέροις
3661 888 3792 958 ἀμε-

2194 980 2352 1052 τρίας
2381 979 2677 1052 ληγούσης.
2717 979 2928 1035 Οὐκοῦν
2956 979 3049 1033 καὶ
3086 981 3115 1033 ό
3141 978 3242 1049 τῆς
3269 979 3414 1033 κατὰ
3440 979 3627 1052 ψυχὴν
3652 979 3790 1053 ζωῆς

2193 1088 2254 1124 τε
2276 1073 2370 1125 καὶ
2402 1072 2613 1139 ὑγιείας
2639 1071 3051 1142 ἐπιμελόμενος,
3088 1070 3180 1125 ἐπὶ
3201 1069 3295 1125 τοῦ
3323 1071 3500 1143 μέσου
3536 1072 3639 1142 τῆς
3666 1071 3791 1143 άλη-

2196 1162 2349 1223 θείας
2388 1162 2579 1216 ἐαυτὸν
2612 1162 2865 1233 τηρήσει,
2912 1162 3121 1232 ἀμιγὴς
3171 1162 3266 1215 καὶ
3298 1162 3576 1233 ἀμέτοχος
3607 1161 3789 1233 διαμέ-

2195 1273 2303 1310 νων
2341 1256 2442 1327 τῆς
2476 1255 2815 1327 ἑκατέρωθεν
2840 1257 2906 1326 τῇ
2943 1257 3112 1326 ἀρετῇ
3161 1256 3591 1327 παρακειμένης
3640 1257 3782 1309 ἐναν-

2195 1349 2458 1421 τιότητος.
2494 1349 2610 1402 Οὐκ
2660 1348 2791 1419 ἐμὸς
2819 1350 2848 1402 ὁ
2893 1348 3072 1416 λόγος,
3105 1347 3222 1402 ἀλλ’
3268 1349 3445 1419 αὐτῆς
3498 1350 3603 1419 τῆς
3648 1347 3789 1412 θείας

2196 1443 2400 1512 φωνῆς,
2435 1441 2690 1514 Φανερῶς
2719 1440 2830 1512 γὰρ
2858 1440 2957 1510 τῆς
2985 1442 3080 1494 τοῦ
3113 1441 3321 1513 Κυρίου
3355 1441 3712 1506 διδασκαλίας
3733 1442 3791 1495 τὸ

2195 1535 2373 1605 δόγμα
2393 1534 2553 1588 τοῦτό
2585 1537 2756 1598 ἐστιν,
2786 1536 2844 1587 ἐν
2877 1529 2959 1599 οἷς
2991 1535 3232 1589 διδάσκει
3259 1534 3387 1598 τοὺς
3418 1533 3691 1605 μαθητὰς,
3719 1533 3790 1598 t'u;

2196 1627 2367 1698 ἄρνας
2414 1626 2599 1690 λύκοις
2650 1627 3277 1699 συναναστρεφομένους,
3326 1626 3405 1699 μὴ
3465 1626 3791 1697 περιστερὰς

2196 1715 2337 1773 εἶναι
2374 1719 2556 1789 μόνον,
2594 1719 2710 1773 ἀλλ’
2745 1718 2890 1789 ἔχειν
2915 1737 2968 1773 τι
2997 1722 3092 1773 καὶ
3117 1718 3213 1772 τοῦ
3242 1719 3424 1788 ὄφεως
3455 1722 3517 1773 ἐν
3538 1718 3617 1790 τῷ
3657 1717 3787 1790 ἤθει.

509 1816 708 1883 habet,
744 1815 797 1868 itt
833 1814 1114 1867 moderata
1147 1810 1383 1879 quadam
1414 1810 1583 1864 animi
1613 1809 1872 1879 aequitate
1906 1824 2095 1863 versa-

2200 1810 2374 1864 Τοῦτο
2400 1811 2456 1864 δέ
2486 1812 2623 1874 ἐστι,
2654 1810 2715 1864 τὸ
2747 1812 2885 1882 μήτε
2925 1810 3024 1881 τὴν
3048 1812 3325 1881 ἁπλότητα
3361 1810 3563 1864 δοκοῦν
3585 1811 3790 1864 ἐπαινε-

508 1911 677 1972 bitur,
710 1908 973 1976 quoniam
1013 1906 1065 1957 in
1098 1918 1162 1957 eo
1194 1910 1511 1972 permanet,
1545 1910 1604 1956 ut
1634 1903 1842 1957 nullam
1877 1916 1999 1956 cmn
2029 1916 2093 1956 ea

2200 1900 2297 1972 τὴν
2346 1903 2458 1964 τοῖς
2500 1872 2821 1973 ἀνθρώποις
2860 1902 2941 1965 είς
2979 1872 3148 1973 άκρον
3195 1872 3564 1973 ἐπιτηδεύειν,
3616 1902 3691 1967 ὡς
3725 1904 3786 1972 τῇ

505 1998 869 2070 repugnantia
900 2000 1225 2051 societatem
1270 1994 1506 2056 habeat,
1554 2008 1678 2062 qua:
1722 1994 1795 2048 sit
1836 1994 2095 2063 utrinque

2200 1996 2402 2068 ἐσχάτη
2425 1997 2581 2067 ἀνοίᾳ
2601 1995 2701 2064 τῆς
2716 1994 2974 2065 τοιαύτης
2996 1993 3161 2059 ἕξεως
3186 1994 3605 2066 πλησιαζούσης
3624 2011 3636 2024 ο
3662 1994 3790 2065 μήτε

503 2093 695 2149 virtuti
729 2091 999 2160 Opposita.
1027 2087 1144 2142 Non
1175 2101 1295 2142 mea
1317 2084 1539 2156 quidem
1566 2087 1682 2141 bare
1715 2093 1835 2150 est,
1868 2085 1963 2140 sed
1999 2100 2095 2139 vo-

2200 2090 2297 2160 τὴν
2343 2087 2745 2159 ἐπαινουμένην
2793 2086 2900 2140 ὑπὸ
2945 2086 3056 2141 τῶν
3104 2086 3316 2140 πολλῶν
3364 2086 3650 2157 δεινότητα
3705 2084 3790 2139 καὶ

503 2187 585 2241 cis
617 2184 793 2256 ipsius
824 2183 1026 2237 divinae
1072 2179 1272 2234 oratio.
1317 2176 1522 2248 Aperte
1568 2175 1786 2233 Domini
1827 2177 2095 2232 doctrinm

2200 2180 2558 2253 πανουργίαν,
2581 2180 2756 2251 ἀμιγῆ
2796 2179 2908 2232 τῶν
2958 2180 3218 2233 ἐναντίων
3260 2179 3359 2234 καὶ
3391 2181 3632 2251 ἄκρατον
3674 2179 3790 2248 ἀρε-

503 2279 611 2334 hoc
637 2286 966 2349 prmeeptum
998 2280 1119 2337 est,
1150 2273 1203 2326 in
1238 2272 1307 2327 iis
1338 2288 1461 2342 quae
1488 2271 1792 2341 discipulos
1816 2270 1977 2323 docet
2002 2285 2095 2323 ve-

2200 2272 2299 2343 τὴυ
2333 2272 2604 2344 νομίζειν·
2640 2274 2706 2326 ἐκ
2731 2272 2787 2325 δέ
2825 2273 2924 2343 τῆς
2953 2270 3216 2342 δοκούσης
3248 2269 3628 2341 ἐναντιότητος
3672 2268 3789 2340 μίαν

505 2373 587 2425 lut
617 2385 789 2439 agnos
827 2370 970 2422 inter
1006 2366 1167 2436 lupos
1198 2373 1519 2425 versantes,
1553 2374 1613 2417 ut
1641 2379 1751 2417 non
1785 2364 1963 2418 solum
1995 2378 2094 2417 co-

2200 2363 2322 2416 τινὰ
2381 2362 2834 2433 συγκεκραμένην
2881 2362 3044 2434 ἤθους
3100 2362 3439 2416 κατάστασιν
3497 2357 3789 2431 ἀπεργάζε-

504 2462 704 2517 lumbus
732 2461 844 2517 sint
864 2501 880 2527 ,
908 2459 1002 2514 sed
1040 2456 1250 2527 aliquid
1278 2456 1442 2511 etiam
1468 2454 1740 2524 serpentis
1766 2455 1819 2506 iu
1845 2455 2093 2509 moribus

2203 2456 2347 2518 σθαι,
2387 2456 2487 2527 τῆς
2541 2457 2639 2526 μὲν
2671 2456 2732 2509 τὸ
2781 2456 3029 2526 ἀνόητον,
3069 2454 3169 2526 τῆς
3225 2455 3284 2509 δὲ
3335 2454 3401 2508 τὸ
3459 2456 3517 2507 ἐν
3572 2451 3789 2524 πονηρίᾳ

505 2553 763 2607 habeant.
814 2548 928 2604 Hoc
962 2564 1097 2603 sane
1127 2554 1250 2609 est,
1285 2552 1346 2598 ut
1391 2559 1568 2614 neque
1598 2544 1745 2614 quod
1794 2544 1849 2598 in
1882 2545 2094 2614 simpli-

2203 2549 2367 2620 σοφὸν
2408 2549 2843 2621 περικόψαντας·
2871 2549 2947 2612 ὡς
2970 2548 3028 2615 ἐξ
3052 2547 3330 2620 ἑκατέρων
3360 2546 3422 2600 ἓν
3450 2542 3789 2612 ἀποτελεσθῆ-

503 2646 674 2700 citate
718 2642 1033 2697 hominibus
1084 2638 1421 2693 laudandum
1465 2638 1739 2702 videatur,
1789 2637 2094 2707 impensius

2200 2660 2289 2696 ναι
2313 2642 2476 2695 καλὸν
2506 2641 2865 2712 ἐπιτήδευμα,
2895 2640 3157 2711 ἁπλότητι
3182 2639 3411 2711 γνώμης
3435 2640 3531 2694 καὶ
3558 2636 3787 2708 ἀγχινοίᾳ

502 2742 925 2794 consectentur,
963 2732 1111 2802 quod
1157 2732 1204 2785 is
1257 2729 1478 2784 habitus
1534 2726 1603 2781 ad
1642 2736 1947 2783 extremam
1995 2728 2092 2784 de-

2203 2734 2671 2807 συγκεκραμένον.
2705 2752 2724 2784 ι
2763 2733 2984 2787 Γίνεσθε
3022 2753 3040 2785 ι
3067 2731 3196 2803 γὰρ,
3226 2733 3384 2804 φησι,
3409 2752 3427 2784 ι
3456 2731 3699 2803 φρόνιμοι
3720 2726 3786 2790 ὡς

504 2828 765 2884 mentiam
805 2826 1032 2896 prnpius
1062 2823 1291 2878 accedat
1315 2860 1329 2885 ,
1366 2836 1545 2892 neque
1568 2837 1790 2877 rursum
1823 2821 2095 2878 callidita-

2205 2830 2256 2882 ol
2293 2828 2467 2898 ὄφεις,
2503 2827 2599 2881 καὶ
2646 2825 2898 2897 ἀκέραιοι
2943 2825 3017 2887 ὡς
3065 2825 3121 2877 αἱ
3151 2824 3497 2895 περιστεραί,
3538 2843 3558 2875 ι

503 2933 612 2978 tem
646 2939 710 2977 ac
744 2920 1057 2982 vafritiem,
1090 2932 1255 2989 quam
1302 2918 1554 2988 plerique
1605 2917 1861 2974 homines
1939 2924 2279 2992 praedicant,
2346 2940 2554 2979 meram
2621 2931 2787 2993 atque
2854 2921 3253 2991 itnpermistam
3298 2921 3583 2976 contrario
3628 2914 3783 2968 virtu-

502 3022 615 3069 tetn
646 3011 917 3075 credant,
969 3009 1067 3065 sed
1133 3024 1200 3064 ex
1254 3007 1596 3064 adversariis
1642 3009 1810 3065 rebus
1857 3026 2026 3067 unum
2089 3016 2314 3088 aliquod
2382 3024 2749 3088 tetrperatum
2810 3029 3028 3069 morum
3072 3029 3247 3085 genus
3292 3013 3627 3078 conficiant,
3671 3008 3784 3062 hinc

503 3108 819 3170 dementia,
892 3103 1048 3158 illinc
1093 3102 1372 3157 malitiosa
1414 3102 1686 3172 sapientia
1731 3103 1950 3171 recisa,
2016 3124 2088 3179 qu

2216 3126 2281 3165 ex
2332 3118 2568 3180 utroque
2616 3106 2899 3163 contrario
2948 3122 3118 3161 unum
3166 3103 3474 3176 perfectum
3522 3104 3594 3158 sit
3634 3101 3781 3154 hone-

503 3212 690 3267 stum,
729 3199 882 3273 quod
921 3209 977 3255 et
1017 3215 1080 3253 ex
1138 3196 1307 3252 animi
1356 3198 1716 3268 simplicitate
1753 3206 1810 3255 et
1849 3203 2078 3260 solertia
2117 3205 2420 3263 conflatum
2475 3211 2582 3261 est.
2612 3222 2632 3257 ι
2664 3202 2855 3260 Estote
2884 3222 2904 3255 ι
2927 3202 3100 3269 enim,
3131 3201 3313 3273 inquit
3343 3203 3416 3271 ",
3462 3220 3481 3253 ι
3506 3197 3780 3273 prudentes

506 3306 567 3353 ut
598 3302 922 3367 serpentes,
950 3292 1234 3363 simplices
1267 3298 1325 3345 ut
1358 3292 1649 3349 columbae.

1078 3409 1313 3467 CAPUT
1363 3408 1526 3466 xvn.
2128 3399 2173 3459 ϐ

648 3527 843 3585 Omnes
893 3526 1062 3580 animi
1105 3533 1392 3599 potestates
1440 3527 1692 3582 virtutem
1722 3537 1962 3599 spectare

1194 3597 1401 3651 debent.

574 3691 731 3760 Quod
766 3690 935 3763 igitur
961 3704 1031 3745 eo
1063 3690 1187 3744 loco
1213 3689 1423 3745 dictum
1455 3698 1542 3745 est
1578 3706 1607 3744 ,ι
1644 3689 1914 3758 Domino,
1946 3707 2101 3747 com-

501 3798 674 3841 mune
705 3782 775 3837 sit
805 3782 990 3836 omnis
1040 3781 1164 3835 vitae
1211 3789 1582 3851 praeceptum,
1637 3783 1709 3839 iis
1756 3787 2095 3854 praasertim,

504 3877 597 3949 qui
628 3874 963 3945 virginitatis
994 3872 1183 3927 studio
1210 3872 1277 3925 ad
1308 3873 1478 3928 Deum
1513 3875 1819 3940 accedunt,
1852 3885 1939 3940 ιιι,
1974 3893 2096 3931 cum

505 3971 574 4025 ad
606 3982 775 4023 unum
812 3965 1035 4035 aliquod
1076 3975 1290 4020 rectum
1338 3965 1579 4020 officium
1612 3968 1951 4038 respiciant,
1987 3986 2097 4023 non

2808 3412 3062 3468 KEQAh.
3107 3412 3205 3469 IZ'.

2210 3531 2341 3581 ὀε-ι
2383 3525 2501 3598 χρὴ
2543 3526 2746 3593 πάσας
2787 3527 2896 3598 τὰς
2923 3525 3035 3594 τῆς
3073 3525 3283 3598 ψυχῆς
3318 3525 3609 3597 δυνάμεις
3640 3517 3777 3592 πρὸς

2728 3597 2953 3666 ἀρετὴν
2983 3597 3263 3662 βλέπειν.

2277 3688 2488 3743 Οὐκοῦν
2534 3689 2671 3762 ὅπερ
2711 3688 2945 3743 ἐνταῦθα
2985 3689 3203 3762 εἴρηται
3250 3689 3408 3760 παρὰ
3450 3686 3544 3742 τοῦ
3572 3682 3775 3755 Κυρίου.

2207 3783 2388 3837 κοινὸν
2414 3784 2555 3837 ἔστω
2595 3783 2770 3854 δόγμα
2792 3782 2888 3837 τοῦ
2921 3783 3035 3854 βίου
3068 3782 3290 3846 παντὸς,
3328 3784 3428 3837 καὶ
3454 3781 3676 3855 μάλιστα
3696 3774 3776 3828 ἐπὶ

2206 3877 2314 3931 τῶν
2340 3876 2428 3929 διὰ
2468 3875 2767 3945 παρθενίας
2804 3874 2882 3947 τῷ
2912 3874 3031 3947 Θεῷ
3075 3875 3430 3948 προσιόντων,
3464 3874 3525 3928 τὺ
3558 3872 3629 3944 μὴ
3659 3864 3776 3939 πρὸς

2206 3971 2265 4023 ἐν
2287 3987 2339 4023 τι
2366 3968 2701 4040 κατόρθωμα
2724 3968 3041 4038 βλέποντας,
3067 3968 3177 4022 τῶν
3197 3969 3461 4023 ἐναντίων
3479 3964 3775 4036 ἀφυλάκτως

2206 4064 2293 4134 ἔχε
2303 4080 2371 4125 ιν,
2397 4062 2533 4115 ἀλλὰ
2552 4062 2890 4132 πανταχόθεν
2910 4061 3121 4125 ἑαυτοῖς
3138 4061 3200 4114 τὸ
3217 4062 3423 4131 ἀγαθὸν
3444 4057 3771 4131 ἐξευρίσκειν.

2205 4157 2281 4220 ὡς
2312 4156 2378 4210 ἂν
2410 4154 2495 4208 διὰ
2536 4154 2755 4209 πάντων
2777 4153 2839 4207 τὸ
2864 4153 3106 4223 ἀσφαλὲς
3151 4153 3372 4227 ὑπάρχῃ
3406 4154 3480 4225 τῷ
3516 4151 3631 4224 βίῳ.
3657 4142 3774 4200 Οὐδὲ

2205 4250 2312 4321 γὰρ
2343 4247 2678 4320 στρατιώτης
2723 4247 2863 4319 μέρη
2912 4246 3039 4299 τινὰ
3079 4249 3193 4310 τοῖς
3219 4247 3408 4312 ὅπλοις
3438 4243 3770 4317 φραξάμενος,

2204 4341 2395 4413 γυμνῷ
2424 4339 2721 4394 κινδυνεύει
2765 4337 2844 4409 τῷ
2889 4337 3061 4409 λοιπῷ
3093 4337 3329 4409 σώματι.
3366 4338 3434 4391 Τί
3471 4337 3579 4408 γάρ
3605 4328 3772 4400 κέρδος

2204 4435 2354 4505 αὐτῷ
2383 4435 2481 4503 τῆς
2511 4433 2604 4485 ἐπὶ
2635 4431 2837 4502 μέρους
2866 4430 3156 4495 ὁπλίσεως,
3190 4432 3239 4484 εί
3266 4430 3412 4485 κατὰ
3437 4429 3544 4483 τῶν
3571 4419 3769 4495 γυμνῶν

2203 4525 2301 4597 τὴν
2335 4524 2556 4594 καιρίαν
2582 4522 2831 4588 δέξαιτο;
2875 4522 2971 4583 Τίς
2997 4521 3041 4575 δ’
3074 4522 3140 4575 ἂν
3173 4521 3450 4594 εῦμορφον
3480 4517 3769 4589 ὀνομάσειεν

2203 4620 2399 4679 ἐκεῖνο,
2431 4616 2460 4669 ὃ
2482 4615 2590 4669 τῶν
2623 4617 2704 4678 είς
2726 4614 3032 4685 εὐμορφίαν
3055 4632 3106 4667 τι
3135 4614 3532 4669 συντελούντων
3561 4610 3621 4663 ἐκ
3642 4616 3767 4663 τινος

2207 4711 2491 4781 συμφορᾶς
2527 4707 2960 4779 περικέκοπταις
3005 4708 3071 4759 Ἠ
3109 4706 3219 4780 γὰρ
3257 4707 3387 4780 περὶ
3408 4707 3470 4760 τὸ
3502 4704 3672 4757 λεῖπον
3696 4695 3768 4749 αἱ·

507 4061 671 4116 ntodo
703 4074 791 4115 res
817 4057 1130 4112 contrarias
1161 4064 1396 4109 caveant
1418 4094 1432 4120 ,
1468 4056 1562 4111 sed
1594 4058 1741 4127 quod
1774 4058 1978 4112 bonum
2015 4069 2102 4114 est

506 4152 749 4222 undique
779 4149 886 4207 sibi
916 4149 1214 4219 colligant,
1259 4154 1319 4201 ιιι
1361 4147 1622 4204 omnibus
1668 4149 1981 4219 quaerendis
2018 4149 2099 4204 vi-

506 4255 616 4301 tam
652 4247 708 4299 iu
742 4252 863 4298 tuto
892 4242 1191 4296 collocent.
1230 4238 1423 4311 Neque
1452 4242 1600 4295 enim
1638 4242 1800 4297 miles
1827 4280 1843 4306 ,
1872 4243 1966 4312 qui
2007 4257 2097 4295 ar-

509 4340 615 4393 mis
642 4346 855 4408 partem
887 4336 1130 4405 aliquam
1164 4336 1420 4405 corporis
1471 4335 1769 4401 munierit,
1824 4336 2097 4406 reliquum

503 4443 707 4498 corpus
739 4430 911 4482 armis
948 4429 1160 4481 nudum
1195 4426 1444 4495 periculo
1476 4427 1726 4498 objiciet.
1758 4426 1900 4494 Quid
1950 4429 2096 4482 enim

505 4524 555 4578 ei
593 4522 731 4575 lucri
762 4530 940 4575 estex
979 4530 1135 4592 parte
1166 4523 1421 4591 corporis
1455 4531 1702 4588 armata,
1736 4523 1784 4578 si
1830 4524 1884 4578 in
1923 4524 2097 4592 parti—

506 4615 613 4670 bus
642 4614 806 4668 nudis
834 4613 1085 4666 lethaleut
1121 4614 1334 4682 plagam
1384 4613 1667 4683 accipiat?
1712 4613 1852 4679 Quis
1894 4613 2098 4668 formo~

507 4723 630 4763 sum
662 4721 785 4760 cum
819 4704 1021 4757 dixerit
1043 4744 1057 4766 ,
1091 4704 1177 4757 cui
1210 4720 1277 4757 ex
1321 4704 1424 4765 iis,
1454 4720 1577 4774 qua:
1621 4704 1688 4758 ad
1741 4705 1933 4760 fortuna:
1975 4722 2098 4776 spe-

505 4799 646 4853 ciem
680 4798 954 4857 attinent,
1001 4793 1207 4863 aliqnid
1252 4801 1341 4849 est
1385 4794 1702 4848 calamitate
1750 4796 2095 4851 rescissum?

2205 4800 2374 4871 σχύνη
2406 4802 2499 4852 καὶ
2526 4798 2622 4870 τὴν
2648 4797 2741 4850 τοῦ
2770 4796 3104 4866 ὑγιαίνοντος
3134 4799 3293 4870 χάριν
3324 4797 3683 4868 διελυμήνατο.
3712 4784 3764 4837 El

506 4886 817 4959 Turpitudo
846 4887 994 4941 enim
1026 4899 1093 4939 ac
1122 4884 1451 4939 deformitas
1478 4888 1652 4956 partis
1678 4885 1831 4941 illius
1861 4895 2094 4949 truncze,

2203 4894 2260 4947 δὲ
2299 4890 2702 4960 καταγέλαστός
2746 4893 2884 4955 ἐστι,
2932 4889 3115 4954 καθώς
3152 4892 3285 4962 φησί
3317 4909 3420 4946 που
3454 4890 3515 4944 τὸ
3545 4876 3763 4950 Εὐαγγέ-

505 4987 855 5038 venustatem
890 4978 1117 5047 intcgrtc
1148 4976 1478 5046 corrumpit.
1522 4976 1681 5042 Quod
1729 4977 1812 5042 si,
1857 4987 1916 5032 ιιι
1958 4994 2095 5049 quo-

2204 4985 2335 5042 λιον,
2371 4984 2399 5037 ὁ
2427 4982 2756 5053 ἐγχειρήσας
2784 4984 2885 5053 μὲν
2912 4986 2979 5054 τῇ
3014 4984 3104 5036 τοῦ
3131 4984 3342 5055 πύργου
3372 4977 3686 5044 κατασκευῇ.
3710 4969 3759 5020 ἐν

506 5076 632 5129 dam
667 5076 789 5128 loco
829 5074 1097 5142 scriptum
1128 5079 1214 5125 est
1246 5071 1313 5136 ³⁸,
1350 5071 1618 5125 ridiculus
1648 5081 1753 5136 est,
1790 5072 1884 5142 qui
1929 5074 2095 5126 turris

2205 5075 2476 5146 θεμελίοις
2513 5074 2567 5127 δέ
2602 5074 2698 5145 τὴν
2733 5077 2969 5147 σπουδὴν
2994 5076 3189 5129 ἐαυτοῦ
3225 5078 3447 5149 στήσας,
3472 5074 3560 5129 καὶ
3588 5065 3670 5121 τοῦ
3694 5061 3768 5115 τέο

505 5168 798 5221 aedificium
829 5180 1161 5236 aggressus,
1192 5171 1360 5235 atque
1403 5163 1458 5218 in
1505 5163 1881 5220 fundamentis
1928 5181 2093 5219 omne

2200 5169 2323 5231 λους
2344 5166 2443 5219 οὐκ
2476 5166 2797 5237 ἐφικόμενος
2823 5185 2835 5198 ·
2863 5169 2916 5221 τί
2950 5169 3078 5222 ἄλλο
3102 5171 3165 5222 ἐκ
3191 5172 3290 5238 τῆς
3324 5163 3623 5240 παραϐολῆς
3650 5152 3761 5209 ταύ-

508 5261 728 5329 quidem
779 5260 1021 5313 studium
1075 5273 1236 5312 sumn
1282 5273 1410 5312 cum
1459 5258 1739 5327 posuerit,
1789 5268 2092 5313 extremam

2200 5277 2299 5331 της
2338 5258 2703 5329 μανθάνομεν,
2741 5258 2776 5330 ἢ
2820 5261 2879 5313 τὸ
2910 5260 3092 5329 πάσης
3125 5259 3335 5331 ὑψηλῆς
3370 5255 3658 5330 προθέσεως
3682 5242 3760 5295 ἐπὶ

510 5351 723 5404 aedificii
752 5361 960 5420 partem
990 5367 1099 5405 non
1128 5361 1213 5406 est
1242 5364 1541 5406 exsecutus
1564 5390 1578 5415 ,
1612 5352 1743 5421 quid
1773 5367 1837 5405 ex
1869 5351 1970 5406 hac
1999 5367 2095 5406 nos

2201 5353 2262 5404 τὸ
2293 5351 2467 5421 πέρας
2513 5349 2736 5419 φθάνειν
2783 5351 3197 5412 ἐσπουδακέναι,
3242 5353 3357 5414 ταῖς
3391 5345 3642 5403 ποικίλαις
3666 5332 3757 5386 τῶν

515 5441 771 5507 parabola
799 5442 944 5497 aliud
974 5444 1389 5512 cognoscimus,
1417 5456 1581 5511 quam
1608 5450 1698 5503 ιιι,
1732 5442 2013 5512 proposita
2043 5457 2095 5494 re

2204 5442 2433 5497 ἐντολῶν
2480 5442 2790 5512 οἰκοδομαῖς
2830 5443 2893 5495 τὸ
2925 5442 3087 5513 ἔργον
3131 5441 3226 5496 τοῦ
3262 5443 3396 5497 Θεοῦ
3423 5432 3754 5493 τελειοῦνταςὶ

515 5534 699 5601 aliqua
728 5534 978 5597 sublimi,
1026 5535 1186 5590 linem
1232 5535 1452 5606 assequi
1483 5535 1772 5600 studeant,
1807 5536 1901 5605 qui
1932 5536 2095 5589 variis

2206 5536 2345 5589 Οὔτε
2370 5535 2515 5599 λίθος
2554 5529 2635 5598 εἷς
2682 5537 2714 5606 ἡ
2754 5536 2903 5588 πᾶσα
2931 5536 3187 5607 οἰκοδομὴ
3238 5536 3333 5589 τοῦ
3382 5533 3578 5603 πύργου
3607 5518 3749 5576 ἑστὶνο

512 5622 893 5679 mandaturum
936 5627 1091 5694 quasi
1125 5629 1423 5682 structuris
1470 5626 1563 5681 Dei
1588 5642 1726 5697 opus
1764 5627 2095 5694 perficiunt?

2200 5626 2323 5680 οὔτε
2369 5626 2555 5698 ἐντολὴ
2588 5628 2685 5697 μία
2717 5626 2852 5697 πρὸς
2889 5627 2949 5685 τὸ
2982 5627 3409 5698 ἐπιζητούμενον
3439 5622 3619 5694 μέτρον
3648 5612 3751 5676 ἄγει

513 5709 701 5783 Neque
727 5715 871 5769 enim
903 5714 1044 5784 lapis
1071 5731 1211 5771 unus
1256 5726 1365 5771 tota
1411 5723 1498 5771 est
1546 5718 1718 5774 turris
1771 5717 2093 5785 aedificatio,

2200 5721 2299 5794 τὴν
2343 5721 2443 5791 τῆς
2488 5708 2666 5793 “ruﬁ;
2701 5721 3018 5793 τελειότητα
3044 5738 3059 5754 ο
3089 5722 3226 5779 ἀλλὰ
3273 5724 3370 5779 καὶ
3408 5720 3493 5775 τὸν
3532 5704 3762 5782 θεμέλιοντ

583 5869 632 5903 ³⁸
667 5873 854 5932 Matth.
888 5888 943 5942 π,
980 5866 1070 5923 46.
1148 5872 1192 5905 ³³³
1230 5874 1363 5931 Luc.
1404 5889 1512 5939 xiv,
1542 5872 1611 5929 28
1640 5890 1759 5945 sqq.
