4026 6432
231 396 331 458 389
1559 395 1648 451 DE
1689 395 2157 454 VIRGINITATE.
3415 398 3524 456 390

233 508 640 580 ὑποϐεσλῆσθαι
667 509 754 563 δεῖ
771 509 1006 574 πάντως,
1039 506 1222 572 καθώς
1237 523 1402 578 φησιν
1423 507 1452 561 6
1481 505 1823 574 ’Λπόστολος,

1932 523 2113 580 neque
2160 515 2492 580 praeceptum
2523 523 2659 565 sane
2686 524 2860 565 unum
2903 509 3304 582 perfectionem
3353 515 3521 570 animi

235 599 373 674 [καὶ]
400 601 506 672 τὴν
535 602 604 655 ὲκ
633 601 840 674 χρυσοῦ
874 601 968 655 καί
987 601 1149 655 λίθων
1176 599 1374 672 τιμίων
1392 597 1683 671 οἰκοδομὴν
1709 601 1825 652 ἐπι-

1935 599 2002 654 ad
2032 615 2161 655 eum
2186 599 2374 666 ducit,
2401 616 2566 672 quem
2597 617 2701 659 nos
2729 603 3034 674 qumrimus
3053 644 3070 668 ,
3112 604 3334 660 modum
3366 623 3382 672 ;
3424 605 3521 662 sed

233 691 440 746 θέσθαι.
476 691 641 745 Οὕτω
671 693 784 765 γὰρ
813 695 879 747 τὰ
902 692 1036 764 ἔργα
1070 691 1182 747 τῶν
1211 691 1439 746 ἐντολῶν
1479 692 1823 764 ὀνομάζεται,

1935 691 2139 760 iactum
2167 707 2293 749 esse
2317 701 2537 764 oportet
2559 694 2720 765 plane
2745 692 3164 751 fundamentum
3186 737 3202 760 ,
3233 704 3398 766 atque
3427 711 3525 751 su-

233 783 373 838 κατά
401 783 498 838 τὸν
521 784 750 837 εἰπόντα
794 785 1106 856 Προφήτην,
1129 785 1214 838 ὅτι
1239 803 1259 836 ι
1307 783 1600 856 Ἤγάπησα
1623 784 1722 850 τὰς
1743 786 1823 838 ἐν·

1932 797 2030 853 per
2058 798 2288 852 aurum,
2321 794 2381 840 ut
2409 785 2488 840 ait
2515 785 2854 858 Apostolus,
2887 795 2943 842 et
2987 787 3198 858 lapides
3243 787 3425 858 pretio
3457 773 3522 844 os

231 877 391 940 τολάς
403 894 502 931 σου
526 876 670 948 ὑπὲρ
681 877 922 949 χρυσίον,
936 876 1031 930 καὶ
1051 875 1198 929 λίθον
1213 876 1390 948 τίμιον
1410 875 1596 931 πολύν.
1621 895 1640 930 ι
1661 877 1821 931 Ὑπο-

1931 875 2222 932 aedificium
2267 877 2594 934 struendum
2634 886 2721 934 est
2769 878 2858 934 ³⁶ι
2905 879 2981 934 ita
3041 879 3189 934 enim
3233 881 3521 935 mandato-

231 970 437 1024 κείσθω
466 969 651 1023 τοίνυν
677 969 798 1023 ἀντὶ
822 967 1071 1040 θεμελίου
1095 967 1242 1032 τινὸς
1259 967 1339 1039 τῷ
1365 969 1487 1023 κατ’
1508 967 1708 1041 ἀρετὴν
1729 969 1821 1041 βίῳ

1932 983 2054 1024 rum
2085 985 2252 1041 opera
2280 969 2556 1041 Propheta
2584 971 2882 1041 appellavit
2915 972 3002 1028 his
3035 972 3218 1028 verbis
3245 989 3260 1026 :
3290 991 3309 1024 ι
3345 971 3518 1027 ῡίιειιί

229 1065 264 1134 ἡ
308 1062 444 1134 περὶ
475 1063 580 1135 τὴν
622 1061 920 1132 παρθενίαν
969 1062 1211 1134 σπουδή·
1260 1061 1722 1132 ἐποικοδομείσθω
1769 1062 1819 1117 δὲ

1931 1057 2192 1113 mandata
2227 1066 2520 1131 tua.super
2559 1073 2793 1126 aurum,
2837 1069 2894 1117 et
2934 1061 3170 1132 lapidem
3213 1063 3519 1132 pretiosum

227 1156 306 1226 τῷ
333 1155 576 1226 θεμελίῳ
601 1153 775 1225 τούτῳ
801 1155 978 1209 πάντα
1000 1155 1067 1208 τὰ
1092 1155 1232 1226 ἔργα
1257 1155 1358 1224 τῆς
1380 1154 1601 1226 ἀρετῆς.
1631 1155 1696 1209 Εἰ
1717 1153 1817 1228 γὰρ

1931 1147 2163 1202 multum
2195 1147 2262 1202 ³⁷.
2294 1167 2314 1202 ι
2343 1150 2522 1220 Atque
2549 1165 2648 1222 pro
2671 1150 2858 1222 aliquo
2895 1153 3118 1222 quidem
3159 1153 3521 1209 fundamento

225 1249 324 1301 mi.
354 1247 568 1316 σφόδρα
587 1245 745 1300 τοῦτο
774 1245 952 1318 τίμιον
972 1247 1066 1302 καί
1090 1245 1391 1318 θεοπρεπὲς
1410 1243 1550 1301 εἶναι
1573 1247 1815 1302 πιστεύε·

1931 1237 2006 1294 sit
2035 1238 2284 1297 honestae
2313 1241 2442 1297 vitae
2472 1243 2818 1314 propositum
2855 1244 3104 1299 studium
3139 1245 3517 1316 virginitatis;

222 1356 334 1404 ται,
378 1339 575 1410 ὥσπερ
608 1334 702 1392 οὖν
747 1339 842 1392 καὶ
901 1337 1015 1392 ἐστι
1065 1337 1160 1392 καί
1208 1339 1563 1392 πεπίστευται
1583 1355 1597 1371 ’
1629 1339 1744 1394 ἀλλ’
1777 1359 1804 1394 ε

1929 1337 1985 1386 et
2013 1345 2182 1402 super
2223 1332 2328 1388 hoc
2371 1331 2790 1390 fundamentum
2835 1346 3038 1392 cuncta
3081 1337 3305 1396 virtutis
3350 1353 3517 1408 opera

223 1430 304 1500 μὴ
325 1431 426 1482 καὶ
449 1429 572 1494 ὅλος
592 1431 620 1483 6
649 1428 762 1500 βίος
791 1428 966 1500 τούτῳ
999 1429 1286 1500 συμϐαίνοι
1315 1430 1394 1502 τῷ
1413 1431 1813 1503 κατορθώματι,

1928 1429 2315 1480 exstruuntur.
2349 1423 2466 1482 Etsi
2495 1427 2644 1482 enim
2675 1427 2837 1484 valde
2865 1429 3162 1485 honestum
3193 1433 3298 1485 hoc
3325 1439 3379 1488 et
3409 1429 3517 1485 Deo

219 1523 612 1594 ἐπιμόλὺνοιτο
643 1525 710 1594 τῇ
735 1523 922 1577 λοιπὸν
945 1523 1045 1595 τῆς
1067 1525 1246 1596 ψυχῆς
1276 1526 1492 1598 ἀταξίᾳ,
1527 1527 1685 1581 τοῦτό
1710 1530 1804 1581 ὲστ

1929 1516 2265 1572 conveniens
2305 1533 2431 1574 esse
2469 1519 2738 1586 creditur,
2772 1528 2832 1575 ut
2863 1535 2995 1578 sane
3021 1529 3076 1576 et
3105 1529 3191 1578 est
3211 1562 3226 1588 ,
3257 1531 3316 1579 et
3345 1523 3519 1578 credi-

217 1614 284 1668 τὸ
309 1613 539 1669 ἐνώτιον
567 1618 744 1670 ἐκεῖνο
766 1615 828 1670 τὸ
859 1617 917 1668 ὲν
944 1619 1012 1688 τῇ
1045 1617 1153 1686 ῥινὶ
1185 1619 1284 1689 τῆς
1315 1619 1462 1684 συὸς,
1490 1619 1523 1691 ἢ
1562 1622 1590 1674 6
1617 1637 1806 1692 μαργα.

1927 1605 2118 1662 ditur:
2149 1609 2258 1665 nisi
2293 1621 2478 1667 tamen
2509 1611 2638 1668 huic
2673 1615 2940 1684 praeclaro
2967 1613 3148 1670 otIicio
3189 1614 3300 1669 vita
3335 1615 3516 1671 omnis

221 1709 386 1780 ρίτης
429 1711 460 1762 6
506 1709 564 1762 ὲν
599 1711 714 1772 τοῖς
759 1710 888 1763 ποσὶ
929 1709 1040 1764 τῶν
1080 1709 1284 1782 χοίρων
1316 1711 1811 1784 καταπατούμενος.

1929 1701 2295 1770 respondeat,
2327 1715 2422 1758 aut
2452 1706 2500 1760 si
2533 1706 2746 1777 reliqua
2777 1706 2946 1762 animi
2991 1707 3411 1778 perturbatione
3441 1708 3519 1762 in-

231 1798 400 1852 ’Δλλά
431 1799 564 1872 περὶ
596 1799 696 1870 μὲν
725 1799 931 1855 τούτων
959 1801 1216 1856 τοσαῦτα.

1928 1790 2236 1860 quinetur;
2270 1791 2403 1846 illud
2433 1793 2651 1849 aurium
2679 1805 3065 1852 ornamentum
3097 1805 3218 1864 est,
3269 1796 3416 1868 quod
3461 1797 3517 1852 in

1857 1863 1897 1916 Β
1927 1887 2111 1937 rostro
2150 1883 2270 1938 suis
2289 1921 2306 1948 ,
2337 1892 2434 1938 aut
2463 1885 2760 1956 margarita
2784 1927 2801 1954 ,
2832 1902 2956 1958 quae
2986 1887 3060 1942 sit
3104 1863 3396 1958 porcorum
3427 1903 3519 1960 pe-

1923 1972 2096 2057 dibus
2124 1975 2474 2044 proculcata.
2509 1973 2616 2032 Sed
2646 1975 2714 2032 de
2745 1977 2832 2034 his
2859 1978 3082 2047 quidem
3115 1978 3408 2036 hactenus.

821 2085 1073 2140 ΚΕΦΑΛ.
1119 2086 1223 2142 ΙΗ’.

2487 2087 2720 2144 CAPUT
2758 2089 2947 2146 XVIII.

216 2196 394 2264 Μόνη
423 2197 464 2264 ἠ
496 2195 710 2276 ἀρετὴ..
737 2197 856 2276 κᾶν
887 2196 1143 2276 τέλειος,
1181 2197 1366 2276 οὐδὲν
1395 2201 1622 2276 ὠφελεῖ
1643 2201 1722 2270 τῷ
1753 2203 1806 2259 ἐν

1924 2195 2053 2252 Sola
2085 2197 2470 2276 virius,_e_tiam
2501 2200 2753 2276 perfecta,
2787 2201 2920 2256 m'ln'l
2954 2202 3412 2276 ontninorprodert
3443 2203 3514 2272 ei,

473 2265 624 2321 πᾶσι
650 2265 769 2336 τὴν
794 2267 1018 2336 ἀρετὴν
1037 2265 1150 2325 οὐκ
1185 2265 1568 2340 ἀσκουμένῳ.
1689 2265 1702 2270 ⁷

1689 2265 1702 2270 ⁷
2205 2271 2297 2340 qui
2321 2270 2376 2324 in
2403 2265 2646 2326 omnibus
2675 2273 2922 2327 virtutem
2951 2290 3054 2326 non
3083 2265 3227 2328 colit.

293 2361 356 2414 Εἰ
381 2359 442 2413 δέ
469 2377 556 2424 τις
585 2363 716 2432 παρ’
753 2361 906 2416 οὐδὲν
947 2365 1182 2418 ποιεῖται
1229 2362 1292 2417 τό
1329 2363 1406 2438 μὴ
1447 2365 1822 2438 συνηρμόσθαι

1996 2359 2054 2414 Si
2085 2375 2219 2415 vero
2245 2362 2369 2432 quis
2395 2377 2494 2432 pro
2523 2364 2698 2419 nihilo
2731 2371 2888 2434 putat
2945 2365 3070 2420 vitae
3099 2380 3215 2420 sua:
3247 2375 3516 2422 rationem

215 2451 330 2506 τινὶ
351 2450 446 2505 διὰ
467 2452 581 2506 τῶν
610 2452 961 2526 καταλλήλων
981 2454 1074 2509 τὸν
1097 2454 1234 2527 βίον,
1261 2457 1331 2512 τὰ
1357 2459 1417 2513 ὲν
1439 2457 1520 2531 τῷ
1545 2460 1680 2532 οἴκῳ
1703 2461 1805 2514 ἑαυι

1929 2453 2166 2524 cuipiam
2192 2453 2428 2510 invicem
2461 2458 2910 2524 accommodare,
2961 2473 3050 2514 res
3091 2475 3224 2515 suas
3254 2459 3519 2517 domesti-

220 2543 319 2596 τοῦ
340 2543 684 2614 θεασάμενος
705 2545 1051 2617 παιδευθήτω
1077 2550 1208 2620 περί
1231 2549 1326 2603 τοῦ
1347 2550 1638 2621 δόγματος.
1663 2554 1810 2606 Δοκεῖ

1928 2560 2020 2602 cas
2047 2551 2456 2618 contemplatus
2485 2550 2552 2604 ad
2595 2550 2701 2605 hoc
2739 2560 3070 2622 prmceptum
3101 2553 3411 2612 erudiatur.
3448 2553 3518 2609 Ut

221 2635 336 2704 γάρ
368 2653 483 2706 μοι,
513 2635 765 2708 καθάπερ
799 2638 891 2692 ἐπὶ
918 2641 1018 2710 τῆς
1047 2639 1182 2705 ἰδίας
1206 2642 1474 2712 οἰκήσεως
1499 2645 1528 2698 6
1555 2645 1649 2698 τοῦ
1669 2644 1811 2699 οἴκοι

1926 2641 2071 2694 enim
2107 2641 2508 2710 paterfamilias
2559 2643 2710 2698 domi
2764 2660 2878 2700 suae
2935 2661 3204 2716 passurus
3239 2647 3371 2700 mihi
3406 2662 3516 2701 non

217 2728 495 2800 δεσπότης
525 2729 625 2783 οὒκ
657 2730 1000 2797 ἀποδέξεται,
1035 2731 1258 2803 ἀπρεπῆ
1304 2733 1400 2786 καί
1432 2735 1718 2806 ἀσχήμονα
1751 2735 1807 2788 τᾶ

1924 2729 2166 2792 videtur,
2200 2739 2258 2784 ut
2285 2745 2374 2785 res
2407 2729 2604 2796 fmdas,
2643 2746 2706 2784 ac
2734 2738 2922 2801 turpes
2953 2741 3168 2798 cernat,
3200 2733 3368 2786 veluti
3405 2748 3514 2786 non

219 2820 286 2872 ὲν
327 2822 398 2892 τῇ
439 2821 589 2894 οἰκίᾳ
622 2821 862 2892 βλέπειν,
902 2821 937 2893 ἢ
989 2823 1179 2895 κλίνην
1223 2826 1734 2898 ἀνατετραμμένην,
1783 2828 1809 2899 ἦ

1926 2831 2158 2876 stratum
2195 2821 2416 2884 lectum,
2453 2833 2548 2877 aut
2583 2837 2830 2878 mensam
2861 2824 3108 2879 sordium
3151 2824 3392 2893 plenam,
3419 2831 3516 2879 aut

219 2911 412 2984 πλήρη
445 2913 654 2984 κόπρου
698 2912 799 2984 τὴν
833 2912 1134 2986 τράπεζαν,
1167 2915 1200 2988 ἢ
1249 2917 1322 2971 τὰ
1363 2917 1463 2988 μὲν
1505 2918 1664 2990 τίμια
1711 2919 1809 2973 τῶν

1925 2927 2054 2968 vasa
2103 2914 2343 2984 pretiosa
2398 2927 2522 2985 qua:
2569 2914 2755 2984 aliquo
2790 2914 3042 2986 conjecta
3077 2915 3211 2980 sint,
3262 2915 3354 2970 tibi
3392 2930 3515 2972 sor-

216 3004 442 3058 σκευῶν
470 3006 530 3057 ἐν
553 3006 822 3077 ῥυπαροῖς
839 3021 950 3059 τισι
976 3006 1163 3072 τόποις
1185 3009 1576 3082 ἀπερριμμένοι
1595 3027 1608 3042 ·
1642 3011 1742 3065 ὅσα
1761 3009 1806 3064 δὲ

1922 3004 2072 3060 dium
2098 3006 2242 3061 situs
2265 3013 2388 3072 est;
2424 3021 2547 3077 qua:
2585 3021 2712 3062 vero
2747 3015 2879 3061 sunt
2923 3007 2989 3061 ad
3020 3023 3154 3063 usus
3193 3009 3380 3064 minus
3408 3008 3512 3064 ho-

217 3095 361 3166 πρδς
390 3095 494 3159 τὰς
521 3095 878 3168 ἀτιμοτέρους
908 3096 1213 3169 ὑπηρεσίας
1239 3100 1404 3157 ἐστὶν.
1439 3103 1496 3153 ὲν
1522 3100 1807 3173 ὀφθαλμοῖς

1922 3107 2112 3154 nestos
2133 3101 2550 3154 accommodata
2572 3099 2626 3154 in
2646 3101 2825 3156 oculis
2854 3101 3178 3157 adeuntium
3212 3101 3304 3156 illa
3334 3102 3511 3174 posita

215 3187 568 3257 προκείμενα
605 3187 716 3242 τῶν
743 3189 1022 3243 εἰσιόντων
1041 3206 1053 3219 ·
1079 3189 1216 3248 ἀλλά
1256 3192 1436 3248 πάντα
1465 3195 1805 3266 εὐσχημόνως

1925 3191 2066 3259 sint;
2105 3191 2198 3246 sed
2235 3197 2362 3262 apte
2384 3192 2476 3247 ille
2507 3202 2674 3263 atque
2703 3192 2900 3250 ordine
2923 3202 3073 3249 recto
3107 3202 3308 3250 cuncta
3342 3196 3515 3250 collo-

213 3279 318 3332 καὶ
347 3277 496 3332 κατά
526 3278 682 3345 τάξιν
703 3280 805 3352 τὴν
837 3280 1155 3352 πρέπουσαν
1183 3282 1410 3349 διαθεὶς,
1445 3285 1541 3340 καί
1581 3286 1803 3359 ἑκάστηι

1923 3281 2124 3346 cando,
2157 3296 2432 3352 suumque
2471 3282 2672 3352 cuique
2699 3284 2776 3338 rei
2808 3283 2988 3338 locum
3033 3284 3358 3349 tribuendo;
3386 3299 3513 3340 cum

213 3375 574 3448 ἁρμόζουσαν
595 3377 830 3442 ἀποδοὺς
856 3375 1064 3449 χώραν,
1097 3378 1317 3452 θαρῤῶν
1339 3379 1662 3452 ἀποδέχεται
1693 3381 1803 3444 τοὺς

1923 3375 2267 3442 exploratum
2301 3375 2504 3430 habeat
2541 3391 2652 3444 quo
2681 3376 2876 3430 ordine
2923 3391 3012 3430 res
3043 3375 3193 3430 domi
3233 3391 3349 3431 sum
3377 3377 3513 3442 sint,

212 3470 707 3542 ὲπιξενουμένους·
757 3471 834 3534 ὡς
882 3469 1141 3542 οὐδεμίαν
1184 3469 1450 3542 αἰσχύνην
1491 3471 1744 3543 ὀφλήσων
1770 3489 1796 3524 ε

1924 3473 2038 3518 tum
2071 3464 2260 3520 fidenti
2289 3467 2500 3532 animo,
2528 3467 2694 3537 quasi
2737 3468 2892 3522 nullo
2925 3469 3134 3538 pudore
3173 3469 3511 3537 prohibitus,

209 3564 436 3634 φανερὰ
458 3562 688 3632 γένοιτο,
715 3563 865 3626 ὅπως
891 3561 1042 3635 αὐτῷ
1069 3563 1137 3616 τὰ
1167 3562 1312 3619 κατά
1338 3563 1439 3636 τὴν
1473 3563 1654 3618 οἰκίαν
1681 3562 1794 3634 ἔχοι

1926 3554 2174 3624 hospites
2203 3571 2268 3608 ac
2307 3555 2633 3625 peregrinos
2687 3557 2964 3627 excipiet:
2997 3558 3189 3612 eodem
3223 3557 3386 3612 modo
3413 3564 3516 3612 do-

210 3655 396 3721 οΰτως
437 3651 594 3728 οἶμαι
641 3655 840 3728 χρῆναι
871 3655 966 3709 καὶ
1001 3654 1094 3710 τὸν
1119 3655 1217 3710 τοῦ
1257 3655 1618 3728 σκηνώματος
1659 3658 1800 3728 ὴμῶε

1922 3645 2111 3698 mieilii
2153 3648 2326 3702 nostri
2354 3646 2581 3702 domino
2612 3662 2675 3702 ac
2705 3648 3067 3712 moderatori,
3106 3664 3306 3720 nempe
3342 3650 3512 3704 ratio-

210 3749 611 3820 οἰκοδεσπότην
649 3749 744 3803 καὶ.
786 3748 1091 3819 οἰκονόμον,
1129 3749 1222 3803 τὸν
1265 3748 1392 3804 νοῦν
1421 3747 1586 3818 λέγω,
1623 3752 1732 3804 πᾶν
1757 3751 1800 3804 τὲ

1925 3735 1999 3802 ni,
2034 3736 2304 3806 agendum
2337 3753 2462 3792 esse
2509 3737 2788 3802 arbitror;
2821 3746 2902 3806 ut,
2939 3753 3061 3808 qua:
3091 3739 3146 3792 in
3180 3738 3341 3794 nobis
3381 3745 3515 3794 sunt

212 3842 279 3894 ἐν
305 3841 442 3912 ἡμῖν
475 3835 534 3894 εὖ
561 3839 916 3907 διατίθεσθαι,
943 3839 1149 3912 ἑκάστῃ
1173 3857 1232 3894 τε
1261 3840 1370 3894 τῶν
1391 3840 1492 3913 τῆς
1522 3839 1702 3914 ψυχῆς
1727 3841 1802 3896 δυ-

1925 3830 2104 3884 omnia
2137 3839 2290 3883 recte
2323 3827 2598 3894 instituat,
2637 3829 2982 3900 singulisque
3019 3830 3190 3884 animi
3227 3829 3515 3901 potestati-

211 3931 461 4002 νάμεων,
499 3930 566 3993 ἀς
598 3931 718 3984 ἀντί
746 3928 995 4001 ὀργάνων
1027 3929 1125 3984 καὶ
1169 3929 1380 3984 σκευῶν
1423 3933 1452 3984 6
1473 3932 1801 4004 Δημιουργὸς

1923 3921 2046 3984 bus,
2091 3937 2232 3992 quas
2287 3929 2342 3975 ct
2397 3936 2498 3993 pro
2531 3922 2920 3978 instrumentis
2958 3929 3014 3977 et
3065 3922 3210 3978 vasis
3259 3937 3513 3979 summus

214 4021 354 4092 ἡμῖν
373 4021 782 4090 ὲνετεκτήνατο,
813 4019 1028 4084 οἰκείως
1055 4019 1150 4074 καί
1175 4020 1313 4092 πρὸς
1332 4021 1394 4073 τὸ
1416 4021 1582 4076 καλὸν
1615 4025 1804 4095 κεχρῆ¹

1919 4025 2124 4070 nostrae
2156 4022 2366 4070 naturae
2397 4014 2582 4087 upifex
2619 4015 2927 4072 fabricatus
2960 4025 3066 4080 est,
3105 4016 3174 4072 iis
3202 4024 3330 4086 apte
3357 4022 3414 4072 et
3442 4015 3509 4070 ad

212 4113 369 4166 σθαι.
410 4113 471 4166 Εἰ
501 4112 556 4165 δὲ
583 4112 659 4184 μὴ
687 4111 958 4184 φλυαρίαν
980 4111 1106 4166 τινὰ
1134 4112 1230 4166 καί
1260 4112 1580 4184 ἀδολεσχίαν
1610 4115 1705 4168 τοῦ
1731 4115 1802 4168 λό-

1921 4107 2264 4163 honestatem
2305 4117 2512 4163 utatur.
2549 4108 2620 4162 At
2642 4123 2775 4163 vero
2802 4109 2942 4178 jam,
2978 4109 3082 4162 nisi
3118 4109 3244 4177 quis
3277 4109 3511 4178 nugaci-

209 4220 318 4272 του
354 4221 441 4266 τις
474 4205 902 4273 καταγινώσκοι,
949 4205 1229 4277 εἰρήσεται
1264 4204 1362 4259 καὶ
1389 4204 1514 4258 καθ’
1561 4205 1799 4260 ἕκαστον,

1921 4200 2046 4255 tatis
2093 4208 2148 4255 et
2187 4199 2534 4271 garrulitatis
2574 4214 2679 4255 nos
2715 4201 3066 4264 condemnet,
3100 4199 3383 4269 sigillatim
3415 4214 3511 4253 ex-

206 4297 371 4359 ὄπως
401 4295 468 4350 ἂν
497 4297 610 4360 τοῖς
631 4296 899 4370 παροῦσιν
930 4295 1081 4368 αὐτῷ
1100 4294 1406 4368 χρώμενος,
1431 4297 1569 4369 πρὸς
1594 4296 1656 4350 τὸ
1677 4313 1796 4367 συμι

1920 4292 2268 4361 [iiii-abimus,
2295 4307 2406 4361 quo
2437 4301 2603 4361 pacto
2645 4307 2782 4346 usus
2807 4291 2941 4360 'quis
2982 4291 3168 4346 insitis
3203 4290 3308 4346 Sibi
3345 4291 3510 4350 rebus

207 4388 388 4458 φέρον
413 4387 562 4458 αὑτῷ
585 4387 676 4442 τὸν
709 4388 823 4459 βίον
851 4389 1254 4461 οἰκονομήσειε.
1293 4388 1483 4460 Φαμὲν
1511 4389 1694 4444 τοίνυν
1717 4388 1797 4461 τὴε

1918 4387 2086 4439 vitam
2117 4400 2282 4454 quam
2339 4385 2640 4440 utilissime
2684 4391 3002 4455 componat.
3043 4385 3231 4456 Itaque
3267 4385 3508 4442 dicimus

209 4479 321 4550 μὲν
359 4479 658 4550 ἐπιθυμίαν
696 4481 806 4534 δεῖν
837 4481 895 4534 ὲν
921 4477 1149 4552 καθαρῷ
1173 4479 1276 4552 τῆς
1301 4481 1484 4554 ψυχῆς
1520 4481 1799 4553 ἱδρυσάμε-

1919 4485 2178 4546 oportere
2239 4491 2365 4531 eum
2410 4477 2714 4548 appetitum
2772 4477 2826 4532 in
2879 4477 3048 4532 animi
3096 4493 3238 4548 puro
3282 4481 3509 4536 dedica-

209 4554 307 4625 νον
337 4571 504 4642 ἔχειν,
547 4571 734 4644 ὥσπερ
763 4591 815 4626 τι
855 4572 1114 4646 ἀνάθημα
1153 4573 1186 4645 ἢ
1232 4553 1492 4646 ἀπαρχῆν
1525 4573 1636 4627 τῶν
1667 4574 1799 4628 ἰδίωκ.

1918 4579 2058 4636 ιιιιιι,
2092 4569 2243 4624 velut
2298 4568 2590 4623 donarium
2641 4569 2918 4640 quoddam
2956 4585 3020 4626 ac
3052 4571 3321 4628 bonorum
3373 4589 3507 4630 suo-

209 4662 441 4730 ἀγαθῶν
471 4662 720 4730 ἐξελόντα
749 4662 890 4736 Θεῷ,
933 4664 1322 4736 ἀφιερώσαντά
1344 4681 1404 4718 τε
1429 4665 1602 4734 αὐτὴν
1639 4663 1799 4730 ἅπαξ,

1917 4681 2036 4719 rum
2098 4664 2372 4735 primitias
2417 4661 2527 4719 Deo
2555 4679 2869 4734 segregare,
2905 4671 2960 4718 et
3010 4667 3178 4720 semel
3208 4679 3507 4722 consecra-

207 4756 499 4825 ἀνέπαφόν
525 4773 583 4808 τε
613 4757 709 4810 καί
729 4755 979 4828 καθαρὰν
1011 4756 1414 4826 διαφυλάττειν,
1455 4755 1709 4827 μηδαμοῦ
1743 4760 1797 4827 τῇ

1919 4763 2030 4809 tum
2070 4755 2336 4808 intactum
2372 4769 2539 4824 porro
2567 4764 2734 4824 atque
2765 4755 3038 4825 integrum
3085 4770 3312 4809 servare
3341 4756 3509 4811 nullis

207 4846 361 4898 ara-ci
397 4847 488 4898 τὸν
535 4845 646 4916 βίον
678 4845 921 4918 ῥυπαρία
963 4845 1355 4916 μολυνομένην.
1393 4845 1498 4900 Τὸν
1525 4845 1584 4898 δὲ
1616 4845 1797 4918 θυμὸν.

1918 4847 2040 4900 vita:
2064 4847 2324 4900 sordibus
2348 4845 2811 4900 contaminatum.
2833 4843 3358 4899 Excandescentiam
3377 4859 3508 4899 vero

211 4939 310 4992 καὶ
345 4938 445 5007 τὴν
487 4937 676 5007 ὀργὴν,
722 4937 816 4990 καὶ
860 4937 922 4991 τὸ
953 4939 1130 5008 μῖσος,
1159 4936 1414 5008 καθάπερ
1457 4935 1629 5001 κύνας
1658 4937 1801 5002 τινὰς

1915 4951 1963 4995 et
2000 4941 2136 4993 iram
2169 4947 2226 4994 et
2265 4939 2454 4995 odium
2492 4938 2651 5010 quasi
2684 4953 2851 4994 canes
2899 4938 3116 5008 aliquos
3163 4939 3292 4992 ostii
3321 4948 3505 4993 custo-

209 5029 523 5100 πυλωροὺς,
567 5027 703 5100 πρὸς
744 5029 913 5100 μόνην
953 5027 1316 5100 ἐγρηγορέναι
1347 5027 1448 5100 τὴν
1487 5028 1591 5100 τῆς
1623 5030 1798 5102 ἁμαρ⁴

1919 5029 2014 5086 des
2049 5030 2116 5085 ad
2163 5031 2337 5085 solam
2381 5030 2595 5101 peccati
2632 5030 3054 5102 repugnantiam
3107 5030 3165 5084 in
3214 5030 3420 5100 vigilia,
3453 5039 3509 5086 et

205 5122 336 5185 τίας
372 5119 706 5186 ἀντίστασιν,
738 5121 834 5174 καὶ
861 5122 1004 5175 κατά
1032 5119 1127 5175 τοῦ
1154 5120 1390 5174 κλέπτου
1419 5123 1514 5175 καὶ
1543 5122 1672 5176 πολε
1682 5123 1795 5195 μίοι.

1915 5125 2160 5180 statione
2214 5139 2477 5188 manere,
2515 5123 2896 5193 adversusque
2949 5123 3128 5178 furem
3175 5132 3231 5178 et
3289 5123 3505 5179 hostem

208 5211 517 5282 κεχρῆσθαι
555 5213 623 5282 τῇ
653 5210 835 5280 φύσει,
869 5211 928 5275 ὃς
971 5211 1065 5264 ὲπί
1108 5209 1256 5282 λύμῃ
1284 5207 1379 5262 τοῦ
1426 5209 1570 5264 θείου
1599 5209 1798 5282 θησαυ-

1917 5224 2117 5270 natura
2147 5230 2270 5269 eum
2303 5231 2466 5272 usum
2499 5231 2642 5279 esse,
2677 5215 2770 5284 qui
2821 5216 2874 5268 in
2903 5215 3074 5270 divini
3105 5214 3350 5270 thesauri
3382 5231 3507 5286 per-

213 5303 310 5376 ροῦ
343 5300 754 5372 παρεισδύεται,
795 5301 889 5355 καί
928 5301 1016 5354 διὰ
1053 5299 1214 5354 τοῦτο
1249 5300 1490 5372 ἔρχεται,
1525 5301 1611 5354 ἵνα
1634 5302 1803 5374 κλέψενΙ

1917 5307 2112 5362 niciom
2143 5307 2350 5361 aditum
2387 5307 2492 5361 sibi
2523 5305 2676 5371 facit,
2711 5314 2873 5376 atque
2901 5307 2973 5360 ob
3002 5323 3120 5361 eam
3149 5323 3374 5362 causam
3411 5325 3507 5363 ve-

209 5395 308 5448 καὶ
338 5392 482 5465 θύσῃ
505 5393 599 5446 καὶ
623 5393 866 5466 ἀπολέσῃ
885 5409 900 5424 ο
925 5391 1024 5464 τὴν
1043 5391 1098 5446 δὲ
1123 5391 1375 5464 ἀνδρείαν
1405 5393 1497 5448 καί
1523 5393 1588 5446 τὸ
1607 5392 1799 5466 θάρσος

1925 5401 2030 5461 nit.
2067 5409 2128 5454 ut
2160 5398 2396 5464 foretur,
2434 5406 2488 5453 et
2517 5407 2742 5459 mactet.
2780 5409 2835 5454 ct
2876 5399 3102 5469 perdat;
3139 5401 3373 5470 protelo
3399 5401 3504 5454 ali-

210 5486 334 5539 ἀντὶ
357 5485 527 5538 ὅπλου
551 5485 693 5550 τινὸς
724 5485 814 5539 διὰ
838 5485 1018 5556 χειρὸς
1043 5483 1252 5554 φέρειν,
1285 5483 1423 5556 πρὸς
1451 5483 1510 5538 τὸ
1533 5484 1608 5556 μὴ
1641 5501 1800 5556 πτοη-

1916 5505 2028 5558 quo
2052 5487 2367 5554 audaciam,
2397 5497 2452 5544 et
2495 5488 2876 5544 fortitudinem
2927 5489 3122 5545 afferat
3169 5499 3410 5562 oportet,
3435 5508 3505 5548 ne

212 5575 377 5648 θῆναι
413 5593 546 5630 ποτε
592 5577 820 5647 πτόησιν
858 5572 1215 5638 ἐπελθοῦσαν,
1253 5575 1347 5628 καὶ
1379 5574 1556 5645 ὁρμὰς
1595 5575 1802 5629 ἀσεϐῶν

1916 5583 2024 5636 ulla
2059 5581 2376 5646 formidine,
2408 5597 2532 5652 quae
2572 5580 2801 5646 incidat,
2845 5591 2941 5637 aut
2984 5585 3184 5640 subitis
3210 5585 3501 5656 impiorum

209 5670 591 5742 ἐπερχομένας
609 5685 622 5696 ·
654 5668 829 5723 ἐλπίδι
852 5665 910 5722 δὲ
933 5667 1028 5720 καὶ
1054 5667 1304 5738 ὑπομονῇ
1330 5667 1452 5722 ἀντί
1481 5667 1799 5741 βακτηρίας,

1919 5674 2211 5730 affectibus
2243 5675 2466 5730 animus
2490 5681 2909 5745 consternetur;
2950 5693 3047 5747 spe
3082 5686 3258 5734 autem
3284 5687 3341 5734 et
3374 5682 3509 5737 tole-

317 5829 366 5864 ³⁸
401 5827 424 5884 l
453 5826 585 5883 Cor.
617 5842 701 5894 ιιι,
743 5825 832 5882 12.
909 5825 952 5860 ⁸⁷
991 5824 1136 5887 Psal.
1169 5839 1358 5893 cxvtn,
1383 5826 1508 5883 127.
