4026 6486
523 400 624 460 59!

1763 405 1821 462 S.
1861 405 2192 465 GREGOBII
2219 407 2520 466 NYSSENI

2378 277 2789 316 “oon”...-

3661 424 3750 483 592

527 524 708 582 rantia
733 523 892 594 quasi
917 521 1124 578 baculo
1151 521 1336 591 inniti,
1366 524 1412 580 si
1452 524 1676 597 quando
1700 526 1826 596 quis
1852 528 2099 582 tentatio-

2211 528 2396 584 εἴποτε
2416 531 2530 614 τοῖς
2558 529 3096 601 πειρασμῖςαάμοι,
3125 529 3572 603 ύποστηρίζεσθαι
3589 549 3604 564 ³
3623 538 3682 592 τὸ
3701 541 3750 594 δὲ

527 617 693 672 nibus
757 615 1122 686 defatigatur;
1191 617 1244 670 in
1313 619 1556 687 peccatis
1612 633 1742 673 vero
1774 620 2099 688 paenitentia

2209 624 2309 692 τῆς
2346 620 2524 691 λύπης
2573 623 2761 693 κτῆμα
2799 621 2977 692 καιρῷ
3017 623 3304 693 μετανοίας
3331 623 3422 679 επὶ
3447 626 3750 700 ἁμαρτήμα-

525 719 774 779 tempore
807 711 852 765 si
890 725 994 766 usu
1037 711 1270 774 venerit,
1303 710 1516 766 doloris
1552 710 1858 764 remedium
1891 725 2107 780 parare,

525 814 692 876 atque
721 805 1006 866 adhibere,
1033 806 1192 876 quasi
1227 819 1404 875 neque
1448 805 1550 857 hoc
1580 804 1719 858 alias
1757 805 1890 858 utile
1921 806 2016 869 sit,
2045 820 2110 859 ac

2209 729 2314 780 σιν,
2351 715 2400 766 εί
2425 713 2600 784 τύχοι,
2629 713 2758 766 ποτὲ
2785 713 3021 784 συμϐὰν,
3053 713 3507 787 προχειρίζεσθαι,
3534 718 3605 782 ὡς
3623 720 3753 774 οὐδέ-

2209 821 2340 858 ποτε
2369 804 2638 876 χρήσιμον
2671 803 2782 874 ὃνῆ
2819 805 2957 876 πρὸς
2983 807 3084 879 τὴν
3110 806 3366 882 τοιαύτην
3397 811 3558 882 μόνην
3581 813 3754 886 ὑπηρε-

525 897 784 960 salutare,
835 897 939 950 nisi
1005 897 1071 950 ad
1138 897 1315 951 solum
1389 895 1704 964 hujusmodi
1775 897 2099 966 paenitentia

2211 897 2352 950 σίαν.
2389 895 2453 950 Ἥ
2481 896 2539 950 δὲ
2564 896 2878 969 δικαιοσύνη
2909 897 3062 969 αὐτῷ
3085 898 3265 954 κανὼν
3292 901 3574 974 εὐθύτητος
3599 904 3750 971 ἔσται,

525 1005 711 1044 usum.
743 988 882 1044 Tum
917 1005 1046 1044 vero
1071 1000 1220 1044 recta
1265 989 1459 1042 horum
1508 990 1699 1058 regula
1725 989 1942 1059 justitia
1979 991 2106 1053 erit,

524 1097 650 1151 quae
677 1083 856 1148 docet,
891 1081 1021 1151 quid
1063 1083 1116 1134 in
1149 1080 1406 1135 omnibus
1447 1089 1503 1136 et
1531 1080 1696 1136 dictis
1719 1091 1800 1138 -et
1836 1081 2000 1136 factis
2037 1083 2108 1138 sit

525 1188 555 1226 a
582 1181 806 1242 peccato
840 1173 1103 1236 alienum,
1147 1187 1327 1241 quove
1379 1173 1546 1226 modo
1596 1174 1767 1226 animi
1803 1183 1989 1243 partes
2025 1175 2109 1228 in-

523 1265 678 1320 stitui
708 1272 986 1334 oporteat,
1017 1279 1195 1334 quave
1237 1265 1474 1328 ratione,
1503 1267 1648 1336 quod
1686 1267 1958 1336 cujusque
1985 1283 2108 1336 pro-

521 1355 701 1426 prium
726 1356 816 1420 sit,
855 1371 957 1426 pro
987 1355 1251 1427 dignitate
1279 1358 1578 1412 tribuatur.
1609 1357 1976 1428 Cupiditatem
2009 1374 2108 1412 an-

518 1454 650 1512 tem,
687 1463 809 1516 quae
841 1447 894 1500 in
929 1447 1053 1517 plus
1081 1446 1339 1502 habendo
1361 1450 1540 1518 posita
1566 1459 1670 1514 est,
1700 1449 1928 1503 multam
1956 1450 2104 1503 illaut

518 1543 742 1612 quidem
785 1549 840 1596 et
885 1541 1215 1595 immensam
1259 1539 1312 1593 in
1375 1540 1718 1612 singuiorum
1779 1541 2002 1603 animis,
2059 1541 2106 1597 si

519 1634 647 1702 quis
696 1632 762 1688 ad
789 1648 933 1698 eam,
976 1648 1098 1702 quae
1131 1648 1160 1686 a
1195 1632 1306 1686 Deo
1338 1643 1445 1697 est,
1487 1633 1842 1703 appetitionis
1871 1633 1976 1686 vim
2009 1635 2108 1688 ad-

519 1724 746 1786 diderit,
789 1723 837 1778 is
868 1725 922 1778 in
954 1724 1058 1778 hac
1096 1725 1214 1795 ipsa
1247 1725 1370 1792 plus
1393 1724 1625 1779 habendi
1651 1724 1956 1792 cupiditate
1977 1725 2107 1780 bea-

517 1816 774 1871 tissimus
803 1817 932 1876 erit.
966 1817 1079 1870 illic
1134 1816 1244 1870 vim
1289 1817 1524 1881 faciens,
1573 1815 1663 1870 ubi
1714 1816 1988 1871 laudabile
2019 1825 2106 1872 cst

521 1906 629 1960 vim
660 1906 856 1962 facere.
899 1908 1064 1977 Atqui
1114 1907 1464 1977 sapientiam,
1521 1908 1982 1980 prudentiamque
2015 1926 2104 1966 re-

519 2011 644 2053 rum
683 1999 952 2064 omnium,
995 2015 1117 2070 quae
1166 2000 1486 2068 expediant,
1539 2001 1909 2056 consultrices
1953 2003 2103 2058 vitaa-

519 2104 628 2160 qne
657 2104 770 2144 suae
801 2099 965 2143 contu
978 2091 1232 2145 bet-nales
1253 2090 1558 2154 adhibebit,
1593 2102 1654 2146 ut
1681 2093 1833 2146 nttllo
1859 2109 2102 2162 unquam

519 2191 766 2252 tempore
793 2193 888 2237 aut
909 2183 1209 2252 imperitia,
1245 2191 1342 2238 aut
1367 2182 1741 2254 imprudentia
1776 2185 1830 2238 in
1859 2200 2104 2240 errorem

515 2272 858 2338 abducatur;
899 2275 988 2327 sin
1017 2283 1198 2326 autem
1232 2273 1322 2336 iis,
1353 2287 1495 2342 quas
1521 2275 1972 2337 commemoravi,
1998 2273 2106 2326 vir-

518 2368 732 2421 tutibus
765 2374 1028 2436 nequeut
1065 2381 1164 2434 par
1203 2373 1310 2430 est,
1353 2379 1532 2434 neque
1582 2373 1642 2418 ut
1673 2378 1866 2418 earum
1903 2375 2103 2419 natura

517 2457 788 2529 postulat,
841 2457 969 2526 quis
1008 2471 1139 2512 usus
1173 2463 1283 2519 est,
1335 2453 1404 2510 ad
1455 2455 1645 2525 idque,
1689 2455 1835 2524 quod
1879 2455 2106 2511 minime

516 2548 699 2611 decet,
729 2561 920 2600 carum
951 2563 1112 2600 usum
1144 2547 1446 2612 convertit,
1481 2546 1564 2600 vel
1598 2547 1727 2616 quia
1760 2545 1826 2600 ad
1865 2561 1954 2600 res
1983 2554 2102 2601 tur-

516 2639 785 2710 pissimas
841 2639 1204 2708 cupiditatem
1241 2637 1456 2708 adjicit,
1504 2639 1587 2694 vel
1639 2637 1766 2708 quia
1805 2639 1861 2693 in
1893 2638 2104 2693 vicinos

513 2729 704 2782 odium
761 2727 1028 2798 concipit,
1079 2727 1167 2782 vel
1221 2729 1348 2797 quia
1419 2729 1768 2798 iniquitatem
1818 2729 1972 2792 colit,
2018 2729 2102 2782 vel

515 2819 643 2888 quia
675 2832 735 2874 se
762 2826 960 2872 contra
993 2827 1248 2888 parentes
1286 2834 1472 2873 acrem
1507 2819 1774 2884 ostendit,
1803 2830 1968 2890 atque
1999 2820 2100 2875 ab-

515 2910 686 2964 surda
730 2925 962 2980 quaeque
991 2913 1179 2977 audet,
1227 2912 1523 2981 inaniaque
1557 2919 1778 2982 sperat;
1821 2913 1908 2967 hic
1954 2923 2104 2968 certe

515 3015 642 3056 eum
679 3002 1028 3071 prudentiam
1067 3010 1122 3054 et
1171 3002 1499 3070 sapientiam
1537 3018 1566 3056 a
1602 3003 1972 3058 contubernio
1999 3019 2102 3058 suo

512 3095 766 3164 repellat,
797 3093 1094 3163 ingluviem
1139 3092 1459 3162 quamdam,
1507 3101 1674 3162 atque
1728 3093 2103 3163 intemperan-

515 3190 649 3240 tiam
682 3185 787 3239 sibi
817 3185 999 3240 socias
1029 3183 1281 3253 adjttttgit
1314 3203 1326 3237 :
1361 3184 1456 3254 qui
1491 3185 1538 3240 si
1571 3186 1626 3240 in
1653 3185 1884 3254 reliquis
1905 3185 2099 3241 eodem

513 3275 682 3331 modo
719 3274 874 3336 facit,
909 3275 1154 3330 insulsus
1194 3275 1385 3344 utique
1427 3284 1534 3340 est,
1581 3283 1636 3330 et
1683 3276 1918 3330 monstri
1951 3275 2100 3330 simi-

515 3367 614 3432 lis,
647 3367 722 3420 ita
760 3375 820 3420 ut
847 3365 968 3436 ejus
1003 3367 1318 3422 absurditas
1361 3367 1632 3421 declarari
1681 3382 1782 3437 pro
1831 3365 2098 3436 dignitate

510 3471 622 3513 n0n
652 3457 852 3528 possit.
893 3458 963 3514 Ut
1010 3459 1158 3513 enim
1196 3457 1244 3513 si
1295 3457 1423 3528 quis
1477 3458 1803 3529 perturbate
1850 3465 2098 3513 armatus

511 3555 720 3621 galeam
756 3555 1016 3614 invertat,
1073 3560 1126 3604 ut
1173 3558 1228 3605 et
1264 3549 1457 3604 faciem
1493 3559 1661 3620 tegat,
1698 3559 1754 3605 et
1799 3566 2002 3606 conum
2041 3553 2096 3606 in

2206 987 2268 1042 τὸ
2290 989 2348 1040 ὲν
2373 988 2534 1040 παντὶ
2559 987 2854 1042 ἄπταιστον
2876 989 3020 1060 λόγῳ
3043 1008 3103 1044 τε
3129 993 3224 1046 καὶ
3243 991 3386 1065 ἔργῳ
3409 995 3751 1070 ὑφηγουμένη,

2207 1080 2359 1141 ὅπως
2384 1097 2444 1132 τε
2471 1079 2576 1151 χρὴ
2619 1080 2688 1133 τὰ
2719 1083 2776 1134 ὲν
2804 1083 2870 1152 τῇ
2902 1081 3047 1154 ψυχῇ
3085 1083 3406 1149 διακεῖσθαι,
3435 1087 3529 1140 καὶ
3559 1087 3667 1152 πῶς
3697 1089 3754 1143 ἀν

2204 1185 2292 1232 τις
2317 1169 2386 1222 τὰ
2417 1172 2534 1222 κατ’
2563 1167 2718 1234 ἀξίαν
2750 1171 2965 1243 ἑκάστῳ
2988 1173 3164 1244 νέμοι.
3195 1174 3306 1246 Τὴν
3333 1175 3389 1230 δὲ
3418 1176 3510 1230 τοῦ
3537 1177 3754 1244 πλείονος

2209 1261 2411 1331 ἔφεσιν,
2432 1262 2462 1316 δ
2490 1261 2625 1316 πολύ
2650 1281 2710 1317 τε
2744 1263 2838 1317 καὶ
2871 1263 3181 1338 ἀμέτρητον
3204 1267 3444 1336 ἔγκειται
3462 1272 3526 1340 τῇ
3549 1270 3753 1325 ἑκάστου

2206 1353 2376 1424 ψυχῇ,
2408 1355 2477 1424 τῇ
2531 1352 2672 1406 κατά
2709 1352 2842 1406 Θεὸν
2879 1353 3148 1427 ἐπιθυμίᾳ
3193 1356 3466 1429 προσθεὶς,
3513 1360 3754 1432 μακάριος

2208 1448 2362 1502 ἔσται
2393 1447 2491 1515 τῆς
2520 1444 2852 1512 πλεονεξίας,
2882 1449 3000 1501 ἐκεῖ
3031 1447 3370 1520 βιαζόμενος,
3405 1452 3533 1504 ὅπου
3560 1435 3754 1505 ἐπαινε-

2205 1540 2299 1594 τὸν
2325 1541 2386 1592 τὸ
2407 1539 2707 1609 βιάζεσθαι.
2740 1539 2941 1610 Σοφίαν
2969 1541 3026 1594 δὲ
3054 1542 3145 1596 καὶ
3168 1543 3428 1614 φρόνησιν
3449 1544 3754 1616 συμϐούλους

2207 1630 2317 1696 ’ἐξει
2348 1630 2457 1684 τῶν
2491 1631 2902 1702 συμφερόντων,
2937 1633 3032 1686 καὶ
3067 1634 3468 1700 συνδιοικούσας
3506 1635 3644 1707 αὐτῷ
3670 1636 3754 1708 τὴν

2208 1719 2374 1790 ζωὴν,
2414 1719 2490 1782 ὡς
2541 1719 2794 1790 μηδαμοῦ
2829 1720 2934 1775 ὑπὸ
2963 1721 3236 1792 ἀμαθείας
3264 1723 3298 1794 ἢ
3331 1723 3632 1796 ἀφροσύνης
3667 1741 3756 1780 πα-

2209 1811 2564 1883 ραϐλαὸἦναιο
2597 1812 2646 1863 εί
2678 1810 2735 1864 δὲ
2769 1810 2846 1883 μὴ
2872 1812 3017 1866 κατά
3045 1813 3108 1866 τὸ
3135 1815 3332 1868 οἰκεῖον
3359 1814 3534 1887 χρῷτο
3553 1818 3664 1879 ταῖς
3687 1817 3754 1870 εἰ·

2139 1894 2177 1948 Β
2211 1900 2471 1972 ρημέναις
2503 1900 2816 1972 δυνάμεσιν,
2849 1902 2964 1956 ἀλλ’
3006 1903 3341 1958 ὑπαλλάσσοι
3380 1905 3529 1976 παρὰ
3561 1904 3618 1958 τὸ
3637 1905 3753 1970 δέον,

2205 1993 2304 2066 τὴν
2346 1992 2442 2064 μὲν
2479 1993 2777 2064 ἐπιθυμίαν
2807 1994 3115 2066 προστιθεὶς
3141 1999 3254 2062 τοῖς
3290 1998 3611 2067 αἰσχίστοις.
3639 1995 3756 2050 τὸδὲ

2209 2088 2364 2158 μῖσος
2395 2088 2492 2140 ἐπὶ
2519 2087 2644 2152 τοὺς
2673 2086 2980 2158 ὁμοφύλους
3021 2088 3528 2160 προχειριζόμενος·
3557 2087 3756 2158 ἀγαπῶν

2204 2178 2262 2232 δὲ
2291 2177 2390 2250 τὴν
2427 2177 2662 2243 ἀδικίαν,
2695 2177 2790 2232 καὶ
2834 2178 2928 2232 ἐπὶ
2975 2180 3104 2242 τοὺς
3145 2179 3340 2248 γονέας
3389 2179 3755 2252 ἀνδριζόμενος,

2205 2270 2300 2324 καὶ
2323 2269 2537 2342 θαρσῶν
2561 2271 2631 2324 τά
2657 2270 2856 2338 ἄτοπα,
2883 2271 2977 2324 καὶ
3000 2271 3234 2336 ἐλπίζων
3253 2271 3323 2325 τά
3346 2272 3564 2342 μάταια,
3583 2271 3760 2342 φρόνη-

2208 2381 2292 2417 σιν
2330 2364 2388 2419 δὲ
2427 2367 2520 2418 καὶ
2553 2365 2747 2434 σοφίαν
2799 2363 3118 2418 ἀπελαύνων
3161 2363 3262 2434 τῆς
3303 2365 3418 2435 μετ’
3449 2363 3607 2418 αὐτοῦ
3651 2379 3757 2416 συν-

2205 2459 2470 2528 οικήσεως
2490 2495 2506 2521 ,
2551 2457 2884 2527 λαιμαργίαν
2928 2456 3022 2509 καὶ
3076 2455 3389 2526 ἀφροσύνην
3441 2453 3756 2528 προσεταιρι-

2206 2544 2351 2609 ζοιτο
2374 2563 2387 2576 ’
2419 2546 2516 2600 καὶ
2544 2547 2673 2617 περὶ
2699 2546 2808 2599 τῶν
2852 2544 3056 2598 λοιπῶν
3083 2544 3344 2610 ὡσαύτως
3380 2547 3562 2610 ποιῶν,
3587 2545 3758 2606 ἄτοπος

2203 2635 2270 2690 ἂν
2295 2637 2380 2704 εἴη
2400 2653 2484 2702 τις
2509 2637 2602 2689 καὶ
2628 2634 2932 2700 ἀλλόκοτος,
2956 2634 3032 2696 ὡς
3057 2633 3179 2705 μηδ’
3203 2633 3268 2688 ἂν
3287 2635 3461 2688 εἰπεῖν
3483 2635 3634 2701 ἀξίως
3654 2631 3758 2686 τινὰ

2203 2726 2498 2797 δυνηθῆναι
2531 2727 2624 2798 τὴν
2651 2726 2900 2780 ἀτοπίαν.
2931 2724 3199 2797 Καθάπερ
3222 2726 3334 2799 γὰρ
3362 2727 3429 2781 ἂν
3453 2728 3504 2781 ei
3529 2743 3606 2790 τις
3625 2723 3759 2778 ἐναλ-

2201 2815 2305 2882 λάξ
2341 2817 2715 2889 ὁπλιζόμενος,
2769 2817 3100 2888 ἁναστρέφοι
3149 2818 3246 2889 μὲν
3281 2818 3345 2872 τὸ
3395 2818 3608 2890 κράνος,
3637 2815 3757 2870 ὥστε

2204 2907 2504 2964 καλύπτειν
2550 2909 2612 2962 τὸ
2649 2910 2959 2980 πρόσωπον,
2993 2909 3088 2963 καὶ
3119 2908 3300 2964 ὀπίσω
3341 2910 3638 2964 νενευκέναι
3679 2907 3758 2962 τὸν

2203 3001 2384 3070 λόφον,
2423 3001 2550 3064 τοὺς
2573 3001 2627 3054 δὲ
2654 3001 2819 3066 πόδας
2849 3001 2960 3072 ἔχοι
2999 3005 3057 3056 ὲν
3089 3000 3322 3072 θώρακι,
3357 3002 3568 3067 καὶτὰς
3586 3001 3759 3071 κνημῖ-

2203 3093 2300 3158 δας
2332 3094 2632 3164 ἐφαρμόζοι
2663 3093 2739 3164 τῷ
2777 3094 2982 3166 στήθει,
3013 3095 3110 3148 καὶ
3136 3097 3236 3148 ὅσα
3269 3093 3340 3148 τά
3371 3095 3470 3166 τῆς
3499 3093 3759 3166 ἀριστερᾶς

2204 3184 2320 3236 ἐστι
2350 3187 2417 3256 τῇ
2445 3183 2596 3255 δεξιᾷ
2619 3183 3047 3255 μεταλαμϐάνοι,
3073 3185 3172 3257 τὴν
3205 3185 3263 3240 δὲ
3298 3185 3408 3238 τῶν
3431 3183 3609 3250 δεξιῶν
3629 3181 3759 3236 ὅπλι-

2207 3293 2290 3330 σιν
2323 3279 2389 3347 τῇ
2423 3277 2688 3348 εὐωνύμῳ
2719 3277 3066 3349 προσρίπτοι.
3099 3279 3279 3349 Ὅπερ
3307 3273 3402 3332 οὖν
3427 3277 3608 3332 παθεῖν
3635 3273 3759 3333 εἰκὸς

2202 3369 2262 3421 ὲν
2297 3369 2517 3440 πολέμῳ
2544 3369 2635 3422 τὸν
2663 3368 2902 3423 τοιοῦτον
2929 3369 3178 3440 ὁπλίτην,
3210 3369 3373 3425 τοῦτο
3403 3369 3494 3423 καὶ
3523 3368 3662 3438 παρὰ
3681 3362 3757 3418 τὸν

2206 3461 2322 3532 βίον
2359 3463 2586 3532 πάσχειν
2634 3461 2782 3525 εἰκὸς
2823 3461 2915 3515 τὸν
2961 3458 3373 3533 συγκεχυμένον
3406 3461 3503 3531 τὴν
3540 3455 3756 3528 γνώμην.

2205 3554 2300 3608 καὶ
2318 3553 2415 3625 τὴν
2439 3555 2632 3626 χρῆσιν
2648 3553 2756 3608 τῶν
2777 3553 3058 3626 δυνάμεων
3076 3553 3174 3624 τῆς
3189 3553 3372 3626 ψυχῆς
3393 3549 3754 3625 ὑπαμείὸοντα.

512 3643 872 3712 posteriorem
916 3649 1128 3712 partem
1164 3641 1536 3705 inelinaverit,
1567 3643 1844 3713 pedesque
1877 3643 1934 3696 in
1967 3642 2196 3698 thorace
2259 3644 2480 3708 habeat,
2524 3659 2720 3699 ocreas
2787 3645 3000 3714 pectori
3054 3647 3456 3708 accommodet,
3510 3652 3684 3712 quaeve
3729 3646 3757 3688 ι

511 3739 648 3790 laeva
683 3736 749 3789 ad
793 3735 1074 3789 dexteram
1117 3741 1444 3800 commutet,
1489 3735 1728 3788 dextera:
1765 3749 1894 3789 vero
1926 3735 2101 3805 partis
2135 3743 2475 3790 armaturam
2509 3737 2655 3790 laevae
2718 3744 2960 3808 apponat
2997 3755 3010 3790 :
3076 3735 3224 3806 quod
3273 3736 3444 3808 igitur
3489 3729 3756 3791 verisimile

511 3828 584 3884 sit
621 3827 677 3881 in
706 3827 900 3881 militia
943 3834 1004 3880 ut
1038 3825 1168 3879 huic
1219 3825 1457 3890 eveniat,
1529 3825 1624 3895 qui
1708 3825 1783 3878 ita
1831 3835 2164 3895 prtepostere
2205 3835 2292 3881 est
2322 3829 2494 3883 armis
2522 3829 2855 3894 instructus,
2887 3827 2991 3882 hoc
3023 3827 3204 3898 ipsum
3233 3837 3656 3884 consentaneum
3685 3827 3756 3878 est

513 3921 590 3976 illi
630 3922 684 3975 in
721 3921 834 3974 vita
865 3917 1140 3983 accidere,
1173 3906 1270 3988 qui
1311 3927 1496 3974 mente
1521 3918 1598 3971 ita
1637 3919 1960 3988 perturbata
1993 3931 2100 3983 est,
2138 3932 2196 3976 ut
2223 3923 2392 3976 animi
2419 3925 2680 3978 virtutum
2715 3941 2875 3980 nsum
2900 3930 3198 3996 pervertat.

585 4015 728 4084 Quin
759 4013 1071 4068 adhibenda
1101 3998 1186 4067 est
1219 4027 1249 4064 a
1282 4012 1444 4066 nobis
1489 4011 1740 4082 quaedam
1777 4013 2012 4082 diligens
2042 4014 2096 4068 in

510 4111 599 4167 his
625 4105 1030 4164 convenientiae
1063 4105 1364 4174 decorique
1387 4105 1551 4170 ratio,
1586 4119 1752 4174 quam
1805 4105 1860 4158 in
1893 4105 2096 4161 animis

513 4203 726 4259 nostris
753 4214 882 4256 vera
910 4197 1273 4268 temperantia
1305 4199 1556 4252 inserere
1593 4196 1749 4252 solet.
1779 4195 1946 4266 Sique
1973 4213 2096 4267 per-

511 4295 654 4350 fecta
696 4292 1063 4361 absolutaque
1093 4289 1260 4360 hujus
1295 4289 1520 4344 virtutis
1551 4290 1800 4344 deﬁnitio
1830 4291 2093 4345 conside-

512 4387 687 4441 randa
740 4393 851 4446 est,
913 4384 1146 4439 fortasse
1191 4383 1416 4453 quidem
1471 4382 1698 4454 proprie
1743 4382 1948 4438 dicitur
1977 4399 2096 4437 om-

512 4477 666 4532 nium
711 4475 880 4528 animi
925 4483 1174 4529 motuum
1223 4477 1360 4531 bene
1392 4477 1696 4532 constituta
1732 4477 2006 4547 quaedam,
2039 4484 2094 4531 et

2273 4017 2482 4072 Οὐκοῦν
2511 4017 2834 4089 προνοητέον
2865 4018 2998 4089 ἡμῖν
3045 4017 3146 4086 τῆς
3201 4017 3260 4069 ὲν
3305 4017 3514 4080 τούτοις
3545 4015 3755 4084 εὐαρμο-

2205 4109 2377 4172 στίας,
2399 4109 2464 4180 ἢν
2491 4112 2522 4181 ὴ
2553 4109 2762 4182 ἀληθὴς
2783 4107 3101 4180 σωφροσύνη
3127 4108 3373 4178 πέφυκεν
3400 4110 3636 4180 ἐμποιεῖν
3653 4105 3756 4165 ταῖς

2201 4201 2500 4272 ἡμετέραις
2538 4201 2756 4272 ψυχαῖς.
2793 4201 2902 4254 Καὶ
2936 4202 2985 4253 εἰ
3027 4200 3134 4272 χρὴ
3183 4201 3278 4256 τὸν
3311 4201 3637 4255 τελειότατον
3672 4193 3758 4266 τῆς

2204 4289 2559 4363 σωφροσύνης
2597 4292 2724 4363 ὅρον
2766 4290 3160 4361 ὲπισκοπῆσαι,
3197 4290 3344 4361 τάχα
3382 4291 3538 4344 τοῦτο
3569 4300 3760 4356 σωφρο-

2207 4381 2341 4450 σύνη
2388 4382 2592 4453 κυρίως
2629 4381 2696 4434 ἂν
2739 4379 2976 4448 λέγοιτο,
3031 4383 3064 4450 ἡ
3123 4381 3343 4435 πάντων
3389 4382 3497 4434 τῶν
3540 4371 3758 4448 ψυχικῶν

2205 4475 2518 4543 κινημάτων
2545 4472 2684 4544 μετά
2710 4472 2901 4541 σοφίας
2925 4472 3017 4527 καὶ
3035 4471 3350 4544 φρονήσεως
3370 4470 3620 4530 εὔτακτος
3636 4467 3760 4519 οἰκο-

511 4581 638 4623 eum
667 4566 957 4634 sapientia,
988 4565 1393 4636 prudentiaque
1421 4567 1719 4637 conjuncta
1769 4569 2092 4623 moderatio.

2201 4567 2384 4635 νομία.
2423 4566 2532 4618 Καὶ
2573 4567 2606 4635 ἡ
2635 4565 2858 4635 τοιαύτη
2893 4564 3230 4628 κατάστασις
3259 4566 3361 4635 τῆς
3388 4564 3563 4634 ψυχῆς
3597 4555 3758 4612 οὐκέτι

511 4661 692 4730 AtQue
720 4656 1100 4726 hujuscemodi
1133 4657 1302 4710 animi
1338 4659 1667 4714 constitutio
1697 4675 1804 4712 non
1840 4661 1948 4714 ullo
1980 4675 2097 4713 ant-

511 4753 658 4824 plius
717 4749 928 4811 labore,
985 4764 1168 4822 neque
1213 4750 1398 4804 studio
1443 4749 1512 4802 ad
1559 4766 1742 4804 rertttn
1775 4751 2092 4806 sublimium

513 4841 940 4911 ctelestiumque
971 4841 1295 4896 societatem
1326 4840 1615 4910 indigebit,
1652 4841 1746 4896 sed
1777 4842 1930 4896 nullo
1961 4857 2095 4894 sane.

513 4936 756 5007 negotio,
790 4933 956 4988 rebus
1012 4933 1310 4986 contrariis
1369 4931 1611 5000 rejectis,
1657 4947 1783 4985 cum
1823 4933 1897 4998 id,
1948 4933 2092 5002 quod

511 5027 802 5100 quaeritur,
861 5025 1190 5078 naturaliter
1271 5029 1476 5086 teneat,
1516 5023 1760 5091 perﬁciet
1817 5022 1892 5086 id,
1949 5023 2094 5090 quod

512 5120 734 5190 assequi
768 5117 988 5172 (ιιιιιιτιιο
1015 5115 1230 5170 videtur
1267 5133 1280 5170 :
1313 5115 1406 5184 qui
1449 5115 1595 5170 enim
1639 5128 1795 5170 extra
1838 5115 2094 5169 tenebras

512 5213 672 5283 longe
703 5213 919 5282 positus
949 5217 1054 5274 est,
1087 5222 1210 5263 eum
1254 5217 1310 5262 et
1343 5207 1394 5260 in
1441 5206 1564 5260 luce
1607 5207 1834 5261 omnino
1862 5207 2090 5269 versari,

510 5317 564 5357 et
585 5307 678 5372 qui
713 5314 970 5358 mortuus
1005 5316 1113 5355 non
1157 5309 1263 5362 est,
1310 5300 1463 5354 illum
1507 5299 1691 5354 vivere
1739 5315 1963 5354 necesse
1989 5309 2091 5353 est.

515 5395 580 5448 lit
613 5398 883 5465 profecto,
912 5396 1017 5449 nisi
1061 5395 1188 5464 quis
1223 5393 1461 5446 animam
1495 5409 1652 5447 suam
1679 5393 1732 5446 in
1765 5408 1908 5445 vano
1937 5407 2095 5446 accc-

511 5486 676 5554 perit.
709 5487 764 5538 in
787 5486 1036 5540 veritatis
1067 5486 1154 5538 via
1189 5484 1350 5553 plane
1379 5484 1487 5538 erit
1513 5501 1526 5537 :
1555 5485 1816 5553 quoniam
1851 5484 2092 5550 pruden-

517 5583 616 5634 tia,
649 5589 712 5628 ac
740 5576 996 5638 scientia,
1029 5591 1194 5644 quam
1219 5576 1344 5645 quis
1373 5576 1618 5638 adhibet,
1658 5591 1724 5630 ne
1751 5591 1780 5628 a
1812 5576 1896 5628 via
1925 5575 2094 5629 decli-

514 5672 628 5724 net,
654 5665 762 5716 dux
797 5679 933 5718 sane
957 5665 1156 5734 aliquis
1184 5667 1420 5736 diligens
1453 5675 1540 5722 est
1584 5667 1720 5721 recti
1753 5667 1990 5722 itineris.
2020 5667 2094 5722 Ut

509 5757 660 5805 enim
689 5751 857 5810 servi,
889 5749 1001 5816 jam
1047 5752 1298 5810 servituti
1345 5753 1582 5818 liberali,
1620 5768 1743 5807 cum
1773 5768 1994 5822 operam
2026 5755 2092 5810 iis

519 5853 722 5895 navare
769 5837 1054 5906 desierint,
1119 5857 1352 5915 quorum
1409 5851 1679 5914 potestate
1743 5843 2088 5914 tenebantur,

2197 4657 2360 4710 πόνου
2392 4657 2534 4720 τινὸς
2565 4655 2686 4709 οὐδὲ
2716 4656 3098 4728 πραγματείας
3138 4655 3275 4727 πρὸς
3303 4656 3405 4727 τὴν
3427 4655 3534 4707 τῶν
3559 4645 3752 4720 ὑψηλῶν

2195 4766 2254 4802 τε
2285 4750 2378 4802 καί¹
2415 4749 2682 4818 οὐρανίων
2724 4749 3012 4820 μετουσίαν
3043 4747 3327 4820 δεήσεται,
3362 4747 3476 4801 ἀλλ’
3507 4749 3562 4798 ἐν
3604 4737 3751 4806 πολλῇ

2197 4842 2452 4915 ῥᾳστώνῃ
2488 4843 2550 4896 τὸ
2580 4843 2718 4906 τέως
2747 4841 3070 4912 δυσέφικτον
3108 4837 3248 4895 εἶναι
3283 4838 3474 4916 δοκοῦν
3510 4828 3758 4904 κατορθώ-

2196 4951 2278 4988 σει
2309 4933 2574 5006 φυσικῶς,
2601 4936 2669 5004 τῇ
2705 4932 3052 5004 ύπεξαιρὲσει
3083 4929 3178 4985 τοῦ
3226 4931 3470 4986 ἐναντίου
3499 4927 3558 4981 τὸ
3587 4919 3758 4994 ζητούο

2199 5042 2358 5096 μενον
2386 5025 2588 5096 ἔχουσα.
2607 5041 2622 5056 ο
2654 5024 2746 5078 τόν
2777 5041 2837 5076 τε
2871 5023 2978 5094 γὰρ
3017 5021 3124 5088 ἔξω
3160 5021 3256 5076 τοῦ
3301 5021 3524 5080 σκότους
3555 5012 3755 5084 γενόμε·

2195 5135 2306 5178 νον,
2326 5119 2384 5170 ὲν
2416 5117 2556 5186 φωτὶ
2587 5116 2802 5180 πάντως
2829 5110 2970 5168 εἶναι
2994 5113 3232 5184 ἀνάγκη’
3262 5113 3355 5166 καὶ
3383 5110 3472 5164 τὸν
3493 5106 3566 5179 μὴ
3588 5101 3757 5168 τεθνη-

2197 5211 2351 5274 κότα,
2387 5189 2508 5278 ζῇν..
2545 5208 2657 5262 Καὶ⁴
2694 5207 2874 5261 τοίνυν
2909 5205 2962 5258 εί
2999 5222 3083 5268 τις
3121 5203 3198 5276 μὴ
3243 5204 3335 5256 ἐπὶ
3383 5199 3592 5272 ματαίῳ
3623 5189 3758 5246 λάθοι

2195 5299 2294 5369 τὴν
2323 5297 2518 5354 ἑαυτοῦ
2557 5298 2754 5370 ψυχὴν,
2796 5298 2855 5350 ὲν
2897 5299 2962 5368 τῇ
2994 5295 3098 5366 ὁδῷ
3133 5297 3228 5366 τῆς
3258 5293 3517 5364 ἀληθείας
3564 5285 3759 5370 πάντως

2193 5390 2346 5445 ἔσται
2366 5409 2379 5421 ·
2413 5393 2447 5462 ή
2477 5389 2586 5461 γὰρ
2613 5369 2704 5442 τοῦ
2755 5388 2834 5460 μὴ
2875 5389 3300 5460 παρατραπῆναι
3331 5381 3557 5456 πρόνοιά
3593 5394 3649 5430 τε
3675 5369 3756 5426 καὶ

2194 5483 2472 5553 ἐπιστήμη
2495 5523 2508 5546 ,
2543 5481 2736 5552 όδηγία
2762 5482 2846 5544 τίς
2873 5483 3020 5534 ἐστιν
3049 5479 3284 5550 ἀκριϐὴς
3311 5479 3410 5548 τῆς
3443 5474 3532 5527 ἐπὶ
3562 5469 3652 5538 τὴν
3679 5463 3756 5516 εὑ-

2195 5572 2346 5628 θεῖαν
2376 5573 2600 5646 πορείας
2621 5589 2633 5603 °
2669 5571 2764 5626 καὶ
2795 5571 2983 5644 ὥσπερ
3015 5573 3064 5625 οἱ
3091 5567 3544 5642 ἐλευθερωθέντες
3569 5557 3755 5646 οἰκέται

2196 5666 2538 5736 παυσάμενοι
2566 5664 2659 5718 τοῦ
2691 5667 2805 5728 τοῖς
2847 5662 3138 5734 κρατοῦσιν
3186 5661 3510 5732 ὑπηρετεῖν,
3557 5644 3754 5736 ἐπειδάν

2194 5755 2403 5808 ἑαυτῶν
2433 5755 2695 5820 γένωνται
2725 5754 2924 5824 κύριοι,
2961 5752 3222 5824 τρέπουσι
3251 5749 3386 5822 πρὸς
3423 5742 3638 5803 ἑαυτοὺς
3666 5733 3754 5804 τὴν

2199 5847 2460 5917 σπουδήν·
2490 5846 2663 5912 οὕτως
2688 5841 2841 5916 οἶμαι
2879 5851 2972 5902 καὶ
3001 5847 3098 5915 τὴν
3122 5845 3299 5915 ψυχὴν
3324 5833 3753 5908 ὲλευθερωθεῖσαν
