4026 6436
231 371 327 430 593

1555 366 1645 423 DE
1673 367 2143 428 VIRGINITATE.

3379 374 3488 431 394

230 485 330 540 απὸ
350 483 445 554 τῆς
480 481 802 555 σωματικῆς
827 480 1101 555 λατρείας,
1132 484 1190 537 ἐν
1220 479 1511 551 ἐπιγνώσει
1541 485 1796 553 γενέσθαι

1905 495 2199 561 postquam
2231 486 2317 543 sui
2342 485 2490 558 juris
2519 497 2669 552 sunt,
2698 503 2861 546 omne
2882 488 3127 546 studium
3156 494 3321 560 atque
3356 504 3488 560 ope-

228 575 319 646 τῆς
351 571 554 638 οίκείας
586 574 753 645 ἑαυτῇ
793 574 887 628 καὶ
918 572 1058 627 κατὰ
1090 574 1252 645 φύσιν
1298 574 1580 647 ἐνεργείας
1604 593 1620 609 ο
1661 578 1696 650 ἡ
1737 578 1796 633 δὲ

228 666 497 740 ἐλευθερία
543 668 693 733 ἐστὶ,
740 667 925 733 καθὼς
969 669 1068 723 καὶ
1132 670 1285 743 παρὰ
1328 670 1424 726 τοῦ
1468 671 1794 730 Ἀποστόλου

225 759 513 831 ἐμάθομεν,
563 759 628 812 τὸ
673 759 748 831 μὴ
813 758 963 831 ζυγῷ
1009 760 1254 826 δουλείας
1293 762 1605 835 ἐνέχεσθαι,
1662 767 1796 839 μηδὲ

228 853 463 923 καθάπερ
494 851 768 924 δραπέτην
805 853 840 924 ἦ
869 853 1174 925 κακοῦργον
1216 856 1527 928 γενόμενον,
1561 859 1799 932 πεδηθῆ-

225 962 305 1001 ναι
343 944 418 1016 τῷ
454 944 555 998 τοῦ
584 946 765 1015 γάμου
805 944 1010 1018 δεσμῷ.
1056 947 1217 1003 Ἀλλά
1248 965 1338 1020 μοι
1379 948 1543 1004 πάλιν
1569 951 1600 1004 6
1640 951 1797 1022 λόγος

227 1039 307 1092 ἐπὶ
343 1039 440 1110 τὴν
483 1037 655 1109 αὐτὴν
692 1037 867 1110 ἀρχὴν
906 1039 1231 1112 ἀνατρέχει,
1264 1041 1346 1095 ὅτι
1390 1042 1491 1096 οὐκ
1521 1044 1581 1097 ἐν
1621 1044 1797 1116 τούτῳ

231 1129 360 1200 μόνῳ
387 1130 447 1182 τὺ
471 1129 677 1183 τέλειον
704 1130 805 1201 τῆς
828 1130 1148 1203 ἐλευθερίας
1176 1131 1346 1197 ἐστὶν,
1373 1134 1431 1188 ἐν
1455 1134 1532 1206 τῷ
1555 1136 1799 1209 ἀποστῆ.

224 1238 304 1274 ναι
337 1220 429 1274 τοῦ
467 1221 649 1291 γάμου
687 1220 788 1292 (μή
829 1238 917 1285 τις
950 1221 1094 1276 οὕτω
1139 1224 1334 1297 μικρόν
1371 1241 1434 1279 τε
1471 1227 1566 1280 καὶ
1597 1226 1797 1284 εὔωνον

227 1313 281 1366 τὸ
306 1313 401 1383 τῆς
428 1313 723 1384 παρθενίας
748 1313 964 1379 οἰέσθω,
1005 1314 1146 1369 ὥστε
1184 1320 1243 1371 ἐν
1273 1318 1441 1389 ὀλίγῳ
1469 1324 1796 1396 παρατηρή-

228 1422 344 1475 ματι
364 1405 566 1476 σαρκὸς
586 1406 885 1478 κατορθοῦν
904 1408 1144 1478 νομίζειν
1164 1408 1226 1462 τὺ
1239 1411 1490 1465 τοσοῦτον
1514 1414 1791 1485 πρᾶγμαν

227 1497 329 1551 ἀλλ’
365 1496 552 1568 ἐπειδὴ
588 1499 698 1560 πᾶς
742 1499 771 1550 6
813 1497 983 1553 ποιῶν
1012 1498 1111 1571 τὴν
1155 1500 1433 1572 ἁμαρτίαν
1473 1503 1657 1569 δοῦλος
1695 1506 1796 1577 τῆς

228 1592 479 1662 ἁμαρτίας
503 1592 690 1654 ἐστίνι,
720 1593 755 1662 ἡ
790 1593 847 1645 ἐν
879 1593 1046 1646 παντὶ
1077 1594 1366 1663 πράγματι
1396 1596 1490 1649 καὶ
1512 1597 1797 1668 ἐπιτηδεύ-

230 1700 344 1753 ματι
367 1684 503 1754 πρὸς
535 1682 738 1737 κακίαν
768 1684 1118 1755 παρατροπὴ.
1147 1683 1429 1740 δουλοῦται
1458 1686 1549 1742 τὸν
1581 1688 1793 1761 ἀνθρω-

226 1792 317 1829 πον
358 1777 448 1829 καὶ
490 1775 825 1847 στιγματίαν
859 1778 1032 1842 ποιεῖ,
1069 1775 1343 1847 μώλωπας
1376 1778 1527 1850 αὐτῷ
1559 1780 1654 1835 καὶ
1697 1783 1793 1835 ἐκο

1902 596 2020 635 ram
2046 581 2104 637 in
2132 595 2194 636 se
2222 581 2327 652 ipsi
2359 590 2711 637 convertunt.
2749 580 2843 638 Sic
2880 584 3123 638 animum
3152 582 3340 640 servili
3365 597 3489 637 cor-

1903 672 2057 744 poris
2087 673 2354 744 obsequio
2389 672 2683 729 liberatum
2732 660 2789 730 in
2825 674 2974 731 illius
3003 675 3219 731 versari
3247 674 3489 729 arbitror

1904 762 2144 820 actionis
2195 762 2532 836 cognitione,
2573 779 2697 835 qua:
2751 764 2861 821 sibi
2895 765 3119 836 propria
3149 772 3238 821 est
3283 779 3349 819 ac
3387 778 3488 819 na-

1904 855 2138 913 turalis:
2167 855 2441 928 siquidem
2474 856 2724 920 libertas,
2776 863 2838 913 ut
2881 856 2951 912 ab
2997 855 3262 927 Apostolo
3293 854 3490 911 didici-
3567 906 3569 909 .

1905 962 2050 1013 mus,
2085 947 2142 1003 in
2176 964 2242 1004 eo
2270 956 2375 1014 est,
2412 956 2473 1004 ut
2521 965 2591 1005 ne
2634 948 2761 1021 quis
2808 963 3007 1005 rursus
3045 947 3331 1005 servitutis
3357 946 3488 1018 jugo

1904 1040 2165 1113 illigetur,
2200 1057 2381 1113 neque
2422 1049 2685 1114 tanquam
2717 1056 2912 1099 servus
2951 1040 3237 1113 fugitivus,
3269 1047 3363 1093 aut
3394 1054 3490 1094 ve-

1903 1138 2115 1188 terator
2142 1131 2344 1199 factus,
2392 1134 2707 1204 nuptiarum
2756 1132 3115 1204 compedibus
3146 1133 3365 1187 vinctus
3394 1132 3485 1187 sit.

1906 1222 2016 1278 Sed
2045 1222 2116 1278 ad
2153 1223 2333 1294 ipsum
2375 1223 2595 1279 initium
2638 1223 2755 1279 haec
2790 1238 2910 1278 mea
2947 1222 3089 1278 redit
3130 1223 3329 1287 oratio,
3353 1236 3490 1292 quo-

1903 1314 2052 1369 niam
2095 1329 2208 1370 non
2263 1315 2322 1369 in
2355 1327 2422 1369 eo
2472 1315 2653 1370 solum
2699 1313 2941 1385 perfecta
2981 1322 3066 1370 est
3091 1314 3342 1376 libertas,
3368 1321 3490 1368 uta

1903 1407 2116 1478 nuptiis
2152 1407 2498 1462 abstineatur
2527 1426 2541 1462 :
2577 1422 2645 1462 ne
2694 1406 2822 1478 quis
2876 1407 2951 1462 ita
3003 1407 3261 1476 exiguum
3293 1413 3348 1461 et
3384 1407 3491 1461 vile

1903 1506 2058 1570 putet
2083 1499 2188 1553 hoc
2222 1499 2557 1570 virginitatis
2588 1498 2849 1564 olﬁcium.
2876 1506 3139 1569 tauquam
3166 1512 3337 1568 parvo
3365 1512 3491 1551 ear-

1901 1592 1991 1649 nis
2021 1592 2202 1650 solum
2237 1592 2600 1662 reprimendae
2630 1598 2904 1663 praecepto
2943 1606 3004 1646 se
3035 1590 3278 1662 perfecte
3328 1604 3491 1661 agere

1903 1685 2226 1741 arbitretur.
2263 1682 2377 1741 Sed
2414 1685 2675 1755 quoniam
2726 1683 2980 1755 quisquis
3013 1692 3299 1755 peccatum
3331 1681 3487 1749 facit,

1904 1791 2101 1835 servus
2123 1783 2209 1833 est
2246 1776 2530 1848 peccati‘;
2564 1777 2658 1831 illa
2689 1776 2746 1832 in
2775 1777 2925 1832 omni
2960 1791 3024 1832 re
3050 1776 3343 1847 studioque
3372 1790 3492 1847 pra-

229 1868 460 1940 καύματα
488 1868 581 1922 διὰ
606 1869 719 1924 τῶν
758 1868 858 1940 τῆς
892 1868 1169 1940 ἁμαρτίας
1205 1870 1431 1941 πληγῶν
1471 1872 1795 1943 ἐμποιοῦσα·

1904 1884 1968 1925 va
2034 1869 2103 1924 ad
2151 1869 2345 1925 vitium
2405 1868 2699 1940 propensio
2746 1868 3025 1924 hominem
3055 1869 3299 1939 quodam
3324 1867 3490 1923 modo

226 1960 353 2015 ὥστε
388 1961 478 2015 τὸν
514 1961 610 2015 τοῦ
652 1961 893 2033 μεγάλου
922 1961 1128 2016 σκοποῦ
1165 1962 1260 2016 τοῦ
1294 1963 1434 2017 κατὰ
1462 1964 1558 2036 τὴν
1593 1965 1801 2038 παρθε-

229 2053 330 2107 νίαν
353 2053 654 2125 ἁψάμενον,
676 2055 734 2108 ὲν
754 2054 891 2107 πᾶσι
912 2055 1211 2126 προσήκειν
1232 2056 1412 2127 ἐαυτῷ
1432 2052 1572 2110 εἶναι
1593 2059 1800 2129 ὅμοιον,

226 2147 310 2200 καὶ
338 2146 482 2220 πάσῃ
506 2148 575 2217 τῇ
606 2145 722 2218 ζωῇ
765 2147 1153 2217 συνεμφαίνειν
1191 2148 1292 2219 τὴν
1324 2148 1695 2221 καθαρότητα.
1737 2153 1802 2206 Εἰ
1831 2207 1837 2213 _

224 2238 276 2292 δὲ
299 2237 393 2309 χρὴ
421 2239 514 2291 καὶ
553 2238 649 2292 διά
675 2254 822 2301 τινος
857 2237 967 2292 τῶν
1000 2237 1376 2293 θεοπνεύστων
1432 2243 1801 2314 συνηγορῆσαι

228 2330 294 2400 τῷ
328 2331 479 2402 λόγῳ,
513 2330 685 2401 ἀρκεῖ
724 2330 864 2401 πρὸς
913 2329 1012 2401 τήν
1051 2333 1152 2402 τῆς
1191 2330 1459 2403 ἀληθείας
1513 2332 1801 2403 βεϐαίωσιν

226 2422 349 2494 αὐτὴ
376 2424 409 2494 ἡ
454 2422 687 2495 ἀλήθεια
709 2461 725 2486 ,
758 2421 847 2476 διὰ
892 2422 1213 2495 παραϐολῆς
1248 2425 1343 2477 καὶ
1371 2424 1696 2496 αἰνίγματος
1742 2428 1801 2480 ἐν

231 2512 297 2582 τῷ
337 2512 652 2583 Εὐαγγελίῳ
678 2512 741 2567 τὸ
780 2511 1024 2567 τοιοῦτον
1065 2514 1201 2585 ἡμῖν
1232 2513 1643 2585 δογματίσασα·
1674 2516 1802 2580 τοὺς

231 2604 324 2672 γάρ
370 2605 644 2676 χρηστοὺς
691 2604 787 2658 καὶ
829 2604 1125 2675 ἐδωδίμους
1162 2605 1272 2659 τῶν
1311 2605 1510 2676 ἰχθύων
1543 2606 1654 2660 ἀπὸ
1689 2606 1801 2661 τῶν

233 2696 457 2767 πονηρῶν
491 2714 553 2752 τε
582 2697 683 2752 καὶ
709 2696 1053 2768 δηλητηρίων
1086 2699 1119 2768 ἡ
1153 2697 1437 2770 ἀλιειντικὴ
1468 2698 1632 2770 τέχνη
1663 2700 1801 2753 ἀπο-

232 2790 445 2861 χωρίζει,
469 2791 546 2855 ὡς
569 2790 643 2846 ἂν
668 2790 742 2862 μή
768 2807 910 2854 τινος
935 2789 1044 2845 τῶν
1069 2791 1329 2845 ἐναντίων
1357 2790 1802 2859 συνεισπεσόντος

236 2883 331 2944 τοῖς
351 2882 609 2950 ἀγγείοις,
631 2882 723 2935 καὶ
747 2883 780 2954 ἡ
800 2881 906 2935 τῶν
925 2881 1213 2954 χρησίμων
1233 2882 1535 2948 ἀπόλαυσις
1560 2884 1798 2957 ἀχρειω-

231 2971 353 3041 θείη.
412 2973 578 3028 Τοῦτο
639 2973 737 3028 και
775 2972 877 3044 τῆς
929 2972 1190 3045 ἀληθινῆς
1246 2975 1600 3048 σωφροσύνης
1636 2976 1798 3051 ἔργον

232 3063 355 3129 ἐστὶ,
395 3065 454 3120 τὸ
483 3069 549 3121 ἐκ
581 3066 808 3122 πάντων
843 3065 951 3121 τῶν
980 3068 1432 3140 ἐπιτηδευμάτων
1457 3068 1520 3123 τὸ
1559 3070 1801 3142 καθαρόν

231 3171 284 3208 τε
302 3156 387 3210 καί
401 3157 680 3230 ὠφέλιμον
707 3156 1093 3228 ἐκλεγομένην,
1116 3158 1175 3211 ἐν
1192 3158 1354 3212 παντὶ
1372 3157 1434 3212 τὸ
1453 3159 1561 3213 ἀπε
1568 3162 1799 3230 μφαῖνον

234 3249 581 3306 ἀποποιεῖσθαι
614 3249 694 3314 ὡς
734 3249 1009 3321 ἄχρηστον
1029 3290 1045 3316 ,
1082 3249 1178 3303 καὶ
1206 3250 1490 3319 ἐναφιέναι
1530 3247 1691 3304 τοῦτο
1718 3250 1799 3322 τῷ

237 3341 376 3411 κοινῷ
404 3344 496 3397 καὶ
526 3340 787 3413 κοσμικῷ
820 3341 944 3412 βίῳ,
980 3340 1227 3414 θαλάσσῃ
1260 3341 1535 3413 τροπικῶς
1563 3343 1668 3397 ὑπὸ
1699 3344 1799 3416 τῆς

232 3434 518 3507 παραϐολῆς
540 3434 924 3506 ὠνομασμένῳ
944 3449 959 3464 ·
989 3434 1110 3487 ἐπεὶ
1142 3435 1238 3487 καὶ
1267 3434 1297 3486 6
1323 3433 1630 3505 Ψαλμῳδὺς
1654 3433 1799 3489 διδά-

238 3526 405 3582 σκαλον
430 3527 873 3599 ἐξομολογήσεως
918 3525 976 3579 ἐν
1016 3542 1123 3579 τινι
1147 3524 1258 3578 τῶν
1284 3525 1514 3596 ψαλμῶν
1540 3527 1672 3597 ἡμῖν
1702 3527 1797 3596 ὑφ-

235 3617 523 3689 ηγούμενος,
538 3619 640 3675 τδν
665 3619 896 3673 ἄστατον
913 3616 1104 3673 τοῦτον
1129 3619 1225 3672 καὶ
1250 3618 1472 3690 ἐμπαθῆ
1503 3619 1597 3672 καὶ
1623 3634 1798 3691 ταρα-

234 3709 360 3785 χώδη
388 3702 515 3783 βίον,
546 3712 723 3766 ὕδατα
749 3710 931 3783 ψυχῆς
965 3711 1270 3782 ἁπτόμενα,
1304 3710 1400 3764 καὶ
1429 3710 1566 3784 βάθη
1595 3711 1798 3765 θαλάσ-

237 3814 321 3870 σης
346 3803 433 3856 καὶ
458 3801 755 3871 καταιγίδα
780 3799 943 3855 καλεῖ
961 3817 976 3832 ·
1014 3802 1073 3854 ἐν
1095 3795 1129 3874 ᾖ
1153 3801 1304 3854 πᾶσα
1335 3800 1433 3872 μὲν
1455 3801 1797 3872 ἀποστατικὴ

236 3892 435 3958 διάνοια,
459 3894 581 3950 καθ’
614 3893 913 3965 ὁμοιότητα
935 3893 1045 3947 τῶν
1069 3892 1407 3961 Αἰγυπτίων,
1439 3893 1516 3957 ὡς
1545 3893 1690 3957 λίθος
1718 3896 1799 3958 είς

239 3982 314 4037 τὸν
335 3983 483 4055 βυθὸν
507 3984 861 4041 καταδύεται.
894 3985 1060 4040 Ὅσον
1081 3985 1138 4039 δέ
1160 3984 1281 4056 Θεῷ
1309 3985 1463 4055 φίλον
1492 3986 1589 4040 καὶ
1614 3986 1800 4058 διορα-

236 4077 367 4131 τικδν
404 4080 497 4150 τῆς
536 4080 806 4151 ἀληθείας
836 4081 988 4135 ἐστὶν
1006 4120 1022 4146 ,
1048 4080 1187 4152 ὅπερ
1243 4080 1458 4153 Ἰσραὴλ
1502 4080 1655 4153 παρά
1699 4081 1799 4152 τῆς

236 4172 449 4247 ἱστορίας
489 4178 830 4248 ὠνόμασται,
880 4173 1039 4228 τοῦτο
1089 4173 1249 4244 μόνον
1295 4173 1372 4237 ὡς
1410 4172 1580 4245 ξηρὰν
1627 4173 1798 4243 αὐτὴν

239 4262 558 4338 διεξέρχεται,
591 4266 833 4341 οὐδαμοῦ
861 4267 963 4338 τῆς
980 4265 1208 4338 πικρίας
1237 4265 1333 4319 καὶ
1356 4264 1457 4334 τῆς
1483 4264 1664 4335 ἅλμης
1687 4263 1798 4316 τῶν

240 4354 481 4424 βαοτικῶν
518 4361 785 4433 κυμάτων
825 4358 1336 4429 συνεφαπτόμενον·
1380 4356 1524 4411 οὕτω
1550 4355 1798 4419 τυπικῶς

240 4448 329 4503 ὑπὸ
353 4453 681 4527 καθηγεμόνι
706 4452 786 4525 τῷ
812 4452 964 4524 νόμῳ
982 4469 995 4483 ·
1027 4449 1198 4514 τύπος
1224 4449 1283 4503 δὲ
1310 4445 1379 4521 ἦν
1410 4451 1439 4504 6
1468 4449 1675 4519 Μωσῆς
1701 4448 1797 4502 τοῦ

242 4542 401 4614 νόμον*
430 4550 521 4603 καὶ
542 4551 574 4604 6
614 4545 836 4619 Ἰσραὴλ
866 4545 967 4617 τὴν
994 4543 1269 4635 θάλασσαν
1290 4544 1613 4635 διεπέρασεν
1635 4541 1799 4635 626.co-
1831 4575 1882 4635 Β

242 4649 336 4703 χος,
361 4640 450 4692 καὶ
473 4640 650 4709 τούτῳ
679 4635 1054 4708 συνδιαπερῶν
1083 4637 1113 4689 6
1140 4634 1438 4704 Αἰγύπτιος
1468 4632 1802 4704 ὑποϐρύχιος

242 4719 318 4795 ἦν,
341 4731 590 4802 ἑκάτερος
616 4732 721 4785 ὑπὸ
746 4731 847 4801 τῆς
879 4726 1279 4800 συμπαρούσης
1301 4725 1448 4797 αὐτῷ
1480 4725 1799 4789 διαθέσεως,

242 4817 268 4869 6
296 4821 382 4890 μὲν
405 4825 620 4895 κούφως
653 4821 882 4889 διεξιὼν,
925 4823 954 4875 6
982 4821 1041 4875 δέ
1068 4821 1147 4883 είς
1180 4817 1340 4889 βυθὸν
1367 4816 1765 4886 καθελκόμενος
1783 4829 1799 4846 ·

243 4911 416 4982 κοῦφον
445 4917 542 4987 μὲν
572 4916 683 4988 γάρ
718 4933 771 4970 τι
808 4913 906 4969 καὶ
943 4913 1225 4985 ἀνωφερὲς
1260 4912 1494 4983 πρᾶγμα
1530 4909 1563 4981 ἡ
1605 4908 1798 4980 ἀρετή-

243 4999 421 5072 Πάντες
449 5009 557 5081 γὰρ
585 5010 636 5063 οἱ
670 5007 791 5062 κατ’
823 5006 993 5076 αὐτὴν
1024 5003 1227 5070 ζῶντες
1253 5003 1328 5068 ὡς
1352 5001 1574 5072 νεφέλαι
1606 4999 1800 5055 πέτον-

242 5107 337 5158 ται,
357 5100 490 5155 κατά
510 5101 603 5154 τὸν
646 5099 893 5164 Ἡσαΐαν,
929 5098 1025 5152 καὶ
1057 5096 1134 5161 ὡς
1167 5092 1489 5167 περιστεραὶ
1523 5092 1622 5147 σὺν
1645 5108 1801 5145 νεοσ-

245 5186 371 5249 σοῖς·
401 5189 535 5263 βαρὺ
570 5192 628 5246 δέ
656 5193 692 5263 ὴ
724 5191 990 5263 ἁμαρτία,
1028 5186 1212 5252 καθώς
1240 5189 1373 5259 φησί
1401 5204 1486 5251 τις
1521 5185 1631 5241 τῶν
1661 5203 1801 5259 προ-

245 5279 429 5348 φητῶν,
454 5284 546 5337 ἐπὶ
567 5285 828 5339 τάλαντον
856 5282 1107 5355 μολίϐδου
1130 5279 1500 5353 καθεζομένη.
1526 5280 1590 5332 Ei
1613 5278 1672 5332 δέ
1692 5295 1801 5332 τινι

249 5369 553 5449 βεδιασμένη
589 5378 683 5433 καὶ
714 5374 1154 5447 ἀπροσκόλλητος
1184 5374 1219 5445 ἠ
1264 5371 1490 5443 τοιαύτη
1524 5370 1626 5442 τῆς
1654 5371 1801 5424 ίστοο

250 5459 355 5525 Pint
379 5465 565 5539 ἐκδοχὴ
588 5469 838 5538 φαίνεται
857 5507 874 5533 ,
899 5465 997 5521 καὶ
1028 5465 1089 5518 οὗ
1112 5464 1335 5536 δέχεται
1366 5463 1505 5534 πρὸς
1533 5460 1800 5532 ὠφέλειαν

250 5548 384 5622 ἡμῶν
400 5558 493 5629 τὴν
510 5559 596 5616 διὰ
619 5560 717 5624 τῆς
745 5558 1015 5629 θαλάττης
1031 5555 1469 5629 θαυματοποιίαν
1490 5551 1802 5627 ἀναγεγρά-

311 5824 330 5862 ⁶
357 5828 507 5895 Joan.
538 5840 766 5902 ηιμω,
891 5840 913 5871 ⁸
955 5835 1146 5892 Matth.
1188 5849 1302 5901 xm,
1363 5831 1427 5888 l7
1467 5843 1587 5902 sqq.

546 5932 807 5997 Panos.
858 5931 979 5996 Gn.
1013 5928 1239 5992 XLVI.

1902 1959 2157 2016 servituti
2186 1959 2431 2029 subiicit,
2461 1959 2693 2031 vitiique
2723 1971 2910 2015 notam
2940 1960 2993 2015 ei
3028 1960 3222 2025 inurit,
3250 1974 3379 2014 cum
3408 1958 3489 2013 ci—

1899 2051 2140 2106 catrices
2183 2057 2352 2121 atque
2388 2050 2699 2107 inustiones
2739 2049 2951 2120 peccati
3006 2050 3181 2120 plagis
3214 2049 3291 2103 illi
3323 2048 3490 2103 obdu-

1899 2152 2009 2197 cat.
2055 2139 2240 2207 Quare
2272 2141 2367 2214 qui
2395 2156 2672 2197 summum
2700 2139 2806 2195 hoc
2858 2140 3124 2212 virginale
3170 2140 3486 2196 institutum

1901 2236 2123 2306 assequi
2179 2236 2321 2302 vult,
2356 2251 2481 2291 eum
2511 2242 2566 2291 et
2596 2235 2855 2292 omnibus
2910 2236 2970 2291 in
3020 2237 3187 2292 rebus
3219 2237 3303 2292 sui
3334 2236 3490 2294 simi-

1901 2328 2006 2382 lem
2035 2343 2184 2393 esse,
2225 2336 2281 2384 et
2321 2342 2514 2399 puram
2560 2327 2615 2382 in
2656 2329 2806 2382 omni
2845 2328 2955 2383 vita
2992 2327 3360 2400 integritatem
3389 2345 3490 2385 ca-

1901 2420 2256 2491 stitatemque
2291 2436 2402 2493 pra:
2435 2434 2496 2477 se
2524 2419 2671 2476 ferre
2699 2429 2941 2492 oportet.
2972 2422 3151 2493 Atque
3177 2422 3223 2480 si
3247 2438 3313 2478 ex
3340 2424 3487 2485 ullis.

1901 2528 2024 2584 qua:
2054 2528 2086 2567 a
2119 2513 2308 2569 divino
2347 2512 2557 2585 Spiritu
2597 2522 2751 2579 sunt,
2808 2515 3012 2571 litteris
3062 2516 3191 2571 huic
3249 2517 3491 2576 orationi

1905 2606 2279 2674 patrocinium
2307 2621 2556 2676 quaerere
2603 2614 2841 2676 oportet,
2897 2607 2967 2662 ad
3008 2607 3260 2663 veritatis
3289 2607 3490 2663 conﬁr-

1902 2699 2202 2753 matiunem
2267 2713 2366 2768 per
2417 2712 2479 2754 se
2532 2699 2669 2753 satis
2703 2707 2787 2753 est
2838 2698 3043 2754 veritas
3095 2699 3236 2769 ipsa,
3281 2715 3403 2769 qua:
3439 2700 3490 2753 in

1902 2787 2202 2862 Evangelio
2240 2790 2445 2862 aliquid
2477 2788 2792 2860 hujusmodi
2846 2805 2914 2846 ex
2960 2791 3217 2861 parabola
3254 2792 3488 2861 quadam

1902 2885 2064 2941 nobis
2093 2884 2373 2956 praecipit'
2402 2903 2415 2940 :
2441 2885 2681 2955 optimos
2716 2893 2879 2954 atque
2908 2885 3027 2939 esui
3060 2893 3216 2953 aptos
3238 2884 3424 2955 pisces
3453 2900 3490 2939 ιι

1902 2978 2068 3034 malis
2098 2992 2164 3034 ac
2186 2978 2476 3034 venenatis
2529 2992 2620 3033 ars
2656 2977 2911 3047 piscandi
2965 2978 3229 3041 secernit,
3283 2981 3344 3031 ut
3397 2992 3488 3041 nc,

1904 3085 2031 3126 cum
2063 3069 2311 3141 pestiferi
2359 3085 2426 3126 ex
2479 3070 2589 3125 illis
2638 3069 2809 3140 aliqui
2837 3070 2899 3124 in
2932 3070 3215 3125 vasculum
3254 3068 3491 3143 irrepse-

1903 3161 2034 3226 rint,
2066 3163 2394 3233 optimorum
2419 3162 2654 3233 piscium
2686 3177 2818 3218 usus
2846 3162 3056 3218 inutilis
3074 3161 3193 3217 ﬁat.
3222 3161 3337 3219 Hoc
3363 3163 3491 3220 item

1905 3268 2048 3309 verm
2077 3255 2455 3326 temperantia;
2485 3270 2686 3311 munus
2723 3261 2826 3319 est,
2880 3270 2946 3311 ex
2979 3256 3234 3312 omnibus
3268 3257 3490 3324 studiis,

1905 3346 2050 3417 quod
2086 3360 2285 3417 purum
2318 3346 2517 3402 utileve
2559 3352 2664 3413 est,
2711 3345 2762 3401 id
2814 3348 2869 3402 in
2904 3348 3053 3402 omni
3108 3363 3169 3404 re
3217 3348 3491 3420 deligere;

1905 3437 2052 3508 quod
2082 3452 2213 3492 vero
2236 3438 2535 3493 obscurum
2566 3445 2655 3493 est
2687 3452 2754 3491 an
2786 3438 3061 3508 expediat,
3091 3439 3196 3494 hoc
3225 3449 3491 3511 tanquam

1906 3527 2102 3584 inutile
2132 3528 2384 3598 rejicere,
2423 3528 2669 3599 illudque
2694 3530 2974 3583 communi
3004 3536 3058 3584 et
3089 3529 3379 3585 mundanae
3409 3532 3492 3584 vi-

1906 3626 1976 3674 tae
2025 3619 2363 3690 relinquere,
2405 3634 2530 3690 qua:
2577 3635 2730 3675 mare
2776 3619 3055 3690 quoddam
3085 3629 3169 3676 est
3201 3623 3493 3691 parabola-

1906 3726 2027 3766 rum
2097 3713 2262 3767 modo
2324 3712 2619 3782 appellata,
2686 3711 3129 3784 quandoquidem
3168 3712 3493 3770 Psalmistcs

1906 3804 2074 3860 etiam
2133 3803 2347 3874 psalmo
2397 3803 2636 3874 quodam
2669 3803 2830 3859 nobis
2878 3802 3252 3859 confessionis
3285 3805 3495 3860 doctri-

1906 3913 2031 3952 nam
2061 3912 2186 3953 cum
2219 3907 2478 3968 exponat,
2514 3898 2775 3953 cnducam
2811 3897 2972 3963 hanc,
3012 3906 3067 3953 et
3113 3898 3494 3955 affectionibus

1904 3990 2240 4060 expositam.
2272 3989 2764 4059 turbulentamque
2810 3988 3001 4055 vitam,
3037 4003 3208 4059 aquas
3251 3993 3493 4043 animam
3598 4010 3605 4015 ο

1906 4081 2261 4152 attingenles,
2308 4087 2364 4136 et
2406 4078 2740 4150 profundum
2775 4080 2966 4145 maris,
3006 4088 3062 4135 et
3093 4079 3364 4151 procellas
3395 4097 3495 4151 ap-

1906 4175 2104 4244 pellat'
2136 4191 2148 4228 :
2179 4173 2233 4227 in
2266 4187 2375 4244 qua
2414 4187 2550 4228 sane
2576 4172 2687 4226 vita
2718 4171 2899 4226 onmis
2931 4186 3187 4239 perversa
3226 4186 3382 4227 mens
3424 4172 3493 4226 ad

1908 4265 2294 4337 Egyptiorum
2334 4263 2777 4327 similitudinem,
2805 4261 2965 4332 quasi
3001 4262 3141 4332 lapis
3172 4263 3373 4332 aliquis
3396 4265 3493 4319 de-

1905 4358 2197 4429 mer'gitur.
2224 4355 2381 4422 Quod
2409 4369 2540 4409 vero
2561 4361 2646 4409 est
2670 4352 2780 4409 Deo
2800 4362 3058 4425 gratum,
3094 4360 3151 4408 et
3189 4352 3256 4407 ad
3288 4353 3491 4409 verita-

1904 4457 2014 4502 tem
2046 4443 2481 4517 perspiciendam
2526 4442 2636 4499 vim
2687 4442 2895 4507 habet,
2932 4440 3081 4511 quod
3128 4439 3354 4497 israelis
3394 4456 3493 4496 no-

1907 4536 2055 4591 mine
2080 4544 2166 4592 est
2193 4535 2263 4590 ab
2293 4532 2528 4589 historia
2557 4532 2919 4603 appellatum,
2947 4531 3053 4588 hoc
3082 4532 3284 4598 solum,
3332 4533 3492 4603 quasi

1905 4628 2199 4685 exsiccatis
2230 4626 2415 4697 aquis,
2448 4640 2602 4682 mare
2648 4625 2871 4693 transit,
2905 4639 3033 4680 cum
3070 4625 3279 4680 nullam
3307 4641 3492 4681 rerum

1907 4720 2274 4776 humanarum
2326 4717 2706 4784 acerbitatem,
2765 4716 2927 4787 quasi
2978 4716 3335 4786 salsuginem,
3375 4717 3494 4787 lege

1905 4810 2047 4867 duce
2080 4809 2344 4882 altingat‘
2374 4827 2388 4865 :
2415 4808 2764 4864 adumbratio
2795 4808 2942 4865 enim
2980 4807 3116 4879 legis
3142 4807 3321 4864 Moses
3350 4817 3491 4863 erat.

1905 4902 2086 4974 Atque
2111 4903 2348 4973 populus
2399 4899 2623 4972 quidem
2656 4898 2998 4956 lsraeliticus
3024 4913 3176 4954 mare
3201 4899 3492 4954 exsiccatis

1907 4997 2068 5069 aquis
2113 4994 2402 5057 transivit,
2458 4992 2702 5066 Egyptii
2750 5008 2882 5049 vero
2937 5007 3063 5047 cum
3120 4991 3253 5046 illud
3312 4992 3490 5062 ipsum

1909 5089 2233 5153 transirent,
2263 5102 2458 5142 omnes
2494 5085 2789 5142 summersi
2815 5092 2946 5141 sunt
2981 5102 2995 5139 :
3024 5084 3219 5138 horum
3262 5091 3494 5153 uterque

1909 5181 2171 5255 populus,
2227 5194 2329 5235 sua
2382 5178 2621 5248 quisque
2664 5175 2955 5234 aﬂ‘ectione
3005 5174 3329 5230 ducebatur.
3396 5174 3497 5231 llic

1911 5275 2135 5347 quidem
2188 5270 2355 5328 facile
2391 5279 2448 5327 et
2480 5270 2739 5326 celeriter
2796 5283 2952 5323 mare
3005 5266 3367 5331 transmittit,
3407 5268 3497 5322 ille

1911 5368 2071 5439 aquis
2093 5365 2221 5423 imis
2251 5364 2591 5435 demergitur
2627 5380 2642 5417 :
2682 5361 2831 5416 celer
2861 5360 3008 5414 enim
3043 5365 3206 5429 atque
3243 5359 3491 5430 expedita

1912 5458 2098 5529 aliqua
2129 5470 2222 5512 res
2252 5470 2376 5527 quae
2405 5454 2460 5508 in
2488 5452 2729 5508 sublime
2747 5447 2944 5511 fertur,
2980 5448 3156 5502 virtus
3181 5453 3288 5515 est,
3316 5460 3495 5516 quaa-

1911 5547 2210 5620 doquidem
2235 5561 2449 5613 omnes,
2496 5543 2589 5616 qui
2637 5540 2827 5597 vit-tuti
2872 5547 3255 5612 congruenter
3281 5541 3495 5600 vivunt,

1668 5828 1688 5858 ³
1718 5778 2079 5892 Psal.t.xv1it,
2116 5820 2205 5881 16.
2283 5822 2303 5856 ⁸
2340 5821 2509 5878 Exod.
2537 5813 2725 5884 ιιι-,21
2765 5831 2887 5890 sqq.

3099 5906 3173 5969 13
