4026 6424
366 366 474 429 397

1699 361 1787 417 DE
1820 360 2289 433 VIRGINITATE,

3537 369 3643 428 398

374 478 609 542 Ἦσατας
639 475 830 549 φησὶν,
859 474 1106 548 ἄχρηστα
1137 472 1356 538 πάντως
1400 473 1501 545 τῆς
1539 474 1741 545 σαρκὸς
1786 475 1946 550 θελή-

2061 486 2237 551 partus
2268 479 2637 553 virginitatem
2662 482 2949 550 dissolvit,
2985 499 3162 556 neque
3193 483 3483 554 virginitas
3509 480 3642 536 huic

367 589 534 644 ματα.
574 572 731 631 Ἐστι
751 569 806 622 δέ
831 587 915 642 τις
948 570 1043 623 καὶ
1068 567 1221 639 παρὰ
1248 566 1328 638 τῷ
1370 566 1683 638 ’Δποστὸλῳ
1711 568 1954 632 τοιοῦτος

362 665 545 733 λόγος,
572 663 646 728 ὡς
669 662 778 735 ἄρα
805 661 1025 726 διπλοῦς
1045 661 1206 733 ἡμῶν
1227 661 1377 714 ἐστιν
1404 659 1433 714 6
1457 658 1581 713 καθ’
1605 657 1835 713 ἕκαστον
1861 658 1955 715 ἄνευ

363 755 588 828 θρωπος
608 770 620 784 ·
649 756 677 809 6
706 753 805 826 μὲν
831 752 1105 827 ὁρώμενος
1131 750 1349 820 ἔξωθεν,
1383 743 1429 820 ᾧ
1452 750 1512 804 τὸ
1543 749 1955 822 διαφθείρεσθαι

364 845 506 900 κατὰ
544 845 703 915 φύσιν
745 843 892 897 ἐστίν
915 858 930 873 ·
976 845 1006 898 ὁ
1052 842 1110 897 δὲ
1144 841 1287 896 κατὰ
1327 840 1389 894 τὸ
1440 840 1816 913 κρυπτόμενον
1855 841 1954 911 τῆς

361 936 593 1008 καρδίας
620 935 928 1005 νοούμενος,
965 933 1026 999 6;
1053 932 1361 1004 ἐπιδέχεται
1402 933 1464 986 τὸ
1498 931 1948 987 ἀνακαινοῦσθαι.

361 1030 425 1082 Εἰ
461 1023 560 1082 οῦν
583 1027 785 1099 ἀληθὴς
807 1027 837 1080 6
876 1025 1032 1095 λόγος
1061 1023 1321 1097 (πάντως
1372 1023 1430 1079 δέ
1458 1024 1606 1078 ἐστιν
1631 1022 1837 1096 ἀληθὴς
1862 1024 1951 1079 διά

358 1118 458 1191 τὴν
491 1120 552 1173 έν
582 1117 730 1188 αὐτῷ
754 1117 1020 1172 λαλοῦσαν
1041 1114 1363 1188 ἀλήθειαν),
1390 1114 1546 1173 οὐδὲν
1574 1115 1825 1179 ἀπεικὸς.
1856 1114 1953 1169 καὶ

358 1211 541 1281 γάμον
572 1208 791 1263 διπλοῦν
814 1209 1038 1273 ἐννοεῖν,
1069 1206 1317 1278 ἐκατέρῳ
1344 1205 1454 1265 τῶν
1489 1207 1548 1260 έν
1574 1208 1709 1278 ἡμῖν
1739 1206 1950 1278 ἀνθρὼ-

357 1321 477 1359 πων
507 1302 820 1374 πρόσφορον
842 1320 901 1356 τε
929 1302 1024 1355 καὶ
1052 1300 1407 1371 κατάλληλον*
1430 1300 1528 1355 καὶ
1545 1300 1686 1377 τάχα
1705 1303 1733 1355 6
1754 1301 1955 1373 τολμή-

359 1413 461 1460 σας
488 1396 670 1449 εἰπεῖν
696 1394 796 1465 τὴν
827 1394 1147 1467 σωματικὴν
1176 1392 1474 1467 παρθενίαν
1499 1392 1594 1446 τοῦ
1626 1392 1836 1447 ἔνδοθεν
1859 1391 1956 1448 καὶ

358 1487 734 1559 πνευματικοῦ
762 1486 942 1556 γάμου
978 1483 1238 1557 συνεργόν
1266 1499 1327 1536 τε
1369 1483 1464 1538 καὶ
1502 1484 1764 1555 πρόξενον
1797 1481 1954 1552 γενέ-

359 1580 506 1640 σθαι,
537 1578 602 1631 οὐ
633 1578 823 1649 πόρρω
849 1576 943 1635 τοῦ
970 1576 1178 1640 εἰκότος
1204 1574 1598 1647 ἀποτολμήσει.

2057 573 2238 644 partui
2284 573 2676 645 impedimento
2717 574 2842 630 fuit.
2874 574 3011 631 Cum
3052 578 3196 633 cnim
3230 575 3460 646 spiritus
3493 574 3642 630 salu-

2058 664 2129 721 tis
2193 665 2476 733 nascitur,
2532 671 2595 720 ut
2644 665 2822 736 inquit
2871 666 3042 723 lsaias
3073 706 3089 731 ,
3141 667 3363 724 inutiles
3413 665 3643 722 omnino

2056 762 2186 809 sunt
2238 754 2423 810 carnis
2498 754 2832 812 voluntates.
2889 757 3067 826 Atque
3104 756 3160 818 in
3218 757 3363 812 hanc
3419 764 3644 812 senten-

2054 844 2189 899 tiam
2242 851 2326 900 est
2381 843 2579 914 aliquis
2648 845 2791 915 apud
2859 845 3181 916 Apostolum
3256 861 3460 910 sermo.
3525 845 3641 902 No-

2057 948 2230 995 strum
2266 938 2499 1009 quisque
2547 938 2748 1009 duplex
2801 938 2965 994 homo
3012 940 3188 1004 est“,
3227 956 3371 996 unus
3419 938 3640 1011 quidem

2059 1026 2152 1095 qui
2202 1028 2549 1083 extrinsecus
2592 1027 2875 1093 delinitur.
2906 1030 2996 1084 cui
3037 1045 3066 1083 a
3107 1038 3302 1086 natura
3336 1039 3421 1088 est
3451 1031 3640 1086 datum

2059 1123 2119 1168 ut
2184 1125 2609 1189 corrumpatur;
2644 1119 2782 1174 alter
2809 1134 2939 1175 vero
2964 1120 3057 1190 qui
3091 1136 3158 1177 ex
3213 1123 3429 1177 occulto
3458 1122 3642 1177 cordis

2056 1209 2425 1280 intelligitur,
2481 1211 2576 1282 qui
2658 1197 3068 1268 renovationem
3131 1214 3297 1283 capit.
3347 1212 3405 1268 Si
3476 1214 3644 1285 igitur

2058 1317 2218 1357 verus
2248 1302 2548 1373 sermo(is
2594 1312 2774 1359 autem
2832 1320 2994 1361 verus
3027 1313 3112 1363 est
3162 1307 3388 1376 propter
3438 1305 3646 1361 veritao

2058 1394 2168 1441 tem
2199 1402 2319 1457 qua:
2367 1387 2422 1442 in
2478 1405 2544 1445 eo
2588 1389 2872 1463 loquitur),
2912 1392 3136 1448 minime
3184 1393 3487 1449 absurdum
3534 1401 3640 1460 est,

2059 1476 2257 1549 duplex
2311 1479 2365 1533 in
2398 1489 2654 1551 utroque,
2703 1482 2796 1552 qui
2854 1483 2910 1540 in
2947 1483 3105 1539 nobis
3136 1493 3254 1564 est,
3282 1484 3504 1541 homine
3537 1500 3643 1556 pu—

2056 1579 2175 1627 tare
2229 1569 2639 1634 matrimonium
2698 1581 2945 1628 mutuum
2993 1580 3046 1629 et
3090 1573 3424 1630 conveniens
3470 1589 3639 1629 esse:

357 1671 711 1743 tortasseque
751 1671 843 1741 qui
878 1671 1063 1727 dicere
1110 1670 1377 1738 audebit,
1454 1669 1704 1740 corporis
1757 1666 2125 1737 virginitatem
2194 1663 2457 1737 spiritalis
2532 1673 2697 1738 atque
2741 1666 3018 1723 interioris
3073 1667 3409 1723 matrimonii
3480 1665 3643 1741 adju-

356 1765 549 1823 tricem
582 1773 748 1837 atque
778 1765 1047 1836 hospitem
1082 1778 1237 1828 esse,
1283 1764 1333 1821 is
1364 1778 1395 1819 a
1425 1773 1575 1820 recto
1605 1779 1718 1820 non
1754 1761 2054 1819 aberrabit.

965 1883 1218 1939 ΚΕΦΔΛ.
1254 1885 1343 1941 K'.

359 1999 485 2055 ’Ότι
522 1999 833 2056 ἀδύνατον
862 1998 1013 2069 ὁμοῦ
1057 1998 1188 2064 ταῖς
1225 1996 1591 2069 σωματικαῖς
1631 1993 1959 2069 ὑπηρετεῖν

424 2070 717 2197 ἥϐαν-εἷς.
747 2070 845 2126 καὶ
884 2069 1000 2125 τῶν
1036 2071 1190 2125 κατὰ
1220 2068 1370 2125 Θεὸν
1399 2068 1789 2138 εὐφροσύνην
1816 2081 1958 2135 καρ-

427 2156 600 2196 πουσ
639 2157 721 2197 αι.

427 2156 721 2200 πουσυαι.

434 2232 526 2298 Ὠς
573 2231 688 2305 γὰρ
736 2231 837 2286 οὐκ
877 2230 993 2286 ἔστι
1040 2230 1183 2286 κατά
1221 2228 1417 2285 ταύτὸν
1454 2228 1548 2283 δύο
1591 2228 1705 2282 τισὶ
1742 2227 1958 2299 τέχναις

360 2326 658 2398 ὔπηρετεῖν
681 2322 771 2377 διὰ
794 2322 896 2394 τῆς
926 2322 1035 2377 τῶν
1068 2321 1270 2394 χειρῶν
1295 2320 1605 2393 ἐνεργείας·
1639 2314 1750 2373 οἷον
1780 2326 1958 2388 γεωρ-

358 2417 557 2488 γοῦντα
595 2416 696 2471 καὶ
732 2413 1171 2485 ναυτιλλόμενον,
1205 2413 1239 2484 ἢ
1270 2410 1605 2484 χαλκεύοντά
1644 2427 1706 2464 τε
1743 2409 1839 2463 καὶ
1870 2425 1955 2461 τε·

360 2508 734 2571 κταινεύοντα·
767 2505 881 2561 ἀλλ’
910 2506 959 2560 εί
984 2505 1166 2577 μέλλει
1192 2506 1320 2576 μιᾶς
1340 2503 1511 2574 ὑγιῶς
1542 2500 1954 2573 ἀντιλήψεσθαι,

358 2607 456 2676 τῆς
501 2603 701 2675 ἐτέρας
748 2600 1016 2672 ἀφεκτέον
1072 2599 1261 2670 αὐτῷ’
1318 2598 1488 2662 οὓτως
1539 2598 1669 2668 ἡμῖν
1721 2594 1816 2649 καὶ
1864 2593 1959 2648 δύο

359 2693 743 2767 προκειμένων
776 2691 1000 2761 γάμων,
1042 2688 1136 2744 τοῦ
1177 2689 1279 2762 μὲν
1312 2688 1403 2741 διά
1436 2687 1638 2759 σαρκὸς
1678 2684 1957 2739 ἐπιτελου-

363 2786 543 2858 μένου,
575 2782 675 2838 τοῦ
709 2783 765 2837 δὲ
794 2782 884 2837 διὰ
915 2779 1248 2853 πνεύματος,
1278 2780 1312 2852 η
1345 2779 1475 2851 περὶ
1502 2777 1593 2830 τὸν
1626 2776 1724 2830 ἕνα
1751 2774 1956 2846 σπουδὴ

358 2876 447 2930 τὸν
468 2874 564 2929 τοῦ
592 2874 788 2944 ἑτέρου
822 2871 1099 2944 χωρισμὸν
1130 2871 1429 2940 ἀναγκαῖον
1468 2870 1635 2923 ποιεῖ.
1677 2864 1817 2920 Οὔτε
1847 2866 1957 2937 γὰρ

2658 1876 2893 1933 CAPUT
2950 1877 3072 1934 XX.

2059 1989 2215 2064 Fieri
2262 2008 2367 2047 non
2404 1999 2624 2064 potest.
2657 2004 2715 2046 ut
2770 1995 3006 2061 corporis
3066 1995 3424 2064 uoluptatibus
3481 1996 3645 2051 simul

2125 2062 2242 2133 quis
2277 2063 2493 2126 serviat,
2533 2072 2582 2117 et
2624 2066 3048 2132 temperantiam,
3076 2062 3196 2137 qua?
3222 2064 3333 2121 Deo
3364 2076 3519 2137 grata
3546 2068 3642 2132 sit,

2128 2144 2466 2204 assequatur.

2126 2222 2599 2291 Quemadmodum
2624 2238 2735 2279 non
2770 2239 3066 2295 possumus
3100 2241 3363 2283 manuum
3414 2243 3644 2284 munere

2058 2314 2382 2383 actioneque
2420 2314 2559 2371 duas
2616 2315 2781 2371 simul
2840 2323 2988 2373 artes
3021 2332 3282 2375 exercere
3315 2358 3330 2384 ,
3380 2320 3546 2376 veluti
3589 2327 3645 2376 et

2057 2407 2404 2477 agriculturae
2455 2414 2512 2461 et
2581 2407 2913 2479 navigationi
2972 2408 3134 2466 simul
3192 2425 3416 2482 operam
3484 2412 3640 2476 dare.

2058 2496 2455 2569 ferrariamque
2527 2499 2693 2556 simul
2753 2508 2810 2556 et
2860 2494 3148 2572 lignan’hm
3188 2502 3408 2569 facere,
3462 2503 3557 2560 sed
3589 2504 3637 2562 si

2056 2590 2181 2660 quis
2224 2591 2319 2646 uni
2368 2603 2518 2648 recte
2551 2606 2675 2649 sese
2720 2593 2952 2649 daturus
3006 2602 3112 2659 est,
3147 2594 3376 2651 alteram
3423 2593 3646 2654 deserat

2057 2698 2283 2740 necesse
2327 2691 2412 2740 est
2446 2700 2460 2738 :
2497 2683 2573 2737 ita
2626 2700 2751 2739 cum
2802 2684 2943 2739 binae
2993 2686 3152 2741 nobis
3206 2686 3501 2757 propositae
3532 2689 3647 2744 sint

2056 2777 2283 2846 nuptiae,
2335 2791 2572 2847 quarum
2629 2792 2751 2831 uuae
2803 2776 2989 2832 carnis
3035 2792 3201 2847 opere
3248 2778 3641 2841 conficiuntur.

2056 2868 2242 2924 alterae
2293 2884 2423 2924 vero
2474 2870 2527 2924 in
2559 2869 2754 2940 spiritu
2798 2871 3134 2931 consistunt.
3187 2871 3458 2936 studium,
3494 2873 3643 2942 quod

356 2961 447 3017 δύο
479 2962 627 3017 κατά
658 2960 855 3016 ταύτὸν
892 2958 1175 3030 ὀφθαλμὸς
1219 2959 1348 3013 ἰδεῖν
1379 2958 1565 3022 ἱκανός
1597 2959 1767 3020 ἐστιν,
1797 2958 1846 3011 εἰ
1881 2956 1955 3029 μὴ

2061 2959 2112 3015 ἰιι
2165 2960 2289 3016 unis
2329 2961 2569 3031 ponitur,
2606 2962 2675 3016 ab
2728 2962 2916 3018 alteris
2975 2977 3078 3018 nos
3131 2964 3451 3021 necessario
3485 2979 3645 3036 sepa-

360 3052 459 3107 ἀνά
499 3053 674 3124 μέρος
715 3051 811 3107 καὶ
861 3050 967 3123 ἰδίᾳ
1005 3050 1253 3123 ἑκατέρῳ
1287 3050 1377 3105 τὸν
1422 3048 1700 3120 ὀφθαλμὸν
1742 3048 1955 3121 ἐπερεί-

2061 3059 2163 3108 rat.
2216 3051 2405 3123 Neque
2436 3053 2582 3109 enim
2632 3053 2828 3110 oculus
2868 3055 3004 3112 satis
3042 3063 3129 3112 est
3159 3097 3172 3121 ,
3218 3055 3313 3126 qui
3368 3071 3458 3113 res
3507 3056 3646 3114 duas

357 3160 528 3198 σειενο
585 3142 709 3197 οὔτε
741 3143 774 3214 ἡ
803 3141 1028 3211 γλῶσσα
1052 3143 1330 3215 διαφόροις
1363 3142 1699 3214 ὑπηρετήσει
1728 3142 1954 3210 φωναῖς,

2061 3146 2222 3203 simul
2273 3146 2472 3210 videat,
2504 3148 2610 3203 nisi
2661 3147 2957 3220 separatim
2990 3162 3056 3204 ac
3103 3163 3201 3219 per
3242 3163 3303 3205 se
3367 3149 3422 3205 in
3457 3165 3643 3207 earum

366 3236 641 3312 Ἐϐραίων
670 3253 728 3290 τε
753 3236 974 3307 ῥήματα
999 3235 1095 3289 καὶ
1139 3234 1407 3306 Ἑλλήνων
1428 3235 1487 3287 ὲν
1513 3233 1591 3304 τῷ
1618 3231 1767 3303 αὐτῷ
1791 3231 1950 3302 φθεγ-

2061 3252 2243 3294 rerum
2296 3239 2544 3305 alteram,
2576 3255 2698 3310 quae
2747 3239 2898 3297 cerni
2956 3249 3227 3311 possunt,
3269 3258 3327 3298 se
3351 3243 3642 3314 conjiciat:

355 3325 604 3395 γομένη·
649 3323 774 3377 οὔτε
806 3326 841 3395 ἡ
884 3323 1022 3396 ἀκοὴ
1044 3323 1352 3395 διηγήσεώς
1388 3341 1448 3376 τε
1484 3323 1827 3395 πραγμάτων
1862 3322 1955 3376 καλ¹

2062 3346 2239 3401 neque
2290 3331 2477 3404 lingua
2505 3331 2847 3388 diversarum
2884 3348 3077 3388 vocum
3131 3334 3286 3391 sonis
3316 3335 3481 3391 simul
3527 3351 3647 3393 ser-

355 3416 685 3471 διδακτικῶν
724 3415 897 3485 λόγων
942 3415 1084 3470 κατά
1116 3414 1312 3469 ταύτὸν
1340 3414 1694 3486 ἀκροάσεται.
1742 3414 1807 3468 ’11
1849 3413 1959 3487 γάρ

355 3505 597 3580 διαφορά
648 3507 748 3576 τῆς
788 3507 1010 3577 φωνῆς,
1060 3506 1109 3559 εἰ
1164 3504 1263 3577 μὲν
1311 3506 1415 3559 ἀνὰ
1465 3504 1632 3577 μέρος
1683 3504 1956 3565 ἁκούοιτο.

358 3598 755 3673 ἐνσημαίνεται
803 3601 916 3662 τοῖς
960 3598 1335 3670 ἀκροωμένοις
1378 3598 1479 3671 τὴν
1526 3599 1755 3651 ἔννοιαν·
1808 3598 1855 3651 εἰ
1901 3596 1959 3650 δὲ

361 3691 499 3747 κατὰ
539 3690 746 3745 ταύτὸν
796 3689 1051 3762 μιχθεῖσα
1090 3688 1380 3761 περιηχοίη
1422 3690 1524 3761 τὴν
1568 3688 1774 3760 ἀκοὴν,
1833 3687 1960 3757 σύγι

363 3781 514 3854 χυσὶς
546 3798 636 3846 τις
675 3780 991 3852 ἀδιάκριτος
1023 3780 1124 3852 τὴν
1166 3779 1402 3835 διάνοιαν
1442 3779 1693 3852 λήψεται,
1726 3777 1838 3832 τῶν
1870 3795 1961 3850 ση-

367 3872 711 3944 μαινομένων
740 3874 796 3926 ὲν
825 3871 1077 3943 ἀλλήλοις
1105 3872 1508 3944 συγχεομένων.
1548 3870 1708 3926 Κατὰ
1736 3871 1828 3925 τὸν
1860 3870 1960 3924 a6-

363 3964 453 4020 τὸν
475 3965 643 4035 λόγον
670 3963 765 4019 καὶ
793 3963 855 4020 τὸ
886 3962 1284 4034 ἐπιθυμητικὸν
1326 3964 1483 4035 ἡμῶν
1515 3963 1679 4033 φύσιν
1707 3962 1810 4017 οὐκ
1843 3961 1959 4032 ἔχει

361 4056 493 4126 ὁμοῦ
524 4058 649 4120 ταῖς
680 4057 1024 4127 σωματικαῖς
1054 4053 1411 4126 ἐξυπηρετεῖν
1448 4054 1667 4125 ἡδοναῖς
1686 4095 1701 4117 ,
1728 4054 1825 4108 καὶ
1864 4053 1956 4107 τὸν

366 4148 738 4221 πνευματικὸν
796 4149 1039 4219 μετιέναι
1095 4147 1295 4218 γάμον.
1352 4146 1488 4201 Οὐδὲ
1543 4146 1651 4217 γὰρ
1704 4146 1797 4200 διὰ
1847 4144 1956 4201 τῶν

360 4243 564 4314 ὁμοίων
608 4240 1057 4311 ἐπιτηδευμάτων
1099 4232 1324 4293 δυνατόν
1353 4239 1500 4292 ἐστιν
1544 4238 1807 4309 ἑκατέρου
1846 4236 1956 4292 τῶν

358 4335 584 4391 ,σκοπῶν
630 4333 892 4389 λαϐέσθαι
913 4353 926 4364 ·
955 4332 1052 4387 τοῦ
1098 4333 1196 4404 μὲν
1233 4331 1343 4404 γάρ
1374 4329 1694 4402 ἐγκράτεια,
1722 4330 1818 4384 καὶ
1852 4328 1957 4383 σώ-

367 4445 534 4498 ματος
569 4427 863 4500 νέκρωσις,
903 4426 999 4480 καὶ
1031 4424 1141 4478 τῶν
1166 4423 1310 4479 κατὰ
1340 4423 1521 4492 σάρκα
1548 4421 1766 4476 πάντων
1794 4422 1956 4493 ὑπερο

360 4518 491 4589 alata
518 4518 773 4590 πρόξενοι
800 4516 1064 4587 γίνονταιο
1096 4513 1198 4586 τῆς
1216 4513 1274 4569 δὲ
1306 4513 1628 4584 σωματικῆς
1658 4510 1954 4582 συναφείας

2060 3423 2191 3487 viet,
2244 3432 2303 3477 ut
2359 3422 2614 3480 llebrzeas
2660 3433 2714 3479 et
2767 3423 2988 3481 Graecas
3040 3441 3203 3484 voces
3251 3426 3443 3482 eodem
3504 3434 3646 3483 tem-

2060 3528 2194 3583 pore
2256 3513 2422 3569 simul
2466 3516 2784 3585 exprimat:
2836 3531 2938 3572 nec
2994 3516 3208 3571 aurium
3259 3518 3387 3575 item
3444 3534 3645 3574 sensus

2059 3613 2116 3659 et
2171 3620 2355 3659 rerum
2405 3606 2847 3675 explicationem,
2921 3617 2977 3663 et
3029 3607 3359 3673 verborum,
3421 3625 3543 3680 quae
3579 3611 3645 3666 ad

2059 3695 2365 3752 docendum
2424 3697 2674 3769 apposita
2748 3699 3251 3767 sunt,orationem
3312 3715 3423 3755 una
3468 3703 3646 3770 perri-

2061 3787 2194 3859 piet.
2246 3786 2545 3845 Dissimilis
2594 3789 2738 3845 enim
2779 3805 2963 3847 sermo
3013 3799 3120 3858 est,
3171 3789 3264 3862 qui
3322 3792 3368 3848 si
3420 3807 3645 3863 separa-

2060 3879 2157 3933 tim
2217 3878 2439 3934 auditur
2471 3919 2486 3945 ,
2547 3880 2876 3936 sententiam
2931 3881 3169 3938 auditori
3234 3882 3546 3954 imprimit:
3600 3883 3646 3938 si

2058 3985 2192 4027 vero
2250 3969 2479 4028 confuse
2527 3972 2900 4043 exprimitur,
2970 3976 3187 4029 aurium
3244 3988 3467 4031 sensum
3524 3989 3648 4046 per-

2062 4062 2266 4126 turbat.
2299 4072 2464 4134 atque
2498 4063 2589 4131 iis,
2637 4080 2760 4135 quae
2798 4064 3215 4137 signiﬁcantur,
3254 4064 3486 4121 confuse
3514 4081 3645 4136 pro-

2059 4153 2237 4219 latis,
2288 4156 2537 4225 quaedam
2602 4171 2713 4211 non
2770 4155 3032 4213 distincta
3089 4156 3348 4212 confusio
3408 4166 3644 4212 mentem

2059 4245 2375 4317 occupabit.
2431 4244 2558 4299 Pari
2594 4247 2808 4301 ratione
2862 4247 3127 4316 appetitio
3162 4256 3351 4303 nostra
3385 4254 3645 4303 naturam

2057 4350 2168 4390 non
2203 4335 2389 4399 habet,
2447 4342 2507 4388 ut
2547 4334 2828 4405 corporeis
2879 4334 3042 4391 simul
3091 4334 3466 4404 voluptatibus
3527 4350 3647 4392 ser-

2057 4426 2169 4480 viat
2218 4432 2274 4481 et
2318 4424 2635 4496 spirituales
2684 4426 2904 4494 nupti‘as
2958 4424 3186 4481 ambiat.
3249 4424 3438 4497 Neque
3495 4426 3644 4483 enim

2059 4517 2334 4574 similibus
2388 4516 2588 4573 studiis
2639 4517 2928 4588 utriusque
2972 4516 3051 4573 rei
3108 4519 3451 4589 propositum
3494 4533 3647 4576 assc-

364 4611 541 4667 πάντα
566 4610 639 4665 τὰ
662 4609 905 4673 ἐναντία.
934 4606 1144 4663 Οὐκοῦν
1173 4605 1365 4679 ὥσπερ
1385 4606 1477 4660 δύο
1500 4604 1707 4677 κυρίων
1730 4605 1787 4658 έν
1812 4603 1955 4677 αἱρέ-

2061 4608 2156 4680 qui
2206 4608 2375 4664 licet:
2415 4606 2580 4664 unius
2628 4611 2773 4663 enim
2826 4607 3041 4665 ratione
3092 4615 3148 4665 et
3199 4610 3559 4677 continentia,
3590 4616 3647 4666 et

368 4719 449 4757 σει
478 4702 884 4777 προκειμένων,
914 4699 1105 4772 ἐπειδὴ
1132 4697 1278 4753 κατά
1304 4697 1503 4752 ταύτὸν
1535 4696 1637 4751 οὐκ
1665 4696 1813 4750 ἔστιν
1847 4696 1956 4767 ἀμ-

370 4794 612 4867 φοτέρων
637 4793 892 4863 γενέσθαι
926 4792 1169 4861 ὑπήκοον
1205 4790 1422 4863 (οὐδεὶς
1448 4788 1559 4861 γὰρ
1582 4789 1804 4844 δύναται
1832 4789 1955 4842 δυσὶ

370 4886 580 4957 κυρίοις
628 4884 977 4954 δουλεύειν),
1011 4883 1103 4938 τὸν
1131 4880 1550 4953 ὠφελιμώτερον
1589 4882 1616 4935 ὁ
1647 4875 1705 4935 εὖ
1741 4878 1955 4952 φρονῶν

366 4976 694 5045 ἑπιλέξεται·
724 4976 898 5042 οὕτως
922 4978 1058 5049 ἡμῖν
1086 4975 1183 5030 καλ⁵
1208 4973 1303 5029 δύο
1335 4974 1713 5048 προκειμένων
1735 4973 1954 5045 γάμων,

368 5070 555 5143 ἐπειδὴ
577 5071 678 5125 οὐκ
711 5071 857 5125 ἔστιν
886 5072 946 5124 ὲν
973 5069 1307 5141 ἀμφοτέροις
1332 5064 1471 5124 εἶναι
1505 5068 1565 5140 (6
1593 5067 1703 5141 γὰρ
1740 5069 1957 5139 ἄγαμος

373 5162 613 5235 μεριμνᾷ
646 5161 716 5217 τά
743 5162 838 5217 τοῦ
879 5161 1115 5234 Κυρίου,
1147 5161 1176 5213 ὁ
1218 5161 1276 5214 δὲ
1306 5162 1562 5233 γαμήσας
1604 5162 1845 5232 μεριμνᾷ
1886 5159 1957 5213 τά

370 5252 461 5306 τοῦ
489 5253 729 5325 κόσμου)
751 5294 765 5316 ,
801 5252 1226 5325 σωφρονούντων
1253 5251 1318 5306 ἄν
1351 5268 1494 5322 φημι
1535 5251 1610 5323 μὴ
1638 5251 1956 5322 διαμαρτεῖν

372 5342 471 5413 τῆς
497 5345 728 5416 ἐκλογῆς
755 5344 850 5399 τοῦ
900 5344 1300 5417 συμφέροντος·
1349 5342 1489 5396 ἀλλά
1543 5344 1681 5414 μήτε
1720 5342 1820 5413 τὴν
1862 5341 1956 5395 ἐπὶ

372 5435 557 5491 τοῦτον
580 5438 819 5507 ἄγουσαν
845 5436 964 5492 ὁδὸν
991 5435 1279 5507 ἀγνοῆσαι,
1309 5435 1376 5506 ἣν
1409 5434 1510 5489 οὐκ
1539 5433 1686 5488 ἐστιν
1717 5432 1894 5497 ἄλλως
1918 5433 1952 5506 ἢ

372 5523 462 5584 διά
481 5545 621 5595 τινος
646 5528 936 5599 ἀναλογίας
965 5528 1174 5600 μαθεῖν.
1216 5528 1304 5591 Ὠς
1327 5527 1436 5599 γὰρ
1466 5528 1525 5581 ὲν
1545 5525 1625 5599 τῷ
1659 5526 1956 5598 σωματικῷ

376 5617 536 5694 γάμῳ
565 5623 603 5676 '6
644 5625 721 5695 μὴ
763 5620 1099 5693 ἀποϐλητέος
1148 5618 1405 5688 γενέσθαι
1469 5619 1807 5690 σπουδάζων,
1862 5619 1955 5675 καὶ

451 5793 491 5827 “
528 5794 571 5851 il
588 5797 712 5855 Cor.
746 5814 819 5869 tv,
847 5799 933 5861 1.6.

2059 4701 2306 4771 corporis
2362 4698 2654 4756 atiectuum
2714 4699 2992 4765 interitus,
3048 4707 3104 4756 et
3142 4716 3333 4758 eorum
3374 4702 3643 4764 omnium,

2059 4809 2182 4864 qute
2209 4808 2241 4848 e
2269 4806 2440 4848 carne
2484 4793 2758 4850 exsistunt
2784 4832 2800 4856 ,
2837 4793 3201 4865 despicientia
3266 4793 3428 4850 nobis
3461 4794 3649 4848 conci-

2058 4884 2370 4942 lianturze
2430 4900 2696 4956 corporea
2755 4892 2937 4942 autem
2987 4886 3230 4941 coitione
3303 4886 3489 4940 omnia
3559 4886 3647 4941 his

2058 4976 2335 5032 contraria
2388 4985 2674 5048 apparent.
2728 4974 2913 5034 Veluti
2944 4979 3110 5050 igitur
3152 4992 3278 5032 eum
3314 4977 3382 5033 de
3432 4976 3647 5036 duobus

2060 5068 2308 5125 dominis
2361 5068 2429 5124 ad
2481 5069 2897 5126 deliberandum
2950 5069 3292 5141 propositum
3361 5077 3468 5132 est.
3509 5083 3649 5140 quo-

2058 5158 2206 5215 niam
2242 5157 2361 5215 ﬁeri
2403 5172 2517 5213 non
2575 5165 2777 5229 potest,
2826 5166 2889 5214 ut
2939 5159 3231 5230 utriusque
3264 5158 3494 5230 imperio
3520 5159 3647 5229 quis

2059 5250 2226 5307 simul
2282 5259 2472 5321 pareat
2499 5269 2514 5305 :
2543 5266 2706 5307 nemo
2733 5252 2879 5307 enim
2931 5260 3110 5322 potest
3140 5253 3357 5310 duobus
3406 5252 3648 5310 dominis

2059 5342 2312 5399 servire:
2348 5342 2417 5408 is,
2463 5344 2557 5414 qui
2611 5353 2758 5398 recte
2789 5344 2954 5413 sapit,
3004 5343 3281 5399 utiliorem
3315 5361 3382 5402 ex
3424 5345 3511 5402 his
3550 5346 3649 5400 do-

2059 5433 2268 5488 minum
2324 5435 2564 5504 deliget:
2620 5435 2691 5490 ita
2724 5435 2770 5490 si
2824 5436 2965 5491 bina:
3012 5436 3309 5506 proposita:
3354 5446 3486 5493 sunt
3536 5456 3637 5495 nu-

2064 5524 2209 5595 ptiae,
2242 5526 2370 5597 quia
2408 5526 2462 5585 in
2494 5527 2743 5596 utrisque
2768 5542 2891 5582 esse
2918 5542 3025 5581 non
3060 5528 3223 5584 licet:
3252 5530 3449 5586 cmlebs
3474 5529 3644 5593 enim,

2061 5632 2184 5692 qua:
2219 5617 2405 5677 divina
2455 5623 2603 5685 sunt,
2647 5624 2829 5687 curat,
2860 5617 2954 5690 qui
2990 5632 3127 5674 vero
3161 5620 3369 5692 nuptiis
3417 5619 3647 5694 junctus
