  <div class='ocr_page' id='page_1' title='image "/cluster/home/n/w/nwhite01/storage/ocr_20150623/46:no.3/coo.31924054869668/209.png"; bbox 0 0 4026 6444; ppageno 0'>
   <div class='ocr_carea' id='block_1_1' title="bbox 468 324 583 383">
    <p class='ocr_par' dir='ltr' id='par_1_1' title="bbox 468 324 583 383">
     <span class='ocr_line' id='line_1_1' title="bbox 468 324 583 383; baseline 0.009 -2"><span class='ocrx_word' id='word_1_1' title='bbox 468 324 583 383; x_wconf 76' lang='lat'><strong>399</strong></span> 
     </span>
    </p>
   </div>
   <div class='ocr_carea' id='block_1_2' title="bbox 1692 326 2460 388">
    <p class='ocr_par' dir='ltr' id='par_1_2' title="bbox 1692 326 2460 388">
     <span class='ocr_line' id='line_1_2' title="bbox 1692 326 2460 388; baseline 0.001 -2"><span class='ocrx_word' id='word_1_2' title='bbox 1692 327 1752 388; x_wconf 90' lang='lat' dir='ltr'><strong>S.</strong></span> <span class='ocrx_word' id='word_1_3' title='bbox 1796 326 2128 386; x_wconf 76' lang='lat' dir='ltr'><strong>GREGORII</strong></span> <span class='ocrx_word' id='word_1_4' title='bbox 2162 327 2460 388; x_wconf 81' lang='lat' dir='ltr'><strong>NYSSENI</strong></span> 
     </span>
    </p>
   </div>
   <div class='ocr_carea' id='block_1_3' title="bbox 3578 346 3731 405">
    <p class='ocr_par' dir='ltr' id='par_1_3' title="bbox 3578 346 3731 405">
     <span class='ocr_line' id='line_1_3' title="bbox 3578 346 3731 405; baseline 0 0"><span class='ocrx_word' id='word_1_5' title='bbox 3578 368 3581 375; x_wconf 76' lang='grc'><em>’</em></span> <span class='ocrx_word' id='word_1_6' title='bbox 3631 346 3731 405; x_wconf 60' lang='grc' dir='ltr'><strong>ἆθθ</strong></span> 
     </span>
    </p>
   </div>
   <div class='ocr_carea' id='block_1_4' title="bbox 478 442 2026 526">
    <p class='ocr_par' dir='ltr' id='par_1_4' title="bbox 478 442 2026 518">
     <span class='ocr_line' id='line_1_4' title="bbox 478 442 2026 518; baseline -0.001 -17"><span class='ocrx_word' id='word_1_7' title='bbox 478 453 595 512; x_wconf 88' lang='lat' dir='ltr'><strong>est,</strong></span> <span class='ocrx_word' id='word_1_8' title='bbox 642 445 696 500; x_wconf 93' lang='lat' dir='ltr'><strong>in</strong></span> <span class='ocrx_word' id='word_1_9' title='bbox 734 444 899 502; x_wconf 81' lang='lat' dir='ltr'><strong>rebus</strong></span> <span class='ocrx_word' id='word_1_10' title='bbox 951 442 1244 501; x_wconf 85' lang='lat' dir='ltr'><strong>mundanis</strong></span> <span class='ocrx_word' id='word_1_11' title='bbox 1307 444 1548 502; x_wconf 89' lang='lat' dir='ltr'><strong>studium</strong></span> <span class='ocrx_word' id='word_1_12' title='bbox 1600 447 1797 518; x_wconf 81' lang='lat' dir='ltr'><strong>ponit:</strong></span> <span class='ocrx_word' id='word_1_13' title='bbox 1853 454 2026 517; x_wconf 86' lang='lat' dir='ltr'><strong>tempe</strong></span> 
     </span>
    </p>
   </div>
   <div class='ocr_carea' id='block_1_5' title="bbox 2127 442 3729 526">
    <p class='ocr_par' dir='ltr' id='par_1_5' title="bbox 2127 446 3729 526">
     <span class='ocr_line' id='line_1_5' title="bbox 2127 446 3729 526; baseline 0.009 -26"><span class='ocrx_word' id='word_1_14' title='bbox 2127 494 2131 506; x_wconf 68' lang='grc'><strong>,</strong></span> <span class='ocrx_word' id='word_1_15' title='bbox 2156 447 2258 519; x_wconf 83' lang='grc' dir='ltr'><strong>τῆς</strong></span> <span class='ocrx_word' id='word_1_16' title='bbox 2283 446 2375 502; x_wconf 79' lang='grc' dir='ltr'><strong>τοῦ</strong></span> <span class='ocrx_word' id='word_1_17' title='bbox 2414 446 2664 520; x_wconf 85' lang='grc' dir='ltr'><strong>σώματος</strong></span> <span class='ocrx_word' id='word_1_18' title='bbox 2690 447 2923 517; x_wconf 75' lang='grc' dir='ltr'><strong>εὐεξίας,</strong></span> <span class='ocrx_word' id='word_1_19' title='bbox 2950 451 3045 507; x_wconf 76' lang='grc' dir='ltr'><strong>καὶ</strong></span> <span class='ocrx_word' id='word_1_20' title='bbox 3072 451 3168 508; x_wconf 83' lang='grc' dir='ltr'><strong>τοῦ</strong></span> <span class='ocrx_word' id='word_1_21' title='bbox 3194 454 3500 526; x_wconf 73' lang='grc' dir='ltr'><strong>πρέποντος</strong></span> <span class='ocrx_word' id='word_1_22' title='bbox 3528 460 3729 516; x_wconf 73' lang='grc' dir='ltr'><strong>καλλω.</strong></span> 
     </span>
    </p>
   </div>
   <div class='ocr_carea' id='block_1_6' title="bbox 475 537 2055 603">
    <p class='ocr_par' dir='ltr' id='par_1_6' title="bbox 475 537 2055 603">
     <span class='ocr_line' id='line_1_6' title="bbox 475 537 2055 603; baseline 0 -13"><span class='ocrx_word' id='word_1_23' title='bbox 475 537 713 591; x_wconf 88' lang='lat' dir='ltr'><strong>rantium</strong></span> <span class='ocrx_word' id='word_1_24' title='bbox 787 537 1070 592; x_wconf 85' lang='lat' dir='ltr'><strong>hominum</strong></span> <span class='ocrx_word' id='word_1_25' title='bbox 1106 546 1212 603; x_wconf 90' lang='lat' dir='ltr'><strong>est,</strong></span> <span class='ocrx_word' id='word_1_26' title='bbox 1246 553 1355 593; x_wconf 92' lang='lat' dir='ltr'><strong>non</strong></span> <span class='ocrx_word' id='word_1_27' title='bbox 1396 540 1653 596; x_wconf 84' lang='lat' dir='ltr'><strong>aberrare</strong></span> <span class='ocrx_word' id='word_1_28' title='bbox 1704 540 1758 593; x_wconf 91' lang='lat' dir='ltr'><strong>in</strong></span> <span class='ocrx_word' id='word_1_29' title='bbox 1802 554 1869 594; x_wconf 91' lang='lat' dir='ltr'><strong>eo</strong></span> <span class='ocrx_word' id='word_1_30' title='bbox 1920 537 2055 593; x_wconf 88' lang='lat' dir='ltr'><strong>deli-</strong></span> 
     </span>
    </p>
   </div>
   <div class='ocr_carea' id='block_1_7' title="bbox 475 627 2052 702">
    <p class='ocr_par' dir='ltr' id='par_1_7' title="bbox 475 627 2052 702">
     <span class='ocr_line' id='line_1_7' title="bbox 475 627 2052 702; baseline 0.003 -22"><span class='ocrx_word' id='word_1_31' title='bbox 475 627 650 697; x_wconf 80' lang='lat' dir='ltr'><strong>gendo</strong></span> <span class='ocrx_word' id='word_1_32' title='bbox 675 668 691 693; x_wconf 92' lang='lat'><strong>,</strong></span> <span class='ocrx_word' id='word_1_33' title='bbox 730 629 876 697; x_wconf 89' lang='lat' dir='ltr'><strong>quod</strong></span> <span class='ocrx_word' id='word_1_34' title='bbox 930 628 1064 686; x_wconf 89' lang='lat' dir='ltr'><strong>utile</strong></span> <span class='ocrx_word' id='word_1_35' title='bbox 1093 636 1178 685; x_wconf 85' lang='lat' dir='ltr'><strong>est</strong></span> <span class='ocrx_word' id='word_1_36' title='bbox 1200 668 1217 695; x_wconf 93' lang='lat'><strong>,</strong></span> <span class='ocrx_word' id='word_1_37' title='bbox 1252 645 1431 700; x_wconf 89' lang='lat' dir='ltr'><strong>neque</strong></span> <span class='ocrx_word' id='word_1_38' title='bbox 1466 630 1608 684; x_wconf 88' lang='lat' dir='ltr'><strong>viam</strong></span> <span class='ocrx_word' id='word_1_39' title='bbox 1643 631 1895 702; x_wconf 76' lang='lat' dir='ltr'><strong>ignorare</strong></span> <span class='ocrx_word' id='word_1_40' title='bbox 1930 644 2052 701; x_wconf 63' lang='lat' dir='ltr'><strong>qua</strong></span> 
     </span>
    </p>
   </div>
   <div class='ocr_carea' id='block_1_8' title="bbox 473 718 2046 792">
    <p class='ocr_par' dir='ltr' id='par_1_8' title="bbox 473 718 2046 792">
     <span class='ocr_line' id='line_1_8' title="bbox 473 718 2046 792; baseline 0.001 -20"><span class='ocrx_word' id='word_1_41' title='bbox 473 719 539 773; x_wconf 88' lang='lat' dir='ltr'><strong>ad</strong></span> <span class='ocrx_word' id='word_1_42' title='bbox 588 718 789 774; x_wconf 90' lang='lat' dir='ltr'><strong>bonum</strong></span> <span class='ocrx_word' id='word_1_43' title='bbox 831 720 985 775; x_wconf 90' lang='lat' dir='ltr'><strong>ducit</strong></span> <span class='ocrx_word' id='word_1_44' title='bbox 1015 739 1029 776; x_wconf 88' lang='lat'><strong>:</strong></span> <span class='ocrx_word' id='word_1_45' title='bbox 1061 736 1224 792; x_wconf 92' lang='lat' dir='ltr'><strong>quam</strong></span> <span class='ocrx_word' id='word_1_46' title='bbox 1259 722 1479 792; x_wconf 85' lang='lat' dir='ltr'><strong>quidem</strong></span> <span class='ocrx_word' id='word_1_47' title='bbox 1513 723 1655 787; x_wconf 86' lang='lat' dir='ltr'><strong>viam</strong></span> <span class='ocrx_word' id='word_1_48' title='bbox 1675 736 1838 777; x_wconf 89' lang='lat' dir='ltr'><strong>nemo</strong></span> <span class='ocrx_word' id='word_1_49' title='bbox 1869 721 2046 784; x_wconf 87' lang='lat' dir='ltr'><strong>aliter,</strong></span> 
     </span>
    </p>
   </div>
   <div class='ocr_carea' id='block_1_9' title="bbox 470 810 2044 884">
    <p class='ocr_par' dir='ltr' id='par_1_9' title="bbox 470 810 2044 884">
     <span class='ocr_line' id='line_1_9' title="bbox 470 810 2044 884; baseline 0.002 -20"><span class='ocrx_word' id='word_1_50' title='bbox 470 810 579 866; x_wconf 85' lang='lat' dir='ltr'><strong>nisi</strong></span> <span class='ocrx_word' id='word_1_51' title='bbox 623 810 810 881; x_wconf 88' lang='lat' dir='ltr'><strong>aliquo</strong></span> <span class='ocrx_word' id='word_1_52' title='bbox 840 811 1107 882; x_wconf 85' lang='lat' dir='ltr'><strong>ejusmodi</strong></span> <span class='ocrx_word' id='word_1_53' title='bbox 1155 813 1406 882; x_wconf 82' lang='lat' dir='ltr'><strong>exemplo</strong></span> <span class='ocrx_word' id='word_1_54' title='bbox 1439 828 1773 884; x_wconf 76' lang='lat' dir='ltr'><strong>cognoscere</strong></span> <span class='ocrx_word' id='word_1_55' title='bbox 1841 819 2044 884; x_wconf 89' lang='lat' dir='ltr'><strong>potest.</strong></span> 
     </span>
    </p>
   </div>
   <div class='ocr_carea' id='block_1_10' title="bbox 468 896 2047 975">
    <p class='ocr_par' dir='ltr' id='par_1_10' title="bbox 468 896 2047 975">
     <span class='ocr_line' id='line_1_10' title="bbox 468 896 2047 975; baseline 0.002 -19"><span class='ocrx_word' id='word_1_56' title='bbox 468 896 542 956; x_wconf 87' lang='lat' dir='ltr'><strong>Ut</strong></span> <span class='ocrx_word' id='word_1_57' title='bbox 586 903 730 958; x_wconf 88' lang='lat' dir='ltr'><strong>enim</strong></span> <span class='ocrx_word' id='word_1_58' title='bbox 762 903 853 973; x_wconf 92' lang='lat' dir='ltr'><strong>qui</strong></span> <span class='ocrx_word' id='word_1_59' title='bbox 892 904 946 958; x_wconf 91' lang='lat' dir='ltr'><strong>in</strong></span> <span class='ocrx_word' id='word_1_60' title='bbox 1002 905 1277 975; x_wconf 85' lang='lat' dir='ltr'><strong>corporeis</strong></span> <span class='ocrx_word' id='word_1_61' title='bbox 1331 905 1538 974; x_wconf 77' lang='lat' dir='ltr'><strong>nuptiis</strong></span> <span class='ocrx_word' id='word_1_62' title='bbox 1579 906 1729 975; x_wconf 86' lang='lat' dir='ltr'><strong>cupit</strong></span> <span class='ocrx_word' id='word_1_63' title='bbox 1772 920 1882 959; x_wconf 88' lang='lat' dir='ltr'><strong>non</strong></span> <span class='ocrx_word' id='word_1_64' title='bbox 1927 905 2047 959; x_wconf 81' lang='lat' dir='ltr'><strong>vilis</strong></span> 
     </span>
    </p>
   </div>
   <div class='ocr_carea' id='block_1_11' title="bbox 467 994 2047 1065">
    <p class='ocr_par' dir='ltr' id='par_1_11' title="bbox 467 994 2047 1065">
     <span class='ocr_line' id='line_1_11' title="bbox 467 994 2047 1065; baseline 0.002 -18"><span class='ocrx_word' id='word_1_65' title='bbox 467 1001 520 1047; x_wconf 90' lang='lat' dir='ltr'><strong>et</strong></span> <span class='ocrx_word' id='word_1_66' title='bbox 556 994 807 1064; x_wconf 84' lang='lat' dir='ltr'><strong>abjectus</strong></span> <span class='ocrx_word' id='word_1_67' title='bbox 860 1010 981 1051; x_wconf 88' lang='lat' dir='ltr'><strong>esse</strong></span> <span class='ocrx_word' id='word_1_68' title='bbox 1004 1037 1018 1058; x_wconf 86' lang='lat'><strong>,</strong></span> <span class='ocrx_word' id='word_1_69' title='bbox 1076 1011 1200 1050; x_wconf 89' lang='lat' dir='ltr'><strong>cum</strong></span> <span class='ocrx_word' id='word_1_70' title='bbox 1244 1003 1462 1065; x_wconf 90' lang='lat' dir='ltr'><strong>appetat</strong></span> <span class='ocrx_word' id='word_1_71' title='bbox 1496 996 1762 1065; x_wconf 90' lang='lat' dir='ltr'><strong>optimum</strong></span> <span class='ocrx_word' id='word_1_72' title='bbox 1794 995 2047 1065; x_wconf 82' lang='lat' dir='ltr'><strong>corporis</strong></span> 
     </span>
    </p>
   </div>
   <div class='ocr_carea' id='block_1_12' title="bbox 467 1084 2041 1156">
    <p class='ocr_par' dir='ltr' id='par_1_12' title="bbox 467 1084 2041 1156">
     <span class='ocr_line' id='line_1_12' title="bbox 467 1084 2041 1156; baseline 0.004 -19"><span class='ocrx_word' id='word_1_73' title='bbox 467 1084 735 1150; x_wconf 74' lang='lat' dir='ltr'><strong>habitum,</strong></span> <span class='ocrx_word' id='word_1_74' title='bbox 788 1086 1045 1141; x_wconf 88' lang='lat' dir='ltr'><strong>decorum</strong></span> <span class='ocrx_word' id='word_1_75' title='bbox 1094 1093 1383 1153; x_wconf 89' lang='lat' dir='ltr'><strong>ornatum,</strong></span> <span class='ocrx_word' id='word_1_76' title='bbox 1443 1086 1757 1140; x_wconf 85' lang='lat' dir='ltr'><strong>divitiarum</strong></span> <span class='ocrx_word' id='word_1_77' title='bbox 1819 1086 2041 1156; x_wconf 78' lang='lat' dir='ltr'><strong>copias,</strong></span> 
     </span>
    </p>
   </div>
   <div class='ocr_carea' id='block_1_13' title="bbox 463 1177 2044 1247">
    <p class='ocr_par' dir='ltr' id='par_1_13' title="bbox 463 1177 2044 1247">
     <span class='ocr_line' id='line_1_13' title="bbox 463 1177 2044 1247; baseline 0 -16"><span class='ocrx_word' id='word_1_78' title='bbox 463 1187 516 1232; x_wconf 88' lang='lat' dir='ltr'><strong>et</strong></span> <span class='ocrx_word' id='word_1_79' title='bbox 577 1193 792 1231; x_wconf 85' lang='lat' dir='ltr'><strong>omnem</strong></span> <span class='ocrx_word' id='word_1_80' title='bbox 849 1185 941 1231; x_wconf 90' lang='lat' dir='ltr'><strong>aut</strong></span> <span class='ocrx_word' id='word_1_81' title='bbox 982 1191 1045 1230; x_wconf 81' lang='lat' dir='ltr'><strong>ex</strong></span> <span class='ocrx_word' id='word_1_82' title='bbox 1091 1177 1240 1240; x_wconf 88' lang='lat' dir='ltr'><strong>vita,</strong></span> <span class='ocrx_word' id='word_1_83' title='bbox 1288 1187 1381 1231; x_wconf 89' lang='lat' dir='ltr'><strong>aut</strong></span> <span class='ocrx_word' id='word_1_84' title='bbox 1435 1191 1499 1230; x_wconf 81' lang='lat' dir='ltr'><strong>ex</strong></span> <span class='ocrx_word' id='word_1_85' title='bbox 1556 1192 1754 1247; x_wconf 86' lang='lat' dir='ltr'><strong>genere</strong></span> <span class='ocrx_word' id='word_1_86' title='bbox 1800 1179 2044 1247; x_wconf 85' lang='lat' dir='ltr'><strong>turpitu-</strong></span> 
     </span>
    </p>
   </div>
   <div class='ocr_carea' id='block_1_14' title="bbox 462 1266 2042 1337">
    <p class='ocr_par' dir='ltr' id='par_1_14' title="bbox 462 1266 2042 1337">
     <span class='ocr_line' id='line_1_14' title="bbox 462 1266 2042 1337; baseline -0.001 -15"><span class='ocrx_word' id='word_1_87' title='bbox 462 1269 643 1322; x_wconf 85' lang='lat' dir='ltr'><strong>dinem</strong></span> <span class='ocrx_word' id='word_1_88' title='bbox 673 1267 837 1331; x_wconf 84' lang='lat' dir='ltr'><strong>vitet,</strong></span> <span class='ocrx_word' id='word_1_89' title='bbox 867 1280 1227 1336; x_wconf 80' lang='lat' dir='ltr'><strong>magnamque</strong></span> <span class='ocrx_word' id='word_1_90' title='bbox 1259 1267 1312 1321; x_wconf 89' lang='lat' dir='ltr'><strong>in</strong></span> <span class='ocrx_word' id='word_1_91' title='bbox 1346 1266 1451 1321; x_wconf 89' lang='lat' dir='ltr'><strong>hoc</strong></span> <span class='ocrx_word' id='word_1_92' title='bbox 1484 1281 1673 1321; x_wconf 83' lang='lat' dir='ltr'><strong>curam</strong></span> <span class='ocrx_word' id='word_1_93' title='bbox 1708 1278 1909 1337; x_wconf 91' lang='lat' dir='ltr'><strong>ponat:</strong></span> <span class='ocrx_word' id='word_1_94' title='bbox 1936 1269 2042 1321; x_wconf 89' lang='lat' dir='ltr'><strong>hoc</strong></span> 
     </span>
    </p>
   </div>
   <div class='ocr_carea' id='block_1_15' title="bbox 460 1358 2040 1429">
    <p class='ocr_par' dir='ltr' id='par_1_15' title="bbox 460 1358 2040 1429">
     <span class='ocr_line' id='line_1_15' title="bbox 460 1358 2040 1429; baseline -0.003 -14"><span class='ocrx_word' id='word_1_95' title='bbox 460 1361 604 1415; x_wconf 90' lang='lat' dir='ltr'><strong>cnim</strong></span> <span class='ocrx_word' id='word_1_96' title='bbox 656 1366 815 1428; x_wconf 87' lang='lat' dir='ltr'><strong>pacto</strong></span> <span class='ocrx_word' id='word_1_97' title='bbox 862 1358 915 1411; x_wconf 89' lang='lat' dir='ltr'><strong>id</strong></span> <span class='ocrx_word' id='word_1_98' title='bbox 956 1358 1285 1427; x_wconf 87' lang='lat' dir='ltr'><strong>assequitur,</strong></span> <span class='ocrx_word' id='word_1_99' title='bbox 1322 1358 1467 1429; x_wconf 91' lang='lat' dir='ltr'><strong>quod</strong></span> <span class='ocrx_word' id='word_1_100' title='bbox 1491 1358 1726 1412; x_wconf 78' lang='lat' dir='ltr'><strong>maxime</strong></span> <span class='ocrx_word' id='word_1_101' title='bbox 1761 1360 1875 1412; x_wconf 86' lang='lat' dir='ltr'><strong>vult</strong></span> <span class='ocrx_word' id='word_1_102' title='bbox 1908 1378 1921 1414; x_wconf 92' lang='lat'>:</span> <span class='ocrx_word' id='word_1_103' title='bbox 1967 1359 2040 1412; x_wconf 91' lang='lat' dir='ltr'><strong>ita</strong></span> 
     </span>
    </p>
   </div>
   <div class='ocr_carea' id='block_1_16' title="bbox 459 1448 2039 1519">
    <p class='ocr_par' dir='ltr' id='par_1_16' title="bbox 459 1448 2039 1519">
     <span class='ocr_line' id='line_1_16' title="bbox 459 1448 2039 1519; baseline 0.001 -18"><span class='ocrx_word' id='word_1_104' title='bbox 459 1451 551 1519; x_wconf 90' lang='lat' dir='ltr'><strong>qui</strong></span> <span class='ocrx_word' id='word_1_105' title='bbox 596 1449 878 1519; x_wconf 90' lang='lat' dir='ltr'><strong>spirituale</strong></span> <span class='ocrx_word' id='word_1_106' title='bbox 914 1448 1323 1504; x_wconf 84' lang='lat' dir='ltr'><strong>matrimonium</strong></span> <span class='ocrx_word' id='word_1_107' title='bbox 1362 1448 1687 1503; x_wconf 88' lang='lat' dir='ltr'><strong>contrahere</strong></span> <span class='ocrx_word' id='word_1_108' title='bbox 1720 1449 1891 1519; x_wconf 89' lang='lat' dir='ltr'><strong>cupit,</strong></span> <span class='ocrx_word' id='word_1_109' title='bbox 1925 1449 2039 1519; x_wconf 90' lang='lat' dir='ltr'><strong>pri-</strong></span> 
     </span>
    </p>
   </div>
   <div class='ocr_carea' id='block_1_17' title="bbox 456 1540 2038 1611">
    <p class='ocr_par' dir='ltr' id='par_1_17' title="bbox 456 1540 2038 1611">
     <span class='ocr_line' id='line_1_17' title="bbox 456 1540 2038 1611; baseline 0.001 -17"><span class='ocrx_word' id='word_1_110' title='bbox 456 1556 606 1594; x_wconf 90' lang='lat' dir='ltr'><strong>nmm</strong></span> <span class='ocrx_word' id='word_1_111' title='bbox 658 1541 879 1611; x_wconf 88' lang='lat' dir='ltr'><strong>quidem</strong></span> <span class='ocrx_word' id='word_1_112' title='bbox 942 1541 1142 1595; x_wconf 90' lang='lat' dir='ltr'><strong>mentis</strong></span> <span class='ocrx_word' id='word_1_113' title='bbox 1203 1540 1556 1596; x_wconf 85' lang='lat' dir='ltr'><strong>renovatione</strong></span> <span class='ocrx_word' id='word_1_114' title='bbox 1587 1540 1845 1611; x_wconf 76' lang='lat' dir='ltr'><strong>juvenem</strong></span> <span class='ocrx_word' id='word_1_115' title='bbox 1878 1556 1937 1596; x_wconf 90' lang='lat' dir='ltr'><strong>se</strong></span> <span class='ocrx_word' id='word_1_116' title='bbox 1983 1548 2038 1595; x_wconf 85' lang='lat' dir='ltr'><strong>et</strong></span> 
     </span>
    </p>
   </div>
   <div class='ocr_carea' id='block_1_18' title="bbox 457 1631 2038 1694">
    <p class='ocr_par' dir='ltr' id='par_1_18' title="bbox 457 1631 2038 1694">
     <span class='ocr_line' id='line_1_18' title="bbox 457 1631 2038 1694; baseline 0.003 -10"><span class='ocrx_word' id='word_1_117' title='bbox 457 1632 525 1685; x_wconf 87' lang='lat' dir='ltr'><strong>ab</strong></span> <span class='ocrx_word' id='word_1_118' title='bbox 559 1632 705 1686; x_wconf 88' lang='lat' dir='ltr'><strong>omni</strong></span> <span class='ocrx_word' id='word_1_119' title='bbox 742 1641 1025 1686; x_wconf 88' lang='lat' dir='ltr'><strong>senectute</strong></span> <span class='ocrx_word' id='word_1_120' title='bbox 1060 1639 1352 1694; x_wconf 89' lang='lat' dir='ltr'><strong>remotum,</strong></span> <span class='ocrx_word' id='word_1_121' title='bbox 1382 1631 1580 1687; x_wconf 91' lang='lat' dir='ltr'><strong>deinde</strong></span> <span class='ocrx_word' id='word_1_122' title='bbox 1609 1632 1835 1687; x_wconf 88' lang='lat' dir='ltr'><strong>divitem</strong></span> <span class='ocrx_word' id='word_1_123' title='bbox 1862 1646 1921 1687; x_wconf 90' lang='lat' dir='ltr'><strong>se</strong></span> <span class='ocrx_word' id='word_1_124' title='bbox 1952 1648 2038 1688; x_wconf 90' lang='lat' dir='ltr'><strong>os-</strong></span> 
     </span>
    </p>
   </div>
   <div class='ocr_carea' id='block_1_19' title="bbox 456 1719 2037 1790">
    <p class='ocr_par' dir='ltr' id='par_1_19' title="bbox 456 1719 2037 1790">
     <span class='ocr_line' id='line_1_19' title="bbox 456 1719 2037 1790; baseline 0.001 -16"><span class='ocrx_word' id='word_1_125' title='bbox 456 1721 660 1782; x_wconf 83' lang='lat' dir='ltr'><strong>tendet,</strong></span> <span class='ocrx_word' id='word_1_126' title='bbox 708 1728 762 1774; x_wconf 90' lang='lat' dir='ltr'><strong>et</strong></span> <span class='ocrx_word' id='word_1_127' title='bbox 814 1719 1100 1789; x_wconf 88' lang='lat' dir='ltr'><strong>copiosum</strong></span> <span class='ocrx_word' id='word_1_128' title='bbox 1157 1735 1346 1774; x_wconf 90' lang='lat' dir='ltr'><strong>earum</strong></span> <span class='ocrx_word' id='word_1_129' title='bbox 1378 1735 1586 1785; x_wconf 89' lang='lat' dir='ltr'><strong>rerum,</strong></span> <span class='ocrx_word' id='word_1_130' title='bbox 1618 1720 1819 1790; x_wconf 85' lang='lat' dir='ltr'><strong>quibus</strong></span> <span class='ocrx_word' id='word_1_131' title='bbox 1859 1721 2037 1777; x_wconf 84' lang='lat' dir='ltr'><strong>abun-</strong></span> 
     </span>
    </p>
   </div>
   <div class='ocr_carea' id='block_1_20' title="bbox 2154 538 3727 624">
    <p class='ocr_par' dir='ltr' id='par_1_20' title="bbox 2154 538 3727 624">
     <span class='ocr_line' id='line_1_20' title="bbox 2154 538 3727 624; baseline 0.011 -33"><span class='ocrx_word' id='word_1_132' title='bbox 2154 538 2382 609; x_wconf 82' lang='grc' dir='ltr'><strong>πισμοῦ,</strong></span> <span class='ocrx_word' id='word_1_133' title='bbox 2405 539 2502 594; x_wconf 80' lang='grc' dir='ltr'><strong>καὶ</strong></span> <span class='ocrx_word' id='word_1_134' title='bbox 2526 539 2756 595; x_wconf 88' lang='grc' dir='ltr'><strong>πλούτου</strong></span> <span class='ocrx_word' id='word_1_135' title='bbox 2783 543 3119 615; x_wconf 73' lang='grc' dir='ltr'><strong>περιουσίας,</strong></span> <span class='ocrx_word' id='word_1_136' title='bbox 3145 546 3360 601; x_wconf 77' lang='grc' dir='ltr'><strong>καὶτοῦ</strong></span> <span class='ocrx_word' id='word_1_137' title='bbox 3388 549 3574 618; x_wconf 80' lang='grc' dir='ltr'><strong>μηδὲν,</strong></span> <span class='ocrx_word' id='word_1_138' title='bbox 3599 556 3727 624; x_wconf 84' lang='grc' dir='ltr'><strong>μήτε</strong></span> 
     </span>
    </p>
   </div>
   <div class='ocr_carea' id='block_1_21' title="bbox 2149 628 3726 708">
    <p class='ocr_par' dir='ltr' id='par_1_21' title="bbox 2149 628 3726 708">
     <span class='ocr_line' id='line_1_21' title="bbox 2149 628 3726 708; baseline 0.011 -27"><span class='ocrx_word' id='word_1_139' title='bbox 2149 630 2216 683; x_wconf 81' lang='grc' dir='ltr'><strong>ὲκ</strong></span> <span class='ocrx_word' id='word_1_140' title='bbox 2235 628 2329 683; x_wconf 83' lang='grc' dir='ltr'><strong>τοῦ</strong></span> <span class='ocrx_word' id='word_1_141' title='bbox 2352 629 2490 702; x_wconf 86' lang='grc' dir='ltr'><strong>βίου,</strong></span> <span class='ocrx_word' id='word_1_142' title='bbox 2518 633 2656 704; x_wconf 86' lang='grc' dir='ltr'><strong>μήτε</strong></span> <span class='ocrx_word' id='word_1_143' title='bbox 2675 634 2740 688; x_wconf 81' lang='grc' dir='ltr'><strong>ὲκ</strong></span> <span class='ocrx_word' id='word_1_144' title='bbox 2760 635 2855 689; x_wconf 79' lang='grc' dir='ltr'><strong>τοῦ</strong></span> <span class='ocrx_word' id='word_1_145' title='bbox 2878 636 3070 704; x_wconf 80' lang='grc' dir='ltr'><strong>γένους</strong></span> <span class='ocrx_word' id='word_1_146' title='bbox 3100 638 3404 708; x_wconf 72' lang='grc' dir='ltr'><strong>ἐπάγεσθαι</strong></span> <span class='ocrx_word' id='word_1_147' title='bbox 3435 658 3489 696; x_wconf 86' lang='grc' dir='ltr'><strong>τι</strong></span> <span class='ocrx_word' id='word_1_148' title='bbox 3514 642 3726 708; x_wconf 73' lang='grc' dir='ltr'><strong>ὄνειδος,</strong></span> 
     </span>
    </p>
   </div>
   <div class='ocr_carea' id='block_1_22' title="bbox 2151 719 3728 806">
    <p class='ocr_par' dir='ltr' id='par_1_22' title="bbox 2151 719 3728 806">
     <span class='ocr_line' id='line_1_22' title="bbox 2151 719 3728 806; baseline 0.012 -34"><span class='ocrx_word' id='word_1_149' title='bbox 2151 719 2646 795; x_wconf 73' lang='grc' dir='ltr'><strong>πολλὴναποιησεται</strong></span> <span class='ocrx_word' id='word_1_150' title='bbox 2671 727 2930 798; x_wconf 85' lang='grc' dir='ltr'><strong>πρόνοιαν</strong></span> <span class='ocrx_word' id='word_1_151' title='bbox 2957 727 3120 799; x_wconf 79' lang='grc' dir='ltr'><strong>(οὕτω</strong></span> <span class='ocrx_word' id='word_1_152' title='bbox 3134 730 3242 802; x_wconf 82' lang='grc' dir='ltr'><strong>γὰρ</strong></span> <span class='ocrx_word' id='word_1_153' title='bbox 3259 731 3327 786; x_wconf 77' lang='grc' dir='ltr'><strong>ἂν</strong></span> <span class='ocrx_word' id='word_1_154' title='bbox 3341 732 3484 806; x_wconf 79' lang='grc' dir='ltr'><strong>τύχῃ</strong></span> <span class='ocrx_word' id='word_1_155' title='bbox 3504 735 3728 805; x_wconf 85' lang='grc' dir='ltr'><strong>μάλιστα</strong></span> 
     </span>
    </p>
   </div>
   <div class='ocr_carea' id='block_1_23' title="bbox 2146 812 3726 899">
    <p class='ocr_par' dir='ltr' id='par_1_23' title="bbox 2146 812 3726 899">
     <span class='ocr_line' id='line_1_23' title="bbox 2146 812 3726 899; baseline 0.011 -34"><span class='ocrx_word' id='word_1_156' title='bbox 2146 812 2256 866; x_wconf 83' lang='grc' dir='ltr'><strong>τῶν</strong></span> <span class='ocrx_word' id='word_1_157' title='bbox 2277 814 2418 869; x_wconf 79' lang='grc' dir='ltr'><strong>κατὰ</strong></span> <span class='ocrx_word' id='word_1_158' title='bbox 2436 813 2705 887; x_wconf 85' lang='grc' dir='ltr'><strong>γνώμην)·</strong></span> <span class='ocrx_word' id='word_1_159' title='bbox 2720 817 2811 871; x_wconf 77' lang='grc' dir='ltr'><strong>τὸν</strong></span> <span class='ocrx_word' id='word_1_160' title='bbox 2827 819 2991 873; x_wconf 85' lang='grc' dir='ltr'><strong>αὑτὸν</strong></span> <span class='ocrx_word' id='word_1_161' title='bbox 3006 820 3207 892; x_wconf 77' lang='grc' dir='ltr'><strong>τρόπον</strong></span> <span class='ocrx_word' id='word_1_162' title='bbox 3221 825 3314 877; x_wconf 78' lang='grc' dir='ltr'><strong>καὶ</strong></span> <span class='ocrx_word' id='word_1_163' title='bbox 3340 827 3370 878; x_wconf 85' lang='grc' dir='ltr'><strong>ὁ</strong></span> <span class='ocrx_word' id='word_1_164' title='bbox 3389 826 3484 879; x_wconf 79' lang='grc' dir='ltr'><strong>τὸν</strong></span> <span class='ocrx_word' id='word_1_165' title='bbox 3501 845 3726 899; x_wconf 85' lang='grc' dir='ltr'><strong>πνευμα-</strong></span> 
     </span>
    </p>
   </div>
   <div class='ocr_carea' id='block_1_24' title="bbox 2146 906 3726 985">
    <p class='ocr_par' dir='ltr' id='par_1_24' title="bbox 2146 906 3726 985">
     <span class='ocr_line' id='line_1_24' title="bbox 2146 906 3726 985; baseline 0.009 -26"><span class='ocrx_word' id='word_1_166' title='bbox 2146 906 2298 961; x_wconf 77' lang='grc' dir='ltr'><strong>τικὸν</strong></span> <span class='ocrx_word' id='word_1_167' title='bbox 2319 909 2497 979; x_wconf 81' lang='grc' dir='ltr'><strong>γάμον</strong></span> <span class='ocrx_word' id='word_1_168' title='bbox 2517 909 2695 981; x_wconf 78' lang='grc' dir='ltr'><strong>ἑαυτῷ</strong></span> <span class='ocrx_word' id='word_1_169' title='bbox 2708 910 2928 981; x_wconf 85' lang='grc' dir='ltr'><strong>μετιὼν,</strong></span> <span class='ocrx_word' id='word_1_170' title='bbox 2944 913 3159 981; x_wconf 83' lang='grc' dir='ltr'><strong>πρῶτον</strong></span> <span class='ocrx_word' id='word_1_171' title='bbox 3179 916 3276 985; x_wconf 80' lang='grc' dir='ltr'><strong>μὲν</strong></span> <span class='ocrx_word' id='word_1_172' title='bbox 3296 917 3422 970; x_wconf 81' lang='grc' dir='ltr'><strong>νέον</strong></span> <span class='ocrx_word' id='word_1_173' title='bbox 3436 918 3625 973; x_wconf 76' lang='grc' dir='ltr'><strong>ἑαυτὸν</strong></span> <span class='ocrx_word' id='word_1_174' title='bbox 3640 922 3726 974; x_wconf 74' lang='grc' dir='ltr'><strong>καὶ</strong></span> 
     </span>
    </p>
   </div>
   <div class='ocr_carea' id='block_1_25' title="bbox 2147 999 3723 1079">
    <p class='ocr_par' dir='ltr' id='par_1_25' title="bbox 2147 999 3723 1079">
     <span class='ocr_line' id='line_1_25' title="bbox 2147 999 3723 1079; baseline 0.009 -27"><span class='ocrx_word' id='word_1_175' title='bbox 2147 999 2329 1068; x_wconf 82' lang='grc' dir='ltr'><strong>πάσης</strong></span> <span class='ocrx_word' id='word_1_176' title='bbox 2357 999 2715 1071; x_wconf 79' lang='grc' dir='ltr'><strong>παλαιότητος</strong></span> <span class='ocrx_word' id='word_1_177' title='bbox 2742 1005 3147 1076; x_wconf 82' lang='grc' dir='ltr'><strong>κεχωρισμένον</strong></span> <span class='ocrx_word' id='word_1_178' title='bbox 3173 1010 3239 1079; x_wconf 77' lang='grc' dir='ltr'><strong>τῇ</strong></span> <span class='ocrx_word' id='word_1_179' title='bbox 3268 1009 3611 1064; x_wconf 83' lang='grc' dir='ltr'><strong>ἀνακαινίσει</strong></span> <span class='ocrx_word' id='word_1_180' title='bbox 3635 1014 3723 1066; x_wconf 82' lang='grc' dir='ltr'><strong>τοῦ</strong></span> 
     </span>
    </p>
   </div>
   <div class='ocr_carea' id='block_1_26' title="bbox 2146 1090 3724 1169">
    <p class='ocr_par' dir='ltr' id='par_1_26' title="bbox 2146 1090 3724 1169">
     <span class='ocr_line' id='line_1_26' title="bbox 2146 1090 3724 1169; baseline 0.008 -25"><span class='ocrx_word' id='word_1_181' title='bbox 2146 1090 2262 1155; x_wconf 81' lang='grc' dir='ltr'><strong>νοὸς</strong></span> <span class='ocrx_word' id='word_1_182' title='bbox 2306 1091 2599 1159; x_wconf 80' lang='grc' dir='ltr'><strong>ἐπιδείξει·</strong></span> <span class='ocrx_word' id='word_1_183' title='bbox 2626 1090 2745 1149; x_wconf 75' lang='grc' dir='ltr'><strong>εἶτα</strong></span> <span class='ocrx_word' id='word_1_184' title='bbox 2789 1095 3042 1151; x_wconf 88' lang='grc' dir='ltr'><strong>πλούσιον</strong></span> <span class='ocrx_word' id='word_1_185' title='bbox 3069 1098 3224 1167; x_wconf 83' lang='grc' dir='ltr'><strong>γένος</strong></span> <span class='ocrx_word' id='word_1_186' title='bbox 3246 1139 3263 1163; x_wconf 90' lang='grc'><strong>,</strong></span> <span class='ocrx_word' id='word_1_187' title='bbox 3287 1093 3334 1169; x_wconf 82' lang='grc' dir='ltr'><strong>ᾧ</strong></span> <span class='ocrx_word' id='word_1_188' title='bbox 3383 1102 3447 1154; x_wconf 84' lang='grc' dir='ltr'><strong>τὸ</strong></span> <span class='ocrx_word' id='word_1_189' title='bbox 3480 1102 3724 1156; x_wconf 80' lang='grc' dir='ltr'><strong>πλουτεῖν</strong></span> 
     </span>
    </p>
   </div>
   <div class='ocr_carea' id='block_1_27' title="bbox 2144 1182 3721 1264">
    <p class='ocr_par' dir='ltr' id='par_1_27' title="bbox 2144 1182 3721 1264">
     <span class='ocr_line' id='line_1_27' title="bbox 2144 1182 3721 1264; baseline 0.009 -30"><span class='ocrx_word' id='word_1_190' title='bbox 2144 1182 2259 1236; x_wconf 77' lang='grc' dir='ltr'><strong>ἐστι</strong></span> <span class='ocrx_word' id='word_1_191' title='bbox 2293 1185 2754 1254; x_wconf 85' lang='grc' dir='ltr'><strong>περισπούδαστον</strong></span> <span class='ocrx_word' id='word_1_192' title='bbox 2773 1203 2787 1217; x_wconf 88' lang='grc'><strong>·</strong></span> <span class='ocrx_word' id='word_1_193' title='bbox 2822 1187 2884 1240; x_wconf 88' lang='grc' dir='ltr'><strong>ού</strong></span> <span class='ocrx_word' id='word_1_194' title='bbox 2911 1190 3019 1252; x_wconf 85' lang='grc' dir='ltr'><strong>τοῖς</strong></span> <span class='ocrx_word' id='word_1_195' title='bbox 3062 1189 3169 1243; x_wconf 81' lang='grc' dir='ltr'><strong>άπὸ</strong></span> <span class='ocrx_word' id='word_1_196' title='bbox 3197 1191 3299 1260; x_wconf 81' lang='grc' dir='ltr'><strong>γῆς</strong></span> <span class='ocrx_word' id='word_1_197' title='bbox 3330 1193 3721 1264; x_wconf 83' lang='grc' dir='ltr'><strong>σεμνυνόμενον</strong></span> 
     </span>
    </p>
   </div>
   <div class='ocr_carea' id='block_1_28' title="bbox 2143 1275 3719 1357">
    <p class='ocr_par' dir='ltr' id='par_1_28' title="bbox 2143 1275 3719 1357">
     <span class='ocr_line' id='line_1_28' title="bbox 2143 1275 3719 1357; baseline 0.008 -29"><span class='ocrx_word' id='word_1_198' title='bbox 2143 1275 2439 1344; x_wconf 83' lang='grc' dir='ltr'><strong>χρήμασιν,</strong></span> <span class='ocrx_word' id='word_1_199' title='bbox 2472 1276 2611 1330; x_wconf 83' lang='grc' dir='ltr'><strong>ἀλλὰ</strong></span> <span class='ocrx_word' id='word_1_200' title='bbox 2652 1279 2762 1340; x_wconf 89' lang='grc' dir='ltr'><strong>τοῖς</strong></span> <span class='ocrx_word' id='word_1_201' title='bbox 2792 1277 3065 1349; x_wconf 79' lang='grc' dir='ltr'><strong>οὐρανίοις</strong></span> <span class='ocrx_word' id='word_1_202' title='bbox 3113 1281 3409 1353; x_wconf 76' lang='grc' dir='ltr'><strong>θησαυροῖς</strong></span> <span class='ocrx_word' id='word_1_203' title='bbox 3451 1285 3719 1357; x_wconf 65' lang='grc' dir='ltr'><strong>κομῶντατ</strong></span> 
     </span>
    </p>
   </div>
   <div class='ocr_carea' id='block_1_29' title="bbox 2143 1364 3721 1445">
    <p class='ocr_par' dir='ltr' id='par_1_29' title="bbox 2143 1364 3721 1445">
     <span class='ocr_line' id='line_1_29' title="bbox 2143 1364 3721 1445; baseline 0.01 -28"><span class='ocrx_word' id='word_1_204' title='bbox 2143 1364 2184 1416; x_wconf 93' lang='grc' dir='ltr'><strong>Γ</strong></span> <span class='ocrx_word' id='word_1_205' title='bbox 2186 1365 2339 1431; x_wconf 86' lang='grc' dir='ltr'><strong>ἐνους</strong></span> <span class='ocrx_word' id='word_1_206' title='bbox 2364 1365 2421 1421; x_wconf 79' lang='grc' dir='ltr'><strong>δὲ</strong></span> <span class='ocrx_word' id='word_1_207' title='bbox 2454 1369 2780 1439; x_wconf 83' lang='grc' dir='ltr'><strong>σεμνότητα,</strong></span> <span class='ocrx_word' id='word_1_208' title='bbox 2805 1371 2865 1423; x_wconf 89' lang='grc' dir='ltr'><strong>ού</strong></span> <span class='ocrx_word' id='word_1_209' title='bbox 2900 1371 3042 1425; x_wconf 81' lang='grc' dir='ltr'><strong>κατὰ</strong></span> <span class='ocrx_word' id='word_1_210' title='bbox 3070 1371 3165 1444; x_wconf 84' lang='grc' dir='ltr'><strong>τὴν</strong></span> <span class='ocrx_word' id='word_1_211' title='bbox 3194 1374 3504 1445; x_wconf 83' lang='grc' dir='ltr'><strong>αὐτόματον</strong></span> <span class='ocrx_word' id='word_1_212' title='bbox 3537 1394 3721 1432; x_wconf 83' lang='grc' dir='ltr'><strong>συντυ-</strong></span> 
     </span>
    </p>
   </div>
   <div class='ocr_carea' id='block_1_30' title="bbox 2139 1456 3719 1535">
    <p class='ocr_par' dir='ltr' id='par_1_30' title="bbox 2139 1456 3719 1535">
     <span class='ocr_line' id='line_1_30' title="bbox 2139 1456 3719 1535; baseline 0.008 -26"><span class='ocrx_word' id='word_1_213' title='bbox 2139 1456 2284 1526; x_wconf 90' lang='grc' dir='ltr'><strong>χίαν,</strong></span> <span class='ocrx_word' id='word_1_214' title='bbox 2319 1457 2531 1524; x_wconf 83' lang='grc' dir='ltr'><strong>πολλοῖς</strong></span> <span class='ocrx_word' id='word_1_215' title='bbox 2564 1462 2659 1515; x_wconf 79' lang='grc' dir='ltr'><strong>καὶ</strong></span> <span class='ocrx_word' id='word_1_216' title='bbox 2693 1460 2803 1514; x_wconf 85' lang='grc' dir='ltr'><strong>τῶν</strong></span> <span class='ocrx_word' id='word_1_217' title='bbox 2831 1461 3049 1530; x_wconf 81' lang='grc' dir='ltr'><strong>φαύλων</strong></span> <span class='ocrx_word' id='word_1_218' title='bbox 3088 1464 3421 1535; x_wconf 82' lang='grc' dir='ltr'><strong>προσοῦσαν,</strong></span> <span class='ocrx_word' id='word_1_219' title='bbox 3476 1468 3719 1532; x_wconf 80' lang='grc' dir='ltr'><strong>κάκεῖνος</strong></span> 
     </span>
    </p>
   </div>
   <div class='ocr_carea' id='block_1_31' title="bbox 2140 1545 3715 1629">
    <p class='ocr_par' dir='ltr' id='par_1_31' title="bbox 2140 1545 3715 1629">
     <span class='ocr_line' id='line_1_31' title="bbox 2140 1545 3715 1629; baseline 0.009 -31"><span class='ocrx_word' id='word_1_220' title='bbox 2140 1545 2284 1617; x_wconf 76' lang='grc' dir='ltr'><strong>ἔχειν</strong></span> <span class='ocrx_word' id='word_1_221' title='bbox 2308 1548 2744 1621; x_wconf 82' lang='grc' dir='ltr'><strong>φιλοτιμήσεται,</strong></span> <span class='ocrx_word' id='word_1_222' title='bbox 2787 1552 2924 1607; x_wconf 82' lang='grc' dir='ltr'><strong>ἀλλὰ</strong></span> <span class='ocrx_word' id='word_1_223' title='bbox 2955 1554 3054 1626; x_wconf 83' lang='grc' dir='ltr'><strong>τὴν</strong></span> <span class='ocrx_word' id='word_1_224' title='bbox 3094 1557 3242 1626; x_wconf 86' lang='grc' dir='ltr'><strong>πόνῳ</strong></span> <span class='ocrx_word' id='word_1_225' title='bbox 3274 1556 3371 1609; x_wconf 77' lang='grc' dir='ltr'><strong>καὶ</strong></span> <span class='ocrx_word' id='word_1_226' title='bbox 3411 1558 3613 1629; x_wconf 79' lang='grc' dir='ltr'><strong>σπουδῇ</strong></span> <span class='ocrx_word' id='word_1_227' title='bbox 3653 1559 3715 1612; x_wconf 76' lang='grc' dir='ltr'><strong>δι’</strong></span> 
     </span>
    </p>
   </div>
   <div class='ocr_carea' id='block_1_32' title="bbox 2137 1638 3718 1722">
    <p class='ocr_par' dir='ltr' id='par_1_32' title="bbox 2137 1638 3718 1722">
     <span class='ocr_line' id='line_1_32' title="bbox 2137 1638 3718 1722; baseline 0.009 -31"><span class='ocrx_word' id='word_1_228' title='bbox 2137 1638 2348 1694; x_wconf 76' lang='grc' dir='ltr'><strong>οἰκείων</strong></span> <span class='ocrx_word' id='word_1_229' title='bbox 2377 1642 2817 1714; x_wconf 83' lang='grc' dir='ltr'><strong>κατορθωμάτων</strong></span> <span class='ocrx_word' id='word_1_230' title='bbox 2861 1649 3313 1720; x_wconf 79' lang='grc' dir='ltr'><strong>προσγινομένην,</strong></span> <span class='ocrx_word' id='word_1_231' title='bbox 3348 1650 3419 1721; x_wconf 78' lang='grc' dir='ltr'><strong>ἣν</strong></span> <span class='ocrx_word' id='word_1_232' title='bbox 3451 1655 3599 1722; x_wconf 81' lang='grc' dir='ltr'><strong>μόνοι</strong></span> <span class='ocrx_word' id='word_1_233' title='bbox 3627 1653 3718 1706; x_wconf 83' lang='grc' dir='ltr'><strong>αύ-</strong></span> 
     </span>
    </p>
   </div>
   <div class='ocr_carea' id='block_1_33' title="bbox 2136 1726 3714 1808">
    <p class='ocr_par' dir='ltr' id='par_1_33' title="bbox 2136 1726 3714 1808">
     <span class='ocr_line' id='line_1_33' title="bbox 2136 1726 3714 1808; baseline 0.01 -29"><span class='ocrx_word' id='word_1_234' title='bbox 2136 1726 2322 1796; x_wconf 82' lang='grc' dir='ltr'><strong>χοῦσιν</strong></span> <span class='ocrx_word' id='word_1_235' title='bbox 2352 1731 2399 1782; x_wconf 87' lang='grc' dir='ltr'><strong>οί</strong></span> <span class='ocrx_word' id='word_1_236' title='bbox 2428 1731 2522 1785; x_wconf 77' lang='grc' dir='ltr'><strong>τοῦ</strong></span> <span class='ocrx_word' id='word_1_237' title='bbox 2564 1734 2741 1802; x_wconf 81' lang='grc' dir='ltr'><strong>φωτὸς</strong></span> <span class='ocrx_word' id='word_1_238' title='bbox 2770 1736 2903 1802; x_wconf 72' lang='grc' dir='ltr'><strong>υίοὶ,</strong></span> <span class='ocrx_word' id='word_1_239' title='bbox 2946 1737 3041 1792; x_wconf 79' lang='grc' dir='ltr'><strong>καὶ</strong></span> <span class='ocrx_word' id='word_1_240' title='bbox 3075 1739 3238 1792; x_wconf 84' lang='grc' dir='ltr'><strong>τέκνα</strong></span> <span class='ocrx_word' id='word_1_241' title='bbox 3275 1739 3437 1808; x_wconf 83' lang='grc' dir='ltr'><strong>Θεοῦ,</strong></span> <span class='ocrx_word' id='word_1_242' title='bbox 3475 1742 3571 1796; x_wconf 74' lang='grc' dir='ltr'><strong>καὶ</strong></span> <span class='ocrx_word' id='word_1_243' title='bbox 3612 1743 3714 1795; x_wconf 80' lang='grc' dir='ltr'><strong>τῶν</strong></span> 
     </span>
    </p>
   </div>
   <div class='ocr_carea' id='block_1_34' title="bbox 455 1789 2026 1901">
    <p class='ocr_par' dir='ltr' id='par_1_34' title="bbox 455 1811 2026 1884">
     <span class='ocr_line' id='line_1_34' title="bbox 455 1811 2026 1884; baseline 0.002 -17"><span class='ocrx_word' id='word_1_244' title='bbox 455 1813 585 1867; x_wconf 91' lang='lat' dir='ltr'><strong>dare</strong></span> <span class='ocrx_word' id='word_1_245' title='bbox 623 1811 860 1866; x_wconf 81' lang='lat' dir='ltr'><strong>maxime</strong></span> <span class='ocrx_word' id='word_1_246' title='bbox 905 1811 1123 1865; x_wconf 87' lang='lat' dir='ltr'><strong>beatum</strong></span> <span class='ocrx_word' id='word_1_247' title='bbox 1155 1818 1260 1875; x_wconf 90' lang='lat' dir='ltr'><strong>est,</strong></span> <span class='ocrx_word' id='word_1_248' title='bbox 1298 1827 1408 1866; x_wconf 90' lang='lat' dir='ltr'><strong>non</strong></span> <span class='ocrx_word' id='word_1_249' title='bbox 1451 1812 1536 1868; x_wconf 91' lang='lat' dir='ltr'><strong>his</strong></span> <span class='ocrx_word' id='word_1_250' title='bbox 1566 1814 1805 1869; x_wconf 88' lang='lat' dir='ltr'><strong>terrenis</strong></span> <span class='ocrx_word' id='word_1_251' title='bbox 1836 1814 2026 1884; x_wconf 86' lang='lat' dir='ltr'><strong>opibus</strong></span> 
     </span>
    </p>
   </div>
   <div class='ocr_carea' id='block_1_35' title="bbox 2127 1789 3712 1901">
    <p class='ocr_par' dir='ltr' id='par_1_35' title="bbox 2136 1789 3712 1901">
     <span class='ocr_line' id='line_1_35' title="bbox 2136 1789 3712 1901; baseline 0.009 -29"><span class='ocrx_word' id='word_1_252' title='bbox 2136 1789 2212 1890; x_wconf 72' lang='grc' dir='ltr'><strong>άφ</strong></span> <span class='ocrx_word' id='word_1_253' title='bbox 2229 1821 2242 1841; x_wconf 85' lang='grc'>’</span> <span class='ocrx_word' id='word_1_254' title='bbox 2262 1821 2414 1892; x_wconf 74' lang='grc' dir='ltr'><strong>ἡλίου</strong></span> <span class='ocrx_word' id='word_1_255' title='bbox 2447 1789 3001 1896; x_wconf 63' lang='grc' dir='ltr'><strong>ἀνατολῶνέύγενεῖς</strong></span> <span class='ocrx_word' id='word_1_256' title='bbox 3018 1789 3236 1885; x_wconf 43' lang='grc' dir='ltr'><strong>διὶέεᾷ</strong></span> 
     </span>
    </p>
   </div>
   <div class='ocr_carea' id='block_1_36' title="bbox 454 1900 2033 1967">
    <p class='ocr_par' dir='ltr' id='par_1_36' title="bbox 454 1900 2033 1967">
     <span class='ocr_line' id='line_1_36' title="bbox 454 1900 2033 1967; baseline 0.002 -9"><span class='ocrx_word' id='word_1_257' title='bbox 454 1902 660 1967; x_wconf 77' lang='lat' dir='ltr'><strong>extolli,</strong></span> <span class='ocrx_word' id='word_1_258' title='bbox 696 1901 793 1957; x_wconf 78' lang='lat' dir='ltr'><strong>scd</strong></span> <span class='ocrx_word' id='word_1_259' title='bbox 852 1900 1173 1956; x_wconf 74' lang='lat' dir='ltr'><strong>cmlestibus</strong></span> <span class='ocrx_word' id='word_1_260' title='bbox 1217 1901 1492 1959; x_wconf 86' lang='lat' dir='ltr'><strong>thesauris</strong></span> <span class='ocrx_word' id='word_1_261' title='bbox 1545 1904 1753 1959; x_wconf 87' lang='lat' dir='ltr'><strong>ornari.</strong></span> <span class='ocrx_word' id='word_1_262' title='bbox 1805 1903 2033 1962; x_wconf 86' lang='lat' dir='ltr'><strong>Generis</strong></span> 
     </span>
    </p>
   </div>
   <div class='ocr_carea' id='block_1_37' title="bbox 453 1991 2031 2067">
    <p class='ocr_par' dir='ltr' id='par_1_37' title="bbox 453 1991 2031 2067">
     <span class='ocr_line' id='line_1_37' title="bbox 453 1991 2031 2067; baseline 0.003 -22"><span class='ocrx_word' id='word_1_263' title='bbox 453 2008 583 2048; x_wconf 87' lang='lat' dir='ltr'><strong>vero</strong></span> <span class='ocrx_word' id='word_1_264' title='bbox 611 1992 952 2047; x_wconf 82' lang='lat' dir='ltr'><strong>nobilitatem</strong></span> <span class='ocrx_word' id='word_1_265' title='bbox 987 2006 1096 2045; x_wconf 91' lang='lat' dir='ltr'><strong>non</strong></span> <span class='ocrx_word' id='word_1_266' title='bbox 1119 2007 1183 2047; x_wconf 80' lang='lat' dir='ltr'><strong>ex</strong></span> <span class='ocrx_word' id='word_1_267' title='bbox 1221 1991 1442 2047; x_wconf 81' lang='lat' dir='ltr'><strong>fortuna</strong></span> <span class='ocrx_word' id='word_1_268' title='bbox 1492 1994 1751 2065; x_wconf 89' lang='lat' dir='ltr'><strong>quadam,</strong></span> <span class='ocrx_word' id='word_1_269' title='bbox 1788 2012 1909 2067; x_wconf 64' lang='lat' dir='ltr'><strong>quae</strong></span> <span class='ocrx_word' id='word_1_270' title='bbox 1934 2012 2031 2050; x_wconf 86' lang='lat' dir='ltr'><strong>ca-</strong></span> 
     </span>
    </p>
   </div>
   <div class='ocr_carea' id='block_1_38' title="bbox 449 2083 2030 2156">
    <p class='ocr_par' dir='ltr' id='par_1_38' title="bbox 449 2083 2030 2156">
     <span class='ocr_line' id='line_1_38' title="bbox 449 2083 2030 2156; baseline 0.003 -18"><span class='ocrx_word' id='word_1_271' title='bbox 449 2100 515 2139; x_wconf 85' lang='lat' dir='ltr'><strong>su</strong></span> <span class='ocrx_word' id='word_1_272' title='bbox 551 2083 801 2149; x_wconf 83' lang='lat' dir='ltr'><strong>advenit,</strong></span> <span class='ocrx_word' id='word_1_273' title='bbox 833 2083 1012 2153; x_wconf 82' lang='lat' dir='ltr'><strong>qualis</strong></span> <span class='ocrx_word' id='word_1_274' title='bbox 1046 2083 1322 2153; x_wconf 85' lang='lat' dir='ltr'><strong>plerisque</strong></span> <span class='ocrx_word' id='word_1_275' title='bbox 1360 2085 1446 2140; x_wconf 88' lang='lat' dir='ltr'><strong>vel</strong></span> <span class='ocrx_word' id='word_1_276' title='bbox 1494 2087 1750 2156; x_wconf 87' lang='lat' dir='ltr'><strong>pessimis</strong></span> <span class='ocrx_word' id='word_1_277' title='bbox 1789 2087 2030 2143; x_wconf 88' lang='lat' dir='ltr'><strong>homini-</strong></span> 
     </span>
    </p>
   </div>
   <div class='ocr_carea' id='block_1_39' title="bbox 449 2175 2027 2247">
    <p class='ocr_par' dir='ltr' id='par_1_39' title="bbox 449 2175 2027 2247">
     <span class='ocr_line' id='line_1_39' title="bbox 449 2175 2027 2247; baseline 0.003 -18"><span class='ocrx_word' id='word_1_278' title='bbox 449 2176 553 2230; x_wconf 85' lang='lat' dir='ltr'><strong>bus</strong></span> <span class='ocrx_word' id='word_1_279' title='bbox 597 2175 882 2247; x_wconf 76' lang='lat' dir='ltr'><strong>contingit,</strong></span> <span class='ocrx_word' id='word_1_280' title='bbox 936 2175 1026 2230; x_wconf 92' lang='lat' dir='ltr'><strong>ille</strong></span> <span class='ocrx_word' id='word_1_281' title='bbox 1055 2191 1112 2230; x_wconf 90' lang='lat' dir='ltr'><strong>se</strong></span> <span class='ocrx_word' id='word_1_282' title='bbox 1144 2177 1347 2233; x_wconf 88' lang='lat' dir='ltr'><strong>habere</strong></span> <span class='ocrx_word' id='word_1_283' title='bbox 1391 2179 1705 2242; x_wconf 89' lang='lat' dir='ltr'><strong>contendet.</strong></span> <span class='ocrx_word' id='word_1_284' title='bbox 1739 2179 1835 2235; x_wconf 87' lang='lat' dir='ltr'><strong>sed</strong></span> <span class='ocrx_word' id='word_1_285' title='bbox 1882 2196 2027 2246; x_wconf 91' lang='lat' dir='ltr'><strong>eam,</strong></span> 
     </span>
    </p>
   </div>
   <div class='ocr_carea' id='block_1_40' title="bbox 449 2265 2031 2333">
    <p class='ocr_par' dir='ltr' id='par_1_40' title="bbox 449 2265 2031 2333">
     <span class='ocr_line' id='line_1_40' title="bbox 449 2265 2031 2333; baseline 0.004 -14"><span class='ocrx_word' id='word_1_286' title='bbox 449 2280 572 2333; x_wconf 66' lang='lat' dir='ltr'><strong>quae</strong></span> <span class='ocrx_word' id='word_1_287' title='bbox 605 2272 667 2321; x_wconf 79' lang='lat' dir='ltr'><strong>et</strong></span> <span class='ocrx_word' id='word_1_288' title='bbox 694 2265 886 2321; x_wconf 73' lang='lat' dir='ltr'><strong>labore</strong></span> <span class='ocrx_word' id='word_1_289' title='bbox 918 2273 973 2319; x_wconf 91' lang='lat' dir='ltr'><strong>et</strong></span> <span class='ocrx_word' id='word_1_290' title='bbox 1008 2267 1192 2321; x_wconf 90' lang='lat' dir='ltr'><strong>studio</strong></span> <span class='ocrx_word' id='word_1_291' title='bbox 1224 2283 1288 2323; x_wconf 79' lang='lat' dir='ltr'><strong>ex</strong></span> <span class='ocrx_word' id='word_1_292' title='bbox 1336 2270 1452 2325; x_wconf 89' lang='lat' dir='ltr'><strong>suis</strong></span> <span class='ocrx_word' id='word_1_293' title='bbox 1504 2279 1650 2325; x_wconf 90' lang='lat' dir='ltr'><strong>recte</strong></span> <span class='ocrx_word' id='word_1_294' title='bbox 1687 2271 1844 2328; x_wconf 80' lang='lat' dir='ltr'><strong>factis</strong></span> <span class='ocrx_word' id='word_1_295' title='bbox 1879 2287 2031 2326; x_wconf 91' lang='lat' dir='ltr'><strong>com-</strong></span> 
     </span>
    </p>
   </div>
   <div class='ocr_carea' id='block_1_41' title="bbox 444 2359 2030 2431">
    <p class='ocr_par' dir='ltr' id='par_1_41' title="bbox 444 2359 2030 2431">
     <span class='ocr_line' id='line_1_41' title="bbox 444 2359 2030 2431; baseline 0.006 -22"><span class='ocrx_word' id='word_1_296' title='bbox 444 2364 692 2427; x_wconf 80' lang='lat' dir='ltr'><strong>paratur,</strong></span> <span class='ocrx_word' id='word_1_297' title='bbox 752 2373 916 2427; x_wconf 87' lang='lat' dir='ltr'><strong>quam</strong></span> <span class='ocrx_word' id='word_1_298' title='bbox 966 2359 1001 2411; x_wconf 94' lang='lat' dir='ltr'><strong>ii</strong></span> <span class='ocrx_word' id='word_1_299' title='bbox 1060 2359 1162 2412; x_wconf 90' lang='lat' dir='ltr'><strong>soli</strong></span> <span class='ocrx_word' id='word_1_300' title='bbox 1209 2368 1526 2424; x_wconf 88' lang='lat' dir='ltr'><strong>ostentant,</strong></span> <span class='ocrx_word' id='word_1_301' title='bbox 1566 2363 1659 2431; x_wconf 90' lang='lat' dir='ltr'><strong>qui</strong></span> <span class='ocrx_word' id='word_1_302' title='bbox 1712 2373 1840 2416; x_wconf 89' lang='lat' dir='ltr'><strong>sunt</strong></span> <span class='ocrx_word' id='word_1_303' title='bbox 1891 2363 2030 2421; x_wconf 85' lang='lat' dir='ltr'><strong>lucis</strong></span> 
     </span>
    </p>
   </div>
   <div class='ocr_carea' id='block_1_42' title="bbox 450 2440 2027 2522">
    <p class='ocr_par' dir='ltr' id='par_1_42' title="bbox 450 2440 2027 2522">
     <span class='ocr_line' id='line_1_42' title="bbox 450 2440 2027 2522; baseline 0.006 -21"><span class='ocrx_word' id='word_1_304' title='bbox 450 2456 506 2501; x_wconf 85' lang='lat' dir='ltr'><strong>et</strong></span> <span class='ocrx_word' id='word_1_305' title='bbox 546 2447 641 2501; x_wconf 77' lang='lat' dir='ltr'><strong>Dei</strong></span> <span class='ocrx_word' id='word_1_306' title='bbox 667 2445 810 2511; x_wconf 69' lang='lat' dir='ltr'><strong>lilii,</strong></span> <span class='ocrx_word' id='word_1_307' title='bbox 855 2456 909 2503; x_wconf 90' lang='lat' dir='ltr'><strong>et</strong></span> <span class='ocrx_word' id='word_1_308' title='bbox 942 2464 972 2502; x_wconf 90' lang='lat' dir='ltr'><strong>a</strong></span> <span class='ocrx_word' id='word_1_309' title='bbox 1010 2450 1144 2504; x_wconf 89' lang='lat' dir='ltr'><strong>solis</strong></span> <span class='ocrx_word' id='word_1_310' title='bbox 1180 2440 1304 2504; x_wconf 73' lang='lat' dir='ltr'><strong>&#39;ortu</strong></span> <span class='ocrx_word' id='word_1_311' title='bbox 1358 2450 1569 2505; x_wconf 87' lang='lat' dir='ltr'><strong>nobiles</strong></span> <span class='ocrx_word' id='word_1_312' title='bbox 1601 2452 1670 2504; x_wconf 89' lang='lat' dir='ltr'><strong>ob</strong></span> <span class='ocrx_word' id='word_1_313' title='bbox 1716 2454 2027 2522; x_wconf 79' lang='lat' dir='ltr'><strong>splendidas</strong></span> 
     </span>
    </p>
   </div>
   <div class='ocr_carea' id='block_1_43' title="bbox 445 2541 2024 2609">
    <p class='ocr_par' dir='ltr' id='par_1_43' title="bbox 445 2541 2024 2609">
     <span class='ocr_line' id='line_1_43' title="bbox 445 2541 2024 2609; baseline 0.006 -18"><span class='ocrx_word' id='word_1_314' title='bbox 445 2552 580 2594; x_wconf 84' lang='lat' dir='ltr'><strong>suas</strong></span> <span class='ocrx_word' id='word_1_315' title='bbox 634 2552 730 2593; x_wconf 80' lang='lat' dir='ltr'><strong>res</strong></span> <span class='ocrx_word' id='word_1_316' title='bbox 784 2551 968 2609; x_wconf 80' lang='lat' dir='ltr'><strong>gestas</strong></span> <span class='ocrx_word' id='word_1_317' title='bbox 1041 2549 1329 2595; x_wconf 87' lang='lat' dir='ltr'><strong>vocantur.</strong></span> <span class='ocrx_word' id='word_1_318' title='bbox 1391 2541 1785 2597; x_wconf 84' lang='lat' dir='ltr'><strong>Fortitudinem</strong></span> <span class='ocrx_word' id='word_1_319' title='bbox 1846 2555 2024 2601; x_wconf 90' lang='lat' dir='ltr'><strong>autem</strong></span> 
     </span>
    </p>
   </div>
   <div class='ocr_carea' id='block_1_44' title="bbox 444 2627 2025 2704">
    <p class='ocr_par' dir='ltr' id='par_1_44' title="bbox 444 2627 2025 2704">
     <span class='ocr_line' id='line_1_44' title="bbox 444 2627 2025 2704; baseline 0.005 -23"><span class='ocrx_word' id='word_1_320' title='bbox 444 2638 608 2697; x_wconf 88' lang='lat' dir='ltr'><strong>atque</strong></span> <span class='ocrx_word' id='word_1_321' title='bbox 647 2627 913 2695; x_wconf 87' lang='lat' dir='ltr'><strong>optimum</strong></span> <span class='ocrx_word' id='word_1_322' title='bbox 957 2630 1209 2698; x_wconf 84' lang='lat' dir='ltr'><strong>corporis</strong></span> <span class='ocrx_word' id='word_1_323' title='bbox 1271 2630 1557 2694; x_wconf 90' lang='lat' dir='ltr'><strong>habitum,</strong></span> <span class='ocrx_word' id='word_1_324' title='bbox 1595 2647 1774 2702; x_wconf 87' lang='lat' dir='ltr'><strong>neque</strong></span> <span class='ocrx_word' id='word_1_325' title='bbox 1826 2650 2025 2704; x_wconf 90' lang='lat' dir='ltr'><strong>corpus</strong></span> 
     </span>
    </p>
   </div>
   <div class='ocr_carea' id='block_1_45' title="bbox 443 2719 2024 2790">
    <p class='ocr_par' dir='ltr' id='par_1_45' title="bbox 443 2719 2024 2790">
     <span class='ocr_line' id='line_1_45' title="bbox 443 2719 2024 2790; baseline 0.004 -17"><span class='ocrx_word' id='word_1_326' title='bbox 443 2719 772 2782; x_wconf 74' lang='lat' dir='ltr'><strong>exercendo,</strong></span> <span class='ocrx_word' id='word_1_327' title='bbox 819 2734 994 2788; x_wconf 89' lang='lat' dir='ltr'><strong>neque</strong></span> <span class='ocrx_word' id='word_1_328' title='bbox 1043 2734 1264 2772; x_wconf 88' lang='lat' dir='ltr'><strong>carnem</strong></span> <span class='ocrx_word' id='word_1_329' title='bbox 1305 2720 1610 2790; x_wconf 78' lang='lat' dir='ltr'><strong>saginando</strong></span> <span class='ocrx_word' id='word_1_330' title='bbox 1651 2722 1884 2778; x_wconf 83' lang='lat' dir='ltr'><strong>emciet:</strong></span> <span class='ocrx_word' id='word_1_331' title='bbox 1929 2725 2024 2779; x_wconf 87' lang='lat' dir='ltr'><strong>sed</strong></span> 
     </span>
    </p>
   </div>
   <div class='ocr_carea' id='block_1_46' title="bbox 441 2810 2024 2884">
    <p class='ocr_par' dir='ltr' id='par_1_46' title="bbox 441 2810 2024 2884">
     <span class='ocr_line' id='line_1_46' title="bbox 441 2810 2024 2884; baseline 0.003 -18"><span class='ocrx_word' id='word_1_332' title='bbox 441 2818 635 2866; x_wconf 87' lang='lat' dir='ltr'><strong>contra</strong></span> <span class='ocrx_word' id='word_1_333' title='bbox 673 2810 852 2880; x_wconf 83' lang='lat' dir='ltr'><strong>potius</strong></span> <span class='ocrx_word' id='word_1_334' title='bbox 893 2811 1002 2864; x_wconf 91' lang='lat' dir='ltr'><strong>vim</strong></span> <span class='ocrx_word' id='word_1_335' title='bbox 1056 2812 1287 2882; x_wconf 80' lang='lat' dir='ltr'><strong>spiritus</strong></span> <span class='ocrx_word' id='word_1_336' title='bbox 1349 2811 1725 2867; x_wconf 86' lang='lat' dir='ltr'><strong>imbecillitate</strong></span> <span class='ocrx_word' id='word_1_337' title='bbox 1777 2816 2024 2884; x_wconf 80' lang='lat' dir='ltr'><strong>corpm-is</strong></span> 
     </span>
    </p>
   </div>
   <div class='ocr_carea' id='block_1_47' title="bbox 442 2902 2022 2976">
    <p class='ocr_par' dir='ltr' id='par_1_47' title="bbox 442 2902 2022 2976">
     <span class='ocr_line' id='line_1_47' title="bbox 442 2902 2022 2976; baseline 0.004 -21"><span class='ocrx_word' id='word_1_338' title='bbox 442 2902 708 2972; x_wconf 77' lang='lat' dir='ltr'><strong>perficiet.</strong></span> <span class='ocrx_word' id='word_1_339' title='bbox 766 2902 898 2968; x_wconf 67' lang='lat' dir='ltr'><strong>Quae</strong></span> <span class='ocrx_word' id='word_1_340' title='bbox 951 2917 1082 2958; x_wconf 89' lang='lat' dir='ltr'><strong>vero</strong></span> <span class='ocrx_word' id='word_1_341' title='bbox 1129 2903 1323 2957; x_wconf 91' lang='lat' dir='ltr'><strong>harum</strong></span> <span class='ocrx_word' id='word_1_342' title='bbox 1377 2904 1691 2972; x_wconf 79' lang='lat' dir='ltr'><strong>nuptiarum</strong></span> <span class='ocrx_word' id='word_1_343' title='bbox 1745 2908 2022 2976; x_wconf 85' lang='lat' dir='ltr'><strong>sponsalia</strong></span> 
     </span>
    </p>
   </div>
   <div class='ocr_carea' id='block_1_48' title="bbox 442 2993 2022 3063">
    <p class='ocr_par' dir='ltr' id='par_1_48' title="bbox 442 2993 2022 3063">
     <span class='ocr_line' id='line_1_48' title="bbox 442 2993 2022 3063; baseline 0.004 -18"><span class='ocrx_word' id='word_1_344' title='bbox 442 3007 669 3049; x_wconf 88' lang='lat' dir='ltr'><strong>munera</strong></span> <span class='ocrx_word' id='word_1_345' title='bbox 728 2993 1082 3055; x_wconf 79' lang='lat' dir='ltr'><strong>adhibentur,</strong></span> <span class='ocrx_word' id='word_1_346' title='bbox 1122 3008 1232 3047; x_wconf 90' lang='lat' dir='ltr'><strong>non</strong></span> <span class='ocrx_word' id='word_1_347' title='bbox 1273 3008 1336 3048; x_wconf 88' lang='lat' dir='ltr'><strong>ea</strong></span> <span class='ocrx_word' id='word_1_348' title='bbox 1378 3003 1505 3048; x_wconf 91' lang='lat' dir='ltr'><strong>sunt</strong></span> <span class='ocrx_word' id='word_1_349' title='bbox 1557 3010 1678 3063; x_wconf 81' lang='lat' dir='ltr'><strong>quae</strong></span> <span class='ocrx_word' id='word_1_350' title='bbox 1727 2996 1813 3050; x_wconf 89' lang='lat' dir='ltr'><strong>his</strong></span> <span class='ocrx_word' id='word_1_351' title='bbox 1865 2996 2022 3051; x_wconf 86' lang='lat' dir='ltr'><strong>lalla-</strong></span> 
     </span>
    </p>
   </div>
   <div class='ocr_carea' id='block_1_49' title="bbox 2131 1911 3710 1988">
    <p class='ocr_par' dir='ltr' id='par_1_49' title="bbox 2131 1911 3710 1988">
     <span class='ocr_line' id='line_1_49' title="bbox 2131 1911 3710 1988; baseline 0.009 -26"><span class='ocrx_word' id='word_1_352' title='bbox 2131 1911 2323 1964; x_wconf 87' lang='grc' dir='ltr'><strong>τεινῶν</strong></span> <span class='ocrx_word' id='word_1_353' title='bbox 2387 1916 2850 1985; x_wconf 75' lang='grc' dir='ltr'><strong>χρηματίζοντες·</strong></span> <span class='ocrx_word' id='word_1_354' title='bbox 2912 1918 3065 1988; x_wconf 82' lang='grc' dir='ltr'><strong>ἰσχὺν</strong></span> <span class='ocrx_word' id='word_1_355' title='bbox 3115 1919 3174 1973; x_wconf 84' lang='grc' dir='ltr'><strong>δὲ</strong></span> <span class='ocrx_word' id='word_1_356' title='bbox 3230 1920 3326 1974; x_wconf 83' lang='grc' dir='ltr'><strong>καὶ</strong></span> <span class='ocrx_word' id='word_1_357' title='bbox 3371 1920 3613 1987; x_wconf 78' lang='grc' dir='ltr'><strong>εὐεξίαν,</strong></span> <span class='ocrx_word' id='word_1_358' title='bbox 3652 1923 3710 1976; x_wconf 84' lang='grc' dir='ltr'><strong>ού</strong></span> 
     </span>
    </p>
   </div>
   <div class='ocr_carea' id='block_1_50' title="bbox 2133 2001 3707 2085">
    <p class='ocr_par' dir='ltr' id='par_1_50' title="bbox 2133 2001 3707 2085">
     <span class='ocr_line' id='line_1_50' title="bbox 2133 2001 3707 2085; baseline 0.009 -31"><span class='ocrx_word' id='word_1_359' title='bbox 2133 2001 2292 2071; x_wconf 83' lang='grc' dir='ltr'><strong>σῶμα</strong></span> <span class='ocrx_word' id='word_1_360' title='bbox 2345 2003 2551 2069; x_wconf 79' lang='grc' dir='ltr'><strong>ἀσκῶν,</strong></span> <span class='ocrx_word' id='word_1_361' title='bbox 2588 2007 2708 2061; x_wconf 82' lang='grc' dir='ltr'><strong>οὐδὲ</strong></span> <span class='ocrx_word' id='word_1_362' title='bbox 2760 2009 3137 2064; x_wconf 86' lang='grc' dir='ltr'><strong>καταπιαίνων</strong></span> <span class='ocrx_word' id='word_1_363' title='bbox 3182 2012 3282 2084; x_wconf 78' lang='grc' dir='ltr'><strong>τὴν</strong></span> <span class='ocrx_word' id='word_1_364' title='bbox 3323 2014 3509 2085; x_wconf 82' lang='grc' dir='ltr'><strong>σάρκα</strong></span> <span class='ocrx_word' id='word_1_365' title='bbox 3557 2031 3707 2084; x_wconf 82' lang='grc' dir='ltr'><strong>περι-</strong></span> 
     </span>
    </p>
   </div>
   <div class='ocr_carea' id='block_1_51' title="bbox 2130 2094 3708 2178">
    <p class='ocr_par' dir='ltr' id='par_1_51' title="bbox 2130 2094 3708 2178">
     <span class='ocr_line' id='line_1_51' title="bbox 2130 2094 3708 2178; baseline 0.01 -33"><span class='ocrx_word' id='word_1_366' title='bbox 2130 2094 2433 2165; x_wconf 84' lang='grc' dir='ltr'><strong>ποιήσεται,</strong></span> <span class='ocrx_word' id='word_1_367' title='bbox 2464 2096 2600 2150; x_wconf 83' lang='grc' dir='ltr'><strong>ἀλλά</strong></span> <span class='ocrx_word' id='word_1_368' title='bbox 2630 2101 2737 2153; x_wconf 80' lang='grc' dir='ltr'><strong>πᾶν</strong></span> <span class='ocrx_word' id='word_1_369' title='bbox 2765 2103 3097 2168; x_wconf 79' lang='grc' dir='ltr'><strong>τούναντίον,</strong></span> <span class='ocrx_word' id='word_1_370' title='bbox 3139 2104 3197 2158; x_wconf 76' lang='grc' dir='ltr'><strong>ἐν</strong></span> <span class='ocrx_word' id='word_1_371' title='bbox 3224 2107 3290 2176; x_wconf 81' lang='grc' dir='ltr'><strong>τῇ</strong></span> <span class='ocrx_word' id='word_1_372' title='bbox 3329 2105 3428 2159; x_wconf 82' lang='grc' dir='ltr'><strong>τοῦ</strong></span> <span class='ocrx_word' id='word_1_373' title='bbox 3467 2105 3708 2178; x_wconf 84' lang='grc' dir='ltr'><strong>σώματος</strong></span> 
     </span>
    </p>
   </div>
   <div class='ocr_carea' id='block_1_52' title="bbox 2129 2184 3708 2268">
    <p class='ocr_par' dir='ltr' id='par_1_52' title="bbox 2129 2184 3708 2268">
     <span class='ocr_line' id='line_1_52' title="bbox 2129 2184 3708 2268; baseline 0.008 -30"><span class='ocrx_word' id='word_1_374' title='bbox 2129 2184 2386 2259; x_wconf 75' lang='grc' dir='ltr'><strong>ἀσθενείᾳ</strong></span> <span class='ocrx_word' id='word_1_375' title='bbox 2420 2188 2640 2245; x_wconf 83' lang='grc' dir='ltr'><strong>τελειῶν</strong></span> <span class='ocrx_word' id='word_1_376' title='bbox 2674 2192 2775 2265; x_wconf 81' lang='grc' dir='ltr'><strong>τὴν</strong></span> <span class='ocrx_word' id='word_1_377' title='bbox 2815 2194 2910 2248; x_wconf 85' lang='grc' dir='ltr'><strong>τοῦ</strong></span> <span class='ocrx_word' id='word_1_378' title='bbox 2949 2195 3256 2267; x_wconf 84' lang='grc' dir='ltr'><strong>πνεύματος</strong></span> <span class='ocrx_word' id='word_1_379' title='bbox 3288 2196 3543 2268; x_wconf 84' lang='grc' dir='ltr'><strong>δύναμιν.</strong></span> <span class='ocrx_word' id='word_1_380' title='bbox 3586 2193 3708 2251; x_wconf 80' lang='grc' dir='ltr'><strong>Οἶδα</strong></span> 
     </span>
    </p>
   </div>
   <div class='ocr_carea' id='block_1_53' title="bbox 2127 2276 3707 2364">
    <p class='ocr_par' dir='ltr' id='par_1_53' title="bbox 2127 2276 3707 2364">
     <span class='ocr_line' id='line_1_53' title="bbox 2127 2276 3707 2364; baseline 0.009 -34"><span class='ocrx_word' id='word_1_381' title='bbox 2127 2276 2185 2330; x_wconf 82' lang='grc' dir='ltr'><strong>δὲ</strong></span> <span class='ocrx_word' id='word_1_382' title='bbox 2218 2279 2310 2332; x_wconf 72' lang='grc' dir='ltr'><strong>καὶ</strong></span> <span class='ocrx_word' id='word_1_383' title='bbox 2335 2280 2402 2335; x_wconf 68' lang='grc' dir='ltr'><strong>τὰ</strong></span> <span class='ocrx_word' id='word_1_384' title='bbox 2431 2282 2557 2337; x_wconf 75' lang='grc' dir='ltr'><strong>ἕδνα</strong></span> <span class='ocrx_word' id='word_1_385' title='bbox 2594 2283 2689 2338; x_wconf 83' lang='grc' dir='ltr'><strong>τοῦ</strong></span> <span class='ocrx_word' id='word_1_386' title='bbox 2721 2286 2900 2358; x_wconf 85' lang='grc' dir='ltr'><strong>γάμου</strong></span> <span class='ocrx_word' id='word_1_387' title='bbox 2946 2287 3136 2343; x_wconf 87' lang='grc' dir='ltr'><strong>τούτου</strong></span> <span class='ocrx_word' id='word_1_388' title='bbox 3173 2290 3274 2343; x_wconf 80' lang='grc' dir='ltr'><strong>οὐκ</strong></span> <span class='ocrx_word' id='word_1_389' title='bbox 3318 2290 3434 2344; x_wconf 81' lang='grc' dir='ltr'><strong>ἀπὸ</strong></span> <span class='ocrx_word' id='word_1_390' title='bbox 3462 2289 3707 2364; x_wconf 79' lang='grc' dir='ltr'><strong>φθαρτῶν</strong></span> 
     </span>
    </p>
   </div>
   <div class='ocr_carea' id='block_1_54' title="bbox 2127 2371 3753 2451">
    <p class='ocr_par' dir='ltr' id='par_1_54' title="bbox 2127 2371 3753 2451">
     <span class='ocr_line' id='line_1_54' title="bbox 2127 2371 3753 2451; baseline 0.005 -26"><span class='ocrx_word' id='word_1_391' title='bbox 2127 2371 2428 2441; x_wconf 83' lang='grc' dir='ltr'><strong>χρημάτων</strong></span> <span class='ocrx_word' id='word_1_392' title='bbox 2452 2377 2817 2447; x_wconf 84' lang='grc' dir='ltr'><strong>πεποιημένα,</strong></span> <span class='ocrx_word' id='word_1_393' title='bbox 2843 2378 2959 2432; x_wconf 80' lang='grc' dir='ltr'><strong>ἀλλ’</strong></span> <span class='ocrx_word' id='word_1_394' title='bbox 2988 2380 3051 2432; x_wconf 82' lang='grc' dir='ltr'><strong>ὲκ</strong></span> <span class='ocrx_word' id='word_1_395' title='bbox 3075 2379 3168 2432; x_wconf 81' lang='grc' dir='ltr'><strong>τοῦ</strong></span> <span class='ocrx_word' id='word_1_396' title='bbox 3197 2379 3326 2433; x_wconf 78' lang='grc' dir='ltr'><strong>ἰδίου</strong></span> <span class='ocrx_word' id='word_1_397' title='bbox 3358 2380 3588 2435; x_wconf 85' lang='grc' dir='ltr'><strong>πλούτου</strong></span> <span class='ocrx_word' id='word_1_398' title='bbox 3613 2382 3704 2451; x_wconf 81' lang='grc' dir='ltr'><strong>τῆς</strong></span> <span class='ocrx_word' id='word_1_399' title='bbox 3748 2430 3753 2433; x_wconf 79' lang='lat'><strong>.</strong></span> 
     </span>
    </p>
   </div>
   <div class='ocr_carea' id='block_1_55' title="bbox 2125 2461 3705 2544">
    <p class='ocr_par' dir='ltr' id='par_1_55' title="bbox 2125 2461 3705 2544">
     <span class='ocr_line' id='line_1_55' title="bbox 2125 2461 3705 2544; baseline -0.002 -16"><span class='ocrx_word' id='word_1_400' title='bbox 2125 2461 2304 2533; x_wconf 71' lang='grc' dir='ltr'><strong>ψυχῆς</strong></span> <span class='ocrx_word' id='word_1_401' title='bbox 2331 2464 2802 2539; x_wconf 81' lang='grc' dir='ltr'><strong>δωροφορούμενα.</strong></span> <span class='ocrx_word' id='word_1_402' title='bbox 2846 2470 3031 2525; x_wconf 81' lang='grc' dir='ltr'><strong>Βούλει</strong></span> <span class='ocrx_word' id='word_1_403' title='bbox 3066 2471 3258 2543; x_wconf 81' lang='grc' dir='ltr'><strong>μαθεῖν</strong></span> <span class='ocrx_word' id='word_1_404' title='bbox 3287 2472 3360 2527; x_wconf 84' lang='grc' dir='ltr'><strong>τὰ</strong></span> <span class='ocrx_word' id='word_1_405' title='bbox 3390 2473 3497 2528; x_wconf 85' lang='grc' dir='ltr'><strong>τῶν</strong></span> <span class='ocrx_word' id='word_1_406' title='bbox 3525 2472 3705 2544; x_wconf 81' lang='grc' dir='ltr'><strong>δώρων</strong></span> 
     </span>
    </p>
   </div>
   <div class='ocr_carea' id='block_1_56' title="bbox 2126 2553 3702 2634">
    <p class='ocr_par' dir='ltr' id='par_1_56' title="bbox 2126 2553 3702 2634">
     <span class='ocr_line' id='line_1_56' title="bbox 2126 2553 3702 2634; baseline 0.006 -30"><span class='ocrx_word' id='word_1_407' title='bbox 2126 2553 2385 2625; x_wconf 81' lang='grc' dir='ltr'><strong>ὀνόματα;</strong></span> <span class='ocrx_word' id='word_1_408' title='bbox 2409 2558 2638 2612; x_wconf 81' lang='grc' dir='ltr'><strong>ἄκουσον</strong></span> <span class='ocrx_word' id='word_1_409' title='bbox 2672 2560 2881 2614; x_wconf 84' lang='grc' dir='ltr'><strong>Παύλου</strong></span> <span class='ocrx_word' id='word_1_410' title='bbox 2905 2561 2999 2616; x_wconf 81' lang='grc' dir='ltr'><strong>τοῦ</strong></span> <span class='ocrx_word' id='word_1_411' title='bbox 3036 2561 3202 2617; x_wconf 72' lang='grc' dir='ltr'><strong>καλοῦ</strong></span> <span class='ocrx_word' id='word_1_412' title='bbox 3233 2581 3294 2618; x_wconf 90' lang='grc' dir='ltr'><strong>νυ</strong></span> <span class='ocrx_word' id='word_1_413' title='bbox 3304 2564 3625 2634; x_wconf 83' lang='grc' dir='ltr'><strong>μφοστόλου,</strong></span> <span class='ocrx_word' id='word_1_414' title='bbox 3648 2566 3702 2618; x_wconf 81' lang='grc' dir='ltr'><strong>ὲν</strong></span> 
     </span>
    </p>
   </div>
   <div class='ocr_carea' id='block_1_57' title="bbox 2123 2645 3701 2720">
    <p class='ocr_par' dir='ltr' id='par_1_57' title="bbox 2123 2645 3701 2720">
     <span class='ocr_line' id='line_1_57' title="bbox 2123 2645 3701 2720; baseline 0.007 -23"><span class='ocrx_word' id='word_1_415' title='bbox 2123 2645 2233 2700; x_wconf 86' lang='grc' dir='ltr'><strong>τίσι</strong></span> <span class='ocrx_word' id='word_1_416' title='bbox 2263 2648 2585 2704; x_wconf 76' lang='grc' dir='ltr'><strong>πλουτοῦσιν</strong></span> <span class='ocrx_word' id='word_1_417' title='bbox 2616 2653 2664 2704; x_wconf 86' lang='grc' dir='ltr'><strong>οῖ</strong></span> <span class='ocrx_word' id='word_1_418' title='bbox 2695 2652 2753 2704; x_wconf 82' lang='grc' dir='ltr'><strong>ὲν</strong></span> <span class='ocrx_word' id='word_1_419' title='bbox 2784 2654 2947 2707; x_wconf 81' lang='grc' dir='ltr'><strong>παντὶ</strong></span> <span class='ocrx_word' id='word_1_420' title='bbox 2984 2654 3344 2719; x_wconf 83' lang='grc' dir='ltr'><strong>συνιστῶντες</strong></span> <span class='ocrx_word' id='word_1_421' title='bbox 3373 2655 3616 2720; x_wconf 80' lang='grc' dir='ltr'><strong>ἑαυτούς·</strong></span> <span class='ocrx_word' id='word_1_422' title='bbox 3646 2656 3701 2709; x_wconf 83' lang='grc' dir='ltr'><strong>ὲν</strong></span> 
     </span>
    </p>
   </div>
   <div class='ocr_carea' id='block_1_58' title="bbox 2122 2731 3701 2817">
    <p class='ocr_par' dir='ltr' id='par_1_58' title="bbox 2122 2731 3701 2817">
     <span class='ocr_line' id='line_1_58' title="bbox 2122 2731 3701 2817; baseline 0.008 -27"><span class='ocrx_word' id='word_1_423' title='bbox 2122 2731 2202 2801; x_wconf 69' lang='grc' dir='ltr'><strong>οἷς</strong></span> <span class='ocrx_word' id='word_1_424' title='bbox 2225 2739 2359 2792; x_wconf 83' lang='grc' dir='ltr'><strong>ἄλλα</strong></span> <span class='ocrx_word' id='word_1_425' title='bbox 2387 2757 2443 2793; x_wconf 87' lang='grc' dir='ltr'><strong>τε</strong></span> <span class='ocrx_word' id='word_1_426' title='bbox 2476 2741 2645 2796; x_wconf 79' lang='grc' dir='ltr'><strong>πολλὰ</strong></span> <span class='ocrx_word' id='word_1_427' title='bbox 2679 2744 2773 2797; x_wconf 76' lang='grc' dir='ltr'><strong>καὶ</strong></span> <span class='ocrx_word' id='word_1_428' title='bbox 2802 2745 3013 2815; x_wconf 87' lang='grc' dir='ltr'><strong>μεγάλα</strong></span> <span class='ocrx_word' id='word_1_429' title='bbox 3041 2747 3233 2814; x_wconf 89' lang='grc' dir='ltr'><strong>είπὼν,</strong></span> <span class='ocrx_word' id='word_1_430' title='bbox 3263 2765 3284 2799; x_wconf 75' lang='grc' dir='ltr'><strong>ι</strong></span> <span class='ocrx_word' id='word_1_431' title='bbox 3317 2747 3435 2801; x_wconf 75' lang='grc' dir='ltr'><strong>Καὶ</strong></span> <span class='ocrx_word' id='word_1_432' title='bbox 3465 2748 3524 2801; x_wconf 85' lang='grc' dir='ltr'><strong>ὲν</strong></span> <span class='ocrx_word' id='word_1_433' title='bbox 3553 2746 3701 2817; x_wconf 85' lang='grc' dir='ltr'><strong>ἁγνό·</strong></span> 
     </span>
    </p>
   </div>
   <div class='ocr_carea' id='block_1_59' title="bbox 2120 2831 3698 2912">
    <p class='ocr_par' dir='ltr' id='par_1_59' title="bbox 2120 2831 3698 2912">
     <span class='ocr_line' id='line_1_59' title="bbox 2120 2831 3698 2912; baseline 0.008 -32"><span class='ocrx_word' id='word_1_434' title='bbox 2120 2845 2246 2898; x_wconf 89' lang='grc' dir='ltr'><strong>τητι</strong></span> <span class='ocrx_word' id='word_1_435' title='bbox 2280 2849 2298 2880; x_wconf 78' lang='grc' dir='ltr'><strong>ι</strong></span> <span class='ocrx_word' id='word_1_436' title='bbox 2338 2831 2520 2901; x_wconf 90' lang='grc' dir='ltr'><strong>φησίν.</strong></span> <span class='ocrx_word' id='word_1_437' title='bbox 2556 2835 2666 2888; x_wconf 80' lang='grc' dir='ltr'><strong>Καὶ</strong></span> <span class='ocrx_word' id='word_1_438' title='bbox 2699 2836 2861 2890; x_wconf 87' lang='grc' dir='ltr'><strong>πάλιν</strong></span> <span class='ocrx_word' id='word_1_439' title='bbox 2897 2837 2998 2891; x_wconf 86' lang='grc' dir='ltr'><strong>ὅσα</strong></span> <span class='ocrx_word' id='word_1_440' title='bbox 3044 2839 3312 2912; x_wconf 77' lang='grc' dir='ltr'><strong>ἑτέρωθεν</strong></span> <span class='ocrx_word' id='word_1_441' title='bbox 3365 2843 3425 2895; x_wconf 82' lang='grc' dir='ltr'><strong>ὲν</strong></span> <span class='ocrx_word' id='word_1_442' title='bbox 3472 2844 3582 2905; x_wconf 86' lang='grc' dir='ltr'><strong>τοῖς</strong></span> <span class='ocrx_word' id='word_1_443' title='bbox 3611 2838 3698 2894; x_wconf 82' lang='grc' dir='ltr'><strong>τοῦ</strong></span> 
     </span>
    </p>
   </div>
   <div class='ocr_carea' id='block_1_60' title="bbox 2123 2921 3697 3004">
    <p class='ocr_par' dir='ltr' id='par_1_60' title="bbox 2123 2921 3697 3004">
     <span class='ocr_line' id='line_1_60' title="bbox 2123 2921 3697 3004; baseline 0.01 -31"><span class='ocrx_word' id='word_1_444' title='bbox 2123 2921 2430 2991; x_wconf 89' lang='grc' dir='ltr'><strong>πνεύματος</strong></span> <span class='ocrx_word' id='word_1_445' title='bbox 2469 2928 2702 2995; x_wconf 88' lang='grc' dir='ltr'><strong>καρποῖς</strong></span> <span class='ocrx_word' id='word_1_446' title='bbox 2734 2927 3151 3000; x_wconf 81' lang='grc' dir='ltr'><strong>ἀπαριθμεῖται,</strong></span> <span class='ocrx_word' id='word_1_447' title='bbox 3184 2932 3367 2987; x_wconf 81' lang='grc' dir='ltr'><strong>πάντα</strong></span> <span class='ocrx_word' id='word_1_448' title='bbox 3400 2931 3492 2986; x_wconf 83' lang='grc' dir='ltr'><strong>τοῦ</strong></span> <span class='ocrx_word' id='word_1_449' title='bbox 3528 2934 3697 3004; x_wconf 82' lang='grc' dir='ltr'><strong>γάμου</strong></span> 
     </span>
    </p>
   </div>
   <div class='ocr_carea' id='block_1_61' title="bbox 2120 3010 3695 3096">
    <p class='ocr_par' dir='ltr' id='par_1_61' title="bbox 2120 3010 3695 3096">
     <span class='ocr_line' id='line_1_61' title="bbox 2120 3010 3695 3096; baseline 0.01 -33"><span class='ocrx_word' id='word_1_450' title='bbox 2120 3010 2311 3064; x_wconf 89' lang='grc' dir='ltr'><strong>τούτου</strong></span> <span class='ocrx_word' id='word_1_451' title='bbox 2335 3013 2483 3084; x_wconf 82' lang='grc' dir='ltr'><strong>δῶρά</strong></span> <span class='ocrx_word' id='word_1_452' title='bbox 2512 3016 2648 3068; x_wconf 79' lang='grc' dir='ltr'><strong>ἐστι·</strong></span> <span class='ocrx_word' id='word_1_453' title='bbox 2680 3018 2774 3070; x_wconf 77' lang='grc' dir='ltr'><strong>καὶ</strong></span> <span class='ocrx_word' id='word_1_454' title='bbox 2796 3018 2849 3071; x_wconf 83' lang='grc' dir='ltr'><strong>ετ</strong></span> <span class='ocrx_word' id='word_1_455' title='bbox 2871 3037 2953 3083; x_wconf 87' lang='grc' dir='ltr'><strong>τις</strong></span> <span class='ocrx_word' id='word_1_456' title='bbox 2981 3021 3163 3092; x_wconf 85' lang='grc' dir='ltr'><strong>μέλλει</strong></span> <span class='ocrx_word' id='word_1_457' title='bbox 3193 3023 3481 3078; x_wconf 80' lang='grc' dir='ltr'><strong>πείθεσθαι</strong></span> <span class='ocrx_word' id='word_1_458' title='bbox 3506 3024 3583 3096; x_wconf 85' lang='grc' dir='ltr'><strong>τῷ</strong></span> <span class='ocrx_word' id='word_1_459' title='bbox 3605 3024 3695 3077; x_wconf 86' lang='grc' dir='ltr'><strong>Σο·-</strong></span> 
     </span>
    </p>
   </div>
   <div class='ocr_carea' id='block_1_62' title="bbox 439 3084 2026 3182">
    <p class='ocr_par' dir='ltr' id='par_1_62' title="bbox 439 3084 2020 3156">
     <span class='ocr_line' id='line_1_62' title="bbox 439 3084 2020 3156; baseline 0.001 -16"><span class='ocrx_word' id='word_1_460' title='bbox 439 3087 600 3141; x_wconf 73' lang='lat' dir='ltr'><strong>ciims</strong></span> <span class='ocrx_word' id='word_1_461' title='bbox 645 3084 926 3139; x_wconf 82' lang='lat' dir='ltr'><strong>hominum</strong></span> <span class='ocrx_word' id='word_1_462' title='bbox 978 3090 1108 3139; x_wconf 91' lang='lat' dir='ltr'><strong>sunt</strong></span> <span class='ocrx_word' id='word_1_463' title='bbox 1152 3084 1404 3153; x_wconf 86' lang='lat' dir='ltr'><strong>pecuniis</strong></span> <span class='ocrx_word' id='word_1_464' title='bbox 1437 3085 1736 3148; x_wconf 82' lang='lat' dir='ltr'><strong>elaborata,</strong></span> <span class='ocrx_word' id='word_1_465' title='bbox 1763 3086 1858 3141; x_wconf 89' lang='lat' dir='ltr'><strong>sed</strong></span> <span class='ocrx_word' id='word_1_466' title='bbox 1898 3103 2020 3156; x_wconf 76' lang='lat' dir='ltr'><strong>quae</strong></span> 
     </span>
    </p>
   </div>
   <div class='ocr_carea' id='block_1_63' title="bbox 2127 3084 3695 3182">
    <p class='ocr_par' dir='ltr' id='par_1_63' title="bbox 2127 3084 3695 3182">
     <span class='ocr_line' id='line_1_63' title="bbox 2127 3084 3695 3182; baseline 0.008 -27"><span class='ocrx_word' id='word_1_467' title='bbox 2127 3101 2354 3182; x_wconf 82' lang='grc' dir='ltr'><strong>λομῶντι</strong></span> <span class='ocrx_word' id='word_1_468' title='bbox 2375 3145 2390 3169; x_wconf 92' lang='grc'><strong>,</strong></span> <span class='ocrx_word' id='word_1_469' title='bbox 2422 3106 2515 3159; x_wconf 79' lang='grc' dir='ltr'><strong>καὶ</strong></span> <span class='ocrx_word' id='word_1_470' title='bbox 2556 3106 2655 3177; x_wconf 74' lang='grc' dir='ltr'><strong>τὴν</strong></span> <span class='ocrx_word' id='word_1_471' title='bbox 2690 3108 2948 3182; x_wconf 82' lang='grc' dir='ltr'><strong>ἀληθινὴν</strong></span> <span class='ocrx_word' id='word_1_472' title='bbox 2981 3084 3178 3182; x_wconf 69' lang='grc' dir='ltr'><strong>σοφίαν</strong></span> <span class='ocrx_word' id='word_1_473' title='bbox 3228 3114 3479 3170; x_wconf 83' lang='grc' dir='ltr'><strong>σύνοικόν</strong></span> <span class='ocrx_word' id='word_1_474' title='bbox 3510 3084 3568 3170; x_wconf 74' lang='grc' dir='ltr'>τὲ</span> <span class='ocrx_word' id='word_1_475' title='bbox 3606 3114 3695 3169; x_wconf 75' lang='grc' dir='ltr'><strong>καὶ</strong></span> 
     </span>
    </p>
   </div>
   <div class='ocr_carea' id='block_1_64' title="bbox 438 3174 2026 3279">
    <p class='ocr_par' dir='ltr' id='par_1_64' title="bbox 438 3174 2016 3233">
     <span class='ocr_line' id='line_1_64' title="bbox 438 3174 2016 3233; baseline 0.001 -2"><span class='ocrx_word' id='word_1_476' title='bbox 438 3192 507 3231; x_wconf 75' lang='lat' dir='ltr'><strong>ex</strong></span> <span class='ocrx_word' id='word_1_477' title='bbox 566 3175 734 3229; x_wconf 74' lang='lat' dir='ltr'><strong>animi</strong></span> <span class='ocrx_word' id='word_1_478' title='bbox 791 3174 996 3230; x_wconf 85' lang='lat' dir='ltr'><strong>divitiis</strong></span> <span class='ocrx_word' id='word_1_479' title='bbox 1025 3175 1168 3229; x_wconf 88' lang='lat' dir='ltr'><strong>dono</strong></span> <span class='ocrx_word' id='word_1_480' title='bbox 1215 3175 1340 3229; x_wconf 88' lang='lat' dir='ltr'><strong>data</strong></span> <span class='ocrx_word' id='word_1_481' title='bbox 1388 3182 1535 3230; x_wconf 89' lang='lat' dir='ltr'><strong>sunt.</strong></span> <span class='ocrx_word' id='word_1_482' title='bbox 1604 3175 1659 3230; x_wconf 92' lang='lat' dir='ltr'><strong>Si</strong></span> <span class='ocrx_word' id='word_1_483' title='bbox 1729 3187 2016 3233; x_wconf 87' lang='lat' dir='ltr'><strong>munerum</strong></span> 
     </span>
    </p>
   </div>
   <div class='ocr_carea' id='block_1_65' title="bbox 2127 3174 3692 3279">
    <p class='ocr_par' dir='ltr' id='par_1_65' title="bbox 2127 3174 3692 3279">
     <span class='ocr_line' id='line_1_65' title="bbox 2127 3174 3692 3279; baseline 0.006 -32"><span class='ocrx_word' id='word_1_484' title='bbox 2127 3177 2236 3265; x_wconf 70' lang='grc' dir='ltr'><strong>β’ίου</strong></span> <span class='ocrx_word' id='word_1_485' title='bbox 2269 3197 2523 3251; x_wconf 85' lang='grc' dir='ltr'><strong>κοινωνὸν</strong></span> <span class='ocrx_word' id='word_1_486' title='bbox 2563 3174 2740 3271; x_wconf 78' lang='grc' dir='ltr'><strong>ἑαυτῷ</strong></span> <span class='ocrx_word' id='word_1_487' title='bbox 2772 3174 3075 3271; x_wconf 67' lang='grc' dir='ltr'><strong>λαμέάνειν</strong></span> <span class='ocrx_word' id='word_1_488' title='bbox 3100 3204 3120 3274; x_wconf 94' lang='grc'><strong>(</strong></span> <span class='ocrx_word' id='word_1_489' title='bbox 3141 3205 3269 3276; x_wconf 76' lang='grc' dir='ltr'><strong>περὶ</strong></span> <span class='ocrx_word' id='word_1_490' title='bbox 3294 3201 3368 3279; x_wconf 87' lang='grc' dir='ltr'><strong>ἦς</strong></span> <span class='ocrx_word' id='word_1_491' title='bbox 3407 3222 3586 3278; x_wconf 81' lang='grc' dir='ltr'><strong>φησιν,</strong></span> <span class='ocrx_word' id='word_1_492' title='bbox 3615 3205 3692 3257; x_wconf 79' lang='grc' dir='ltr'><strong>ὅτι</strong></span> 
     </span>
    </p>
   </div>
   <div class='ocr_carea' id='block_1_66' title="bbox 440 3265 2018 3339">
    <p class='ocr_par' dir='ltr' id='par_1_66' title="bbox 440 3265 2018 3339">
     <span class='ocr_line' id='line_1_66' title="bbox 440 3265 2018 3339; baseline 0.001 -19"><span class='ocrx_word' id='word_1_493' title='bbox 440 3268 635 3321; x_wconf 91' lang='lat' dir='ltr'><strong>horum</strong></span> <span class='ocrx_word' id='word_1_494' title='bbox 678 3265 898 3321; x_wconf 88' lang='lat' dir='ltr'><strong>nomina</strong></span> <span class='ocrx_word' id='word_1_495' title='bbox 955 3265 1145 3321; x_wconf 87' lang='lat' dir='ltr'><strong>audire</strong></span> <span class='ocrx_word' id='word_1_496' title='bbox 1187 3265 1375 3335; x_wconf 85' lang='lat' dir='ltr'><strong>cupis,</strong></span> <span class='ocrx_word' id='word_1_497' title='bbox 1431 3267 1556 3321; x_wconf 82' lang='lat' dir='ltr'><strong>audi</strong></span> <span class='ocrx_word' id='word_1_498' title='bbox 1590 3266 1820 3321; x_wconf 87' lang='lat' dir='ltr'><strong>Paulum</strong></span> <span class='ocrx_word' id='word_1_499' title='bbox 1876 3271 2018 3339; x_wconf 83' lang='lat' dir='ltr'><strong>Opti-</strong></span> 
     </span>
    </p>
   </div>
   <div class='ocr_carea' id='block_1_67' title="bbox 438 3357 2014 3430">
    <p class='ocr_par' dir='ltr' id='par_1_67' title="bbox 438 3357 2014 3430">
     <span class='ocr_line' id='line_1_67' title="bbox 438 3357 2014 3430; baseline 0.002 -19"><span class='ocrx_word' id='word_1_500' title='bbox 438 3373 590 3411; x_wconf 91' lang='lat' dir='ltr'><strong>mum</strong></span> <span class='ocrx_word' id='word_1_501' title='bbox 643 3358 956 3427; x_wconf 85' lang='lat' dir='ltr'><strong>nuptiarum</strong></span> <span class='ocrx_word' id='word_1_502' title='bbox 993 3357 1380 3413; x_wconf 70' lang='lat' dir='ltr'><strong>instructoreat</strong></span> <span class='ocrx_word' id='word_1_503' title='bbox 1426 3359 1494 3413; x_wconf 92' lang='lat' dir='ltr'><strong>de</strong></span> <span class='ocrx_word' id='word_1_504' title='bbox 1537 3358 1891 3429; x_wconf 82' lang='lat' dir='ltr'><strong>quibusdam,</strong></span> <span class='ocrx_word' id='word_1_505' title='bbox 1922 3361 2014 3430; x_wconf 90' lang='lat' dir='ltr'><strong>qui</strong></span> 
     </span>
    </p>
   </div>
   <div class='ocr_carea' id='block_1_68' title="bbox 441 3448 2015 3522">
    <p class='ocr_par' dir='ltr' id='par_1_68' title="bbox 441 3448 2015 3522">
     <span class='ocr_line' id='line_1_68' title="bbox 441 3448 2015 3522; baseline 0.001 -18"><span class='ocrx_word' id='word_1_506' title='bbox 441 3450 640 3505; x_wconf 80' lang='lat' dir='ltr'><strong>divites</strong></span> <span class='ocrx_word' id='word_1_507' title='bbox 675 3450 729 3504; x_wconf 90' lang='lat' dir='ltr'><strong>in</strong></span> <span class='ocrx_word' id='word_1_508' title='bbox 763 3448 1018 3505; x_wconf 85' lang='lat' dir='ltr'><strong>omnibus</strong></span> <span class='ocrx_word' id='word_1_509' title='bbox 1054 3448 1197 3502; x_wconf 64' lang='lat' dir='ltr'><strong>“facti</strong></span> <span class='ocrx_word' id='word_1_510' title='bbox 1234 3458 1384 3514; x_wconf 87' lang='lat' dir='ltr'><strong>sunt,</strong></span> <span class='ocrx_word' id='word_1_511' title='bbox 1417 3452 1470 3505; x_wconf 90' lang='lat' dir='ltr'><strong>in</strong></span> <span class='ocrx_word' id='word_1_512' title='bbox 1505 3452 1705 3522; x_wconf 90' lang='lat' dir='ltr'><strong>quibus</strong></span> <span class='ocrx_word' id='word_1_513' title='bbox 1757 3467 1880 3506; x_wconf 92' lang='lat' dir='ltr'><strong>cum</strong></span> <span class='ocrx_word' id='word_1_514' title='bbox 1909 3453 2015 3506; x_wconf 76' lang='lat' dir='ltr'><strong>alia</strong></span> 
     </span>
    </p>
   </div>
   <div class='ocr_carea' id='block_1_69' title="bbox 432 3541 2008 3612">
    <p class='ocr_par' dir='ltr' id='par_1_69' title="bbox 432 3541 2008 3612">
     <span class='ocr_line' id='line_1_69' title="bbox 432 3541 2008 3612; baseline 0.004 -18"><span class='ocrx_word' id='word_1_515' title='bbox 432 3542 605 3595; x_wconf 84' lang='lat' dir='ltr'><strong>multa</strong></span> <span class='ocrx_word' id='word_1_516' title='bbox 636 3548 688 3595; x_wconf 88' lang='lat' dir='ltr'><strong>et</strong></span> <span class='ocrx_word' id='word_1_517' title='bbox 719 3555 915 3612; x_wconf 72' lang='lat' dir='ltr'><strong>magna</strong></span> <span class='ocrx_word' id='word_1_518' title='bbox 945 3541 1112 3606; x_wconf 89' lang='lat' dir='ltr'><strong>dicat,</strong></span> <span class='ocrx_word' id='word_1_519' title='bbox 1143 3541 1277 3596; x_wconf 90' lang='lat' dir='ltr'><strong>illud</strong></span> <span class='ocrx_word' id='word_1_520' title='bbox 1314 3544 1501 3609; x_wconf 90' lang='lat' dir='ltr'><strong>etiam,</strong></span> <span class='ocrx_word' id='word_1_521' title='bbox 1541 3562 1560 3595; x_wconf 78' lang='grc' dir='ltr'><strong>ι</strong></span> <span class='ocrx_word' id='word_1_522' title='bbox 1594 3544 1653 3599; x_wconf 85' lang='lat' dir='ltr'><strong>In</strong></span> <span class='ocrx_word' id='word_1_523' title='bbox 1688 3547 2008 3606; x_wconf 68' lang='lat' dir='ltr'><strong>castitate.»</strong></span> 
     </span>
    </p>
   </div>
   <div class='ocr_carea' id='block_1_70' title="bbox 433 3629 2013 3706">
    <p class='ocr_par' dir='ltr' id='par_1_70' title="bbox 433 3629 2013 3706">
     <span class='ocr_line' id='line_1_70' title="bbox 433 3629 2013 3706; baseline 0.007 -23"><span class='ocrx_word' id='word_1_524' title='bbox 433 3631 604 3685; x_wconf 85' lang='lat' dir='ltr'><strong>addit.</strong></span> <span class='ocrx_word' id='word_1_525' title='bbox 634 3629 961 3701; x_wconf 84' lang='lat' dir='ltr'><strong>Rursusque</strong></span> <span class='ocrx_word' id='word_1_526' title='bbox 988 3647 1330 3704; x_wconf 59' lang='lat' dir='ltr'><strong>quaecunque</strong></span> <span class='ocrx_word' id='word_1_527' title='bbox 1362 3634 1488 3689; x_wconf 89' lang='lat' dir='ltr'><strong>alibi</strong></span> <span class='ocrx_word' id='word_1_528' title='bbox 1539 3634 1594 3689; x_wconf 91' lang='lat' dir='ltr'><strong>in</strong></span> <span class='ocrx_word' id='word_1_529' title='bbox 1635 3636 2013 3706; x_wconf 88' lang='lat' dir='ltr'><strong>spiritualibus</strong></span> 
     </span>
    </p>
   </div>
   <div class='ocr_carea' id='block_1_71' title="bbox 431 3724 2010 3798">
    <p class='ocr_par' dir='ltr' id='par_1_71' title="bbox 431 3724 2010 3798">
     <span class='ocr_line' id='line_1_71' title="bbox 431 3724 2010 3798; baseline 0.004 -22"><span class='ocrx_word' id='word_1_530' title='bbox 431 3724 700 3779; x_wconf 79' lang='lat' dir='ltr'><strong>fructibus</strong></span> <span class='ocrx_word' id='word_1_531' title='bbox 740 3735 1145 3787; x_wconf 88' lang='lat' dir='ltr'><strong>numerantur,</strong></span> <span class='ocrx_word' id='word_1_532' title='bbox 1198 3726 1384 3779; x_wconf 91' lang='lat' dir='ltr'><strong>omnia</strong></span> <span class='ocrx_word' id='word_1_533' title='bbox 1449 3726 1643 3780; x_wconf 90' lang='lat' dir='ltr'><strong>harum</strong></span> <span class='ocrx_word' id='word_1_534' title='bbox 1695 3730 2010 3798; x_wconf 88' lang='lat' dir='ltr'><strong>nuptiarum</strong></span> 
     </span>
    </p>
   </div>
   <div class='ocr_carea' id='block_1_72' title="bbox 429 3813 2014 3882">
    <p class='ocr_par' dir='ltr' id='par_1_72' title="bbox 429 3813 2014 3882">
     <span class='ocr_line' id='line_1_72' title="bbox 429 3813 2014 3882; baseline 0.003 -13"><span class='ocrx_word' id='word_1_535' title='bbox 429 3816 574 3870; x_wconf 83' lang='lat' dir='ltr'><strong>dona</strong></span> <span class='ocrx_word' id='word_1_536' title='bbox 629 3823 779 3869; x_wconf 88' lang='lat' dir='ltr'><strong>sunt.</strong></span> <span class='ocrx_word' id='word_1_537' title='bbox 833 3815 910 3867; x_wconf 77' lang='lat' dir='ltr'><strong>Ac</strong></span> <span class='ocrx_word' id='word_1_538' title='bbox 962 3814 1007 3869; x_wconf 90' lang='lat' dir='ltr'><strong>si</strong></span> <span class='ocrx_word' id='word_1_539' title='bbox 1040 3815 1161 3882; x_wconf 87' lang='lat' dir='ltr'><strong>quis</strong></span> <span class='ocrx_word' id='word_1_540' title='bbox 1197 3813 1475 3870; x_wconf 89' lang='lat' dir='ltr'><strong>Salomoni</strong></span> <span class='ocrx_word' id='word_1_541' title='bbox 1529 3816 1688 3871; x_wconf 78' lang='lat' dir='ltr'><strong>[idem</strong></span> <span class='ocrx_word' id='word_1_542' title='bbox 1737 3819 2014 3873; x_wconf 85' lang='lat' dir='ltr'><strong>adhibitu-</strong></span> 
     </span>
    </p>
   </div>
   <div class='ocr_carea' id='block_1_73' title="bbox 432 3904 2010 3969">
    <p class='ocr_par' dir='ltr' id='par_1_73' title="bbox 432 3904 2010 3969">
     <span class='ocr_line' id='line_1_73' title="bbox 432 3904 2010 3969; baseline 0.004 -10"><span class='ocrx_word' id='word_1_543' title='bbox 432 3922 528 3961; x_wconf 86' lang='lat' dir='ltr'><strong>rus</strong></span> <span class='ocrx_word' id='word_1_544' title='bbox 560 3911 668 3969; x_wconf 92' lang='lat' dir='ltr'><strong>est,</strong></span> <span class='ocrx_word' id='word_1_545' title='bbox 701 3911 760 3959; x_wconf 90' lang='lat' dir='ltr'><strong>ut</strong></span> <span class='ocrx_word' id='word_1_546' title='bbox 804 3914 857 3959; x_wconf 90' lang='lat' dir='ltr'><strong>et</strong></span> <span class='ocrx_word' id='word_1_547' title='bbox 902 3904 1346 3960; x_wconf 87' lang='lat' dir='ltr'><strong>contubernalem</strong></span> <span class='ocrx_word' id='word_1_548' title='bbox 1388 3907 1492 3961; x_wconf 88' lang='lat' dir='ltr'><strong>sibi</strong></span> <span class='ocrx_word' id='word_1_549' title='bbox 1530 3915 1585 3961; x_wconf 90' lang='lat' dir='ltr'><strong>et</strong></span> <span class='ocrx_word' id='word_1_550' title='bbox 1636 3908 1760 3963; x_wconf 77' lang='lat' dir='ltr'><strong>vitae</strong></span> <span class='ocrx_word' id='word_1_551' title='bbox 1804 3911 2010 3966; x_wconf 89' lang='lat' dir='ltr'><strong>sociam</strong></span> 
     </span>
    </p>
   </div>
   <div class='ocr_carea' id='block_1_74' title="bbox 428 3995 2012 4070">
    <p class='ocr_par' dir='ltr' id='par_1_74' title="bbox 428 3995 2012 4070">
     <span class='ocr_line' id='line_1_74' title="bbox 428 3995 2012 4070; baseline 0.004 -19"><span class='ocrx_word' id='word_1_552' title='bbox 428 4011 612 4053; x_wconf 82' lang='lat' dir='ltr'><strong>veram</strong></span> <span class='ocrx_word' id='word_1_553' title='bbox 640 3996 967 4067; x_wconf 79' lang='lat' dir='ltr'><strong>sapientiam</strong></span> <span class='ocrx_word' id='word_1_554' title='bbox 1004 3995 1286 4066; x_wconf 81' lang='lat' dir='ltr'><strong>adjungat,</strong></span> <span class='ocrx_word' id='word_1_555' title='bbox 1317 3995 1385 4050; x_wconf 88' lang='lat' dir='ltr'><strong>de</strong></span> <span class='ocrx_word' id='word_1_556' title='bbox 1417 4012 1525 4067; x_wconf 90' lang='lat' dir='ltr'><strong>qua</strong></span> <span class='ocrx_word' id='word_1_557' title='bbox 1559 3996 1606 4053; x_wconf 92' lang='lat' dir='ltr'><strong>is</strong></span> <span class='ocrx_word' id='word_1_558' title='bbox 1635 3999 1709 4051; x_wconf 90' lang='lat' dir='ltr'><strong>ait</strong></span> <span class='ocrx_word' id='word_1_559' title='bbox 1736 4017 1748 4052; x_wconf 90' lang='lat'>:</span> <span class='ocrx_word' id='word_1_560' title='bbox 1791 4018 1810 4051; x_wconf 81' lang='grc' dir='ltr'><strong>ι</strong></span> <span class='ocrx_word' id='word_1_561' title='bbox 1842 3998 2012 4070; x_wconf 80' lang='lat' dir='ltr'><strong>Dilige</strong></span> 
     </span>
    </p>
   </div>
   <div class='ocr_carea' id='block_1_75' title="bbox 427 4088 2011 4161">
    <p class='ocr_par' dir='ltr' id='par_1_75' title="bbox 427 4088 2011 4161">
     <span class='ocr_line' id='line_1_75' title="bbox 427 4088 2011 4161; baseline 0.003 -18"><span class='ocrx_word' id='word_1_562' title='bbox 427 4104 569 4153; x_wconf 88' lang='lat' dir='ltr'><strong>eam,</strong></span> <span class='ocrx_word' id='word_1_563' title='bbox 600 4097 653 4143; x_wconf 88' lang='lat' dir='ltr'><strong>et</strong></span> <span class='ocrx_word' id='word_1_564' title='bbox 681 4088 949 4143; x_wconf 82' lang='lat' dir='ltr'><strong>custodiet</strong></span> <span class='ocrx_word' id='word_1_565' title='bbox 979 4095 1051 4152; x_wconf 89' lang='lat' dir='ltr'><strong>te,</strong></span> <span class='ocrx_word' id='word_1_566' title='bbox 1087 4088 1296 4142; x_wconf 88' lang='lat' dir='ltr'><strong>honora</strong></span> <span class='ocrx_word' id='word_1_567' title='bbox 1321 4103 1440 4142; x_wconf 89' lang='lat' dir='ltr'><strong>eam</strong></span> <span class='ocrx_word' id='word_1_568' title='bbox 1474 4090 1593 4142; x_wconf 80' lang='lat' dir='ltr'><strong>ut“</strong></span> <span class='ocrx_word' id='word_1_569' title='bbox 1620 4091 2011 4161; x_wconf 85' lang='lat' dir='ltr'><strong>complectatur</strong></span> 
     </span>
    </p>
   </div>
   <div class='ocr_carea' id='block_1_76' title="bbox 426 4178 2012 4252">
    <p class='ocr_par' dir='ltr' id='par_1_76' title="bbox 426 4178 2012 4252">
     <span class='ocr_line' id='line_1_76' title="bbox 426 4178 2012 4252; baseline 0.003 -18"><span class='ocrx_word' id='word_1_570' title='bbox 426 4191 496 4240; x_wconf 88' lang='lat' dir='ltr'><strong>te.</strong></span> <span class='ocrx_word' id='word_1_571' title='bbox 521 4198 542 4232; x_wconf 70' lang='grc' dir='ltr'><strong>ι</strong></span> <span class='ocrx_word' id='word_1_572' title='bbox 576 4180 661 4234; x_wconf 88' lang='lat' dir='ltr'><strong>hic</strong></span> <span class='ocrx_word' id='word_1_573' title='bbox 684 4194 781 4249; x_wconf 89' lang='lat' dir='ltr'><strong>pro</strong></span> <span class='ocrx_word' id='word_1_574' title='bbox 807 4178 973 4249; x_wconf 91' lang='lat' dir='ltr'><strong>hujus</strong></span> <span class='ocrx_word' id='word_1_575' title='bbox 994 4179 1309 4250; x_wconf 84' lang='lat' dir='ltr'><strong>cupiditatis</strong></span> <span class='ocrx_word' id='word_1_576' title='bbox 1326 4180 1590 4251; x_wconf 78' lang='lat' dir='ltr'><strong>dignitate</strong></span> <span class='ocrx_word' id='word_1_577' title='bbox 1610 4183 1748 4237; x_wconf 89' lang='lat' dir='ltr'><strong>stola</strong></span> <span class='ocrx_word' id='word_1_578' title='bbox 1771 4188 1903 4252; x_wconf 85' lang='lat' dir='ltr'><strong>pitra</strong></span> <span class='ocrx_word' id='word_1_579' title='bbox 1928 4200 2012 4239; x_wconf 92' lang='lat' dir='ltr'><strong>or-</strong></span> 
     </span>
    </p>
   </div>
   <div class='ocr_carea' id='block_1_77' title="bbox 424 4272 2007 4343">
    <p class='ocr_par' dir='ltr' id='par_1_77' title="bbox 424 4272 2007 4343">
     <span class='ocr_line' id='line_1_77' title="bbox 424 4272 2007 4343; baseline 0.004 -18"><span class='ocrx_word' id='word_1_580' title='bbox 424 4279 608 4336; x_wconf 84' lang='lat' dir='ltr'><strong>natur,</strong></span> <span class='ocrx_word' id='word_1_581' title='bbox 632 4287 757 4327; x_wconf 91' lang='lat' dir='ltr'><strong>cum</strong></span> <span class='ocrx_word' id='word_1_582' title='bbox 790 4272 877 4338; x_wconf 87' lang='lat' dir='ltr'><strong>iis,</strong></span> <span class='ocrx_word' id='word_1_583' title='bbox 909 4273 1001 4343; x_wconf 86' lang='lat' dir='ltr'><strong>qui</strong></span> <span class='ocrx_word' id='word_1_584' title='bbox 1030 4272 1233 4342; x_wconf 84' lang='lat' dir='ltr'><strong>nuptiis</strong></span> <span class='ocrx_word' id='word_1_585' title='bbox 1264 4273 1351 4329; x_wconf 91' lang='lat' dir='ltr'><strong>his</strong></span> <span class='ocrx_word' id='word_1_586' title='bbox 1382 4274 1620 4343; x_wconf 86' lang='lat' dir='ltr'><strong>gaudent</strong></span> <span class='ocrx_word' id='word_1_587' title='bbox 1645 4275 1785 4330; x_wconf 92' lang='lat' dir='ltr'><strong>diem</strong></span> <span class='ocrx_word' id='word_1_588' title='bbox 1812 4275 2007 4333; x_wconf 83' lang='lat' dir='ltr'><strong>festum</strong></span> 
     </span>
    </p>
   </div>
   <div class='ocr_carea' id='block_1_78' title="bbox 424 4361 2006 4436">
    <p class='ocr_par' dir='ltr' id='par_1_78' title="bbox 424 4361 2006 4436">
     <span class='ocr_line' id='line_1_78' title="bbox 424 4361 2006 4436; baseline 0.006 -22"><span class='ocrx_word' id='word_1_589' title='bbox 424 4362 666 4431; x_wconf 76' lang='lat' dir='ltr'><strong>agendo,</strong></span> <span class='ocrx_word' id='word_1_590' title='bbox 705 4372 764 4417; x_wconf 88' lang='lat' dir='ltr'><strong>ut</strong></span> <span class='ocrx_word' id='word_1_591' title='bbox 796 4378 863 4416; x_wconf 85' lang='lat' dir='ltr'><strong>ne</strong></span> <span class='ocrx_word' id='word_1_592' title='bbox 915 4361 1060 4418; x_wconf 75' lang='lat' dir='ltr'><strong>foras</strong></span> <span class='ocrx_word' id='word_1_593' title='bbox 1086 4363 1383 4433; x_wconf 87' lang='lat' dir='ltr'><strong>ejiciatur:</strong></span> <span class='ocrx_word' id='word_1_594' title='bbox 1426 4365 1521 4436; x_wconf 90' lang='lat' dir='ltr'><strong>qui</strong></span> <span class='ocrx_word' id='word_1_595' title='bbox 1560 4366 1706 4421; x_wconf 89' lang='lat' dir='ltr'><strong>enim</strong></span> <span class='ocrx_word' id='word_1_596' title='bbox 1749 4366 1870 4423; x_wconf 80' lang='lat' dir='ltr'><strong>festi</strong></span> <span class='ocrx_word' id='word_1_597' title='bbox 1900 4369 2006 4425; x_wconf 83' lang='lat' dir='ltr'><strong>diei</strong></span> 
     </span>
    </p>
   </div>
   <div class='ocr_carea' id='block_1_79' title="bbox 2125 3287 3688 3368">
    <p class='ocr_par' dir='ltr' id='par_1_79' title="bbox 2125 3287 3688 3368">
     <span class='ocr_line' id='line_1_79' title="bbox 2125 3287 3688 3368; baseline 0.01 -30"><span class='ocrx_word' id='word_1_598' title='bbox 2125 3306 2144 3338; x_wconf 75' lang='grc' dir='ltr'><strong>ι</strong></span> <span class='ocrx_word' id='word_1_599' title='bbox 2186 3287 2474 3359; x_wconf 85' lang='grc' dir='ltr'><strong>Ἐράσθητι</strong></span> <span class='ocrx_word' id='word_1_600' title='bbox 2507 3290 2698 3361; x_wconf 79' lang='grc' dir='ltr'><strong>αὐτῆς,</strong></span> <span class='ocrx_word' id='word_1_601' title='bbox 2730 3291 2825 3344; x_wconf 79' lang='grc' dir='ltr'><strong>καὶ</strong></span> <span class='ocrx_word' id='word_1_602' title='bbox 2859 3295 3086 3365; x_wconf 78' lang='grc' dir='ltr'><strong>τηρήσει</strong></span> <span class='ocrx_word' id='word_1_603' title='bbox 3119 3312 3178 3348; x_wconf 87' lang='grc' dir='ltr'><strong>σε</strong></span> <span class='ocrx_word' id='word_1_604' title='bbox 3199 3313 3211 3326; x_wconf 88' lang='grc'><strong>·</strong></span> <span class='ocrx_word' id='word_1_605' title='bbox 3238 3295 3472 3368; x_wconf 86' lang='grc' dir='ltr'><strong>τίμησον</strong></span> <span class='ocrx_word' id='word_1_606' title='bbox 3513 3296 3688 3365; x_wconf 74' lang='grc' dir='ltr'><strong>αὐτὴν.</strong></span> 
     </span>
    </p>
   </div>
   <div class='ocr_carea' id='block_1_80' title="bbox 2120 3379 3691 3457">
    <p class='ocr_par' dir='ltr' id='par_1_80' title="bbox 2120 3379 3691 3457">
     <span class='ocr_line' id='line_1_80' title="bbox 2120 3379 3691 3457; baseline 0.004 -25"><span class='ocrx_word' id='word_1_607' title='bbox 2120 3379 2206 3433; x_wconf 74' lang='grc' dir='ltr'><strong>ἵνα</strong></span> <span class='ocrx_word' id='word_1_608' title='bbox 2241 3396 2300 3431; x_wconf 87' lang='grc' dir='ltr'><strong>σε</strong></span> <span class='ocrx_word' id='word_1_609' title='bbox 2334 3379 2603 3453; x_wconf 76' lang='grc' dir='ltr'><strong>περιλάϐῃ</strong></span> <span class='ocrx_word' id='word_1_610' title='bbox 2631 3381 2714 3452; x_wconf 79' lang='grc'><strong>»)’</strong></span> <span class='ocrx_word' id='word_1_611' title='bbox 2750 3382 2987 3448; x_wconf 76' lang='grc' dir='ltr'><strong>ἐπαξίως</strong></span> <span class='ocrx_word' id='word_1_612' title='bbox 3029 3387 3125 3456; x_wconf 82' lang='grc' dir='ltr'><strong>τῆς</strong></span> <span class='ocrx_word' id='word_1_613' title='bbox 3167 3386 3466 3457; x_wconf 77' lang='grc' dir='ltr'><strong>ἐπιθυμίας</strong></span> <span class='ocrx_word' id='word_1_614' title='bbox 3502 3385 3691 3456; x_wconf 85' lang='grc' dir='ltr'><strong>ταύτης</strong></span> 
     </span>
    </p>
   </div>
   <div class='ocr_carea' id='block_1_81' title="bbox 2118 3473 3689 3553">
    <p class='ocr_par' dir='ltr' id='par_1_81' title="bbox 2118 3473 3689 3553">
     <span class='ocr_line' id='line_1_81' title="bbox 2118 3473 3689 3553; baseline 0.007 -28"><span class='ocrx_word' id='word_1_615' title='bbox 2118 3473 2596 3542; x_wconf 82' lang='grc' dir='ltr'><strong>παρασκευάσεται</strong></span> <span class='ocrx_word' id='word_1_616' title='bbox 2620 3475 2677 3527; x_wconf 81' lang='grc' dir='ltr'><strong>ὲν</strong></span> <span class='ocrx_word' id='word_1_617' title='bbox 2699 3474 2918 3549; x_wconf 84' lang='grc' dir='ltr'><strong>καθαρᾷ</strong></span> <span class='ocrx_word' id='word_1_618' title='bbox 2940 3480 3007 3550; x_wconf 83' lang='grc' dir='ltr'><strong>τῇ</strong></span> <span class='ocrx_word' id='word_1_619' title='bbox 3039 3479 3199 3552; x_wconf 78' lang='grc' dir='ltr'><strong>στολῇ</strong></span> <span class='ocrx_word' id='word_1_620' title='bbox 3223 3483 3334 3547; x_wconf 90' lang='grc' dir='ltr'><strong>τοῖς</strong></span> <span class='ocrx_word' id='word_1_621' title='bbox 3358 3482 3419 3535; x_wconf 81' lang='grc' dir='ltr'><strong>ὲν</strong></span> <span class='ocrx_word' id='word_1_622' title='bbox 3439 3481 3515 3553; x_wconf 83' lang='grc' dir='ltr'><strong>τῷ</strong></span> <span class='ocrx_word' id='word_1_623' title='bbox 3538 3481 3689 3552; x_wconf 81' lang='grc' dir='ltr'><strong>γάμῳ</strong></span> 
     </span>
    </p>
   </div>
   <div class='ocr_carea' id='block_1_82' title="bbox 2118 3562 3690 3642">
    <p class='ocr_par' dir='ltr' id='par_1_82' title="bbox 2118 3562 3690 3642">
     <span class='ocr_line' id='line_1_82' title="bbox 2118 3562 3690 3642; baseline 0.005 -28"><span class='ocrx_word' id='word_1_624' title='bbox 2118 3562 2663 3634; x_wconf 83' lang='grc' dir='ltr'><strong>συνευφραινομένοις</strong></span> <span class='ocrx_word' id='word_1_625' title='bbox 2706 3567 3115 3637; x_wconf 78' lang='grc' dir='ltr'><strong>συνεορτάζειν·</strong></span> <span class='ocrx_word' id='word_1_626' title='bbox 3156 3570 3242 3623; x_wconf 79' lang='grc' dir='ltr'><strong>ἵνα</strong></span> <span class='ocrx_word' id='word_1_627' title='bbox 3281 3569 3356 3642; x_wconf 82' lang='grc' dir='ltr'><strong>μὴ</strong></span> <span class='ocrx_word' id='word_1_628' title='bbox 3396 3571 3690 3642; x_wconf 75' lang='grc' dir='ltr'><strong>ἀπόϐλητος</strong></span> 
     </span>
    </p>
   </div>
   <div class='ocr_carea' id='block_1_83' title="bbox 2114 3652 3687 3731">
    <p class='ocr_par' dir='ltr' id='par_1_83' title="bbox 2114 3652 3687 3731">
     <span class='ocr_line' id='line_1_83' title="bbox 2114 3652 3687 3731; baseline 0.007 -26"><span class='ocrx_word' id='word_1_629' title='bbox 2114 3652 2359 3722; x_wconf 84' lang='grc' dir='ltr'><strong>γένηται,</strong></span> <span class='ocrx_word' id='word_1_630' title='bbox 2390 3653 2489 3722; x_wconf 85' lang='grc' dir='ltr'><strong>τῆς</strong></span> <span class='ocrx_word' id='word_1_631' title='bbox 2530 3653 2629 3724; x_wconf 83' lang='grc' dir='ltr'><strong>μὲν</strong></span> <span class='ocrx_word' id='word_1_632' title='bbox 2661 3656 2854 3728; x_wconf 75' lang='grc' dir='ltr'><strong>ἑορτῆς</strong></span> <span class='ocrx_word' id='word_1_633' title='bbox 2886 3662 3286 3731; x_wconf 81' lang='grc' dir='ltr'><strong>συμμετασχεῖν</strong></span> <span class='ocrx_word' id='word_1_634' title='bbox 3325 3660 3514 3728; x_wconf 66' lang='grc' dir='ltr'><strong>άξιιῖλν,</strong></span> <span class='ocrx_word' id='word_1_635' title='bbox 3545 3661 3602 3714; x_wconf 83' lang='grc' dir='ltr'><strong>τὸ</strong></span> <span class='ocrx_word' id='word_1_636' title='bbox 3634 3659 3687 3719; x_wconf 79' lang='grc' dir='ltr'><strong>δὲ</strong></span> 
     </span>
    </p>
   </div>
   <div class='ocr_carea' id='block_1_84' title="bbox 2113 3743 3684 3824">
    <p class='ocr_par' dir='ltr' id='par_1_84' title="bbox 2113 3743 3684 3824">
     <span class='ocr_line' id='line_1_84' title="bbox 2113 3743 3684 3824; baseline 0.006 -29"><span class='ocrx_word' id='word_1_637' title='bbox 2113 3743 2317 3811; x_wconf 78' lang='grc' dir='ltr'><strong>ἔνδυμα</strong></span> <span class='ocrx_word' id='word_1_638' title='bbox 2364 3743 2458 3797; x_wconf 81' lang='grc' dir='ltr'><strong>τοῦ</strong></span> <span class='ocrx_word' id='word_1_639' title='bbox 2502 3744 2683 3816; x_wconf 86' lang='grc' dir='ltr'><strong>γάμου</strong></span> <span class='ocrx_word' id='word_1_640' title='bbox 2735 3748 2810 3820; x_wconf 78' lang='grc' dir='ltr'><strong>μὴ</strong></span> <span class='ocrx_word' id='word_1_641' title='bbox 2858 3751 3260 3822; x_wconf 86' lang='grc' dir='ltr'><strong>περικείμενος.</strong></span> <span class='ocrx_word' id='word_1_642' title='bbox 3312 3751 3484 3824; x_wconf 81' lang='grc' dir='ltr'><strong>Δῆλον</strong></span> <span class='ocrx_word' id='word_1_643' title='bbox 3513 3751 3569 3805; x_wconf 76' lang='grc' dir='ltr'><strong>δὲ</strong></span> <span class='ocrx_word' id='word_1_644' title='bbox 3610 3751 3684 3804; x_wconf 86' lang='grc' dir='ltr'><strong>ὅτι</strong></span> 
     </span>
    </p>
   </div>
   <div class='ocr_carea' id='block_1_85' title="bbox 2115 3834 3686 3915">
    <p class='ocr_par' dir='ltr' id='par_1_85' title="bbox 2115 3834 3686 3915">
     <span class='ocr_line' id='line_1_85' title="bbox 2115 3834 3686 3915; baseline 0.006 -29"><span class='ocrx_word' id='word_1_645' title='bbox 2115 3834 2291 3898; x_wconf 83' lang='grc' dir='ltr'><strong>κοινὸς</strong></span> <span class='ocrx_word' id='word_1_646' title='bbox 2319 3837 2348 3889; x_wconf 97' lang='lat'><strong>6</strong></span> <span class='ocrx_word' id='word_1_647' title='bbox 2383 3836 2539 3905; x_wconf 86' lang='grc' dir='ltr'><strong>λόγος</strong></span> <span class='ocrx_word' id='word_1_648' title='bbox 2586 3839 2757 3905; x_wconf 71' lang='grc' dir='ltr'><strong>ἐστὶν,</strong></span> <span class='ocrx_word' id='word_1_649' title='bbox 2793 3842 2885 3895; x_wconf 78' lang='grc' dir='ltr'><strong>ἐπί</strong></span> <span class='ocrx_word' id='word_1_650' title='bbox 2928 3859 2987 3895; x_wconf 88' lang='grc' dir='ltr'><strong>τε</strong></span> <span class='ocrx_word' id='word_1_651' title='bbox 3026 3842 3236 3915; x_wconf 85' lang='grc' dir='ltr'><strong>ἀνδρῶν</strong></span> <span class='ocrx_word' id='word_1_652' title='bbox 3278 3845 3376 3899; x_wconf 79' lang='grc' dir='ltr'><strong>καὶ</strong></span> <span class='ocrx_word' id='word_1_653' title='bbox 3424 3841 3686 3914; x_wconf 82' lang='grc' dir='ltr'><strong>γυναικῶν</strong></span> 
     </span>
    </p>
   </div>
   <div class='ocr_carea' id='block_1_86' title="bbox 2112 3924 3678 4005">
    <p class='ocr_par' dir='ltr' id='par_1_86' title="bbox 2112 3924 3678 4005">
     <span class='ocr_line' id='line_1_86' title="bbox 2112 3924 3678 4005; baseline -0.003 -16"><span class='ocrx_word' id='word_1_654' title='bbox 2112 3924 2333 3994; x_wconf 82' lang='grc' dir='ltr'><strong>ὁμοίως.</strong></span> <span class='ocrx_word' id='word_1_655' title='bbox 2365 3928 2445 3991; x_wconf 85' lang='grc' dir='ltr'><strong>εἰς</strong></span> <span class='ocrx_word' id='word_1_656' title='bbox 2477 3927 2576 4000; x_wconf 81' lang='grc' dir='ltr'><strong>τὴν</strong></span> <span class='ocrx_word' id='word_1_657' title='bbox 2616 3930 2745 4001; x_wconf 79' lang='grc' dir='ltr'><strong>περὶ</strong></span> <span class='ocrx_word' id='word_1_658' title='bbox 2771 3932 2879 3985; x_wconf 81' lang='grc' dir='ltr'><strong>τῶν</strong></span> <span class='ocrx_word' id='word_1_659' title='bbox 2913 3935 3169 3987; x_wconf 86' lang='grc' dir='ltr'><strong>τοιούτων</strong></span> <span class='ocrx_word' id='word_1_660' title='bbox 3191 3934 3389 4005; x_wconf 86' lang='grc' dir='ltr'><strong>γάμων</strong></span> <span class='ocrx_word' id='word_1_661' title='bbox 3421 3933 3645 4003; x_wconf 85' lang='grc' dir='ltr'><strong>σπουδήν</strong></span> <span class='ocrx_word' id='word_1_662' title='bbox 3666 3948 3678 3961; x_wconf 87' lang='grc'><strong>·</strong></span> 
     </span>
    </p>
   </div>
   <div class='ocr_carea' id='block_1_87' title="bbox 2112 4016 3683 4095">
    <p class='ocr_par' dir='ltr' id='par_1_87' title="bbox 2112 4016 3683 4095">
     <span class='ocr_line' id='line_1_87' title="bbox 2112 4016 3683 4095; baseline 0.003 -26"><span class='ocrx_word' id='word_1_663' title='bbox 2112 4016 2297 4088; x_wconf 79' lang='grc' dir='ltr'><strong>ἐπειδὴ</strong></span> <span class='ocrx_word' id='word_1_664' title='bbox 2333 4017 2461 4090; x_wconf 81' lang='grc' dir='ltr'><strong>γὰρ,</strong></span> <span class='ocrx_word' id='word_1_665' title='bbox 2508 4019 2692 4085; x_wconf 87' lang='grc' dir='ltr'><strong>καθώς</strong></span> <span class='ocrx_word' id='word_1_666' title='bbox 2730 4040 2892 4095; x_wconf 86' lang='grc' dir='ltr'><strong>φησιν</strong></span> <span class='ocrx_word' id='word_1_667' title='bbox 2928 4025 2958 4076; x_wconf 89' lang='lat'><strong>6</strong></span> <span class='ocrx_word' id='word_1_668' title='bbox 3008 4024 3327 4091; x_wconf 80' lang='grc' dir='ltr'><strong>Ἀπόστολος</strong></span> <span class='ocrx_word' id='word_1_669' title='bbox 3350 4066 3367 4091; x_wconf 94' lang='grc'><strong>,</strong></span> <span class='ocrx_word' id='word_1_670' title='bbox 3411 4046 3430 4079; x_wconf 79' lang='grc' dir='ltr'><strong>ι</strong></span> <span class='ocrx_word' id='word_1_671' title='bbox 3463 4025 3572 4079; x_wconf 81' lang='grc' dir='ltr'><strong>Οὐκ</strong></span> <span class='ocrx_word' id='word_1_672' title='bbox 3608 4021 3683 4074; x_wconf 80' lang='grc' dir='ltr'><strong>ἔνι</strong></span> 
     </span>
    </p>
   </div>
   <div class='ocr_carea' id='block_1_88' title="bbox 2110 4105 3675 4187">
    <p class='ocr_par' dir='ltr' id='par_1_88' title="bbox 2110 4105 3675 4187">
     <span class='ocr_line' id='line_1_88' title="bbox 2110 4105 3675 4187; baseline 0.008 -30"><span class='ocrx_word' id='word_1_673' title='bbox 2110 4105 2277 4177; x_wconf 76' lang='grc' dir='ltr'><strong>ἄρσεν</strong></span> <span class='ocrx_word' id='word_1_674' title='bbox 2308 4107 2402 4161; x_wconf 76' lang='grc' dir='ltr'><strong>καὶ</strong></span> <span class='ocrx_word' id='word_1_675' title='bbox 2447 4107 2580 4177; x_wconf 81' lang='grc' dir='ltr'><strong>θῆλυ</strong></span> <span class='ocrx_word' id='word_1_676' title='bbox 2605 4125 2618 4139; x_wconf 91' lang='grc'><strong>·</strong></span> <span class='ocrx_word' id='word_1_677' title='bbox 2657 4111 2835 4166; x_wconf 89' lang='grc' dir='ltr'><strong>πάντα</strong></span> <span class='ocrx_word' id='word_1_678' title='bbox 2875 4112 3055 4169; x_wconf 76' lang='grc' dir='ltr'><strong>δὲκαὶ</strong></span> <span class='ocrx_word' id='word_1_679' title='bbox 3100 4115 3159 4170; x_wconf 76' lang='grc' dir='ltr'><strong>ἐν</strong></span> <span class='ocrx_word' id='word_1_680' title='bbox 3199 4117 3335 4171; x_wconf 80' lang='grc' dir='ltr'><strong>πᾶσι</strong></span> <span class='ocrx_word' id='word_1_681' title='bbox 3367 4117 3617 4187; x_wconf 84' lang='grc' dir='ltr'><strong>Χριστός·</strong></span> <span class='ocrx_word' id='word_1_682' title='bbox 3656 4130 3675 4164; x_wconf 69' lang='grc' dir='ltr'><strong>ι</strong></span> 
     </span>
    </p>
   </div>
   <div class='ocr_carea' id='block_1_89' title="bbox 2111 4197 3678 4280">
    <p class='ocr_par' dir='ltr' id='par_1_89' title="bbox 2111 4197 3678 4280">
     <span class='ocr_line' id='line_1_89' title="bbox 2111 4197 3678 4280; baseline 0.011 -30"><span class='ocrx_word' id='word_1_683' title='bbox 2111 4197 2333 4263; x_wconf 76' lang='grc' dir='ltr'><strong>εἰκότως</strong></span> <span class='ocrx_word' id='word_1_684' title='bbox 2364 4199 2393 4253; x_wconf 93' lang='lat'><strong>6</strong></span> <span class='ocrx_word' id='word_1_685' title='bbox 2435 4201 2537 4271; x_wconf 81' lang='grc' dir='ltr'><strong>τῆς</strong></span> <span class='ocrx_word' id='word_1_686' title='bbox 2566 4203 2758 4272; x_wconf 84' lang='grc' dir='ltr'><strong>σοφίας</strong></span> <span class='ocrx_word' id='word_1_687' title='bbox 2803 4205 3039 4280; x_wconf 76' lang='grc' dir='ltr'><strong>ἐραστὴς</strong></span> <span class='ocrx_word' id='word_1_688' title='bbox 3082 4207 3173 4261; x_wconf 81' lang='grc' dir='ltr'><strong>τὸν</strong></span> <span class='ocrx_word' id='word_1_689' title='bbox 3221 4207 3407 4264; x_wconf 75' lang='grc' dir='ltr'><strong>ἔνθεον</strong></span> <span class='ocrx_word' id='word_1_690' title='bbox 3451 4209 3559 4280; x_wconf 83' lang='grc' dir='ltr'><strong>ἔχει</strong></span> <span class='ocrx_word' id='word_1_691' title='bbox 3589 4205 3678 4276; x_wconf 83' lang='grc' dir='ltr'><strong>τῆς</strong></span> 
     </span>
    </p>
   </div>
   <div class='ocr_carea' id='block_1_90' title="bbox 2110 4288 3674 4371">
    <p class='ocr_par' dir='ltr' id='par_1_90' title="bbox 2110 4288 3674 4371">
     <span class='ocr_line' id='line_1_90' title="bbox 2110 4288 3674 4371; baseline 0.009 -30"><span class='ocrx_word' id='word_1_692' title='bbox 2110 4288 2405 4361; x_wconf 68' lang='grc' dir='ltr'><strong>ἐπιθυμίας</strong></span> <span class='ocrx_word' id='word_1_693' title='bbox 2447 4292 2669 4358; x_wconf 88' lang='grc' dir='ltr'><strong>σκοπὸν,</strong></span> <span class='ocrx_word' id='word_1_694' title='bbox 2701 4294 2761 4359; x_wconf 77' lang='grc' dir='ltr'><strong>ὃς</strong></span> <span class='ocrx_word' id='word_1_695' title='bbox 2805 4296 2955 4351; x_wconf 79' lang='grc' dir='ltr'><strong>ἐστιν</strong></span> <span class='ocrx_word' id='word_1_696' title='bbox 2995 4300 3030 4368; x_wconf 76' lang='grc' dir='ltr'><strong>ἡ</strong></span> <span class='ocrx_word' id='word_1_697' title='bbox 3076 4298 3285 4370; x_wconf 80' lang='grc' dir='ltr'><strong>ἀληθὴς</strong></span> <span class='ocrx_word' id='word_1_698' title='bbox 3317 4300 3500 4371; x_wconf 82' lang='grc' dir='ltr'><strong>σοφία·</strong></span> <span class='ocrx_word' id='word_1_699' title='bbox 3532 4298 3674 4364; x_wconf 80' lang='grc' dir='ltr'><strong>καὶὴ</strong></span> 
     </span>
    </p>
   </div>
   <div class='ocr_carea' id='block_1_91' title="bbox 2109 4380 3677 4466">
    <p class='ocr_par' dir='ltr' id='par_1_91' title="bbox 2109 4380 3677 4466">
     <span class='ocr_line' id='line_1_91' title="bbox 2109 4380 3677 4466; baseline 0.016 -33"><span class='ocrx_word' id='word_1_700' title='bbox 2109 4380 2188 4451; x_wconf 82' lang='grc' dir='ltr'><strong>τῷ</strong></span> <span class='ocrx_word' id='word_1_701' title='bbox 2215 4382 2477 4455; x_wconf 82' lang='grc' dir='ltr'><strong>ἀφθάρτῳ</strong></span> <span class='ocrx_word' id='word_1_702' title='bbox 2505 4388 2725 4459; x_wconf 80' lang='grc' dir='ltr'><strong>νυμφίῳ</strong></span> <span class='ocrx_word' id='word_1_703' title='bbox 2754 4390 3222 4463; x_wconf 84' lang='grc' dir='ltr'><strong>προσκολληθεῖσα</strong></span> <span class='ocrx_word' id='word_1_704' title='bbox 3248 4393 3416 4466; x_wconf 74' lang='grc' dir='ltr'><strong>ψυχὴ,</strong></span> <span class='ocrx_word' id='word_1_705' title='bbox 3442 4394 3537 4465; x_wconf 82' lang='grc' dir='ltr'><strong>τῆς</strong></span> <span class='ocrx_word' id='word_1_706' title='bbox 3562 4390 3677 4457; x_wconf 69' lang='grc' dir='ltr'><strong>ἀλη⁴</strong></span> 
     </span>
    </p>
   </div>
   <div class='ocr_carea' id='block_1_92' title="bbox 424 4452 2026 4554">
    <p class='ocr_par' dir='ltr' id='par_1_92' title="bbox 424 4452 2002 4531">
     <span class='ocr_line' id='line_1_92' title="bbox 424 4452 2002 4531; baseline 0.007 -26"><span class='ocrx_word' id='word_1_707' title='bbox 424 4452 756 4508; x_wconf 80' lang='lat' dir='ltr'><strong>celebritatis</strong></span> <span class='ocrx_word' id='word_1_708' title='bbox 825 4457 1146 4525; x_wconf 83' lang='lat' dir='ltr'><strong>participem</strong></span> <span class='ocrx_word' id='word_1_709' title='bbox 1206 4472 1265 4511; x_wconf 88' lang='lat' dir='ltr'><strong>se</strong></span> <span class='ocrx_word' id='word_1_710' title='bbox 1310 4472 1433 4511; x_wconf 89' lang='lat' dir='ltr'><strong>esse</strong></span> <span class='ocrx_word' id='word_1_711' title='bbox 1500 4457 1723 4528; x_wconf 83' lang='lat' dir='ltr'><strong>dignum</strong></span> <span class='ocrx_word' id='word_1_712' title='bbox 1802 4468 2002 4531; x_wconf 88' lang='lat' dir='ltr'><strong>putat,</strong></span> 
     </span>
    </p>
   </div>
   <div class='ocr_carea' id='block_1_93' title="bbox 2127 4452 3676 4554">
    <p class='ocr_par' dir='ltr' id='par_1_93' title="bbox 2127 4452 3676 4554">
     <span class='ocr_line' id='line_1_93' title="bbox 2127 4452 3676 4554; baseline 0.004 -28"><span class='ocrx_word' id='word_1_713' title='bbox 2127 4474 2260 4545; x_wconf 68' lang='grc' dir='ltr'><strong>ὶινῆς</strong></span> <span class='ocrx_word' id='word_1_714' title='bbox 2287 4452 2476 4545; x_wconf 79' lang='grc' dir='ltr'><strong>σοφίας</strong></span> <span class='ocrx_word' id='word_1_715' title='bbox 2493 4452 2607 4548; x_wconf 77' lang='grc' dir='ltr'><strong>ἔχει</strong></span> <span class='ocrx_word' id='word_1_716' title='bbox 2744 4452 2943 4552; x_wconf 68' lang='grc' dir='ltr'><strong>ἔρωτα,</strong></span> <span class='ocrx_word' id='word_1_717' title='bbox 2978 4452 3101 4554; x_wconf 66' lang='grc' dir='ltr'><strong>ῆτίς</strong></span> <span class='ocrx_word' id='word_1_718' title='bbox 3117 4452 3275 4537; x_wconf 47' lang='grc' dir='ltr'><strong>ἐστὶν.</strong></span> <span class='ocrx_word' id='word_1_719' title='bbox 3290 4452 3676 4549; x_wconf 36' lang='grc' dir='ltr'><strong>ὀιὸεόςί-’Δλλά</strong></span> 
     </span>
    </p>
   </div>
   <div class='ocr_carea' id='block_1_94' title="bbox 422 4544 2001 4619">
    <p class='ocr_par' dir='ltr' id='par_1_94' title="bbox 422 4544 2001 4619">
     <span class='ocr_line' id='line_1_94' title="bbox 422 4544 2001 4619; baseline 0.006 -20"><span class='ocrx_word' id='word_1_720' title='bbox 422 4544 722 4614; x_wconf 87' lang='lat' dir='ltr'><strong>nuptialem</strong></span> <span class='ocrx_word' id='word_1_721' title='bbox 777 4553 982 4599; x_wconf 76' lang='lat' dir='ltr'><strong>vestem</strong></span> <span class='ocrx_word' id='word_1_722' title='bbox 1044 4562 1152 4600; x_wconf 90' lang='lat' dir='ltr'><strong>non</strong></span> <span class='ocrx_word' id='word_1_723' title='bbox 1202 4547 1400 4601; x_wconf 88' lang='lat' dir='ltr'><strong>induit.</strong></span> <span class='ocrx_word' id='word_1_724' title='bbox 1452 4547 1807 4619; x_wconf 85' lang='lat' dir='ltr'><strong>Perspicuum</strong></span> <span class='ocrx_word' id='word_1_725' title='bbox 1873 4568 2001 4609; x_wconf 87' lang='lat' dir='ltr'><strong>vero</strong></span> 
     </span>
    </p>
   </div>
   <div class='ocr_carea' id='block_1_95' title="bbox 420 4634 2005 4713">
    <p class='ocr_par' dir='ltr' id='par_1_95' title="bbox 420 4634 2005 4713">
     <span class='ocr_line' id='line_1_95' title="bbox 420 4634 2005 4713; baseline 0.008 -27"><span class='ocrx_word' id='word_1_726' title='bbox 420 4642 526 4698; x_wconf 74' lang='lat' dir='ltr'><strong>est,</strong></span> <span class='ocrx_word' id='word_1_727' title='bbox 553 4643 608 4690; x_wconf 89' lang='lat' dir='ltr'><strong>et</strong></span> <span class='ocrx_word' id='word_1_728' title='bbox 639 4635 693 4688; x_wconf 93' lang='lat' dir='ltr'><strong>in</strong></span> <span class='ocrx_word' id='word_1_729' title='bbox 729 4634 859 4689; x_wconf 87' lang='lat' dir='ltr'><strong>viris</strong></span> <span class='ocrx_word' id='word_1_730' title='bbox 886 4643 940 4689; x_wconf 92' lang='lat' dir='ltr'><strong>et</strong></span> <span class='ocrx_word' id='word_1_731' title='bbox 970 4637 1025 4689; x_wconf 88' lang='lat' dir='ltr'><strong>in</strong></span> <span class='ocrx_word' id='word_1_732' title='bbox 1053 4636 1270 4692; x_wconf 83' lang='lat' dir='ltr'><strong>feminis</strong></span> <span class='ocrx_word' id='word_1_733' title='bbox 1307 4652 1655 4692; x_wconf 89' lang='lat' dir='ltr'><strong>communem</strong></span> <span class='ocrx_word' id='word_1_734' title='bbox 1703 4641 1770 4694; x_wconf 88' lang='lat' dir='ltr'><strong>ad</strong></span> <span class='ocrx_word' id='word_1_735' title='bbox 1810 4642 2005 4713; x_wconf 86' lang='lat' dir='ltr'><strong>hujus-</strong></span> 
     </span>
    </p>
   </div>
   <div class='ocr_carea' id='block_1_96' title="bbox 420 4727 2000 4801">
    <p class='ocr_par' dir='ltr' id='par_1_96' title="bbox 420 4727 2000 4801">
     <span class='ocr_line' id='line_1_96' title="bbox 420 4727 2000 4801; baseline 0.006 -21"><span class='ocrx_word' id='word_1_736' title='bbox 420 4727 568 4781; x_wconf 87' lang='lat' dir='ltr'><strong>modi</strong></span> <span class='ocrx_word' id='word_1_737' title='bbox 625 4727 942 4797; x_wconf 88' lang='lat' dir='ltr'><strong>nuptiarum</strong></span> <span class='ocrx_word' id='word_1_738' title='bbox 978 4727 1220 4783; x_wconf 88' lang='lat' dir='ltr'><strong>studium</strong></span> <span class='ocrx_word' id='word_1_739' title='bbox 1251 4743 1371 4783; x_wconf 88' lang='lat' dir='ltr'><strong>esse</strong></span> <span class='ocrx_word' id='word_1_740' title='bbox 1413 4730 1720 4785; x_wconf 86' lang='lat' dir='ltr'><strong>rationem:</strong></span> <span class='ocrx_word' id='word_1_741' title='bbox 1755 4733 1883 4801; x_wconf 89' lang='lat' dir='ltr'><strong>quia</strong></span> <span class='ocrx_word' id='word_1_742' title='bbox 1940 4743 2000 4790; x_wconf 89' lang='lat' dir='ltr'><strong>ut</strong></span> 
     </span>
    </p>
   </div>
   <div class='ocr_carea' id='block_1_97' title="bbox 2114 4562 3673 4647">
    <p class='ocr_par' dir='ltr' id='par_1_97' title="bbox 2114 4562 3673 4647">
     <span class='ocr_line' id='line_1_97' title="bbox 2114 4562 3673 4647; baseline 0.008 -31"><span class='ocrx_word' id='word_1_743' title='bbox 2114 4562 2169 4616; x_wconf 89' lang='grc' dir='ltr'><strong>τί</strong></span> <span class='ocrx_word' id='word_1_744' title='bbox 2194 4563 2293 4633; x_wconf 79' lang='grc' dir='ltr'><strong>μὲν</strong></span> <span class='ocrx_word' id='word_1_745' title='bbox 2317 4567 2346 4618; x_wconf 86' lang='lat'><strong>6</strong></span> <span class='ocrx_word' id='word_1_746' title='bbox 2368 4568 2734 4636; x_wconf 83' lang='grc' dir='ltr'><strong>πνευματικὸς</strong></span> <span class='ocrx_word' id='word_1_747' title='bbox 2755 4570 2932 4642; x_wconf 86' lang='grc' dir='ltr'><strong>γάμος</strong></span> <span class='ocrx_word' id='word_1_748' title='bbox 2964 4572 3102 4640; x_wconf 75' lang='grc' dir='ltr'><strong>ἐστὶ,</strong></span> <span class='ocrx_word' id='word_1_749' title='bbox 3132 4574 3226 4628; x_wconf 79' lang='grc' dir='ltr'><strong>καὶ</strong></span> <span class='ocrx_word' id='word_1_750' title='bbox 3252 4574 3391 4647; x_wconf 84' lang='grc' dir='ltr'><strong>πρὸς</strong></span> <span class='ocrx_word' id='word_1_751' title='bbox 3411 4575 3528 4629; x_wconf 84' lang='grc' dir='ltr'><strong>τίνα</strong></span> <span class='ocrx_word' id='word_1_752' title='bbox 3563 4568 3673 4642; x_wconf 85' lang='grc' dir='ltr'><strong>βλέ-</strong></span> 
     </span>
    </p>
   </div>
   <div class='ocr_carea' id='block_1_98' title="bbox 2111 4656 3675 4739">
    <p class='ocr_par' dir='ltr' id='par_1_98' title="bbox 2111 4656 3675 4739">
     <span class='ocr_line' id='line_1_98' title="bbox 2111 4656 3675 4739; baseline 0.011 -33"><span class='ocrx_word' id='word_1_753' title='bbox 2111 4671 2203 4708; x_wconf 89' lang='grc' dir='ltr'><strong>πει</strong></span> <span class='ocrx_word' id='word_1_754' title='bbox 2239 4656 2440 4709; x_wconf 81' lang='grc' dir='ltr'><strong>σκοπὺν</strong></span> <span class='ocrx_word' id='word_1_755' title='bbox 2464 4659 2493 4710; x_wconf 88' lang='lat'><strong>6</strong></span> <span class='ocrx_word' id='word_1_756' title='bbox 2516 4660 2754 4731; x_wconf 78' lang='grc' dir='ltr'><strong>καθαρός</strong></span> <span class='ocrx_word' id='word_1_757' title='bbox 2783 4677 2841 4714; x_wconf 90' lang='grc' dir='ltr'><strong>τε</strong></span> <span class='ocrx_word' id='word_1_758' title='bbox 2874 4663 2967 4716; x_wconf 82' lang='grc' dir='ltr'><strong>καὶ</strong></span> <span class='ocrx_word' id='word_1_759' title='bbox 2993 4664 3243 4736; x_wconf 81' lang='grc' dir='ltr'><strong>οὐράνιος</strong></span> <span class='ocrx_word' id='word_1_760' title='bbox 3264 4666 3427 4739; x_wconf 79' lang='grc' dir='ltr'><strong>ἔρως,</strong></span> <span class='ocrx_word' id='word_1_761' title='bbox 3451 4662 3675 4738; x_wconf 76' lang='grc' dir='ltr'><strong>μετρίως</strong></span> 
     </span>
    </p>
   </div>
   <div class='ocr_carea' id='block_1_99' title="bbox 2109 4746 3335 4823">
    <p class='ocr_par' dir='ltr' id='par_1_99' title="bbox 2109 4746 3335 4823">
     <span class='ocr_line' id='line_1_99' title="bbox 2109 4746 3335 4823; baseline 0.011 -25"><span class='ocrx_word' id='word_1_762' title='bbox 2109 4746 2240 4817; x_wconf 81' lang='grc' dir='ltr'><strong>ἡμῖν</strong></span> <span class='ocrx_word' id='word_1_763' title='bbox 2281 4748 2347 4801; x_wconf 86' lang='grc' dir='ltr'><strong>ὲκ</strong></span> <span class='ocrx_word' id='word_1_764' title='bbox 2384 4748 2490 4802; x_wconf 85' lang='grc' dir='ltr'><strong>τῶν</strong></span> <span class='ocrx_word' id='word_1_765' title='bbox 2528 4751 2837 4823; x_wconf 74' lang='grc' dir='ltr'><strong>εἰρημένων</strong></span> <span class='ocrx_word' id='word_1_766' title='bbox 2871 4755 3335 4811; x_wconf 85' lang='grc' dir='ltr'><strong>ἀνακεκάλυπται.</strong></span> 
     </span>
    </p>
   </div>
   <div class='ocr_carea' id='block_1_100' title="bbox 419 4821 2026 4919">
    <p class='ocr_par' dir='ltr' id='par_1_100' title="bbox 419 4821 2026 4903">
     <span class='ocr_line' id='line_1_100' title="bbox 419 4821 2026 4903; baseline 0.007 -26"><span class='ocrx_word' id='word_1_767' title='bbox 419 4830 503 4877; x_wconf 90' lang='lat' dir='ltr'><strong>est</strong></span> <span class='ocrx_word' id='word_1_768' title='bbox 532 4822 676 4894; x_wconf 87' lang='lat' dir='ltr'><strong>apud</strong></span> <span class='ocrx_word' id='word_1_769' title='bbox 712 4821 1034 4893; x_wconf 88' lang='lat' dir='ltr'><strong>Apostolum</strong></span> <span class='ocrx_word' id='word_1_770' title='bbox 1062 4821 1106 4854; x_wconf 85' lang='grc'><strong>¹⁸</strong></span> <span class='ocrx_word' id='word_1_771' title='bbox 1143 4839 1159 4881; x_wconf 83' lang='lat'><strong>;</strong></span> <span class='ocrx_word' id='word_1_772' title='bbox 1205 4840 1224 4874; x_wconf 80' lang='grc' dir='ltr'><strong>ι</strong></span> <span class='ocrx_word' id='word_1_773' title='bbox 1256 4821 1374 4877; x_wconf 85' lang='lat' dir='ltr'><strong>Non</strong></span> <span class='ocrx_word' id='word_1_774' title='bbox 1404 4830 1489 4877; x_wconf 86' lang='lat' dir='ltr'><strong>est</strong></span> <span class='ocrx_word' id='word_1_775' title='bbox 1521 4824 1796 4880; x_wconf 90' lang='lat' dir='ltr'><strong>masculus</strong></span> <span class='ocrx_word' id='word_1_776' title='bbox 1821 4866 1836 4891; x_wconf 91' lang='lat'><strong>,</strong></span> <span class='ocrx_word' id='word_1_777' title='bbox 1872 4846 2026 4903; x_wconf 67' lang='lat' dir='ltr'><strong>nequi</strong></span> 
     </span>
    </p>
   </div>
   <div class='ocr_carea' id='block_1_101' title="bbox 2127 4821 3671 4919">
    <p class='ocr_par' dir='ltr' id='par_1_101' title="bbox 2127 4821 3671 4919">
     <span class='ocr_line' id='line_1_101' title="bbox 2127 4821 3671 4919; baseline 0.006 -21"><span class='ocrx_word' id='word_1_778' title='bbox 2127 4840 2306 4906; x_wconf 70' lang='lat' dir='ltr'><strong>mina,</strong></span> <span class='ocrx_word' id='word_1_779' title='bbox 2342 4844 2437 4899; x_wconf 88' lang='lat' dir='ltr'><strong>sed</strong></span> <span class='ocrx_word' id='word_1_780' title='bbox 2472 4821 2662 4901; x_wconf 83' lang='lat' dir='ltr'><strong>omnes</strong></span> <span class='ocrx_word' id='word_1_781' title='bbox 2690 4855 2744 4902; x_wconf 89' lang='lat' dir='ltr'><strong>et</strong></span> <span class='ocrx_word' id='word_1_782' title='bbox 2778 4848 2832 4902; x_wconf 91' lang='lat' dir='ltr'><strong>in</strong></span> <span class='ocrx_word' id='word_1_783' title='bbox 2866 4849 3120 4905; x_wconf 88' lang='lat' dir='ltr'><strong>omnibus</strong></span> <span class='ocrx_word' id='word_1_784' title='bbox 3153 4848 3460 4919; x_wconf 68' lang='lat' dir='ltr'><strong>Christus,»</strong></span> <span class='ocrx_word' id='word_1_785' title='bbox 3492 4844 3671 4903; x_wconf 67' lang='lat' dir='ltr'><strong>merito</strong></span> 
     </span>
    </p>
   </div>
   <div class='ocr_carea' id='block_1_102' title="bbox 419 4913 2026 5012">
    <p class='ocr_par' dir='ltr' id='par_1_102' title="bbox 419 4913 2026 4992">
     <span class='ocr_line' id='line_1_102' title="bbox 419 4913 2026 4992; baseline 0.004 -25"><span class='ocrx_word' id='word_1_786' title='bbox 419 4913 513 4983; x_wconf 92' lang='lat' dir='ltr'><strong>qui</strong></span> <span class='ocrx_word' id='word_1_787' title='bbox 547 4915 832 4985; x_wconf 66' lang='lat' dir='ltr'><strong>sapientiae</strong></span> <span class='ocrx_word' id='word_1_788' title='bbox 857 4929 1043 4970; x_wconf 90' lang='lat' dir='ltr'><strong>amore</strong></span> <span class='ocrx_word' id='word_1_789' title='bbox 1077 4913 1316 4978; x_wconf 87' lang='lat' dir='ltr'><strong>ducitur,</strong></span> <span class='ocrx_word' id='word_1_790' title='bbox 1351 4913 1439 4967; x_wconf 87' lang='lat' dir='ltr'><strong>hic</strong></span> <span class='ocrx_word' id='word_1_791' title='bbox 1504 4913 1559 4967; x_wconf 91' lang='lat' dir='ltr'><strong>in</strong></span> <span class='ocrx_word' id='word_1_792' title='bbox 1615 4916 1765 4969; x_wconf 90' lang='lat' dir='ltr'><strong>omni</strong></span> <span class='ocrx_word' id='word_1_793' title='bbox 1825 4922 2026 4992; x_wconf 78' lang='lat' dir='ltr'><strong>cupidil</strong></span> 
     </span>
    </p>
   </div>
   <div class='ocr_carea' id='block_1_103' title="bbox 2127 4913 3669 5012">
    <p class='ocr_par' dir='ltr' id='par_1_103' title="bbox 2192 4913 3669 5012">
     <span class='ocr_line' id='line_1_103' title="bbox 2192 4913 3669 5012; baseline 0.006 -27"><span class='ocrx_word' id='word_1_794' title='bbox 2192 4935 2535 5003; x_wconf 89' lang='lat' dir='ltr'><strong>propositum</strong></span> <span class='ocrx_word' id='word_1_795' title='bbox 2585 4936 2689 4991; x_wconf 87' lang='lat' dir='ltr'><strong>sibi</strong></span> <span class='ocrx_word' id='word_1_796' title='bbox 2742 4937 2988 4994; x_wconf 88' lang='lat' dir='ltr'><strong>divinum</strong></span> <span class='ocrx_word' id='word_1_797' title='bbox 3064 4956 3287 5012; x_wconf 89' lang='lat' dir='ltr'><strong>sc0pum</strong></span> <span class='ocrx_word' id='word_1_798' title='bbox 3346 4913 3545 5007; x_wconf 85' lang='lat' dir='ltr'><strong>habet,</strong></span> <span class='ocrx_word' id='word_1_799' title='bbox 3583 4933 3669 5005; x_wconf 79' lang='lat' dir='ltr'><strong>qui</strong></span> 
     </span>
    </p>
   </div>
   <div class='ocr_carea' id='block_1_104' title="bbox 418 5007 3667 5106">
    <p class='ocr_par' dir='ltr' id='par_1_104' title="bbox 418 5007 3667 5106">
     <span class='ocr_line' id='line_1_104' title="bbox 418 5007 3667 5106; baseline 0.01 -47"><span class='ocrx_word' id='word_1_800' title='bbox 418 5021 548 5061; x_wconf 88' lang='lat' dir='ltr'><strong>vera</strong></span> <span class='ocrx_word' id='word_1_801' title='bbox 574 5009 843 5079; x_wconf 87' lang='lat' dir='ltr'><strong>sapientia</strong></span> <span class='ocrx_word' id='word_1_802' title='bbox 877 5017 982 5072; x_wconf 87' lang='lat' dir='ltr'><strong>est,</strong></span> <span class='ocrx_word' id='word_1_803' title='bbox 1019 5017 1180 5078; x_wconf 87' lang='lat' dir='ltr'><strong>atque</strong></span> <span class='ocrx_word' id='word_1_804' title='bbox 1211 5007 1427 5062; x_wconf 88' lang='lat' dir='ltr'><strong>aninms</strong></span> <span class='ocrx_word' id='word_1_805' title='bbox 1457 5007 1504 5106; x_wconf 79' lang='lat' dir='ltr'><strong>is</strong></span> <span class='ocrx_word' id='word_1_806' title='bbox 1565 5008 1658 5078; x_wconf 89' lang='lat' dir='ltr'><strong>qui</strong></span> <span class='ocrx_word' id='word_1_807' title='bbox 1700 5023 1823 5068; x_wconf 89' lang='lat' dir='ltr'><strong>cum</strong></span> <span class='ocrx_word' id='word_1_808' title='bbox 1891 5015 2209 5092; x_wconf 89' lang='lat' dir='ltr'><strong>incorrupto</strong></span> <span class='ocrx_word' id='word_1_809' title='bbox 2287 5040 2490 5095; x_wconf 87' lang='lat' dir='ltr'><strong>sponso</strong></span> <span class='ocrx_word' id='word_1_810' title='bbox 2537 5043 2659 5084; x_wconf 90' lang='lat' dir='ltr'><strong>sese</strong></span> <span class='ocrx_word' id='word_1_811' title='bbox 2726 5030 2944 5103; x_wconf 79' lang='lat' dir='ltr'><strong>jungit,</strong></span> <span class='ocrx_word' id='word_1_812' title='bbox 2994 5049 3137 5089; x_wconf 66' lang='lat' dir='ltr'><strong>verae</strong></span> <span class='ocrx_word' id='word_1_813' title='bbox 3161 5007 3179 5012; x_wconf 40' lang='lat'><strong><em>—</em></strong></span> <span class='ocrx_word' id='word_1_814' title='bbox 3203 5017 3521 5106; x_wconf 66' lang='lat' dir='ltr'><strong>sapientiae,</strong></span> <span class='ocrx_word' id='word_1_815' title='bbox 3555 5041 3667 5101; x_wconf 60' lang='lat' dir='ltr'><strong>qua!</strong></span> 
     </span>
    </p>
   </div>
   <div class='ocr_carea' id='block_1_105' title="bbox 419 5098 2739 5189">
    <p class='ocr_par' dir='ltr' id='par_1_105' title="bbox 419 5098 2739 5189">
     <span class='ocr_line' id='line_1_105' title="bbox 419 5098 2739 5189; baseline 0.01 -37"><span class='ocrx_word' id='word_1_816' title='bbox 419 5098 564 5154; x_wconf 87' lang='lat' dir='ltr'><strong>Deus</strong></span> <span class='ocrx_word' id='word_1_817' title='bbox 613 5110 719 5168; x_wconf 88' lang='lat' dir='ltr'><strong>est,</strong></span> <span class='ocrx_word' id='word_1_818' title='bbox 808 5117 997 5158; x_wconf 88' lang='lat' dir='ltr'><strong>amore</strong></span> <span class='ocrx_word' id='word_1_819' title='bbox 1045 5109 1281 5157; x_wconf 88' lang='lat' dir='ltr'><strong>tenetur.</strong></span> <span class='ocrx_word' id='word_1_820' title='bbox 1358 5099 1499 5166; x_wconf 85' lang='lat' dir='ltr'><strong>Quid</strong></span> <span class='ocrx_word' id='word_1_821' title='bbox 1561 5102 1632 5156; x_wconf 86' lang='lat' dir='ltr'><strong>sit</strong></span> <span class='ocrx_word' id='word_1_822' title='bbox 1688 5114 1866 5161; x_wconf 89' lang='lat' dir='ltr'><strong>autem</strong></span> <span class='ocrx_word' id='word_1_823' title='bbox 1945 5111 2230 5182; x_wconf 87' lang='lat' dir='ltr'><strong>spirituale</strong></span> <span class='ocrx_word' id='word_1_824' title='bbox 2292 5098 2739 5189; x_wconf 68' lang='lat' dir='ltr'><strong>matrimonium,</strong></span> 
     </span>
    </p>
   </div>
   <div class='ocr_carea' id='block_1_106' title="bbox 2837 5124 3666 5196">
    <p class='ocr_par' dir='ltr' id='par_1_106' title="bbox 2837 5124 3666 5196">
     <span class='ocr_line' id='line_1_106' title="bbox 2837 5124 3666 5196; baseline -0.004 -19"><span class='ocrx_word' id='word_1_825' title='bbox 2837 5139 3014 5193; x_wconf 89' lang='lat' dir='ltr'><strong>quove</strong></span> <span class='ocrx_word' id='word_1_826' title='bbox 3092 5141 3265 5196; x_wconf 88' lang='lat' dir='ltr'><strong>purus</strong></span> <span class='ocrx_word' id='word_1_827' title='bbox 3335 5124 3666 5192; x_wconf 72' lang='lat' dir='ltr'><strong>cwlestisque</strong></span> 
     </span>
    </p>
   </div>
   <div class='ocr_carea' id='block_1_107' title="bbox 421 5193 3055 5272">
    <p class='ocr_par' dir='ltr' id='par_1_107' title="bbox 421 5193 3055 5272">
     <span class='ocr_line' id='line_1_107' title="bbox 421 5193 3055 5272; baseline 0.008 -29"><span class='ocrx_word' id='word_1_828' title='bbox 421 5206 575 5246; x_wconf 84' lang='lat' dir='ltr'><strong>amor</strong></span> <span class='ocrx_word' id='word_1_829' title='bbox 603 5200 832 5262; x_wconf 86' lang='lat' dir='ltr'><strong>spectet,</strong></span> <span class='ocrx_word' id='word_1_830' title='bbox 869 5208 935 5249; x_wconf 82' lang='lat' dir='ltr'><strong>ex</strong></span> <span class='ocrx_word' id='word_1_831' title='bbox 970 5193 1039 5248; x_wconf 88' lang='lat' dir='ltr'><strong>iis</strong></span> <span class='ocrx_word' id='word_1_832' title='bbox 1087 5207 1221 5247; x_wconf 88' lang='lat' dir='ltr'><strong>sane</strong></span> <span class='ocrx_word' id='word_1_833' title='bbox 1250 5207 1373 5261; x_wconf 80' lang='lat' dir='ltr'><strong>quae</strong></span> <span class='ocrx_word' id='word_1_834' title='bbox 1422 5198 1997 5272; x_wconf 86' lang='lat' dir='ltr'><strong>commemoravimus,</strong></span> <span class='ocrx_word' id='word_1_835' title='bbox 2038 5205 2176 5263; x_wconf 88' lang='lat' dir='ltr'><strong>satis</strong></span> <span class='ocrx_word' id='word_1_836' title='bbox 2222 5215 2308 5265; x_wconf 90' lang='lat' dir='ltr'><strong>est</strong></span> <span class='ocrx_word' id='word_1_837' title='bbox 2343 5224 2373 5265; x_wconf 90' lang='lat' dir='ltr'><strong>a</strong></span> <span class='ocrx_word' id='word_1_838' title='bbox 2401 5212 2560 5267; x_wconf 86' lang='lat' dir='ltr'><strong>nobis</strong></span> <span class='ocrx_word' id='word_1_839' title='bbox 2596 5213 3055 5270; x_wconf 84' lang='lat' dir='ltr'><strong>demonstratum.</strong></span> 
     </span>
    </p>
   </div>
   <div class='ocr_carea' id='block_1_108' title="bbox 994 5284 1400 5341">
    <p class='ocr_par' dir='ltr' id='par_1_108' title="bbox 994 5284 1400 5341">
     <span class='ocr_line' id='line_1_108' title="bbox 994 5284 1400 5341; baseline 0 0"><span class='ocrx_word' id='word_1_840' title='bbox 994 5284 1226 5341; x_wconf 85' lang='lat' dir='ltr'><strong>CAPUT</strong></span> <span class='ocrx_word' id='word_1_841' title='bbox 1258 5284 1400 5341; x_wconf 84' lang='lat' dir='ltr'><strong>XXI.</strong></span> 
     </span>
    </p>
   </div>
   <div class='ocr_carea' id='block_1_109' title="bbox 420 5386 1997 5453">
    <p class='ocr_par' dir='ltr' id='par_1_109' title="bbox 420 5386 1997 5453">
     <span class='ocr_line' id='line_1_109' title="bbox 420 5386 1997 5453; baseline 0.011 -16"><span class='ocrx_word' id='word_1_842' title='bbox 420 5386 525 5451; x_wconf 76' lang='lat' dir='ltr'><strong>Qui</strong></span> <span class='ocrx_word' id='word_1_843' title='bbox 570 5401 874 5445; x_wconf 83' lang='lat' dir='ltr'><strong>accuratam</strong></span> <span class='ocrx_word' id='word_1_844' title='bbox 912 5391 1046 5445; x_wconf 81' lang='lat' dir='ltr'><strong>hanc</strong></span> <span class='ocrx_word' id='word_1_845' title='bbox 1087 5392 1291 5446; x_wconf 83' lang='lat' dir='ltr'><strong>vivendi</strong></span> <span class='ocrx_word' id='word_1_846' title='bbox 1319 5394 1581 5448; x_wconf 81' lang='lat' dir='ltr'><strong>rationem</strong></span> <span class='ocrx_word' id='word_1_847' title='bbox 1620 5402 1793 5449; x_wconf 81' lang='lat' dir='ltr'><strong>tenere</strong></span> <span class='ocrx_word' id='word_1_848' title='bbox 1836 5397 1997 5453; x_wconf 75' lang='lat' dir='ltr'><strong>insti-</strong></span> 
     </span>
    </p>
   </div>
   <div class='ocr_carea' id='block_1_110' title="bbox 487 5459 1996 5582">
    <p class='ocr_par' dir='ltr' id='par_1_110' title="bbox 487 5459 1996 5582">
     <span class='ocr_line' id='line_1_110' title="bbox 490 5459 1996 5535; baseline 0.007 -23"><span class='ocrx_word' id='word_1_849' title='bbox 490 5459 612 5520; x_wconf 82' lang='lat' dir='ltr'><strong>tuit,</strong></span> <span class='ocrx_word' id='word_1_850' title='bbox 668 5460 731 5511; x_wconf 88' lang='lat' dir='ltr'><strong>ab</strong></span> <span class='ocrx_word' id='word_1_851' title='bbox 765 5463 908 5514; x_wconf 85' lang='lat' dir='ltr'><strong>omni</strong></span> <span class='ocrx_word' id='word_1_852' title='bbox 950 5464 1183 5530; x_wconf 81' lang='lat' dir='ltr'><strong>corporis</strong></span> <span class='ocrx_word' id='word_1_853' title='bbox 1225 5462 1552 5532; x_wconf 83' lang='lat' dir='ltr'><strong>voluptatum</strong></span> <span class='ocrx_word' id='word_1_854' title='bbox 1595 5481 1777 5535; x_wconf 81' lang='lat' dir='ltr'><strong>genere</strong></span> <span class='ocrx_word' id='word_1_855' title='bbox 1816 5483 1870 5521; x_wconf 82' lang='lat' dir='ltr'><strong>se</strong></span> <span class='ocrx_word' id='word_1_856' title='bbox 1900 5468 1996 5522; x_wconf 86' lang='lat' dir='ltr'><strong>ab-</strong></span> 
     </span>
     <span class='ocr_line' id='line_1_111' title="bbox 487 5527 868 5582; baseline 0.008 -2"><span class='ocrx_word' id='word_1_857' title='bbox 487 5530 673 5580; x_wconf 79' lang='lat' dir='ltr'><strong>dicare</strong></span> <span class='ocrx_word' id='word_1_858' title='bbox 701 5527 868 5582; x_wconf 83' lang='lat' dir='ltr'><strong>debet.</strong></span> 
     </span>
    </p>
   </div>
   <div class='ocr_carea' id='block_1_111' title="bbox 481 5615 2074 5697">
    <p class='ocr_par' dir='ltr' id='par_1_111' title="bbox 481 5615 2074 5697">
     <span class='ocr_line' id='line_1_112' title="bbox 481 5615 2074 5697; baseline 0.011 -27"><span class='ocrx_word' id='word_1_859' title='bbox 481 5615 756 5685; x_wconf 79' lang='lat' dir='ltr'><strong>Quoniam</strong></span> <span class='ocrx_word' id='word_1_860' title='bbox 792 5632 928 5673; x_wconf 88' lang='lat' dir='ltr'><strong>sane</strong></span> <span class='ocrx_word' id='word_1_861' title='bbox 976 5619 1263 5678; x_wconf 83' lang='lat' dir='ltr'><strong>manilesto</strong></span> <span class='ocrx_word' id='word_1_862' title='bbox 1308 5631 1650 5697; x_wconf 89' lang='lat' dir='ltr'><strong>compertum</strong></span> <span class='ocrx_word' id='word_1_863' title='bbox 1701 5632 1808 5695; x_wconf 85' lang='lat' dir='ltr'><strong>est,</strong></span> <span class='ocrx_word' id='word_1_864' title='bbox 1862 5642 1975 5689; x_wconf 87' lang='lat' dir='ltr'><strong>non</strong></span> <span class='ocrx_word' id='word_1_865' title='bbox 2045 5681 2074 5689; x_wconf 29' lang='grc' dir='ltr'><strong>,θ</strong></span> 
     </span>
    </p>
   </div>
   <div class='ocr_carea' id='block_1_112' title="bbox 475 5732 1512 5811">
    <p class='ocr_par' dir='ltr' id='par_1_112' title="bbox 475 5732 1512 5811">
     <span class='ocr_line' id='line_1_113' title="bbox 475 5732 1512 5811; baseline 0.012 -26"><span class='ocrx_word' id='word_1_866' title='bbox 475 5735 522 5771; x_wconf 69' lang='grc' dir='ltr'><strong>θ’</strong></span> <span class='ocrx_word' id='word_1_867' title='bbox 558 5732 726 5786; x_wconf 84' lang='lat' dir='ltr'><strong>Prov.</strong></span> <span class='ocrx_word' id='word_1_868' title='bbox 764 5746 837 5797; x_wconf 82' lang='lat' dir='ltr'><strong>tv,</strong></span> <span class='ocrx_word' id='word_1_869' title='bbox 868 5733 923 5789; x_wconf 83' lang='lat'><em>6.</em></span> <span class='ocrx_word' id='word_1_870' title='bbox 1005 5732 1049 5764; x_wconf 80' lang='lat'>&quot;</span> <span class='ocrx_word' id='word_1_871' title='bbox 1076 5736 1286 5797; x_wconf 73' lang='lat' dir='ltr'><strong>Coloss.</strong></span> <span class='ocrx_word' id='word_1_872' title='bbox 1319 5758 1401 5811; x_wconf 89' lang='lat' dir='ltr'><strong>nt,</strong></span> <span class='ocrx_word' id='word_1_873' title='bbox 1423 5743 1512 5797; x_wconf 85' lang='lat' dir='ltr'><strong>li.</strong></span> 
     </span>
    </p>
   </div>
   <div class='ocr_carea' id='block_1_113' title="bbox 2095 5381 2234 5461">
    <p class='ocr_par' dir='ltr' id='par_1_113' title="bbox 2095 5381 2234 5461">
     <span class='ocr_line' id='line_1_114' title="bbox 2095 5381 2234 5461; baseline -0.007 0"><span class='ocrx_word' id='word_1_874' title='bbox 2095 5381 2234 5461; x_wconf 19' lang='lat' dir='ltr'><strong><em>.&quot;Oﬂ.</em></strong></span> 
     </span>
    </p>
   </div>
   <div class='ocr_carea' id='block_1_114' title="bbox 2681 5309 3099 5366">
    <p class='ocr_par' dir='ltr' id='par_1_114' title="bbox 2681 5309 3099 5366">
     <span class='ocr_line' id='line_1_115' title="bbox 2681 5309 3099 5366; baseline 0.01 -4"><span class='ocrx_word' id='word_1_875' title='bbox 2681 5309 2934 5364; x_wconf 85' lang='grc' dir='ltr'><strong>ΚΕΦΑΛ.</strong></span> <span class='ocrx_word' id='word_1_876' title='bbox 2974 5311 3099 5366; x_wconf 79' lang='lat' dir='ltr'><strong>KA&#39;.</strong></span> 
     </span>
    </p>
   </div>
   <div class='ocr_carea' id='block_1_115' title="bbox 2263 5404 3662 5531">
    <p class='ocr_par' dir='ltr' id='par_1_115' title="bbox 2263 5404 3662 5531">
     <span class='ocr_line' id='line_1_116' title="bbox 2263 5404 3662 5531; baseline 0.001 -66"><span class='ocrx_word' id='word_1_877' title='bbox 2263 5408 2379 5531; x_wconf 62' lang='grc' dir='ltr'><strong>ἔρὴ</strong></span> <span class='ocrx_word' id='word_1_878' title='bbox 2399 5410 2507 5464; x_wconf 80' lang='grc' dir='ltr'><strong>τὸν</strong></span> <span class='ocrx_word' id='word_1_879' title='bbox 2525 5410 2780 5491; x_wconf 57' lang='grc' dir='ltr'><strong>ἀκριὸξᾶκ</strong></span> <span class='ocrx_word' id='word_1_880' title='bbox 2800 5412 2912 5480; x_wconf 77' lang='grc' dir='ltr'><strong>ζῇν</strong></span> <span class='ocrx_word' id='word_1_881' title='bbox 2935 5417 3361 5493; x_wconf 50' lang='grc' dir='ltr'><strong>προελόμενον,</strong></span> <span class='ocrx_word' id='word_1_882' title='bbox 3380 5415 3525 5486; x_wconf 74' lang='grc' dir='ltr'><strong>πρὸς</strong></span> <span class='ocrx_word' id='word_1_883' title='bbox 3547 5404 3662 5466; x_wconf 70' lang='grc' dir='ltr'><strong>πᾶν</strong></span> 
     </span>
     <span class='ocr_line' id='line_1_117' title="bbox 2299 5482 3562 5531; baseline 0 0"><span class='ocrx_word' id='word_1_884' title='bbox 2299 5496 2359 5531; x_wconf 76' lang='grc' dir='ltr'><strong>ο(</strong></span> <span class='ocrx_word' id='word_1_885' title='bbox 2403 5496 2748 5531; x_wconf 71' lang='lat' dir='ltr'><strong>(nonattan</strong></span> <span class='ocrx_word' id='word_1_886' title='bbox 2774 5482 3003 5531; x_wconf 64' lang='grc' dir='ltr'><strong>’ἡδονίηρ</strong></span> <span class='ocrx_word' id='word_1_887' title='bbox 3031 5486 3360 5531; x_wconf 60' lang='grc' dir='ltr'><strong>ἠλλοτρίωτ-</strong></span> <span class='ocrx_word' id='word_1_888' title='bbox 3387 5488 3562 5531; x_wconf 56' lang='lat' dir='ltr'><strong>Ivem.</strong></span> 
     </span>
    </p>
   </div>
   <div class='ocr_carea' id='block_1_116' title="bbox 2208 5478 3562 5557">
    <p class='ocr_par' dir='ltr' id='par_1_116' title="bbox 2208 5478 3562 5557">
     <span class='ocr_line' id='line_1_118' title="bbox 2208 5478 3562 5557; baseline 0.002 -26"><span class='ocrx_word' id='word_1_889' title='bbox 2208 5478 2373 5546; x_wconf 75' lang='grc' dir='ltr'><strong>εἶδος</strong></span> <span class='ocrx_word' id='word_1_890' title='bbox 2403 5478 3003 5553; x_wconf 67' lang='grc' dir='ltr'><strong>σωματικῆςήδὸνῆξ</strong></span> <span class='ocrx_word' id='word_1_891' title='bbox 3031 5478 3360 5557; x_wconf 66' lang='grc' dir='ltr'><strong>ἀλλὸτριωξ</strong></span> <span class='ocrx_word' id='word_1_892' title='bbox 3386 5478 3562 5557; x_wconf 54' lang='lat' dir='ltr'><strong>(latr.</strong></span> 
     </span>
    </p>
   </div>
   <div class='ocr_carea' id='block_1_117' title="bbox 2166 5635 3652 5719">
    <p class='ocr_par' dir='ltr' id='par_1_117' title="bbox 2166 5635 3652 5719">
     <span class='ocr_line' id='line_1_119' title="bbox 2166 5635 3652 5719; baseline 0.008 -29"><span class='ocrx_word' id='word_1_893' title='bbox 2166 5636 2385 5709; x_wconf 81' lang='grc' dir='ltr'><strong>Ἐπειδὴ</strong></span> <span class='ocrx_word' id='word_1_894' title='bbox 2418 5637 2475 5693; x_wconf 80' lang='grc' dir='ltr'><strong>δὲ</strong></span> <span class='ocrx_word' id='word_1_895' title='bbox 2503 5638 2569 5710; x_wconf 79' lang='grc' dir='ltr'><strong>τῇ</strong></span> <span class='ocrx_word' id='word_1_896' title='bbox 2611 5639 2947 5719; x_wconf 78' lang='grc' dir='ltr'><strong>καθαρότητι</strong></span> <span class='ocrx_word' id='word_1_897' title='bbox 2984 5641 3079 5699; x_wconf 80' lang='grc' dir='ltr'><strong>τοῦ</strong></span> <span class='ocrx_word' id='word_1_898' title='bbox 3113 5642 3250 5701; x_wconf 82' lang='grc' dir='ltr'><strong>Θεοῦ</strong></span> <span class='ocrx_word' id='word_1_899' title='bbox 3292 5635 3652 5716; x_wconf 58' lang='grc' dir='ltr'><strong>προσεγγίσαι,</strong></span> 
     </span>
    </p>
   </div>
  </div>
