4026 6436
399 402 505 472 an
1635 410 1694 467 s.
1737 403 2062 465 GREGORII
2094 403 2388 460 NYSSEM
3594 395 3702 457 tos

401 548 584 591 rerum
619 535 896 600 sumium,
928 535 1204 606 quatenus
1229 541 1468 606 oportet,
1497 533 1616 604 ipse
1647 543 1863 590 sumet:
1889 529 1983 586 sed

2099 527 2360 598 ίαριστῶν
2392 524 2784 596 μεταλήψεται.
2852 522 2990 577 Ἀλλ’
3038 519 3226 592 ἐπειδὴ
3267 516 3472 572 πολλοὶ
3517 519 3614 571 ἐπὶ
3639 519 3700 572 τὸ

401 630 664 700 quoniam
688 628 936 699 plerique
957 629 1013 683 in
1044 628 1278 683 alterum
1311 625 1789 682 immoderationis
1819 637 1992 694 genus

2099 621 2282 691 ἕτερον
2314 613 2454 681 εἰδος
2490 615 2591 687 τῆς
2618 614 2888 686 ἀμετρίας
2932 612 3459 682 κατολισθήσαντες,
3488 610 3577 665 διὰ
3604 613 3701 682 τῆς

404 720 618 791 delapsi
650 721 988 788 inciderunt,
1019 721 1384 790 studiumque
1430 720 1485 776 in
1538 733 1625 784 eo,
1678 713 1828 788 quod
1884 715 1991 769 sibi

402 813 749 883 propositum
779 813 1005 879 habent,
1044 813 1150 884 ipsi
1183 814 1531 876 adhibentes,
1563 826 1630 867 ex
1661 808 1828 864 nimia
1853 822 1989 878 qua-

404 905 533 960 darn
568 905 854 976 diligentia
897 905 952 960 in
986 920 1076 961 res
1122 905 1434 962 contrarias
1483 912 1772 966 venerunt,
1828 911 1992 972 atque

405 996 516 1052 alio
545 996 769 1068 quidem
814 997 977 1053 modo
1005 1011 1035 1051 a
1088 997 1256 1053 rebus
1305 995 1628 1054 coelestibus
1681 1009 1745 1050 ac
1789 992 1992 1048 divinis

404 1091 652 1145 animum
683 1097 1056 1158 removentes,
1087 1091 1144 1145 in
1181 1088 1577 1158 occupationes
1598 1094 1654 1142 et
1692 1098 1858 1141 curas
1890 1084 1994 1138 hu-

406 1182 570 1237 miles
600 1181 949 1246 ceciderunt,
982 1195 1108 1236 cum
1142 1180 1219 1235 ita
1254 1179 1322 1234 ad
1368 1179 1562 1233 harum
1611 1191 1819 1239 rerum,
1871 1189 1995 1246 qua:

407 1288 693 1345 corporea:
727 1281 879 1338 sunt,
916 1272 1338 1328 observationes
1387 1278 1624 1326 mentem
1669 1267 1994 1338 adiecerint,

314 1433 322 1442 _
407 1372 469 1418 ut
495 1379 676 1434 neque
706 1362 1119 1427 cmlestiaillis,
1167 1377 1347 1433 neque
1399 1361 1586 1418 divina
1644 1359 1877 1415 liberum
1925 1358 1996 1412 sit

406 1454 594 1508 animo
644 1452 1033 1523 contemplari,
1089 1451 1188 1508 sed
1241 1453 1310 1506 ad
1342 1451 1448 1506 hoc
1494 1449 1744 1506 inclinati
1780 1448 1893 1505 sint
1935 1454 1996 1501 ut

405 1553 628 1594 carnem
660 1539 945 1610 exagitent
978 1548 1144 1611 atque
1191 1538 1480 1610 affligant:
1528 1539 1790 1609 praeclare
1847 1547 1998 1592 certe

408 1636 665 1700 ageretur
709 1630 878 1701 hujus
931 1631 1098 1687 etiam
1133 1630 1215 1686 rei
1261 1645 1452 1686 curam
1501 1629 1788 1694 adhibere,
1832 1634 1999 1699 atque

409 1725 557 1780 hanc
605 1733 898 1796 utramque
945 1725 1463 1780 immoderationem
1503 1723 1790 1794 aequaliter
1849 1721 1997 1778 refu-

408 1831 560 1886 gere,
597 1826 658 1872 ut
698 1831 879 1887 neque
932 1817 1185 1886 corporis
1225 1815 1498 1870 obesitate
1547 1822 1784 1870 mentem
1833 1813 1995 1881 quasi

2095 707 2539 782 ὑπερϐαλλούσης
2580 705 2885 778 ἀκριϐείας,
2933 703 3125 757 ἔλαθον
3172 701 3487 755 ὑπεναντία
3533 717 3701 754 σπου-

2093 803 2347 866 δάζοντες
2373 799 2450 870 τῷ
2475 799 2588 870 ἰδίῳ
2618 796 2826 868 σκοπῷ,
2841 797 2935 850 καὶ
2959 795 3102 865 ἀλλῳ
3122 795 3314 864 τρόπῳ
3333 792 3453 846 τῶν
3478 791 3701 862 ὑψηλῶν

2092 906 2153 944 τε
2179 890 2274 944 καὶ
2325 887 2614 959 θειοτέρων
2661 887 2762 958 τὴν
2793 885 2968 956 ψυχὴν
3001 884 3419 952 ἀποστήσαντες
3439 921 3456 948 ,
3500 882 3581 942 εἰς
3609 897 3703 932 τα-

2095 983 2289 1046 πεινὰς
2329 979 2616 1052 φροντίδας
2647 978 2740 1031 καὶ
2772 975 3028 1046 ἀσχολίας
3067 975 3413 1043 κατήγαγον,
3466 971 3608 1042 πρὸς
3635 969 3702 1023 τά

2097 1072 2387 1144 σωματικὰ
2411 1069 2858 1141 παρατηρήματα
2883 1066 2982 1136 τήν
3005 1065 3242 1118 διάνοιαν
3261 1061 3452 1116 αὑτῶν
3479 1060 3701 1115 κλίναν-

2096 1180 2217 1227 τες·
2270 1162 2345 1226 ὡς
2381 1161 2580 1233 μηκέτι
2614 1160 2799 1222 αὐτοῖς
2833 1159 2891 1211 ἐν
2931 1154 3216 1227 ἐλευθερίᾳ.
3249 1150 3700 1224 μετεωροπορείν

2094 1257 2186 1311 τὸν
2212 1255 2337 1310 νοῦν
2359 1295 2373 1320 ,
2422 1255 2517 1309 καὶ
2558 1254 2628 1308 τὰ
2675 1253 2788 1306 ἄνω
2817 1250 3059 1322 βλέπειν,
3108 1246 3222 1301 ἀλλ’
3273 1246 3375 1298 ἐπὶ
3403 1243 3468 1297 τὸ
3503 1242 3698 1297 πονοῦν

2097 1347 2192 1402 καὶ
2219 1345 2638 1417 ωντριϐόμενον
2663 1344 2764 1414 τῆς
2803 1341 3004 1412 σαρκὸς
3033 1334 3413 1392 ἐπικλίνεσθαι
3440 1350 3456 1366 ·
3519 1332 3699 1396 καλῶς

2097 1438 2165 1493 ἂν
2191 1437 2304 1509 ἔχοι
2333 1438 2427 1492 καὶ
2454 1437 2644 1491 τούτου
2669 1433 2944 1488 ποιεῖσθαι
2972 1431 3071 1501 τὴν
3101 1428 3456 1499 ἐπιμέλειαν,
3486 1423 3698 1487 καὶτὰς

2096 1531 2158 1596 ἐξ
2201 1530 2479 1602 ἑκατέρων
2527 1527 2852 1599 ἐπιμετρίας
2900 1516 3098 1594 ἐπίσης
3141 1516 3698 1592 παραφυλάττεσθαι,

2101 1625 2238 1697 μήτε
2289 1623 2377 1676 διά
2444 1621 2822 1692 πολυσαρκίας
2881 1613 3340 1686 καταχωννύντας
3398 1611 3496 1665 τὸν
3553 1608 3698 1670 νοῦν,

2102 1715 2224 1787 μηδ’
2254 1711 2322 1768 αὖ
2364 1713 2527 1768 πάλιν
2561 1713 2682 1774 ταῖς
2716 1708 3061 1769 ἐπεισάκτοις
3096 1701 3413 1766 ἀσθενείαις
3458 1697 3700 1768 ἐξίτηλον

2100 1807 2262 1861 αὑτὸν
2289 1805 2383 1859 καὶ
2404 1804 2656 1858 ταπεινὸν
2686 1803 2883 1864 ποιεῖν,
2907 1798 3001 1852 καὶ
3027 1813 3093 1850 πε
3103 1796 3156 1867 pi.
3181 1796 3311 1857 τοὺς
3348 1787 3700 1861 σωματικοὺς

408 1906 705 1977 aggeribus
749 1908 1220 1977 circumsepiant,
1273 1921 1453 1977 neque
1499 1921 1699 1962 rursus
1753 1904 1994 1961 inductis

2113 1901 2310 1962 πόνους
2341 1895 2710 1968 ήσχολημένον
2738 1910 2752 1924 ο
2801 1889 3112 1963 μεμνῆσθαι
3149 1886 3207 1939 δέ
3232 1882 3332 1938 τοῦ
3360 1879 3533 1977 σοφοῦ
3563 1893 3702 1977 amp-

407 1997 880 2055 imbecillitatibus
915 2005 1137 2053 tenuem
1173 1997 1322 2052 illam
1357 2005 1412 2052 et
1443 1998 1702 2052 humilem
1730 1997 1991 2064 ciliciant,

407 2095 463 2142 et
490 2087 559 2141 ad
593 2089 844 2159 corporis
868 2088 1088 2144 labores
1119 2101 1354 2159 prorsus
1397 2089 1649 2144 inutilem
1677 2132 1692 2156 ,
1729 2091 1994 2146 memine-

408 2178 638 2249 rintque
667 2179 802 2234 illud
830 2189 1167 2250 pmceptum
1199 2179 1469 2250 sapientis
1504 2180 1630 2244 viri,
1673 2181 1768 2250 qui
1816 2181 1996 2250 prohi-

408 2270 523 2336 bet,
563 2277 624 2324 ut
656 2285 727 2326 ne
768 2271 896 2341 quis
941 2270 1009 2324 ad
1050 2269 1354 2335 dexteram,
1399 2286 1576 2340 neque
1605 2270 1675 2324 ad
1709 2271 1992 2326 sinistram

410 2360 668 2417 declinet.
700 2362 900 2417 Audivi
931 2361 1187 2432 equidem
1211 2361 1486 2419 medicum
1513 2364 1828 2433 quempiam
1857 2362 1996 2418 artis

409 2465 525 2506 suae
555 2459 830 2522 praecepta
875 2450 1240 2508 disserentem
1276 2452 1484 2518 dicere,
1520 2467 1723 2524 corpus
1746 2462 1995 2510 nostrum

411 2554 656 2614 quatuor
709 2558 823 2598 non
875 2542 1122 2612 ejusdem
1162 2547 1382 2614 generis
1421 2546 1746 2610 elementis,
1782 2544 1878 2600 sed
1913 2546 1998 2600 di-

408 2649 570 2689 verse
598 2635 741 2690 inter
764 2649 825 2690 se
853 2634 1068 2690 affectis
1102 2643 1426 2691 concretum
1450 2651 1578 2692 esse
1603 2679 1619 2704 ,
1645 2637 1997 2707 calidumque

409 2725 610 2796 frigido
645 2726 865 2781 misceri
904 2741 969 2781 ac
1002 2728 1296 2797 temperari
1321 2762 1339 2794 ,-
1385 2727 1736 2798 humidaaque
1787 2736 1998 2782 natura:

409 2820 864 2888 temperationem
899 2820 1196 2890 quamdam
1224 2835 1294 2876 ex
1315 2820 1471 2874 arida
1507 2819 1764 2890 siccaque
1799 2828 1998 2890 praeter

411 2913 724 2982 opinionem
752 2909 890 2976 ﬁeri,
921 2911 1207 2983 mediaque
1229 2912 1463 2983 quadam
1485 2927 1832 2982 rerum,quae
1864 2927 1998 2967 con-

409 3005 654 3069 veniunt,
699 3006 1023 3074 cognatione
1055 3006 1298 3059 adhibita
1336 3020 1461 3060 cum
1513 3006 2000 3062 contrariiscohaz-

406 3113 554 3154 rere.
581 3098 761 3167 Atque
789 3097 974 3152 subtili
1001 3096 1318 3167 huiusmodi
1344 3106 1463 3152 arte
1510 3097 1623 3162 ille,
1667 3099 1760 3167 qui
1793 3099 1847 3152 in
1895 3097 1999 3152 hoc

410 3189 736 3260 indaganda:
758 3201 970 3244 natura:
989 3189 1174 3244 studio
1193 3195 1468 3253 versatur,
1484 3190 1752 3244 rationem
1777 3190 2001 3244 demon-

409 3292 572 3348 strat,
602 3282 792 3351 aitque
824 3281 1042 3351 singula
1077 3281 1194 3334 haec
1225 3279 1294 3334 ab
1321 3279 1599 3351 Oppositis
1637 3279 1992 3343 naturaliter,

408 3375 565 3445 quasi
603 3373 787 3428 medio
829 3373 1141 3443 interiecto,
1187 3372 1488 3442 disiuncta,
1540 3369 1775 3443 quadam
1812 3371 1998 3442 quali-

407 3475 585 3521 tatum
665 3466 1102 3536 propinquarum
1161 3463 1434 3520 affinitate
1493 3479 1618 3517 cum
1695 3463 1996 3519 contrariis

407 3559 724 3614 convenire.
754 3558 891 3613 Cum
923 3557 1070 3612 enim
1099 3556 1274 3628 frigus
1301 3564 1356 3611 et
1375 3557 1528 3612 calor
1554 3557 1844 3627 aequaliter
1867 3571 1994 3611 cum

406 3652 637 3706 humore
677 3650 1038 3720 siccitateque
1078 3649 1416 3717 cohaareant,
1459 3664 1765 3722 rursusque
1799 3649 1997 3704 humor

407 3753 466 3797 et
498 3742 728 3798 ariditas
755 3742 952 3812 atquali
992 3743 1198 3798 caloris
1235 3751 1292 3798 et
1321 3737 1548 3813 frigoris
1595 3743 1996 3812 temperatione

302 3825 304 3827 ί
407 3838 859 3902 componantur:
903 3832 1020 3887 haec
1063 3833 1391 3901 qualitatum
1442 3833 1634 3888 eadem
1681 3831 1993 3902 aequalitas,

406 3938 532 3995 qua:
555 3923 611 3976 in
647 3920 949 3977 contrariis
971 3929 1220 3992 apparet,
1262 3937 1448 3977 rerum
1495 3922 1641 3977 inter
1681 3938 1741 3976 se
1768 3931 1997 3976 contra-

405 4017 615 4072 riarum
655 4012 1094 4069 convenientiam
1143 4029 1239 4084 per
1275 4028 1336 4068 se
1384 4013 1574 4083 gignit.
1627 4011 1734 4068 Sed
1755 4014 1886 4084 quid
1924 4016 1994 4069 ad

404 4125 493 4164 me
528 4108 749 4180 singula
778 4107 1076 4178 diligenter
1115 4107 1394 4176 explicare
1428 4108 1644 4179 attinet,
1678 4119 1732 4166 et
1763 4125 1993 4181 quomo-

402 4200 476 4255 do
514 4200 631 4256 hmc
669 4200 740 4256 ob
770 4206 982 4254 natura:
1028 4201 1454 4271 repugnantiam
1500 4201 1735 4258 invicem
1771 4201 1992 4272 disiun-

402 4301 626 4362 gantur,
656 4300 714 4348 ct
739 4307 936 4347 rursus
968 4290 1038 4346 ob
1071 4293 1409 4362 qualitatum
1444 4295 1832 4364 cognationem
1868 4309 1994 4349 mu-

403 4389 501 4436 tuo
533 4388 835 4450 temperata
857 4380 1316 4450 coniungantur?
1351 4380 1556 4436 Verum
1587 4397 1709 4438 eam
1753 4381 1826 4438 ob
1863 4397 1992 4438 cau-

411 4488 529 4528 sam
568 4488 670 4528 nos
703 4471 771 4526 de
793 4473 884 4536 iis,
909 4488 1030 4542 quae
1051 4473 1317 4535 diximus,
1361 4475 1695 4530 mentionem
1733 4474 1988 4541 fecimus,

2101 1991 2465 2061 αγγέλματος,
2503 1987 2598 2041 τοῦ
2629 1986 2825 2057 ἐπίσης
2861 1979 3227 2053 ἀπειρηκότος
3270 1978 3377 2048 τήν
3411 1990 3475 2029 τε
3513 1973 3608 2026 ἐπὶ
3633 1971 3700 2025 τὰ

2100 2082 2252 2150 δεξιά
2279 2081 2374 2135 καί
2407 2081 2478 2134 τά
2511 2077 2732 2132 ἐναντία
2762 2073 3146 2145 παρατροπήν.
3189 2067 3450 2123 Ἤκουσα
3473 2065 3531 2118 δέ
3559 2079 3700 2126 τινος

2105 2171 2350 2246 ἰατρικοῦ
2374 2172 2442 2226 τά
2475 2173 2539 2224 ἐκ
2565 2170 2662 2240 τῆς
2701 2168 2898 2240 τέχνης
2930 2163 3242 2229 διεξιόντος,
3273 2163 3361 2216 ὅτι
3403 2161 3472 2213 ἐκ
3500 2156 3696 2211 τεσσά-

2103 2284 2212 2340 ρων
2242 2267 2375 2336 ήμῖν
2402 2264 2500 2333 οὑχ
2533 2259 2796 2332 ὁμοειδῶν
2828 2259 3128 2329 στοιχείων,
3157 2253 3274 2310 ἀλλ’
3295 2249 3564 2312 ἐναντίως
3587 2263 3699 2299 κει-

2107 2359 2306 2428 μένων,
2331 2356 2392 2410 τὸ
2425 2355 2587 2426 σῶμα
2624 2351 2922 2423 συνέστηκε
2948 2366 2962 2380 ο
3015 2349 3218 2420 θερμόν
3271 2363 3335 2400 τε
3367 2344 3469 2399 καὶ
3493 2340 3696 2413 ψυχρὸν

2106 2448 2512 2521 συγκεκρᾶσθαι
2533 2464 2546 2476 ο
2573 2446 2666 2500 καὶ
2695 2444 2864 2515 ὑγροῦ
2896 2442 3033 2514 πρὸς
3061 2440 3223 2513 ξηρὸν
3249 2436 3398 2493 εἶναι
3426 2436 3530 2507 τὴν
3555 2432 3696 2505 μίξιν

2103 2541 2446 2612 παράλογον,
2494 2539 2562 2609 τῇ
2593 2536 2684 2590 διὰ
2723 2534 2889 2607 μέσου
2925 2533 3036 2586 τῶν
3070 2528 3354 2600 συζυγιῶν
3403 2524 3696 2592 οἰκειότητι

2104 2633 2242 2707 πρὸς
2270 2633 2338 2704 τά
2365 2631 2586 2686 ἐναντία
2608 2627 3055 2698 συναπτομένων.
3084 2623 3196 2678 Καί
3219 2639 3333 2676 τινι
3361 2613 3696 2687 λεπτουργίᾳ

2102 2724 2329 2796 τοιαύτῃ
2359 2723 2448 2776 τὸν
2494 2720 2651 2789 λόγον
2687 2716 3023 2788 φυσιολογῶν
3065 2711 3398 2768 ἀπεδείκνυε
3424 2747 3441 2775 ,
3474 2707 3692 2777 φάσκων

2105 2818 2335 2872 ἑκάστου
2365 2814 2569 2869 τούτων
2602 2815 2668 2866 ἐκ
2708 2812 3002 2881 διαμέτρου
3040 2807 3179 2878 πρὸς
3220 2805 3287 2858 τὸ
3315 2800 3692 2872 ἀντικείμενον

2105 2903 2358 2976 ἀφεστὼς
2383 2907 2450 2976 τῇ
2487 2902 2646 2973 φύσει
2672 2901 2762 2954 διὰ
2786 2900 2887 2970 τῆς
2924 2895 3249 2967 συγγενείας
3279 2892 3392 2946 τῶν
3423 2902 3690 2976 παρακειῖ

2109 2997 2285 3069 μένων
2317 2997 2615 3066 ποιοτήτων
2658 2995 2771 3057 τοῖς
2822 2990 3090 3052 ἐναντίοις
3136 2983 3536 3040 συνάπτεσθαι.
3587 2973 3690 3032 Τοῦ

2105 3091 2214 3162 γὰρ
2245 3086 2456 3159 ψυχροῦ
2490 3087 2586 3140 xui.
2623 3083 2716 3138 τοῦ
2747 3081 2950 3154 θερμοῦ
2993 3081 3135 3134 κατά
3173 3078 3234 3132 τὸ
3270 3077 3388 3132 ἴσον
3423 3074 3608 3145 ὑγροῖς
3633 3083 3689 3121 τε

2107 3183 2204 3237 καὶ
2230 3181 2414 3253 ξηροῖς
2437 3177 2825 3249 ἐγγινομένων,
2849 3174 2945 3230 καὶ
2971 3173 3032 3227 τὸ
3055 3170 3290 3242 ἔμπαλιν
3324 3168 3420 3223 τοῦ
3451 3163 3614 3237 ὑγροῦ
3634 3176 3690 3213 τε

2106 3275 2202 3330 καὶ
2232 3273 2400 3345 ξηροῦ
2450 3275 2509 3326 ἐν
2553 3270 2666 3335 τοῖς
2708 3269 2931 3340 θερμοῖς
2980 3283 3041 3319 τε
3074 3266 3170 3319 καὶ
3212 3263 3448 3335 ψυχροῖς
3497 3255 3688 3328 ὁμοίως

2105 3366 2550 3437 συνισταμένωνο
2610 3365 2643 3435 ἡ
2697 3362 2807 3418 τῶν
2853 3360 3156 3431 ποιοτήτων
3182 3356 3460 3425 ταυτότης
3501 3349 3688 3431 ἐπίσης

2103 3461 2218 3524 τοῖς
2261 3459 2524 3522 ἐναντίοις
2558 3455 2954 3527 ἐμφαινομένη,
2981 3451 3047 3505 δι’
3077 3443 3279 3519 ἐαυτῆς
3308 3448 3454 3502 ποιεῖ
3476 3442 3582 3496 τῶν
3601 3439 3688 3493 ἀν·

2099 3552 2424 3623 τικειμένων
2449 3550 2547 3622 τὴν
2571 3549 2806 3603 σύνοδον.
2845 3547 3007 3600 Ἀλλά
3033 3545 3086 3598 τί
3111 3561 3200 3616 μοι
3227 3543 3299 3596 τὰ
3310 3539 3434 3596 καθ’
3469 3538 3686 3623 ἕκαστον

2099 3647 2170 3701 δι’
2202 3644 2488 3718 ἀκριϐείας
2512 3642 2736 3708 ἐξιέναι,
2762 3641 2912 3703 ὅπως
2949 3636 3124 3691 ταῦτα
3151 3633 3246 3689 καὶ
3288 3633 3558 3703 τέτμηται
3595 3622 3684 3678 ἀπ’

2101 3739 2348 3810 ἀλλήλων
2371 3739 2440 3807 τῇ
2465 3732 2779 3790 ἐναντιώσει
2805 3733 2905 3803 τῆς
2925 3730 3160 3802 φύσεως,
3183 3728 3280 3782 καί⁵
3301 3726 3466 3780 πάλιν
3486 3721 3682 3820 ἥνωται

2099 3831 2168 3900 τῇ
2205 3825 2494 3896 συγγενείᾳ
2516 3823 2628 3878 τῶν
2665 3823 2968 3892 ποιοτήτων
2999 3817 3255 3890 ἀλλήλοις
3290 3817 3680 3881 συνανακιρνα-

2104 3935 2285 3990 μενα;
2321 3916 2467 3988 Πλὴν
2503 3907 2565 3968 οῦ
2598 3915 2759 3987 χάριν
2795 3914 2903 3967 τῶν
2941 3909 3252 3983 εἰρημένων
3292 3903 3676 3978 ἐμνήσθημεν,

2099 4015 2182 4068 ὅτι
2215 4010 2601 4066 συνεϐούλευεν
2621 4011 2650 4063 ό
2675 4009 2774 4078 τὴν
2788 4005 2885 4061 τοῦ
2918 4004 3168 4075 σώματος
3191 4000 3358 4071 φύσιν
3389 3999 3456 4069 τῇ
3487 3991 3678 4063 θεωρίᾳ

2098 4103 2274 4177 ταύτῃ
2304 4103 2649 4173 κατανοήσας
2678 4101 2950 4173 προνοεῖν,
2978 4098 3054 4162 ὼς
3083 4089 3194 4150 οἶόν
3228 4112 3310 4160 τε,
3342 4093 3442 4165 τῆς
3473 4092 3684 4177 ἰσοκραέ

2097 4174 2388 4261 τείαςῃτῶν
2412 4195 2718 4267 ποιοτήτων
2741 4207 2756 4224 ⁸
2803 4194 2861 4246 ἐν
2898 4191 3076 4261 τούτῳ
3106 4189 3216 4260 γὰρ
3242 4183 3386 4241 εἶναι
3420 4182 3482 4236 τὸ
3506 4174 3676 4247 ὑγιαίο

2099 4307 2231 4354 νειν,
2263 4290 2320 4342 ἐν
2355 4287 2434 4358 τῷ
2470 4283 2634 4359 μηδὲν
2662 4284 2770 4340 ὑπὸ
2797 4281 2893 4338 τοῦ
2927 4281 3119 4352 ἐτέρου
3150 4280 3259 4333 τῶν
3286 4280 3345 4332 ἐν
3375 4277 3506 4348 ήμίν
3530 4269 3676 4359 δυνα-

2101 4377 2410 4434 στεύεσθαι.
2459 4375 2668 4430 Οὐκοῦν
2713 4371 3074 4445 ἐπιμελητέον
3119 4371 3253 4440 ἡμῖν
3285 4368 3387 4438 τῆς
3430 4356 3675 4424 τοιαύτης

2097 4470 2488 4532 καταστάσεως
2521 4467 2656 4537 πρὸς
2701 4465 2798 4537 τὴν
2825 4465 2921 4536 τῆς
2949 4463 3137 4532 ὑγείας
3188 4455 3484 4531 διαμονὴν,
3527 4449 3674 4537 εἴπερ

411 4564 702 4636 quoniam,
726 4565 818 4634 qui
845 4565 928 4620 his
949 4566 1116 4621 rebus
1145 4565 1549 4623 animadversis
1594 4569 1850 4636 corporis
1893 4583 1991 4622 na—

2099 4580 2151 4616 τι
2175 4562 2373 4632 ἀληθὲς
2407 4533 2588 4614 αὑτῶν
2621 4560 2648 4612 ό
2679 4533 2839 4626 λόγος
2875 4533 2988 4627 ἐχει
3010 4594 3026 4619 ,
3079 4552 3268 4656 μηδενὶ
3306 4549 3461 4622 μέρει
3482 4539 3592 4656 ἐτῶν
3613 4533 3674 4640 ξε

405 4664 587 4709 turam
621 4661 1026 4710 conunentatus
1070 4665 1176 4722 est,
1204 4656 1295 4710 hic
1316 4657 1530 4709 monuit
1568 4658 1832 4726 arqualem
1871 4673 1991 4713 eam

405 4748 734 4820 qualitatum
759 4749 1060 4818 potentiam
1081 4748 1229 4802 omni
1253 4747 1467 4801 ratione
1491 4749 1672 4802 Curari
1703 4758 1956 4818 oportere
1973 4791 1988 4816 ,

405 4840 534 4910 quia
565 4838 623 4892 in
649 4838 754 4892 hoc
789 4838 893 4893 sita
925 4845 1008 4892 est
1031 4838 1174 4891 bona
1199 4837 1477 4902 valetudo,
1525 4847 1585 4890 ut
1610 4838 1746 4891 nihil
1778 4854 1992 4903 eorum,

407 4933 601 5003 quzcin
632 4931 792 4986 nobis
821 4931 1033 4995 insunt,
1078 4930 1148 4983 ab
1186 4930 1310 4984 aliis
1347 4941 1656 5000 superetur.
1693 4931 1865 5002 igitur
1892 4949 1994 4988 nos

407 5024 722 5094 hujusmodi
762 5023 1018 5093 corporis
1067 5021 1543 5087 constitutionem,
1589 5024 1636 5079 si
1689 5025 1817 5094 quid
1880 5025 1994 5080 veri

406 5131 599 5171 earum
629 5131 814 5172 rerum
846 5117 1302 5171 commemoratio
1325 5117 1511 5181 habet,
1536 5116 1603 5170 ad
1629 5117 1992 5172 valetudinem

407 5215 675 5278 perpetuo
715 5211 975 5265 tuendam
1005 5224 1203 5266 curare
1247 5210 1530 5273 debemus,
1582 5218 1639 5262 ut
1671 5210 1740 5264 ad
1787 5212 1993 5264 nullam

411 5307 622 5368 partem
657 5315 869 5366 eorum,
901 5318 966 5357 ex
1004 5304 1204 5374 quibus
1237 5303 1510 5373 compacti
1552 5319 1766 5368 sumus,
1818 5320 1996 5374 neque

408 5388 640 5440 nimium
673 5405 849 5459 neque
886 5408 1084 5461 parum
1127 5409 1194 5448 ex
1238 5394 1496 5463 inmquali
1544 5396 1725 5450 vietus
1782 5394 1996 5449 ratione

409 5475 698 5528 addamus.
742 5479 812 5534 Ut
841 5484 987 5537 enim
1015 5484 1252 5539 vehiculi
1287 5496 1470 5540 rector
1497 5487 1541 5539 si
1574 5486 1714 5540 forte
1749 5486 1988 5553 equulos

408 5578 521 5616 non
550 5570 957 5624 consentientes
991 5575 1406 5644 coneordesque
1438 5577 1597 5646 regit,
1646 5591 1824 5645 neque
1853 5577 1996 5631 cclcc

407 5663 526 5701 rem
558 5649 878 5712 verberibus
907 5660 1120 5725 incitat,
1151 5677 1329 5733 neque
1366 5665 1582 5719 tardum
1621 5665 1851 5719 habenis
1910 5682 1995 5721 rc-

406 5734 612 5832 if"i“‘_i"
644 5752 819 5811 neque
848 5763 1044 5802 rursus
1077 5768 1416 5820 perversum,
1457 5757 1781 5812 offrenatum
1819 5769 1873 5812 et
1919 5759 1998 5812 iu-

405 5825 671 5881 domilum
704 5838 822 5897 suis
848 5841 1006 5897 illum
1027 5841 1438 5906 incitationibus
1465 5850 1516 5904 in
1543 5848 1752 5907 ordinis
1773 5860 1990 5918 pertur-

2095 4649 2172 4709 ὦν
2195 4654 2608 4723 συνεστήκαμεν
2645 4650 2678 4721 ἢ
2713 4645 3054 4719 πλεονασμὸν
3090 4639 3123 4718 ἢ
3152 4645 3446 4699 ἐλάττωσιν
3479 4637 3542 4689 ἐκ
3581 4629 3672 4723 τῆς

2096 4747 2240 4801 κατά
2265 4745 2362 4817 τὴν
2394 4722 2607 4799 δίαιταν
2641 4742 2958 4814 ἀνωμαλίας
2992 4741 3290 4810 ἐπάγοντες
3315 4753 3330 4767 ·
3363 4734 3547 4799 ὥσπερ
3571 4722 3669 4794 γὰρ

2095 4845 2123 4898 ὁ
2147 4842 2238 4896 τοῦ
2273 4841 2519 4912 ἅρματος
2545 4837 2864 4907 ἐπιστάτης,
2911 4836 2960 4887 εἰ
2987 4833 3062 4904 μὴ
3101 4827 3530 4902 συμφωνούντων
3549 4819 3660 4912 km:

2097 4932 2318 5004 στατοίη
2355 4931 2466 4984 τῶν
2495 4929 2725 4993 πώλων,
2771 4927 2898 4981 οὔτε
2943 4925 3033 4980 τὸν
3067 4924 3194 4990 ὀξὺν
3244 4916 3564 4986 ἐπισπέρχει

2099 5023 2343 5094 μάστιγι,
2375 5018 2502 5074 οὔτε
2526 5020 2616 5072 τὸν
2675 5018 2877 5088 βραδὺν
2905 5015 3136 5084 κατάγει
3166 5014 3285 5076 ταῖς
3327 5008 3522 5080 ήνίαιςο
3563 5008 3648 5094 οὑξ)

2097 5090 2168 5171 αὖ
2197 5114 2360 5169 πάλιν
2387 5114 2480 5169 τὸν
2508 5103 2950 5183 ἐνδιάστροφονῆ
2978 5102 3232 5178 δυσήνιον
3259 5106 3444 5160 ἄνετον
3468 5097 3531 5167 ἐᾷ
3555 5090 3664 5183 ταῖς

2095 5207 2322 5270 οἰκείαις
2375 5207 2578 5279 ὁρμαῖς
2620 5204 2701 5268 εἰς
2731 5179 2968 5268 ’ἀταξίαν
3011 5197 3374 5269 ἐκφέρεσθαι,
3421 5184 3552 5245 ἀλλὰ
3581 5179 3663 5233 τὸν

2100 5301 2198 5372 μὲν
2223 5297 2472 5364 εὐθύνει,
2520 5299 2612 5353 τὸν
2640 5297 2698 5352 δέ
2726 5296 3057 5355 ἀνακόπτει,
3089 5293 3218 5356 τοὺς
3256 5290 3313 5344 δέ
3343 5278 3660 5372 καθικνεῖτίιι

2095 5364 2185 5446 διὰ
2216 5391 2320 5464 τῆς
2351 5394 2636 5464 μάστιγος,
2686 5389 2791 5453 ἓως
2823 5388 2952 5459 μίαν
2990 5387 3102 5449 τοῖς
3136 5387 3272 5438 πᾶσι
3300 5380 3395 5454 τήν
3423 5373 3552 5446 πρὸς
3575 5364 3658 5464 τδγ

2095 5483 2302 5558 δρόμον
2350 5486 2659 5557 σύμπνοιαν
2689 5481 2998 5553 ἐμποιήσῃ·
3049 5478 3140 5532 τὸν
3169 5476 3330 5530 αὑτὸν
3354 5453 3659 5558 τρόπον-καὶ

2096 5579 2124 5630 ὁ
2157 5577 2425 5649 ἡμέτερος
2463 5576 2588 5639 νοῦς
2635 5576 2664 5627 ὁ
2695 5572 2792 5636 τὰς
2842 5571 2935 5624 τοῦ
2972 5569 3224 5639 σώματος
3253 5565 3406 5639 ήνίας
3434 5556 3512 5625 ἐφ’
3543 5552 3655 5603 tau-

2097 5667 2188 5722 τὸν
2213 5666 2371 5737 ἔχων,
2404 5665 2526 5720 οὑτε
2558 5664 2906 5728 πλεονάζοντι
2940 5661 3018 5731 τῷ
3045 5659 3234 5733 θερμῴ
3261 5654 3399 5712 κατὰ
3433 5649 3520 5701 τὸν
3543 5655 3647 5737 ξαι-

2101 5759 2194 5829 {in
2345 5759 2595 5828 νεότητος
2630 5757 2729 5818 τὰς
2761 5756 2856 5826 τῆς
2889 5753 3185 5825 πυρώσεως
3215 5745 3515 5823 προσθήκας
3546 5733 3650 5830 tm:

2098 5852 2314 5923 νοήσει,
2366 5848 2487 5905 οὗτε
2529 5846 2928 5920 κατεψυγμένη)
2957 5843 3045 5901 διὰ
3087 5841 3323 5914 πάθοςῆ
3371 5830 3653 5909 “dvas,”
