4026 6454
303 382 408 439 405

1629 388 1717 445 DE
1747 386 2216 446 VIRGINITATE.

3503 392 3611 451 406

304 496 545 569 ψύχοντα
573 500 672 555 καὶ
698 502 771 557 τὰ
803 504 1140 576 μαραίνοντα
1170 507 1455 563 πλεονάσει
1477 516 1491 540 ⁶
1550 509 1647 563 καὶ
1683 508 1909 563 ἐπὶτῶν

2029 511 2289 566 lationem
2321 508 2501 565 σπειτί
2531 511 2687 579 sinit,
2740 509 2837 566 sed
2873 510 3033 577 hunc
3077 509 3291 580 dirigit,
3325 509 3481 564 illum
3516 518 3609 565 re-

308 588 510 645 λοιπῶν
558 592 869 663 ποιοτήτων
915 597 1116 667 ὁμοίως
1156 599 1257 670 τῆς
1302 599 1527 671 Γραφῆς
1572 598 1870 654 ἀκούσεται
1895 614 1909 628 ·

317 681 437 734 Ἵνα
465 682 605 752 μήτε
624 684 655 736 6
671 683 736 737 τὸ
769 684 903 741 πολῦ
936 687 1226 762 πλεονάσῃ,
1254 690 1392 761 μήτε
1420 691 1449 743 6
1472 687 1533 743 τὸ
1552 688 1735 758 ὀλίγον
1752 689 1912 744 ἐλατ-

306 772 512 845 ravim]
533 790 548 804 ·
597 774 737 829 ἀλλὰ
769 776 832 830 τὸ
858 778 918 830 ἐν
963 779 1213 852 ἐκατέρῳ
1245 780 1485 851 ἄμετρον
1532 780 1906 853 περικόπτων,

304 864 409 934 τῆς
432 864 527 919 τοῦ
554 866 832 933 ἐνδέοντος
858 868 1176 943 προσθήκης
1219 872 1635 944 ἐπιμελήσεται,
1672 872 1768 926 καὶ
1811 872 1908 924 ἐπ-

308 955 437 1026 ίσης
460 956 562 1028 τὴν
587 960 674 1029 ἐφ’
698 960 939 1033 ἑκάτερα
959 963 1054 1016 τοῦ
1078 962 1328 1035 σώματος
1358 963 1660 1036 ἀχρηστίαν
1676 961 1907 1033 φυλάξε-

304 1065 403 1103 ται
427 1066 442 1080 ·
472 1050 612 1121 μήτε
639 1051 709 1104 δι’
745 1052 1195 1126 ὑπερϐαλλούσης
1221 1054 1518 1119 εὐπαθείας
1546 1055 1784 1110 ἄτακτον
1814 1054 1912 1109 καὶ

305 1140 565 1211 δυσήνιον
609 1143 712 1214 τὴν
766 1144 945 1216 σάρκα
997 1145 1191 1201 ἑαυτοῦ
1247 1148 1605 1220 ἐπασκήσας,
1654 1148 1794 1218 μήτε
1821 1145 1912 1201 διά

304 1231 411 1299 τῆς
444 1232 691 1307 ἀμέτρου
721 1237 1090 1303 κακοπαθείας
1120 1238 1331 1310 νοσώδη
1362 1240 1457 1294 καὶ
1481 1238 1786 1310 λελυμένην
1815 1236 1912 1291 καὶ

307 1322 508 1380 ἄτονον
536 1329 679 1399 πρὸς
722 1329 823 1401 τὴν
864 1332 1170 1401 ἀναγκαίαν
1204 1332 1510 1405 ὑπηρεσίαν
1557 1331 1915 1405 παρασκευά-

312 1432 418 1480 σας
440 1434 456 1448 ·
514 1413 672 1484 οἶκτος
724 1422 754 1474 6
797 1423 1134 1490 τελειότατος
1175 1428 1275 1496 τῆς
1314 1425 1641 1497 ἐγκρατείας
1687 1425 1909 1492 σκοπὸς,

309 1507 436 1578 οὐκὶ
482 1510 618 1581 πρὸς
658 1513 758 1583 τὴν
797 1513 892 1567 τοῦ
943 1513 1195 1586 σώματος
1246 1515 1464 1587 βλέπειν
1506 1514 1907 1578 κακοπάθειαν,

310 1599 455 1653 ἁλλὰ
480 1601 618 1673 πρὸς
645 1604 746 1676 τὴν
775 1604 882 1659 τῶν
907 1605 1160 1677 ψυχικῶν
1183 1606 1604 1679 διακονημάτων
1634 1605 1910 1662 εὐκολίαν.

2018 604 2217 667 frenat,
2243 609 2299 658 et
2337 603 2502 657 alium
2534 602 2749 673 ﬂagello
2774 602 3031 673 impellit,
3057 602 3244 674 quoad
3289 617 3454 658 unam
3486 616 3607 656 om-

2015 690 2180 745 nibus
2209 688 2276 743 ad
2313 688 2646 743 currendum
2683 688 3154 759 conspirationem
3183 686 3469 743 effecerit:
3507 701 3627 741 θοι»

2012 780 2138 835 dem
2164 779 2328 834 modo
2359 794 2516 834 mens
2547 784 2758 844 nostra,
2796 795 2920 852 quae
2949 780 3223 851 corporis
3248 779 3499 835 habenas
3547 777 3605 834 in
3620 806 3645 819 ~-

2012 886 2074 927 se
2115 871 2301 934 habet,
2325 886 2432 925 non
2464 871 2607 940 ignis
2626 872 3001 927 additamenta
3027 871 3359 942 excogitabit
3390 870 3627 934 ardori,

2012 963 2106 1034 qui
2138 962 2321 1017 adulta
2357 972 2518 1018 aetate
2550 963 2929 1019 vehementior
2963 979 3096 1020 sane
3119 973 3223 1027 est,
3247 976 3412 1033 quam
3445 977 3608 1032 θρον-
3718 1004 3726 1011 ι

2014 1063 2132 1112 tet:
2164 1071 2344 1126 neque
2373 1056 2519 1127 quod
2553 1065 2648 1111 aut
2686 1062 2953 1127 t’enrpore,
2998 1064 3093 1110 aut
3128 1054 3325 1111 affectu
3378 1053 3608 1109 refrixe-

2012 1148 2107 1214 rit,
2147 1148 2323 1218 magis
2369 1164 2433 1203 ea
2486 1149 2771 1215 accendet;
2821 1148 3193 1219 quae-‘lttigida
3239 1156 3295 1202 et
3333 1148 3610 1202 exstincta

2016 1248 2188 1297 sunt:
2238 1243 2484 1311 atquein
2535 1243 2775 1312 reliquis
2805 1241 3029 1311 quidem
3086 1241 3450 1310 qualitatibus
3488 1239 3607 1310 pari

2015 1331 2233 1385 ratione
2270 1329 2322 1384 id
2380 1330 2586 1395 audiet,
2638 1332 2794 1402 quod’
2836 1330 3041 1386 divinis
3087 1330 3286 1386 litteris
3318 1332 3607 1401 scriptum

2017 1428 2143 1474 est:
2173 1418 2253 1475 Ne
2286 1420 2380 1491 qui
2412 1420 2666 1487 multum,
2706 1422 2947 1477 abundet
2975 1439 2992 1490 ;
3030 1422 3131 1491 qui
3171 1437 3386 1491 parum,
3423 1422 3643 1477 “tinus-

2020 1509 2257 1565 haheat:
2304 1511 2401 1567 sed
2449 1510 2598 1581 quod
2631 1512 2687 1566 in
2738 1521 2974 1581 utroque
3027 1512 3451 1567 immoderatum
3500 1517 3625 1577 est,

2017 1609 2343 1671 amputans,
2399 1617 2602 1674 augere
2652 1603 2706 1658 id
2750 1604 3006 1669 curabit,
3056 1604 3113 1659 in
3151 1620 3262 1674 quo
3294 1604 3453 1660 deest
3496 1623 3511 1660 :
3557 1613 3615 1659 et

313 1698 577 1765 Corporis
624 1699 1127 1757 incommoditatem
1176 1702 1463 1773 aequaliter
1515 1702 1572 1758 in
1621 1711 1856 1772 utroque
1911 1698 2163 1761 cavebit,
2215 1712 2282 1752 ne
2319 1698 2403 1752 vel
2442 1713 2553 1769 prae
2599 1698 2936 1753 abundantia
2981 1699 3301 1755 deliciarum
3358 1699 3435 1754 ita
3490 1712 3617 1769 per-

314 1793 544 1848 turbata
594 1795 667 1851 sit
713 1811 864 1865 caro,
912 1805 972 1852 ut
1019 1798 1132 1869 regi
1185 1814 1294 1854 non
1337 1799 1534 1870 possit,
1570 1799 1655 1855 vel
1707 1813 1818 1869 pne
1866 1795 2221 1851 immoderata
2262 1792 2612 1849 alllictatione
2640 1795 2782 1850 male
2807 1792 3027 1861 allecto,
3064 1795 3246 1851 tenuis
3277 1802 3333 1850 et.
3368 1795 3437 1849 ad
3476 1799 3649 1852 ususﬁ

316 1887 445 1940 vita:
489 1889 836 1945 necessarios
870 1889 1086 1945 inﬁrma
1118 1891 1384 1947 eﬂiciatnr
1414 1911 1428 1948 :
1459 1893 1562 1947 hac
1602 1890 1813 1946 ratione
1854 1889 1988 1943 illud
2025 1886 2487 1958 perfectissimum
2513 1894 2598 1942 est
2624 1887 2981 1943 continentia
3005 1889 3370 1960 propositum,
3411 1895 3471 1943 ut
3501 1903 3613 1945 non

318 1984 391 2038 ad
425 1984 683 2054 corporis
717 1985 1150 2052 atilictationem,
1174 1988 1270 2044 sed
1300 1988 1369 2044 ad
1397 1988 1716 2044 commodas
1741 1985 1912 2042 animi
1952 1983 2271 2040 [unctiones
2301 1989 2532 2054 spectet.

907 2101 1162 2156 ΚΕΦΑΛ.
1203 2102 1334 2161 ΚΡ.

319 2209 454 2285 Ὀτι
478 2204 731 2285 ’ὁμοίως
753 2211 1133 2268 ἐναντιοῦται
1181 2213 1257 2283 τῇ
1295 2213 1470 2285 ψυχῇ
1503 2215 1653 2285 πρὸς
1688 2214 1801 2283 τὴν
1826 2228 1918 2268 τε·

386 2281 663 2405 ἐεέᾶῗὲν,
695 2281 736 2351 ἡ
772 2300 835 2337 τε
861 2281 1249 2355 πολυσαρκίά
1267 2281 1365 2340 καὶ
1388 2281 1715 2356 ’ἦῦμὲτρος
1740 2281 1918 2340 κακοε-

389 2440 475 2494 Τὰ
507 2441 568 2494 δὲ
603 2440 726 2495 καθ’
754 2442 1003 2514 ἕκαστον,
1045 2445 1194 2510 ὅπως
1219 2463 1281 2500 τε
1303 2446 1412 2520 χρὴ
1447 2444 1710 2519 βιοτεύειν
1740 2445 1831 2500 τὸν
1858 2445 1917 2499 ἐν

316 2531 618 2605 φιλοσοφίᾳ
653 2533 826 2607 ταύτῃ
874 2535 974 2609 ζῇν
1005 2537 1390 2609 προελόμενον,
1430 2539 1527 2593 καὶ
1562 2538 1684 2592 τίνα
1713 2537 1916 2607 φυλάτ-

316 2624 534 2686 τεσθαι,
562 2624 655 2680 καὶ
690 2627 836 2681 τίσιν
878 2628 1309 2701 ἐπιτηδεύμασιν
1344 2629 1537 2683 ἀσκεῖν
1573 2628 1787 2693 ἐαυτὸν,
1820 2633 1917 2698 ἐγ-

320 2717 588 2785 κρατείας
623 2717 824 2791 μέτρα,
860 2723 954 2774 καὶ
1001 2721 1284 2791 διαγωγῆς
1330 2721 1554 2793 τρόπον,
1594 2721 1689 2774 καὶ
1739 2720 1920 2774 πάντα

318 2806 415 2859 τὸν
450 2806 813 2863 ἐπιϐάλλοντα
847 2809 928 2881 τῷ
953 2811 1182 2883 τοιούτῳ
1217 2811 1406 2883 σκοπῷ
1447 2811 1582 2882 βίον,
1630 2811 1739 2882 ὅτῳ
1766 2810 1919 2879 φίλον

318 2894 387 2948 δι’
408 2896 699 2965 ἀκριϐείας
734 2898 948 2970 μαθεῖν,
981 2900 1088 2954 εἰσὶ
1120 2900 1220 2970 μὲν
1240 2902 1335 2954 καὶ
1368 2902 1635 2974 ἔγγραφοι
1660 2901 1916 2955 διδασκα-

323 2988 438 3041 λίαι
462 2989 637 3044 ταῦτα
664 2991 1049 3046 διδάσκουσαι·
1102 2994 1467 3066 ἐνεργεστέρα
1497 2994 1553 3048 δὲ
1591 2995 1689 3065 τῆς
1721 2996 1785 3047 ἐκ
1810 2992 1920 3048 τῶν

324 3082 503 3150 λόγων
528 3082 756 3154 διδαχῆς
778 3085 813 3156 ἠ
840 3083 930 3139 διὰ
957 3084 1067 3138 τῶν
1096 3084 1273 3157 ἔργων
1301 3087 1452 3140 ἐστιν
1494 3086 1789 3158 ὑφήγησις·
1823 3086 1918 3139 καὶ

321 3171 554 3242 οὐδεμία
580 3172 845 3245 πρόσεστι
890 3174 1147 3229 δυσκολία
1166 3176 1247 3248 τῷ
1270 3177 1678 3248 προστάγματι,
1704 3178 1780 3241 ὡς
1809 3178 1923 3231 δεῖν

322 3264 359 3335 ἦ
386 3265 610 3335 μακρὰν
629 3265 1014 3339 ὁδοιπορίαν,ἢ
1037 3268 1316 3324 ναυτιλίαν
1334 3269 1534 3341 πολλὴν
1558 3269 1920 3335 ὑποστάντας,

324 3357 610 3425 ἐπιτυχεῖν
639 3356 736 3410 τοῦ
767 3358 1141 3423 παιδεύοντοςο
1184 3360 1300 3415 ἀλλ’
1331 3360 1497 3430 ἐγγύς
1532 3378 1627 3414 σου
1660 3360 1721 3412 τὸ
1747 3361 1920 3431 ῥῆμα,

2593 2097 2826 2156 CAPUT
2863 2094 3059 2155 XXIII.
3094 2137 3098 2141 ς

2025 2216 2109 2271 Ad
2135 2218 2303 2273 animi
2334 2217 2717 2289 perfectionem!
2750 2224 2877 2289 tam‘
2901 2210 3140 2289 ἰητρεύει¹
3160 2211 3401 2280 corporis
3435 2210 3609 2268 obesi-
3640 2244 3645 2248 ι

2312 2282 2610 2360 ιὶιε,ἰ]ιιαηι
2638 2286 2912 2357 aﬂlictatio
2938 2282 3317 2349 immoderata.

2096 2446 2200 2515 Qui
2254 2462 2386 2504 vero
2436 2446 2796 2518 philosophiae
2844 2445 3064 2503 deditus
3115 2453 3238 2508 est,
3271 2457 3436 2514 quem
3488 2441 3617 2498 vitae

2028 2554 2253 2594 cursum
2284 2539 2338 2592 in
2368 2539 2601 2610 singulis
2624 2538 2790 2594 rebus
2814 2546 3003 2593 tenere
3033 2542 3453 2605 eumoporteat,
3480 2532 3615 2588 etin

2028 2631 2230 2700 quibus
2259 2630 2492 2693 versari,
2539 2638 2594 2685 et
2636 2643 2761 2700 quae
2807 2641 3026 2696 cavere,
3071 2636 3127 2682 et
3160 2627 3229 2681 ad
3273 2640 3396 2696 quae
3434 2624 3618 2681 studia

2028 2723 2273 2777 animum
2322 2722 2653 2792 adjungere,
2701 2735 2893 2792 quaeve
2946 2720 3018 2775 sit
3050 2717 3407 2773 continentiae
3452 2717 3615 2781 ratio,

2030 2813 2124 2884 qui
2167 2812 2477 2883 disciplinae
2521 2811 2740 2877 modus,
2791 2810 2886 2881 qui
2947 2810 3187 2879 denique
3229 2811 3356 2862 vitae
3415 2820 3616 2862 cursus

2028 2906 2230 2969 omnis,
2262 2905 2354 2975 qui
2384 2908 2451 2959 ad
2494 2905 2596 2959 hoc
2621 2904 2967 2977 propositum
3013 2907 3258 2973 spectat,
3305 2899 3619 2971 cuicunque

2029 3007 2246 3069 gratum
2276 3005 2361 3052 est
2385 2996 2676 3066 diligenter
2699 3009 3058 3066 cognoscere,
3092 2999 3364 3065 praecepta
3393 2991 3618 3062 quidem

2030 3091 2204 3144 multa
2257 3090 2455 3145 litteris
2507 3089 2827 3160 consignata
2877 3094 3029 3150 sunt,
3089 3085 3292 3157 quibus
3340 3084 3458 3140 bac
3499 3083 3645 3154 ipsa~

2031 3180 2324 3236 traduntur
2355 3199 2369 3236 :
2406 3179 2501 3236 sed
2531 3180 2801 3234 minorem
2833 3178 2945 3234 vim
2978 3176 3147 3232 habet
3188 3175 3281 3230 illa
3320 3181 3621 3246 praecepto-

2030 3289 2152 3329 rum
2204 3271 2519 3342 explicatio,
2570 3286 2696 3341 quae
2734 3270 2922 3327 verbis
2974 3269 3201 3341 potius,
3245 3283 3412 3340 quam
3458 3267 3624 3327 factis

2031 3367 2462 3429 demonstratur,
2491 3365 2754 3435 nullaque
2783 3362 2864 3419 rei
2901 3360 3197 3418 diﬂicultas
3229 3361 3394 3425 inest,
3440 3366 3502 3415 ut
3524 3370 3622 3415 aut

324 3449 498 3520 φησιν
524 3451 554 3502 6
600 3449 923 3515 Ἀπόστολος
946 3469 961 3483 ·
997 3452 1106 3506 ἀπὸ
1146 3455 1248 3524 τῆς
1278 3453 1465 3517 ἐστίας
1508 3454 1542 3523 ἡ
1590 3452 1784 3524 χάρις’
1838 3453 1921 3505 ἐν-

2032 3461 2390 3532 longinquum
2438 3459 2580 3524 iter,
2632 3463 2727 3510 aut
2777 3455 3007 3509 multam
3063 3452 3471 3523 navigationem
3517 3466 3653 3508 nos-

325 3539 508 3594 ταῦθα
534 3540 600 3594 τὸ
617 3540 729 3596 τῶν
754 3542 976 3611 ἀγαθῶν
1004 3544 1393 3616 ἐργαστήριον,
1434 3545 1492 3598 ἐν
1528 3537 1573 3612 ᾧ
1603 3544 1663 3596 τὸ
1688 3544 1926 3615 ἀκρότα-

326 3649 424 3687 τον
450 3634 551 3705 si};
572 3635 861 3706 ἀκριϐείας
885 3638 916 3690 ὁ
940 3637 1181 3698 τοιοῦτος
1206 3637 1319 3708 βίος
1345 3635 1555 3710 προῖὼν
1585 3635 1928 3707 ἐκκεκαθαρ-

326 3743 425 3780 ται
446 3742 463 3757 ⁸
495 3727 591 3780 καὶ
611 3726 779 3799 πολλή
802 3729 951 3782 ἐστιν
971 3728 1191 3793 ἐξουσία
1211 3731 1306 3784 καὶ
1333 3727 1665 3783 σιωπώντων
1691 3728 1927 3783 ἐνταῦθα

328 3817 433 3873 καὶ
459 3817 847 3890 φθεγγομένων
870 3819 972 3891 τὴν
1000 3818 1253 3891 οὐράνιον
1290 3820 1494 3891 ταύτην
1527 3820 1803 3874 πολιτείαν
1841 3818 1928 3873 διὰ

326 3910 444 3965 τῶν
487 3910 668 3982 ἔργων
709 3910 1060 3966 διδάσκεσθαι
1080 3926 1095 3943 ο
1148 3912 1274 3965 ἐπεὶ⁸
1318 3913 1414 3966 καὶ
1464 3913 1573 3977 πᾶς
1605 3911 1765 3981 λόγος
1802 3911 1928 3982 δίχα

337 4002 452 4058 τῶν
490 4003 669 4076 ἔργων
703 4002 1081 4075 θεωρούμενος
1098 4042 1113 4068 ,
1145 4004 1252 4059 κᾶν
1277 4005 1361 4058 ὄτι
1388 4004 1624 4076 μάλιστα
1648 4004 1930 4060 κεκαλλω-

334 4099 606 4170 πισμένος
634 4098 795 4171 τύχῃ,
843 4099 1014 4154 εικόνι
1045 4098 1223 4153 ἔοικεν
1247 4099 1462 4172 ἀψύχῳ,
1504 4102 1562 4154 ἐν
1604 4100 1806 4171 βαφαῖς
1833 4101 1930 4154 καὶ

333 4192 626 4264 χρώμασιν
672 4191 872 4264 εὐανθῆ
910 4209 1034 4247 τινα
1078 4195 1405 4265 χαρακτῆρα
1451 4193 1884 4267 προδεικνυούσῃ
1909 4211 1922 4226 ο

332 4289 366 4340 6
393 4286 452 4338 δὲ
478 4285 647 4338 ποιῶν
681 4285 778 4339 καὶ
798 4284 1092 4350 διδάσκων,
1141 4284 1325 4348 καθώς
1350 4284 1455 4338 πού
1486 4302 1619 4355 φησι
1652 4285 1714 4337 τὸ
1746 4285 1931 4355 Εὐαγ-

330 4384 542 4454 γέλιον,
559 4377 712 4448 οὗτος
729 4381 945 4453 ἀληθῶς
968 4381 1079 4446 ζῶν
1104 4384 1254 4438 ἐστιν
1280 4382 1591 4456 ἄνθρωπος,
1608 4383 1705 4436 καὶ
1729 4380 1930 4454 ὡραῖος

330 4475 420 4547 τῷ
445 4476 665 4541 κάλλει,
722 4474 820 4528 καὶ
865 4472 1125 4544 ἐνεργὸς,
1168 4476 1266 4531 καὶ
1318 4475 1658 4546 κινούμενος.
1717 4473 1930 4529 Οὐκοῦν

328 4567 518 4639 τούτῳ
559 4570 988 4642 προσφοιτητέον
1038 4570 1157 4624 ἐστὶ
1199 4566 1296 4623 τὸν
1350 4566 1614 4639 μέλλοντα
1658 4564 1803 4620 κατὰ
1837 4565 1930 4621 τδν

335 4659 572 4732 ἐροῦντα
610 4662 768 4733 λόγον
810 4662 914 4735 τῆς
949 4659 1251 4734 παρθενίας
1273 4657 1599 4724 ἀνθέξεσθαι
1629 4673 1644 4688 ·
1677 4657 1929 4732 καθάπερ

330 4753 449 4824 γάρ
481 4755 512 4808 6
535 4756 718 4829 φωνὴν
758 4755 948 4821 ἔθνους
980 4753 1126 4819 τινὸς
1146 4752 1420 4824 ἐκμαθεῖν
1453 4751 1928 4824 προθυμούμενος,

331 4845 439 4900 οὐκ
477 4845 625 4900 ἔστιν
668 4843 951 4922 αὒτάρκης
984 4844 1166 4918 ἐαυτῷ
1210 4843 1528 4908 διδάσκαλος
1547 4884 1563 4911 ,
1611 4844 1748 4898 ἀλλὰ
1779 4844 1932 4918 παρά

336 4933 449 4988 τῶν
478 4935 857 5007 ἐπισταμένων
903 4933 1242 5000 παιδεύεται,
1271 4931 1369 4986 καὶ
1402 4929 1549 4985 οὕτω
1575 4928 1788 5000 γίνεται
1817 4933 1932 4994 τοῖς

336 5026 740 5095 ἀλλογλώσσοις
776 5028 1081 5101 ὁμόφωνος.
1132 5025 1324 5090 Οὕτως
1365 5018 1521 5095 οἴμαι
1553 5022 1649 5076 καὶ
1680 5020 1775 5077 τοῦ
1808 5022 1928 5094 βίον

340 5120 534 5173 τούτου
558 5121 789 5192 μὴκατὰ
802 5122 904 5194 τὴν
921 5117 1245 5177 ἀκολουθίαν
1264 5115 1547 5191 προϊόντος
1568 5114 1667 5187 τῆς
1692 5114 1929 5186 φύσεως,

339 5211 462 5265 ἀλλ’
501 5212 917 5285 ἀπεξενωμένου
955 5217 1022 5287 τῇ
1053 5210 1335 5282 καινότητι
1376 5208 1480 5280 τῆς
1514 5209 1815 5280 διαγωγῆς,
1852 5206 1930 5282 μὴ

343 5302 521 5368 ἄλλως
544 5304 665 5359 τινὰ
697 5302 890 5376 μαθεῖν
921 5305 1021 5378 τὴν
1065 5302 1377 5378 ἀκρίϐειαν,
1407 5300 1441 5373 ἥ
1478 5299 1632 5372 παρὰ
1663 5299 1757 5354 τοῦ
1801 5316 1935 5354 κατ-

339 5396 666 5469 ωρθωκότος
694 5397 1037 5470 χειραγωγού
1045 5412 1205 5469 μενον
1224 5411 1241 5428 ·
1270 5394 1369 5450 καὶ
1395 5393 1466 5448 τὰ
1493 5392 1630 5448 ἄλλα
1659 5392 1718 5447 δὲ
1751 5391 1936 5449 πάντα

340 5493 446 5545 ὅσα
483 5491 625 5545 κατά
659 5490 751 5547 τδν
786 5490 899 5562 βίον
931 5491 1346 5563 ἐπιτηδεύομεν,
1394 5486 1598 5561 μᾶλλον
1649 5486 1932 5560 κατορθω-

336 5582 469 5653 θείη
498 5581 578 5653 τῷ
622 5582 890 5654 μετιόντι,
938 5585 987 5637 εί
1021 5582 1174 5655 παρά
1197 5580 1541 5645 διδασκάλοις
1584 5595 1671 5642 τις
1699 5578 1931 5635 ἐκάστου

342 5675 455 5729 τῶν
505 5674 953 5749 σπουδαζομένων
994 5673 1229 5748 ἐκμάθοι
1279 5673 1379 5747 τὴν
1425 5671 1766 5744 ἐπιστήμην,
1816 5672 1929 5746 ﬂet

416 5851 471 5887 ¹⁵
500 5850 663 5910 Rom.
692 5868 747 5920 ς,
783 5852 835 5909 8.
916 5850 959 5885 ³⁸
987 5848 1184 5909 Matth.
1234 5863 1288 5920 v,
1333 5849 1419 5907 ιθ.

2029 3552 2217 3608 subire
2254 3553 2529 3619 oporteat,
2579 3553 2642 3600 ut
2689 3551 3079 3615 praeceptorem
3123 3541 3403 3612 bujusque
3448 3539 3623 3596 disci-

2028 3643 2191 3713 plinae
2225 3639 2547 3711 magistrum
2578 3649 2963 3706 assequamur,
2996 3632 3091 3690 sed
3115 3647 3283 3703 prope
3306 3638 3361 3687 te
3392 3630 3651 3692 verbum—

2028 3742 2134 3797 est,
2161 3733 2342 3803 inquit
2371 3730 2669 3802 Apostolus
2692 3727 2759 3793 ",
2784 3735 2841 3783 et
2884 3727 2940 3782 in
2969 3724 3226 3797 praesenti
3272 3722 3473 3796 gratia.
3507 3720 3653 3777 Hoe-

2031 3824 2152 3880 loco
2182 3825 2446 3879 virtutum
2477 3819 2702 3876 ofﬁcina
2733 3827 2837 3886 est,
2870 3818 2929 3873 ia
2976 3831 3086 3888 qua
3137 3813 3458 3886 huiusmodi
3507 3813 3651 3868 vita.-

2031 3914 2099 3971 ad
2146 3930 2416 3972 summam
2493 3912 2789 3985 quamdam
2858 3910 3232 3982 integritatem
3284 3920 3577 3979 progressa
3604 3944 3651 3971 ,μ

2029 4007 2288 4064 sordibus
2318 4013 2551 4078 purgata
2581 4013 2685 4061 est.
2723 4003 2895 4059 Multa
2921 4005 3085 4059 etiam
3119 4001 3223 4058 hoc
3247 3999 3369 4056 loco
3398 4012 3521 4056 enim
3552 3997 3651 4055 iis-

2030 4104 2122 4173 qui
2159 4110 2362 4167 tacent,
2395 4109 2509 4157 tum
2539 4099 2675 4166 illis,
2722 4099 2816 4171 qui
2849 4099 3177 4169 loquuntur,
3225 4092 3506 4165 praposita
3536 4101 3625 4147 est

2030 4193 2292 4261 facultas,
2330 4198 2393 4247 ut
2418 4207 2488 4247 ex
2524 4189 2685 4246 factis
2727 4188 2863 4259 ipsis
2899 4185 3115 4242 caelesti
3155 4185 3262 4240 hoc
3289 4184 3417 4238 vitm
3459 4178 3622 4236 insti-

2032 4297 2154 4343 tuto
2180 4286 2535 4352 erudiuntur,
2569 4282 2833 4354 quoniam
2861 4279 3040 4335 oratio
3061 4276 3265 4342 omnis,
3302 4288 3424 4345 quae
3454 4272 3623 4328 nullis

2030 4378 2193 4434 factis
2225 4375 2515 4447 perspicua
2561 4380 2667 4438 est,
2712 4371 2819 4426 etsi
2867 4376 3089 4435 ornatu;
3112 4364 3283 4421 multo
3327 4363 3615 4436 perpolita,

2032 4471 2100 4527 ad
2154 4469 2468 4526 inanimatae
2514 4463 2770 4535 imaginis
2821 4460 3238 4520 similitudinem
3299 4472 3469 4530 prope
3526 4471 3623 4512 ac-

2032 4563 2237 4629 cessit,
2292 4559 2748 4630 lineamentisque
2798 4564 2853 4613 et
2909 4554 3192 4611 coloribus
3224 4552 3383 4624 quasi
3408 4551 3626 4606 'lloren-

2036 4663 2146 4711 tem
2200 4653 2443 4723 aliquam
2499 4650 2732 4706 formam
2785 4662 2899 4719 prae
2928 4662 2990 4703 se
3035 4644 3196 4702 feret.
3230 4641 3480 4716 Namque
3527 4641 3622 4713 qui

2036 4746 2169 4804 facit
2217 4755 2272 4802 et
2304 4746 2499 4811 docet,
2532 4751 2594 4799 ut
2622 4741 2860 4814 quodam
2895 4740 3019 4796 loco
3043 4748 3130 4797 est
3161 4738 3216 4794 in
3246 4734 3621 4809 Evangelia",

2037 4840 2127 4896 hic
2190 4853 2319 4895 vere
2361 4838 2526 4893 homo
2568 4844 2623 4893 et
2668 4832 3080 4907 pulchritudine
3126 4830 3382 4901 insignis.
3432 4830 3642 4897 ltarwe-
3692 4906 3693 4909 η

2038 4932 2129 4987 hic
2159 4930 2209 4987 ei
2246 4926 2683 4999 frequentandus
2705 4932 2811 4993 est,
2838 4924 2955 4994 qui,
2986 4932 3047 4978 ut
3070 4922 3266 4976 litterae
3295 4919 3621 4988 loquuntur,
3672 4922 3673 4925 ‘

2035 5025 2407 5097 virginitatem
2439 5021 2516 5077 sit
2563 5018 3032 5091 apprehensurus.
3074 5012 3146 5069 Ut
3189 5011 3337 5095 enim
3370 5007 3465 5080 qui
3522 5006 3624 5061 ali-

2035 5118 2198 5188 cujus
2226 5115 2470 5171 nationis
2498 5127 2808 5170 sermoncm
2841 5110 3058 5166 discere
3101 5105 3361 5169 instituit,
3394 5099 3623 5155 minime

2040 5226 2138 5282 per
2161 5226 2221 5266 se
2256 5208 2394 5265 satis
2422 5214 2528 5271 est,
2566 5214 2680 5260 uta
2714 5219 2774 5259 se
2800 5202 2919 5272 ipse
2951 5199 3258 5258 erudiatur,
3295 5193 3394 5251 sed
3427 5192 3499 5247 ab
3523 5190 3619 5255 iis,

2041 5304 2134 5375 qui
2164 5301 2313 5357 illius
2344 5299 2619 5355 sermonis
2666 5297 2829 5367 periti
2879 5303 3008 5351 sunt
3057 5287 3410 5354 instituitur,
3455 5294 3623 5356 atque

2038 5394 2147 5450 hoc
2176 5401 2340 5464 pacto
2374 5391 2526 5446 brevi
2551 5404 2617 5444 ex
2650 5385 2908 5442 audiendi
2936 5378 3337 5439 consuetudine
3364 5389 3622 5448 progres-

2041 5500 2159 5552 sus,
2222 5480 2499 5555 peregrini
2549 5476 2822 5536 sermonis
2875 5473 3149 5547 particeps
3194 5467 3476 5526 efﬁcitur:
3536 5464 3620 5522 sic

2041 5577 2260 5650 Opinor,
2290 5574 2336 5631 si
2362 5575 2483 5629 hanc
2512 5571 2625 5627 vita
2676 5583 2787 5624 non
2836 5574 3047 5623 natura:
3098 5563 3187 5620 via
3236 5557 3615 5650 progreditur,

2041 5648 2138 5728 sed
2171 5681 2315 5726 novo
2345 5663 2586 5739 quodam
2627 5660 2882 5717 instituto
2924 5656 3166 5725 aberrat,
3202 5667 3325 5714 eam
3376 5648 3619 5726 periecte
