4026 6432
527 362 634 420 407

1751 361 1807 419 S.
1866 359 2192 418 GREGORII
2244 357 2543 416 NYSSENI

3674 357 3774 415 408

532 493 559 530 a
611 473 826 528 nemine
872 489 1031 543 posse
1091 474 1316 544 percipi,
1373 474 1478 531 nisi
1525 473 1737 545 optimo
1787 474 1904 528 viro
1955 474 2094 530 duce

2202 472 2291 542 ἀφ’
2324 471 2520 526 ἐαυτοῦ
2559 471 2972 542 κατεπιχειροίη
3016 469 3112 524 τοῦ
3159 470 3522 542 πράγματος·
3572 470 3632 524 οὐ
3672 473 3772 543 γὰρ

531 574 749 620 utatur:
786 575 951 636 atque
997 566 1104 621 alia
1156 568 1362 631 omnia,
1418 581 1758 638 quzccunque
1801 566 1931 621 huic
1974 566 2099 620 vita:

527 656 706 710 studia
737 658 1017 727 proposita
1059 666 1210 722 sunt,
1255 657 1459 713 rectius
1487 658 1556 713 ab
1589 673 1656 712 eo
1685 657 2096 727 perficerentur,

527 749 618 816 qui
651 750 761 805 illis
780 750 1000 806 deditus
1037 758 1143 816 est,
1179 751 1226 807 si
1274 767 1304 804 a
1345 751 1666 806 doctoribus
1707 749 2098 820 magistrisque

530 839 814 895 scientiam
851 841 1067 895 illarum
1097 856 1275 896 rerum
1300 842 1624 912 perciperet,
1657 855 1888 910 quarum
1917 839 2100 893 studio

527 941 785 996 tentetur,
839 947 1005 1002 quam
1053 933 1099 988 si
1146 949 1242 1003 per
1285 948 1345 988 se
1397 933 1463 986 ad
1517 947 1631 987 rem
1685 931 2094 1002 aggrederetur.

527 1019 644 1076 Non
678 1023 824 1078 enim
855 1023 1206 1094 perspicuum
1237 1032 1321 1078 est
1353 1023 1662 1077 institutum
1698 1021 1868 1087 istud,
1911 1022 1992 1078 sic
2038 1030 2099 1076 ut

526 1129 756 1170 necesse
793 1115 865 1170 sit
900 1115 1167 1186 judicium
1198 1130 1387 1170 eorum
1431 1131 1554 1186 qua:
1601 1116 1655 1169 in
1687 1131 1802 1170 rem
1848 1125 2099 1168 nostram

529 1214 709 1268 futura
739 1220 888 1278 sunt,
931 1212 1092 1268 nobis
1129 1212 1480 1282 permittere:
1525 1209 1969 1280 quandoquidem
2013 1223 2100 1264 re-

527 1323 646 1362 rum
675 1310 983 1376 ignotarum
1016 1305 1408 1376 experientiam
1461 1313 1672 1359 tentare
1711 1302 1959 1372 periculo
1989 1317 2098 1356 non

524 1411 690 1455 caret.
721 1398 1193 1466 Quemadmodum
1229 1398 1375 1452 enim
1405 1396 1736 1452 medicinam
1765 1395 1916 1464 prius
1944 1394 2098 1447 inco-

523 1494 728 1564 gnitam
760 1510 827 1548 ex
859 1510 960 1548 usu
991 1509 1176 1549 rerum
1209 1491 1460 1546 homines
1487 1490 1833 1552 invenerunt,
1865 1486 2100 1557 quibus-

522 1587 762 1655 damque
791 1583 1269 1639 observationibus
1301 1582 1421 1650 ejus
1455 1587 1728 1650 praecepta
1763 1578 1911 1634 brevi
1944 1586 2098 1646 pate-

523 1681 794 1742 fecerunt,
819 1686 877 1731 ut
901 1692 1024 1731 cum
1054 1690 1260 1738 rerum,
1292 1689 1522 1744 quarum
1557 1671 1858 1742 perieulum
1892 1669 2097 1723 factum

459 1777 471 1789 '
523 1781 627 1837 est,
665 1771 919 1840 exemplo
950 1776 1096 1824 esset
1123 1768 1402 1837 cognitum
1441 1763 1568 1834 quid
1600 1762 1906 1833 prodesset,
1937 1757 2099 1830 quid-

2201 565 2428 636 ἐναργές
2459 565 2576 617 ἐστι
2605 563 2666 618 τὸ
2695 563 3030 634 ἐπιτήδευμα
3055 563 3236 627 τοῦτο,
3277 562 3424 616 ὥστε
3459 564 3582 616 κατ’
3608 563 3769 631 ἀνάγ-

2200 674 2304 728 κην
2344 658 2554 719 ἑαυτοῖς
2587 655 2905 725 ἐπιτρέπειν
2941 656 3051 708 τῶν
3078 655 3506 709 λυσιτελούντων
3535 654 3632 727 τήν
3661 657 3771 727 κρί-

2202 763 2285 800 σιν
2307 763 2320 776 ·
2351 747 2439 800 ὅτε
2463 745 2526 818 δὴ
2556 747 2650 800 καὶ
2673 747 2733 800 τὸ
2760 747 3105 818 κατατολμᾷν
3141 747 3240 818 τῆς
3263 747 3372 799 τῶν
3398 748 3770 818 ἀγνοουμένων

2201 838 2396 910 πείρας
2415 839 2514 891 οὐκ
2532 837 2636 903 ἔξω
2659 838 2904 892 κινδύνου
2932 838 3276 893 καθίσταται.
3302 839 3576 909 Καθάπερ
3601 839 3656 892 δὲ
3679 841 3772 912 τὴν

2204 929 2451 1000 ἰατρικὴν
2479 930 2744 1000 πρότερον
2785 929 3156 1000 ἀγνοουμένην
3195 929 3284 982 διὰ
3312 929 3416 999 τῆς
3463 930 3657 1001 πείρας
3687 931 3770 996 ἐξ·

2201 1020 2358 1090 εῦρον
2394 1021 2442 1072 οί
2469 1019 2766 1091 ἄνθρωποι,
2814 1019 3246 1092 παρατηρήμασί
3289 1037 3402 1072 τισι
3453 1020 3574 1073 κατ’
3603 1021 3772 1088 ὀλίγον

2202 1109 2656 1180 ἐκκαλυφθεῖσαν,
2683 1109 2824 1162 ὥστε
2851 1111 2947 1164 καὶ
2975 1111 3039 1164 τὸ
3061 1110 3305 1178 ὠφελοῦν
3331 1113 3430 1164 καὶ
3456 1112 3520 1164 τὺ
3545 1111 3770 1182 βλάπτον

2199 1201 2288 1255 διά
2328 1202 2430 1272 τῆς
2461 1201 2568 1256 τῶν
2610 1203 3026 1273 πεπειραμένων
3073 1202 3380 1275 μαρτυρίας
3424 1203 3768 1270 ἐπιγνωσθὲν.

2198 1293 2371 1357 οὕτως
2399 1293 2478 1356 είς
2521 1293 2611 1345 τὸν
2635 1294 2734 1362 τῆς
2767 1292 2960 1363 τέχνης
2993 1292 3151 1362 λόγον
3195 1293 3644 1364 παραληφθῆναι,
3684 1295 3770 1347 καὶ

2201 1385 2565 1456 παράγγελμα
2597 1385 2733 1455 πρὸς
2766 1386 2828 1438 τὸ
2876 1384 3068 1455 μέλλον
3111 1385 3173 1437 τὸ
3225 1385 3622 1456 παρατηρηθέν
3668 1387 3771 1448 τοῖς

2202 1477 2532 1549 προλαϐοῦσι
2550 1475 2791 1546 γίνεσθαι
2815 1493 2828 1506 ο
2860 1476 2956 1530 νῦν
2980 1477 3037 1530 δέ
3061 1477 3091 1528 ὁ
3127 1475 3262 1544 πρὸς
3287 1478 3392 1550 τὴν
3428 1477 3626 1548 τέχνην
3653 1477 3771 1531 ταύ-

2198 1583 2298 1636 την
2330 1566 2700 1630 ἐσπουδακὼς,
2745 1567 2846 1620 οῦκ
2891 1566 3004 1637 ἔχει
3036 1566 3281 1636 ἀνάγκην
3325 1570 3396 1637 τῇ
3434 1567 3556 1621 καθ’
3594 1569 3770 1621 ἐαυτὸν

2199 1657 2365 1728 πείρα
2392 1654 2768 1726 διαγινῴσκειν
2799 1655 2905 1708 τῶν
2936 1657 3242 1726 φαρμάκων
3271 1655 3370 1727 τὴν
3396 1656 3647 1726 δύναμιν,
3672 1659 3769 1710 είτε

2198 1746 2538 1818 δηλητήριον,
2559 1747 2666 1799 εἴτε
2697 1745 3035 1817 ἀλεξιτήριόν
3057 1746 3108 1799 τί
3134 1747 3280 1799 ἐστιν
3302 1765 3314 1778 υ
3354 1746 3498 1801 ἀλλά
3524 1749 3590 1800 τὰ.
3615 1751 3769 1815 ἐγνω-

523 1880 588 1919 ve
614 1871 858 1927 noceret,
901 1861 953 1915 id
994 1861 1096 1914 hoc
1138 1859 1300 1913 modo
1334 1859 1388 1911 in
1433 1857 1569 1910 artis
1617 1855 1886 1908 rationem
1936 1853 2093 1906 reda-

2202 1837 2371 1908 σμένα
2403 1839 2534 1909 παρ’
2563 1837 2762 1908 ἐτέρων
2794 1837 3001 1908 μαθὼν,
3024 1838 3184 1902 αὐτὸς
3213 1840 3311 1910 τὴν
3328 1840 3530 1911 τέχνην
3568 1839 3770 1912 κατώρ-

523 1965 668 2008 ctum
707 1954 776 2008 sit
801 1994 816 2018 ,
851 1951 1068 2022 quodve
1095 1965 1123 2002 a
1151 1948 1452 2017 majoribus
1479 1961 1541 2000 ea
1576 1945 1644 2000 de
1673 1961 1731 1999 re
1766 1951 2098 2014 praeceptum

522 2049 647 2111 fuit,
682 2045 733 2099 id
763 2046 834 2100 sit
858 2051 1047 2114 postea
1079 2042 1370 2111 diligenter
1395 2040 1766 2102 observatum,
1793 2053 1941 2091 nunc
1971 2051 2100 2091 vero

520 2139 614 2208 qui
645 2137 710 2191 ad
744 2137 886 2190 hanc
925 2143 1100 2188 artem
1129 2149 1188 2188 se
1221 2133 1472 2196 contulit,
1520 2147 1627 2186 non
1669 2145 1896 2186 necesse
1939 2128 2102 2183 habet

521 2245 621 2284 suo
674 2227 918 2298 periculo
986 2224 1512 2279 medicamentorum
1570 2223 1678 2276 vim
1744 2234 2098 2291 cognoscere,

521 2335 652 2374 num
681 2331 953 2372 venenum
980 2316 1072 2376 sit.
1109 2331 1177 2368 an
1210 2314 1535 2378 remedium,
1569 2313 1663 2368 sed
1705 2312 1956 2382 cognitas
2010 2325 2100 2364 res

521 2426 646 2464 ειιιιι
678 2409 747 2462 ab
776 2408 884 2461 alio
915 2407 1114 2470 discat,
1150 2407 1268 2476 ipse
1316 2405 1567 2461 medendi
1600 2419 1827 2458 munere
1858 2403 2101 2474 perfecte

520 2502 818 2572 fungetur:
849 2499 962 2569 pari
1000 2498 1212 2553 ratione
1240 2497 1306 2553 de
1345 2499 1656 2551 animorum
1689 2495 1961 2550 medicina
2010 2495 2100 2550 di-

521 2595 752 2650 cendum
783 2599 887 2648 est.
923 2590 1048 2645 llaec
1083 2599 1266 2646 autem
1320 2589 1670 2660 plti1050pbia
1719 2597 1827 2653 est,
1877 2604 1942 2643 ex
1995 2602 2101 2658 qua

519 2684 702 2738 omnis
733 2683 1062 2746 affectionis,
1112 2698 1233 2750 quae
1268 2684 1511 2737 animum
1562 2683 1805 2751 attingit,
1861 2682 2102 2736 curatio-

521 2791 645 2830 nem
682 2775 1068 2845 cognovimus.
1123 2772 1244 2826 Non
1297 2787 1522 2828 necesse
1569 2773 1738 2843 igitur
1770 2779 1874 2836 est,
1915 2772 2101 2841 conje-

519 2865 696 2920 cturis
731 2863 1062 2935 quibusdam
1109 2871 1276 2934 atque
1319 2863 1884 2919 commentationibus
1919 2863 2101 2918 scicn-

520 2959 652 3011 tiam
685 2959 964 3028 persequi,
995 2957 1092 3012 sed
1133 2956 1466 3027 cognitionis
1505 2955 1626 3025 ejus
1660 2956 1896 3012 facultas
1931 2955 2102 3009 multa

522 3051 578 3102 in
637 3065 702 3102 eo
752 3057 878 3115 εει,
931 3049 1023 3119 qui
1081 3049 1342 3103 diuturna
1410 3049 1648 3104 multave
1703 3049 2102 3104 consuetudine

520 3141 755 3208 adeptus
781 3148 866 3192 est
904 3138 1176 3194 habitum.
1217 3135 1537 3192 Periculosa
1572 3145 1654 3192 est
1687 3138 1834 3192 enim
1860 3139 2100 3207 plerum-

519 3246 628 3299 que
655 3231 739 3285 vel
768 3230 821 3282 in
877 3229 1025 3282 onmi
1078 3227 1299 3298 negotio
1346 3229 1708 3282 consiliorum
1759 3228 2098 3282 moderatrix

522 3322 898 3378 adolescentia
927 3362 943 3387 ,
976 3335 1158 3391 neque
1221 3319 1381 3374 facile
1414 3320 1692 3392 quispiam
1749 3318 1958 3391 aliquid
2005 3335 2098 3375 ea-

522 3431 643 3468 rum
689 3428 875 3468 rerum
923 3427 1044 3482 quae
1075 3411 1259 3467 studio
1290 3410 1466 3481 digna:
1497 3421 1649 3474 sunt,
1713 3420 1862 3466 recte
1914 3411 1984 3466 ab
2033 3426 2100 3464 eo

520 3506 726 3560 factum
762 3506 1052 3576 comperit,
1079 3520 1110 3559 a
1141 3521 1250 3576 quo
1288 3521 1397 3560 non
1437 3513 1522 3560 est
1561 3512 1822 3560 senectus
1865 3504 1919 3558 in
1967 3519 2101 3558 eon-

520 3598 630 3653 silii
661 3598 980 3654 societatem
1013 3598 1256 3652 adhibita
1287 3618 1298 3653 :
1337 3605 1544 3668 quanto
1576 3597 1724 3654 enim
1756 3596 1903 3668 quod
1939 3597 2100 3651 nobis

521 3689 860 3757 propositum
890 3698 996 3753 est,
1029 3689 1258 3760 reliquis
1289 3688 1490 3744 studiis
1539 3689 1760 3760 gravius
1812 3688 2102 3758 majusque

521 3787 786 3849 apparet,
839 3787 994 3834 tanto
1039 3780 1361 3849 diligentius
1409 3795 1510 3835 nos
1556 3779 1858 3850 periculum
1907 3793 2104 3833 cavere

521 3870 805 3924 debemus.
848 3869 984 3924 Nam
1018 3870 1387 3927 adolescentia
1409 3871 1656 3942 quidem,
1679 3885 1802 3941 qua:
1829 3886 1939 3925 non
1967 3885 2102 3924 con-

522 3961 650 4015 silio
689 3961 929 4032 regitur,
980 3963 1035 4016 in
1091 3963 1320 4032 reliquis
1374 3964 1541 4016 rebus
1599 3969 1695 4015 aut
1747 3961 2102 4016 facultatibus

522 4054 638 4106 suis
682 4052 942 4106 damnum
1007 4054 1365 4123 importavit,
1417 4062 1512 4107 aut
1558 4053 1743 4123 aliquo
1814 4053 2105 4107 mundanae

522 4145 704 4201 laudis
735 4146 1032 4216 splendore
1075 4153 1170 4201 aut
1201 4145 1471 4217 dignitate
1502 4145 1734 4216 spoliata
1769 4153 1891 4200 est:
1926 4145 2104 4199 lnhac

520 4252 651 4293 vero
676 4237 983 4309 cupiditate
1021 4253 1219 4310 magna
1255 4238 1349 4292 illa
1381 4238 1604 4309 quidem
1648 4252 1715 4294 ac
1752 4235 1962 4301 divina,
1992 4253 2101 4292 non

521 4331 769 4400 pecuniae
805 4331 858 4384 in
909 4331 1217 4401 periculum
1253 4330 1505 4396 veniunt,
1567 4345 1678 4384 non
1713 4329 1885 4400 gloria
1935 4345 2101 4384 mun-

519 4425 683 4486 dana,
717 4423 884 4478 unius
913 4423 1020 4479 diei
1059 4425 1238 4494 spatio
1263 4423 1548 4490 deficiens,
1581 4439 1691 4479 non
1714 4424 1836 4478 alia:
1867 4423 2104 4494 denique

2202 1929 2342 1982 θωσε
2363 1946 2376 1958 ³
2396 1929 2486 1982 τὸν
2516 1929 2677 1983 αὑτὸν
2699 1929 2900 2002 τρόπον
2931 1933 3022 1984 καὶ
3045 1932 3143 2002 τῆς
3169 1932 3276 1985 τῶν
3298 1932 3489 2003 ψυχῶν
3513 1934 3766 2003 ἰατρικῆς,

2199 2023 2298 2093 τῆς
2321 2023 2635 2093 φιλοσοφίας
2654 2023 2816 2092 λέγω,
2831 2023 2898 2076 δι’
2917 2019 2984 2094 ἦς
3007 2025 3204 2089 παντὸς
3225 2025 3436 2090 πάθους
3453 2024 3548 2078 τοῦ
3572 2026 3665 2095 τῆς
3680 2025 3770 2094 ψυ-

2200 2117 2305 2188 χῆς
2335 2116 2640 2188 ἁπτομένου
2672 2116 2768 2188 τὴν
2791 2116 3087 2188 θεραπείαν
3121 2117 3491 2188 μανθάνομεν,
3516 2118 3613 2170 οὐκ
3635 2118 3766 2170 ἐστιν

2200 2209 2417 2280 ἀνάγκη
2449 2211 2775 2279 στοχασμοίς
2806 2225 2912 2261 τισι
2953 2209 3048 2262 καὶ
3091 2209 3371 2273 ὑπονοίαις
3413 2210 3650 2280 μετιέναι
3680 2209 3766 2279 τὴν

2201 2302 2532 2371 ἐπιστήμην,
2579 2301 2691 2354 ἀλλ’
2722 2302 2939 2369 ἐξουσία
2986 2301 3154 2372 πολλὴ
3187 2302 3285 2373 τῆς
3314 2302 3604 2374 μαθήσεως
3633 2304 3767 2372 παρά

2201 2394 2294 2448 τοῦ
2323 2394 2412 2448 διὰ
2439 2395 2653 2465 μακρᾶς
2686 2412 2746 2448 τε
2790 2396 2884 2448 καὶ
2919 2395 3119 2466 πολλῆς
3143 2395 3243 2465 τῆς
3275 2397 3475 2468 πείρας
3506 2394 3765 2467 κτησαμέ-

2201 2505 2293 2542 νου
2317 2488 2414 2560 τὴν
2440 2489 2574 2554 ἕξιν.
2622 2489 2780 2542 Ἐστι
2811 2489 2911 2559 μὲν
2951 2489 3058 2561 γὰρ
3083 2490 3157 2554 ὡς
3201 2489 3295 2542 ἐπὶ
3325 2491 3387 2543 τὸ
3412 2490 3545 2543 πολὺ
3571 2490 3659 2542 καὶ
3684 2488 3766 2540 ἐπὶ

2203 2581 2402 2644 παντὸς
2435 2582 2758 2652 πράγματος
2787 2581 3088 2652 σύμϐουλος
3139 2584 3174 2654 ή
3213 2581 3428 2653 νεότης,
3473 2581 3566 2634 καὶ
3595 2580 3687 2632 οὐκ
3708 2577 3766 2632 ἄν

2200 2690 2283 2736 τις
2303 2671 2452 2744 εὖροι
2475 2674 2672 2744 ῥαδίως
2693 2673 3127 2745 κατωρθωμένον
3141 2691 3193 2727 τι
3215 2674 3323 2728 τῶν
3348 2673 3582 2743 σπουδῆς
3595 2672 3760 2737 ἀξίων,

2202 2759 2246 2832 ᾧ
2276 2764 2351 2835 μὴ
2381 2765 2540 2818 πολιὰ
2566 2765 3005 2837 συμπαρελήφθη
3036 2765 3170 2836 πρὸς
3189 2767 3476 2820 κοινωνίαν
3492 2765 3584 2818 τοῦ
3614 2765 3764 2832 σκέμ-

2205 2873 2402 2926 ματος·
2431 2857 2542 2927 ὃσῳ
2577 2857 2632 2910 δέ
2669 2857 2852 2927 μεῖζον
2882 2858 2987 2910 τῶν
3034 2858 3236 2912 λοιπῶν
3272 2857 3708 2931 ἐπιτηδευμάτων
3738 2855 3762 2906 ό

2202 2949 2561 3019 προκείμενος
2607 2952 2720 3013 τοῖς
2765 2951 3040 3020 μετιοῦσίν
3084 2953 3200 3006 ἐστι
3254 2951 3491 3016 σκοπὸς,
3550 2949 3762 3014 τοσούτῳ

2202 3045 2298 3098 καὶ
2347 3044 2546 3114 μᾶλλον
2587 3045 2913 3115 προνοητέον
2955 3047 3085 3116 ἡμῖν
3129 3047 3227 3114 τῆς
3268 3045 3572 3116 ἀσφαλείας
3611 3043 3759 3095 ἐστίν.

2216 3135 2340 3186 Ἐπὶ
2373 3135 2473 3204 μὲν
2520 3136 2628 3206 γὰρ
2661 3137 2769 3189 τῶν
2799 3137 3000 3191 λοιπῶν
3041 3138 3074 3207 ἡ
3107 3138 3296 3209 νεότης
3340 3141 3405 3191 ού
3446 3137 3585 3192 κατά
3624 3135 3761 3202 λόγον

2201 3225 2548 3298 διοικουμένη
2584 3230 2664 3291 είς
2710 3231 2972 3300 χρήματα
3004 3230 3222 3294 πάντως
3253 3230 3354 3302 τὴν
3397 3230 3596 3302 ζημίαν
3619 3229 3760 3299 ἠνεγ-

2201 3337 2318 3384 κεν,
2353 3321 2386 3390 ἦ
2418 3337 2560 3384 τινος
2585 3323 2858 3393 κοσμικῆς
2884 3326 3258 3395 περιφανείας,
3289 3325 3322 3395 ἢ
3358 3327 3451 3379 καὶ
3476 3323 3758 3394 ἀξιώματος

2201 3413 2456 3468 ἐκπεσεῖν
2487 3415 2904 3486 κατηνάγκασεν
2927 3433 2942 3448 ⁶
2973 3419 3065 3470 ἐπὶ
3096 3419 3152 3470 δὲ
3184 3419 3282 3489 τῆς
3317 3418 3560 3490 μεγάλης
3597 3433 3648 3468 τε
3676 3413 3757 3468 καὶ

2204 3503 2415 3575 ὑψηλῆς
2445 3503 2646 3576 ταύτης
2676 3506 2991 3576 ἐπιθυμίας,
3024 3508 3086 3560 οὐ
3109 3510 3367 3579 χρήματα
3393 3508 3458 3561 τὸ
3481 3503 3757 3562 κινδυνευό-

2206 3595 2363 3664 μενόν
2395 3597 2562 3662 ἐστιν,
2614 3597 2731 3650 ούδέ
2763 3597 2891 3661 δόξα
2938 3597 3177 3670 κοσμικὴ
3208 3599 3302 3652 καὶ
3341 3600 3631 3670 ἐφήμερος,
3661 3593 3755 3646 οὐδ’

2202 3687 2331 3740 ἀλλο
2357 3705 2410 3740 τι
2435 3688 2544 3741 τῶν
2565 3687 2763 3752 ἔξωθεν
2795 3691 2926 3760 ἡμῖν
2959 3692 3382 3763 παρεπομένων,
3416 3685 3490 3747 ὧν
3517 3691 3605 3745 καὶ
3633 3683 3756 3742 κατὰ

2202 3779 2448 3850 γνώμην,
2501 3783 2594 3834 καὶ
2634 3781 2710 3846 ὡς
2762 3783 2962 3853 ἑτέρως
3015 3783 3400 3855 διοικουμένων
3447 3784 3616 3852 ὀλίγος
3659 3780 3756 3840 τοῖς

2206 3871 2576 3942 σωφρονοῦσιν
2603 3875 2634 3926 ὁ
2661 3873 2842 3942 λόγος·
2875 3875 2989 3928 ἀλλ’
3018 3877 3186 3946 αὐτῆς
3221 3876 3463 3933 ἅπτεται
3480 3877 3575 3947 τῆς
3597 3870 3754 3943 ψυχῆς

2204 3964 2238 4034 ή
2267 3964 2510 4028 ἀϐουλία,
2540 3967 2632 4020 καὶ
2655 3968 2681 4019 ὁ
2703 3967 2948 4032 κίνδυνος
2975 3968 3074 4035 τῆς
3094 3968 3352 4040 τοιαύτης
3389 3969 3587 4042 ζημίας
3604 3964 3751 4026 ἐστὶν,

2203 4056 2262 4107 οὐ
2294 4056 2355 4108 τὸ
2387 4057 2514 4111 ἄλλο
2538 4076 2589 4111 τι
2617 4059 2979 4130 ζημιωθῆναι,
3010 4054 3071 4114 οὗ
3109 4062 3271 4132 τυχὸν
3305 4065 3404 4117 καὶ
3431 4061 3618 4129 δυνατὴ
3643 4054 3752 4125 φαί-

2204 4164 2354 4200 νεται
2381 4149 2416 4215 ὴ
2461 4149 2822 4219 ἐπανάληψις,
2867 4151 3003 4206 ἀ)λά
3041 4151 3122 4214 τὸ,
3152 4154 3314 4206 αὑτὸν
3359 4151 3642 4208 ἀπολέσθαι
3674 4145 3753 4200 καὶ

2206 4237 2550 4310 ζημιωθῆναι
2595 4242 2694 4312 τὴν
2739 4242 2917 4314 ψυχὴν
2960 4243 3059 4315 τὴν
3093 4245 3250 4302 ἰδίαν.
3325 4247 3386 4300 Ὀ
3414 4246 3511 4317 μὲν
3549 4242 3648 4312 γὰρ
3668 4237 3752 4308 τὴν

2206 4332 2466 4403 πατρῴαν
2500 4335 2891 4398 καταναλώσας
2925 4336 3135 4402 οὐσίαν,
3169 4339 3272 4392 οὐκ
3302 4338 3587 4401 ἀπελπίζει
3613 4331 3752 4402 τυχὸν

2208 4424 2473 4487 ἐπινοίαις
2522 4426 2631 4478 τισὶ
2680 4427 2846 4481 πάλιν
2891 4429 2984 4481 ἐπὶ
3037 4429 3138 4500 τήν
3187 4431 3423 4502 ἀρχαίαν
3469 4424 3751 4483 ἐπανελθεῖν

523 4513 648 4566 ullae
694 4526 808 4574 res,
865 4527 985 4580 quae
1037 4513 1258 4567 aliunde
1311 4529 1414 4570 nos
1461 4523 1920 4584 consequuntur:
1963 4528 2098 4584 quas

2207 4513 2500 4584 εὐπορίαν,
2544 4515 2648 4578 ἕως
2692 4515 2759 4569 ἂν
2792 4518 2848 4569 ἐν
2879 4520 2992 4581 τοῖς
3025 4518 3190 4582 ζῶσιν
3339 4521 3368 4572 ὁ
3409 4520 3465 4574 δὲ
3503 4517 3598 4586 τῆς
3624 4509 3752 4579 ζωῆς

518 4604 742 4676 quidem
778 4619 868 4658 res
897 4618 998 4674 ego
1031 4619 1167 4660 sane
1208 4604 1476 4674 despicio,
1503 4606 1869 4676 exiguamque
1901 4606 2098 4660 barum

518 4709 782 4768 tanquam
803 4697 1150 4752 extrinsccus
1166 4697 1502 4752 venientium
1527 4697 1800 4752 rationem
1829 4697 2099 4752 moderati

516 4806 584 4846 ac
615 4795 987 4859 temperantes
1035 4787 1290 4843 homines
1332 4787 1582 4843 habent:
1628 4787 1726 4845 sed
1767 4790 1984 4852 consilii
2018 4799 2100 4845 te-

517 4883 743 4938 meritas
795 4881 976 4950 ipsum
1019 4880 1262 4934 animum
1316 4890 1669 4934 commovet:
1721 4888 1889 4951 atque
1932 4881 2096 4951 hujus

517 4974 832 5030 detrimenti
887 4971 1194 5040 periculum
1236 4979 1355 5035 est,
1414 4986 1526 5025 non
1585 4971 1734 5026 illius
1773 4987 1928 5036 sane,
1985 4988 2097 5043 quo

516 5082 640 5120 cum
671 5067 799 5135 quis
834 5063 1088 5127 adicitur,
1129 5062 1362 5118 fortasse
1408 5061 1524 5117 fieri
1565 5078 1727 5132 posse
1771 5063 2005 5130 videtur,
2040 5071 2101 5119 ιιι

531 5158 665 5212 illud
707 5161 885 5228 ipsum
921 5157 1206 5220 resarciat,
1257 5157 1350 5211 sed
1383 5156 1512 5209 illud
1557 5157 1813 5226 quidem,
1846 5165 1905 5211 ut
1939 5173 2007 5212 ne
2039 5172 2098 5212 se

517 5250 696 5317 ipsum
725 5253 847 5317 quis
878 5251 1090 5320 perdat,
1123 5262 1286 5318 atque
1316 5250 1514 5304 anima:
1545 5264 1657 5305 sua:
1684 5249 1945 5303 damnum
1981 5249 2084 5304 iut-

521 5349 713 5405 pm-tct.
765 5341 867 5406 Qui
920 5344 1066 5395 enim
1120 5343 1297 5411 patria
1351 5342 1494 5396 bona
1546 5342 1932 5411 consumpsit.
1984 5358 2094 5396 non

518 5431 754 5484 fortasse
779 5434 1052 5501 desperat.
1090 5434 1332 5502 quandiu
1376 5434 1430 5488 in
1473 5434 1580 5487 vita
1619 5444 1725 5495 εει,
1762 5433 2093 5503 quibusdam

517 5519 781 5575 adhibitis
826 5522 1298 5592 cogitationibus,
1347 5541 1409 5580 se
1459 5524 1527 5578 ad
1583 5525 1847 5594 pristinas
1896 5541 2092 5580 rursus

519 5622 682 5674 posse
713 5613 998 5675 pervenire
1024 5613 1292 5670 bonorum
1337 5616 1566 5686 capias:
1609 5615 1704 5686 qui
1745 5631 1876 5671 vero
1923 5631 1953 5670 a
1984 5618 2096 5672 vita

520 5697 638 5762 ipsa
665 5700 886 5766 cecidit,
919 5716 1135 5758 omnem
1181 5708 1348 5760 simul
1395 5723 1547 5778 spem
1597 5708 1789 5777 abjicit
1827 5724 1990 5778 posse
2035 5725 2094 5765 se

515 5783 582 5838 ad
615 5786 836 5846 meliora
870 5789 1071 5849 redire.
1103 5795 1308 5868 Itaque,
1334 5800 1594 5870 quoniam
1629 5798 2010 5856 adolescentes
2040 5809 2094 5856 ει

2207 4605 2410 4676 ταύτης
2438 4605 2705 4672 ἐκπεσὼν,
2738 4611 2916 4664 πᾶσαν
2938 4609 3126 4664 ἐλπίδα
3156 4612 3252 4684 τῆς
3286 4613 3422 4684 πρὸς
3448 4611 3507 4664 τὸ
3534 4608 3749 4679 κρεῖττον

2208 4695 2513 4767 μεταϐολῆς
2543 4698 2942 4770 συναφῄρηται.
2975 4701 3185 4757 Οὐκοῦν
3213 4704 3404 4775 ἐπειδὴ
3431 4703 3538 4758 νέοι
3568 4698 3641 4751 ἔτι
3669 4689 3749 4746 καὶ

2205 4787 2415 4852 ἀτελεῖς
2444 4787 2540 4860 τὴν
2582 4789 2818 4844 διάνοιαν
2863 4793 2912 4844 οί
2947 4793 3132 4847 πολλοὶ
3160 4795 3259 4864 τῆς
3305 4791 3594 4866 παρθενίας
3617 4789 3741 4840 ἀντι·

2202 4880 2592 4951 λαμϐάνονται,
2623 4880 2783 4936 τοῦτο
2814 4883 2919 4953 πρὸ
2952 4885 3166 4938 πάντων
3195 4886 3378 4950 αὐτοῖς
3403 4875 3746 4953 ἐπιτηδευτέον

2203 4971 2269 5028 ἂν
2301 4973 2411 5043 εἴη,
2444 4973 2504 5026 τὸ
2530 4971 2764 5045 ζητῆσαι
2795 4974 2898 5044 τῆς
2915 4975 3038 5029 ὁδοῦ
3061 4975 3264 5048 ταύτης
3292 4969 3678 5049 καθηγούμενόν
3694 4979 3744 5017 τε

2204 5065 2299 5118 καὶ
2333 5064 2655 5119 διδάσκαλον
2681 5067 2906 5135 ἀγαθὸν,
3061 5088 3164 5124 που
3195 5071 3282 5125 διὰ
3306 5071 3404 5144 τὴν
3430 5071 3637 5138 ἄγνοιαν
3661 5059 3746 5127 τὴν

2202 5150 2366 5210 οὖσαν
2400 5157 2458 5208 ἐν
2500 5156 2684 5221 αὐτοῖς
2704 5199 2718 5224 ,
2745 5159 2961 5222 ἀνοδίας
3003 5159 3156 5224 τινάς
3189 5163 3284 5216 καὶ
3331 5161 3531 5220 πλάνας
3558 5149 3744 5208 ἑαυτοῖς

2202 5247 2310 5302 ἀπὸ
2341 5248 2439 5318 τῆς
2489 5249 2702 5314 εὐθείας
2739 5252 3231 5322 καινοτομήσωσιν.
3291 5250 3507 5322 Ἀγαθοὶ
3542 5245 3639 5315 γὰρ
3664 5238 3745 5292 δύο

2201 5341 2341 5414 ὺπέρ
2393 5341 2483 5395 τὸν
2512 5342 2628 5407 ἕνα,
2679 5344 2842 5414 φησὶν
2875 5345 2903 5396 ὁ
2956 5343 3420 5416 Ἐκκλησιαστήςε
3461 5327 3742 5399 εὐκαταγώ-

2204 5451 2382 5497 νιστος
2427 5433 2482 5486 δέ
2512 5436 2540 5486 ὁ
2588 5428 2668 5497 εἷς
2706 5434 2783 5504 τῷ
2817 5435 2996 5506 ἐχθρῷ
3029 5435 3107 5506 τῷ
3147 5437 3289 5491 κατά
3328 5436 3425 5499 τὰς
3456 5432 3592 5492 θείας
3611 5422 3742 5481 ὁδοὺς

2205 5525 2539 5597 ἐνεδρεύοντι
2561 5540 2575 5554 ⁹
2609 5529 2702 5580 καὶ
2728 5527 2896 5591 ὅντως
2931 5547 2949 5580 ι
2979 5529 3116 5582 Οὐαὶ
3143 5529 3220 5599 τῷ
3245 5531 3322 5583 ἐνὶ
3345 5531 3468 5584 ὅταν
3497 5521 3644 5591 πέσῃ,
3669 5514 3739 5565 ὅτι

2204 5618 2302 5671 οὐκ
2337 5618 2448 5689 ἔχει
2475 5621 2565 5673 τὸν
2596 5619 2947 5689 ἀνορθοῦντα.
2981 5639 2999 5672 ι
3039 5622 3181 5691 Ἤδη
3209 5622 3317 5694 γάρ
3341 5635 3479 5682 τινες
3501 5610 3631 5686 ὁρμῇ
3655 5602 3739 5674 μὲν

2203 5709 2352 5780 δεξιᾷ
2374 5712 2507 5781 πρὶς
2528 5710 2624 5782 τὴν
2649 5711 2743 5765 τοῦ
2765 5711 2963 5781 σεμνοῦ
2991 5712 3104 5783 βίου
3134 5714 3425 5784 ἐπιθυμίαν
3446 5705 3731 5779 ἐχρῄσαντσ

2200 5805 2274 5870 ὡς
2300 5805 2354 5858 δὲ
2385 5804 2518 5877 ὁμοῦ
2543 5805 2618 5876 τῷ
2654 5804 3007 5879 προελέσθαι,
3061 5807 3152 5861 καὶ
3192 5807 3290 5878 τῆς
3324 5802 3630 5867 τελειότητφς
3655 5788 3735 5853 ἐφ’
