4026 6436
279 378 381 438 ιον

1611 399 1702 457 DE
1729 400 2196 475 VIRGINITA'I‘E,

3477 416 3586 476 UO

289 500 594 600 αιξρὰμενοι,
616 504 801 600 ἑτέρῳ
845 506 1095 580 πτώματι
1142 510 1232 567 διὰ
1272 510 1369 567 τοῦ
1406 512 1577 583 τύφου
1604 516 1885 573 ύπεσκελί-

2005 530 2186 578 mente
2223 521 2442 580 infirma
2474 523 2722 596 plerique
2750 540 2811 582 se
2853 527 2922 584 ad
2962 528 3296 600 virginitatis
3339 532 3584 589 studium

296 593 525 666 σθησαν,
569 595 664 652 διά
697 615 847 664 τινος
887 601 1309 671 φρενοϐλαϐείας
1356 606 1584 672 ἑαυτοὺς
1617 609 1892 682 ἐξαπατή-

303 701 489 751 σαντες
538 690 726 743 ἐκεῖνο
775 692 1028 763 ἡγεῖσθαι
1078 694 1278 763 καλὸν,
1359 697 1445 767 ἐφ’
1498 699 1638 771 ὅπερ
1708 700 1891 756 αὐτῶν

305 779 331 848 η
379 777 595 834 διάνοια
650 782 812 854 paen.
878 784 974 838 Ἐκ
1034 784 1240 840 τούτων
1297 787 1437 841 εἰσὶν
1483 791 1531 842 οἱ
1593 790 1747 862 παρά
1788 791 1891 863 τῆς

300 870 495 940 σοφίας
541 873 942 944 ὀνομασθέντες
989 877 1212 948 ἀεργοὶ,
1270 880 1318 933 οί
1365 879 1466 945 τάς
1517 880 1669 947 ὁδοὺς
1706 883 1890 939 αὐτῶν

297 959 572 1025 ἀκάνθαις
602 962 943 1035 στρώσαντες
968 982 982 996 ο
1030 967 1080 1019 οἱ
1111 965 1317 1040 βλάϐην
1347 969 1640 1040 ἡγούμενοι
1664 973 1762 1044 τῆς
1781 973 1888 1043 ψυ-

296 1053 398 1123 χῆς
422 1050 528 1123 τὴν
569 1053 700 1126 περὶ
748 1053 816 1108 τὰ
854 1054 992 1127 ἔργα
1032 1056 1141 1112 τῶν
1184 1058 1413 1114 ἐντολῶν
1447 1061 1760 1134 προθυμίαν
1784 1081 1801 1098 ο
1835 1065 1888 1119 οἱ

296 1145 803 1217 παραγραψάμενοι
840 1148 940 1213 τὰς
974 1150 1341 1216 ἀποσωλικάς
1370 1154 1758 1223 παραινέσεις,
1789 1156 1888 1211 καὶ

297 1235 375 1308 μὴ
412 1237 510 1290 τὸν
557 1237 688 1292 ῐδιον
731 1237 894 1309 ἄρτον
931 1241 1285 1313 εὐσχημόνως
1313 1243 1607 1311 ἐσθίοντες,
1640 1245 1779 1301 ἀλλά
1807 1245 1888 1319 τῷ

291 1325 571 1399 ἀλλοτρίῳ
613 1330 1046 1400 προστετηκότες
1068 1373 1083 1398 ,
1129 1333 1327 1404 τέχνην
1378 1334 1495 1405 βίου
1540 1337 1640 1409 τὴν
1685 1338 1888 1409 ἀργίαν

292 1417 615 1488 ποιούμενοι
640 1436 655 1449 ·
712 1420 961 1475 ἐντεῦθεν
993 1424 1042 1476 οί
1068 1424 1446 1491 ὲνυπνιάσταὶ,
1471 1427 1521 1480 οί
1550 1428 1648 1491 τὰς
1675 1430 1740 1481 ὲκ
1778 1428 1887 1482 τῶν

288 1507 525 1581 ὀνείρων
571 1510 788 1575 ἀπάτας
830 1514 1151 1586 πιστοτέρας
1190 1514 1299 1570 τῶν
1334 1516 1706 1585 εύαγγελικῶν
1739 1518 1885 1572 διδα-

290 1601 529 1671 γμάτων
561 1602 891 1675 ποιούμενοι,
921 1606 1015 1658 καὶ
1048 1606 1423 1676 ἀποκαλύψεις
1445 1609 1544 1672 τὰς
1584 1609 1884 1678 φαντασίας

290 1695 799 1767 προσαγορεύοντες
825 1697 967 1766 (ἀπὸ
996 1697 1200 1751 τούτων
1222 1700 1360 1754 εἰσὶν
1385 1701 1435 1754 οί
1466 1701 1773 1766 ὲνδύνοντες
1803 1704 1885 1767 εἰς

289 1789 627 1862 τάςνοίκίαςγ
648 1792 743 1846 καὶ
763 1792 925 1846 πάλιν
936 1793 1086 1847 ἄλλοι
1101 1794 1152 1846 οἱ
1175 1793 1236 1846 τὸ
1251 1793 1478 1865 άμικτόν
1491 1810 1551 1846 τε
1570 1794 1663 1846 καὶ
1682 1793 1884 1866 θηριῶ-

1993 614 2309 680 conferunt,
2342 618 2480 673 illud
2512 621 2566 674 in
2599 619 2796 689 primis
2849 621 3099 680 studiose
3143 625 3227 680 eis
3274 625 3584 682 curandum

1991 713 2096 770 est,
2130 714 2190 761 ut
2216 711 2487 778 optimum
2525 711 2693 781 hujus
2733 713 2861 768 vitae
2897 714 3096 770 ducem
3143 731 3208 771 ac
3254 717 3583 788 magistrum

1990 808 2264 870 quaerant,
2296 817 2365 857 ne
2395 804 2622 873 quando
2658 814 2884 877 propter
2912 822 3099 862 rerum
3150 808 3580 879 ignorationem,

1989 907 2112 962 quae
2141 891 2196 946 in
2223 893 2333 950 illis
2359 902 2468 957 est.
2513 903 2869 954 transversas
2902 897 3172 969 quasdam
3203 900 3310 955 sibi
3344 901 3461 957 vias
3494 910 3583 956 at-

1987 997 2096 1052 que
2129 996 2160 1037 a
2189 991 2340 1039 recta
2393 985 2715 1044 aberrantes
2766 988 3042 1044 muniant.
3088 989 3226 1043 Boni
3276 991 3422 1045 enim
3461 991 3579 1047 duo

1988 1088 2156 1144 supra
2188 1090 2383 1139 unum,
2411 1075 2590 1146 inquit
2626 1076 2990 1135 Ecclesiastes
3017 1097 3032 1135 :
3089 1079 3250 1136 facile
3281 1096 3414 1136 vero
3458 1081 3584 1136 vin-

1987 1162 2132 1216 citur
2171 1179 2314 1220 unus
2340 1165 2413 1219 ab
2437 1166 2780 1245 adversario,
2824 1168 2916 1239 qui
2956 1168 3051 1224 Dei
3092 1172 3182 1224 via
3231 1186 3460 1227 cursum
3497 1180 3584 1227 te-

1986 1261 2081 1309 net
2107 1272 2121 1309 :
2151 1269 2323 1324 reque
2357 1271 2484 1311 vera
2514 1274 2532 1307 ι
2563 1255 2655 1312 Vas
2683 1258 2810 1320 soli,
2852 1258 3077 1329 quando
3105 1260 3275 1325 cadit,
3316 1263 3580 1332 quoniam

1987 1359 2095 1399 non
2130 1345 2311 1412 habet,
2346 1347 2440 1417 qui
2472 1363 2597 1402 eum
2631 1350 2807 1421 erigat
2831 1352 2899 1405 ".
2939 1369 2959 1404 ι
2983 1350 3103 1407 Jam
3139 1352 3283 1407 enim
3330 1356 3580 1411 nonnulli

1986 1435 2053 1489 ad
2104 1437 2290 1506 gravis
2322 1438 2444 1493 vitae
2484 1440 2841 1510 cupiditatem
2896 1444 3157 1500 laudabili
3206 1447 3413 1515 impetu
3461 1447 3581 1500 ala-

1985 1528 2157 1583 criter
2190 1530 2275 1585 usi
2310 1539 2461 1597 sunt,
2493 1539 2548 1586 et
2576 1532 2684 1587 hoc
2716 1534 2951 1589 consilio
2976 1536 3143 1591 simul
3179 1538 3578 1607 perfectionem

1985 1622 2248 1685 assecuti,
2272 1637 2341 1677 ex
2381 1624 2642 1695 superbia
2669 1626 2847 1682 altero
2876 1627 3035 1698 lapsu
3068 1628 3121 1683 in
3144 1634 3350 1683 terram
3378 1630 3575 1698 dejecti

1984 1720 2133 1771 sunt.
2177 1727 2303 1766 cum
2350 1714 2454 1784 ipsi
2488 1715 2762 1770 dementia
2810 1732 2911 1773 sua
2949 1717 3187 1789 decepti,
3229 1719 3364 1774 illud
3415 1729 3580 1790 puta-

1984 1802 2163 1856 verint
2194 1802 2519 1870 honestum,
2562 1804 2629 1859 ad
2664 1806 2812 1875 quod
2854 1821 3047 1862 eorum
3094 1823 3252 1862 mens
3304 1818 3575 1881 vergeret.

288 1882 381 1946 δες
406 1882 613 1955 ἀρετὴν
645 1883 973 1952 νομίζοντες,
1004 1884 1124 1938 οὐδὲ
1147 1885 1248 1956 τῆς
1276 1885 1660 1957 μακροθυμίας
1686 1903 1746 1939 τε
1784 1885 1881 1939 καὶ

1988 1890 2060 1945 Ex
2088 1893 2173 1948 his
2212 1894 2290 1949 illi
2323 1904 2477 1959 sunt,
2513 1898 2606 1969 qui
2635 1870 2774 1968 pigri
2806 1906 2974 1967 atque
3006 1899 3214 1956 inertes
3248 1870 3500 1957 homines
3545 1918 3577 1957 a

288 1976 801 2047 ταπεινοφροσύνης
840 1978 930 2032 τὸν
971 1978 1183 2049 καρπὸν
1231 1978 1605 2048 ἐπιστάμενοι.
1668 1976 1770 2031 Καὶ
1799 1978 1883 2041 τίς

290 2064 361 2119 ἂν
395 2064 662 2130 διεξέλθοι
696 2067 875 2122 πάντα
920 2067 988 2121 τὰ
1025 2066 1253 2122 τοιαῦτα
1311 2066 1615 2137 πτώματα,
1658 2067 1739 2129 είς
1779 2067 1882 2120 ὅσα

291 2158 615 2230 ἐκφέρεται,
646 2158 725 2231 τῷ
757 2159 832 2231 μὴ
863 2158 1037 2214 θέλειν
1063 2162 1178 2223 τοῖς
1210 2158 1353 2214 κατά
1372 2160 1506 2213 Θεὸν
1535 2155 1884 2230 εὐδοκιμοῦσι

292 2249 735 2322 προστίθεσθαι;
794 2253 891 2306 Ἐκ
931 2251 1137 2307 τούτων
1171 2250 1277 2323 γὰρ
1325 2250 1571 2321 ἔγνωμεν
1617 2249 1712 2304 καὶ
1754 2248 1884 2314 τοὺς

289 2340 371 2412 τῷ
389 2340 539 2414 λιμῷ
567 2342 729 2414 μέχρι
756 2340 987 2397 θανάτου
1010 2340 1499 2413 ὲγκαρτεροῦντας,
1524 2339 1600 2405 ὡς
1625 2338 1720 2394 τοῦ
1744 2336 1882 2396 Θεοῦ

287 2437 413 2498 ταῖς
449 2432 729 2499 τοιαύταις
769 2434 1239 2507 εὐαρεστουμένου
1286 2432 1535 2498 θυσίαις’
1577 2434 1670 2487 καὶ
1719 2433 1882 2486 πάλιν

287 2526 487 2590 ἄλλους
515 2526 584 2580 ὲκ
601 2526 897 2598 διαμέτρου
934 2526 1070 2597 πρὸς
1107 2526 1170 2580 τὸ
1197 2526 1438 2581 ἐναντίον
1467 2526 1883 2597 ἀποστατήσαν-

286 2636 390 2682 τας
413 2636 430 2651 ο
475 2617 525 2673 οἳ
554 2617 745 2688 μέχρις
790 2618 1051 2689 ὀνόματος
1086 2618 1186 2687 τὴν
1212 2618 1457 2687 ἀγαμίαν
1495 2614 1883 2686 ἐπιτηδεύσαν-

285 2726 402 2775 τες,
436 2709 592 2764 οὐδὲν
620 2708 936 2781 διαφέρουσι
974 2708 1071 2763 τοῦ
1106 2708 1286 2763 κοινοῦ
1323 2708 1437 2778 βίου
1467 2725 1483 2741 ο
1529 2708 1590 2761 οὐ
1626 2706 1789 2777 μόνον
1811 2708 1879 2777 τῇ
1920 2778 1921 2781 η

284 2800 494 2873 γαστρὶ
543 2800 616 2853 τὰ
644 2799 781 2872 πρὸς
809 2800 1001 2871 ἡδονὴν
1047 2800 1434 2870 χαριζόμενοι,
1494 2796 1632 2851 ἀλλά
1665 2797 1883 2866 γυναιξὶ

285 2892 437 2946 κατά
472 2890 536 2944 τὸ
568 2892 802 2963 φανερὸν
845 2890 1241 2954 συνοικοῦντες,
1289 2892 1384 2945 καὶ
1415 2889 1748 2961 ἀδελφότητα
1780 2888 1882 2960 τὴν

285 2982 553 3054 τοιαύτην
589 2983 893 3055 συμϐίωσιν
924 2983 1301 3054 ὀνομάζοντες,
1340 2982 1416 3047 ὡς
1445 2982 1509 3053 δὴ
1537 2982 1636 3054 τὴν
1662 2981 1799 3053 πρὸς
1821 2979 1883 3035 τὸ

286 3081 474 3151 χεῖρον
496 3077 752 3130 ὑπόνοιαν
773 3076 1002 3146 ὀνόματι
1022 3075 1334 3146 σεμνοτέρῳ
1356 3073 1880 3148 περικαλύπτοντες.

284 3171 368 3224 Δι’
416 3163 493 3225 ὧν
542 3169 636 3223 καὶ
686 3168 894 3238 σφόδρα
935 3167 998 3220 τὸ
1028 3166 1219 3237 σεμνὸν
1264 3166 1423 3220 τοῦτο
1500 3168 1596 3220 καὶ
1643 3166 1883 3239 καθαρὸν

284 3263 634 3333 ἐπιτήδευμα
662 3260 1062 3340 βλασφημεῖται
1088 3258 1240 3329 παρὰ
1262 3257 1372 3311 τῶν
1403 3256 1621 3322 ἔξωθεν,

1993 1984 2269 2056 Sapientia
2295 1989 2476 2042 vocati
2511 1998 2640 2045 sunt
2668 2008 2682 2044 :
2711 1990 2808 2061 qui
2838 2007 2969 2046 suas
3003 1992 3123 2046 vias
3157 1993 3334 2062 spinis
3365 2001 3581 2049 strave-

1989 2086 2161 2145 runt;
2192 2078 2285 2148 qui
2322 2078 2470 2133 illam
2503 2080 2571 2134 ad
2604 2081 2990 2135 mandatorum
3027 2080 3122 2137 Dei
3150 2097 3317 2152 opera
3349 2099 3581 2154 propen-

1989 2167 2222 2233 sionem,
2288 2171 2485 2225 animae
2532 2171 2923 2227 existimarunt
2974 2172 3414 2240 detrimentum;
3481 2175 3577 2244 qui

1988 2260 2364 2330 apostolorum
2408 2272 2677 2331 praecepta
2726 2262 3163 2332 traditionesque
3211 2263 3575 2333 abrogarunt,

1987 2367 2092 2407 nec
2120 2367 2222 2407 suo
2247 2366 2388 2422 pane
2421 2353 2647 2410 honeste
2679 2365 3015 2419 vescuntur,
3053 2354 3149 2410 sed
3208 2354 3279 2409 ad
3332 2355 3575 2410 alienum

1988 2443 2301 2509 intendunt,
2333 2460 2456 2499 cum
2488 2445 2707 2501 vivendi
2729 2454 2902 2501 artem
2930 2446 2986 2501 in
3008 2445 3221 2502 desidia
3250 2446 3579 2518 ignaviaque

1991 2543 2240 2605 ponant:
2274 2537 2419 2592 unde
2467 2540 2835 2594 somniatores
2881 2544 3033 2601 sunt,
3080 2538 3177 2608 qui
3231 2538 3578 2594 somniorum

1987 2621 2340 2693 deceptiones
2386 2625 2787 2694 probabiliorcs
2835 2625 3082 2694 faciunt,
3128 2642 3293 2697 quam
3343 2642 3579 2698 evange-

1988 2712 2093 2767 lica
2142 2722 2442 2784 praecepta,
2494 2717 2970 2785 revelationesque
3017 2718 3235 2787 species
3284 2733 3469 2773 rerum
3519 2719 3578 2774 in

1989 2807 2203 2860 somnis
2231 2805 2447 2861 oblatas
2475 2814 2707 2877 putant:
2734 2807 2802 2862 ab
2831 2807 2917 2863 his
2949 2808 3225 2863 exsistunt
3257 2809 3351 2877 qui
3382 2808 3580 2864 domos

1989 2892 2418 2963 ingrediuntur:
2457 2911 2766 2965 rursusque
2795 2896 2888 2949 alii
2924 2896 3014 2965 qui
3069 2896 3365 2950 immanem
3401 2907 3453 2949 et
3493 2893 3576 2948 fc—

1986 3000 2105 3039 ram
2137 2985 2394 3040 virtutem
2426 2988 2747 3057 opinantur,
2781 2986 3210 3056 dilectionisque
3243 2996 3576 3056 praeceptum

1987 3077 2261 3149 ignorant,
2292 3093 2469 3149 neque
2510 3078 2903 3145 beneﬁcentiae,
2948 3093 3127 3148 neque
3182 3078 3352 3133 animi
3387 3075 3577 3130 mode—

1987 3170 2106 3226 stiae
2146 3170 2389 3224 fructum
2427 3177 2788 3241 cognoscunt.
2819 3171 2890 3225 At
2924 3186 3058 3225 sane
3087 3170 3216 3241 quis
3253 3184 3445 3225 omnes
3474 3168 3580 3223 hu-

1987 3259 2233 3329 jusmodi
2286 3276 2452 3317 casus
2516 3262 3012 3333 prolapsionesque
3065 3269 3457 3331 percurreret,
3519 3259 3579 3314 in

284 3373 435 3428 quos
463 3356 667 3427 aliquis
702 3355 898 3422 fertur,
932 3369 1057 3410 cum
1094 3352 1162 3408 ad
1189 3367 1286 3407 eos
1314 3368 1374 3407 se
1403 3351 1658 3406 conferre
1689 3360 1927 3418 recusat,
1967 3354 2058 3423 qui
2096 3354 2206 3409 Deo
2242 3355 2453 3424 probati
2488 3356 2660 3411 sunt?
2686 3355 3057 3427 Cognovimus
3085 3356 3231 3410 enim
3260 3370 3363 3410 nos
3393 3370 3460 3409 ex
3492 3352 3581 3408 his

285 3450 607 3517 nonnullos,
636 3447 731 3520 qui
765 3448 960 3502 famem
982 3461 1158 3516 usque
1185 3444 1253 3498 ad
1291 3445 1501 3498 obitum
1537 3444 1807 3513 patienter
1839 3445 2108 3510 tulerunt,
2146 3446 2303 3515 quasi
2330 3446 2416 3501 his
2437 3448 2726 3503 sacrificiis
2765 3448 3014 3517 placetur
3051 3446 3232 3501 Deus:
3267 3462 3580 3514 rursusque

284 3541 454 3605 alios,
498 3541 592 3612 qui
625 3540 787 3611 quasi
812 3555 843 3595 e
881 3540 1105 3610 regione
1152 3534 1388 3605 oppositi
1439 3535 1507 3589 ad
1543 3533 1881 3589 contrariam
1918 3550 2033 3589 rem
2070 3551 2130 3591 se
2160 3534 2556 3603 adjunxerunt,
2606 3536 2936 3606 nomineque
2964 3536 3233 3590 duntaxat
3261 3534 3574 3588 caelibatum

284 3637 637 3709 profitentes,
673 3648 704 3687 a
734 3634 1013 3710 communi
1043 3632 1260 3686 vivendi
1291 3626 1692 3685 consuetudine
1719 3640 1831 3681 non
1868 3626 2028 3697 longe
2075 3629 2319 3718 absunt)
2364 3638 2555 3700 utpote
2593 3631 2685 3699 qui
2716 3645 2827 3684 non
2862 3631 3068 3684 ventris
3100 3629 3275 3684 solum
3306 3626 3578 3697 voluptati

285 3731 637 3799 indulgeant,
674 3726 772 3783 sed
805 3727 971 3783 etiam
1001 3742 1128 3782 cum
1175 3724 1395 3781 feminis
1432 3730 1620 3793 aperte
1656 3721 2007 3778 contubernii
2058 3725 2377 3780 societatem
2424 3726 2698 3780 habeant:
2731 3726 2982 3794 hancque
2999 3740 3125 3780 cum
3155 3724 3225 3779 iis
3251 3721 3577 3779 familiarem

282 3827 511 3883 vivendi
555 3823 1009 3881 consuetudinem
1056 3823 1308 3878 fraternae
1345 3824 1692 3894 cognationis
1734 3822 1956 3877 nomine
2005 3822 2314 3892 appellant,
2366 3838 2565 3893 nempe
2603 3823 2906 3878 honestiori
2945 3822 3168 3877 nomine
3197 3836 3354 3877 suam
3384 3820 3579 3874 occul-

284 3928 476 3983 tantes
504 3925 768 3981 mentem,
793 3929 914 3986 quae
943 3914 1009 3969 ad
1055 3914 1240 3985 pejora
1269 3917 1529 3985 proclivis
1570 3925 1675 3972 est.
1703 3917 1881 3988 Atque
1920 3914 1990 3969 ab
2018 3914 2104 3971 his
2135 3914 2357 3987 quidem
2404 3928 2571 3987 grave
2603 3913 2708 3969 hoc
2742 3914 3037 3969 admodum
3068 3927 3380 3984 purumque
3411 3910 3580 3981 virgi-

284 4018 482 4073 nitatis
510 4013 754 4069 studium
788 4013 1133 4082 vituperatur
1169 4013 1312 4082 apud
1351 4011 1600 4084 gentiles.

873 4124 1125 4178 ΚΕΦΑΛ.
1166 4125 1295 4177 KA'.

286 4246 429 4303 Ὀτι
470 4241 586 4316 χρὴ
635 4241 745 4297 τὸν
792 4240 908 4308 τὴν
949 4239 1270 4316 _dxp[_68tar
1320 4237 1429 4316 τοᾷ
1477 4239 1525 4303 β

354 4305 763 4382 ,ϐούῖἷόίιενοη
814 4305 973 4381 παρὰ
1008 4305 1116 4365 τοῦ
1171 4307 1663 4378 κατορθώσαντος
1716 4305 1885 4359 διδά-

363 4390 647 4441 σκεσθαι.

363 4477 577 4533 Οὐκοῦν
620 4475 896 4539 λυσιτελὲς
942 4474 1009 4529 ἂν
1047 4472 1132 4544 εἴη
1187 4471 1260 4544 μὴ
1315 4469 1624 4542 νομοθετεῖν
1670 4470 1883 4532 ἑαυτοῖς

2065 4455 2214 4511 Utile
2260 4454 2429 4524 igitur
2479 4459 2565 4508 est
2617 4449 2998 4507 adolescentes
3061 4449 3227 4520 hujus
3281 4450 3389 4506 sibi
3450 4452 3577 4506 vitae

290 4572 422 4635 τοὺς
454 4570 609 4634 νέους
651 4569 751 4641 τὴν
778 4566 873 4621 τοῦ
906 4567 1021 4637 βίου
1055 4542 1258 4619 τούτου
1294 4564 1433 4618 ὀδόνο
1474 4563 1536 4616 ού
1567 4561 1676 4634 γὰρ
1704 4559 1881 4614 ἐπιλέ-

1992 4547 2215 4609 modum
2246 4560 2353 4599 non
2387 4544 2768 4615 prmscribere,
2793 4543 3053 4613 quoniam
3081 4551 3273 4597 nostra
3306 4542 3421 4598 haec
3440 4552 3577 4598 mtas

293 4666 452 4719 λοιπε
471 4664 570 4735 τὴν
601 4636 744 4734 ζωην
773 4660 933 4732 ἡμῶν
957 4660 1026 4714 τὰ
1062 4659 1172 4712 τῶν
1199 4657 1420 4728 ἀγαθῶν
1464 4656 1837 4726 ὑποδείγματα
1864 4670 1880 4685 ⁸

1994 4641 2265 4697 bonorum
2301 4638 2567 4707 exemplis
2592 4636 2835 4692 abundat
2862 4657 2875 4691 :
2901 4637 3034 4707 quin
3059 4637 3222 4691 etiam
3249 4637 3297 4691 si
3333 4652 3574 4706 unquam

296 4755 437 4811 ἀλλά
467 4728 563 4809 καὶ
591 4728 947 4826 σφόδρα-νῦν,
982 4752 1141 4821 είπερ
1170 4751 1304 4803 ποτὲ
1330 4789 1346 4814 ,
1406 4749 1440 4819 ἡ
1480 4747 1745 4818 σεμνότης
1783 4746 1880 4817 ἦν·

1990 4737 2147 4798 alias,
2177 4749 2390 4789 morum
2413 4733 2655 4804 gravitas
2685 4733 2786 4787 hoc
2820 4740 3065 4801 tempore
3100 4728 3280 4794 ﬂoret,
3316 4740 3479 4799 atque
3517 4731 3575 4784 in

298 4845 459 4916 θησε,
498 4847 593 4898 καὶ
616 4821 966 4915 ἑπιγξωριάζει
997 4840 1076 4912 τῷ
1110 4839 1209 4911 βίῳ
1236 4839 1414 4909 ἡμῶν,
1456 4837 1590 4909 πρὸς
1623 4836 1685 4890 τὸ
1717 4834 1885 4906 ἀκρό⁴

1989 4827 2101 4883 vita
2128 4833 2405 4891 versatur,
2446 4825 2709 4894 paulatim
2748 4823 2823 4878 ita
2864 4832 3025 4878 aucta
3058 4831 3120 4876 ut
3171 4821 3240 4876 ad
3295 4836 3573 4876 summum

2512 4145 2516 4155 -
2558 4086 2792 4170 CAPUT
2818 4110 3006 4167 xxw.

1528 4238 1623 4291 [ου
1670 4236 1885 4305 μαθεῖν

1993 4228 2101 4294 Qui
2131 4237 2440 4282 accuratam
2488 4226 2624 4305 hanc
2662 4226 3073 4305 ritm__rationent
3113 4224 3323 4291 assequi
3367 4222 3505 4291 vult,
3541 4241 3576 4278 ιι

2259 4299 2494 4365 perfecto
2527 4298 2641 4349 viro
2669 4294 2948 4349 erudiatur
2987 4309 3194 4347 necesse
3217 4304 3317 4346 est.

298 4951 463 4988 τατον
485 4935 604 4997 ταῖς
636 4935 755 4987 κατ’
779 4932 958 5000 ὀλίγον
1002 4929 1349 5002 προσθήκαις
1378 4925 1780 4999 ἀκριϐωθεῖσα’
1814 4917 1883 4994 ἧς

296 5025 478 5091 ἔξεστι
520 5025 808 5095 μετασχεῖν
841 5022 934 5076 τὸν
987 5024 1099 5085 τοῖς
1130 5019 1391 5082 τοιούτοις
1421 5019 1594 5090 ῐχνεσι
1642 5033 1881 5087 περιπα-

295 5116 533 5179 τοῦντα,
581 5115 676 5170 καὶ
705 5115 806 5186 τῆς
839 5115 1016 5186 ὀσμῆς
1048 5112 1143 5167 τοῦ
1194 5110 1369 5183 μύρου
1415 5110 1608 5165 τούτου
1647 5108 1882 5163 κατόπιν

296 5206 585 5278 ἑπόμενον,
615 5207 714 5278 τῆς
750 5206 977 5268 εὐωδίας
1016 5205 1112 5260 τοῦ
1138 5202 1374 5276 Χριστοῦ
1407 5199 1882 5273 ἀναπίμπλασθαι.

296 5296 571 5368 Καθάπερ
599 5296 709 5369 γὰρ
730 5298 858 5367 μιᾶς
876 5295 1205 5367 ὲξαφθείσης
1236 5293 1540 5365 λαμπάδος,
1571 5292 1651 5356 είς
1672 5291 1884 5354 πάντας

294 5388 428 5453 τοὺς
458 5387 924 5460 προσεγγίζοντας
962 5388 1189 5458 λύχνους
1214 5389 1248 5458 ἡ
1289 5385 1392 5455 τῆς
1421 5383 1619 5454 φλογὸς
1649 5381 1886 5447 διάδοσις

296 5481 538 5550 γίνεται,
569 5479 695 5534 οὔτε
733 5479 829 5535 τοῦ
859 5480 1080 5553 πρώτου
1120 5480 1297 5551 φωτὸς
1335 5477 1760 5547 ἐλαττουμένου,
1790 5475 1888 5529 καὶ

294 5575 413 5638 τοῖς
462 5572 554 5628 διὰ
608 5574 964 5646 μεταλήψεως
1011 5570 1403 5644 φωτιζομένοις
1455 5569 1598 5626 κατά
1651 5569 1714 5623 τὸ
1772 5568 1887 5623 ἴσον

295 5666 733 5741 προσγινομένου
757 5678 772 5694 ·
807 5664 953 5722 οὕτω
977 5666 1071 5722 καὶ
1120 5667 1155 5739 ἡ
1190 5664 1285 5721 τοῦ
1314 5664 1434 5738 βίου
1471 5663 1663 5721 τούτου
1694 5659 1885 5734 σεμνό-

360 5841 419 5913 ._"
443 5839 624 5897 Eccle.
655 5858 729 5909 tv,
762 5842 842 5901 l0.

1992 4920 2326 4991 pervenerit.
2367 4916 2542 4989 Cujus
2577 4916 2808 4988 quidem
2848 4929 3059 4970 morum
3105 4912 3414 4968 sanctitatis
3457 4909 3573 4964 fieri

1993 5013 2313 5084 participem
2370 5011 2421 5066 ei
2476 5009 2769 5080 contingit,
2811 5008 2999 5078 quiin
3056 5005 3232 5075 ipsius
3292 5001 3576 5056 curriculo

1992 5104 2222 5176 vestigia
2251 5101 2551 5173 imprimit:
2581 5101 2732 5156 illum
2760 5108 2963 5163 autem,
2990 5096 3085 5166 qui
3113 5093 3279 5163 hujus
3306 5090 3570 5163 unguenti

1992 5197 2219 5254 odorem
2248 5203 2473 5251 secutus
2495 5193 2586 5259 sit,
2609 5192 2815 5262 optimo
2842 5187 2973 5244 Jesu
3004 5185 3209 5242 Christi
3241 5182 3413 5239 odore
3442 5197 3573 5253 pere

1992 5289 2168 5346 fundi.
2198 5287 2269 5344 Ut
2299 5287 2471 5352 enim,
2499 5284 2753 5355 lampade
2784 5297 2891 5335 una
2924 5291 3180 5343 accensa,
3226 5277 3280 5331 in
3327 5275 3573 5344 reliquas

1991 5398 2184 5439 omnes
2243 5381 2589 5453 propinquas
2662 5378 2916 5432 lucernas
2984 5372 3203 5427 flamma
3270 5368 3573 5431 derivatur,

1991 5491 2170 5548 neque
2201 5482 2384 5529 tamen
2434 5471 2647 5543 primus
2695 5467 2840 5539 ignis
2896 5462 3264 5527 imminuitur,
3296 5462 3402 5518 etsi
3448 5474 3577 5515 cum

1990 5569 2062 5626 iis
2089 5567 2373 5638 aequaliter
2404 5562 2745 5634 adjungitur,
2774 5559 2871 5630 qui
2910 5572 2979 5612 ex
3016 5556 3110 5611 illa
3144 5553 3372 5611 luminis
3422 5551 3577 5608 deri-

1992 5660 2214 5718 vatione
2256 5657 2514 5718 elucent:
2550 5654 2625 5711 ita
2658 5652 2825 5725 hujus
2851 5650 2977 5709 vita:
3006 5648 3250 5723 gravitas
3280 5646 3348 5705 ab
3375 5660 3441 5704 eo
3478 5643 3575 5717 qui
