4026 6432
126 422 213 480 Ηό
1467 431 1558 488 DE
1599 429 2062 488 VIRGINITATE.

3298 427 3408 484 414

128 540 258 613 Πρὸς
281 540 383 595 τὸν
409 545 839 617 κατωρθωκότα
864 548 1056 620 βλέπε,
1083 550 1178 625 atati.
1208 549 1426 623 θαρῥῶν
1460 552 1724 605 κατατόλ-

1844 550 2232 615 :onstituerint,
2266 548 2336 607 ab
2349 548 2497 604 omni
2519 546 2786 604 ﬂuctuum
2812 544 3221 616 perturbatione
3242 545 3406 618 longe

126 647 294 702 μησον
323 632 434 703 τῆς
474 634 698 707 ἀγαθῆς
731 638 1004 703 ναυτιλίας
1025 642 1092 712 τῇ
1134 641 1391 712 ἐπιπνοίᾳ
1440 641 1536 695 τοῦ
1572 641 1728 709 ἁγίου

122 720 451 827 ἓνεύματος
477 763 495 789 ,
523 726 637 827 ὑπο
665 728 969 804 κυϐερνήτῃ
995 731 1075 803 τῷ
1103 731 1324 804 Χριστῷ
1355 734 1415 786 ὲν
1452 731 1531 803 τῷ
1561 733 1731 802 πηδα-

122 810 221 883 λίῳ
243 813 356 883 τῆς
386 815 742 889 εὐφροσύνης
772 820 1141 891 εὐθυνόμενος.
1173 823 1309 876 Οὐδὲ
1345 822 1455 894 γάρ
1481 824 1530 877 oi
1572 840 1731 876 κατα-

121 900 423 968 ϐαίνοντες
456 908 541 970 εἰς
569 907 845 963 θάλασσαν
872 912 930 963 ἐν
960 911 1185 976 πλοίοις,
1213 914 1310 968 καὶ
1336 912 1615 977 ποιοῦντες
1641 915 1732 985 ὲρ-

120 993 330 1062 γασίαν
378 996 443 1049 ἐν
488 997 647 1052 ὕδασι
697 1001 925 1068 πολλοῖς,
953 1003 1014 1057 τὸ
1051 1003 1264 1074 συμϐάν
1321 1022 1425 1058 τινι
1474 1005 1729 1073 ναυάγιον

120 1083 370 1155 κώλυμα
417 1085 529 1139 τῶν
557 1086 790 1144 ἐλπίδων
818 1091 1139 1163 πεποίηνται
1164 1109 1178 1123 ·
1220 1092 1356 1146 ἀλλά
1381 1092 1479 1164 τὴν
1518 1092 1729 1163 ἀγαθὴν

117 1173 331 1227 ἐλπίδα
355 1176 575 1232 ἑαυτῶν
604 1179 1051 1252 προϐαλλόμενοι,
1079 1183 1172 1236 ἐπὶ
1195 1182 1256 1236 τὸ
1280 1183 1450 1256 πέρας
1478 1183 1575 1237 τοῦ
1597 1200 1731 1238 κατε-

117 1264 472 1335 ορθὼματος
505 1270 839 1345 σπεύδουσιν.
864 1267 941 1326 Ἦ
970 1274 1092 1345 οὐχὶ
1122 1274 1340 1330 πάντων
1386 1274 1732 1329 ἀτοπώτατον

116 1356 195 1410 ἂν
242 1357 365 1429 εἴη,
396 1357 463 1410 τὸ
488 1359 588 1429 μὲν
614 1360 878 1433 σφαλῆναι
906 1380 1029 1417 τινα
1058 1365 1116 1418 ὲν
1141 1363 1222 1436 τῷ
1247 1364 1612 1438 ἠκριϐωμένῳ
1635 1384 1733 1421 πο-

1830 643 1994 714 positi
2029 656 2223 699 secure
2270 641 2603 711 quiescunt,
2661 653 2883 708 suaeque
2913 639 3039 691 vitae
3085 637 3269 691 lumen
3318 651 3405 693 se-

1830 733 2126 802 quentibus
2182 740 2441 800 tanquam
2500 729 2714 800 aliquas
2785 728 3029 784 caelestis
3095 727 3406 797 splendoris

1830 827 2078 881 ﬂammas
2104 824 2453 896 protendunt.
2479 822 2649 893 Igitur
2683 819 2970 883 habemus,
2998 832 3108 888 quo
3145 831 3245 871 nos
3277 831 3405 871 cum

1832 914 2254 986 respexerimus,
2285 912 2646 967 tentationum
2682 907 3067 963 ﬁuctuationes
3112 913 3233 960 tuto
3284 919 3406 974 per-

1833 1006 2211 1062 transibimtts.
2257 1004 2401 1071 Quid
2428 990 2647 1058 curiose
2688 1016 2717 1054 a
2748 1015 2836 1054 me
2864 999 3087 1069 quaeris,
3118 1011 3186 1051 an
3222 997 3281 1063 ii,
3310 994 3407 1066 qui

1836 1098 1951 1153 haec
1978 1097 2096 1166 ipsa
2121 1095 2644 1159 animadverterunt,
2667 1089 2966 1159 aliquando
2986 1086 3228 1157 superati
3260 1084 3411 1140 sint?

1833 1199 1998 1259 atque
2049 1195 2334 1257 propterea
2373 1186 2657 1253 desperas,
2695 1180 2852 1252 quasi
2885 1195 2973 1235 res
3014 1178 3131 1233 haec
3175 1176 3412 1231 diﬁicilis

1834 1280 1954 1337 sit?
1982 1279 2258 1334 Contuere
2298 1276 2366 1331 ad
2411 1291 2534 1331 eum
2568 1275 2664 1345 qui
2700 1272 2976 1343 perfectus
3003 1276 3124 1333 est,
3171 1267 3410 1338 fortique

1835 1387 1898 1428 ac
1925 1370 2110 1426 ﬁdenti
2143 1370 2326 1424 animo
2355 1375 2409 1423 te
2457 1367 2678 1437 optimte
2706 1365 2836 1419 huic
2886 1361 3254 1432 navigationi,
3304 1372 3410 1430 gu-

112 1449 304 1521 νηρδν
343 1450 634 1519 τίθεσθαι,
673 1454 792 1507 ὅλον
822 1455 880 1509 δὲ
925 1456 1016 1510 τὸν
1054 1456 1168 1527 βίον
1221 1458 1648 1529 καταγηρῶντας
1676 1461 1734 1512 ὲν

115 1541 467 1612 σφάλμασιν
513 1542 733 1615 ἄμεινον
773 1548 1021 1618 ἡγεῖσθαι
1075 1548 1424 1620 βουλεύεσθαι
1459 1566 1474 1617 ;
1508 1553 1572 1604 Ei
1624 1551 1735 1623 γὰρ

112 1630 312 1732 δεῖνὸν
339 1635 499 1732 εστιν
520 1635 670 1732 απαξ
694 1639 1053 1709 προσεγγίσαι
1089 1643 1156 1712 τῇ
1201 1641 1481 1713 ἁμαρτίᾳ,
1527 1643 1622 1696 καὶ⁹
1646 1642 1736 1697 διὰ

113 1723 1146 1847 Ξῖἔῗᾚῗὲίῖῗξὲ,
1173 1732 1308 1847 vi}
1341 1734 1615 1847 ξηειρεὲ
1640 1730 1735 1847 ,ξέῖο

1844 1740 1892 1796 bi
1926 1739 1995 1793 ab
2022 1737 2275 1793 instituto
2297 1735 2411 1805 spei
2440 1746 2605 1789 cursu
2631 1731 2927 1791 desistunt.
2982 1725 3272 1797 naufragio
3316 1723 3417 1779 dev-

1844 1841 1851 1847 .
1952 1830 2009 1847 ·.ρ
2067 1828 2198 1847 ,,-__1
2248 1826 2510 1847 _s_2__!-...
2556 1822 2741 1847 1⁵--λ-ξι
2774 1841 2788 1847 -
2826 1819 2921 1847 ...ιι-Ι
2976 1820 3115 1847 Iun-nn
3167 1832 3263 1847 ann
3316 1829 3413 1847 una

117 1813 471 1886 ὑψηλοτέρῳ
500 1815 720 1888 σκοπῷ·
748 1818 898 1891 πόσῳ
938 1821 1319 1893 χαλεπώτερόν
1354 1824 1503 1876 ἐστιν
1543 1824 1735 1893 ἐπιτή-

1844 1830 2034 1895 territi,
2055 1828 2200 1900 quod
2242 1826 2515 1898 quispiam
2555 1822 2788 1880 fecerit:
2825 1819 2923 1876 sed
2975 1820 3117 1875 bona
3166 1832 3266 1873 sua
3315 1829 3415 1884 spe

116 1904 317 1975 δευμα
343 1905 467 1976 βίου
511 1907 610 1978 τὴν
639 1909 911 1982 ἁμαρτίαν
934 1913 1262 1984 ποιήσασθαι
1285 1952 1303 1981 ,
1334 1914 1431 1968 καὶ
1458 1914 1546 1969 διὰ
1576 1914 1733 1968 τοῦτο

120 1997 419 2050 ἀυιέτογον
445 1998 672 2050 καθόλου
705 2001 805 2050 τῆς
832 2001 1223 2050 καθαρωτέρας
1248 2005 1522 2050 διαμεῖναι
1548 2005 1693 2050 Euri:
1715 2022 1730 2050 2

1844 1923 1940 1994 ipsi
1964 1896 2188 1978 excitati
2211 1896 2278 1974 ad
2323 1896 2550 1989 perfecti
2599 1912 2846 1969 muneris
2900 1911 3061 1966 ﬁnem
3124 1907 3413 1964 festinant.

1844 2015 2030 2050 Annnn
2088 2011 2325 2050 mn'imn
2371 2009 2615 2050 nmninm
2668 2003 2968 2050 aheni-dum
3018 2009 3189 2050 esset.
3220 1999 3314 2050 αιιὶ
3357 1998 3413 2050 in

167 1997 419 2067 μέτοχον
445 1998 672 2053 καθόλου
705 2001 805 2071 τῆς
832 2001 1223 2074 καθαρωτέρας
1248 2005 1522 2076 διαμεῖναι
1548 2005 1693 2075 ζωῆς
1715 2022 1731 2072 ;

1835 1466 2127 1521 bernatore
2152 1461 2401 1524 Christo,
2451 1458 2690 1529 Spiritus
2729 1456 2906 1513 sancti
2955 1453 3158 1518 atl'latu,
3198 1459 3412 1520 tempe-

1835 1556 2131 1624 rantiaeque
2185 1552 2400 1622 navigio
2450 1559 2641 1606 vectus
2698 1546 2999 1603 committe.
3036 1543 3222 1614 Neque
3261 1539 3411 1595 enim

1835 1648 1927 1719 qtti
1952 1661 2100 1700 mare
2133 1645 2416 1715 navigant,
2456 1648 2935 1708 mercaturamque
2960 1634 3098 1690 mari
3129 1637 3412 1695 exercent,

124 2089 268 2155 Πῶς
293 2089 508 2165 ἀκούῃς
531 2092 625 2146 τοῦ
650 2093 1087 2166 ὲσταυρωμένου,
1116 2098 1145 2151 ὁ
1171 2095 1296 2163 ζῶν,
1317 2096 1412 2151 τοῦ
1440 2090 1730 2152 ἀποθανόν-

124 2200 229 2247 τος
271 2186 345 2256 τῇ
383 2184 633 2258 ἁμαρτίᾳ
656 2224 671 2248 ,
699 2189 728 2241 ὁ
765 2188 886 2241 κατ’
935 2189 1105 2259 αὐτὴν
1138 2190 1435 2259 ὑγιαίνων,
1493 2190 1588 2244 τοῦ
1644 2208 1736 2245 κε-

126 2274 399 2339 λεύοντος
424 2276 526 2348 τὴν
567 2276 925 2349 ἀκολούθησιν
977 2279 1151 2333 ὀπίσω
1197 2279 1396 2345 αὐτοῦ,
1452 2279 1641 2350 ὥσπερ
1681 2297 1735 2334 τι

126 2368 413 2439 τρόπαιον
468 2368 612 2422 κατὰ
652 2369 744 2424 τοῦ
797 2371 1197 2442 Ἀντικειμένου
1239 2373 1330 2427 τὸν
1362 2373 1593 2442 σταυρὸν
1641 2373 1736 2426 ἐπὶ

128 2460 234 2513 τοῦ
273 2458 533 2532 σώματος
576 2461 866 2533 φέροντος,
906 2464 936 2515 ὁ
986 2463 1061 2534 μὴ
1112 2464 1513 2536 σταυρούμενος
1540 2463 1619 2535 τῷ
1647 2460 1738 2518 κό-

133 2569 271 2623 σμῳ
295 2593 313 2618 ,
353 2551 454 2606 καὶ
498 2552 597 2624 τὴν
623 2553 886 2625 νέκρωσιν
922 2555 1023 2625 τῆς
1054 2556 1255 2627 σαρκὸς
1293 2556 1367 2626 μὴ
1415 2555 1735 2626 δεχόμενος;

133 2643 273 2706 Πῶς
315 2642 482 2713 πείθῃ
533 2643 611 2714 τῷ
645 2644 1051 2717 παρακαλοῦντι
1096 2663 1154 2698 σε
1188 2645 1406 2717 Παύλῳ,
1450 2646 1737 2716 παραστῆά

137 2750 235 2787 σαι
258 2734 326 2787 τὺ
348 2733 516 2805 σῶμά
546 2750 639 2789 σου
667 2735 857 2790 θυσίαν
884 2737 1085 2804 ζῶσαν,
1117 2738 1299 2807 ἁγίαν,
1338 2736 1628 2805 εὐάρεστον
1660 2734 1739 2809 τῷ

135 2825 298 2897 Θεῷ,
330 2826 362 2879 ὁ
395 2826 930 2899 συσχηματιζόμενος
969 2828 1047 2901 τῷ
1088 2829 1245 2884 αἰῶνι
1275 2830 1485 2902 τούτῳ,
1529 2831 1623 2885 καὶ
1664 2832 1739 2903 μὴ

139 2916 678 2989 μεταμορφούμενος
701 2922 767 2991 τῇ
801 2918 1162 2975 ἀνακαινώσει
1190 2919 1285 2974 τοῦ
1309 2921 1428 2985 νοός
1455 2937 1569 2986 σου,
1604 2920 1741 2993 μηδὲ

139 3007 479 3077 περιπατῶν
523 3009 581 3062 ἐν
611 3012 679 3082 τῇ
711 3010 991 3081 καινότητι
1040 3012 1141 3081 τῆς
1173 3009 1319 3082 ζωῆς
1343 3011 1580 3083 ταύτης,
1625 3012 1739 3066 ἀλλ’

141 3099 227 3152 ἔτι
252 3099 360 3170 τὴν
388 3099 713 3155 ἀκολουθίαν
738 3101 841 3174 τῆς
880 3102 975 3156 τοῦ
1006 3103 1236 3157 παλαιοῦ
1274 3102 1562 3176 ἀνθρώπου
1596 3103 1744 3174 ζωῆς

144 3191 476 3261 raptet-nov;
527 3191 655 3257 Πῶς
712 3192 1008 3264 ἱερατεύεις
1057 3192 1216 3265 Θεῷ,
1256 3195 1429 3248 καίτοι
1483 3194 1562 3259 είς
1611 3195 1743 3248 αὐτὸ

144 3282 311 3337 τοῦτο
337 3283 582 3354 χρισθεὶς
604 3323 621 3349 ,
670 3285 751 3348 είς
781 3285 842 3339 τὸ
891 3286 1224 3357 προσφέρειν
1266 3286 1436 3356 δῶρον
1463 3285 1540 3357 τῷ
1584 3286 1704 3356 Θεῷ
1725 3326 1740 3351 ,

143 3375 327 3446 δῶρον
369 3374 429 3428 δὲ
470 3375 569 3429 οὐκ
620 3376 899 3450 ἀλλότριόν
933 3395 987 3431 τι
1032 3377 1288 3442 πάντως,
1327 3370 1449 3431 οὐδὲ
1495 3378 1747 3433 ὑποϐολι-

146 3470 317 3537 μαῖον
337 3467 408 3520 ὲκ
428 3466 536 3520 τῶν
564 3466 763 3534 ἔξωθέν
802 3484 883 3522 σοι
914 3468 1335 3540 παρεπομένων,
1363 3466 1502 3523 ἀλλά
1527 3468 1587 3521 τὸ
1608 3468 1743 3538 ἀλη-

146 3557 266 3621 θῶς
301 3557 419 3624 σὺν,
448 3557 587 3629 ὅπερ
609 3558 757 3613 ἐστὶν
785 3560 816 3612 ὁ
843 3558 950 3614 ἔσω
975 3558 1262 3629 ἄνθρωπος
1280 3600 1297 3624 ,
1335 3557 1543 3622 τέλειός
1566 3575 1626 3610 τε
1652 3558 1747 3611 καὶ

146 3649 390 3719 ἄμωμος
423 3643 563 3701 εἶναι
592 3649 841 3717 ὀφείλων,
871 3649 1013 3706 κατά
1046 3651 1140 3705 τὸν
1179 3651 1307 3724 περὶ
1337 3649 1432 3704 τοῦ
1458 3647 1633 3722 ἀμνοῦ
1657 3647 1747 3702 νόδ

152 3756 257 3810 μον
282 3779 297 3800 ,
330 3738 519 3812 πάσης
561 3740 777 3811 meo;
821 3759 885 3796 τε
933 3746 1027 3799 καὶ
1065 3742 1248 3815 λώϐης
1296 3742 1746 3816 ἀπηλλαγμένονς

150 3831 285 3896 Πῶς
334 3827 433 3886 οὖν
481 3833 655 3888 ταῦτα
685 3836 995 3906 προσοίσεις
1020 3836 1170 3908 Θεῷ,
1217 3838 1248 3889 ὁ
1282 3837 1356 3909 μὴ
1392 3836 1603 3890 ἀκούων
1631 3834 1724 3890 τοῦ

152 3924 469 3979 κωλύεσθαι
496 3926 745 3997 ἱερᾶσθαι
771 3928 864 3984 τὸν
893 3929 1124 3998 ἄναγνον
1148 3946 1163 3995 ;
1196 3930 1261 3982 Et
1282 3929 1340 3983 δὲ
1373 3930 1466 3983 καὶ
1496 3929 1589 3983 τὸν
1616 3924 1750 3984 Θεὸν

152 4017 495 4088 ὲπιιρανῆναί
527 4034 608 4071 σοι
651 4017 870 4086 ποθείς,
908 4019 961 4074 τί
991 4020 1092 4074 οὐκ
1127 4020 1347 4084 ἀκούεις
1368 4020 1462 4074 τοῦ
1485 4020 1749 4085 Μωσέως,

154 4108 494 4180 καθαρεύειν
523 4110 629 4163 ἀπὸ
652 4110 832 4181 γάμου
858 4110 938 4182 τῷ
964 4111 1079 4183 λαῷ
1117 4112 1592 4185 παραγγέλλοντος
1615 4151 1631 4175 ,
1663 4112 1752 4166 ἵνα

154 4203 457 4273 χωρήσωσι
493 4201 583 4255 τοῦ
606 4200 741 4256 Θεοῦ
770 4202 868 4274 τὴν
896 4203 1236 4274 ἐμφάνειαν;
1270 4204 1332 4258 Et
1366 4203 1424 4257 δὲ
1467 4203 1639 4274 μικρά
1667 4218 1751 4255 σοι

153 4292 340 4347 ταῦτα
370 4293 537 4356 δοκεῖ,
576 4295 638 4348 τὸ
699 4296 1142 4368 συσταυρωθῆναι
1177 4294 1398 4367 Χριστῷ
1419 4335 1435 4361 ,
1463 4296 1527 4348 τὸ
1574 4309 1754 4365 παρα-

158 4384 369 4455 στῆσαι
411 4384 602 4440 ἐαυτὺν
643 4385 834 4441 θυσίαν
866 4386 985 4458 Θεῷ
1008 4425 1023 4454 ,
1055 4387 1119 4440 τὸ
1159 4385 1311 4458 ίερέα
1364 4384 1619 4455 γενέσθαι
1657 4381 1753 4438 τοῦ

157 4476 303 4531 Θεοῦ
335 4475 433 4529 τοῦ
476 4477 698 4547 ὑψίστου
723 4519 738 4544 ,
773 4478 833 4533 τὸ
874 4478 976 4549 τῆς
1027 4478 1267 4550 μεγάλης
1322 4477 1415 4532 τοῦ
1454 4475 1589 4531 Θεοῦ
1642 4477 1755 4529 ὲπι-

1836 2015 2034 2070 Annon
2088 2011 2325 2067 maxime
2371 2009 2616 2065 omnium
2668 2003 2969 2061 absurdum
3018 2009 3189 2066 esset,
3220 1999 3314 2071 qui
3357 1998 3416 2055 in

1835 2120 2077 2163 errorem
2111 2103 2318 2159 incidat
2355 2102 2410 2156 in
2459 2097 2894 2170 exquisitissima
2930 2093 3149 2150 vivendi
3200 2092 3421 2146 ratione

1836 2197 2143 2268 improbum
2176 2210 2300 2250 eum
2329 2201 2540 2264 putare,
2584 2189 2678 2261 qui
2709 2202 2841 2244 vero
2900 2185 2955 2240 in
2988 2183 3137 2241 omni
3192 2181 3302 2237 vita
3358 2181 3413 2235 in

1837 2287 1987 2343 vitiis
2020 2282 2387 2346 consenescit,
2421 2279 2638 2351 opinari
2671 2292 2797 2332 eum
2841 2274 3039 2330 melius
3080 2265 3418 2327 consulere?

1841 2378 1898 2433 Si
1932 2378 2079 2434 enim
2112 2390 2280 2448 grave
2311 2382 2397 2428 est
2431 2371 2602 2428 semel
2640 2373 2930 2441 peccatum
2953 2365 3261 2427 admittere,
3292 2376 3419 2430 pro-

1839 2479 2136 2544 ptereaque
2167 2467 2504 2523 tutissimum
2538 2477 2663 2519 esse
2705 2458 2930 2523 statuis,
2987 2455 3284 2512 sublimius
3315 2451 3420 2506 ali-

1840 2543 1986 2633 quod
2044 2561 2359 2617 institutum
2425 2570 2537 2611 non
2609 2550 2834 2623 aggredi
2893 2566 2909 2604 :
2988 2555 3195 2618 quanto
3260 2543 3419 2615 pejus

1839 2664 1944 2719 cst,
1981 2655 2027 2710 si
2083 2654 2208 2724 quis
2257 2651 2385 2705 vitae
2445 2644 2688 2703 studium
2749 2644 2803 2697 in
2866 2649 3093 2713 peccato
3140 2636 3417 2698 adhibeat,

1839 2760 2071 2815 eamque
2107 2744 2178 2797 ob
2212 2754 2434 2795 causam
2471 2735 2750 2806 puriorem
2810 2735 2976 2787 vitam
3028 2728 3255 2785 omnino
3304 2739 3418 2781 non

1840 2830 2510 2907 experiaturiQuomodo
2544 2829 2636 2899 qui
2697 2826 2851 2890 vivit,
2909 2822 3255 2883 cruciﬁxum,
3319 2817 3418 2887 qui

1843 2937 2066 3001 peccato
2092 2934 2322 2997 vegetus
2350 2929 2455 2986 est,
2495 2926 2721 2991 peccato
2755 2923 3030 2971 mortuum
3062 2911 3246 2966 audiet
3278 2924 3418 2979 praeo

1842 2999 2138 3092 cipicntem
2175 3023 2234 3072 ut
2268 3015 2448 3085 ipsum
2477 3019 2759 3081 sequatur,
2781 3020 3001 3062 crucem
3038 3003 3187 3058 velut
3215 2999 3419 3056 hostile

1841 3090 2106 3186 tropaeum
2159 3120 2392 3179 corpore
2434 3105 2736 3169 ferentem,
2773 3101 2822 3158 is
2856 3098 2953 3172 qui
2986 3109 3167 3167 neque
3215 3090 3423 3148 mundo

1769 3225 1811 3282 (ς
1845 3185 2174 3270 cruciﬁxus,
2227 3214 2404 3269 neque
2468 3209 2691 3253 carnem
2757 3191 3090 3248 mortilicare
3153 3185 3417 3257 dignatus

1844 3297 1974 3352 est?
1999 3292 2283 3361 Quomodo
2312 3290 2506 3350 Paulo,
2540 3286 2634 3357 qui
2694 3292 2746 3339 te
2778 3283 2865 3340 his
2917 3280 3105 3336 verbis
3160 3277 3426 3332 adhorta-

1846 3397 1936 3441 tur
1954 3386 2043 3439 “z
2091 3401 2110 3434 ‹
2145 3381 2353 3436 Exhibe
2399 3392 2601 3447 corpus
2649 3383 2803 3429 tuum
2854 3372 3088 3426 hostiam
3129 3367 3423 3429 viventem,

1847 3482 2115 3537 sanctam,
2146 3472 2259 3527 Deo
2299 3471 2603 3541 placentem
2625 3507 2640 3530 ,
2676 3484 2696 3518 ι
2724 3465 3093 3533 obtemperas,
3116 3459 3210 3530 qui
3258 3456 3425 3526 hujus

1850 3566 2032 3623 szeculi
2061 3563 2308 3618 habitum
2342 3557 2569 3623 induis;
2606 3556 2701 3627 qui
2744 3568 2922 3623 neque
2964 3551 3167 3605 mentis
3202 3557 3308 3603 tuae
3338 3560 3427 3600 re-

1848 3659 2142 3716 novatione
2188 3654 2536 3715 immutatus,
2600 3663 2778 3718 neque
2818 3658 3017 3701 novam
3068 3640 3240 3710 hujus
3299 3639 3429 3695 vita

1848 3751 1994 3808 viam
2052 3749 2335 3818 ingressus
2388 3741 2591 3799 veteris
2628 3737 2870 3794 hominis
2928 3735 3057 3789 vita:
3111 3731 3427 3787 institutum

1853 3837 2240 3915 persequeris?
2300 3830 2585 3900 Quomodo
2634 3824 2731 3883 Dei
2784 3823 3094 3883 sacerdotio
3135 3818 3423 3891 iungeris,

1851 3908 1944 4005 qui
1982 3908 2049 3987 ad
2080 3929 2184 3984 hoc
2212 3927 2418 3998 ipsum,
2449 3926 2507 3977 ut
2533 3934 2731 3975 munus
2775 3916 3025 3982 oﬁ‘erres,
3068 3920 3272 3969 unctus
3319 3924 3380 3965 es
3404 3908 3431 3963 2
3474 3920 3479 3923 '

1852 4027 2047 4082 Munus
2068 4035 2200 4078 sane
2224 4034 2334 4074 non
2365 4013 2595 4071 omnino
2640 4012 2905 4075 alienum,
2955 4021 3134 4076 neque
3177 4000 3433 4072 supposi‘

1852 4125 1967 4172 tum
1997 4130 2061 4170 ex
2093 4112 2182 4175 iis,
2212 4123 2335 4180 quae
2357 4105 2455 4161 tibi
2496 4102 2844 4159 extrinsecus
2877 4096 3161 4159 eveniunt,
3214 4091 3312 4147 sed
3340 4106 3433 4145 re-

1852 4216 1982 4262 vera
2010 4212 2192 4269 tuum,
2214 4199 2364 4271 quod
2390 4204 2477 4254 est
2504 4195 2670 4250 homo
2698 4201 2825 4246 tuus
2862 4188 3116 4249 interior,
3164 4183 3258 4254 qui
3301 4189 3432 4235 tan-

1853 4309 2017 4366 quam
2048 4269 2549 4362 agnusinnocens,
2592 4290 2648 4336 et
2670 4279 2947 4350 perfectus
2981 4290 3102 4331 esse
3138 4272 3324 4333 debet,
3362 4269 3434 4326 ab

1855 4359 2113 4454 omnique
2153 4377 2370 4434 macula
2416 4388 2482 4429 ac
2517 4370 2777 4428 sordibus
2826 4373 3092 4422 remotus.
3139 4359 3428 4429 Quomodo

1857 4478 1973 4532 haec
2001 4474 2121 4545 ipsa
2154 4470 2265 4526 Deo
2310 4466 2526 4531 oﬁeres,
2593 4463 2687 4534 qui
2755 4459 2861 4531 legi
2920 4472 3031 4513 non
3082 4455 3436 4545 obtemperas

160 4567 399 4635 φανείας
418 4566 711 4639 ἀξιωθῆναι
742 4584 758 4598 ·
781 4568 835 4621 τί
869 4586 951 4621 σοι
983 4568 1185 4622 τούτων
1212 4569 1587 4640 ἐπινοήσωμεν
1624 4566 1742 4640 ὕψη·

1859 4544 2192 4639 probibenti,
2236 4575 2308 4616 ne
2350 4571 2511 4615 sacra
2545 4555 2797 4624 impurus
2834 4549 2999 4605 faciat
3021 4548 3045 4602 i
3068 4547 3148 4603 Ac
3189 4545 3234 4600 si
3266 4544 3434 4600 Deum

160 4657 421 4730 λότερον,
449 4657 607 4730 εἴπερ
660 4676 744 4713 σοι
784 4659 956 4732 μικρά
988 4661 1081 4714 καὶ
1109 4661 1178 4714 τά
1206 4660 1313 4714 ἀπὸ
1339 4659 1541 4714 τούτων
1569 4658 1709 4725 δόξει
1735 4676 1751 4726 ;

176 4751 279 4803 Ἐκ
312 4750 415 4820 μὲν
452 4750 562 4822 γὰρ
598 4753 690 4806 τοῦ
724 4748 1168 4824 συσταυρωθῆναι
1188 4795 1203 4819 ,
1227 4753 1322 4807 καὶ
1352 4752 1584 4822 συζῆσαι
1606 4790 1621 4816 ,
1658 4750 1755 4806 καὶ

168 4841 597 4917 συνδοξασθῆναι
623 4884 638 4909 ,
668 4847 760 4900 καὶ
794 4836 1223 4919 συμϐασιλεῢσαι
1271 4845 1655 4916 προσγίνεταν
1688 4846 1755 4898 ἐκ

162 4934 228 4988 δὲ
256 4936 353 4990 τοῦ
378 4937 573 4991 ἑαυτὸν
604 4941 952 5010 παραστῆσαι
989 4938 1066 5010 τῷ
1084 4937 1210 5009 Θεῷ
1231 4978 1248 5003 ,
1286 4936 1393 4992 ἀπὸ
1415 4937 1513 5008 τῆς
1544 4930 1756 5010 ἀνθρω-

164 5024 337 5095 πίνης
376 5025 591 5094 φύσεως
619 5029 711 5082 καὶ
736 5029 893 5096 ἀξίας
916 5069 932 5095 ,
966 5029 1046 5091 είς
1068 5028 1168 5095 τὴν
1200 5028 1493 5100 ἀγγελικὴν
1516 5029 1630 5081 ἐστι
1656 5043 1753 5098 με·

163 5116 529 5197 τατάξασθαι.
558 5118 713 5173 Οὕτω
741 5120 850 5191 γάρ
880 5136 1014 5191 φησι
1045 5119 1141 5175 καὶ
1169 5114 1199 5172 ὁ
1243 5120 1442 5192 Δανιὴλ
1465 5160 1482 5185 ,
1512 5121 1594 5175 ὅτι
1627 5120 1755 5175 «Χία

166 5214 285 5273 λιαι
315 5207 553 5279 χιλιάδες
578 5212 1036 5283 παρειστήκεισαν
1063 5208 1234 5281 αὐτῷ.
1264 5229 1284 5264 ι
1328 5210 1388 5266 '0
1414 5211 1471 5264 δὲ
1496 5211 1595 5282 τῆς
1618 5212 1753 5284 ἀλη-

168 5301 329 5371 θινῆς
372 5300 672 5374 ἱερωσύνης
711 5303 1040 5375 λαϐόμενος,
1071 5303 1164 5357 καὶ
1192 5302 1271 5376 τῷ
1318 5302 1539 5374 μεγάλῳ
1570 5303 1755 5373 ἀρχιε-

173 5395 259 5460 ρεῖ
283 5393 481 5447 ἑαυτὸν
512 5395 775 5471 συντάξας
793 5438 808 5462 ,
847 5397 997 5467 μένει
1026 5398 1244 5462 πάντως
1267 5397 1361 5451 καὶ
1385 5394 1548 5460 αὐτὸς
1578 5395 1621 5447 ίε
1632 5395 1758 5465 ρεὺς

171 5487 253 5548 είς
282 5484 379 5538 τὸν
401 5482 598 5551 αἰῶνα,
628 5485 807 5541 οὐκέτι
840 5487 1053 5558 θανάτῳ
1084 5482 1425 5560 παραμένειν
1456 5484 1536 5548 είς
1568 5483 1630 5537 τὸ
1675 5484 1755 5537 δι-

172 5578 369 5649 ηνεκὲς
395 5576 753 5648 κωλυόμενος.
781 5577 888 5633 ’1ὀῦ
923 5578 981 5632 δὲ
1002 5578 1095 5632 τὸν
1130 5578 1263 5633 Θεὸν
1289 5578 1460 5632 εἰπεῖν
1490 5573 1757 5640 καταξιω-

173 5670 337 5757 θῆναι
381 5669 517 5723 ἰδεῖν
542 5710 556 5735 ,
595 5670 695 5724 οὐκ
719 5670 876 5736 ἄλλος
906 5671 990 5736 τίς
1014 5672 1160 5726 ἐστιν
1196 5671 1224 5723 ὁ
1262 5669 1505 5743 καρπὸς,
1547 5665 1578 5737 ἢ
1629 5665 1760 5721 αὐτὸ

244 5847 291 5880 ³⁸
321 5845 484 5903 Rern.
520 5862 617 5908 Sit,
652 5848 699 5904 1.

1856 4632 1953 4712 tibi
1976 4666 2241 4726 apparere
2266 4646 2501 4719 expetis,
2529 4642 2660 4714 quid
2691 4654 2872 4696 causa:
2899 4647 3003 4704 est,
3046 4651 3145 4691 cur
3185 4632 3429 4705 Moysen:

1856 4765 1967 4803 non
1999 4746 2214 4808 audias,
2249 4742 2344 4812 qui
2372 4737 2575 4809 populo
2634 4733 2824 4799 edicit,
2850 4738 2910 4787 ut
2939 4746 2969 4784 a
3014 4726 3221 4796 nuptiis
3265 4738 3437 4795 purus

1861 4841 1955 4905 sit,
1984 4852 2097 4909 quo
2130 4836 2227 4891 Dei
2267 4840 2550 4904 aspectum
2601 4821 3068 4894 comprehendat?
3108 4818 3207 4874 Sin
3240 4815 3437 4885 exigua

1857 4933 1974 4987 haec
2006 4908 2122 4984 tibi
2157 4926 2432 4988 videntur,
2473 4935 2599 4977 eum
2646 4917 2869 4974 Christo
2907 4912 3072 4970 simul
3114 4908 3437 4965 cruciﬁxum

1858 5035 2003 5086 esse,
2036 5033 2097 5075 se
2123 5017 2304 5088 ipsum
2332 5011 2569 5068 hostiam
2611 5007 2722 5063 Deo
2765 5004 3049 5067 exhibere,
3094 4997 3438 5057 sacerdotem

1863 5082 2302 5171 ﬁeri'Altissimi,
2355 5114 2661 5173 magnoque
2711 5097 2804 5151 illo
2851 5093 2950 5150 Dei
3001 5086 3296 5163 splendore
3339 5082 3430 5140 di-

1863 5218 2029 5275 gnum
2054 5198 2247 5255 haberi
2267 5215 2281 5250 :
2304 5209 2426 5267 qua:
2450 5192 2645 5246 altiora
2671 5203 2772 5244 nos
2798 5186 2895 5240 tibi
2915 5177 3435 5240 commentabimur,

1864 5263 1910 5348 si
1942 5306 2064 5364 quze
2095 5304 2162 5345 ex
2197 5287 2266 5343 iis
2300 5263 2734 5353 consequantur,
2790 5275 2928 5330 levia
2977 5273 3143 5328 etiam
3178 5263 3439 5338 putabis?

1865 5357 2039 5441 Ex-eo
2071 5382 2216 5439 enim
2252 5377 2399 5450 quod
2448 5373 2612 5432 simul
2643 5369 2984 5438 ct-uciligare,
3013 5376 3121 5418 una
3152 5358 3316 5415 etiam
3358 5357 3438 5412 vi-

1864 5490 1991 5531 vere
2023 5488 2089 5528 ac
2132 5468 2306 5542 gloria
2354 5466 2551 5522 ﬂorere
2592 5470 2646 5518 et
2692 5473 2920 5530 regnare
2967 5452 3311 5524 acquiritur;
3369 5463 3439 5504 ex

1866 5581 1932 5623 eo
1990 5540 2195 5628 autem,
2245 5559 2392 5632 quod
2443 5557 2684 5626 seipsum
2729 5551 2839 5607 Deo
2872 5548 2996 5619 quis
3048 5541 3315 5607 exhibuit,
3370 5540 3440 5594 ab

1868 5663 2108 5718 humana
2168 5665 2367 5732 natura
2428 5648 2800 5722 dignitateque
2854 5642 2984 5699 licet
3026 5640 3081 5696 in
3138 5634 3437 5709 angelicam
