4026 6476
538 445 647 505 415

1777 447 1832 502 5.
1865 445 2196 504 GREGORII
2220 447 2513 503 NYSSENI

3700 446 3826 504 416

535 567 886 625 commutari.
911 568 987 622 lta
1012 567 1160 624 enim
1194 566 1384 623 Daniel
1409 587 1424 623 :
1462 585 1480 619 ι
1510 566 1707 622 Millies
1729 567 1773 598 “
1803 567 1952 621 mille
1981 568 2112 622 asti-
2144 587 2157 634 Α

2228 567 2372 621 τοῦτο
2422 568 2478 621 τὸ
2517 567 2922 640 καταξιωθῆναι
2956 567 3046 622 τὸν
3093 567 3225 621 Θεὸν
3268 567 3418 621 ἰδεῖν.
3465 566 3652 637 Πάσης
3695 569 3827 640 γὰρ

536 666 723 715 terunt
747 659 818 714 ei.
845 679 864 712 ι
889 658 992 726 Qui
1020 669 1202 714 autem
1227 666 1313 716 est
1333 659 1402 714 ab
1421 674 1487 714 eo
1507 665 1786 728 acceptus,
1813 658 1907 728 qui
1932 673 2118 712 verum

537 749 870 806 sacriﬁcium
918 758 1025 815 est,
1063 765 1389 820 summoque
1423 750 1771 805 sacerdotum
1799 748 2030 818 principi
2062 763 2121 804 se

537 842 717 910 ipsum
745 841 1054 908 constituit,
1107 851 1290 895 manet
1321 841 1547 894 omnino
1587 847 1641 892 et
1690 839 1810 909 ipse
1857 838 2120 893 sacerdos

537 932 594 987 in
634 941 927 996 aeternum,
956 947 1059 988 nec
1091 947 1120 986 a
1160 940 1336 988 morte
1369 932 1424 986 in
1475 931 1871 1000 sempiternum
1905 945 2120 1000 perma-

537 1040 672 1080 nere
720 1025 1068 1095 prohibetur.
1105 1023 1257 1080 lllius
1295 1039 1446 1088 vero,
1479 1023 1574 1093 qui
1609 1022 1834 1093 dignum
1864 1037 1922 1077 se
1952 1021 2120 1077 Deum

535 1117 722 1171 videre
757 1116 990 1186 putavit,
1028 1130 1137 1169 non
1171 1115 1370 1184 aliquis
1400 1114 1542 1170 alius
1571 1112 1789 1168 fructus
1816 1121 1921 1176 est,
1953 1129 2119 1184 quam

537 1209 642 1262 hoc
667 1209 868 1278 ipsum.
917 1223 1113 1278 nempe
1142 1206 1290 1278 quod
1332 1207 1506 1262 Deum
1544 1205 1734 1262 videre
1785 1205 1984 1276 dignus
2018 1205 2120 1259 ha-

537 1299 686 1352 bitus
712 1308 814 1352 est.
843 1297 1035 1352 Omnis
1071 1297 1216 1352 enim
1254 1297 1370 1368 spei
1403 1312 1641 1361 summa,
1681 1298 1863 1352 omnis
1913 1297 2119 1366 cupidi-

538 1390 668 1443 tatis
696 1388 984 1458 perfectio,
1018 1390 1202 1443 omnis
1229 1398 1286 1445 et
1311 1389 1714 1454 beneﬁcentiae,
1762 1396 1817 1442 et
1861 1387 2118 1458 promissi

537 1477 730 1542 divini,
760 1489 815 1532 et
852 1477 1212 1534 ineﬁahilium
1245 1481 1536 1542 bonorum,
1573 1493 1696 1548 qua:
1723 1494 1902 1548 neque
1927 1494 2118 1541 sensu.

539 1585 719 1639 neque
755 1571 1070 1640 cognitione
1099 1571 1304 1641 percipi
1341 1586 1504 1641 posse
1550 1569 1759 1624 credita
1807 1579 1955 1636 sunt,
1997 1569 2120 1625 ﬁnis

537 1657 629 1711 hic
650 1667 732 1714 est
753 1667 916 1728 atque
939 1667 1123 1730 caput.
1155 1658 1268 1713 lloc
1285 1659 1498 1728 Moyses
1523 1658 1804 1729 expetivit,
1829 1657 1932 1712 hoc
1960 1659 2118 1712 multi

2222 657 2434 722 ἐλπίδος
2463 659 2496 729 ἡ
2534 657 2744 730 κορυφὴ
2771 700 2787 725 ,
2835 661 2927 712 καὶ
2963 659 3144 730 πάσης
3192 658 3491 728 ἐπιθυμίας
3512 700 3528 724 ,
3559 659 3829 728 εὐλογίας

2219 767 2280 802 τε
2300 747 2436 802 Θεοῦ
2456 789 2470 813 ,
2502 751 2834 818 ἐπαγγελίας
2864 751 3046 820 πάσης
3071 790 3084 814 ,
3119 750 3214 803 καὶ
3257 749 3365 802 τῶν
3393 750 3650 820 ἀρρήτων
3679 752 3830 818 ἀγα.-

2221 840 2349 906 θῶν,
2380 839 2486 894 τῶν
2530 841 2668 912 ὑπὲρ
2699 839 2953 911 αἴσθησίν
2989 858 3048 894 τε
3081 843 3175 895 καὶ
3205 841 3407 910 γνῶσιν
3439 821 3825 911 πεπιστευμέ-

2219 947 2325 983 νων
2351 971 2366 994 ,
2397 931 2459 984 τὸ
2493 931 2668 1000 πέρας
2703 932 2797 985 καὶ
2825 932 2886 984 τὸ
2919 931 3214 1001 κεφάλαιον
3247 931 3404 984 τοῦτό
3445 932 3592 984 ἐστιν
3615 973 3629 996 ,
3655 932 3683 985 ὃ
3714 933 3829 985 καὶ

2219 1021 2248 1072 ὁ
2273 1019 2478 1090 Μωσῆς
2508 1020 2634 1072 ἰδεῖν
2678 1021 2983 1091 ἐπεπόθησε
3007 1061 3022 1085 ,
3056 1021 3150 1074 καὶ
3183 1021 3369 1074 πολλοὶ
3399 1024 3672 1092 προφῆται
3717 1021 3828 1075 καὶ

2222 1113 2460 1184 βασιλεῖς
2489 1112 2844 1184 ἐπεθύμησαν
2865 1130 2879 1146 ο
2913 1113 3190 1180 ἀξιοῦνται
3229 1113 3284 1166 δὲ
3317 1114 3465 1184 μόνοι
3496 1114 3544 1166 οἱ
3580 1113 3827 1183 καθαροὶ

2219 1207 2286 1275 τῇ
2316 1203 2532 1273 καρδίᾳ,
2564 1205 2611 1256 οἱ
2638 1203 2727 1257 διὰ
2743 1202 2900 1257 τοῦτο
2922 1204 3088 1267 ὄντως
3121 1204 3382 1274 μακάριοι
3411 1202 3506 1256 καὶ
3540 1201 3692 1264 ὄντες
3720 1202 3827 1256 καὶ

2219 1295 2630 1365 ὀνομαζόμενοι,
2666 1296 2748 1349 ὅτι
2788 1295 2940 1348 αὐτοὶ
2969 1295 3060 1348 τὸν
3088 1295 3222 1347 Θεὸν
3245 1294 3467 1364 ὄψονται
3493 1309 3508 1322 ·
3541 1288 3615 1346 ὧν
3647 1293 3825 1345 ἕνεκα

2221 1391 2317 1443 καὶ
2351 1390 2408 1442 σὲ
2442 1387 2744 1459 βουλόμεθα
2775 1386 3030 1455 γενέσθαι
3075 1384 3527 1456 συσταυρωθέντα
3567 1382 3821 1454 Χριστῷ,

2221 1481 2576 1552 παραστάντα
2603 1480 2681 1551 τῷ
2705 1479 2824 1550 Θεῷ
2855 1479 3016 1547 ἁγνὸν
3052 1478 3201 1551 ἱερέα
3220 1519 3233 1541 ,
3267 1479 3361 1530 καὶ
3401 1475 3638 1546 καθαρὸν
3664 1475 3824 1546 θῦμα.

2220 1573 2531 1643 γενόμενον,
2568 1574 2626 1626 ἐν
2660 1572 2810 1644 πάσῃ
2839 1570 3172 1642 καθαρότητι
3201 1569 3287 1623 διὰ
3315 1569 3412 1638 τῆς
3444 1567 3666 1635 ἁγνείας
3693 1566 3827 1618 ἑαυ-

2219 1664 2310 1718 τὸν
2340 1665 2704 1736 ὲτοιμάσαντα
2731 1666 2797 1735 τῇ
2840 1661 2935 1715 τοῦ
2961 1661 3094 1714 Θεοῦ
3126 1661 3428 1733 παρουσίᾳ·
3463 1659 3552 1712 ἵνα
3593 1659 3690 1712 καὶ
3717 1657 3828 1709 αὒ-

540 1749 836 1819 prOphctae,
870 1750 973 1805 hoc
1024 1758 1079 1806 et
1135 1765 1292 1819 reges
1359 1751 1551 1806 videre
1621 1748 1956 1818 cupierunt:
2015 1749 2119 1803 soli

2228 1757 2310 1820 τὸς
2340 1757 2456 1827 ἴδῃς
2504 1756 2597 1809 τὸν
2640 1756 2772 1809 Θεὸν
2813 1757 2870 1807 ὲν
2919 1753 3135 1824 καθαρᾷ
3177 1754 3242 1823 τῇ
3291 1750 3506 1821 καρδίᾳ,
3543 1748 3686 1802 κατὰ
3718 1747 3826 1817 τὴν

537 1857 672 1897 vero
735 1842 788 1896 hi
825 1843 972 1913 digni
1015 1850 1300 1912 putantur,
1331 1841 1426 1911 qui
1489 1841 1656 1895 corde
1691 1841 1850 1910 puri,
1907 1841 2002 1911 qui
2050 1839 2122 1895 ob

2228 1847 2560 1915 ἐπαγγελίαν
2617 1847 2710 1900 τοῦ
2765 1845 2902 1899 Θεοῦ
2959 1845 3055 1899 καὶ
3116 1843 3366 1912 Σωτῆρος
3413 1839 3572 1912 ήμῶν
3634 1837 3824 1908 Ἰησοῦ

539 1931 646 1985 hoc
677 1932 852 2002 ipsum
887 1933 1028 1986 beati
1059 1939 1192 1986 sunt
1227 1939 1281 1987 et
1337 1931 1631 1996 habentur,
1690 1931 1952 2000 quoniam
2010 1931 2119 2000 ipsi
2155 1973 2157 1983 ,

2228 1935 2495 2006 Χριστοῦ,
2527 1930 2572 2006 ᾧ
2608 1939 2642 2007 ἡ
2690 1936 2815 2001 δόξα
2867 1937 2947 1999 εἰς
2991 1935 3119 1997 τοὺς
3161 1932 3367 1994 αίῶνας
3411 1931 3520 1983 τῶν
3571 1928 3820 1984 αἰώνων.

542 2021 711 2076 Deum
737 2022 1001 2076 videbunt
1027 2024 1113 2089 ²²;
1150 2037 1215 2077 ex
1257 2022 1464 2092 quibus
1501 2031 1551 2076 te
1604 2037 1771 2075 unum
1801 2023 1918 2076 ﬁeri
1958 2023 2122 2077 volu-
2242 2025 2434 2096 Ἀμήν.

540 2128 683 2175 mus,
719 2113 812 2182 qui
857 2128 981 2166 cum
1015 2113 1237 2170 Christo
1287 2129 1396 2168 una
1454 2115 1776 2178 cruciﬁxus,
1831 2123 1884 2170 te
1925 2130 2122 2185 purum
2164 2119 2506 2173 sacerdotem
2546 2117 2656 2173 Deo
2685 2117 2991 2173 exhibeas:
3039 2116 3201 2186 quive
3251 2112 3398 2170 omni
3472 2126 3610 2183 pura
3675 2111 3828 2166 inte-

540 2205 736 2273 gritate
772 2203 1105 2259 sacriﬁcium
1155 2222 1354 2277 purum
1427 2205 1608 2263 factus
1648 2208 1947 2273 castitatis,
2017 2210 2193 2279 ipsius
2233 2210 2489 2279 praesidio
2519 2218 2570 2265 te
2598 2211 2665 2265 ad
2697 2214 2990 2266 adventum
3031 2209 3244 2264 Domini
3277 2223 3456 2278 pares.
3485 2213 3546 2259 ut
3585 2213 3642 2258 tu
3677 2219 3826 2274 quo-

540 2313 646 2363 quc
677 2313 814 2367 puro
837 2298 1002 2354 corde
1039 2298 1207 2355 Deum
1241 2300 1506 2370 aspicias,
1536 2309 1597 2354 ut
1627 2301 1922 2371 promissio
1965 2303 2126 2360 nobis
2166 2305 2308 2358 facta
2334 2314 2420 2360 est
2469 2319 2500 2358 a
2546 2305 2656 2360 Deo
2693 2304 3093 2376 Servatoreque
3159 2313 3351 2359 nostro
3391 2301 3524 2357 Jesu
3563 2300 3818 2364 Christo,

539 2404 663 2443 cum
700 2405 810 2458 quo
840 2389 1015 2459 gloria
1043 2390 1400 2460 omnipotenti
1434 2391 1568 2458 Deo,
1605 2407 1716 2446 una
1755 2407 1880 2448 cum
1915 2393 2125 2466 Spiritu
2163 2405 2352 2453 sancto
2384 2398 2440 2451 in
2472 2397 2807 2468 sempiterna
2832 2397 3053 2453 sarcula.
3083 2395 3282 2450 Amen.

611 2543 652 2573 "
683 2541 894 2598 Daniel.
927 2559 1030 2609 vn,
1066 2545 1153 2600 lO.
1231 2546 1278 2575 ”
1309 2545 1502 2601 Matth.
1533 2563 1586 2614 ν,
1615 2545 1668 2600 8.

543 2739 3791 2772 mw

1242 2905 1544 3021 ΤΟΥ
1633 2905 2125 3021 ΑΥΤΟΥ
2235 2906 3102 3024 ΓΡΗΓΟΡΙΟΥ
3183 2886 3192 2896 ’

859 3134 1149 3223 ΠΡΟΣ
1221 3136 1513 3226 ΤΟΥΣ
1590 3127 2380 3220 ΒΡΑΔΥΝΟΝΤΑΣ
2451 3132 2625 3218 ΕΙΣ
2696 3134 2846 3219 ΤΟ
2918 3125 3505 3225 ΒΑΠΤῙΣΜᾹ.

2141 3345 2215 3363 ﬂ

1375 3495 2012 3614 EJUSDEM
2099 3495 2221 3610 S.
2318 3491 3000 3611 GREGORII

546 3736 1162 3833 ADVERSUS
1230 3733 1454 3829 EOS
1516 3737 1728 3843 QUI
1796 3736 2501 3825 DIFFERUNT
2552 3709 3256 3822 BAPTISMUM
3300 3723 3816 3825 ORATIO.

1779 3930 2009 3983 Gentiauo
2031 3930 2239 3985 Herveto
2256 3931 2532 4000 interprete.

625 4239 795 4311 Ilujus
827 4241 1019 4296 mundi
1051 4255 1229 4312 reges,
1271 4255 1395 4296 cum
1425 4243 1570 4315 leges
1621 4243 1962 4314 scripserint,
2009 4261 2157 4317 quae

2303 4249 2364 4301 Οί
2384 4247 2481 4318 τῆς
2502 4245 2826 4318 οἰκουμένης
2850 4243 3329 4314 ταύτηςβασιλεῖς,
3352 4243 3514 4315 ήνίκα
3537 4243 3602 4299 ἂν
3618 4243 3823 4317 νόμους

555 4333 830 4388 hominum
882 4335 1010 4390 vitae
1055 4343 1262 4390 certam
1304 4336 1546 4405 regulam
1591 4337 1977 4405 constituunt,
2031 4352 2126 4393 eas

547 4426 826 4481 tradentes
861 4429 1300 4498 magistratibus,
1349 4443 1445 4498 per
1482 4428 1607 4484 illos
1652 4443 1747 4484 eas
1781 4428 1979 4498 jubent
2020 4445 2126 4499 pu-

549 4515 738 4569 blicari
773 4519 1004 4580 civibus,
1042 4529 1102 4573 ut
1133 4537 1254 4589 qua:
1275 4522 1432 4589 jussa
1459 4519 1685 4588 fuerint,
1728 4521 1808 4576 sic
1835 4529 2127 4575 serventur

550 4609 830 4662 inviolata.
870 4609 1031 4663 Dedit
1059 4621 1239 4664 autem
1274 4627 1503 4681 magnus
1543 4627 1762 4683 quoque
1807 4610 1953 4666 Deus
1984 4612 2131 4682 leges

551 4700 919 4754 Ecclesiarum
955 4701 1190 4756 ducibus
1217 4743 1231 4765 ,
1280 4717 1418 4772 quas
1461 4703 1700 4774 singulis
1755 4703 1917 4758 annis
1963 4703 2131 4758 certis

550 4791 890 4861 temporibus
941 4789 1304 4861 proferentes,
1366 4791 1522 4846 vobis
1568 4793 1840 4860 legimus,
1895 4798 1951 4846 et
2008 4807 2132 4862 quae

551 4887 758 4955 scripta
809 4893 939 4938 sunt
978 4885 1236 4953 juhemus
1294 4901 1516 4941 servare
1575 4903 1677 4957 pro
1721 4887 1956 4944 viribus.
1994 4887 2134 4944 Ecce

553 4991 682 5045 ergo
731 4976 909 5029 bonus
955 4975 1344 5029 universorum
1389 4976 1760 5045 dispensator,
1811 4979 1905 5046 qui
1957 4993 2134 5034 annos

553 5073 776 5119 revocat
836 5072 891 5117 et
946 5073 1250 5133 temporum
1304 5065 1574 5134 gubernat
1635 5064 1937 5128 ambitum,
1989 5065 2134 5120 diem

555 5155 778 5210 adduxit
810 5156 1102 5210 salutarem
1135 5170 1244 5225 quo
1272 5157 1514 5211 solemus
1557 5170 1755 5210 vocare
1788 5154 2032 5224 hospites
2067 5155 2135 5210 ad

556 5249 902 5318 adeptionem
939 5249 993 5303 in
1029 5248 1191 5313 ﬁlios,
1231 5263 1432 5318 egenos
1481 5248 1546 5304 ad
1595 5248 1784 5320 gratiae
1842 5249 2136 5318 participa-

556 5341 782 5404 tionem,
811 5341 876 5393 ad
894 5349 1246 5411 peccatorum
1277 5340 1722 5395 emundationem
1753 5355 1850 5395 eos
1882 5341 1976 5410 qui
2007 5347 2136 5395 sunt

559 5431 828 5500 inquinati
865 5433 1125 5488 sordibus
1184 5442 1561 5502 peccatorum.
1603 5431 1669 5486 Et
1703 5432 1820 5487 haec
1857 5441 1943 5489 est
1979 5441 2136 5489 vetus

561 5520 652 5574 illa
692 5522 1032 5591 praedicatio,
1081 5539 1204 5593 quae
1237 5524 1340 5578 fuit
1375 5525 1539 5594 paulo
1577 5533 1870 5596 antequam
1905 5541 2135 5596 appare-

2232 4341 2586 4411 συγγράψωσι
2632 4341 2758 4402 τοὺς
2795 4336 2904 4390 τῶν
2950 4335 3253 4406 ἀνθρώπων
3308 4335 3457 4406 βίους
3509 4335 3688 4399 καλῶς
3719 4353 3816 4390 και

2229 4434 2536 4498 νονίζοντας
2557 4475 2571 4498 ,
2616 4435 2730 4494 τοῖς
2777 4431 3036 4502 ἄρχουσιν
3069 4429 3266 4492 αὐτοὺς
3300 4427 3723 4499 ἐγχειρίζοντες,
3754 4427 3819 4481 δι’

2231 4525 2454 4578 ἐκείνων
2496 4523 2777 4576 κελεύουσι
2823 4523 2935 4584 τοῖς
2967 4520 3227 4591 ὑπηκόοις
3256 4519 3675 4590 δημοσιεύεσθαι
3697 4559 3718 4586 ,
3755 4519 3822 4573 ἶν’

2231 4615 2402 4678 οὕτως
2461 4614 2792 4686 ἀπαράϐατα
2851 4611 2918 4665 τὰ
2969 4611 3422 4682 προστεταγμένα
3477 4610 3819 4682 φυλάττοιτο.

2236 4707 2447 4760 Ἔδωκε
2492 4707 2550 4759 δὲ
2603 4709 2632 4760 ό
2667 4705 2838 4778 μέγας
2880 4704 3013 4768 Θεὸς
3053 4703 3250 4774 νόμους
3280 4705 3392 4767 τοῖς
3431 4703 3540 4756 τῶν
3590 4701 3823 4772 Ἐκκλη-

2236 4800 2366 4853 σιῶν
2398 4801 2660 4872 ἡγεμόσιν
2683 4819 2710 4863 ,κ
2735 4797 2827 4862 οὒς
2877 4797 3000 4850 καθ’
3047 4797 3278 4850 ἕκαστον
3326 4795 3571 4848 ἐνιαυτὸν
3619 4795 3674 4847 έν
3710 4795 3823 4856 τοῖς

2235 4892 2534 4963 καθήκουσι
2579 4890 2792 4961 χρόνοις
2841 4887 3249 4960 προφέροντες,
3300 4883 3822 4954 ὐπαναγινὼσκομεν

2236 4987 2385 5056 ὑμῖν,
2414 4985 2506 5037 καὶ¹
2528 4986 2714 5054 τηρεῖν
2743 4984 2822 5046 είς
2861 4982 3090 5052 δύναμιν
3115 4981 3182 5034 τὰ
3210 4979 3570 5052 γεγραμμένα
3612 4976 3822 5031 κελεύο-

2241 5093 2356 5147 μεν.
2402 5077 2529 5129 Ίδοὺ
2580 5076 2758 5128 τοίνυν
2817 5077 2845 5128 ὁ
2891 5075 3000 5128 τῶν
3028 5075 3164 5128 ὅλων
3195 5071 3397 5142 ἀγαθὸς
3441 5072 3759 5141 οἰκονόμος,
3793 5067 3820 5121 ὁ

2236 5169 2362 5230 τοὺς
2417 5167 2694 5229 ἐνιαυτοὺς
2745 5165 3064 5219 ἀνακυκλῶν
3115 5165 3211 5218 καὶ
3255 5161 3534 5235 κυϐερνῶν
3575 5161 3674 5232 τὴν
3709 5158 3817 5212 τῶν

2237 5263 2444 5334 χρόνων
2482 5261 2750 5331 περίοδον,
2782 5262 2988 5330 ἤγαγεν
3027 5258 3237 5328 ἡμέραν
3266 5257 3549 5327 σωτήριον,
3593 5251 3714 5305 καθ’
3749 5251 3813 5321 ἣν

2241 5351 2467 5424 σύνηθες
2491 5353 2621 5422 ἡμῖν
2638 5350 2822 5404 καλεῖν
2845 5351 2925 5412 εἰς
2948 5348 3218 5403 υἱοθεσίαν
3239 5348 3364 5410 τοὺς
3396 5345 3599 5410 ξένους,
3617 5343 3696 5407 εἰς
3720 5341 3815 5412 χά-

2242 5461 2389 5514 ριτος
2415 5442 2704 5514 μετουσίαν
2720 5440 2844 5502 τοὺς
2871 5439 3217 5510 πενομένους,
3242 5439 3320 5502 εἰς
3346 5437 3612 5506 κάθαρσιν
3641 5435 3818 5503 ἅμαρ-

2239 5534 2370 5588 τιῶν
2409 5535 2536 5597 τοὺς
2581 5532 3003 5605 ὲρῤυπωμένους
3053 5533 3161 5593 τοῖς
3205 5529 3659 5601 πλημμελήμασι.
3706 5522 3817 5579 Καὶ

561 5619 645 5664 ret
680 5612 974 5670 Servatur:
1012 5635 1030 5668 ι
1063 5615 1178 5670 Vox
1225 5617 1514 5674 clamantis
1555 5619 1608 5672 in
1636 5617 1854 5674 deserto
1886 5638 1897 5672 :
1935 5617 2132 5673 Parate

2239 5625 2393 5679 τοῦτό
2425 5627 2540 5678 ὲστι
2577 5624 2637 5677 τὸ
2663 5625 2886 5693 ἀρχαῖον
2919 5624 3094 5677 έκεῖνο
3124 5623 3385 5692 κήρυγμα
3405 5663 3418 5687 ,
3444 5619 3505 5673 τὸ
3547 5614 3818 5688 προλαϐὸν

562 5700 705 5756 viam
729 5701 962 5772 Domini,
995 5717 1175 5764 rectas
1201 5709 1361 5766 facile
1385 5712 1611 5768 semitas
1634 5711 1755 5781 ejus
1775 5712 1840 5767 “.
1876 5709 2058 5779 »Ωιιυθ
2083 5712 2127 5767 si

2237 5718 2416 5786 ὀλίγον
2449 5717 2540 5772 τοῦ
2567 5717 2816 5787 Σωτῆρος
2852 5715 2951 5788 τὴν
2983 5715 3324 5786 ἐπιφάνειαν’
3355 5734 3374 5766 ι
3397 5713 3553 5783 Φωνὴ
3586 5709 3818 5782 βοῶντος

639 5853 684 5884 ³³
715 5853 821 5908 lsa.
861 5871 943 5924 ιι,
982 5860 1048 5927 5;
1085 5861 1274 5918 Matth.
1319 5879 1398 5931 ιιι,
1431 5866 1482 5922 ’5.
1513 5883 1526 5933 ;
1581 5865 1745 5923 Marc.
1802 5882 1840 5936 ι,
1875 5865 1967 5932 5.;
2009 5865 2164 5923 Juan.
2196 5886 2231 5938 ι,
2266 5869 2352 5924 ‘25.
