4026 6426
198 314 295 371 417
1608 336 1697 397 DE
1740 342 1775 398 Ε

1879 342 2112 405 TISMO.
3384 365 3445 422 41
3456 365 3492 424 8

196 433 372 538 ἐν.τῇ
428 436 663 538 ἐρήμῳ·Δ
715 445 1075 538 Ἑτοιμάσατε
1120 451 1220 524 τὴν
1260 453 1379 510 ὁδὸν
1421 457 1653 530 Κυρίου,
1702 463 1775 516 es

1902 478 2002 535 ego
2026 480 2129 521 nec
2169 481 2292 523 sum
2324 465 2588 535 Joannes,
2623 484 2725 537 nec
2775 472 2984 531 David:
3035 483 3093 531 at
3131 478 3275 533 servi
3309 479 3489 538 homi-

202 524 349 591 θείας
375 533 562 585 ποεῖτε
603 534 712 599 τὰς
740 537 961 608 τρίϐους
998 541 1183 599 αὐτοῦ.
1211 564 1229 596 ι
1264 546 1327 600 Ei
1353 546 1411 601 δὲ
1441 524 1579 620 μήτε
1618 524 1775 608 ’ίωάν

1904 524 2030 611 lites
2051 557 2156 628 legi
2181 558 2475 614 Dominicae
2500 575 2609 615 non
2642 534 2834 619 aﬂ'erat
2862 565 3275 625 detrimentum.
3298 570 3488 642 Neque

202 634 302 735 νης
319 659 334 680 ,
373 620 513 728 μήτε
538 624 727 735 Ωααϐὶδ
774 627 918 698 ἐγὼ,
963 630 1098 685 ἀλλὰ
1134 633 1169 705 ἠ
1206 637 1531 709 ταπεινότης
1561 640 1656 693 τοῦ
1690 643 1775 696 ὑπ-

2103 620 2132 628 _
2910 620 2923 622 η
3298 620 3486 642 ---Ἰ-ν

1902 648 2050 704 enim
2080 649 2263 721 legum
2294 654 2598 723 scriptores
2649 658 2894 725 reveriti,
2959 675 3220 730 paremus
3259 663 3329 719 iis
3362 680 3486 735 quae

203 725 237 779 η
243 709 416 817 ρέτου.
428 710 505 782 μὴ
536 712 823 782 βλαπτέτω
846 718 938 773 τοῦ
969 723 1300 777 Δεσποτικοῦ
1326 725 1491 797 νόμου
1510 728 1610 801 τὴν
1633 730 1775 787 δύνα-

1902 738 1972 793 ab
2003 709 2434 812 ipsisvjubentur
2463 762 2479 812 ;
2512 709 2609 800 seu
2648 709 3484 824 legatiiaras’l'aiiziieg"1.3;;

206 817 317 869 μιν.
348 798 485 854 Οὔτε
510 802 621 876 γάρ
650 807 778 871 τοὺς
808 812 1173 881 γραμματέας
1204 814 1312 868 τῶν
1337 816 1517 888 νόμων
1544 798 1775 892 αἰδούμει

1902 836 2126 896 statem,
2156 798 2335 902 iussis
2364 850 2469 890 nos
2490 798 2890 894 subniitritttus.
2921 839 3082 899 Venit
3107 846 3282 914 gratia
3315 798 3483 917 regis,

201 909 292 992 νοι
317 895 442 1005 ἰοῖς
475 894 923 1005 ,διηγορευμένοις
955 905 1257 978 πειθόμεθα
1282 925 1295 940 ’
1324 910 1460 966 ἀλλὰ
1500 913 1775 970 δεδοικότες

2113 894 2119 896 _
2157 894 2175 902 ,
3107 894 3281 914 om“
3315 894 3482 917 --υ--ν

1898 919 2118 978 duobus
2152 923 2369 981 aﬂlietis
2397 926 2691 985 ordinibus
2725 932 3041 988 concedens
3074 936 3482 1005 remissionem,

199 981 294 1035 τοῦ
316 983 628 1054 Νομοθέτου
654 988 756 1058 τὴν
786 990 1051 1059 ἐξουσίαν,
1076 995 1462 1069 ύποκύπτομεν
1486 1002 1598 1065 τοῖς
1624 1019 1795 1073 προσ-

198 1073 493 1144 τάγμασιν.
527 1072 699 1132 *Ηλοε
741 1082 899 1152 χάρις
938 1083 1190 1158 βασιλικὴ
1231 1088 1352 1143 δυσὶ
1389 1092 1635 1162 τάγμασι
1683 1094 1795 1147 θλι-

201 1166 451 1237 ϐομένοις
476 1172 806 1245 χαριζομένη
840 1177 938 1246 τὴν
976 1179 1158 1235 ἄνεσιν
1178 1197 1193 1213 ⁸
1226 1184 1337 1245 τοῖς
1365 1182 1668 1255 δεσμώταις
1699 1186 1793 1239 λύ-

202 1275 305 1323 σιν,
328 1264 442 1325 τοῖς
473 1264 775 1333 ὀφειλέταις
807 1269 1171 1344 συγχώρησιν.
1204 1275 1313 1328 Καὶ
1341 1275 1427 1329 διὰ
1451 1276 1612 1331 τοῦτο
1636 1279 1791 1348 κάγὼ

197 1353 531 1425 ἀμφοτέροις
569 1360 680 1421 τοῖς
723 1361 1040 1431 τάγμασιν,
1088 1364 1159 1420 τὰ
1207 1367 1525 1439 κατάλληλα
1580 1372 1787 1443 ἰατρεῖα

194 1443 400 1513 ἁνοίγω
426 1464 438 1476 ·
463 1446 558 1500 καὶ
589 1449 728 1518 μετὰ
764 1452 966 1523 πολλῆς
1008 1456 1386 1529 πεποιθήσεως
1416 1460 1786 1534 ὑπισχνοῦμαι

193 1535 291 1606 τὴν
323 1538 390 1590 ἐκ
423 1537 522 1609 τῆς
553 1541 871 1612 ἐπιμελείας
902 1544 1177 1617 βοήθειαν.

271 1627 393 1681 Ἵνα
420 1629 479 1681 δὲ
511 1630 586 1702 μὴ
612 1633 810 1707 νομίσῃ
832 1652 915 1699 τις
942 1636 1314 1696 πολυδάπανον
1343 1641 1443 1713 τὴν
1463 1642 1781 1716 θεραπείαν,

190 1719 330 1773 αὐτὰ
362 1720 613 1793 προλέγω
642 1724 711 1777 τὰ
737 1727 1004 1798 φάρμακα
1032 1725 1112 1794 οἷς
1139 1732 1369 1805 ἐξιῶμαι
1399 1739 1523 1801 τοὺς
1551 1740 1784 1809 κάμνον-

189 1827 308 1874 τας.
342 1810 469 1875 Τοῖς
519 1813 620 1884 μὲν
663 1815 772 1888 γάρ
799 1817 865 1870 δι’
897 1817 1090 1885 ὓδατος
1120 1824 1214 1878 καὶ
1248 1824 1471 1898 λουτροῦ
1503 1828 1786 1900 ἐγγυῶμαι

189 1900 290 1973 τὴν
320 1902 534 1971 ὑγείαν,
582 1906 689 1959 τῶν
721 1907 777 1961 δὲ
807 1909 873 1963 δι’
896 1911 1092 1981 ὀλίγων
1121 1914 1371 1986 δακρύων
1400 1918 1665 1990 ἐξαλείφω
1688 1923 1786 1993 τὴν

189 1995 370 2052 νόσον.
424 1998 595 2069 Ἀπλῆ
629 2000 739 2073 γάρ
777 2003 810 2073 ή
843 2006 1271 2078 μεταχείρησις,
1304 2010 1399 2066 καὶ
1442 2011 1786 2084 θεόπεμπτος

187 2089 223 2157 ἡ
253 2087 457 2159 δωρεὰ,
491 2093 584 2145 καὶ
613 2094 824 2166 μεγάλη
855 2094 1072 2167 άληθῶς
1103 2101 1134 2172 ἡ
1160 2101 1432 2174 ἐπιτυχία,
1463 2105 1633 2176 χωρὶς
1661 2106 1787 2160 καύ-

190 2198 329 2245 σεως
383 2183 416 2254 ἢ
466 2184 641 2255 τομῆς
679 2187 907 2259 χρονίων
938 2190 1317 2263 ἀπαλλαγῆναι
1348 2198 1679 2268 τραυμάτων
1706 2239 1720 2264 ,
1750 2200 1786 2256 ὃ.

186 2274 377 2338 κακῶς
410 2277 686 2350 ἐπάθομεν
726 2282 791 2333 ἐκ
831 2280 941 2335 τῶν
969 2283 1265 2355 δηγμάτων
1304 2287 1398 2340 τοῦ
1429 2287 1625 2358 ὄφεως.
1659 2292 1785 2346 Ἔλ-

186 2366 308 2422 θετε
342 2363 438 2422 οὖν
460 2411 475 2436 ,
504 2372 554 2423 οἱ
584 2375 963 2446 κεκακωμένοι
987 2416 1003 2440 ,
1051 2377 1188 2450 πρὸς
1214 2378 1314 2450 τὴν
1355 2382 1564 2437 ἑαυτῶν
1592 2385 1784 2456 ἐπιμέ-

181 2457 338 2512 λειαν
360 2502 378 2521 ,
421 2464 514 2515 καὶ
547 2463 621 2534 μὴ
667 2465 912 2538 ῥᾳθυμίᾳ
936 2466 1054 2521 δότε
1086 2469 1147 2523 τὸ
1177 2473 1427 2543 πρᾶγμα.
1453 2468 1627 2541 Νόσος
1674 2477 1783 2550 γὰρ

182 2552 563 2609 παλαιωθεῖσα
603 2556 697 2610 καὶ
729 2559 1092 2629 ἐγχρονίσασα
1114 2603 1130 2628 ,
1158 2562 1353 2634 τέχνης
1381 2565 1674 2636 θεραπείας
1697 2569 1784 2638 γί-

180 2661 333 2696 νεται
380 2646 663 2716 κρείττων.
710 2650 772 2701 Oi
820 2650 1051 2722 πένητες
1106 2654 1200 2706 καὶ
1247 2655 1465 2721 ἐνδεεῖς,
1506 2657 1780 2713 σπεύσατε

182 2737 322 2807 πρὸς
354 2738 453 2809 τὴν
498 2738 759 2812 διανομὴν
796 2742 905 2795 τῶν
935 2743 1228 2813 βασιλικῶν
1274 2749 1632 2819 χαρισμάτων
1655 2766 1668 2780 ο
1712 2752 1782 2805 τὰ

181 2829 460 2900 πρόϐατα,
484 2830 618 2904 πρὸς
634 2831 731 2902 τὴν
765 2835 1038 2905 σφραγῖδα
1062 2836 1156 2889 καὶ
1181 2837 1242 2889 τὸ
1266 2842 1489 2910 σημεῖον
1514 2842 1606 2894 τοῦ
1628 2858 1783 2896 σταυ-

182 2919 278 2991 ροῦ
304 2920 369 2974 τὸ
398 2921 506 2974 τῶν
525 2924 714 2977 κακῶν
742 2925 1122 2998 ἀλεξητήριον.
1151 2928 1280 2982 Δότε
1310 2948 1399 3001 μοι
1428 2932 1496 2985 τὰ
1517 2933 1774 3004 ὀνόματα,

180 3013 269 3065 ἴνα
298 3011 412 3081 ἐγὼ
444 3014 541 3085 μὲν
579 3015 716 3070 αὐτὰ
746 3020 865 3081 ταῖς
893 3018 1180 3089 αίσθηταῖς
1224 3023 1515 3093 ἐγχαράξω
1553 3025 1775 3096 βίϐλοις,

1898 1026 2094 1082 nempe
2120 1012 2321 1070 vinetis
2370 1016 2777 1083 liberationem,
2811 1020 3155 1080 debitoribus
3186 1024 3355 1081 debiti
3397 1042 3486 1082 re-

1873 1101 2238 1157 .missionem.
2283 1104 2350 1158 Et
2379 1105 2501 1161 ideo
2519 1123 2620 1178 ego
2651 1124 2870 1180 quoque
2893 1113 3165 1170 ambobus
3194 1116 3483 1173 ordinibus

1893 1193 2310 1250 convenientem
2367 1198 2552 1267 aperio
2593 1201 2951 1270 medicinam;
3001 1213 3055 1259 et
3104 1220 3228 1261 cum
3282 1223 3480 1280 magna

1892 1284 2097 1340 ﬁducia
2130 1288 2396 1358 polliceor
2413 1291 2560 1361 quod
2591 1308 2659 1348 ex
2685 1292 2965 1365 diligentia
3001 1298 3261 1366 procedet
3314 1302 3480 1356 auxi-

1892 1376 2047 1431 lium.

1959 1646 2039 1704 Ne
2065 1650 2189 1720 quis
2219 1660 2398 1709 autem
2424 1653 2725 1721 existimet,
2745 1658 3075 1714 medicinam
3100 1674 3223 1716 esse
3260 1676 3475 1734 magnae

1820 1785 1860 1840 Β
1891 1739 2168 1809 impensae,
2233 1743 2474 1813 praedico
2512 1748 2632 1816 ipsa
2677 1747 3099 1813 medicamenta,
3155 1767 3278 1822 qua:
3337 1763 3470 1809 sunt

1888 1830 2198 1889 adhibenda
2231 1834 2633 1894 laborantibus.
2660 1838 2798 1893 Nam
2826 1841 2935 1897 illis
2957 1843 3176 1912 quidem
3216 1848 3477 1915 promitto

1886 1923 2178 1978 sanitatem
2212 1940 2310 1995 per
2341 1941 2541 1999 aquam
2577 1937 2632 1984 et
2674 1929 2995 1997 lavacrum,
3043 1933 3238 1988 borum
3289 1944 3474 1993 autem

1886 2031 1984 2085 per
2018 2032 2225 2088 paucas
2257 2020 2536 2092 laerymas
2566 2022 2725 2077 deleo
2751 2024 3022 2079 morbum.
3057 2024 3152 2081 Est
3179 2027 3324 2082 enim
3346 2030 3477 2084 sim-

1886 2108 2006 2178 plex
2040 2110 2358 2180 applicatio,
2395 2120 2450 2168 et
2478 2125 2511 2167 a
2561 2111 2673 2168 Deo
2703 2114 2938 2172 missum
2986 2116 3216 2182 donum,
3272 2129 3326 2173 et
3358 2133 3476 2174 ma-

1886 2213 2026 2268 gnus
2053 2216 2244 2256 revera
2268 2212 2520 2268 eventus,
2557 2205 2769 2275 absque
2798 2207 3016 2263 ustione
3061 2218 3115 2264 et
3144 2211 3391 2266 sectione
3436 2226 3470 2265 a

1885 2290 2163 2349 diuturnis
2197 2294 2419 2350 liberari
2479 2297 2829 2363 vulneribus,
2874 2314 2998 2368 quae
3031 2300 3176 2369 passi
3210 2317 3405 2359 sumus
3441 2319 3473 2359 a

1885 2397 2073 2439 morsu
2101 2386 2396 2455 serpentis.
2450 2385 2645 2442 Venite
2708 2403 2862 2459 ergo,
2918 2393 3011 2459 qui
3074 2393 3235 2447 malis
3291 2393 3474 2449 allecti

1884 2474 2039 2540 estis,
2069 2475 2138 2531 ad
2187 2486 2427 2533 vestram
2459 2479 2829 2542 curationem,
2872 2496 3051 2551 neque
3079 2496 3193 2537 rem
3228 2485 3472 2556 negliga-

1886 2567 1972 2621 tis.
2007 2567 2232 2625 Morbus
2287 2571 2431 2624 enim
2482 2569 2783 2626 diuturnus
2810 2579 2865 2626 et
2928 2572 3266 2628 inveteratus
3298 2583 3472 2631 artem

1884 2671 2113 2728 superat
2142 2670 2195 2715 et
2223 2662 2590 2715 curationem.
2636 2660 2916 2731 Pauperes
2946 2673 3000 2717 et
3030 2674 3279 2732 egentes,
3312 2666 3471 2723 festi-

1885 2759 2010 2804 nate
2053 2749 2121 2804 ad
2163 2751 2610 2806 distributionem
2655 2752 2928 2808 donorum
2968 2757 3273 2825 regalium;
3315 2770 3469 2822 oves,

1884 2843 1951 2896 ad
1975 2842 2315 2913 signaculum
2351 2849 2405 2895 et
2446 2843 2663 2912 signum
2699 2846 2909 2906 crucis,
2938 2845 3083 2914 quod
3124 2848 3282 2902 malis
3310 2863 3470 2918 opem

1884 2934 1987 2988 fert
2016 2941 2070 2989 et
2108 2934 2435 3003 remedium.
2501 2934 2633 2990 Date
2683 2934 2814 2990 mihi
2848 2937 3095 3004 nomina,
3156 2948 3216 2992 ut
3250 2956 3350 3011 ego
3406 2957 3470 2995 ea

1884 3026 2197 3096 imprimam
2226 3026 2381 3082 libris
2422 3026 2742 3091 sensilibus,
2777 3034 2832 3082 et
2861 3030 3098 3085 scribam
3127 3041 3467 3097 atramento;

179 3105 278 3158 καὶ
300 3105 501 3176 γράψω
528 3107 605 3177 τῷ
639 3108 827 3178 μέλανι
853 3126 866 3140 ’
899 3109 1030 3174 Θεὸς
1068 3110 1126 3164 δὲ
1147 3115 1269 3176 ταῖς
1298 3115 1598 3189 άφθάρτοις
1639 3119 1775 3173 πλα-

1883 3116 2029 3174 Deus
2058 3125 2241 3174 autem
2269 3134 2334 3173 ea
2365 3117 2544 3188 signet
2574 3118 2627 3172 in
2658 3119 2884 3182 tabulis,
2920 3121 2976 3175 in
3010 3136 3151 3191 quas
3185 3138 3296 3177 non
3322 3124 3469 3179 cadit

180 3193 265 3260 ξὶν
303 3197 721 3268 ὲνσημήνηται,
768 3198 1017 3271 δακτύλῳ
1063 3203 1282 3275 γράψας
1337 3206 1489 3278 ἰδίῳ,
1523 3207 1598 3272 ὥς
1645 3227 1774 3264 ποτε

180 3289 295 3350 τοῖς
334 3287 605 3359 Ἑϐραίοις
636 3289 729 3343 τόν
757 3291 939 3361 νόμον.

256 3395 276 3427 α
310 3379 644 3449 Προσέλθετε
679 3382 817 3451 πρὸς
858 3383 1023 3437 αὐτὸν
1068 3386 1163 3439 καὶ
1212 3388 1537 3461 φωτίσθητε,
1585 3394 1678 3447 καὶ
1708 3393 1776 3449 τὰ

180 3470 456 3540 πρόσωπα
528 3473 682 3544 ὑμῶν
747 3475 808 3527 ού
865 3476 942 3548 μὴ
1006 3482 1399 3552 καταισχυνθῇ.
1468 3485 1771 3552 Λούσασθε,

177 3560 449 3629 ἀφέλεσθε
478 3563 576 3628 τὰς
602 3567 873 3638 ἁμαρτίας
903 3569 1077 3639 ὑμῶν.
1122 3592 1139 3625 ι
1188 3572 1374 3627 Ταῦτα
1412 3577 1626 3649 ἐγράφη
1668 3581 1774 3652 πρὸ

176 3653 383 3708 πολλοῦ
404 3670 419 3683 ⁸
451 3656 551 3709 οὐκ
582 3658 894 3732 ἐπαλαιώθη
938 3662 995 3714 δὲ
1026 3663 1134 3717 τῶν
1172 3666 1517 3737 γραμμάτων
1547 3671 1577 3740 ἡ
1616 3670 1775 3724 δύνα-

181 3760 295 3815 μις,
322 3744 440 3797 ἀλλ’
468 3747 704 3817 ἀκμάζει
733 3749 828 3801 καὶ
860 3751 981 3804 καθ’
1014 3753 1224 3826 ἡμέραν
1261 3756 1457 3827 ἰσχύει.
1499 3759 1770 3826 Ἐξέλθετε

175 3838 272 3891 τοῦ
292 3838 693 3912 δεσμωτηρίου,
719 3845 1043 3916 παρακαλῶ.
1067 3850 1121 3902 Μ
1129 3851 1348 3920 ισήσατε
1371 3852 1439 3905 τὰ
1472 3854 1568 3923 τῆς
1590 3855 1772 3926 ἁμαρ-

173 3930 297 3995 τίας
335 3933 588 3986 σκοτεινὰ
634 3937 944 4009 οἱκητήρια.
981 3940 1215 4009 Φεύγετε
1253 3943 1345 3996 τὸν
1382 3944 1661 4010 διάϐολον,
1697 3948 1772 4013 ὡς

174 4023 379 4094 πικρὸν
408 4025 791 4096 δεσμοφύλακα
814 4068 830 4092 ,
865 4032 929 4083 ὲκ
975 4031 1076 4102 τῆς
1127 4038 1414 4108 συμφορᾶς
1448 4039 1556 4093 τῶν
1589 4041 1773 4113 ἁμαρ-

172 4115 367 4169 τωλῶν
398 4117 729 4189 τρεφόμενον
783 4124 877 4174 καὶ
929 4122 1294 4194 κερδαίνοντα.
1351 4128 1439 4192 Ὠς
1485 4130 1595 4202 γὰρ
1641 4131 1772 4197 Θεὸς

173 4208 528 4280 εὐφραίνεται
564 4214 680 4275 ταῖς
708 4212 1078 4279 δικαιοσύναις
1103 4218 1136 4287 ἡ
1146 4217 1283 4287 μῶν,
1315 4218 1485 4284 οὕτως
1514 4222 1770 4292 ὲφήδεται

171 4302 289 4363 τοῖς
343 4300 787 4373 παραπτώμασιν
836 4307 865 4359 ὁ
925 4305 1025 4376 τῆς
1064 4308 1337 4380 ἁμαρτίας
1389 4310 1582 4377 αἴτιος.
1627 4314 1772 4380 ’Ἑξω

172 4392 271 4446 τοῦ
303 4392 630 4464 παραδείσου
670 4396 988 4467 τυγχάνεις,
1027 4400 1056 4453 ὁ
1098 4401 1539 4473 κατηχούμενος,
1578 4421 1765 4458 κοινως

1882 3211 2169 3277 interitus,
2212 3211 2464 3267 scribens
2516 3210 2744 3281 preprio
2793 3211 2969 3284 digito
3024 3221 3084 3268 ut
3114 3215 3245 3270 olim
3296 3216 3468 3287 legem

1878 3301 2142 3360 Hebraeis.

1957 3414 1977 3447 ‹
2008 3395 2265 3451 Accedite
2282 3397 2350 3453 ad
2367 3414 2492 3454 eum
2514 3409 2568 3456 et
2588 3402 2998 3467 illuminamini,
3023 3411 3077 3458 et
3100 3402 3282 3459 vultus
3296 3403 3467 3459 vestri

1875 3488 2105 3542 minime
2129 3492 2337 3558 pudore
2354 3491 2665 3548 adiciantur
2682 3494 2748 3548 ³⁸.
2784 3494 3090 3561 Lavamini,
3117 3496 3327 3550 auferte
3348 3511 3468 3566 pec-

1877 3588 1996 3635 cata
2020 3588 2199 3636 vestra
2214 3583 2282 3634 ³⁸.
2317 3601 2336 3634 ι
2362 3582 2488 3640 Haec
2506 3585 2727 3655 quidem
2748 3586 2912 3657 longo
2931 3594 3176 3655 tempore
3198 3595 3322 3641 ante
3336 3586 3467 3642 scri-

1875 3681 1968 3742 pta
2001 3684 2169 3730 sunt:
2217 3676 2549 3746 scriptorum
2594 3685 2780 3732 autem
2822 3680 2903 3733 vis
2937 3679 3160 3733 minime
3188 3686 3273 3734 est
3320 3680 3462 3734 anti-

1876 3777 2043 3835 quata
2072 3805 2088 3829 ,
2125 3767 2221 3822 sed
2249 3768 2398 3838 viget
2443 3776 2497 3823 et
2529 3768 2579 3823 in
2615 3770 2731 3826 dies
2759 3771 3064 3826 invalescit.
3100 3770 3253 3825 Exite
3282 3786 3312 3826 e
3350 3787 3465 3825 car-

1878 3871 2026 3923 cere,
2058 3872 2157 3913 vos
2207 3873 2359 3930 rogo.
2405 3856 2545 3914 Odio
2578 3859 2776 3917 habete
2812 3862 3103 3918 tenebrosa
3165 3862 3280 3916 vitii
3316 3862 3464 3918 babi-

1877 3949 2077 4004 tacula.
2108 3946 2301 4021 Fugite
2331 3951 2633 4016 diabolum,
2668 3959 2931 4023 tauquam
2971 3953 3232 4008 acerbum
3268 3968 3461 4009 eorum

1875 4038 1966 4107 qui
1992 4049 2122 4092 sunt
2157 4038 2211 4093 in
2261 4040 2524 4108 vinculis,
2549 4043 2859 4109 custodem,
2890 4043 2983 4112 qui
3011 4057 3075 4097 ex
3110 4054 3460 4109 peccatorum

1873 4130 2186 4186 calamitate
2230 4134 2477 4186 nutritur
2533 4140 2587 4187 et
2648 4143 2913 4204 quaestum
2979 4134 3132 4188 facit.
3175 4134 3462 4199 Quomodo

1873 4221 2019 4277 cnim
2040 4221 2278 4292 justitiis
2302 4223 2515 4279 nostris
2565 4224 2785 4277 lautatur
2812 4223 2976 4288 Deus,
3029 4225 3102 4279 ita
3136 4223 3337 4294 gaudet
3366 4224 3463 4279 de-

1873 4312 2019 4368 lictis
2052 4313 2121 4377 is,
2158 4314 2250 4383 qui
2286 4325 2371 4369 est
2402 4321 2597 4369 auctor
2623 4313 2854 4383 peccati.
2908 4313 2980 4369 Es
3030 4321 3185 4368 extra
3236 4315 3461 4383 paradi-

1873 4418 2016 4468 sum,
2043 4405 2460 4471 catechumene,
2492 4405 2679 4459 socius
2710 4404 2892 4459 exsilii
2928 4404 3056 4459 Adae
3086 4404 3249 4475 primi
3280 4407 3460 4462 nostri

171 4481 283 4538 νῶν
302 4483 403 4556 τῆς
427 4484 637 4557 εξορίας
663 4486 742 4559 τῷ
781 4488 950 4561 Ἀδὰμ
982 4489 1060 4561 τῷ
1098 4493 1425 4565 προπάτορι.
1457 4494 1572 4549 Νῦν
1594 4495 1650 4549 δέ
1684 4514 1768 4551 σοι

1879 4498 2139 4568 parentis.
2166 4497 2325 4552 Nunc
2357 4505 2540 4552 autem
2573 4497 2716 4552 ostio
2769 4497 2867 4552 tibi
2923 4473 3113 4568 aperto
3172 4498 3461 4570 ingredere

171 4575 278 4645 τῆς
306 4575 479 4648 θύρας
498 4579 962 4651 ὑπανοιγομένης,
1004 4582 1211 4637 εἷσελθε
1237 4583 1361 4640 ὅθεν
1387 4585 1637 4659 ἐξῆλθες,
1673 4589 1768 4643 καὶ

176 4669 255 4740 μὴ
296 4668 597 4744 βραδύνῃς,
631 4673 815 4743 μήπου
850 4671 1081 4739 θάνατος
1115 4679 1487 4750 παρεμπεσὼν
1518 4680 1767 4754 ἀποφρά-

175 4760 244 4833 ξῃ
271 4761 372 4833 τὴν
410 4762 634 4821 εἴσοδον.
679 4766 743 4820 Ἦ
776 4767 986 4838 κεφαλὴ
1035 4767 1222 4823 λοιπὸν
1254 4770 1595 4827 λευκαίνεται
1619 4813 1635 4836 ,
1667 4775 1763 4831 τοῦ

172 4854 295 4926 βίου
342 4855 403 4908 τὸ
436 4856 592 4930 θέρος
639 4858 844 4929 ἐγγὺς,
899 4862 1042 4933 τάχα
1069 4864 1331 4917 ἀκονᾶται
1372 4865 1494 4919 καθ’
1521 4867 1679 4938 ήμῶν
1728 4870 1762 4941 ἡ

168 4945 454 5017 δρεπάνη,
490 4948 585 5002 καὶ
631 4949 883 5017 δέδοικα,
945 4952 1020 5024 μὴ
1073 4951 1443 5010 καθευδόντων
1483 4956 1639 5029 ήμῶν
1670 4958 1764 5013 καὶ

166 5038 647 5110 ὲνασχολουμὲνων
691 5044 811 5106 ταῖς
851 5043 1109 5114 ματαίαις
1153 5045 1537 5116 ματαιότησιν,
1569 5048 1764 5121 ἀθρόον

165 5131 373 5202 ἐπιστῇ
403 5131 631 5203 φοϐερὸς
654 5135 683 5186 ὁ
720 5134 951 5203 τέμνων.
999 5135 1138 5190 Ἀλλ’
1165 5137 1309 5207 ἐρεῖς
1347 5140 1375 5191 ό
1417 5139 1534 5203 νέος
1559 5157 1574 5172 ο
1606 5140 1764 5195 Οὑδέ-

165 5237 259 5274 πω
298 5220 612 5291 γεγήρακα.
645 5222 736 5295 Μὴ
770 5223 952 5279 τοίνυν
985 5225 1317 5299 ἀπατηθήσῃ
1339 5244 1353 5257 ο
1386 5227 1614 5293 θάνατος
1652 5231 1762 5304 γὰρ

163 5312 537 5385 προθεσμίαις
558 5313 783 5385 ἡλικιῶν
808 5316 907 5388 οὐχ
930 5318 1189 5389 ὁρίζεται,
1220 5320 1341 5373 οὐδὲ
1368 5320 1613 5391 φοϐεῖται
1638 5325 1764 5389 τοὺς

166 5405 229 5457 ὲν
257 5406 416 5476 ἀκμῇ
438 5444 455 5469 ,
487 5404 628 5458 κατὰ
672 5405 729 5460 δὲ
771 5407 1044 5480 γερόντιον
1080 5410 1240 5481 μόνον
1276 5409 1390 5481 ἔχει
1440 5410 1500 5464 τὺ
1539 5412 1759 5483 κράτος.

161 5494 282 5551 Καὶ
313 5496 508 5550 τούτου
542 5496 680 5568 μάθε
719 5497 818 5570 τὴν
846 5499 1219 5574 καθημερινὴν
1262 5505 1458 5574 πεῖραν
1500 5502 1760 5558 διδάσκοι·-

160 5583 276 5643 λον.
318 5585 488 5660 Ὅρᾷς
520 5587 629 5660 γὰρ
657 5589 756 5662 τὴν
787 5588 974 5664 κλίνην
1006 5591 1103 5664 τῆς
1146 5594 1414 5665 ἐκφορᾶς,
1449 5592 1598 5660 ὅπως
1618 5595 1756 5652 ἀνω-

228 5765 285 5803 "
309 5765 460 5824 Psai.
517 5782 716 5838 χχχιιι,
750 5769 805 5827 6.
882 5768 927 5802 "
962 5768 1067 5827 isa.
1102 5784 1140 5837 ι,
1178 5770 1269 5827 16.

1865 4589 2011 4646 unde
2039 4605 2100 4647 es
2129 4605 2409 4663 egressus,
2460 4596 2516 4645 et
2549 4605 2616 4645 ne
2644 4589 2848 4655 tardes,
2886 4606 2954 4645 ne
3009 4591 3054 4646 si
3112 4589 3251 4646 forte
3303 4607 3459 4649 mors

1864 4680 2147 4747 inciderit,
2207 4696 2270 4736 ea
2306 4681 2403 4736 tibi
2436 4681 2692 4736 obstruat
2722 4681 2952 4737 aditum.
2989 4681 3168 4752 Caput
3207 4683 3320 4752 jam
3361 4699 3459 4738 ca-

1864 4775 2081 4831 nescit:
2121 4790 2294 4846 prope
2346 4786 2431 4832 est
2462 4784 2627 4831 aestas
2687 4776 2850 4832 vitae:
2888 4777 2943 4831 in
2982 4791 3082 4831 nos
3142 4774 3285 4831 forte
3344 4775 3458 4833 falx

1861 4864 2101 4929 acuitur,
2131 4873 2186 4921 et
2211 4866 2400 4928 timeo,
2431 4880 2501 4922 ne
2529 4865 2690 4922 nobis
2716 4864 3142 4932 dormientibus,
3169 4875 3225 4921 et
3255 4866 3310 4920 in
3344 4880 3454 4920 una

1871 4971 1971 5027 spe
1999 4958 2307 5028 occupatis,
2354 4967 2579 5030 repente
2634 4958 2862 5014 accedat
2902 4971 3118 5013 messor
3166 4956 3451 5013 terribilis.

1873 5044 2002 5111 Sed,
2031 5047 2183 5103 dices
2213 5055 2295 5114 tu,
2329 5047 2423 5118 qui
2448 5063 2510 5103 es
2538 5044 2761 5116 juvenis
2798 5064 2812 5101 :
2848 5044 3103 5102 Nondum
3161 5047 3451 5102 consenui.

1871 5137 1993 5193 Noli
2020 5153 2152 5209 ergo
2181 5137 2385 5208 decipi.
2422 5136 2541 5192 Non
2564 5137 2828 5192 deﬁnitur
2849 5150 3000 5190 mors
3026 5142 3179 5191 certo
3207 5141 3455 5204 tempore

1861 5230 2062 5295 aetatis,
2082 5245 2264 5300 neque
2288 5229 2441 5284 timet
2461 5244 2557 5284 eos
2590 5228 2685 5299 qui
2714 5234 2843 5283 sunt
2864 5226 2919 5281 in
2951 5226 3071 5297 ipso
3094 5223 3226 5281 ﬂore
3250 5226 3456 5292 aetatis,

1863 5320 1919 5376 in
1952 5322 2101 5378 solos
2144 5329 2326 5376 autem
2370 5335 2530 5376 senes
2576 5320 2791 5377 obtinet
2849 5318 3216 5373 dominatum.
3272 5314 3453 5387 Hujus

1861 5420 2043 5468 autem
2066 5414 2259 5484 accipe
2276 5413 2595 5484 magistram
2618 5408 2998 5482 quotidianam
3026 5407 3451 5478 experientiam.

1871 5506 2032 5563 Vides
2069 5509 2238 5572 enim,
2262 5521 2372 5580 quo
2387 5505 2594 5561 mortui
2622 5503 2945 5569 eﬂ‘eruntur,
2972 5501 3256 5569 feretrum,
3284 5516 3448 5572 quam

1866 5596 2231 5673 inaequaliter,
2262 5607 2317 5658 et
2346 5607 2407 5657 ut
2439 5598 2688 5673 contigit,
2751 5611 2970 5655 omnem
3022 5594 3179 5654 eﬂ‘ert
3211 5603 3448 5666 atatem,
