4026 6436
552 352 555 357 ’
589 360 698 418 419

1847 353 1907 411 S.
1932 345 2258 410 CREGORII
2313 345 2610 406 NYSSENI

3744 355 3852 412 420

592 475 757 530 hodie
791 487 1000 542 senem,
1025 486 1153 531 cras
1193 468 1478 532 ﬂorentem
1530 479 1587 529 et
1633 472 1935 545 elegantem
1978 468 2164 525 adole-

2283 465 2461 536 μάλως
2479 505 2495 531 ,
2521 465 2619 521 καὶ
2651 465 2730 531 ὡς
2774 464 2933 537 ἔτυχε
2955 505 2970 523 .
3003 464 3182 520 πᾶσαν
3204 459 3424 538 ἡλικίαν
3449 463 3660 534 ἐξάγει,
3689 468 3858 538 σήμε-

591 574 860 628 scentcm,
904 565 1071 636 paulo
1115 572 1244 637 post
1288 581 1414 621 cum
1470 565 1557 621 cui
1620 570 1863 635 cmperat
1911 575 2175 634 apparere

591 658 796 729 lanugo
826 672 844 713 :
873 673 1071 714 rursus
1116 657 1295 713 virum
1329 656 1618 714 robustum
1646 665 1701 711 et
1734 656 2007 711 valentem
2041 652 2176 707 viri-

590 747 719 814 bus,
743 756 801 805 et
825 764 1019 805 rursus
1048 749 1292 805 vetulam
1323 749 1486 805 simul
1515 757 1572 804 et
1600 747 1891 818 virginem.
1940 742 2068 799 Haec
2110 757 2173 798 a-

533 873 540 879 -
590 842 891 912 spicientes
917 856 1018 897 nos
1038 843 1376 909 muniamus,
1400 848 1459 895 ut
1480 855 1588 896 non
1612 841 1787 898 simus
1814 846 1960 894 metu
1989 838 2172 895 vacui.

590 929 711 986 Non
758 945 959 1003 magno
1008 932 1227 987 eveniet
1269 930 1491 1002 negotio
1530 939 1591 985 ut
1643 927 1997 986 exinaniatur
2052 934 2177 983 uter

568 1022 847 1095 spiritus,
884 1023 930 1080 si
969 1038 1036 1081 os
1089 1037 1285 1093 parum
1344 1021 1511 1079 fuerit
1543 1033 1827 1094 apertum,
1881 1035 2058 1092 neque
2091 1027 2178 1076 est

591 1115 815 1172 diﬂicile
877 1115 1156 1172 hominem
1236 1123 1519 1173 momento
1590 1117 1860 1188 temporis
1934 1115 2175 1172 animam

591 1205 868 1262 emittere.

663 1294 858 1362 Video,
912 1294 1133 1366 quando
1165 1295 1368 1367 aliquis
1419 1305 1578 1352 terrae
1620 1303 1805 1354 motus
1858 1297 1914 1353 in
1969 1296 2176 1352 mundo

589 1394 819 1444 exortus
867 1385 1068 1451 fuerit,
1115 1396 1212 1443 aut
1257 1389 1430 1444 fames
1473 1389 1716 1459 pestisve
1766 1390 2037 1458 saevierit,
2085 1396 2179 1443 aut

591 1478 829 1549 irruptio
862 1478 1005 1534 facta
1050 1481 1122 1536 sit
1157 1480 1529 1547 inimicorum,
1578 1482 1841 1537 festinare
1875 1497 2070 1539 omnes
2106 1481 2176 1536 ad

591 1570 998 1642 baptisterium,
1036 1588 1107 1628 ne
1141 1573 1296 1629 vacui
1332 1575 1507 1645 gratia
1539 1573 1806 1630 excedant
1839 1574 1907 1629 ab
1939 1574 2178 1630 homini-

591 1662 722 1720 bus.
754 1663 896 1731 Quid
929 1665 1104 1720 vero?
1138 1664 1336 1720 Annon
1389 1665 1484 1720 alii
1517 1666 1654 1720 varii
1690 1674 1746 1723 ct
1777 1665 2046 1738 inepinati
2083 1681 2177 1721 ca-

591 1770 692 1813 sus
722 1756 969 1813 eamdem
1005 1758 1116 1813 vim
1148 1757 1352 1813 habent
1386 1772 1552 1829 quam
1588 1758 1679 1812 illa
1721 1760 1911 1817 mala?
1939 1759 2179 1830 Apople-

501 1830 516 1844 ’
590 1849 732 1914 πίω,
763 1864 1056 1923 syncopte,
1086 1850 1391 1922 inopinatae
1418 1851 1809 1909 sul'iocationes
1831 1892 1847 1919 ,
1881 1860 2174 1909 ventorum

600 1940 880 1998 irruentes
892 1942 1178 2013 procellae?
1198 1941 1388 1998 Nonne
1407 1943 1678 2009 videmus,
1696 1958 1791 2001 eos
1811 1943 1903 2015 qui
1923 1952 2176 2011 currunt,

596 2031 835 2099 cadere,
867 2039 924 2089 ct
956 2033 1051 2104 qui
1087 2033 1422 2099 comedunt,
1462 2034 1625 2105 plane
1660 2051 1885 2092 cessare
1923 2050 1953 2091 a
1995 2036 2179 2091 nutri-

594 2130 817 2186 mento.
865 2131 921 2178 et
963 2122 1058 2194 qui
1109 2121 1391 2177 dormiunt
1447 2122 1576 2178 duci
1617 2123 1685 2178 ad
1727 2133 1955 2179 mortem
1998 2123 2180 2178 somni

592 2211 894 2268 sororem?
934 2211 1213 2268 Conlirma
1257 2220 1311 2268 et
1354 2213 1539 2269 stabili
1586 2214 1713 2269 vitae
1760 2213 2177 2270 instabilitatem

596 2312 655 2360 et
693 2303 1172 2360 inccrtitudinem.
1213 2302 1335 2359 Noli
1376 2305 1686 2375 negotiari,
1733 2314 1828 2361 aut
1877 2307 2180 2378 cauponari

593 2395 864 2467 gratiam,
900 2409 971 2450 ne
1004 2408 1034 2448 a
1062 2393 1207 2448 dono
1244 2394 1491 2449 excidas.
1526 2393 1764 2450 Tantum
1793 2396 1932 2452 debe
1955 2438 1970 2463 ,
2003 2412 2181 2467 quan-

596 2495 716 2540 tum
752 2484 931 2556 possit
962 2483 1304 2553 condonari,
1346 2491 1403 2540 et
1436 2484 1584 2555 quod
1625 2502 1734 2542 non
1775 2489 1953 2558 possit
1991 2489 2183 2544 exclu-

592 2579 725 2633 dere
773 2576 920 2648 regis
964 2576 1383 2648 benignitatem.
1432 2578 1622 2636 Terrae
1670 2580 1818 2635 enim
1861 2581 2179 2652 principes,

590 2667 823 2741 quando
876 2668 1121 2738 aliquem
1173 2669 1532 2739 acceperint,
1590 2670 1683 2740 qui
1741 2671 1960 2740 publica
2012 2685 2182 2742 supra

591 2760 820 2816 modum
847 2759 1140 2831 appetierit
1159 2799 1174 2826 ,
1204 2769 1259 2815 et
1289 2776 1351 2816 se
1378 2759 1528 2831 regia
1560 2762 1795 2832 pecunia
1823 2764 1988 2819 etiam
2015 2779 2180 2834 supra

593 2852 907 2909 satietatem
943 2851 1286 2922 impleverit,
1326 2851 1621 2923 desperant
1667 2854 1888 2924 quidem
1943 2854 2062 2911 fore
2122 2862 2184 2910 ut

594 2943 815 3008 reddat,
847 2942 1046 2998 acerbe
1074 2950 1257 2999 autem
1284 2944 1524 3014 puniunt
1546 2985 1560 3011 ,
1595 2959 1757 3014 poena
1805 2947 2048 3002 contenti
2081 2960 2183 3017 pro

592 3034 856 3106 pecunia.
901 3031 1135 3089 Multum
1184 3036 1450 3105 temporis
1493 3035 1697 3092 dedisti
1749 3037 2057 3108 voluptati,
2114 3041 2182 3092 da

2280 574 2372 630 ρον
2398 558 2491 611 τὸν
2522 555 2856 628 πρεσϐύτην,
2884 556 3072 630 αὔριον
3096 557 3158 611 τὸ
3184 556 3381 612 ἀνθοῦν
3405 556 3501 611 καὶ
3527 557 3714 630 χαρίεν
3744 576 3861 631 μει-

2281 649 2489 722 ράκιον,
2522 651 2641 721 μετ’
2667 649 2848 719 ὀλίγον
2869 648 2962 703 τὸν
2988 649 3354 722 αὐξανόμενον
3380 649 3474 705 τοῦ
3505 650 3678 704 ἰούλου
3700 689 3717 716 ,
3757 651 3862 705 πά-

2276 742 2360 797 λιν
2382 743 2473 797 τδν
2503 741 2803 815 ῥωμαλέον,
2834 742 2929 797 καὶ
2954 741 3270 813 ἀκμάζοντα
3290 782 3306 809 ,
3339 737 3497 806 αὖθις
3533 741 3630 814 τὴν
3660 743 3858 815 γραῦν,

2275 836 2413 908 όμοῦ
2441 836 2540 911 τὴν
2566 837 2756 911 κόρην.
2787 836 2975 892 Ταῦτα
3018 838 3276 910 ὁρῶντες,
3303 836 3404 912 τὴν
3437 837 3659 910 ἀδηλίαν
3689 840 3861 908 ἀσφα-

2275 927 2555 1000 λισώμεθα
2579 945 2594 960 ·
2627 930 2704 985 Οὐ
2726 929 2837 1001 γάρ
2862 929 3010 983 ἐστιν
3042 928 3301 998 ἐργῶδες,
3325 928 3412 982 ἵνα
3448 927 3615 990 ἀσκὸς
3650 929 3861 1001 κενωθῇ

2276 1017 2372 1073 τοῦ
2418 1017 2767 1090 πνεύματος,
2834 1018 3033 1090 μικρὸν
3078 1017 3465 1088 ὕπανοιγέντος
3518 1017 3613 1073 τοῦ
3657 1020 3861 1091 στόμα-

2275 1127 2402 1176 τος,
2451 1111 2571 1171 οὐδὲ
2608 1110 2865 1173 δύσκολον
2896 1110 3185 1184 ἄνθρωπον
3221 1111 3280 1166 ἐν
3316 1111 3516 1183 ἀκαρεῖ
3547 1110 3646 1184 τὴν
3686 1110 3864 1185 ψυχὴν
3935 1093 3941 1101 ’

2278 1203 2561 1276 προέσθαι.

2360 1294 2505 1368 Ὀρῶ
2548 1296 2676 1351 ὅταν
2728 1296 2859 1351 ποτέ
2908 1295 3132 1368 σεισμὸς
3175 1296 3496 1368 ἐπιγένηται
3542 1296 3623 1369 τῷ
3668 1296 3788 1369 βίῳ,
3829 1297 3863 1369 ἢ

2277 1387 2456 1458 λιμὸς,
2498 1386 2835 1460 ἢπολεμίων
2889 1386 3229 1459 καταδρομὴ,
3272 1388 3481 1452 πάντας
3530 1388 3863 1459 ἐπειγμένως

2278 1479 2372 1534 ἐπὶ
2402 1480 2464 1534 τὺ
2496 1479 2884 1552 βαπτιστήριον
2928 1479 3274 1543 σπεύδοντας,
3322 1478 3410 1540 ἵνα
3459 1477 3534 1554 μὴ
3587 1479 3734 1540 κενοὶ
3773 1479 3866 1551 τῆς

2278 1573 2503 1646 χάριτος
2529 1571 2590 1639 ἐξ
2611 1571 2916 1643 ἀνθρώπων
2964 1569 3294 1625 ἀπέλθωσιν.
3345 1570 3414 1624 Τί
3454 1565 3582 1633 οῦνς
3630 1569 3700 1623 τά
3738 1569 3864 1625 ἄλλα

2277 1666 2350 1722 τά
2382 1664 2603 1719 ποικίλα
2653 1663 2800 1734 πάθη
2842 1661 2940 1717 καὶ
2985 1662 3369 1733 ἀπροσδόκητα
3415 1662 3516 1716 οὐκ
3564 1663 3868 1734 ίσοδυναμεῐ

2278 1761 2393 1824 τοῖς
2421 1759 2611 1821 κακοῖς
2647 1754 2910 1820 ἐκείνοις;
2954 1753 3333 1826 ’Δποπληξίαι,
3361 1754 3707 1825 παρακοπαὶ,
3756 1753 3867 1807 πνί-

2281 1853 2393 1921 ξεις
2430 1852 2703 1923 ἀδόκητοι,
2734 1830 3062 1921 πνευμάτων
3095 1847 3396 1913 ἐνστάσεις,
3433 1847 3528 1900 καὶ
3571 1845 3643 1899 τὰ
3672 1844 3868 1899 τούτων

2280 1944 2584 2012 άκόλουθας
2610 1944 2686 1998 oo
2726 1941 2996 2014 βλέπομεν
3023 1942 3151 2004 τοὺς
3192 1939 3251 1995 ἐν
3294 1937 3375 2010 τῷ
3403 1937 3621 2011 τρέχειν
3654 1935 3869 1991 πίπτον-

2280 2053 2398 2102 τας,
2425 2033 2704 2098 ἐσθίοντας
2733 2033 2828 2095 καὶ
2864 2030 3086 2095 τελείως
3124 2029 3227 2102 τῆς
3266 2028 3475 2099 τροφῆς
3509 2027 3866 2099 παυομένους,

2281 2126 2643 2190 καθεύδοντας
2672 2125 2767 2179 καὶ
2796 2122 3166 2186 λανθανόντως
3212 2119 3290 2192 τῷ
3329 2119 3545 2190 ἀδελφῷ
3580 2117 3679 2173 τοῦ
3708 2118 3867 2173 ὕπνου

2280 2219 2361 2291 τῷ
2381 2218 2599 2289 θανάτῳ
2626 2215 3071 2290 προσαγομένους
3094 2230 3109 2280 ;
3143 2212 3466 2284 Ἀσφάλισαι
3510 2210 3574 2265 τὺ
3601 2210 3870 2282 ἀστάθμηο

2283 2328 2374 2366 τον
2397 2310 2493 2366 καλ⁸
2523 2309 2718 2378 ἄδηλον
2745 2308 2840 2362 τοῦ
2873 2308 3012 2379 βίου.
3054 2306 3147 2377 Μὴ
3191 2304 3500 2378 ἐμπορεύου
3546 2303 3652 2375 τὴν
3697 2302 3864 2374 χάριν,

2284 2403 2386 2470 ἵνα,
2412 2400 2488 2476 μὴ
2515 2401 2755 2470 ἐκπέσῃς
2794 2399 2895 2471 τῆς
2935 2398 3164 2470 δωρεᾶς.
3209 2395 3462 2450 Τοσαῦτα
3506 2393 3867 2468 χρεώστησον,

2283 2496 2384 2550 ὅσα
2421 2493 2643 2549 δυνατὸν
2688 2492 2783 2546 καὶ
2817 2489 3259 2563 συγχωρηθῆναι,
3294 2489 3393 2543 ὃσα
3419 2489 3514 2543 καὶ
3554 2487 3658 2561 τὴν
3696 2488 3872 2559 φιλαν-

2284 2585 2531 2659 θρωπίαν
2567 2583 2664 2639 τοῦ
2705 2582 2970 2655 βασιλέως
3003 2582 3103 2636 οὐκ
3146 2579 3479 2643 ἀποκλείσει.
3529 2582 3646 2636 Καὶ
3680 2581 3786 2654 γὰρ
3825 2583 3869 2635 οἱ

2282 2679 2383 2751 τῆς
2411 2678 2516 2749 γῆς
2537 2677 2798 2749 ἄρχοντες
2827 2676 2955 2732 ὅταν
2997 2674 3119 2733 τινά
3149 2673 3388 2728 λάϐωσιν
3422 2673 3712 2747 ὑπεράγαν
3742 2692 3871 2728 σπασ-

2285 2770 2531 2844 θήσαντα
2563 2769 2634 2824 τά
2670 2768 2927 2841 δημόσια,
2951 2767 3049 2821 καὶ
3088 2767 3197 2822 τῶν
3246 2766 3539 2838 βασιλικῶν
3580 2767 3870 2840 χρημάτων

2284 2862 2426 2934 ὑπὲρ
2468 2861 2630 2934 κόρον
2674 2859 3206 2935 κατατρυφήσαντα,
3269 2857 3369 2929 τῆς
3419 2858 3518 2929 μὲν
3571 2859 3870 2921 ἀποδόσεως

2284 2952 2720 3023 ἀπογινώσκουσι
2744 2969 2758 2983 ·
2785 2950 3074 3024 κολάζουσι
3108 2951 3164 3005 δὲ
3201 2950 3434 3023 πικρῶς,
3466 2951 3587 3005 ἀντὶ
3618 2952 3730 3006 τῶν
3752 2967 3873 3024 χρηρ

2289 3045 2475 3115 μάτων
2502 3047 2621 3109 ταῖς
2646 3043 2962 3115 τιμωρίαις,
2986 3042 3336 3116 ἀρκούμενοι.
3383 3042 3620 3107 Πολλοὺς
3662 3043 3872 3117 χρόνους

592 3125 766 3182 etiam
817 3123 1027 3195 aliquid
1076 3123 1462 3196 philosophiae.
1514 3125 1667 3182 Exue
1709 3137 1950 3184 veterem
2005 3122 2180 3184 homi-

2286 3134 2526 3208 ἐχαρίσω
2547 3136 2613 3207 τῇ
2637 3133 2816 3206 ήδονῇο
2839 3132 2928 3197 δὺς
2956 3132 3051 3188 καὶ
3073 3136 3140 3207 τῇ
3168 3131 3454 3205 φιλοσοφίᾳ
3476 3131 3697 3206 σχολήν.
3726 3132 3871 3187 Ἀπό-

593 3233 724 3274 nem
774 3225 1037 3289 tanquam
1087 3223 1294 3273 vestem
1341 3219 1619 3276 sordidam
1652 3260 1668 3287 ,
1720 3236 1842 3292 qua:
1884 3229 1971 3277 est
2018 3222 2177 3293 plena

597 3311 806 3387 probro
842 3316 898 3365 et
931 3308 1201 3366 dedecore
1222 3352 1237 3379 ,
1277 3327 1402 3384 quae
1436 3328 1505 3369 ex
1541 3325 1894 3384 peccatorum
1934 3315 2174 3373 conﬂata

596 3413 687 3463 est
720 3402 1081 3461 multitudine
1103 3441 1120 3468 ,
1155 3411 1209 3459 et
1244 3405 1632 3461 consarcinata
1663 3421 1733 3462 ex
1771 3407 2186 3465 miserabilibus

596 3498 801 3569 pannis
832 3496 1169 3568 iniquitatis.
1209 3496 1414 3568 Accipe
1449 3505 1631 3553 autem
1671 3498 2054 3555 indumentum
2095 3500 2186 3555 in-

594 3588 1019 3660 corruptionis,
1054 3587 1204 3660 quod
1254 3587 1589 3660 explicatum
1639 3596 1695 3644 et
1738 3598 2028 3646 extensum
2084 3591 2185 3646 tibi

595 3681 858 3739 Christus
898 3683 1172 3754 porrigit;
1206 3697 1311 3738 nec
1350 3683 1556 3753 repelle
1592 3682 1797 3739 donum
1823 3721 1839 3749 ,
1876 3699 1945 3739 ne
1983 3684 2186 3753 injuria

598 3772 804 3829 olﬁcias
851 3790 1016 3841 eum,
1058 3775 1153 3846 qui
1190 3774 1360 3831 dedit.
1399 3774 1457 3830 In
1496 3775 1612 3829 luto
1645 3775 1738 3829 diu
1770 3790 1830 3831 cs
1860 3776 2184 3844 volutatus;

600 3864 806 3919 festina
834 3865 903 3921 ad
940 3880 1123 3920 meum
1153 3864 1452 3921 Jordanem
1478 3906 1493 3932 ,
1524 3880 1636 3922 non
1670 3865 1882 3922 Joanne
1912 3876 2144 3923 vocante
2169 3906 2186 3932 ,

598 3956 699 4012 sed
741 3955 964 4012 Christo
998 3956 1351 4012 adhortante.
1383 3955 1612 4011 Fluvius
1646 3957 1794 4013 enim
1836 3958 2027 4029 gratiae
2067 3959 2189 4014 ﬂuit

604 4047 849 4120 ubique,
888 4063 999 4104 non
1030 4047 1212 4104 fontes
1243 4047 1456 4103 habens
1497 4048 1551 4102 in
1594 4047 1888 4104 Palaestina
1910 4089 1925 4115 ,
1960 4060 2014 4105 et
2053 4050 2191 4107 vici-

600 4155 735 4195 num
787 4155 941 4197 mare
995 4139 1268 4204 inﬂuens,
1323 4140 1421 4196 sed
1462 4148 1638 4195 totum
1675 4143 1862 4197 orbem
1909 4151 2184 4199 terrarmn

600 4234 973 4299 circumiens,
1019 4242 1074 4291 et
1120 4233 1435 4306 ingrediens
1484 4234 1844 4304 paradisum,
1895 4234 2072 4295 ﬂuens
2123 4250 2190 4292 ex

602 4325 837 4381 adverso
873 4325 1092 4380 illorum
1122 4333 1386 4397 quatuor,
1420 4326 1514 4396 qui
1556 4325 1706 4379 illine
1750 4325 1978 4400 cllluunt
2002 4369 2016 4392 ,
2046 4338 2098 4382 et
2131 4328 2186 4384 in

2285 3228 2444 3282 δυσαι
2468 3225 2559 3280 τὸν
2592 3223 2818 3279 παλαιὸν
2843 3224 3151 3294 ἄνθρωπον,
3177 3221 3254 3287 ὡς
3289 3222 3500 3294 ἱμάτιον
3526 3223 3792 3296 ῥυπαρὸν,
3816 3221 3871 3281 τδ

2286 3320 2533 3392 αίσχρὸν,
2565 3318 2626 3372 τὸ
2657 3316 2825 3388 γέμον
2852 3315 3119 3387 αἰσχύνης
3159 3314 3221 3368 τὸ
3270 3316 3335 3368 ἐκ
3378 3313 3473 3369 τοῦ
3502 3314 3744 3387 πλήθους
3773 3315 3870 3368 τῶν

2288 3410 2573 3485 ἁμαρτιῶν
2601 3408 3020 3477 πολυκόλλητον,
3046 3408 3159 3473 τοῖς
3203 3407 3442 3479 οἰκτροῖς
3488 3408 3704 3477 ῥακίοις
3730 3424 3871 3479 περι-

2286 3501 2688 3575 κεκεντημένον
2706 3500 2805 3572 τῆς
2826 3499 3076 3570 ἀνομίας.
3103 3499 3262 3567 Δέξαι
3287 3499 3344 3552 δὲ
3369 3497 3432 3553 τὸ
3454 3500 3553 3571 τῆς
3577 3498 3872 3571 ἀφθαρσίας

2288 3595 2516 3667 ἔνδυμα,
2548 3595 2687 3665 ὅπερ
2710 3592 2737 3644 ό
2775 3592 3011 3664 Χριστός
3059 3607 3141 3644 σοι
3178 3588 3491 3655 διαπλώσας
3517 3591 3870 3661 προτείνεται,

2288 3688 2384 3742 καὶ
2410 3687 2485 3758 μὴ
2513 3684 2711 3758 ἀπὼσῃ
2736 3683 2834 3755 τὴν
2858 3681 3089 3754 δωρεὰν,
3119 3681 3207 3737 ἵνα
3235 3682 3311 3755 μὴ
3340 3682 3571 3756 ὑϐρίσῃς
3599 3682 3695 3737 τὸν
3721 3682 3873 3753 δωρη-

2291 3778 2548 3849 σάμενον.
2582 3775 2706 3830 Ἐπὶ
2741 3774 2950 3846 μακρὸν
2991 3774 3287 3831 ἐνεκυλίσω
3314 3774 3390 3847 τῷ
3419 3772 3666 3846 βορϐόρῳ
3685 3791 3700 3806 ο
3722 3771 3864 3827 σπεῦ·

2292 3887 2404 3936 σον,
2438 3869 2715 3940 ἄνθρωπε,
2743 3867 2836 3921 ἐπὶ
2866 3866 2959 3926 τὸν
2987 3867 3121 3938 ἐμὸν
3164 3866 3435 3939 Ἰορδάνην
3457 3904 3473 3931 ,
3502 3865 3605 3919 οὐκ
3640 3864 3871 3921 Ἰωάννου

2290 3962 2601 4029 καλοῦντος,
2633 3960 2772 4019 ἀλλά
2804 3958 3043 4032 Χριστοῦ
3082 3958 3501 4030 προτρέποντος.
3545 3957 3604 4012 '0
3642 3957 3751 4030 γὰρ
3782 3955 3872 4026 τῆς

2291 4056 2513 4128 χάριτος
2549 4051 2795 4125 ποταμὸς
2838 4053 2922 4124 ῥεῖ
2960 4050 3258 4126 πανταχοῦ,
3305 4049 3406 4104 οὐκ
3455 4051 3514 4104 ἐν
3558 4052 3629 4121 τῇ
3687 4047 3872 4104 Παλαι-

2293 4147 2444 4219 στίνῃ
2477 4145 2574 4210 τάς
2603 4143 2788 4215 πηγάς
2821 4143 2982 4215 ἔχων,
3009 4141 3106 4203 καὶ
3131 4143 3213 4207 είς
3249 4141 3348 4213 τὴν
3373 4141 3592 4210 γείτονα
3615 4138 3873 4197 καλυπτό-

2294 4258 2456 4313 μενος
2480 4239 2777 4301 θάλασσαν,
2799 4235 2936 4291 ἀλλά
2968 4237 3153 4291 πᾶσαν
3174 4235 3275 4308 τὴν
3299 4234 3626 4308 οίκουμένην
3650 4231 3870 4293 κυκλῶν.

2292 4334 2390 4389 καὶ
2436 4332 2734 4389 εἱσόἀλλων
2776 4332 2857 4396 είς
2899 4330 2993 4384 τὸν
3046 4329 3409 4402 παράδεισον·
3468 4328 3871 4399 ἀντιπρόσωπος

601 4416 921 4487 paradisum
953 4417 1116 4488 longe
1148 4417 1478 4487 pretiosiora
1519 4417 1762 4473 inferens
1786 4455 1801 4480 ,
1860 4433 2026 4487 quam
2066 4433 2180 4488 qua!

2297 4426 2436 4496 ῥέων
2462 4423 2572 4477 τῶν
2614 4420 2896 4492 τεσσάρων
2936 4418 3045 4473 τῶν
3085 4417 3295 4481 ἐκεῖθεν
3340 4417 3741 4491 ἀπορρεόντων,
3787 4411 3870 4467 καὶ

605 4508 759 4564 illinc
805 4516 1192 4578 exportantur.
1237 4507 1376 4563 Nam
1423 4509 1503 4564 illi
1543 4508 1767 4579 quidem
1812 4507 1998 4564 ferunt
2063 4526 2180 4564 ιιι-οε

2298 4518 2432 4573 πολὺ
2456 4515 2758 4587 τιμιώτερα
2780 4514 3016 4583 εἰσάγων
3045 4512 3125 4576 είς
3144 4511 3237 4565 τὸν
3266 4510 3592 4583 παράδεισον
3619 4509 3729 4564 τῶν
3750 4508 3871 4562 ἐκεῖ-

605 4607 788 4663 mata,
848 4599 1238 4669 agriculturam
1276 4611 1331 4655 et
1375 4615 1601 4671 germen
1646 4610 1834 4667 terrae;
1885 4602 1973 4656 hic
2007 4614 2180 4658 autem

2298 4609 2390 4663 θεν
2427 4605 2827 4681 ἐκφερομένων.
2877 4605 2941 4658 Οί
2983 4604 3082 4676 μὲν
3131 4602 3242 4675 γάρ
3291 4601 3549 4674 φέρουσιν
3596 4599 3866 4672 ἀρώματα,

604 4687 775 4747 infert
797 4690 1046 4746 homines
1071 4703 1103 4743 a
1131 4687 1338 4760 Spiritu
1374 4700 1685 4762 generatos.
1712 4693 2051 4764 Quocnnque
2083 4702 2180 4748 tra-

2298 4701 2593 4775 γεωργίαν,
2622 4700 2716 4754 καὶ
2748 4696 3037 4774 βλάστημα
3065 4695 3189 4767 γῆς.
3227 4694 3286 4748 '0
3321 4693 3380 4747 δὲ
3417 4691 3739 4767 ἀνθρώπους
3780 4690 3873 4743 εἰσιν

603 4783 793 4848 xeris,
833 4782 965 4837 illuc
1002 4780 1286 4837 transiluit
1313 4796 1332 4848 ;
1363 4782 1649 4839 derivatur
1689 4785 1745 4839 in
1787 4793 1961 4839 totum
1997 4786 2180 4840 orbem

2301 4796 2456 4869 φέρει
2496 4794 2658 4865 γεννή
2668 4808 2812 4865 ματα
2858 4789 3188 4862 πνεύματος.
3222 4787 3396 4842 Ὅπου
3433 4786 3480 4840 δ’
3514 4786 3580 4840 ἂν
3627 4783 3868 4856 ἑλκύσῃς,

603 4882 767 4930 terrae
790 4911 807 4939 ,
841 4880 897 4928 ct
926 4887 1038 4927 non
1067 4874 1347 4929 consumit
1378 4873 1641 4931 ﬂuentum
1677 4877 1733 4931 in
1767 4876 1834 4930 iis
1864 4877 1919 4931 in
1950 4891 2072 4947 qua
2107 4877 2180 4931 di-

2300 4886 2420 4939 ἐκεῖ
2465 4884 2746 4956 μεταρρεί,
2779 4878 2916 4951 πρὸς
2963 4879 3143 4932 πᾶσαν
3190 4877 3291 4949 τὴν
3340 4875 3663 4949 οἰκουμένην
3709 4873 3874 4944 ἐξοχεο

602 4967 832 5023 viditur.
867 4963 1093 5021 Fontem
1127 4966 1275 5022 enim
1314 4966 1542 5022 divitem
1579 4968 1749 5024 habet
1784 4969 2101 5035 Christum,
2133 4977 2180 5026 et

2287 4976 2527 5038 τεύεται,
2564 4974 2661 5028 καὶ
2686 4973 2748 5027 οὐ
2775 4968 2990 5044 δαπανᾷ
3018 4972 3077 5024 ἐν
3112 4971 3228 5034 τοῖς
3268 4968 3646 5041 μεριζομένοις
3678 4966 3740 5022 τὸ
3772 4962 3872 5036 ῥεῖ-

603 5074 671 5116 ex
704 5060 800 5115 illo
834 5058 1012 5113 ﬂuens
1039 5057 1271 5114 inundat
1300 5059 1565 5114 mundum
1598 5061 1943 5115 universum.
1978 5060 2076 5116 llic
2102 5069 2180 5117 est

2291 5068 2439 5140 θρον.
2476 5064 2667 5136 Πηγὴν
2713 5063 2821 5134 γὰρ
2869 5062 2984 5135 ἔχει
3041 5059 3301 5115 πλουσίαν
3347 5060 3440 5114 τὸν
3472 5059 3740 5131 Χριστὸν,
3789 5052 3873 5108 καὶ

605 5152 787 5209 dulcis
845 5160 901 5208 et
968 5152 1262 5222 potabilis,
1330 5153 1465 5208 nihil
1524 5154 1842 5225 injucunda:
1890 5154 2180 5227 salsugiuis

2292 5161 2388 5215 ἀπ’
2417 5158 2627 5213 ἐκείνου
2668 5156 2828 5229 ῥέων,
2874 5155 3165 5228 σύμπαντα
3211 5154 3495 5226 πελαγίζει
3525 5153 3617 5208 τὸν
3662 5152 3869 5221 κόσμον.

607 5242 915 5298 attrahens.
946 5239 1137 5296 Dulcis
1170 5243 1315 5298 enim
1352 5242 1600 5298 redditur
1634 5245 1871 5300 adventu
1904 5244 2145 5316 Spiritus
2172 5285 2180 5312 ,

2292 5251 2504 5314 Γλυκὺς
2527 5234 2683 5312 οὗτος
2711 5249 2806 5305 καὶ
2832 5247 3061 5319 πότιμος
3079 5287 3095 5313 ,
3140 5247 3294 5307 οὐδὲν
3321 5247 3423 5319 τῆς
3474 5245 3672 5319 ἀηδοῦς
3708 5244 3872 5313 ἅλμης

605 5342 668 5389 ιιι
698 5336 822 5390 fons
853 5336 1001 5390 Mara
1034 5345 1240 5392 attactu
1271 5337 1404 5409 ligni
1435 5339 1504 5390 ’⁸.
1533 5338 1581 5395 Is
1614 5355 1644 5392 a
1679 5337 1796 5409 piis'
1819 5338 1980 5395 facile
2011 5350 2180 5411 potest

2295 5341 2711 5415 ἐπισυρόμενος.
2767 5339 3044 5394 Ἦδύνεται
3096 5338 3206 5411 γάρ
3267 5341 3335 5412 τῇ
3401 5338 3740 5409 ἐπιφοιτήσει
3786 5329 3871 5386 τοῦ

607 5429 944 5492 transmitti,
989 5428 1239 5500 profanis
1274 5438 1457 5486 autem
1500 5431 1946 5502 perprol‘nndus,
1995 5443 2049 5487 ct
2088 5447 2180 5488 nec

2297 5437 2605 5510 πνεύματος
2637 5434 2713 5499 ὡς
2750 5434 2785 5505 ἡ
2829 5431 3023 5507 Μερῤἀ
3063 5432 3214 5505 πηγὴ
3364 5431 3514 5503 θήξει
3555 5429 3649 5485 τοῦ
3703 5426 3871 5495 ξύλου,

609 5516 680 5568 ab
718 5519 786 5572 iis
817 5519 1038 5588 quidem
1079 5529 1259 5590 potest
1299 5520 1460 5577 adiri.
1505 5522 1726 5578 Imitare
1770 5521 1959 5580 Jesum
2013 5522 2180 5580 Nave.

2295 5528 2551 5593 διαόατὸς
2590 5529 2704 5592 τοῖς
2749 5526 3028 5594 εὐσεόέσι,
3072 5528 3187 5591 τοῖς
3215 5526 3273 5580 δὲ
3309 5524 3558 5597 βεϐήλοις
3588 5516 3873 5593 ἀγχιϐαθὴς

516 5638 523 5646 -
609 5603 775 5663 Porta
814 5609 1207 5682 Evangelium,
1253 5614 1400 5671 sicut
1437 5615 1530 5672 ille
1570 5629 1799 5685 arcam;
1837 5615 2054 5675 dimitte
2095 5619 2180 5676 dc-

2298 5620 2393 5677 καὶ
2427 5621 2740 5693 ἀπρόσιτος.
2765 5621 3019 5691 Μίμπσαι
3059 5619 3149 5676 τὸν
3208 5619 3413 5691 Ἰησοῦν
3452 5618 3545 5677 τὸν
3575 5610 3747 5683 Ναυῆ.

692 5786 734 5813 ’⁸
757 5783 905 5840 Exod
954 5804 1041 5854 xv,
1062 5786 1151 5842 23.
