4026 6426
400 334 504 394 ιει

1770 337 1858 394 DE
1904 335 2268 394 BAPTISMO.

3546 359 3655 416 δεῖ

403 467 599 504 στασον
648 450 712 504 τὸ
765 450 1119 522 Εὑαγγέλιον,
1161 452 1239 516 ὡς
1292 451 1494 521 ἐκεῖνος
1561 452 1658 525 τὴν
1720 453 1974 507 κιϐωτόν

2088 464 2324 517 sertum,
2362 468 2556 525 nempe
2596 465 2919 526 pcceatum;
2973 462 3148 518 transi
3192 461 3527 536 Jordanem;
3574 471 3654 528 fe-

400 540 540 606 ἇ’ρες
593 539 690 609 τὴν
739 540 962 612 ἔρημον,
1002 541 1100 612 τὴν
1150 541 1454 612 ἁμαρτίαν·
1504 541 1838 613 περαιὼθητι
1894 543 1985 597 τὸν

412 628 706 703 Ἰορδάνηνξ
738 630 968 683 σπεῦσον
1001 633 1081 695 είς
1106 631 1202 701 τὴν
1239 631 1381 684 κατὰ
1425 631 1656 703 Χριστὸν
1691 632 1982 698 πολιτείαν,

398 716 481 779 είς
510 717 605 787 τὴν
633 702 737 787 γῖίν
765 719 864 790 τὴν
889 720 1109 790 γόνιμον
1140 721 1247 774 τῶν
1291 702 1684 792 εὐφραινόντων
1732 724 1981 795 καρπῶν,

397 807 497 879 τὴν
528 808 775 879 ῥέουσαν,
811 811 949 864 κατὰ
1001 812 1101 882 τὴν
1146 812 1493 880 ἐπαγγελίαν,
1527 813 1645 883 μέλι
1684 813 1777 867 καὶ
1818 813 1981 882 γάλα·

398 898 703 953 κατάλυσον
751 900 851 971 τὴν
906 900 1150 972 Ἱεριχὼ,
1204 903 1305 974 τὴν
1365 903 1600 957 παλαιάν
1673 904 1980 975 συνήθειαν,

400 988 477 1059 μὴ
508 990 649 1059 ἀιρῇς
680 989 849 1059 αὐτῆς
894 990 1194 1062 ὀχύρωμαο
1251 993 1316 1045 ὲκ
1360 992 1622 1064 θεμελίων
1676 993 1834 1047 λῦσον
1874 994 1982 1047 τῶν

399 1080 736 1151 ἁμαρτωλῶν
785 1081 1057 1153 λογισμῶν
1107 1081 1206 1153 τὴν
1268 1083 1507 1155 μητέραο
1572 1084 1797 1156 ποίησον
1855 1085 1981 1149 τοὺς

394 1170 644 1241 δολεροὺς
667 1172 1014 1235 Γαϐαωνίτας
1039 1173 1258 1238 οἰκέτας
1303 1174 1391 1228 τοῦ
1434 1175 1649 1247 Ἰσραὴλ
1668 1214 1684 1240 ,
1712 1175 1977 1242 τουτέστι,

393 1259 614 1324 δούλους
642 1262 766 1325 τοὺς
796 1264 1059 1333 πονηροὺς
1087 1265 1375 1334 λογισμοὺς
1399 1265 1492 1320 τοῦ
1541 1266 1679 1320 κατὰ
1715 1265 1773 1319 τὸ
1804 1267 1981 1335 Εὐαγ-

393 1352 575 1418 γέλιον
623 1349 774 1422 βίου’
830 1351 1207 1407 λιθοϐολείσθω
1251 1356 1279 1407 ὁ
1330 1355 1587 1426 σοφιστὴς
1647 1356 1741 1409 καὶ
1791 1356 1981 1409 πλεον-

394 1441 559 1511 έκτης
585 1443 788 1515 Ἀχαρ·
819 1444 851 1498 6
869 1443 968 1515 τὴν
994 1442 1244 1512 γλῶσσαν
1277 1444 1375 1517 τὴν
1399 1445 1603 1516 χρυσῆν
1628 1445 1975 1517 ὑφελόμενος.

395 1522 564 1596 Οὗτος
590 1532 645 1586 δέ
677 1533 825 1588 ἐστιν
852 1534 1057 1597 ἐκεῖνος
1079 1534 1107 1587 ό
1131 1533 1231 1604 τῆς
1249 1535 1437 1606 τιμίας
1466 1535 1688 1607 ἐντολῆς
1709 1536 1976 1606 ἀφανίσας

392 1620 490 1692 τὴν
522 1622 772 1693 τήρησιν.
823 1623 1006 1681 Πάντα
1041 1625 1223 1679 ἐκεῖνα
1265 1625 1435 1690 τύπος
1468 1627 1764 1699 ἡμέτερος,
1799 1626 1977 1682 πάντα

393 1713 800 1785 προμηνύματα
824 1713 932 1768 τῶν
968 1712 1063 1770 νῦν
1096 1716 1436 1787 φαινομένων
1464 1718 1825 1788 πραγμάτων.

464 1840 768 1901 Ἀπόλυσον
820 1846 1003 1901 λοιπὸν
1052 1849 1147 1902 τοῦ
1188 1848 1305 1920 βίου
1356 1867 1450 1904 σου
1496 1850 1588 1904 τδν
1629 1850 1971 1923 γαστρίμαρ-

388 1950 489 2003 γον
537 1935 781 2007 κόρακαο
847 1937 935 2001 δὸς
981 1941 1048 2010 τῇ
1101 1941 1397 2012 περιστερᾷ
1444 1940 1636 2012 καιρὸν
1683 1939 1974 2010 ὲπιπτῆναί

390 2038 510 2077 σοι·
562 2025 627 2096 ἢν
659 2025 873 2097 πρῶτος
917 2027 1123 2100 Ἰησοῦς
1165 2029 1413 2093 τυπικῶς
1466 2030 1529 2097 ἐξ
1570 2028 1797 2101 ούρανοῦ
1839 2047 1971 2084 κατ-

389 2112 590 2182 ήγαγε,
620 2113 718 2185 τὴν
750 2115 965 2177 ἄδολον,
997 2117 1098 2187 τὴν
1137 2117 1479 2190 πραῦτάτην,
1510 2118 1609 2188 τὴν
1656 2115 1969 2184 πολύγονονο

387 2200 512 2269 ἥτις
549 2202 764 2256 ἐπειδὰν
813 2202 947 2276 εὕρῃ
999 2204 1166 2277 ἄνδρα
1209 2205 1619 2277 κεκαθαρμένον
1663 2206 1737 2269 ὡς
1781 2206 1973 2276 πύριον

388 2289 569 2361 καλῶς
587 2292 924 2363 ἠσκημένον,
953 2295 1318 2361 είσοικίζεται,
1346 2295 1440 2350 καὶ
1470 2294 1791 2359 ὲπωάζουσα
1812 2295 1975 2365 πυροῖ

387 2388 487 2456 τὴν
517 2381 712 2455 ψυχὴν,
756 2385 849 2437 καὶ
897 2384 1065 2439 πολλὰ
1092 2387 1265 2440 τίκτει
1305 2388 1397 2441 καὶ
1448 2386 1653 2456 εύχαρῆ
1684 2385 1750 2438 τὰ
1777 2385 1974 2455 ἑαυτῆς

356 2460 361 2463 ’
385 2478 573 2530 τέκνα.
601 2473 792 2530 Ταῦ-τα
814 2475 875 2531 δέ
906 2478 1041 2532 εἰσιν
1072 2478 1275 2546 ἁγαθαὶ
1302 2478 1527 2548 πράξεις
1571 2477 1664 2530 καὶ
1691 2475 1837 2544 λόγοι
1882 2492 1972 2528 σε-

389 2567 553 2637 μνοὶ,
602 2565 819 2631 πίστις,
874 2566 1160 2631 εὐσέϐεια,
1228 2567 1564 2637 δικαιοσύνη,
1616 2564 1969 2636 σωφροσύνη,

384 2658 612 2724 ἁγνεία,
663 2657 988 2729 καθαρότης.
1045 2658 1228 2713 Ταῦτα
1276 2659 1440 2712 τέκνα
1489 2659 1584 2712 τοῦ
1640 2657 1968 2727 πνεύματος,

386 2752 645 2821 κτήματα
678 2749 733 2801 δὲ
755 2747 1018 2820 ἡμέτερα.
1048 2749 1225 2820 Μέχρι
1258 2749 1386 2802 πότε
1417 2747 1663 2819 μαθητὴς
1690 2747 1801 2799 τῶν
1827 2745 1971 2816 πρώ-

384 2858 498 2894 των
518 2841 791 2911 στοιχείων
811 2857 826 2905 ;
852 2840 1095 2906 Ἀνοιξόν
1125 2858 1217 2893 σου
1244 2841 1342 2911 τὴν
1365 2840 1539 2911 ψυχὴν
1560 2840 1634 2904 ὼς
1652 2839 1854 2898 δέλτον.
1876 2838 1971 2895 καὶ

388 2929 744 3001 συγχώρησον
772 2932 903 3001 ἡμῖν
928 2931 1225 3001 ἐγχαράξαι
1261 2931 1490 3001 μάθημα
1515 2930 1736 2984 τέλειονο
1774 2928 1849 3001 μὴ
1885 2930 1972 2984 ἀεὶ

389 3024 531 3094 μετὰ
557 3021 664 3074 τῶν
692 3023 893 3075 παίδων
925 3021 1173 3093 ψελλίζου
1190 3040 1203 3052 ·
1236 3020 1311 3094 μὴ
1338 3021 1613 3093 νηπιώδης
1637 3022 1743 3093 ,τὴν
1773 3021 1967 3093 φρένα.

2085 544 2228 598 stina
2261 544 2328 598 ad
2365 544 2488 599 vitai
2520 544 2955 613 institutionem,
3001 567 3123 621 qua:
3158 562 3245 610 est
3281 570 3349 611 ex
3388 556 3653 627 Christo,

2085 634 2153 690 ad
2202 644 2404 689 terram
2453 651 2575 706 quae
2620 636 2727 692 fert
2774 637 2991 697 fructus
3040 643 3285 702 Iretitiam
3324 646 3652 719 atl'erentes,

2083 739 2205 793 quae
2236 726 2633 783 convenienter
2680 730 3033 798 promissioni
3066 733 3186 789 nuit
3220 737 3376 795 melle
3405 748 3459 794 et
3488 742 3650 800 lacte.

2083 810 2278 869 Everte
2326 812 2578 880 Jericho,
2631 825 2870 872 veterem
2924 834 3120 891 nempe
3155 827 3649 894 consuetudinem,

2084 916 2153 956 ne
2205 901 2454 961 dimittas
2498 919 2618 959 eam
2670 906 2961 963 munitam.
3012 908 3179 966 Dirue
3216 926 3246 965 a
3286 913 3653 973 fundamentis

2082 1000 2313 1046 matrem
2343 994 2691 1063 peccantium
2723 997 3141 1067 cogitationum.
3172 1000 3404 1060 Dolosos
3433 1005 3652 1063 Gabao-

2081 1081 2226 1138 nitas
2264 1082 2351 1138 fac
2388 1100 2578 1141 servos
2617 1084 2877 1155 lsraelis,
2913 1089 3019 1145 hoc
3055 1098 3179 1159 est,
3223 1095 3396 1152 malas
3444 1098 3649 1168 cogita-

2083 1171 2263 1228 tiones
2289 1187 2474 1229 servas
2504 1175 2627 1231 vita:
2658 1175 3005 1249 Evangelic'aa
3030 1200 3043 1236 :
3080 1182 3352 1252 lapidibus
3381 1187 3651 1245 obruatur

2079 1261 2172 1329 qui
2199 1259 2301 1315 sibi
2333 1262 2662 1334 usurpabat,
2695 1272 2748 1319 et
2780 1266 2944 1321 alieni
2974 1276 3237 1338 appetens
3272 1281 3391 1328 erat
3422 1273 3605 1328 Achar
3626 1313 3645 1338 ,

2078 1350 2174 1420 qui
2210 1352 2446 1422 linguam
2475 1352 2780 1411 sutl‘uratus
2825 1364 2911 1412 est
2952 1371 3198 1415 auream.
3236 1359 3286 1418 ls
3325 1369 3509 1418 autem
3549 1364 3643 1419 ille

2076 1447 2198 1504 est,
2223 1441 2315 1510 qui
2340 1440 2649 1499 honorandi
2674 1447 2929 1517 praecepti
2956 1447 3158 1505 delevit
3180 1450 3645 1510 observationem.

2079 1526 2272 1585 Omnia
2305 1531 2395 1587 illa
2422 1541 2610 1590 nostra
2640 1544 2770 1592 sunt
2806 1536 3002 1608 ﬁgura.
3039 1537 3235 1596 Omnia
3269 1549 3397 1597 sunt
3436 1543 3633 1614 praesi-

2078 1617 2461 1692 gniﬁcatioues
2490 1638 2679 1681 eorum
2700 1664 2716 1692 ,
2741 1642 2864 1699 qua:
2893 1644 3042 1685 nunc
3073 1639 3360 1703 apparent.

2144 1845 2191 1900 Δ
2214 1846 2324 1901 vita
2351 1856 2444 1903 tua
2472 1847 2625 1906 solve
2650 1862 2901 1907 voracem
2931 1866 3156 1908 corvum
3180 1854 3249 1908 ’⁷.
3279 1854 3354 1910 Da
3380 1854 3649 1913 columba

2077 1944 2295 2005 tempus
2321 1946 2382 1993 ut
2404 1939 2472 1994 ad
2499 1948 2554 1996 te
2581 1940 2832 2009 advolet,
2856 1958 3019 2012 quam
3046 1944 3258 2015 primus
3280 1944 3442 2003 Jé‘sus
3469 1948 3648 2018 typice

2072 2039 2105 2081 e
2136 2026 2279 2081 coelo
2310 2027 2538 2083 deduxit
2553 2029 2622 2096 ",
2660 2044 2784 2100 qua:
2810 2039 2899 2086 est
2927 2032 3040 2087 doli
3069 2033 3277 2100 nescia,
3313 2037 3648 2092 mansuetis-

2073 2115 2211 2171 sima
2245 2123 2300 2171 et
2333 2116 2716 2175 fertilissima:
2757 2135 2881 2190 qua:
2921 2130 3211 2194 postquam
3252 2125 3526 2181 invenerit
3565 2127 3648 2181 vi-

2071 2219 2194 2260 rum
2224 2216 2552 2277 purgatura,
2600 2217 2662 2263 ut
2707 2220 2991 2281 argentum
3038 2222 3188 2269 recte
3240 2216 3546 2271 exercitum
3590 2225 3647 2272 et

2071 2298 2408 2365 expolitum,
2464 2299 2520 2354 in
2579 2314 2646 2355 eo
2689 2300 2938 2358 lubenter
2990 2303 3234 2371 habitat,
3293 2312 3350 2361 et
3406 2306 3645 2362 animam

2073 2385 2198 2455 igne
2230 2394 2492 2457 tanquam
2528 2402 2628 2444 ova
2662 2388 2892 2455 fovens,
2933 2393 3137 2448 multos
3174 2393 3227 2448 ei
3272 2393 3420 2464 parit
3455 2401 3512 2448 et
3546 2394 3647 2450 do-

2070 2484 2167 2530 nat
2195 2476 2358 2534 ﬁlios.
2403 2476 2441 2532 li
2472 2486 2653 2535 autem
2683 2489 2811 2537 sunt
2839 2483 2998 2538 bona;
3024 2484 3272 2540 actiones
3297 2523 3314 2548 ,
3343 2493 3397 2539 et
3424 2483 3646 2540 honesti

2071 2582 2358 2626 sermones
2376 2609 2392 2637 ,
2423 2568 2561 2627 fides
2581 2609 2598 2635 ,
2626 2571 2824 2642 pietas,
2849 2573 3065 2643 iustitia
3084 2615 3100 2640 ,
3125 2575 3486 2646 temperantia
3505 2614 3522 2640 ,
3550 2589 3646 2629 ea-

2072 2659 2234 2714 stitas
2256 2697 2270 2723 ,
2305 2659 2540 2730 puritas.
2572 2660 2640 2717 Hi
2688 2671 2820 2718 sunt
2856 2664 2954 2718 lilii
2986 2663 3264 2734 Spiritus,
3310 2671 3519 2720 nostrae
3545 2679 3647 2720 au-

2072 2754 2180 2805 tem
2211 2752 2617 2819 possessiones.
2644 2751 2946 2823 Quousque
2968 2755 3078 2810 eris
3104 2753 3412 2825 discipulus
3438 2755 3646 2825 primo-

2072 2852 2194 2893 rum
2229 2838 2627 2896 elementorum
2656 2842 2680 2896 ?
2721 2843 2889 2914 Aperi
2922 2844 3160 2899 animam
3192 2852 3344 2900 tuam
3377 2852 3641 2916 tanquam

2072 2929 2311 2984 tabulam
2336 2968 2351 2994 ,
2396 2939 2451 2985 et
2493 2932 2734 2989 concede
2774 2935 2961 3001 nobis,
2995 2942 3058 2991 ut
3093 2936 3477 3005 imprimamus
3519 2952 3647 3007 per-

2073 3019 2272 3076 fectam
2321 3022 2705 3093 disciplinam,
2755 3041 2865 3081 non
2909 3041 3127 3098 semper
3165 3027 3478 3085 balbutiens
3514 3042 3645 3085 eum

399 3110 668 3182 Ἔρυθριῶ
696 3111 837 3183 ὑπὲρ
867 3110 982 3178 σού,
1041 3111 1123 3164 ὅτι
1174 3113 1424 3184 γηράσας
1466 3112 1650 3165 λοιπὸν
1684 3112 1821 3183 μετὰ
1861 3110 1969 3164 τῶν

2076 3112 2260 3180 pueris
2278 3151 2293 3177 ,
2318 3128 2430 3167 non
2457 3123 2639 3170 mente
2664 3115 2870 3171 infans.
2897 3115 2980 3172 Me
3005 3117 3085 3171 tui
3115 3117 3315 3188 pudet,
3342 3117 3489 3189 quod
3514 3133 3644 3174 cum

385 3203 809 3275 κατηχουμένων
847 3204 1125 3278 ἐκϐάλλῃ,
1189 3205 1263 3269 ὡς
1320 3204 1606 3276 παιδάριον
1662 3205 1822 3260 ἄνουν
1878 3204 1972 3259 καὶ

385 3294 490 3348 οὐκ
521 3294 801 3366 ὲχέμυθον,
836 3294 1117 3365 μέλλοντος
1149 3295 1444 3367 μυστηρίου
1471 3296 1768 3350 λαλεῖσθαι.
1810 3293 1974 3348 Ἐνώ-

388 3386 516 3456 θητι
542 3384 619 3455 τῷ
649 3383 893 3456 μυστικῷ
919 3384 1032 3455 λαῷ
1079 3384 1172 3438 καὶ
1214 3385 1348 3455 μάθε
1387 3385 1580 3452 λόγους
1606 3384 1971 3455 ἀπορρήτους.

386 3474 624 3542 (υθέγξαι
664 3472 780 3545 μεθ’
826 3472 985 3543 ἡμῶν
1018 3472 1239 3537 ἐκεῖνα,
1285 3471 1321 3527 ἃ
1372 3473 1467 3527 καὶ
1517 3473 1586 3527 τὰ
1627 3473 1975 3543 ἐξαπτέρυγα

387 3564 639 3633 Σεραφὶμ
704 3562 842 3633 μετὰ
885 3564 995 3618 τῶν
1049 3562 1267 3617 τελείων
1320 3563 1659 3634 Χριστιανῶν
1704 3561 1974 3633 ὑμνοῦντα

386 3650 560 3719 λέγει.
598 3650 963 3723 Ἐπιθύμησον
1028 3652 1232 3723 τροφῆς
1294 3651 1698 3723 ὲνδυναμούσης
1759 3651 1970 3721 ψυχήνο

385 3742 586 3812 γεῦσαι
641 3742 883 3814 πόματος
945 3744 1173 3814 καρδίαν
1245 3743 1662 3815 εὐφραίνοντοςο
1716 3741 1974 3812 ὲράσθητι

393 3834 694 3908 μυστηρίου
727 3836 807 3899 εἰς
842 3835 1071 3907 νεότητα
1103 3834 1229 3898 τοὺς
1251 3834 1513 3898 παλαιοὺς
1546 3833 1789 3905 ἀοράτως
1820 3832 1975 3903 ἀμεί-

390 3926 599 3989 ϐοντος.
631 3925 881 3998 Μίμησαι
906 3925 997 3979 τὸν
1026 3924 1256 3978 Αἰθίοπα
1293 3925 1386 3978 τὸν
1415 3924 1668 3996 εὐνοῦχον
1696 3924 1797 3992 τῆς
1825 3921 1975 3987 ζεού-

392 4030 498 4085 σης
525 4015 831 4086 ἐπιθυμίας.
857 4014 966 4069 Καὶ
995 4015 1104 4087 γὰρ
1136 4015 1339 4078 ἐκεῖνος
1367 4015 1555 4085 ἐπειδὴ
1592 4014 1682 4067 τὸν
1711 4013 1975 4069 Φίλιππον

393 4105 772 4178 προσαχθέντα
799 4105 946 4178 παρὰ
971 4105 1064 4159 τοῦ
1110 4105 1423 4176 Πνεύματος
1466 4096 1717 4176 σύνεδρον
1756 4104 1849 4161 ἐπὶ
1880 4103 1974 4156 τοῦ

393 4197 641 4267 ἅρματος
686 4196 895 4261 ἔλαϐεν,
944 4194 1064 4251 ὁδοῦ
1097 4197 1154 4250 δὲ
1196 4197 1470 4268 πάρεργον
1513 4195 1684 4266 ἔμαθε
1737 4195 1812 4265 μὴ
1847 4195 1978 4247 ἁνα-

392 4286 682 4355 τινώσκειν
733 4286 890 4358 μόνον
908 4328 924 4352 ,
982 4287 1119 4340 ἀλλὰ
1175 4286 1268 4340 καὶ
1322 4285 1610 4356 γινώσκειν
1658 4286 1750 4338 τὸν
1814 4283 1976 4352 σοφὸν

405 4376 632 4431 Ἥσαῖαν
653 4393 669 4409 ο
718 4377 976 4447 ἐγεύσατο
1000 4377 1057 4431 δὲ
1089 4376 1175 4431 διὰ
1210 4377 1310 4445 τῆς
1350 4376 1643 4447 ἑρμηνείας
1664 4376 1740 4438 ὡς
1772 4373 1975 4443 ἀγαθὸς

395 4467 603 4532 σκύλαξ
624 4467 718 4521 τοῦ
745 4469 975 4539 αἵματος
1014 4469 1107 4521 καὶ
1143 4466 1239 4521 τοῦ
1282 4468 1579 4537 σφαγέντος
1611 4463 1781 4537 ἀμνοῦ
1800 4483 1814 4497 ·
1848 4481 1973 4534 σφο-

393 4558 537 4627 δρῶς
558 4558 650 4611 τοῦ
673 4558 935 4611 Φιλίππου
963 4557 1391 4629 καθυλάκτησεν,
1417 4556 1608 4629 μέχρις
1626 4550 1687 4610 οὗ
1711 4555 1847 4626 πρὸς
1872 4555 1973 4623 τὴν

394 4648 609 4701 τελείαν
640 4649 801 4705 αὑτὸν
828 4648 1003 4720 θήραν
1044 4651 1148 4718 τῆς
1190 4651 1248 4702 ὲν
1290 4648 1447 4720 χερσὶ
1475 4646 1808 4717 προφητείας
1834 4645 1973 4715 ὡδή-

396 4757 585 4809 γησενη
616 4741 953 4810 αὐτοσχέδιον
978 4740 1034 4792 δὲ
1076 4740 1135 4793 τὸ
1182 4738 1462 4809 βάπτισμα
1488 4736 1727 4807 ζητήσας
1759 4734 1970 4800 ἔλαϐεν,

396 4829 525 4884 οὔτε
561 4831 907 4899 καταγωγίαν
950 4830 1262 4901 ἀναμείνας,
1292 4829 1416 4883 οὔτε
1448 4829 1600 4881 πόλιν
1632 4827 1665 4900 ἢ
1695 4826 1907 4896 κώμην,
1935 4824 1969 4895 ἢ

395 4921 492 4974 τὸν
533 4921 699 4975 τόπον
737 4922 1075 4990 άγιάσματος
1126 4920 1501 4991 ἐκδεξάμενος.
1531 4919 1884 4988 λογισάμενος
1918 4914 1977 4968 δὲ

399 5013 714 5082 σωφρόνως,
746 5015 826 5067 ὅτι
871 5014 979 5076 πᾶς
1014 5013 1178 5076 τόπος
1214 5013 1307 5065 τοῦ
1345 5012 1524 5066 κοινοῦ
1559 5010 1849 5074 Δεσπότου,
1884 5008 1979 5059 καὶ

399 5105 513 5156 πᾶν
538 5101 679 5175 ὕδωρ
704 5102 1004 5173 ἐπιτήδειον
1032 5105 1114 5166 είς
1134 5104 1232 5173 τὴν
1256 5101 1351 5155 τοῦ
1378 5102 1746 5172 βαπτίσματος
1767 5098 1975 5170 χρείαν,

401 5193 565 5263 μόνον
594 5192 688 5245 ἐὰν
718 5194 853 5265 εὕρῃ
898 5194 1079 5247 πίστιν
1120 5193 1214 5246 τοῦ
1271 5194 1656 5262 λαμϐάνοντος,
1691 5193 1781 5245 καὶ
1826 5192 1975 5244 εὐλο-

396 5282 531 5348 γίαν
558 5282 651 5335 τοῦ
684 5284 996 5352 ἁγιάζοντος
1034 5284 1239 5356 ἱερέως.
1287 5283 1378 5354 Μὴ
1413 5282 1716 5355 παροξύνῃς
1752 5281 1842 5334 τὸν
1881 5281 1975 5351 βα-

398 5374 633 5443 πτιστὴν
680 5375 972 5446 βραδύνων,
1008 5376 1140 5446 μηδὲ
1176 5374 1518 5446 παροργίσῃς
1562 5374 1721 5425 αὑτὸν
1759 5372 1973 5441 ἡμέραν

397 5460 462 5528 ἐξ
504 5463 710 5535 ἡμέρας
751 5464 1199 5535 ἀναϐαλλόμενος,
1240 5467 1333 5519 καί
1372 5462 1623 5518 δαπανῶν
1652 5463 1709 5515 ἐν
1740 5459 1969 5531 ὑποσχέ-

2073 3204 2464 3269 consenueris,
2515 3204 2697 3261 adhuc
2749 3206 2991 3275 ejiciaris
3031 3222 3157 3263 cum
3197 3208 3643 3277 catechumenis,

2079 3300 2341 3363 tanquam
2383 3294 2651 3364 insipiens
2676 3298 2925 3366 puellus,
2960 3304 3016 3352 et
3037 3297 3133 3368 qui
3166 3311 3369 3352 arcana
3403 3313 3513 3352 non
3547 3312 3645 3367 po-

2075 3388 2182 3436 test
2222 3382 2435 3449 celare,
2467 3398 2591 3438 cum
2636 3384 2927 3441 dicendum
2968 3385 3043 3441 sit
3080 3386 3425 3458 mysterium.
3469 3384 3644 3442 Unire

2073 3472 2275 3541 populo
2308 3474 2544 3543 mystico
2564 3513 2581 3538 ,
2617 3482 2673 3529 et
2718 3490 2950 3533 arcanos
2982 3474 3134 3531 disce
3167 3489 3474 3532 sermones.
3515 3475 3643 3529 Elo-

2074 3578 2245 3631 quere
2278 3565 2566 3620 nobiscum
2598 3566 2688 3620 illa
2713 3605 2729 3628 ,
2763 3581 2886 3636 qua:
2915 3582 3009 3622 sex
3042 3567 3161 3622 alas
3188 3566 3445 3621 habentia
3479 3565 3641 3621 Sera-

2075 3652 2223 3723 phim
2253 3668 2377 3710 cum
2406 3655 2663 3723 perfectis
2689 3655 3022 3713 Christianis
3057 3655 3251 3712 dicunt
3281 3656 3512 3728 hymnos
3540 3671 3637 3711 ca-

2075 3745 2284 3798 nentia.
2340 3744 2596 3800 Desidera
2653 3747 2832 3801 cibum
2880 3747 2973 3816 qui
3022 3746 3311 3802 conﬁrmat
3359 3747 3638 3812 animam;

2075 3844 2233 3905 gusta
2279 3843 2465 3906 potum
2514 3836 2605 3907 qui
2650 3852 2747 3891 cor
2778 3839 3083 3903 exhilarat;
3122 3852 3245 3892 ama
3282 3819 3637 3909 mysterium.

2074 3923 2217 3995 quod
2247 3939 2312 3980 eo
2347 3923 2527 3989 modo,
2564 3927 2655 3995 qui
2699 3942 2807 3981 non
2839 3926 2985 3982 cadit
3014 3927 3118 3983 sub
3147 3934 3450 3998 aspectum,
3490 3934 3640 3985 vetet

2076 4031 2165 4071 res
2196 4018 2516 4072 transmittit
2558 4018 2625 4072 ad
2667 4018 3034 4088 juventutem.
3066 4016 3289 4075 Imitare
3320 4017 3641 4089 Ethiopem

2074 4108 2388 4162 eunuchum
2451 4107 2713 4165 ferventis
2757 4108 3040 4166 desiderii.
3081 4109 3296 4165 Etenim
3346 4107 3439 4164 ille
3486 4115 3641 4180 post-

2077 4212 2242 4267 quam
2288 4197 2599 4268 Philippum
2644 4213 2676 4252 a
2722 4206 2914 4254 sancto
2956 4197 3167 4267 Spiritu
3207 4198 3503 4253 adductum
3546 4215 3641 4252 as-

2076 4287 2313 4357 sumpsit
2341 4288 2395 4341 in
2425 4303 2592 4343 curru
2624 4302 3004 4344 consessorem
3029 4305 3047 4355 ;
3073 4288 3128 4342 in
3160 4288 3248 4343 via
3278 4286 3458 4341 autem
3491 4284 3638 4341 aliud

2078 4392 2280 4447 agens,
2334 4393 2443 4431 non
2496 4376 2912 4442 animadvertit,
2978 4392 3038 4432 se
3088 4378 3395 4448 sapientem
3439 4373 3639 4433 Isaiam

2076 4483 2187 4522 non
2223 4468 2399 4523 solum
2439 4468 2650 4538 legere,
2684 4467 2779 4522 sed
2812 4467 2976 4522 etiam
3014 4468 3341 4538 intelligere.
3384 4465 3640 4523 Gttstavit

2075 4563 2256 4610 autem
2293 4556 2798 4626 interpretationem
2821 4597 2835 4622 ,
2871 4565 3133 4629 tanquam
3165 4557 3342 4614 bonus
3379 4561 3599 4613 catulus
3630 4593 3637 4599 ι

2075 4646 2361 4717 sanguinis
2415 4647 2643 4719 ct'agni
2696 4649 2903 4717 occisi,
2965 4649 3318 4705 vehementer
3362 4649 3640 4708 allatravit

2074 4736 2386 4808 Philippum
2411 4776 2426 4801 ,
2470 4737 2646 4793 donec
2686 4754 2811 4794 eum
2855 4739 3082 4798 deduxit
3118 4739 3187 4794 ad
3219 4738 3517 4809 perfectam
3548 4755 3644 4795 ve—

2076 4827 2357 4882 nationem
2390 4828 2726 4898 prophetiae,
2761 4845 2928 4899 quam
2973 4830 3211 4886 habebat
3252 4829 3311 4885 in
3349 4828 3638 4896 manibus,

2075 4925 2130 4973 et
2163 4919 2393 4976 minime
2421 4935 2713 4991 operosum
2750 4936 2780 4974 a
2811 4936 2870 4977 se
2902 4924 3127 4992 petitum
3168 4921 3437 4991 baptisma
3473 4934 3638 4976 accc-

2074 5009 2155 5080 pit
2178 5050 2194 5073 ,
2227 5025 2330 5066 nec
2356 5019 2687 5080 exspectans
2714 5012 3080 5067 diversorium
3102 5053 3117 5075 ,
3152 5027 3327 5080 neque
3357 5010 3636 5066 civitatem

2076 5105 2171 5153 aut
2196 5101 2378 5155 vicum
2400 5139 2415 5163 ,
2444 5107 2538 5155 aut
2562 5100 2742 5155 locum
2771 5100 3309 5163 sanctificationis”,
3343 5097 3638 5168 prudenter

2078 5200 2258 5247 autem
2303 5201 2562 5261 reputans
2610 5189 2753 5261 quod
2800 5191 2977 5245 omnis
3018 5190 3171 5244 locus
3200 5194 3286 5243 est
3328 5189 3641 5244 communis

2083 5283 2331 5348 Domini,
2362 5291 2418 5338 et
2456 5284 2635 5338 omnis
2680 5296 2821 5347 aqua
2862 5287 2944 5335 est
2983 5289 3107 5348 apta
3150 5279 3217 5333 ad
3261 5294 3423 5333 usum
3458 5278 3638 5349 bapti-

2082 5373 2309 5437 smatis,
2343 5372 2389 5427 si
2426 5371 2587 5427 modo
2618 5372 2883 5426 invenerit
2923 5369 3081 5422 fidem
3125 5369 3281 5437 ejus,
3329 5368 3422 5438 qui
3455 5367 3511 5423 id
3548 5384 3643 5423 ac-

2079 5465 2254 5535 cepit,
2292 5472 2346 5519 et
2392 5464 2826 5519 benedictionem
2871 5458 3175 5518 sacerdotis
3219 5458 3643 5521 sanetiﬂcantis.

474 5684 521 5717 ²⁴¹
551 5682 685 5742 Gen.
727 5700 845 5750 vm,
879 5685 930 5753 ϐ,
959 5685 1006 5738 7.
1081 5687 1122 5720 ’⁸³
1151 5685 1336 5741 Matth.
1368 5703 1450 5751 tu,
1486 5686 1581 5755 lﬁ;
1617 5685 1777 5739 Marc.
1816 5698 1851 5750 l,
1884 5682 1963 5736 l0.
2040 5684 2084 5717 ’θ
2115 5684 2228 5739 Aet.
2276 5698 2388 5746 rm,
2432 5683 2497 5737 27
2526 5699 2648 5753 sqq.
