4026 6446
467 381 575 438 ιεδ

1739 370 1800 426 S.
1832 369 2161 428 GREGORII
2202 365 2490 429 NYSSENI

3632 374 3732 432 ιιι

468 495 593 551 Noli
645 492 813 548 nimis
863 490 1138 546 tardando
1189 489 1414 546 irritare
1460 489 1898 560 baptizatorem,
1953 505 2053 545 nec

2165 509 2275 545 σεσι
2314 492 2408 546 τὸν
2459 492 2649 563 ῥέοντα
2692 491 2914 562 χρόνον,
2962 490 3172 564 μήποτέ
3227 506 3321 544 σου
3367 491 3484 554 ταῖς
3531 492 3733 561 ὁμοίαις

467 600 597 640 eum
628 584 695 638 ad
729 584 865 637 iram
897 595 1202 652 provocare
1223 623 1238 647 ,
1273 581 1418 637 diem
1451 579 1519 634 de
1555 580 1644 635 die
1676 580 1971 644 diﬁ‘erens,
2003 588 2056 635 et

469 683 690 744 tempus
719 673 868 743 quod
899 671 1072 727 einuit
1100 674 1156 726 in
1181 673 1476 742 promissis
1511 686 1846 726 consumens
1866 710 1879 734 ,
1906 686 1976 725 ne
2006 679 2058 726 te

471 768 668 823 iisdem
701 766 936 820 vocibus
979 766 1302 828 insectetur,
1338 765 1540 834 quibus
1569 761 1840 826 Joannes,
1882 771 1934 817 te
1983 761 2059 816 fe-

470 868 588 914 tum
618 859 820 928 viperae
849 856 1140 911 nominans
1171 856 1240 921 ³⁸,
1267 864 1320 910 et
1350 854 1576 909 surdam
1608 853 1854 922 aspidem
1874 893 1891 918 ,
1938 869 2057 924 qua:

470 950 737 1005 ell'eratur
766 949 836 1002 ad
867 963 1058 1002 vocem
1089 945 1550 1012 incantatoris“;
1584 945 1668 999 vel
1699 953 1941 1009 aculam,
1976 946 2056 1000 vel

470 1043 848 1112 splendentem
877 1041 978 1095 tibi
1007 1039 1260 1095 ostendat
1301 1035 1560 1100 securim,
1590 1038 1748 1090 sitam
1770 1037 1928 1106 juxta
1971 1051 2059 1089 ar-

472 1135 661 1188 borem
702 1141 757 1187 et
811 1134 1113 1186 minantem
1143 1128 1572 1198 amputationem
1599 1127 1667 1180 ³².
1701 1125 1760 1180 lu
1793 1127 2060 1182 electione

473 1229 744 1280 malorum
793 1225 968 1295 magis
1014 1231 1100 1279 est
1147 1222 1493 1293 eligendum,
1541 1231 1594 1276 ut
1641 1222 1765 1294 quis
1820 1221 2060 1276 salutare

474 1319 756 1371 lavacrum
793 1324 1089 1369 assecutus
1115 1353 1129 1377 ,
1166 1328 1365 1366 rursus
1399 1313 1472 1366 sit
1505 1312 1556 1364 in
1593 1321 1819 1381 peccato
1841 1350 1856 1375 ,
1894 1325 2057 1381 quam

472 1421 532 1463 ut
565 1408 756 1478 gratiae
789 1421 988 1475 expers
1017 1407 1186 1459 vitam
1225 1404 1400 1457 ﬁniat.
1439 1401 1573 1456 Nam
1612 1413 1898 1473 peccatum
1931 1403 2059 1472 qui-

473 1503 595 1556 dem
626 1501 842 1555 veniam
871 1497 1110 1551 fortasse
1135 1506 1526 1564 consequetur,
1554 1503 1647 1548 aut
1671 1495 2022 1548 clementiam
2041 1534 2055 1557 ,

472 1596 635 1662 cujus
686 1605 880 1663 magna
921 1600 1005 1645 est
1042 1605 1170 1660 spes
1218 1589 1366 1659 apud
1413 1588 1627 1651 bonos;
1674 1588 1830 1640 alteri
1876 1593 2058 1640 autem

471 1695 559 1741 est
594 1685 822 1739 omnino
865 1683 1031 1737 vetita
1077 1682 1228 1735 salus
1270 1696 1338 1734 ex
1381 1687 1533 1733 certa
1577 1687 1632 1732 et
1678 1677 1902 1732 deﬁnita
1935 1692 2062 1731 sen-

472 1778 671 1832 tentia.
715 1774 850 1828 Nam
895 1789 1021 1827 cum
1062 1772 1288 1828 audiero
1331 1787 1516 1825 vocem
1548 1785 1672 1841 quae
1708 1785 1818 1824 non
1857 1770 2058 1824 menti-

2161 589 2366 658 φωναῖς
2406 585 2652 640 Ἰωάννου
2700 585 3011 655 καθίκηται,
3060 582 3306 653 γέννημά
3352 599 3410 635 σε
3463 582 3735 653 ὀνομάζων

2159 681 2392 752 ἐχίδνης,
2424 680 2457 751 ἢ
2494 679 2694 733 ἀσπίδα
2737 677 2946 748 κωφὴν,
2995 676 3131 747 πρὸς
3159 677 3259 748 τὴν
3297 675 3480 747 φωνὴν
3511 676 3604 729 τοῦ
3642 677 3736 729 ἑπ-

2159 771 2376 842 ᾀδοντος
2409 769 2816 841 ἀγριαίνουσαν,
2849 769 2882 840 ἢ
2924 767 3022 840 τὴν
3069 765 3256 837 ἀξίνην
3291 783 3374 819 σοι
3410 767 3556 838 δείξῃ
3587 766 3738 838 τεθη-

2159 859 2368 929 γμένην
2415 859 2509 910 καὶ
2567 857 2904 922 στίλϐουσαν,
2952 855 3366 928 παρακειμένην
3406 857 3485 927 τῷ
3525 857 3736 928 δένδρῳ,

2160 949 2255 1002 καὶ
2305 947 2402 1019 τὴν
2449 948 2621 1018 τομὴν
2660 947 3010 1003 ἀπειλοῦσαν.
3053 947 3423 1020 Αἰρετώτερον
3462 951 3518 1002 ὲν
3565 951 3739 1003 κακῶν

2161 1041 2358 1111 ἐκλογῇ
2398 1039 2696 1104 ἀξιωθέντα
2738 1040 2858 1094 τινὰ
2886 1039 2979 1094 τοῦ
3011 1040 3281 1110 σωτηρίου
3329 1040 3578 1112 λουτροῦ,
3602 1043 3741 1109 γενέ-

2163 1131 2284 1184 σθαι
2322 1130 2483 1184 πάλιν
2525 1131 2581 1183 ὲν
2619 1131 3056 1202 ἀμαρτήματι,ἢ
3097 1133 3196 1201 τῆς
3235 1131 3452 1201 χάριτος
3487 1131 3741 1200 ἀμέτοχον

2161 1220 2485 1290 τελευτῆσαι
2536 1221 2628 1274 τὸν
2674 1221 2803 1291 βίον.
2847 1222 2920 1274 Τὸ
2957 1222 3054 1292 μὲν
3104 1222 3211 1293 γὰρ
3247 1222 3623 1292 πλημμέλημα
3657 1239 3744 1275 τυ-

2160 1315 2254 1384 χὸν
2303 1313 2397 1366 καὶ
2451 1313 2776 1383 συγγνώμης
2825 1313 2858 1384 ἦ
2905 1314 3312 1385 φιλανθρωπίας
3367 1313 3738 1383 ἀξιωθήσεται,

2163 1402 2228 1477 ἧς
2279 1405 2447 1478 πολλὴ
2504 1406 2655 1477 παρά
2694 1406 2803 1459 τῶν
2846 1406 3066 1474 ἀγαθῶν
3096 1406 3280 1469 ἐλπίςο
3334 1405 3397 1458 τὸ
3446 1405 3502 1458 δὲ
3544 1407 3739 1460 παντά-

2162 1514 2331 1550 πασιν
2379 1499 2839 1569 ἀπηγορευμένην
2888 1498 3030 1568 ἔχειν
3084 1500 3182 1569 τὴν
3215 1501 3489 1569 σωτηρίαν
3523 1497 3580 1563 ἐξ
3615 1499 3744 1550 ἀπο-

2163 1589 2382 1658 φάσεως
2415 1590 2755 1662 ώρισμένης·
2793 1591 2918 1643 ὅταν
2959 1591 3066 1661 γὰρ
3111 1590 3328 1644 ἀκούσω
3362 1593 3462 1662 τῆς
3497 1589 3742 1659 ἀψευδοῦς

2162 1680 2344 1751 φωνῆς
2391 1681 2684 1752 λεγούσης,
2725 1700 2742 1732 ι
2787 1681 2980 1752 Ἀμὴν,
3015 1682 3162 1751 ἀμὴν
3203 1681 3346 1748 λέγω
3391 1697 3504 1734 σοι’
3542 1683 3633 1732 ὲὶιν
3675 1682 3742 1751 μή

2161 1789 2244 1834 τις
2273 1771 2505 1843 γεννηθῇ
2556 1772 2783 1836 ἀνωθεν,
2819 1773 2880 1825 οὐ
2913 1771 3134 1826 δύναται
3183 1772 3312 1824 ἰδεῖν
3358 1772 3458 1842 τὴν
3483 1771 3744 1843 βασιλείαν

473 1875 588 1932 tur,
618 1868 890 1920 dicentem
918 1884 930 1918 :
959 1883 977 1914 ι
1004 1864 1208 1928 Amen,
1233 1879 1390 1918 amen
1413 1865 1539 1918 dico
1559 1864 1718 1918 vobis
1753 1881 1765 1916 :
1799 1863 1906 1918 nisi
1934 1862 2060 1932 quis

2165 1863 2257 1917 τοῦ
2292 1865 2448 1930 Θεοῦ,
2491 1884 2509 1916 ι
2547 1865 2696 1918 οὐδὲν
2723 1865 2955 1935 δύναμαι
2988 1868 3100 1928 τοῖς
3144 1865 3413 1936 ἀμυήτοις
3456 1864 3743 1934 προσδοκῆ-

474 1969 643 2015 natus
689 1958 856 2011 fuerit
897 1956 1156 2026 desuper,
1203 1971 1315 2008 non
1365 1963 1544 2026 potest
1589 1955 1779 2010 videre
1827 1968 2056 2024 regnum

473 2049 570 2105 Dei
603 2050 672 2112 ³³,
705 2068 722 2101 ι
753 2049 890 2102 nihil
924 2048 1052 2101 boni
1091 2061 1314 2115 possum
1347 2055 1671 2115 exspectare
1708 2047 1775 2100 iis
1805 2047 1900 2116 qui
1939 2060 2057 2115 my-

471 2141 658 2196 steriis
710 2154 819 2193 non
867 2147 997 2192 sunt
1043 2137 1266 2190 initiati.
1315 2135 1623 2203 Quamnam
1669 2137 1816 2191 enim
1866 2151 2059 2192 revera

472 2231 689 2285 veniam
728 2243 944 2298 aequum
990 2234 1078 2282 est
1117 2229 1198 2281 eis
1246 2226 1553 2296 impertiri,
1598 2226 1692 2296 qui
1746 2227 1890 2297 regis
1937 2241 2061 2295 gra-

473 2323 606 2376 tiam
663 2319 968 2374 aﬂecerunt
1009 2318 1372 2380 contumelia,
1420 2317 1546 2371 teris
1591 2318 1762 2372 alieni
1807 2333 1913 2370 non
1965 2317 2063 2370 ad-

475 2415 758 2467 mittentes
788 2409 1215 2472 rescissionem,
1261 2423 1364 2462 nec
1397 2408 1788 2477 amplectentes
1835 2408 2062 2462 liberta-

472 2511 626 2569 tem,
670 2517 793 2572 quae
823 2515 921 2555 sua
953 2508 1152 2570 sponte
1199 2500 1266 2552 ad
1316 2513 1414 2553 eos
1456 2514 1487 2552 e
1547 2499 1690 2553 ctelo
1733 2498 2057 2564 descendit,

473 2610 574 2666 per
624 2594 756 2649 doni
805 2601 984 2647 autem
1033 2601 1449 2660 contemptum,
1498 2605 1624 2645 eum
1679 2590 1774 2659 qui
1823 2590 2057 2644 donavit

475 2688 751 2758 probroet
770 2685 1042 2740 dedecore
1077 2683 1413 2738 aﬁicientes?
1445 2683 1697 2736 Animam
1736 2683 1958 2738 minime
1993 2683 2062 2737 il-

476 2779 821 2838 luminatam,
856 2786 910 2831 et
940 2775 1376 2846 regenerationis
1411 2775 1585 2844 gratia
1625 2789 1736 2828 non
1769 2786 2057 2838 ornatam,

475 2872 671 2926 nescio
699 2886 768 2924 an
800 2869 980 2939 angeli
1007 2867 1351 2936 suscipiant,
1377 2873 1671 2935 postquam
1698 2865 1862 2919 fuerit
1885 2880 1915 2916 a
1940 2882 2062 2920 cor-

475 2975 610 3033 pore
639 2967 915 3030 separata.
967 2956 1256 3022 Quomodo
1287 2955 1468 3018 enim,
1503 2970 1627 3008 cum
1663 2971 1774 3008 non
1808 2955 1881 3009 sit
1911 2955 2061 3008 obsi-

474 3061 674 3125 gnata,
707 3065 812 3106 nec
846 3050 1018 3104 ullum
1057 3047 1200 3101 ferat
1249 3048 1466 3115 signum
1518 3047 1603 3102 sui
1647 3047 1902 3101 Domini?
1948 3047 2058 3100 Imo

474 3153 565 3202 est
594 3142 902 3199 verisimile
929 3156 1028 3212 per
1061 3155 1241 3194 aerem
1276 3140 1410 3194 ferri
1446 3146 1726 3194 errantem
1769 3147 1824 3193 et
1853 3153 2060 3208 vagan-

2168 1975 2256 2010 σαι
2305 1957 2558 2028 χρηστόν.
2613 1957 2769 2019 Τίνος
2806 1956 2915 2028 γὰρ
2963 1957 3130 2020 ὅντως
3182 1956 3512 2027 συγγνώμης
3550 1957 3745 2010 δίκαιον

2165 2051 2277 2111 τοῖς
2315 2048 2574 2111 τοιούτοις
2609 2048 2969 2117 μεταδιδόναι,
3016 2048 3065 2100 οἳ
3116 2048 3216 2116 τὴν
3266 2047 3552 2118 βασιλικὴν
3598 2047 3745 2117 χάριν

2167 2137 2477 2208 ὲνύϐρισαν,
2511 2136 2585 2207 μὴ
2615 2135 2895 2206 δεξάμενοι
2936 2135 3037 2199 τὰς
3086 2135 3377 2199 ἀποκοπὰς
3417 2136 3524 2188 τῶν
3558 2137 3742 2206 χρεῶν,

2170 2227 2304 2298 μηδὲ
2331 2228 2808 2298 προσκυνήσαντες
2832 2228 2930 2298 τὴν
2961 2226 3270 2298 ἐλευθερίαν
3309 2229 3409 2281 καὶ
3442 2228 3747 2297 ἀσπασάμε-

2167 2336 2267 2381 νοι,
2317 2320 2756 2389 αύτεπάγγελτον
2792 2322 2928 2393 πρὸς
2980 2323 3177 2385 αὐτοὺς
3212 2321 3478 2375 ἐλθοῦσαν
3507 2321 3564 2386 ἐξ
3593 2322 3746 2392 ούρα-

2167 2411 2272 2466 νῶν
2293 2429 2305 2442 ·
2333 2413 2422 2466 διά
2451 2413 2508 2466 δὲ
2537 2415 2636 2482 τῆς
2677 2417 3134 2486 καταφρονήσεως
3166 2415 3258 2468 τοῦ
3290 2415 3492 2488 δώρου,
3536 2416 3624 2468 τὸν
3654 2415 3747 2467 δω-

2171 2507 2479 2575 ρησάμενον
2525 2507 2929 2578 ἀτιμάσαντες;
2982 2508 3175 2580 Ψυχὴν
3209 2508 3518 2578 ἀφώτιστον
3551 2508 3641 2561 καὶ
3685 2509 3745 2577 τῇ

2167 2595 2348 2665 χάριτι
2375 2596 2473 2666 τῆς
2503 2597 2916 2667 παλιγγενεσίας
2953 2599 3028 2670 μὴ
3065 2599 3461 2668 κοσμηθεῖσαν,
3503 2599 3600 2650 οὐκ
3641 2593 3746 2648 οἶδα

2166 2688 2287 2740 οὐδὲ
2333 2690 2382 2741 εί
2441 2689 2661 2758 ἄγγελοι
2717 2690 2854 2761 μετά
2906 2691 2998 2743 τὸν
3047 2691 3322 2761 χωρισμὸν
3361 2691 3461 2744 τοῦ
3513 2688 3748 2760 σώματος

2157 2779 2539 2850 ὑποδέχονται.
2577 2782 2701 2846 Πῶς
2737 2783 2846 2855 γάρ
2886 2782 2984 2854 τὴν
3027 2783 3428 2854 ἀσφράγιστον,
3463 2783 3558 2854 τὴν
3596 2779 3748 2852 μηδὲν

2166 2869 2267 2940 τῆς
2287 2872 2602 2938 δεσποτείας
2623 2874 2893 2945 ἐπίσημον
2921 2875 3192 2945 φέρουσαν
3213 2892 3227 2940 ;
3249 2870 3326 2928 Ἦ
3352 2875 3506 2938 εἰκὸς
3531 2873 3749 2943 ἐμφέρε-

2169 2955 2290 3010 σθαι
2325 2956 2404 3028 τῷ
2431 2959 2553 3031 ἀέρι
2588 2961 2946 3031 πλανωμένην
2977 2963 3070 3015 καὶ
3090 2963 3351 3034 ἀλητεύου
3363 2982 3488 3030 σαν,
3518 2965 3608 3017 καὶ
3635 2963 3752 3033 ἀζή·

2164 3063 2350 3117 τητον,
2378 3048 2454 3113 ὡς
2483 3049 2778 3104 ἀδέσποτον
2796 3069 2809 3082 ·
2860 3052 3231 3123 ἐπιθυμοῦσαν
3274 3053 3638 3117 ἀναπαύσεως
3663 3053 3749 3106 καὶ

2171 3139 2360 3209 μονῆς,
2388 3141 2480 3194 καὶ
2510 3143 2585 3213 μὴ
2617 3143 2975 3214 εύρίσκουσαν
3011 3143 3339 3216 ὀδυρομένην
3383 3146 3629 3216 ἀνόνητα,
3666 3143 3754 3198 καὶ

477 3247 612 3303 tem,
642 3245 699 3291 et
727 3234 956 3288 minime
985 3232 1296 3302 quaesitam,
1333 3239 1394 3284 ut
1427 3245 1550 3300 quae
1581 3229 1812 3284 Domino
1851 3237 2060 3295 careat,

2169 3231 2619 3304 μεταμελομένην
2672 3235 2960 3306 ἄπρακτα·
3007 3237 3198 3308 ὁμοίαν
3237 3236 3316 3307 τῷ
3379 3238 3648 3309 πλουσίῳ,
3699 3236 3752 3288 ἓν

475 3335 811 3400 quaerentem
845 3325 1086 3395 quietem
1117 3334 1172 3378 et
1205 3323 1384 3376 locum
1407 3361 1422 3386 ,
1462 3323 1514 3375 in
1550 3337 1660 3391 quo
1705 3329 1961 3384 maneat,
2005 3330 2060 3376 et

475 3435 588 3474 non
621 3417 1029 3482 invenientem,
1081 3414 1288 3470 frustra
1339 3413 1629 3468 deﬂentem
1681 3421 1736 3467 et
1785 3413 2059 3468 inutiliter

475 3512 872 3584 pmnitentem,
910 3523 1018 3563 non
1054 3522 1216 3563 secus
1254 3515 1417 3576 atque
1448 3505 1673 3559 divitem
1710 3503 1804 3574 qui
1861 3505 2055 3558 indue-

2167 3323 2452 3395 πορφύρα,
2502 3328 2595 3380 καὶ
2631 3326 2825 3397 βύσσος
2854 3329 3129 3398 ἡμφίαζεν
3153 3371 3168 3394 ,
3211 3332 3402 3402 τρυφὴ
3434 3332 3490 3384 δὲ
3541 3332 3750 3383 παντοία

2166 3417 2260 3470 καὶ
2292 3419 2592 3484 ἀπόλαυσις
2640 3419 2978 3491 ἁϐροδίαιτος
3020 3421 3264 3494 ἔτρεφεν,
3300 3422 3439 3494 ὓλην
3467 3423 3555 3477 τοῦ
3596 3421 3744 3476 ἀσϐέ-

2166 3525 2292 3562 στου
2320 3527 2392 3563 πυ
2401 3512 2512 3582 ρός.

474 3609 639 3664 batur
669 3621 910 3677 purpura
944 3615 998 3661 et
1032 3605 1231 3676 bysso,
1275 3618 1546 3674 quemque
1595 3603 1780 3657 lautus
1815 3611 1870 3656 et
1912 3604 2187 3662 delicatus
2223 3609 2406 3664 omnis
2439 3611 2662 3680 generis
2730 3611 2890 3667 cibus
2954 3611 3172 3679 alebat,
3237 3614 3528 3670 materiam
3589 3611 3747 3684 ignis,

475 3705 570 3775 qui
603 3718 710 3758 non
744 3709 926 3771 potest
957 3699 1234 3770 exstingui
1266 3699 1331 3752 “.

548 3792 686 3850 Volo
719 3803 898 3848 autem
932 3795 1090 3848 vobis
1133 3795 1294 3847 etiam
1349 3808 1576 3846 narrare
1613 3791 1904 3860 quemdam
1942 3806 2061 3846 scr-

478 3901 696 3942 monem
732 3887 836 3940 viri
889 3884 1148 3946 infelicis,
1189 3887 1281 3954 qui
1328 3900 1577 3954 magnam
1621 3900 1772 3952 spem
1804 3899 1912 3937 non
1944 3890 2064 3937 erat

475 3987 788 4042 assecutus,
810 3987 865 4032 et
895 3991 1091 4046 aquam
1108 3975 1385 4045 quaarebat
1413 3975 1467 4027 in
1491 3981 1758 4043 tempore,
1781 3991 1889 4044 quo
1920 3989 2063 4044 aqua

475 4067 787 4124 deﬁciebat.
849 4065 1034 4136 Nuper
1071 4066 1254 4129 enim,
1306 4064 1528 4134 quando
1587 4064 1914 4134 Scytharum
1961 4081 2062 4120 no—

477 4158 700 4214 madum
730 4159 975 4213 incursio
1008 4156 1303 4227 plurimum
1352 4155 1466 4224 agri
1499 4155 1662 4208 simul
1701 4169 1824 4207 cum
1852 4153 2063 4208 habita-

477 4251 696 4307 toribus
749 4249 979 4320 diripuit
1025 4258 1079 4303 et
1136 4247 1368 4309 evertit,
1415 4247 1467 4299 in
1522 4246 1624 4299 hac
1691 4245 2063 4300 Comanornm

477 4343 698 4397 civitate
756 4331 936 4396 vicin'a
992 4338 1330 4394 suburbanis
1387 4337 1774 4400 barbarorum,
1839 4335 2064 4406 quidam

475 4434 695 4504 juvenis
725 4435 895 4487 nobili
956 4433 1077 4485 loco
1139 4442 1318 4492 natus.
1356 4431 1591 4485 Archias
1619 4429 1864 4491 nomine,
1902 4443 2064 4497 quem

2252 3792 2450 3845 Ἐθέλω
2511 3793 2567 3847 δὲ
2621 3795 2750 3865 ὑμῖν
2796 3796 2972 3849 εἰπεῖν
3027 3814 3148 3852 τινα
3209 3799 3303 3852 καὶ
3359 3801 3517 3870 λόγον
3568 3802 3746 3875 ἀνδρὸς

2169 3883 2378 3946 ἀθλίου,
2411 3881 2775 3957 ἀποτυχόντος
2825 3889 2926 3958 τῆς
2976 3889 3218 3962 μεγάλης
3261 3891 3498 3960 ἐλπίδος,
3536 3897 3624 3949 καὶ
3661 3895 3750 3964 ζη-

2167 3973 2384 4037 τοῦντος
2431 3973 2571 4048 ὕδωρ
2622 3977 2679 4029 ὲν
2729 3976 2940 4050 ἀνύδρῳ
2987 3979 3182 4050 καιρῷ.
3231 3983 3434 4055 Πρώην
3466 3986 3569 4058 γάρ
3599 3987 3747 4056 ἡνίκα

2169 4065 2203 4134 ἡ
2238 4065 2554 4137 καταδρομὴ
2589 4066 2694 4120 τῶν
2726 4068 2971 4137 νομάδων
3015 4071 3253 4137 Σκυθῶν,
3287 4074 3493 4147 πολλὴν
3526 4079 3618 4130 σὺν
3647 4079 3750 4138 τοῖς

2168 4156 2376 4209 οἰκοῦσι
2417 4156 2600 4228 χώραν
2629 4160 2913 4226 ἠφάνισεν,
2944 4162 3035 4214 ἐπὶ
3063 4163 3160 4232 τῆς
3190 4164 3523 4235 Κομαναίων
3554 4168 3748 4228 πόλεως

2162 4246 2366 4317 ταύτης
2414 4250 2788 4318 ἀστυγείτονος
2835 4250 2905 4304 τά
2953 4254 3250 4324 προάστεια
3307 4256 3419 4311 τῶν
3472 4258 3748 4332 βαρϐάρων

2165 4338 2498 4410 ληϊζομένων
2519 4383 2532 4407 ,
2563 4343 2701 4412 ἀνήρ
2738 4359 2820 4405 τις
2852 4343 2970 4408 νέος
2999 4345 3107 4398 τῶν
3135 4348 3500 4419 εὐπατριδῶν,
3543 4350 3749 4421 Ἀρχίας

2164 4429 2434 4501 τοῦνομα,
2463 4431 2520 4485 ὃν
2571 4434 2662 4486 καὶ
2701 4433 2862 4496 αὐτὸς
2901 4435 3144 4505 ἀκριϐῶς
3191 4439 3514 4512 ἠπιστάμην
3540 4441 3750 4513 περιαλ-

480 4541 580 4594 ego
615 4524 855 4579 sciebam
880 4523 1163 4592 aegerrime
1194 4521 1337 4576 ferre
1368 4528 1422 4574 et
1485 4521 1698 4591 privata
1730 4527 1784 4573 et
1814 4533 2066 4573 C0ll|lllil-

2166 4524 2282 4591 γεῖν
2314 4525 2426 4586 τοῖς
2459 4541 2518 4576 τε
2553 4525 2703 4588 ἰδίοις
2733 4527 2826 4579 καὶ
2861 4531 3059 4592 κοινοῖς
3104 4530 3206 4599 τῆς
3250 4533 3516 4604 πατρίδος
3549 4536 3745 4596 κακοῖς,

479 4617 574 4672 nia
606 4617 744 4670 mala
805 4616 1017 4685 patriae,
1072 4629 1329 4684 egressus
1382 4621 1467 4666 est
1521 4628 1589 4667 ex
1621 4613 1846 4666 civitate
1896 4620 1950 4664 et
1996 4627 2063 4663 ex

2168 4612 2358 4684 ἐξῆλθε
2395 4615 2495 4685 τῆς
2538 4615 2745 4679 πόλεως
2774 4618 2866 4670 καὶ
2902 4618 2996 4672 τοῦ
3031 4593 3309 4693 φρουρίου,
3341 4593 3419 4688 ei;
3463 4593 3754 4678 κατοπτεῦο

481 4709 760 4780 ριτιιείιιὶυ,
801 4717 858 4762 ιιι
890 4707 1177 4776 diligenter
1235 4706 1642 4773 specularetur,
1702 4713 1838 4773 quot
1881 4710 2062 4764 erant,

480 4805 573 4876 qui
602 4802 814 4874 prmdas
855 4801 1089 4871 agebant
1122 4799 1371 4863 barbari,
1406 4807 1460 4854 et
1499 4796 1754 4866 quamam
1790 4803 1948 4849 erant
2000 4809 2066 4848 ea

480 4913 603 4967 qua:
667 4892 1080 4964 contingebant,
1122 4899 1177 4946 et
1226 4906 1351 4945 cum
1405 4889 1691 4945 incidisset
1740 4887 1798 4940 in
1851 4887 2062 4950 hostes,

482 4987 699 5058 sagittis
733 4986 835 5041 fuit
874 4985 1168 5055 appetitus.
1217 4984 1322 5050 Qui
1378 4998 1502 5038 cum
1547 4981 1840 5037 cecidisset
1893 4988 1949 5034 et
1997 4980 2065 5034 ad

481 5089 712 5136 mortem
762 5086 1104 5150 properaret,
1160 5091 1324 5148 quam
1373 5075 1612 5128 maxima
1665 5079 1880 5143 poterat
1930 5084 2067 5124 voce

481 5170 824 5226 exclamabat
862 5170 1012 5239 (erat
1041 5167 1185 5221 enim
1231 5165 1490 5236 baptismi
1539 5171 1888 5220 sacramento
1924 5176 2065 5215 non-

481 5263 610 5316 dum
637 5263 906 5328 initiatus)
929 5279 941 5314 :
962 5259 1173 5314 Montes
1193 5266 1248 5312 et
1267 5259 1438 5319 silvae,
1474 5255 1780 5324 baptizate;
1815 5254 2064 5315 arbores,

482 5363 537 5408 ct
569 5371 751 5425 rupes,
793 5362 846 5409 et
900 5354 1100 5417 fontes,
1139 5352 1265 5407 date
1287 5352 1551 5421 gratiam!
1588 5349 1651 5403 Et
1699 5349 1801 5405 has
1837 5349 2068 5403 misera-

484 5443 624 5498 biles
657 5458 822 5496 voces
851 5443 1043 5508 edens,
1069 5444 1236 5496 vitam
1275 5442 1432 5496 ﬁniit.
1471 5439 1619 5506 Quas
1649 5453 1775 5493 cum
1807 5439 2065 5494 rescivis-

485 5541 569 5586 set
603 5534 821 5594 civitas.
850 5549 942 5588 eas
988 5535 1160 5604 magis
1201 5532 1438 5599 deﬂevit,
1478 5546 1642 5602 quam
1677 5545 1868 5584 casum
1910 5530 2058 5585 belli.

487 5622 626 5678 lluic
648 5623 856 5678 similes
885 5633 1011 5680 sunt
1056 5625 1094 5679 ii
1139 5639 1378 5696 quoque,
1403 5626 1496 5696 qui
1527 5639 1557 5678 a
1594 5623 1802 5679 morbis
1835 5631 2064 5694 repente

553 5807 598 5839 ³⁸
629 5803 824 5861 Matth.
852 5821 931 5871 ιιι,
956 5807 1009 5860 7.

1090 5807 1127 5838 ³⁸
1164 5805 1311 5860 Psal.
1339 5807 1537 5875 t.-'tt,5.
1588 5808 1659 5881 _”
1689 5803 1819 5863 Luc.
1850 5821 1933 5883 gat,
1963 5808 2018 5865 9.
2098 5807 2142 5842 ³³
2180 5805 2386 5867 Hoan.
2429 5825 2512 5882 ut,
2549 5811 2602 5868 5.

2172 4721 2262 4758 σαι
2288 4705 2551 4777 ἀκριϐῶς,
2589 4707 2744 4761 πόσοι
2782 4709 2881 4778 μὲν
2919 4711 2968 4763 οἰ
3007 4711 3264 4784 λῃοῦντες
3307 4716 3594 4790 βάρϐαροι,
3639 4715 3750 4770 τίνα

2169 4797 2226 4852 δὲ
2259 4798 2329 4851 τά
2356 4799 2718 4870 συμϐαίνοντα
2754 4801 2901 4874 πάθη
2924 4818 2938 4832 ⁶
2969 4805 3063 4858 καὶ
3098 4806 3412 4878 περιπεσὼν
3457 4812 3568 4872 τοῖς
3599 4807 3749 4861 πολε-

2173 4891 2316 4961 μίοις
2340 4891 2719 4962 κατετοξεύθη.
2751 4893 2939 4948 Πεσὼν
2969 4895 3028 4949 δὲ
3073 4897 3167 4950 καὶ
3217 4897 3353 4968 πρὸς
3395 4901 3488 4954 τὸν
3534 4900 3749 4954 θάνατον

2171 4979 2542 5050 ἐπειγόμενος,
2573 4980 2648 5044 ὡς
2677 4976 2789 5051 εἶχε
2832 4982 3132 5054 δυνάμεως,
3159 4985 3356 5038 ἀνεϐόα
3398 4987 3522 5058 (καὶ
3555 4985 3660 5054 γάρ
3686 4979 3750 5054 ἦν

2171 5069 2280 5123 τῶν
2323 5071 2792 5145 ἀμυήτων)·,”ορη
2829 5075 2922 5128 καὶ
2959 5076 3148 5138 νάπαι,
3179 5076 3479 5146 βαπτίσατε
3508 5093 3522 5107 '
3549 5077 3746 5148 δένδρα,

2169 5159 2262 5210 καὶ
2293 5158 2509 5230 πέτραι,
2566 5163 2661 5216 καὶ
2698 5165 2890 5232 πηγαὶ,
2935 5164 3056 5218 δότε
3100 5166 3202 5238 τὴν
3249 5167 3430 5239 χάριν.
3482 5169 3592 5222 Καὶ
3636 5171 3748 5229 ταῖς

2169 5253 2412 5324 οἰκτραῖς
2454 5256 2658 5322 φωναῖς
2695 5253 2922 5321 ταύταις
2967 5257 3414 5331 ἐπετελεύτησεν.
3450 5261 3546 5323 “Ac
3590 5259 3680 5312 καὶ
3719 5259 3750 5326 ἡ

2169 5343 2323 5407 πόλις
2357 5343 2624 5416 μαθοῦσα,
2667 5347 2828 5401 πλέον
2867 5349 2968 5420 τῆς
3011 5353 3298 5424 συμφορᾶς
3340 5353 3443 5423 τῆς
3486 5352 3624 5406 κατὰ
3666 5350 3750 5402 τὸν

2169 5435 2402 5506 πόλεμον
2430 5436 2826 5510 ἀπεθρήνησεν.
2858 5441 3233 5515 Παραπλήσιοι
3273 5445 3332 5499 δὲ
3363 5445 3539 5517 τούτῳ
3575 5443 3666 5497 καὶ
3704 5441 3750 5492 οἰ

2170 5525 2322 5597 παρά
2364 5526 2474 5580 τῶν
2524 5530 2695 5584 νόσων
2749 5531 2962 5602 ἀθρόως
3010 5533 3345 5607 πιεζόμενοι.
3381 5536 3549 5589 ’Ὅταν
3590 5535 3692 5604 γὰρ
3723 5531 3752 5583 ὁ

2169 5617 2297 5690 χθὲς
2327 5618 2586 5687 ὑγιαίνων
2622 5621 2716 5677 καὶ
2747 5626 2995 5698 μακροὺς
3019 5627 3196 5697 ἑαυτῴ
3237 5630 3369 5694 τοὺς
3409 5627 3630 5703 χρόνους
3662 5625 3750 5696 τῆς

2683 5809 2727 5847 ³⁸
2763 5809 2894 5870 Luc.
2922 5829 3032 5883 xvr,
3073 5811 3157 5871 l9-
