4026 6430
320 374 434 433 £25

1710 320 1798 423 ni:
1830 368 2199 427 BAPTISMO.

3502 375 3609 434 49.6

324 494 477 564 ζωῆς
500 493 820 565 διαγράφων
853 489 1000 561 πάθῃ
1028 487 1089 542 τὸ
1120 486 1212 541 τοῦ
1239 485 1468 541 παλαιοῦ
1504 488 1920 558 ματαιόφρονος,

2039 489 2437 560 opprimuntur.
2470 487 2607 544 Cum
2633 490 2777 545 enim
2816 490 2886 556 ei,
2921 493 3015 563 qui
3043 491 3164 549 heri
3191 500 3312 547 erat
3337 507 3529 559 sanus,
3560 504 3617 550 et

324 588 425 642 καὶ
450 585 615 657 λεχθῇ
641 584 780 657 πρὸς
803 584 966 638 αὑτὸν
996 585 1060 636 ὲκ
1094 581 1194 651 τῆς
1236 577 1621 648 ἀπογνώσεως,
1651 580 1731 633 ὄτι
1759 581 1930 652 ταύτῃ

322 681 395 751 τῇ
426 678 586 731 νυκτὶ
613 678 647 748 ἠ
687 676 836 747 ψυχή
874 692 966 729 σου
1008 672 1101 728 τοῦ
1146 671 1397 743 σώματος
1441 670 1649 737 λύεται,
1677 671 1799 724 τότε
1843 671 1932 725 06-
1967 688 1979 705 ο

329 771 495 843 ρυϐος
523 771 616 824 καὶ
649 769 869 841 κραυγή
889 784 902 796 ·
939 768 1034 822 καὶ
1075 767 1254 821 πάντα
1280 767 1337 818 ἐν
1372 767 1512 837 ῥοπῇ
1542 765 1734 836 καιροῦ
1766 765 1933 829 ὀξέως

327 864 594 933 ζητεῖται,
623 862 693 916 τὰ
718 860 913 932 σκεύη,
936 859 999 914 τὸ
1021 859 1184 929 ὕδωρ,
1214 860 1241 911 6
1267 859 1464 929 ἱερεὺς,
1494 861 1524 912 6
1560 857 1716 926 λόγος
1743 859 1771 911 6
1796 855 1932 928 πρὸς

325 957 428 1028 τὴν
454 956 616 1027 χάριν
642 950 1113 1026 προευτρεπίζων,
1164 951 1224 1006 ὃν
1275 952 1497 1007 ἀπαιτεῖ
1526 952 1624 1021 μὲν
1670 951 1703 1021 ή
1751 950 1930 1022 χρεία,

328 1049 611 1102 ἐπισκοτεῖ
634 1046 692 1100 δὲ
722 1048 756 1118 ἡ
788 1046 960 1111 νόσος,
999 1045 1232 1118 σφοδρὸν
1264 1045 1357 1099 καὶ
1394 1043 1671 1099 ἀνένδοτον
1700 1044 1932 1115 ἐργαζο-

331 1140 472 1210 μένη
519 1135 582 1191 τὺ
628 1132 834 1209 ἆσθμα.
868 1136 979 1191 Καὶ
1020 1139 1167 1189 ποιεῖ
1214 1133 1306 1189 τὸν
1359 1134 1585 1206 θόρυϐον
1639 1133 1739 1203 τῆς
1792 1133 1933 1187 κατά

328 1230 570 1302 πόλεμον
621 1229 851 1300 συνοχῆς
889 1228 989 1283 οὐκ
1033 1228 1291 1301 ἐλάττονα
1310 1244 1323 1257 ⁸
1360 1226 1560 1291 πάντες
1596 1225 1654 1279 δὲ
1699 1226 1747 1279 οί
1790 1226 1934 1279 κατὰ

327 1324 431 1395 τὴν
472 1322 650 1377 οἰκίαν
703 1320 951 1392 ἀλλήλοις
1001 1320 1350 1384 ἀπαντῶντες
1393 1318 1786 1391 ὲκρήγνυνται⁶
1837 1320 1933 1374 καὶ

328 1416 574 1486 ὠθισμός
612 1417 758 1479 ἐστι,
802 1414 896 1469 καὶ
944 1412 1180 1485 ταραχὴ,
1230 1412 1324 1466 καὶ
1373 1412 1531 1483 θρόος
1581 1409 1791 1482 γοώδης
1837 1412 1934 1465 καὶ

329 1508 566 1578 ἄσημος,
599 1504 785 1576 ὥσπερ
829 1504 887 1557 ἐν
930 1501 1270 1574 νυκτομαχίᾳ
1300 1501 1548 1572 ἀλλήλοις
1588 1500 1933 1572 ἐμπλεκομέ-

329 1619 462 1665 νων,
512 1598 736 1667 δούλων,
797 1596 1097 1667 συγγενῶν,
1154 1596 1346 1667 φίλων,
1402 1594 1514 1648 τῶν
1563 1594 1789 1656 παίδων,
1834 1593 1932 1664 τῆς

330 1692 602 1764 γαμετῆς.
637 1691 725 1754 Ὡς
759 1688 839 1742 ἔτι
866 1688 1045 1742 τοίνυν
1073 1686 1265 1758 καιρὸς
1290 1676 1535 1757 εἰρήνης,
1560 1685 1628 1739 τά
1649 1683 1770 1738 καθ’
1803 1686 1931 1737 ἐαυ-

328 1786 459 1848 τοὺς
487 1782 780 1855 σωφρόνως
802 1780 1133 1852 διαθώμεθα.
1172 1779 1458 1851 Ἐνσχολῇ
1487 1779 1579 1832 καὶ
1605 1779 1815 1851 γαλήνῃ
1837 1777 1930 1831 τοῦ

332 1875 451 1946 βίου
475 1873 701 1941 δέξασθε
730 1876 830 1945 τὴν
849 1871 943 1927 τοῦ
973 1870 1208 1943 Χριστοῦ
1235 1868 1466 1943 δωρεὰν,
1492 1870 1580 1923 ὅτε
1607 1869 1701 1923 καὶ
1732 1870 1761 1921 6
1790 1869 1927 1939 λαμ-

330 1966 513 2021 ϐάνων
543 1966 643 2038 τὴν
691 1964 901 2036 ὑψηλὴν
944 1967 1039 2019 καὶ
1083 1962 1415 2034 ἀσύγκριτον
1458 1961 1774 2032 εὐεργεσίαν
1807 1960 1926 2032 μεθ’

330 2058 530 2131 ἡδονῆς
552 2057 630 2131 τῷ
653 2057 940 2129 καταλόγῳ
977 2055 1086 2110 τῶν
1123 2048 1548 2126 υἱοθετουμένων
1576 2052 1927 2124 συναριθμεῖ-

328 2170 461 2216 ται,
515 2152 610 2205 καὶ
656 2152 707 2205 οἱ
745 2152 1012 2223 γνώριμοι
1054 2149 1253 2212 πάντες
1292 2147 1392 2219 τὴν
1429 2147 1638 2217 ἐκείνου
1680 2146 1817 2218 πρὸς
1867 2147 1928 2200 τὸ

328 2248 579 2317 κρεῖττον
626 2243 983 2315 μεταποίησιν
1030 2242 1303 2311 ἐξαίρετον
1336 2240 1510 2312 χαρὰν
1543 2240 1634 2294 καὶ
1661 2239 1927 2311 εὐφροσύ-

328 2355 431 2409 νην
459 2336 757 2391 ποιοῦνταί.

420 2608 579 2662 Ἀλλά
629 2606 862 2669 δέδοικα,
912 2606 1066 2678 φησὶ,
1122 2606 1183 2657 τὸ
1234 2604 1329 2675 τῆς
1385 2603 1597 2674 φύσεως
1642 2603 1798 2675 ἡμῶν
1850 2602 1932 2668 είς

333 2702 611 2775 ἁμαρτίαν
639 2699 878 2762 εὔκολον,
910 2699 1004 2752 καὶ
1024 2696 1113 2751 διὰ
1143 2696 1301 2751 τοῦτο
1334 2697 1470 2768 πρὸς
1510 2696 1607 2768 τὴν
1640 2696 1798 2767 χάριν
1832 2697 1932 2766 τῆς

334 2793 757 2864 παλιγγενεσίας
809 2791 1079 2865 βραδύνω.
1128 2791 1496 2861 Εὺπρόσωπον
1557 2789 1656 2861 μέν
1706 2807 1799 2843 σου
1830 2788 1931 2858 τῆς

330 2887 535 2952 δειλίας
559 2886 623 2940 τὸ
655 2885 971 2958 πρόσχημα,
1003 2883 1097 2937 καὶ
1135 2883 1313 2947 καλῶς
1342 2882 1536 2936 σαυτὸν
1567 2898 1929 2954 κατασχημα-

331 2979 505 3045 τίζεις
552 2977 630 3048 τῷ
671 2977 772 3047 τῆς
822 2974 1108 3038 εὐλαϐείας
1152 2973 1459 3045 πλάσματιο
1504 2972 1641 3028 ἀλλά
1675 2990 1756 3026 σοι
1807 2972 1932 3026 σύν-

333 3088 503 3143 τομος
536 3068 802 3141 ἐρώτησις
844 3068 1216 3141 προσαχθεῖσα
1267 3067 1492 3139 ἀρκέσει
1535 3067 1930 3139 προ-γυμνῶσαι

332 3164 438 3236 τὴν
458 3162 659 3234 σκηνὴν
676 3161 933 3224 εὐκόλως.
953 3160 1008 3214 Ἐ
1017 3161 1106 3213 nsi
1125 3161 1255 3232 γὰρ,
1280 3162 1308 3214 6
1327 3159 1621 3215 δεδοικέναι
1643 3158 1816 3229 λέγων
1831 3161 1931 3233 τὴν

343 3255 633 3328 ἁμαρτίαν,
660 3253 1070 3326 κατηχούμενος
1099 3253 1385 3325 ὑπάρχεις,
1408 3253 1527 3306 τίνα
1552 3253 1662 3325 ἄρα
1687 3252 1788 3325 ζῇς
1813 3251 1927 3323 βίον

335 3350 772 3421 ἀκατηγόρητον,
802 3348 835 3419 ἢ
872 3347 965 3401 τὸν
1002 3348 1406 3418 ἀναμάρτητον,
1441 3345 1473 3415 ἢ
1515 3345 1607 3399 τὸν
1651 3346 1709 3399 ὲν
1750 3346 1931 3417 ἀμαρ-

334 3441 483 3504 τίαις
504 3458 518 3507 ;
541 3442 602 3495 El
638 3440 738 3512 μὲν
765 3439 872 3511 γὰρ
902 3439 991 3493 τὸν
1019 3438 1427 3509 ἀναμάρτητον,
1458 3437 1511 3490 τί
1539 3435 1741 3508 δειλιᾷς
1759 3436 1821 3490 τὸ
1841 3436 1933 3507 βά-

337 3550 573 3603 πτισμα,
618 3532 715 3587 καὶ
748 3531 856 3603 πρὸ
886 3531 1101 3585 ἐκείνου
1141 3528 1325 3601 τηρῶν
1358 3527 1457 3600 τὴν
1491 3528 1931 3600 νομοθετημένην

335 3628 624 3698 ἀκρίϐειαν
650 3643 666 3693 ;
690 3627 755 3681 El
784 3625 841 3680 δέ
867 3642 951 3680 σοι
976 3624 1285 3697 ἀκάθαρτος
1311 3625 1406 3681 καὶ
1429 3623 1739 3694 ἀφύλακτος
1762 3625 1795 3694 ἡ
1819 3621 1933 3694 ζωὴ

338 3717 619 3791 βραδύνων
651 3721 710 3774 ὲν
748 3716 1033 3790 ἀνομίαις,
1080 3718 1175 3772 καὶ
1211 3719 1276 3790 τῇ
1312 3719 1501 3790 μακρᾷ
1533 3716 1790 3787 συνηθείᾳ
1820 3714 1933 3780 ἕξιν

344 3809 627 3880 κτώμενος
651 3809 744 3864 τοῦ
782 3808 977 3873 κακοῦ,
1002 3809 1268 3881 πρόδηλον
1298 3810 1381 3865 ὅτι
1407 3810 1506 3881 τὴν
1545 3810 1781 3881 ἐσχάτην
1802 3810 1933 3863 ἀναο

342 3902 528 3974 μένεις
567 3901 872 3973 ἀναπνοήνο
900 3902 989 3957 ἴνα
1016 3900 1095 3972 τῷ
1136 3900 1474 3973 βαπτίσματι
1523 3900 1932 3973 παραληφθέντι

340 3993 487 4049 κατά
520 3993 618 4065 τὴν
640 3993 956 4049 τελευταίαν
990 3993 1142 4067 ὥραν
1167 3994 1493 4066 συν-τελεσθῇ
1523 3995 1557 4067 ἡ
1591 3995 1727 4066 ζωή.
1764 3994 1936 4048 Τοῦτο

336 4085 400 4139 δέ
428 4086 546 4139 ἐστι
577 4085 739 4157 καινὴ
766 4085 861 4140 καὶ
890 4084 1191 4157 παράδοξος
1229 4086 1491 4158 ἐμπορία,
1518 4087 1579 4140 ού
1612 4086 1813 4157 χρυσοῦ
1840 4087 1935 4141 καὶ

342 4177 594 4248 ἐσθῆτος,
625 4177 765 4231 ἀλλὰ
798 4177 1038 4250 πλήθους
1064 4177 1304 4248 ἀνομιῶν
1337 4178 1612 4250 καπηλεία
1640 4178 1934 4251 περίεργος

340 4271 445 4341 τῆς
471 4269 611 4323 κατὰ
644 4269 823 4341 ψυχὴν
864 4268 1205 4340 καθάρσεως.
1242 4270 1353 4323 Καὶ
1395 4270 1648 4343 καθάπερ
1679 4272 1730 4324 oi
1764 4274 1935 4343 χοῖροι

345 4362 517 4433 πηλὸν
543 4363 607 4415 ὲκ
637 4360 811 4435 πηλοῦ
845 4361 1223 4434 μετέρχονται,
1251 4363 1346 4417 καὶ
1373 4362 1465 4417 τὸν
1493 4362 1754 4436 βόρϐορον
1782 4363 1935 4435 Exon-

347 4474 432 4510 σιν
476 4456 656 4520 αὐτοῖς
707 4456 1032 4528 ἐνδιαίτημα
1055 4472 1069 4487 ·
1110 4454 1284 4521 οὕτως
1325 4458 1376 4510 οἱ
1412 4459 1535 4522 ταῖς
1567 4458 1935 4529 ἀκαθαρσίαις

2037 580 2166 635 vitae
2215 580 2320 636 sibi
2366 580 2590 651 longum
2636 587 2855 652 tempus
2887 582 3296 649 dimetiebatur,
3351 585 3619 640 acciderit

2034 670 2089 725 id
2125 669 2273 741 quod
2309 670 2386 724 illi
2418 670 2514 740 qui
2562 670 2694 726 olim
2734 686 2875 726 vana
2915 673 3209 744 cogitabat,
3242 685 3295 730 et
3321 676 3372 730 ei
3407 677 3616 732 dictum

2039 761 2206 817 fuerit
2237 777 2305 818 ex
2336 762 2763 833 desperatione:
2813 763 2928 819 Hac
2961 774 3120 821 nocte
3159 767 3342 821 anima
3376 777 3470 823 tua
3506 768 3621 822 sol-

2034 855 2183 909 vitur
2217 869 2247 908 a
2302 869 2536 926 corpore
2571 854 2636 922 ⁸³,
2672 864 2804 910 tunc
2834 870 3072 927 magnus
3110 858 3292 912 oritur
3347 861 3619 914 tumultus

2033 958 2086 1001 et
2119 948 2362 1012 clamor;
2428 955 2482 1002 et
2533 949 2719 1001 omnia
2776 959 3058 1003 momento
3116 949 3383 1020 temporis
3417 952 3620 1005 acriter

2034 1047 2379 1109 qureruntur,
2425 1054 2575 1104 vasa,
2608 1053 2773 1110 aqua,
2815 1040 3098 1104 sacerdos,
3133 1055 3315 1096 sermo
3349 1043 3442 1112 qui
3479 1058 3619 1111 prae-

2034 1135 2191 1198 paret
2223 1126 2292 1182 ad
2331 1129 2588 1200 gratiam,
2613 1143 2777 1199 quem
2826 1145 2961 1184 usus
2981 1129 3202 1200 quidem
3235 1131 3501 1203 postulat,
3530 1133 3617 1187 in-

2036 1220 2331 1291 terrumpit
2362 1230 2544 1277 autem
2594 1223 2838 1286 morbus,
2865 1223 2959 1293 qui
3003 1222 3187 1290 edicit,
3239 1232 3298 1277 ut
3327 1224 3621 1280 vehemens

2034 1323 2089 1369 et
2128 1311 2387 1384 frequens
2432 1314 2504 1370 sit
2559 1315 2855 1382 anhelitus,
2907 1322 2963 1370 et
3024 1314 3154 1370 facit
3184 1332 3294 1371 non
3347 1319 3617 1372 minorem

2036 1406 2526 1476 perturbationem,
2549 1422 2713 1478 quam
2742 1422 2867 1478 quae
2893 1417 3000 1471 est,
3034 1422 3157 1463 cum
3193 1418 3348 1479 urget
3376 1409 3618 1478 bellum;

2035 1513 2230 1555 omnes
2265 1507 2448 1555 autem
2473 1499 2567 1569 qui
2608 1506 2738 1556 sunt
2784 1500 2956 1564 domi,
2991 1500 3094 1556 sibi
3146 1501 3381 1556 invicem
3421 1517 3620 1558 occur-

2035 1597 2222 1646 rentes
2241 1598 2560 1662 erumpunt;
2586 1600 2782 1663 estque
2812 1593 3112 1661 protrusio,
3146 1593 3437 1661 tumultus,
3464 1611 3620 1650 mur-

2036 1698 2270 1754 murque
2298 1694 2353 1739 et
2379 1699 2643 1739 susurrus
2700 1682 2921 1749 ﬂebilis,
2972 1694 3027 1740 et
3063 1686 3310 1743 incertus
3356 1696 3616 1760 tanquam

2036 1772 2090 1826 in
2118 1774 2314 1843 prmlio
2347 1776 2550 1840 navali,
2587 1791 2646 1832 se
2695 1776 2929 1832 invicem
2977 1777 3389 1849 implicantibus
3420 1783 3617 1845 servis.

2035 1867 2310 1938 cognatis,
2340 1868 2555 1935 amicis,
2589 1867 2740 1934 filiis,
2773 1883 2965 1925 uxore.
2996 1869 3181 1927 Donec
3209 1880 3294 1927 est
3316 1889 3448 1946 ergo
3479 1883 3617 1931 tem-

2035 1974 2138 2029 pus
2168 1960 2339 2030 pacis,
2375 1960 2429 2013 in
2453 1960 2568 2015 otio
2604 1968 2659 2016 et
2691 1960 2816 2016 vitae
2855 1962 3255 2032 tranquillitate
3277 1980 3365 2021 res
3396 1974 3619 2023 nostras

2035 2064 2453 2121 componamus.
2511 2050 2758 2123 Accipite
2796 2051 2999 2107 Christi
3052 2053 3279 2120 donum,
3316 2058 3535 2128 quando
3571 2060 3621 2115 is

2035 2143 2129 2214 qui
2152 2144 2323 2199 altum
2355 2157 2408 2200 ct
2437 2144 2867 2216 incnmparabile
2891 2145 3092 2218 accipit
3117 2146 3471 2213 beneﬁcium,
3492 2166 3617 2205 cum

2035 2232 2316 2303 voluptate
2368 2232 2606 2290 refertur
2653 2234 2710 2289 in
2750 2250 3041 2290 numerum
3092 2251 3285 2292 eorum
3335 2238 3427 2309 qui
3489 2240 3623 2295 ado-

2036 2332 2262 2394 ptantur
2290 2325 2345 2380 in
2366 2326 2546 2394 filios;
2578 2335 2630 2382 et
2651 2342 2845 2382 omnes
2862 2329 2975 2383 noti
2994 2336 3046 2383 et
3078 2326 3399 2397 familiares,
3437 2346 3501 2387 ex
3528 2331 3621 2386 illa

2038 2414 2344 2471 mutatione
2375 2417 2430 2470 in
2467 2416 2664 2472 melius
2700 2432 2974 2473 summam
3025 2419 3362 2490 voluptatem
3393 2422 3623 2493 capiunt

2037 2515 2092 2561 et
2116 2507 2378 2562 laetitiam.

2112 2598 2220 2656 Sed
2272 2602 2462 2669 timeo,
2505 2603 2717 2674 inquis,
2781 2612 2996 2659 naturae
3055 2613 3259 2662 nostrtc
3308 2606 3376 2662 ad
3429 2609 3623 2664 vitium

2037 2692 2462 2765 proclivitatem,
2502 2703 2556 2751 et
2581 2695 2703 2750 ideo
2742 2694 2936 2751 differo
2978 2696 3240 2753 accedere
3273 2697 3341 2752 ad
3391 2699 3622 2769 gratiam

2039 2788 2495 2861 regenerationis.
2533 2786 2828 2859 Speciosus
2859 2797 2942 2844 est
2971 2790 3190 2861 quidem
3232 2801 3359 2849 tuus
3391 2801 3624 2864 praetex-

2038 2890 2128 2937 tus
2162 2879 2494 2944 timiditatis,
2530 2888 2583 2937 ct
2609 2880 2888 2951 diligentis
2941 2882 3217 2939 cautionis
3266 2886 3504 2953 speciem
3537 2902 3626 2943 re-

2038 2983 2126 3029 cte
2160 2988 2271 3044 pra:
2306 2982 2359 3027 te
2389 2972 2537 3039 fers;
2569 2972 2663 3028 sed
2693 2972 2876 3028 brevis
2903 2972 2998 3029 tibi
3048 2975 3331 3043 proposita
3386 2974 3625 3032 interro-

2039 3065 2187 3135 gatio
2222 3064 2462 3121 sufficiet
2522 3064 2591 3119 ad
2645 3079 2867 3120 scenam
2901 3062 3062 3120 facile
3117 3066 3493 3136 aperiendam.
3529 3068 3628 3124 Dic

2038 3158 2209 3222 enim,
2242 3158 2335 3228 qui
2366 3157 2505 3213 dicis
2538 3164 2591 3212 te
2623 3158 2813 3212 timere
2842 3166 3146 3228 peccatum,
3188 3175 3311 3215 cum
3377 3160 3453 3215 sis
3479 3170 3626 3218 cate-

2037 3250 2370 3315 chumcnus,
2404 3264 2697 3320 quemnam
2730 3249 2869 3304 dicis
2898 3250 3080 3306 vivere
3112 3253 3320 3314 'vitam,
3366 3255 3419 3307 in
3461 3269 3627 3325 quam

2035 3341 2189 3397 nulla
2237 3340 2387 3396 cadit
2436 3341 2831 3412 reprehensio?
2860 3356 3082 3407 eumne,
3116 3342 3209 3412 qui
3271 3360 3379 3397 non
3415 3354 3627 3414 peccat,

2043 3448 2113 3488 an
2147 3447 2275 3489 eum
2311 3432 2407 3504 qui
2436 3440 2523 3488 est
2558 3433 2613 3487 in
2642 3433 2924 3504 peccatis?
2949 3432 3005 3488 Si
3037 3433 3181 3489 enim
3206 3449 3353 3499 eum,
3382 3434 3474 3505 qui
3517 3451 3627 3490 non

2033 3532 2249 3594 peccat,
2277 3523 2374 3593 qui
2392 3522 2551 3578 times
2572 3521 2929 3593 baptismum,
2949 3538 3071 3577 cum
3089 3522 3255 3577 etiam
3275 3532 3398 3579 ante
3414 3538 3536 3578 eum
3553 3524 3634 3579 di-

2035 3616 2267 3689 ligenter
2295 3614 2555 3672 observes
2583 3615 2640 3670 id
2669 3614 2816 3687 quod
2839 3623 2925 3671 est
2956 3616 3074 3687 lege
3101 3617 3505 3671 constitutum?
3531 3615 3628 3674 Sin

2037 3716 2220 3763 autem
2256 3708 2357 3764 tibi
2383 3714 2471 3764 est
2502 3707 2614 3763 vita
2667 3707 2952 3762 immunda
2986 3713 3042 3763 et
3096 3707 3305 3763 nullam
3360 3708 3632 3765 adhibens

2036 3802 2373 3868 cautionem,
2409 3815 2536 3856 cum
2582 3799 2678 3855 diu
2718 3799 2953 3855 moreris
3008 3799 3063 3854 in
3118 3798 3531 3871 iniquitatibus,
3573 3813 3630 3857 et

2036 3894 2201 3967 longa
2230 3892 2634 3950 consuetudine
2677 3891 2804 3947 mali
2861 3890 3112 3948 habitum
3140 3891 3450 3962 possideas,
3504 3908 3630 3965 per-

2036 3988 2288 4059 spicuum
2309 3996 2396 4043 est
2423 3984 2571 4056 quod
2604 3985 2858 4038 ultimum
2890 3994 3180 4055 exspectas
3210 3983 3533 4048 anhelitum,
3570 3993 3633 4041 ut

2037 4096 2164 4136 cum
2192 4079 2466 4151 baptismo
2499 4078 2696 4133 ultima
2744 4075 2880 4131 hora
2914 4084 3177 4146 suscepto
3202 4077 3315 4132 vita
3363 4076 3528 4132 simul
3569 4078 3632 4132 ti-

2038 4173 2247 4230 niatur.
2276 4168 2399 4228 Hoc
2429 4179 2613 4226 autem
2643 4178 2727 4225 est
2754 4182 2893 4222 vana
2915 4177 2970 4223 et
3004 4167 3270 4222 mirabilis
3295 4175 3626 4231 mercatura,

2040 4282 2149 4321 non
2188 4265 2310 4319 auri
2339 4270 2395 4320 et
2423 4263 2680 4328 vestium,
2713 4259 2807 4317 sed
2837 4257 3206 4315 multitudinis
3241 4258 3623 4329 iniquitatum.

2039 4367 2095 4413 et
2126 4368 2536 4427 supervacanea
2572 4368 2636 4408 ac
2669 4351 2890 4407 curiosa
2920 4349 3248 4420 cauponatio
3274 4349 3469 4407 anima:
3498 4366 3628 4422 pur-

2041 4448 2309 4522 gationis;
2344 4454 2399 4502 et
2433 4460 2543 4517 quo
2569 4443 2731 4500 modo
2764 4443 2915 4515 porci
2947 4457 2977 4497 a
3008 4442 3124 4497 luto
3157 4441 3214 4497 in
3239 4442 3418 4498 lutum
3446 4450 3630 4502 trans-

348 4546 619 4612 συζῶντες
654 4546 1013 4602 συνάπτουσιν
1049 4546 1387 4619 ἐπαλλήλους
1431 4547 1532 4611 τάς
1564 4548 1816 4621 ἀνομίας.
1859 4549 1931 4602 Ἢ

2039 4555 2187 4611 eunt,
2227 4556 2280 4602 et
2313 4546 2369 4601 in
2394 4545 2512 4600 luto
2561 4542 2807 4613 jucunde
2838 4548 2894 4597 et
2936 4540 3188 4597 lubenter
3226 4541 3393 4598 vitam
3421 4554 3629 4616 agunt:

345 4638 458 4710 γὰρ
499 4641 568 4711 τῇ
611 4639 832 4712 πορνεία
878 4639 1225 4710 μολύνονται,
1263 4640 1297 4711 ἦ
1332 4640 1431 4712 τὴν
1458 4639 1773 4713 δυσώνυμον
1814 4658 1935 4713 μοι-

346 4730 500 4800 χείαν
530 4731 906 4801 τεχνάζουσιν,
953 4733 987 4805 ἢ
1028 4732 1129 4805 τὴν
1158 4733 1328 4804 μέθην
1358 4732 1585 4787 ἀσκοῦσι
1616 4734 1677 4788 τὸ
1705 4733 1812 4788 τῶν
1844 4751 1938 4787 πο-

348 4823 532 4893 νηρῶν
562 4823 867 4894 ἐπιθυμιῶν
896 4825 1251 4895 ὑπέκκαυμα,
1284 4824 1316 4895 ἢ
1350 4825 1448 4889 τὰς
1476 4824 1712 4895 ἀδελφὰς
1733 4824 1937 4880 τούτων

350 4916 445 4969 καὶ
491 4919 772 4985 συγγενεῖς
802 4916 1078 4988 ἁμαρτίας
1130 4914 1528 4985 ἐπιτηδεύουσι.
1555 4916 1852 4971 Φοδοῦνται
1878 4917 1937 4971 δὲ

348 5008 410 5063 τὸ
445 5007 749 5079 βάπτισμα,
786 5008 863 5072 ὡς
889 5008 999 5061 τῶν
1034 5008 1238 5080 ⁴ἡδονῶν
1266 5007 1517 5080 κώλυμα,
1552 5009 1647 5063 καὶ
1676 5008 1786 5064 τῶν
1809 5027 1935 5081 μια-

352 5100 465 5171 ρῶν
501 5099 851 5154 ἀπολαύσεων
892 5100 1124 5171 ἀποχήν.
1149 5099 1319 5154 Ὅταν
1354 5097 1449 5154 οὖν
1491 5100 1640 5170 λέγει
1667 5103 1696 5154 6
1722 5119 1935 5174 προφα-

353 5191 638 5261 σιζόμενος
674 5192 976 5265 προφάσεις
1021 5194 1080 5245 ὲν
1137 5192 1453 5264 ἁμαρτίαις,
1510 5195 1593 5247 ὃτι
1639 5193 1936 5265 Φοϐοῦμαι,

348 5285 623 5357 πρόδηλός
651 5286 797 5338 ἐστιν
827 5286 886 5339 ού
917 5285 1017 5357 τὴν
1048 5286 1324 5357 ἁμαρτίαν
1357 5285 1774 5354 εὐλαϐούμενος,
1804 5286 1940 5341 ἀλλά

353 5380 575 5451 μακρὰν
635 5365 801 5448 αιἰτῷ⁸
839 5379 1092 5445 γενέσθαι
1150 5378 1505 5449 βουλόμενος,
1560 5377 1657 5449 τὴν
1708 5379 1764 5431 ἐν
1816 5382 1936 5442 ταῖς

350 5471 651 5542 ἁμαρτίαις
691 5470 1058 5542 ἀναστροφήν.
1096 5472 1159 5524 Οἱ
1196 5471 1252 5523 δὲ
1278 5469 1482 5541 ταύτην
1509 5467 1723 5538 ἔχοντες
1761 5470 1819 5521 ὲν
1859 5469 1937 5541 τῷ

352 5561 512 5634 βάθει
534 5562 632 5634 τὴν
659 5562 902 5634 πονηράν
929 5562 1178 5633 γνώμην,
1202 5561 1417 5627 πρῶτον
1451 5561 1551 5631 μὲν
1582 5561 1703 5613 οὐδὲ
1726 5560 1937 5640 ἀξιοῦν-

350 5671 443 5710 ται
471 5653 572 5727 τῆς
614 5654 864 5727 Χάριτος⁰
897 5655 1034 5709 ἀλλά
1080 5657 1201 5717 ταῖς
1247 5657 1429 5718 κεναῖς
1458 5653 1668 5706 ἐλπίσιν
1714 5655 1937 5713 ἑαυτοὺς

426 5830 476 5867 ⁸³
498 5830 631 5888 Luc.
649 5846 750 5895 xu,
781 5830 874 5885 20.

679 5929 949 5989 ΡΑτιιοι..
1001 5925 1115 5986 Gn.
1170 5925 1388 5986 XLVI.

2042 4644 2120 4697 ita
2157 4640 2251 4711 qui
2286 4639 2480 4695 vivunt
2532 4637 2594 4691 in
2649 4633 3027 4700 immnnditia,
3058 4634 3269 4691 scelera
3320 4649 3385 4690 ac
3425 4634 3632 4708 ﬂagitia

2041 4734 2275 4791 invicem
2331 4731 2696 4802 conjungunt.
2730 4730 2839 4785 Aut
2863 4729 3011 4786 enim
3074 4729 3392 4799 polluuntur
3421 4738 3635 4786 scorta-

2041 4828 2211 4891 tione,
2239 4832 2335 4879 aut
2372 4822 2803 4880 abominandum
2853 4820 3241 4877 machinantur
3274 4819 3629 4885 adulterium,

2043 4925 2139 4972 aut
2170 4922 2430 4973 exercent
2480 4913 2827 4977 ebrietatem,
2882 4910 3125 4967 fomitem
3179 4910 3446 4965 malarum
3477 4911 3635 4982 cupi-

2041 5010 2299 5078 ditatum,
2345 5016 2440 5064 aut
2490 5007 2578 5064 his
2611 5004 2814 5068 aﬂinia,
2873 5013 2927 5060 et
2966 5002 3293 5073 cognatione
3338 5002 3633 5073 conjuncta

2042 5113 2301 5163 exercent
2327 5109 2573 5174 peccata.
2603 5097 2823 5154 Timent
2858 5103 3039 5150 autem
3066 5094 3422 5165 baptismum,
3452 5102 3511 5149 ut
3538 5096 3632 5167 qui

2050 5195 2341 5269 prohibeat
2370 5192 2701 5259 voluptates,
2732 5194 2787 5241 et
2811 5185 3092 5241 abstinere
3125 5183 3307 5239 'faciat
3338 5199 3368 5237 a
3406 5181 3636 5240 nefariis

2042 5286 2276 5342 deliciis.
2331 5282 2467 5336 Cum
2522 5293 2654 5350 ergo
2716 5277 2950 5341 dixerit,
3005 5275 3101 5344 qui
3151 5273 3350 5342 quwrit
3402 5288 3637 5328 excusa-

2044 5379 2223 5432 tiones
2254 5377 2309 5429 in
2345 5371 2613 5444 peccatis,
2646 5370 2862 5431 timere,
2889 5366 3239 5435 perspicuum
3267 5371 3353 5419 est
3373 5378 3497 5418 eum
3523 5380 3633 5419 non

2045 5468 2245 5533 vereri,
2299 5473 2394 5519 aut
2426 5476 2622 5518 cavere
2669 5467 2997 5529 peccatum;
3033 5454 3129 5511 scd
3172 5454 3313 5509 velle
3365 5468 3425 5510 se
3469 5469 3633 5525 quam

2045 5556 2354 5614 diutissime
2388 5551 2599 5609 versari
2631 5550 2685 5604 in
2726 5546 2974 5618 ﬂagitiis.
3037 5544 3141 5612 Qui
3200 5551 3385 5600 autem
3420 5545 3475 5600 in
3508 5559 3636 5615 pro-

2047 5650 2216 5706 fundo
2262 5649 2465 5705 malam
2508 5647 2649 5702 hanc
2693 5641 2899 5696 habent
2947 5649 3205 5721 mentem,
3249 5638 3485 5710 primum
3514 5638 3634 5710 qui-

3245 5912 3319 5976 11's
