  <div class='ocr_page' id='page_1' title='image "/cluster/home/n/w/nwhite01/storage/ocr_20150623/46:no.3/coo.31924054869668/223.png"; bbox 0 0 4026 6432; ppageno 0'>
   <div class='ocr_carea' id='block_1_1' title="bbox 497 342 598 398">
    <p class='ocr_par' dir='ltr' id='par_1_1' title="bbox 497 342 598 398">
     <span class='ocr_line' id='line_1_1' title="bbox 497 342 598 398; baseline -0.04 0"><span class='ocrx_word' id='word_1_1' title='bbox 497 342 598 398; x_wconf 68' lang='grc' dir='ltr'>ιιι-ι</span> 
     </span>
    </p>
   </div>
   <div class='ocr_carea' id='block_1_2' title="bbox 1774 330 2553 391">
    <p class='ocr_par' dir='ltr' id='par_1_2' title="bbox 1774 330 2553 391">
     <span class='ocr_line' id='line_1_2' title="bbox 1774 330 2553 391; baseline -0.005 -1"><span class='ocrx_word' id='word_1_2' title='bbox 1774 332 1829 390; x_wconf 89' lang='lat' dir='ltr'><strong>S.</strong></span> <span class='ocrx_word' id='word_1_3' title='bbox 1873 330 2202 391; x_wconf 80' lang='lat' dir='ltr'><strong>GREGORII</strong></span> <span class='ocrx_word' id='word_1_4' title='bbox 2255 330 2553 388; x_wconf 77' lang='lat' dir='ltr'><strong>NYSSENI</strong></span> 
     </span>
    </p>
   </div>
   <div class='ocr_carea' id='block_1_3' title="bbox 3646 331 3749 390">
    <p class='ocr_par' dir='ltr' id='par_1_3' title="bbox 3646 331 3749 390">
     <span class='ocr_line' id='line_1_3' title="bbox 3646 331 3749 390; baseline 0.01 -1"><span class='ocrx_word' id='word_1_5' title='bbox 3646 331 3749 390; x_wconf 61' lang='lat'><strong>328</strong></span> 
     </span>
    </p>
   </div>
   <div class='ocr_carea' id='block_1_4' title="bbox 498 439 2075 522">
    <p class='ocr_par' dir='ltr' id='par_1_4' title="bbox 498 447 2069 522">
     <span class='ocr_line' id='line_1_4' title="bbox 498 447 2069 522; baseline -0.004 -15"><span class='ocrx_word' id='word_1_6' title='bbox 498 454 621 508; x_wconf 88' lang='lat' dir='ltr'><strong>dem</strong></span> <span class='ocrx_word' id='word_1_7' title='bbox 659 464 760 508; x_wconf 89' lang='lat' dir='ltr'><strong>nec</strong></span> <span class='ocrx_word' id='word_1_8' title='bbox 810 450 1041 521; x_wconf 88' lang='lat' dir='ltr'><strong>gratiam</strong></span> <span class='ocrx_word' id='word_1_9' title='bbox 1075 454 1490 522; x_wconf 82' lang='lat' dir='ltr'><strong>assequuntur;</strong></span> <span class='ocrx_word' id='word_1_10' title='bbox 1538 447 1632 505; x_wconf 87' lang='lat' dir='ltr'><strong>sed</strong></span> <span class='ocrx_word' id='word_1_11' title='bbox 1682 461 1824 501; x_wconf 89' lang='lat' dir='ltr'><strong>vana</strong></span> <span class='ocrx_word' id='word_1_12' title='bbox 1853 462 1951 517; x_wconf 86' lang='lat' dir='ltr'><strong>spe</strong></span> <span class='ocrx_word' id='word_1_13' title='bbox 1980 461 2069 501; x_wconf 86' lang='lat' dir='ltr'><strong>se-</strong></span> 
     </span>
    </p>
   </div>
   <div class='ocr_carea' id='block_1_5' title="bbox 2177 439 3757 522">
    <p class='ocr_par' dir='ltr' id='par_1_5' title="bbox 2177 439 3757 515">
     <span class='ocr_line' id='line_1_5' title="bbox 2177 439 3757 515; baseline 0.003 -17"><span class='ocrx_word' id='word_1_14' title='bbox 2177 443 2664 506; x_wconf 79' lang='grc' dir='ltr'>ἀποϐουκολοῦντες</span> <span class='ocrx_word' id='word_1_15' title='bbox 2708 441 2986 512; x_wconf 72' lang='grc' dir='ltr'><strong>ἀδοκήτως</strong></span> <span class='ocrx_word' id='word_1_16' title='bbox 3031 439 3351 510; x_wconf 88' lang='grc' dir='ltr'>ἀπάγονται,</span> <span class='ocrx_word' id='word_1_17' title='bbox 3386 439 3626 515; x_wconf 66' lang='grc' dir='ltr'>ἀψοφητὶ</span> <span class='ocrx_word' id='word_1_18' title='bbox 3662 447 3757 502; x_wconf 73' lang='grc' dir='ltr'>καὶ</span> 
     </span>
    </p>
   </div>
   <div class='ocr_carea' id='block_1_6' title="bbox 499 536 2073 608">
    <p class='ocr_par' dir='ltr' id='par_1_6' title="bbox 499 536 2073 608">
     <span class='ocr_line' id='line_1_6' title="bbox 499 536 2073 608; baseline -0.001 -16"><span class='ocrx_word' id='word_1_19' title='bbox 499 539 649 607; x_wconf 88' lang='lat' dir='ltr'><strong>ipsos</strong></span> <span class='ocrx_word' id='word_1_20' title='bbox 676 543 985 607; x_wconf 87' lang='lat' dir='ltr'><strong>pascentes,</strong></span> <span class='ocrx_word' id='word_1_21' title='bbox 1014 545 1211 606; x_wconf 66' lang='lat' dir='ltr'><strong>praeter</strong></span> <span class='ocrx_word' id='word_1_22' title='bbox 1234 537 1547 608; x_wconf 82' lang='lat' dir='ltr'><strong>opinionem</strong></span> <span class='ocrx_word' id='word_1_23' title='bbox 1575 536 1921 591; x_wconf 87' lang='lat' dir='ltr'><strong>abducuntur</strong></span> <span class='ocrx_word' id='word_1_24' title='bbox 1948 536 2073 590; x_wconf 84' lang='lat' dir='ltr'><strong>abs-</strong></span> 
     </span>
    </p>
   </div>
   <div class='ocr_carea' id='block_1_7' title="bbox 492 628 2073 700">
    <p class='ocr_par' dir='ltr' id='par_1_7' title="bbox 492 628 2073 700">
     <span class='ocr_line' id='line_1_7' title="bbox 492 628 2073 700; baseline -0.002 -17"><span class='ocrx_word' id='word_1_25' title='bbox 492 645 604 700; x_wconf 86' lang='lat' dir='ltr'><strong>que</strong></span> <span class='ocrx_word' id='word_1_26' title='bbox 623 628 854 700; x_wconf 74' lang='lat' dir='ltr'><strong>strepitu</strong></span> <span class='ocrx_word' id='word_1_27' title='bbox 878 636 932 685; x_wconf 88' lang='lat' dir='ltr'><strong>et</strong></span> <span class='ocrx_word' id='word_1_28' title='bbox 955 638 1201 699; x_wconf 86' lang='lat' dir='ltr'><strong>repente,</strong></span> <span class='ocrx_word' id='word_1_29' title='bbox 1234 638 1493 699; x_wconf 79' lang='lat' dir='ltr'><strong>tanquam</strong></span> <span class='ocrx_word' id='word_1_30' title='bbox 1529 628 1761 683; x_wconf 83' lang='lat' dir='ltr'><strong>insidias</strong></span> <span class='ocrx_word' id='word_1_31' title='bbox 1823 633 2073 683; x_wconf 89' lang='lat' dir='ltr'><strong>struente</strong></span> 
     </span>
    </p>
   </div>
   <div class='ocr_carea' id='block_1_8' title="bbox 499 716 2070 791">
    <p class='ocr_par' dir='ltr' id='par_1_8' title="bbox 499 716 2070 791">
     <span class='ocr_line' id='line_1_8' title="bbox 499 716 2070 791; baseline -0.005 -15"><span class='ocrx_word' id='word_1_32' title='bbox 499 720 639 785; x_wconf 85' lang='lat' dir='ltr'><strong>fure,</strong></span> <span class='ocrx_word' id='word_1_33' title='bbox 687 720 1031 791; x_wconf 80' lang='lat' dir='ltr'><strong>Opprimente</strong></span> <span class='ocrx_word' id='word_1_34' title='bbox 1075 729 1273 776; x_wconf 88' lang='lat' dir='ltr'><strong>morte.</strong></span> <span class='ocrx_word' id='word_1_35' title='bbox 1333 719 1429 775; x_wconf 86' lang='lat' dir='ltr'><strong>Sin</strong></span> <span class='ocrx_word' id='word_1_36' title='bbox 1484 727 1667 774; x_wconf 89' lang='lat' dir='ltr'><strong>autem</strong></span> <span class='ocrx_word' id='word_1_37' title='bbox 1724 716 1868 772; x_wconf 87' lang='lat' dir='ltr'><strong>Deus</strong></span> <span class='ocrx_word' id='word_1_38' title='bbox 1913 730 2070 772; x_wconf 87' lang='lat' dir='ltr'><strong>suam</strong></span> 
     </span>
    </p>
   </div>
   <div class='ocr_carea' id='block_1_9' title="bbox 499 808 2073 872">
    <p class='ocr_par' dir='ltr' id='par_1_9' title="bbox 499 808 2073 872">
     <span class='ocr_line' id='line_1_9' title="bbox 499 808 2073 872; baseline -0.004 -5"><span class='ocrx_word' id='word_1_39' title='bbox 499 815 684 871; x_wconf 87' lang='lat' dir='ltr'><strong>verius</strong></span> <span class='ocrx_word' id='word_1_40' title='bbox 713 814 1000 870; x_wconf 80' lang='lat' dir='ltr'><strong>effundens</strong></span> <span class='ocrx_word' id='word_1_41' title='bbox 1030 814 1374 870; x_wconf 83' lang='lat' dir='ltr'><strong>clementiam</strong></span> <span class='ocrx_word' id='word_1_42' title='bbox 1429 821 1484 867; x_wconf 90' lang='lat' dir='ltr'><strong>et</strong></span> <span class='ocrx_word' id='word_1_43' title='bbox 1531 811 1852 872; x_wconf 83' lang='lat' dir='ltr'><strong>bonitatem,</strong></span> <span class='ocrx_word' id='word_1_44' title='bbox 1890 809 1942 864; x_wconf 92' lang='lat' dir='ltr'><strong>in</strong></span> <span class='ocrx_word' id='word_1_45' title='bbox 1991 808 2073 862; x_wconf 85' lang='lat' dir='ltr'><strong>ul—</strong></span> 
     </span>
    </p>
   </div>
   <div class='ocr_carea' id='block_1_10' title="bbox 489 896 2074 975">
    <p class='ocr_par' dir='ltr' id='par_1_10' title="bbox 489 896 2074 975">
     <span class='ocr_line' id='line_1_10' title="bbox 489 896 2074 975; baseline -0.006 -15"><span class='ocrx_word' id='word_1_46' title='bbox 489 907 635 961; x_wconf 80' lang='lat' dir='ltr'><strong>timo</strong></span> <span class='ocrx_word' id='word_1_47' title='bbox 655 904 742 961; x_wconf 91' lang='lat' dir='ltr'><strong>die</strong></span> <span class='ocrx_word' id='word_1_48' title='bbox 771 919 920 971; x_wconf 89' lang='lat' dir='ltr'><strong>eum,</strong></span> <span class='ocrx_word' id='word_1_49' title='bbox 950 905 1044 975; x_wconf 89' lang='lat' dir='ltr'><strong>qui</strong></span> <span class='ocrx_word' id='word_1_50' title='bbox 1073 904 1376 959; x_wconf 87' lang='lat' dir='ltr'><strong>delectatur</strong></span> <span class='ocrx_word' id='word_1_51' title='bbox 1416 908 1666 971; x_wconf 89' lang='lat' dir='ltr'><strong>peccato,</strong></span> <span class='ocrx_word' id='word_1_52' title='bbox 1690 897 1972 971; x_wconf 85' lang='lat' dir='ltr'><strong>mysteriis</strong></span> <span class='ocrx_word' id='word_1_53' title='bbox 2002 896 2074 951; x_wconf 86' lang='lat' dir='ltr'><strong>sit</strong></span> 
     </span>
    </p>
   </div>
   <div class='ocr_carea' id='block_1_11' title="bbox 474 987 2069 1067">
    <p class='ocr_par' dir='ltr' id='par_1_11' title="bbox 474 987 2069 1067">
     <span class='ocr_line' id='line_1_11' title="bbox 474 987 2069 1067; baseline -0.006 -16"><span class='ocrx_word' id='word_1_54' title='bbox 474 996 778 1067; x_wconf 70' lang='lat' dir='ltr'><strong>dignatus,</strong></span> <span class='ocrx_word' id='word_1_55' title='bbox 813 1010 922 1050; x_wconf 91' lang='lat' dir='ltr'><strong>non</strong></span> <span class='ocrx_word' id='word_1_56' title='bbox 954 1003 1038 1051; x_wconf 89' lang='lat' dir='ltr'><strong>est</strong></span> <span class='ocrx_word' id='word_1_57' title='bbox 1060 994 1140 1049; x_wconf 91' lang='lat' dir='ltr'><strong>eis</strong></span> <span class='ocrx_word' id='word_1_58' title='bbox 1164 1008 1229 1048; x_wconf 86' lang='lat' dir='ltr'><strong>ex</strong></span> <span class='ocrx_word' id='word_1_59' title='bbox 1270 991 1640 1062; x_wconf 76' lang='lat' dir='ltr'><strong>negotiatione</strong></span> <span class='ocrx_word' id='word_1_60' title='bbox 1670 999 1880 1045; x_wconf 88' lang='lat' dir='ltr'><strong>tantum</strong></span> <span class='ocrx_word' id='word_1_61' title='bbox 1911 987 2069 1053; x_wconf 89' lang='lat' dir='ltr'><strong>lucri,</strong></span> 
     </span>
    </p>
   </div>
   <div class='ocr_carea' id='block_1_12' title="bbox 469 1080 2073 1161">
    <p class='ocr_par' dir='ltr' id='par_1_12' title="bbox 469 1080 2073 1161">
     <span class='ocr_line' id='line_1_12' title="bbox 469 1080 2073 1161; baseline -0.007 -18"><span class='ocrx_word' id='word_1_62' title='bbox 469 1096 768 1161; x_wconf 69' lang='lat' dir='ltr'><strong>quantum</strong></span> <span class='ocrx_word' id='word_1_63' title='bbox 829 1082 1167 1143; x_wconf 83' lang='lat' dir='ltr'><strong>existimant.</strong></span> <span class='ocrx_word' id='word_1_64' title='bbox 1214 1082 1414 1138; x_wconf 87' lang='lat' dir='ltr'><strong>Putant</strong></span> <span class='ocrx_word' id='word_1_65' title='bbox 1472 1083 1620 1138; x_wconf 87' lang='lat' dir='ltr'><strong>enim</strong></span> <span class='ocrx_word' id='word_1_66' title='bbox 1672 1080 1958 1145; x_wconf 90' lang='lat' dir='ltr'><strong>futurum,</strong></span> <span class='ocrx_word' id='word_1_67' title='bbox 2011 1087 2073 1133; x_wconf 90' lang='lat' dir='ltr'><strong>ut</strong></span> 
     </span>
    </p>
   </div>
   <div class='ocr_carea' id='block_1_13' title="bbox 468 1168 2075 1250">
    <p class='ocr_par' dir='ltr' id='par_1_13' title="bbox 468 1168 2075 1250">
     <span class='ocr_line' id='line_1_13' title="bbox 468 1168 2075 1250; baseline -0.007 -15"><span class='ocrx_word' id='word_1_68' title='bbox 468 1179 579 1235; x_wconf 89' lang='lat' dir='ltr'><strong>-eis</strong></span> <span class='ocrx_word' id='word_1_69' title='bbox 603 1192 827 1250; x_wconf 78' lang='lat' dir='ltr'><strong>regnum</strong></span> <span class='ocrx_word' id='word_1_70' title='bbox 877 1175 1062 1232; x_wconf 78' lang='lat' dir='ltr'><strong>statim</strong></span> <span class='ocrx_word' id='word_1_71' title='bbox 1105 1174 1406 1245; x_wconf 86' lang='lat' dir='ltr'><strong>aperiatur,</strong></span> <span class='ocrx_word' id='word_1_72' title='bbox 1441 1171 1712 1243; x_wconf 91' lang='lat' dir='ltr'><strong>accipiant</strong></span> <span class='ocrx_word' id='word_1_73' title='bbox 1741 1179 1923 1226; x_wconf 86' lang='lat' dir='ltr'><strong>autem</strong></span> <span class='ocrx_word' id='word_1_74' title='bbox 1976 1168 2075 1224; x_wconf 82' lang='lat' dir='ltr'><strong>ali-</strong></span> 
     </span>
    </p>
   </div>
   <div class='ocr_carea' id='block_1_14' title="bbox 496 1262 2073 1339">
    <p class='ocr_par' dir='ltr' id='par_1_14' title="bbox 496 1262 2073 1339">
     <span class='ocr_line' id='line_1_14' title="bbox 496 1262 2073 1339; baseline -0.004 -15"><span class='ocrx_word' id='word_1_75' title='bbox 496 1285 659 1339; x_wconf 87' lang='lat' dir='ltr'><strong>quem</strong></span> <span class='ocrx_word' id='word_1_76' title='bbox 706 1266 1136 1337; x_wconf 82' lang='lat' dir='ltr'><strong>locum.plenum</strong></span> <span class='ocrx_word' id='word_1_77' title='bbox 1169 1265 1331 1320; x_wconf 89' lang='lat' dir='ltr'><strong>bonis</strong></span> <span class='ocrx_word' id='word_1_78' title='bbox 1372 1262 1811 1327; x_wconf 87' lang='lat' dir='ltr'><strong>admirabilibus,</strong></span> <span class='ocrx_word' id='word_1_79' title='bbox 1861 1269 1917 1318; x_wconf 86' lang='lat' dir='ltr'><strong>et</strong></span> <span class='ocrx_word' id='word_1_80' title='bbox 1947 1276 2073 1317; x_wconf 85' lang='lat' dir='ltr'><strong>eos-</strong></span> 
     </span>
    </p>
   </div>
   <div class='ocr_carea' id='block_1_15' title="bbox 497 1353 2070 1427">
    <p class='ocr_par' dir='ltr' id='par_1_15' title="bbox 497 1353 2070 1427">
     <span class='ocr_line' id='line_1_15' title="bbox 497 1353 2070 1427; baseline -0.005 -12"><span class='ocrx_word' id='word_1_81' title='bbox 497 1361 619 1416; x_wconf 86' lang='lat' dir='ltr'><strong>dem</strong></span> <span class='ocrx_word' id='word_1_82' title='bbox 643 1367 993 1417; x_wconf 89' lang='lat' dir='ltr'><strong>assecuturos</strong></span> <span class='ocrx_word' id='word_1_83' title='bbox 1015 1373 1139 1413; x_wconf 87' lang='lat' dir='ltr'><strong>esse</strong></span> <span class='ocrx_word' id='word_1_84' title='bbox 1161 1357 1397 1413; x_wconf 83' lang='lat' dir='ltr'><strong>honores</strong></span> <span class='ocrx_word' id='word_1_85' title='bbox 1418 1372 1555 1427; x_wconf 88' lang='lat' dir='ltr'><strong>quos</strong></span> <span class='ocrx_word' id='word_1_86' title='bbox 1572 1353 1728 1427; x_wconf 88' lang='lat' dir='ltr'><strong>justi.</strong></span> <span class='ocrx_word' id='word_1_87' title='bbox 1749 1353 1865 1409; x_wconf 84' lang='lat' dir='ltr'><strong>Hoc</strong></span> <span class='ocrx_word' id='word_1_88' title='bbox 1888 1363 2070 1409; x_wconf 86' lang='lat' dir='ltr'><strong>autem</strong></span> 
     </span>
    </p>
   </div>
   <div class='ocr_carea' id='block_1_16' title="bbox 495 1443 2073 1521">
    <p class='ocr_par' dir='ltr' id='par_1_16' title="bbox 495 1443 2073 1521">
     <span class='ocr_line' id='line_1_16' title="bbox 495 1443 2073 1521; baseline -0.004 -16"><span class='ocrx_word' id='word_1_89' title='bbox 495 1460 580 1506; x_wconf 88' lang='lat' dir='ltr'><strong>est</strong></span> <span class='ocrx_word' id='word_1_90' title='bbox 605 1450 851 1521; x_wconf 64' lang='lat' dir='ltr'><strong>quasdam</strong></span> <span class='ocrx_word' id='word_1_91' title='bbox 875 1464 1003 1520; x_wconf 85' lang='lat' dir='ltr'><strong>spes</strong></span> <span class='ocrx_word' id='word_1_92' title='bbox 1032 1446 1236 1512; x_wconf 82' lang='lat' dir='ltr'><strong>inanis,</strong></span> <span class='ocrx_word' id='word_1_93' title='bbox 1255 1445 1392 1503; x_wconf 87' lang='lat' dir='ltr'><strong>falsa</strong></span> <span class='ocrx_word' id='word_1_94' title='bbox 1409 1446 1669 1518; x_wconf 82' lang='lat' dir='ltr'><strong>opinione</strong></span> <span class='ocrx_word' id='word_1_95' title='bbox 1684 1443 2073 1517; x_wconf 72' lang='lat' dir='ltr'><strong>praestringens</strong></span> 
     </span>
    </p>
   </div>
   <div class='ocr_carea' id='block_1_17' title="bbox 497 1535 2075 1606">
    <p class='ocr_par' dir='ltr' id='par_1_17' title="bbox 497 1535 2075 1606">
     <span class='ocr_line' id='line_1_17' title="bbox 497 1535 2075 1606; baseline -0.005 -9"><span class='ocrx_word' id='word_1_96' title='bbox 497 1544 688 1600; x_wconf 88' lang='lat' dir='ltr'><strong>oculos</strong></span> <span class='ocrx_word' id='word_1_97' title='bbox 717 1541 932 1597; x_wconf 61' lang='lat' dir='ltr'><strong>animae.</strong></span> <span class='ocrx_word' id='word_1_98' title='bbox 973 1538 1133 1606; x_wconf 90' lang='lat' dir='ltr'><strong>Nam,</strong></span> <span class='ocrx_word' id='word_1_99' title='bbox 1169 1548 1229 1594; x_wconf 91' lang='lat' dir='ltr'><strong>ut</strong></span> <span class='ocrx_word' id='word_1_100' title='bbox 1262 1539 1397 1594; x_wconf 89' lang='lat' dir='ltr'><strong>mihi</strong></span> <span class='ocrx_word' id='word_1_101' title='bbox 1427 1538 1661 1601; x_wconf 88' lang='lat' dir='ltr'><strong>videtur,</strong></span> <span class='ocrx_word' id='word_1_102' title='bbox 1697 1535 1966 1591; x_wconf 79' lang='lat' dir='ltr'><strong>trifariam</strong></span> <span class='ocrx_word' id='word_1_103' title='bbox 1995 1536 2075 1589; x_wconf 88' lang='lat' dir='ltr'><strong>di-</strong></span> 
     </span>
    </p>
   </div>
   <div class='ocr_carea' id='block_1_18' title="bbox 496 1628 2068 1702">
    <p class='ocr_par' dir='ltr' id='par_1_18' title="bbox 496 1628 2068 1702">
     <span class='ocr_line' id='line_1_18' title="bbox 496 1628 2068 1702; baseline -0.004 -15"><span class='ocrx_word' id='word_1_104' title='bbox 496 1637 757 1691; x_wconf 86' lang='lat' dir='ltr'><strong>viduntur</strong></span> <span class='ocrx_word' id='word_1_105' title='bbox 780 1650 872 1692; x_wconf 90' lang='lat' dir='ltr'><strong>res</strong></span> <span class='ocrx_word' id='word_1_106' title='bbox 898 1633 1206 1701; x_wconf 88' lang='lat' dir='ltr'><strong>hominum,</strong></span> <span class='ocrx_word' id='word_1_107' title='bbox 1238 1633 1295 1687; x_wconf 93' lang='lat' dir='ltr'><strong>in</strong></span> <span class='ocrx_word' id='word_1_108' title='bbox 1323 1646 1385 1687; x_wconf 90' lang='lat' dir='ltr'><strong>ea</strong></span> <span class='ocrx_word' id='word_1_109' title='bbox 1411 1645 1535 1702; x_wconf 69' lang='lat' dir='ltr'><strong>quae</strong></span> <span class='ocrx_word' id='word_1_110' title='bbox 1560 1637 1914 1700; x_wconf 84' lang='lat' dir='ltr'><strong>exspectatur</strong></span> <span class='ocrx_word' id='word_1_111' title='bbox 1936 1628 2068 1693; x_wconf 85' lang='lat' dir='ltr'><strong>vita,</strong></span> 
     </span>
    </p>
   </div>
   <div class='ocr_carea' id='block_1_19' title="bbox 498 1722 2073 1798">
    <p class='ocr_par' dir='ltr' id='par_1_19' title="bbox 498 1722 2073 1798">
     <span class='ocr_line' id='line_1_19' title="bbox 498 1722 2073 1798; baseline -0.005 -16"><span class='ocrx_word' id='word_1_112' title='bbox 498 1736 554 1782; x_wconf 94' lang='lat' dir='ltr'><strong>ut</strong></span> <span class='ocrx_word' id='word_1_113' title='bbox 586 1727 806 1782; x_wconf 77' lang='lat' dir='ltr'><strong>interim</strong></span> <span class='ocrx_word' id='word_1_114' title='bbox 861 1726 1034 1798; x_wconf 84' lang='lat' dir='ltr'><strong>magis</strong></span> <span class='ocrx_word' id='word_1_115' title='bbox 1071 1725 1368 1797; x_wconf 74' lang='lat' dir='ltr'><strong>generatim</strong></span> <span class='ocrx_word' id='word_1_116' title='bbox 1419 1737 1483 1777; x_wconf 88' lang='lat' dir='ltr'><strong>ea</strong></span> <span class='ocrx_word' id='word_1_117' title='bbox 1518 1736 1819 1793; x_wconf 88' lang='lat' dir='ltr'><strong>persequar</strong></span> <span class='ocrx_word' id='word_1_118' title='bbox 1866 1722 2073 1791; x_wconf 80' lang='lat' dir='ltr'><strong>absque</strong></span> 
     </span>
    </p>
   </div>
   <div class='ocr_carea' id='block_1_20' title="bbox 2180 532 3764 607">
    <p class='ocr_par' dir='ltr' id='par_1_20' title="bbox 2180 532 3764 607">
     <span class='ocr_line' id='line_1_20' title="bbox 2180 532 3764 607; baseline 0.001 -16"><span class='ocrx_word' id='word_1_119' title='bbox 2180 537 2375 607; x_wconf 84' lang='grc' dir='ltr'>ἀθρόον</span> <span class='ocrx_word' id='word_1_120' title='bbox 2425 537 2501 599; x_wconf 83' lang='grc' dir='ltr'>ὡς</span> <span class='ocrx_word' id='word_1_121' title='bbox 2546 534 2832 589; x_wconf 79' lang='grc' dir='ltr'>ἐπιϐούλου</span> <span class='ocrx_word' id='word_1_122' title='bbox 2888 534 3124 587; x_wconf 81' lang='grc' dir='ltr'>κλέπτου</span> <span class='ocrx_word' id='word_1_123' title='bbox 3167 533 3262 587; x_wconf 84' lang='grc' dir='ltr'><strong>τοῦ</strong></span> <span class='ocrx_word' id='word_1_124' title='bbox 3309 532 3554 589; x_wconf 76' lang='grc' dir='ltr'>θανάτου</span> <span class='ocrx_word' id='word_1_125' title='bbox 3599 555 3764 592; x_wconf 86' lang='grc' dir='ltr'>κατα-</span> 
     </span>
    </p>
   </div>
   <div class='ocr_carea' id='block_1_21' title="bbox 2178 625 3762 701">
    <p class='ocr_par' dir='ltr' id='par_1_21' title="bbox 2178 625 3762 701">
     <span class='ocr_line' id='line_1_21' title="bbox 2178 625 3762 701; baseline 0.002 -21"><span class='ocrx_word' id='word_1_126' title='bbox 2178 628 2567 700; x_wconf 76' lang='grc' dir='ltr'>λαμϐάνοντος.</span> <span class='ocrx_word' id='word_1_127' title='bbox 2630 625 2794 680; x_wconf 80' lang='grc' dir='ltr'>Ἀλλὰ</span> <span class='ocrx_word' id='word_1_128' title='bbox 2838 627 2933 680; x_wconf 79' lang='grc' dir='ltr'><strong>καὶ</strong></span> <span class='ocrx_word' id='word_1_129' title='bbox 2979 625 3283 689; x_wconf 78' lang='grc' dir='ltr'><strong>πλεονάσας</strong></span> <span class='ocrx_word' id='word_1_130' title='bbox 3325 627 3355 680; x_wconf 85' lang='grc' dir='ltr'>ὁ</span> <span class='ocrx_word' id='word_1_131' title='bbox 3413 625 3544 692; x_wconf 82' lang='grc' dir='ltr'>Θεὸς</span> <span class='ocrx_word' id='word_1_132' title='bbox 3572 628 3668 701; x_wconf 75' lang='grc' dir='ltr'>τὴν</span> <span class='ocrx_word' id='word_1_133' title='bbox 3689 630 3762 683; x_wconf 87' lang='lat' dir='ltr'><strong>ol-</strong></span> 
     </span>
    </p>
   </div>
   <div class='ocr_carea' id='block_1_22' title="bbox 2178 717 3753 791">
    <p class='ocr_par' dir='ltr' id='par_1_22' title="bbox 2178 717 3753 791">
     <span class='ocr_line' id='line_1_22' title="bbox 2178 717 3753 791; baseline 0 -17"><span class='ocrx_word' id='word_1_134' title='bbox 2178 722 2330 774; x_wconf 84' lang='grc' dir='ltr'>κείαν</span> <span class='ocrx_word' id='word_1_135' title='bbox 2362 719 2744 791; x_wconf 73' lang='grc' dir='ltr'><strong>μακροθυμίαν</strong></span> <span class='ocrx_word' id='word_1_136' title='bbox 2773 720 2868 772; x_wconf 76' lang='grc' dir='ltr'><strong>καὶ</strong></span> <span class='ocrx_word' id='word_1_137' title='bbox 2903 717 3236 787; x_wconf 87' lang='grc' dir='ltr'>ἀγαθότητα,</span> <span class='ocrx_word' id='word_1_138' title='bbox 3262 718 3610 784; x_wconf 75' lang='grc' dir='ltr'><strong>καταξιώσας</strong></span> <span class='ocrx_word' id='word_1_139' title='bbox 3650 721 3753 774; x_wconf 83' lang='grc' dir='ltr'><strong>τῶν</strong></span> 
     </span>
    </p>
   </div>
   <div class='ocr_carea' id='block_1_23' title="bbox 2180 807 3749 882">
    <p class='ocr_par' dir='ltr' id='par_1_23' title="bbox 2180 807 3749 882">
     <span class='ocr_line' id='line_1_23' title="bbox 2180 807 3749 882; baseline -0.002 -19"><span class='ocrx_word' id='word_1_140' title='bbox 2180 810 2497 882; x_wconf 83' lang='grc' dir='ltr'><strong>μυστηρίων</strong></span> <span class='ocrx_word' id='word_1_141' title='bbox 2526 810 2624 862; x_wconf 71' lang='grc' dir='ltr'><strong>τὸν</strong></span> <span class='ocrx_word' id='word_1_142' title='bbox 2651 808 3061 879; x_wconf 78' lang='grc' dir='ltr'>φιλαμάρτητον</span> <span class='ocrx_word' id='word_1_143' title='bbox 3094 808 3188 860; x_wconf 72' lang='grc' dir='ltr'>ἐπὶ</span> <span class='ocrx_word' id='word_1_144' title='bbox 3215 807 3315 879; x_wconf 78' lang='grc' dir='ltr'><strong>τῆς</strong></span> <span class='ocrx_word' id='word_1_145' title='bbox 3339 808 3575 880; x_wconf 76' lang='grc' dir='ltr'><strong>ἐσχάτης</strong></span> <span class='ocrx_word' id='word_1_146' title='bbox 3615 812 3749 882; x_wconf 76' lang='grc' dir='ltr'>ἡμέ-</span> 
     </span>
    </p>
   </div>
   <div class='ocr_carea' id='block_1_24' title="bbox 2180 898 3751 972">
    <p class='ocr_par' dir='ltr' id='par_1_24' title="bbox 2180 898 3751 972">
     <span class='ocr_line' id='line_1_24' title="bbox 2180 898 3751 972; baseline 0.001 -19"><span class='ocrx_word' id='word_1_147' title='bbox 2180 916 2299 972; x_wconf 80' lang='grc' dir='ltr'>ρας,</span> <span class='ocrx_word' id='word_1_148' title='bbox 2334 901 2433 953; x_wconf 85' lang='grc' dir='ltr'><strong>οὐκ</strong></span> <span class='ocrx_word' id='word_1_149' title='bbox 2463 899 2608 954; x_wconf 74' lang='grc' dir='ltr'>ἐστιν</span> <span class='ocrx_word' id='word_1_150' title='bbox 2639 901 2822 962; x_wconf 71' lang='grc' dir='ltr'>αὐτοῖς</span> <span class='ocrx_word' id='word_1_151' title='bbox 2849 898 3102 952; x_wconf 80' lang='grc' dir='ltr'>τοσοῦτον</span> <span class='ocrx_word' id='word_1_152' title='bbox 3139 901 3238 971; x_wconf 81' lang='grc' dir='ltr'><strong>τῆς</strong></span> <span class='ocrx_word' id='word_1_153' title='bbox 3266 900 3649 972; x_wconf 79' lang='grc' dir='ltr'><strong>πραγματείας</strong></span> <span class='ocrx_word' id='word_1_154' title='bbox 3692 901 3751 955; x_wconf 77' lang='grc' dir='ltr'>τὸ</span> 
     </span>
    </p>
   </div>
   <div class='ocr_carea' id='block_1_25' title="bbox 2176 988 3749 1066">
    <p class='ocr_par' dir='ltr' id='par_1_25' title="bbox 2176 988 3749 1066">
     <span class='ocr_line' id='line_1_25' title="bbox 2176 988 3749 1066; baseline 0.002 -21"><span class='ocrx_word' id='word_1_155' title='bbox 2176 993 2392 1064; x_wconf 79' lang='grc' dir='ltr'><strong>κέρδος,</strong></span> <span class='ocrx_word' id='word_1_156' title='bbox 2456 991 2580 1046; x_wconf 83' lang='grc' dir='ltr'>ὅσον</span> <span class='ocrx_word' id='word_1_157' title='bbox 2632 990 2965 1062; x_wconf 77' lang='grc' dir='ltr'>νομίζουσιν.</span> <span class='ocrx_word' id='word_1_158' title='bbox 3031 988 3246 1045; x_wconf 80' lang='grc' dir='ltr'>Οίονται</span> <span class='ocrx_word' id='word_1_159' title='bbox 3278 990 3387 1063; x_wconf 83' lang='grc' dir='ltr'><strong>γὰρ</strong></span> <span class='ocrx_word' id='word_1_160' title='bbox 3443 991 3602 1057; x_wconf 74' lang='grc' dir='ltr'>εὐθὺς</span> <span class='ocrx_word' id='word_1_161' title='bbox 3654 993 3749 1066; x_wconf 76' lang='grc' dir='ltr'>μὲν</span> 
     </span>
    </p>
   </div>
   <div class='ocr_carea' id='block_1_26' title="bbox 2178 1078 3747 1154">
    <p class='ocr_par' dir='ltr' id='par_1_26' title="bbox 2178 1078 3747 1154">
     <span class='ocr_line' id='line_1_26' title="bbox 2178 1078 3747 1154; baseline 0.001 -19"><span class='ocrx_word' id='word_1_162' title='bbox 2178 1079 2672 1153; x_wconf 81' lang='grc' dir='ltr'>ὖπανοιχθήσεσθαι</span> <span class='ocrx_word' id='word_1_163' title='bbox 2712 1078 2808 1154; x_wconf 82' lang='grc' dir='ltr'><strong>τὴν</strong></span> <span class='ocrx_word' id='word_1_164' title='bbox 2847 1078 3126 1151; x_wconf 74' lang='grc' dir='ltr'>βασιλείαν</span> <span class='ocrx_word' id='word_1_165' title='bbox 3155 1080 3365 1145; x_wconf 81' lang='grc' dir='ltr'>αὐτοῖς·</span> <span class='ocrx_word' id='word_1_166' title='bbox 3395 1081 3658 1152; x_wconf 81' lang='grc' dir='ltr'><strong>λήψεσθαι</strong></span> <span class='ocrx_word' id='word_1_167' title='bbox 3692 1084 3747 1138; x_wconf 74' lang='grc' dir='ltr'><strong>δέ</strong></span> 
     </span>
    </p>
   </div>
   <div class='ocr_carea' id='block_1_27' title="bbox 2175 1169 3747 1246">
    <p class='ocr_par' dir='ltr' id='par_1_27' title="bbox 2175 1169 3747 1246">
     <span class='ocr_line' id='line_1_27' title="bbox 2175 1169 3747 1246; baseline 0.001 -18"><span class='ocrx_word' id='word_1_168' title='bbox 2175 1192 2299 1228; x_wconf 86' lang='grc' dir='ltr'>τινα</span> <span class='ocrx_word' id='word_1_169' title='bbox 2320 1173 2496 1246; x_wconf 85' lang='grc' dir='ltr'>χῶρον</span> <span class='ocrx_word' id='word_1_170' title='bbox 2506 1172 2727 1243; x_wconf 81' lang='grc' dir='ltr'><strong>ἀγαθῶν</strong></span> <span class='ocrx_word' id='word_1_171' title='bbox 2749 1171 2990 1243; x_wconf 81' lang='grc' dir='ltr'><strong>γέμοντα</strong></span> <span class='ocrx_word' id='word_1_172' title='bbox 3013 1169 3361 1244; x_wconf 88' lang='grc' dir='ltr'>θαυμαστῶν.</span> <span class='ocrx_word' id='word_1_173' title='bbox 3386 1172 3602 1228; x_wconf 81' lang='grc' dir='ltr'>καὶτῶν</span> <span class='ocrx_word' id='word_1_174' title='bbox 3623 1174 3747 1230; x_wconf 77' lang='grc' dir='ltr'>ἴσων</span> 
     </span>
    </p>
   </div>
   <div class='ocr_carea' id='block_1_28' title="bbox 2176 1260 3748 1338">
    <p class='ocr_par' dir='ltr' id='par_1_28' title="bbox 2176 1260 3748 1338">
     <span class='ocr_line' id='line_1_28' title="bbox 2176 1260 3748 1338; baseline -0.001 -15"><span class='ocrx_word' id='word_1_175' title='bbox 2176 1262 2577 1338; x_wconf 80' lang='grc' dir='ltr'>ἀξιωθήσεσθαι</span> <span class='ocrx_word' id='word_1_176' title='bbox 2614 1264 2727 1327; x_wconf 88' lang='grc' dir='ltr'>τοῖς</span> <span class='ocrx_word' id='word_1_177' title='bbox 2771 1263 3001 1329; x_wconf 87' lang='grc' dir='ltr'>δικαίοις</span> <span class='ocrx_word' id='word_1_178' title='bbox 3051 1260 3248 1335; x_wconf 87' lang='grc' dir='ltr'>τιμῶν.</span> <span class='ocrx_word' id='word_1_179' title='bbox 3304 1264 3377 1319; x_wconf 80' lang='grc' dir='ltr'><strong>Τὸ</strong></span> <span class='ocrx_word' id='word_1_180' title='bbox 3419 1265 3478 1319; x_wconf 85' lang='grc' dir='ltr'><strong>δέ</strong></span> <span class='ocrx_word' id='word_1_181' title='bbox 3507 1267 3635 1338; x_wconf 82' lang='grc' dir='ltr'>κενή</span> <span class='ocrx_word' id='word_1_182' title='bbox 3667 1267 3748 1332; x_wconf 88' lang='grc' dir='ltr'><strong>τίς</strong></span> 
     </span>
    </p>
   </div>
   <div class='ocr_carea' id='block_1_29' title="bbox 2178 1352 3749 1446">
    <p class='ocr_par' dir='ltr' id='par_1_29' title="bbox 2178 1352 3749 1446">
     <span class='ocr_line' id='line_1_29' title="bbox 2178 1352 3749 1446; baseline 0.001 -36"><span class='ocrx_word' id='word_1_183' title='bbox 2178 1355 2328 1410; x_wconf 82' lang='grc' dir='ltr'>ἐστιν</span> <span class='ocrx_word' id='word_1_184' title='bbox 2352 1354 2526 1423; x_wconf 74' lang='grc' dir='ltr'>ἐλπὶς,</span> <span class='ocrx_word' id='word_1_185' title='bbox 2548 1352 2676 1426; x_wconf 75' lang='grc' dir='ltr'>δόξῃ</span> <span class='ocrx_word' id='word_1_186' title='bbox 2702 1352 2887 1423; x_wconf 82' lang='grc' dir='ltr'>ψευδεῖ</span> <span class='ocrx_word' id='word_1_187' title='bbox 2913 1353 3011 1425; x_wconf 83' lang='grc' dir='ltr'>τὴν</span> <span class='ocrx_word' id='word_1_188' title='bbox 3056 1353 3234 1425; x_wconf 79' lang='grc' dir='ltr'>ψυχὴν</span> <span class='ocrx_word' id='word_1_189' title='bbox 3264 1353 3621 1446; x_wconf 59' lang='grc' dir='ltr'>γοητειξουσα.</span> <span class='ocrx_word' id='word_1_190' title='bbox 3666 1357 3749 1421; x_wconf 79' lang='grc' dir='ltr'>Ὠς</span> 
     </span>
    </p>
   </div>
   <div class='ocr_carea' id='block_1_30' title="bbox 2177 1444 3744 1522">
    <p class='ocr_par' dir='ltr' id='par_1_30' title="bbox 2177 1444 3744 1522">
     <span class='ocr_line' id='line_1_30' title="bbox 2177 1444 3744 1522; baseline 0.002 -23"><span class='ocrx_word' id='word_1_191' title='bbox 2177 1446 2285 1520; x_wconf 85' lang='grc' dir='ltr'>γὰρ</span> <span class='ocrx_word' id='word_1_192' title='bbox 2318 1445 2442 1517; x_wconf 73' lang='grc' dir='ltr'>ἐμοὶ</span> <span class='ocrx_word' id='word_1_193' title='bbox 2474 1444 2744 1514; x_wconf 74' lang='grc' dir='ltr'>φαίνεται,</span> <span class='ocrx_word' id='word_1_194' title='bbox 2773 1448 2933 1517; x_wconf 32' lang='grc' dir='ltr'>τριλχῆ</span> <span class='ocrx_word' id='word_1_195' title='bbox 2964 1445 3031 1499; x_wconf 86' lang='grc' dir='ltr'><strong>τά</strong></span> <span class='ocrx_word' id='word_1_196' title='bbox 3073 1444 3182 1498; x_wconf 86' lang='grc' dir='ltr'><strong>τῶν</strong></span> <span class='ocrx_word' id='word_1_197' title='bbox 3217 1444 3524 1516; x_wconf 80' lang='grc' dir='ltr'>ἀνθρώπων</span> <span class='ocrx_word' id='word_1_198' title='bbox 3550 1447 3744 1522; x_wconf 88' lang='grc' dir='ltr'>διαιρε-</span> 
     </span>
    </p>
   </div>
   <div class='ocr_carea' id='block_1_31' title="bbox 2179 1537 3746 1610">
    <p class='ocr_par' dir='ltr' id='par_1_31' title="bbox 2179 1537 3746 1610">
     <span class='ocr_line' id='line_1_31' title="bbox 2179 1537 3746 1610; baseline -0.006 -16"><span class='ocrx_word' id='word_1_199' title='bbox 2179 1538 2403 1610; x_wconf 84' lang='grc' dir='ltr'>θήσεται</span> <span class='ocrx_word' id='word_1_200' title='bbox 2428 1538 2519 1591; x_wconf 76' lang='grc' dir='ltr'><strong>ἐπὶ</strong></span> <span class='ocrx_word' id='word_1_201' title='bbox 2546 1537 2646 1609; x_wconf 86' lang='grc' dir='ltr'>τῆς</span> <span class='ocrx_word' id='word_1_202' title='bbox 2675 1537 3131 1609; x_wconf 79' lang='grc' dir='ltr'><strong>προσδοκωμένης</strong></span> <span class='ocrx_word' id='word_1_203' title='bbox 3163 1537 3332 1608; x_wconf 81' lang='grc' dir='ltr'>ζωῆς,</span> <span class='ocrx_word' id='word_1_204' title='bbox 3363 1538 3441 1603; x_wconf 84' lang='grc' dir='ltr'><strong>ὡς</strong></span> <span class='ocrx_word' id='word_1_205' title='bbox 3468 1540 3746 1608; x_wconf 81' lang='grc' dir='ltr'>γενικώτε-</span> 
     </span>
    </p>
   </div>
   <div class='ocr_carea' id='block_1_32' title="bbox 2178 1627 3746 1703">
    <p class='ocr_par' dir='ltr' id='par_1_32' title="bbox 2178 1627 3746 1703">
     <span class='ocr_line' id='line_1_32' title="bbox 2178 1627 3746 1703; baseline 0.001 -20"><span class='ocrx_word' id='word_1_206' title='bbox 2178 1646 2274 1701; x_wconf 80' lang='grc' dir='ltr'><strong>ρον</strong></span> <span class='ocrx_word' id='word_1_207' title='bbox 2310 1629 2449 1692; x_wconf 89' lang='grc' dir='ltr'>τέως</span> <span class='ocrx_word' id='word_1_208' title='bbox 2489 1629 2659 1701; x_wconf 74' lang='grc' dir='ltr'>χωρὶς</span> <span class='ocrx_word' id='word_1_209' title='bbox 2701 1627 3096 1700; x_wconf 80' lang='grc' dir='ltr'>ὑπομερισμῶν</span> <span class='ocrx_word' id='word_1_210' title='bbox 3135 1628 3384 1682; x_wconf 83' lang='grc' dir='ltr'>διελθεῖν.</span> <span class='ocrx_word' id='word_1_211' title='bbox 3423 1630 3532 1684; x_wconf 73' lang='grc' dir='ltr'><strong>Καὶ</strong></span> <span class='ocrx_word' id='word_1_212' title='bbox 3562 1631 3624 1684; x_wconf 81' lang='grc' dir='ltr'>τὸ</span> <span class='ocrx_word' id='word_1_213' title='bbox 3656 1632 3746 1703; x_wconf 82' lang='grc' dir='ltr'>μὲν</span> 
     </span>
    </p>
   </div>
   <div class='ocr_carea' id='block_1_33' title="bbox 2180 1720 3743 1795">
    <p class='ocr_par' dir='ltr' id='par_1_33' title="bbox 2180 1720 3743 1795">
     <span class='ocr_line' id='line_1_33' title="bbox 2180 1720 3743 1795; baseline 0.001 -19"><span class='ocrx_word' id='word_1_214' title='bbox 2180 1722 2394 1795; x_wconf 86' lang='grc' dir='ltr'>πρῶτόν</span> <span class='ocrx_word' id='word_1_215' title='bbox 2437 1721 2555 1774; x_wconf 88' lang='grc' dir='ltr'>ἐστι</span> <span class='ocrx_word' id='word_1_216' title='bbox 2605 1720 2792 1791; x_wconf 85' lang='grc' dir='ltr'>τάγμα</span> <span class='ocrx_word' id='word_1_217' title='bbox 2837 1720 2946 1773; x_wconf 86' lang='grc' dir='ltr'><strong>τῶν</strong></span> <span class='ocrx_word' id='word_1_218' title='bbox 2988 1720 3289 1774; x_wconf 75' lang='grc' dir='ltr'>ἐπαινετῶν</span> <span class='ocrx_word' id='word_1_219' title='bbox 3349 1721 3444 1774; x_wconf 74' lang='grc' dir='ltr'>καὶ</span> <span class='ocrx_word' id='word_1_220' title='bbox 3497 1720 3743 1777; x_wconf 86' lang='grc' dir='ltr'>δικαίων·</span> 
     </span>
    </p>
   </div>
   <div class='ocr_carea' id='block_1_34' title="bbox 497 1810 2075 1889">
    <p class='ocr_par' dir='ltr' id='par_1_34' title="bbox 497 1811 2073 1889">
     <span class='ocr_line' id='line_1_34' title="bbox 497 1811 2073 1889; baseline -0.007 -11"><span class='ocrx_word' id='word_1_221' title='bbox 497 1819 992 1878; x_wconf 80' lang='lat' dir='ltr'><strong>subdivisionibus.</strong></span> <span class='ocrx_word' id='word_1_222' title='bbox 1024 1818 1092 1873; x_wconf 89' lang='lat' dir='ltr'><strong>Et</strong></span> <span class='ocrx_word' id='word_1_223' title='bbox 1143 1816 1355 1889; x_wconf 86' lang='lat' dir='ltr'><strong>primus</strong></span> <span class='ocrx_word' id='word_1_224' title='bbox 1404 1814 1625 1885; x_wconf 89' lang='lat' dir='ltr'><strong>quidem</strong></span> <span class='ocrx_word' id='word_1_225' title='bbox 1672 1815 1779 1871; x_wconf 91' lang='lat' dir='ltr'><strong>erit</strong></span> <span class='ocrx_word' id='word_1_226' title='bbox 1819 1811 1955 1868; x_wconf 83' lang='lat' dir='ltr'><strong>ordo</strong></span> <span class='ocrx_word' id='word_1_227' title='bbox 1981 1826 2073 1867; x_wconf 93' lang='lat' dir='ltr'><strong>eo-</strong></span> 
     </span>
    </p>
   </div>
   <div class='ocr_carea' id='block_1_35' title="bbox 2177 1810 3744 1889">
    <p class='ocr_par' dir='ltr' id='par_1_35' title="bbox 2177 1810 3744 1887">
     <span class='ocr_line' id='line_1_35' title="bbox 2177 1810 3744 1887; baseline 0.001 -20"><span class='ocrx_word' id='word_1_228' title='bbox 2177 1813 2445 1887; x_wconf 80' lang='grc' dir='ltr'>δεύτερον,</span> <span class='ocrx_word' id='word_1_229' title='bbox 2475 1812 2586 1867; x_wconf 88' lang='grc' dir='ltr'><strong>τῶν</strong></span> <span class='ocrx_word' id='word_1_230' title='bbox 2612 1810 2738 1865; x_wconf 78' lang='grc' dir='ltr'>οὕτε</span> <span class='ocrx_word' id='word_1_231' title='bbox 2778 1811 3127 1883; x_wconf 82' lang='grc' dir='ltr'><strong>τιμωμένων,</strong></span> <span class='ocrx_word' id='word_1_232' title='bbox 3163 1810 3287 1866; x_wconf 73' lang='grc' dir='ltr'>οὔτε</span> <span class='ocrx_word' id='word_1_233' title='bbox 3338 1813 3744 1886; x_wconf 77' lang='grc' dir='ltr'>κολαζομένων·</span> 
     </span>
    </p>
   </div>
   <div class='ocr_carea' id='block_1_36' title="bbox 500 1906 2075 1985">
    <p class='ocr_par' dir='ltr' id='par_1_36' title="bbox 500 1906 2075 1985">
     <span class='ocr_line' id='line_1_36' title="bbox 500 1906 2075 1985; baseline -0.008 -15"><span class='ocrx_word' id='word_1_234' title='bbox 500 1930 620 1970; x_wconf 92' lang='lat' dir='ltr'><strong>rum</strong></span> <span class='ocrx_word' id='word_1_235' title='bbox 651 1914 743 1985; x_wconf 90' lang='lat' dir='ltr'><strong>qui</strong></span> <span class='ocrx_word' id='word_1_236' title='bbox 777 1919 906 1967; x_wconf 89' lang='lat' dir='ltr'><strong>sunt</strong></span> <span class='ocrx_word' id='word_1_237' title='bbox 938 1908 1242 1966; x_wconf 84' lang='lat' dir='ltr'><strong>laudabiles</strong></span> <span class='ocrx_word' id='word_1_238' title='bbox 1280 1916 1334 1964; x_wconf 91' lang='lat' dir='ltr'><strong>et</strong></span> <span class='ocrx_word' id='word_1_239' title='bbox 1367 1907 1538 1978; x_wconf 88' lang='lat' dir='ltr'><strong>justi;</strong></span> <span class='ocrx_word' id='word_1_240' title='bbox 1566 1906 1842 1961; x_wconf 91' lang='lat' dir='ltr'><strong>secundus</strong></span> <span class='ocrx_word' id='word_1_241' title='bbox 1871 1911 2075 1969; x_wconf 86' lang='lat' dir='ltr'><strong>autem,</strong></span> 
     </span>
    </p>
   </div>
   <div class='ocr_carea' id='block_1_37' title="bbox 498 1999 2079 2074">
    <p class='ocr_par' dir='ltr' id='par_1_37' title="bbox 498 1999 2079 2074">
     <span class='ocr_line' id='line_1_37' title="bbox 498 1999 2079 2074; baseline -0.006 -14"><span class='ocrx_word' id='word_1_242' title='bbox 498 2020 689 2060; x_wconf 90' lang='lat' dir='ltr'><strong>eorum</strong></span> <span class='ocrx_word' id='word_1_243' title='bbox 731 2004 823 2074; x_wconf 87' lang='lat' dir='ltr'><strong>qui</strong></span> <span class='ocrx_word' id='word_1_244' title='bbox 860 2017 1034 2072; x_wconf 88' lang='lat' dir='ltr'><strong>neque</strong></span> <span class='ocrx_word' id='word_1_245' title='bbox 1065 2001 1408 2056; x_wconf 79' lang='lat' dir='ltr'><strong>honorantur</strong></span> <span class='ocrx_word' id='word_1_246' title='bbox 1460 2012 1562 2053; x_wconf 90' lang='lat' dir='ltr'><strong>nec</strong></span> <span class='ocrx_word' id='word_1_247' title='bbox 1588 1999 1931 2068; x_wconf 89' lang='lat' dir='ltr'><strong>puniuntur;</strong></span> <span class='ocrx_word' id='word_1_248' title='bbox 1965 2006 2079 2051; x_wconf 87' lang='lat' dir='ltr'><strong>ter-</strong></span> 
     </span>
    </p>
   </div>
   <div class='ocr_carea' id='block_1_38' title="bbox 499 2090 2075 2164">
    <p class='ocr_par' dir='ltr' id='par_1_38' title="bbox 499 2090 2075 2164">
     <span class='ocr_line' id='line_1_38' title="bbox 499 2090 2075 2164; baseline -0.004 -15"><span class='ocrx_word' id='word_1_249' title='bbox 499 2099 610 2153; x_wconf 91' lang='lat' dir='ltr'><strong>tius</strong></span> <span class='ocrx_word' id='word_1_250' title='bbox 657 2104 834 2151; x_wconf 88' lang='lat' dir='ltr'><strong>autem</strong></span> <span class='ocrx_word' id='word_1_251' title='bbox 889 2108 1080 2150; x_wconf 88' lang='lat' dir='ltr'><strong>eorum</strong></span> <span class='ocrx_word' id='word_1_252' title='bbox 1117 2093 1213 2164; x_wconf 89' lang='lat' dir='ltr'><strong>qui</strong></span> <span class='ocrx_word' id='word_1_253' title='bbox 1270 2107 1369 2163; x_wconf 87' lang='lat' dir='ltr'><strong>pro</strong></span> <span class='ocrx_word' id='word_1_254' title='bbox 1397 2091 1638 2163; x_wconf 86' lang='lat' dir='ltr'><strong>peccatis</strong></span> <span class='ocrx_word' id='word_1_255' title='bbox 1688 2090 1821 2146; x_wconf 88' lang='lat' dir='ltr'><strong>dant</strong></span> <span class='ocrx_word' id='word_1_256' title='bbox 1863 2102 2075 2160; x_wconf 83' lang='lat' dir='ltr'><strong>pcenas.</strong></span> 
     </span>
    </p>
   </div>
   <div class='ocr_carea' id='block_1_39' title="bbox 499 2181 2081 2259">
    <p class='ocr_par' dir='ltr' id='par_1_39' title="bbox 499 2181 2081 2259">
     <span class='ocr_line' id='line_1_39' title="bbox 499 2181 2081 2259; baseline -0.005 -15"><span class='ocrx_word' id='word_1_257' title='bbox 499 2187 603 2244; x_wconf 87' lang='lat' dir='ltr'><strong>Ubi</strong></span> <span class='ocrx_word' id='word_1_258' title='bbox 647 2203 778 2259; x_wconf 85' lang='lat' dir='ltr'><strong>ergo</strong></span> <span class='ocrx_word' id='word_1_259' title='bbox 807 2201 903 2242; x_wconf 79' lang='lat' dir='ltr'><strong>eos</strong></span> <span class='ocrx_word' id='word_1_260' title='bbox 934 2200 1200 2257; x_wconf 87' lang='lat' dir='ltr'><strong>ponemus</strong></span> <span class='ocrx_word' id='word_1_261' title='bbox 1230 2183 1324 2256; x_wconf 92' lang='lat' dir='ltr'><strong>qui</strong></span> <span class='ocrx_word' id='word_1_262' title='bbox 1364 2183 1420 2239; x_wconf 95' lang='lat' dir='ltr'><strong>in</strong></span> <span class='ocrx_word' id='word_1_263' title='bbox 1453 2181 1732 2255; x_wconf 76' lang='lat' dir='ltr'><strong>exsequiis</strong></span> <span class='ocrx_word' id='word_1_264' title='bbox 1752 2189 2081 2252; x_wconf 87' lang='lat' dir='ltr'><strong>acceperunt</strong></span> 
     </span>
    </p>
   </div>
   <div class='ocr_carea' id='block_1_40' title="bbox 497 2272 2079 2347">
    <p class='ocr_par' dir='ltr' id='par_1_40' title="bbox 497 2272 2079 2347">
     <span class='ocr_line' id='line_1_40' title="bbox 497 2272 2079 2347; baseline -0.003 -15"><span class='ocrx_word' id='word_1_265' title='bbox 497 2278 703 2335; x_wconf 84' lang='lat' dir='ltr'><strong>lavacri</strong></span> <span class='ocrx_word' id='word_1_266' title='bbox 735 2276 1059 2333; x_wconf 87' lang='lat' dir='ltr'><strong>beneﬁcium</strong></span> <span class='ocrx_word' id='word_1_267' title='bbox 1086 2276 1110 2331; x_wconf 71' lang='grc' dir='ltr'><em>τ</em></span> <span class='ocrx_word' id='word_1_268' title='bbox 1136 2272 1276 2330; x_wconf 89' lang='lat' dir='ltr'><strong>Num</strong></span> <span class='ocrx_word' id='word_1_269' title='bbox 1307 2275 1662 2347; x_wconf 88' lang='lat' dir='ltr'><strong>perspicuum</strong></span> <span class='ocrx_word' id='word_1_270' title='bbox 1699 2282 1782 2330; x_wconf 89' lang='lat' dir='ltr'><strong>est</strong></span> <span class='ocrx_word' id='word_1_271' title='bbox 1812 2273 1957 2344; x_wconf 91' lang='lat' dir='ltr'><strong>quod</strong></span> <span class='ocrx_word' id='word_1_272' title='bbox 1991 2273 2079 2328; x_wconf 91' lang='lat' dir='ltr'><strong>in-</strong></span> 
     </span>
    </p>
   </div>
   <div class='ocr_carea' id='block_1_41' title="bbox 492 2364 2079 2440">
    <p class='ocr_par' dir='ltr' id='par_1_41' title="bbox 492 2364 2079 2440">
     <span class='ocr_line' id='line_1_41' title="bbox 492 2364 2079 2440; baseline -0.004 -14"><span class='ocrx_word' id='word_1_273' title='bbox 492 2381 581 2426; x_wconf 85' lang='lat' dir='ltr'><strong>ter</strong></span> <span class='ocrx_word' id='word_1_274' title='bbox 611 2371 908 2431; x_wconf 87' lang='lat' dir='ltr'><strong>secundos,</strong></span> <span class='ocrx_word' id='word_1_275' title='bbox 968 2369 1132 2440; x_wconf 89' lang='lat' dir='ltr'><strong>idque</strong></span> <span class='ocrx_word' id='word_1_276' title='bbox 1159 2384 1283 2424; x_wconf 91' lang='lat' dir='ltr'><strong>cum</strong></span> <span class='ocrx_word' id='word_1_277' title='bbox 1333 2367 1513 2432; x_wconf 87' lang='lat' dir='ltr'><strong>venia,</strong></span> <span class='ocrx_word' id='word_1_278' title='bbox 1562 2374 1622 2421; x_wconf 88' lang='lat' dir='ltr'><strong>ut</strong></span> <span class='ocrx_word' id='word_1_279' title='bbox 1658 2366 1770 2422; x_wconf 90' lang='lat' dir='ltr'><strong>sint</strong></span> <span class='ocrx_word' id='word_1_280' title='bbox 1836 2364 2079 2419; x_wconf 72' lang='lat' dir='ltr'><strong>hmredes</strong></span> 
     </span>
    </p>
   </div>
   <div class='ocr_carea' id='block_1_42' title="bbox 497 2455 2077 2532">
    <p class='ocr_par' dir='ltr' id='par_1_42' title="bbox 497 2455 2077 2532">
     <span class='ocr_line' id='line_1_42' title="bbox 497 2455 2077 2532; baseline -0.004 -15"><span class='ocrx_word' id='word_1_281' title='bbox 497 2478 595 2532; x_wconf 86' lang='lat' dir='ltr'><strong>per</strong></span> <span class='ocrx_word' id='word_1_282' title='bbox 623 2462 713 2517; x_wconf 89' lang='lat' dir='ltr'><strong>Dei</strong></span> <span class='ocrx_word' id='word_1_283' title='bbox 753 2461 1029 2532; x_wconf 83' lang='lat' dir='ltr'><strong>propriam</strong></span> <span class='ocrx_word' id='word_1_284' title='bbox 1071 2458 1479 2529; x_wconf 88' lang='lat' dir='ltr'><strong>benignitatem.</strong></span> <span class='ocrx_word' id='word_1_285' title='bbox 1521 2455 1625 2524; x_wconf 85' lang='lat' dir='ltr'><strong>Qui</strong></span> <span class='ocrx_word' id='word_1_286' title='bbox 1664 2457 1810 2513; x_wconf 89' lang='lat' dir='ltr'><strong>enim</strong></span> <span class='ocrx_word' id='word_1_287' title='bbox 1859 2473 1955 2528; x_wconf 86' lang='lat' dir='ltr'><strong>per</strong></span> <span class='ocrx_word' id='word_1_288' title='bbox 1984 2471 2077 2511; x_wconf 87' lang='lat' dir='ltr'><strong>so-</strong></span> 
     </span>
    </p>
   </div>
   <div class='ocr_carea' id='block_1_43' title="bbox 497 2550 2077 2622">
    <p class='ocr_par' dir='ltr' id='par_1_43' title="bbox 497 2550 2077 2622">
     <span class='ocr_line' id='line_1_43' title="bbox 497 2550 2077 2622; baseline -0.003 -15"><span class='ocrx_word' id='word_1_289' title='bbox 497 2554 740 2608; x_wconf 89' lang='lat' dir='ltr'><strong>cordiam</strong></span> <span class='ocrx_word' id='word_1_290' title='bbox 765 2561 820 2608; x_wconf 92' lang='lat' dir='ltr'><strong>et</strong></span> <span class='ocrx_word' id='word_1_291' title='bbox 843 2551 1227 2622; x_wconf 81' lang='lat' dir='ltr'><strong>negligentiam</strong></span> <span class='ocrx_word' id='word_1_292' title='bbox 1270 2550 1533 2621; x_wconf 87' lang='lat' dir='ltr'><strong>prodidit,</strong></span> <span class='ocrx_word' id='word_1_293' title='bbox 1583 2564 1704 2620; x_wconf 67' lang='lat' dir='ltr'><strong>qua:</strong></span> <span class='ocrx_word' id='word_1_294' title='bbox 1737 2559 1885 2605; x_wconf 78' lang='lat' dir='ltr'><strong>recte</strong></span> <span class='ocrx_word' id='word_1_295' title='bbox 1932 2559 1986 2605; x_wconf 85' lang='lat' dir='ltr'><strong>et</strong></span> <span class='ocrx_word' id='word_1_296' title='bbox 2011 2564 2077 2604; x_wconf 86' lang='lat' dir='ltr'><strong>ex</strong></span> 
     </span>
    </p>
   </div>
   <div class='ocr_carea' id='block_1_44' title="bbox 497 2638 2074 2708">
    <p class='ocr_par' dir='ltr' id='par_1_44' title="bbox 497 2638 2074 2708">
     <span class='ocr_line' id='line_1_44' title="bbox 497 2638 2074 2708; baseline 0 -14"><span class='ocrx_word' id='word_1_297' title='bbox 497 2643 701 2697; x_wconf 85' lang='lat' dir='ltr'><strong>virtute</strong></span> <span class='ocrx_word' id='word_1_298' title='bbox 728 2640 882 2706; x_wconf 90' lang='lat' dir='ltr'><strong>ﬁunt,</strong></span> <span class='ocrx_word' id='word_1_299' title='bbox 915 2654 1025 2695; x_wconf 89' lang='lat' dir='ltr'><strong>non</strong></span> <span class='ocrx_word' id='word_1_300' title='bbox 1078 2646 1162 2695; x_wconf 89' lang='lat' dir='ltr'><strong>est</strong></span> <span class='ocrx_word' id='word_1_301' title='bbox 1189 2638 1329 2694; x_wconf 87' lang='lat' dir='ltr'><strong>liber</strong></span> <span class='ocrx_word' id='word_1_302' title='bbox 1356 2654 1387 2693; x_wconf 91' lang='lat' dir='ltr'><strong>a</strong></span> <span class='ocrx_word' id='word_1_303' title='bbox 1410 2651 1573 2708; x_wconf 69' lang='lat' dir='ltr'><strong>paena</strong></span> <span class='ocrx_word' id='word_1_304' title='bbox 1603 2645 1657 2693; x_wconf 88' lang='lat' dir='ltr'><strong>et</strong></span> <span class='ocrx_word' id='word_1_305' title='bbox 1680 2639 2036 2694; x_wconf 85' lang='lat' dir='ltr'><strong>damnatione</strong></span> <span class='ocrx_word' id='word_1_306' title='bbox 2060 2656 2074 2693; x_wconf 89' lang='lat'><strong>:</strong></span> 
     </span>
    </p>
   </div>
   <div class='ocr_carea' id='block_1_45' title="bbox 495 2730 2079 2805">
    <p class='ocr_par' dir='ltr' id='par_1_45' title="bbox 495 2730 2079 2805">
     <span class='ocr_line' id='line_1_45' title="bbox 495 2730 2079 2805; baseline -0.001 -15"><span class='ocrx_word' id='word_1_307' title='bbox 495 2734 766 2805; x_wconf 84' lang='lat' dir='ltr'><strong>siquidem</strong></span> <span class='ocrx_word' id='word_1_308' title='bbox 813 2734 951 2789; x_wconf 84' lang='lat' dir='ltr'><strong>velle</strong></span> <span class='ocrx_word' id='word_1_309' title='bbox 1009 2734 1214 2788; x_wconf 86' lang='lat' dir='ltr'><strong>malum</strong></span> <span class='ocrx_word' id='word_1_310' title='bbox 1253 2741 1338 2788; x_wconf 82' lang='lat' dir='ltr'><strong>est</strong></span> <span class='ocrx_word' id='word_1_311' title='bbox 1381 2730 1547 2787; x_wconf 90' lang='lat' dir='ltr'><strong>afﬁne</strong></span> <span class='ocrx_word' id='word_1_312' title='bbox 1593 2732 1989 2797; x_wconf 90' lang='lat' dir='ltr'><strong>criminationi,</strong></span> <span class='ocrx_word' id='word_1_313' title='bbox 2024 2742 2079 2788; x_wconf 91' lang='lat' dir='ltr'><strong>et</strong></span> 
     </span>
    </p>
   </div>
   <div class='ocr_carea' id='block_1_46' title="bbox 488 2824 2077 2896">
    <p class='ocr_par' dir='ltr' id='par_1_46' title="bbox 488 2824 2077 2896">
     <span class='ocr_line' id='line_1_46' title="bbox 488 2824 2077 2896; baseline -0.001 -14"><span class='ocrx_word' id='word_1_314' title='bbox 488 2829 640 2882; x_wconf 77' lang='lat' dir='ltr'><strong>bona</strong></span> <span class='ocrx_word' id='word_1_315' title='bbox 666 2824 870 2890; x_wconf 88' lang='lat' dir='ltr'><strong>odisse,</strong></span> <span class='ocrx_word' id='word_1_316' title='bbox 902 2832 1087 2894; x_wconf 90' lang='lat' dir='ltr'><strong>aperte</strong></span> <span class='ocrx_word' id='word_1_317' title='bbox 1122 2825 1471 2880; x_wconf 83' lang='lat' dir='ltr'><strong>insimulatur</strong></span> <span class='ocrx_word' id='word_1_318' title='bbox 1514 2824 1902 2896; x_wconf 79' lang='lat' dir='ltr'><strong>improbitatis.</strong></span> <span class='ocrx_word' id='word_1_319' title='bbox 1935 2824 2077 2893; x_wconf 78' lang='lat' dir='ltr'><strong>Quid</strong></span> 
     </span>
    </p>
   </div>
   <div class='ocr_carea' id='block_1_47' title="bbox 488 2915 2078 2990">
    <p class='ocr_par' dir='ltr' id='par_1_47' title="bbox 488 2915 2078 2990">
     <span class='ocr_line' id='line_1_47' title="bbox 488 2915 2078 2990; baseline -0.001 -16"><span class='ocrx_word' id='word_1_320' title='bbox 488 2933 626 2990; x_wconf 81' lang='lat' dir='ltr'><strong>ergo</strong></span> <span class='ocrx_word' id='word_1_321' title='bbox 672 2918 854 2986; x_wconf 80' lang='lat' dir='ltr'><strong>magni</strong></span> <span class='ocrx_word' id='word_1_322' title='bbox 903 2916 1225 2980; x_wconf 68' lang='lat' dir='ltr'><strong>lucralieris,</strong></span> <span class='ocrx_word' id='word_1_323' title='bbox 1266 2915 1316 2970; x_wconf 88' lang='lat' dir='ltr'><strong>si</strong></span> <span class='ocrx_word' id='word_1_324' title='bbox 1366 2930 1395 2969; x_wconf 91' lang='lat' dir='ltr'><strong>a</strong></span> <span class='ocrx_word' id='word_1_325' title='bbox 1424 2930 1600 2986; x_wconf 82' lang='lat' dir='ltr'><strong>regno</strong></span> <span class='ocrx_word' id='word_1_326' title='bbox 1645 2915 1887 2981; x_wconf 87' lang='lat' dir='ltr'><strong>excidas,</strong></span> <span class='ocrx_word' id='word_1_327' title='bbox 1926 2924 1981 2971; x_wconf 89' lang='lat' dir='ltr'><strong>et</strong></span> <span class='ocrx_word' id='word_1_328' title='bbox 2008 2916 2078 2973; x_wconf 86' lang='lat' dir='ltr'><strong>ab</strong></span> 
     </span>
    </p>
   </div>
   <div class='ocr_carea' id='block_1_48' title="bbox 503 3007 2080 3080">
    <p class='ocr_par' dir='ltr' id='par_1_48' title="bbox 503 3007 2080 3080">
     <span class='ocr_line' id='line_1_48' title="bbox 503 3007 2080 3080; baseline 0 -16"><span class='ocrx_word' id='word_1_329' title='bbox 503 3010 615 3065; x_wconf 92' lang='lat' dir='ltr'><strong>illis</strong></span> <span class='ocrx_word' id='word_1_330' title='bbox 647 3009 933 3080; x_wconf 87' lang='lat' dir='ltr'><strong>promissis</strong></span> <span class='ocrx_word' id='word_1_331' title='bbox 959 3023 1082 3078; x_wconf 64' lang='lat' dir='ltr'><strong>quin</strong></span> <span class='ocrx_word' id='word_1_332' title='bbox 1128 3022 1227 3061; x_wconf 91' lang='lat' dir='ltr'><strong>nec</strong></span> <span class='ocrx_word' id='word_1_333' title='bbox 1256 3007 1449 3062; x_wconf 87' lang='lat' dir='ltr'><strong>oculus</strong></span> <span class='ocrx_word' id='word_1_334' title='bbox 1488 3008 1642 3073; x_wconf 86' lang='lat' dir='ltr'><strong>vidit,</strong></span> <span class='ocrx_word' id='word_1_335' title='bbox 1678 3022 1779 3063; x_wconf 88' lang='lat' dir='ltr'><strong>nec</strong></span> <span class='ocrx_word' id='word_1_336' title='bbox 1809 3009 1962 3063; x_wconf 88' lang='lat' dir='ltr'><strong>auris</strong></span> <span class='ocrx_word' id='word_1_337' title='bbox 1986 3025 2080 3064; x_wconf 86' lang='lat' dir='ltr'><strong>au-</strong></span> 
     </span>
    </p>
   </div>
   <div class='ocr_carea' id='block_1_49' title="bbox 2177 1896 3745 1977">
    <p class='ocr_par' dir='ltr' id='par_1_49' title="bbox 2177 1896 3745 1977">
     <span class='ocr_line' id='line_1_49' title="bbox 2177 1896 3745 1977; baseline 0.002 -19"><span class='ocrx_word' id='word_1_338' title='bbox 2177 1905 2358 1976; x_wconf 87' lang='grc' dir='ltr'>τρίτον</span> <span class='ocrx_word' id='word_1_339' title='bbox 2395 1904 2504 1957; x_wconf 88' lang='grc' dir='ltr'><strong>τῶν</strong></span> <span class='ocrx_word' id='word_1_340' title='bbox 2540 1902 2789 1957; x_wconf 78' lang='grc' dir='ltr'><strong>διδόντων</strong></span> <span class='ocrx_word' id='word_1_341' title='bbox 2831 1902 2987 1966; x_wconf 80' lang='grc' dir='ltr'>δίκας</span> <span class='ocrx_word' id='word_1_342' title='bbox 3016 1903 3156 1974; x_wconf 78' lang='grc' dir='ltr'>ὑπὲρ</span> <span class='ocrx_word' id='word_1_343' title='bbox 3187 1896 3262 1957; x_wconf 81' lang='grc' dir='ltr'>ὧν</span> <span class='ocrx_word' id='word_1_344' title='bbox 3297 1904 3745 1977; x_wconf 78' lang='grc' dir='ltr'>ἐπλημμέλησαν.</span> 
     </span>
    </p>
   </div>
   <div class='ocr_carea' id='block_1_50' title="bbox 2175 1990 3746 2065">
    <p class='ocr_par' dir='ltr' id='par_1_50' title="bbox 2175 1990 3746 2065">
     <span class='ocr_line' id='line_1_50' title="bbox 2175 1990 3746 2065; baseline -0.001 -14"><span class='ocrx_word' id='word_1_345' title='bbox 2175 1996 2288 2052; x_wconf 87' lang='grc' dir='ltr'>Ποῦ</span> <span class='ocrx_word' id='word_1_346' title='bbox 2343 1997 2525 2051; x_wconf 83' lang='grc' dir='ltr'>τοίνυν</span> <span class='ocrx_word' id='word_1_347' title='bbox 2580 1990 2816 2065; x_wconf 80' lang='grc' dir='ltr'>τάξομεν</span> <span class='ocrx_word' id='word_1_348' title='bbox 2867 1995 2993 2058; x_wconf 73' lang='grc' dir='ltr'>τοὺς</span> <span class='ocrx_word' id='word_1_349' title='bbox 3051 1996 3305 2064; x_wconf 68' lang='grc' dir='ltr'>ἐντάφιον</span> <span class='ocrx_word' id='word_1_350' title='bbox 3349 1995 3615 2061; x_wconf 76' lang='grc' dir='ltr'>λαϐόντας</span> <span class='ocrx_word' id='word_1_351' title='bbox 3658 1996 3746 2050; x_wconf 78' lang='grc' dir='ltr'><strong>τοῦ</strong></span> 
     </span>
    </p>
   </div>
   <div class='ocr_carea' id='block_1_51' title="bbox 2177 2086 3748 2159">
    <p class='ocr_par' dir='ltr' id='par_1_51' title="bbox 2177 2086 3748 2159">
     <span class='ocr_line' id='line_1_51' title="bbox 2177 2086 3748 2159; baseline 0 -17"><span class='ocrx_word' id='word_1_352' title='bbox 2177 2086 2402 2159; x_wconf 82' lang='grc' dir='ltr'>λουτροῦ</span> <span class='ocrx_word' id='word_1_353' title='bbox 2434 2087 2533 2159; x_wconf 83' lang='grc' dir='ltr'>τὴν</span> <span class='ocrx_word' id='word_1_354' title='bbox 2585 2086 2935 2158; x_wconf 72' lang='grc' dir='ltr'>εὐεργεσίανς</span> <span class='ocrx_word' id='word_1_355' title='bbox 2984 2086 3057 2140; x_wconf 88' lang='grc' dir='ltr'><strong>Ἢ</strong></span> <span class='ocrx_word' id='word_1_356' title='bbox 3095 2086 3388 2159; x_wconf 84' lang='grc' dir='ltr'>πρόδηλον,</span> <span class='ocrx_word' id='word_1_357' title='bbox 3420 2088 3496 2153; x_wconf 88' lang='grc' dir='ltr'>ὡς</span> <span class='ocrx_word' id='word_1_358' title='bbox 3547 2089 3606 2142; x_wconf 87' lang='grc' dir='ltr'><strong>ἐν</strong></span> <span class='ocrx_word' id='word_1_359' title='bbox 3643 2091 3748 2151; x_wconf 80' lang='grc' dir='ltr'>τοῖς</span> 
     </span>
    </p>
   </div>
   <div class='ocr_carea' id='block_1_52' title="bbox 2175 2177 3749 2254">
    <p class='ocr_par' dir='ltr' id='par_1_52' title="bbox 2175 2177 3749 2254">
     <span class='ocr_line' id='line_1_52' title="bbox 2175 2177 3749 2254; baseline -0.001 -19"><span class='ocrx_word' id='word_1_360' title='bbox 2175 2180 2471 2253; x_wconf 80' lang='grc' dir='ltr'>δευτέροις,</span> <span class='ocrx_word' id='word_1_361' title='bbox 2501 2180 2597 2234; x_wconf 76' lang='grc' dir='ltr'>καὶ</span> <span class='ocrx_word' id='word_1_362' title='bbox 2631 2179 2789 2232; x_wconf 87' lang='grc' dir='ltr'>τοῦτο</span> <span class='ocrx_word' id='word_1_363' title='bbox 2820 2179 2957 2250; x_wconf 83' lang='grc' dir='ltr'><strong>μετά</strong></span> <span class='ocrx_word' id='word_1_364' title='bbox 2987 2177 3338 2253; x_wconf 80' lang='grc' dir='ltr'>συγγνώμης,</span> <span class='ocrx_word' id='word_1_365' title='bbox 3370 2180 3462 2236; x_wconf 81' lang='grc' dir='ltr'><strong>ἵνα</strong></span> <span class='ocrx_word' id='word_1_366' title='bbox 3495 2183 3632 2236; x_wconf 84' lang='grc' dir='ltr'>κατὰ</span> <span class='ocrx_word' id='word_1_367' title='bbox 3658 2179 3749 2254; x_wconf 70' lang='grc' dir='ltr'>τὴν</span> 
     </span>
    </p>
   </div>
   <div class='ocr_carea' id='block_1_53' title="bbox 2176 2270 3749 2345">
    <p class='ocr_par' dir='ltr' id='par_1_53' title="bbox 2176 2270 3749 2345">
     <span class='ocr_line' id='line_1_53' title="bbox 2176 2270 3749 2345; baseline 0.002 -21"><span class='ocrx_word' id='word_1_368' title='bbox 2176 2272 2379 2326; x_wconf 80' lang='grc' dir='ltr'>οἰκείαν</span> <span class='ocrx_word' id='word_1_369' title='bbox 2404 2271 2497 2324; x_wconf 89' lang='grc' dir='ltr'><strong>τοῦ</strong></span> <span class='ocrx_word' id='word_1_370' title='bbox 2527 2270 2662 2325; x_wconf 88' lang='grc' dir='ltr'><strong>Θεοῦ</strong></span> <span class='ocrx_word' id='word_1_371' title='bbox 2694 2271 3106 2343; x_wconf 77' lang='grc' dir='ltr'>φιλανθρωπίαν</span> <span class='ocrx_word' id='word_1_372' title='bbox 3146 2273 3652 2345; x_wconf 85' lang='grc' dir='ltr'>κληροδοτήσωμεν.</span> <span class='ocrx_word' id='word_1_373' title='bbox 3693 2274 3749 2327; x_wconf 81' lang='lat'><strong>&#39;0</strong></span> 
     </span>
    </p>
   </div>
   <div class='ocr_carea' id='block_1_54' title="bbox 2176 2362 3747 2438">
    <p class='ocr_par' dir='ltr' id='par_1_54' title="bbox 2176 2362 3747 2438">
     <span class='ocr_line' id='line_1_54' title="bbox 2176 2362 3747 2438; baseline 0.003 -22"><span class='ocrx_word' id='word_1_374' title='bbox 2176 2363 2284 2434; x_wconf 87' lang='grc' dir='ltr'>γὰρ</span> <span class='ocrx_word' id='word_1_375' title='bbox 2313 2363 2456 2433; x_wconf 81' lang='grc' dir='ltr'>δκνῳ</span> <span class='ocrx_word' id='word_1_376' title='bbox 2485 2362 2715 2435; x_wconf 81' lang='grc' dir='ltr'>προδοὺς</span> <span class='ocrx_word' id='word_1_377' title='bbox 2743 2364 2813 2415; x_wconf 85' lang='grc' dir='ltr'>τὰ</span> <span class='ocrx_word' id='word_1_378' title='bbox 2845 2363 2948 2433; x_wconf 78' lang='grc' dir='ltr'>τῆς</span> <span class='ocrx_word' id='word_1_379' title='bbox 2980 2365 3183 2436; x_wconf 82' lang='grc' dir='ltr'>ἀρετῆς</span> <span class='ocrx_word' id='word_1_380' title='bbox 3210 2365 3633 2438; x_wconf 87' lang='grc' dir='ltr'>κατορθώματα,</span> <span class='ocrx_word' id='word_1_381' title='bbox 3655 2366 3747 2420; x_wconf 83' lang='grc' dir='ltr'><strong>οὐκ</strong></span> 
     </span>
    </p>
   </div>
   <div class='ocr_carea' id='block_1_55' title="bbox 2176 2452 3749 2525">
    <p class='ocr_par' dir='ltr' id='par_1_55' title="bbox 2176 2452 3749 2525">
     <span class='ocr_line' id='line_1_55' title="bbox 2176 2452 3749 2525; baseline 0.003 -19"><span class='ocrx_word' id='word_1_382' title='bbox 2176 2452 2457 2525; x_wconf 88' lang='grc' dir='ltr'>ἐλεύθερος</span> <span class='ocrx_word' id='word_1_383' title='bbox 2506 2452 2707 2524; x_wconf 76' lang='grc' dir='ltr'>ζημίας</span> <span class='ocrx_word' id='word_1_384' title='bbox 2740 2454 2834 2506; x_wconf 74' lang='grc' dir='ltr'>καὶ</span> <span class='ocrx_word' id='word_1_385' title='bbox 2859 2454 3276 2523; x_wconf 81' lang='grc' dir='ltr'>καταγνώσεως,</span> <span class='ocrx_word' id='word_1_386' title='bbox 3311 2456 3364 2509; x_wconf 86' lang='grc' dir='ltr'><strong>εί</strong></span> <span class='ocrx_word' id='word_1_387' title='bbox 3394 2474 3459 2525; x_wconf 88' lang='grc' dir='ltr'>γε</span> <span class='ocrx_word' id='word_1_388' title='bbox 3485 2458 3545 2511; x_wconf 82' lang='grc' dir='ltr'>τὸ</span> <span class='ocrx_word' id='word_1_389' title='bbox 3576 2456 3749 2511; x_wconf 85' lang='grc' dir='ltr'>ἐθελο-</span> 
     </span>
    </p>
   </div>
   <div class='ocr_carea' id='block_1_56' title="bbox 2176 2544 3749 2620">
    <p class='ocr_par' dir='ltr' id='par_1_56' title="bbox 2176 2544 3749 2620">
     <span class='ocr_line' id='line_1_56' title="bbox 2176 2544 3749 2620; baseline 0.003 -19"><span class='ocrx_word' id='word_1_390' title='bbox 2176 2547 2364 2601; x_wconf 84' lang='grc' dir='ltr'>κακεῖν</span> <span class='ocrx_word' id='word_1_391' title='bbox 2385 2544 2492 2597; x_wconf 72' lang='grc' dir='ltr'>ὑπὸ</span> <span class='ocrx_word' id='word_1_392' title='bbox 2513 2545 2843 2618; x_wconf 89' lang='grc' dir='ltr'>κατηγορίαν</span> <span class='ocrx_word' id='word_1_393' title='bbox 2868 2546 3078 2614; x_wconf 83' lang='grc' dir='ltr'>ἄγεται,</span> <span class='ocrx_word' id='word_1_394' title='bbox 3106 2547 3201 2600; x_wconf 71' lang='grc' dir='ltr'><strong>καὶ</strong></span> <span class='ocrx_word' id='word_1_395' title='bbox 3231 2547 3291 2601; x_wconf 81' lang='grc' dir='ltr'>τὸ</span> <span class='ocrx_word' id='word_1_396' title='bbox 3324 2551 3508 2620; x_wconf 86' lang='grc' dir='ltr'>μισεῖν</span> <span class='ocrx_word' id='word_1_397' title='bbox 3531 2550 3597 2604; x_wconf 84' lang='grc' dir='ltr'>τὰ</span> <span class='ocrx_word' id='word_1_398' title='bbox 3619 2550 3749 2605; x_wconf 82' lang='grc' dir='ltr'><strong>καλά</strong></span> 
     </span>
    </p>
   </div>
   <div class='ocr_carea' id='block_1_57' title="bbox 2175 2635 3747 2713">
    <p class='ocr_par' dir='ltr' id='par_1_57' title="bbox 2175 2635 3747 2713">
     <span class='ocr_line' id='line_1_57' title="bbox 2175 2635 3747 2713; baseline 0.002 -22"><span class='ocrx_word' id='word_1_399' title='bbox 2175 2635 2442 2709; x_wconf 81' lang='grc' dir='ltr'>πρόδηλον</span> <span class='ocrx_word' id='word_1_400' title='bbox 2468 2636 2580 2707; x_wconf 87' lang='grc' dir='ltr'>ἔχει</span> <span class='ocrx_word' id='word_1_401' title='bbox 2625 2638 2725 2709; x_wconf 80' lang='grc' dir='ltr'><strong>τῆς</strong></span> <span class='ocrx_word' id='word_1_402' title='bbox 2774 2637 3039 2713; x_wconf 85' lang='grc' dir='ltr'>πονηρίας</span> <span class='ocrx_word' id='word_1_403' title='bbox 3070 2638 3161 2691; x_wconf 84' lang='grc' dir='ltr'><strong>τὸν</strong></span> <span class='ocrx_word' id='word_1_404' title='bbox 3203 2638 3449 2710; x_wconf 74' lang='grc' dir='ltr'>ἔλεγχον.</span> <span class='ocrx_word' id='word_1_405' title='bbox 3484 2641 3548 2695; x_wconf 87' lang='grc' dir='ltr'><strong>Τί</strong></span> <span class='ocrx_word' id='word_1_406' title='bbox 3581 2642 3747 2695; x_wconf 88' lang='grc' dir='ltr'>τοίνυν</span> 
     </span>
    </p>
   </div>
   <div class='ocr_carea' id='block_1_58' title="bbox 2179 2724 3747 2798">
    <p class='ocr_par' dir='ltr' id='par_1_58' title="bbox 2179 2724 3747 2798">
     <span class='ocr_line' id='line_1_58' title="bbox 2179 2724 3747 2798; baseline 0.003 -18"><span class='ocrx_word' id='word_1_407' title='bbox 2179 2727 2322 2797; x_wconf 85' lang='grc' dir='ltr'>μέγα</span> <span class='ocrx_word' id='word_1_408' title='bbox 2352 2724 2633 2798; x_wconf 79' lang='grc' dir='ltr'>κερδανεῖς</span> <span class='ocrx_word' id='word_1_409' title='bbox 2679 2726 2784 2794; x_wconf 80' lang='grc' dir='ltr'><strong>ἐξω</strong></span> <span class='ocrx_word' id='word_1_410' title='bbox 2812 2726 3026 2780; x_wconf 85' lang='grc' dir='ltr'>πίπτων</span> <span class='ocrx_word' id='word_1_411' title='bbox 3057 2727 3154 2796; x_wconf 79' lang='grc' dir='ltr'>τῆς</span> <span class='ocrx_word' id='word_1_412' title='bbox 3194 2727 3498 2798; x_wconf 81' lang='grc' dir='ltr'>βασιλείας,</span> <span class='ocrx_word' id='word_1_413' title='bbox 3535 2729 3747 2785; x_wconf 75' lang='grc' dir='ltr'>καὶτῶν</span> 
     </span>
    </p>
   </div>
   <div class='ocr_carea' id='block_1_59' title="bbox 2176 2816 3748 2889">
    <p class='ocr_par' dir='ltr' id='par_1_59' title="bbox 2176 2816 3748 2889">
     <span class='ocr_line' id='line_1_59' title="bbox 2176 2816 3748 2889; baseline 0.003 -19"><span class='ocrx_word' id='word_1_414' title='bbox 2176 2817 2515 2888; x_wconf 70' lang='grc' dir='ltr'>ἐπαγγελιῶν</span> <span class='ocrx_word' id='word_1_415' title='bbox 2553 2817 2797 2881; x_wconf 87' lang='grc' dir='ltr'>ἐκείνων,</span> <span class='ocrx_word' id='word_1_416' title='bbox 2830 2816 2896 2881; x_wconf 83' lang='grc' dir='ltr'><strong>ἀς</strong></span> <span class='ocrx_word' id='word_1_417' title='bbox 2941 2817 3217 2889; x_wconf 79' lang='grc' dir='ltr'>ὀφθαλμὸς</span> <span class='ocrx_word' id='word_1_418' title='bbox 3248 2819 3348 2879; x_wconf 80' lang='grc' dir='ltr'><strong>οὐκ</strong></span> <span class='ocrx_word' id='word_1_419' title='bbox 3402 2817 3506 2874; x_wconf 76' lang='grc' dir='ltr'>εἶδε</span> <span class='ocrx_word' id='word_1_420' title='bbox 3535 2821 3626 2875; x_wconf 76' lang='grc' dir='ltr'>καὶ</span> <span class='ocrx_word' id='word_1_421' title='bbox 3662 2816 3748 2885; x_wconf 82' lang='grc' dir='ltr'><strong>οῦς</strong></span> 
     </span>
    </p>
   </div>
   <div class='ocr_carea' id='block_1_60' title="bbox 2175 2908 3748 2982">
    <p class='ocr_par' dir='ltr' id='par_1_60' title="bbox 2175 2908 3748 2982">
     <span class='ocr_line' id='line_1_60' title="bbox 2175 2908 3748 2982; baseline 0.002 -19"><span class='ocrx_word' id='word_1_422' title='bbox 2175 2910 2274 2963; x_wconf 78' lang='grc' dir='ltr'>οὐκ</span> <span class='ocrx_word' id='word_1_423' title='bbox 2301 2910 2563 2981; x_wconf 74' lang='grc' dir='ltr'>ἦκουσεν;</span> <span class='ocrx_word' id='word_1_424' title='bbox 2607 2911 2682 2963; x_wconf 82' lang='grc' dir='ltr'><strong>Οὐ</strong></span> <span class='ocrx_word' id='word_1_425' title='bbox 2725 2908 3059 2979; x_wconf 78' lang='grc' dir='ltr'>κολάζομαι,</span> <span class='ocrx_word' id='word_1_426' title='bbox 3104 2910 3288 2980; x_wconf 74' lang='grc' dir='ltr'>φησὶν,</span> <span class='ocrx_word' id='word_1_427' title='bbox 3321 2910 3452 2964; x_wconf 84' lang='grc' dir='ltr'><strong>οὐδέ</strong></span> <span class='ocrx_word' id='word_1_428' title='bbox 3492 2911 3748 2982; x_wconf 70' lang='grc' dir='ltr'>φοϐοῦμαι</span> 
     </span>
    </p>
   </div>
   <div class='ocr_carea' id='block_1_61' title="bbox 2175 2999 3746 3071">
    <p class='ocr_par' dir='ltr' id='par_1_61' title="bbox 2175 2999 3746 3071">
     <span class='ocr_line' id='line_1_61' title="bbox 2175 2999 3746 3071; baseline 0.002 -18"><span class='ocrx_word' id='word_1_429' title='bbox 2175 3000 2273 3065; x_wconf 86' lang='grc' dir='ltr'><strong>τάς</strong></span> <span class='ocrx_word' id='word_1_430' title='bbox 2312 2999 2573 3063; x_wconf 76' lang='grc' dir='ltr'>ἀπειλάςο</span> <span class='ocrx_word' id='word_1_431' title='bbox 2624 2999 2899 3071; x_wconf 77' lang='grc' dir='ltr'>ἀρκοῦμαι</span> <span class='ocrx_word' id='word_1_432' title='bbox 2930 3000 2987 3053; x_wconf 85' lang='grc' dir='ltr'><strong>δέ</strong></span> <span class='ocrx_word' id='word_1_433' title='bbox 3022 2999 3099 3070; x_wconf 85' lang='grc' dir='ltr'>τῷ</span> <span class='ocrx_word' id='word_1_434' title='bbox 3128 3000 3204 3071; x_wconf 80' lang='grc' dir='ltr'><strong>μὴ</strong></span> <span class='ocrx_word' id='word_1_435' title='bbox 3242 3001 3442 3055; x_wconf 85' lang='grc' dir='ltr'>παθεῖν</span> <span class='ocrx_word' id='word_1_436' title='bbox 3477 3019 3527 3056; x_wconf 90' lang='grc' dir='ltr'><strong>τι</strong></span> <span class='ocrx_word' id='word_1_437' title='bbox 3565 3001 3746 3068; x_wconf 79' lang='grc' dir='ltr'>δεινὸν,</span> 
     </span>
    </p>
   </div>
   <div class='ocr_carea' id='block_1_62' title="bbox 500 3089 2075 3171">
    <p class='ocr_par' dir='ltr' id='par_1_62' title="bbox 500 3099 2075 3171">
     <span class='ocr_line' id='line_1_62' title="bbox 500 3099 2075 3171; baseline 0.001 -15"><span class='ocrx_word' id='word_1_438' title='bbox 500 3101 676 3156; x_wconf 83' lang='lat' dir='ltr'><strong>divit?</strong></span> <span class='ocrx_word' id='word_1_439' title='bbox 697 3099 814 3154; x_wconf 88' lang='lat' dir='ltr'><strong>Non</strong></span> <span class='ocrx_word' id='word_1_440' title='bbox 841 3099 1058 3171; x_wconf 88' lang='lat' dir='ltr'><strong>punior,</strong></span> <span class='ocrx_word' id='word_1_441' title='bbox 1089 3099 1285 3170; x_wconf 87' lang='lat' dir='ltr'><strong>inquit,</strong></span> <span class='ocrx_word' id='word_1_442' title='bbox 1308 3115 1487 3170; x_wconf 88' lang='lat' dir='ltr'><strong>neque</strong></span> <span class='ocrx_word' id='word_1_443' title='bbox 1517 3100 1681 3155; x_wconf 90' lang='lat' dir='ltr'><strong>timeo</strong></span> <span class='ocrx_word' id='word_1_444' title='bbox 1708 3101 1918 3168; x_wconf 85' lang='lat' dir='ltr'><strong>minas;</strong></span> <span class='ocrx_word' id='word_1_445' title='bbox 1942 3101 2075 3157; x_wconf 87' lang='lat' dir='ltr'><strong>satis</strong></span> 
     </span>
    </p>
   </div>
   <div class='ocr_carea' id='block_1_63' title="bbox 2177 3089 3747 3171">
    <p class='ocr_par' dir='ltr' id='par_1_63' title="bbox 2181 3089 3747 3166">
     <span class='ocr_line' id='line_1_63' title="bbox 2181 3089 3747 3166; baseline 0.004 -23"><span class='ocrx_word' id='word_1_446' title='bbox 2181 3092 2314 3163; x_wconf 79' lang='grc' dir='ltr'>μήτε</span> <span class='ocrx_word' id='word_1_447' title='bbox 2343 3090 2418 3154; x_wconf 78' lang='grc' dir='ltr'>ὡς</span> <span class='ocrx_word' id='word_1_448' title='bbox 2447 3089 2797 3161; x_wconf 79' lang='grc' dir='ltr'>κατορθώσας</span> <span class='ocrx_word' id='word_1_449' title='bbox 2825 3108 2878 3144; x_wconf 89' lang='grc' dir='ltr'><strong>τι</strong></span> <span class='ocrx_word' id='word_1_450' title='bbox 2904 3094 3148 3161; x_wconf 81' lang='grc' dir='ltr'>γενναῖον</span> <span class='ocrx_word' id='word_1_451' title='bbox 3182 3092 3597 3166; x_wconf 81' lang='grc' dir='ltr'>ἀποδειχθῆναι.</span> <span class='ocrx_word' id='word_1_452' title='bbox 3637 3093 3747 3149; x_wconf 77' lang='grc' dir='ltr'><strong>’Λν-</strong></span> 
     </span>
    </p>
   </div>
   <div class='ocr_carea' id='block_1_64' title="bbox 454 3163 2075 3264">
    <p class='ocr_par' dir='ltr' id='par_1_64' title="bbox 454 3182 2075 3264">
     <span class='ocr_line' id='line_1_64' title="bbox 454 3182 2075 3264; baseline 0.001 -18"><span class='ocrx_word' id='word_1_453' title='bbox 454 3182 459 3185; x_wconf 58' lang='grc'><em>’</em></span> <span class='ocrx_word' id='word_1_454' title='bbox 498 3199 679 3247; x_wconf 88' lang='lat' dir='ltr'><strong>autem</strong></span> <span class='ocrx_word' id='word_1_455' title='bbox 729 3191 920 3257; x_wconf 86' lang='lat' dir='ltr'><strong>habeo,</strong></span> <span class='ocrx_word' id='word_1_456' title='bbox 975 3192 1021 3246; x_wconf 90' lang='lat' dir='ltr'><strong>si</strong></span> <span class='ocrx_word' id='word_1_457' title='bbox 1074 3206 1251 3262; x_wconf 81' lang='lat' dir='ltr'><strong>neque</strong></span> <span class='ocrx_word' id='word_1_458' title='bbox 1296 3206 1461 3263; x_wconf 87' lang='lat' dir='ltr'><strong>grave</strong></span> <span class='ocrx_word' id='word_1_459' title='bbox 1492 3190 1626 3262; x_wconf 89' lang='lat' dir='ltr'><strong>quid</strong></span> <span class='ocrx_word' id='word_1_460' title='bbox 1658 3192 1859 3262; x_wconf 88' lang='lat' dir='ltr'><strong>patiar,</strong></span> <span class='ocrx_word' id='word_1_461' title='bbox 1895 3209 2075 3264; x_wconf 88' lang='lat' dir='ltr'><strong>neque</strong></span> 
     </span>
    </p>
   </div>
   <div class='ocr_carea' id='block_1_65' title="bbox 2177 3163 3749 3264">
    <p class='ocr_par' dir='ltr' id='par_1_65' title="bbox 2177 3163 3749 3256">
     <span class='ocr_line' id='line_1_65' title="bbox 2177 3163 3749 3256; baseline 0.002 -20"><span class='ocrx_word' id='word_1_462' title='bbox 2177 3182 2442 3254; x_wconf 84' lang='grc' dir='ltr'>δραπόδου</span> <span class='ocrx_word' id='word_1_463' title='bbox 2473 3181 2710 3254; x_wconf 84' lang='grc' dir='ltr'>πονηροῦ</span> <span class='ocrx_word' id='word_1_464' title='bbox 2744 3185 2775 3253; x_wconf 85' lang='grc' dir='ltr'>ή</span> <span class='ocrx_word' id='word_1_465' title='bbox 2823 3181 3161 3254; x_wconf 67' lang='grc' dir='ltr'>προαίρεσιςο</span> <span class='ocrx_word' id='word_1_466' title='bbox 3196 3163 3449 3256; x_wconf 42' lang='grc' dir='ltr'>μύλων-ος</span> <span class='ocrx_word' id='word_1_467' title='bbox 3474 3163 3625 3251; x_wconf 28' lang='grc' dir='ltr'>*ἀξίου</span> <span class='ocrx_word' id='word_1_468' title='bbox 3660 3186 3749 3241; x_wconf 77' lang='grc' dir='ltr'><strong>καὶ</strong></span> 
     </span>
    </p>
   </div>
   <div class='ocr_carea' id='block_1_66' title="bbox 497 3281 2073 3356">
    <p class='ocr_par' dir='ltr' id='par_1_66' title="bbox 497 3281 2073 3356">
     <span class='ocr_line' id='line_1_66' title="bbox 497 3281 2073 3356; baseline 0.001 -18"><span class='ocrx_word' id='word_1_469' title='bbox 497 3285 818 3356; x_wconf 79' lang='lat' dir='ltr'><strong>pneclarum</strong></span> <span class='ocrx_word' id='word_1_470' title='bbox 848 3282 1053 3354; x_wconf 85' lang='lat' dir='ltr'><strong>aliquid</strong></span> <span class='ocrx_word' id='word_1_471' title='bbox 1083 3281 1282 3339; x_wconf 84' lang='lat' dir='ltr'><strong>fecisse</strong></span> <span class='ocrx_word' id='word_1_472' title='bbox 1311 3283 1617 3339; x_wconf 87' lang='lat' dir='ltr'><strong>renuntier.</strong></span> <span class='ocrx_word' id='word_1_473' title='bbox 1660 3282 1776 3339; x_wconf 83' lang='lat' dir='ltr'><strong>Hoc</strong></span> <span class='ocrx_word' id='word_1_474' title='bbox 1821 3292 1908 3340; x_wconf 91' lang='lat' dir='ltr'><strong>est</strong></span> <span class='ocrx_word' id='word_1_475' title='bbox 1942 3285 2073 3341; x_wconf 90' lang='lat' dir='ltr'><strong>mali</strong></span> 
     </span>
    </p>
   </div>
   <div class='ocr_carea' id='block_1_67' title="bbox 491 3375 2076 3447">
    <p class='ocr_par' dir='ltr' id='par_1_67' title="bbox 491 3375 2076 3447">
     <span class='ocr_line' id='line_1_67' title="bbox 491 3375 2076 3447; baseline 0 -15"><span class='ocrx_word' id='word_1_476' title='bbox 491 3377 645 3432; x_wconf 79' lang='lat' dir='ltr'><strong>servi</strong></span> <span class='ocrx_word' id='word_1_477' title='bbox 684 3376 1017 3440; x_wconf 88' lang='lat' dir='ltr'><strong>institutum,</strong></span> <span class='ocrx_word' id='word_1_478' title='bbox 1048 3375 1141 3447; x_wconf 90' lang='lat' dir='ltr'><strong>qui</strong></span> <span class='ocrx_word' id='word_1_479' title='bbox 1172 3375 1389 3447; x_wconf 83' lang='lat' dir='ltr'><strong>pistrini</strong></span> <span class='ocrx_word' id='word_1_480' title='bbox 1416 3383 1470 3432; x_wconf 89' lang='lat' dir='ltr'><strong>et</strong></span> <span class='ocrx_word' id='word_1_481' title='bbox 1500 3377 1842 3432; x_wconf 86' lang='lat' dir='ltr'><strong>vinculorum</strong></span> <span class='ocrx_word' id='word_1_482' title='bbox 1892 3385 1947 3433; x_wconf 90' lang='lat' dir='ltr'><strong>et</strong></span> <span class='ocrx_word' id='word_1_483' title='bbox 1969 3376 2076 3432; x_wconf 83' lang='lat' dir='ltr'><strong>ﬂa-</strong></span> 
     </span>
    </p>
   </div>
   <div class='ocr_carea' id='block_1_68' title="bbox 497 3467 2075 3541">
    <p class='ocr_par' dir='ltr' id='par_1_68' title="bbox 497 3467 2075 3541">
     <span class='ocr_line' id='line_1_68' title="bbox 497 3467 2075 3541; baseline 0.002 -20"><span class='ocrx_word' id='word_1_484' title='bbox 497 3485 723 3541; x_wconf 79' lang='lat' dir='ltr'><strong>grorum</strong></span> <span class='ocrx_word' id='word_1_485' title='bbox 769 3469 943 3523; x_wconf 86' lang='lat' dir='ltr'><strong>solum</strong></span> <span class='ocrx_word' id='word_1_486' title='bbox 993 3468 1177 3523; x_wconf 88' lang='lat' dir='ltr'><strong>studet</strong></span> <span class='ocrx_word' id='word_1_487' title='bbox 1209 3468 1382 3524; x_wconf 87' lang='lat' dir='ltr'><strong>vitare</strong></span> <span class='ocrx_word' id='word_1_488' title='bbox 1432 3467 1743 3539; x_wconf 89' lang='lat' dir='ltr'><strong>supplicia;</strong></span> <span class='ocrx_word' id='word_1_489' title='bbox 1795 3468 2075 3525; x_wconf 86' lang='lat' dir='ltr'><strong>liberalem</strong></span> 
     </span>
    </p>
   </div>
   <div class='ocr_carea' id='block_1_69' title="bbox 497 3564 2079 3636">
    <p class='ocr_par' dir='ltr' id='par_1_69' title="bbox 497 3564 2079 3636">
     <span class='ocr_line' id='line_1_69' title="bbox 497 3564 2079 3636; baseline 0.001 -17"><span class='ocrx_word' id='word_1_490' title='bbox 497 3575 678 3621; x_wconf 88' lang='lat' dir='ltr'><strong>autem</strong></span> <span class='ocrx_word' id='word_1_491' title='bbox 711 3564 939 3635; x_wconf 82' lang='lat' dir='ltr'><strong>gloriam</strong></span> <span class='ocrx_word' id='word_1_492' title='bbox 977 3573 1032 3619; x_wconf 91' lang='lat' dir='ltr'><strong>et</strong></span> <span class='ocrx_word' id='word_1_493' title='bbox 1076 3564 1348 3619; x_wconf 89' lang='lat' dir='ltr'><strong>honorum</strong></span> <span class='ocrx_word' id='word_1_494' title='bbox 1399 3565 1747 3636; x_wconf 85' lang='lat' dir='ltr'><strong>splendorem</strong></span> <span class='ocrx_word' id='word_1_495' title='bbox 1789 3580 1859 3620; x_wconf 90' lang='lat' dir='ltr'><strong>ne</strong></span> <span class='ocrx_word' id='word_1_496' title='bbox 1891 3565 2079 3621; x_wconf 84' lang='lat' dir='ltr'><strong>tantil-</strong></span> 
     </span>
    </p>
   </div>
   <div class='ocr_carea' id='block_1_70' title="bbox 499 3650 2078 3725">
    <p class='ocr_par' dir='ltr' id='par_1_70' title="bbox 499 3650 2078 3725">
     <span class='ocr_line' id='line_1_70' title="bbox 499 3650 2078 3725; baseline 0.003 -18"><span class='ocrx_word' id='word_1_497' title='bbox 499 3656 609 3708; x_wconf 86' lang='lat' dir='ltr'><strong>lum</strong></span> <span class='ocrx_word' id='word_1_498' title='bbox 641 3655 860 3725; x_wconf 88' lang='lat' dir='ltr'><strong>quidem</strong></span> <span class='ocrx_word' id='word_1_499' title='bbox 889 3655 992 3711; x_wconf 87' lang='lat' dir='ltr'><strong>sibi</strong></span> <span class='ocrx_word' id='word_1_500' title='bbox 1031 3653 1291 3710; x_wconf 85' lang='lat' dir='ltr'><strong>vindicat.</strong></span> <span class='ocrx_word' id='word_1_501' title='bbox 1334 3650 1434 3711; x_wconf 80' lang='lat' dir='ltr'><strong>His</strong></span> <span class='ocrx_word' id='word_1_502' title='bbox 1478 3663 1566 3711; x_wconf 88' lang='lat' dir='ltr'><strong>est</strong></span> <span class='ocrx_word' id='word_1_503' title='bbox 1608 3656 1829 3711; x_wconf 88' lang='lat' dir='ltr'><strong>inimica</strong></span> <span class='ocrx_word' id='word_1_504' title='bbox 1862 3665 1916 3711; x_wconf 90' lang='lat' dir='ltr'><strong>et</strong></span> <span class='ocrx_word' id='word_1_505' title='bbox 1954 3671 2078 3711; x_wconf 85' lang='lat' dir='ltr'><strong>con-</strong></span> 
     </span>
    </p>
   </div>
   <div class='ocr_carea' id='block_1_71' title="bbox 498 3742 2072 3813">
    <p class='ocr_par' dir='ltr' id='par_1_71' title="bbox 498 3742 2072 3813">
     <span class='ocr_line' id='line_1_71' title="bbox 498 3742 2072 3813; baseline 0.001 -16"><span class='ocrx_word' id='word_1_506' title='bbox 498 3745 666 3798; x_wconf 85' lang='lat' dir='ltr'><strong>traria</strong></span> <span class='ocrx_word' id='word_1_507' title='bbox 698 3760 799 3799; x_wconf 86' lang='lat' dir='ltr'><strong>vox</strong></span> <span class='ocrx_word' id='word_1_508' title='bbox 827 3742 1070 3798; x_wconf 89' lang='lat' dir='ltr'><strong>omnium</strong></span> <span class='ocrx_word' id='word_1_509' title='bbox 1099 3752 1438 3807; x_wconf 88' lang='lat' dir='ltr'><strong>sanctorum,</strong></span> <span class='ocrx_word' id='word_1_510' title='bbox 1466 3742 1562 3813; x_wconf 93' lang='lat' dir='ltr'><strong>qui</strong></span> <span class='ocrx_word' id='word_1_511' title='bbox 1588 3743 1807 3799; x_wconf 86' lang='lat' dir='ltr'><strong>fuerunt</strong></span> <span class='ocrx_word' id='word_1_512' title='bbox 1838 3742 1908 3799; x_wconf 87' lang='lat' dir='ltr'><strong>ab</strong></span> <span class='ocrx_word' id='word_1_513' title='bbox 1935 3758 2072 3798; x_wconf 73' lang='lat' dir='ltr'><strong>aevo.</strong></span> 
     </span>
    </p>
   </div>
   <div class='ocr_carea' id='block_1_72' title="bbox 498 3832 2075 3902">
    <p class='ocr_par' dir='ltr' id='par_1_72' title="bbox 498 3832 2075 3902">
     <span class='ocr_line' id='line_1_72' title="bbox 498 3832 2075 3902; baseline 0.001 -15"><span class='ocrx_word' id='word_1_514' title='bbox 498 3833 578 3887; x_wconf 86' lang='lat' dir='ltr'><strong>Illi</strong></span> <span class='ocrx_word' id='word_1_515' title='bbox 605 3835 751 3888; x_wconf 89' lang='lat' dir='ltr'><strong>enim</strong></span> <span class='ocrx_word' id='word_1_516' title='bbox 786 3848 980 3890; x_wconf 88' lang='lat' dir='ltr'><strong>omnes</strong></span> <span class='ocrx_word' id='word_1_517' title='bbox 1013 3849 1111 3902; x_wconf 87' lang='lat' dir='ltr'><strong>pro</strong></span> <span class='ocrx_word' id='word_1_518' title='bbox 1138 3832 1337 3890; x_wconf 83' lang='lat' dir='ltr'><strong>ﬁducia</strong></span> <span class='ocrx_word' id='word_1_519' title='bbox 1366 3834 1422 3888; x_wconf 89' lang='lat' dir='ltr'><strong>in</strong></span> <span class='ocrx_word' id='word_1_520' title='bbox 1460 3832 1629 3888; x_wconf 88' lang='lat' dir='ltr'><strong>Deum</strong></span> <span class='ocrx_word' id='word_1_521' title='bbox 1662 3840 1717 3888; x_wconf 88' lang='lat' dir='ltr'><strong>et</strong></span> <span class='ocrx_word' id='word_1_522' title='bbox 1756 3833 1927 3888; x_wconf 89' lang='lat' dir='ltr'><strong>libera</strong></span> <span class='ocrx_word' id='word_1_523' title='bbox 1950 3832 2075 3889; x_wconf 80' lang='lat' dir='ltr'><strong>ﬁdei</strong></span> 
     </span>
    </p>
   </div>
   <div class='ocr_carea' id='block_1_73' title="bbox 484 3924 2078 3997">
    <p class='ocr_par' dir='ltr' id='par_1_73' title="bbox 484 3924 2078 3997">
     <span class='ocr_line' id='line_1_73' title="bbox 484 3924 2078 3997; baseline -0.001 -16"><span class='ocrx_word' id='word_1_524' title='bbox 484 3926 848 3981; x_wconf 77' lang='lat' dir='ltr'><strong>confessione</strong></span> <span class='ocrx_word' id='word_1_525' title='bbox 903 3925 1146 3996; x_wconf 88' lang='lat' dir='ltr'><strong>pericula</strong></span> <span class='ocrx_word' id='word_1_526' title='bbox 1210 3924 1552 3989; x_wconf 79' lang='lat' dir='ltr'><strong>dilexerunt,</strong></span> <span class='ocrx_word' id='word_1_527' title='bbox 1616 3930 1671 3979; x_wconf 87' lang='lat' dir='ltr'><strong>et</strong></span> <span class='ocrx_word' id='word_1_528' title='bbox 1724 3926 2078 3997; x_wconf 68' lang='lat' dir='ltr'><strong>praabuerunt</strong></span> 
     </span>
    </p>
   </div>
   <div class='ocr_carea' id='block_1_74' title="bbox 498 4014 2074 4086">
    <p class='ocr_par' dir='ltr' id='par_1_74' title="bbox 498 4014 2074 4086">
     <span class='ocr_line' id='line_1_74' title="bbox 498 4014 2074 4086; baseline -0.001 -13"><span class='ocrx_word' id='word_1_529' title='bbox 498 4032 701 4086; x_wconf 80' lang='lat' dir='ltr'><strong>corpus</strong></span> <span class='ocrx_word' id='word_1_530' title='bbox 733 4014 1363 4072; x_wconf 83' lang='lat' dir='ltr'><strong>volentibus-secandum</strong></span> <span class='ocrx_word' id='word_1_531' title='bbox 1392 4023 1447 4070; x_wconf 89' lang='lat' dir='ltr'><strong>et</strong></span> <span class='ocrx_word' id='word_1_532' title='bbox 1480 4014 1631 4071; x_wconf 83' lang='lat' dir='ltr'><strong>varie</strong></span> <span class='ocrx_word' id='word_1_533' title='bbox 1658 4015 2019 4071; x_wconf 88' lang='lat' dir='ltr'><strong>occidendum</strong></span> <span class='ocrx_word' id='word_1_534' title='bbox 2059 4033 2074 4072; x_wconf 87' lang='lat'><strong>:</strong></span> 
     </span>
    </p>
   </div>
   <div class='ocr_carea' id='block_1_75' title="bbox 499 4104 2077 4177">
    <p class='ocr_par' dir='ltr' id='par_1_75' title="bbox 499 4104 2077 4177">
     <span class='ocr_line' id='line_1_75' title="bbox 499 4104 2077 4177; baseline 0 -14"><span class='ocrx_word' id='word_1_535' title='bbox 499 4124 599 4163; x_wconf 87' lang='lat' dir='ltr'><strong>nec</strong></span> <span class='ocrx_word' id='word_1_536' title='bbox 625 4108 735 4162; x_wconf 90' lang='lat' dir='ltr'><strong>ulla</strong></span> <span class='ocrx_word' id='word_1_537' title='bbox 767 4123 825 4163; x_wconf 89' lang='lat' dir='ltr'><strong>re</strong></span> <span class='ocrx_word' id='word_1_538' title='bbox 857 4122 1053 4177; x_wconf 86' lang='lat' dir='ltr'><strong>aspera</strong></span> <span class='ocrx_word' id='word_1_539' title='bbox 1084 4105 1249 4161; x_wconf 83' lang='lat' dir='ltr'><strong>fracti</strong></span> <span class='ocrx_word' id='word_1_540' title='bbox 1283 4115 1411 4162; x_wconf 89' lang='lat' dir='ltr'><strong>sunt</strong></span> <span class='ocrx_word' id='word_1_541' title='bbox 1435 4120 1501 4160; x_wconf 90' lang='lat' dir='ltr'><strong>ac</strong></span> <span class='ocrx_word' id='word_1_542' title='bbox 1542 4106 1760 4172; x_wconf 86' lang='lat' dir='ltr'><strong>molliti,</strong></span> <span class='ocrx_word' id='word_1_543' title='bbox 1790 4104 2077 4177; x_wconf 82' lang='lat' dir='ltr'><strong>sanguinis</strong></span> 
     </span>
    </p>
   </div>
   <div class='ocr_carea' id='block_1_76' title="bbox 495 4197 2078 4269">
    <p class='ocr_par' dir='ltr' id='par_1_76' title="bbox 495 4197 2078 4269">
     <span class='ocr_line' id='line_1_76' title="bbox 495 4197 2078 4269; baseline -0.003 -14"><span class='ocrx_word' id='word_1_544' title='bbox 495 4206 553 4255; x_wconf 89' lang='lat' dir='ltr'><strong>et</strong></span> <span class='ocrx_word' id='word_1_545' title='bbox 582 4214 764 4254; x_wconf 89' lang='lat' dir='ltr'><strong>rerum</strong></span> <span class='ocrx_word' id='word_1_546' title='bbox 796 4200 1056 4269; x_wconf 67' lang='lat' dir='ltr'><strong>praeclare</strong></span> <span class='ocrx_word' id='word_1_547' title='bbox 1107 4207 1387 4268; x_wconf 85' lang='lat' dir='ltr'><strong>gestarum</strong></span> <span class='ocrx_word' id='word_1_548' title='bbox 1423 4197 1704 4268; x_wconf 65' lang='lat' dir='ltr'><strong>praemium</strong></span> <span class='ocrx_word' id='word_1_549' title='bbox 1755 4205 2078 4268; x_wconf 68' lang='lat' dir='ltr'><strong>exspectan-</strong></span> 
     </span>
    </p>
   </div>
   <div class='ocr_carea' id='block_1_77' title="bbox 492 4288 2078 4363">
    <p class='ocr_par' dir='ltr' id='par_1_77' title="bbox 492 4288 2078 4363">
     <span class='ocr_line' id='line_1_77' title="bbox 492 4288 2078 4363; baseline 0.001 -18"><span class='ocrx_word' id='word_1_550' title='bbox 492 4298 604 4356; x_wconf 85' lang='lat' dir='ltr'><strong>tes,</strong></span> <span class='ocrx_word' id='word_1_551' title='bbox 634 4290 920 4354; x_wconf 85' lang='lat' dir='ltr'><strong>honorem,</strong></span> <span class='ocrx_word' id='word_1_552' title='bbox 952 4290 1044 4361; x_wconf 93' lang='lat' dir='ltr'><strong>qui</strong></span> <span class='ocrx_word' id='word_1_553' title='bbox 1076 4297 1160 4347; x_wconf 90' lang='lat' dir='ltr'><strong>est</strong></span> <span class='ocrx_word' id='word_1_554' title='bbox 1190 4291 1243 4345; x_wconf 92' lang='lat' dir='ltr'><strong>in</strong></span> <span class='ocrx_word' id='word_1_555' title='bbox 1296 4305 1465 4360; x_wconf 87' lang='lat' dir='ltr'><strong>regno</strong></span> <span class='ocrx_word' id='word_1_556' title='bbox 1501 4291 1790 4349; x_wconf 81' lang='lat' dir='ltr'><strong>caelorum.</strong></span> <span class='ocrx_word' id='word_1_557' title='bbox 1851 4288 2078 4363; x_wconf 87' lang='lat' dir='ltr'><strong>Propter</strong></span> 
     </span>
    </p>
   </div>
   <div class='ocr_carea' id='block_1_78' title="bbox 497 4380 2077 4451">
    <p class='ocr_par' dir='ltr' id='par_1_78' title="bbox 497 4380 2077 4451">
     <span class='ocr_line' id='line_1_78' title="bbox 497 4380 2077 4451; baseline 0.003 -13"><span class='ocrx_word' id='word_1_558' title='bbox 497 4381 652 4438; x_wconf 87' lang='lat' dir='ltr'><strong>illum</strong></span> <span class='ocrx_word' id='word_1_559' title='bbox 684 4381 873 4451; x_wconf 86' lang='lat' dir='ltr'><strong>jussus</strong></span> <span class='ocrx_word' id='word_1_560' title='bbox 895 4380 1169 4438; x_wconf 85' lang='lat' dir='ltr'><strong>Abraham</strong></span> <span class='ocrx_word' id='word_1_561' title='bbox 1200 4382 1371 4438; x_wconf 88' lang='lat' dir='ltr'><strong>ﬁlium</strong></span> <span class='ocrx_word' id='word_1_562' title='bbox 1394 4383 1730 4438; x_wconf 86' lang='lat' dir='ltr'><strong>sacriﬁcavit</strong></span> <span class='ocrx_word' id='word_1_563' title='bbox 1755 4400 1770 4448; x_wconf 90' lang='lat'><strong>;</strong></span> <span class='ocrx_word' id='word_1_564' title='bbox 1804 4392 1857 4440; x_wconf 91' lang='lat' dir='ltr'><strong>et</strong></span> <span class='ocrx_word' id='word_1_565' title='bbox 1897 4383 2077 4443; x_wconf 74' lang='lat' dir='ltr'><strong>Moses</strong></span> 
     </span>
    </p>
   </div>
   <div class='ocr_carea' id='block_1_79' title="bbox 2175 3274 3747 3352">
    <p class='ocr_par' dir='ltr' id='par_1_79' title="bbox 2175 3274 3747 3352">
     <span class='ocr_line' id='line_1_79' title="bbox 2175 3274 3747 3352; baseline 0.002 -23"><span class='ocrx_word' id='word_1_566' title='bbox 2175 3274 2373 3345; x_wconf 82' lang='grc' dir='ltr'>δεσμοῦ</span> <span class='ocrx_word' id='word_1_567' title='bbox 2412 3276 2508 3329; x_wconf 78' lang='grc' dir='ltr'><strong>καὶ</strong></span> <span class='ocrx_word' id='word_1_568' title='bbox 2554 3277 2854 3346; x_wconf 87' lang='grc' dir='ltr'>μαστίγων,</span> <span class='ocrx_word' id='word_1_569' title='bbox 2900 3275 3119 3330; x_wconf 78' lang='grc' dir='ltr'>ἐκδῦναι</span> <span class='ocrx_word' id='word_1_570' title='bbox 3168 3276 3328 3348; x_wconf 72' lang='grc' dir='ltr'>μόνον</span> <span class='ocrx_word' id='word_1_571' title='bbox 3356 3278 3465 3344; x_wconf 78' lang='grc' dir='ltr'>τὰς</span> <span class='ocrx_word' id='word_1_572' title='bbox 3492 3279 3747 3352; x_wconf 80' lang='grc' dir='ltr'>τιμωρίας</span> 
     </span>
    </p>
   </div>
   <div class='ocr_carea' id='block_1_80' title="bbox 2178 3365 3747 3443">
    <p class='ocr_par' dir='ltr' id='par_1_80' title="bbox 2178 3365 3747 3443">
     <span class='ocr_line' id='line_1_80' title="bbox 2178 3365 3747 3443; baseline 0.005 -24"><span class='ocrx_word' id='word_1_573' title='bbox 2178 3365 2565 3430; x_wconf 73' lang='grc' dir='ltr'>σπουδάζοντος</span> <span class='ocrx_word' id='word_1_574' title='bbox 2584 3381 2597 3395; x_wconf 91' lang='grc'><strong>·</strong></span> <span class='ocrx_word' id='word_1_575' title='bbox 2645 3365 2951 3438; x_wconf 86' lang='grc' dir='ltr'>ἐλευθερίου</span> <span class='ocrx_word' id='word_1_576' title='bbox 2999 3367 3055 3421; x_wconf 85' lang='grc' dir='ltr'><strong>δέ</strong></span> <span class='ocrx_word' id='word_1_577' title='bbox 3086 3368 3245 3441; x_wconf 78' lang='grc' dir='ltr'>δόξης</span> <span class='ocrx_word' id='word_1_578' title='bbox 3271 3370 3367 3424; x_wconf 78' lang='grc' dir='ltr'><strong>καὶ</strong></span> <span class='ocrx_word' id='word_1_579' title='bbox 3400 3370 3509 3425; x_wconf 82' lang='grc' dir='ltr'><strong>τῶν</strong></span> <span class='ocrx_word' id='word_1_580' title='bbox 3536 3374 3598 3426; x_wconf 86' lang='grc' dir='ltr'><strong>ἐκ</strong></span> <span class='ocrx_word' id='word_1_581' title='bbox 3619 3371 3747 3443; x_wconf 79' lang='grc' dir='ltr'>λαμ·</span> 
     </span>
    </p>
   </div>
   <div class='ocr_carea' id='block_1_81' title="bbox 2177 3457 3745 3534">
    <p class='ocr_par' dir='ltr' id='par_1_81' title="bbox 2177 3457 3745 3534">
     <span class='ocr_line' id='line_1_81' title="bbox 2177 3457 3745 3534; baseline 0.003 -23"><span class='ocrx_word' id='word_1_582' title='bbox 2177 3458 2442 3529; x_wconf 83' lang='grc' dir='ltr'>πρότητος</span> <span class='ocrx_word' id='word_1_583' title='bbox 2484 3457 2679 3530; x_wconf 83' lang='grc' dir='ltr'>τιμῶν,</span> <span class='ocrx_word' id='word_1_584' title='bbox 2705 3458 2825 3512; x_wconf 80' lang='grc' dir='ltr'>οὐδὲ</span> <span class='ocrx_word' id='word_1_585' title='bbox 2869 3458 3008 3512; x_wconf 85' lang='grc' dir='ltr'><strong>κατά</strong></span> <span class='ocrx_word' id='word_1_586' title='bbox 3053 3460 3249 3532; x_wconf 83' lang='grc' dir='ltr'>μικρὸν</span> <span class='ocrx_word' id='word_1_587' title='bbox 3287 3461 3745 3534; x_wconf 81' lang='grc' dir='ltr'>ἀντιποιουμένου.</span> 
     </span>
    </p>
   </div>
   <div class='ocr_carea' id='block_1_82' title="bbox 2188 3548 3746 3624">
    <p class='ocr_par' dir='ltr' id='par_1_82' title="bbox 2188 3548 3746 3624">
     <span class='ocr_line' id='line_1_82' title="bbox 2188 3548 3746 3624; baseline 0.004 -22"><span class='ocrx_word' id='word_1_588' title='bbox 2188 3549 2388 3621; x_wconf 85' lang='grc' dir='ltr'>Ἐχθρά</span> <span class='ocrx_word' id='word_1_589' title='bbox 2427 3549 2643 3603; x_wconf 86' lang='grc' dir='ltr'>πάντων</span> <span class='ocrx_word' id='word_1_590' title='bbox 2686 3549 2823 3622; x_wconf 79' lang='grc' dir='ltr'>αὐτὴ</span> <span class='ocrx_word' id='word_1_591' title='bbox 2855 3550 2964 3603; x_wconf 86' lang='grc' dir='ltr'><strong>τῶν</strong></span> <span class='ocrx_word' id='word_1_592' title='bbox 2994 3548 3166 3620; x_wconf 81' lang='grc' dir='ltr'>ἁγίων</span> <span class='ocrx_word' id='word_1_593' title='bbox 3194 3550 3368 3624; x_wconf 74' lang='grc' dir='ltr'>φωνὴ,</span> <span class='ocrx_word' id='word_1_594' title='bbox 3406 3552 3619 3607; x_wconf 76' lang='grc' dir='ltr'>ἐναντία</span> <span class='ocrx_word' id='word_1_595' title='bbox 3646 3553 3746 3607; x_wconf 82' lang='grc' dir='ltr'><strong>τῶν</strong></span> 
     </span>
    </p>
   </div>
   <div class='ocr_carea' id='block_1_83' title="bbox 2176 3636 3748 3714">
    <p class='ocr_par' dir='ltr' id='par_1_83' title="bbox 2176 3636 3748 3714">
     <span class='ocr_line' id='line_1_83' title="bbox 2176 3636 3748 3714; baseline 0.001 -20"><span class='ocrx_word' id='word_1_596' title='bbox 2176 3640 2272 3694; x_wconf 83' lang='grc' dir='ltr'>ἀπ’</span> <span class='ocrx_word' id='word_1_597' title='bbox 2299 3639 2495 3703; x_wconf 66' lang='grc' dir='ltr'>αἰῶνος</span> <span class='ocrx_word' id='word_1_598' title='bbox 2539 3639 2720 3694; x_wconf 85' lang='grc' dir='ltr'>όσίων.</span> <span class='ocrx_word' id='word_1_599' title='bbox 2753 3636 2980 3694; x_wconf 86' lang='grc' dir='ltr'>Ἐκεῖνοι</span> <span class='ocrx_word' id='word_1_600' title='bbox 3027 3638 3137 3713; x_wconf 84' lang='grc' dir='ltr'>γὰρ</span> <span class='ocrx_word' id='word_1_601' title='bbox 3186 3638 3430 3708; x_wconf 75' lang='grc' dir='ltr'>ἀπαντες</span> <span class='ocrx_word' id='word_1_602' title='bbox 3466 3644 3590 3709; x_wconf 79' lang='grc' dir='ltr'>τοὺς</span> <span class='ocrx_word' id='word_1_603' title='bbox 3617 3642 3748 3714; x_wconf 81' lang='grc' dir='ltr'>ὑπὲρ</span> 
     </span>
    </p>
   </div>
   <div class='ocr_carea' id='block_1_84' title="bbox 2176 3732 3747 3810">
    <p class='ocr_par' dir='ltr' id='par_1_84' title="bbox 2176 3732 3747 3810">
     <span class='ocr_line' id='line_1_84' title="bbox 2176 3732 3747 3810; baseline 0.002 -23"><span class='ocrx_word' id='word_1_604' title='bbox 2176 3735 2490 3806; x_wconf 73' lang='grc' dir='ltr'>παρρησίας</span> <span class='ocrx_word' id='word_1_605' title='bbox 2530 3732 2810 3798; x_wconf 78' lang='grc' dir='ltr'>κινδύνους</span> <span class='ocrx_word' id='word_1_606' title='bbox 2842 3733 3160 3805; x_wconf 70' lang='grc' dir='ltr'>ὴγάπησαν,</span> <span class='ocrx_word' id='word_1_607' title='bbox 3203 3736 3297 3788; x_wconf 72' lang='grc' dir='ltr'><strong>καὶ</strong></span> <span class='ocrx_word' id='word_1_608' title='bbox 3340 3740 3605 3810; x_wconf 81' lang='grc' dir='ltr'>παρεῖχον</span> <span class='ocrx_word' id='word_1_609' title='bbox 3643 3738 3747 3799; x_wconf 80' lang='grc' dir='ltr'>τοῖς</span> 
     </span>
    </p>
   </div>
   <div class='ocr_carea' id='block_1_85' title="bbox 2178 3826 3744 3901">
    <p class='ocr_par' dir='ltr' id='par_1_85' title="bbox 2178 3826 3744 3901">
     <span class='ocr_line' id='line_1_85' title="bbox 2178 3826 3744 3901; baseline 0.003 -20"><span class='ocrx_word' id='word_1_610' title='bbox 2178 3827 2518 3899; x_wconf 82' lang='grc' dir='ltr'>βουλομένοις</span> <span class='ocrx_word' id='word_1_611' title='bbox 2543 3827 2760 3897; x_wconf 81' lang='grc' dir='ltr'>τέμνειν</span> <span class='ocrx_word' id='word_1_612' title='bbox 2791 3828 2883 3881; x_wconf 73' lang='grc' dir='ltr'><strong>καὶ</strong></span> <span class='ocrx_word' id='word_1_613' title='bbox 2911 3826 3155 3896; x_wconf 70' lang='grc' dir='ltr'>φονεύειν</span> <span class='ocrx_word' id='word_1_614' title='bbox 3183 3828 3449 3894; x_wconf 83' lang='grc' dir='ltr'>ποικίλως</span> <span class='ocrx_word' id='word_1_615' title='bbox 3481 3831 3540 3884; x_wconf 80' lang='grc' dir='ltr'><strong>τὸ</strong></span> <span class='ocrx_word' id='word_1_616' title='bbox 3577 3829 3744 3901; x_wconf 78' lang='grc' dir='ltr'>σῶμα,</span> 
     </span>
    </p>
   </div>
   <div class='ocr_carea' id='block_1_86' title="bbox 2172 3920 3745 3995">
    <p class='ocr_par' dir='ltr' id='par_1_86' title="bbox 2172 3920 3745 3995">
     <span class='ocr_line' id='line_1_86' title="bbox 2172 3920 3745 3995; baseline 0.003 -20"><span class='ocrx_word' id='word_1_617' title='bbox 2172 3922 2273 3976; x_wconf 77' lang='grc' dir='ltr'>καὶ</span> <span class='ocrx_word' id='word_1_618' title='bbox 2311 3920 2449 3993; x_wconf 75' lang='grc' dir='ltr'>πρὸς</span> <span class='ocrx_word' id='word_1_619' title='bbox 2494 3921 2685 3975; x_wconf 77' lang='grc' dir='ltr'>οὐδένα</span> <span class='ocrx_word' id='word_1_620' title='bbox 2730 3921 3029 3976; x_wconf 77' lang='grc' dir='ltr'>ὼδινόντων</span> <span class='ocrx_word' id='word_1_621' title='bbox 3069 3921 3522 3995; x_wconf 80' lang='grc' dir='ltr'>ἐμαλακίσθησαν</span> <span class='ocrx_word' id='word_1_622' title='bbox 3573 3920 3745 3988; x_wconf 79' lang='grc' dir='ltr'>ἆθλον,</span> 
     </span>
    </p>
   </div>
   <div class='ocr_carea' id='block_1_87' title="bbox 2175 4012 3745 4086">
    <p class='ocr_par' dir='ltr' id='par_1_87' title="bbox 2175 4012 3745 4086">
     <span class='ocr_line' id='line_1_87' title="bbox 2175 4012 3745 4086; baseline 0.001 -19"><span class='ocrx_word' id='word_1_623' title='bbox 2175 4012 2268 4067; x_wconf 83' lang='grc' dir='ltr'><strong>τοῦ</strong></span> <span class='ocrx_word' id='word_1_624' title='bbox 2315 4013 2547 4084; x_wconf 77' lang='grc' dir='ltr'>αἵματος</span> <span class='ocrx_word' id='word_1_625' title='bbox 2591 4015 2686 4067; x_wconf 78' lang='grc' dir='ltr'>καὶ</span> <span class='ocrx_word' id='word_1_626' title='bbox 2727 4012 2836 4067; x_wconf 91' lang='grc' dir='ltr'><strong>τῶν</strong></span> <span class='ocrx_word' id='word_1_627' title='bbox 2885 4013 3424 4085; x_wconf 71' lang='grc' dir='ltr'>ἀνδραγαθημάτων,</span> <span class='ocrx_word' id='word_1_628' title='bbox 3465 4015 3562 4086; x_wconf 80' lang='grc' dir='ltr'><strong>τὴν</strong></span> <span class='ocrx_word' id='word_1_629' title='bbox 3601 4015 3657 4069; x_wconf 81' lang='grc' dir='ltr'><strong>ἐν</strong></span> <span class='ocrx_word' id='word_1_630' title='bbox 3685 4017 3745 4086; x_wconf 71' lang='grc' dir='ltr'>τῇ</span> 
     </span>
    </p>
   </div>
   <div class='ocr_carea' id='block_1_88' title="bbox 2180 4102 3746 4178">
    <p class='ocr_par' dir='ltr' id='par_1_88' title="bbox 2180 4102 3746 4178">
     <span class='ocr_line' id='line_1_88' title="bbox 2180 4102 3746 4178; baseline -0.001 -19"><span class='ocrx_word' id='word_1_631' title='bbox 2180 4104 2428 4177; x_wconf 76' lang='grc' dir='ltr'>βασιλείᾳ</span> <span class='ocrx_word' id='word_1_632' title='bbox 2485 4104 2594 4159; x_wconf 86' lang='grc' dir='ltr'><strong>τῶν</strong></span> <span class='ocrx_word' id='word_1_633' title='bbox 2655 4105 2900 4177; x_wconf 84' lang='grc' dir='ltr'>οὐρανῶν</span> <span class='ocrx_word' id='word_1_634' title='bbox 2960 4102 3368 4178; x_wconf 78' lang='grc' dir='ltr'>προσδοκῶντες</span> <span class='ocrx_word' id='word_1_635' title='bbox 3438 4108 3619 4178; x_wconf 77' lang='grc' dir='ltr'>τιμήν.</span> <span class='ocrx_word' id='word_1_636' title='bbox 3674 4106 3746 4158; x_wconf 79' lang='grc' dir='ltr'><strong>Δι’</strong></span> 
     </span>
    </p>
   </div>
   <div class='ocr_carea' id='block_1_89' title="bbox 2177 4195 3747 4269">
    <p class='ocr_par' dir='ltr' id='par_1_89' title="bbox 2177 4195 3747 4269">
     <span class='ocr_line' id='line_1_89' title="bbox 2177 4195 3747 4269; baseline 0.001 -19"><span class='ocrx_word' id='word_1_637' title='bbox 2177 4197 2400 4251; x_wconf 82' lang='grc' dir='ltr'>ἐκείνων</span> <span class='ocrx_word' id='word_1_638' title='bbox 2450 4195 2702 4269; x_wconf 75' lang='grc' dir='ltr'>Ἀϐραὰμ</span> <span class='ocrx_word' id='word_1_639' title='bbox 2739 4196 2833 4251; x_wconf 81' lang='grc' dir='ltr'><strong>τὸν</strong></span> <span class='ocrx_word' id='word_1_640' title='bbox 2883 4197 3000 4250; x_wconf 80' lang='grc' dir='ltr'>υίὺν</span> <span class='ocrx_word' id='word_1_641' title='bbox 3033 4196 3394 4269; x_wconf 79' lang='grc' dir='ltr'>προσταχθεὶς</span> <span class='ocrx_word' id='word_1_642' title='bbox 3446 4200 3626 4255; x_wconf 78' lang='grc' dir='ltr'>ἔθυσεο</span> <span class='ocrx_word' id='word_1_643' title='bbox 3659 4197 3747 4252; x_wconf 80' lang='grc' dir='ltr'>καὶ</span> 
     </span>
    </p>
   </div>
   <div class='ocr_carea' id='block_1_90' title="bbox 2177 4286 3814 4364">
    <p class='ocr_par' dir='ltr' id='par_1_90' title="bbox 2177 4286 3814 4364">
     <span class='ocr_line' id='line_1_90' title="bbox 2177 4286 3814 4364; baseline 0 -22"><span class='ocrx_word' id='word_1_644' title='bbox 2177 4286 2422 4359; x_wconf 81' lang='grc' dir='ltr'>Μωῦσῆς</span> <span class='ocrx_word' id='word_1_645' title='bbox 2470 4289 2751 4361; x_wconf 86' lang='grc' dir='ltr'>ἐνεμόχθει</span> <span class='ocrx_word' id='word_1_646' title='bbox 2809 4292 2923 4354; x_wconf 79' lang='grc' dir='ltr'>τοῖς</span> <span class='ocrx_word' id='word_1_647' title='bbox 2968 4289 3160 4353; x_wconf 82' lang='grc' dir='ltr'>δεινοῖς</span> <span class='ocrx_word' id='word_1_648' title='bbox 3207 4291 3308 4362; x_wconf 78' lang='grc' dir='ltr'>τῆς</span> <span class='ocrx_word' id='word_1_649' title='bbox 3359 4292 3605 4364; x_wconf 86' lang='grc' dir='ltr'>ἐρήμου·</span> <span class='ocrx_word' id='word_1_650' title='bbox 3661 4291 3746 4347; x_wconf 77' lang='grc' dir='ltr'>καὶ</span> <span class='ocrx_word' id='word_1_651' title='bbox 3806 4344 3814 4353; x_wconf 70' lang='grc'><strong>,</strong></span> 
     </span>
    </p>
   </div>
   <div class='ocr_carea' id='block_1_91' title="bbox 2192 4379 3747 4453">
    <p class='ocr_par' dir='ltr' id='par_1_91' title="bbox 2192 4379 3747 4453">
     <span class='ocr_line' id='line_1_91' title="bbox 2192 4379 3747 4453; baseline 0.001 -20"><span class='ocrx_word' id='word_1_652' title='bbox 2192 4380 2379 4444; x_wconf 85' lang='grc' dir='ltr'>Ἠλίας</span> <span class='ocrx_word' id='word_1_653' title='bbox 2400 4379 2490 4434; x_wconf 78' lang='grc' dir='ltr'><strong>τὸν</strong></span> <span class='ocrx_word' id='word_1_654' title='bbox 2532 4379 2738 4453; x_wconf 80' lang='grc' dir='ltr'>ἐρημον</span> <span class='ocrx_word' id='word_1_655' title='bbox 2784 4381 2879 4452; x_wconf 81' lang='grc' dir='ltr'><strong>ἔζη</strong></span> <span class='ocrx_word' id='word_1_656' title='bbox 2932 4381 3046 4453; x_wconf 81' lang='grc' dir='ltr'>βίον</span> <span class='ocrx_word' id='word_1_657' title='bbox 3083 4381 3178 4434; x_wconf 74' lang='grc' dir='ltr'>καὶ</span> <span class='ocrx_word' id='word_1_658' title='bbox 3226 4380 3632 4453; x_wconf 71' lang='grc' dir='ltr'><strong>ἀθεράπευτον⁵</strong></span> <span class='ocrx_word' id='word_1_659' title='bbox 3661 4381 3747 4435; x_wconf 81' lang='grc' dir='ltr'>καὶ</span> 
     </span>
    </p>
   </div>
   <div class='ocr_carea' id='block_1_92' title="bbox 492 4469 2075 4573">
    <p class='ocr_par' dir='ltr' id='par_1_92' title="bbox 492 4472 2075 4544">
     <span class='ocr_line' id='line_1_92' title="bbox 492 4472 2075 4544; baseline 0.004 -17"><span class='ocrx_word' id='word_1_660' title='bbox 492 4472 766 4527; x_wconf 76' lang='lat' dir='ltr'><strong>laboravit</strong></span> <span class='ocrx_word' id='word_1_661' title='bbox 793 4474 848 4527; x_wconf 92' lang='lat' dir='ltr'><strong>in</strong></span> <span class='ocrx_word' id='word_1_662' title='bbox 878 4476 1087 4544; x_wconf 87' lang='lat' dir='ltr'><strong>asperis</strong></span> <span class='ocrx_word' id='word_1_663' title='bbox 1110 4475 1311 4531; x_wconf 86' lang='lat' dir='ltr'><strong>deserti</strong></span> <span class='ocrx_word' id='word_1_664' title='bbox 1352 4474 1793 4542; x_wconf 80' lang='lat' dir='ltr'><strong>difficultatibus,</strong></span> <span class='ocrx_word' id='word_1_665' title='bbox 1845 4487 1899 4534; x_wconf 92' lang='lat' dir='ltr'><strong>et</strong></span> <span class='ocrx_word' id='word_1_666' title='bbox 1934 4480 2075 4534; x_wconf 88' lang='lat' dir='ltr'><strong>Elias</strong></span> 
     </span>
    </p>
   </div>
   <div class='ocr_carea' id='block_1_93' title="bbox 2177 4469 3746 4573">
    <p class='ocr_par' dir='ltr' id='par_1_93' title="bbox 2181 4469 3746 4542">
     <span class='ocr_line' id='line_1_93' title="bbox 2181 4469 3746 4542; baseline 0 -18"><span class='ocrx_word' id='word_1_667' title='bbox 2181 4470 2383 4533; x_wconf 83' lang='grc' dir='ltr'>πάντες</span> <span class='ocrx_word' id='word_1_668' title='bbox 2429 4471 2704 4540; x_wconf 84' lang='grc' dir='ltr'>προφῆται</span> <span class='ocrx_word' id='word_1_669' title='bbox 2745 4469 2927 4541; x_wconf 87' lang='grc' dir='ltr'>διῆγον</span> <span class='ocrx_word' id='word_1_670' title='bbox 2976 4473 3036 4524; x_wconf 91' lang='grc' dir='ltr'><strong>ἐν</strong></span> <span class='ocrx_word' id='word_1_671' title='bbox 3088 4469 3364 4542; x_wconf 84' lang='grc' dir='ltr'>μηλωταῖς</span> <span class='ocrx_word' id='word_1_672' title='bbox 3383 4512 3400 4537; x_wconf 94' lang='grc'><strong>,</strong></span> <span class='ocrx_word' id='word_1_673' title='bbox 3434 4474 3494 4527; x_wconf 86' lang='grc' dir='ltr'><strong>ἐν</strong></span> <span class='ocrx_word' id='word_1_674' title='bbox 3532 4472 3746 4542; x_wconf 70' lang='grc' dir='ltr'>αἰγείοις</span> 
     </span>
    </p>
   </div>
   <div class='ocr_carea' id='block_1_94' title="bbox 492 4558 2075 4639">
    <p class='ocr_par' dir='ltr' id='par_1_94' title="bbox 492 4562 2075 4637">
     <span class='ocr_line' id='line_1_94' title="bbox 492 4562 2075 4637; baseline 0.006 -21"><span class='ocrx_word' id='word_1_675' title='bbox 492 4564 557 4617; x_wconf 84' lang='lat' dir='ltr'><strong>in</strong></span> <span class='ocrx_word' id='word_1_676' title='bbox 590 4562 883 4619; x_wconf 84' lang='lat' dir='ltr'><strong>solitudine</strong></span> <span class='ocrx_word' id='word_1_677' title='bbox 912 4565 1078 4619; x_wconf 80' lang='lat' dir='ltr'><strong>vitam</strong></span> <span class='ocrx_word' id='word_1_678' title='bbox 1128 4566 1241 4636; x_wconf 83' lang='lat' dir='ltr'><strong>egit</strong></span> <span class='ocrx_word' id='word_1_679' title='bbox 1292 4580 1542 4637; x_wconf 87' lang='lat' dir='ltr'><strong>asperam</strong></span> <span class='ocrx_word' id='word_1_680' title='bbox 1584 4577 1638 4624; x_wconf 90' lang='lat' dir='ltr'><strong>et</strong></span> <span class='ocrx_word' id='word_1_681' title='bbox 1670 4580 1979 4637; x_wconf 85' lang='lat' dir='ltr'><strong>austeram;</strong></span> <span class='ocrx_word' id='word_1_682' title='bbox 2024 4581 2075 4626; x_wconf 90' lang='lat' dir='ltr'><strong>et</strong></span> 
     </span>
    </p>
   </div>
   <div class='ocr_carea' id='block_1_95' title="bbox 2177 4558 3747 4639">
    <p class='ocr_par' dir='ltr' id='par_1_95' title="bbox 2180 4558 3747 4639">
     <span class='ocr_line' id='line_1_95' title="bbox 2180 4558 3747 4639; baseline 0.001 -24"><span class='ocrx_word' id='word_1_683' title='bbox 2180 4561 2462 4634; x_wconf 80' lang='grc' dir='ltr'>δέρμασιν,</span> <span class='ocrx_word' id='word_1_684' title='bbox 2483 4561 2811 4633; x_wconf 77' lang='grc' dir='ltr'>θλιὸόμενοι,</span> <span class='ocrx_word' id='word_1_685' title='bbox 2847 4558 3293 4635; x_wconf 81' lang='grc' dir='ltr'>κακουχούμενοι.</span> <span class='ocrx_word' id='word_1_686' title='bbox 3341 4562 3514 4639; x_wconf 75' lang='grc' dir='ltr'>Ὑπὲρ</span> <span class='ocrx_word' id='word_1_687' title='bbox 3543 4563 3747 4633; x_wconf 86' lang='grc' dir='ltr'>ἐκείνης</span> 
     </span>
    </p>
   </div>
   <div class='ocr_carea' id='block_1_96' title="bbox 499 4656 2076 4734">
    <p class='ocr_par' dir='ltr' id='par_1_96' title="bbox 499 4656 2076 4734">
     <span class='ocr_line' id='line_1_96' title="bbox 499 4656 2076 4734; baseline 0.006 -25"><span class='ocrx_word' id='word_1_688' title='bbox 499 4668 691 4709; x_wconf 86' lang='lat' dir='ltr'><strong>omnes</strong></span> <span class='ocrx_word' id='word_1_689' title='bbox 725 4656 1003 4726; x_wconf 76' lang='lat' dir='ltr'><strong>prOpheta:</strong></span> <span class='ocrx_word' id='word_1_690' title='bbox 1034 4657 1286 4712; x_wconf 84' lang='lat' dir='ltr'><strong>vixerunt</strong></span> <span class='ocrx_word' id='word_1_691' title='bbox 1321 4661 1374 4713; x_wconf 91' lang='lat' dir='ltr'><strong>in</strong></span> <span class='ocrx_word' id='word_1_692' title='bbox 1404 4662 1581 4715; x_wconf 81' lang='lat' dir='ltr'><strong>Ovinis</strong></span> <span class='ocrx_word' id='word_1_693' title='bbox 1604 4670 1660 4715; x_wconf 85' lang='lat' dir='ltr'><strong>et</strong></span> <span class='ocrx_word' id='word_1_694' title='bbox 1685 4662 1926 4732; x_wconf 86' lang='lat' dir='ltr'><strong>caprinis</strong></span> <span class='ocrx_word' id='word_1_695' title='bbox 1957 4663 2076 4734; x_wconf 79' lang='lat' dir='ltr'><strong>pel-</strong></span> 
     </span>
    </p>
   </div>
   <div class='ocr_carea' id='block_1_97' title="bbox 492 4745 2077 4824">
    <p class='ocr_par' dir='ltr' id='par_1_97' title="bbox 492 4745 2077 4824">
     <span class='ocr_line' id='line_1_97' title="bbox 492 4745 2077 4824; baseline 0.004 -23"><span class='ocrx_word' id='word_1_696' title='bbox 492 4746 664 4813; x_wconf 85' lang='lat' dir='ltr'><strong>libus,</strong></span> <span class='ocrx_word' id='word_1_697' title='bbox 704 4745 886 4802; x_wconf 82' lang='lat' dir='ltr'><strong>afflicti</strong></span> <span class='ocrx_word' id='word_1_698' title='bbox 914 4750 978 4803; x_wconf 85' lang='lat' dir='ltr'><strong>et&#39;</strong></span> <span class='ocrx_word' id='word_1_699' title='bbox 1004 4748 1204 4803; x_wconf 79' lang='lat' dir='ltr'><strong>vexati.</strong></span> <span class='ocrx_word' id='word_1_700' title='bbox 1238 4748 1344 4803; x_wconf 77' lang='lat' dir='ltr'><strong>Pro</strong></span> <span class='ocrx_word' id='word_1_701' title='bbox 1398 4751 1491 4805; x_wconf 90' lang='lat' dir='ltr'><strong>illo</strong></span> <span class='ocrx_word' id='word_1_702' title='bbox 1540 4752 1891 4822; x_wconf 61' lang='lat' dir='ltr'><strong>evangelista:</strong></span> <span class='ocrx_word' id='word_1_703' title='bbox 1930 4753 2077 4824; x_wconf 85' lang='lat' dir='ltr'><strong>passi</strong></span> 
     </span>
    </p>
   </div>
   <div class='ocr_carea' id='block_1_98' title="bbox 499 4839 2075 4916">
    <p class='ocr_par' dir='ltr' id='par_1_98' title="bbox 499 4839 2075 4916">
     <span class='ocr_line' id='line_1_98' title="bbox 499 4839 2075 4916; baseline 0.003 -21"><span class='ocrx_word' id='word_1_704' title='bbox 499 4849 630 4895; x_wconf 91' lang='lat' dir='ltr'><strong>sunt</strong></span> <span class='ocrx_word' id='word_1_705' title='bbox 665 4839 922 4911; x_wconf 81' lang='lat' dir='ltr'><strong>stigmata</strong></span> <span class='ocrx_word' id='word_1_706' title='bbox 961 4854 1062 4910; x_wconf 91' lang='lat' dir='ltr'><strong>pro</strong></span> <span class='ocrx_word' id='word_1_707' title='bbox 1092 4839 1405 4913; x_wconf 77' lang='lat' dir='ltr'><strong>Evangelia,</strong></span> <span class='ocrx_word' id='word_1_708' title='bbox 1432 4850 1486 4898; x_wconf 85' lang='lat' dir='ltr'><strong>et</strong></span> <span class='ocrx_word' id='word_1_709' title='bbox 1529 4854 1797 4916; x_wconf 88' lang='lat' dir='ltr'><strong>martyres</strong></span> <span class='ocrx_word' id='word_1_710' title='bbox 1822 4846 2075 4901; x_wconf 82' lang='lat' dir='ltr'><strong>decerta-</strong></span> 
     </span>
    </p>
   </div>
   <div class='ocr_carea' id='block_1_99' title="bbox 500 4930 2077 5007">
    <p class='ocr_par' dir='ltr' id='par_1_99' title="bbox 500 4930 2077 5007">
     <span class='ocr_line' id='line_1_99' title="bbox 500 4930 2077 5007; baseline 0.004 -22"><span class='ocrx_word' id='word_1_711' title='bbox 500 4939 627 4985; x_wconf 89' lang='lat' dir='ltr'><strong>runt</strong></span> <span class='ocrx_word' id='word_1_712' title='bbox 658 4930 920 4986; x_wconf 89' lang='lat' dir='ltr'><strong>adversus</strong></span> <span class='ocrx_word' id='word_1_713' title='bbox 953 4938 1227 4986; x_wconf 82' lang='lat' dir='ltr'><strong>tormenta</strong></span> <span class='ocrx_word' id='word_1_714' title='bbox 1254 4940 1642 5004; x_wconf 80' lang='lat' dir='ltr'><strong>tyrannorum.</strong></span> <span class='ocrx_word' id='word_1_715' title='bbox 1668 4934 1732 4989; x_wconf 88' lang='lat' dir='ltr'><strong>Et</strong></span> <span class='ocrx_word' id='word_1_716' title='bbox 1760 4936 2077 5007; x_wconf 89' lang='lat' dir='ltr'><strong>quicunque</strong></span> 
     </span>
    </p>
   </div>
   <div class='ocr_carea' id='block_1_100' title="bbox 497 5023 2080 5097">
    <p class='ocr_par' dir='ltr' id='par_1_100' title="bbox 497 5023 2080 5097">
     <span class='ocr_line' id='line_1_100' title="bbox 497 5023 2080 5097; baseline 0.002 -18"><span class='ocrx_word' id='word_1_717' title='bbox 497 5034 582 5080; x_wconf 89' lang='lat' dir='ltr'><strong>est</strong></span> <span class='ocrx_word' id='word_1_718' title='bbox 604 5036 729 5079; x_wconf 84' lang='lat' dir='ltr'><strong>vere</strong></span> <span class='ocrx_word' id='word_1_719' title='bbox 758 5025 973 5079; x_wconf 87' lang='lat' dir='ltr'><strong>ratione</strong></span> <span class='ocrx_word' id='word_1_720' title='bbox 998 5023 1285 5094; x_wconf 82' lang='lat' dir='ltr'><strong>praeditus,</strong></span> <span class='ocrx_word' id='word_1_721' title='bbox 1320 5032 1374 5080; x_wconf 91' lang='lat' dir='ltr'><strong>et</strong></span> <span class='ocrx_word' id='word_1_722' title='bbox 1400 5023 1498 5081; x_wconf 87' lang='lat' dir='ltr'><strong>Dei</strong></span> <span class='ocrx_word' id='word_1_723' title='bbox 1535 5027 1738 5097; x_wconf 88' lang='lat' dir='ltr'><strong>imago,</strong></span> <span class='ocrx_word' id='word_1_724' title='bbox 1773 5033 1829 5081; x_wconf 88' lang='lat' dir='ltr'><strong>et</strong></span> <span class='ocrx_word' id='word_1_725' title='bbox 1869 5025 2080 5082; x_wconf 86' lang='lat' dir='ltr'><strong>habens</strong></span> 
     </span>
    </p>
   </div>
   <div class='ocr_carea' id='block_1_101' title="bbox 499 5116 2078 5188">
    <p class='ocr_par' dir='ltr' id='par_1_101' title="bbox 499 5116 2078 5188">
     <span class='ocr_line' id='line_1_101' title="bbox 499 5116 2078 5188; baseline 0.002 -20"><span class='ocrx_word' id='word_1_726' title='bbox 499 5116 879 5186; x_wconf 82' lang='lat' dir='ltr'><strong>cognationem</strong></span> <span class='ocrx_word' id='word_1_727' title='bbox 920 5128 1044 5170; x_wconf 88' lang='lat' dir='ltr'><strong>cmn</strong></span> <span class='ocrx_word' id='word_1_728' title='bbox 1086 5116 1154 5172; x_wconf 91' lang='lat' dir='ltr'><strong>iis</strong></span> <span class='ocrx_word' id='word_1_729' title='bbox 1184 5132 1305 5188; x_wconf 80' lang='lat' dir='ltr'><strong>quae</strong></span> <span class='ocrx_word' id='word_1_730' title='bbox 1340 5128 1468 5173; x_wconf 84' lang='lat' dir='ltr'><strong>sunt</strong></span> <span class='ocrx_word' id='word_1_731' title='bbox 1490 5120 1708 5175; x_wconf 81' lang='lat' dir='ltr'><strong>excelsa</strong></span> <span class='ocrx_word' id='word_1_732' title='bbox 1736 5126 1792 5174; x_wconf 89' lang='lat' dir='ltr'><strong>et</strong></span> <span class='ocrx_word' id='word_1_733' title='bbox 1812 5119 2078 5181; x_wconf 64' lang='lat' dir='ltr'><strong>caelestia,</strong></span> 
     </span>
    </p>
   </div>
   <div class='ocr_carea' id='block_1_102' title="bbox 500 5206 2078 5278">
    <p class='ocr_par' dir='ltr' id='par_1_102' title="bbox 500 5206 2078 5278">
     <span class='ocr_line' id='line_1_102' title="bbox 500 5206 2078 5278; baseline 0.006 -23"><span class='ocrx_word' id='word_1_734' title='bbox 500 5218 568 5256; x_wconf 87' lang='lat' dir='ltr'><strong>ne</strong></span> <span class='ocrx_word' id='word_1_735' title='bbox 595 5206 708 5256; x_wconf 80' lang='lat' dir='ltr'><strong>vult</strong></span> <span class='ocrx_word' id='word_1_736' title='bbox 746 5206 965 5275; x_wconf 86' lang='lat' dir='ltr'><strong>quidem</strong></span> <span class='ocrx_word' id='word_1_737' title='bbox 1020 5220 1163 5268; x_wconf 84' lang='lat' dir='ltr'><strong>esse,</strong></span> <span class='ocrx_word' id='word_1_738' title='bbox 1214 5223 1395 5278; x_wconf 86' lang='lat' dir='ltr'><strong>neque</strong></span> <span class='ocrx_word' id='word_1_739' title='bbox 1426 5211 1590 5264; x_wconf 86' lang='lat' dir='ltr'><strong>simul</strong></span> <span class='ocrx_word' id='word_1_740' title='bbox 1648 5210 1909 5266; x_wconf 88' lang='lat' dir='ltr'><strong>suscitari</strong></span> <span class='ocrx_word' id='word_1_741' title='bbox 1951 5225 2078 5265; x_wconf 91' lang='lat' dir='ltr'><strong>cum</strong></span> 
     </span>
    </p>
   </div>
   <div class='ocr_carea' id='block_1_103' title="bbox 501 5291 2083 5366">
    <p class='ocr_par' dir='ltr' id='par_1_103' title="bbox 501 5291 2083 5366">
     <span class='ocr_line' id='line_1_103' title="bbox 501 5291 2083 5366; baseline 0.009 -23"><span class='ocrx_word' id='word_1_742' title='bbox 501 5291 832 5360; x_wconf 87' lang='lat' dir='ltr'><strong>hominibus,</strong></span> <span class='ocrx_word' id='word_1_743' title='bbox 871 5298 963 5366; x_wconf 88' lang='lat' dir='ltr'><strong>qui</strong></span> <span class='ocrx_word' id='word_1_744' title='bbox 1006 5298 1362 5360; x_wconf 87' lang='lat' dir='ltr'><strong>reviviscunt.</strong></span> <span class='ocrx_word' id='word_1_745' title='bbox 1389 5302 1498 5358; x_wconf 88' lang='lat' dir='ltr'><strong>nisi</strong></span> <span class='ocrx_word' id='word_1_746' title='bbox 1540 5302 1611 5357; x_wconf 89' lang='lat' dir='ltr'><strong>sit</strong></span> <span class='ocrx_word' id='word_1_747' title='bbox 1652 5317 1682 5356; x_wconf 90' lang='lat' dir='ltr'><strong>a</strong></span> <span class='ocrx_word' id='word_1_748' title='bbox 1714 5302 1824 5357; x_wconf 91' lang='lat' dir='ltr'><strong>Deo</strong></span> <span class='ocrx_word' id='word_1_749' title='bbox 1860 5303 2083 5357; x_wconf 85' lang='lat' dir='ltr'><strong>laudan-</strong></span> 
     </span>
    </p>
   </div>
   <div class='ocr_carea' id='block_1_104' title="bbox 2180 4649 3748 4726">
    <p class='ocr_par' dir='ltr' id='par_1_104' title="bbox 2180 4649 3748 4726">
     <span class='ocr_line' id='line_1_104' title="bbox 2180 4649 3748 4726; baseline 0 -20"><span class='ocrx_word' id='word_1_750' title='bbox 2180 4650 2565 4721; x_wconf 73' lang='grc' dir='ltr'>εὐαγγελισταὶ</span> <span class='ocrx_word' id='word_1_751' title='bbox 2598 4649 2671 4705; x_wconf 85' lang='grc' dir='ltr'><strong>τά</strong></span> <span class='ocrx_word' id='word_1_752' title='bbox 2708 4649 2847 4721; x_wconf 80' lang='grc' dir='ltr'>ὑπὲρ</span> <span class='ocrx_word' id='word_1_753' title='bbox 2879 4649 2972 4705; x_wconf 91' lang='grc' dir='ltr'><strong>τοῦ</strong></span> <span class='ocrx_word' id='word_1_754' title='bbox 3006 4652 3336 4722; x_wconf 80' lang='grc' dir='ltr'>Εὑαγγελίου</span> <span class='ocrx_word' id='word_1_755' title='bbox 3383 4654 3619 4726; x_wconf 80' lang='grc' dir='ltr'>ἔπασχον</span> <span class='ocrx_word' id='word_1_756' title='bbox 3643 4649 3748 4706; x_wconf 81' lang='grc' dir='ltr'>στίο</span> 
     </span>
    </p>
   </div>
   <div class='ocr_carea' id='block_1_105' title="bbox 2178 4742 3747 4818">
    <p class='ocr_par' dir='ltr' id='par_1_105' title="bbox 2178 4742 3747 4818">
     <span class='ocr_line' id='line_1_105' title="bbox 2178 4742 3747 4818; baseline 0 -22"><span class='ocrx_word' id='word_1_757' title='bbox 2178 4760 2395 4816; x_wconf 90' lang='grc' dir='ltr'>γματα,</span> <span class='ocrx_word' id='word_1_758' title='bbox 2432 4743 2529 4799; x_wconf 75' lang='grc' dir='ltr'>καὶ</span> <span class='ocrx_word' id='word_1_759' title='bbox 2574 4742 2851 4816; x_wconf 86' lang='grc' dir='ltr'>μάρτυρες</span> <span class='ocrx_word' id='word_1_760' title='bbox 2890 4743 3011 4808; x_wconf 82' lang='grc' dir='ltr'>ταῖς</span> <span class='ocrx_word' id='word_1_761' title='bbox 3037 4743 3290 4799; x_wconf 84' lang='grc' dir='ltr'>κολάσεσι</span> <span class='ocrx_word' id='word_1_762' title='bbox 3321 4749 3443 4812; x_wconf 84' lang='grc' dir='ltr'>ταῖς</span> <span class='ocrx_word' id='word_1_763' title='bbox 3472 4744 3622 4818; x_wconf 85' lang='grc' dir='ltr'><strong>παρά</strong></span> <span class='ocrx_word' id='word_1_764' title='bbox 3645 4744 3747 4798; x_wconf 84' lang='grc' dir='ltr'><strong>τῶν</strong></span> 
     </span>
    </p>
   </div>
   <div class='ocr_carea' id='block_1_106' title="bbox 2177 4835 3746 4911">
    <p class='ocr_par' dir='ltr' id='par_1_106' title="bbox 2177 4835 3746 4911">
     <span class='ocr_line' id='line_1_106' title="bbox 2177 4835 3746 4911; baseline -0.001 -21"><span class='ocrx_word' id='word_1_765' title='bbox 2177 4837 2459 4907; x_wconf 86' lang='grc' dir='ltr'>τυράννων</span> <span class='ocrx_word' id='word_1_766' title='bbox 2506 4835 2923 4907; x_wconf 83' lang='grc' dir='ltr'>ἐνηγωνίσαντο,</span> <span class='ocrx_word' id='word_1_767' title='bbox 2947 4835 3040 4888; x_wconf 71' lang='grc' dir='ltr'>καὶ</span> <span class='ocrx_word' id='word_1_768' title='bbox 3081 4837 3210 4903; x_wconf 78' lang='grc' dir='ltr'>πᾶς,</span> <span class='ocrx_word' id='word_1_769' title='bbox 3238 4836 3395 4902; x_wconf 82' lang='grc' dir='ltr'>εἴτις</span> <span class='ocrx_word' id='word_1_770' title='bbox 3422 4838 3634 4911; x_wconf 78' lang='grc' dir='ltr'>ἀληθῶς</span> <span class='ocrx_word' id='word_1_771' title='bbox 3661 4836 3746 4890; x_wconf 87' lang='grc' dir='ltr'>λο-</span> 
     </span>
    </p>
   </div>
   <div class='ocr_carea' id='block_1_107' title="bbox 2178 4923 3745 5001">
    <p class='ocr_par' dir='ltr' id='par_1_107' title="bbox 2178 4923 3745 5001">
     <span class='ocr_line' id='line_1_107' title="bbox 2178 4923 3745 5001; baseline 0.003 -23"><span class='ocrx_word' id='word_1_772' title='bbox 2178 4926 2333 4996; x_wconf 82' lang='grc' dir='ltr'>γικὸς</span> <span class='ocrx_word' id='word_1_773' title='bbox 2361 4925 2456 4978; x_wconf 74' lang='grc' dir='ltr'><strong>καὶ</strong></span> <span class='ocrx_word' id='word_1_774' title='bbox 2475 4924 2640 4979; x_wconf 87' lang='grc' dir='ltr'>είκὼν</span> <span class='ocrx_word' id='word_1_775' title='bbox 2668 4923 2765 4977; x_wconf 90' lang='grc' dir='ltr'><strong>τοῦ</strong></span> <span class='ocrx_word' id='word_1_776' title='bbox 2785 4923 2921 4977; x_wconf 84' lang='grc' dir='ltr'>Θεοῦ</span> <span class='ocrx_word' id='word_1_777' title='bbox 2940 4966 2956 4991; x_wconf 95' lang='grc'><strong>,</strong></span> <span class='ocrx_word' id='word_1_778' title='bbox 2986 4926 3081 4979; x_wconf 73' lang='grc' dir='ltr'><strong>καὶ</strong></span> <span class='ocrx_word' id='word_1_779' title='bbox 3107 4927 3430 4996; x_wconf 85' lang='grc' dir='ltr'>συγγένειαν</span> <span class='ocrx_word' id='word_1_780' title='bbox 3456 4928 3592 5001; x_wconf 79' lang='grc' dir='ltr'>ἔχων</span> <span class='ocrx_word' id='word_1_781' title='bbox 3619 4926 3745 4999; x_wconf 76' lang='grc' dir='ltr'>πρὸς</span> 
     </span>
    </p>
   </div>
   <div class='ocr_carea' id='block_1_108' title="bbox 2176 5011 3743 5088">
    <p class='ocr_par' dir='ltr' id='par_1_108' title="bbox 2176 5011 3743 5088">
     <span class='ocr_line' id='line_1_108' title="bbox 2176 5011 3743 5088; baseline 0.002 -17"><span class='ocrx_word' id='word_1_782' title='bbox 2176 5017 2245 5071; x_wconf 81' lang='grc' dir='ltr'>τὰ</span> <span class='ocrx_word' id='word_1_783' title='bbox 2275 5015 2455 5087; x_wconf 73' lang='grc' dir='ltr'>ὑψηλά</span> <span class='ocrx_word' id='word_1_784' title='bbox 2482 5015 2575 5068; x_wconf 75' lang='grc' dir='ltr'>καὶ</span> <span class='ocrx_word' id='word_1_785' title='bbox 2601 5014 2860 5088; x_wconf 82' lang='grc' dir='ltr'>οὐράνια,</span> <span class='ocrx_word' id='word_1_786' title='bbox 2887 5015 3011 5069; x_wconf 80' lang='grc' dir='ltr'>οὐδὲ</span> <span class='ocrx_word' id='word_1_787' title='bbox 3035 5011 3173 5070; x_wconf 80' lang='grc' dir='ltr'>εἶναι</span> <span class='ocrx_word' id='word_1_788' title='bbox 3208 5016 3453 5087; x_wconf 81' lang='grc' dir='ltr'>βούλεται</span> <span class='ocrx_word' id='word_1_789' title='bbox 3481 5016 3599 5073; x_wconf 77' lang='grc' dir='ltr'>οὐδὲ</span> <span class='ocrx_word' id='word_1_790' title='bbox 3625 5035 3743 5073; x_wconf 81' lang='grc' dir='ltr'>συν·</span> 
     </span>
    </p>
   </div>
   <div class='ocr_carea' id='block_1_109' title="bbox 2178 5106 3744 5182">
    <p class='ocr_par' dir='ltr' id='par_1_109' title="bbox 2178 5106 3744 5182">
     <span class='ocr_line' id='line_1_109' title="bbox 2178 5106 3744 5182; baseline 0.003 -21"><span class='ocrx_word' id='word_1_791' title='bbox 2178 5107 2468 5179; x_wconf 82' lang='grc' dir='ltr'>εγερθῆναι</span> <span class='ocrx_word' id='word_1_792' title='bbox 2516 5109 2628 5170; x_wconf 86' lang='grc' dir='ltr'>τοῖς</span> <span class='ocrx_word' id='word_1_793' title='bbox 2672 5106 3126 5178; x_wconf 77' lang='grc' dir='ltr'>ἀναϐιωσομένοις</span> <span class='ocrx_word' id='word_1_794' title='bbox 3179 5108 3519 5182; x_wconf 78' lang='grc' dir='ltr'>ἀνθρὼποις’</span> <span class='ocrx_word' id='word_1_795' title='bbox 3580 5110 3629 5164; x_wconf 80' lang='grc' dir='ltr'><strong>εί</strong></span> <span class='ocrx_word' id='word_1_796' title='bbox 3675 5108 3744 5180; x_wconf 80' lang='grc' dir='ltr'>μὴ</span> 
     </span>
    </p>
   </div>
   <div class='ocr_carea' id='block_1_110' title="bbox 2182 5196 3745 5272">
    <p class='ocr_par' dir='ltr' id='par_1_110' title="bbox 2182 5196 3745 5272">
     <span class='ocr_line' id='line_1_110' title="bbox 2182 5196 3745 5272; baseline -0.001 -18"><span class='ocrx_word' id='word_1_797' title='bbox 2182 5200 2360 5272; x_wconf 84' lang='grc' dir='ltr'>μέλλοι</span> <span class='ocrx_word' id='word_1_798' title='bbox 2407 5198 2747 5252; x_wconf 86' lang='grc' dir='ltr'>ἐπαινεῖσθαι</span> <span class='ocrx_word' id='word_1_799' title='bbox 2781 5197 2932 5269; x_wconf 83' lang='grc' dir='ltr'>παρὰ</span> <span class='ocrx_word' id='word_1_800' title='bbox 2968 5196 3061 5251; x_wconf 85' lang='grc' dir='ltr'><strong>τοῦ</strong></span> <span class='ocrx_word' id='word_1_801' title='bbox 3093 5199 3225 5253; x_wconf 84' lang='grc' dir='ltr'>Θεοῦ</span> <span class='ocrx_word' id='word_1_802' title='bbox 3270 5202 3347 5266; x_wconf 84' lang='grc' dir='ltr'>ὡς</span> <span class='ocrx_word' id='word_1_803' title='bbox 3386 5201 3587 5272; x_wconf 81' lang='grc' dir='ltr'>ἀγαθὸς</span> <span class='ocrx_word' id='word_1_804' title='bbox 3633 5198 3745 5254; x_wconf 88' lang='grc' dir='ltr'>δοῦ-</span> 
     </span>
    </p>
   </div>
   <div class='ocr_carea' id='block_1_111' title="bbox 2177 5288 3741 5364">
    <p class='ocr_par' dir='ltr' id='par_1_111' title="bbox 2177 5288 3741 5364">
     <span class='ocr_line' id='line_1_111' title="bbox 2177 5288 3741 5364; baseline 0.002 -18"><span class='ocrx_word' id='word_1_805' title='bbox 2177 5294 2288 5357; x_wconf 86' lang='grc' dir='ltr'>λος,</span> <span class='ocrx_word' id='word_1_806' title='bbox 2334 5291 2427 5345; x_wconf 89' lang='grc' dir='ltr'><strong>καί</strong></span> <span class='ocrx_word' id='word_1_807' title='bbox 2472 5307 2633 5344; x_wconf 87' lang='grc' dir='ltr'>τινων</span> <span class='ocrx_word' id='word_1_808' title='bbox 2682 5288 2961 5355; x_wconf 80' lang='grc' dir='ltr'>ἀξιοῦσθαι</span> <span class='ocrx_word' id='word_1_809' title='bbox 3010 5290 3209 5360; x_wconf 77' lang='grc' dir='ltr'>γερῶν.</span> <span class='ocrx_word' id='word_1_810' title='bbox 3279 5292 3402 5346; x_wconf 74' lang='grc' dir='ltr'><strong>Ἐπὶ</strong></span> <span class='ocrx_word' id='word_1_811' title='bbox 3459 5292 3630 5364; x_wconf 82' lang='grc' dir='ltr'>ταύτῃ</span> <span class='ocrx_word' id='word_1_812' title='bbox 3680 5290 3741 5360; x_wconf 76' lang='grc' dir='ltr'>τῇ</span> 
     </span>
    </p>
   </div>
   <div class='ocr_carea' id='block_1_112' title="bbox 503 5379 2075 5463">
    <p class='ocr_par' dir='ltr' id='par_1_112' title="bbox 503 5379 2075 5463">
     <span class='ocr_line' id='line_1_112' title="bbox 503 5379 2075 5463; baseline 0.01 -31"><span class='ocrx_word' id='word_1_813' title='bbox 503 5379 605 5435; x_wconf 90' lang='lat' dir='ltr'><strong>dus</strong></span> <span class='ocrx_word' id='word_1_814' title='bbox 637 5393 695 5436; x_wconf 86' lang='lat' dir='ltr'><strong>ut</strong></span> <span class='ocrx_word' id='word_1_815' title='bbox 728 5384 903 5441; x_wconf 85' lang='lat' dir='ltr'><strong>bonus</strong></span> <span class='ocrx_word' id='word_1_816' title='bbox 933 5403 1147 5456; x_wconf 85' lang='lat' dir='ltr'><strong>servus,</strong></span> <span class='ocrx_word' id='word_1_817' title='bbox 1203 5390 1481 5460; x_wconf 77' lang='lat' dir='ltr'><strong>aliquibus</strong></span> <span class='ocrx_word' id='word_1_818' title='bbox 1531 5393 1731 5463; x_wconf 85' lang='lat' dir='ltr'><strong>dignus</strong></span> <span class='ocrx_word' id='word_1_819' title='bbox 1764 5394 2075 5449; x_wconf 87' lang='lat' dir='ltr'><strong>censendus</strong></span> 
     </span>
    </p>
   </div>
   <div class='ocr_carea' id='block_1_113' title="bbox 2177 5379 3741 5463">
    <p class='ocr_par' dir='ltr' id='par_1_113' title="bbox 2182 5379 3741 5456">
     <span class='ocr_line' id='line_1_113' title="bbox 2182 5379 3741 5456; baseline -0.004 -18"><span class='ocrx_word' id='word_1_820' title='bbox 2182 5383 2496 5456; x_wconf 81' lang='grc' dir='ltr'>προαιρέσει</span> <span class='ocrx_word' id='word_1_821' title='bbox 2526 5382 2622 5435; x_wconf 73' lang='grc' dir='ltr'>καὶ</span> <span class='ocrx_word' id='word_1_822' title='bbox 2654 5383 2682 5433; x_wconf 83' lang='grc' dir='ltr'>ὁ</span> <span class='ocrx_word' id='word_1_823' title='bbox 2708 5379 2872 5432; x_wconf 75' lang='grc' dir='ltr'>Δαϐὶδ</span> <span class='ocrx_word' id='word_1_824' title='bbox 2895 5379 2993 5449; x_wconf 83' lang='grc' dir='ltr'><strong>τῆς</strong></span> <span class='ocrx_word' id='word_1_825' title='bbox 3019 5379 3219 5450; x_wconf 75' lang='grc' dir='ltr'>ἐλάφου</span> <span class='ocrx_word' id='word_1_826' title='bbox 3245 5383 3344 5456; x_wconf 73' lang='grc' dir='ltr'>τὴν</span> <span class='ocrx_word' id='word_1_827' title='bbox 3375 5382 3531 5452; x_wconf 79' lang='grc' dir='ltr'>δίψαν</span> <span class='ocrx_word' id='word_1_828' title='bbox 3556 5382 3741 5436; x_wconf 72' lang='grc' dir='ltr'>οἰκεῖον</span> 
     </span>
    </p>
   </div>
   <div class='ocr_carea' id='block_1_114' title="bbox 502 5467 2075 5555">
    <p class='ocr_par' dir='ltr' id='par_1_114' title="bbox 502 5467 2075 5555">
     <span class='ocr_line' id='line_1_114' title="bbox 502 5467 2075 5555; baseline 0.013 -35"><span class='ocrx_word' id='word_1_829' title='bbox 502 5467 822 5530; x_wconf 86' lang='lat' dir='ltr'><strong>honoribus.</strong></span> <span class='ocrx_word' id='word_1_830' title='bbox 865 5475 1094 5547; x_wconf 88' lang='lat' dir='ltr'><strong>Propter</strong></span> <span class='ocrx_word' id='word_1_831' title='bbox 1146 5481 1249 5535; x_wconf 89' lang='lat' dir='ltr'><strong>hoc</strong></span> <span class='ocrx_word' id='word_1_832' title='bbox 1306 5481 1615 5537; x_wconf 86' lang='lat' dir='ltr'><strong>institutum</strong></span> <span class='ocrx_word' id='word_1_833' title='bbox 1647 5482 1817 5553; x_wconf 82' lang='lat' dir='ltr'><strong>David</strong></span> <span class='ocrx_word' id='word_1_834' title='bbox 1858 5500 2075 5555; x_wconf 87' lang='lat' dir='ltr'><strong>quoque</strong></span> 
     </span>
    </p>
   </div>
   <div class='ocr_carea' id='block_1_115' title="bbox 2177 5467 3740 5555">
    <p class='ocr_par' dir='ltr' id='par_1_115' title="bbox 2183 5471 3740 5546">
     <span class='ocr_line' id='line_1_115' title="bbox 2183 5471 3740 5546; baseline -0.003 -16"><span class='ocrx_word' id='word_1_835' title='bbox 2183 5477 2485 5546; x_wconf 80' lang='grc' dir='ltr'>ὑπόδειγμα</span> <span class='ocrx_word' id='word_1_836' title='bbox 2508 5475 2740 5527; x_wconf 85' lang='grc' dir='ltr'>ποιεῖται</span> <span class='ocrx_word' id='word_1_837' title='bbox 2761 5471 2858 5542; x_wconf 83' lang='grc' dir='ltr'>τῆς</span> <span class='ocrx_word' id='word_1_838' title='bbox 2885 5471 3080 5526; x_wconf 75' lang='grc' dir='ltr'>ἑαυτοῦ</span> <span class='ocrx_word' id='word_1_839' title='bbox 3109 5474 3248 5544; x_wconf 78' lang='grc' dir='ltr'>πρὸς</span> <span class='ocrx_word' id='word_1_840' title='bbox 3272 5476 3404 5530; x_wconf 84' lang='grc' dir='ltr'>Θεὸν</span> <span class='ocrx_word' id='word_1_841' title='bbox 3425 5473 3710 5545; x_wconf 85' lang='grc' dir='ltr'>ἐπιθυμίας</span> <span class='ocrx_word' id='word_1_842' title='bbox 3726 5487 3740 5502; x_wconf 87' lang='grc'><strong>·</strong></span> 
     </span>
    </p>
   </div>
   <div class='ocr_carea' id='block_1_116' title="bbox 505 5561 2075 5645">
    <p class='ocr_par' dir='ltr' id='par_1_116' title="bbox 505 5561 2071 5645">
     <span class='ocr_line' id='line_1_116' title="bbox 505 5561 2071 5645; baseline 0.012 -36"><span class='ocrx_word' id='word_1_843' title='bbox 505 5561 647 5613; x_wconf 76' lang='lat' dir='ltr'><strong>corvi</strong></span> <span class='ocrx_word' id='word_1_844' title='bbox 666 5564 811 5617; x_wconf 87' lang='lat' dir='ltr'><strong>sitim</strong></span> <span class='ocrx_word' id='word_1_845' title='bbox 835 5567 1033 5636; x_wconf 89' lang='lat' dir='ltr'><strong>accipit</strong></span> <span class='ocrx_word' id='word_1_846' title='bbox 1057 5570 1122 5636; x_wconf 76' lang='lat'><strong>“,</strong></span> <span class='ocrx_word' id='word_1_847' title='bbox 1148 5578 1206 5625; x_wconf 92' lang='lat' dir='ltr'><strong>ut</strong></span> <span class='ocrx_word' id='word_1_848' title='bbox 1235 5573 1507 5641; x_wconf 80' lang='lat' dir='ltr'><strong>ostendat,</strong></span> <span class='ocrx_word' id='word_1_849' title='bbox 1530 5582 1795 5645; x_wconf 88' lang='lat' dir='ltr'><strong>quantum</strong></span> <span class='ocrx_word' id='word_1_850' title='bbox 1822 5575 1895 5630; x_wconf 89' lang='lat' dir='ltr'><strong>sit</strong></span> <span class='ocrx_word' id='word_1_851' title='bbox 1913 5590 2071 5631; x_wconf 87' lang='lat' dir='ltr'><strong>suum</strong></span> 
     </span>
    </p>
   </div>
   <div class='ocr_carea' id='block_1_117' title="bbox 2177 5561 3743 5645">
    <p class='ocr_par' dir='ltr' id='par_1_117' title="bbox 2183 5562 3743 5645">
     <span class='ocr_line' id='line_1_117' title="bbox 2183 5562 3743 5645; baseline -0.006 -20"><span class='ocrx_word' id='word_1_852' title='bbox 2183 5571 2277 5625; x_wconf 85' lang='grc' dir='ltr'><strong>καί</strong></span> <span class='ocrx_word' id='word_1_853' title='bbox 2312 5569 2436 5623; x_wconf 70' lang='grc' dir='ltr'>ἰδεῖν</span> <span class='ocrx_word' id='word_1_854' title='bbox 2486 5564 2702 5634; x_wconf 78' lang='grc' dir='ltr'>εὔχεται</span> <span class='ocrx_word' id='word_1_855' title='bbox 2742 5563 2803 5617; x_wconf 77' lang='grc' dir='ltr'>τὸ</span> <span class='ocrx_word' id='word_1_856' title='bbox 2843 5562 3135 5643; x_wconf 82' lang='grc' dir='ltr'>πρόσωπον</span> <span class='ocrx_word' id='word_1_857' title='bbox 3187 5566 3284 5620; x_wconf 88' lang='grc' dir='ltr'><strong>τοῦ</strong></span> <span class='ocrx_word' id='word_1_858' title='bbox 3309 5566 3464 5645; x_wconf 71' lang='grc' dir='ltr'>Θεοῦ,</span> <span class='ocrx_word' id='word_1_859' title='bbox 3502 5566 3587 5621; x_wconf 81' lang='grc' dir='ltr'><strong>ῖνα</strong></span> <span class='ocrx_word' id='word_1_860' title='bbox 3630 5562 3743 5625; x_wconf 83' lang='grc' dir='ltr'>ταῖς</span> 
     </span>
    </p>
   </div>
   <div class='ocr_carea' id='block_1_118' title="bbox 578 5733 1052 5795">
    <p class='ocr_par' dir='ltr' id='par_1_118' title="bbox 578 5733 1052 5795">
     <span class='ocr_line' id='line_1_118' title="bbox 578 5733 1052 5795; baseline 0.004 -9"><span class='ocrx_word' id='word_1_861' title='bbox 578 5733 622 5764; x_wconf 63' lang='grc'><strong>⁵⁸</strong></span> <span class='ocrx_word' id='word_1_862' title='bbox 671 5733 813 5789; x_wconf 83' lang='lat' dir='ltr'><strong>l’sal.</strong></span> <span class='ocrx_word' id='word_1_863' title='bbox 863 5738 1052 5795; x_wconf 50' lang='lat' dir='ltr'><strong>n.1,?“</strong></span> 
     </span>
    </p>
   </div>
  </div>
