4026 6486
461 327 575 386 429

1869 310 1956 365 DF.
1992 310 2353 368 BAPTlSMO.

3634 318 3738 372 «ίΞο

462 443 689 512 νοηταῖς
718 436 1055 509 ἐνευφρανθῇ
1087 433 1382 502 δεξιώσεσι.
1428 431 1538 485 Καὶ
1582 428 1792 493 Παῦλος
1832 427 2050 498 εὔχεται

2160 426 2212 480 in
2248 425 2418 480 Deum
2449 424 2820 491 desiderium;
2861 437 2913 480 et
2956 436 3104 497 optat
3143 427 3324 485 videre
3368 426 3460 484 Dei
3502 429 3736 490 vultum,

467 532 843 603 ἐκδυσάμενος
871 530 972 601 τὴν
1022 532 1202 599 σάρκα
1245 525 1322 590 ὡς
1362 522 1458 578 καὶ
1489 522 1625 594 βαρὺ
1672 522 1764 574 καὶ
1794 519 2050 591 φορτικὸν

466 625 720 697 ἱμάτιον,
753 622 1020 678 ἀναλῦσαι
1067 620 1164 675 καὶ
1189 619 1287 673 σὺν
1339 614 1562 688 Χριστῴ
1609 610 1778 668 εἶναι’
1832 613 2051 677 πάντως

466 716 772 786 ἀμφότεροι
816 709 1212 781 φανταζόμενοι
1254 706 1351 777 τὴν
1393 704 1669 776 μακαρίαν
1713 702 2050 773 εὐφροσύνην

466 808 568 862 καὶ
610 804 1009 875 ἀμετάϐλητον.
1049 801 1189 856 Είδὲ
1236 799 1451 868 ἐκείνης
1483 798 1622 869 ἐρως
1654 795 1849 859 οὐδεὶς,
1874 794 2051 849 πάντα

468 897 691 970 ἀληθῶς
719 897 789 950 τὰ
824 895 982 956 ἄλλα,
1017 891 1160 949 κατὰ
1186 892 1277 946 τὸν
1321 887 1783 962 Ἐκκλησιαστὴν,
1829 888 2053 959 ματαιὸ-

467 1007 572 1061 της
605 988 1009 1061 ματαιοτήτων.

542 1164 778 1232 Φεύγετε
806 1161 1004 1227 τοίνυν,
1035 1159 1230 1231 ἄνδρες
1253 1156 1589 1229 Χριστιανοὶ,
1616 1154 1863 1225 κλήσεως
1893 1156 2046 1209 ἐπου·

472 1257 663 1330 ρανίον
688 1256 924 1327 μέτοχοι,
958 1253 1138 1307 πᾶσαν
1181 1250 1389 1305 ἔννοιαν
1424 1247 1682 1319 τοιαύτην
1718 1245 1931 1319 λῃστῶν
1960 1246 2053 1300 καὶ

472 1349 798 1420 κακούργων
833 1346 1009 1413 ἀξίαν,
1044 1344 1178 1416 μηδὲ
1220 1342 1380 1397 τοῦτο
1411 1339 1745 1414 μακαριστὸν
1773 1338 2053 1411 ἡγήσησθε

470 1442 534 1495 τὺ
580 1440 804 1510 φεύγειν
846 1435 1149 1508 τιμωρίαν,
1201 1433 1315 1488 ἀλλ’
1362 1432 1630 1502 ὲράσθητε
1684 1431 1904 1503 δωρεῶν
1959 1430 2055 1484 καὶ

473 1531 756 1601 στεφάνων
777 1545 791 1560 ·
826 1529 919 1593 οὓς
944 1529 972 1581 ὁ
996 1527 1130 1590 Θεὸς
1157 1527 1272 1589 τοῖς
1290 1524 1551 1595 ἀθληταῖς
1577 1523 1677 1592 τῆς
1707 1520 2054 1591 δικαιοσύνης

471 1622 831 1694 ηὐτρέπισεν·
875 1618 1252 1689 ἐπιθυμήσατε
1295 1614 1668 1685 βαπτίσματος
1700 1611 2052 1674 ἀδόλως·λά-

469 1715 599 1769 6“:
628 1713 689 1768 τὸ
712 1711 990 1775 τάλαντον,
1020 1709 1116 1763 καί⁸
1143 1706 1407 1778 πρόσθετε
1433 1707 1529 1777 τὴν
1564 1702 1845 1776 ἐργασίαν·
1880 1702 2054 1766 οὕτως

469 1808 583 1879 γὰρ
619 1806 761 1860 κατά
810 1803 909 1875 τὴν
954 1798 1269 1873 παραδολὴν
1298 1797 1562 1870 ἡγεμόνες
1589 1796 1722 1850 δέκα
1752 1793 2047 1866 γενήσεσθε

2158 1794 2318 1851 tluecs
2358 1795 2543 1851 decem
2581 1797 2863 1853 civitatum
2905 1799 2966 1853 "'.

472 1901 703 1955 πόλεων.
744 1898 801 1952 '0
828 1898 886 1949 δὲ
908 1899 1196 1963 συνταφεὶς
1222 1892 1300 1963 τῷ
1328 1890 1683 1963 βαπτίσματι,
1708 1888 1943 1960 ἔκρυψεν
1972 1887 2052 1951 είς

471 1991 581 2062 γῆν
610 1990 673 2044 τὸ
714 1988 995 2051 τάλαντον,
1038 1989 1133 2039 καὶ
1164 1983 1380 2046 πάντως
1430 1981 1653 2035 ἐκείνων
1687 1981 1909 2033 ἀκούσει
1943 1978 2053 2032 τῶν

471 2087 611 2155 πρὸς
634 2081 725 2135 τὸν
757 2080 940 2133 δοῦλον
975 2077 1144 2148 ἀργὸν
1184 2074 1484 2152 λεχθέντων
1516 2075 1611 2127 καὶ
1639 2072 1901 2143 ῥᾴθυμον.
1938 2068 2055 2125 Καὲ

468 2173 582 2236 aa»;
609 2174 639 2226 ὁ
670 2168 1025 2241 νεοφώτιστος
1048 2168 1114 2222 ἂν
1140 2169 1208 2238 τῇ
1241 2167 1418 2219 πίστει
1450 2163 1661 2235 συνάψῃ
1689 2165 1784 2234 τὴν
1814 2164 1953 2216 ὲντο)
1966 2164 2050 2234 ην,

474 2265 572 2320 ἐπὶ
615 2263 799 2316 πλεῖον
851 2259 1001 2313 οὐδὲν
1050 2257 1164 2329 ἔχει
1210 2256 1304 2310 τοῦ
1352 2255 1706 2325 ἀνεγκλήτου.
1759 2254 2055 2325 Δεσμώτης

474 2355 772 2425 ἐτύγχανεν
820 2350 1034 2422 μυρίοις
1072 2347 1411 2419 ἐγκλήμασιν
1452 2345 1773 2408 ὑπεύθυνος,
1804 2344 2056 2409 δεδοικὼς

470 2446 537 2500 τὸ
591 2445 910 2514 κριτήριον,
957 2437 1176 2510 τρέμων
1227 2436 1337 2491 τῶν
1401 2434 1638 2489 εὐθυνῶν
1695 2434 1784 2487 τὸν
1842 2433 2050 2505 καιρόν.

472 2532 680 2590 Ἱνιλθεν
733 2531 928 2599 ἀθρόον
981 2527 1242 2599 βασιλέως
1288 2524 1665 2596 φιλανθρωπία
1690 2565 1705 2587 ,
1758 2523 1939 2595 ἤνοιξε
1994 2523 2057 2576 τὸ

468 2628 882 2697 δεσμωτήριον,
938 2622 1117 2692 ἀφῆκε
1163 2620 1288 2683 τοὺς
1348 2618 1632 2689 πονηρούς.
1682 2614 1744 2670 '0
1792 2615 1891 2688 μὲν
1933 2615 2058 2678 δοὺς

469 2724 573 2793 τὴν
611 2720 790 2791 χάριν,
835 2714 1108 2787 ύμνείσθω
1154 2714 1250 2767 καὶ
1288 2710 1719 2784 προσκυνείσθω,
1750 2709 1825 2773 ὠς
1856 2696 2058 2778 ἀγαθό-

471 2826 636 2880 τητος
668 2806 957 2878 περιουσία
989 2803 1167 2866 σώσας
1211 2802 1338 2865 τοὺς
1364 2803 1464 2873 τὴν
1494 2800 1641 2873 ζωὴν
1674 2803 1776 2855 οὐκ
1813 2800 2059 2865 ἐλπίζον-

471 2917 607 2964 τας·
649 2902 678 2954 ό
729 2898 788 2952 δὲ
840 2896 1152 2969 γνωριζέτω
1206 2894 1431 2957 ἑαυτὸν,
1494 2894 1552 2946 ὲν
1596 2886 1942 2963 ταπεινότητι
1978 2892 2060 2945 δι-

471 2991 685 3059 αγέτω·
719 2987 793 3060 μὴ
819 2988 895 3052 ὼς
924 2984 1274 3057 κατορθώσας
1304 3003 1357 3038 τι
1401 2984 1706 3051 διακείσθω,
1736 2984 1923 3054 ἐπειδὴ
1950 2983 2060 3039 τῶν

467 3080 689 3145 δεσμῶν
720 3079 907 3149 ἐλύθη.
942 3079 1169 3148 ’Δφεσις
1218 3076 1326 3145 γὰρ
1363 3074 1725 3145 ἐγκλημάτων
1777 3073 1869 3130 τὸν
1910 3074 2060 3131 ἔλεον

474 3173 891 3244 προσμαρτυρεί
936 3167 1015 3239 τῷ
1058 3169 1493 3239 συγχωρήσαντι,
1537 3167 1600 3219 ού
1630 3165 1737 3237 μὴν
1763 3165 2058 3236 εὐδοκιμή-

474 3281 594 3317 σειν
630 3262 709 3333 τῷ
753 3261 1033 3331 ἀφεθέντι.
1072 3260 1130 3313 '0
1162 3258 1343 3313 λαϐὼν
1383 3259 1445 3312 τὸ
1491 3258 1589 3329 τῆς
1637 3255 2085 3326 παλιγγενεσίας

470 3355 718 3424 λουτρὸν,
759 3355 944 3425 ὅμοιος
989 3351 1295 3424 στρατιώτῃ
1318 3350 1424 3422 νέῳ
1456 3350 1715 3418 ὑπόγυιον
1756 3349 2058 3421 έναριθμη-

473 3448 622 3503 θέντι
671 3447 781 3510 τοῖς
808 3446 1105 3508 ὁπλιτικοῖς
1149 3442 1488 3511 καταλόγοις,
1532 3441 1757 3513 μηδέπω
1785 3440 1841 3493 δὲ
1888 3440 2058 3512 μηδὲν

471 3541 896 3611 ὲπιδεδειγμένῳ
937 3539 1327 3609 στρατιωτικὸν
1357 3537 1392 3609 ἢ
1426 3539 1695 3606 γενναῖον.
1737 3536 1946 3608 Ὥσπερ
1964 3531 2056 3591 οὖν

471 3636 680 3699 ἐκεῖνος
719 3633 1039 3704 ἀνελόμενος
1084 3630 1183 3702 τὴν
1209 3629 1407 3702 ζώνην,
1442 3630 1536 3683 καὶ
1569 3628 1667 3699 τὴν
1704 3627 1924 3698 χλανίδα
1954 3629 2056 3696 ὲμο

472 3724 930 3797 πορπησάμενος,
979 3724 1078 3777 ούκ
1126 3722 1288 3787 εὐθὺς
1330 3720 1518 3777 ἐαυτὸν
1564 3719 1792 3788 ἀριστέα
1824 3718 2052 3790 νομίζει,

468 3817 598 3871 οὐδὲ
622 3816 861 3889 προσιὼν
892 3816 1028 3887 μετὰ
1058 3815 1369 3886 παρρησίας
1412 3813 1489 3885 τῷ
1517 3812 1727 3885 βασιλεί
1749 3814 1825 3877 ὡς
1859 3812 2057 3883 γνώρι-

475 3928 578 3982 μος
606 3908 934 3978 διαλέγεται,
961 3908 1082 3962 οὐδὲ
1104 3908 1332 3979 χάριτας
1354 3908 1499 3960 αἰτεῖ
1517 3907 1618 3969 τὰς
1638 3904 1748 3961 τῶν
1772 3905 2056 3975 καμόντων

472 4001 569 4053 καὶ
598 3997 941 4052 πονεσάντων
965 4017 979 4029 ·
1017 3995 1190 4061 οὕτως
1222 3995 1359 4068 μηδέ
1393 3996 1456 4049 σὺ
1486 3992 1661 4065 τυχὼν
1690 3994 1787 4066 τῆς
1814 3995 2054 4066 χάριτος,

471 4086 589 4142 οἴου
625 4090 738 4150 τοῖς
781 4085 1009 4152 δικαίοκ
1059 4085 1408 4157 συζήσεσθαι,
1440 4084 1692 4157 καὶπρὸς
1716 4084 1806 4138 τὸν
1832 4084 2056 4138 ἐκείνων

471 4177 807 4250 ἀχθήσεσθαι
852 4178 1076 4248 κλῆρον,
1115 4178 1181 4231 ἂν
1217 4177 1293 4249 μὴ
1322 4177 1549 4241 πολλοὺς
1589 4178 1888 4247 ύπομείνῃς
1914 4175 2057 4246 ὑπὲρ

472 4269 755 4331 εὐσεϐείας
793 4269 1101 4333 κινδύνους,
1133 4269 1226 4322 καὶ
1268 4268 1584 4339 πολεμήσῃς
1623 4271 1691 4340 τῇ
1734 4269 1920 4339 σαρκὶ,
1962 4270 2057 4321 καὶ

475 4362 594 4433 μετ’
641 4361 856 4433 ἐκείνης
904 4356 982 4432 τῷ
1032 4360 1282 4432 διαϐόλῳ,
1337 4359 1429 4413 καὶ
1477 4359 1739 4429 γενναίως
1795 4361 2056 4430 ἀντισχῇς

2157 526 2215 571 ut
2246 517 2586 573 exhilaretur
2612 518 2977 588 amplexibus,
3010 520 3102 590 qui
3146 521 3351 575 cadunt
3404 521 3506 577 sub
3535 521 3738 576 intelli-

2154 608 2413 679 gentiam.
2470 608 2536 662 Et
2589 607 2793 665 Paulus
2827 619 2977 679 Optat
3038 620 3199 665 eruta
3251 626 3417 668 carne
3474 621 3737 684 tanquam

2154 699 2301 767 gravi
2355 708 2410 754 ct
2484 700 2711 756 molesta
2777 712 2965 764 veste,
3018 701 3244 758 dissolvi
3314 714 3366 757 et
3423 718 3545 759 esse
3608 719 3733 758 cum

2153 792 2376 847 Christo
2419 793 2461 824 "
2508 812 2519 846 :
2565 793 2725 848 ambo
2761 794 2987 849 omnino
3045 793 3353 864 cogitantes
3401 795 3615 850 beatam
3683 805 3737 848 et

2157 884 2551 940 immutabilem
2606 885 2867 940 hctitiam.
2924 885 3084 953 Quod
3150 885 3197 940 si
3254 882 3447 941 nttllus'
3490 887 3564 941 sit
3614 886 3735 957 ejus

2157 991 2332 1041 amor,
2358 978 2541 1032 onmia
2580 978 2706 1044 alia,
2751 988 2807 1033 ut
2856 993 2981 1035 vere
3011 978 3148 1033 dicit
3195 977 3576 1046 Ecclesiastes,
3607 990 3737 1037 sunt

2157 1084 2176 1118 ι
2191 1067 2424 1125 anitales
2458 1068 2758 1123 vanitaluni
2795 1069 2858 1122 ".

2228 1155 2416 1228 Fugite
2443 1173 2592 1231 ergo,
2621 1160 2721 1214 viri
2762 1160 3081 1227 Christiani,
3139 1163 3436 1233 participes
3496 1163 3736 1219 cmlcstis

2155 1248 2484 1314 vocationis,
2516 1265 2735 1305 omnem
2786 1250 2925 1307 hanc
2957 1251 3371 1322 cogitationem,
3430 1252 3739 1308 latronibus

2155 1338 2370 1410 dignam
2404 1350 2459 1395 et
2505 1341 2792 1406 malelicis,
2827 1356 3005 1411 neque
3042 1342 3259 1396 bealum
3304 1342 3620 1399 existimate
3650 1344 3737 1397 fu-

2156 1445 2282 1499 gere
2313 1430 2641 1500 supplicium
2670 1448 2684 1495 ;
2721 1430 2815 1487 sed
2844 1434 2981 1487 dona
3021 1442 3201 1488 amate
3230 1441 3283 1488 et
3316 1449 3574 1497 coronas,
3601 1453 3739 1507 quas

2162 1520 2302 1575 licus
2332 1522 2539 1590 paravit
2594 1523 2819 1576 athletis
2848 1522 3078 1592 justitize
3099 1541 3114 1590 ;
3137 1523 3376 1592 expetite
3406 1524 3737 1594 baptismum

2155 1611 2275 1665 sine
2324 1612 2534 1676 fraude,
2594 1614 2826 1683 accipite
2873 1616 3175 1679 talentum,
3212 1623 3263 1670 et
3317 1625 3509 1671 curate
3555 1632 3623 1672 ne
3668 1619 3740 1671 sit

2156 1703 2393 1758 otiosum
2425 1722 2437 1756 :
2473 1705 2547 1759 ita
2601 1706 2771 1772 enini,
2811 1719 2867 1760 ut
2932 1707 3045 1760 vult
3096 1707 3374 1777 parabola,
3424 1706 3737 1761 el'licieniini

3025 1797 3126 1865 Qui
3159 1812 3289 1871 ergo
3338 1799 3588 1870 sepultus
3637 1799 3740 1855 fuit.

2159 1889 2321 1943 simul
2347 1903 2471 1942 cum
2507 1889 2802 1959 baptismo,
2872 1891 3134 1945 talentum
3169 1891 3456 1946 abscondit
3486 1892 3540 1946 in
3571 1905 3737 1951 terra,

2153 1989 2207 2034 et
2253 1980 2478 2035 omnino
2514 1983 2601 2035 illa
2631 1984 2833 2047 audiet,
2867 1998 2989 2054 quae
3020 1982 3161 2037 dicta
3193 1993 3321 2037 sunt
3374 1998 3534 2037 servo
3561 1982 3739 2037 etioso

2155 2079 2206 2124 ct
2252 2070 2549 2142 negligenti
2575 2071 2639 2126 ⁸⁸.
2670 2070 2836 2128 ﬂecte
2871 2073 2938 2139 is,
2972 2071 3063 2143 qui
3116 2086 3201 2128 ρει
3233 2086 3422 2128 recens
3463 2072 3737 2127 illumina-

2156 2174 2265 2224 tus,
2297 2165 2342 2217 si
2372 2163 2496 2218 lidei
2544 2179 2652 2218 non
2701 2165 2936 2235 amplius
2972 2165 3287 2219 mandatum
3320 2164 3626 2235 conjunxit,
3657 2164 3739 2216 ni-

2160 2255 2232 2308 hil
2266 2256 2427 2309 habet
2462 2255 2608 2324 qnod
2657 2272 2762 2311 non
2813 2256 2885 2311 sit
2944 2255 3107 2312 afﬁne
3165 2255 3559 2311 criminationi.
3614 2253 3741 2308 Fui:

2160 2342 2404 2407 vinctus,
2482 2345 2971 2402 iintunterabilibus
3045 2345 3373 2402 criminibus
3447 2346 3738 2408 obnoxius,

2157 2436 2359 2493 timens
2407 2437 2699 2510 judicium,
2733 2437 2965 2495 horrens
3008 2448 3222 2509 tempus
3254 2438 3541 2494 reddenda:
3579 2439 3743 2492 ratir-

2160 2527 2266 2582 nis.
2312 2526 2472 2584 Venit
2505 2538 2729 2600 repente
2769 2531 2912 2601 regis
2958 2530 3285 2601 benignitas,
3320 2531 3741 2601 aperuitcarce-

2159 2636 2294 2685 rem,
2327 2621 2537 2679 dimisit
2600 2624 2797 2678 malos.
2842 2624 2947 2689 Qui
3000 2624 3149 2678 dedit
3204 2624 3425 2694 quidem
3477 2624 3737 2693 gratiam,

2161 2710 2414 2767 laudibus
2470 2712 2802 2780 celebretur,
2863 2722 2916 2767 et
2957 2714 3048 2782 qui
3115 2728 3215 2768 sua
3273 2712 3539 2768 bonitatis
3569 2712 3744 2767 abun-

2159 2803 2347 2857 dantia
2380 2803 2725 2858 conservavit
2754 2817 2870 2867 eos,
2894 2804 2988 2873 qui
3049 2818 3156 2857 non
3202 2803 3500 2872 sperabant
3531 2803 3732 2858 vivere.

2161 2894 2281 2965 Ipse
2318 2903 2500 2949 autem
2536 2895 2778 2964 scipsmn
2833 2905 3151 2964 cognoscat,
3179 2905 3230 2949 et
3265 2895 3426 2966 degat
3464 2895 3518 2949 in
3552 2895 3739 2948 humi-

2162 2987 2348 3041 litate:
2386 3000 2493 3041 non
2529 2987 2601 3039 ita
2625 2987 2698 3041 sit
2752 2985 3000 3053 aiTectus,
3034 2996 3292 3057 tanquam
3345 2985 3546 3056 aliquid
3598 3001 3737 3056 pta:-

2163 3080 2370 3135 elarum
2406 3077 2660 3151 gesserit,
2696 3082 2956 3148 quoniam
2986 3080 3199 3135 solutus
3229 3087 3314 3134 cst
3348 3077 3602 3133 vinculis.
3626 3076 3743 3132 Cri-

2164 3169 2373 3223 minum
2402 3168 2547 3224 enim
2582 3169 2836 3227 remissio
2873 3180 3108 3226 testatur
3154 3169 3585 3226 misericordiam
3619 3168 3741 3238 ejus

2159 3261 2252 3331 qni
2285 3260 2585 3326 concessit,
2621 3275 2728 3316 non
2753 3272 2933 3317 autem
2959 3262 3103 3333 quod
3134 3277 3194 3317 se
3234 3271 3381 3317 recte
3409 3260 3644 3330 gesserit
3671 3260 3738 3322 is,

2158 3355 2250 3423 qui
2292 3351 2396 3406 fuit
2423 3353 2706 3410 dimissus.
2741 3353 2788 3408 Is
2815 3354 2908 3423 qui
2953 3355 3229 3408 lavacrum
3270 3355 3478 3423 accepit
3512 3368 3739 3423 regene-

2162 3445 2417 3512 rationis,
2450 3454 2537 3500 est
2581 3444 2779 3502 similis
2815 3460 2957 3500 novo
2992 3445 3170 3511 militi,
3202 3444 3297 3514 qui
3329 3460 3502 3515 nuper
3532 3443 3634 3499 fuit
3662 3460 3743 3499 rc-

2162 3537 2302 3592 latus
2343 3537 2397 3591 in
2436 3552 2721 3593 nmncrum
2772 3538 3034 3600 militum,
3068 3536 3309 3593 nondum
3352 3545 3533 3593 autem
3575 3537 3741 3607 quid-

2158 3644 2322 3698 quam
2351 3631 2463 3701 egit
2498 3630 2820 3701 praedarum
2847 3641 2942 3683 aut
2978 3629 3103 3684 forti
3143 3628 3315 3684 milite
3343 3628 3590 3699 dignum.
3620 3629 3771 3696 Quo-

2161 3721 2322 3776 modo
2343 3736 2470 3792 crgo
2492 3722 2581 3776 ille
2603 3735 2738 3776 zona
2764 3721 3070 3784 accinctus,
3090 3731 3142 3775 et
3170 3720 3457 3792 chlamyde
3488 3722 3738 3785 indutus.

2161 3828 2268 3868 non
2303 3827 2361 3868 se
2389 3814 2575 3869 statim
2620 3812 2901 3868 existimat
2937 3813 3113 3866 virum
3139 3811 3357 3876 fortem,
3402 3827 3578 3883 neque
3603 3829 3739 3868 con-

2159 3904 2389 3960 fidenter
2435 3903 2703 3960 accedens
2737 3903 2802 3958 ad
2861 3918 3066 3974 regem,
3111 3919 3236 3962 cum
3282 3904 3579 3975 alloquitur
3622 3912 3741 3959 tau-

2157 4011 2322 4068 quam
2356 3994 2676 4058 I'ainiliaris,
2730 4009 2905 4064 neque
2954 3996 3089 4065 petit
3139 3996 3419 4063 beneﬁcia,
3459 4013 3582 4068 qum
3642 3999 3737 4068 qui

2158 4089 2566 4151 laboraverunt,
2603 4096 2659 4141 et
2689 4102 2747 4142 se
2797 4097 3023 4143 strenue
3050 4098 3369 4159 gesserunt;
3402 4090 3476 4143 ita
3527 4104 3627 4144 nec
3659 4098 3739 4155 tn,

2157 4181 2392 4252 gratiam
2438 4189 2753 4242 assecutus,
2790 4189 2949 4249 putes
2984 4180 3101 4234 fore
3138 4190 3194 4233 ut
3224 4181 3373 4236 vivas
3399 4196 3522 4235 cum
3549 4181 3740 4251 jnstis,

2156 4281 2210 4326 et
2239 4272 2305 4325 ad
2335 4271 2552 4326 illorum
2579 4269 2802 4324 diu-aris
2838 4271 3229 4335 lnercditatem,
3266 4272 3370 4327 nisi
3400 4286 3498 4340 pro
3530 4272 3738 4342 pietate

2160 4363 2330 4415 multa
2364 4362 2528 4416 adeas
2555 4359 2818 4429 pericula,
2863 4369 2917 4413 et
2952 4376 3077 4414 cum
3110 4376 3278 4416 carne
3321 4360 3525 4417 bellum
3558 4378 3741 4433 geras,

472 4452 610 4521 πρὸς
640 4452 815 4504 πάντα
854 4451 922 4503 τὰ
953 4450 1062 4505 τῶν
1086 4451 1338 4521 πονηρῶν
1366 4450 1692 4521 πνευμάτων
1719 4449 2049 4521 τοξεύματα.

2158 4462 2211 4509 ct
2253 4455 2415 4509 simul
2475 4468 2602 4507 eum
2652 4454 2767 4518 illa,
2817 4468 2940 4507 cum
2990 4452 3211 4508 diabolo
3258 4453 3484 4510 t'ortitcr
3516 4455 3744 4511 resistas

470 4537 686 4591 Μᾶλλον
714 4539 770 4591 δὲ
798 4541 845 4591 εἰ
873 4539 1020 4592 δοκεῖ
1050 4539 1219 4611 αὐτὴν
1246 4540 1344 4611 τὴν
1376 4539 1469 4593 τοῦ
1504 4541 1708 4611 Κυρίου
1746 4539 1928 4611 φωνὴν
1954 4540 2051 4611 τὴν

477 4628 771 4699 μέλλουσαν
814 4631 908 4683 ἐπὶ
947 4630 1045 4700 τῆς
1089 4631 1274 4702 κοινῆς
1305 4631 1632 4704 ἐκφέρεσθαι
1659 4633 1915 4704 κρίσεως,
1955 4631 2054 4686 λά-

472 4722 657 4793 εωμεν
701 4722 794 4776 τοῦ
841 4725 1204 4794 προκειμένου
1250 4723 1588 4780 διδάσκαλον.
1629 4724 1695 4775 Τί
1736 4723 1845 4795 γάρ
1887 4740 2050 4792 φησι;

479 4832 499 4867 ι
537 4812 721 4876 Δεῦτε,
771 4815 821 4866 οἱ
856 4814 1210 4886 εὐλογημένοι
1241 4814 1334 4868 τοῦ
1370 4814 1580 4884 Πατρός
1630 4831 1755 4884 μου,
1795 4814 2055 4884 κληρονο-

475 4904 683 4975 μήσατε
711 4903 809 4976 τὴν
841 4905 1246 4975 ἡτοιμασμένην
1285 4905 1413 4974 ὑμῖν
1448 4904 1744 4971 βασιλείαν.
1791 4924 1810 4956 ι
1844 4905 1943 4957 Διὰ
1968 4905 2050 4970 τί;

472 4996 586 5066 Οὐχ
624 4996 707 5049 ὅτι
752 4995 814 5048 τὸ
856 4995 1070 5066 ἱμάτιον
1104 4995 1422 5049 ἐνεδύσασθε
1449 4997 1548 5068 τῆς
1572 4996 1905 5067 ἀφθαρσίας,
1931 4997 2052 5049 οὐδὲ

470 5087 553 5141 ὅτι
590 5086 688 5151 τὰς
732 5088 1008 5159 ἁμαρτίας
1059 5088 1212 5158 ὑμῶν
1253 5088 1653 5155 ἀπελούσασθε,
1703 5088 1817 5142 ἀλλ’
1864 5089 2051 5160 ἐπειδὴ

472 5175 870 5249 κατωρθώσατε
894 5180 993 5253 τὴν
1036 5182 1281 5252 ἀγάπην.
1329 5182 1440 5235 Καὶ
1488 5180 1650 5246 εὐθὺς
1689 5184 1717 5235 ὁ
1752 5183 2053 5249 κατάλογος

472 5271 831 5324 ὑποτέτακται
860 5271 968 5329 τῶν
1018 5272 1352 5343 τραφέντων,
1394 5271 1502 5325 τῶν
1532 5272 1912 5337 ποτισθέντων,
1942 5273 2049 5326 τῶν

470 5360 817 5416 ὲνδυθέντων.
867 5363 979 5416 Καὶ
1032 5363 1261 5427 είκότως
1305 5366 1334 5417 ὁ
1381 5363 1815 5434 ἀπαραλόγιστος
1858 5364 2051 5435 κριτὴς

468 5453 641 5518 οὕτως
660 5454 887 5519 δικάζει.
926 5455 990 5509 Ἦ
1013 5454 1171 5526 χάρις
1207 5455 1303 5526 μὲν
1326 5454 1434 5527 γὰρ
1457 5453 1549 5507 τοῦ
1573 5454 1839 5507 Δεσπότου
1858 5454 2049 5524 δῶρον⁸

469 5548 503 5615 ἡ
532 5544 588 5599 δὲ
618 5545 881 5623 πολιτεία,
928 5545 1023 5599 τοῦ
1072 5548 1392 5617 τιμηθέντος
1437 5546 1785 5618 κατόρθωμα.
1819 5548 2053 5617 Χάριτος

2159 4546 2417 4600 omnibus
2440 4545 2636 4615 iaculis
2669 4544 3031 4615 malignorum
3060 4544 3379 4614 spirituum.
3412 4546 3526 4601 Imo
3546 4559 3674 4609 vero
3695 4547 3745 4602 si

2161 4637 2403 4701 videtur,
2423 4636 2762 4706 accipiamus
2788 4636 2963 4706 ipsam
2996 4635 3213 4692 Domini
3256 4652 3472 4704 vocem,
3507 4653 3630 4703 quze
3657 4647 3746 4696 est

2174 4725 2500 4795 proferenda
2529 4729 2583 4781 in
2618 4728 2739 4797 ipso
2788 4728 3066 4781 communi
3092 4726 3325 4797 judicio,
3352 4738 3407 4785 et
3457 4737 3543 4786 est
3568 4732 3745 4801 magi-

2162 4829 2273 4872 stra
2300 4817 2420 4887 ejus
2442 4818 2588 4888 quod
2620 4819 2965 4889 proponitur.
2995 4818 3241 4886 cVenitc,
3272 4821 3538 4879 benedicti
3563 4822 3744 4880 Patris

2159 4911 2289 4973 mei,
2324 4917 2506 4965 estote
2538 4910 2784 4967 haeredes
2812 4911 2987 4981 parati
3016 4913 3174 4969 vobis
3205 4914 3357 4984 regni
3401 4929 3434 4969 a
3475 4915 3745 4971 constitu-

2155 5001 2304 5055 tione
2337 5002 2522 5055 mundi
2565 5003 2624 5054 ι’.
2675 5022 2693 5055 ι
2737 5002 3143 5069 Quamobrem?
3180 5003 3301 5060 Non
3347 5007 3606 5075 quoniam
3655 5007 3739 5063 in-

2154 5091 2272 5144 duti
2324 5095 2460 5147 estis
2514 5105 2665 5149 veste
2716 5095 3183 5165 incorruptionis,
3240 5111 3419 5168 neque
3476 5098 3737 5167 quoniam

2158 5195 2381 5255 peccata
2412 5193 2591 5241 vestra
2632 5188 2903 5256 abluistis,
2953 5189 3047 5244 sed
3092 5191 3351 5259 quoniam
3384 5190 3438 5245 in
3470 5190 3740 5248 charilate

2158 5292 2255 5331 vos
2286 5284 2434 5332 recte
2466 5278 2740 5346 gessistis.
2798 5280 2865 5334 Et
2918 5280 3106 5335 statim
3154 5280 3405 5350 sequitur
3459 5282 3739 5354 catalogus

2158 5386 2347 5425 eorum
2382 5372 2474 5440 qui
2503 5383 2632 5425 sunt
2674 5374 2887 5440 nutriti,
2919 5375 3117 5444 potati,
3171 5375 3366 5431 indttti.
3399 5376 3461 5430 Et
3495 5377 3620 5447 jure
3648 5380 3742 5448 qui

2162 5461 2273 5515 falli
2309 5478 2419 5516 non
2453 5471 2631 5533 potest
2657 5465 2826 5531 judex
2859 5467 2932 5520 ita
2986 5467 3219 5535 iudicat.
3254 5465 3389 5522 Nam
3414 5472 3586 5540 gratia
3619 5472 3742 5541 qni-

2161 5552 2283 5607 dem
2323 5555 2627 5610 cstdonum
2655 5555 2892 5614 Domini.
2920 5558 2995 5613 Ex
3025 5560 3144 5614 vita:
3183 5569 3363 5616 autem
3394 5563 3743 5621 administra-

545 5723 587 5756 ⁸⁸
626 5721 1033 5795 Pbilipp.t,95.
1114 5727 1155 5758 ¹⁶
1190 5725 1370 5784 Eccle.
1408 5742 1443 5793 ι,
1475 5726 1527 5779 2.
1611 5727 1651 5756 ¹⁷
1676 5725 1806 5779 Luc.
1845 5742 1958 5792 xix,
2006 5729 2054 5782 1(

2163 5730 2209 5781 7.
2244 5809 2257 5821 μ
2293 5731 2332 5760 ³³
2368 5729 2554 5785 ΜιιιιΙι.
2598 5747 2719 5800 xxv,
2752 5732 2821 5787 9.4
2847 5750 2968 5804 sqq.
3052 5736 3092 5768 ¹⁹
3130 5737 3260 5794 ibid.
3294 5738 3380 5793 54.
