4026 6458
442 373 548 430 ὸῦθ

1613 380 1669 434 S.
1712 381 2038 439 GBEGORII
2081 385 2377 441 NYSSENI

3602 393 3708 448 440

443 503 692 557 quamam
737 492 951 548 causa?
983 490 1266 562 Scriptura
1312 493 1365 548 in
1416 510 1624 564 papyro
1663 501 2009 570 consignata,

2121 502 2277 570 λογία
2324 502 2418 556 τοῦ
2468 503 2842 568 στενωθέντος.
2895 504 3062 558 Δώσω
3097 514 3235 576 μετα
3275 506 3376 578 τῆς
3421 507 3708 576 ἐργασίας,

437 593 494 638 et
534 586 714 654 pactio
764 601 862 640 seu
888 587 1182 656 promissio
1227 588 1432 643 amicti.
1483 590 1729 645 Reddam
1774 608 1898 646 cum
1936 593 2012 647 fe-

439 689 592 728 nore.
626 672 928 730 Restituam
954 692 1078 731 cum
1112 679 1264 733 lucro
1297 688 1521 734 sortem.
1553 680 1758 736 Deinde
1781 675 1933 736 insto
1959 689 2013 737 et

437 763 707 819 admoneo
759 773 816 818 ut
865 781 932 821 ne
985 767 1142 822 lidem
1179 768 1351 824 fallat.
1404 770 1469 824 Et
1511 771 1725 825 debitor
1766 773 2008 842 quidem,

439 854 564 908 licet
606 855 790 926 inops,
831 857 990 912 ﬁdem
1033 859 1166 916 facit
1203 863 1274 916 ob
1312 863 1700 933 syngrapham.
1731 861 1876 921 Deus
1915 883 2014 920 au-

437 952 569 1007 tem,
608 948 704 1016 qui
733 949 886 1004 dives
913 959 1018 1017 est,
1055 951 1183 1006 licet
1226 954 1392 1006 multa
1422 954 1748 1023 polliceatur
1775 957 1926 1011 clara
1957 966 2013 1014 et

437 1049 639 1090 sonora
673 1054 825 1104 voce,
879 1055 987 1095 non
1022 1051 1202 1099 tamen
1233 1044 1473 1097 auditur.
1524 1043 1620 1110 Da,
1669 1055 1723 1101 et
1759 1061 1862 1117 ego
1887 1049 2012 1103 reri-

438 1127 592 1198 dam,
623 1117 825 1184 clamat
856 1131 912 1186 in
945 1132 1276 1200 Evangeliis,
1314 1134 1368 1187 in
1396 1135 1616 1203 publico
1657 1138 1869 1208 totique
1903 1149 2010 1194 ter-

436 1234 624 1275 rarum
674 1224 794 1277 orbi
825 1232 955 1278 noto
983 1225 1376 1296 chimgrapho,
1409 1227 1559 1296 quod
1588 1237 1844 1298 quatuor,
1894 1231 2013 1286 loco

436 1321 491 1367 et
539 1314 658 1369 vice
712 1316 880 1370 unius
935 1317 1310 1386 scripserunt,
1370 1319 1532 1388 cujus
1591 1327 1760 1376 testes
1822 1337 2013 1379 omnes

435 1400 738 1461 Christiani
777 1422 809 1462 a
843 1408 1184 1477 temporibus
1227 1416 1395 1479 partae
1433 1411 1628 1467 salutis
1663 1415 2011 1468 exstiterunt.

437 1491 618 1550 Habes
663 1498 978 1566 paradisum
1033 1500 1250 1571 pignus.
1283 1501 1484 1572 pignus
1535 1503 1727 1573 utique
1761 1504 2011 1576 dignum,

438 1602 550 1657 quo
586 1587 816 1645 ﬁdenter
840 1592 1059 1646 nitaris.
1089 1591 1246 1658 Quod
1280 1594 1326 1649 si
1357 1603 1408 1648 et
1433 1594 1522 1648 hic
1552 1595 1759 1665 aliquid
1784 1597 2010 1666 quaeris,

438 1688 590 1734 totus
640 1681 879 1736 mundus
920 1683 1077 1752 probi
1113 1684 1382 1740 debitoris
1420 1686 1705 1756 possessio
1757 1693 1864 1743 est.
1903 1687 2014 1743 Cu-

437 1773 586 1828 riose
628 1773 992 1846 circumspice
1042 1777 1256 1846 c0piam
1283 1818 1298 1843 ,
1347 1794 1456 1848 qua
1504 1778 1749 1833 abundat
1791 1779 1840 1835 is
1866 1821 1882 1845 ,
1917 1779 2011 1850 qui

2114 592 2424 646 ὑποτελέσω
2468 592 2607 663 μετά
2643 591 2736 644 τοῦ
2789 592 3096 662 γινομένου,
3155 590 3322 658 Εἶτα,
3364 596 3707 664 παρακαλῶ,

2113 684 2142 735 ὁ
2189 683 2288 753 μὲν
2319 682 2620 754 χρεώστης,
2660 683 2755 735 καὶ
2804 682 3006 750 ἄπορος
3053 682 3151 750 ὢν,
3185 683 3274 736 διὰ
3319 685 3422 755 τὴν
3463 702 3707 756 συγγρα-

2115 771 2221 843 φὴν
2261 772 2371 842 (21)
2424 773 2757 825 mentietur
2813 775 2842 825 ὁ
2879 772 2937 825 δὲ
2979 773 3144 836 Θεὸς,
3191 773 3448 838 πλούσιος
3499 774 3578 827 ὢν
3616 777 3708 830 καὶ

2115 863 2612 932 ἐπαγγελλόμενος,
2660 864 2761 917 οὐκ
2804 863 3082 916 ἀκούεται.
3115 864 3215 926 Δὸς
3236 902 3252 926 ,
3293 865 3389 917 καὶ
3422 864 3537 933 ὲγὼ
3567 866 3705 918 ἀπο-

2113 954 2269 1008 δώσω
2291 954 2425 1024 (22),
2453 953 2552 1024 βοᾷ
2565 953 2778 1024 γράψας
2800 955 2857 1008 ὲν
2882 954 3254 1022 Εὐαγγελίοις,
3276 955 3333 1006 ὲν
3349 955 3704 1025 χειρογράφῳ

2113 1045 2355 1117 δημοσίῳ
2387 1045 2487 1114 τῆς
2507 1047 2851 1116 οἰκουμένης.
2877 1046 2905 1099 ὃ
2932 1046 3234 1116 τέσσσαρες
3256 1044 3504 1116 ἔγραψαν
3531 1047 3704 1114 εὐαγο

2114 1137 2386 1206 γελισταὶ,
2423 1136 2536 1190 ἀνθ’
2558 1137 2675 1199 ὲνὸς
2704 1136 3260 1209 συμϐολ[αι]ογράφου
3280 1177 3294 1198 ,
3326 1130 3388 1188 οὗ
3427 1136 3702 1207 μάρτυρες

2115 1225 2314 1288 πάντες
2344 1228 2394 1278 οί
2428 1227 2493 1278 ὲκ
2537 1226 2646 1279 τῶν
2675 1226 2882 1296 χρόνων
2910 1228 3009 1297 τῆς
3046 1227 3317 1296 σωτηρίας
3350 1227 3692 1296 Χριστιανοὶ.

2119 1313 2301 1383 Ἔχεις
2349 1313 2628 1385 ὑποθήκην
2667 1314 2757 1366 τὸν
2791 1313 3138 1385 παράδεισον,
3179 1313 3437 1384 ἐνέχυρον
3487 1312 3701 1378 ἀξιόπι-

2116 1421 2260 1458 στον.
2305 1405 2369 1457 Εἰ
2397 1404 2453 1457 δὲ
2485 1405 2579 1458 καὶ
2607 1404 2838 1459 ἐνταῦθα
2883 1407 3082 1474 ζητεῖς,
3133 1404 3252 1468 ὅλος
3297 1408 3326 1458 ό
3358 1404 3566 1474 κόσμος
3608 1405 3700 1458 τοῦ

2114 1495 2452 1565 εὐγνώμονος
2494 1494 2767 1566 χρεώστου
2829 1497 3044 1567 κτῆμα.
3094 1497 3466 1567 Περιέργασαι
3520 1497 3703 1565 σαφῶς

2112 1585 2212 1656 τὴν
2230 1572 2500 1657 ἐὐπορίαν
2531 1586 2624 1639 τοῦ
2657 1585 2945 1657 ζητοῦντος
2974 1587 3073 1659 τὴν
3107 1587 3451 1658 εὐεργεσίαν,
3483 1589 3579 1641 καὶ
3607 1589 3698 1642 εὑ·-

2117 1678 2300 1748 ρήσεις
2317 1678 2428 1747 (25)
2445 1677 2534 1730 τὸν
2551 1676 2796 1733 πλοῦτον.
2823 1679 2980 1732 Πᾶσα
3003 1678 3108 1750 γὰρ
3136 1683 3385 1749 χρυσῖτις
3407 1678 3504 1731 τοῦ
3527 1679 3698 1750 χρεῶ-

2118 1783 2244 1821 στου
2295 1769 2486 1822 τούτου
2533 1771 2736 1841 κτῆμα.
2803 1765 2922 1824 Πᾶν
2973 1771 3235 1841 μέταλλον
3287 1771 3559 1842 ἀργυρίου
3608 1771 3698 1824 καὶ

437 1863 762 1920 beneﬁcium
792 1866 891 1921 abs
923 1873 977 1922 te
1017 1868 1172 1948 petit,
1193 1876 1251 1922 et
1285 1869 1530 1924 invenies
1555 1870 1730 1940 ipsius
1766 1870 2009 1926 divitias.

2116 1861 2318 1932 χαλκοῦ
2365 1863 2458 1916 καὶ
2487 1862 2596 1916 τῶν
2642 1862 2769 1933 ἑξῆς
2818 1862 2960 1917 ὑλῶν
3003 1865 3102 1934 τῆς
3141 1864 3352 1918 ἐκείνου
3383 1864 3698 1927 δεσποτείας

435 1953 572 2010 Nam
612 1971 803 2013 omnes
840 1959 959 2012 auri
994 1961 1315 2030 argentique
1351 1960 1550 2017 fodinae
1587 1962 1855 2018 debitoris
1882 1977 2012 2033 pos-

436 2047 614 2102 sessio
645 2056 792 2103 sunt.
825 2047 998 2106 Omne
1032 2051 1312 2106 metallum
1343 2053 1554 2124 argenti
1597 2062 1652 2110 et
1685 2054 1831 2117 atris,
1876 2061 1929 2108 et
1957 2055 2008 2110 id

434 2153 609 2208 genus
632 2138 883 2203 aliorum,
905 2141 1152 2196 dominio
1173 2149 1228 2198 et
1249 2142 1480 2213 imperio
1501 2143 1671 2214 ipsius
1692 2144 2008 2212 subjicitur.

436 2227 670 2300 Respice
710 2231 764 2284 in
814 2239 988 2286 totum
1041 2233 1266 2295 caelum.
1298 2248 1406 2304 qua
1438 2242 1618 2304 patet;
1657 2244 1840 2290 mente
1874 2249 2009 2290 con-

436 2317 557 2389 cipe
598 2320 766 2377 maris
801 2320 1158 2388 infinitatem;
1200 2324 1378 2393 cogita
1427 2332 1588 2380 terra!
1628 2324 2005 2390 latitudinem;

2123 1951 2306 2023 μέρος.
2352 1951 2677 2022 Ἀπόϐλεψον
2709 1953 2790 2015 εἰς
2812 1953 2903 2006 τὸν
2932 1953 3105 2022 μέγαν
3129 1954 3382 2024 οὐρανόνο
3416 1955 3698 2026 κατάμαθε

2117 2043 2215 2114 τὴν
2235 2043 2457 2114 ἄπειρον
2484 2044 2779 2098 θάλασσαν·
2805 2045 3086 2114 ἱστόρησον
3115 2043 3175 2098 τὸ
3213 2046 3416 2110 πλάτος
3453 2047 3556 2117 τῆς
3575 2046 3694 2116 γῆς’

2118 2135 2422 2206 ἀρίθμησον
2468 2134 2540 2189 τὰ
2593 2135 2680 2187 ἔπε’
2743 2137 2912 2206 αὐτῆς
2959 2137 3268 2208 τρεφόμενα
3318 2135 3471 2202 ζῶα·
3525 2138 3697 2192 πάντα

2115 2227 2275 2280 δοῦλα
2298 2227 2390 2280 καὶ
2421 2227 2697 2298 κτήματα,
2726 2222 2786 2282 οὗ
2819 2228 2883 2280 σὺ
2912 2227 2987 2290 ὡς
3027 2228 3230 2299 ἀπόρου
3267 2228 3385 2298 (24)
3421 2244 3696 2300 καταφροο

2115 2320 2246 2383 νεῖς.
2299 2319 2676 2391 Σωφρόνησον,
2724 2319 3000 2392 ἄνθρωπε.
3055 2320 3147 2391 Μὴ
3207 2319 3554 2393 καθυϐρίσῃς
3609 2320 3696 2373 τὸν

437 2424 685 2472 numera,
731 2426 870 2481 quas
914 2413 1086 2467 nutrit
1132 2413 1311 2481 feras;
1359 2415 1547 2469 omnia
1584 2415 1829 2480 subjecta
1880 2423 2009 2470 sunt

2115 2411 2282 2476 Θεὸν,
2320 2411 2454 2482 μηδὲ
2483 2411 2664 2481 ἡγήσῃ
2693 2411 2801 2464 τῶν
2841 2411 3184 2483 τραπεζιτῶν
3229 2412 3577 2483 ἀτιμότερον,
3619 2405 3695 2474 οἷς

436 2499 586 2556 illius
624 2503 903 2571 potentiae.
953 2503 1115 2572 cujus
1155 2512 1213 2558 tu
1260 2513 1636 2576 paupertatem
1676 2507 2004 2562 contemnis.

2116 2502 2484 2572 ὲγγυωμένοις
2524 2502 2906 2573 ἀναμφιϐόλως
2949 2502 3280 2560 πιστεύσεις.
3317 2503 3422 2566 Δὸς
3459 2503 3692 2572 ὲγγυητῇ

435 2589 750 2646 Moderatus
813 2602 867 2648 et
912 2608 1104 2662 mquus
1173 2604 1316 2651 esto.
1372 2595 1450 2651 Ne
1509 2597 1712 2665 injuria
1764 2594 2009 2651 aﬂ‘eeeris

2113 2591 2187 2664 μὴ
2215 2594 2630 2664 ἀποθνήσκοντι.
2667 2594 2963 2647 Πίστευσον
3014 2595 3368 2666 χειρογράφῳ
3401 2595 3477 2666 μὴ
3507 2595 3694 2664 βλεπο-

435 2681 644 2751 Deum;
682 2700 858 2755 neque
903 2687 1142 2742 mstimes
1178 2687 1344 2742 Deum
1389 2688 1650 2744 inferiore
1683 2696 1736 2744 et
1777 2688 2009 2743 inhono-

2113 2684 2256 2754 μένῳ
2288 2685 2422 2756 μηδὲ
2454 2685 2907 2756 σπαρασσομένῳ.
2949 2685 3042 2756 Μὴ
3073 2688 3436 2758 ὲπερωτήσῃς
3464 2686 3563 2756 τὴν
3609 2687 3696 2755 ἐρ-

435 2775 638 2830 ratiore
697 2777 818 2830 loco
873 2793 995 2832 esse
1062 2793 1225 2847 quam
1296 2780 1635 2850 trapezitas,
1697 2780 1898 2849 quibus
1964 2781 2009 2835 si

2113 2776 2330 2843 γασίαν,
2377 2776 2512 2829 ἀλλά
2536 2775 2624 2838 δὸς
2653 2775 3033 2845 ἀκαπήλευτον
3068 2775 3167 2844 τὴν
3217 2774 3562 2846 εὐεργεσίαν,
3606 2775 3694 2827 καὶ

433 2865 762 2936 spondeam,
797 2868 1006 2937 absque
1043 2867 1213 2923 dubio
1244 2870 1445 2924 credis.
1490 2869 1564 2922 Da
1607 2871 1860 2939 sponsori
1908 2870 2009 2924 im-

2113 2868 2230 2938 ὕψει
2265 2885 2346 2920 σοι
2391 2866 2484 2922 τὸν
2524 2867 2656 2920 Θεὸν
2701 2867 2841 2937 μετά
2879 2866 3198 2938 προσθήκης
3234 2867 3558 2921 ἀποδιδόντα
3603 2866 3695 2936 τὴν

435 2958 678 3012 mortali.
729 2958 904 3014 Crede
938 2959 1307 3030 chirographo
1354 2961 1732 3030 inaspectabili
1768 2961 2012 3030 quidem,
2125 2960 2307 3032 χάριν.

434 3047 531 3105 sed
575 3050 844 3119 ejusmodi
885 3061 1089 3115 tamen,
1126 3054 1272 3123 quod
1323 3055 1477 3123 perdi
1553 3063 1812 3124 nequeat.
1868 3054 1947 3110 Ne
2013 3056 2200 3126 exigas
2269 3055 2519 3119 lucrum,
2576 3054 2673 3110 sed
2728 3053 2979 3125 impende
3027 3052 3358 3110 beneﬁcium
3425 3054 3545 3110 sine
3605 3066 3694 3120 spe

434 3154 698 3213 quaestus,
749 3146 1070 3216 videbisque
1104 3147 1274 3202 Deum
1322 3163 1431 3203 non
1469 3151 1589 3205 sine
1634 3151 2006 3204 additamenta
2046 3151 2345 3220 rependere
2373 3151 2627 3221 gratiam.

505 3236 658 3300 Quod
688 3237 733 3291 si
770 3238 883 3292 haec
907 3242 1086 3293 oratio
1126 3239 1222 3293 tibi
1255 3243 1543 3311 peregrina
1572 3250 1626 3298 et
1657 3252 1854 3312 praeter
1891 3245 2007 3314 opi-
2036 3249 2078 3306 C

435 3327 654 3381 nionem
711 3329 927 3391 accidit,
980 3330 1032 3382 in
1081 3341 1336 3399 promptu
1382 3334 1558 3388 habeo
1611 3335 2008 3399 testimonium,

433 3433 546 3488 quo
578 3421 927 3490 perspicuum
965 3422 1023 3477 ﬁt
1055 3423 1219 3480 Deum
1251 3426 1336 3495 pie
1365 3436 1615 3496 sumptus
1646 3434 1701 3481 et
1733 3427 2010 3497 impensas

433 3511 761 3570 facientibus
789 3517 974 3571 multis
1006 3519 1283 3588 variisque
1308 3519 1484 3573 modis
1513 3535 1778 3591 reponere
1815 3521 2006 3575 vicem.

433 3603 599 3660 Petro
637 3607 783 3660 enim
820 3607 1193 3679 interrogante
1232 3619 1286 3666 et
1318 3611 1534 3666 dicente
1569 3631 1581 3665 :
1611 3611 1745 3665 Ecce
1783 3629 1878 3666 nos
1918 3629 2005 3667 re-

434 3695 686 3766 liquimus
726 3699 904 3751 omnia
939 3706 988 3752 ct
1026 3703 1192 3754 secuti
1228 3718 1407 3756 sumus
1453 3712 1521 3767 le,
1566 3703 1692 3772 quid
1743 3719 1864 3772 ergo
1904 3704 2004 3757 erit

434 3785 629 3842 nobis?
659 3789 819 3842 Amen
850 3791 967 3844 dico
999 3792 1160 3854 vobis,
1200 3794 1396 3863 inquit,
1437 3796 1606 3848 omnis
1649 3796 1740 3864 qui
1785 3795 2009 3865 relique-

434 3879 526 3945 rit,
547 3878 752 3943 domas,
796 3891 888 3935 aut
917 3883 1112 3950 fratres
1152 3895 1244 3938 aut
1277 3903 1506 3950 sorores,
1541 3895 1632 3939 aut
1661 3895 1888 3953 patrem,
1917 3895 2012 3940 aut

435 3980 678 4034 matrem,
731 3982 823 4022 aut
856 3987 1094 4035 uxorem,
1139 3985 1230 4028 aut
1269 3975 1430 4044 ﬁlios,
1480 3985 1572 4028 aut
1607 3993 1786 4046 agros,
1826 3987 2010 4030 centu-

434 4060 581 4130 plum
616 4063 854 4131 accipiet,
897 4074 948 4118 et
976 4066 1137 4119 vitam
1168 4075 1421 4121 wternam
1455 4068 1737 4135 possidebit
1763 4070 1804 4122 ⁸.
1848 4069 2011 4124 Vides

433 4153 853 4209 liberalitatem?
903 4155 1068 4213 Vides
1109 4159 1444 4214 bonitatem?
1490 4160 1556 4214 Et
1586 4161 1742 4216 valde
1786 4161 2008 4231 quidem

435 4243 725 4313 impudens
754 4245 1030 4303 fenerator
1061 4249 1292 4327 laborat,
1321 4260 1378 4306 ut
1413 4262 1614 4309 sortem
1645 4253 1919 4323 duplicet;
1957 4261 2011 4306 at

383 4372 404 4393 .
433 4331 580 4390 Deus
609 4346 804 4405 sponte
844 4355 966 4402 sua,
1001 4341 1050 4395 ei
1082 4344 1173 4411 qui
1219 4340 1440 4399 fratrem
1479 4360 1639 4400 suum
1683 4359 1792 4398 non
1821 4346 2010 4415 oppri-

435 4424 557 4486 mit,
619 4429 934 4496 centuplum
991 4432 1192 4486 reddit.
1249 4433 1637 4504 Obtemperato
1681 4435 1848 4505 igitur
1902 4434 2010 4490 Deo

436 4514 769 4581 consulenti,
809 4534 1114 4591 usurasque
1147 4533 1375 4592 peccato
1408 4542 1518 4580 non
1560 4527 1831 4582 obnoxias
1863 4527 2009 4583 refe-

437 4619 546 4660 res.
578 4604 690 4658 Cur
723 4617 771 4660 te
815 4609 956 4663 haud
999 4613 1116 4669 sine
1161 4617 1370 4671 scelere
1406 4618 1557 4673 curis
1587 4618 1838 4682 conﬁcis,
1888 4619 2008 4674 dies

504 4791 526 4821 ι
561 4788 750 4845 Matth.
789 4806 899 4858 xu,
930 4791 1020 4856 27,
1051 4791 1145 4846 28.
1181 4757 1184 4760 ’

2185 3245 2284 3296 Ἂν
2314 3243 2372 3296 δὲ
2405 3243 2584 3315 ξενίζῃ
2624 3261 2717 3298 σου
2744 3243 2843 3315 τὴν
2878 3244 3048 3316 ἀκοὴν
3080 3244 3108 3296 ό
3158 3243 3470 3315 παράδοξος
3505 3242 3573 3316 [ό]
3605 3242 3690 3296 λό-

2112 3353 2206 3404 γος
2239 3336 2372 3406 (25),
2404 3336 2689 3408 πρόχειρον
2715 3335 2822 3407 ἔχω
2849 3336 2948 3405 τὴν
2985 3334 3310 3405 μαρτυρίαν,
3352 3337 3438 3389 ὅτι
3465 3337 3576 3396 τοῖς
3605 3332 3687 3385 εὑ-

2115 3427 2286 3490 σεϐῶς
2339 3428 2614 3481 δαπανῶσι
2657 3429 2750 3480 καὶ
2796 3426 3143 3496 εὐεργετοῦσι
3183 3424 3636 3488 πλυπλασιάζων
3663 3423 3690 3474 ό

2112 3515 2244 3578 Θεὸς
2265 3515 2361 3586 τὴν
2391 3515 2624 3586 ἀμοιϐὴν
2658 3515 2971 3569 ἀποδίδωσι.
3003 3516 3210 3588 Πέτρου
3251 3516 3366 3586 γὰρ
3388 3513 3688 3586 ἐρωτῶντος

2115 3605 2210 3659 καὶ¹
2254 3604 2524 3674 λέγοντος·
2579 3605 2725 3660 Ἰδοὺ
2760 3605 2931 3675 ἡμεῖς
2960 3605 3280 3676 ἀφήκαμεν
3313 3606 3543 3668 πάντα,
3595 3601 3687 3655 καὶ

2111 3695 2615 3766 ἠκολουθήσαμέν
2648 3712 2767 3762 σοι,
2817 3697 2875 3750 τί
2909 3696 3023 3765 ἄρα
3055 3699 3226 3752 ἔσται
3260 3697 3453 3766 ἡμῖν-ς
3491 3692 3689 3768 ,Ἀμὴν

2111 3787 2265 3857 λέγω
2285 3792 2446 3856 ὑμῖν,
2464 3789 2616 3860 φησί’
2635 3787 2760 3854 Πᾶς
2781 3789 2949 3855 ὅστις
2975 3789 3215 3858 ἀφῆκεν
3229 3790 3449 3854 οἰκίας,
3467 3788 3505 3857 ἢ
3525 3787 3689 3841 ἀδελ-

2111 3879 2285 3949 φοὺς,
2310 3881 2350 3948 ἢ
2381 3879 2668 3949 ἀδελφὰς,
2694 3880 2731 3948 ἣ
2760 3881 3006 3948 πατέρα,
3028 3881 3066 3948 ἣ
3078 3882 3328 3949 μητέρα,
3363 3882 3403 3949 ἢ
3423 3877 3685 3950 γυναῖκα,

2112 3973 2152 4042 ἢ
2168 3972 2367 4036 τέκνα,
2381 3972 2420 4040 ἣ
2433 3973 2673 4042 ἀγροὺς,
2690 3973 3285 4028 ἑκατονταπλασίονα
3297 3974 3577 4044 λήψεται,
3595 3965 3686 4020 καὶ

2114 4063 2267 4133 ζωὴν
2289 4065 2528 4119 αἰώνιον
2554 4065 3020 4134 κληρονομήσει.
3051 4066 3214 4134 Ὀρᾷς
3231 4064 3327 4135 τὴν
3345 4061 3682 4134 φιλοτιμίανς

2115 4155 2333 4226 βλέπεις
2353 4157 2454 4228 τὴν
2498 4156 2836 4226 ἀγαθότητα;
2891 4155 2950 4211 Ὀ
2991 4156 3195 4226 σφόδρα
3224 4156 3576 4226 ἀναίσχυντος
3600 4149 3685 4203 δα-

2113 4249 2329 4320 νειστὴς
2359 4249 2578 4318 κάμνει,
2611 4249 2695 4302 ἵνα
2723 4249 3048 4319 διπλασιάσῃ
3078 4248 3190 4318 (26)
3220 4247 3280 4300 τὸ
3315 4247 3628 4317 κεφάλαιον·
3657 4241 3684 4293 ὁ

2113 4340 2245 4404 Θεὸς
2284 4341 2339 4394 δὲ
2383 4341 2721 4412 αὐθαιρέτως
2760 4340 2838 4410 τῷ
2872 4341 2945 4411 μὴ
2987 4340 3219 4394 θλίϐοντι
3247 4341 3338 4394 τὸν
3382 4335 3603 4404 ἀδελφὸν
3629 4329 3686 4384 τὸ

2113 4432 2598 4486 ἐκατονταπλάσιον
2643 4432 2855 4484 δίδωσι.¹
2901 4431 3096 4485 Πείθου
3153 4433 3266 4500 (27)
3305 4427 3400 4486 οὖν
3455 4428 3530 4499 τῷ
3573 4421 3683 4493 Θεῷ

2115 4525 2556 4595 συμϐουλεύοντι,
2589 4525 2681 4576 καὶ
2709 4523 2854 4596 λήψῃ
2879 4525 3070 4586 τόκους
3101 4525 3535 4596 ἀναμαρτήτους.
3572 4517 3682 4570 Ἵνα

2113 4618 2167 4670 τί
2215 4618 2352 4688 μετὰ
2383 4617 2658 4688 ἁμαρτίας
2705 4616 2998 4688 μερίμναις
3049 4616 3243 4669 σαυτὸν
3277 4617 3560 4688 ὲκτήκεις,
3589 4605 3680 4668 τὰς

506 4969 826 5053 (2|)_Verba
860 4972 948 5053 διᾲ
964 4975 1062 5053 τὴν
1097 4993 1338 5053 φγγρ...
1375 4977 1631 5042 πλούσιος
1663 4977 1740 5033 ὥν
1795 4980 1863 5036 ab
1895 4981 2003 5036 alia

2113 4981 2264 5053 past.
2301 4981 2480 5053 Lettre
2513 4983 2755 5049 critique,
2787 4998 2841 5053 p.
2897 4983 2968 5039 90
2997 4999 3118 5051 sqq.
3150 4984 3226 5053 (p.
3263 4984 3513 5052 127-3qq.
3535 4990 3673 5053 vers.

437 5042 677 5114 manuin
711 5058 882 5114 marg.
918 5042 1078 5098 habet
1117 5042 1258 5100 non;

507 5112 622 5181 (22)
675 5112 853 5178 Δὸς..ζ
910 5116 1217 5170 ἀποδώσω.
1265 5115 1384 5172 Non
1445 5117 1512 5172 ad
1561 5127 1771 5174 certum
1820 5120 2001 5175 locum

437 5177 852 5259 E_vangeliorum
889 5185 978 5239 hic
999 5189 1272 5259 rcSpicere
1303 5187 1609 5259 Nyssenum
1649 5206 1678 5243 e
1708 5191 1898 5258 plurali
1942 5193 2000 5243 ὲν

437 5250 772 5326 εὐαγγελίοις
793 5256 905 5326 fere
939 5250 1121 5326 patet':
1155 5256 1226 5314 cf.
1252 5250 1432 5314 tamen
1469 5259 1522 5312 S.
1551 5250 1740 5313 Matth.
1771 5276 1844 5323 Vl,
1871 5262 1923 5326 5,
1943 5262 2000 5314 4.

507 5320 618 5391 (25)
645 5320 966 5399 pignome.
1014 5325 1112 5382 Ed.
1161 5329 1402 5399 εὑρήσῃς
1472 5330 1698 5383 Correxi
1751 5320 1985 5385 barbari-

437 5389 610 5465 smum
621 5389 774 5465 ._Subj
785 5389 1036 5465 unetivus
1051 5389 1239 5452 tamen
1250 5389 1538 5454 verborum
1553 5399 2000 5465 αὐθυποτάκτων,

435 5457 1006 5536 νειιιι-εὓρῃςλὰὅῃς.
1059 5469 1208 5526 sim.,
1256 5483 1355 5535 pro
1406 5469 1590 5524 futuro
1647 5457 2002 5525 adhibetura

438 5530 798 5608 scriptoribus
847 5530 1193 5608 précipitata:
1232 5530 1556 5608 Graecitatis,
1621 5555 1730 5608 quo
1772 5539 1839 5593 de
1897 5555 2001 5594 usu

441 5595 561 5675 vide.
599 5595 1106 5675 picestant’issim'am
1135 5615 1318 5660 notam
1351 5610 1415 5662 (Σ.
1453 5607 1512 5660 Β.
1545 5595 1719 5666 Ἠεὲε.
1769 5609 1886 5663 Ind.
1945 5610 2000 5667 in

441 5661 613 5741 Ιιςεοιιξ
645 5663 873 5741 Diacon.
897 5685 944 5741 s.
963 5689 1014 5724 v.
1039 5661 1437 5741 Coniunctivus.
1473 5661 1742 5733 Deivrer‘bi's
1772 5661 2003 5731 αὑθυττοέ

443 5730 944 5817 ξᾴκτεξιεχξαγοςὺξξ
980 5730 1195 5817 scilicet
1221 5761 1343 5811 qua:
1366 5730 1500 5800 ﬁunt
1525 5730 1872 5814 subjitn‘ctiva
1906 5765 2000 5817 per

440 5813 514 5863 se,
543 5818 560 5851 ›
589 5805 886 5869 interprete
900 5805 1221 5868 Boissonad.
1239 5805 1431 5870 lluecd.
1455 5817 1570 5885 Gn,
1593 5805 1685 5871 t.'l|
1709 5833 1762 5887 p.
1783 5818 1878 5874 461
1894 5805 1998 5886 ξεί.

3435 5051 3576 5123 (sic).

2110 5049 2512 5122 Wiedeburg.).
2541 5083 2606 5095 -
2637 5053 2758 5106 Mox
2785 5049 2930 5108 Mon.
2959 5049 3133 5124 χρεὼς
3158 5049 3262 5106 ’του
3301 5071 3394 5108 σου
3435 5049 3576 5123 (sic).
3646 5104 3675 5130 φ

2183 5121 2296 5174 (24)
2350 5122 2449 5174 Ὧς
2497 5122 2747 5174 ἀπόρου.
2813 5125 3020 5174 lnserui
3068 5125 3144 5174 ὡς
3177 5139 3208 5174 e
3257 5123 3404 5174 Mnn-
3461 5124 3598 5174 Ante
3620 5131 3676 5167 ου

2183 5121 2296 5190 (24)
2350 5122 2449 5186 Ὠς
2497 5122 2747 5189 ἀπόρου.
2813 5121 3020 5178 Inserui
3068 5125 3144 5187 ὡς
3177 5139 3208 5179 e
3257 5123 3404 5182 Men.

2109 5193 2294 5259 suppl.
2331 5191 2541 5244 ἐκείνου
2569 5193 2690 5247 scil.
2722 5191 2879 5248 Θεοῦ.

2180 5261 2290 5329 (25)
2337 5261 2399 5314 '0
2429 5263 2770 5332 παράδοξος
2797 5269 2829 5318 ὀ
2851 5263 3052 5332 λόγος.
3086 5263 3342 5322 Vitiatam
3389 5261 3667 5332 tectionf‘m.

2106 5322 2349 5403 emenda
2375 5322 2690 5403 scribendo
2713 5322 2868 5396 οὗτος
2906 5322 2950 5385 6'
2971 5322 3272 5403 παράδοξος
3315 5336 3490 5403 λόγος,
3529 5322 3674 5403 aul-6

2106 5401 2414 5473 σξαράδοξος
2442 5395 2608 5473 οὗτος
2649 5392 2996 5470 λόγος,ἐοιι.
3041 5392 3210 5461 Wolf:
3252 5392 3338 5460 'ad
3387 5392 3670 5473 'néinostlg-

2105 5468 2312 5546 Leptin.
2349 5486 2402 5540 p.
2439 5472 2542 5526 526
2571 5468 2902 5546 ed._Bremi;
2926 5482 3032 5546 aut
3070 5485 3195 5531 ante
3225 5476 3378 5546 λόγος
3414 5471 3531 5527 dele
3549 5468 3671 5518 arti-

2103 5541 2286 5594 culum
2307 5557 2465 5611 quem
2503 5542 2718 5597 uncinis
2740 5543 2959 5598 inclusi.

2180 5610 2293 5680 (26)
2324 5600 2754 5682 Ἄιπλασιάσῃ.
2819 5612 2911 5666 Sic
2947 5615 3162 5670 correxi
3207 5616 3415 5672 editum
3455 5600 3669 5662 διαπλα-

2205 5699 2293 5733 στὶ.

2107 5682 2293 5828 quia).
2318 5751 2550 5805 Πεὶθου.
2579 5752 2944 5828 Μοιιηπὶθντι
2993 5754 3140 5828 (sic).
3174 5753 3453 5812 Librarius
3492 5745 3666 5801 forsan

2111 5823 2422 5892 scripturus
2452 5831 2570 5878 erat
2602 5822 2874 5892 πείσθητι.
