4026 6460
312 492 412 550 M5

1574 502 1852 562 CONTRA
1897 503 2320 568 USURARIOS.

3495 514 3605 570 446

317 606 391 679 μὴ
426 607 617 678 μαθὼν
644 610 709 664 τὸ
752 610 986 679 διδρναι;
1018 614 1090 666 Ἦ
1121 613 1219 667 οὐκ
1248 609 1419 680 οἶδας,
1453 617 1536 671 ὅτι
1570 618 1604 691 ή
1634 622 1907 693 προσευχή

2018 622 2126 678 Deo
2163 623 2494 697 postulabis,
2535 640 2568 680 ο
2607 625 2922 682 fenerator?
2949 626 3067 694 Qua
3110 626 3456 683 conscientia
3487 626 3596 678 voti

316 716 411 753 σου
461 701 776 773 ὑπόμνησις
820 704 1233 776 μισανθρωπίας
1266 708 1446 775 ἐστίν;
1495 709 1560 762 Τί
1595 704 1904 785 συνεχώρη-

317 806 440 853 σας,
472 791 563 845 καὶ
597 792 934 865 συγγνώμην
974 797 1181 861 αίτείς;
1214 797 1349 851 Τίνα
1380 799 1642 872 ήλέησας,
1676 803 1771 857 καὶ
1810 821 1908 858 κα-

317 884 431 948 λεῖς
464 884 557 939 τὸν
604 886 908 958 ὲλεήμονα;
958 890 1056 942 Ἂν
1103 889 1161 943 δὲ
1209 893 1306 945 καὶ
1357 893 1464 964 δῷς
1513 896 1903 970 ἐλεημοσύνην,

322 977 714 1048 μισανθρώπου
746 980 1088 1051 φορολογίας,
1128 984 1231 1037 οὐκ
1267 985 1376 1039 ἀπὸ
1416 990 1713 1062 συμφορῶν
1751 993 1908 1046 ἀλλο-

317 1069 487 1139 τρίων
541 1068 795 1140 δακρύων
834 1071 1069 1141 γέμοντα
1115 1074 1230 1144 (57)
1280 1077 1374 1129 καὶ
1425 1079 1779 1150 στεναγμῶν;
1843 1085 1906 1137 Et

320 1157 616 1229 ἐγνώριζεν
653 1163 681 1214 ὁ
715 1162 887 1231 πένης
933 1163 1096 1218 πόθεν
1127 1164 1341 1237 ὁρέγεις
1374 1167 1472 1240 τὴν
1508 1169 1904 1247 ἐλεημοσύνην,

318 1253 421 1304 οὐκ
452 1252 523 1304 ἄν
554 1252 792 1319 ἐδέξατο,
822 1253 897 1318 ὡς
928 1255 1231 1325 ἀδελφικῶν
1259 1261 1477 1331 σαρκῶν
1497 1263 1752 1330 γεύεσθαι
1777 1268 1909 1336 μέλ-

319 1342 450 1407 λων,
481 1344 578 1397 καὶ
625 1344 857 1415 αἵματος
881 1347 990 1400 τῶν
1018 1347 1266 1402 οἰκείων·
1307 1347 1428 1404 εἷπε
1476 1352 1523 1406 δ’
1566 1355 1632 1408 ἂν
1678 1357 1815 1427 πρὸς
1845 1358 1905 1411 σέ

318 1434 481 1503 λόγον
511 1436 752 1505 γέμοντα
780 1436 1054 1509 σώφρονος
1088 1442 1421 1513 παρρησίας·
1454 1445 1543 1516 Μή
1577 1463 1644 1516 με
1674 1446 1903 1522 θρέῲῃς,

318 1526 608 1597 ἄνθρωπε,
655 1529 764 1582 ἀπὸ
806 1530 1056 1602 δακρύων
1087 1533 1411 1604 ἀδελφικῶν.
1459 1536 1550 1609 Μὴ
1581 1537 1687 1610 δῷς
1739 1541 1905 1612 ἄρτον

320 1617 516 1689 πένητι
552 1619 842 1690 γενόμενον
882 1622 990 1676 ἀπὸ
1019 1625 1338 1695 στεναγμῶν
1378 1625 1488 1680 τῶν
1535 1632 1902 1702 συμπτώχων.

332 1709 625 1763 ’Δνάλυσον
652 1712 791 1782 πρὸς
827 1711 920 1766 τὸν
955 1714 1225 1784 ὁμόφυλον
1257 1717 1285 1770 ὅ
1313 1718 1498 1782 κακῶς
1536 1718 1647 1791 (58)
1689 1722 1905 1794 ἀπῄτη-

322 1817 445 1868 σας,
475 1801 632 1870 κάγὼ
667 1802 987 1875 ὁμολογήσω
1017 1805 1113 1877 τὴν
1147 1806 1326 1879 χάριν.
1370 1809 1435 1862 Τί
1480 1809 1744 1880 ὠφελεῖς,
1778 1813 1905 1866 πολ-

318 1891 452 1957 λοὺς
487 1896 738 1965 πτωχοὺς
773 1896 963 1960 ποιῶν,
999 1898 1095 1952 καὶ
1122 1898 1218 1952 ἐνα
1267 1902 1792 1973 παραμυθούμενοςς
1841 1906 1904 1957 Εἰ

2010 716 2087 770 tui
2123 730 2153 769 a
2189 715 2301 771 Deo
2332 716 2610 787 particeps
2641 717 2761 773 fieri
2797 721 2975 789 cupis,
3011 720 3104 790 qui
3146 720 3330 773 omnia
3365 717 3596 786 accipis,

2006 815 2063 862 et
2107 807 2243 861 nihil
2274 805 2407 862 dare
2455 809 2645 864 nosti?
2696 811 2782 865 An
2837 810 3021 865 nescis
3065 825 3260 880 preces
3296 818 3423 864 tuas
3457 809 3594 862 nihil

2006 913 2132 953 esse
2163 897 2312 952 aliud
2340 913 2505 969 quam
2559 900 2984 956 inbumanitatis
3013 909 3122 957 tua:
3170 898 3597 970 repetitionem?

2007 989 2147 1056 Quid
2211 991 2495 1056 remisisti,
2556 992 2702 1062 quod
2751 993 3134 1048 remissionem
3194 991 3375 1062 petis?
3419 991 3596 1058 Cujus

2005 1083 2268 1138 misertus
2296 1098 2380 1148 es,
2412 1083 2562 1153 quod
2606 1084 3050 1139 misericordiam
3105 1083 3406 1154 imploras?
3453 1080 3519 1135 Et
3551 1081 3598 1135 si

2007 1175 2106 1232 des
2145 1177 2578 1250 eleemosynam,
2632 1177 3056 1233 inhumanitatis
3090 1186 3200 1231 tuae
3248 1176 3594 1238 exactiones,

2006 1280 2075 1320 an
2111 1282 2220 1321 non
2246 1267 2405 1338 plena
2436 1275 2521 1323 est
2548 1268 2852 1321 alienarum
2888 1268 3291 1332 calamitatum,
3328 1265 3599 1335 lacryma-

2006 1369 2125 1410 rum
2158 1364 2214 1410 ct
2255 1356 2593 1426 gemituum?
2622 1356 2781 1423 Quod
2808 1355 2856 1411 si
2901 1356 3062 1427 inaps
3090 1357 3282 1418 sciret,
3321 1355 3597 1410 undenam

2006 1446 2261 1517 largiaris
2314 1447 2759 1519 eleemosynam,
2812 1448 3001 1515 utique
3070 1462 3179 1501 non
3246 1456 3590 1515 acceptaret,

2005 1535 2303 1606 refugiens'
2341 1535 2599 1591 videlicet
2648 1544 2875 1607 gustare
2938 1535 3213 1591 fraternas
3271 1549 3489 1598 carnes,
3543 1541 3598 1589 et

2005 1627 2327 1698 sanguinem
2379 1640 2606 1683 suorum
2656 1626 3056 1691 familiarium,
3114 1634 3278 1696 teque
3339 1640 3599 1681 sermone

2005 1717 2286 1771 moderata
2315 1719 2549 1789 quadam
2575 1718 2827 1774 libertate
2853 1719 3014 1789 pleno
3044 1718 3432 1773 cohortaretur
3470 1737 3483 1769 :
3521 1715 3600 1770 Ne

2006 1823 2115 1875 me,
2150 1823 2184 1863 ο
2228 1808 2414 1876 homo,
2451 1811 2569 1867 alas
2602 1809 2864 1866 fraternis
2918 1810 3200 1882 lacrymis.
3244 1807 3325 1865 Ne
3376 1808 3597 1863 dederis

2006 1917 2201 1972 panem
2260 1904 2486 1975 pauperi
2549 1903 2858 1959 confectum
2918 1918 2985 1958 ex
3035 1903 3241 1974 gemitu
3293 1917 3595 1974 egenorum

324 1985 400 2056 μὴ
432 1985 638 2055 πλῆθος
674 1982 743 2057 ἦν
783 1988 1071 2052 τοκιστῶν,
1106 1991 1208 2043 οὐκ
1248 1990 1315 2045 ἂν
1345 1987 1414 2063 ἦν
1459 1993 1523 2046 τὸ
1554 1993 1760 2065 πλῆθος
1795 1996 1905 2049 τῶν

2018 2005 2252 2045 meorum
2285 1991 2582 2047 sodalium.
2618 1990 2808 2047 Redde
2848 1991 3006 2046 fratri
3049 1999 3147 2045 tuo
3179 2006 3208 2045 a
3234 2006 3345 2061 quo
3393 1991 3600 2060 iniuste

321 2077 657 2147 πενομένων.
687 2076 863 2132 Λῦσόν
895 2095 989 2132 σου
1021 2079 1119 2152 τὴν
1152 2081 1387 2153 φατρίαν
1419 2083 1554 2153 (59),
1581 2085 1676 2139 καὶ
1707 2086 1907 2149 πάντες

319 2169 522 2236 ἕξομεν
557 2167 658 2240 τὴν
705 2170 1061 2242 αὐτάρκειαν.
1105 2172 1314 2236 Πάντες
1348 2174 1456 2227 τῶν
1485 2176 1750 2230 τοκιστῶν
1780 2195 1909 2230 κατ-

320 2261 608 2333 ηγοροῦσι,
648 2263 742 2316 καὶ⁴
768 2264 869 2317 οὐκ
910 2262 1026 2317 ἐστι
1065 2263 1160 2317 τοῦ
1208 2266 1380 2319 κακοῦ
1417 2265 1680 2339 θεραπεία
1714 2268 1904 2341 νόμος,

288 2422 303 2429 β
321 2355 623 2425 προφῆται,
649 2355 1052 2424 εὐαγγελισταί.
1083 2353 1186 2410 Οἴα
1208 2358 1339 2427 γοῦν
1361 2361 1389 2412 ὁ
1408 2359 1692 2425 θεσπέσιος
1727 2362 1907 2434 Ἀμὼς

320 2445 492 2515 λέγει’
547 2448 872 2503 Ἀκούσατε
901 2449 1033 2519 (40),
1056 2452 1111 2503 οί
1134 2449 1509 2518 ἑκτρίόοντες
1535 2455 1625 2518 εις
1668 2453 1732 2506 τὸ
1759 2455 1912 2522 πρωῒ

321 2538 573 2608 πένητα,
594 2538 692 2593 καὶ
722 2539 1351 2608 καταδυναστεῦον-τες
1371 2543 1648 2612 πτωχοὺς
1668 2544 1905 2619 ἐπζτῆς

320 2628 457 2701 τῆς·
498 2633 553 2685 οἱ
577 2630 893 2701 λέγοντες,
933 2634 1084 2686 Πότε
1126 2631 1502 2688 διελεύσεται
1549 2637 1583 2687 ό
1613 2632 1763 2703 μὴν,
1809 2635 1909 2688 καὶ

321 2721 801 2792 ἐμπολήσομρν;
841 2722 978 2776 Οὐδὲ
1026 2723 1139 2795 γὰρ
1167 2724 1400 2796 πατέρες
1443 2724 1586 2777 οὕτω
1629 2725 1906 2796 χαίρουσιν

321 2815 419 2869 ἐπὶ
448 2817 516 2886 τῇ
562 2814 815 2883 γεννήσει
854 2813 965 2868 τῶν
1014 2816 1241 2884 παίδων,
1271 2817 1349 2879 ὡς
1388 2820 1439 2871 οἱ
1465 2818 1771 2883 τοκίζοντες
1816 2817 1908 2870 εὖ-

322 2905 643 2979 φραίνονται
668 2904 775 2960 τῶν
806 2906 995 2978 μηνῶν
1027 2907 1440 2981 πληρουμένων.

398 3166 640 3225 Καλοῦσι
661 3167 721 3224 δέ
758 3168 859 3241 τὴν
885 3134 1160 3243 ἁμαρτίαν
1194 3175 1409 3243 σεμνοῖς
1441 3173 1689 3247 ὀνόμασι⁸
1724 3176 1913 3246 φιλάν-

324 3265 546 3334 θρωπον
578 3263 640 3317 τὸ
671 3264 866 3334 λῆμμα
910 3264 1413 3335 προσαγορεύοντες
1435 3307 1450 3332 ,
1493 3267 1637 3321 κατά
1680 3268 1910 3340 μίμησιν

334 3354 708 3427 Ἑλλήνων,ὀῖ
739 3352 853 3425 (41)
880 3353 1141 3423 δαίμονάς
1178 3372 1330 3419 τινας
1358 3336 1778 3428 μισανθρώπους
1813 3336 1912 3412 καὶ
1938 3336 1980 3394 C

324 3447 597 3520 φονώσας,
634 3447 756 3501 ἀντὶ
780 3448 879 3518 τῆς
899 3444 1134 3518 ἀληθοῦς
1162 3446 1425 3520 κλήσεως,
1466 3450 1768 3520 Εὐμενίδας
1798 3450 1912 3522 (42)

321 3543 847 3617 προσαγορεύουσιν.
879 3541 1265 3613 Φιλὰνθρωπὸς
1292 3559 1356 3611 γε
1382 3561 1397 3609 ;
1428 3544 1504 3596 Οὐ
1541 3542 1650 3613 γὰρ
1677 3546 1710 3615 ή
1752 3544 1912 3597 τόκου

323 3635 562 3706 εἰσφορὰ
585 3634 767 3698 οἴκους
783 3632 1134 3705 ἐκτρίϐουσα,
1158 3632 1421 3697 πλούτους
1441 3632 1739 3689 δαπανῶσα
1761 3635 1874 3704 (43)
1894 3674 1909 3699 ,

322 3729 456 3793 τοὺς
476 3724 536 3783 εὖ
559 3728 852 3798 γεγονότας
880 3730 1062 3799 χεῖρον
1081 3727 1180 3800 ζῇν
1205 3726 1314 3781 τῶν
1340 3727 1542 3782 δούλων
1565 3728 1915 3800 τιαραιττνιευά⁴

322 3824 534 3886 ζουσα,
570 3820 704 3890 πρὸς
734 3819 912 3889 ὀλίγον
939 3820 1217 3891 τέρπουσα
1251 3821 1309 3873 ἐν
1335 3820 1566 3892 ἀρχαῖς,
1595 3820 1693 3874 καὶ
1718 3821 1915 3893 πικρὸν

324 3913 420 3968 τὸν
463 3912 523 3976 ἐς
551 3911 780 3984 ὕστερον
813 3911 927 3981 βίον
971 3911 1500 3982 παρασκευάζουσα;
1563 3911 1653 3976 Ὦς
1691 3911 1800 3984 γὰρ
1845 3913 1916 3966 τά

324 4004 513 4075 πτηνὰ
533 4002 603 4058 τὰ
628 4003 740 4075 (44)
772 4002 919 4074 παρὰ
953 4001 1063 4054 τῶν
1094 4000 1420 4071 ὀρνιθευτῶν
1451 4002 1913 4073 ἐπιϐουλευόμενα

321 4096 537 4167 ἥδεται,
558 4095 887 4165 ραινομένων
907 4092 1017 4146 τῶν
1040 4094 1372 4165 σπερμάτων
1402 4095 1607 4158 αὐτοῖς,
1633 4095 1728 4148 καὶ
1753 4096 1914 4166 φίλην

324 4191 564 4244 ποιεῖται
594 4188 691 4242 καὶ
721 4185 928 4256 συνήθη
972 4184 1248 4257 διαγωγὴν
1296 4185 1397 4257 τὴν
1439 4186 1498 4237 ἐν
1543 4184 1771 4249 ἐκείνοις
1802 4190 1915 4250 τοῖς

324 4282 537 4345 τόποις,
565 4283 623 4335 ἐν
659 4275 741 4341 οἷς
775 4277 1002 4348 δαψιλὴς
1037 4279 1224 4341 αὐτοῖς
1256 4278 1290 4348 ή
1327 4276 1504 4348 τροφὴ
1535 4276 1783 4344 γίνεται,
1824 4295 1915 4348 μι-

326 4374 465 4444 κρὸν
496 4373 553 4427 δὲ
590 4371 813 4443 ὕστερον
845 4369 1170 4440 ἐνσχεθέντα
1218 4370 1331 4433 τοῖς
1367 4367 1663 4439 θηράτροις
1710 4367 1915 4421 διόλλυο

324 4483 455 4520 ταιο
488 4464 658 4529 οὕτως
715 4467 766 4518 οἱ
796 4464 867 4518 τὰ
903 4462 1099 4517 ἐντοκα
1138 4460 1246 4516 τῶν
1278 4461 1654 4532 δανεισμάτων
1698 4461 1914 4532 λαμϐά-

327 4576 534 4624 νοντες,
568 4558 746 4627 ὀλίγον
777 4556 1185 4628 εὐπορήσαντες
1224 4554 1437 4626 χρόνον,
1473 4551 1701 4624 ὕστερον
1743 4553 1915 4623 αὐτῆς

325 4653 430 4723 τῆς
455 4651 730 4723 πατρικῆς
758 4649 942 4712 ἑστίας
974 4646 1351 4702 ἐκπίπτουσιν.
1386 4646 1577 4710 Ἔλεος
1604 4645 1663 4700 δέ
1690 4644 1905 4711 ἐξοικεῖ-

326 4760 422 4798 ται
450 4743 559 4798 τῶν
584 4739 795 4813 μιαρῶν
818 4740 914 4795 καὶ
934 4738 1286 4810 φιλαργύρων
1306 4737 1495 4808 ψυχῶν
1514 4736 1648 4809 (45),
1678 4737 1774 4791 καὶ
1797 4736 1917 4807 βλέ-

329 4850 525 4898 ποντες
559 4832 728 4904 αὐτὴν
758 4832 857 4905 τὴν
889 4830 1064 4885 οίκίαν
1110 4828 1206 4883 τοῦ
1235 4829 1543 4898 ὀφείλοντος
1587 4827 1749 4882 ὢνιον
1783 4845 1917 4898 προ-

330 4925 616 4997 κειμένην,
641 4926 742 4980 ob):
765 4923 1115 4988 ἐπικλῶνται,
1142 4920 1279 4977 ἀλλὰ
1299 4920 1397 4975 καὶ
1426 4918 1626 4992 μᾶλλον
1651 4918 1754 4990 τὴν
1774 4919 1914 4990 πρᾶ-

402 5066 426 5099 ⁹
460 5065 629 5121 Amos
660 5080 779 5131 vtu,
803 5062 857 5129 4,
893 5061 947 5118 5.

411 5204 526 5275 (37)
561 5202 850 5275 Γέμρντα.
891 5199 967 5255 De
1016 5199 1121 5253 hoc
1162 5195 1452 5269 participio
1510 5195 1655 5267 plur.
1711 5202 1894 5251 neutr.

332 5295 391 5335 ν.
424 5272 718 5345 Matthiae§
749 5272 876 5345 νει.
909 5341 920 5345 _
999 5340 1008 5345 _
1266 5335 1315 5345 __
1452 5336 1467 5345 _
1627 5335 1653 5345 _
1740 5332 1771 5345 ..

409 5348 524 5422 (58)
570 5348 640 5398 "0
672 5335 867 5408 νῖακῶς
888 5340 1232 5409 ἀπῄτησας.
1266 5335 1415 5393 Mon.
1445 5336 1475 5388 ὁ
1506 5335 1693 5398 κακῶς
1728 5335 1918 5390 ἄποτί.

335 5438 526 5611 WE!)
562 5483 841 5587 Φιιηριαν.
893 5478 993 5535 Ed.
1031 5479 1297 5561 φατριάν,
1315 5476 1581 5534 scribitur
1601 5484 1781 5529 autem
1816 5493 1920 5545 φα-

335 5577 405 5611 to
472 5597 487 5611 .
519 5553 918 5611 moo.u16vm;,
939 5558 1075 5605 teste
1101 5549 1357 5611 Arcadio,
1392 5564 1444 5611 p.
1482 5546 1607 5608 100,
1634 5544 1687 5599 6.
1720 5544 1920 5600 Forma

333 5544 487 5631 τρία,
512 5544 1075 5631 ’παροξυτόνως-..ῐθεξὸ
1101 5544 1365 5631 Arcadio,
1392 5564 1444 5618 p.
1482 5544 1687 5631 100,76.
1710 5544 1920 5631 Forma

337 5619 571 5697 antiqua
600 5619 687 5697 est
723 5622 984 5697 φρατρία.
1011 5619 1275 5697 Φατρίαν,
1315 5620 1407 5697 hic
1439 5632 1576 5697 eum.
1600 5624 1917 5697 cpntemptu

339 5684 573 5759 dictum,
612 5684 781 5751 docte
835 5684 1077 5747 illustrat
1122 5684 1300 5761 Coray
1342 5688 1411 5744 ad
1460 5686 1743 5742 Heliodor.
1780 5684 1919 5754 t.'ll,

708 5835 719 5843 .
948 5830 995 5843 -.
1060 5834 1073 5843 .
1234 5830 1248 5843 .
1343 5829 1354 5843 .
1564 5826 1655 5843 ,.

415 5835 903 5909 μθγΑκούο-αινιξζ
948 5830 1189 5909 Verbum
1224 5830 1514 5909 ἀκούσατε.
1551 5830 1815 5909 omissum
1863 5830 1917 5882 in

512 5900 824 5974 suppeditat
852 5902 1415 5974 Mon.gVertit_tamen
1455 5900 1776 5956 Gretserus.

425 5977 538 6050 (41)
574 5971 660 6030 Οἵ.
696 5978 775 6032 lta
807 5986 951 6032 recte
972 5972 1115 6029 Mon.
1148 5971 1245 6033 Ed.
1272 5973 1341 6025 οἱ.

2006 2081 2355 2151 subripuisti,
2397 2090 2452 2138 et
2491 2089 2672 2153 grates
2703 2098 2885 2153 agam.
2922 2081 3065 2149 Quid
3111 2080 3364 2137 utilitatis
3407 2080 3597 2144 aﬂ‘ers,

2008 2171 2139 2227 dum
2175 2173 2379 2228 multos
2407 2172 2578 2230 efficis
2615 2174 2830 2244 inopes,
2865 2182 2920 2229 et
2956 2188 3126 2228 unum
3165 2172 3505 2229 consolaris?
3540 2170 3599 2226 Si

2007 2278 2120 2318 non
2162 2271 2311 2320 esset
2344 2274 2499 2319 tanta
2540 2265 2837 2320 multitudo
2868 2265 3274 2329 usurariorum,
3308 2278 3419 2318 non
3451 2270 3599 2318 esset

2008 2362 2160 2409 tanta
2203 2354 2359 2425 capia
2387 2371 2713 2426 pauperum.
2753 2354 3003 2411 Dissolve
3042 2355 3244 2409 tribum
3288 2360 3342 2409 et
3394 2352 3598 2408 sodali-

2007 2449 2141 2503 tium
2175 2455 2351 2513 tuum,
2392 2449 2762 2519 omnibusque
2798 2456 3092 2519 suppetent
3124 2462 3214 2503 res
3241 2459 3597 2502 necessariae.

2009 2535 2213 2594 Omnes
2254 2547 2520 2594 accusant
2564 2539 2935 2605 feneratores,
2984 2553 3086 2594 nec
3124 2537 3268 2593 malo
3311 2537 3439 2590 huic
3487 2551 3594 2589 tite-

2009 2629 2125 2683 deri
2171 2638 2382 2700 queunt
2411 2648 2426 2686 :
2455 2630 2566 2696 lex,
2619 2632 2939 2702 prapltetae,
2988 2630 3357 2701 evangelista}.
3400 2628 3596 2693 Qualia

2009 2719 2231 2776 divinus
2269 2723 2437 2776 Amos
2470 2722 2684 2776 intonat
2715 2740 2727 2775 :
2756 2723 2973 2787 Audite,
3003 2722 3094 2792 qui
3128 2719 3404 2774 conteritis
3448 2733 3602 2770 mane

2007 2827 2288 2881 pauperem
2351 2822 2401 2868 et
2462 2813 2760 2883 opprimitis
2815 2828 3001 2883 egenos
3060 2823 3252 2876 terrae,
3311 2810 3598 2863 dicentes:

2013 2904 2239 2970 Quando
2271 2904 2521 2960 transibit
2557 2905 2772 2966 mensis,
2803 2915 2852 2959 et
2882 2903 3301 2959 venundabimus
3326 2915 3522 2955 merces
3543 2898 3603 2950 οἳ

2012 2992 2198 3065 Neque
2238 2997 2383 3052 enim
2421 3007 2602 3066 patres
2644 3005 2930 3066 tantopere
2961 2997 3215 3051 laetantur
3248 2992 3602 3068 generatione

2013 3086 2274 3150 filiorum,
2313 3095 2580 3157 quantum
2617 3087 2959 3143 feneratores
3002 3087 3108 3143 line
3139 3088 3434 3143 mensium.

2084 3179 2227 3245 Quin
2264 3186 2316 3232 et
2360 3180 2542 3234 scelus
2588 3195 2750 3236 suum
2805 3180 3048 3250 pulchris
3103 3180 3360 3235 obvelant
3419 3183 3602 3236 nomi-

2014 3271 2551 3337 nibus,bumanum
2611 3286 2840 3327 cen3um
2900 3287 2995 3327 seu
3060 3279 3332 3343 quaestum
3377 3276 3605 3344 appelli-

2016 3372 2195 3419 tantes
2273 3363 2625 3418 Etltnicorum
2692 3364 2899 3431 instar,
2969 3365 3061 3434 qui
3132 3364 3265 3419 deas
3336 3367 3604 3435 quasdam

2014 3454 2145 3511 odio
2199 3456 2253 3510 in
2302 3464 2535 3510 cunctos
2568 3456 2934 3510 inflammatas
2962 3496 2977 3518 ,
3007 3454 3403 3524 hominumque
3434 3456 3607 3509 inter-

2014 3547 2302 3609 fcetrices,
2332 3562 2443 3601 non
2472 3562 2607 3601 vero
2639 3546 2733 3601 sed
2762 3546 2879 3599 miti
2912 3546 3135 3599 nomine
3169 3553 3368 3599 vocant
3402 3544 3604 3597 Eume-

2017 3639 2195 3693 nides.
2237 3636 2390 3692 Itane
2427 3652 2559 3692 vero
2594 3636 2873 3690 humanus
2926 3634 3168 3690 census?
3217 3637 3295 3687 An
3333 3649 3439 3688 non
3472 3648 3604 3687 exa-

2015 3731 2128 3787 mio
2151 3744 2334 3785 usurae
2359 3738 2466 3792 est,
2495 3744 2618 3798 qua:
2640 3729 2834 3783 domos
2858 3730 3075 3793 evertit,
3093 3726 3320 3781 divitias
3347 3724 3603 3795 dissipat,

2015 3822 2322 3893 efﬁcitque,
2360 3832 2420 3876 ut
2455 3820 2550 3892 qui
2590 3821 2826 3875 honesto
2850 3831 2904 3874 et
2942 3819 3111 3873 nobili
3145 3820 3265 3872 loco
3296 3818 3408 3871 nati
3443 3825 3604 3878 sunt,

2016 3915 2340 3970 deteriorem
2373 3914 2538 3968 vitam
2574 3914 2760 3967 vivant
2806 3928 2968 3984 quam
2999 3912 3174 3976 servi,
3219 3926 3340 3981 quae
3387 3908 3604 3981 quidem

2018 4009 2177 4062 initio
2245 4007 2496 4061 nonnihil
2554 4006 2826 4072 delectat,
2890 4004 3233 4076 posteriores
3298 4018 3429 4058 vero
3487 4001 3609 4056 vita:

2017 4110 2205 4171 partes
2266 4101 2466 4155 acerbo
2536 4098 2725 4155 dolore
2785 4097 3064 4169 complet?
3130 4093 3607 4164 Quemadmodum

2015 4195 2162 4249 enim
2202 4210 2370 4259 aves,
2403 4194 2606 4267 quibus
2643 4208 2884 4263 aucupes
2931 4190 3160 4245 insidias
3190 4187 3458 4252 tendunt,
3512 4187 3610 4241 de-

2015 4287 2288 4341 lectantur
2324 4286 2598 4357 principio
2636 4286 2857 4355 quidem
2902 4296 3096 4353 sparsa
3130 4281 3240 4335 illis
3271 4295 3398 4336 esca
3431 4320 3448 4347 ,
3481 4279 3610 4332 illa-

2016 4394 2123 4448 que
2153 4378 2271 4432 loca
2296 4378 2670 4446 frequentant,
2699 4376 2754 4429 in
2774 4375 2973 4446 quibus
3002 4374 3224 4428 uberem
3254 4382 3308 4427 et
3324 4373 3608 4443 copiosum

2018 4469 2205 4523 cibum
2232 4467 2555 4537 reperiunt,
2592 4466 2758 4537 paulo
2796 4471 2920 4537 post
2967 4473 3148 4519 autem
3183 4464 3398 4519 retibus
3435 4470 3611 4532 captat

2015 4562 2292 4617 intereunt
2319 4579 2332 4615 :
2366 4559 2445 4614 sic
2474 4567 2529 4614 et
2551 4558 2645 4629 qui
2671 4557 2948 4613 fenebrem
2982 4557 3267 4625 pecuniam
3300 4555 3610 4626 accipiunt,

2018 4650 2268 4722 perbrevi
2309 4649 2574 4720 temporis
2605 4647 2783 4718 spatio
2813 4646 3116 4710 abundant,
3146 4654 3334 4717 postea
3368 4658 3497 4700 vero
3525 4658 3611 4713 pa-

2024 4743 2195 4798 ternis
2240 4741 2465 4798 sedibus
2514 4740 2796 4796 excidnnt.
2839 4740 3116 4796 Caeterum
3162 4738 3344 4794 onmis
3395 4734 3603 4791 miseri-

2023 4834 2210 4890 cordia
2244 4835 2461 4890 exsulat
2503 4834 2571 4887 ab
2602 4833 2988 4888 usurariorum
3018 4832 3246 4904 perditis
3289 4841 3344 4886 et
3378 4829 3611 4884 scelera-

2028 4927 2102 4983 tis
2134 4927 2368 4992 animis,
2416 4942 2650 4997 cumque
2685 4925 2861 4996 ipsam
2900 4925 3169 4981 debitoris
3192 4926 3413 4980 domum
3447 4934 3611 4976 vena-

2086 5190 2201 5260 (εει
2234 5191 2604 5263 Εὐμενίδιις.Δ
2630 5187 2920 5263 Ἶε-Ξείιοί.
2967 5187 3037 5263 ad
3094 5185 3252 5263 S_oph_.
3294 5184 3433 5263 (Ed;
3491 5189 3608 5247 Col.

2018 5257 2103 5319 θ’
2141 5272 2195 5319 et
2220 5257 2645 5334 praesertinro.
2675 5261 2919 5334 Mueller.
2967 5258 3034 5312 ad
3085 5257 3328 5327 ΑἰεεΙινί.
3384 5258 3609 5317 Eumen.

2023 5334 2127 5388 168
2164 5329 2308 5403 sqq.
2334 5334 2464 5386 cnll.
2498 5329 2762 5403 Stephan.
2803 5329 3064 5403 Ἰξιιριςαιιιςἷ
3101 5345 3147 5381 s.
3182 5343 3235 5381 v.

2092 5398 2223 5475 (45f
2249 5398 2578 5475 Ἠλούτους
2599 5398 2998 5475 ’δαπανῶςαμ
3027 5398 3439 5475 Verteratuha‘c
3478 5398 3553 5475 Gr
3574 5422 3612 5446 ‘-

2019 5465 2222 5532 tse‘rus.
2252 5474 2345 5530 sed
2375 5465 2576 5526 omissa
2604 5480 2733 5524 sunt
2752 5471 2804 5525 in
2840 5469 2937 5523 Ed.
2966 5465 3246 5536 Supplevit
3274 5467 3419 5523 Mon.
3439 5500 3507 5511 -——
3529 5471 3611 5524 ln-

2023 5545 2108 5599 fra
2140 5546 2236 5599 Ed.
2272 5543 2492 5614 χείρων,
2513 5541 2673 5614 male.

2092 5615 2205 5683 (Μ)
2240 5606 2313 5668 ﬁt
2346 5606 2566 5683 arma,
2604 5610 2695 5665 Sic
2728 5609 2871 5683 M_on.
2903 5606 3003 5663 Ειι.
3043 5606 3289 5662 πετεινά.
3328 5638 3398 5650 --
3436 5608 3610 5665 Paulo

2024 5695 2144 5755 post
2158 5728 2171 5741 .
2188 5681 2340 5738 Man.
2379 5684 2521 5737 male
2545 5681 2852 5755 διαγωγῶν.

2064 5755 2210 5837 ~(45)
2247 5756 2520 5837 Ἕζῑεοςτ.
2552 5747 2791 5837 lyp-3&6»;
2822 5748 2964 5837 Non:
2997 5747 3165 5837 9.st
3191 5747 3248 5837 δὲ
3268 5747 3611 5837 ’ἐξοικεῖΛτὰς

2022 5817 2142 5907 τῶν.
2164 5823 2375 5896 μιαρῶν
2405 5817 2500 5877 καὶ
2531 5817 2889 5942 φυλαρῦύρων
2921 5821 3046 5901 (leg.
3086 5817 3223 5945 ιςιλ.)
3253 5818 3450 5889 ψυχάς.
3474 5818 3610 5884 Quae

2020 5898 2183 5950 lectio
2217 5893 2401 5948 forsan
2424 5898 2668 5963 praestat.
2751 5890 2951 5945 mdorf.
2988 5908 3042 5945 tn
3140 5891 3356 5945 itesaur.
3409 5886 3606 5961 Steph.

2021 5965 2194 6021 Didot.
2235 5965 2302 6019 de
2328 5961 2437 6018 hoc
2457 5963 2578 6018 loco
2605 5961 2723 6017 silet
2764 5975 3012 6027 prorsus.
