4026 6470
195 371 276 430 “9
1457 369 1740 430 CONTRA
1771 365 2188 428 USURARIOS.

3352 375 3454 431 450

197 490 392 556 νείσῃς
433 485 515 552 τῷ
541 485 960 555 άδελφῷτσου,
994 485 1105 541 οὐκ
1135 483 1252 555 ἔσῃ
1290 485 1479 541 αὐτὸν
1505 485 1775 540 κατεπεί-

1881 484 2015 541 Aliis
2037 498 2170 540 vero
2194 499 2209 538 :
2245 481 2534 548 Pecuniam
2557 497 2710 538 suam
2741 499 2845 538 non
2873 483 3017 539 dedit
3043 485 3114 540 ad
3145 504 3367 544 usuram
3387 494 3454 542 “.

197 598 324 652 γων.
360 580 643 645 Ματθαῖος
689 583 748 636 δέ
799 584 856 637 ἐν
898 577 1238 652 παραϐολαῖς
1277 575 1508 647 ἔκραξεν
1567 577 1773 644 λέγων,

196 672 512 725 Δεσποτικὸν
526 671 686 740 λόγον
704 671 1080 740 ἀπαγγέλλων·
1098 669 1287 724 Δοῦλε
1307 666 1551 738 πονηρὲ,
1575 667 1780 724 πᾶσαν

196 761 305 828 τὴν
341 758 596 828 ὀφειλὴν
624 761 866 828 ἐκείνην
891 758 1100 828 ἀφῆκά
1130 771 1251 819 σοι,
1289 757 1418 810 ἐπεὶ
1449 756 1778 824 παρεκάλε-

197 849 311 917 σάς
330 868 429 920 με.
457 853 579 905 Οὐκ
619 851 742 905 ἔδει
779 851 877 904 καὶ
907 849 984 904 σὲ
1017 848 1272 918 ἐλεῆσαι
1301 847 1410 901 τόν
1434 847 1780 903 σύνδουλόν

195 959 339 1006 σου,
382 942 464 1008 ὠς
497 941 597 995 καὶ
641 941 754 1010 ἐγώ
788 955 862 996 σε
910 939 1181 1008 ridenda;
1221 938 1332 993 Kal
1390 937 1684 1008 ὀργισθεὶς
1747 940 1780 991 o'

194 1034 401 1100 Κύριος
430 1031 776 1100 παρέδωκεν
815 1026 1003 1086 αὖτὸν
1039 1030 1164 1098 τοῖς
1188 1029 1600 1096 ,βασανισταῖς
1619 1069 1632 1094 ,
1668 1029 1780 1094 ἕως

193 1120 262 1180 οὗ
297 1123 504 1188 ἁποδῷ
531 1120 665 1178 »πᾶν
701 1124 769 1177 τὸ
795 1124 1191 1194 ὀφειλόμενον
1211 1121 1392 1188 αὐτῷ.
1426 1122 1560 1174 Τότε
1592 1139 1650 1174 σε
1683 1138 1781 1174 κα-

201 1216 486 1288 ταλήψεται
513 1217 546 1288 ή
570 1216 827 1287 ἀνόνητος
855 1216 966 1286 (54)
994 1213 1328 1287 μεταμέλεια
1350 1231 1365 1245 ·
1399 1215 1693 1284 στεναγμοὶ
1721 1214 1779 1267 δέ

195 1308 600 1378 καταλήψονται
635 1307 844 1378 βαρεῖς,
873 1308 969 1361 καὶ
998 1307 1220 1369 κόλασις
1250 1306 1643 1377 ἀπαραίτητος.
1669 1307 1782 1358 Οὑ-

194 1399 359 1468 δαμοῦ
413 1399 472 1451 δὲ
503 1397 702 1470 χρυσὸς
748 1397 980 1469 βοηθῶν,
1022 1399 1122 1451 οὐκ
1171 1397 1412 1469 ἄργυρος
1459 1397 1775 1468 ἐπαμύνων.

193 1489 501 1560 Πικροτέρα
525 1488 579 1540 δὲ
610 1488 770 1560 χολῆς
799 1490 831 1558 ή
866 1488 974 1542 τῶν
995 1487 1171 1542 τόκων
1198 1488 1468 1551 ἀνάδοσις.
1503 1487 1689 1541 Ταῦτα
1715 1489 1775 1542 οὑ

193 1582 414 1651 ῥήματα
443 1577 711 1648 φοϐοῦντα
735 1618 750 1643 ,
782 1578 917 1632 ἀλλὰ
951 1579 1254 1650 πράγματα
1283 1578 1457 1650 ἀληθῆ
1483 1619 1498 1643 ,
1544 1580 1649 1650 πρὸ
1678 1579 1778 1649 τῆς

187 1673 386 1742 πείρας
416 1670 477 1723 τὺ
517 1672 801 1741 κριτήριον
829 1670 1324 1741 διαμαρτυρόμενα,
1367 1669 1403 1724 ἃ.
1437 1669 1777 1739 φυλάξασθαι

193 1764 266 1835 τῷ
295 1763 667 1835 σωφρονοῦντι
691 1762 874 1831 καλὸν,
900 1763 990 1816 καὶ
1013 1754 1058 1832 ᾧ
1084 1761 1179 1816 τοῦ
1213 1762 1498 1834 μέλλοντος
1525 1763 1774 1835 πρόνοια.

261 2053 380 2107 Ἵνα
409 2052 465 2105 δὲ
497 2051 699 2122 μεταξὺ
725 2050 832 2104 τῶν
861 2050 954 2103 τοῦ
991 2048 1126 2104 Θεοῦ
1158 2048 1443 2120 χριμάτων
1467 2048 1558 2103 καί
1577 2067 1630 2102 τι
1658 2049 1772 2123 (55)

193 2145 297 2199 τῶν
314 2148 372 2198 ἐν
399 2146 510 2207 τοῖς
537 2142 658 2196 καθ’
676 2144 822 2213 ἡμᾶς
845 2142 1058 2214 χρόνοις
1084 2142 1405 2212 συμϐάντων
1437 2143 1496 2194 ἐν
1517 2142 1664 2213 οἰκίᾳ
1685 2159 1766 2195 το-

185 2235 464 2306 κογλύφον
488 2235 888 2305 διηγησάμενος
909 2233 1180 2304 ὠφελήσω
1201 2251 1253 2286 τι
1284 2235 1412 2298 τοὺς
1438 2233 1738 2298 ἀκούοντας
1757 2274 1772 2300 ,

191 2327 462 2384 ἀκούσατε
493 2324 586 2379 τοῦ
614 2324 795 2393 λόγου,
828 2325 924 2378 καὶ
948 2325 1087 2396 τάχα
1107 2307 1156 2378 οἱ
1192 2325 1375 2379 πολλοὶ
1394 2325 1490 2396 τὴν
1519 2326 1774 2383 ὑπόθεσιν

193 2420 267 2484 ὡς
301 2417 578 2488 γνώριμον
608 2415 999 2486 ἐπιγνώσεσθε.

275 2642 442 2713 ’Δνήρ
470 2657 554 2704 τις
599 2634 667 2712 ἦν
713 2638 804 2691 ἐπὶ
833 2638 991 2710 τῆσδε
1020 2638 1121 2709 τῆς
1152 2638 1359 2702 πόλεως
1407 2638 1545 2707 (οὐκ
1582 2640 1691 2712 ἐρῶ
1720 2641 1776 2694 δέ

181 2735 434 2804 τοῦνομα
456 2774 471 2800 ,
501 2732 784 2804 κωμῳδεῖν
827 2732 1087 2802 ὀνομαστὶ
1116 2731 1207 2784 τὸν
1231 2731 1632 2803 τελευτήσαντα
1676 2749 1776 2801 φυ-

191 2826 573 2898 λαττόμενος),
608 2824 801 2895 τέχνην
825 2823 963 2894 ἔχων
989 2823 1056 2877 τά
1084 2823 1434 2894 δανείσματα,
1465 2825 1560 2876 καὶ
1588 2823 1685 2896 τὴν
1712 2826 1775 2877 ἐκ

196 2920 304 2974 τῶν
341 2918 555 2990 μιαρῶν
601 2916 779 2970 τόκων
817 2915 1177 2988 ἐπικαρπίαν.
1219 2914 1310 2986 Τῷ
1344 2915 1506 2970 πάθει
1550 2916 1606 2969 δὲ
1649 2934 1774 2970 συν-

196 3014 455 3085 εχόμενος
480 3011 578 3081 τῆς
609 3008 990 3080 φιλαργυρίας,
1019 3007 1275 3077 φειδωλὸς
1295 3004 1360 3079 ἦν
1399 3009 1508 3061 καὶ-
1528 3011 1654 3082 περὶ
1680 3009 1776 3080 τὴν

170 3107 336 3160 -ἰδίαν
355 3103 602 3174 δαπάνην
637 3100 904 3174 (τοιοῦτοι
939 3101 1049 3172 (56)
1074 3101 1184 3173 γὰρ
1214 3103 1263 3154 οἱ
1292 3100 1681 3172 φιλάργυροι),
1713 3101 1772 3153 οὐ

1881 575 2018 630 Aliis
2053 594 2067 631 :
2101 575 2166 632 Si
2202 582 2447 628 mutuum
2477 573 2684 630 dederis
2734 575 2895 645 fratri
2941 587 3030 632 tuo
3055 619 3070 644 ,
3106 596 3208 633 non
3248 581 3456 653 urgebis

1880 664 2036 719 illum
2057 666 2120 718 “.
2154 665 2226 720 At
2255 663 2550 719 Matthaius
2579 665 2635 719 in
2686 668 2966 736 parabolis
3009 670 3285 737 clamans,
3348 673 3455 728 Do-

1881 755 2128 826 minique
2155 756 2852 830 mandatumannuntians,
2885 763 2994 816 ait:
3025 762 3180 819 Serve
3211 783 3455 836 nequam,

1885 864 2036 901 onme
2074 847 2307 902 debitunt
2340 846 2436 903 tibi
2468 850 2684 915 remisi,
2732 852 2856 919 quia
2888 856 3088 923 rogasti
3135 873 3216 909 me
3243 871 3258 907 :
3291 875 3460 912 nonne

1881 939 2153 1020 oportebat
2201 948 2248 993 et
2284 948 2331 994 te
2379 940 2616 994 misereri
2651 944 2884 996 conservi
2931 946 3038 1009 tui,
3093 955 3222 1000 utet
3252 964 3343 1017 ego
3383 951 3460 1002 tui

1882 1031 2133 1084 misertus
2167 1032 2322 1087 sum?
2351 1029 2422 1084 Et
2473 1031 2646 1086 iratus
2703 1032 2962 1089 Dominus
3024 1037 3250 1091 tradidit
3305 1039 3460 1092 illum

1883 1121 2214 1187 tortoribus,
2253 1137 2523 1192 quousque
2578 1126 2885 1192 persolverit
2932 1145 3084 1182 omne
3133 1128 3368 1184 debitum
3393 1131 3458 1184 ¹³.

1883 1210 2039 1266 Tunc
2072 1227 2197 1268 sera
2228 1220 2282 1268 et
2311 1213 2654 1269 infructuosa
2707 1217 3031 1285 poenitentia
3072 1219 3295 1274 duceris
3316 1260 3331 1284 ,
3371 1221 3458 1275 lu-

1882 1310 2118 1374 ctusque
2148 1303 2510 1374 gravissimus
2543 1313 2596 1361 te
2638 1306 2896 1373 incesset,
2929 1317 2983 1364 et
3010 1325 3174 1380 poena
3228 1311 3458 1366 inevita—

1879 1391 1977 1445 bili
2004 1392 2272 1462 punieris.
2305 1391 2418 1448 Nec
2445 1395 2542 1449 tibi
2565 1394 2884 1465 adjumento
2940 1401 3045 1454 erit
3080 1414 3275 1455 aurum
3305 1443 3321 1469 ,
3360 1417 3461 1458 nec

1880 1498 2039 1554 opem
2074 1482 2216 1540 feret
2241 1492 2550 1555 argentum.
2607 1487 2862 1543 Amarior
2914 1489 3040 1546 felle
3094 1493 3199 1546 erit
3254 1492 3460 1550 fenoris

1880 1575 2148 1644 acceptio.
2182 1573 2310 1630 Haec
2344 1592 2455 1630 non
2488 1587 2615 1632 sunt
2673 1581 2819 1636 nuda
2855 1583 3146 1638 verborum
3175 1586 3461 1640 terricula-

1880 1674 2064 1721 menta
2091 1706 2106 1730 ,
2144 1667 2244 1724 sed
2275 1668 2395 1738 ipsa
2428 1670 2507 1724 rei
2537 1672 2742 1729 veritas
2770 1715 2784 1739 ,
2826 1691 2948 1746 quae
2997 1675 3269 1745 judicium
3311 1677 3461 1732 futu-

1881 1773 2001 1812 rum
2032 1760 2186 1830 prius
2240 1768 2514 1828 testatur,
2551 1779 2714 1833 quam
2764 1769 3101 1837 experientia
3161 1785 3463 1842 cognosca-

1806 1840 1852 1900 B
1882 1859 1971 1905 tur
1995 1894 2009 1918 ,
2041 1853 2188 1924 quod
2217 1853 2451 1923 proinde
2469 1856 2552 1910 vir
2574 1858 2846 1927 prudens,
2880 1868 2935 1916 et
2970 1862 3060 1916 cui
3093 1840 3459 1931 curalfuturi,

1881 1944 2073 2001 sedulo
2106 1961 2302 2002 cavere
2330 1947 2590 2004 studebit.

1953 2057 2024 2116 Ut
2052 2075 2184 2116 vero
2229 2062 2485 2120 utilitatis
2549 2063 2754 2134 aliquid
2812 2066 3162 2124 audientibus
3195 2068 3416 2124 aﬂ‘eram
3443 2107 3460 2133 ,

1880 2152 2158 2208 narrando
2186 2155 2445 2224 quiddam
2478 2157 2624 2226 quod
2653 2173 2770 2212 aevo
2800 2166 2993 2214 nostro
3027 2160 3082 2214 in
3117 2161 3330 2218 aedibus
3358 2177 3460 2216 cu-

1877 2241 2096 2312 jusdam
2142 2243 2472 2302 feneratoris
2527 2256 2655 2304 ante
2689 2249 2821 2304 illud
2877 2251 2969 2305 Dei
3023 2251 3288 2322 judicium
3327 2266 3462 2306 con-

1881 2336 2024 2406 tigit,
2061 2336 2365 2393 attendite:
2399 2339 2502 2394 etsi
2554 2339 2806 2396 fortassis
2845 2341 2999 2395 multi
3053 2349 3296 2397 vestrum
3365 2341 3416 2395 id
3441 2381 3461 2410 ,

1881 2425 2028 2496 quod
2085 2436 2620 2486 commemoraturus
2665 2445 2808 2497 sum,
2836 2431 2948 2502 jam
2990 2431 3333 2503 exploratum
3361 2430 3462 2485 ha-

1883 2518 2058 2574 beatis
2082 2534 2098 2570 :

1951 2651 2081 2706 Erat
2109 2653 2193 2706 vir
2217 2653 2436 2724 quidam
2486 2653 2542 2708 in
2571 2655 2792 2711 civitate
2825 2653 2890 2709 N.
2930 2656 2950 2724 (
2983 2670 3182 2711 nomen
3216 2655 3479 2721 reticebo,

1883 2757 1951 2797 ne
2017 2742 2205 2798 videar
2251 2753 2529 2799 mortuum
2559 2747 2882 2800 nominatim
2916 2747 3204 2802 traducere
3235 2747 3373 2802 velle
3400 2747 3460 2814 );

1883 2830 2014 2886 huic
2069 2831 2362 2899 fenerare,
2412 2833 2658 2904 lucrique
2731 2834 2938 2904 aliquid
2985 2850 3054 2890 ex
3122 2835 3463 2891 detestandis

1883 2927 2069 2984 usuris
2122 2943 2320 2998 capere
2350 2966 2365 2993 ,
2408 2930 2569 2983 unica
2604 2944 2695 2985 ars
2733 2936 2872 2984 erat.
2919 2927 3222 2999 Correptus
3279 2935 3462 2984 autem

1882 3020 1987 3074 hoc
2024 3021 2268 3075 avaritiae
2298 3021 2515 3086 morbo,
2548 3028 2713 3075 tenax
2748 3028 2802 3076 et
2832 3020 3087 3076 sordidus
3131 3021 3186 3074 in
3221 3020 3462 3089 seipsum

1884 3128 2126 3184 suosque
2157 3111 2333 3168 evasit
2373 3113 2478 3184 (ut
2509 3113 2684 3168 solent
2723 3111 2949 3183 avari),
3002 3113 3204 3182 quippe
3252 3112 3348 3182 qui
3405 3113 3462 3166 in

185 3198 475 3271 τράπεζαν
509 3196 756 3267 αὐτάρκη
784 3195 1238 3266 παρατιθέμενος,
1272 3194 1370 3264 οὐχ
1401 3192 1630 3265 ἱματίων
1665 3209 1778 3245 συν-

1882 3219 2070 3260 mensa
2103 3219 2280 3276 neque
2313 3205 2448 3260 satis
2502 3204 2609 3259 cibi
2661 3211 2983 3274 apponeret,
3053 3217 3229 3274 neque
3283 3211 3464 3260 vestes

198 3293 378 3363 ἐχειαν
413 3289 567 3362 (57),
615 3289 648 3361 ἢ
697 3287 840 3342 κατὰ
886 3287 1096 3360 χρείαν,
1136 3286 1402 3358 ἀμείϐων,
1451 3285 1512 3340 οὐ
1569 3285 1782 3350 τέκνοις

196 3384 454 3454 παρέχων
493 3383 590 3450 τὴν
629 3378 932 3448 ἀναγκαίαν
959 3377 1054 3433 τοῦ
1084 3377 1198 3448 βίου
1234 3377 1532 3450 διαγωγὴν,
1559 3379 1620 3430 οὐ
1658 3378 1782 3430 λου-

195 3482 344 3554 τρῶν
371 3480 580 3550 ταχέως
619 3475 1074 3548 μεταλαμϐάνων,
1111 3473 1263 3545 φόϐῳ
1299 3475 1396 3527 τοῦ
1447 3473 1640 3544 μισθοῦ
1688 3475 1782 3528 καὶ

194 3575 305 3627 τῶν
335 3573 504 3645 τριῶν
526 3569 746 3624 ὀϐολῶν·
778 3569 956 3623 πάντα
984 3567 1041 3621 δὲ
1067 3566 1266 3638 τρόπον
1292 3566 1542 3633 ἐπινοῶν,
1569 3567 1690 3622 ὅθεν
1716 3567 1781 3621 ἂν

197 3666 363 3718 πλέον
397 3663 491 3717 τὸν
523 3661 756 3734 ἀριθμὸν
802 3660 1106 3732 προαγάγοι
1133 3658 1246 3713 τῶν
1288 3659 1607 3731 χρημάτων.
1644 3659 1781 3713 Οὔτε

200 3758 308 3829 μὴν
341 3754 653 3821 ἀξιόπιστόν
683 3771 803 3806 τινα
822 3752 1042 3822 φύλακα
1073 3753 1167 3805 τοῦ
1197 3752 1483 3823 βαλαντίου
1510 3751 1780 3824 ἐνόμιζεν,

195 3850 258 3902 οὗ
279 3848 494 3914 τέκνον,
540 3846 598 3899 οὐ
647 3845 854 3906 δοῦλον.
899 3845 959 3898 οὐ
1001 3841 1354 3915 τραπεζίτην,
1400 3843 1462 3897 οὐ
1501 3845 1672 3908 κλεῖν,
1720 3843 1781 3897 οὐ

200 3939 492 4010 σφραγῖδα,
524 3941 646 4002 ταῖς
673 3938 730 4004 δέ
762 3937 870 3991 τῶν
902 3937 1098 4008 τοίχων
1128 3936 1292 4001 ὀπαῖς
1327 3937 1391 3990 τὸ
1423 3938 1645 4009 χρυσίον
1683 3939 1783 4008 ἐμ-

197 4032 434 4096 ϐάλλων,
463 4030 554 4084 καὶ
583 4029 675 4083 τὸν
709 4028 878 4100 πηλὸν
918 4027 1117 4092 ἔξωθεν
1149 4028 1477 4098 ἐπαλείφων,
1506 4029 1782 4098 ἄγνωστον

195 4125 369 4178 πᾶσιν
392 4117 534 4190 εἶχεν
560 4120 652 4175 τὸν
677 4119 970 4192 θησαυρὸν,
997 4118 1195 4183 τόπους
1220 4121 1285 4173 ἐκ
1303 4119 1486 4173 τόπων
1514 4119 1780 4190 ἀμείϐων,

194 4214 295 4267 καὶ
323 4213 536 4282 τοίχους
568 4212 634 4264 ἐκ
670 4211 887 4282 τοίχων,
918 4211 1014 4264 καὶ
1040 4210 1102 4263 τὸ
1129 4209 1412 4265 λανθάνειν
1450 4210 1660 4274 πάντας
1696 4229 1785 4264 σος

196 4304 493 4376 φιζόμενος
522 4302 865 4381 εὐμηχάνως.
911 4299 1132 4373 ’Δθρόον
1169 4300 1378 4372 ἀπῆλθε
1402 4299 1495 4354 τοῦ
1521 4300 1659 4370 βίου,
1690 4301 1783 4353 οὑ-

195 4396 314 4450 δενὶ
347 4393 455 4448 τῶν
493 4391 710 4446 οἰκείων
739 4391 1104 4461 ἐξαγορεύσας
1128 4430 1142 4454 ,
1177 4389 1305 4443 ἔνθα
1349 4390 1378 4443 ό
1415 4389 1615 4460 χρυσὸς
1651 4407 1785 4443 κατ-

197 4487 420 4558 ώρυκτο
439 4484 571 4555 (58).
597 4481 937 4554 Κατωρύχθη
973 4482 1070 4552 μὲν
1092 4477 1186 4535 οὖν
1209 4481 1460 4543 κάκεῖνος
1488 4479 1550 4533 τὸ
1575 4479 1781 4552 κρύψαι

201 4577 490 4648 κερδάνας.
530 4575 591 4628 Οί
630 4573 685 4626 δὲ
715 4574 903 4637 παῖδες
932 4573 1120 4635 αὑτοῦ,
1156 4574 1374 4626 πάντων
1399 4571 1619 4626 ἔσεσθαι
1667 4571 1780 4624 τῶν

202 4674 261 4724 ἐν
304 4672 372 4740 τῇ
425 4668 577 4721 πόλει
619 4667 985 4739 λαμπρότεροι
1028 4665 1119 4720 διὰ
1167 4659 1395 4719 πλοῦτον
1439 4665 1778 4730 ἐλπίσαντες,

198 4761 449 4832 ἠρεύνων
472 4758 768 4829 πανταχοῦ,
790 4759 918 4828 παρ’
941 4757 1185 4828 ἀλλήλων
1206 4757 1635 4822 διεπυνθάνοντο,
1657 4757 1783 4821 τοὺς

196 4851 419 4915 οἰκέτας
456 4851 753 4921 ἀνέκρινον,
790 4849 862 4902 τὰ
901 4849 1075 4918 ἐδάφη
1102 4847 1212 4901 τῶν
1249 4848 1414 4901 οἴκων
1451 4847 1778 4917 ἀνώρυττον,

195 4946 330 5006 τοὺς
363 4942 574 5012 τοίχους
609 4942 926 5007 ὑπεκένουν,
965 4941 1064 5004 τὰς
1096 4940 1203 4994 τῶν
1229 4939 1486 5008 γειτόνων
1520 4939 1614 4992 καὶ
1641 4957 1783 5008 γνω-

199 5036 384 5106 ρίμων
409 5032 584 5095 οἰκίας
615 5032 1155 5103 ἐπολυπραγμόνουν,
1184 5030 1361 5083 πάντα
1384 5029 1440 5082 δέ
1466 5028 1612 5082 λίθον
1643 5028 1778 5098 (59),

192 5127 260 5180 τὸ
291 5123 390 5178 τοῦ
411 5123 590 5193 λόγου,
614 5125 952 5196 κινήσαντες,
978 5116 1135 5194 εὗρον
1154 5121 1260 5174 οὐδ’
1285 5121 1492 5174 ὀϐολόν.
1523 5122 1779 5190 Διάγουσι

271 5305 316 5337 ³³
354 5302 498 5359 Psal.
528 5317 643 5367 xxv,
675 5302 729 5357 5.
805 5302 847 5334 ¹¹
886 5300 1058 5356 Exod.
1090 5317 1226 5367 xm,
1283 5299 1374 5354 25.

269 5467 390 5540 (54)
428 5466 768 5531 Ἀνόνητος.
804 5465 896 5521 Sic
945 5469 1161 5523 correxi
1211 5464 1405 5520 vitium
1451 5464 1552 5518 Ed.
1579 5461 1788 5530 ἀνώνη-

198 5556 526 5680 Καί
555 5605 740 5680 rejici
819 5605 912 5680 καὶ
940 5607 995 5680 τὶ
1029 5620 1154 5660 cum
1208 5604 1476 5660 asterisco
1526 5609 1650 5674 post
1708 5604 1785 5667 τὸ,

194 5674 416 5733 lacuna:
441 5678 601 5746 signo
634 5674 781 5746 Mon.
802 5675 896 5727 καὶ
916 5676 1003 5745 τῆ.

411 5743 694 5822 Τρὶοῦτοι.
738 5744 882 5822 Mori.
918 5743 1146 5797 τοιοῦτο.

267 5811 388 5891 (57)
430 5815 781 5892 Συνέχειαν.
807 5813 950 5869 Mon.
984 5811 1240 5882 συνεχῶς.

1880 3311 2125 3368 unquam
2154 3297 2262 3353 nisi
2294 3312 2508 3354 summa
2543 3298 2878 3353 necessitate
2924 3303 3154 3351 coactus
3201 3303 3461 3360 mutaret,

1880 3402 2060 3458 neque
2100 3388 2289 3444 liberis
2339 3387 2456 3444 suis
2505 3389 2821 3444 necessaria
2874 3387 2943 3442 ad
2979 3387 3181 3441 victum
3211 3386 3467 3455 suppedi-

1880 3486 2043 3543 taret,
2094 3491 2195 3532 nec
2225 3477 2439 3532 balneis
2490 3485 2738 3533 uteretur
2763 3485 2907 3531 metu
2949 3474 3215 3530 mercedis
3254 3475 3464 3530 triobo-

1880 3567 2055 3635 laris;
2101 3575 2366 3638 perpetuo
2418 3567 2476 3621 in
2519 3568 2573 3622 id
2636 3583 2804 3622 unum
2861 3567 3137 3631 intentus,
3191 3565 3465 3636 quomodo

1881 3676 2097 3732 semper
2139 3659 2312 3730 magis
2347 3666 2512 3730 atque
2548 3660 2719 3730 magis
2764 3660 3010 3728 pecunia:
3047 3673 3335 3713 numerum
3365 3674 3466 3713 au—

1880 3760 2052 3824 geret.
2093 3749 2281 3822 Neque
2311 3749 2602 3822 quemdam
2640 3751 2776 3807 satis
2825 3749 2992 3804 fidum
3040 3764 3313 3805 crumenae
3352 3763 3466 3804 suae

1880 3845 2162 3903 custodem
2218 3843 2608 3908 arbitrabatur,
2655 3857 2765 3897 non
2799 3841 2992 3908 lilium,
3035 3856 3142 3895 non
3197 3855 3418 3896 servum
3445 3877 3464 3903 ,

1882 3953 1990 3992 non
2047 3936 2390 4007 trapezitam,
2447 3949 2557 3989 non
2601 3934 2848 3998 clavem,
2890 3949 3001 3988 non
3061 3934 3299 4005 sigillum
3332 3973 3348 3998 ,
3408 3935 3464 3988 in

1881 4030 2150 4100 parietum
2198 4026 2417 4098 angulis
2446 4033 2500 4082 et
2542 4026 2876 4090 recessibus,
2923 4026 3040 4081 luto
3102 4025 3412 4095 superillito
3446 4062 3463 4089 ,

1882 4121 2090 4175 invisas
2118 4119 2364 4185 divitias,
2411 4126 2467 4174 et
2500 4119 2743 4189 ignotum
2771 4117 3089 4172 asservabat
3117 4117 3462 4181 thesaurum,

1882 4212 2058 4280 deque
2090 4211 2210 4266 loco
2237 4210 2306 4264 ad
2352 4210 2536 4264 locum
2581 4217 2636 4264 et
2688 4208 2758 4262 de
2809 4209 3017 4278 pariete
3061 4208 3127 4262 ad
3164 4209 3462 4276 parietem,

1883 4305 2003 4359 sine
2059 4300 2475 4356 intermissione
2527 4297 2916 4362 transferebat,
2963 4307 3024 4353 ut
3093 4299 3197 4354 hac
3254 4300 3466 4356 ratione

1883 4409 2075 4450 omnes
2125 4394 2336 4447 lateret.
2405 4389 2579 4444 Porro
2625 4390 2920 4458 derepente
2967 4404 3034 4444 ex
3068 4390 3168 4445 hac
3217 4392 3329 4446 vita
3365 4390 3462 4446 de-
3544 4389 3550 4394 ’

1884 4486 2086 4542 cedens
2153 4483 2509 4537 familiarium
2585 4481 2794 4536 nemini
2868 4481 3173 4548 iudicavit,
3244 4483 3463 4537 ubinam

1843 4573 1857 4653 _'
1887 4593 2081 4634 aurum
2117 4575 2396 4631 defossum
2432 4583 2600 4629 esset.
2635 4573 2900 4630 Defessus
2931 4574 3100 4645 igitur
3127 4586 3212 4630 est
3241 4583 3295 4630 et
3325 4577 3462 4646 ipse,

1893 4673 1994 4726 hoc
2043 4684 2212 4724 unum
2274 4667 2486 4723 scilicet
2524 4667 2809 4733 lucratus,
2852 4675 2989 4722 utet
3039 4669 3156 4738 ipse
3209 4668 3466 4724 defossus

1888 4760 2279 4817 occultaretur.
2320 4757 2392 4811 At
2437 4756 2590 4811 liberi
2635 4757 2810 4826 ipsius
2858 4771 2983 4812 cum
3042 4769 3362 4828 sperarent,
3405 4773 3466 4813 se

1887 4849 2133 4903 omnium
2187 4847 2390 4901 civium
2439 4844 2556 4901 fore
2606 4845 2953 4910 ditissimos,
2985 4847 3166 4900 omnia
3209 4860 3463 4915 perscru-

1889 4939 2187 5002 tabautur,
2242 4953 2309 4992 ex
2361 4936 2483 4992 aliis
2547 4937 3009 5002 sciscitabantur,
3054 4937 3285 4992 famulos
3335 4953 3467 4992 exa-

1889 5031 2190 5096 minabant,
2229 5029 2539 5100 pavimenta
2576 5030 2774 5084 aedium
2823 5029 3084 5084 fodiendo
3117 5029 3454 5098 aperiebant,

1890 5121 2130 5189 parietes
2175 5119 2558 5185 evacuabant,
2616 5118 2920 5174 vicinorum
2992 5125 3047 5171 et
3115 5116 3462 5171 familiarium

1456 5297 1498 5329 ¹³
1532 5297 1722 5352 Matth.
1757 5314 1912 5365 xvm,
1943 5298 2012 5354 5?.
2050 5316 2170 5370 sqq.

1963 5457 2075 5530 (58)
2111 5459 2481 5528 Κατώρυκτο.
2519 5455 2664 5510 Μοη.
2695 5452 3045 5530 ᾐκατὼρυκτο,
3100 5452 3243 5530 inter
3270 5460 3395 5530 wet
3431 5471 3463 5526 ρ

1888 5522 2290 5598 suprascripto
2314 5547 2375 5600 ρο
2417 5545 2448 5582 a
2503 5528 2807 5582 recentiore
2863 5522 3026 5576 manu
3056 5563 3070 5587 ,
3106 5522 3368 5586 Grctseri,
3405 5522 3464 5579 ut

1889 5598 2127 5648 videtur.
2175 5601 2268 5648 nui
2311 5597 2639 5648 emendabat
2677 5595 3081 5648 κατωοόουκτο.
3121 5593 3188 5648 At
3223 5610 3273 5648 v.
3309 5592 3464 5648 Βυιι-

1889 5595 2127 5657 videtur,
2175 5595 2268 5668 qui
2311 5595 2639 5653 emendabat
2677 5595 3081 5666 κατωρόρυκτο.
3121 5595 3188 5648 At
3223 5610 3273 5648 v.
3309 5595 3464 5648 Butt-

1884 5683 2074 5721 mann.
2098 5667 2190 5721 Gr.
2219 5677 2258 5722 t.
2295 5666 2334 5732 l,
2362 5683 2415 5736 p.
2449 5665 2574 5724 5:27.
2603 5674 2712 5719 ett.
2757 5665 2822 5736 ll,
2851 5681 2901 5733 p.
2925 5662 3052 5716 260.
3106 5732 3138 5736 _
3311 5733 3326 5736 _
3351 5731 3363 5736 Δ

1959 5738 2070 5808 (59)
2115 5731 2595 5808 Πάνζα-ᾇίθονπ.
2668 5731 3054 5808 κινήσαντες.
3099 5731 3465 5808 Proverbium

1882 5801 2126 5876 explicui
2155 5807 2223 5862 ad
2256 5805 2314 5861 S.
2340 5805 2506 5860 Basil.
2546 5803 2620 5858 De
2658 5804 2756 5874 leg.
2797 5805 2918 5859 libr.
2959 5801 3153 5859 Gentii.
3184 5817 3238 5873 p.
3262 5803 3328 5859 56
3365 5803 3462 5856 tin.
