4026 6488
579 381 681 440 451

1781 385 1844 441 8.
1894 380 2225 441 GREGOBII
2278 381 2577 440 NYSSENI

3711 404 3804 461 459.

558 501 752 557 domos
802 500 1120 573 frequentes
1162 501 1428 568 obibant,
1484 518 1821 577 omnemque
1868 503 2141 577 lapidem,

2256 504 2312 558 δὲ
2336 504 2428 559 τὸν
2469 504 2585 576 βίον
2631 506 2837 571 ἄοικον,
2870 510 3127 571 ἀνέστιοι,
3181 510 3430 581 πένητες,
3476 513 3805 592 ἑπαριδμενοι,

557 602 620 650 ut
657 596 882 661 dicitur,
928 598 1243 664 movebant,
1302 614 1483 670 neque
1548 610 1731 656 tamen
1788 602 1874 655 vel
1923 601 2146 657 obolum

2262 597 2437 651 πολλὰ
2473 599 2597 653 καθ’
2623 599 2864 670 ἑκάστην
2885 602 2954 671 τῇ
2983 601 3080 656 τοῦ
3110 602 3318 674 πατρὸς
3350 598 3669 679 ματαιότητι.

559 685 933 743 inveniebant.
994 685 1199 742 Vivont
1280 700 1462 745 autem
1539 690 1595 745 in
1665 691 1924 762 prmsenti
2002 691 2170 744 vitam
2214 701 2525 755 extorrem,
2587 689 2900 762 domusque
2976 698 3032 746 et
3098 690 3207 747 foci
3254 703 3550 764 expertem,
3592 699 3811 767 quotidie

558 777 733 848 patris
790 776 1081 833 stultitiam
1135 778 1495 835 detestantes.

628 872 782 930 Talis
822 875 1009 946 igitur,
1061 876 1320 943 usurarii,
1376 883 1559 931 vester
1614 878 1827 933 annims
1866 883 1920 932 et
1960 875 2147 933 socius

560 965 681 1030 fuit,
716 966 810 1036 qui
862 966 1027 1039 digno
1056 968 1303 1023 moribus
1342 966 1448 1023 [ine
1513 967 1680 1024 vitam
1715 968 1991 1025 conclusit
2021 1008 2036 1032 ,
2067 967 2148 1024 fe-

556 1069 785 1113 nerator
824 1070 1085 1115 ventosus
1117 1066 1171 1114 et
1211 1059 1367 1124 levis,
1404 1061 1497 1130 qui
1530 1075 1654 1115 cum
1685 1060 1991 1117 innumeris
2024 1074 2146 1115 mo-

554 1149 732 1205 lestiis
765 1150 993 1220 ipsaque
1020 1149 1165 1206 fame
1203 1150 1577 1215 conﬂictatus,
1609 1152 1715 1208 sibi
1744 1152 1965 1224 quidem
1990 1160 2149 1208 aeter-

554 1258 658 1297 nas
713 1257 941 1312 poenas,
977 1243 1136 1314 quasi
1197 1243 1553 1300 baereditario
1589 1245 1715 1315 jure
1760 1245 2100 1317 comparavit
2131 1287 2147 1314 ,

552 1333 743 1390 liberis
792 1344 972 1388 autem
1014 1336 1132 1391 suis
1179 1336 1419 1407 inopiam
1452 1337 1699 1409 reliquit.
1749 1336 2009 1405 Nescitis,
2050 1338 2153 1393 mi-

552 1427 700 1490 seri,
733 1426 819 1482 eui
861 1443 995 1498 opes
1031 1430 1343 1485 eorradatis
1380 1437 1435 1485 et
1493 1432 1863 1503 congregetis.
1907 1430 2151 1487 Eventus

551 1532 737 1572 rerum
784 1521 918 1573 varii
960 1531 1109 1586 sunt,
1142 1522 1473 1593 impostores
1509 1522 1704 1577 inﬁniti
1736 1566 1750 1588 ,
1794 1523 2151 1580 insidiatores

553 1616 609 1663 et
657 1611 943 1680 praedones
981 1624 1185 1667 terram
1245 1613 1472 1670 turbant
1523 1624 1578 1671 et
1615 1631 1765 1671 mare
1799 1657 1812 1678 .
1859 1616 2041 1672 videte
2085 1632 2153 1672 ne

443 1780 449 1785 Ι
555 1701 763 1757 amisso
794 1718 931 1757 auro
970 1706 1321 1775 potissimum
1353 1715 1596 1764 vestrum
1634 1709 1848 1763 lucrum
1899 1706 1974 1765 sit
2028 1724 2155 1777 pec-

552 1804 758 1848 catum.
811 1793 918 1851 Sed
957 1798 1134 1851 oratio
1167 1797 1302 1863 haec,
1334 1799 1490 1854 aiunt
1517 1842 1533 1868 ,
1584 1800 1746 1856 nobis
1773 1800 1963 1856 odiosa
1989 1810 2075 1856 est
2104 1811 2159 1856 et

2337 872 2396 926 ου
2442 871 2541 943 μὲν
2583 871 2649 943 δὴ
2696 870 2849 940 φίλος
2888 872 2918 926 ὑ
2928 870 3042 943 μῶν
3087 872 3186 927 καὶ
3227 875 3459 946 ἑταῖρος,
3502 869 3546 930 ὦ
3573 884 3813 952 τοκισταὶ,

2251 963 2528 1029 τοιοῦτος·
2576 963 2746 1029 ἀξίως
2778 963 2877 1018 τοῦ
2915 967 3122 1039 τρόπον
3165 967 3539 1039 καταστρέψας
3567 971 3651 1026 τὸν
3692 975 3811 1045 βίον,

2250 1058 2535 1130 ἀνεμιαῐος
2583 1074 2687 1130 χρη
2697 1059 2964 1130 ματιστὴς
2983 1099 2999 1122 ,
3036 1058 3203 1134 ὀδύνῃ
3243 1060 3337 1113 καὶ
3365 1060 3505 1135 λιμῷ
3531 1066 3814 1139 μοχθήσας,

2253 1149 2579 1221 συναγαγὼν
2608 1151 2665 1205 δὲ
2710 1151 3081 1223 κληρονομίαν
3124 1151 3305 1224 ἐαυτῷ
3346 1154 3444 1225 μὲν
3481 1156 3575 1228 τὴν
3616 1159 3812 1216 αἰώνιον

2252 1239 2495 1305 κόλασιν,
2534 1243 2649 1305 τοῖς
2691 1240 2749 1294 δὲ
2790 1240 2851 1307 ἐξ
2879 1240 3047 1295 αὐτοῦ
3074 1240 3173 1312 τὴν
3214 1243 3427 1298 πενίαν.
3468 1247 3579 1299 Οὐκ
3630 1250 3736 1304 ἴστε
3769 1251 3817 1306 δὶ

2251 1330 2409 1401 ὑμεῖς
2429 1331 2537 1385 τίνι
2563 1330 2849 1402 άθροίξετε
2885 1331 2919 1404 ἢ
2952 1332 3224 1403 μοχθεῖτε,
3252 1334 3317 1386 Αἱ
3343 1337 3683 1404 περιστάσεις
3708 1337 3817 1391 πολ-

2250 1421 2378 1487 λαὶ,
2425 1422 2477 1475 oi
2514 1422 2851 1491 συκοφάνται
2890 1423 3114 1493 μυρίοι,
3166 1416 3478 1496 ὲνέδρευταὶ
3509 1410 3603 1481 καὶ
3637 1427 3815 1501 λῃσταὶ

2250 1515 2356 1585 γῆν
2402 1510 2734 1583 διενοχλοῦσι
2788 1515 2885 1567 καὶ
2930 1514 3243 1570 θάλασσαν’
3293 1517 3459 1586 ὁρᾶτε
3495 1517 3569 1589 μὴ
3603 1520 3692 1571 καὶ
3733 1519 3819 1585 τὰς

2258 1603 2538 1675 ἁμαρτίας
2603 1606 2938 1677 κερδανεῖτε,
2991 1607 3089 1660 καὶ
3142 1607 3236 1662 τὸν
3294 1609 3493 1679 χρυσὸν
3549 1610 3622 1681 μὴ
3665 1611 3820 1665 κατάο

2257 1709 2425 1762 σχητε
2470 1692 2605 1765 (60).
2675 1694 2817 1747 Ἀλλ’
2847 1695 3093 1767 ἐπαχθὴς
3130 1697 3263 1767 ἡμῖν
3305 1690 3464 1761 οὗτός
3495 1700 3643 1765 ἐστι,
3677 1704 3822 1768 φασ’ν

2248 1780 2390 1854 (οἶδα
2433 1786 2545 1857 γὰρ
2583 1787 2739 1858 ὑμῶν
2782 1789 2908 1854 τοὺς
2954 1790 3048 1842 ὐπ’
3079 1788 3307 1842 ὀδόντων
3343 1792 3717 1862 γοδίγυσμούς,
3740 1793 3825 1846 καὶ

549 1886 754 1956 gravis.
802 1885 940 1942 Novi
973 1894 1027 1943 et
1061 1905 1162 1959 ego
1193 1900 1437 1946 vestrum
1483 1907 1734 1947 murmur
1781 1891 2141 1964 dentiumque

2256 1879 2496 1950 συνεχῶς
2536 1880 2681 1952 ὑμᾶς
2707 1881 2819 1953 (61)
2853 1880 3125 1954 στηρίζων
3147 1883 3241 1935 ἐπὶ
3259 1882 3355 1936 τοῦ
3381 1883 3674 1956 βήματος)·
3723 1888 3827 1939 ἐπι-

550 1977 853 2046 fremitum,
882 1978 985 2034 etsi
1018 1996 1118 2036 vos
1162 1997 1239 2047 rex
1283 1982 1388 2038 hoc
1421 1983 1540 2039 loco
1600 1985 1887 2055 superiore
1939 1985 2144 2056 saepius

551 2072 607 2125 in
672 2080 824 2126 recta
887 2073 1161 2128 sententia
1218 2073 1439 2130 tlrmare
1506 2090 1697 2132 coner.
1756 2075 2002 2141 Invidet,
2061 2077 2149 2132 in-

548 2161 768 2233 quiunt,
796 2163 885 2227 iis,
923 2165 1017 2235 qui
1057 2164 1342 2221 beneﬁciis
1393 2164 1706 2222 aﬂlciuntur
1742 2175 1797 2223 et
1833 2167 2145 2238 egentibus.

548 2251 695 2323 Ergo
740 2268 768 2308 a
833 2262 1028 2310 mutuo
1081 2256 1260 2310 dando
1320 2256 1827 2325 supersedebimus.
1864 2256 1931 2311 Et
1980 2272 2146 2329 quam

547 2346 717 2399 vitam
748 2353 910 2416 agent
962 2344 1157 2416 inopes
1184 2355 1238 2401 et
1266 2345 1447 2401 afﬂicti
1474 2348 1499 2401 2
1530 2348 1699 2417 Digna
1754 2345 2001 2418 profecto
2030 2363 2151 2404 mo-

547 2438 706 2493 ribus
761 2439 995 2493 istorum
1036 2440 1216 2493 oratio
1247 2479 1261 2503 ,
1317 2438 1760 2509 conveniensque
1800 2438 2039 2509 objectio
2077 2440 2147 2494 iis

547 2530 643 2598 qui
694 2529 1012 2584 divitiarum
1061 2530 1305 2585 tenebris
1362 2530 1668 2584 obnubilati
1734 2541 1887 2586 sunt.
1956 2530 2145 2603 Neque

546 2622 698 2677 enim
738 2621 940 2677 mentis
974 2622 1248 2690 judicium
1310 2622 1447 2677 satis
1502 2623 1778 2677 ﬁrmatum
1824 2623 2049 2686 habent,
2084 2630 2144 2677 ut

546 2729 670 2786 quae
701 2715 966 2770 dicuntur
995 2715 1301 2785 intelligere
1326 2715 1559 2784 possint.
1593 2714 1733 2771 Hinc
1761 2716 1968 2770 monita
1992 2724 2143 2771 recte

550 2807 902 2863 suadentium
960 2807 1017 2862 in
1070 2808 1404 2862 contrariam
1461 2815 1673 2877 partem
1722 2807 2049 2878 accipiunt:
2086 2814 2145 2861 ut

544 2900 692 2955 cutim
730 2915 819 2957 me
858 2908 1150 2972 perorante
1184 2901 1469 2954 minantur
1494 2939 1511 2961 ,
1555 2915 1614 2955 se
1646 2900 1985 2969 pauperibus
2022 2914 2132 2953 non

546 2994 776 3050 daturos
810 3000 1085 3056 mutuum,
1114 2994 1197 3050 sic
1224 3009 1333 3048 non
1360 2995 1483 3051 sine
1516 3008 1798 3048 murmure
1828 2993 2140 3059 minantur,

544 3089 734 3155 egenis
799 3086 1149 3140 venientibus
1199 3101 1321 3142 sese
1353 3084 1681 3139 ocelusuros
1719 3083 1968 3153 jauuam.
2024 3082 2141 3154 Ego

545 3177 766 3246 quidem
796 3179 1033 3247 primum
1090 3176 1333 3230 dandum
1376 3184 1431 3230 et
1469 3174 1785 3230 donandum
1829 3190 1954 3230 esse
1992 3190 2136 3245 prte-

545 3269 672 3323 diro
704 3277 758 3324 ct
784 3270 1075 3324 annuntio.
1116 3267 1322 3323 Deinde
1368 3267 1436 3322 ad
1477 3275 1726 3321 mutuum
1772 3281 1994 3337 quoque
2043 3281 2142 3321 ex-

545 3362 758 3418 hortor.
800 3362 985 3416 Altera
1044 3362 1190 3417 enim
1241 3360 1557 3415 donationis
1621 3359 1834 3430 species
1861 3367 1948 3414 est
2016 3375 2139 3415 mu-

545 3465 699 3508 tuum
731 3471 746 3520 ;
803 3453 899 3509 sed
934 3452 1076 3508 addo
1112 3454 1218 3507 hoc
1250 3450 1493 3513 dandum
1527 3467 1651 3507 esse
1693 3452 1813 3507 sine
1846 3452 2037 3507 fenore
2081 3459 2139 3508 et

542 3547 833 3600 exactione
864 3546 1144 3605 usuraria,
1175 3559 1356 3614 eoque
1382 3542 1545 3598 modo
1576 3558 1686 3613 quo
1713 3543 1766 3597 id
1802 3544 1986 3598 divina
2010 3559 2138 3598 ora-

544 3634 667 3693 cula
702 3638 1050 3708 praecipiunt.
1102 3636 1279 3707 quue
1314 3636 1460 3691 enim
1492 3637 1768 3691 obnoxius
1797 3645 1881 3692 est
1914 3651 2091 3707 ptenaa
2116 3675 2132 3702 ,

543 3730 641 3798 qui
688 3744 797 3783 non
844 3729 939 3783 dat
988 3737 1263 3793 mutuum,
1294 3737 1349 3781 et
1394 3728 1489 3797 qui
1537 3728 1631 3781 dat
1679 3727 1783 3782 sub
1822 3727 2140 3781 conditione

546 3833 755 3874 usui-aa.
804 3816 957 3872 Illius
1032 3833 1273 3887 namque
1318 3817 1733 3881 inhumanitas,
1795 3815 1960 3885 hujus
2011 3831 2139 3873 vero

544 3911 915 3980 cauponarius
944 3917 1191 3979 quaestus
1226 3909 1423 3964 merito
1479 3907 1879 3962 condemnatus
1900 3917 2030 3963 φρει.
2066 3909 2138 3961 At

547 4002 639 4058 isti
676 4003 824 4056 ultro
862 4001 927 4054 ail
963 4001 1198 4055 alterum
1230 4008 1537 4055 extremum
1593 4014 1719 4055 sese
1788 3999 2087 4053 conferunt
2117 4038 2134 4063 ,

2167 3233 2210 3290 C

2255 1970 2501 2024 δουλεύει
2545 1974 2659 2036 τοῖς
2698 1972 3179 2046 εὐεργετουμένοις
3227 1976 3323 2029 καὶ
3364 1978 3671 2050 χρῄζουσιν.
3711 1978 3826 2033 ’1δού

2253 2061 2364 2134 γὰρ
2391 2064 2573 2120 οὐκέτι
2604 2064 2963 2138 προησόμεθα
2998 2066 3283 2138 δάνεισμα.
3334 2070 3449 2124 Καὶ
3491 2070 3606 2135 πῶς
3635 2070 3829 2136 διάξου-

2254 2171 2340 2206 σιν
2373 2157 2423 2208 οἱ
2455 2155 2836 2228 στενούμενοι;
2870 2157 3048 2225 Ἀξιοι
3087 2158 3196 2212 τῶν
3223 2162 3573 2232 πραγμάτων
3595 2164 3642 2216 οἱ
3679 2163 3830 2229 λόγοι,

2252 2246 2540 2317 πρέπουσα
2572 2248 2606 2319 ή
2634 2248 2956 2321 ἀντίρρησις
2982 2250 3094 2313 τοῖς
3120 2250 3198 2322 τῷ
3236 2251 3391 2324 ζόφῳ
3413 2254 3525 2308 τῶν
3558 2255 3834 2326 χρημάτων

2251 2339 2670 2410 ἑσκοτωμὲνοις.
2710 2340 2850 2394 Οὐτε
2894 2342 3005 2414 γὰρ
3044 2343 3107 2396 τὸ
3149 2343 3246 2415 τῆς
3287 2344 3536 2410 διανοίας
3567 2346 3831 2418 κριτήριον

2249 2431 2464 2501 ἔχουσιν
2493 2433 2826 2505 ἐρρωμένον,
2854 2434 2931 2499 ὡς
2958 2435 3197 2491 συνιέναι
3220 2437 3333 2492 τῶν
3369 2439 3681 2511 λεγομένων
3706 2438 3832 2510 (62).

2249 2524 2395 2596 Πρὸς
2420 2525 2732 2580 τούναντίον
2756 2527 2813 2580 δὲ
2838 2527 2939 2598 τῆς
2968 2529 3282 2601 συμϐουλῆς
3318 2532 3434 2586 τῶν
3459 2530 3837 2586 νουθετούντων

2246 2615 2559 2671 ἀκούουσινο
2609 2619 2687 2684 ὼς
2726 2620 2859 2692 γὰρ,
2889 2621 3024 2692 ἐμοῦ
3063 2622 3341 2692 λέγοντος,
3409 2626 3692 2681 ἀπειλοῦσι
3742 2628 3842 2689 τοῖς

2246 2708 2520 2780 δεομένοις
2546 2711 2623 2783 μὴ
2645 2713 2843 2785 χρῆναι
2862 2714 3152 2782 δανείζειν,
3175 2716 3358 2783 οὕτως
3385 2718 3840 2789 ὐπογογγύζοντες

2246 2800 2534 2856 ἀπειλοῦσι
2557 2805 2671 2868 τοῖς
2694 2804 2973 2876 δεομένοις
3005 2807 3360 2863 ἀποκλείσειν
3394 2810 3513 2883 (65)
3540 2809 3638 2875 τὰς
3665 2809 3839 2881 θύρας.

2258 2893 2402 2963 Ἐγὼ
2430 2895 2646 2967 πρῶτον
2679 2898 2780 2968 μὲν
2805 2899 2866 2951 τὸ
2888 2899 3183 2970 δωρεῖσθαι
3212 2900 3492 2974 κηρύσσω
3518 2903 3615 2957 καὶ
3639 2918 3841 2974 πάραγε

2242 2985 2436 3055 γέλλω.
2466 2987 2698 3042 Ἔπειτα
2719 2990 2898 3044 καὶτὸ
2913 2992 3179 3057 δανείζειν
3205 2995 3549 3066 παρακαλῶ.
3595 2995 3843 3066 Δεύτερον

2242 3079 2353 3148 γὰρ
2390 3073 2530 3143 εἶδος
2561 3079 2771 3152 δωρεᾶς
2797 3082 3085 3156 δάνεισμα.
3112 3086 3291 3141 Ποιεῖν
3318 3087 3381 3141 δὲ
3407 3088 3574 3142 τοῦτο
3614 3088 3689 3159 μὴ
3721 3085 3845 3158 μετὰ

2243 3172 2421 3228 τόκων
2461 3175 2599 3246 μηδὲ
2643 3175 3023 3249 πλεονασμῶν,
3068 3179 3208 3233 ἀλλὰ
3238 3179 3441 3247 καθὼς
3472 3184 3610 3255 ἡμῖν
3649 3184 3677 3237 ό
3719 3180 3850 3242 θεῖος

2242 3265 2527 3331 διετάξατο
2568 3267 2748 3337 λόγος.
2803 3268 3036 3342 Ὁμοίως
3062 3272 3173 3344 γὰρ
3219 3272 3419 3347 ἔνοχος
3445 3275 3692 3349 τιμωρίᾳ
3711 3313 3727 3339 ,
3760 3272 3845 3326 καί⁸

2243 3358 2273 3409 ό
2320 3356 2395 3427 μὴ
2439 3356 2617 3423 διδοὺς
2658 3359 2964 3431 δάνεισμα,
3020 3361 3115 3415 καὶ⁵
3158 3363 3189 3416 ό
3236 3364 3392 3434 μετὰ
3435 3366 3620 3420 τόκων
3667 3360 3849 3424 διδούς.

2257 3449 2477 3522 Ἐπειδὴ
2517 3451 2611 3505 τοῦ
2662 3452 2762 3523 μὲν
2816 3453 2880 3506 τὸ
2923 3454 3343 3528 μισάνθρωπον,
3389 3456 3492 3512 τοῦ
3554 3458 3613 3512 δὲ
3657 3456 3717 3510 τὸ
3764 3471 3852 3509 κα-

2244 3542 2478 3612 πηλικὸν
2534 3543 2953 3617 κατακέκριται.
3013 3548 3079 3601 Oi
3138 3546 3197 3601 δὲ
3248 3548 3403 3620 πρὸς
3461 3548 3568 3621 τὴν
3622 3545 3855 3601 ἐναντίαν

2242 3633 2637 3704 αὐτομολοῦσιν
2668 3636 2972 3709 ἀκρότητα,
3006 3640 3087 3703 είς
3106 3639 3169 3694 τὸ
3202 3642 3487 3707 παντελὲς
3525 3641 3741 3711 ἐφέξειν
3766 3639 3857 3710 τὴν

2245 3722 2392 3778 δόσιν
2419 3725 2905 3798 ἐπαγγελλόμενοι.
2935 3729 3093 3786 Ἔστι
3117 3732 3176 3786 δὲ
3203 3732 3379 3789 τοῦτο
3413 3735 3653 3806 ἀναιδὴς
3678 3733 3862 3787 ἔνστα-

2244 3833 2333 3879 σις
2365 3815 2503 3888 (64),
2546 3817 2682 3892 πρὸς
2712 3819 2773 3873 τὸ
2795 3820 3004 3878 δίκαιον
3028 3824 3343 3893 φιλονεικία
3380 3827 3704 3898 μανιώδης,
3731 3821 3859 3896 πρὸς

2245 3906 2378 3961 Θεὸν
2415 3907 2532 3980 ιρις
2570 3911 2666 3965 καὶ
2703 3912 2959 3986 πόλεμος.
3012 3914 3085 3969 Ἦ
3120 3916 3229 3990 γὰρ
3261 3920 3338 3973 οὐ
3379 3919 3588 3988 δώσω,
3618 3913 3861 3992 transl-Vill

2243 3999 2506 4066 δανείζων
2545 4002 2762 4059 ἔντοκον
2794 4006 3031 4080 θήσομαι
3066 4008 3130 4062 τὸ
3167 4011 3575 4084 συνάλλαγμα.

544 4096 805 4166 omnique
855 4094 1023 4150 modo
1056 4108 1086 4147 a
1131 4093 1315 4149 dando
1381 4093 1661 4149 abstinere
1719 4094 1931 4148 volunt.
1978 4092 2136 4160 Quod
2176 4108 2310 4150 sane
2342 4096 2632 4168 impudens
2673 4110 2761 4157 est
2806 4103 3172 4174 propositum,
3207 4115 3261 4161 et
3315 4118 3538 4167 contra
3598 4108 3697 4181 jus
3762 4103 3865 4163 las-

545 4207 657 4262 que
691 4190 898 4245 furiosa
953 4189 1279 4253 contentio,
1351 4188 1535 4258 lisque
1591 4198 1646 4243 et
1718 4188 1920 4243 bellum
1993 4197 2190 4244 contra

543 4286 687 4339 dans
720 4289 1070 4337 contractum
1107 4281 1302 4336 iaciam
1353 4280 1748 4337 feueratitium.

615 4377 819 4430 Contra
852 4377 1140 4431 murarios
1200 4375 1369 4445 igitur
1413 4375 1551 4430 satis
1611 4375 1882 4431 hactenus
1931 4374 2140 4429 dictum

542 4475 688 4527 esto,
734 4475 790 4520 et
840 4468 1219 4522 accusationis
1248 4467 1430 4536 capita
1466 4466 1757 4537 perspicue
1790 4473 2051 4536 tauquam
2083 4466 2140 4519 in

2254 4191 2447 4247 Deum.
2480 4194 2579 4250 Vel
2620 4198 2769 4252 enim
2828 4214 2940 4255 non
2978 4200 3152 4268 dabo,
3179 4202 3411 4275 inquit,
3468 4207 3564 4264 vel
3618 4211 3865 4261 mutuum

2318 4374 2465 4445 Πρὸς
2510 4374 2609 4446 μὲν
2649 4373 2745 4430 οὖν
2784 4378 2913 4442 τοὺς
2950 4379 3332 4451 τοκογλύφους
3377 4386 3602 4450 ἱκανῶς
3649 4390 3681 4442 ὁ
3722 4386 3868 4456 λόγος

2243 4472 2638 4543 διηγωνίσατω
2664 4475 2759 4529 καὶ
2788 4478 3082 4550 αὐτάρκως
3124 4496 3214 4550 μοι
3238 4482 3315 4535 τὰ
3337 4484 3455 4555 τῆς
3490 4488 3869 4559 κατηγορίας,

548 4558 672 4613 fero
701 4566 757 4612 et
783 4572 967 4612 eorum
1004 4558 1190 4627 judice
1232 4558 1610 4613 demonstrata
1646 4566 1798 4613 sunt.
1836 4557 1982 4614 Deus
2029 4559 2141 4612 lar-

2249 4562 2407 4653 ὠςνὲν
2431 4563 2790 4638 δικαστηρίῳ,
2820 4568 3117 4629 δείκνυται.
3156 4574 3267 4627 Καὶ
3291 4574 3423 4648 δοίη
3461 4580 3493 4632 ό
3527 4557 3671 4643 Θεὸς
3695 4557 3872 4638 αὐτοῖς

546 4650 728 4719 giatur
804 4649 884 4703 eis
953 4649 1330 4719 paenitentiam
1397 4648 1834 4704 malefactorum.
1893 4650 1975 4705 Ad
2017 4651 2141 4706 illos

2249 4652 2340 4707 τοῦ
2382 4657 2556 4711 κακοῦ
2607 4661 2996 4730 μεταμέλειαν.
3041 4663 3187 4735 Πρὸς
3238 4666 3301 4719 δὲ
3358 4670 3507 4735 τοὺς
3566 4671 3873 4744 προχείρως

547 4749 755 4800 autem.
788 4741 882 4811 qui
920 4748 1173 4811 prompte
1224 4739 1360 4793 dant
1392 4750 1646 4795 mutuum
1679 4780 1694 4805 ,
1732 4755 2142 4811 usurarumque

551 4838 729 4893 hamis
773 4851 895 4892 sese
958 4835 1271 4899 allixerunt,
1318 4835 1529 4890 nullum
1582 4838 1811 4893 verbum
1890 4836 2089 4892 faciam
2122 4876 2138 4902 ,

548 4931 802 4999 s_u‘.licere
863 4936 1016 4983 ratus
1057 4928 1352 4982 consilium
1380 4969 1396 4995 ,
1436 4927 1584 4999 quod
1611 4929 1834 4985 divinus
1866 4930 2017 4985 dedit
2038 4930 2141 4983 Ba-

546 5024 707 5078 silius
757 5021 811 5074 in
867 5020 1087 5090 propria
1152 5019 1221 5074 de
1291 5018 1393 5073 hoc
1448 5029 1775 5091 argumento
1828 5022 2135 5088 concione,

549 5118 802 5186 pluribus
858 5128 983 5167 cum
1054 5112 1167 5167 illis
1213 5126 1381 5182 agens
1415 5154 1428 5175 ,
1484 5114 1579 5184 qui
1630 5114 1943 5169 inconsulte
2003 5112 2140 5167 dant

550 5217 822 5271 mutuum,
856 5221 1019 5276 q'tam
1066 5204 1160 5275 qui
1214 5204 1460 5258 avaritiae
1513 5220 1678 5259 causa
1732 5204 1787 5258 id
1830 5203 2065 5259 faciunt.

622 5404 731 5473 (60)
780 5402 1153 5474 Κειτάσχητε.
1211 5402 1309 5457 Ed.
1356 5402 1687 5473 κατασχῆτε.
1739 5406 1827 5459 At.
1876 5420 1928 5459 v.
1986 5404 2138 5461 Bull-

552 5486 740 5545 tnann.
774 5474 869 5527 Gr.
904 5473 1062 5545 ngI.
1098 5473 1159 5538 ll,
1192 5491 1244 5545 ι).
1286 5474 1384 5545 187
1418 5483 1541 5541 sqq;

622 5542 733 5613 (61)
774 5543 988 5615 γ’Υμᾶς.
1026 5545 1168 5615 Μοη.
1192 5542 1261 5615 ;et
1284 5543 1379 5597 Ed.
1418 5544 1545 5596 anni
1573 5543 1733 5615 ιββε,
1766 5546 1915 5615 ἡμᾶς
1952 5546 2137 5601 minus

554 5603 784 5679 bene,'si
814 5603 1141 5679 quid’video.
1192 5612 1361 5670 Paulo
1411 5621 1558 5675 ante,
1607 5603 1755 5668 Mani.
1787 5603 2134 5670 37:"66'3vtz.

623 5678 755 5751 (62),
779 5678 945 5744 Ὡς...
975 5683 1332 5751 λεγομένων.
1362 5682 1489 5739 llzc
1533 5684 1696 5739 verba
1728 5701 1755 5737 a
1799 5688 2135 5744 correctoris

552 5757 718 5817 manu
747 5750 802 5802 in
825 5751 1072 5817 margine
1089 5750 1246 5806 habet
1276 5752 1428 5809 Men.

620 5813 733 5885 (65)
762 5813 1202 5875 Ἀποκλείσειν.
1240 5820 1384 5878 Mon.
1418 5821 1729 5880 ἀπολέσειν.
1762 5824 1885 5882 Mox
1915 5826 1992 5882 id.
2020 5824 2133 5897 ἐγὼ

2245 4747 2657 4818 δανειζομένους
2684 4753 2919 4818 καὶτοῖς
2959 4756 3285 4828 ἀγκίστροις
3332 4760 3459 4814 τῶν
3502 4763 3694 4815 τόκων
3733 4759 3877 4830 ῥιψο-

2245 4841 2504 4906 κινδύνως
2551 4845 2780 4910 ἑαυτοὺς
2824 4849 3272 4920 περιπείροντας,
3303 4853 3528 4910 οὐδένα
3581 4857 3879 4927 ποιήσομαι

2245 4933 2425 5003 λόγον,
2452 4936 2645 5006 ἀρκεῖν
2672 4937 2859 5002 αὐτοῖς
2883 4940 3075 5010 κρίνας
3108 4940 3209 5012 τὴν
3239 4947 3619 5018 συμϐουλὴν,
3649 4951 3719 5018 ἦν
3740 4947 3771 4997 ὁ
3801 4946 3882 4998 θε-

2246 5026 2468 5090 σπέσιος
2491 5029 2682 5100 Πατὴρ
2712 5030 2869 5100 ἡμῶν
2899 5032 3177 5097 Βασίλειος
3206 5036 3268 5087 ἐν
3301 5037 3395 5108 τῷ
3435 5039 3569 5112 ίδίιρ
3605 5037 3884 5111 συγγράμσ

2249 5134 2381 5188 ματι
2408 5120 2587 5189 σοφῶς
2622 5121 2949 5192 ὲξεπόησε,
2983 5126 3207 5180 πλείονα
3245 5131 3410 5200 πρὸς
3448 5136 3596 5198 τοὺς
3642 5133 3883 5192 ἀϐούλως

2248 5210 2696 5284 δανειζομένους,
2756 5216 2789 5285 ἢ
2853 5218 2981 5281 τοὺς
3044 5218 3480 5290 πλεονεκτικῶς
3531 5224 3885 5291 δανείζοντας

2247 5306 2617 5376 ποιησάμενος
2641 5304 2819 5376 λόγον.

2250 5416 2351 5503 μέν
2384 5417 2599 5503 πρῶτον
2631 5419 2731 5503 μὲν
2758 5421 2820 5474 τὸ
2860 5422 2911 5503 δε
2945 5422 3019 5479 De
3054 5427 3336 5503 particula
3387 5432 3503 5503 μὲν
3546 5433 3703 5490 falso
3735 5450 3797 5491 re

2247 5489 2594 5575 I‘iltapv‘nliast.
2621 5492 2797 5572 Epist.
2825 5493 2948 5550 crit.
3002 5489 3210 5575 p.112?)
3259 5514 3364 5575 s_q.
3387 5489 3401 5503 ’
3426 5505 3531 5558 ed.
3558 5574 3561 5575 ν
3584 5489 3751 5575 Lips;
3779 5489 3891 5557 ilir.

2246 5556 2363 5611 Mox
2403 5557 2548 5641 Edon.
2583 5577 2612 5613 a
2648 5556 2820 5630 prima
2848 5556 3016 5641 manu
3041 5556 3483 5641 campose-ui.
3517 5556 3895 5641 'Quor‘deleto

2244 5631 2576 5716 εοςιςιξςιοιηίε
2602 5647 2799 5686 manus
2827 5635 3057 5716 margini
3097 5631 3377 5707 apposuit
3407 5631 3732 5716 κηρύσσω.

2242 5695 2630 5839 ὧυξέριι.
2694 5718 2802 5759 non
2838 5695 2975 5773 post
3009 5695 3290 5773 ἔνστάὶτις,
3331 5695 3897 5787 δεδηῂὸὲὶῖίκαων
