4026 6432
1439 370 1526 424 DE
1577 365 2028 426 PAUPERIBUS
2065 364 2392 421 AMANDIS.

3448 365 3557 421 £54

1291 515 3519 552 Μ

273 521 1865 553 W

1143 686 1368 776 ΤΟΥ
1442 686 1585 769 ΕΝ
1645 683 2009 770 ΑΓΙΟΙΣ
2081 679 2703 768 ΓΡΗΓΟΡΙΟΥ

557 931 924 1047 ΠΕΡΙ
1026 922 2096 1045 ΦΙΛΟΠΤΩΧΙΑΣ
2179 924 2459 1036 ΚΑΙ
2543 920 3274 1041 ΕΥΠΟΙΙΑΣ

1757 1156 1978 1212 ΛΟΓΟΣ
2003 1159 2082 1211 A'.

1312 1441 1422 1572 's.
1511 1485 1618 1572 P.
1724 1483 1842 1573 N.
1927 1479 2508 1578 GREGORII

991 1725 1174 1837 DE
1253 1720 2132 1837 PAUPERIBUS
2193 1720 2846 1836 AMANDIS

1235 1951 1330 2009 ET
1376 1952 1528 2009 BEN
1539 1951 1802 2008 IGNITA
1814 1949 1907 2005 TE
1955 1947 2206 2006 COMPL
2217 1948 2595 2006 ECTENDIS

1605 2103 1608 2106 ‘
1685 2101 1946 2160 onATto
1977 2101 1995 2156 ι
2043 2103 2142 2175 (a).

1474 2260 1617 2316 Petro
1646 2259 1908 2313 Frmtcisco
1950 2258 2077 2312 lino
2112 2257 2386 2327 interprete.

331 2573 400 2629 Ὀ
441 2572 548 2645 τῆς
586 2568 920 2642 Ἑκκλησίας
969 2567 1174 2638 ταύτης
1219 2569 1502 2640 πρόεδρος,
1552 2570 1648 2624 καὶ
1675 2571 1723 2624 οἱ
1758 2571 1862 2641 τῆς

2037 2573 2141 2640 Qui
2177 2573 2304 2628 huic
2328 2572 2587 2628 Ecclesiae
2617 2574 2895 2643 prtesidet,
2936 2584 3099 2643 atque
3156 2576 3294 2631 adeo
3336 2593 3549 2644 omnes,

259 2663 542 2727 ¹ἀπλανοῦς
595 2661 881 2724 εὐσεϐείας
926 2661 1020 2715 καὶ
1052 2659 1150 2731 τῆς
1179 2659 1300 2714 κατ’
1342 2661 1543 2732 ἀρετὴν
1581 2661 1856 2726 πολιτείας

264 2756 600 2817 διδάσκαλοι,
631 2753 834 2823 πολλὴν
880 2751 1063 2822 ἔχουσι
1098 2751 1236 2824 πρὸς
1277 2751 1404 2815 τοὺς
1435 2754 1858 2823 γραμματιστὰς

265 2849 362 2903 καὶ
380 2848 510 2911 τοὺς
537 2845 832 2908 παιδευτὰς
863 2843 972 2896 τῶν
995 2841 1226 2915 πρώτων
1251 2843 1529 2913 στοιχείων
1554 2845 1652 2915 τὴν
1673 2846 1858 2916 ὁμοιό-

266 2956 428 3009 τητα.
467 2938 678 3007 Ὠσπερ
709 2935 820 3007 γὰρ
849 2937 1049 2990 ἐκεῖνοι
1095 2935 1224 2998 τοὺς
1271 2935 1499 3005 νηπίους
1543 2936 1638 2990 καὶ
1671 2937 1858 3008 ψελλι-

269 3032 536 3104 ζομένους
567 3031 646 3084 ἔτι
696 3029 893 3092 παῖδας
942 3027 1094 3101 παρὰ
1124 3029 1233 3082 τῶν
1267 3029 1520 3100 πατέριον
1549 3027 1857 3102 δεξάμενοι,

269 3123 373 3175 οὐκ
400 3121 563 3185 εὐθὺς
589 3120 680 3174 ἐπὶ
695 3117 762 3172 τὰ
790 3118 1099 3189 τελειότερα
1119 3118 1226 3172 τῶν
1251 3118 1588 3190 μαθημάτων
1614 3121 1857 3190 ἄγουσιν,

269 3213 407 3267 ἀλλὰ
437 3211 698 3282 πρότερον
723 3212 780 3264 ὲν
801 3209 882 3281 τῷ
910 3207 1065 3280 κηρῷ
1108 3209 1172 3264 τὸ
1203 3209 1346 3280 ἄλφα
1379 3212 1737 3284 χαράξαντες,
1767 3217 1861 3270 καὶ

272 3305 342 3358 τὰ
381 3302 507 3372 ἑξῆς
538 3299 646 3354 τῶν
681 3301 980 3371 στοιχείων,
1013 3301 1083 3354 τά
1100 3317 1160 3353 τε
1189 3301 1426 3372 ὀνόματα
1455 3301 1632 3356 αὐτῶν
1664 3304 1862 3358 εἰδέναι

268 3393 600 3459 διδάσκουσι,
635 3391 728 3444 καὶ
751 3391 863 3454 τοῖς
889 3390 1083 3454 τύποις
1107 3393 1220 3455 τοῖς
1251 3395 1539 3462 γραφεῖσιν
1574 3393 1861 3448 ὲνασκοῦσι

268 3487 376 3558 τὴν
424 3487 580 3556 χεῖρα
599 3500 612 3514 ·
671 3483 808 3554 μετὰ
840 3483 894 3536 δὲ
926 3483 1084 3538 τοῦτο
1114 3485 1232 3547 ταῖς
1275 3483 1567 3548 συλλαϐαῖς
1593 3485 1863 3556 προϐιϐά-

269 3577 450 3642 (auct,
481 3576 574 3629 καὶ
603 3574 713 3628 τῶν
745 3574 1025 3646 ὀνομάτων
1062 3574 1190 3646 ὲξῆς
1220 3574 1532 3628 παιδεύουσι
1559 3575 1655 3647 τὴν
1687 3576 1866 3645 ὲκφώ-

267 3685 427 3739 νησιν
455 3683 470 3697 °
513 3665 684 3729 οὕτως
730 3665 825 3718 καὶ
864 3663 965 3736 τῆς
997 3663 1294 3736 ἐκκλησίας
1335 3666 1710 3737 καθηγεμόνες
1752 3670 1866 3732 τοῖς

268 3757 682 3831 στοιχ[ει]ὠδεσι
723 3756 940 3829 πρῶτον
970 3755 1078 3810 τῶν
1123 3757 1463 3828 μαθημάτων
1497 3760 1866 3830 προσάγοντες

266 3853 363 3906 τὸν
390 3849 687 3923 ἀκροατὴν,
724 3849 1029 3920 παρέχουσι
1069 3847 1178 3903 τῶν
1210 3848 1573 3923 τελειωτέρων
1596 3852 1697 3924 τὴν
1723 3853 1868 3922 γνῶ-

268 3959 378 3998 σιν.

356 4119 575 4190 Ἐπειδὴ
600 4119 780 4172 τοίνυν
808 4119 866 4172 ἒν
898 4116 992 4171 δύο
1021 4118 1141 4180 ταῖς
1169 4115 1569 4188 προλαϐοῦσι-αις
1599 4117 1858 4190 ἡμέραις,

265 4210 372 4281 τῆς
401 4212 676 4280 φάρυγγος
709 4209 804 4262 καὶ
833 4205 936 4278 τῆς
965 4207 1202 4278 γαστρὸς
1241 4207 1340 4277 τὴν
1373 4207 1683 4277 φιληδονίαν
1720 4209 1858 4260 ὲσω-

267 4301 628 4374 φρονίσαμεν,
663 4303 735 4371 μή
771 4317 838 4371 με
871 4299 1093 4370 οίηθῆτε
1143 4299 1236 4352 καὶ
1266 4300 1504 4369 σήμερον
1549 4298 1618 4351 τὰ
1655 4299 1857 4370 συνήθη

265 4393 470 4458 λέξειν,
493 4393 568 4456 ὡς
600 4394 764 4447 καλὸν
812 4394 1221 4465 καταφρονῆσαι
1269 4391 1467 4462 κρεῶν,
1500 4391 1591 4443 καὶ
1621 4391 1857 4460 ἅποσχέυ

269 4482 397 4535 σθαι
431 4481 526 4535 τοῦ
559 4482 915 4550 φιλογέλωτος
962 4481 1106 4534 οἴνου
1134 4481 1228 4534 καὶ
1259 4480 1580 4550 βακχευτοῦ’
1613 4481 1855 4550 ἐπισχεῖν

267 4574 329 4626 δὲ
353 4574 478 4636 τοὺς
505 4573 821 4643 μαγείρους,
856 4571 950 4624 καὶ
975 4573 1154 4624 πᾶσαν
1176 4571 1271 4624 τοῦ
1302 4572 1541 4641 οἰνοχόου
1566 4571 1665 4642 τὴν
1697 4575 1856 4642 χεῖρα

268 4665 607 4734 κάμνουσαν.
659 4663 842 4718 Ταῦτα
869 4665 977 4734 γὰρ
1021 4662 1143 4734 ἐμοί
1177 4680 1236 4715 τε
1270 4663 1470 4726 ἱκανῶς
1495 4664 1728 4733 εἴρηται,
1761 4666 1855 4716 καὶ

269 4759 432 4826 ὑμεῖς
489 4757 574 4810 διὰ
626 4759 735 4811 τῶν
782 4759 1124 4829 πραγμάτων
1165 4757 1386 4826 ἐνεργὸν
1417 4756 1516 4825 τὴν
1550 4755 1858 4827 συμϐουλὴν

269 4849 638 4915 ἐπεδείξασθε.
711 4850 786 4903 Τὸ
862 4851 920 4904 δὲ
976 4850 1191 4920 πρῶτον
1264 4848 1490 4918 μάθημα
1541 4849 1857 4918 ἀσκηθεῖσιν

269 4939 630 5013 [ἀσκούντων]
656 4943 803 5012 ὑμῖν,
841 4943 1004 4995 καλὸν
1038 4943 1099 4994 ὲκ
1137 4941 1505 5010 προσαγωγῆς
1537 4941 1858 5010 μεταδοῦναι

265 5029 379 5082 τῶν
412 5031 670 5100 μειζόνων
697 5033 790 5084 καὶ
818 5031 1232 5116 ἀνδρικωτέρων
1275 5029 1460 5083 λοιπὸν
1486 5032 1852 5101 διδαγμάτων.

269 5127 376 5178 hoc
421 5127 808 5181 documentum
842 5128 1118 5193 excolitis,
1172 5141 1353 5196 opera:
1397 5129 1630 5197 pretium
1677 5136 1783 5194 est,
1832 5138 1892 5185 ut

265 5228 418 5277 sunt.
458 5220 888 5289 progrediamur.

343 5313 497 5364 Ἐστι
523 5311 698 5364 τοίνυν
730 5313 822 5364 καὶ
851 5311 1143 5383 ἀσώματος
1183 5314 1426 5383 νηστεία,
1455 5313 1549 5366 καὶ
1584 5313 1743 5376 ἄῦλος
1763 5314 1853 5382 ὲγ-
1881 5327 1922 5384 c

260 5405 494 5478 κράτεια
522 5406 554 5475 η
587 5405 715 5474 περὶ
739 5405 914 5476 ψυχὴν
933 5407 1270 5478 στρεφομένη
1304 5407 1480 5475 ἀποχὴ
1511 5405 1617 5458 τῶν
1631 5406 1816 5458 κακῶν
1841 5423 1854 5436 ’

261 5499 360 5552 καὶ
407 5498 474 5550 δι’
506 5498 723 5568 ἐκείνην
767 5499 902 5568 ἡμῖν
933 5499 1028 5550 καὶ
1054 5498 1192 5569 αὕτη
1222 5495 1584 5566 ἐνομοθετήθη
1613 5497 1645 5566 ἡ
1679 5494 1858 5566 ἀποχὴ

257 5589 373 5641 τῶν
409 5587 732 5660 βρωμάτων.
770 5587 1119 5660 Νηστεύσατε
1158 5589 1335 5642 τοίνυν
1366 5585 1474 5641 άπὸ
1507 5585 1726 5648 κακίας·
1770 5587 1860 5653 ὲγ-

1965 2663 2057 2731 qui
2095 2677 2155 2717 se
2178 2677 2318 2716 verm
2354 2661 2573 2730 pietatis
2609 2669 2662 2714 et
2703 2661 2822 2730 ejus
2853 2661 3068 2715 vivendi
3119 2664 3370 2729 rationis,
3427 2680 3552 2730 quae

1960 2769 2028 2807 ex
2093 2756 2295 2809 virtute
2340 2764 2444 2817 est,
2493 2753 2787 2823 magistros
2841 2754 3186 2824 proﬁtentur,
3236 2755 3552 2811 hominibus

1965 2845 2074 2901 illis
2110 2852 2240 2900 sunt
2266 2845 2560 2899 admodum
2590 2845 2819 2909 similes,
2861 2847 2951 2915 qui
3003 2848 3412 2915 grammaticam
3447 2848 3550 2902 do-

1961 2945 2111 3001 cent,
2147 2945 2200 2992 et
2229 2937 2405 3007 prima
2431 2936 2657 2990 tradunt
2684 2936 2954 2990 elementa
2976 2935 3302 2990 litterarum.
3336 2935 3549 2991 Etenim

1961 3030 2426 3100 quemadmodum
2465 3028 2518 3082 hi
2552 3042 2797 3098 puerose.
2827 3037 3116 3095 parentum
3151 3028 3402 3083 manibus
3426 3041 3552 3082 sus-

1961 3133 2151 3195 ceptos
2200 3122 2382 3176 adhuc
2429 3119 2669 3175 infantes
2716 3128 2769 3174 et
2800 3119 3166 3174 balbutienles
3217 3135 3326 3174 non
3382 3119 3552 3190 proti-

1962 3230 2068 3270 nus
2101 3213 2302 3269 abditis
2326 3212 2742 3282 disciplinarum
2787 3211 3243 3281 prwceptionibus
3297 3220 3548 3273 onerant,

1965 3305 2057 3360 sed
2094 3306 2272 3374 prium
2301 3304 2610 3359 litterarum
2648 3303 2851 3357 formas
2896 3302 3209 3372 insculpunt
3274 3303 3328 3356 in
3381 3302 3548 3366 ceris,

1963 3411 2266 3468 carumque
2320 3395 2542 3448 nomina
2597 3393 2902 3455 declarant,
2949 3401 3003 3448 et
3056 3394 3296 3463 ipsorum
3352 3410 3549 3447 manus

1965 3502 2063 3556 per
2112 3487 2410 3555 impressos
2473 3485 2595 3538 illos
2637 3483 2940 3538 litterarum
2998 3483 3196 3538 ductus
3257 3492 3425 3554 agunt
3495 3493 3551 3537 rt

1963 3581 2244 3637 exercent;
2276 3589 2399 3626 mox
2430 3587 2526 3626 eos
2557 3572 2626 3625 ob
2661 3573 2994 3642 syllabarum
3024 3571 3392 3642 cognitionem
3419 3587 3548 3641 ιιι-ον

1964 3665 2196 3728 vehunt,
2231 3672 2397 3732 atque
2437 3663 2511 3716 ita
2564 3662 2822 3730 deinceps
2869 3660 2936 3716 ad
2988 3663 3280 3716 verborum
3322 3677 3549 3731 expres-

1965 3758 2177 3813 sionem
2206 3756 2552 3826 pcrducunt;
2591 3754 2668 3808 sic
2704 3752 2964 3807 Ecclesia
2985 3751 3153 3806 duces
3186 3753 3342 3808 initio
3376 3753 3548 3807 docu-

1968 3857 2174 3912 menta,
2218 3863 2338 3918 quae
2369 3847 2480 3900 sint
2529 3847 2706 3901 instar
2735 3846 3152 3908 elementorum,
3205 3846 3548 3902 auditoribus

1896 3931 1938 3987 Β
1969 3947 2300 4010 proponunt.
2325 3937 2520 3992 deinde
2535 3939 2800 4008 gradatim
2830 3951 2915 3999 ea,
2944 3951 3064 4004 quae
3086 3935 3410 4005 perfectiora
3432 3952 3550 3991 ma-

1966 4034 2158 4104 gisque
2185 4031 2467 4087 recondita
2495 4039 2646 4095 sunt,
2686 4029 3043 4099 patefaciunt.

2037 4123 2308 4190 Quoniam
2341 4123 2511 4193 igitur
2543 4122 2762 4176 duobus
2797 4122 3178 4190 superioribus
3206 4121 3401 4177 diebus
3451 4135 3546 4176 zu-

1965 4217 2246 4285 piditatetn
2279 4215 2447 4278 illam,
2497 4229 2620 4283 qua:
2661 4214 2802 4282 gula:
2851 4213 3166 4279 ventrisque
3214 4214 3545 4282 voluptatem

1965 4314 2230 4367 sectatur,
2270 4304 2680 4373 castigatimus,
2731 4304 2991 4357 hodierna
3036 4304 3162 4355 item
3223 4303 3311 4357 die
3350 4304 3543 4358 iisdem

1963 4398 2032 4452 de
2066 4399 2230 4452 rebus
2258 4411 2342 4450 me
2368 4395 2532 4450 verba
2563 4394 2834 4449 facturum
2885 4409 2954 4448 ne
2989 4395 3338 4461 existimetis,
3398 4396 3544 4465 quod

1961 4487 2219 4542 videlicet
2248 4486 2538 4540 conveniat
2571 4493 2625 4540 et
2653 4499 2821 4538 carne
2859 4500 2966 4539 non
3017 4485 3188 4546 vesci.
3224 4493 3279 4539 et
3313 4503 3343 4540 a
3391 4488 3540 4552 vino,

1961 4578 2120 4647 cujus
2148 4577 2259 4631 fere
2289 4577 2454 4641 risus,
2486 4585 2540 4630 et
2563 4576 2775 4630 insania
2807 4577 3034 4630 comites
3065 4583 3214 4638 sunt,
3241 4577 3541 4640 abstinere,

1961 4679 2016 4725 et
2069 4670 2328 4724 cohibere.
2369 4684 2673 4739 coquorum
2729 4669 3010 4734 studium;
3047 4679 3098 4721 et
3155 4670 3542 4737 piucernarum

1961 4776 2158 4815 manus
2198 4762 2496 4818 miscendis
2527 4744 2988 4832 porrigendisque
3018 4762 3231 4831 poculis
3284 4761 3543 4830 fatigatas

1961 4856 2345 4923 comprimere.
2377 4855 2452 4910 De
2482 4856 2566 4909 his
2596 4857 2741 4910 enim
2774 4863 2828 4910 ct
2875 4869 2977 4908 nos
3013 4854 3148 4909 satis
3181 4854 3345 4907 multa
3399 4853 3540 4906 dixi-

1963 4961 2107 5008 mus,
2145 4957 2198 4998 et
2229 4961 2325 5001 vos
2373 4948 2665 5001 consilium
2703 4946 3240 5010 admonitionemque
3293 4953 3540 4998 nostram

1963 5038 2141 5106 reipsa
2178 5047 2232 5092 et
2255 5040 2414 5092 factis
2435 5038 2916 5108 comprobaviSIis.
2944 5036 3124 5102 Quare
3144 5037 3270 5089 dum
3304 5036 3538 5102 primum

1965 5134 2034 5188 ad
2093 5150 2156 5188 ea
2209 5136 2362 5190 vobis
2423 5136 2684 5190 tradenda
2756 5150 2877 5205 quae
2923 5136 3128 5204 majora
3181 5132 3541 5202 gravioraque

2028 5313 2125 5370 Est
2156 5315 2326 5386 igitur
2351 5316 2545 5386 jejunii
2577 5325 2631 5372 et
2689 5317 3028 5370 abstinentia!
3079 5331 3271 5384 genus,
3331 5318 3478 5387 quod
3507 5333 3538 5372 a

1965 5422 2195 5476 corpore
2239 5413 2292 5461 et
2356 5409 2582 5461 materia
2628 5408 2933 5474 sejunctum
2975 5416 3093 5473 est;
3129 5423 3362 5475 etnnque
3419 5411 3541 5463 ani-

1966 5511 2108 5548 mam
2137 5496 2404 5550 duntaxat
2434 5498 2708 5566 respiciat,
2737 5513 2798 5549 ea
2861 5513 2918 5550 re
2951 5497 3250 5564 perhcitur.
3294 5507 3355 5550 ut
3385 5513 3414 5551 a
3459 5501 3541 5554 vi-

1965 5588 2056 5642 tiis
2093 5598 2491 5658 temperemus:
2519 5598 2682 5657 atque
2712 5588 2876 5656 hujus
2906 5587 3125 5657 quidem
3167 5588 3364 5658 jejunii
3413 5605 3540 5661 gra-

340 5763 814 5840 (a)_gGra:ce_e_dita
841 5779 923 5840 ea
953 5776 1089 5816 mss.
1141 5760 1405 5820 Caesareae
1435 5763 1726 5820 Viennens.
1775 5762 2142 5838 bibliothecae,
2208 5779 2258 5825 et
2327 5786 2390 5825 ex
2429 5768 2738 5840 apograplzo
2803 5783 2872 5826 ex
2921 5764 3182 5822 Vaticana
3237 5765 3535 5834 exscripta,

259 5834 400 5893 cura
420 5835 477 5890 Ρ.
499 5839 615 5891 Jac.
645 5834 926 5890 Sirinondi
959 5843 1229 5888 correcta.
