4026 6426
553 398 664 456 455

1785 375 1848 434 S.
1878 371 2211 432 GREGORII
2242 368 2537 428 NYSSENI

3687 366 3786 427 456

554 517 652 583 tia,
695 508 826 567 illud
871 508 1138 565 indictum
1182 513 1290 572 cst,
1355 511 1417 558 ut
1459 517 1490 558 a
1532 499 1673 557 cibis
1727 499 2126 555 abstineamus.

2263 491 2615 566 ιρατεύσασθε
2645 489 2754 545 ἀπὸ
2774 489 2874 559 τῆς
2895 487 3006 542 τῶν
3029 483 3321 557 ἀλλοτρίων
3350 483 3653 554 ἐπιθυμίας·
3673 484 3795 571 fimi.

554 607 711 675 Quod
733 621 855 662 cum
886 607 961 659 ita
997 603 1090 670 sit,
1130 616 1160 655 a
1199 599 1407 655 malitia
1436 596 1702 668 ieiunate,
1752 594 2005 649 cohibete
2048 606 2135 646 rc-

553 717 678 758 rum
726 701 1031 755 alienarum
1080 693 1468 765 cupiditatem,
1533 703 1564 742 a
1619 685 1767 756 turpi
1813 691 1868 740 et
1928 682 2136 752 iniusto

556 798 767 863 quaestu
787 789 942 844 vobis
971 794 1289 855 temperate.
1321 779 1619 834 Avaritiam
1648 776 1971 830 lllammonae
1993 770 2139 825 fame

555 859 875 938 interficite.
921 875 1068 931 Nihil
1113 873 1259 929 domi
1316 867 1659 924 reconditum
1716 863 1934 927 habete,
1991 859 2137 930 quod

559 975 632 1030 sit
657 988 755 1043 per
783 974 893 1025 vim
924 978 980 1024 et
1000 966 1224 1036 rapinas
1245 966 1643 1030 comparatum.
1676 953 1817 1021 Quid
1839 953 1985 1007 enim
2011 966 2141 1021 pro-

560 1066 701 1121 derit
726 1079 821 1118 ore
855 1074 1076 1115 carnem
1130 1071 1239 1110 non
1299 1052 1590 1122 attingere,
1653 1047 1699 1103 si
1756 1043 2141 1100 maledicentia

562 1158 787 1213 fratrem
826 1149 1075 1207 laceras?
1108 1148 1367 1215 Quaenam
1402 1144 1506 1199 erit
1535 1141 1768 1204 utilitas,
1800 1138 1868 1206 si,
1899 1137 2028 1192 dum
2050 1142 2142 1190 tua

562 1263 672 1302 non
716 1241 980 1303 comedis,
1043 1253 1165 1307 qua:
1218 1233 1478 1306 pauperis
1539 1239 1690 1294 sunt,
1727 1244 1825 1300 per
1882 1225 2141 1296 iniuriam

563 1331 938 1405 subripueris?
960 1329 1094 1397 Quae
1115 1343 1282 1399 porro
1306 1326 1477 1396 pictas
1507 1323 1633 1388 ista,
1659 1320 1707 1377 si
1730 1332 1928 1390 aquam
1952 1315 2145 1369 bibens

564 1439 749 1487 struas
782 1426 1054 1490 fraudem,
1081 1435 1323 1478 consuas
1351 1418 1531 1481 dolos,
1576 1422 1632 1470 et
1678 1428 1745 1469 ex
1797 1409 2148 1480 improbitate

564 1521 887 1592 sanguinem
915 1515 1111 1573 sitias?
1136 1511 1320 1579 Quid?
1360 1509 1553 1565 Nonne
1583 1505 1755 1561 ludas
1804 1502 1970 1558 etiam
2021 1515 2147 1556 cum

564 1590 821 1670 undecim
848 1605 1177 1679 ieiunabat?
1207 1604 1446 1657 attamen
1492 1599 1623 1669 quia
1670 1608 1852 1650 mores
1906 1590 2150 1646 avaritia:

564 1705 780 1761 deditos
815 1717 922 1756 non
963 1695 1281 1757 refrenavit,
1326 1691 1463 1747 nihil
1498 1690 1565 1745 ad
1597 1687 1833 1743 salutem
1879 1683 1956 1738 illi
2001 1682 2149 1752 ieiu-

568 1799 721 1853 nium
767 1793 990 1867 profuit.
1026 1789 1206 1858 Quid?
1254 1784 1403 1856 quod
1433 1782 1687 1838 diabolus
1735 1793 1861 1834 cum
1923 1776 2151 1846 spiritus

2238 559 2431 658 disces
2475 585 2700 656 κέρδους
2750 583 2959 637 ἀδίκου·
2984 580 3405 650 λιμοκτονήσατε
3447 574 3538 629 τοῦ
3564 559 3797 646 Μαρίωνᾶ

2236 677 2334 747 τὴν
2365 674 2750 747 φιλαργυρίανο
2792 671 2957 742 μηδὲν
2995 670 3088 724 ἐπὶ
3116 669 3212 738 τῆς
3241 667 3415 729 οἰκίας
3446 665 3584 718 ἔστω
3614 666 3796 734 κειμή-

2236 771 2370 835 λιον,
2392 771 2457 821 ὲκ
2487 768 2605 839 βίας
2630 767 2725 819 καὶ
2753 764 3029 836 ἁρπαγῆς.
3070 760 3135 813 Τί
3170 758 3279 829 γὰρ
3307 757 3516 827 ἥφελος,
3552 756 3615 810 ἂν
3642 756 3797 826 κρέας

2243 861 2318 933 μὴ
2339 858 2714 932 προσενέγκῃς
2733 856 2812 927 τῷ
2838 856 3084 926 στόματι,
3103 851 3197 906 καὶ
3226 850 3424 922 δάκνῃς
3451 852 3516 920 τῇ
3538 848 3696 918 κακίᾳ
3718 847 3801 899 τὸν

2240 952 2507 1022 ἀδελφόν;
2543 953 2612 1005 Ἢ
2641 950 2725 1014 τίς
2763 948 2948 1019 ὄνησις
2977 946 3040 999 ἂν
3070 943 3139 997 τὰ
3164 943 3231 996 σὰ
3271 942 3345 1014 μὴ
3378 940 3575 1015 φάγῃς,
3608 942 3699 993 καὶ
3716 941 3802 992 λά-

2242 1044 2343 1115 ϐῃς
2370 1042 2437 1096 τὰ
2461 1041 2553 1096 τοῦ
2584 1042 2812 1113 πένητος
2836 1038 3033 1100 ἀδίκως
3054 1054 3068 1103 ;
3094 1035 3189 1099 Τίς
3222 1033 3277 1087 δὲ
3307 1032 3443 1103 αὕτη
3467 1029 3725 1092 εὐσέϐεια,
3743 1031 3804 1084 ἂν

2243 1136 2388 1208 ὓδωρ
2459 1135 2648 1196 πίνων,
2686 1133 2864 1203 ράψῃς
2910 1130 3079 1193 δόλον,
3116 1128 3212 1181 καὶ
3248 1126 3477 1196 αἵματος
3506 1124 3725 1197 διψήσεις
3746 1126 3803 1178 ὲκ

2245 1227 2550 1300 πονηρίας;
2586 1226 2905 1297 Ἐνήστευσε
2953 1221 3171 1282 πάντως
3215 1218 3352 1290 μετὰ
3384 1216 3494 1271 τῶν
3517 1217 3701 1270 ἓνδεκα
3721 1217 3804 1270 καὶ

2260 1320 2461 1384 Ἰούδας
2494 1335 2507 1348 ·
2538 1318 2676 1373 ἀλλὰ
2727 1317 2820 1370 τὸν
2868 1314 3201 1386 φιλάργυρον
3230 1310 3303 1383 μὴ
3331 1310 3577 1381 δαμάσας
3602 1309 3803 1378 τρόπον,

2247 1413 2398 1466 οὐδὲν
2440 1413 2519 1476 εἰς
2570 1409 2843 1481 σωτηρίαν
2873 1405 3130 1478 ὠφελήθη
3159 1403 3310 1473 παρὰ
3334 1402 3434 1473 τῆς
3457 1401 3684 1465 ἀσιτίας.
3708 1401 3807 1453 Καὶ

2246 1506 2277 1559 ό
2306 1503 2552 1567 διάϐολος
2606 1504 2705 1556 οὐκ
2737 1500 2926 1555 ἐσθίει·
2956 1498 3174 1569 πνεῦμα
3196 1495 3305 1567 γάρ
3328 1497 3484 1548 ἐστιν
3513 1493 3804 1564 ἀσώματον·

2249 1598 2386 1653 ἀλλὰ
2430 1596 2520 1651 διὰ
2563 1594 2762 1650 κακίαν
2810 1594 2905 1647 τοῦ
2953 1591 3120 1660 ὕψους
3144 1589 3436 1644 ἀπέπεσεν.
3478 1586 3700 1657 Ὁμοίως
3725 1584 3809 1638 καὶ

2248 1691 2358 1745 τῶν
2382 1689 2652 1761 δαιμόνων
2707 1687 2960 1749 ἕκαστος.
2994 1683 3118 1739 οὔτε
3144 1683 3249 1751 δέκα
3282 1679 3670 1752 προσφέρεται,
3699 1676 3810 1729 οὔτε

2253 1778 2604 1852 πολυποσίας,
2636 1777 2670 1848 ἢ
2704 1778 2872 1849 μέθης
2893 1776 3107 1847 δέχεται
3129 1773 3511 1843 κατηγόρημα.
3541 1769 3698 1833 Φύσις
3716 1769 3810 1840 γὰρ

567 1893 641 1949 sit
672 1860 920 1960 corporis
946 1898 1163 1955 expers,
1196 1880 1331 1935 nihil
1360 1890 1599 1948 unquam
1635 1872 1749 1929 edit
1794 1870 2041 1935 omnino,
2092 1874 2149 1923 ct

2263 1873 2450 1936 αὐτοὺς
2517 1869 2618 1940 τῆς
2669 1868 2780 1922 τῶν
2837 1866 3141 1939 βρωμάτων
3209 1862 3497 1936 μετουσίας
3552 1860 3809 1932 ἐχώρισεν.

566 1990 749 2036 tamen
775 1959 1002 2047 propter
1028 1970 1432 2041 improbitatem
1477 1982 1510 2023 e
1543 1964 1765 2022 sublimi
1820 1961 1916 2017 illo
1951 1959 2149 2015 cecidit

565 2070 852 2144 dignitatis
883 2064 1073 2139 gradu.
1104 2064 1416 2133 Eademque
1453 2059 1667 2115 ratione
1708 2054 1897 2111 nullus
1942 2054 2145 2108 daemo-

567 2179 700 2222 num
739 2169 845 2225 est,
872 2159 989 2230 qui,
1024 2156 1169 2228 quod
1199 2162 1294 2209 aut
1318 2168 1380 2209 se
1408 2149 1657 2208 obsoniis
1692 2144 2008 2216 ingurgitet,
2056 2148 2150 2197 aut

567 2257 861 2314 immodice
913 2252 1084 2317 bibat,
1120 2249 1442 2305 ebriosusve
1495 2244 1590 2307 sit,
1641 2239 1893 2295 accusari
1946 2236 2145 2306 possit.

568 2347 777 2403 Natura
825 2344 970 2399 enim
1016 2355 1046 2395 a
1103 2337 1322 2395 bibendi
1359 2335 1666 2406 edendique
1727 2338 2055 2389 necessitate
2087 2329 2152 2384 li-

570 2438 690 2495 beri
721 2444 871 2493 sunt.
899 2416 1086 2502 Neque
1120 2441 1301 2486 tamen
1354 2428 1561 2483 idcirco
1586 2426 1671 2483 vel
1721 2426 1830 2488 die,
1861 2425 1947 2480 vel
1992 2430 2153 2478 nocte

570 2545 671 2602 per
681 2544 806 2585 aera
824 2528 1083 2583 olierrare
1100 2536 1341 2592 unquam
1361 2525 1599 2586 cessant,
1620 2516 1948 2588 ﬂagitiorum
1966 2524 2155 2571 aucto-

2267 1965 2408 2019 Ἀλλ’
2441 1965 2590 2035 ὅμως
2617 1962 2713 2016 καί⁵
2756 1960 2975 2031 νύκτωρ
3012 1959 3105 2014 καὶ
3139 1956 3257 2029 μεθ’
3292 1955 3524 2029 ἡμέραν,
3548 1950 3811 2024 ἐμπλανώ-

2259 2074 2411 2127 μενοι
2456 2055 2533 2126 τῷ
2592 2054 2737 2125 ἀέρι,
2772 2052 2968 2115 κακίας
3001 2051 3107 2104 είσὶ
3142 2048 3364 2118 ποιηταὶ
3415 2046 3508 2100 καὶ
3547 2044 3837 2116 ὑπηρέται,⁴

2255 2149 2348 2202 καὶ
2374 2148 2476 2210 τὰς
2508 2146 2629 2218 μεθ’
2663 2144 2820 2216 ἡμῶν
2859 2141 3153 2205 ἐπιϐουλὰς
3202 2138 3484 2212 ἐνεργοῦσι
3515 2135 3811 2199 σπουδαίοις.

2256 2239 2440 2309 Φθόνῳ
2464 2238 2523 2292 δὲ
2547 2237 2641 2292 καὶ
2660 2235 2930 2307 βασκανίᾳ
2954 2235 3231 2305 τήκονται,
3247 2233 3393 2286 ἃκαὶ
3420 2229 3634 2301 φεύγειν
3650 2225 3812 2290 καλὸν,

2259 2332 2308 2385 εί
2347 2329 2634 2401 μέλλοιμεν
2686 2328 2962 2401 ἄνθρωποι
3020 2327 3159 2398 πρὸς
3199 2323 3335 2378 Θεὸν
3376 2321 3645 2391 συγγενῶς
3670 2320 3813 2391 ἔχειν,

2260 2421 2486 2476 ἐκείνων
2547 2422 2890 2476 ἐκπεσόντων
2938 2419 3041 2490 τῆς
3100 2418 3237 2490 πρὸς
3287 2417 3352 2471 τδ
3401 2414 3597 2486 ἀγαθὸν
3641 2414 3815 2468 οἰκειό-

2261 2531 2447 2586 τητος.

572 2601 664 2679 res
691 2629 746 2676 et
775 2619 1032 2674 ministri.
1070 2615 1239 2671 Nobis
1266 2622 1448 2669 autem
1481 2612 1630 2667 omni
1658 2610 1844 2666 studio
1898 2609 2199 2666 moliuntur
2224 2607 2481 2665 insidias.
2522 2606 2760 2679 ‘Quippe
2828 2607 2999 2662 livore
3066 2603 3384 2677 liqueﬁunt,
3448 2613 3502 2660 et
3563 2601 3823 2657 tabcscunt

572 2714 800 2777 invidia,
835 2712 978 2782 quod
1012 2710 1080 2765 ad
1124 2724 1244 2765 eam
1279 2722 1379 2763 nos
1410 2706 1660 2762 homines
1692 2705 2118 2762 necessitudinis
2151 2703 2600 2775 coniunctionem
2650 2718 2779 2760 cum
2813 2703 2934 2775 ipso
2995 2702 3127 2769 Deo,
3185 2708 3241 2757 et
3297 2699 3582 2756 felicitatis
3629 2709 3824 2770 posses-

573 2811 805 2874 sionem,
833 2824 864 2862 e
890 2821 998 2877 qua
1025 2805 1130 2874 ipsi
1164 2801 1361 2871 deiecti
1405 2807 1555 2866 sunt,
1588 2799 1764 2856 simus
1814 2799 2151 2871 pervcnturi.

647 2900 905 2957 Honestis
964 2899 1127 2968 igitur
1192 2911 1256 2949 ac
1317 2894 1479 2950 bonis
1554 2892 1802 2948 moribus
1836 2892 2164 2968 instruatur

574 2963 1015 3052 Christianorum
1042 2988 1173 3041 vita.
1200 2987 1404 3041 Eorum
1447 2984 1619 3038 animi
1651 2963 1929 3040 declinént
1978 2994 2032 3041 et
2087 2983 2165 3054 fu-

574 3089 728 3159 giant
759 3083 979 3139 malitiae
1017 3079 1427 3135 detrimentum.
1480 3074 1613 3131 Nam
1649 3076 1697 3130 si
1745 3076 1875 3131 vino
1907 3084 1961 3131 et
1997 3091 2165 3132 carne

579 3181 968 3248 temperantes,
997 3170 1295 3227 obstrictos
1326 3168 1478 3223 vitiis
1523 3167 1737 3222 animos
1785 3167 2161 3233 habuerimus,

2341 2889 2771 2961 Παιδαγωγείτω
2823 2887 3006 2941 τοίνυν
3058 2886 3150 2939 τὸν
3192 2885 3307 2956 βίον
3359 2887 3468 2940 τῶν
3517 2881 3826 2958 Χριστιανῶν

2265 2984 2467 3057 τρόπος
2495 2983 2801 3052 φιλόσοφος.
2836 2981 2950 3036 Καὶ
2986 2982 3021 3052 ή
3052 2979 3199 3052 ψυχὴ
3239 2980 3498 3050 φευγέτω
3532 2980 3625 3051 τῆς
3656 2978 3828 3040 κακίας

2264 3075 2365 3146 τὴν
2426 3074 2648 3145 βλάϐην.
2682 3075 2780 3127 “Av
2821 3072 2931 3145 γὰρ
2971 3074 3115 3126 οῐνου
3159 3070 3253 3125 καὶ
3295 3071 3485 3144 κρεῶν
3515 3070 3826 3141 ἀπεχόμενοι,

2264 3166 2379 3228 τοῖς
2405 3162 2549 3218 κατὰ
2588 3162 2847 3235 πρόθεσιν
2898 3163 3291 3234 ἁμαρτήμασιν
3331 3155 3494 3232 ὦμεν
3549 3160 3827 3224 ὑπεύθυνοι,

576 3271 714 3329 nihil
762 3267 1062 3340 quidquam
1118 3262 1299 3329 nobis,
1352 3276 1476 3317 cum
1531 3260 1692 3315 aliter
1749 3260 1935 3315 animo
1991 3275 2155 3330 quam

2267 3255 2540 3355 προλέγω,
2569 3255 2665 3355 καὶ
2692 3253 3182 3327 προμαρτύρομαι,
3223 3253 3298 3317 ὡς
3321 3253 3484 3309 οὐδὲν
3510 3254 3648 3324 ἡμᾶς
3672 3252 3828 3324 ὀνήσει

576 3363 923 3422 extrinsecus
947 3355 1128 3414 affecti
1179 3354 1376 3418 simus,
1410 3360 1506 3407 aut
1561 3366 1785 3421 aquam,
1841 3362 1937 3407 aut
1984 3352 2160 3416 olera,

579 3465 677 3513 aut
706 3467 926 3510 mensas
956 3450 1078 3506 sine
1103 3445 1372 3517 sanguine
1420 3453 1664 3501 structas
1697 3443 1985 3515 profutura
2034 3459 2168 3514 prae-

578 3546 707 3603 dico
751 3551 916 3614 atque
963 3528 1250 3595 tes'tilicor.
1311 3534 1543 3605 Propter
1594 3533 1920 3590 munditiam
1970 3534 2167 3588 animae

579 3650 710 3696 sunt
750 3637 954 3694 indicta
994 3633 1227 3705 ieiunia.
1275 3629 1409 3697 Qua:
1434 3630 1480 3686 si
1514 3637 1633 3684 tum
1684 3629 1991 3693 voluntate,
2046 3632 2165 3680 tum

581 3732 747 3788 factis
771 3727 1222 3798 coinquinentur,
1283 3722 1413 3792 quid
1448 3721 1680 3787 frustra,
1711 3734 1876 3790 quam
1897 3716 2164 3782 bibimus,

581 3836 780 3893 aquam
812 3816 1183 3875 insumimus?
1218 3815 1329 3871 Cur
1361 3815 1557 3885 ingens
1589 3813 1691 3867 hoc
1725 3825 1971 3873 omnum,
2019 3808 2167 3879 quod

584 3915 696 3972 elui
712 3930 774 3970 ex
784 3910 1116 3984 purgarique
1131 3922 1239 3963 non
1260 3912 1457 3977 potest,
1476 3903 1785 3961 excolitur?
1801 3900 1941 3984 Quid
1954 3915 2058 3956 con
2066 3900 2169 3956 fert

579 3978 851 4076 ieiunium
891 3978 1160 4069 corporis,
1188 3996 1297 4053 nisi
1331 4010 1488 4052 mens
1517 4008 1655 4065 pura
1693 3978 2009 4061 mundaque
2057 3989 2169 4046 sit?

583 4096 736 4154 Nihil
773 4095 919 4152 enim
981 4092 1178 4164 prosit,
1235 4103 1458 4145 currum
1520 4085 1761 4142 validum
1815 4098 1880 4138 ac
1927 4082 2169 4139 strenuis

587 4189 870 4262 quadrigis
902 4187 1230 4243 instructum
1269 4195 1412 4248 esse,
1440 4179 1692 4249 siauriga
1716 4175 1953 4232 insaniat
1980 4195 1994 4231 :
2017 4176 2167 4231 nulla

585 4283 692 4341 erit
722 4282 862 4337 bene
891 4278 1167 4334 fabricatae
1200 4274 1355 4329 navis
1385 4270 1618 4333 utilitas,
1649 4268 1696 4324 si
1734 4267 1921 4324 ebrius
1946 4266 2020 4323 sit
2050 4269 2169 4337 ipse

587 4375 944 4445 gubernator.
982 4367 1267 4440 Ieiunium
1319 4363 1544 4421 virtutis
1584 4361 2001 4417 fundamentum
2056 4366 2164 4416 est.

588 4461 1056 4531 Quemadmodum
1094 4469 1272 4516 autem
1299 4457 1518 4512 navium
1576 4453 1802 4518 carinae,
1858 4461 1913 4508 et
1967 4451 2170 4508 funda-

589 4563 775 4610 menta
796 4553 992 4608 domus
1020 4552 1147 4607 licet
1181 4550 1420 4620 ingentia
1454 4546 1746 4617 subiicias,
1779 4544 1995 4600 inutilia
2013 4559 2170 4598 vana-

2267 3345 2413 3418 ὕδωρ
2443 3346 2538 3399 καὶ
2569 3344 2781 3417 λάχανα
2815 3346 2912 3399 καὶ
2938 3345 3272 3417 ἀναίμακτος
3303 3345 3581 3418 τράπεζα,
3612 3343 3830 3415 ἀνόμοιον

2267 3436 2367 3507 τῆς
2396 3435 2596 3500 ἔξωθεν
2622 3435 2944 3505 ἐπιφανείας
2968 3434 3065 3508 τὴν
3096 3435 3309 3491 ἔνδοθεν
3359 3435 3591 3491 διάθεσιν
3610 3435 3826 3507 ἔχοντας.

2268 3526 2368 3581 Διὰ
2420 3526 2774 3599 καθαρότητα
2820 3526 3001 3598 ψυχῆς
3037 3526 3417 3601 ἐνομοθετήθη
3449 3527 3680 3600 νηστεία.
3710 3524 3832 3581 Είδὲ

2271 3619 2458 3690 ἐκείνη
2486 3622 2554 3692 τῇ
2583 3619 2905 3691 προαιρέσει
2933 3619 3026 3674 καὶ
3062 3622 3184 3684 ταῖς
3210 3618 3412 3685 ἄλλαις
3439 3620 3724 3693 ἐνεργείαις
3752 3633 3834 3690 μο-

2269 3712 2512 3779 λύνεται,
2531 3713 2586 3766 τί
2611 3712 2790 3785 μάτην
2817 3711 3289 3785 προσδαπανιῖῳεν
3303 3712 3375 3768 τὸ
3398 3714 3671 3785 πινόμενον
3690 3710 3830 3781 ὕδωρ;

2270 3803 2337 3857 Τί
2368 3804 2701 3859 ἁνέκπλυτον
2738 3805 2834 3860 καὶ
2888 3805 3055 3859 πολὺν
3086 3804 3398 3878 γεωργοῦσι
3444 3806 3534 3860 τὸν
3559 3805 3828 3878 βόρϐορον;

2270 3895 2369 3959 Τίς
2394 3896 2581 3968 ὄνησις
2611 3897 2710 3968 τῆς
2733 3895 3053 3968 σωματικῆς
3074 3898 3354 3969 νηστείας,
3385 3899 3453 3954 ἂν
3483 3898 3556 3972 μὴ
3581 3895 3829 3968 καθαρεύῃ

2269 3988 2299 4040 ὁ
2349 3986 2502 4053 νοῦς;
2554 3987 2721 4042 Οὐδὲν
2759 3987 2870 4061 γὰρ
2897 3986 3108 4058 ὄφελος,
3132 3987 3228 4041 ἐὰν
3250 3988 3314 4042 τὺ
3349 3990 3609 4062 ἀργύριον
3637 3986 3829 4059 ίσχυρδν

2271 4078 2495 4154 ὑπάρχῃ
2522 4079 2617 4134 καὶ
2644 4080 2706 4133 τὸ
2743 4080 3047 4152 τέθριππον
3083 4078 3371 4148 εΰτακτον,
3409 4083 3726 4154 μαινομένου
3752 4075 3831 4130 τοῦ

2271 4172 2514 4243 ἡνιόχου.
2542 4170 2609 4225 Τί
2655 4172 2713 4226 δὲ
2759 4171 2952 4242 δφελος
2977 4173 3077 4244 τῆς
3102 4168 3163 4226 εὖ
3193 4174 3551 4246 ἡρμοσμένης
3587 4173 3731 4236 νεὼς,
3750 4168 3832 4224 ἐὰν

2276 4263 2449 4336 μεθύῃ
2471 4266 2500 4319 ὁ
2513 4264 2881 4335 κυϐερνήτηςς
2899 4265 3143 4335 Νηστεία
3156 4263 3410 4336 θεμέλιος
3424 4266 3833 4339 ἀρετῆς.Ὥσπερ

2272 4352 2332 4406 δὲ
2363 4352 2612 4423 θεμέλιος
2661 4352 2840 4417 οἰκίας
2892 4352 2987 4407 καὶ
3026 4353 3220 4425 τρόπις
3265 4353 3455 4409 πλοίου
3490 4357 3728 4427 ἄχρηστα
3754 4351 3834 4405 καὶ

2274 4442 2536 4516 ἀνόνητα,
2571 4444 2677 4498 κᾶν
2705 4444 2909 4515 σφόδρα
2942 4433 3653 4519 καρτερῶςῗιποδληθῶσιν,
3682 4445 3743 4500 ἃν
3771 4442 3834 4514 μὴ

2274 4534 2346 4587 τὰ
2373 4534 2503 4605 ἑξῆς
2531 4535 2715 4599 αὐτοῖς
2743 4535 2851 4589 τῶν
2898 4537 3280 4607 ἐπιστημόνως
3308 4539 3698 4610 ἐποικοδομηθῇ
3721 4552 3734 4566 ’
3758 4533 3835 4588 οὔ-

590 4661 701 4718 que
731 4646 864 4709 sint,
895 4642 1003 4699 nisi
1033 4642 1272 4711 reliquas
1306 4642 1433 4695 item
1469 4645 1656 4710 partes
1679 4639 1853 4707 perite
1887 4644 1943 4693 et
1985 4636 2160 4692 scien-

2275 4643 2385 4718 τως
2412 4626 2506 4718 καὶ⁵
2532 4625 2635 4718 τῆς
2678 4628 3007 4699 ἐγκρατείας
3034 4628 3234 4699 ταύτης
3263 4630 3421 4684 οὐδὲν
3451 4631 3657 4702 ὕφελος,
3685 4630 3745 4684 ἂν
3772 4626 3834 4697 μὴ

591 4747 677 4794 ter
705 4732 1173 4794 exaedificaveris:
1235 4726 1318 4785 sic
1372 4728 1536 4785 istius
1569 4727 1915 4783 abstinentiae
1962 4727 2173 4782 nullum

592 4832 700 4889 erit
732 4828 1185 4886 cntolumentum,
1211 4819 1317 4877 nisi
1352 4820 1474 4874 aliae
1496 4817 1724 4889 iustitiae
1759 4826 1942 4889 partes
1985 4832 2176 4874 acces-

592 4925 786 4981 serint.
815 4918 1005 4975 Timor
1030 4916 1125 4972 Dei
1157 4912 1376 4969 erudiat
1401 4911 1645 4983 linguam
1675 4926 1738 4966 ea
1769 4927 1893 4982 qua;
1916 4909 2074 4965 decet
2093 4910 2178 4965 lo-

591 5016 708 5087 qui,
734 5022 917 5069 tacere
933 5005 1234 5071 contraria,
1265 5003 1531 5086 temporis
1553 5002 1900 5058 occasionem
1927 5000 2178 5056 animad-

590 5114 827 5168 vertere,
855 5099 1078 5156 modum
1119 5098 1452 5152 observare:
1499 5091 1601 5148 fari
1653 5092 2004 5148 necessaria:
2053 5097 2177 5160 apte

593 5195 971 5267 respondere:
1014 5188 1264 5245 modeste
1297 5185 1505 5253 dicere,
1559 5200 1631 5239 ne
1671 5184 1961 5240 verborum
2007 5181 2174 5237 veluti

592 5288 860 5361 grandine
885 5284 1266 5353 colloquentes
1295 5278 1512 5332 obruat.
1573 5275 1787 5330 Idcirco
1818 5272 1964 5328 enim
2010 5280 2064 5327 et
2097 5278 2179 5326 tc-

597 5378 722 5433 nuis
751 5376 842 5430 iila
878 5371 1277 5435 membranula,
1318 5383 1442 5438 qua:
1472 5381 1596 5421 cum
1632 5364 1751 5435 ipsa
1800 5363 1981 5434 lingua
2020 5376 2177 5416 men—

595 5476 714 5522 tum
764 5466 996 5520 inferius
1041 5460 1302 5523 devincit,
1342 5459 1556 5513 frenum
1603 5454 1828 5517 dicitur,
1877 5467 1946 5507 ne
1994 5453 2176 5521 inepte

597 5553 874 5619 loquatur,
908 5559 964 5606 et
990 5547 1344 5604 inconcinne.
1373 5544 1656 5601 Laudibus
1684 5543 1869 5612 igitur,
1904 5557 2011 5596 non
2043 5557 2175 5596 con-

600 5640 760 5693 viciis
784 5647 1001 5707 utatur;
1047 5639 1323 5701 cantibus,
1358 5652 1467 5691 non
1520 5633 1849 5698 maledictis,
1901 5648 2181 5688 commen-

601 5725 937 5792 dationibus,
980 5742 1090 5781 non
1120 5725 1630 5782 obtrectationibus.
1692 5720 1883 5779 Manus
1928 5721 2180 5793 petulans

602 5811 701 5865 Dei
735 5815 995 5870 memoria
1050 5821 1312 5877 tanquam
1341 5825 1533 5873 catena
1593 5812 1775 5867 vincta
1832 5813 2173 5871 cohibeatur.

2272 4716 2371 4789 τὴν
2388 4716 2557 4789 ἄλλην
2577 4717 2923 4790 δικαιοσύνην
2961 4720 3217 4790 προσφυῆ
3252 4722 3348 4774 καὶ
3381 4722 3668 4777 ἀκόλουθον
3699 4718 3831 4785 6th-

2272 4826 2383 4864 ται.
2413 4809 2581 4874 Φόϐος
2606 4809 2742 4863 Θεοῦ
2776 4810 3073 4865 διδασκέτω
3121 4812 3219 4884 τὴν
3253 4812 3503 4880 γλῶτταν
3532 4809 3837 4884 φθέγγεσθαι

2273 4900 2310 4955 ἃ
2344 4901 2634 4972 προσήκει,
2686 4901 2761 4972 μὴ
2811 4900 2990 4955 λαλεῖν
3026 4903 3095 4956 τὰ
3128 4903 3355 4973 μάταια,
3408 4905 3608 4959 εἰδέναι
3636 4901 3838 4973 καιροὺς

2274 4991 2371 5044 καὶ
2403 4991 2576 5063 μέτρα
2598 4993 2695 5045 καὶ
2722 4992 2878 5061 λόγον
2903 4994 3220 5061 ἀναγκαῖον,
3243 4994 3337 5047 καὶ
3362 4996 3654 5066 ἀπόκρισιν
3675 4992 3839 5046 absco-

2274 5098 2368 5151 χον
2391 5097 2404 5112 ⁸
2436 5080 2511 5153 μὴ
2529 5082 2711 5136 λαλεῖν
2745 5083 3043 5155 ἀρρύθμως
3064 5102 3078 5114 ⁸
3114 5084 3188 5156 μὴ
3216 5086 3490 5156 χαλαζοῦν
3521 5088 3644 5148 τοὺς
3670 5087 3839 5148 ἐντυγ-

2273 5171 2535 5243 χάνοντας
2584 5177 2650 5245 τῇ
2681 5175 3026 5247 σφοδρότητι.
3052 5178 3153 5230 Διὰ
3184 5178 3340 5231 τοῦτο
3357 5178 3468 5249 γὰρ
3493 5179 3587 5231 καὶ
3619 5176 3647 5229 ό
3673 5169 3841 5227 λεπτόο

2275 5284 2436 5332 τατος
2491 5269 2701 5331 ἐκεῖνος
2733 5267 2897 5339 ὑμὴν,
2933 5270 2962 5322 ό
3006 5270 3324 5342 ὑποδεσμῶν
3349 5272 3491 5340 αὐτῇ
3521 5268 3731 5338 γλώττῃ
3757 5263 3840 5332 τὴν

2275 5359 2426 5412 κάτω
2451 5358 2629 5425 γένυν,
2656 5357 2873 5428 χαλινὸς
2897 5360 3135 5428 λέγεται,
3164 5360 3252 5414 ίνα
3276 5359 3349 5432 μὴ
3368 5360 3581 5414 ἄτακτα
3610 5357 3700 5411 καὶ
3712 5358 3840 5409 ἀνοι-

2280 5449 2555 5520 κονόμητα
2582 5448 2907 5518 φθέγγηται.
2941 5449 3245 5518 Εὐλογείτω
3285 5450 3377 5504 καὶ
3424 5449 3500 5521 μὴ
3534 5444 3836 5516 λοιδορείτωσ

2282 5544 2533 5614 ψαλλέτω
2589 5545 2684 5597 καὶ
2736 5544 2812 5615 μὴ
2869 5543 3279 5615 βλασφημείτωο
3308 5541 3624 5611 εὑφημείτω
3652 5539 3740 5593 καὶ
3778 5534 3841 5607 μὴ

2288 5635 2680 5691 καταλαλείτω·
2717 5637 2750 5706 ἡ
2781 5638 2956 5708 χεὶρή
3001 5637 3276 5708 προπετὴς
3294 5637 3359 5706 τῇ
3386 5635 3578 5706 μνήμῃ
3608 5627 3843 5687 τοῧΘεοῦ,

2290 5729 2366 5791 ὡς
2395 5726 2584 5781 ἁλύσει
2603 5726 2928 5797 δεσμείσθω.
2977 5728 3074 5782 Διὰ
3102 5727 3257 5782 τοῦτο
3284 5725 3638 5796 νηστεύομεν,
3657 5725 3734 5779 ὅτι
3767 5719 3846 5773 τὸν

2289 5817 2459 5889 ἀμνὸν
2502 5818 2593 5872 τὸν
2643 5818 2932 5891 ἡμέτερον,
2970 5818 3226 5887 λοιδορίαι
3255 5818 3347 5872 καὶ
3387 5817 3725 5886 ῥαπίσματα,
3757 5809 3847 5881 πρὸ
