4026 6486
268 458 354 515 ιε’]
1425 446 1513 500 DE
1544 444 1983 502 PAUPERIBUS
2023 444 2344 499 AMANDIS.

3399 448 3502 506 458

274 574 360 628 τῶν
394 571 566 642 ἥλων,
589 569 949 640 καθύϐρισαν.
968 565 1058 637 Μὴ
1085 566 1263 619 τοίνυν
1286 565 1375 619 τὸν
1408 564 1697 619 Ἰουδαϊκὸν
1715 564 1837 634 τρό-

1942 560 2051 616 lias
2081 561 2224 616 enim
2276 560 2346 614 ob
2405 572 2601 613 causas
2649 558 2991 628 jejunamus,
3029 559 3285 628 quoniam
3321 560 3502 633 Agnus

266 681 357 720 πον
375 661 734 737 ζηλώσωμεν,
758 662 807 714 οι
839 658 933 712 τοῦ
956 654 1192 731 Χριστοῦ
1216 655 1476 727 μαθηταί.

339 921 465 979 Ἐὰν
525 922 637 993 γὰρ
690 922 863 985 οὕτως
906 914 1056 991 ὦμεν
1100 918 1465 989 διακείμενοι,
1503 916 1645 985 λέξει
1702 918 1834 988 ἡμῖν

271 1016 496 1078 Ἡσαΐας
528 1030 540 1044 °
573 1016 698 1069 Ἵνα
719 1014 776 1068 τι
793 1015 878 1081 είς
904 1013 1133 1082 κρίσεις
1153 1013 1253 1067 καὶ
1265 1009 1465 1081 μάχας
1488 1011 1833 1079 νηστεύετε,

1941 657 2132 706 noster
2162 648 2485 719 priusquam
2528 647 2699 702 clavis
2749 648 3053 717 adigeretur
3099 650 3273 713 cruci,
3314 660 3501 705 centu-

1937 739 2117 796 meliis
2145 738 2390 805 affectus,
2424 746 2478 793 et
2501 738 2677 807 alapis
2709 754 2885 794 caesus
2915 747 3019 796 est.
3085 740 3262 797 Mores
3314 741 3503 797 Judai-

1937 846 2032 887 eos
2053 846 2164 886 non
2199 831 2499 894 imitemur,
2531 845 2632 885 nos
2656 828 2858 886 Christi
2892 830 3169 900 discipuli.

2006 922 2226 991 Alioqui
2255 922 2303 976 si
2333 936 2398 976 eo
2429 929 2587 990 pacto
2624 920 2890 977 fuerimus
2923 919 3127 985 affecti,
3165 920 3347 976 verbis
3397 922 3506 979 illis

1939 1027 2043 1069 nos
2086 1013 2257 1068 Isaias
2292 1012 2630 1082 increpabit:
2684 1011 2793 1067 Cur
2821 1013 2890 1067 ad
2931 1013 3048 1069 lites
3078 1022 3128 1066 et
3157 1016 3507 1071 contentiones

260 1106 358 1161 xui
406 1106 658 1158 τύπτετε
714 1102 974 1173 πυγμαῖς
1005 1102 1325 1167 ταπεινόν;
1349 1100 1509 1172 Παρὰ
1545 1100 1641 1155 τοῦ
1670 1099 1834 1155 αὐτοῦ

1942 1102 2210 1171 iejuuatis,
2254 1111 2302 1156 et
2326 1104 2514 1173 pugnis
2564 1118 2842 1171 pauperem
2873 1105 3192 1173 percutitis?
3244 1104 3403 1161 Disce
3441 1107 3510 1161 ab

262 1199 538 1269 προφήτου
583 1193 863 1265 διδάχθητι
906 1194 976 1249 τὰ
1001 1194 1102 1265 τῆς
1125 1193 1312 1249 ἀδόλου
1336 1193 1430 1246 καὶ
1468 1191 1714 1264 καθαρᾶς
1744 1211 1838 1264 νη-

260 1290 444 1352 στείας
484 1289 833 1360 ἐνεργήματα
852 1304 864 1316 ·
912 1289 1032 1342 Λύε
1090 1285 1288 1341 πάντα
1326 1285 1676 1356 σύνδεσμον
1713 1285 1839 1341 ἀδι-

259 1385 417 1449 κίας·
440 1382 656 1436 Διάλυε
696 1379 1101 1449 στραγγαλιὰς
1139 1379 1360 1444 ,βιαίων
1408 1377 1840 1447 συναλλαγμά-

258 1492 397 1529 των.
445 1473 771 1541 Διάθρυπτε
826 1470 1098 1525 πεινῶντι
1153 1471 1262 1523 τὸν
1316 1470 1498 1538 ἄρτον
1553 1484 1693 1532 σου,
1739 1469 1838 1523 καί

257 1565 537 1634 πτωχοὺς
580 1565 876 1632 ἀστέγους
918 1561 1198 1632 εἰσάγαγε
1224 1563 1316 1628 εις
1352 1562 1461 1616 τὸν
1494 1558 1662 1617 οἶκόν
1698 1576 1834 1614 σου.

258 1657 470 1727 Πολλὴν
492 1656 549 1709 δὲ
580 1658 712 1726 ἡμῖν
751 1653 1012 1723 ἀφθονίαν
1040 1654 1147 1706 τῶν
1178 1652 1402 1723 γυμνῶν
1431 1652 1652 1706 καὶτῶν
1680 1650 1840 1704 ἀστέ-

258 1764 390 1816 γων,
423 1748 454 1799 6
499 1744 593 1798 νῦν
620 1746 817 1815 ἤνεγκε
852 1745 1063 1815 χρόνος.
1099 1742 1307 1813 Πλῆθος
1344 1742 1452 1812 γὰρ
1478 1740 1838 1813 αἰχμαλώτων

262 1840 395 1911 πρὸς
427 1842 549 1902 ταῖς
586 1837 777 1909 θύραις
820 1836 1074 1894 ἑκάστου.

327 1974 443 2028 Καὶ⁸
488 1976 518 2027 6
566 1972 714 2038 ξένος
758 1972 853 2025 καὶ
890 1971 1229 2042 μετανάστης
1257 1971 1317 2023 οὐ
1358 1970 1571 2023 λείπει·
1619 1970 1712 2023 καὶ
1740 1970 1836 2039 τὴν

258 2065 534 2137 ζητοῦσαν
581 2064 760 2133 χεῖρα,
809 2061 1083 2133 πανταχοῦ
1130 2061 1432 2134 τεταμένην
1476 2060 1622 2114 ἔστιν
1688 2061 1833 2114 ἰδεῖν.

259 2155 484 2218 Τούτοις
523 2149 671 2216 οἶκος
726 2153 825 2223 μὲν
878 2151 1142 2225 ὕπαιθρος
1177 2154 1206 2205 6
1236 2153 1365 2225 ἀήρ.
1418 2151 1747 2221 Καταγώγια
1782 2151 1837 2203 δὲ

261 2246 437 2311 στοαὶ,
470 2245 567 2298 καὶ
588 2242 829 2313 ἄμφοδα,
871 2244 964 2297 καὶ
1021 2243 1091 2295 τὰ
1126 2243 1226 2313 τῆς
1260 2245 1465 2314 ἀγορᾶς
1504 2241 1834 2313 ἐρημότερα.

258 2337 420 2390 Κατὰ
461 2334 520 2388 δὲ
575 2335 702 2397 τοὺς
745 2334 1146 2404 νυκτικόρακας
1193 2334 1412 2396 καὶτὰς
1443 2332 1689 2401 γλαῦκας
1720 2336 1839 2396 ταῖς

258 2430 420 2491 ὀπαῖς
442 2426 870 2499 ἐμφωλεύουσιν.
905 2426 1098 2497 Ἐσθὴς
1129 2426 1311 2490 αὐτοῖς
1340 2428 1410 2479 τὰ
1449 2442 1839 2497 περικεκεντη-

259 2520 401 2589 μένα
427 2519 613 2589 ῥάκια’
634 2516 897 2588 γεωργία,
919 2515 1030 2570 τῶν
1044 2516 1335 2570 ἐλεούντων
1358 2517 1392 2587 ἡ
1408 2515 1621 2588 γνὼμηο
1640 2517 1837 2589 τροφὴ,

257 2612 313 2665 εί
335 2628 387 2664 τι
418 2611 482 2665 ἂν
506 2611 574 2663 ὲκ
599 2609 694 2664 τοῦ
725 2608 1120 2680 προστυχόντος
1147 2608 1363 2680 ἐμπέσῃ
1379 2624 1392 2638 ·
1424 2608 1607 2675 ποτὸν,
1629 2608 1704 2672 ὡς
1726 2611 1841 2672 τοῖς

262 2704 477 2770 ἀλόγοις
497 2703 554 2756 αἱ
583 2702 811 2772 κρῆναι’
840 2702 1118 2771 ποτήριον,
1143 2699 1252 2753 τῶν
1276 2700 1474 2770 χειρῶν
1493 2703 1527 2771 ὴ
1553 2700 1804 2771 κοιλότης
1822 2717 1837 2733 ⁸

261 2799 528 2865 ταμιεῖον,
559 2798 587 2849 6
614 2795 831 2861 κόλπος,
867 2792 961 2847 καὶ
998 2784 1150 2855 οὗτος
1190 2792 1256 2847 ἂν
1290 2791 1364 2862 μὴ
1406 2792 1742 2864 διερῤυηκὼς
1779 2789 1835 2865 ᾖ,

261 2890 396 2944 ἀλλὰ
430 2888 638 2954 στέγων
665 2887 735 2942 τὰ
771 2884 1167 2957 ἐμὸαλλόμεναο
1222 2884 1490 2954 τράπεζα,
1519 2888 1551 2957 ἡ
1605 2886 1713 2941 τῶν
1749 2904 1840 2956 γο-

259 2982 435 3037 νάτων
464 2980 762 3051 συνέρεισις
788 2995 800 3007 ·
838 2977 1014 3048 κλίνη,
1073 2976 1134 3029 τὺ
1169 2976 1361 3046 ἔδαφος
1384 2995 1397 3008 ·
1446 2976 1689 3049 λουτρὸν,
1748 2995 1840 3031 πο.

259 3075 432 3144 ταμὺς
457 3073 491 3144 ἥ
519 3072 703 3143 λίμνη,
729 3070 803 3124 δό
828 3070 958 3133 Θεὸς
982 3068 1159 3124 κοινὸν
1187 3071 1320 3122 πᾶσι
1346 3070 1442 3123 καὶ
1463 3070 1838 3125 ἀκατάσκευον

260 3166 479 3221 ἔδωκεν.
540 3162 818 3234 Ἀλητικὸς
878 3163 1059 3226 αὐτοῖς
1114 3162 1144 3213 ὁ
1196 3161 1309 3231 βίος
1350 3164 1445 3216 καὶ
1491 3164 1712 3235 ἄγριος,
1776 3165 1837 3216 οὐ

1938 1192 2127 1248 eodem
2146 1194 2407 1263 propheta
2431 1195 2632 1251 sinceri
2656 1196 2887 1265 purique
2907 1195 3103 1265 jejunii
3125 1211 3291 1265 opera
3315 1217 3328 1251 :
3356 1196 3510 1255 Solve

1940 1299 2144 1339 omnem
2177 1300 2368 1339 nexum
2405 1286 2726 1356 iniquitatis.
2748 1284 2991 1341 Dissolve
3022 1286 3365 1356 obligationea
3401 1290 3511 1343 ιιίο-

1941 1376 2197 1430 lentarum
2218 1374 2659 1430 contractuum.F
2663 1392 2821 1447 range
2848 1376 3100 1432 esurienti
3119 1392 3306 1446 panem
3325 1386 3470 1431 tuum
3492 1397 3511 1443 ,-

1939 1478 1987 1521 et
2013 1484 2196 1538 egenos
2224 1468 2336 1522 sine
2366 1477 2496 1521 tecto
2529 1468 2688 1521 induc
2717 1469 2771 1521 in
2791 1468 3007 1522 domum
3046 1478 3215 1522 tuam.
3245 1470 3322 1538 (a)
3354 1470 3510 1540 [Cum

1939 1558 2131 1613 videris
2168 1557 2387 1622 nudum,
2422 1559 2569 1627 operi
2611 1573 2751 1622 eum,
2794 1568 2843 1612 et
2876 1574 3089 1612 carnem
3131 1568 3274 1611 tuam
3315 1574 3377 1612 ne
3418 1558 3511 1610 de-

1940 1649 2193 1719 spexerisl
2232 1649 2271 1701 ¹.
2308 1647 2528 1702 Multam
2577 1648 2736 1703 nobis
2769 1649 2871 1703 hoc
2904 1655 3120 1719 tempus
3153 1648 3309 1703 affert
3340 1649 3512 1704 nudo-

1920 1753 2062 1821 .rum
2113 1754 2486 1810 vagorumque
2536 1740 2772 1808 copiam.
2824 1738 3020 1809 Magna
3064 1740 3210 1794 enim
3242 1740 3514 1809 cujusque

1943 1828 2088 1885 fores
2127 1829 2435 1901 frequentat
2465 1830 2802 1899 captivorum
2847 1830 3158 1886 multitudo.

2011 1963 2267 2035 Hospites
2299 1965 2623 2035 exsulesque
2683 1980 2791 2020 non
2849 1966 3066 2021 desunt.
3126 1965 3340 2037 Ubique
3390 1967 3516 2022 licet

1941 2066 2231 2123 protensas
2255 2072 2413 2127 opem
2448 2057 2854 2127 implorantium
2889 2072 3083 2113 manus
3115 2058 3380 2128 aspicere.
3418 2057 3516 2114 His

1942 2165 2034 2205 aer
2065 2149 2168 2205 sub
2214 2148 2306 2205 dio
2360 2158 2565 2204 tectum
2597 2150 2819 2220 praebet.
2855 2148 3109 2206 Porticus
3137 2159 3192 2206 et
3225 2150 3392 2216 bivia,
3461 2159 3516 2207 et

1941 2249 2126 2311 partes
2155 2240 2256 2294 fori
2282 2240 2455 2310 magis
2481 2240 2711 2295 desertae
2747 2248 2877 2296 sunt
2905 2241 3166 2310 hospitia.
3196 2240 3515 2312 Nycticoras

1941 2348 2066 2388 eum
2099 2342 2153 2388 et
2183 2339 2507 2388 noctuarum
2536 2348 2687 2389 more
2717 2333 2771 2387 in
2800 2334 3051 2389 cavernis
3084 2334 3323 2388 latitant.
3373 2335 3516 2389 Pan-

1942 2425 2118 2493 nosis,
2169 2424 2374 2481 attritis
2420 2431 2475 2479 et
2534 2424 2792 2479 laceratis
2844 2432 3103 2495 teguntur
3159 2425 3514 2479 indumentis.

1948 2516 2312 2587 Agriculturae
2362 2514 2575 2573 fructus
2628 2526 2712 2571 est
2773 2515 2880 2570 illis
2937 2516 3315 2572 miserantium
3350 2516 3517 2571 animi

1942 2609 2269 2679 benignitas.
2299 2608 2490 2673 Cibus,
2525 2608 2573 2663 si
2622 2607 2755 2676 quid
2785 2607 2854 2661 ab
2905 2606 3196 2662 accedente
3258 2608 3516 2676 quopiam

1942 2700 2394 2769 impetraverint;
2419 2698 2570 2768 potio
2599 2697 2811 2760 eadem,
2842 2713 2965 2767 quas
3005 2699 3234 2752 rationis
3280 2699 3517 2767 experti-

1942 2791 2045 2847 bus
2070 2789 2463 2851 animantibus,
2495 2788 2751 2842 nimirum
2783 2787 2983 2843 fontes.
3022 2786 3224 2842 Pocula
3257 2803 3513 2842 manuum

1940 2882 2095 2937 velte.
2156 2879 2328 2945 Penu,
2379 2881 2535 2935 sinus
2595 2879 2734 2948 ipse,
2794 2878 2904 2933 nisi
2949 2880 3109 2949 plane
3147 2878 3377 2946 difﬂuat,
3419 2878 3514 2935 sed

1941 2975 2117 3044 possit
2148 2987 2212 3027 ea
2240 2987 2361 3041 quae
2386 2971 2709 3040 injiciuntur
2736 2969 2970 3040 operire.
2995 2969 3202 3035 Mensa,
3233 2980 3516 3027 contracta

1940 3079 2157 3135 genua;
2214 3063 2466 3127 lectulus,
2515 3061 2728 3127 solum;
2763 3061 3037 3125 balneum,
3083 3062 3137 3116 id
3189 3064 3335 3133 quod
3371 3063 3516 3120 Deus

1941 3151 2196 3205 omnibus
2232 3165 2523 3206 commune
2572 3161 2625 3206 et
2673 3151 2792 3205 sine
2830 3150 3100 3209 industria
3142 3162 3514 3209 constructum

258 3255 497 3318 τοιοῦτος
524 3253 599 3307 ῶν
627 3252 686 3318 ἐξ
713 3252 909 3323 ἀρχῆς,
929 3253 1043 3309 ἀλλ’
1070 3253 1131 3305 ὲκ
1156 3254 1254 3324 τῆς
1285 3256 1568 3325 συμφορᾶς
1615 3255 1708 3307 καὶ
1738 3254 1837 3324 τῆς

1942 3242 2110 3306 dedit,
2137 3240 2338 3297 ﬂumen
2369 3250 2463 3296 aut
2495 3243 2674 3312 palus.
2698 3241 2902 3313 Vagam
2935 3252 2989 3298 et
3026 3252 3296 3314 agrestem
3327 3246 3516 3299 tradu-

261 3348 505 3417 ἀνάγκης
540 3345 849 3416 γενόμενος.

334 3516 573 3580 Τούτοις,
614 3520 642 3572 6
672 3518 990 3589 νηστευτὴς,
1035 3518 1363 3591 ὑπάρκεσον.
1386 3520 1519 3590 Περὶ
1543 3522 1667 3583 τοὺς
1710 3523 1838 3574 ἀτυ-

259 3609 490 3679 χοῦντας
515 3606 621 3660 τῶν
660 3606 925 3675 ἀδελφῶν,
958 3607 1115 3677 γενοῦ
1166 3608 1463 3679 φιλότιμος.
1505 3611 1568 3661 Ὃ
1589 3613 1687 3678 τῆς
1737 3612 1837 3680 σῆς

260 3693 479 3767 ὖφεῖλες
499 3697 747 3768 γαστρὸς,
764 3698 842 3767 τῷ
873 3698 1125 3752 πεινῶντι
1155 3699 1408 3770 πρόσθες.
1428 3699 1669 3754 Γενέσθω
1687 3702 1715 3754 ό
1745 3702 1835 3755 τοῦ

261 3788 395 3842 Θεοῦ
427 3776 588 3858 φόϐος
617 3788 822 3852 δίκαιος
851 3789 1147 3853 ἐξισωθείς.
1168 3790 1514 3862 Θεράπευσον
1548 3792 1839 3864 ἐγκρατείᾳ

264 3880 500 3949 σώφρονι
518 3877 609 3932 δύο
628 3877 771 3949 πάθη
795 3879 1013 3934 ἐναντία
1032 3879 1278 3951 ἀλλήλοις
1295 3896 1310 3911 ⁸
1326 3882 1417 3935 τὸν
1442 3883 1529 3935 σὸν
1546 3883 1725 3952 κόρον,
1743 3884 1837 3938 καὶ

259 3971 357 4024 τοῦ
379 3968 605 4039 ἀδελφοῦ
631 3970 721 4023 τὸν
747 3970 923 4041 λιμόν.
946 3970 1101 4025 Οὕτω
1129 3971 1237 4041 γὰρ
1267 3972 1476 4025 ποιοῦσι
1510 3974 1601 4027 καὶ
1642 3975 1832 4045 ίατροίσ

259 4064 388 4127 τοὺς
439 4064 534 4133 μὲν
563 4062 815 4116 κενοῦσι⁸
846 4064 972 4126 τοὺς
1032 4063 1088 4115 δὲ
1116 4063 1402 4134 πληροῦσι,
1451 4065 1537 4118 ἵνα
1570 4069 1636 4137 τῇ
1670 4084 1837 4138 προσ-

261 4154 406 4226 θήκῃ
428 4156 523 4209 καὶ
550 4155 830 4225 ύφαιρὲσει
849 4157 882 4227 ὴ
899 4158 1027 4226 περὶ
1051 4154 1281 4209 ἕκαστον
1307 4156 1633 4227 οἰκονομηθῇ
1659 4158 1832 4226 ὑγεία.

259 4245 529 4316 Πείσθητε
578 4247 715 4317 καλῇ
771 4246 1108 4318 παραινέσει.
1174 4246 1461 4310 Ἀνοιξάτω
1487 4248 1515 4299 6
1547 4247 1700 4314 λόγος
1728 4248 1836 4301 τῶν

258 4337 641 4408 εὐπορούντων
691 4337 786 4401 τὰς
819 4334 1008 4409 θύρας.
1059 4338 1340 4406 Εἱσαγὲτω
1371 4340 1404 4407 ή
1437 4337 1712 4409 συμϐουλὴ
1744 4338 1835 4391 τὸν

257 4425 473 4497 πένητα
511 4426 647 4497 πρὸς
704 4427 795 4479 τὸν
836 4427 1046 4497 ἔχοντα.
1095 4428 1212 4480 Μία
1242 4427 1297 4479 δὲ
1336 4427 1479 4493 λέξις
1523 4428 1598 4498 μὴ
1630 4409 1836 4481 πλουτι-

260 4519 412 4572 σάτω
466 4520 587 4581 τοὺς
653 4518 951 4582 στένοντας.
997 4519 1144 4572 Δότω
1186 4522 1364 4584 αὐτοῖς
1396 4520 1489 4575 καὶ
1520 4520 1716 4586 οἰκίαν,
1742 4522 1836 4576 καὶ

1947 3333 2278 3395 cuntvitam,
2299 3348 2408 3387 non
2428 3333 2573 3403 quod
2594 3333 2749 3388 initio
2770 3334 2851 3389 sic
2876 3335 3235 3400 instituerint,
3260 3336 3354 3393 sed
3373 3339 3518 3407 quod

1946 3425 2014 3479 ad
2045 3440 2165 3480 eam
2196 3426 2598 3481 calamitatibus
2632 3433 2686 3481 et
2723 3428 3051 3482 necessitate
3079 3429 3346 3498 compulsi
3388 3430 3517 3483 sint.

2016 3517 2113 3570 His
2146 3516 2454 3570 necessaria
2497 3516 2664 3570 victui
2695 3517 2980 3588 suppedita
3020 3524 3096 3583 tu,
3143 3520 3235 3588 qui
3278 3519 3517 3589 jejunae.

1944 3605 2083 3674 Erga
2108 3604 2303 3660 fratres
2322 3606 2671 3661 calamitosos
2699 3608 2965 3678 benignus
2993 3618 3131 3663 esto.
3162 3607 3315 3685 Quod
3343 3612 3515 3663 ventri

1946 3697 2245 3760 subtrahis,
2277 3696 2456 3754 tribue
2493 3696 2778 3752 esurienti.
2822 3699 3077 3768 Exaequet
3111 3700 3292 3754 omnia
3332 3699 3513 3769 justus

1950 3787 2041 3843 Dei
2060 3787 2242 3841 timor.
2262 3786 2407 3842 Duas
2434 3786 2576 3843 inter
2604 3803 2662 3844 se
2679 3789 2985 3844 contrarias
3008 3788 3345 3856 affectiones,
3370 3801 3513 3846 tuam

1943 3878 2195 3935 videlicet
2227 3878 2550 3944 satietatem,
2578 3888 2631 3933 et
2657 3878 2842 3936 fratris
2875 3879 3095 3946 famem,
3126 3883 3368 3939 modesta
3393 3868 3520 3940 con-

1945 3972 2172 4027 tinentia
2202 3981 2443 4041 tempera
2469 3978 2632 4041 atque
2661 3972 2966 4029 moderare.
3004 3973 3095 4029 Sic
3123 3976 3265 4031 enim
3309 3976 3519 4032 faciunt

1944 4071 1998 4117 et
2022 4063 2252 4118 medici:
2280 4063 2417 4119 alios
2440 4064 2787 4129 exinaniunt,
2822 4065 2959 4121 alios
2988 4066 3221 4136 replent,
3246 4076 3306 4122 ut
3334 4084 3519 4123 acces-

1947 4153 2098 4207 sione
2129 4153 2559 4224 decessioneque
2589 4155 3021 4225 uniuscujusque
3054 4158 3261 4212 sanitas
3295 4173 3517 4213 conser-

1944 4252 2122 4298 vetur.
2154 4241 2408 4300 Honestas
2453 4246 2810 4300 admonitioni
2862 4245 3247 4316 obtemperate.
3296 4247 3517 4319 Aperiat

1949 4335 2087 4388 ratio
2117 4336 2451 4404 pauperibus
2489 4335 2715 4389 divitum
2749 4334 2917 4391 fores.
2946 4336 3244 4391 Consilium
3270 4339 3418 4411 inepi
3448 4341 3514 4394 ad

1948 4426 2267 4494 locupletem
2293 4425 2498 4480 aditum
2529 4424 2712 4479 faciat.
2746 4424 2977 4496 Egentes
3004 4442 3071 4483 ne
3100 4428 3391 4499 locupletet
3416 4432 3518 4486 ltu-

1947 4530 2106 4569 mana
2141 4515 2511 4583 ratiocinatio,
2554 4516 2649 4570 sed
2707 4516 2815 4572 illis
2844 4526 2899 4572 et
2924 4519 3146 4574 domum
3180 4529 3234 4576 et
3290 4523 3512 4586 lectum,

260 4609 473 4679 κλίνην,
494 4610 587 4663 καὶ
612 4608 886 4679 τράπεζαν
915 4612 943 4662 6
965 4611 1058 4663 τοῦ
1084 4612 1218 4664 Θεοῦ
1251 4612 1407 4681 λόγος
1437 4613 1465 4664 ὁ
1493 4612 1837 4684 προαιώνιος.

1946 4617 1998 4663 et
2032 4624 2275 4663 mensam
2300 4608 2503 4662 tribuat
2544 4608 2635 4663 Dei
2667 4610 2891 4664 verbum
2928 4612 3348 4682 sempiternum.
3385 4615 3516 4671 Dul-

259 4701 364 4753 Διά
411 4699 569 4767 λόγου
621 4700 892 4754 οἰκετικοῦ
921 4700 1237 4773 γεώργησον
1261 4702 1329 4756 τὰ
1361 4703 1497 4774 πρὸς
1522 4703 1620 4774 τὴν
1654 4704 1841 4776 χρείαν

256 4793 376 4853 τοῖς
408 4793 520 4854 σοῖς
548 4792 810 4860 κτήμασι.
846 4793 990 4864 Πρὸς
1020 4792 1241 4856 τούτους
1269 4792 1416 4846 ἄλλοι
1452 4794 1657 4863 πτωχολ¹
1684 4794 1844 4848 ἀσθε-

258 4881 483 4944 νοῦντες
534 4884 626 4936 καὶ
676 4884 1078 4954 κατακείμενοι.
1108 4885 1374 4949 Ἕκαστος
1402 4885 1844 4957 περιεργαξέσθω

254 4974 389 5035 τοὺς
425 4973 690 5040 γείτονας.
730 4974 820 5044 Μὴ
879 4975 1022 5045 ἀφῇς
1070 4976 1198 5046 παρ’
1226 4974 1383 5029 ἄλλου
1441 4974 1843 5048 θεραπευθῆναι

252 5061 354 5116 τὸν
381 5063 545 5131 ἐγγύς
585 5081 698 5118 σου.
736 5066 826 5135 Μὴ
854 5066 995 5138 λὰὅῃ
1023 5065 1179 5129 ἄλλος
1213 5065 1302 5119 τὸν
1333 5066 1603 5139 θησαυρὸν
1635 5068 1724 5122 τὸν
1752 5068 1834 5121 σοι

251 5157 688 5227 παρακείμενον.

329 5329 668 5401 Περίπτυξαι
709 5331 799 5384 τὸν
827 5331 1164 5402 κακούμενον
1206 5331 1282 5395 ὡς
1314 5332 1530 5404 χρυσόν.
1575 5332 1838 5400 Ἐναγκάο

247 5422 404 5474 λισαι
457 5421 550 5474 τὸν
594 5423 975 5492 κεκακωμένον
1000 5422 1074 5485 ὡς
1099 5421 1197 5493 σὴν
1225 5422 1434 5489 ὑγείαν,
1464 5422 1540 5486 ὡς
1565 5424 1837 5492 σωτηρίαν

247 5511 537 5584 γυναικὸς,
587 5512 810 5579 τέκνων,
863 5511 1118 5579 οἰκετῶν,
1154 5513 1249 5566 καὶ
1289 5514 1469 5583 πάσης
1500 5514 1599 5583 τῆς
1642 5513 1835 5577 οἰκίας.

323 5694 345 5727 ι
377 5694 487 5750 lsa.
510 5708 661 5758 Lvnt,
689 5695 743 5756 4,
775 5692 896 5747 6-7.

321 5834 400 5905 (a)
428 5831 599 5889 Uncis
636 5829 843 5883 inclusa
868 5829 1064 5905 desunt
1088 5827 1141 5882 in
1165 5827 1351 5882 Graeco
1382 5833 1553 5880 textu.

583 5923 853 5983 Ρηιιοι.
892 5922 1007 5980 Gn.
1048 5921 1268 5982 XLVI.

1944 4698 1995 4753 ci
2030 4707 2084 4753 et
2120 4699 2355 4753 humana
2379 4700 2627 4755 oratione
2659 4701 2778 4756 usui
2806 4704 3113 4759 necessaria
3153 4720 3218 4759 ex
3277 4707 3385 4762 tuis
3436 4706 3517 4762 fa-

1943 4791 2238 4845 cultatibus
2266 4791 2642 4848 subministra.
2689 4793 2847 4864 Apud
2879 4804 2930 4850 te
2976 4795 3270 4852 multitudo
3309 4813 3515 4868 paupe-

1942 4898 2063 4937 rum
2101 4892 2264 4954 atque
2314 4885 2688 4955 languentium
2733 4887 2835 4942 sibi
2883 4886 3193 4958 profugiunt
3251 4889 3511 4943 inveniat.

1943 4971 2186 5043 Quisque
2207 4974 2495 5045 diligenter
2517 4976 2822 5031 vicinorum
2848 4993 3034 5032 curam
3063 4984 3234 5047 gerat.
3262 4976 3511 5031 Studium

1944 5067 2290 5134 promerendi
2325 5067 2392 5121 de
2439 5068 2758 5138 propinquis
2795 5068 2888 5123 tibi
2928 5069 2997 5122 ab
3041 5068 3148 5121 alio
3195 5068 3406 5137 praeripi
3447 5083 3516 5120 ne

1941 5156 2244 5224 permittas.
2276 5154 2439 5221 Cave,
2478 5171 2548 5211 ne
2577 5157 2756 5227 capiat
2786 5156 2925 5211 alius
2955 5157 3268 5211 thesaurum
3308 5155 3517 5226 reposi-

1941 5252 2057 5299 tum
2091 5245 2209 5299 tibi.

2013 5337 2335 5392 Calamitate
2362 5335 2611 5393 affectum
2650 5345 2708 5391 ut
2733 5351 2927 5392 aurum
2983 5336 3367 5406 complectere.
3425 5334 3512 5389 ln-

1947 5427 2155 5481 firmam
2186 5428 2446 5498 pauperis
2474 5429 2840 5483 valetudinem
2875 5429 2948 5481 ita
2994 5426 3135 5492 fove,
3170 5437 3230 5482 ut
3254 5427 3307 5479 in
3343 5441 3405 5481 ea
3460 5435 3514 5481 et

1947 5516 2233 5572 sanitatem
2287 5527 2454 5582 tuam,
2512 5526 2565 5571 et
2627 5517 2854 5572 salutem
2887 5516 3096 5584 uxoris,
3140 5524 3194 5572 et
3255 5515 3513 5584 filiorum,
