4026 6450
484 417 585 481 459

1695 411 1752 468 S.
1794 409 2122 467 GREGOBJI
2174 408 2467 465 NYSSEM

3628 419 3738 476 460

478 542 783 594 servorum,
818 536 870 583 ct
909 527 1078 582 totius
1121 525 1357 596 denique
1388 523 1603 581 familia:
1650 526 1887 596 positam
1944 541 2043 594 pu-

2156 525 2216 578 '0
2258 525 2424 596 πένης
2486 524 2579 578 καὶ
2644 525 2921 596 ἄρρωστος
2966 526 3183 593 διπλοῦς
3228 529 3343 583 ὲστι
3398 531 3629 603 πτωχός.
3671 538 3737 588 Oi

480 636 581 681 tes.
616 620 749 675 Nam
790 635 913 675 cum
947 633 1138 673 omnes
1170 631 1437 688 pauperes
1470 615 1684 671 fovendi
1731 615 2050 685 adiuvandi-

477 727 582 783 que
619 719 769 775 sunt,
804 718 918 763 lum
969 707 1047 761 illi
1106 707 1200 776 qui
1262 711 1529 777 aegrotant
1581 705 1855 774 praecipue
1921 711 2051 759 sunt

476 801 891 873 romplcctendi.
927 799 1030 865 Qui
1062 798 1209 853 enim
1235 812 1398 867 egens
1426 803 1480 851 et
1529 811 1671 867 aeger
1699 805 1803 859 est,
1845 796 2050 867 duplici

477 895 689 950 laborat
725 897 1066 962 paupertate.
1102 888 1296 958 Inopes
1339 886 1506 950 enim,
1553 887 1647 955 qui
1678 886 1873 941 valenti
1921 892 2050 940 sunt

474 1000 725 1057 corpore,
755 998 823 1039 ex
856 982 960 1036 hoc
990 979 1057 1033 ad
1102 974 1233 1035 illud
1289 975 1490 1030 ostium
1544 973 1894 1040 accedentes,
1953 973 2048 1043 qui

475 1077 682 1149 aliquid
705 1077 856 1141 dent,
879 1069 1178 1142 aliquando
1201 1067 1422 1123 tandem
1448 1066 1755 1122 inveniunt.
1776 1065 2047 1121 Praeterea

475 1173 667 1227 sedent
699 1170 755 1224 in
792 1164 987 1231 triviis,
1023 1170 1078 1217 et
1105 1166 1498 1231 praetereuntes
1546 1171 1737 1213 omnes
1791 1157 2048 1228 interpel-

2160 617 2256 687 μὲν
2313 618 2417 689 γὰρ
2472 618 2803 687 ὑγιαίνοντες
2849 619 3085 690 ἄποροι,
3128 620 3222 674 καὶ
3260 621 3430 694 θύραν
3464 627 3528 678 ὲκ
3559 625 3739 697 θύρας

2156 708 2466 778 ἀμείϐουσι,
2499 710 2591 762 καὶ
2614 708 2885 779 βαδίζουσι
2909 711 3043 782 πρὸς
3061 714 3185 776 τοὺς
3211 712 3451 784 ἔχοντας.
3479 718 3588 770 Καὶ
3616 721 3738 782 ταῖς

2156 798 2389 871 τριόδοις
2430 800 2844 872 ὲπικαθήμενοι,
2891 803 3099 867 πάντας
3130 804 3459 860 ἀνακαλοῦσι
3499 809 3629 872 τοὺς
3657 809 3738 865 δι-

2156 890 2455 955 οδεύοντας.
2484 893 2547 945 Oi
2567 892 2624 946 δὲ
2643 893 2790 965 παρὰ
2817 893 2915 964 τῆς
2941 892 3096 948 νόσου
3121 896 3505 967 πεπεδημένοι,
3534 900 3737 968 ἐγκαθ-

2154 980 2430 1051 ειργμένοι
2469 983 2582 1046 τοῖς
2635 984 2838 1047 στενοῖς
2872 983 3211 1055 καταλύμασι
3244 986 3340 1040 καὶ
3366 989 3485 1050 ταῖς
3520 993 3737 1054 στεναῖς

2153 1069 2396 1137 γωνίαις,
2431 1071 2504 1136 ὡς
2546 1074 2576 1126 ό
2623 1073 2820 1144 Δανιὴλ
2863 1073 2943 1145 τῷ
2970 1073 3178 1145 λάκκῳ,
3209 1076 3268 1129 σὲ
3298 1076 3390 1131 τὸν
3409 1078 3609 1151 εὐλαϐῆ
3641 1082 3738 1136 καὶ

2154 1160 2494 1233 φιλόπτωχον
2522 1162 2599 1227 ὡς
2620 1162 2710 1217 τὸν
2749 1164 2803 1217 Ἀ
2815 1164 3071 1235 μϐακοὺμ
3092 1166 3444 1238 ἀναμένουσι.

477 1261 606 1325 lant,
648 1274 804 1330 opem
846 1256 1223 1326 implorantes.
1254 1251 1323 1305 At
1358 1250 1437 1304 illi
1474 1263 1766 1320 pauperes,
1817 1250 1908 1319 qui
1941 1249 2170 1309 adversa
2209 1254 2422 1323 praediti
2484 1257 2814 1321 valetudine,
2863 1268 3203 1329 angustoque
3249 1260 3558 1331 hospitiolo,
3626 1264 3738 1319 imo

472 1370 601 1411 vero
628 1352 878 1425 angustis
932 1347 1214 1420 hospitioli
1256 1345 1473 1416 angulis
1511 1344 1756 1398 conclusi
1791 1350 1940 1408 sunt,
1993 1344 2070 1398 uti
2109 1344 2299 1404 Daniel
2331 1349 2385 1405 in
2425 1351 2571 1417 lacu,
2614 1359 2668 1406 te
2717 1351 3013 1423 benignum
3059 1360 3114 1407 et
3177 1367 3475 1424 pauperum
3531 1358 3737 1411 studio-

473 1459 592 1500 sum
628 1449 793 1512 atque
850 1445 1147 1499 amantem,
1216 1443 1481 1503 tanquam
1542 1431 1799 1487 ﬂabacuc
1855 1442 2194 1502 exspectant.

542 1529 906 1597 Quamobrem
941 1540 1039 1596 per
1088 1524 1493 1592 eleemosynam
1541 1520 1818 1591 pr0pheta:
1867 1522 2054 1579 socius

474 1619 727 1683 efficere;
759 1617 1011 1673 celeriter
1041 1624 1096 1671 et
1129 1614 1358 1684 impigre
1393 1612 1458 1666 ad
1507 1611 1762 1666 alendum
1806 1621 2054 1682 egentem

474 1711 692 1767 accede.
728 1709 948 1762 Nullam
1005 1706 1176 1760 facies
1237 1705 1290 1765 in
1351 1703 1713 1773 promerendo
1758 1703 2051 1771 jac-turam.

476 1803 556 1858 Nc
586 1800 845 1857 verearis.
880 1796 1160 1868 Multiplex
1189 1796 1335 1850 enim
1387 1802 1440 1847 et
1494 1794 1751 1865 copiosus
1809 1795 2055 1866 gignitur

2222 1526 2384 1581 Γενοῦ
2405 1528 2497 1582 τοῦ
2516 1529 2799 1601 Προφήτω
2816 1531 2882 1584 δι’
2909 1530 3270 1603 ὲλεημοσύνης
3291 1534 3502 1604 ἑταῖρος
3524 1552 3539 1566 ο
3564 1538 3735 1605 ταχὺς

2151 1617 2383 1687 τροφεὺς
2432 1620 2528 1673 καὶ
2576 1620 2785 1684 ἀόκνως
2826 1620 2906 1692 τῷ
2952 1622 3192 1693 δεομένῳ
3247 1624 3575 1694 παράστηθι.
3619 1627 3736 1678 Οὐκ

2152 1707 2266 1761 ἐστι
2284 1707 2507 1781 ζημιαή
2542 1710 2813 1783 δόσις.Μὴ
2854 1712 3097 1783 φοϐηθῇς
3120 1728 3133 1742 ·
3159 1712 3423 1784 πολύχους
3452 1715 3737 1785 βλαστάνει

2151 1799 2180 1850 ό
2208 1799 2305 1869 τῆς
2328 1800 2697 1871 ἐλεημοσύνης
2728 1802 2956 1873 καρπός.
2990 1804 3218 1875 Σπεῖρον
3250 1804 3444 1869 διδοὺς,
3478 1807 3570 1860 καὶ
3596 1806 3737 1877 πλη-

475 1892 687 1947 fructus
718 1906 783 1946 ex
826 1889 1190 1957 eleemosyna.
1223 1883 1355 1939 Sere
1387 1884 1730 1948 beneficium,
1761 1892 1820 1938 ut
1848 1892 2047 1940 metere

2158 1892 2353 1964 ρώοεις
2379 1892 2489 1946 τῶν
2512 1892 2733 1961 ἀγαθῶν
2754 1894 3083 1966 δραγμάτων
3108 1896 3206 1966 τὴν
3232 1897 3430 1950 οἰκίαν.

474 1984 656 2056 possis
689 1984 1015 2046 fructum,et
1044 1979 1201 2034 bonis
1229 1976 1524 2048 manipulis
1556 1975 1779 2031 domum
1810 1977 2043 2047 replere.

542 2116 613 2171 At
644 2114 787 2170 enim
803 2119 855 2168 te
878 2124 1102 2181 quoque
1124 2122 1420 2179 pauperem
1458 2106 1632 2163 dices.
1664 2106 1773 2163 Fac
1804 2107 1920 2173 sis;
1972 2118 2049 2163 at-

471 2217 657 2264 tamen
688 2204 840 2260 dato.
909 2201 986 2255 Da
1024 2199 1172 2271 quod
1202 2199 1391 2256 habes.
1447 2196 1636 2269 Neque
1685 2198 1832 2254 enim
1883 2213 2048 2269 supra

472 2302 617 2355 vires
657 2309 780 2351 tuas
807 2293 1107 2365 quidquam
1147 2292 1245 2346 abs
1282 2298 1335 2347 te
1387 2291 1616 2361 requirit
1649 2289 1810 2346 Deus.
1862 2289 1938 2344 Da
1989 2299 2048 2345 tu

472 2406 689 2465 panem,
719 2388 811 2442 ille
843 2385 1099 2457 poculum
1128 2384 1261 2448 vini,
1292 2383 1437 2437 alius
1463 2385 1850 2438 vestimentum
1871 2381 2046 2448 dabit;

472 2494 641 2555 atque
672 2482 746 2536 ita
774 2495 841 2536 ex
876 2477 1173 2532 multorum
1210 2474 1544 2545 benignitate
1570 2473 1734 2529 unius
1759 2472 2046 2528 calamitas

470 2571 867 2631 sublevabitur.
899 2567 976 2625 Ne
1008 2567 1185 2623 Moses
1216 2564 1437 2636 quidem
1470 2563 1546 2629 id,
1578 2563 1728 2634 quod
1779 2563 2047 2633 impendit

470 2670 525 2722 in
559 2663 996 2727 tabernaculum,
1024 2660 1094 2715 ab
1121 2673 1231 2713 uno
1284 2664 1497 2713 tantum
1551 2656 1776 2711 homine
1809 2655 2043 2725 accepit,

469 2758 565 2815 sed
591 2758 658 2811 ab
683 2756 942 2811 universo
970 2751 1170 2823 populo
1200 2750 1244 2804 '.
1277 2748 1384 2803 Alii
1413 2748 1561 2804 enim
1592 2761 1812 2815 aurum,
1845 2760 2045 2815 argen-

467 2861 581 2904 tum
604 2847 717 2912 alii,
744 2853 803 2900 ut
834 2844 1008 2914 magis
1029 2844 1281 2897 minusve
1322 2839 1529 2894 divitiis
1555 2836 1869 2903 abluebant,
1896 2837 2049 2893 obtu-

469 2942 664 2995 lerunt.
702 2938 977 3007 Pauperes
1008 2942 1135 2990 vero
1167 2935 1252 2989 vel
1284 2933 1473 3002 pelles,
1511 2931 1592 2986 vel
1628 2930 1796 2985 etiam
1851 2943 2048 2999 capra-

470 3045 592 3084 rum
655 3029 818 3099 pilos,
873 3027 921 3082 si
976 3025 1101 3095 quis
1155 3020 1382 3096 gravius
1441 3022 1624 3092 inopia
1672 3020 2043 3091 premebatur.

472 3119 662 3174 Nonne
687 3118 839 3173 vides
862 3114 1123 3187 pauperis
1148 3114 1313 3168 etiam
1343 3113 1488 3167 illius
1545 3111 1724 3167 vidua:
1774 3112 2049 3181 quadran-

2233 2109 2370 2163 Ἀλλ’
2402 2111 2544 2183 ἐρεῖς
2569 2128 2582 2142 ο
2630 2112 2804 2183 Πένης
2848 2114 3020 2184 κάγώ.
3053 2117 3251 2172 Ἔστω.
3280 2118 3539 2173 Δεδόσθω.
3579 2119 3679 2183 Δὸς
3706 2123 3738 2177 ὅ

2148 2200 2308 2272 ἔχεις.
2334 2203 2409 2255 Οὐ
2436 2201 2544 2274 γὰρ
2570 2203 2637 2256 τά
2657 2204 2798 2274 ὑπὲρ
2830 2204 3059 2277 δύναμιν
3100 2206 3300 2279 ζητείό
3337 2210 3489 2274 Θεός.
3525 2212 3599 2264 Σὺ
3632 2211 3736 2283 άρο

2146 2311 2236 2348 τον
2254 2335 2267 2359 ,
2294 2293 2480 2366 ἕτερος
2512 2297 2771 2367 ποτήριον
2795 2296 2962 2362 οῐνου,
2986 2298 3141 2364 ἀλλος
3169 2301 3404 2372 ἱμάτιον,
3442 2304 3536 2356 καὶ
3560 2303 3736 2367 οὕτως

2147 2384 2211 2437 ὲκ
2241 2387 2597 2456 συνεισφορᾶς
2646 2387 2678 2455 ἡ
2740 2386 2839 2441 τοῦ
2868 2387 2986 2452 ἑνὸς
3035 2388 3222 2443 λύεται
3272 2394 3549 2463 συμφορά.
3598 2394 3739 2448 Οὐδὲ

2148 2474 2350 2545 Μωσῆς
2404 2474 2502 2544 τὴν
2556 2474 2800 2546 δαπάνην
2845 2476 2944 2546 τῆς
2995 2479 3199 2549 σκηνῆς
3228 2481 3379 2550 παρά
3407 2482 3524 2546 ἐνὸς
3574 2482 3738 2538 ἔλαϐε

2147 2563 2485 2637 λειτουηργοῦ,
2518 2564 2652 2620 ἀλλά
2671 2566 2765 2620 τοῦ
2788 2567 2851 2639 δή
2864 2585 2966 2639 μου
2995 2571 3216 2636 παντός.
3251 2574 3308 2628 ’0
3333 2575 3435 2645 μὲν
3456 2576 3567 2648 γὰρ
3601 2594 3737 2649 χρυ-

2149 2655 2240 2711 σδν
2268 2658 2497 2728 ἤνεγκεν
2527 2660 2556 2713 ό
2591 2657 2839 2713 πλουτῶν
2865 2661 3076 2733 ὲκείνρὴ
3101 2663 3259 2729 ἄλλος
3287 2666 3547 2738 ἄργυρον,
3576 2671 3607 2722 ὁ
3636 2671 3738 2722 πέ-

2146 2766 2245 2821 νης
2269 2747 2530 2820 δέρματα,
2550 2747 2687 2802 ότοῦ
2711 2748 2942 2818 πένητος
2964 2752 3288 2823 πενέστερος
3311 2757 3523 2827 τρίχας,
3543 2757 3732 2829 Ὁρᾷς,

2146 2838 2222 2901 ὡς
2246 2838 2339 2892 καὶ
2361 2839 2390 2892 ό
2419 2837 2520 2908 τῆς
2542 2839 2717 2909 χήρας
2747 2838 3066 2912 κοδράντης,
3097 2842 3401 2916 ὑπερέϐαλε
3425 2847 3533 2900 τῶν
3561 2848 3734 2902 πλου-

2149 2930 2278 2983 σίων
2321 2929 2390 2983 τὰ
2436 2929 2796 3001 ἁναθήματα;
2832 2933 2897 2985 Ἡ
2933 2933 3033 3004 μὲν
3086 2935 3196 3007 γάρ
3234 2936 3263 2990 δ
3287 2933 3433 3008 εἶχεν
3463 2938 3582 2993 ὅλον
3608 2940 3737 2993 ἐκέ-

2146 3034 2314 3072 νωσε·
2346 3020 2456 3073 τῶν
2478 3021 2558 3083 δὲ,
2591 3021 2769 3090 ὀλίγον
2799 3021 3044 3087 ἐξέπεσε.
3074 3026 3166 3097 Μὴ
3187 3029 3603 3101 καταφρονήσῃς
3622 3030 3739 3084 τῶν

2146 3112 2412 3181 κειμένων
2440 3112 2515 3177 ὼς
2544 3112 2755 3178 οὐδενὸς
2785 3115 2974 3181 ἀξίων.
3030 3116 3282 3187 Λόγισαι,
3311 3119 3455 3184 τίνες
3482 3121 3607 3187 εἰσὶ,
3637 3124 3741 3177 καὶ

469 3219 576 3266 tem
604 3211 832 3266 divitum
863 3221 1090 3263 munera
1112 3201 1437 3276 superasse?
1467 3203 1558 3256 illa
1598 3203 1744 3257 enim
1777 3201 2046 3272 quidquid

2153 3203 2405 3273 εὑρήσεις
2435 3204 2613 3258 αὐτῶν
2658 3205 2719 3258 τὸ
2762 3205 3010 3279 ἀξίωμαο
3054 3208 3148 3263 τοῦ
3203 3211 3452 3283 Σωτῆρος
3480 3213 3637 3284 ἡμῶν
3669 3214 3739 3268 τὺ

469 3297 1043 3368 habebal,exhausit;
1090 3312 1214 3352 cum
1246 3312 1311 3353 ex
1350 3295 1543 3350 horum
1587 3295 1765 3365 copiis
1814 3294 1900 3349 vix
1949 3311 2047 3366 pu-

2159 3295 2447 3366 πρόσωπον
2478 3294 2626 3348 ὲνεδύ
2636 3314 2816 3351 σαντο.

466 3396 647 3451 silium
680 3396 938 3466 quiddam
969 3391 1236 3449 exciderit
1267 3392 1308 3445 ³.
1334 3388 1590 3445 Jacentes
1616 3404 1885 3460 pauperes
1927 3398 2186 3459 tanquam
2228 3391 2433 3445 nullius
2489 3393 2644 3462 pretii
2714 3394 2844 3456 sint,
2910 3409 2979 3449 ne
3035 3394 3370 3466 despexeris.
3436 3400 3735 3462 Considera

467 3489 691 3559 quinam
723 3487 855 3549 sint,
891 3496 946 3541 et
973 3500 1162 3541 eorum
1192 3496 1494 3556 cognosces
1520 3483 1840 3554 dignitatem
1868 3497 1884 3536 :
1913 3479 2225 3538 Servatoris
2255 3485 2431 3538 nostri
2469 3498 2755 3553 personam
2787 3484 3102 3541 induerunt.

537 3603 817 3674 Propriam
843 3599 989 3655 enim
1018 3599 1291 3669 benignus
1332 3597 1424 3650 ille
1488 3610 1784 3665 personam
1814 3595 1897 3650 eis
1929 3596 2038 3649 lar-

2232 3596 2289 3647 '0
2323 3596 2431 3668 γὰρ
2459 3596 2833 3667 φιλάνθρωπος
2863 3597 3093 3670 ἔχρησεν
3109 3600 3293 3665 αὐτοῖς
3319 3603 3380 3656 τὸ
3413 3604 3539 3657 ἴδιον
3566 3607 3737 3677 πρόσ-

466 3697 613 3765 gitus
641 3701 748 3758 est,
782 3699 861 3755 ut,
898 3687 1359 3760 quemadmodum
1394 3687 1494 3753 illi,
1518 3687 1612 3758 qui
1647 3687 1912 3743 adversus
1936 3685 2044 3739 vim

2152 3702 2314 3748 ωπ>ν,
2338 3687 2424 3740 ἵνα
2445 3686 2511 3741 δι’
2542 3687 2749 3739 ἐκείνου
2809 3687 3097 3740 δυσωπῶσι
3127 3689 3253 3753 τοὺς
3273 3690 3613 3762 ἀσυμπαθεῖς
3637 3697 3741 3749 καὶ

469 3785 770 3840 inferentes
825 3792 1088 3850 tanquam
1136 3778 1609 3851 propugnaculum
1658 3778 1838 3846 regias
1905 3788 2046 3845 prae-

2152 3776 2549 3847 μισοπτώχους,
2586 3776 2787 3848 ,ὥσπερ
2820 3780 2870 3830 οἱ
2912 3778 3008 3842 τὰς
3040 3778 3326 3849 βασιλικὰς
3352 3783 3562 3846 εἰκόνας
3593 3785 3740 3840 κατὰ

468 3876 697 3931 tendunt
730 3873 1015 3943 imagines,
1040 3887 1150 3942 quo
1178 3869 1447 3941 principis
1473 3867 1676 3939 efﬁgie,
1709 3867 2038 3922 irruentium

2152 3868 2254 3921 τῶν
2289 3868 2620 3939 βιαζομένων
2671 3870 2865 3931 αὐτοὺς
2913 3871 3338 3942 προϐαλλόμενοι
3362 3915 3377 3938 ,
3435 3875 3499 3927 ἶν’
3532 3878 3598 3929 ἐκ
3630 3876 3739 3947 τῆς

469 3968 707 4038 impetus
742 3964 1028 4033 frangatur
1058 3971 1114 4019 et
1161 3960 1511 4026 retardetur;
1553 3961 1633 4014 sic
1663 3960 1764 4029 ipsi
1795 3973 1911 4025 eos,
1947 3957 2041 4029 qui

2152 3964 2363 4033 μορφῆς
2387 3960 2483 4015 τοῦ
2518 3962 2864 4032 κρατοῦντος,
2905 3964 2996 4016 τὸν
3032 3967 3448 4037 καταφρονητὴν
3475 3966 3736 4039 δυσωπή-

470 4060 618 4114 nulla
658 4063 947 4112 moventur
979 4052 1483 4116 commiseratione,
1534 4051 1739 4121 quique
1779 4064 2044 4120 pauperes

2152 4069 2333 4106 σωσιν.
2380 4048 2540 4108 Οὗτοί
2588 4056 2724 4106 εἰσιν
2774 4056 2823 4107 οἱ
2881 4055 3073 4125 ταμίαι
3120 4054 3227 4109 τῶν
3272 4057 3737 4128 προσδοκωμένων

469 4151 596 4207 odio
628 4155 1065 4221 prosequuntur,
1096 4158 1194 4216 per
1227 4142 1375 4197 illam
1407 4141 1648 4204 ﬂectant,
1694 4142 1944 4211 mitigent
1988 4140 2070 4196 et‘

466 4250 715 4299 exorent.
771 4240 834 4295 Hi
890 4240 1163 4294 bonorum
1210 4249 1335 4306 quae
1373 4242 1428 4309 et
1482 4240 1869 4304 exspectamus
1914 4240 2043 4288 sunt

467 4334 832 4407 promicondi.
866 4332 931 4387 Hi
958 4332 1221 4403 ianitores
1245 4328 1396 4398 regni
1428 4328 1715 4390 cmiormn,
1741 4325 1834 4395 qui
1864 4324 2040 4379 forum

469 4428 715 4497 aperiant
745 4424 998 4494 benignis
1020 4434 1076 4478 et
1102 4422 1285 4485 bonis,
1319 4420 1614 4474 occludant
1662 4420 1822 4473 malis
1862 4427 1915 4472 et
1957 4417 2044 4471 in-

470 4516 744 4572 humanis.
778 4513 841 4567 Hi
895 4525 949 4568 et
980 4513 1331 4569 vehementes
1388 4518 1517 4566 sunt
1570 4518 1944 4571 accusatores,
1992 4516 2046 4562 et

468 4609 658 4680 Optimi
685 4605 920 4678 patroni.
950 4605 1229 4658 Accusant
1260 4611 1441 4655 autem
1468 4612 1521 4656 et
1569 4600 1889 4663 defendunt,
1930 4614 2040 4655 non

2146 4143 2383 4212 ἀγαθῶν·
2425 4146 2474 4197 οἱ
2503 4143 2737 4215 θυρωροὶ
2767 4146 2865 4215 τῆς
2895 4144 3188 4215 βασιλείας,
3219 4148 3268 4200 ol
3301 4148 3601 4218 ἀνοίγοντες
3631 4151 3737 4214 τάς

2147 4235 2318 4307 θύρας
2344 4239 2457 4300 τοῖς
2482 4238 2759 4307 χρηστοῖς,
2786 4237 2880 4290 καὶ
2911 4236 3180 4301 κλείοντες
3201 4241 3312 4303 τοῖς
3330 4239 3605 4304 δυσκόλοις
3634 4244 3735 4295 καὶ

2150 4325 2571 4397 μισανθρώποις.
2627 4320 2804 4390 Οὗτοι,
2852 4328 2946 4381 καὶ
2992 4328 3286 4401 κατήγοροι
3338 4329 3584 4401 σφοδροὶ,
3635 4333 3736 4384 καὶ

2151 4415 2437 4485 συνήγοροι
2486 4415 2698 4483 ἀγαθοί.
2748 4416 3113 4488 Συνηγοροῦσι
3153 4417 3210 4471 δὲ
3258 4419 3352 4472 καὶ
3397 4420 3736 4491 κατηγοροῦ-

2150 4523 2253 4568 σιν,
2287 4507 2347 4558 οὐ
2380 4505 2650 4575 λέγοντες,
2680 4506 2794 4559 ἀλλ’
2825 4507 3092 4578 ὁρώμενοι
3117 4508 3268 4580 παρὰ
3290 4509 3382 4563 τοῦ
3408 4511 3632 4583 Κριτοῦ.
3656 4513 3735 4565 Τὸ

2146 4597 2255 4667 γὰρ
2289 4597 2416 4668 περὶ
2449 4597 2646 4660 αὐτοὺς
2674 4599 2957 4670 γινόμενον
3008 4597 3164 4671 ἔργον
3197 4599 3349 4668 παρὰ
3392 4600 3470 4670 τῷ
3514 4603 3737 4673 καρδιο-

2146 4686 2363 4759 γνώστῃ
2408 4686 2527 4758 βοᾷ,
2558 4689 2757 4751 παντὸς
2791 4695 3028 4760 κήρυκος
3057 4683 3441 4761 εὐσημότερον.
3477 4692 3574 4745 Διὰ
3602 4694 3735 4746 τού-

461 4792 668 4865 judice.
695 4788 829 4856 Quae
855 4790 1000 4844 enim
1044 4788 1097 4839 in
1124 4801 1218 4842 eos
1252 4785 1406 4849 fiunt,
1436 4784 1579 4855 apud
1608 4799 1730 4839 eum
1754 4784 1845 4853 qui
1878 4781 2044 4836 corda

2152 4796 2270 4843 τους
2294 4779 2425 4850 ἡμῖν
2452 4779 2548 4832 καὶ
2574 4780 2635 4832 τὸ
2662 4778 2890 4850 φοϐερὸν
2921 4780 3200 4851 ἀνεγράφη
3232 4781 3322 4834 διά
3347 4782 3455 4835 τῶν
3482 4783 3736 4851 ἀγγέλων

463 4889 764 4944 scrutatur,
799 4881 891 4951 qui
921 4878 1283 4949 cogitationes
1336 4876 1616 4930 hominum
1660 4890 1851 4930 omnes
1881 4884 2046 4944 atque

2152 4871 2240 4925 τοῦ
2273 4870 2410 4925 Θεοῦ
2437 4872 2800 4943 δικαστήριον,
2831 4866 2890 4926 οὗ
2919 4871 3178 4937 πολλάκις
3205 4872 3493 4942 ἠκούσατε.

465 4977 694 5032 intimos
716 4972 882 5027 animi
904 4984 1103 5025 sensus
1137 4969 1308 5031 novit,
1347 4968 1542 5037 quovis
1574 4982 1823 5037 praecone
1874 4966 2099 5034 clarius,
2176 4967 2437 5035 apertius,
2491 4964 2891 5033 significantius
2942 4965 3312 5020 vociferantur
3368 4976 3421 5022 et
3470 4969 3729 5026 clamant.

464 5070 692 5141 Propter
727 5066 828 5121 hos
860 5066 1016 5120 nobis
1045 5072 1099 5119 ct
1129 5061 1536 5117 formidandum
1568 5060 1703 5114 illud
1738 5060 2030 5130 judicium,
2072 5060 2218 5127 quod
2252 5073 2394 5127 saepe
2427 5057 2736 5125 audivistis,
2773 5060 3136 5128 perscriptum
3171 5072 3277 5114 cst.

532 5180 647 5233 lllic
690 5177 837 5233 enim
884 5176 1042 5231 video
1098 5173 1298 5228 Filium
1349 5173 1593 5228 hominis
1654 5170 1963 5225 venientem
2008 5185 2038 5223 e

2214 5165 2368 5222 Εἶδον
2396 5168 2503 5238 γὰρ
2531 5170 2651 5222 ἐκεῖ
2672 5169 2763 5222 τὸν
2794 5164 3025 5225 Υἱὸντοῦ
3043 5170 3325 5240 ἀνθρώπου
3354 5174 3647 5245 ἐρχόμενον
3670 5178 3737 5241 ἐξ

460 5269 635 5333 οωιίε,
666 5282 762 5337 per
795 5281 921 5320 aera
951 5280 1061 5319 neu
1091 5280 1252 5319 secus
1294 5272 1460 5332 atque
1492 5279 1587 5332 per
1634 5269 1838 5314 terram
1887 5260 2038 5313 ince-

2152 5260 2405 5332 abpavibv,
2439 5261 2534 5314 καὶ
2560 5260 2651 5315 τὸν
2677 5262 2821 5332 ἀέρα
2848 5261 2921 5324 ὡς
2950 5264 3055 5333 γῆν
3089 5260 3417 5329 πεζεύοντα,
3471 5266 3563 5318 καὶ
3606 5270 3735 5330 ταῖς

463 5358 678 5412 dentem
711 5355 1210 5411 innumerabilibus
1243 5355 1506 5423 stipatum
1538 5352 1781 5406 millibus
1812 5349 2036 5420 angelo-

2152 5354 2363 5417 πολλαῖς
2450 5355 2674 5425 μυριάσι
2758 5353 2866 5405 τῶν
2934 5354 3180 5421 ἀγγέλων
3237 5356 3727 5428 δορυφορούμενον.

465 5458 604 5498 rum.
638 5443 841 5501 Deinde
858 5447 1045 5514 gloria:
1092 5444 1352 5500 thronum
1398 5452 1642 5499 erectum
1691 5443 1745 5497 in
1778 5442 2035 5506 sublime,

2152 5445 2378 5498 Ἔπειτα
2425 5444 2611 5516 θρόνον
2641 5445 2799 5515 δόξης
2827 5446 3218 5517 ἁνυξιούμενον,
3272 5449 3365 5501 καὶ
3401 5452 3508 5502 πᾶν
3559 5451 3734 5518 φῦλον

466 5537 627 5596 atque
658 5533 713 5586 in
742 5550 807 5589 eo
838 5535 1215 5591 considentem
1260 5537 1479 5606 Regem.
1514 5533 1670 5587 Tunc
1723 5534 1903 5588 omnis
1935 5532 2035 5586 ho-

2152 5534 2443 5607 Ξινθρώπων
2474 5536 2595 5588 ὅσον
2625 5537 2901 5606 παρῆλθεν
2944 5539 3023 5599 εἰς
3050 5537 3262 5606 γένεσιν
3293 5539 3384 5591 καὶ
3426 5540 3561 5610 ἡλίῳ
3592 5558 3735 5595 κατ-

466 5624 671 5694 mtuum
698 5624 897 5687 tribus,
931 5639 1121 5679 omnes
1146 5637 1356 5695 gentes,
1388 5626 1642 5680 nationes
1668 5638 1880 5690 omnes,
1914 5638 2035 5692 quae

2152 5624 2420 5695 ιλὰμφθη,
2450 5625 2542 5679 καὶ
2592 5626 2779 5678 τούτου
2811 5626 2904 5678 τοῦ
2946 5627 3104 5697 ἀέρος
3137 5628 3439 5682 ἀνέσπασεν
3463 5669 3476 5693 ,
3532 5633 3591 5685 ἐν
3632 5631 3739 5687 δύο

471 4701 743 4760 oratione,
774 4697 868 4752 sed
922 4701 1148 4764 aspectu
1187 4694 1328 4763 ipso,
1379 4693 1509 4746 dum
1562 4692 1980 4761 conspiciuntur
2013 4705 2042 4743 a

538 5788 560 5818 “
585 5788 751 5849 Exod.
787 5812 979 5858 xxxw,
1020 5799 1138 5853 5-7.
1212 5804 1231 5833 ³
1265 5805 1430 5859 Marc.
1468 5820 1564 5869 xu,
1598 5804 1793 5859 διε-ιι.
