4026 6502
331 508 424 563 “il

1501 507 1587 561 DE
1618 505 2058 563 PAUPEBIBUS
2088 503 2412 559 AMANDIS.

3485 507 3591 561 ἀΐὲ

332 625 557 694 μέρεσιν
589 617 1037 688 ἀποκεκριμένον,
1064 620 1156 672 καὶ
1183 620 1455 691 προεστὼς
1484 621 1574 673 τοῦ
1602 621 1905 694 κριτηρίου.

2018 620 2068 674 in
2102 614 2246 674 hanc
2281 620 2447 673 vitam
2478 616 2737 688 ingressm
2760 618 2893 683 sint,
2928 633 3048 689 quae
3073 619 3218 673 liuuc
3242 619 3441 689 spiritu
3467 636 3591 674 aera

343 711 664 767 Ἑκαλοῦντο
697 710 752 761 δὲ
784 712 833 762 οί
871 710 968 780 μὲν
998 711 1224 782 ἀρνειοὶ,
1256 712 1367 765 ὅσοι
1413 713 1476 766 ὲκ
1518 713 1705 777 δεξιῶν
1730 732 1742 743 ·
1794 716 1909 783 ἐρί-

331 820 463 872 φους
486 802 545 855 δὲ
576 800 703 864 τοὺς
731 801 824 854 ἐπὶ
868 800 1090 871 θάτερον
1123 802 1351 872 ἥκουσα,
1385 804 1447 855 ὲκ
1471 805 1568 874 τῆς
1595 804 1910 874 ὁμοιότητος

327 892 438 944 τῶν
465 892 707 961 τρόπων,
750 890 837 959 ἐφ’
867 892 1097 955 ἑαυτοὺς
1128 892 1227 956 τὰς
1258 893 1625 965 προσηγορίας
1652 893 1912 947 ἑλκύσαν-

327 1001 451 1047 τας.
477 985 591 1037 Καὶ
622 983 884 1047 διαλέξεις
911 984 1029 1037 ἐκεῖ
1051 981 1143 1036 τοῦ
1176 983 1429 1037 δικαστοῦ
1457 984 1593 1055 πρὸς
1634 987 1759 1048 τοὺς
1790 1001 1911 1055 κρι-

326 1066 606 1144 νομένους,
655 1074 749 1127 καὶ
775 1073 1097 1145 ἀποκρίσεις
1119 1074 1226 1127 τῶν
1258 1076 1627 1147 εὐθυνομένων
1659 1074 1794 1150 πρὸς
1822 1077 1911 1131 τὸν

327 1162 578 1217 Βασιλέα.
641 1164 1043 1237 Ἀπεκληροῦτο
1089 1162 1146 1218 δὲ
1203 1166 1454 1232 ἑκάστοις
1495 1168 1561 1222 τά
1606 1168 1908 1240 πρόσφορα.

325 1248 455 1320 ἀῖς
486 1256 586 1327 μὲν
608 1255 700 1309 τὸν
730 1255 951 1326 ἄριστον
981 1256 1268 1326 βεϐιωκόσι
1297 1257 1434 1327 βίον,
1481 1258 1753 1329 βασιλείας
1781 1258 1915 1313 ἀπό-

322 1347 519 1409 λαυσις
541 1362 557 1378 ’
606 1349 719 1409 τοῖς
746 1346 803 1400 δὲ
833 1346 1240 1418 μισανθρὼπσις
1267 1349 1359 1403 καὶ
1394 1351 1648 1421 πονηροῖς
1675 1351 1916 1422 τιμωρία

330 1437 521 1508 πυρὸς,
549 1437 646 1490 καὶ
675 1430 813 1507 αῦτη
845 1438 1244 1503 διαιωνίξουσα.
1275 1440 1480 1511 Γράφει
1509 1441 1565 1494 δὲ
1588 1440 1765 1494 πάντα
1798 1442 1917 1494 ὲπι-

333 1528 533 1597 μελῶς,
572 1529 674 1582 καὶ
707 1528 932 1600 ἀκριϐὲς
978 1531 1110 1601 ἡμῖν
1141 1531 1202 1584 τὸ
1228 1531 1573 1604 δικαστήριον
1601 1531 1914 1604 ιίινεζωγρα⁹

330 1619 475 1690 φήθη
508 1618 662 1689 παρά
701 1618 794 1672 τοῦ
826 1619 983 1687 λόγου
1004 1661 1019 1685 ,
1072 1621 1173 1674 οὐκ
1204 1620 1362 1676 ἄλλου
1396 1639 1490 1675 του
1538 1622 1716 1694 χάριν,
1750 1620 1783 1693 ἢ
1818 1621 1913 1677 τοῦ

333 1710 528 1780 μαθεῖν
553 1712 701 1782 ἡμᾶς
729 1711 976 1775 εὐποιίας
1004 1713 1366 1783 χρηστότητα.
1411 1711 1561 1783 Αὕτη
1593 1713 1702 1784 γάρ
1745 1714 1911 1778 ἐστιν,

323 1805 363 1872 ’ἡ
396 1802 488 1855 τὸν
524 1802 637 1874 βίον
672 1802 992 1874 συνέχουσα,
1043 1805 1227 1876 μήτηρ
1254 1804 1364 1859 τῶν
1392 1804 1724 1876 πενομένων,
1767 1804 1913 1860 διδάι

2012 710 2292 776 duxerint,
2327 725 2450 779 qua:
2484 708 2626 764 banc
2671 709 2806 766 solis
2848 710 3023 765 lucem
3076 712 3414 779 aspexerint,
3453 711 3593 767 duas

2013 802 2068 856 in
2100 810 2286 872 partes
2319 809 2634 873 segregatas
2670 800 2741 856 ad
2787 799 3029 856 tribunal
3073 801 3277 871 judicia
3320 801 3585 858 astitisse.

2011 891 2192 946 Audio
2218 907 2335 957 eos,
2359 891 2451 962 qui
2476 905 2508 945 a
2540 892 2736 948 dextra
2764 899 2917 958 sunt,
2949 907 3121 965 agnos
3142 894 3328 948 vocari
3356 912 3369 946 :
3398 894 3594 950 haedos

2012 982 2106 1053 qui
2135 997 2165 1036 a
2199 983 2446 1039 sinistra.
2471 980 2608 1036 Nam
2630 998 2697 1040 ex
2729 998 2946 1039 morum
2978 982 3347 1040 similitudine
3368 993 3594 1040 sumunt

2012 1075 2452 1143 appellationem.
2482 1076 2660 1132 Audio
2696 1076 2808 1132 illic
2830 1091 2929 1132 eos
2967 1077 3398 1148 interrogantem
3450 1076 3595 1150 mdi-

2011 1180 2152 1229 cem,
2183 1172 2238 1221 et
2273 1167 2510 1223 rationes
2533 1166 2936 1223 conﬁcientem.
2991 1167 3175 1223 Audio
3207 1166 3339 1238 quid
3372 1167 3473 1236 ipsi
3507 1151 3621 1220 re-°

2020 1257 2330 1328 spondeam
2353 1258 2508 1328 Regi.
2540 1257 2783 1329 Denique
2818 1272 2920 1329 pro
2947 1258 3063 1315 suis
3084 1273 3356 1329 quemque
3387 1257 3596 1312 meritis

2006 1356 2269 1402 ornatum
2306 1362 2496 1405 cerno.
2529 1347 2646 1405 lllis
2669 1350 2765 1420 qui
2796 1351 2925 1406 boni
2987 1348 3315 1421 beniguique
3366 1348 3592 1408 fuerint.

2014 1447 2179 1511 atque
2228 1439 2434 1509 optime
2482 1440 2651 1507 vitam
2698 1441 2929 1511 egerint,
2979 1454 3194 1496 summa
3243 1448 3299 1494 et
3331 1446 3594 1509 perpetua

2014 1532 2172 1602 quies
2209 1531 2473 1587 tribuitur
2504 1532 2559 1586 in
2596 1546 2763 1602 regno
2789 1531 3003 1588 cmlesti
3030 1549 3043 1585 :
3075 1530 3391 1589 inhumanis
3409 1537 3590 1584 autem

2013 1633 2070 1677 et
2100 1622 2371 1691 improbis
2400 1622 2545 1693 ignis
2576 1622 2929 1692 supplicium,
2974 1622 3138 1691 idque
3176 1621 3590 1690 sempiternum.

2018 1714 2147 1771 Hac
2178 1715 2366 1770 omnia
2393 1714 2468 1769 ibi
2496 1714 2807 1784 diligenter,
2843 1720 2902 1767 ut
2927 1713 3103 1777 scitis,
3147 1718 3277 1767 sunt
3306 1712 3592 1782 explicata.

2013 1803 2135 1859 Non
2167 1805 2273 1858 alia
2304 1811 2486 1859 autem
2525 1804 2593 1860 de
2618 1818 2786 1858 causa
2814 1802 3084 1873 judicium
3114 1801 3252 1857 illud
3299 1810 3407 1855 tam
3436 1814 3597 1855 accu-

330 1892 527 1957 σκαλος
550 1894 661 1948 τῶν
688 1894 975 1956 πλουσίων,
1022 1894 1199 1966 ἀγαθὴ
1246 1896 1630 1968 κουροτρόφος,
1679 1895 1915 1967 πρεσϐυ-

2018 1905 2136 1951 rata
2162 1894 2421 1951 oratione
2479 1903 2741 1965 tanquam
2800 1892 3055 1963 perticillo
3110 1892 3383 1961 depictum
3435 1889 3629 1959 nobis,

328 1984 503 2056 τέρων
532 1986 860 2056 γηροκόμος,
891 1988 1116 2056 ταμεῖον
1144 1963 1251 2040 τῶν
1277 1963 1565 2058 δεομένων,
1604 1963 1779 2050 κοινὸς
1804 1987 1911 2041 τῶν

2021 1993 2149 2042 ante
2180 1986 2374 2041 oculos
2418 1963 2657 2055 positum
2689 1998 2814 2039 esse
2853 1980 3202 2045 crediderim,
3238 1980 3343 2036 nisi
3379 1987 3438 2033 ut
3472 1993 3598 2049 per-

329 2074 671 2145 ἁτυχούντων
700 2075 884 2148 λιμὴν,
938 2078 1143 2140 πάσαις
1184 2077 1424 2148 ἡλικίαις
1455 2079 1552 2132 καὶ
1607 2080 1911 2151 συμφοραῖς

2018 2079 2298 2134 discamus
2339 2075 2789 2139 beneﬁcentiam,
2826 2080 2884 2129 et
2916 2072 3305 2142 benignitatem
3358 2069 3598 2140 comple-

330 2169 432 2239 τὴν
456 2171 550 2237 ἀφ’
576 2171 774 2239 ἑαυτῆς
803 2171 1099 2242 μερίζουσα
1133 2170 1411 2239 πρόνοιαν.

2014 2178 2250 2225 ctamur.
2301 2166 2426 2222 Haec
2458 2167 2607 2222 enim
2654 2172 2737 2221 est
2783 2178 2904 2233 quae
2942 2162 3186 2217 continet
3233 2161 3422 2215 vitam.
3468 2159 3597 2212 Haec

329 2271 417 2319 est
435 2278 732 2334 pauperum
770 2279 959 2328 mater,
991 2265 1253 2336 magistra
1284 2266 1538 2331 divitum,
1562 2266 1701 2321 bona
1725 2265 2059 2338 pupillorum
2086 2264 2296 2331 nutrix,
2327 2261 2706 2317 conservatrix
2730 2272 2943 2321 senum,
2968 2258 3243 2326 egentium
3265 2267 3597 2325 penu,com~

325 2355 516 2410 munis
547 2356 869 2411 miserorum
905 2365 1122 2425 portus,
1168 2357 1413 2411 omnium
1442 2367 1661 2412 aetatum
1684 2371 1874 2411 curam
1908 2370 2126 2428 gerens.
2161 2353 2419 2409 omnibus
2451 2350 2727 2407 aerumnis
2741 2356 2796 2405 et
2824 2346 3234 2402 calamitatibus
3278 2345 3594 2399 consulens.

405 2448 504 2512 Ὠς
536 2446 644 2517 γὰρ
670 2447 718 2500 οἱ
747 2445 1076 2514 ἀγωνοθέται
1112 2446 1213 2517 τῆς
1240 2447 1615 2519 ματαιότητος,
1648 2448 1753 2502 ὑπὸ
1784 2447 1916 2503 σάλ·

328 2551 528 2607 πιγγος
554 2538 652 2608 τὴν
678 2538 883 2591 ἑαυτῶν
915 2536 1219 2609 φιλοτιμίαν
1247 2538 1619 2609 σημαίνοντες,
1644 2540 1777 2593 πᾶσι
1803 2541 1916 2603 τοῖς

326 2630 430 2700 ’τῆς
454 2628 793 2700 παλαίστρας
842 2628 941 2698 τὴν
971 2625 1067 2681 τοῦ
1098 2626 1327 2681 πλούτου
1360 2628 1620 2700 διανομὴν
1648 2629 1916 2699 ὲπαγγέλ.

326 2710 510 2771 λονται
533 2732 553 2747 ο
584 2714 755 2780 οὕτως
784 2718 818 2788 ή
845 2716 1081 2782 εὐποιία,
1110 2716 1351 2781 ἅπαντας
1373 2718 1511 2790 πρὸς
1540 2718 1738 2792 ἑαυτὴν
1758 2719 1917 2773 καλεῖ

327 2809 456 2870 τοὺς
486 2809 543 2859 ἐν
567 2806 872 2871 δυσκολίαις
903 2808 998 2861 καὶ
1026 2808 1412 2879 περιστάσεσιν
1432 2849 1447 2875 ,
1491 2808 1552 2861 οὐ
1581 2808 1803 2880 πληγῶν
1835 2826 1916 2862 τι-

326 2897 441 2969 μὰς
471 2900 581 2962 τοῖς
614 2898 949 2967 προσιοῦσιν,
980 2898 1114 2952 ἀλλά
1141 2899 1435 2971 συμφορῶν
1477 2899 1774 2971 θεραπείας
1820 2918 1915 2972 με·

332 2986 577 3057 ρίζουσα.
608 2985 761 3039 Ἐστι
788 2985 843 3040 δὲ
868 2985 1028 3059 αὕτη,
1050 2988 1231 3060 πάσης
1251 2989 1644 3059 ἐπαινουμένης
1667 2988 1915 3061 πράξεως

326 3076 658 3148 editiorem,
708 3077 843 3131 Θεοῦ
897 3077 1194 3150 πάρεδρος,
1245 3078 1340 3133 τοῦ
1384 3079 1587 3149 ἀγαθοῦ
1619 3080 1780 3150 φίλη,
1823 3081 1918 3135 καὶ

331 3168 535 3239 πολλὴν
564 3170 698 3240 πρὸς
724 3161 886 3223 αὐτὸν
926 3169 1024 3241 τὴν
1056 3171 1328 3225 οίκείωσιν
1359 3170 1575 3242 ἔχουσα.
1628 3172 1783 3225 Οὕτω
1833 3188 1915 3225 τοι

2089 2443 2563 2512 Quemadmodum
2587 2442 2730 2498 enim
2756 2440 2859 2508 illi,
2887 2439 2982 2511 qui
3018 2440 3072 2494 in
3127 2437 3385 2493 vanitatis
3425 2447 3598 2492 certai-

2023 2537 2265 2593 minibus
2323 2535 2545 2607 praemia
2601 2539 2957 2604 proponunt,
3028 2529 3158 2585 tuba
3220 2528 3597 2584 liberalitatem

2022 2645 2180 2685 suam
2206 2628 2601 2699 signiﬁcantes,
2633 2624 2891 2681 omnibus
2921 2622 2977 2678 in
3011 2622 3265 2692 palaestra
3308 2619 3598 2675 decertan-

2020 2720 2169 2776 tibus
2204 2718 2451 2791 pecunia;
2477 2716 2821 2787 largitionem
2844 2713 3172 2785 pollicentur
3198 2718 3363 2781 atque
3387 2710 3598 2764 denun-

2018 2812 2200 2866 tiant:
2248 2811 2330 2866 sic
2368 2810 2486 2879 ipsa
2534 2804 2894 2862 beneﬁcentia
2935 2816 3126 2859 omnes
3174 2802 3231 2857 in
3283 2801 3520 2857 miseriis
3543 2807 3599 2856 et

2022 2900 2429 2959 calamitatibus
2457 2899 2666 2970 positos
2704 2896 2775 2952 ad
2807 2908 2870 2953 se
2916 2901 3097 2959 vocat,
3145 2909 3256 2949 non
3310 2893 3596 2949 vulnerum

2020 3004 2075 3051 et
2108 2990 2390 3066 plagarum
2417 2992 2660 3062 praemia,
2692 2988 2789 3045 sed
2809 3000 3180 3044 aerumnarum
3210 2992 3265 3041 et
3297 2986 3599 3040 incommo-

2020 3087 2213 3144 dorum
2245 3084 2488 3141 remedia
2517 3091 2572 3139 et
2601 3082 2941 3140 curationem
2974 3079 3362 3136 accedentibus
3396 3079 3600 3146 imper-

2018 3177 2185 3233 tiens.
2218 3174 2345 3232 Hmc
2377 3182 2461 3231 est
2490 3173 2743 3245 omnium.
2764 3172 3108 3227 laudatarum
3143 3170 3420 3225 actionum
3461 3183 3601 3239 ptee«

331 3261 446 3331 πρὸ
478 3259 690 3313 πάντων
718 3255 814 3323 τὰς
839 3261 1050 3328 ἀγαθὰς
1089 3262 1183 3314 καὶ
1218 3261 1631 3335 φιλανθρώπους
1665 3262 1911 3334 πράξεις,

2018 3268 2375 3325 stantissima.
2412 3265 2536 3321 llaec
2569 3265 2777 3322 assidet
2809 3263 2941 3330 Deo,
2996 3269 3050 3318 et
3091 3276 3287 3332 magna
3341 3267 3428 3316 est
3471 3274 3599 3314 eum

331 3352 498 3414 αὐτὸς
524 3354 551 3405 ὁ
578 3352 708 3416 Θεὸς
746 3355 878 3423 ἡμῖν
904 3352 1220 3425 αὐτουργῶν
1250 3355 1604 3422 ἀναφαίνεται
1632 3372 1647 3386 ο
1685 3353 1781 3425 τὴν
1805 3354 1914 3426 γὰρ

332 3443 510 3496 κτίσιν
557 3444 653 3512 τῆς
702 3444 823 3514 γῆς,
873 3444 965 3497 καὶ
992 3445 1092 3516 τὴν
1120 3444 1215 3497 τοῦ
1265 3445 1494 3516 οὐρανοῦ
1532 3445 1911 3516 διακόσμησιν,

334 3537 429 3589 καὶ
477 3536 574 3606 τὴν
625 3535 886 3591 εὐτακτον
933 3537 1231 3608 ἐναλλαγὴν
1265 3536 1371 3591 τῶν
1408 3537 1585 3609 ὡρῶν,
1624 3538 1718 3590 καὶ
1762 3537 1913 3607 ἡλίου

330 3624 643 3696 θερμότητα
668 3668 683 3689 ,
741 3628 833 3680 καὶ
867 3626 1200 3699 κρυστάλλου
1234 3626 1447 3695 γένεσιν
1479 3628 1775 3698 ψύχουσαν,
1820 3627 1916 3681 καὶ¹

335 3720 513 3773 πάντα
557 3718 622 3771 τά
676 3719 797 3772 καθ’
828 3719 1077 3784 ἕκαστον,
1127 3721 1228 3774 οὐκ
1275 3721 1438 3781 αὐτὸς
1481 3720 1658 3790 ἑαυτῷ
1712 3722 1740 3774 ὀ
1783 3718 1915 3782 Θεὸς

335 3807 663 3879 (ἀπροσδεὴς
681 3807 789 3878 γὰρ
811 3807 918 3862 τῶν
932 3807 1187 3864 τοιούτων
1205 3811 1454 3876 ἐκεῖνος),
1473 3809 1584 3862 ἀλλ’
1609 3809 1748 3881 ὑπὲρ
1760 3808 1916 3882 ἡμῶν

328 3897 600 3969 διηνεκῶς
629 3900 843 3969 ἐνεργεῖ
863 3914 877 3927 ⁸
913 3900 1160 3971 γεωργὸς
1188 3901 1415 3972 ἀόρατος
1442 3901 1542 3972 τῆς
1573 3903 1680 3955 τῶν
1706 3901 1915 3975 ἀνθρώ-

336 4005 458 4043 πων
478 3990 705 4061 τροφῆς,
739 3991 974 4063 σπορεὺς
997 3989 1248 4063 εὔκαιρος
1286 3993 1380 4046 καὶ
1408 3992 1667 4065 ὀχετηγὸς
1694 3996 1919 4064 ὲπιστήυ

338 4098 479 4151 μων.
497 4073 664 4145 Οὗτος
691 4082 819 4153 γὰρ,
839 4082 979 4136 κατά
1007 4083 1096 4136 τὸν
1125 4084 1374 4151 Ἡσαΐαν,
1403 4085 1583 4139 δίδωσι
1601 4087 1820 4157 σπέρμα
1842 4086 1919 4158 τῷ

337 4174 650 4242 σπείροντι,
705 4176 801 4228 καὶ
845 4175 905 4227 τὸ
935 4174 1078 4246 ὕδωρ
1109 4177 1173 4229 ὲκ
1217 4176 1475 4247 νεφελῶν,
1521 4177 1615 4231 νῦν
1650 4179 1749 4248 μὲν
1786 4180 1917 4249 ἡρε-

338 4264 499 4331 μαῖον
548 4262 854 4334 ὲπιρῥαίνει
890 4266 955 4334 τῇ
994 4266 1100 4334 γῇ,
1156 4264 1317 4317 πάλιν
1349 4265 1407 4318 δὲ
1454 4264 1653 4337 λάϐρον
1698 4270 1921 4336 καταχεῖ

334 4352 447 4405 τῶν
476 4351 747 4407 αὐλάκων.
779 4353 947 4408 Ὅταν
973 4353 1029 4408 δὲ
1061 4351 1267 4426 αὐξηθῇ
1299 4354 1369 4408 τὰ
1396 4355 1521 4426 λήῖα
1552 4356 1646 4409 καὶ
1674 4355 1918 4428 παρέλθῃ

335 4443 398 4497 τὸ
427 4443 803 4514 χλοαινόμενον
823 4484 838 4509 ,
889 4443 990 4508 τὰς
1038 4446 1265 4515 νεφέλας
1298 4446 1683 4510 ἀποσκεδάζων
1709 4447 1803 4499 τοῦ
1831 4448 1921 4500 οὐ·

2015 3367 2137 3432 ipso
2198 3360 2602 3416 necessitudine
2662 3357 2981 3425 conjuncta.
3038 3354 3133 3410 Sic
3190 3361 3372 3410 autem
3425 3353 3600 3408 Deum

2018 3452 2196 3521 ipsum
2224 3452 2387 3507 nobis
2416 3450 2683 3517 omnium,
2719 3463 2842 3520 quae
2885 3455 3035 3503 recte
3087 3447 3426 3516 benigneque
3460 3438 3605 3500 laci?

2017 3557 2161 3604 mus,
2181 3542 2450 3612 imprimis
2476 3550 2755 3596 auctorem
2779 3539 3201 3607 eﬁ‘ectoremque
3219 3552 3342 3593 esse
3362 3544 3596 3591 constat.

2017 3630 2296 3700 Siquidem
2324 3641 2379 3687 et
2412 3640 2612 3686 terram
2644 3630 2954 3701 procreavit
2983 3637 3038 3684 et
3075 3634 3329 3683 ornatum
3357 3628 3482 3682 cccli
3513 3627 3601 3682 fa~

2018 3724 2265 3779 bricatus
2287 3732 2392 3789 est,
2426 3733 2480 3780 et
2504 3730 2811 3793 temporum
2837 3723 3250 3779 vicissitudines
3287 3722 3503 3787 statuit,
3546 3728 3600 3775 et

2017 3814 2151 3869 solis
2199 3815 2438 3891 calorem
2488 3821 2543 3869 et
2591 3814 2785 3886 glaciei
2837 3814 3257 3885 rel‘rigerantem
3313 3822 3592 3874 naturam.

2018 3905 2200 3961 omnia
2231 3905 2466 3977 denique
2504 3905 2650 3961 Deus
2704 3905 2844 3975 ipse,
2890 3920 2999 3960 non
3036 3904 3165 3968 sibi,
3221 3919 3347 3958 cum
3394 3902 3601 3956 nullius

2020 3997 2217 4053 horum
2250 3997 2511 4069 indigeat,
2544 3997 2641 4053 sed
2698 3997 2858 4053 nobis
2910 3996 3256 4051 continenter
3294 4001 3516 4065 praestat
3550 4003 3602 4046 et

2019 4095 2343 4144 conservat:
2370 4104 2493 4142 nam
2519 4088 2753 4143 mirabili
2774 4088 3011 4158 quadam
3037 4087 3251 4141 ratione
3280 4084 3597 4138 mortalium

2020 4179 2192 4235 aciem
2220 4178 2516 4250 eﬁugiente
2548 4179 2754 4250 praebet
2800 4179 3117 4233 hominibus
3169 4175 3450 4236 alimenta,
3512 4187 3601 4227 se-

2020 4271 2238 4325 minans
2268 4282 2599 4341 opportune,
2630 4279 2686 4325 et
2717 4270 2956 4326 scienter
2983 4270 3243 4338 irrigans.
3272 4264 3394 4336 Ipse
3423 4263 3599 4324 enim,

2026 4367 2086 4413 ut
2121 4360 2315 4415 scribit
2354 4361 2525 4417 Isaias
2548 4360 2591 4424 ⁸,
2622 4361 2717 4415 dat
2745 4376 2933 4417 semen
2979 4360 3206 4422 serenti,
3237 4365 3291 4412 et
3330 4372 3394 4412 ex
3442 4355 3602 4408 nubi-

2021 4450 2125 4507 bus
2157 4467 2307 4506 nunc
2335 4451 2537 4506 sensim
2576 4451 2802 4507 imbrem
2836 4451 3038 4506 emittit
3078 4451 3135 4505 in
3172 4456 3401 4512 terram,
3442 4459 3592 4501 nunc

336 4534 508 4604 ρανοῦ
556 4536 785 4600 παντὸς,
838 4537 959 4590 τότε
1004 4536 1463 4608 προκαλύμματος
1502 4537 1706 4608 γυμνὸν
1740 4537 1915 4602 αὐτοῖς

2024 4548 2205 4596 autem
2238 4543 2517 4597 sulcorum
2554 4542 2724 4597 latera
2775 4550 2829 4600 et
2852 4550 3007 4598 toros
3048 4541 3267 4597 abunde
3300 4536 3599 4610 perfundit.

338 4626 596 4697 ἐφίστησι
615 4625 710 4681 τὸν
740 4627 910 4697 ἥλιον,
941 4626 1151 4698 θερμὴν
1179 4630 1273 4682 καλ⁸
1313 4628 1558 4700 ἔμπυρον
1590 4628 1915 4683 διατείνοντα

2021 4634 2090 4688 At
2122 4634 2214 4690 ubi
2259 4642 2470 4705 segetes
2517 4634 2815 4699 creverint,
2869 4641 2924 4690 et
2978 4634 3228 4689 viriditas
3279 4632 3600 4690 accesserit,

336 4715 443 4788 τὴν
470 4715 810 4797 ἀκτῖναηῖνα
841 4713 1033 4786 ὡραῖοι
1060 4715 1324 4784 γένωνται
1346 4715 1481 4788 πρὸς
1507 4716 1679 4787 τομὴν
1713 4716 1761 4767 οἱ
1794 4715 1919 4770 στά-

339 4822 493 4876 χυες.
540 4856 547 4861 .

2012 4735 2143 4782 tunc
2171 4728 2422 4798 disjectis
2472 4728 2873 4800 dissipatisque
2926 4728 3190 4794 nubibus,
3232 4726 3302 4782 ab
3340 4723 3602 4779 omnibus

2015 4817 2410 4890 integumentis
2444 4819 2652 4875 nudum
2700 4829 2756 4876 et
2787 4829 3033 4890 apertum
3083 4818 3219 4888 ipsis
3263 4819 3502 4873 ostentat
3548 4817 3605 4865 et

340 4902 592 4957 immittit
627 4903 822 4966 solem,
856 4908 913 4956 ut
945 4902 1143 4957 calidis
1192 4910 1356 4973 atque
1427 4903 1748 4959 ardentibus
1814 4903 1985 4975 ipsius
2025 4912 2196 4971 radiis
2262 4914 2543 4986 tepefactae
2585 4915 2904 4984 perveniant
2960 4914 3025 4968 ad
3103 4913 3496 4968 maturitatem.
3550 4914 3604 4959 et

342 5005 679 5068 opportunas
708 4997 775 5051 ad
809 4997 1121 5054 metendum
1149 4996 1331 5065 spicas
1358 4996 1677 5052 exhibeant.

413 5089 617 5159 Τρέφει
646 5088 741 5142 καὶ
758 5088 1021 5160 ἄμπελον,
1051 5091 1170 5152 ταῖς
1192 5086 1364 5159 ὥραις
1392 5088 1467 5160 τῷ
1491 5086 1712 5159 διψῶντι
1742 5088 1801 5143 τὸ
1825 5107 1919 5143 πο-

350 5178 433 5233 τὸν
462 5179 827 5249 εὐτρεπίξων·
869 5181 964 5233 καὶ
1010 5178 1209 5248 ἀγέλας
1248 5181 1383 5248 ἡμῖν
1422 5179 1613 5249 τρέφει
1651 5173 1921 5250 διαφόρων

341 5272 538 5340 γενῶν,
562 5272 649 5327 ἴνα
682 5274 902 5346 ὑπάρχῃ
919 5274 1030 5335 τοῖς
1056 5269 1361 5343 ἀνθρώποις
1391 5269 1619 5339 ἄφθονον
1651 5272 1799 5341 ὄψον,
1824 5272 1921 5326 καὶ

340 5363 453 5417 τῶν
474 5365 572 5435 μὲν
600 5366 655 5419 αί
682 5365 855 5436 δοραὶ,
874 5364 1016 5439 ἔριον
1044 5362 1405 5436 γεωργοῦσαι,
1432 5361 1531 5433 τὴν
1553 5362 1760 5433 σκέπην
1785 5379 1920 5435 παρε

341 5457 532 5526 ἐχωσι,
583 5457 692 5510 τῶν
737 5457 815 5522 δὲ,
858 5455 927 5509 τά
956 5455 1280 5526 ὑποδήματα
1316 5456 1447 5525 ἡμῖν
1482 5452 1919 5525 ἀπεργάζωνται.

354 5548 521 5621 Ὁρᾷς
548 5549 631 5603 ὃτι
672 5549 885 5622 πρῶτος
929 5545 1163 5618 ἐραστὴς
1212 5545 1460 5609 εὐποιίας
1502 5544 1530 5596 ὁ
1572 5544 1704 5607 Θεὸς
1731 5586 1744 5608 ,
1783 5544 1924 5597 οὕτω

2098 5087 2282 5155 Quid?
2306 5092 2451 5160 quod
2474 5092 2637 5145 vitem
2670 5093 2833 5146 etiam
2860 5091 3086 5155 enutrit,
3114 5096 3278 5159 atque
3306 5088 3379 5142 ita
3404 5088 3600 5143 idoneo

2028 5188 2272 5249 tempore
2299 5181 2613 5236 sitientibus
2648 5191 2831 5252 potum
2866 5180 3076 5235 tribuit.
3112 5180 3299 5246 Quid?
3335 5180 3481 5248 quod
3510 5195 3602 5233 va-

2028 5270 2109 5324 ria
2146 5269 2272 5325 item
2313 5271 2412 5325 alit
2456 5272 2776 5325 animalium
2814 5285 3036 5340 genera,
3079 5280 3138 5324 ut
3185 5269 3497 5324 hominibus
3519 5275 3600 5324 ‘ct

2029 5374 2224 5416 carnes
2257 5361 2324 5415 ad
2366 5363 2715 5425 vescendum,
2745 5370 2799 5416 et
2840 5362 3028 5431 pelles,
3062 5376 3184 5431 qua:
3236 5360 3414 5414 lanam
3467 5375 3599 5430 sup-

2030 5450 2276 5521 peditant
2300 5453 2365 5507 ad
2392 5452 2806 5523 protegendum,
2826 5459 2880 5507 et
2910 5451 2975 5506 ad
3005 5459 3187 5507 vestes
3209 5449 3597 5513 conﬁciendas,

2028 5550 2083 5597 et
2128 5543 2195 5597 ad
2232 5543 2580 5600 consuendos
2613 5544 2828 5599 calceos
2877 5542 3171 5613 praabeant.
3225 5542 3418 5597 Cernis
3464 5558 3602 5612 quo-

348 5643 564 5713 τρέφων
606 5641 698 5694 τὸν
737 5640 1028 5707 πεινῶντα,
1065 5640 1157 5693 καλ⁸
1183 5640 1416 5704 ποτίζων
1443 5639 1534 5693 τὸν
1551 5637 1802 5708 διψῶντα,
1833 5637 1915 5691 ml

2025 5632 2185 5688 modo
2211 5634 2423 5704 primus
2460 5633 2827 5690 beneﬁcentia:
2856 5640 3046 5688 auctor
3078 5642 3133 5690 et
3155 5634 3310 5705 origo
3340 5633 3412 5689 sit
3434 5631 3598 5697 Deus,

344 5734 648 5803 ἀμφιεννύς
678 5733 769 5786 τὸν
799 5733 1025 5803 γυμνὸν,
1056 5733 1132 5795 ὡς
1162 5732 1500 5805 προείρηται.

414 5927 436 5959 ’⁸
470 5929 577 5985 lsa.
612 5945 700 5991 LV.
735 5931 822 5985 10.

2025 5723 2357 5780 esurientem
2406 5725 2696 5788 nutriens,
2751 5724 2959 5780 sitienti
3017 5724 3254 5797 largiens
3294 5732 3505 5795 potum,
3544 5728 3601 5779 et

2035 5817 2244 5872 nudum
2275 5818 2551 5889 operiens,
2584 5826 2642 5872 ut
2671 5826 2795 5873 ante
2823 5817 3080 5885 diximus.
