4026 6454
418 489 528 545 163

1649 478 1706 536 S.
1744 480 2065 535 CliijGOIill
2107 482 2394 539 AYSSENI
3570 483 3679 539 ‘6’-

496 607 552 660 Si
587 605 668 660 vis
701 615 877 658 autem
914 602 1240 676 intelligere,
1295 603 1570 674 quomodo
1599 603 1793 658 morbo
1835 603 1990 659 labo-
2019 647 2026 663 ι

2161 611 2225 664 El
2246 609 2302 664 δέ
2323 609 2498 674 θέλεις
2522 608 2773 674 ἀκοῦσαι,
2800 607 2917 672 πῶς
2942 609 3036 661 καὶ
3059 604 3354 678 θεραπεύει
3382 603 3474 658 τὸν
3508 618 3681 656 κεκα-

426 707 633 762 rantes,
658 698 799 753 male
843 696 1088 777 affectos,
1143 705 1307 769 atque
1357 697 1588 754 alllictos
1631 703 1810 762 curet,
1847 694 1994 750 audi.

427 790 563 856 Quis
592 804 748 860 apem
781 789 972 846 docuit
1003 804 1160 847 ceras
1190 798 1246 846 et
1274 790 1436 846 mella
1465 787 1778 844 coniicere?
1804 785 1941 852 Quis
1969 799 2001 840 e

427 883 581 954 pinu.
611 887 737 953 quis
780 898 812 938 e
853 883 1177 954 terebintho,
1241 883 1366 954 1uis
1399 897 1430 938 e
1467 879 1764 936 mastiches
1806 879 2002 934 arbore

429 973 660 1042 pingues
689 972 812 1029 illos
859 973 1054 1030 resinae
1099 986 1296 1028 succos
1327 971 1608 1028 destillare
1653 969 1825 1026 fecit?
1865 968 2002 1036 Quis

430 1063 689 1118 Indorum
719 1063 998 1134 regionem
1042 1063 1328 1119 constituit
1375 1063 1651 1118 siccorum
1703 1069 1864 1132 atque
1891 1059 2004 1115 fra-

363 1147 380 1164 ⁸
429 1155 707 1223 grantium
735 1155 1040 1222 fructuum,
1075 1161 1130 1211 et
1161 1156 1392 1211 odorum
1433 1155 1682 1212 suaviem
1725 1155 2006 1210 matrem?

431 1244 565 1310 Quis
589 1245 762 1300 oleam
793 1247 1044 1316 corporis
1069 1245 1353 1301 laboribus
1390 1253 1446 1300 et
1493 1244 1782 1301 doloribus
1815 1245 2002 1316 opitu-

433 1335 633 1390 lantem
665 1335 1020 1404 procreavit?
1043 1335 1180 1403 Quis
1221 1335 1382 1391 nobis
1415 1335 1663 1392 radicum
1711 1342 1768 1391 et
1813 1334 2009 1391 herba-

433 1437 554 1476 rum
593 1423 866 1488 notitiam,
898 1425 1024 1494 quis
1057 1423 1386 1494 qualitatum
1431 1431 1500 1478 et.
1523 1422 1747 1490 virium,
1797 1436 1918 1492 qum
1951 1422 2007 1476 in

436 1513 572 1581 ipsis
603 1521 752 1580 sunt,
792 1515 1046 1586 peritiam
1083 1514 1320 1570 tribuit?
1345 1513 1482 1581 Quis
1514 1512 1844 1569 eﬂ'ectricem
1871 1527 2008 1567 con-

433 1607 902 1678 servatricemque
929 1607 1182 1664 sanitatis
1227 1607 1552 1664 medicinam
1596 1605 1842 1677 reperit?
1875 1605 2010 1672 Quis

435 1699 740 1755 calidarum
766 1715 1033 1772 aquarum
1061 1700 1240 1758 fontes
1268 1701 1460 1758 eduxit
1481 1707 1700 1764 eterra,
1729 1707 1790 1754 ut
1818 1713 2010 1755 earum

438 1790 490 1844 vi
542 1799 656 1844 tum
709 1791 920 1864 frigidis
952 1800 1008 1848 et
1061 1791 1335 1858 humidis,
1369 1797 1486 1846 tum
1521 1791 1692 1847 aridis
1721 1797 1778 1846 et
1801 1789 2012 1844 adustis

440 1879 825 1939 allectionibus
852 1891 908 1939 et
934 1883 1143 1939 morbis
1169 1883 1528 1940 medeamur?
1547 1881 1737 1936 Merito
1767 1879 1933 1951 igitur
1959 1887 2014 1933 et

2101 703 2366 774 κωμένον,
2403 701 2641 773 μάνθανε
2663 717 2677 732 ο
2728 700 2825 765 Τίς
2865 698 3070 765 ἐδίδαξε
3091 697 3191 768 τὴν
3226 697 3487 768 μέλισσαν
3515 694 3685 766 ἐργά-

2101 794 2289 861 ζεσθαι
2319 795 2412 850 τὸν
2439 794 2629 867 κηρὸν,
2673 793 2768 846 καὶ
2803 793 2899 846 σὺν
2925 791 3116 862 ἐκείνῳ
3147 789 3208 844 τὸ
3231 787 3394 860 μέλι;
3439 786 3538 850 Τίς
3577 785 3682 857 τὴν

2102 889 2262 943 πίτυν
2293 887 2386 942 καὶ
2411 886 2741 959 τερέϐινθον,
2794 885 2889 938 καὶ
2918 883 3016 954 τῆς
3057 882 3324 954 μαστίχης
3346 881 3410 934 τὸ
3441 879 3683 950 δένδρον,

2103 984 2194 1038 τὸν
2230 981 2458 1052 λιπαρὸν
2490 981 2694 1034 ἐκεῖνον
2722 977 2895 1050 χυμὸν
2931 975 3258 1041 ἀποστάζειν
3285 973 3578 1046 ἐποίησεν;
3611 967 3685 1024 Ἦ

2103 1075 2187 1140 τίς
2231 1075 2328 1146 τὴν
2373 1073 2549 1128 Ἰνδῶν
2577 1071 2760 1144 χώραν
2791 1067 3192 1141 ἐδημιούργησε
3236 1063 3417 1139 ξηρῶν
3454 1061 3690 1136 καρπῶν

2106 1165 2201 1219 καὶ
2223 1164 2436 1219 εὐωδῶν
2462 1163 2672 1236 μητέρα
2695 1179 2710 1228 ;
2737 1161 2833 1226 Τίς
2851 1161 2950 1232 τὴν
2979 1159 3165 1212 ἐλαίαν
3191 1155 3562 1226 ἔφυσε,πόνων
3585 1171 3688 1206 σω-

2111 1257 2354 1330 ματικῶν
2403 1257 2496 1311 καὶ
2545 1255 2850 1326 ἀλγηδόνων
2917 1251 3248 1322 ἐπίκουρονς
3325 1246 3422 1310 Τίς
3483 1245 3692 1300 ἔδωκεν

2106 1355 2239 1424 ἡμῖν
2297 1349 2462 1425 ῥιζῶν
2506 1349 2600 1402 καὶ
2631 1345 2866 1418 βοτανῶν
2899 1342 3210 1412 διάγνωσιν,
3241 1339 3336 1393 καὶ
3365 1337 3474 1392 τῶν
3501 1337 3560 1390 ἐν
3585 1337 3690 1389 αὐ-

2107 1445 2228 1508 ταῖς
2261 1442 2558 1514 ποιοτήτων
2609 1438 2884 1512 μάθησιν;
2943 1436 3041 1498 Τίς
3094 1432 3192 1504 τὴν
3243 1429 3532 1502 ποιητικὴν
3590 1426 3694 1496 τῆς

2111 1534 2299 1604 ὑγείας
2330 1531 2578 1605 ἰατρικὴν
2600 1531 2965 1601 συνεστήσατο
2986 1543 3002 1592 ;
3037 1525 3134 1588 Τίς
3155 1523 3356 1594 ἀνῆκεν
3383 1523 3446 1575 ἐκ
3464 1519 3564 1590 τῆς
3583 1517 3694 1588 γῆς

2112 1627 2331 1699 θερμῶν
2358 1625 2564 1680 ὑδάτων
2594 1625 2796 1695 πηγάς,
2825 1623 2922 1685 τὰς
2956 1619 3054 1691 μέν
3075 1617 3137 1671 τὺ
3161 1615 3368 1687 ψυχρὸν
3389 1613 3484 1667 καὶ¹
3523 1611 3696 1682 ὑγρὸν

2113 1714 2270 1787 ἡμῶν
2316 1713 2588 1784 ίωμέναςο
2633 1711 2733 1774 τάς
2785 1709 2842 1763 δέ
2889 1708 2952 1762 τὸ
2997 1707 3161 1777 ξηρὸν
3196 1705 3232 1774 ἢ
3267 1701 3694 1772 πεπυκνωμένον

2113 1805 2346 1870 λυούσας
2371 1821 2386 1872 ;
2433 1804 2545 1859 Καὶ
2576 1802 2850 1874 προσῆκεν
2883 1799 3152 1869 εὐκαίρως
3177 1795 3352 1849 εἰπεῖν
3388 1791 3567 1847 καὶτὸ
3591 1789 3692 1845 τοῦ

2115 1899 2330 1972 Βαρούχ
2360 1916 2374 1929 ο
2440 1894 2630 1964 οὗτος
2659 1895 2864 1964 ἐξεῦρε
2895 1893 3102 1948 πᾶσαν
3138 1888 3284 1944 ὁδὸν
3329 1885 3696 1954 ἐπιστήμης,

439 1983 744 2045 opportune
799 1982 1043 2046 poteram
1083 1977 1247 2033 verba
1286 1975 1502 2032 Baruch
1551 1989 1858 2045 usurpare:
1911 1972 2014 2028 Hic

2134 1995 2214 2048 ιαὶ
2257 1993 2478 2048 ἔδωκεν
2514 1989 2709 2058 αὐτὴν
2756 1987 2966 2044 Ἰακὼϐ
3005 1982 3087 2050 τῷ
3132 1979 3298 2036 παιδί
3337 1977 3546 2043 αὐτοῦ,
3593 1975 3699 2030 καί

443 2065 709 2120 adinvem't
735 2081 941 2121 omnem
965 2067 1102 2121 viam
1138 2065 1457 2136 disciplima,
1489 2074 1540 2121 et
1587 2064 1817 2119 tradidit
1859 2065 2014 2118 illam

438 2155 604 2209 Iacob
640 2171 802 2224 puero
831 2173 950 2223 suo,
975 2168 1026 2213 et
1053 2156 1225 2213 Israel
1253 2157 1444 2212 dilecto
1467 2172 1562 2212 suo
1583 2157 1626 2211 '.

516 2248 621 2302 Per
669 2248 815 2302 hunc
853 2255 998 2304 artes
1038 2262 1260 2312 omnes,
1308 2261 1431 2318 quae
1473 2247 1562 2303 vel
1599 2246 1724 2317 igne
1773 2245 1858 2300 vel
1897 2243 2018 2299 sine

443 2341 589 2410 igne,
616 2340 702 2396 vel
751 2342 808 2394 in
847 2341 1004 2410 aquis
1050 2347 1408 2404 exercentur,
1441 2339 1679 2392 inventa:
1702 2353 1718 2404 ;
1742 2351 1839 2407 per
1867 2336 2016 2390 hunc

443 2429 689 2486 scientiae
728 2429 1164 2486 innumerabiles
1181 2429 1522 2502 excogitatae,
1549 2437 1608 2484 ut
1634 2428 1771 2483 nihil
1794 2429 2020 2483 omnino

442 2523 584 2578 desit
609 2519 948 2584 hominibus.
981 2521 1126 2592 quod
1160 2519 1228 2576 ad
1260 2519 1629 2592 transigenda
1669 2520 1794 2576 vitae
1832 2534 2022 2574 neces-

445 2613 664 2668 sitatem
691 2621 745 2668 et
777 2613 1228 2668 commoditatem
1277 2613 1566 2683 pertineat.
1605 2611 1682 2666 Ac
1723 2611 1870 2667 Deus
1901 2613 2025 2680 qni-

444 2704 567 2759 dem
605 2706 708 2758 Ιιοο
734 2704 902 2760 modo
948 2703 1326 2760 beneﬁcentiae
1365 2711 1420 2758 et
1452 2703 1798 2758 liberalitatis
1827 2704 2020 2758 inven-

447 2807 536 2850 tor
577 2803 634 2851 et
661 2794 784 2851 fons
815 2794 998 2850 omnia
1025 2809 1148 2865 qua:
1182 2793 1344 2849 nobis
1379 2793 1693 2848 necessaria
1757 2799 1887 2848 sunt
1942 2792 2024 2848 di-

447 2885 699 2940 tissimus
730 2885 855 2954 ipse
882 2883 1119 2954 benigne
1151 2882 1558 2940 subministrat.

517 2973 628 3029 Nos
654 2980 864 3040 autem,
893 2973 985 3044 qui
1017 2973 1252 3044 singulis
1274 2972 1477 3027 divina:
1513 2971 1812 3043 Scriptura
1840 2971 2026 3026 verbis

453 3068 517 3122 ad
551 3067 838 3120 nominum
867 3073 922 3120 et
953 3073 1362 3134 procreatorem
1398 3074 1654 3120 nostrum
1697 3062 2025 3117 imitandum

451 3165 468 3228 (
495 3165 768 3230 quatenus
803 3157 1052 3213 mortalis
1077 3157 1298 3212 beatum
1330 3164 1386 3212 et
1411 3155 1779 3210 immortalem
1821 3154 2024 3209 imitari

2128 2083 2374 2156 Ἰσραὴλ
2405 2081 2484 2149 τῷ
2513 2079 2874 2152 ἠγαπημένῳ
2899 2078 3001 2134 ὑπ’
3035 2075 3242 2131 αὐτοῦ.

2189 2265 2286 2320 Διά
2316 2262 2472 2318 τοῦτο
2510 2260 2696 2332 τέχναι
2741 2258 2978 2330 ἐμπυροι
2998 2296 3012 2320 ,
3055 2255 3152 2310 καὶ
3185 2250 3355 2324 πυρὸς
3382 2249 3572 2322 χωρὶς,
3602 2247 3702 2301 καὶ

2119 2357 2276 2412 ἄλλαι
2319 2355 2562 2426 ἔνυδροι,
2599 2353 2692 2406 καὶ
2733 2351 2922 2422 μυρίαι
2953 2348 3062 2402 τῶν
3108 2341 3552 2414 ἐπιτηδευμάτων
3610 2339 3704 2392 εὑ-

2123 2450 2322 2523 ρέσεις,
2356 2448 2442 2501 ἵνα
2469 2447 2590 2510 ταῖς
2612 2443 2706 2498 τοῦ
2736 2442 2850 2514 βίου
2878 2439 3089 2514 χρείαις
3111 2435 3364 2503 ἀνενδεὴς
3395 2435 3430 2504 ἡ
3454 2429 3706 2523 διακονία

2121 2518 2362 2610 γένηται.
2412 2535 2520 2590 Καὶ
2549 2537 2578 2589 ὁ
2615 2533 2714 2604 μὲν
2747 2531 2879 2595 Θεδς
2911 2528 3104 2596 οὕτως,
3141 2526 3171 2578 ὁ
3209 2523 3424 2595 πρῶτος
3451 2520 3551 2592 τῆς
3606 2518 3700 2570 εὖ·

2125 2632 2305 2694 ποιίας
2343 2629 2569 2700 εὑρετὴς
2614 2625 2710 2681 καὶ
2747 2625 2856 2679 τῶν
2901 2624 3032 2694 ἡμῖν
3091 2616 3404 2688 ἀναγκαίων
3445 2614 3704 2676 ⁴πλούσιος

2123 2723 2257 2794 ὁμοῦ
2281 2725 2374 2778 καὶ
2405 2719 2692 2792 συμπαθὴς
2719 2715 2972 2790 χορηγός.

2207 2987 2398 3058 Ἡμεῖς
2437 2984 2495 3038 δέ
2544 2983 2594 3035 οἱ
2632 2981 2754 3035 καθ’
2794 2979 3024 3034 ἕκαστον
3069 2973 3308 3050 γράμμα
3347 2970 3445 3042 τῆς
3482 2968 3710 3042 Γραφῆς

2127 3077 2534 3148 παιδευόμενοι,
2579 3073 2773 3145 ζηλοῦν
2817 3072 2910 3126 τὸν
2963 3068 3168 3124 ἑαυτῶν
3216 3065 3418 3138 Κύριον
3463 3061 3559 3116 καὶ
3605 3062 3712 3132 Δη-

2133 3168 2410 3240 μιουργὺν,
2461 3165 2582 3220 καθ’
2609 3167 2731 3219 ὅσον
2756 3162 2834 3234 τῷ
2876 3159 3053 3232 θνητῷ
3091 3163 3125 3232 ή
3171 3157 3262 3213 τοῦ
3296 3155 3568 3228 μακαρίου
3613 3152 3714 3204 καὶ

455 3254 674 3323 potest)
705 3249 1068 3316 instituimur,
1099 3249 1168 3304 ad
1215 3247 1508 3303 utilitatem
1557 3253 1808 3304 nostram
1844 3246 2026 3300 omnia

2134 3261 2400 3316 ἀθανάτου
2430 3257 2658 3330 μίμησις
2689 3253 2904 3326 ἐφικτὴ.
2943 3252 3120 3306 πάντα
3153 3246 3544 3322 παρασύρομεν
3573 3242 3714 3313 πρὸς

455 3343 722 3414 rapimus,
756 3341 942 3396 omnia
980 3339 1355 3411 voluptatibus
1387 3338 1594 3396 nostris
1644 3339 1925 3405 metimur,
1975 3346 2026 3392 et

2134 3355 2230 3426 τὴν
2263 3351 2468 3407 οἰκείαν
2510 3349 2840 3404 ἀπόλαυσιν
2875 3343 3062 3400 καὶτὰ
3097 3342 3196 3414 μὲν
3233 3343 3297 3411 τῇ
3326 3337 3532 3392 ἑαυτῶν
3576 3336 3717 3426 ἀπο-

455 3437 562 3490 alia
606 3434 826 3506 quidem
855 3434 980 3490 vita:
1019 3441 1224 3490 nostra;
1275 3433 1494 3488 deliciis
1546 3433 1870 3504 elargimur,
1924 3432 2032 3486 alia

455 3529 806 3586 recondimus
855 3527 1132 3584 hmredum
1182 3525 1451 3583 aviditati.
1503 3525 1832 3584 Miserarum
1902 3539 2033 3580 vero

459 3622 610 3675 nulla
632 3620 866 3676 habetur
901 3621 1064 3685 ratio,
1108 3619 1257 3674 nulla
1287 3633 1586 3690 pauperum
1630 3617 1828 3673 idonea
1874 3631 2032 3682 cura,

460 3713 609 3767 milia
636 3711 969 3768 sollicitudo.
995 3711 1041 3765 0
1071 3710 1322 3766 crudeles
1355 3712 1570 3767 animos
1599 3711 1612 3764 !
1639 3709 1683 3766 Ο
1715 3717 1930 3764 mentes
1961 3709 2030 3763 ab

460 3801 610 3856 onmi
633 3801 1010 3857 misericordia
1041 3801 1248 3857 alienas
1270 3804 1284 3856 l

535 3888 709 3943 liomo
745 3888 1022 3944 hominem
1045 3888 1191 3944 videt
1221 3898 1470 3959 egentem
1494 3902 1657 3960 pane,
1685 3903 1796 3944 non
1829 3888 2036 3944 haben-

463 3991 571 4036 tmn
618 3980 877 4034 alimenta
907 3979 1050 4034 vitae
1085 3979 1440 4041 necessaria.
1491 3995 1669 4051 neque
1711 3991 1895 4036 tamen
1952 3981 2033 4036 illi

463 4079 717 4140 prompto
744 4069 1026 4138 alacrique
1049 4069 1234 4124 animo
1255 4070 1530 4136 subvenit,
1553 4069 1607 4126 et
1635 4072 1866 4127 salutem
1898 4087 2039 4142 prs:-

466 4161 584 4228 bet;
613 4160 706 4217 sed
729 4160 880 4214 illum
900 4159 1154 4230 despicit,
1171 4167 1227 4214 ct
1241 4167 1502 4232 tanquam
1515 4163 1782 4218 virentem
1798 4163 2038 4234 plantam

457 4268 729 4322 aquarum
773 4253 997 4323 penuria
1029 4252 1161 4308 sinit
1206 4267 1458 4309 arescere
1485 4270 1518 4308 :-
1555 4255 1860 4325 praesertim
1911 4269 2038 4310 cum

465 4345 717 4400 maximis
748 4345 977 4400 inundet
1004 4344 1143 4415 ipse,
1169 4355 1336 4416 atque
1367 4343 1716 4400 circumﬂuat
1750 4327 1948 4418 copiis,
1979 4354 2042 4402 ut

465 4451 530 4490 ex
559 4451 658 4490 sua
683 4435 1016 4490 abundantia
1035 4436 1196 4492 facile
1218 4438 1514 4493 multorum
1547 4437 1786 4509 inopiam
1815 4439 2042 4496 reﬁcere

466 4534 521 4578 et
575 4540 822 4580 recreare
866 4528 1060 4594 possit.
1099 4528 1574 4593 Quemadmodum
1619 4529 1768 4585 enim
1817 4545 1880 4586 ex
1929 4543 2042 4588 uno

467 4615 616 4672 fonte
646 4615 924 4689 proﬂuens
959 4633 1099 4688 aqua
1131 4619 1330 4676 multas
1361 4633 1682 4691 camporum
1713 4621 1874 4692 longe
1907 4621 2039 4677 late.
2074 4601 2120 4655 Ῑ)

467 4722 574 4778 que
611 4717 900 4778 protensas
932 4709 1185 4778 planities
1208 4708 1471 4766 fecundas
1489 4718 1544 4766 et
1577 4711 1775 4769 uberes
1809 4713 1992 4770 reddit
2023 4732 2038 4781 ;

465 4801 548 4855 sic
573 4799 740 4856 unius
774 4799 972 4855 domus
987 4800 1266 4870 opulentia
1297 4802 1706 4860 multitudinem
1735 4819 2040 4878 pauperum

465 4908 530 4948 ex
557 4893 819 4964 egestatis
853 4893 1124 4962 angustiis
1153 4893 1370 4964 eripere
1408 4905 1588 4966 potest
1615 4904 1672 4952 et
1702 4908 2033 4964 sustentare,

2135 3424 2443 3518 κληροῦμεν
2466 3441 2602 3512 ζωῇ,
2623 3440 2692 3494 τά
2713 3439 2770 3492 δὲ
2789 3437 3146 3508 κληρονόμοις
3173 3451 3239 3486 τα
3248 3428 3564 3504 μιευόμεθα.
3587 3424 3714 3518 τῶν

2132 3541 2189 3594 δέ
2222 3517 2676 3611 δυσπραγούντων
2710 3533 2866 3602 λόγος
2894 3531 3088 3592 οὐδεὶς,
3123 3526 3243 3581 οὐδὲ
3271 3525 3378 3578 τῶν
3401 3517 3716 3590 πενομένων

2135 3630 2312 3699 ἀγαθὴ
2339 3627 2596 3699 μέριμνα.
2631 3625 2694 3676 Ὢ
2721 3623 2818 3693 τῆς
2845 3617 3105 3693 ἀνηλεοῦς
3134 3614 3392 3689 γνώμηςί

2211 3887 2528 3959 ’Ἄνθρωπος
2572 3885 2856 3956 ἄνθρωπον
2895 3883 3017 3955 ὁρᾷ,
3059 3882 3224 3953 ἄρτου
3269 3879 3576 3949 πενόμενον,
3620 3875 3721 3930 καὶ

2137 3978 2236 4051 τὴν
2267 3977 2566 4047 ἀναγκαίαν
2610 3975 2926 4046 ζωπύρησιν
2964 3974 3062 4045 τῆς
3105 3973 3311 4042 τροφῆς
3353 3971 3456 4023 οὐκ
3502 3967 3716 4038 ἔχοντα’

2139 4073 2238 4126 οὐκ
2262 4071 2495 4140 ἐπαρκεῖ
2519 4067 2575 4121 δέ
2608 4065 2922 4138 προθύμως,
2955 4064 3047 4118 καὶ
3075 4062 3254 4136 ὀρέγει
3283 4061 3382 4132 τὴν
3420 4059 3720 4130 σωτηρίαν,

2140 4161 2276 4217 ἀλλά
2308 4161 2560 4231 περιορᾷ,
2589 4153 2700 4212 οἷόν
2733 4175 2786 4212 τι
2814 4157 2979 4228 φυτὸν
3018 4154 3242 4217 εὐθαλὲς
3281 4152 3486 4206 ὑδάτων
3515 4151 3724 4220 ἀπορία

2141 4253 2388 4318 ἐλεεινῶς
2428 4251 2816 4325 ξηραινόμενον
2844 4266 2858 4280 ·
2910 4249 3004 4303 καὶ
3054 4247 3229 4301 ταῦτα
3283 4241 3725 4316 πλημμυροῦσαν

2141 4348 2278 4420 ἔχων
2305 4347 2403 4419 τὴν
2446 4344 2727 4416 ἀφθονίαν,
2776 4342 2870 4396 καὶ
2908 4339 3121 4409 πολλοῖς
3165 4335 3506 4408 ἐποχετεύειν
3555 4332 3726 4386 δυνά-

2146 4457 2306 4512 μενος
2331 4439 2430 4509 τὴν
2460 4435 2568 4491 ἀπὸ
2589 4435 2694 4488 τῶν
2719 4433 3070 4505 ὑπαρχόντων
3093 4447 3240 4500 παρα
3250 4428 3463 4500 μυθίαν.
3499 4426 3586 4488 Ὠς
3612 4423 3686 4493 γά
3696 4441 3728 4492 ρ

2151 4533 2280 4603 μιᾶς
2313 4529 2498 4600 πηγῆς
2531 4526 2786 4600 ἐπιρροὴ,
2813 4523 3014 4588 πολλάς
3038 4521 3293 4584 πεδιάδας
3329 4517 3730 4589 ἀνηπλωμένας

2150 4623 2387 4678 πιαίνει·
2441 4619 2614 4683 οὕτως
2661 4619 2754 4672 καὶ
2805 4619 2934 4689 μιᾶς
2985 4617 3161 4680 οἰκίας
3207 4613 3470 4684 εὐπορία,
3520 4610 3731 4679 δήμους

2150 4714 2395 4784 πενήτων
2425 4711 2646 4782 ἐξαρκεῖ
2672 4706 3063 4772 διασώσασθαι,
3100 4705 3259 4776 μόνον
3298 4703 3392 4756 ἐὰν
3430 4702 3502 4772 μὴ
3532 4698 3729 4770 γνώμῃ

2150 4805 2406 4876 φειδωλὸς
2432 4803 2528 4856 καὶ
2567 4799 2952 4870 ἀκοινώνητος,
2997 4798 3074 4862 ὡς
3115 4797 3261 4860 λίθος
3309 4793 3621 4867 ἐμπεσοῦσα
3657 4795 3729 4865 τῇ

2148 4897 2384 4968 διεξόδῳ,
2411 4895 2510 4966 τὴν
2548 4891 2810 4966 ἐπιῤῥοὴν
2841 4889 3266 4962 ἀνακρούσηται.

468 4987 628 5043 modo
660 5001 728 5042 ne
765 5001 964 5066 parcus
999 4993 1054 5042 et
1081 5002 1280 5044 avarus
1305 4988 1522 5045 animus
1549 4991 1719 5047 veluti
1775 4993 2066 5065 prolapsus
2099 4993 2242 5065 lapis
2285 5003 2455 5046 venas
2499 4995 2555 5042 et
2629 4985 2836 5041 rivulos
2894 4999 2927 5040 c
2973 4982 3330 5054 benignitate,
3399 4987 3658 5046 tanquam
3699 4991 3735 5032 e

467 5081 620 5138 fonte
672 5080 890 5151 publice
952 5079 1274 5147 detinentes,
1335 5090 1546 5138 avertat
1603 5087 2139 5158 alqueintercipiat.

539 5169 618 5226 Ne
648 5171 896 5227 vivamus
931 5171 1084 5227 carni
1113 5173 1170 5228 in
1202 5173 1370 5228 rebus
1395 5175 1652 5230 omnibus
1679 5197 1690 5230 :
1750 5177 1804 5230 in
1859 5178 2044 5248 aliqua

469 5263 716 5317 vivamus
753 5271 810 5318 et
845 5263 974 5318 Deo.
1015 5261 1230 5320 Deliciae
1269 5263 1420 5320 enim
1455 5265 1762 5336 epularum,
1808 5283 1930 5339 quae
1989 5269 2044 5322 in

469 5359 715 5407 Ventrem
759 5351 1168 5422 ingrediuntur,
1217 5354 1490 5410 tantulum
1545 5356 1845 5428 voluptatis
1891 5357 2046 5413 carni

471 5441 741 5496 duntaxat
768 5443 966 5500 ali‘errc
1002 5453 1257 5516 possunt,
1293 5447 1616 5516 quantulum
1651 5455 1738 5504 est
1762 5448 1893 5504 illud
1924 5465 2048 5519 spa-

470 5531 633 5594 tium,
670 5545 778 5598 quo
804 5533 990 5589 inlices
1019 5536 1392 5592 continentur.
1428 5535 1562 5589 Nam
1595 5537 1758 5592 simul
1795 5551 1958 5608 atque
1987 5539 2043 5592 in

473 5625 720 5673 ventrem
749 5621 984 5691 delapsae
1007 5634 1156 5686 sunt,
1213 5635 1558 5694 putrescunt,
1591 5635 1648 5681 et
1685 5643 1782 5696 per
1815 5627 2048 5684 inferio-

473 5722 564 5764 res
576 5714 764 5778 partes
789 5713 1072 5766 secedunt.
1091 5713 1468 5772 Misericordia
1492 5731 1622 5772 vero
1653 5727 1708 5773 et
1741 5717 2048 5774 beneﬁcen-

535 5885 555 5915 ⁸
589 5881 832 5942 Barucli.
875 5904 957 5952 ιιι,
988 5889 1076 5943 57.

2219 5174 2312 5246 Μὴ
2337 5174 2514 5228 πάντα
2534 5173 2600 5242 τῇ
2631 5171 2796 5242 σαρκί
2813 5187 2825 5200 ο
2851 5169 3104 5241 ζήσωμέν
3127 5185 3179 5221 τι
3207 5166 3300 5221 καὶ
3326 5165 3407 5236 τῷ
3433 5162 3568 5232 Θεῷ.
3597 5163 3737 5234 Τρο-

2153 5267 2260 5337 φῆς
2308 5265 2407 5336 μὲν
2457 5263 2564 5334 γὰρ
2609 5262 2862 5334 αἴσθησις
2909 5261 3004 5315 καὶ
3058 5258 3377 5324 ἀπόλαυσις,
3404 5255 3584 5323 ὀλίγον
3631 5255 3740 5324 τῆς

2151 5357 2352 5427 σαρκὸς
2387 5355 2572 5426 μόριον
2621 5352 2932 5427 θεραπεύει,
2955 5354 3052 5424 τὴν
3103 5351 3380 5423 φάρυγγαδ
3427 5351 3491 5419 τῇ
3533 5348 3743 5416 γαστρὶ

2151 5447 2206 5500 δέ
2246 5446 2346 5512 τὰς
2391 5447 2523 5510 ὔλας
2568 5446 2880 5517 ἐνσήψασα,
2921 5445 3070 5509 τέλος
3112 5444 3226 5514 ἔχει
3279 5443 3370 5496 τὸν
3423 5439 3736 5510 ἀφεδρῶνα.

2158 5539 2344 5603 Ἔλεος
2375 5539 2433 5592 δέ
2472 5539 2568 5594 καὶ
2597 5537 2830 5601 εὐποιία,
2865 5535 2984 5607 Θεῷ
3017 5536 3076 5588 τέ
3103 5535 3209 5588 εἰσι
3244 5533 3545 5606 πράγματα
3580 5531 3738 5599 φίλα,

2157 5631 2250 5682 καὶ
2280 5623 2433 5702 ᾧπερ
2460 5630 2526 5684 ἂν
2555 5630 2904 5700 ἐνοικὴσωσιν
2945 5626 3238 5698 ἀνθρώπῳ,
3287 5625 3499 5678 θεοῦσιν
3548 5623 3740 5684 αὑτὸν,

2159 5722 2254 5774 καὶ
2308 5721 2445 5792 πρὸς
2503 5721 2734 5792 μίμησιν
2794 5718 3137 5774 ἁποτυποῦσι
3195 5715 3294 5771 τοῦ
3345 5714 3550 5786 ἀγαθοῦ
3578 5755 3592 5780 ,
3649 5716 3743 5770 ἵνα
