4026 6426
371 401 478 459 ισε

1546 405 1633 460 DE
1668 403 2109 464 PAUPERIBUS
2143 408 2471 466 AMANMS.
3326 436 3350 463 ς

3534 404 3653 462 466-

371 520 593 595 ὑπάρχῃ
640 520 804 576 εἰκὼν
841 522 941 594 τῆς
972 523 1193 594 πρώτης
1223 526 1316 579 καὶ
1350 524 1627 597 ἀκηράτου
1653 527 1746 580 καὶ
1777 527 1954 582 πάντα

2070 529 2132 583 :ia
2164 530 2395 588 virtutes
2435 541 2566 588 sunt
2596 533 2706 589 Deo
2736 533 3087 605 gratissimae:
3111 548 3232 605 qua:
3260 531 3304 588 si
3328 529 3490 601 cujus
3522 529 3644 583 ani-

369 614 495 667 νοῦν
530 613 964 685 ύπερϐαινούσης
983 615 1185 678 οὐσίας.
1213 617 1322 687 Τῆς
1348 617 1403 670 δὲ
1435 618 1669 689 σπουδῆς
1696 618 1755 671 τὸ
1783 618 1951 690 πέρας

370 708 556 759 ὁποῖον
592 705 898 774 ἐγγυῶνται
922 725 936 773 ;

2062 638 2209 677 mum
2237 624 2585 692 incoluerint,
2615 642 2738 682 eum
2779 626 3023 682 divinum
3059 625 3317 691 efficiunt,
3342 632 3397 679 et
3425 635 3643 677 summo

2073 712 2150 765 illi
2184 712 2329 768 bono
2367 731 2530 786 quam
2579 715 2919 772 simillimum
2956 714 3211 779 reddunt,
3248 714 3385 767 adeo
3426 722 3487 764 ut
3526 709 3640 779 pri—

371 811 475 850 ma:
509 798 661 853 illius
689 809 852 869 atque
877 801 1204 856 immortalis
1237 809 1291 856 et
1327 810 1560 859 mentem
1596 819 1812 859 omnem
1855 806 2169 874 superantis
2228 816 2437 864 naturae
2469 811 2764 865 decoretur
2795 809 3056 880 imagine.
3115 808 3184 861 At
3243 807 3460 877 qualem
3526 810 3643 857 stu-

370 888 450 940 dii
485 889 805 961 laborisque
841 891 999 947 ﬁnem
1033 893 1398 961 pollicentur?

457 981 723 1036 Ἐνταῦθα
759 984 859 1054 μὲν
902 984 1072 1056 καλὴν
1109 986 1319 1051 ἐλπίδα,
1370 988 1821 1060 καὶπροσδοκίαν
1862 989 1954 1041 εύ-

372 1073 706 1142 φραίνουσαν
731 1089 744 1102 '
798 1076 854 1126 ὲν
899 1075 956 1129 δὲ
997 1078 1110 1139 τοῖς
1160 1075 1377 1145 ἔπειτα,
1429 1079 1555 1132 ὅταν
1598 1079 1695 1149 τὴν
1731 1078 1958 1150 ῥέουσαν

372 1162 577 1233 ταύτην
603 1165 1109 1234 ἀποσκευασάμενοι
1132 1166 1331 1239 σάρκα,
1359 1168 1455 1240 τὴν
1486 1170 1792 1242 ἀφθαρσίαν
1830 1187 1959 1240 μετ-

374 1250 741 1323 ενδυσὼμεθα,
789 1256 1063 1326 μακαρίαν
1126 1257 1303 1328 ζωὴν,
1347 1258 1579 1331 ἄληκτον
1626 1260 1718 1314 καὶ
1761 1259 1960 1314 ἀνώλε-

374 1343 528 1414 θρον,
564 1346 624 1398 ὲν
667 1345 1008 1417 θαυμασταῖς
1038 1365 1146 1402 τισι
1180 1349 1272 1402 καὶ
1316 1349 1410 1404 νῦν
1443 1352 1501 1405 οῦ
1530 1351 1961 1423 γινωσκομέναις

376 1437 505 1506 ἡμῖν
536 1435 852 1501 εὐπαθείαις
885 1438 1348 1510 ηὐτρεπισμένην.

447 1605 657 1659 Οὐκοῦν
682 1607 731 1659 oi
763 1607 970 1677 λογικοὶ
1000 1608 1330 1673 κτισθέντες,
1359 1610 1451 1663 καὶ
1478 1609 1569 1662 τὸν
1591 1608 1714 1663 νοῦν
1748 1609 1958 1680 ἔχοντες

375 1695 483 1749 τῶν
512 1695 670 1750 θείων
698 1698 940 1769 ἑρμηνέα
983 1700 1076 1752 καὶ
1101 1699 1414 1771 παιδευτὴν,
1451 1700 1523 1771 μὴ
1550 1703 1662 1764 τοῖς
1693 1702 1957 1773 προσκαί-

2134 984 2289 1040 Nunc
2306 986 2528 1056 quidem
2560 986 2879 1056 praeclaram
2915 1000 3090 1056 spem,
3113 991 3168 1039 et
3199 983 3401 1039 laetitiae
3427 983 3640 1052 plenam

2061 1078 2559 1145 exspectationem;
2594 1087 2719 1148 post
2751 1084 2932 1131 autem
2970 1075 3191 1147 quando
3230 1074 3390 1129 istius
3422 1072 3644 1127 assidue

2060 1164 2282 1222 fluentis
2309 1169 2494 1223 carnis
2534 1168 2724 1238 spoliis
2755 1168 2904 1222 exuti
2940 1165 3409 1221 immortalitatem
3453 1163 3645 1217 indue-

2062 1257 2258 1323 rimus,
2311 1259 2478 1313 vitam
2525 1258 2762 1325 beatam,
2822 1258 3031 1312 nullum
3092 1255 3253 1309 finem
3309 1253 3642 1313 habituram,

2062 1349 2231 1405 nullis
2267 1350 2428 1405 malis
2455 1350 2775 1414 obnoxiam,
2804 1350 2861 1403 in
2904 1347 3135 1404 smnmis
3177 1355 3233 1401 et
3282 1342 3643 1405 admirandis,

2060 1456 2293 1512 Quaeque
2326 1442 2414 1497 hic
2469 1459 2498 1497 a
2544 1444 2703 1497 nobis
2744 1442 3057 1513 cognitione
3093 1435 3481 1507 comprehendi
3533 1449 3643 1488 non

2058 1540 2312 1602 possunt,
2348 1543 2658 1589 versantem
2693 1533 2906 1603 gaudiis
2932 1540 2988 1587 et
3030 1529 3424 1600 voluptatibus.

2131 1623 2243 1682 Vos
2278 1625 2467 1696 igitur,
2496 1627 2590 1697 qui
2624 1626 2836 1681 ratione
2860 1623 3095 1695 praediti,
3133 1630 3188 1676 et
3221 1629 3402 1675 mente
3457 1633 3640 1673 rerum

2057 1714 2368 1770 divinarum
2400 1718 2699 1787 interprete
2727 1731 2790 1770 ac
2814 1716 3077 1786 niagistra
3113 1712 3357 1766 decorati
3388 1711 3543 1772 estis,
3581 1724 3647 1760 ne

377 1805 493 1858 ροις
519 1787 861 1859 δελεασθῆτε.
908 1790 1194 1860 Κτήσασθε
1218 1791 1275 1844 δὲ
1300 1790 1367 1844 τά
1396 1791 1664 1862 μηδέποτε
1691 1792 1955 1862 καταλιμ-

2070 1807 2310 1877 {quaeso}
2338 1822 2433 1861 vos
2475 1822 2656 1861 rerum
2697 1806 2969 1860 fluxarum
3015 1813 3068 1857 et
3108 1802 3446 1856 caducarum
3495 1797 3647 1850 blan-

374 1878 616 1932 πάνοντα
652 1879 741 1931 τὸν
788 1881 1127 1951 κτησάμενον
1152 1897 1163 1911 ·
1212 1880 1430 1951 ὁρίσατέ
1467 1882 1641 1953 μέτρα
1666 1886 1730 1954 τῇ
1763 1886 1955 1961 χρήσει

373 1969 468 2022 τοῦ
500 1968 636 2038 βίου.
672 1968 761 2041 Μὴ
807 1971 987 2024 πάντα
1020 1972 1263 2045 ὑμέτερα
1291 1989 1305 2004 ο
1335 1971 1469 2026 ἀλλά
1501 1975 1662 2044 μέρος
1691 1974 1830 2028 έστω
1862 1977 1956 2029 καὶ

371 2064 482 2116 τῶν
530 2064 778 2135 πενήτων
830 2063 939 2116 τῶν
970 2065 1269 2133 ἀγαπητῶν
1302 2064 1397 2118 τοῦ
1433 2065 1587 2120 Θεοῦ.
1637 2066 1824 2121 Πάντα
1849 2067 1955 2139 γὰρ

372 2155 470 2209 τοῦ
498 2155 636 2209 Θεοῦ
677 2155 768 2209 τοῦ
802 2155 980 2210 κοινοῦ
1012 2158 1240 2229 Πατρός.
1295 2158 1485 2228 Ἡμεῖς
1518 2157 1574 2210 δὲ
1622 2158 1842 2227 ἀδελφοὶ
1882 2159 1956 2223 ὡς

370 2245 654 2315 ὁμόφυλοι·
672 2245 934 2315 ἀδελφοὺς
952 2246 1026 2312 δὲ,
1045 2248 1104 2300 τὸ
1128 2250 1225 2317 μὲν
1248 2249 1465 2320 ἄριστον
1482 2249 1575 2302 καὶ
1600 2249 1955 2320 δικαιότερον,

373 2328 498 2392 κατ’
536 2337 836 2407 ἰσομοιρίαν
870 2337 1156 2408 λαγχάνειν
1203 2338 1296 2391 τοῦ
1331 2339 1551 2411 κλήρου.
1615 2340 1703 2392 Ἐν
1729 2340 1784 2391 δὲ
1809 2338 1957 2404 τάξει

370 2426 626 2499 δευτέρᾳ,
673 2427 773 2481 κᾶν
800 2428 860 2481 τὸ
889 2428 1048 2481 πλέον
1082 2423 1218 2501 εἴςῆ
1251 2428 1501 2501 δεύτερος
1548 2430 1954 2500 σφετερίσηται,

371 2518 436 2570 τὸ
462 2516 594 2586 γοῦν
626 2518 789 2590 μέρος
816 2519 1223 2590 κερδανέτωσαν
1246 2523 1295 2574 oi
1328 2520 1659 2592 λειπόμενοι.
1693 2521 1755 2574 Et
1785 2522 1842 2575 δέ
1872 2540 1955 2585 τις

372 2610 609 2664 καθόλου
652 2610 840 2683 κύριος
869 2606 1010 2666 εἶναι
1043 2611 1152 2665 τῶν
1186 2612 1403 2667 πάντων
1433 2613 1625 2679 ἐθέλοι,
1671 2615 1762 2667 καί
1786 2613 1955 2684 αὐτῆς

372 2702 473 2771 τῆς
518 2703 770 2774 τρίτηςῆ
809 2704 1067 2774 πέμπτης
1113 2706 1307 2776 μοίρας
1338 2705 1598 2776 ἐξείργων
1641 2706 1765 2768 τοὺς
1807 2704 1961 2757 ἀδελ-

374 2794 533 2865 φοὺς,
557 2786 711 2858 οὗτος
740 2796 934 2866 πικρὸς
964 2795 1245 2866 τύραννος,
1286 2797 1557 2870 βάρϐαρος
1589 2797 1958 2861 ἀδιάλλακτος,

374 2887 564 2959 θηρίον
593 2887 896 2958 ἄπληστον,
936 2889 1094 2958 μόνον
1126 2889 1298 2959 ἡδέως
1344 2891 1658 2959 περιχαῖνον
1687 2891 1753 2959 τῇ
1788 2888 1959 2961 θοίνῃ,

378 2979 581 3049 μᾶλλον
606 2980 665 3033 δὲ
712 2981 804 3034 καὶ
849 2979 1030 3034 αὐτῶν
1060 2981 1393 3052 ἀγριώτερος
1417 2982 1525 3035 τῶν
1556 2981 1759 3052 θηρίων
1785 2999 1798 3013 ⁸
1847 2980 1961 3050 εἴγε

373 3070 540 3135 λύκος
566 3072 663 3142 μὲν
685 3073 776 3126 τὸν
800 3072 963 3126 λύκον
983 3074 1063 3136 εἰς
1086 3072 1251 3145 βορὰν
1280 3074 1664 3144 παραδέχεται,
1689 3074 1782 3125 καὶ
1802 3073 1962 3136 κύνες

2055 1897 2205 1954 ditiis
2230 1898 2472 1963 deliniri,
2500 1907 2554 1952 et
2586 1904 2848 1968 tanquam
2884 1910 3008 1952 esca
3042 1894 3174 1948 illici
3205 1904 3261 1948 et
3307 1892 3429 1961 capi
3471 1890 3646 1959 patia-

2055 1986 2210 2040 mini.
2263 1984 2706 2058 Complectimini
2755 2001 2904 2049 eum,
2971 1985 3067 2053 qui
3147 1981 3521 2052 possidentem
3589 1995 3648 2033 se

2057 2092 2333 2146 nunquam
2364 2085 2447 2132 est
2490 2076 2891 2142 derelicturus;
2939 2074 3068 2129 usui
3105 2073 3233 2127 vita:
3274 2071 3492 2125 modum
3542 2070 3645 2122 im-

2058 2167 2262 2238 ponite.
2298 2167 2376 2223 Ne
2400 2168 2584 2222 omnia
2628 2174 2812 2223 vestra
2837 2165 3173 2222 existimate.
3213 2162 3296 2217 Sit
3328 2176 3457 2231 pars
3482 2160 3646 2214 etiam

2059 2274 2381 2331 pauperum,
2417 2267 2471 2314 et
2504 2261 2810 2313 amicorum
2848 2257 2967 2312 Dei.
3002 2254 3156 2311 Illius
3188 2255 3334 2310 enim
3361 2267 3488 2308 vere
3519 2257 3650 2307 sunt

2057 2353 2265 2418 omnia,
2301 2367 2463 2422 quem
2492 2351 2761 2406 habemus
2793 2348 3034 2406 Patrem.
3066 2347 3180 2403 Nos
3216 2353 3399 2400 autem
3448 2344 3650 2398 fratres

2060 2459 2270 2498 sumus.
2301 2442 2649 2513 Quapropter
2684 2450 2742 2498 ut
2772 2457 2973 2513 genere
2995 2440 3325 2511 conjunctos
3357 2452 3421 2491 ac
3451 2437 3652 2491 fratres

2059 2535 2259 2591 melius
2322 2535 2545 2605 quidem
2603 2550 2668 2589 ac
2721 2534 2930 2604 justius
2991 2540 3111 2590 erat
3168 2531 3342 2601 aequis
3400 2526 3654 2598 partibus

2059 2638 2285 2679 cernere
2339 2625 2752 2680 hmreditatem:
2816 2638 3005 2680 verum
3072 2620 3296 2692 quando
3338 2620 3388 2673 id
3448 2618 3652 2672 factum

2062 2730 2174 2769 non
2207 2722 2312 2777 est,
2343 2715 2438 2770 sed
2473 2730 2616 2770 unus
2649 2721 2744 2768 aut
2774 2714 2913 2769 alter
2935 2713 3060 2783 plus
3087 2710 3419 2773 intervertit,
3453 2707 3654 2776 reliqui

2062 2815 2268 2877 partem
2309 2821 2474 2860 unam
2514 2805 2707 2861 saltem
2738 2804 3051 2874 accipiant:
3090 2801 3237 2872 quod
3281 2801 3327 2854 si
3362 2800 3487 2870 quis
3534 2814 3653 2851 om-

2075 2900 2228 2951 nium
2260 2912 2484 2967 prorsus
2513 2912 2636 2952 esse
2670 2896 2929 2951 dominus
2961 2903 3014 2951 et
3049 2894 3361 2948 universam
3391 2890 3505 2944 vult
3547 2895 3654 2943 tue-

2062 2989 2352 3045 reditatem
2388 2996 2661 3055 avertere,
2692 2996 2746 3043 et
2789 2987 2954 3041 tertia
2993 2992 3087 3039 aut
3124 2983 3315 3053 quinta
3350 2988 3504 3051 parte
3545 2978 3654 3031 fra-

2065 3087 2175 3135 tres
2224 3079 2541 3143 excludere,
2594 3080 2685 3134 ille
2745 3077 2915 3132 frater
2947 3092 3053 3132 non
3087 3082 3192 3140 est,
3257 3073 3350 3129 sed
3414 3071 3649 3125 acerbus

374 3164 437 3215 ὲν
462 3162 646 3234 ταὺτῷ
682 3164 866 3218 πολλοὶ
897 3164 955 3218 ἓν
988 3165 1357 3235 σπαράττουσι
1408 3164 1566 3234 σῶμα
1596 3182 1609 3196 ·
1646 3166 1674 3218 ό
1701 3165 1759 3218 δὲ
1788 3163 1960 3235 ἀπλη-

2070 3180 2358 3242 lyrannus,
2388 3170 2619 3225 immitis
2646 3171 2939 3234 barbarus,
2976 3169 3087 3223 imo
3124 3181 3256 3222 vero
3303 3162 3647 3233 inexplebilis

378 3272 507 3318 στος
536 3255 723 3310 οὐδένα
754 3257 862 3311 τῶν
885 3256 1169 3328 ὁμοφύλων
1228 3257 1308 3319 εἰς
1336 3257 1434 3326 τὴν
1468 3256 1758 3326 μετουσίαν
1786 3275 1965 3327 παρα-

376 3348 648 3419 λαμϐάνει
681 3349 775 3403 τοῦ
803 3349 1052 3404 πλούτου.
1100 3350 1286 3418 Ἀρκεῖ
1315 3365 1398 3400 σοι
1427 3348 1459 3418 ή
1494 3346 1805 3419 σύμμετρος
1832 3350 1965 3420 τρά-

378 3443 544 3508 πεζα.
577 3444 670 3515 Μὴ
707 3443 842 3515 πρὸς
868 3442 928 3495 τὸ
974 3440 1209 3508 πέλαγος
1253 3440 1353 3508 τῆς
1403 3438 1704 3491 ἀκολάστου
1736 3439 1963 3493 πανδαιυ

381 3537 506 3600 σίας
536 3537 792 3608 ὲκπέσῃς.
824 3535 1070 3589 Χαλεπὸν
1099 3534 1206 3603 γὰρ
1226 3531 1285 3585 τὸ
1310 3530 1654 3601 ἐπικείμενον
1676 3535 1956 3601 ναυάγιον,

378 3628 446 3683 ού
472 3628 697 3698 πέτραις
727 3625 1122 3699 περιρρηγνύω
1153 3623 1395 3692 ὑφάλοις,
1432 3622 1547 3675 ἀλλ’
1578 3624 1657 3685 είς
1691 3622 1750 3675 τὸ
1779 3625 1968 3688 σκότος

380 3718 617 3784 ὲξωθοῦν
661 3718 721 3771 τὸ
767 3717 1085 3787 βαθύτατον,
1120 3715 1242 3769 ὅθεν
1275 3713 1467 3768 οὔποτε
1517 3714 1546 3765 6
1590 3714 1844 3783 ἐμπεσὼν
1878 3719 1970 3771 ὲκηο

381 3811 454 3881 δή
463 3828 634 3865 σεται.

2071 3262 2203 3329 fera,
2237 3278 2358 3332 qua:
2386 3262 2558 3318 hianti
2586 3277 2682 3317 ore
2717 3262 2835 3317 sola
2865 3275 3066 3317 suaves
3092 3258 3321 3314 devoret
3344 3255 3534 3324 dapes,
3560 3252 3648 3307 vel

2072 3358 2253 3427 potius
2280 3355 2413 3425 ipsis
2440 3357 2605 3411 etiam
2643 3353 2778 3410 feris
2810 3352 3006 3410 saevior
3036 3359 3091 3408 et
3136 3347 3447 3420 agrestior;
3480 3344 3657 3414 siqui-

2071 3449 2192 3503 dem
2223 3456 2279 3503 et
2319 3448 2483 3517 lupus
2518 3446 2587 3501 ad
2631 3443 3004 3501 devorandam
3048 3440 3288 3513 pratdam
3325 3438 3513 3506 lupum
3551 3433 3669 3489 sibi.

2074 3538 2285 3595 socium
2310 3537 2578 3608 adjungit,
2612 3545 2664 3593 et
2682 3550 2851 3592 canes
2873 3534 3032 3589 multi
3062 3543 3461 3598 nonnunquam
3493 3526 3665 3581 simul.

2075 3628 2217 3686 idem
2255 3620 2523 3684 dilaniant
2553 3642 2776 3697 corpus.
2817 3627 2885 3681 At
2934 3625 3040 3680 iste
3073 3622 3391 3678 divitiarum
3434 3630 3660 3672 suarum

2075 3719 2284 3774 nullum
2315 3718 2564 3789 ejusdem
2586 3717 2805 3790 generis
2829 3715 3111 3771 hominem
3146 3709 3471 3784 participem
3507 3707 3657 3762 facit.

2077 3811 2353 3867 Moderata
2395 3826 2583 3866 mensa
2615 3809 2825 3865 sufficit
2865 3808 2985 3865 tibi.
3020 3804 3102 3862 Ne
3140 3814 3194 3860 te
3222 3804 3281 3858 in
3330 3801 3463 3856 illud
3502 3800 3661 3853 luxu-

382 3906 481 3961 riae
511 3907 734 3976 pelagus
787 3905 1082 3971 demittas,
1119 3911 1179 3957 ut
1233 3903 1481 3958 convivia
1538 3904 1686 3958 omni
1753 3918 1951 3972 genere
1988 3906 2238 3963 ciborum
2271 3909 2542 3963 instructa
2601 3905 2759 3962 velis.
2825 3903 2944 3959 lllic
3012 3900 3161 3957 enim
3216 3911 3380 3969 grave
3439 3890 3662 3949 naufra-

381 3996 532 4068 gium
566 3996 642 4060 tit,
675 4011 785 4065 quo
823 4009 932 4049 non
960 3993 1197 4061 scopulis
1222 3993 1323 4047 sub
1361 3993 1478 4047 salo
1510 3993 1803 4049 latentibus
1832 3995 2134 4063 collideris,
2208 3999 2301 4054 sed
2368 3998 2425 4052 in
2478 3997 2806 4053 altissimam
2855 4001 2908 4051 et
2977 3988 3430 4049 obscurissimam
3503 3998 3661 4039 vora-

381 4088 565 4159 ginem
595 4086 925 4145 detruderis,
957 4086 1011 4138 in
1046 4099 1210 4154 quam
1236 4085 1325 4154 qui
1365 4084 1533 4138 semel
1568 4086 1781 4151 incidit,
1814 4102 2095 4157 nunquam
2125 4100 2389 4162 emerget.

455 4179 694 4250 Χρῆσαι,
728 4177 803 4249 μὴ
835 4177 1167 4251 παραχρήσῃ
1190 4195 1205 4208 ·
1254 4175 1411 4229 τοῦτο
1443 4175 1550 4246 γάρ
1580 4191 1638 4228 σε
1684 4177 1776 4229 καὶ¹
1813 4176 1969 4230 Παῦ-

383 4273 477 4334 λος
509 4268 764 4335 ἐδίδαξεν.
800 4268 959 4330 "Ave;
1002 4267 1195 4324 σαυτὸν
1224 4265 1520 4319 ἀπολαύσει
1557 4267 1966 4339 μεμετρημένῃ.

385 4363 480 4432 Μὴ
512 4359 816 4432 βακχεύσῃς
844 4360 963 4422 ταῖς
991 4358 1220 4429 ἡδοναῖς.
1252 4357 1343 4427 Μὴ
1370 4357 1582 4410 πάντων
1610 4356 1794 4419 ἁπλῶς
1816 4356 1968 4421 ζώων

385 4451 608 4522 ὄλεθρος
653 4450 765 4512 ἔσο,
812 4448 1181 4520 τετραπόδων,
1232 4448 1503 4518 μεγάλων,
1555 4444 1787 4518 μικρῶν,
1824 4448 1969 4519 ὀρνί-

386 4543 517 4607 θων,
548 4541 765 4612 ίχθύων,
789 4539 897 4594 τῶν
925 4539 1283 4610 εὐπορίστων,
1315 4537 1422 4593 τῶν
1454 4537 1716 4601 σπανίων,
1746 4538 1855 4591 τῶν
1882 4540 1972 4591 εὑ-

386 4632 564 4697 ὠνων,
596 4633 706 4686 τῶν
737 4631 1067 4701 πολυτίμων.
1105 4631 1196 4699 Μὴ
1231 4630 1440 4684 πολλῶν
1473 4629 1750 4701 θηρευτῶν
1797 4631 1977 4702 ἱδρῶτι

390 4725 522 4796 μίαν
554 4723 759 4794 πλήρου
802 4722 1043 4793 γαστέρα
1068 4763 1083 4787 ,
1132 4721 1321 4792 ῶσπερ
1372 4739 1425 4774 τι
1468 4722 1642 4792 φρέαρ
1679 4721 1976 4792 βαθύτατον

387 4815 707 4887 πολυχειρίᾳ
729 4814 839 4868 τῶν
862 4814 1173 4886 χωννύντων
1208 4813 1283 4884 μὴ
1311 4813 1691 4883 γεμιζόμενον.
1722 4814 1819 4867 Διά
1848 4816 1975 4879 τοὺς

386 4909 711 4979 τρυφῶντας
744 4908 867 4962 οὐδὲ
898 4910 928 4961 6
972 4907 1129 4977 βυθὸς
1162 4909 1257 4977 τῆς
1290 4905 1564 4977 θαλάσσης
1623 4906 1976 4976 ἀνενόχλητος

391 5002 566 5074 μένει.
583 5002 718 5056 Οὐδὲ
741 5002 819 5071 τῷ
847 5001 999 5056 ὕδατι
1018 4998 1303 5069 νηχόμενοι
1324 4997 1523 5068 ἰχθύες,
1547 4998 1696 5068 μόνοι
1718 4997 1974 5069 ἀγρεύον-

319 5152 331 5175 ,δ
388 5112 502 5158 ται,
550 5095 687 5149 ἀλλά
734 5096 827 5149 καί
866 5094 967 5148 ὅσα
1008 5092 1168 5147 ἄθλια
1214 5089 1329 5155 ζῶα
1376 5093 1439 5162 τῇ
1498 5091 1825 5165 ὑποστάθμῃ
1868 5092 1976 5146 τῶν

390 5188 600 5242 ὑδάτων
629 5185 1095 5259 ὲμφέρεται,.καὶ
1137 5183 1309 5237 ταῦτα
1341 5182 1479 5253 πρὸς
1499 5182 1597 5254 τὴν
1629 5184 1855 5255 ἤπειρον
1883 5184 1978 5238 καὶ

387 5277 486 5332 τὸν
532 5277 670 5348 ἀέρα
717 5276 904 5330 τοῦτον
960 5274 1258 5340 ὲξέλκεται.
1320 5271 1505 5335 Οὕτως
1567 5272 1637 5326 τά
1688 5273 1820 5344 γένη
1866 5273 1976 5329 τῶν

388 5367 629 5439 ὀστρέων
677 5369 779 5422 οὐκ
822 5366 1001 5431 ἔλαθε,
1035 5365 1129 5420 καὶ
1160 5365 1187 5417 ὁ
1225 5365 1401 5434 ἐχῖνος
1461 5363 1778 5431 ἀγρεύεται,
1814 5364 1908 5416 καὶ
1939 5366 1973 5435 ἡ

393 5455 568 5527 σηπία
610 5456 852 5526 ἕρπουσα
897 5454 1275 5527 σαγηνεύεται,
1326 5452 1421 5507 καὶ
1453 5453 1481 5505 6
1526 5451 1800 5515 πολύπους
1849 5457 1968 5517 ταῖς

390 5549 621 5618 πέτραις
643 5546 1043 5618 προσπεφυκὼς
1064 5548 1394 5611 ἀποσπᾶται,
1433 5546 1525 5601 καὶ
1553 5547 1602 5598 οἱ
1632 5543 1839 5615 κοχλίαι
1860 5545 1968 5599 τῶν

391 5641 725 5699 κατωτάτων
776 5639 953 5709 βυθῶν
998 5639 1360 5711 ἁποσύρονται
1382 5658 1396 5671 ·
1450 5640 1543 5694 καὶ
1610 5638 1786 5692 πάντα
1838 5638 1971 5709 γένη

478 5823 547 5878 ει
583 5823 708 5880 Cor.
753 5839 848 5889 vn,
884 5824 938 5877 S.

2147 4182 2312 4239 Utere
2346 4184 2532 4255 igitur,
2559 4190 2735 4244 utere,
2768 4195 2838 4235 ne
2865 4176 3112 4233 abutaris
3143 4194 3156 4229 :
3184 4175 3265 4231 sic
3291 4173 3434 4229 enim
3460 4169 3662 4224 Paulus

2074 4274 2238 4329 etiam
2289 4275 2511 4330 edocuit
2535 4275 2575 4327 ⁸.
2629 4271 2873 4327 Modesta
2922 4266 3289 4325 oblectatione
3338 4272 3394 4318 te
3447 4275 3657 4317 recrea.

2074 4366 2467 4436 Temperanter
2517 4365 2762 4420 animum
2802 4363 3007 4418 relaxa.
3069 4358 3150 4415 Ne
3206 4367 3260 4414 te
3314 4355 3526 4413 delicia:
3582 4353 3662 4408 sic

2073 4459 2331 4521 obruant,
2379 4464 2440 4511 ut
2478 4454 2645 4510 nimia
2676 4452 2860 4508 laetitia
2894 4450 3121 4523 gestias,
3171 4456 3225 4504 et
3268 4446 3480 4502 insanis
3507 4443 3658 4500 volu-

2081 4550 2325 4621 ptatibus
2385 4547 2762 4603 debaccheris.
2832 4543 2910 4599 Ne
2962 4543 3041 4599 sis
3114 4540 3433 4596 animalium
3504 4537 3662 4606 plane

2084 4643 2328 4698 omnium
2352 4641 2644 4712 pernicies,
2684 4639 3012 4709 ingentium,
3042 4633 3432 4696 mediocrium,
3481 4631 3664 4683 minu-

2084 4742 2284 4801 torum,
2337 4730 2727 4803 gradientium,
2785 4727 3111 4788 volantium,
3163 4721 3499 4782 natantium,
3552 4717 3665 4771 sive

2082 4824 2306 4878 inventu
2344 4820 2551 4886 facilia,
2585 4820 2702 4875 sive
2740 4817 2980 4875 difficilia
3017 4817 3149 4880 sint,
3183 4827 3279 4869 seu
3332 4823 3531 4879 magno
3566 4822 3665 4861 seu

2085 4914 2177 4969 vili
2225 4913 2402 4984 pretio
2446 4918 2703 4967 veneant.
2752 4909 3049 4964 Multorum
3106 4901 3420 4961 venantium
3464 4898 3666 4955 sudore

2080 5012 2324 5060 ventrem
2356 5019 2526 5059 unum
2558 5018 2625 5057 ne
2663 5003 2898 5073 repleas.
2939 4998 3016 5054 Ne
3056 4998 3167 5052 sint
3201 4994 3389 5048 fauces
3416 4997 3523 5045 tuae
3563 5004 3657 5043 ve-

2076 5097 2177 5151 luti
2223 5110 2426 5165 vorago
2450 5135 2466 5161 ,
2506 5102 2600 5147 aut
2639 5108 2861 5164 gurges,
2913 5097 3008 5143 aut
3048 5083 3400 5142 vastissimus
3446 5095 3509 5133 ac
3537 5093 3663 5149 pro-

2075 5186 2441 5242 fundissimus
2490 5194 2712 5255 puteus,
2761 5181 2830 5236 ad
2878 5193 3039 5249 quem
3074 5171 3415 5231 obruendum
3462 5169 3665 5224 multo-

2071 5293 2194 5335 rum
2232 5278 2479 5332 laborent
2512 5289 2730 5330 manus.
2785 5270 3015 5342 Pr0pter
3057 5266 3338 5323 hominum
3383 5259 3660 5319 luxuriam

2072 5379 2238 5441 atque
2272 5368 2522 5431 delicias,
2556 5382 2669 5422 non
2710 5364 2876 5420 modo
2910 5376 3062 5416 mare
3100 5355 3436 5429 profundum
3469 5353 3663 5407 turba-

2076 5469 2201 5527 tur;
2234 5475 2345 5515 non
2370 5459 2531 5529 aquis
2560 5459 2737 5513 solum
2774 5457 3085 5509 innatantes
3113 5448 3408 5519 capiuntur
3434 5446 3614 5517 pisces
3639 5461 3656 5509 ;

2080 5555 2176 5607 sed
2230 5552 2357 5614 alia,
2415 5563 2759 5619 quaecunque
2809 5544 3065 5600 animalia
3113 5543 3170 5597 in
3221 5539 3381 5611 aquis
3435 5538 3675 5608 degunt,

2082 5642 2210 5698 inde
2252 5642 2306 5696 in
2375 5648 2577 5695 terram
2640 5646 2694 5694 et
2730 5636 2931 5693 caelum
2970 5635 3078 5691 hoc
3131 5630 3518 5690 extrahuntur.
3569 5624 3662 5683 Sic
