4026 6436
311 411 409 472 ait}?
1555 426 1613 482 S.
1655 424 1984 482 GREGORII
2041 423 2334 480 N\SSENI
3484 429 3595 485 ισε

312 551 624 599 ostreorum
659 559 864 616 genera.
901 558 1011 599 non
1046 545 1355 617 latuerunt;
1397 549 1478 604 sic
1515 557 1708 618 captus
1741 547 1891 604 echi-
1919 602 1922 610 η

2029 545 2168 608 (bow,
2194 545 2296 599 ὅσα
2335 546 2448 607 τοῖς
2479 545 2577 614 τῆς
2622 543 2940 614 ἐπιφανείας
2967 542 3206 614 κύμασιν
3259 545 3591 616 ἐπινήχεται,

314 649 450 701 nuc;
487 635 566 690 sic
597 643 879 705 serpentes
913 635 1138 691 irretitus
1168 645 1297 691 sunt
1324 638 1520 708 sepiae;
1556 639 1636 692 sic
1661 637 1894 708 polypus

2028 638 2094 690 ιαὶ
2119 639 2219 690 ὅσα
2245 637 2334 690 τὸν
2374 637 2624 706 πυθμένα
2667 637 2767 708 τῆς
2799 635 3078 708 θαλάσσης
3107 637 3268 707 ἔλαχε
3298 641 3596 703 κατοικεῖν,

315 724 466 779 saxis
484 725 686 794 quibus
719 725 1019 782 inhaerebat
1048 727 1295 794 avulsus;
1320 727 1403 784 sic
1434 743 1498 781 ex
1521 727 1656 782 locis
1688 727 1894 782 altissi-

2028 730 2140 804 ιρδς
2165 729 2261 782 τὸν
2288 729 2426 801 ἀέρα
2455 727 2642 783 τοῦτον
2674 729 2989 798 ἐκφέρεται,
3025 730 3124 800 τῆς
3152 727 3263 781 τῶν
3297 729 3598 798 φιληδόνων

313 815 420 871 mis
456 824 702 871 extracta
731 817 1044 889 conchylia.
1072 817 1290 874 Nullum
1313 818 1549 888 denique
1577 825 1660 872 est
1687 816 1898 871 anima-

2028 819 2260 892 ιηχανῆς
2311 817 2530 873 ποικίλα
2577 821 2697 872 κατ’
2731 817 2954 871 ἐκείνων
2985 817 3350 888 σοφιζομένης
3395 817 3464 871 τὰ
3499 817 3596 888 δή..

313 905 450 960 lium
496 922 692 977 genus,
719 907 868 963 a'xod
920 909 1002 962 vel
1041 923 1306 972 summas,
1335 910 1417 966 vel
1465 908 1684 962 intimas
1714 917 1902 977 partes
2010 926 2204 984 ρατρα.

315 998 487 1054 maris
516 1000 742 1066 incom,
808 1001 954 1072 quod
1003 1017 1113 1058 non
1181 1002 1422 1057 humana
1465 1003 1616 1058 fraus
1653 1002 1974 1072 deceptum,
2008 1006 2074 1060 ad
2123 1007 2266 1062 hanc
2299 1007 2422 1062 caeli
2475 1007 2652 1060 lucem
2700 1005 3074 1075 aspiciendam
3119 1004 3401 1058 eduxerit.
3449 1003 3600 1057 Adeo

316 1091 603 1147 hominum
647 1094 956 1165 voluptates
1007 1095 1250 1166 undique
1297 1095 1638 1166 captantium
1687 1096 1906 1166 ingenia
1941 1097 2007 1151 ad
2035 1100 2218 1156 varias
2242 1099 2472 1154 insidias
2499 1107 2554 1153 et
2583 1096 2741 1153 dolos
2801 1096 3160 1166 reperiendos
3219 1097 3596 1150 elaborarunt.

389 1179 498 1236 Sed
525 1183 838 1253 qualianam
881 1185 1106 1250 delicias
1138 1186 1408 1254 ejusmodi
1443 1185 1900 1257 consequuntur?

2069 1183 2171 1244 Οἷα
2199 1190 2255 1244 δὲ
2297 1191 2386 1244 καὶ
2413 1189 2483 1244 τὰ
2530 1187 2657 1258 ἑξῆς
2690 1186 2799 1240 τῶν
2832 1185 3167 1258 τρυφώντων
3195 1204 3209 1252 ;
3259 1187 3600 1256 Ἐπάναγκες

317 1270 555 1329 Necesse
601 1281 686 1328 est
733 1283 791 1329 ut
835 1275 1076 1344 luxuria,
1114 1277 1204 1332 ubi
1234 1277 1401 1334 semel
1447 1275 1666 1333 radices
1702 1278 1898 1346 egerit,

2028 1281 2105 1354 ’ὰρ
2131 1281 2235 1353 τὴν·
2263 1280 2481 1342 κακίαν,
2511 1280 2646 1332 ὅπου
2679 1280 2798 1332 ποτ’
2835 1278 2900 1332 ἂν
2935 1279 2971 1349 ἡ
3011 1278 3165 1340 νόσος
3193 1277 3464 1349 ἐνσκήψῃ,
3499 1279 3599 1340 τὰς

318 1372 374 1419 et
421 1365 706 1431 coaluerit,
759 1367 1030 1438 reliquam
1085 1384 1272 1424 secum
1317 1369 1578 1440 nequitia:
1612 1369 1900 1424 materiam

2028 1373 2325 1438 ικολούθους
2371 1373 2504 1436 ὔλας
2554 1370 2904 1442 ἐφέλκεσθαι.
2963 1369 3055 1424 Διὸ
3085 1371 3178 1424 καὶ
3209 1371 3258 1423 οί
3292 1369 3389 1441 τὴν
3429 1369 3602 1442 ἁϐρο-

319 1456 522 1511 trahat.
547 1457 940 1526 Quamobrem,
975 1459 1069 1530 qui
1099 1459 1344 1515 molliter
1367 1467 1422 1515 et
1459 1459 1696 1516 delicate
1717 1459 1902 1515 vivere

2031 1465 2196 1518 ίαιτον
2250 1465 2343 1518 καὶ
2395 1461 2762 1532 Συϐαριτικὴν
2809 1459 3236 1532 παρατιθέμενοι
3288 1460 3598 1531 τράπεζαν,

319 1547 700 1614 instituerunt,
745 1553 1070 1608 necessario
1101 1551 1166 1606 ad
1207 1550 1604 1622 cxcogitandos
1647 1550 1900 1623 magniﬁ-

2028 1557 2256 1610 ὶλκονται
2286 1555 2422 1626 πρὸς
2465 1553 2714 1620 ἀνάγκην
2745 1552 2825 1614 είς
2863 1550 3209 1614 κατασκευὰς
3245 1549 3614 1622 μεγαλοφυῶν.

322 1653 418 1693 eos
448 1639 806 1696 azditiciorum
835 1650 1134 1712 apparatus
1169 1640 1510 1696 alliciuntur.
1543 1638 1600 1695 In
1639 1639 1728 1696 bis
1764 1653 1900 1694 cor.-

2028 1643 2474 1714 ιίκοδομημάτων,
2505 1641 2598 1694 καὶ
2632 1639 2730 1711 τὴν
2775 1639 2974 1710 πολλὴν
3001 1640 3262 1712 εὐπορίαν
3290 1637 3604 1695 δαπανῶσιν

322 1730 606 1787 struendis
653 1739 708 1787 et
754 1731 1088 1788 exernandis
1129 1732 1367 1786 maxima
1417 1732 1503 1786 vis
1535 1727 1898 1801 pecuniarum

2028 1737 2086 1800 ,ίς
2120 1734 2346 1806 μέγεθος
2380 1735 2544 1787 οἴκων
2573 1733 2666 1786 καὶ
2705 1731 2909 1802 κόσμον
2953 1731 3266 1802 περίεργον.
3323 1731 3447 1785 Ἐπὶ
3479 1730 3602 1784 τού-

323 1819 702 1890 prol'unditur.
731 1820 812 1874 Ad
840 1821 955 1876 haec
986 1831 1162 1878 curtus
1193 1823 1476 1877 hominum
1509 1822 1746 1878 libenter
1771 1837 1906 1876 con-

323 1917 543 1977 vocant,
579 1920 633 1966 et
680 1913 934 1976 invitant,
983 1913 1324 1982 splendidam
1359 1922 1562 1969 restem
1600 1924 1654 1968 et
1697 1913 1904 1968 variam

321 2003 714 2070 supellectilem
760 2003 1007 2062 studiose
1047 2015 1389 2075 comparant.
1427 2003 1648 2060 Mensas
1695 2005 1904 2074 pretio-

322 2092 574 2148 sissimas
604 2108 669 2148 ex
701 2104 932 2166 argento
963 2095 1286 2152 eonﬂandas
1319 2104 1538 2162 curant,
1581 2095 1716 2150 alias
1762 2095 1910 2150 lacri-

324 2192 434 2238 tate
485 2185 812 2255 p'olitissime
877 2196 1211 2258 exaequatus,
1277 2187 1414 2242 alias
1476 2202 1610 2243 vero
1674 2185 1910 2241 artiﬁcio

323 2273 578 2344 sculptas
603 2282 658 2330 et
694 2274 1048 2344 labrefactas,
1093 2286 1151 2332 ut
1179 2279 1339 2333 liceat
1370 2277 1620 2332 convivis
1651 2276 1814 2331 simul
1857 2282 1912 2330 et

324 2367 508 2434 gulam
538 2367 715 2436 epulis
745 2367 998 2435 delinire,
1031 2379 1084 2424 et
1113 2370 1306 2425 oculos
1333 2367 1610 2424 intuendis
1649 2377 1704 2422 et
1731 2367 1911 2437 legen-

323 2456 413 2512 dis
460 2457 708 2516 historiis
767 2460 1064 2516 oblectare.
1129 2458 1228 2515 llic
1287 2460 1424 2514 mihi
1483 2460 1746 2530 deinceps
1795 2465 1914 2513 tute

323 2547 537 2618 reliqum
582 2550 893 2616 considera,
929 2560 1196 2616 crateras,
1233 2549 1504 2620 tripodas,
1547 2551 1738 2612 cados,
1781 2557 1908 2620 gut-

325 2641 534 2706 turnia,
593 2643 802 2710 lances,
844 2644 1265 2702 innumerabilia
1317 2643 1642 2712 poculorum
1690 2657 1912 2712 genera,

326 2746 574 2800 scurras,
593 2735 812 2802 mimos,
829 2735 1167 2797 citharistas,
1189 2742 1402 2805 poetas,
1423 2741 1697 2799 oratores,
1723 2739 1916 2788 canto-

326 2841 439 2894 res,
463 2826 813 2892 cantatrices,
845 2827 1157 2890 saltatores,
1189 2824 1524 2890 saltatrices,
1553 2831 1728 2879 totum
1760 2821 1916 2878 deni-

328 2934 436 2990 que
479 2919 796 2990 petulantiae
827 2919 1052 2986 ludum;
1086 2926 1287 2989 pueros
1328 2919 1510 2974 comis
1546 2915 1914 2977 etTeminatos,

328 3011 543 3083 puellas
559 3011 981 3078 inverecundas,
996 3026 1134 3082 quas
1149 3018 1370 3081 propter
1385 3009 1792 3064 immodestiam
1811 3023 1920 3062 me-

2007 1843 2141 1891 τοις,
2173 1825 2268 1888 τὰς
2299 1823 2514 1888 κλισίας
2544 1822 2946 1892 φιλοκαλοῦσιν,
2993 1822 3224 1894 ἐσθῆτος
3253 1823 3474 1893 ἀνθινῆς
3507 1823 3606 1876 καὶ

2009 1916 2202 1987 πάσης·
2234 1912 2660 1983 πεποικιλμένης
2704 1909 3055 1982 πληροῦντες.
3095 1910 3386 1983 Τραπέξας
3436 1910 3602 1965 πολυ-

2009 2008 2306 2070 ταλάντους
2351 2005 2592 2078 ἀργύρου
2639 2003 3018 2076 χαλκεύονται,
3067 2001 3168 2066 τὰς
3213 2002 3312 2074 μὲν
3341 2004 3420 2066 είς
3462 2002 3606 2056 λειό-

2009 2115 2180 2170 τητας
2232 2095 2609 2167 ἐληλαμένας·
2663 2093 2762 2157 τὰς
2789 2093 2849 2148 δέ
2897 2092 3325 2164 πεποικιλμένας
3373 2095 3438 2163 τῇ
3468 2091 3606 2162 γλυ-

2013 2186 2204 2256 πτικῇ,
2252 2185 2328 2247 ὡς
2371 2181 2571 2246 ἐξεῖναι
2625 2181 2762 2252 ὁμοῦ
2805 2184 2872 2253 τῇ
2908 2181 3146 2256 φάρυγγι
3220 2181 3314 2236 καὶ
3345 2181 3442 2254 τὴν
3483 2181 3616 2251 ὃψιν.

2013 2253 2334 2347 εὐωχεῖσθαι
2363 2277 2485 2338 ταῖς
2515 2273 2801 2344 ἱστορίαις.
2841 2253 3182 2342 Ἐπιλόγῖσαί
3229 2291 3320 2344 μοι
3359 2253 3427 2328 τά
3456 2273 3620 2346 ἑξῆς..

2015 2368 2324 2442 κρατῆρας,
2372 2366 2657 2440 τρίποδας,
2689 2367 2906 2433 κάδους,
2953 2367 3028 2420 τὰ
3060 2367 3267 2439 πρόχοα
3297 2367 3490 2438 σκεύη,
3536 2367 3607 2420 τὰ

2015 2460 2294 2530 όψοιρόρα,
2351 2460 2698 2531 ἐκπωμάτων
2745 2458 2878 2530 γένη
2936 2459 3142 2530 μυρία,
3189 2458 3606 2527 γελωτοποιοὺς,

2020 2551 2241 2624 μίμους,
2269 2551 2611 2623 κιθαριστάς,
2641 2549 2835 2622 ᾠδοὺς,
2868 2548 3258 2620 κομψολόγους,
3289 2549 3617 2621 μουσικοὺς..

2022 2639 2308 2708 μουσικὰς,
2343 2637 2722 2711 ὀρχηστρίδας,
2753 2637 2934 2693 πάντα
2959 2638 3060 2706 τῆς
3090 2637 3377 2707 ἀσελγείας
3399 2638 3491 2691 τὸν
3516 2640 3610 2710 δρα

2022 2729 2221 2801 μαθὸν,
2273 2731 2468 2794 παῖδας
2522 2729 2918 2802 θηλυνομένους
2980 2732 3098 2792 ταῖς
3155 2729 3384 2800 κόμαις,
3441 2729 3619 2801 κόρας

2021 2820 2288 2886 ἀναιδεῖς,
2347 2819 2582 2890 ἀδελφὰς
2640 2820 2738 2892 τῆς
2802 2819 3127 2890 ’Ἡρωδιάδος
3181 2820 3260 2882 είς
3315 2819 3610 2888 ἀκοσμίαν,

2022 2911 2354 2984 ἀναιρούσας
2390 2911 2668 2982 Ἰωάννην,
2706 2910 2800 2965 τὸν
2833 2911 2892 2964 ἐν
2922 2911 3137 2982 ἐκάστῳ
3163 2909 3370 2981 θεοειδῆ
3398 2911 3494 2966 καὶ
3521 2927 3610 2981 φι-

2020 3003 2250 3072 λόσοφον
2279 3001 2425 3058 νοῦν.
2738 2997 2742 3000 ’
2824 3024 2832 3033 ·

330 3107 440 3160 tito
479 3119 698 3161 sorores
739 3103 1067 3160 llerodiadis
1107 3103 1375 3175 appelles,
1409 3100 1704 3166 Joannem,
1775 3101 1829 3154 id
1897 3108 1982 3155 est
2023 3098 2273 3153 divinum
2324 3097 2380 3151 in
2426 3111 2794 3168 unoquoque,
2855 3096 3248 3166 sapientiaeque
3298 3093 3617 3151 studiosum

333 3203 578 3272 animum
619 3213 650 3255 e
680 3197 860 3253 medio
898 3195 1174 3252 tolientes.

403 3293 584 3362 Atque
618 3289 747 3362 dum
789 3288 904 3344 haec
933 3287 1080 3343 intus
1107 3295 1396 3358 geruntur,
1438 3282 1684 3340 assident
1719 3283 1786 3338 ad
1821 3297 1914 3336 ve-

2089 3266 2310 3329 Τούτων
2331 3275 2552 3330 πάντων
2594 3275 2690 3329 ἐπὶ
2726 3273 2821 3345 τῆς
2850 3277 3029 3340 οἰκίας
3054 3275 3410 3348 τελουμένων,
3453 3293 3638 3351 προσιε,

333 3383 524 3440 stibuli
561 3381 704 3438 fores
745 3378 1181 3435 innumerabiles
1224 3375 1445 3441 Lazari,
1477 3375 1677 3447 partim
1717 3375 1920 3430 ulceri-

331 3472 440 3528 bus
485 3469 654 3541 pleni,
702 3469 900 3540 partim
954 3466 1147 3524 oculis.
1185 3465 1389 3533 orbati,
1434 3466 1633 3534 partim
1689 3462 1921 3534 pedibus

335 3561 538 3618 mutili.
587 3559 824 3628 Quidam
879 3559 1148 3631 ipsorum,
1195 3558 1451 3630 quamvis
1508 3557 1620 3614 sint
1658 3555 1922 3611 omnibus

333 3653 453 3713 ﬁere
503 3652 770 3711 membris
824 3651 1069 3723 spoliati,
1109 3666 1330 3722 serpere
1372 3657 1569 3711 tamen.
1591 3646 1820 3712 audent,
1867 3653 1922 3701 et

333 3755 618 3818 utcunque
661 3745 1108 3817 progrediuntur.
1156 3743 1520 3810 Conclamant
1557 3747 1762 3806 autem,
1824 3753 1925 3794 nec

335 3846 521 3894 tamen
559 3833 947 3892 exaudiuntur.
981 3833 1214 3904 Impedit
1245 3833 1393 3889 enim
1421 3831 1687 3884 tibiarum
1723 3828 1924 3898 strepi-

339 3940 428 3985 tus
457 3935 512 3983 et
549 3927 822 3994 carmina,
853 3939 975 3996 quae
1007 3925 1077 3980 ab
1106 3924 1244 3996 ipsis
1266 3921 1592 3978 cantoribus
1621 3921 1928 3976 concinun-

337 4029 451 4086 tur,
485 4027 540 4076 et
573 4019 752 4075 solute
784 4017 1080 4084 ridentium
1111 4015 1484 4070 cachinnatio.
1529 4012 1686 4080 Quod
1711 4012 1756 4069 si
1789 4027 1927 4082 pau-

339 4129 501 4186 peres
533 4112 700 4185 paulo
739 4108 1123 4167 vehementius
1161 4107 1311 4163 fores
1347 4105 1710 4176 pulsaverint,
1743 4104 1926 4159 immi-

339 4207 414 4261 tis
462 4221 527 4260 ac
579 4219 760 4260 saevus
807 4199 1067 4256 alicunde
1110 4199 1406 4271 prosiliens
1449 4197 1659 4253 domini
1695 4196 1926 4266 ianitor,

341 4313 438 4365 eos
467 4297 666 4352 baculo
695 4295 972 4366 propellit,
1007 4299 1062 4350 et
1085 4307 1254 4348 canes
1281 4280 1584 4363 appellans,
1603 4289 1930 4345 verberibus

341 4388 532 4458 plagas
578 4385 772 4456 inﬂigit
823 4395 880 4442 et
937 4386 1189 4442 vulnera.
1245 4383 1463 4440 Abeunt
1511 4382 1679 4454 igitur
1723 4379 1928 4439 Christi

343 4479 529 4543 amici,
563 4479 617 4532 in
649 4479 849 4548 quibus
875 4479 980 4534 sita
1011 4486 1098 4534 est
1121 4477 1506 4534 mandatorum
1531 4491 1768 4541 summa,
1803 4490 1928 4531 cum

343 4585 446 4625 nec
476 4553 636 4640 panis
669 4569 928 4635 frustum,
975 4583 1078 4624 nec
1111 4567 1334 4623 obsonii
1362 4568 1664 4638 quidquam
1709 4582 1931 4636 accepe-

269 4697 292 4714 .
342 4661 488 4727 rint;
546 4657 643 4714 sed
687 4659 872 4728 potius
928 4659 1296 4714 contumelias
1352 4659 1408 4713 et
1459 4659 1688 4712 verbera
1732 4657 1930 4712 lucrati

345 4749 478 4805 sint.
509 4748 660 4804 lntus
689 4759 874 4802 autem
921 4749 975 4802 in
1011 4748 1226 4804 ofﬁcina
1263 4749 1607 4815 Mammonm,
1646 4749 1761 4813 alii,
1811 4757 1933 4802 tan-

344 4860 509 4918 quam
538 4843 703 4900 nimis
734 4848 936 4897 onusta
989 4841 1226 4912 navigia,
1258 4847 1551 4898 reveniunt
1579 4840 1785 4904 cibum,
1816 4837 1933 4903 alii,

344 4936 714 5008 praesentibus
762 4933 997 5006 poculis,
1055 4933 1400 4988 indormiunt
1447 4947 1668 4988 mensae.
1723 4929 1931 5002 Duplex

345 5041 528 5086 autem
574 5031 630 5085 in
661 5028 806 5100 turpi
853 5027 1018 5083 domo
1063 5033 1351 5082 exercetur
1394 5033 1676 5097 peceatum
1711 5041 1723 5078 :
1764 5039 1932 5078 unum

347 5131 570 5193 propter
607 5123 888 5179 ebriorum
925 5120 1263 5184 satietatem,
1312 5117 1540 5174 alterum
1573 5125 1797 5188 propter
1837 5131 1934 5171 ex-

349 5215 635 5288 putsorum
667 5227 970 5286 pauperum
1001 5211 1223 5272 famem,

424 5300 480 5355 Si
531 5303 674 5359 Deus
719 5304 835 5360 haec
891 5303 1112 5376 aspicit,
1169 5302 1249 5357 uti
1284 5301 1448 5373 plane
1499 5299 1720 5372 aspicit,
1767 5314 1932 5370 quam

353 5391 480 5445 vitae
523 5395 1032 5462 commutationem,
1067 5409 1230 5466 quem
1287 5393 1495 5448 exitum
1529 5391 1648 5447 fore
1681 5391 1934 5462 cogitat-is

353 5495 455 5535 vos
512 5495 814 5550 pauperum
871 5487 1132 5542 inimici?
1171 5483 1366 5552 Dicite,
1419 5499 1629 5556 quaeso,
1677 5498 1798 5546 vos,
1865 5497 1932 5536 an

359 5573 608 5634 nescitis,
639 5572 833 5639 horum
875 5593 1044 5634 causa
1088 5578 1144 5632 in
1190 5593 1350 5635 sacro
1384 5577 1678 5648 Evangelia
1705 5575 1834 5646 poni
1883 5586 1938 5631 et

359 5668 774 5719 commemorari
837 5670 1088 5737 exempla
1122 5670 1306 5723 omnia
1355 5668 1633 5725 horrenda
1679 5676 1733 5722 et
1767 5667 1931 5738 terri-

359 5747 532 5803 bilia?
583 5746 775 5811 Nonne
821 5775 1018 5830 graves
1067 5759 1212 5816 illius
1257 5763 1540 5818 cruciatus
1585 5771 1638 5816 et
1694 5761 1932 5830 gemitus

363 5845 739 5910 mccnscmur,
783 5851 877 5920 qui
910 5850 964 5903 in
1019 5848 1189 5916 bysso
1235 5853 1741 5921 fueratcnutritus,
1775 5861 1830 5908 et
1878 5853 1930 5908 in

2022 3368 2300 3440 εδρεύουσι
2329 3367 2408 3438 τῷ
2439 3365 2646 3420 πυλῶνι
2681 3368 2865 3438 μυρίοι
2899 3368 3138 3442 Λάζαροι
3169 3385 3183 3400 ο
3207 3371 3256 3423 οἱ
3292 3370 3392 3442 μὲν
3428 3371 3614 3442 ἡλκω-

2025 3462 2178 3534 μένοι
2226 3459 2496 3532 χαλεπῶς,
2531 3459 2679 3514 ἄλλοι
2722 3461 2818 3514 τὸν
2866 3460 3146 3532 ὀφθαλμὸν
3193 3465 3616 3535 ἐκκεκομμένοι,

2023 3555 2200 3626 ἕτεροι
2243 3551 2425 3623 λώϐην
2459 3551 2734 3616 στένοντες
2777 3553 2888 3606 τῶν
2937 3554 3134 3609 ποδῶνο
3181 3555 3324 3620 τινὲς
3353 3557 3410 3610 δὲ
3439 3557 3618 3612 αὐτῶν

2023 3644 2284 3715 ἐρποντες
2311 3642 2608 3706 παντελῶς,
2635 3643 2729 3696 καὶ
2758 3643 2976 3697 πάντων
3007 3644 3116 3700 τῶν
3149 3645 3327 3716 μελῶν
3363 3647 3617 3718 στέρησιν

2027 3733 2436 3802 ὑπομείναντες.
2462 3729 2702 3795 Βοῶντες
2726 3733 2783 3786 δὲ
2808 3733 2908 3786 οὐκ
2929 3734 3238 3796 ἀκούονται.
3267 3736 3480 3790 Κωλύει
3509 3737 3620 3806 γάρ

2025 3821 2206 3877 αὐλῶν
2229 3824 2264 3894 ἡ
2293 3823 2532 3893 ἡχὴ,καὶ
2554 3822 2624 3876 τὰ
2659 3823 2794 3893 μέλη
2821 3825 2932 3879 τῶν
2961 3826 3288 3897 αὐτομάτων
3317 3827 3490 3899 ᾠδῶν,
3518 3831 3616 3882 καὶ

2026 3915 2056 3967 ό
2081 3912 2180 3966 τοῦ
2211 3911 2446 3976 πλατέος
2479 3911 2710 3998 γέλωτος
2762 3915 3101 3985 καγχασμός.
3138 3917 3236 3969 Ἂν
3284 3915 3342 3970 δέ
3390 3933 3494 3970 που
3525 3918 3621 3969 καὶ

2029 4005 2286 4061 ἐπιπλέον
2312 4005 2632 4076 διοχλὴσωσι
2677 4008 2776 4070 τὰς
2823 4006 3016 4078 θύρας,
3067 4008 3424 4080 ἀναπηδήσας
3456 4006 3621 4061 ποθὲν

2029 4096 2290 4170 ἀνηλεῶς
2339 4097 2602 4150 δεσπότου
2651 4096 2856 4168 θρασὺς
2907 4099 3156 4170 πυλωρὸς
3197 4101 3490 4154 ἀπελαύνει
3519 4101 3622 4172 ῥά-

2029 4191 2196 4255 ϐδοις,
2249 4187 2484 4254 ἀναιδεῖς
2517 4189 2686 4253 κύνας
2718 4189 3037 4255 ἀποκαλῶν,
3075 4192 3168 4246 καὶ
3206 4191 3455 4262 μάστιξιν
3495 4194 3623 4246 ἐπι-

2031 4283 2226 4350 Εαίνων
2253 4283 2323 4338 τά
2345 4281 2658 4356 τραύματα.
2705 4279 3063 4354 ’Δπέρχονται
3098 4282 3155 4336 δὲ
3179 4286 3230 4337 οἱ
3262 4282 3359 4337 τοῦ
3383 4284 3625 4356 Χριστοῦ

2030 4375 2206 4446 φίλοι,
2251 4375 2360 4446 τῶν
2387 4373 2616 4429 ἐντολῶν
2648 4373 2710 4428 τὸ
2738 4373 3034 4444 κεφάλαιον
3057 4413 3072 4439 ,
3125 4375 3227 4430 οὐκ
3274 4376 3440 4448 ἄρτου
3490 4375 3615 4448 βρα-

2031 4467 2173 4540 χέος,
2207 4468 2308 4522 οὐκ
2351 4465 2481 4536 ϐψου
2514 4466 2895 4537 μετασχόντες,
2933 4466 3120 4538 ὕϐρεις
3166 4467 3222 4521 δὲ
3267 4470 3363 4522 καὶ
3407 4469 3633 4540 πληγὰς,

2033 4560 2553 4632 προσκερδάναντες.
2593 4557 2780 4612 Ἔνδον
2823 4557 2880 4612 δὲ
2925 4559 2982 4612 ἐν
3008 4557 3086 4630 τῷ
3133 4560 3482 4632 ἐργαστηρίῳ
3526 4561 3622 4614 τοῦ

2034 4653 2333 4724 Μαμμωνᾶ
2359 4691 2372 4716 ,
2423 4651 2473 4706 οἱ
2513 4650 2611 4722 μὲν
2636 4649 2713 4714 ὡς
2744 4650 3056 4722 ύπέραντλα
3089 4650 3251 4706 πλοῖα
3286 4651 3386 4724 τὴν
3415 4652 3623 4724 τροφὴν

2035 4743 2450 4810 ἀποϐλύζουσιν
2489 4741 2638 4798 ἄλλοι
2663 4744 2729 4814 τῇ
2756 4743 3004 4815 τραπέζῃ
3034 4741 3451 4798 ἐπικαθεύδουσι
3476 4759 3622 4816 παρ-

2035 4839 2285 4895 εστώτων
2336 4837 2445 4892 τῶν
2489 4836 2854 4908 ἐκπωμάτων.
2901 4835 3074 4906 Διπλῆ
3103 4835 3162 4890 δὲ
3207 4836 3456 4910 ἁμαρτία
3483 4837 3625 4890 κατὰ

2034 4933 2136 5003 τὴν
2171 4933 2457 5003 ἀσχήμονα
2495 4929 2672 4984 οἰκίαν
2703 4929 3118 5000 ἐμπολιτεύεται
3144 4945 3158 4960 ·
3207 4929 3240 5000 ἡ
3275 4929 3395 4995 μὲν,
3425 4929 3519 4983 ἐπὶ
3546 4928 3626 5000 τῷ

2038 5025 2186 5096 κόρῳ
2215 5025 2324 5076 τῶν
2357 5019 2686 5092 μεθυόντων,
2721 5023 2756 5094 ἡ
2783 5021 2840 5076 δὲ
2869 5022 2963 5076 ἐπὶ
2988 5020 3066 5092 τῷ
3095 5020 3240 5092 λιμῷ
3267 5020 3377 5074 τῶν
3404 5021 3626 5077 ἐλαθένο

2039 5134 2147 5188 των
2179 5115 2427 5186 πτωχῶν.

2111 5295 2300 5350 Ταῦτα
2341 5297 2390 5348 εί
2424 5294 2718 5350 ἐποπτεύει
2749 5293 2902 5360 Θεὸς,
2946 5291 3139 5366 ὥσπερ
3161 5288 3254 5348 οὖν
3283 5292 3476 5364 ἐφορᾷ.
3503 5293 3630 5346 τίκα

2039 5389 2135 5450 τοῦ
2184 5388 2298 5460 βίου
2325 5385 2710 5460 καταστροφὴν
2738 5388 2996 5453 ἐννοεῖτε,
3027 5387 3078 5440 oi.
3114 5385 3486 5457 μισόπτωχοι;
3535 5383 3628 5438 Εἴ-

2042 5497 2202 5545 πατε,
2227 5475 2264 5552 ἦ
2289 5481 2388 5534 οὐκ
2416 5479 2550 5543 ἴστε,
2593 5480 2674 5532 ὅτι
2707 5477 2888 5532 πάντα
2913 5477 2984 5532 τὰ
3013 5475 3261 5547 φρικώδη
3291 5475 3385 5528 καὶ
3419 5472 3627 5544 φοϐερὰ

2043 5572 2414 5643 ὑποδείγματα
2452 5573 2560 5626 τῶν
2600 5571 2856 5625 τοιούτων
2901 5570 3062 5642 χάριν
3109 5569 3170 5622 τὸ
3205 5567 3346 5640 ἱερὸν
3380 5563 3627 5634 Εὐαγγέ-

2042 5666 2152 5720 λιον
2183 5664 2350 5736 ἐκϐοᾷ
2374 5665 2468 5718 καὶ
2500 5662 2873 5735 μαρτύρεται;
2905 5663 3014 5714 Καὶ
3037 5661 3450 5731 ἀναγέγραπται
3502 5657 3626 5728 μὲν,

2043 5758 2214 5829 βαρέα
2240 5756 2566 5829 βρυχόμενος
2595 5755 2688 5807 καὶ
2709 5753 2909 5808 στένων
2934 5755 2962 5808 ὁ
2986 5754 3046 5807 ἐν
3073 5755 3138 5824 τῇ
3169 5752 3350 5822 βύσσῳ
3373 5747 3623 5820 τραφεὶς,

2041 5853 2134 5906 καὶ
2169 5852 2225 5903 ἐν
2271 5852 2335 5921 τῇ
2378 5847 2600 5920 άϐύσσῳ
2631 5847 2738 5901 τῶν
2789 5846 2976 5900 κακῶν
3027 5842 3414 5917 συνεχόμενος·
3463 5838 3626 5902 ἄλλος
