4026 6448
320 398 425 458 469

1497 392 1587 446 DE
1614 390 2052 449 PAUI’ERIBUS
2085 389 2413 447 AMANDIS.

3439 360 3445 364 ί
3486 407 3607 463 4'10-

320 518 380 571 δὲ
434 515 600 571 πάλιν
644 515 945 586 ὁμότροπος
999 513 1218 580 τούτου,
1271 512 1633 584 κατεδικάσθη
1684 513 1906 567 θάνατον

2018 511 2285 565 malorum
2354 513 2556 584 abysso
2627 514 2959 572 describitur
3026 520 3359 576 coerceri'?
3419 520 3596 590 Quid?

322 608 735 680 ἀπροσδόκητον
758 648 773 673 ,
818 609 877 661 ἐν
920 611 985 681 τῇ
1038 609 1246 680 ἑσπέρα
1291 608 1391 678 τὴν
1440 606 1667 678 ἑωθινὴν
1710 606 1914 679 τροφὴν

325 702 741 771 βουλευόμενος,
788 702 879 755 καὶ
922 700 1015 754 τοῦ
1065 700 1262 771 ὄρθρου
1319 699 1394 771 μὴ
1449 698 1770 753 καταλαϐὼν
1814 698 1913 769 τὴν

326 794 543 845 ἀκτῖνα.
596 791 690 862 Μὴ
738 790 920 861 θνητοὶ
970 791 1068 861 τὴν
1108 791 1324 852 πίστιν,
1374 789 1469 842 καὶ
1517 789 1770 843 ἀθάνατοι
1814 790 1913 860 τὴν

324 882 649 936 ἀπόλαυσιν.
685 882 871 946 Οὕτως
901 883 1011 954 γὰρ
1042 882 1237 953 ἔχομεν
1267 881 1510 953 γνώμης,
1544 883 1593 934 οἱ
1638 882 1706 934 τὰ
1735 882 1911 936 πάντα

325 973 577 1038 θέλοντες
620 977 683 1046 τῇ
732 975 832 1045 τῆς
883 974 1081 1045 σαρκὸς
1127 975 1384 1046 κολακείᾳ
1436 973 1790 1046 χαρίζεσθαι,
1837 975 1912 1038 ὡς

325 1066 599 1137 ἀδιάδοχοι
643 1066 1035 1129 οίκοδεσπόται,
1080 1066 1157 1130 ὡς
1200 1067 1467 1137 διηνεκεῖς
1513 1065 1620 1119 τῶν
1669 1065 1762 1118 ἐπὶ
1807 1065 1911 1135 γῆς

324 1159 529 1229 κύριοι,
566 1160 624 1211 ἐν
652 1157 731 1227 τῷ
755 1157 902 1229 θέρει
925 1157 1024 1227 τὴν
1060 1156 1267 1228 σπορὰν
1299 1155 1688 1228 μεριμνῶντες,
1732 1155 1824 1207 καὶ
1854 1157 1910 1208 ἐν

323 1252 391 1321 τῇ
446 1250 630 1321 σπορᾷ
670 1248 771 1321 τὴν
818 1248 912 1303 τοῦ
963 1248 1226 1321 θερισμοῦ
1258 1247 1522 1319 θυμηδίαν
1556 1246 1867 1310 ἐλπίζοντες
1892 1264 1905 1277 ·

324 1338 655 1408 φυτεύοντες
699 1339 797 1408 τὴν
833 1338 1135 1404 πλάτανον,
1181 1337 1275 1391 καὶ
1317 1337 1410 1389 τοῦ
1455 1334 1659 1406 ὑψηλοῦ
1692 1334 1907 1406 δένδρου

323 1429 425 1502 τὴν
476 1430 634 1484 σκιάν
696 1429 1021 1495 ἐλπίζοντες·
1070 1427 1520 1497 καταπηγνύντες
1560 1426 1651 1479 τὸν
1694 1425 1911 1496 πυρῆνα

321 1522 415 1575 τοῦ
448 1521 719 1590 φοίνικος,
771 1522 865 1574 καὶ
902 1520 1001 1592 τὴν
1027 1518 1343 1590 γλυκύτητα
1367 1517 1475 1572 τῶν
1518 1516 1745 1585 καρπῶν
1780 1517 1911 1568 ἀνα-

326 1610 602 1686 μένοντες.
655 1610 767 1665 Καὶ
808 1609 981 1663 ταῦτα
1012 1608 1273 1671 πολλάκις
1315 1610 1372 1661 ὲν
1403 1606 1584 1677 πολιᾷ,
1613 1605 1701 1658 ὅτε
1742 1606 1909 1673 ἐγγὺς

322 1699 415 1753 τοῦ
453 1700 687 1755 Θανάτου
722 1698 946 1771 χειμῶν’
984 1700 1229 1753 λείπουσι
1269 1700 1324 1753 δὲ
1351 1701 1415 1769 τῇ
1446 1699 1579 1769 ζωῇ,
1616 1698 1676 1750 ού
1710 1695 1908 1760 κύκλος

320 1789 611 1857 ἐνιαυτῶν,
642 1791 778 1844 ἀλλὰ
803 1792 951 1862 τρεῖς
970 1790 1010 1861 ἢῆ
1043 1790 1301 1860 τέτταρες
1323 1788 1550 1859 ἡμέραι.

2020 600 2160 656 lluic
2192 603 2329 659 alter
2358 604 2449 661 ille
2490 606 2712 672 similis,
2746 623 2929 665 nonne
2957 625 3082 664 cum
3111 612 3325 683 vesperi
3376 614 3444 670 de
3479 630 3595 671 ma-

2019 691 2211 748 tutinis
2240 692 2454 751 deliciis
2498 696 2790 766 cogitaret,
2828 704 2937 752 tam
2970 699 3367 770 inexspectata,
3405 712 3459 760 et
3502 721 3590 761 re-

2019 785 2247 852 pentina
2288 785 2581 843 damnatus
2613 799 2697 844 est
2746 798 2946 855 morte,
3004 800 3062 853 ut
3099 807 3167 846 ne
3214 795 3443 852 orientis
3470 798 3586 866 qui-

2016 876 2139 929 dem
2179 877 2315 932 solis
2348 878 2562 933 radium
2605 883 2843 949 potuerit
2882 882 3155 937 intueri“?
3182 882 3422 942 Proinde
3466 902 3591 943 cum

2014 968 2278 1024 mortales
2324 970 2521 1038 simus,
2556 970 2712 1027 fidem
2748 982 2830 1030 ne‘
2865 975 3216 1045 abjiciamus,
3266 994 3402 1034 neve
3438 978 3593 1035 frua-é

2016 1072 2139 1113 mur
2186 1060 2558 1130 voluptatibus
2605 1070 2667 1117 ut
2717 1063 3078 1123 immortales.
3137 1067 3231 1124 Sic
3284 1068 3429 1124 enim
3482 1069 3592 1126 fere

2018 1148 2199 1205 all'ecti
2240 1165 2453 1218 sumus,
2490 1154 2802 1224 quicunque
2830 1156 2992 1225 genio
3020 1158 3328 1229 indulgere,
3358 1170 3411 1214 et
3438 1163 3588 1219 carni

2011 1236 2068 1294 in
2100 1241 2359 1297 omnibus
2402 1243 2632 1314 obsequi
2676 1246 2949 1303 volumus.
3000 1246 3283 1320 Tanquam
3320 1253 3587 1322 patresfa—

2010 1331 2194 1387 milias
2235 1347 2614 1391 successorem
2646 1351 2928 1408 nunquam
2965 1338 3227 1406 habituri,
3262 1351 3316 1397 et
3343 1346 3590 1413 perpetui

2010 1437 2193 1479 rerum
2255 1425 2620 1481 humanarum
2671 1428 2901 1494 domini,
2954 1432 3150 1489 messis
3194 1441 3441 1504 tempore
3498 1450 3588 1491 se-

2011 1524 2251 1571 mentem
2310 1515 2563 1584 facimus,
2626 1526 2682 1575 et
2755 1521 2976 1591 quando
3037 1524 3421 1580 seminandum
3479 1531 3586 1590 est,

2011 1620 2301 1675 speramus
2347 1607 2593 1664 laetitiam
2629 1612 2849 1668 messis.
2886 1610 3172 1668 Platanum
3230 1617 3490 1681 serimus,
3533 1626 3589 1673 et

2011 1711 2257 1766 procerae
2293 1698 2507 1755 arboris
2543 1700 2793 1755 umbram
2821 1718 3129 1773 speramus.
3170 1704 3372 1762 Palmm
3402 1723 3590 1764 semen

2010 1796 2171 1845 terrai
2200 1792 2617 1860 committimus,
2647 1800 2701 1849 et
2722 1792 3004 1852 fructuum
3027 1797 3374 1854 dulcedinem
3397 1816 3592 1872 exspe-

319 1894 563 1938 ctamus.
595 1882 723 1937 Haec
759 1892 941 1938 autem
978 1882 1092 1937 fere
1131 1882 1188 1936 in
1228 1881 1345 1950 ipsa
1397 1886 1704 1942 senectute,
1755 1877 1978 1949 quando
2011 1879 2125 1951 jam
2165 1881 2320 1937 adest
2364 1884 2544 1940 aetatis
2593 1892 2912 1953 autumnus,
2953 1899 3006 1944 et
3050 1893 3245 1947 mortis
3285 1892 3461 1949 hiems
3493 1893 3590 1951 ad-

320 1982 532 2037 ventat,
568 1980 622 2028 et
670 1973 795 2029 vita:
838 1971 1121 2028 residuum
1179 1979 1395 2041 tempus
1443 1979 1525 2025 est
1576 1985 1684 2024 non
1732 1971 1904 2026 series
1942 1984 2235 2037 annorum,
2279 1972 2375 2027 sed
2415 1982 2528 2031 tres
2562 1984 2657 2030 aut
2688 1986 2927 2047 quatuor
2959 1979 3098 2033 dies.

387 2067 753 2138 Λογισώμεθα
800 2067 977 2120 τοίνυν
1020 2068 1096 2130 ὡς
1125 2066 1367 2136 λογικοὶ,
1410 2068 1491 2120 ὅτι
1542 2066 1835 2138 παροδικὸς
1880 2067 1906 2119 6

2081 2065 2396 2138 Cogitemus
2418 2070 2585 2142 igitur
2616 2086 2742 2137 nos,
2774 2074 2867 2143 qui
2893 2075 3105 2129 ratione
3132 2077 3343 2146 praediti
3373 2093 3587 2146 sumus,

320 2161 435 2231 βίος
465 2159 646 2231 ἡμῶν,
683 2159 777 2213 καὶ
813 2160 951 2231 ῥέων
974 2162 1001 2213 6
1032 2159 1242 2230 χρόνος,
1274 2158 1501 2222 ἄστατός
1529 2175 1590 2211 τε
1615 2159 1708 2213 καὶ¹
1742 2158 1902 2228 ἄσχε-

318 2270 429 2316 τος,
474 2251 667 2323 ῶσπερ
691 2267 747 2304 τι
776 2251 955 2322 ῥεῦμα
988 2250 1257 2321 ποταμοῦ,
1290 2251 1399 2303 πᾶν
1437 2249 1497 2302 τὸ
1524 2251 1580 2302 ἐν
1600 2249 1749 2318 αὐτῷ
1775 2266 1904 2317 τυγ-

315 2344 478 2414 χάνον
510 2343 749 2397 ἐλαύνων
789 2343 926 2414 πρὸς
948 2342 1009 2396 τὸ
1054 2344 1153 2414 τῆς
1182 2343 1387 2413 φθορᾶς
1413 2341 1565 2404 τέλος
1586 2357 1602 2372 ο
1649 2341 1742 2393 καὶ
1769 2341 1901 2407 είθε,

319 2438 527 2508 βραχὺς
555 2435 631 2489 ὣν
658 2437 752 2490 καὶ
780 2436 1063 2507 ἐπίκηρος,
1096 2436 1338 2506 ὑπῆρχεν
1367 2433 1687 2496 ἀνεύθυνοςί
1735 2432 1905 2486 Τοῦτο

315 2530 375 2584 δέ
404 2532 521 2583 ἐστι
559 2529 621 2583 τὸ
662 2516 1020 2594 ἐπικίνδυνον,
1068 2528 1128 2583 τὸ
1171 2528 1410 2598 ἑκάστης
1456 2526 1627 2597 ὥρας,
1679 2526 1740 2579 ού
1798 2524 1904 2596 μὴν

318 2622 454 2675 ἀλλὰ
480 2623 576 2675 καὶ
606 2620 716 2674 τῶν
767 2619 963 2688 λόγων,
1007 2614 1082 2673 ὧν
1113 2618 1488 2688 φθεγγόμεθα,
1520 2615 1600 2687 τῷ
1621 2616 1903 2686 ἅδεκάστῳ

314 2712 653 2784 δικαστηρίῳ
681 2712 781 2784 τὴν
810 2711 1104 2780 ἀπολογίαν
1127 2710 1381 2779 ὀφείλειν.
1415 2709 1506 2777 Διὸ
1544 2709 1638 2762 καὶ
1665 2709 1693 2760 6
1728 2706 1904 2778 μακά-

319 2821 435 2877 ριος
468 2803 801 2875 Ψαλμῳδὸς,
830 2802 966 2875 πρὸς
991 2802 1187 2872 ὁμοίαν
1212 2801 1320 2855 τῶν
1351 2800 1445 2854 νῦν
1473 2797 1780 2869 λεγομένων
1814 2795 1902 2850 ἐν·

317 2914 466 2951 νοιαν
496 2896 689 2951 ἑαυτὸν
735 2897 1046 2969 ἀναφέρων,
1088 2894 1353 2967 ἐπιθυμεῖ
1397 2892 1601 2963 γνῶναι
1625 2890 1718 2944 τοῦ
1773 2888 1901 2944 ἰδίου

262 3014 269 3019 -
315 2988 505 3052 τέλους
530 2986 629 3058 τὴν
662 2987 1021 3058 προθεσμίαν.
1069 2986 1383 3052 Ἐκλιπαρεῖ
1424 2984 1482 3038 δὲ
1513 2982 1602 3037 τὸν
1632 2981 1764 3037 Θεὸν
1795 2980 1903 3034 τῶν

318 3080 615 3134 ἐπιλοίπων
641 3077 863 3150 ἡμερῶν
885 3077 1199 3149 διδαχθῆναι
1225 3077 1315 3131 τὸν
1348 3075 1603 3147 ἀριθμὸν,
1646 3074 1734 3128 ἵνα
1767 3073 1903 3145 πρὸς

314 3171 383 3225 τά
414 3171 550 3243 ἔργα
579 3172 680 3241 τῆς
711 3169 892 3236 ἐξόδου
916 3169 1424 3241 παρασκευάσηται.
1456 3166 1548 3237 Μὴ
1577 3165 1822 3237 ταραχθῇ
1847 3164 1903 3216 δὲ

314 3264 529 3336 ἀθρόως
555 3264 633 3326 ὡς
654 3264 936 3334 άνέτοιμος
978 3262 1256 3335 ὁδοιπόρος
1292 3260 1496 3333 μεταξὺ
1526 3258 1779 3330 βαδίζων,
1810 3256 1904 3310 καὶ

315 3357 386 3410 τὰ
440 3356 714 3424 ἀναγκαῖα
758 3354 867 3407 τῶν
912 3351 1523 3423 ἐφοδίων”περιζητῶν.
1562 3352 1728 3422 Φησὶν
1775 3343 1902 3404 οὖν·

315 3418 630 3518 Γνώρισόν
648 3466 772 3518 μοι,
797 3418 992 3516 Κύριε,
1023 3446 1092 3501 τὸ
1120 3418 1305 3514 πέρας
1331 3418 1472 3514 μου,
1510 3432 1608 3499 κάι
1630 3418 1749 3496 ’τὸν
1780 3442 1904 3510 ἀρι-
1930 3418 1974 3476 θ

312 3540 470 3610 aut}?
512 3538 631 3593 τῶν
673 3536 909 3607 ἡμερῶν
930 3554 1068 3608 μου,
1108 3536 1201 3602 τίς
1238 3535 1410 3590 ἐστιν
1431 3550 1450 3569 ο
1498 3535 1599 3587 ἵνα
1646 3532 1766 3605 γνῶ
1787 3573 1803 3598 ,
1844 3533 1904 3586 τι

314 3629 547 3699 ὑστερῶ
580 3628 714 3701 ἐγώ.
763 3629 918 3683 Ἰδοὺ
957 3628 1299 3694 παλαιστὰς
1335 3627 1479 3683 ἔθου
1524 3625 1638 3699 τὰς
1675 3624 1903 3695 ἡμέρας

313 3741 455 3792 μου,
502 3722 600 3775 καὶ
633 3723 671 3790 ὴ
707 3721 1047 3787 ὑπόστασις
1080 3738 1202 3789 μου
1241 3718 1386 3777 ὡσεὶ
1422 3716 1604 3772 οὐδὲν
1644 3710 1904 3770 ἐνώπιόν

313 3831 454 3870 σου.
508 3813 679 3866 Βλέπε
713 3813 893 3885 ψυχῆς
926 3812 1151 3882 συνετῆς
1200 3812 1470 3883 μέριμναν
1514 3807 1758 3878 ἀγαθὴν,
1810 3808 1904 3861 καὶ

313 3906 492 3962 ταῦτα
521 3908 580 3960 ἐν
607 3904 870 3976 βασιλικῷ
898 3903 1188 3973 ἀξιώματι.
1231 3899 1639 3973 Ἐνοπτρίζεται
1679 3898 1789 3970 γὰρ
1814 3899 1905 3953 τὸν

314 3997 551 4053 Βασιλέα
582 3997 691 4051 τῶν
722 3995 983 4068 βασιλέων
1016 3995 1111 4049 καὶ
1151 3994 1243 4048 τὸν
1286 3991 1493 4065 Κριτὴν
1539 3991 1647 4051 τῶν
1678 3989 1902 4064 κριτῶν·

314 4093 416 4146 καὶ
456 4091 630 4161 ζητεῖ,
673 4090 764 4144 τὸν
793 4090 997 4143 τέλειον
1025 4088 1230 4159 κόσμον
1269 4086 1376 4141 τῶν
1415 4083 1644 4139 ἐντολῶν
1672 4083 1891 4153 κομισά-

318 4202 501 4256 μενος,
534 4183 787 4237 ἀπελθεῖν
809 4183 993 4255 ἄρτιος
1025 4182 1124 4252 τῆς
1153 4179 1299 4249 ζωῆς
1317 4179 1417 4248 τῆς
1443 4178 1622 4233 ἐκεῖσε
1657 4175 1900 4245 πολίτης·

312 4273 385 4348 ἧς
412 4276 623 4344 γένοιτο
650 4274 859 4337 πάντας
883 4273 1029 4343 ἡμᾶς
1059 4271 1338 4340 ἐπιτυχεῖν
1381 4266 1565 4337 χάριτι
1593 4264 1685 4319 καὶ
1714 4262 1903 4332 φιλαν-

315 4369 537 4442 θρωπίᾳ.
559 4367 653 4422 τοῦ
678 4367 887 4439 Κυρίου
916 4364 1074 4437 ἡμῶν
1114 4360 1288 4433 Ἰησοῦ
1315 4357 1576 4432 Χριστοῦ,
1616 4350 1662 4424 ᾧ
1697 4357 1731 4426 ἡ
1770 4354 1899 4419 δόξα

313 4466 397 4527 εἰς
416 4463 544 4524 τοὺς
575 4460 778 4525 αἰῶνας
807 4460 917 4514 τῶν
942 4457 1174 4513 αἰώνων.
1219 4455 1414 4527 Ἀμήν.

2004 2172 2167 2229 quam
2206 2158 2415 2230 fragilis
2455 2159 2713 2233 ﬂuxaque
2755 2164 2827 2220 sit
2857 2165 2965 2219 vita
3003 2172 3216 2230 nostra,
3245 2183 3406 2237 quam
3443 2171 3591 2226 velo-

2005 2247 2144 2302 citer
2168 2248 2384 2302 labatur
2410 2258 2642 2320 tempus,
2682 2259 2741 2304 ut
2771 2252 2893 2307 sisti
2933 2252 3293 2324 cobiberique
3320 2270 3431 2309 non
3462 2271 3591 2327 pos-

2007 2340 2101 2402 sit,
2164 2349 2222 2395 ut
2278 2341 2519 2397 fluminis
2576 2357 2775 2400 cursus
2828 2343 3015 2399 omnia
3054 2359 3177 2413 quae
3219 2345 3466 2409 metitur,
3521 2345 3591 2400 ad

2006 2433 2287 2489 interitum
2351 2434 2518 2489 ducat
2573 2441 2627 2491 et
2683 2436 2887 2489 trahat.
2934 2435 3113 2506 Atque
3158 2436 3368 2491 utinam
3424 2436 3592 2492 breve

2006 2532 2222 2580 tantum
2275 2532 2424 2582 esset
2474 2526 2711 2597 spatium
2755 2528 2900 2593 vitae,
2947 2526 3110 2582 modo
3156 2526 3448 2582 reddendae
3496 2542 3592 2581 ra-

2008 2615 2141 2669 tioni
2198 2631 2306 2670 non
2377 2631 2626 2673 essemus
2680 2618 2925 2673 obnoxii.
2991 2617 3152 2673 Nunc
3215 2628 3401 2673 autem
3455 2619 3591 2674 illud

2007 2706 2203 2760 merito
2235 2715 2493 2776 torquere
2534 2724 2635 2763 nos
2665 2708 2845 2772 debet,
2888 2710 3035 2780 quod
3079 2716 3135 2765 et
3174 2710 3404 2783 singulis
3440 2710 3593 2767 horis

2006 2795 2178 2852 instat
2224 2797 2556 2867 perieulum,
2617 2806 2673 2854 et
2735 2799 3091 2871 incorruptus
3146 2807 3312 2870 atque
3381 2802 3591 2873 integer

2005 2886 2293 2945 adeundus
2359 2898 2444 2944 est
2513 2887 2722 2959 judex,
2798 2889 2944 2960 apud
3007 2905 3170 2961 quem
3236 2905 3348 2946 non
3411 2892 3592 2947 solum

2014 2995 2226 3045 eorum,
2259 2997 2379 3051 quae
2413 2980 2664 3045 fecimus,
2704 2982 2796 3037 sed
2837 2982 3106 3047 omnium,
3159 2997 3282 3053 qua:
3326 2983 3593 3047 diximus,

2007 3070 2285 3127 reddenda
2315 3073 2478 3130 nobis
2511 3074 2674 3130 ratio.
2709 3073 3078 3143 Quamobrem
3103 3073 3220 3131 haec
3249 3089 3436 3131 secum
3472 3076 3591 3146 ipse

2007 3170 2195 3225 animo
2241 3168 2464 3226 volvens
2511 3169 2707 3226 beatus
2768 3168 2860 3225 ille
2908 3176 3061 3225 vates
3117 3179 3239 3225 avet
3288 3169 3592 3241 intelligere

2007 3259 2338 3332 praefinitum
2370 3260 2666 3317 terminum
2698 3262 2842 3316 vitae.
2887 3258 3076 3332 itaque
3106 3260 3276 3316 Deum
3313 3268 3590 3331 precatur,

2008 3361 2069 3408 ut
2117 3354 2221 3411 sibi
2274 3368 2567 3409 numerum
2617 3354 2854 3420 dierum,
2910 3354 3002 3423 qui
3052 3354 3248 3425 reliqui
3288 3360 3595 3419 sunt,’an-

2007 3444 2251 3508 nuntiet,
2282 3430 2392 3514 quo
2435 3445 2685 3517 accingat
2717 3459 2842 3501 sese
2888 3445 2952 3499 ad
2995 3431 3082 3511 ea,
3114 3458 3236 3515 quae
3285 3444 3354 3500 ad
3385 3445 3590 3509 exitum

2005 3536 2312 3608 pertinent,
2367 3551 2440 3591 nc
2497 3545 2756 3605 tanquam
2811 3535 2990 3590 viator
3046 3535 3411 3606 improvidus,
3461 3536 3589 3591 dum

2012 3630 2120 3684 iter
2165 3628 2318 3693 facit,
2368 3635 2423 3683 et
2479 3627 2738 3683 viaticum
2791 3628 3166 3685 necessarium
3224 3628 3440 3699 quaerit,
3498 3643 3587 3684 re-

2003 3729 2169 3794 pente
2210 3722 2477 3777 turbetur.
2516 3720 2608 3776 Sic
2637 3721 2806 3791 igitur
2840 3720 3018 3791 inquit
3044 3740 3057 3777 :
3088 3719 3293 3775 Notum
3318 3720 3406 3791 fac
3436 3720 3588 3785 mihi,

2004 3813 2250 3879 Domine,
2280 3813 2441 3883 ﬁnem
2473 3828 2664 3878 meum,
2692 3820 2744 3867 et
2770 3828 3046 3868 numerum
3088 3810 3297 3867 dierum
3329 3828 3587 3879 meorum,

2009 3904 2129 3976 quis
2152 3913 2253 3969 est,
2293 3911 2352 3958 ut
2390 3904 2559 3958 sciam
2583 3902 2713 3975 quid
2737 3905 2873 3959 desit
2904 3904 3051 3959 mihi.
3090 3903 3226 3959 Ecce
3262 3903 3591 3959 mensurabi-

2008 3995 2082 4050 (es
2116 3995 2346 4065 posuisti
2388 3993 2499 4048 dies
2536 4010 2700 4060 meos,
2747 4002 2800 4050 et
2829 3993 3134 4051 substantia
3183 4010 3299 4049 mea
3337 4002 3591 4063 tauquam

2008 4085 2234 4141 nihilum
2284 4093 2407 4141 ante
2438 4092 2486 4139 te
2507 4085 2552 4141 θ.
2589 4083 2787 4141 Cernis
2835 4085 3037 4141 animae
3066 4087 3224 4142 bonae
3261 4083 3589 4155 prudentem

2007 4176 2461 4242 sollicitudinem,
2496 4176 2662 4247 idque
2701 4179 2757 4231 in
2785 4176 3011 4233 homine
3057 4178 3111 4232 in
3141 4177 3290 4248 regia
3323 4177 3590 4248 dignitate

2008 4269 2334 4322 constituto.
2376 4266 2489 4322 Nec
2521 4267 2722 4322 mirum
2751 4285 2766 4323 :
2792 4267 3041 4323 intuetur
3082 4268 3229 4325 enim
3266 4266 3467 4338 Regem
3504 4281 3590 4321 re-

2005 4371 2160 4426 gum.
2202 4366 2257 4412 et
2295 4357 2544 4426 judicum
2587 4355 2853 4413 Iudicem.
2906 4357 3046 4414 Illud
3081 4366 3264 4413 autem
3310 4359 3586 4423 obsecrat,

2007 4457 2066 4503 ut
2126 4434 2378 4504 absoluta
2441 4447 2825 4504 mandatorum
2880 4449 3235 4507 observantia
3295 4448 3589 4506 decoratus

315 4554 567 4611 discedat
607 4554 817 4623 integer
848 4562 906 4606 et
936 4551 1212 4621 perfectus
1248 4546 1489 4604 cmlestis
1553 4543 1702 4600 illius
1772 4542 1963 4613 patriae
2001 4540 2161 4604 civis,
2210 4552 2377 4609 quam
2434 4552 2539 4594 nos
2590 4538 2721 4594 item
2783 4554 2977 4598 omnes
3017 4548 3077 4596 ut
3123 4554 3488 4612 assequamur
3530 4549 3586 4598 et

310 4657 447 4719 opto
473 4655 530 4703 et
551 4662 733 4718 spero,
771 4659 867 4716 per
893 4643 1123 4715 gratiam
1155 4652 1210 4698 et
1239 4640 1633 4713 benignitatem
1669 4635 1885 4692 Domini
1921 4634 2099 4690 nostri
2128 4631 2256 4689 Jesu
2285 4630 2515 4698 Christi,
2554 4632 2643 4688 cui
2686 4632 2864 4705 gloria
2932 4636 2989 4692 in
3027 4642 3316 4692 :eternum.
3385 4633 3586 4691 Amen.

384 4834 406 4865 "
446 4833 581 4889 Luc.
610 4849 733 4900 xvi,
770 4832 835 4887 19
882 4843 1003 4901 sqq.
1079 4828 1101 4861 ⁸
1130 4827 1266 4882 Luc.
1300 4839 1402 4889 ιιι,
1431 4821 1523 4877 ΞΟ.

1601 4823 1621 4853 ⁸
1643 4821 1788 4877 Psal.
1829 4833 2061 4884 xxxvnl,
2094 4814 2147 4879 5,
2182 4813 2235 4868 6.
