4026 6450
1544 562 3606 593 MM

520 595 1017 611 ..ι--ι--ι-ι--ος-

1715 410 1771 464 S.
1820 405 2143 464 GREGORII

2203 403 2246 456 N
2257 400 2493 457 YSSENI
3636 394 3736 446 ΗΞ

1468 750 1691 837 ΤΟΥ
1730 744 2102 832 ΑΥΤΟΥ
2170 738 2785 826 ΓΡΗΓΟΡΙΟΥ

1239 962 1660 1133 ΠΕΡΙ
1769 951 3007 1072 ΦΙΑΟΠΤΩΧΙΑΣ

1950 1188 2164 1244 ΛυΓΟΣ
2201 1185 2252 1236 B’
2264 1225 2275 1237 .

1431 1538 1963 1630 EJUSDEM
2068 1538 2159 1625 S.
2248 1530 2827 1626 GREGOBII

987 1778 1186 1893 DE
1327 1768 2373 1891 PAUPEBIBUS
2510 1761 3255 1933 AMANDIS

1963 2001 2214 2064 ORATIO
2247 2002 2310 2057 11.

1761 2191 2025 2245 Francisco
2053 2193 2089 2240 Ζ
2096 2194 2174 2242 lno
2213 2188 2486 2253 interprete.

506 2536 568 2600 In
593 2560 657 2599 ea
678 2538 955 2612 Evangelii
978 2540 1130 2595 verba
1154 2555 1171 2593 :
1191 2539 1473 2605 Quatenus
1504 2540 1599 2594 uni
1619 2554 1684 2595 ex
1710 2534 1794 2595 his
1806 2538 2084 2597 fecistis“,
2118 2524 2163 2579 Α
2192 2536 2381 2605 Λόγος
2428 2535 2516 2612 εις
2549 2531 2616 2612 τὸ

1027 2620 1077 2665 et
1117 2626 1233 2680 qua:
1264 2618 1573 2679 sequuntur.

571 2725 761 2780 Adhuc
788 2723 843 2778 in
874 2722 1214 2778 formidolosi
1242 2722 1422 2792 magni
1458 2722 1607 2778 illius
1639 2722 1783 2792 regis
1815 2721 2082 2779 adventus

506 2817 665 2872 nobis
702 2816 779 2871 ab
812 2814 1105 2888 Evangelio
1135 2813 1397 2884 descripti
1451 2813 1911 2883 contemplatione
1942 2813 2081 2869 deti-

504 2920 657 2965 neor.
699 2906 891 2963 Adhuc
920 2914 1129 2961 attente
1155 2904 1529 2959 consideranti
1561 2911 1967 2974 metum,quem
1999 2905 2083 2958 in-

506 2998 621 3068 jicit
661 3012 725 3052 ca
777 2995 1247 3061 commemoratio,
1276 2994 1473 3064 refugit
1520 2995 1813 3063 horretque
1844 2995 2079 3050 animus.

505 3090 640 3144 Nam
678 3089 956 3145 caelestem
987 3089 1162 3157 ipsum
1194 3101 1377 3157 regem
1429 3088 1485 3140 in
1524 3087 1724 3141 throno
1754 3086 2080 3156 maiestatis,

507 3186 564 3232 ut
584 3177 655 3232 ibi
686 3176 1042 3241 describitur,
1071 3175 1302 3229 terribili
1331 3175 1565 3245 quodam
1595 3175 1756 3229 modo
1788 3176 2085 3246 praesiden-

506 3280 615 3323 tem
639 3267 771 3321 mihi
803 3266 988 3322 videor
1014 3265 1236 3321 intueri.
1253 3264 1598 3336 Magniﬁcum
1622 3265 1772 3320 illum
1802 3267 2083 3331 thronum,

507 3361 818 3429 quicunque
844 3357 1074 3413 thronus
1107 3356 1198 3411 ille
1217 3357 1310 3422 sit,
1343 3370 1469 3410 eum
1496 3356 1588 3425 qui
1623 3356 1776 3411 nullo
1800 3364 2086 3412 coercetur

509 3456 651 3519 loco,
680 3452 1052 3507 continentem
1089 3463 1273 3505 cerno.
1309 3448 1733 3505 innumerabilia
1764 3446 2085 3521 angelorum

509 3559 689 3615 regem
721 3542 1147 3613 constipantium
1200 3541 1368 3595 millia
1420 3541 1597 3597 video.
1650 3540 1903 3613 Magnum
1951 3543 2087 3614 quin

508 3635 673 3694 etiam
728 3635 906 3705 ipsum
954 3647 1019 3687 ac
1067 3632 1469 3687 formidandum
1514 3648 1695 3705 regem
1742 3634 1969 3704 aspicio,
2018 3650 2086 3690 ex

510 3728 776 3781 immensa
801 3724 974 3794 gloria
996 3724 1052 3779 in
1070 3731 1325 3778 naturam
1350 3724 1643 3779 humanam
1673 3725 2084 3795 despicientem,

512 3821 566 3867 et
594 3813 845 3867 universa
867 3826 1064 3882 genera
1102 3812 1402 3875 hominum,
1422 3815 1737 3884 quicunque
1771 3831 1835 3871 ex
1857 3829 1923 3871 eo
1949 3826 2086 3870 tem-

512 3914 664 3970 pore,
695 3914 804 3969 quo
861 3900 1098 3968 primum
1154 3902 1401 3970 generari
1468 3903 1716 3960 homines
1777 3912 2085 3975 coeperunt,

512 4005 689 4061 usque
732 3991 799 4045 ad
828 3993 1105 4063 metuendi
1132 3994 1280 4051 illius
1318 3995 1582 4051 adventus
1627 3995 1770 4051 diem
1813 3999 2091 4064 reperian-

513 4092 624 4146 tur,
649 4082 719 4137 ad
765 4098 823 4138 se
861 4094 1306 4154 congregantem,
1349 4087 1690 4156 singulisque
1722 4102 1790 4142 ex
1822 4089 2091 4143 institutae

513 4184 567 4229 et
589 4183 850 4230 anteactae
878 4175 1001 4231 vita:
1026 4177 1235 4231 ratione
1263 4188 1319 4231 et
1352 4178 1683 4245 meritis,vel
1708 4180 1926 4248 praemia
1958 4179 2092 4234 dan-

514 4274 645 4329 tem,
681 4267 764 4321 vel
794 4267 1125 4337 irrogantem
1172 4268 1462 4337 supplicia,
1504 4268 1610 4323 illis
1643 4269 1735 4338 qui
1777 4281 1923 4324 recte
1960 4285 2090 4324 san—

514 4366 713 4427 cteque
764 4360 1016 4425 vixerint,
1059 4357 1128 4413 ad
1173 4358 1454 4415 dexteram
1502 4367 1741 4433 partem,
1774 4367 1832 4415 ut
1881 4361 2089 4417 dictum

516 4456 618 4509 est,
646 4448 968 4504 collocatis:
998 4449 1091 4519 qui
1144 4464 1274 4505 vero
1311 4449 1580 4521 ﬂagitiose
1627 4458 1682 4505 et
1718 4451 1992 4522 improbe,
2022 4449 2091 4505 ad

519 4538 800 4593 sinistram
832 4540 1047 4606 positis,
1077 4548 1132 4595 et
1163 4542 1559 4596 condemnatis.
1599 4539 1872 4612 Utrosque
1909 4552 2089 4595 autem

519 4625 738 4679 diversa
794 4630 977 4678 tamen
1031 4627 1245 4681 ratione
1288 4628 1647 4697 appellantem
1706 4629 1889 4684 audio.
1941 4628 2092 4683 Alios

518 4716 662 4772 enim
702 4715 1040 4771 dulcissimis
1072 4716 1181 4771 illis
1222 4732 1285 4771 ac
1332 4716 1686 4772 faustissimis
1734 4717 1918 4773 verbis
1956 4718 2095 4771 allo-

520 4808 734 4878 quitur:
759 4803 959 4869 Venite,
995 4806 1250 4861 benedicti
1293 4806 1477 4861 Patris
1507 4807 1607 4860 mei
1635 4823 1654 4871 ;
1682 4808 1819 4864 alios
1844 4808 2093 4865 horribili

516 4913 583 4954 ac
624 4896 915 4952 metuenda
946 4897 1038 4952 illa
1065 4897 1489 4952 comminatione
1527 4916 1540 4951 :
1580 4894 1683 4961 Ite,
1717 4897 2006 4963 maledicti,
2038 4898 2095 4951 in

518 4991 690 5058 ignem
720 4996 993 5045 retentum.
1021 4986 1113 5042 Sic
1136 4994 1317 5042 autem
1348 4987 1479 5040 mihi
1512 4988 1626 5042 haec
1652 4988 1846 5059 legenti
1883 4996 1933 5043 et
1964 5003 2095 5043 con-

529 5081 787 5139 sideranti
834 5078 1064 5136 affectus
1086 5087 1138 5134 et
1169 5077 1591 5149 perterrefactus
1640 5088 1724 5135 est
1757 5079 1992 5145 animus,
2036 5087 2096 5134 ut

530 5176 634 5244 [ea
682 5186 793 5226 non
823 5171 947 5243 legi,
982 5170 1079 5227 sed
1114 5170 1254 5235 ﬁeri,
1306 5186 1416 5226 non
1470 5171 1832 5241 pronuntiari,
1868 5170 1963 5226 sed
2008 5171 2095 5241 agi

475 5277 484 5284 ·
521 5264 920 5331 quodammodo
964 5264 1303 5329 existimem,
1329 5263 1551 5334 jamque
1581 5278 1690 5320 non
1718 5263 1925 5329 audire,
1961 5261 2095 5334 sed]

524 5354 678 5419 plane
702 5354 868 5408 rebus
894 5354 1029 5423 ipsis
1050 5355 1317 5410 interesse
1344 5354 1479 5408 mihi
1510 5354 1719 5410 videor.
1742 5358 1931 5423 Itaque
1955 5368 2095 5425 prie-

526 5441 756 5494 sentium
785 5440 1173 5513 nihilamplius
1191 5446 1390 5509 sentio,
1421 5458 1523 5501 nec
1552 5444 1717 5500 menti
1745 5453 1904 5498 vacat
1924 5443 2096 5512 respi-

2644 2531 2836 2601 ρητὸν
2884 2529 2992 2586 τοῦ
3041 2531 3439 2601 Εὐατγελίουῄ
3501 2514 3609 2600 ’ἐφ’
3633 2530 3745 2587 ὅσον

2428 2599 2721 2673 ἐποιήσατε
2746 2603 2827 2656 ἐνὶ
2858 2600 3081 2667 τούτων,
3110 2599 3309 2656 καὶτὰ
3341 2599 3507 2669 ἑξῆς.

2256 2720 2377 2774 Ἔτι
2418 2718 2555 2790 πρὸς
2589 2715 2668 2786 τῷ
2701 2716 2935 2788 θεάματι
2976 2714 3074 2785 τῆς
3103 2712 3343 2784 φοϐερᾶς
3369 2712 3462 2767 τοῦ
3502 2709 3745 2783 βασιλέως

2183 2811 2502 2881 ἐπιφανείας
2529 2809 2667 2880 είμὶ,
2700 2809 2766 2879 ἢν
2812 2807 3117 2878 ὑπογράφει
3143 2805 3207 2858 τὸ
3248 2804 3601 2873 Εὐαγγέλιον.
3635 2800 3746 2855 Ἔτι

2187 2904 2530 2975 κατέπτηχεν
2575 2902 2608 2972 ἠ
2654 2900 2822 2971 ψυχὴ,
2864 2899 2999 2969 πρὸς
3022 2898 3112 2952 τὸν
3136 2897 3297 2967 φόϐον
3325 2896 3439 2951 τῶν
3461 2894 3747 2967 εἰρημένων

2184 2991 2595 3056 ἐνατενίζουσαο
2634 2992 2710 3055 ὡς
2754 2989 3044 3061 καθορῶσα
3079 2990 3283 3060 τρόπον
3334 2989 3460 3044 τινὰ
3505 2989 3655 3043 αὐτόν
3694 3001 3746 3040 τε

2182 3085 2275 3139 τὸν
2310 3083 2554 3154 οὐρανῶν
2599 3081 2844 3153 βασιλέα,
2876 3079 3057 3145 καθώς
3086 3097 3248 3152 φησιν
3278 3082 3307 3134 ὁ
3355 3080 3528 3149 λόγος,
3554 3078 3638 3133 ἐπὶ
3661 3076 3747 3130 τοῦ

2185 3176 2376 3248 θρόνου
2415 3175 2517 3245 τῆς
2561 3174 2719 3245 δόξης
2756 3173 3002 3246 φοϐερῶς
3044 3172 3496 3245 προκαθήμενον·
3542 3172 3631 3226 καὶ
3665 3173 3746 3223 τὸν

2190 3263 2584 3337 μεγαλοπρεπῆ
2613 3263 2802 3334 θρόνον
2835 3263 3039 3316 ἐκεῖνον
3061 3277 3077 3292 ⁸
3102 3262 3265 3326 ,ὅστις
3291 3261 3427 3316 ποτὲ
3463 3261 3556 3315 καλ⁸
3580 3262 3608 3313 ὁ
3633 3258 3746 3330 θρόη-

2160 3372 2274 3421 ’νος
2302 3356 2507 3429 ἐστὶνδ
2550 3353 2744 3426 χωρῶν
2788 3355 2845 3407 ἐν
2888 3350 3067 3423 ἐαυτῷ
3107 3351 3199 3405 τὸν
3223 3352 3538 3425 ἀχώρητον’
3576 3351 3668 3413 τάς
3694 3366 3744 3403 τε

2123 5207 2165 5268 C

2187 3448 2446 3517 ἀπείρους
2471 3447 2583 3500 τῶν
2612 3444 2860 3514 ἀγγέλων
2892 3442 3159 3514 μυριάδας
3196 3443 3434 3510 ἐκείνας,
3478 3446 3535 3497 ἐν
3581 3441 3748 3509 κύκλῳ

2185 3538 2278 3593 τὸν
2322 3538 2545 3609 βασιλέα
2590 3535 2989 3609 περιεστώσαςο
3030 3536 3191 3591 αὐτόν
3226 3553 3286 3590 τε
3324 3537 3421 3590 τὸν
3468 3535 3633 3608 μέγαν
3666 3534 3747 3585 καὶ

2187 3630 2418 3702 φοϐερὸν
2465 3628 2710 3701 βασιλέα,
2765 3628 2831 3681 ἐκ
2881 3628 2981 3698 τῆς
3032 3627 3312 3700 ἀφράστου
3357 3627 3512 3693 δόξης
3545 3626 3633 3679 ἐπὶ
3661 3624 3747 3693 τὴν

2187 3722 2535 3795 ἀνθρωπίνην
2596 3719 3016 3775 κατακύπτοντα
3066 3719 3261 3790 φύσιν,
3306 3719 3405 3774 καὶ
3462 3721 3566 3773 πᾶν
3610 3717 3747 3786 γένος

2189 3813 2491 3886 ἀνθρώπων
2532 3812 2643 3866 τῶν
2680 3811 2774 3881 ἀφ’
2804 3804 2865 3864 οὗ
2898 3811 3182 3880 γεγόνασιν
3221 3810 3516 3881 ἄνθρωποι,
3547 3809 3635 3863 καὶ
3664 3805 3747 3877 μέ·

2192 3924 2283 3977 χρι
2312 3906 2411 3975 τῆς
2455 3902 2693 3974 φοϐερᾶς
2742 3903 3044 3973 ἐμφανείας
3086 3902 3299 3973 ἐκείνης
3346 3900 3745 3973 εὑρισκομένων,

2193 3995 2514 4068 ἀθροίζοντα
2540 4011 2599 4048 τε
2633 3994 2769 4066 πρὸς
2805 3994 3016 4060 ἐαυτὸν,
3046 3994 3142 4047 καὶ
3178 3993 3322 4046 κατὰ
3358 3994 3456 4065 τὴν
3484 3991 3631 4057 ἀξίαν
3652 3986 3746 4041 τῶν

2195 4085 2540 4156 βεϐιωμένων
2588 4083 2803 4154 ἑκάστῳ
2828 4083 2926 4154 τὴν
2960 4081 3139 4153 κρίσιν
3188 4083 3486 4151 ἐπάγοντα,
3519 4083 3625 4143 τοῖς
3661 4076 3746 4147 μὲν

2191 4175 2340 4249 δεξιᾷ
2369 4179 2435 4247 τῇ
2471 4174 2789 4249 προαιρέσει
2827 4174 3091 4245 συζήσασι
3122 4176 3191 4228 τὰ
3234 4174 3409 4240 δεξιὰ,
3455 4173 3630 4235 καθὼς
3683 4169 3747 4222 εί-

2198 4286 2377 4341 ρηται,
2417 4266 2795 4337 χαριζόμενον,
2826 4268 2940 4330 τοῖς
2965 4264 3022 4320 δὲ
3057 4267 3266 4330 σκαιοῖς
3306 4283 3371 4320 τε
3408 4267 3501 4319 καὶ
3530 4260 3747 4330 ἀποϐλή-

2192 4374 2324 4421 τοις,
2358 4356 2456 4428 τὴν
2482 4355 2816 4427 κατάλληλον
2838 4356 2950 4418 τοῖς
2980 4354 3330 4425 βεϐιωμένοις
3358 4350 3747 4425 ἀποκληροῦντα

2192 4447 2373 4518 ψῆφον
2393 4462 2407 4476 ·
2441 4446 2763 4514 ἐπιλέγοντα
2794 4446 3098 4517 ἑκατέροις,
3124 4447 3238 4508 τοῖς
3267 4445 3369 4515 μὲν
3397 4445 3494 4516 τὴν
3514 4444 3748 4513 γλυκεῖαν

2193 4539 2290 4592 καὶ
2334 4537 2543 4609 ἀγαθὴν
2572 4538 2786 4607 ἐκείνην
2820 4538 3004 4608 φωνὴν
3023 4575 3041 4604 ,
3077 4537 3161 4590 ὅτι
3192 4537 3391 4602 Δεῦτε,
3425 4540 3479 4592 al
3518 4538 3748 4602 εὐλογη-

2190 4624 2361 4695 μένοι
2404 4625 2512 4678 τοῦ
2562 4625 2794 4693 Πατρός
2816 4643 2935 4695 μου
2954 4640 2968 4656 ·
3012 4627 3125 4690 τοῖς
3164 4624 3225 4689 δὲ
3262 4625 3360 4698 τὴν
3397 4624 3632 4697 φρικώδη
3667 4622 3749 4676 καὶ

2196 4715 2436 4787 φοϐερὰν
2486 4716 2734 4788 ἀπειλὴν,
2768 4716 2850 4769 ὅτι
2884 4717 3236 4785 Πορεύεσθε,
3268 4721 3321 4772 οὶ
3354 4714 3745 4786 κατηραμένοι.

2196 4806 2352 4862 Οὕτω
2384 4807 2442 4861 δέ
2474 4825 2563 4879 μοι
2589 4808 2686 4879 τῆς
2712 4807 2890 4878 ψυχῆς
2918 4807 3056 4879 πρὸς
3088 4808 3180 4862 τδν
3208 4807 3318 4862 τῶν
3347 4803 3747 4877 ἀνεγνωσμένων

2198 4898 2358 4967 φόϐον
2387 4898 2745 4969 διατεθείσης,
2785 4899 2861 4962 ὡς
2884 4902 2902 4919 ⁶
2927 4900 2944 4920 ⁶
2971 4901 2992 4922 ⁶
3042 4898 3181 4971 πρὸς
3218 4900 3400 4964 αὐτοῖς
3427 4899 3597 4952 δοκεῖν
3625 4891 3748 4947 εἶναι

2195 4993 2308 5052 τοῖς
2343 4989 2653 5061 πράγμασι.
2703 4990 2815 5043 Καὶ
2869 4988 2978 5043 τῶν
3015 4990 3300 5061 παρόντων
3348 4984 3748 5045 ἐπαισθάνεσθαι

2202 5080 2447 5151 μηδενὸς,
2482 5080 2738 5151 οὐδεμίαν
2786 5082 2816 5134 ό
2858 5081 2983 5146 νοῦς
3043 5082 3167 5149 ἄγει
3210 5081 3423 5153 σχολὴν,
3474 5079 3602 5151 πρὸς
3637 5072 3749 5128 ἄλλο

2197 5189 2251 5223 τι
2304 5171 2521 5241 βλέπειν
2565 5171 2674 5226 τῶν
2721 5172 3096 5244 προκειμένων
3141 5174 3222 5237 είς
3277 5172 3518 5239 ἐξέτασίν
3562 5186 3617 5222 τε
3665 5163 3747 5218 καὶ

2200 5262 2434 5332 θεωρίαν
2460 5263 2538 5335 τῷ
2591 5264 2767 5336 λόγῳ’
2797 5264 2975 5318 καίτοι
3006 5281 3069 5333 γε
3103 5264 3164 5317 οὑ
3197 5265 3367 5337 μικρὰ
3397 5261 3566 5317 ταῦτὰ
3595 5261 3748 5313 ἐστιν.

2199 5355 2319 5409 οὐδὲ
2357 5354 2541 5427 ὀλίγης
2572 5356 2852 5426 ζητήσεως
2880 5354 3027 5423 ἄξια,
3073 5357 3135 5409 τὸ
3171 5356 3372 5425 γνῶναι
3403 5354 3515 5417 πῶς
3552 5351 3747 5418 ἔρχεται

2199 5448 2226 5497 ὁ
2272 5448 2358 5500 ἀεὶ
2409 5447 2621 5520 παρών.
2704 5448 2849 5503 Ἰδοὺ
2895 5448 3025 5521 γὰρ,
3066 5450 3220 5520 φησι,
3266 5448 3393 5518 μεθ’
3435 5443 3596 5515 ὑμῶν
3643 5439 3747 5506 ειμι

526 5540 649 5581 cere
706 5530 776 5585 ad
825 5530 975 5585 aliud
1032 5532 1329 5602 quidquam
1394 5549 1619 5602 eorum,
1662 5549 1782 5604 qua:
1842 5535 1977 5590 mihi
2026 5535 2088 5590 ad

2200 5536 2399 5602 πάσας
2445 5538 2552 5603 τὰς
2598 5538 2853 5608 ἡμέρας·
2904 5540 2997 5593 καὶ
3031 5542 3079 5593 εξ
3127 5540 3247 5609 μεθ’
3294 5538 3448 5611 ἡμῶν
3481 5531 3612 5588 εἶναι
3662 5542 3749 5582 πε-

527 5614 917 5683 explorandum
957 5627 1012 5675 et
1062 5625 1539 5705 contemplandum
1594 5624 1870 5707 proposita
1926 5633 2093 5687 sunt,

606 5783 648 5814 °‘
686 5785 872 5848 Matth.
939 5804 1061 5856 xxv,
1091 5794 1157 5845 ιο
1198 5812 1316 5873 ειμι.

2207 5629 2505 5698 πίστευται,
2544 5632 2659 5695 πῶς
2682 5631 2829 5701 ἥξειν
2852 5632 2925 5695 ὡς
2947 5632 3006 5684 οὐ
3043 5630 3233 5702 παρὼν
3262 5627 3673 5698 amnt-51km;
3703 5612 3745 5668 εί
