4026 6500
363 404 470 466 4⁸75

1511 402 1603 460 DE
1641 398 2082 459 PAUPERIBUS
2109 402 2431 459 AMANDIS.

3526 412 3632 473 474

360 520 478 591 γὰρ
513 518 583 572 ἐν
612 516 781 583 αὐτῷ
812 516 999 588 ζῶμέν
1024 532 1089 571 τε
1125 516 1225 570 καὶ
1260 515 1581 585 κινούμεθα
1611 516 1712 570 καί
1737 515 1942 585 ἐσμὲν,

2050 516 2301 584 quamvis
2327 530 2389 571 ea
2422 516 2668 585 profecto
2706 531 2803 571 nec
2843 532 3008 587 parva
3046 519 3179 585 sint,
3226 535 3327 576 nec
3377 537 3631 593 exiguam

365 607 554 672 καθώς
602 623 767 678 φησιν
816 609 846 662 ὁ
909 606 1225 669 Ἀπόστολος
1246 645 1260 671 ,
1312 605 1538 676 οὐδεμία
1596 607 1812 678 μηχανὴ
1856 605 1949 660 τοῦ

364 698 873 771 περιδεδραγμένου
906 698 1013 751 τῶν
1062 698 1277 752 πάντων
1306 697 1432 760 τοὺς
1464 698 1522 750 ἑν
1549 697 1698 768 αύτῷ
1724 714 1951 768 κατεχο-

369 792 568 854 μένους
597 789 838 853 τοπικῶς
862 790 1193 860 ἀποστήσειο
1226 788 1366 841 ὥστε
1397 789 1431 859 ἢ
1459 787 1554 842 νῦν
1588 788 1661 859 μὴ
1698 793 1950 858 παρεῖναι

362 882 485 945 τοῖς
513 880 1002 952 ἑμπεριεχομένοις
1023 919 1037 944 ,
1069 878 1101 950 ἢ
1131 879 1342 951 χρόνοις
1370 877 1595 951 ὕστερον
1617 878 1951 949 παρέσεσθαι

365 990 506 1027 ποτε
534 974 927 1047 προσδοκῆσαι.
961 971 1056 1034 Τίς
1081 971 1138 1023 δὲ
1177 973 1273 1025 καὶ
1301 973 1334 1042 ἡ
1364 969 1459 1025 τοῦ
1488 970 1780 1040 ἀσωμάτου
1815 969 1952 1023 καθ-

364 1065 540 1136 έδρας
585 1064 683 1118 καὶ
742 1064 776 1135 ἡ
826 1061 920 1116 τοῦ
981 1061 1214 1131 ἀοράτου
1277 1062 1581 1131 ἑμφάνεια;
1633 1060 1726 1114 καὶ
1778 1061 1811 1131 ἡ
1856 1059 1951 1113 τοῦ

364 1156 781 1226 ἀσχηματίστου
833 1156 1048 1226 μορφῆς
1105 1155 1198 1208 καὶ
1243 1156 1277 1224 ἠ
1324 1153 1419 1208 τοῦ
1462 1154 1746 1225 ἀχωρήτου
1785 1154 1843 1206 ἑν
1875 1152 1954 1224 τῷ

365 1246 551 1317 θρόνῳ
586 1247 939 1317 περιγραφή;
995 1244 1089 1296 καὶ
1124 1243 1299 1297 πάντα
1338 1243 1404 1296 τὰ
1436 1243 1678 1307 τοιαῦτα,
1725 1242 1801 1306 ὡς
1833 1242 1952 1312 μεί-

365 1338 503 1401 ζονα
552 1336 588 1407 ἢ
635 1334 778 1390 κατά
828 1336 920 1388 τὸν
984 1335 1224 1407 παρόντα
1278 1334 1489 1402 καιρὸν,
1548 1331 1946 1405 ὑπερθήσομαι.

366 1429 564 1490 Ὅπως
586 1427 631 1479 δ’
660 1425 726 1480 ἂν
759 1426 833 1497 μὴ
864 1427 943 1489 είς
966 1425 1065 1495 τὴν
1088 1424 1197 1478 τῶν
1221 1423 1539 1495 ἀποϐλήτων
1564 1423 1844 1494 ἀπωσθείη
1853 1440 1951 1493 μεν

364 1519 543 1585 τάξιν,
582 1519 718 1590 πρὸς
761 1516 937 1581 τοῦτο,
989 1515 1171 1581 καθὼς
1215 1516 1282 1571 ἂν
1328 1511 1441 1579 οἶός
1491 1532 1550 1568 τε
1595 1510 1659 1582 ὧ,
1706 1517 1844 1584 πρὸς
1891 1514 1952 1567 τὸ

367 1613 549 1665 κοινὸν
573 1610 764 1681 κέρδος
787 1609 969 1681 τρέψω
998 1608 1091 1662 τὸν
1116 1608 1291 1677 λόγον.
1317 1607 1528 1680 Σφόδρα
1552 1607 1680 1678 γὰρ,
1707 1606 1947 1676 ἀδελφοὶ,

368 1702 582 1773 σφόδρα
634 1700 772 1772 πρὸς
816 1701 916 1770 τὴν
963 1699 1191 1770 ἀπειλὴν
1242 1700 1621 1769 κατεπτόημαι
1643 1715 1657 1729 ⁸
1707 1699 1802 1752 καὶ
1851 1700 1951 1753 οὐκ

364 1791 641 1863 ἀρνοῦμαι
689 1793 789 1861 τῆς
839 1789 1017 1863 ψυχῆς
1057 1806 1156 1860 μου
1190 1789 1252 1843 τὺ
1296 1790 1487 1853 πάθος.
1535 1789 1865 1860 Ἐϐουλόμην
1903 1790 1949 1843 δ’

2052 605 2454 675 indagationem
2487 607 2772 677 requirant
2802 626 2816 674 ;
2849 611 3123 679 quomodo
3153 611 3406 668 videlicet
3444 615 3629 670 venire

2051 696 2411 767 intelligatur,
2437 698 2530 767 qui
2561 714 2777 767 semper
2808 699 2985 764 adest,
3011 704 3313 771 praesertim
3344 719 3467 759 cum
3511 705 3629 775 ipse

2050 786 2195 841 dicat
2229 806 2241 841 :
2273 790 2407 842 Ecce
2435 787 2701 842 vobiscum
2727 806 2842 842 sum
2868 790 3107 845 omnibus
3131 791 3311 847 diebus
3342 791 3529 864 iusque
3558 796 3627 849 ad

2050 880 2551 933 consummationem
2585 881 2767 934 saeculi
2803 880 2876 953 ⁸⁵]
2909 899 2925 947 ;
2959 890 3013 936 et
3063 882 3107 937 si
3162 884 3445 939 nobiscum
3505 900 3626 940 (sse

2051 969 2295 1024 creditur
2317 1009 2333 1034 ,
2364 969 2639 1039 quomodo
2672 981 2938 1027 venturus
2960 1012 2977 1040 ,
3012 980 3271 1043 tanquam
3320 990 3428 1029 non
3463 976 3623 1037 adsit,

2049 1059 2443 1114 existimetur?
2484 1059 2540 1113 Si
2580 1060 2726 1115 enim
2770 1062 2825 1114 in
2861 1063 2975 1130 ipso
2999 1064 3083 1127 (ut
3109 1065 3288 1135 inquit
3313 1066 3624 1137 Apostolus)

2049 1147 2301 1212 vivimus,
2332 1164 2637 1213 mouemur,
2671 1158 2723 1204 et
2772 1166 2953 1205 sumus
2983 1152 3050 1217 ⁸⁸,
3084 1154 3237 1208 nullo
3291 1156 3454 1211 modo
3510 1156 3626 1210 ﬁeri

2049 1246 2250 1308 potest,
2286 1247 2345 1294 ut
2384 1240 2454 1295 ab
2482 1240 2598 1303 illo,
2630 1242 2724 1312 qui
2755 1243 3140 1312 complectitur
3161 1247 3365 1311 omnia,
3395 1248 3454 1312 ii,
3486 1263 3627 1318 quos

2051 1329 2169 1398 ipse
2200 1331 2636 1400 comprehendit,
2686 1334 2810 1388 loco
2855 1335 3261 1402 discludantur,
3307 1340 3378 1394 ita
3421 1350 3480 1393 ut
3534 1350 3629 1395 aut

2050 1437 2197 1475 nunc
2242 1423 2471 1477 minime
2509 1424 2654 1479 adsit
2695 1425 2780 1481 bis
2832 1427 2925 1495 qui
2962 1428 3031 1482 ab
3077 1429 3198 1498 ipso
3254 1432 3624 1496 continentur,

2050 1523 2144 1566 aut
2191 1522 2315 1582 post
2369 1514 2589 1582 aliquod
2641 1522 2855 1586 tempus
2908 1517 3205 1575 adiuturus
3258 1528 3619 1589 exspectetur.

2048 1603 2337 1669 Praeterea,
2357 1621 2477 1676 quae
2504 1609 2677 1676 possit
2705 1623 2827 1665 esse
2856 1610 3004 1666 illius
3032 1621 3124 1665 aut
3151 1613 3329 1676 sedes,
3358 1622 3451 1667 aut
3488 1629 3628 1683 prae—

2051 1695 2248 1759 sentia,
2282 1706 2376 1750 aut
2424 1696 2598 1751 forma
2623 1736 2638 1762 ,
2670 1707 2765 1753 aut
2807 1703 2860 1755 in
2917 1702 3120 1758 throno
3160 1704 3626 1774 circumscriptio,

2052 1787 2145 1856 qui
2174 1796 2228 1842 et
2253 1802 2486 1858 corpore
2512 1798 2686 1855 caret,
2722 1800 2777 1847 et
2825 1792 2997 1848 videri
3039 1809 3147 1848 non
3192 1803 3389 1864 potest,
3424 1806 3479 1849 et
3522 1795 3632 1848 for-

364 1883 433 1935 ἂν
468 1882 563 1935 καὶ
604 1882 747 1951 ὑμᾶς
782 1881 856 1952 μὴ
884 1879 1367 1952 καταφρονητικῶς
1412 1879 1556 1949 ἔχειν
1591 1880 1700 1934 τῶν
1745 1880 1942 1948 φόϐων.

2050 1893 2193 1932 mam
2219 1880 2423 1935 nullam
2455 1881 2636 1949 habet,
2656 1893 2709 1938 et
2736 1885 2940 1954 ubique
2965 1886 3045 1940 sic
3075 1887 3249 1947 adest.
3276 1893 3335 1940 ut
3361 1901 3631 1956 nusquam

364 1974 657 2045 Μακάριος
686 1972 798 2044 γὰρ
825 1971 884 2036 ὅς
924 1973 1297 2043 καταπτήσσει
1330 1971 1505 2024 πάντα
1538 1970 1604 2024 δι’
1644 1968 1948 2025 εὐλάϐειαν.

379 2065 435 2117 Ὀ
493 2064 550 2116 δὲ
611 2060 964 2134 καταφρονῶν
1014 2063 1359 2133 πράγματος,
1408 2063 1952 2133 καταφρονηθήσεται

363 2158 455 2209 ὐπ’
495 2155 682 2218 αὐτοῦ,
727 2154 862 2226 φησί
915 2171 1017 2207 που
1061 2153 1161 2225 τῆς
1216 2155 1407 2224 σοφίας
1439 2156 1467 2207 ὁ
1510 2154 1682 2222 λόγος.
1743 2153 1950 2207 Οὐκοῦν

359 2248 469 2320 πρὸ
498 2250 601 2317 τῆς
633 2246 782 2317 ὥρας
812 2245 919 2299 τῶν
950 2244 1155 2310 κακῶν,
1190 2246 1252 2298 τὸ
1286 2245 1361 2316 μὴ
1389 2247 1445 2298 ἑν
1480 2245 1645 2318 πείρᾳ
1678 2245 1784 2298 τῶν
1817 2262 1949 2299 σκυ-

361 2339 601 2409 θρωπῶν
626 2337 882 2407 γενέσθαι
922 2338 1314 2408 φροντίσωμεν.
1350 2337 1445 2401 Τίς
1472 2337 1528 2391 δὲ
1577 2340 1610 2407 ὴ
1652 2338 1940 2409 ἀπαλλαγὴ

357 2431 468 2484 τῶν
495 2430 778 2503 φοϐερῶν;
815 2430 888 2482 Τὸ
918 2430 1121 2499 ταύτην
1149 2430 1241 2483 τοῦ
1280 2429 1393 2500 βίου
1423 2428 1521 2500 τὴν
1552 2429 1669 2483 ὁδὸν
1701 2429 1936 2494 ἑλέσθαι,

358 2525 425 2593 ἢν
459 2523 555 2576 νῦν
587 2520 863 2587 ὑπέδειξεν
892 2523 1026 2593 ἡμῖν
1053 2523 1081 2574 ὁ
1109 2521 1285 2590 λόγος,
1314 2520 1412 2592 τὴν
1440 2519 1749 2591 πρόσφατον
1771 2519 1938 2583 ὅντως

356 2614 454 2668 καὶ
478 2612 681 2678 ζῶσαν.

2046 1971 2301 2025 concludi
2340 1974 2622 2029 secludive
2649 1976 2843 2044 possit.
2883 1975 3007 2031 Hmc
3043 1977 3209 2071 igitur
3249 1989 3303 2032 et
3334 1986 3529 2033 caetera
3576 1977 3631 2031 id

2045 2077 2219 2133 genus
2251 2071 2510 2134 tanquam
2546 2067 2776 2136 majora,
2828 2083 2990 2137 quam
3024 2067 3144 2123 ut'a
3182 2070 3343 2125 nobis
3386 2070 3441 2122 in
3490 2084 3629 2139 prato

2048 2156 2225 2209 sentia
2256 2158 2519 2227 explicari
2561 2160 2796 2223 valeant,
2830 2161 3166 2224 omittemus,
3206 2169 3262 2216 et
3319 2162 3630 2215 communis

2048 2247 2301 2303 utilitatis
2329 2250 2502 2320 gratia
2547 2251 2679 2305 illuc
2709 2252 3013 2307 orationem
3064 2262 3310 2311 nostram
3344 2261 3631 2309 converte-

2047 2353 2190 2400 mus,
2233 2349 2314 2404 ut,
2343 2357 2453 2410 quo
2509 2352 2668 2412 pacto
2716 2342 2832 2397 ﬁeri
2878 2346 3072 2414 possit,
3113 2362 3179 2401 ne
3226 2347 3539 2416 redigamur
3574 2348 3629 2400 in

2045 2430 2407 2498 reproborum
2477 2432 2764 2497 ordinem,
2824 2450 2923 2504 pro
2979 2437 3191 2493 viribus
3250 2438 3627 2494 ostendamus.

2043 2518 2328 2591 Equidem,
2362 2532 2419 2578 ut
2453 2525 2685 2595 ingenue
2738 2526 2909 2581 fatear
2946 2530 3412 2598 perturbationem
3462 2529 3631 2582 animi

2042 2615 2170 2679 mei,
2215 2621 2586 2684 vehementer,
2621 2636 2654 2675 ο
2690 2621 2924 2688 fratres,
2961 2623 3309 2677 vehementer
3360 2622 3450 2675 illa
3481 2637 3631 2677 com-

356 2707 662 2763 minatione
722 2705 1053 2761 conterritus
1099 2720 1242 2760 sum.
1289 2703 1404 2759 Hoc
1459 2711 1642 2759 autem
1693 2704 1888 2758 timore
1945 2718 2042 2760 vos
2098 2707 2222 2760 item
2275 2709 2411 2764 aﬂici
2460 2712 2621 2766 velim
2682 2729 2858 2783 neque
2922 2730 3046 2769 eum
3106 2714 3213 2767 ulla
3264 2715 3475 2768 ratione
3532 2715 3631 2768 dc-

354 2801 591 2871 spicere.
636 2799 837 2854 Beatus
886 2799 1033 2854 enim
1085 2798 1171 2852 vir
1218 2797 1311 2867 qui
1362 2805 1581 2852 veretur
1633 2796 1816 2850 omnia
1853 2810 1950 2864 per
2005 2805 2248 2863 metum,
2290 2811 2350 2854 ut
2396 2803 2633 2870 quodam
2683 2805 2806 2860 loco
2863 2805 3037 2874 inquit
3085 2806 3311 2874 Sapiens
3378 2805 3455 2872 ";
3536 2805 3629 2873 qui

356 2905 540 2949 autem
568 2893 871 2949 contemnit
898 2907 1038 2958 rem,
1070 2900 1450 2948 contemnetur
1494 2893 1562 2947 ab
1611 2906 1695 2947 ea.
1746 2888 2074 2964 Priusquam
2101 2895 2267 2965 igitur
2290 2896 2505 2955 irruant
2559 2900 2737 2966 mala,
2789 2899 2983 2957 demus
3039 2915 3257 2971 operam
3320 2899 3629 2971 diligenter,

356 3006 426 3046 ne
471 2990 632 3045 nobis
674 2990 791 3043 haec
844 2989 1020 3043 tristia
1067 3002 1294 3043 necesse
1346 2987 1418 3042 sit
1446 2987 1704 3058 experiri.
1741 2985 1936 3041 Verum
1976 3004 2212 3058 quonam
2257 2992 2417 3048 modo
2452 3010 2514 3049 ea
2567 2994 3013 3050 declinabimus?
3049 2996 3152 3049 hoc
3222 2994 3498 3058 nimirum,
3570 3002 3628 3047 ut

356 3094 476 3135 eam
507 3078 725 3135 vivendi
777 3077 1049 3131 rationem
1084 3085 1140 3133 et
1166 3076 1335 3143 viam,
1364 3093 1528 3149 quam
1557 3077 1613 3131 in
1641 3077 1930 3146 praesentia
1974 3078 2264 3151 Scriptura
2312 3084 2474 3139 nobis
2502 3085 2763 3151 ostendit,
2797 3102 2918 3156 qua:
2948 3103 3095 3140 nunc
3126 3087 3305 3158 viget,
3378 3096 3429 3142 et
3507 3098 3629 3142 vero

353 3171 511 3235 vivit,
540 3171 938 3242 ingrediamut‘.

426 3265 524 3327 Τίς
542 3264 599 3318 δὲ
626 3266 654 3335 ἡ
679 3264 795 3328 ὁδός
815 3281 831 3330 ;
848 3264 1152 3330 Ἐπείνων,
1174 3262 1419 3331 ἐδίψων,
1445 3259 1815 3331 ξένοςῆμην,
1834 3260 1929 3314 καί

2108 3263 2367 3327 Quanam
2397 3270 2482 3320 est
2522 3264 2638 3319 haec
2664 3265 2803 3319 ratio
2830 3265 2855 3318 ‘P
2880 3280 3130 3335 quaenam
3165 3266 3279 3320 haec
3324 3266 3409 3320 via
3435 3267 3459 3320 ?
3488 3265 3629 3321 Esu-

354 3356 582 3427 τυμνὸς
611 3356 711 3409 καὶ
756 3355 1043 3423 ἀσθενὴς,
1084 3353 1181 3408 καὶ
1214 3354 1286 3408 ἐν
1316 3352 1584 3422 φυλακῇ.
1636 3352 1760 3420 Ἐφ’
1791 3350 1941 3405 ὅσον

363 3448 687 3514 ἐποιήσατε
704 3447 792 3500 ἐνὶ
811 3447 1037 3501 τούτων
1061 3445 1181 3498 τῶν
1206 3444 1565 3511 ἐλαχίστων,
1580 3443 1709 3511 ἐμοὶ
1738 3442 1942 3511 ἐποιή-

358 3553 527 3591 cate.
564 3524 798 3589 Καὶ’διά
836 3534 1012 3598 τοῦτο,
1048 3534 1202 3603 φησὶ,
1234 3531 1437 3597 Δεῦτε,
1466 3534 1518 3585 ot
1547 3531 1941 3601 εὐλογημένοι

358 3628 465 3683 τοῦ
507 3631 739 3696 Πατρός
769 3644 909 3696 μου.
952 3627 1017 3678 Τί
1044 3625 1131 3678 διὰ
1168 3624 1372 3679 τούτων
1407 3624 1782 3696 μανθάνομενς
1817 3625 1940 3677 Ὅτι

358 3718 577 3787 εὐλογία
609 3718 706 3790 μέν
739 3719 907 3783 ἑστιν,
936 3718 970 3787 ἡ
1017 3716 1126 3770 τῶν
1173 3717 1399 3771 ἐντολῶν
1434 3715 1752 3787 ἑπιμέλεια’
1810 3733 1941 3769 κατ-

355 3814 469 3883 ἄρα
501 3810 578 3872 δὲ,
610 3812 644 3881 ἡ
678 3809 806 3881 περὶ
847 3809 946 3872 τὰς
975 3808 1196 3872 ἐντολὰς
1233 3809 1497 3881 ῥᾳθυμία.
1541 3808 1939 3879 Ἀγαπήσωμεν

359 3901 457 3970 τὴν
490 3900 759 3968 εὐλογίαν,
794 3899 888 3953 καὶ
920 3898 1182 3970 φύγωμεν
1221 3901 1318 3972 τὴν
1353 3900 1615 3972 κατάραν.
1664 3898 1778 3967 Ἐφ’
1808 3901 1939 3970 ἡμῖν

360 3991 467 4062 γάρ
496 3994 643 4044 ἑστιν
669 3990 946 4062 ἑλέσθαιῆ
981 3991 1055 4062 μὴ
1102 3989 1313 4044 ἑλέσθαι
1358 3994 1477 4045 κατ’
1519 3990 1762 4055 ἐξουσίαν
1806 3991 1936 4044 ἑκά-

358 4099 515 4152 τερον
542 4083 705 4153 πρὸς
754 4083 782 4135 ὅ
816 4098 871 4136 τι
902 4083 1011 4152 γὰρ
1054 4082 1121 4136 ἂν
1163 4086 1229 4154 τῇ
1260 4083 1535 4159 προθυμίᾳ
1574 4083 1847 4153 ρέψωμεν,
1881 4085 1939 4136 ἑν

360 4174 553 4244 ἐκείνῳ
576 4175 828 4245 ἐσόμεθα.
862 4174 1070 4228 Οὐκοῦν
1096 4174 1504 4243 οίκειωσώμεθα
1530 4175 1620 4227 τὸν
1660 4175 1761 4245 τῆς
1788 4175 1938 4228 εὐλο-

358 4266 483 4332 γίας
526 4265 748 4338 Κύριον,
796 4267 889 4320 τὸν
939 4266 1116 4337 ἑαυτῷ
1156 4267 1255 4337 τὴν
1301 4265 1427 4335 περὶ
1477 4267 1603 4328 τοὺς
1649 4263 1938 4334 δεομένους

361 4357 595 4428 σπουδὴν
642 4356 987 4429 λογιζόμενον
1006 4374 1024 4390 ·
1080 4357 1175 4412 καὶ
1211 4357 1445 4428 μάλιστα
1473 4355 1588 4419 νῦν,
1619 4356 1706 4408 ὅτε
1738 4356 1938 4427 πολλὴν

358 4448 470 4518 ἔχει
522 4447 661 4502 κατὰ
702 4450 793 4503 τὸν
842 4448 1085 4521 παρόντα
1136 4447 1249 4519 βίον
1297 4447 1432 4518 ύλην
1480 4449 1514 4519 ἡ
1567 4448 1772 4519 ἐντολή.
1827 4448 1939 4501 Καὶ

358 4539 542 4593 πολλοὶ
576 4540 674 4611 μὲν
716 4541 767 4593 οἱ
797 4540 905 4595 τῶν
935 4541 1243 4610 ἀναγκαίων
1272 4540 1471 4603 ἐνδεεῖς
1490 4555 1503 4569 ο
1536 4537 1720 4592 πολλοὶ
1749 4538 1807 4592 δὲ
1844 4538 1938 4592 καὶ

356 4630 520 4683 αὐτοῦ
549 4628 641 4684 τοῦ
682 4630 933 4701 σώματος
974 4631 1186 4701 ἔχουσιν
1231 4630 1442 4696 ἐνδεῶς,
1473 4631 1538 4683 ἑκ
1562 4630 1664 4700 τῆς
1696 4631 1936 4702 πονηρᾶς

356 4721 666 4793 ἀρρωστίας
692 4722 1109 4793 δαπανηθέντες.
1133 4720 1342 4775 Οὐκοῦν
1370 4721 1429 4775 ἑν
1465 4723 1530 4792 τῇ
1565 4721 1690 4791 περὶ
1716 4721 1938 4784 τούτους

361 4813 586 4884 σπουδῇ,
634 4813 731 4883 τὴν
775 4812 988 4883 ἀγαθὴν
1027 4812 1356 4881 ἐπαγγελίαν
1400 4811 1612 4873 ἑαυτοῖς
1655 4809 1933 4881 κατορθώο

359 4924 541 4975 σωμεν
563 4923 574 4935 ’
610 4905 754 4974 λέγω
793 4906 848 4958 δὲ
879 4904 1064 4973 σαφῶς
1091 4903 1288 4957 οὑτωσὶ
1313 4905 1442 4975 περὶ
1469 4902 1576 4956 τῶν
1607 4903 1673 4955 ὲκ
1703 4902 1805 4971 τῆς
1837 4918 1936 4971 χα-

358 4996 527 5070 λεπῆς
572 4999 727 5053 νόσου
767 4995 1227 5069 διαλωϐηθὲντων.
1261 4995 1410 5061 Ὅσῳ
1441 4994 1550 5065 γὰρ
1582 4991 1783 5065 μείζων
1817 4993 1935 5047 ἐστὶ

357 5089 562 5143 τούτων
602 5091 636 5160 ἡ
664 5087 942 5160 ἀρρωστία
965 5129 980 5153 ,
1010 5085 1250 5157 τοσούτῳ
1278 5086 1518 5156 δηλονότι
1540 5086 1634 5139 καὶ
1669 5084 1869 5138 πλείων
1902 5085 1936 5155 ἡ

359 5179 575 5248 εὐλογία
605 5182 718 5244 τοῖς
743 5179 805 5232 τὸ
834 5180 1091 5233 ἐπίπονον
1130 5177 1231 5247 τῆς
1275 5177 1494 5248 ἐντολῆς
1536 5175 1934 5248 κατορθώσασι.

356 5272 421 5324 Τί
468 5269 562 5326 οὖν
610 5272 716 5344 χρὴ
761 5273 1054 5345 πράττεινς
1106 5269 1199 5340 Μὴ
1238 5268 1567 5323 ἀντιϐαίνειν
1598 5271 1665 5340 τῇ
1697 5268 1936 5332 διατάξει

353 5360 448 5413 τοῦ
480 5361 815 5433 Πνεύματος.
864 5361 1013 5432 Αὕτη
1042 5361 1100 5414 δέ
1138 5362 1272 5424 ἔστι,
1322 5359 1385 5412 τὸ
1417 5358 1491 5429 μὴ
1523 5357 1935 5430 mmmam;

353 5452 464 5506 τῶν
496 5454 894 5509 κοινωνούντων
921 5454 1019 5524 τῆς
1053 5452 1296 5523 φύσεως’
1325 5451 1460 5523 μηδὲ
1496 5450 1777 5522 μιμεῖσθαι
1808 5451 1936 5512 τοὺς

353 5546 413 5599 ὲν
461 5546 540 5615 τῷ
606 5546 925 5617 Εὐαγγελίῳ
991 5543 1468 5616 κατηγορηθέντας
1520 5540 1793 5603 ἐκείνους,
1843 5540 1936 5593 τὸν

364 5637 510 5708 ἱερέα
581 5638 725 5707 λέγω
756 5638 848 5691 καὶ
883 5637 974 5690 τὸν
1003 5637 1256 5707 Λευῒτην,
1291 5631 1630 5704 ἀσυμπαθῶς
1657 5630 1937 5703 παραδρα-

428 5817 472 5857 ⁴⁸
513 5816 698 5879 Matth.
744 5832 932 5881 xxviii,
974 5815 1060 5871 ‘20.
1139 5817 1183 5849 “
1222 5817 1341 5872 Act.
1387 5829 1517 5880 xv”,
1558 5813 1648 5868 28.

2043 3355 2164 3417 rivi,
2196 3356 2358 3421 sitim’,
2390 3360 2574 3423 hospes
2595 3374 2764 3422 eram,
2791 3366 2840 3412 et
2865 3358 3061 3421 nudus,
3094 3368 3143 3411 et
3194 3359 3463 3428 inﬁrmus,
3487 3369 3537 3414 ct
3574 3360 3627 3414 in

2041 3460 2267 3499 carcere.
2288 3447 2558 3513 Quatenus
2581 3447 2675 3500 uni
2686 3461 2867 3501 eorum
2887 3445 3106 3513 fecistis,
3130 3448 3255 3503 mihi
3299 3450 3514 3517 fecistis.
3535 3449 3626 3504 Id-

2041 3535 2206 3598 circo,
2224 3535 2621 3604 Venite,inquit,
2651 3535 2903 3590 benedicti
2936 3535 3116 3590 Patris
3145 3538 3265 3592 mei.
3282 3537 3422 3605 Quid
3443 3554 3507 3593 ex
3541 3540 3626 3595 his

2040 3624 2342 3679 discimus?
2361 3624 2798 3681 Benedictionem
2826 3643 2891 3679 ac
2921 3643 3196 3682 summum
3229 3630 3430 3684 bonum
3467 3632 3520 3686 in
3543 3632 3628 3686 di-

2040 3714 2259 3784 ligentia
2280 3754 2294 3774 ,
2318 3721 2374 3768 et
2396 3714 2744 3769 observantia
2773 3715 3154 3769 mandatorum
3184 3717 3420 3783 positum
3452 3733 3576 3774 esse
3602 3736 3616 3785 ;

2040 3804 2475 3859 maledictionem
2514 3813 2568 3858 et
2625 3807 2889 3859 malorum
2939 3815 3242 3860 extremum
3300 3823 3364 3862 ex
3418 3809 3625 3864 desidia

2040 3895 2532 3966 mandatorumque
2577 3895 2934 3966 despicientia
2970 3896 3269 3965 proficisci.
3333 3895 3482 3950 Illam
3521 3900 3622 3969 igi—

2040 3993 2131 4040 tur
2165 3988 2584 4056 amplectamur,
2607 3988 2747 4041 hanc
2778 3987 3066 4058 fugiamus,
3090 3987 3311 4057 quando
3346 3988 3399 4042 in
3436 3998 3623 4043 nostra

2038 4090 2200 4129 manu
2232 4076 2396 4130 situm
2439 4084 2544 4142 est,
2578 4086 2657 4141 ut,
2692 4086 2869 4132 utram
2921 4078 3192 4143 volumus,
3228 4078 3617 4147 adipiscamur.

2036 4167 2118 4220 Ad
2148 4168 2293 4237 quod
2336 4170 2483 4223 enim
2521 4169 2738 4239 egregia
2789 4170 2957 4223 animi
2994 4170 3277 4223 alacritate
3317 4171 3622 4240 propende~

2037 4257 2231 4324 rimus,
2286 4260 2340 4314 in
2398 4273 2464 4314 eo
2520 4259 2691 4314 futuri
2723 4275 2937 4314 sumus.
2993 4259 3173 4326 Quare
3216 4260 3617 4317 benedictionis

2041 4348 2350 4414 hominum,
2388 4350 2481 4418 qui
2520 4350 2747 4419 perinde
2781 4351 2940 4404 nobis
2974 4361 3258 4419 acceptum
3287 4349 3503 4405 laturus
3534 4361 3619 4407 est

1998 4470 2005 4477 ι
2039 4441 2303 4512 quidquid
2334 4441 2499 4496 studii
2527 4451 2581 4497 et
2612 4439 2775 4495 oﬂicii
2812 4441 2868 4495 in
2890 4455 3160 4512 pauperes
3191 4442 3615 4508 contulerimus,

2041 4547 2105 4587 ac
2145 4533 2190 4588 si
2223 4533 2277 4586 in
2305 4531 2485 4602 ipsum
2510 4532 2959 4600 contulissemus,
2992 4531 3346 4590 conciliemus
3372 4533 3534 4590 nobis
3564 4534 3620 4588 et

2041 4626 2469 4696 obstringamus,
2513 4625 2817 4695 praesertim
2851 4624 2956 4680 hoc
2993 4633 3259 4695 tempore,
3300 4641 3409 4695 quo
3435 4626 3614 4690 nobis,

2039 4717 2169 4771 dum
2205 4716 2464 4783 vivimus,
2492 4730 2687 4786 magna
2715 4716 3053 4787 exsequendi
3098 4716 3342 4772 mandati
3382 4716 3617 4772 facultas

2039 4809 2330 4880 praebetur,
2375 4808 2642 4879 multique
2691 4815 2841 4875 sunt,
2894 4809 2986 4879 qui
3037 4808 3203 4864 rebus
3249 4807 3616 4869 necessariis,

2039 4900 2217 4964 multi,
2268 4900 2360 4971 qui
2402 4907 2457 4955 et
2509 4901 2632 4970 ipso
2680 4915 2911 4972 corpore
2955 4899 3253 4970 indigeant,
3302 4897 3372 4952 ab
3402 4898 3522 4967 ipsa
3564 4898 3617 4951 vi

2040 4993 2217 5047 morbi
2252 4990 2487 5047 confecti
2525 5000 2690 5062 atque
2726 4991 3060 5061 consumpti.
3092 4990 3185 5045 Sic
3228 4990 3395 5058 igitur
3426 5003 3526 5042 nos
3558 4986 3614 5041 in

2036 5084 2139 5139 hac
2188 5100 2269 5150 re,
2325 5084 2428 5138 hoc
2472 5090 2576 5148 est,
2640 5089 2700 5137 ut
2751 5083 2970 5154 planius
3019 5082 3232 5150 loquat,
3296 5079 3353 5133 th
3407 5077 3474 5131 iis
3518 5076 3613 5146 qui

2036 5176 2229 5231 morbo
2273 5175 2602 5245 gravissimo
2643 5174 2881 5228 mutilati
2927 5179 3078 5239 sunt,
3122 5168 3375 5224 fovendis
3410 5161 3612 5222 éuran-

2035 5266 2233 5338 disque
2260 5266 2509 5323 studiose
2537 5265 2939 5337 diligenterque
2972 5275 3246 5334 geramus,
3289 5267 3348 5314 ut
3378 5259 3606 5330 praecla-

2034 5375 2157 5413 rum
2193 5358 2328 5412 illud
2377 5358 2711 5427 promissum
2744 5355 3027 5425 praemium
3068 5364 3447 5421 assequamur.
3487 5348 3611 5418 Quo

2033 5449 2179 5504 enim
2230 5449 2448 5519 gravior
2499 5449 2554 5503 in
2604 5448 2692 5504 his
2730 5446 2956 5502 morbus
3003 5446 3295 5514 reperitur,
3335 5457 3401 5498 eo
3433 5440 3610 5512 majus

2036 5540 2317 5609 praemium
2346 5540 2688 5595 laboriosum
2730 5536 2862 5594 illud
2889 5536 3130 5592 mandati
3168 5549 3372 5591 munus
3399 5536 3609 5590 obeune

2032 5639 2116 5686 tes
2149 5639 2353 5687 manet.
2388 5631 2530 5699 Quid
2555 5631 2725 5702 igitur
2756 5628 3068 5685 faciendum
3100 5626 3225 5685 est?
3257 5624 3393 5682 illud
3419 5618 3608 5696 utique

1761 5813 1804 5845 ⁵⁷
1843 5811 2000 5868 Prov.
2028 5824 2217 5877 xxviii,
2249 5810 2335 5865 Li.
