4026 6496
397 399 502 458 475

1623 388 1679 443 S.
1719 385 2048 443 GREGORII
2105 385 2402 443 NYSSENI

3554 396 3657 451 47ίὶ

405 521 463 563 ut
485 510 658 565 sancti
680 506 931 577 'Spiritus
963 506 1229 563 voluntati
1271 521 1338 561 ne
1379 505 1730 571 resistamus;
1769 518 1831 558 ea
1869 518 1969 556 au-

2094 502 2275 567 ιὸντας
2303 505 2394 557 τὸν
2440 504 2591 559 ἐλέου
2624 504 2882 576 δεόμενον
2928 506 3153 571 ἐκεῖνον,
3194 507 3253 561 ὄν
3297 524 3429 578 φησι
3472 509 3537 563 τὸ
3579 510 3661 565 δικ

405 614 511 655 tom
558 610 663 663 est,
699 610 760 655 ut
796 617 911 664 eos.
951 601 1042 672 qui
1095 601 1284 657 eadem
1333 608 1525 656 natura
1565 597 1778 669 praediti
1822 604 1972 661 sunt,

404 706 660 762 tanquam
716 693 928 748 alienos
973 708 1083 747 non
1142 694 1433 757 evitemus,
1479 706 1657 761 neque
1702 690 1977 743 imitemur

403 785 766 854 reprehensos
800 785 922 840 illos
964 787 1019 839 in
1050 784 1365 855 Evangelio,
1399 783 1738 839 sacerdotem
1769 789 1823 835 et
1848 781 1979 835 levi-

403 883 512 928 tam
545 874 690 940 dico,
718 875 811 945 qui
839 876 1206 931 miserabilem
1263 876 1437 936 illum,
1479 888 1638 943 quem
1681 872 1908 927 historia
1948 886 1979 925 a

405 964 710 1019 latronibus
766 966 1188 1020 ‘semimortuum
1248 966 1500 1019 relictum
1567 962 1768 1028 tradit,
1830 962 1980 1015 nulla

404 1058 664 1110 commoti
714 1058 1193 1112 commiseratione
1245 1054 1713 1127 praeterierunt“.
1761 1053 1893 1108 Nam
1932 1055 1980 1109 si

404 1155 781 1216 coarguuntur
818 1148 894 1201 illi
935 1147 1083 1217 quod
1132 1147 1198 1201 ad
1251 1148 1441 1218 plagas
1484 1147 1537 1200 in
1573 1146 1722 1200 nudo
1753 1161 1984 1216 corpore

406 1238 835 1293 intumescentes
866 1254 973 1292 non
1017 1239 1396 1309 respexerint,
1426 1239 1703 1308 quomodo
1739 1253 1858 1305 nos,
1888 1238 1980 1309 qui

406 1343 531 1384 reos
573 1329 695 1384 illos
730 1329 1028 1391 imitamur,
1066 1346 1175 1384 non
1212 1330 1267 1383 in
1309 1332 1564 1385 eamdem
1598 1331 1985 1400 reprehensio-

406 1436 528 1475 nem
565 1420 947 1475 incurremus?
994 1436 1169 1491 neque
1200 1422 1346 1475 enim
1389 1421 1640 1491 profecto
1669 1429 1779 1475 tam
1820 1422 1985 1477 mise-

407 1511 637 1566 randum
675 1513 1048 1582 spectaculum
1092 1514 1324 1583 praebuit
1355 1514 1467 1577 ille,
1499 1514 1594 1584 qui
1637 1515 1692 1567 in
1741 1514 1985 1570 latrones

409 1604 694 1670 inciderat,
749 1613 809 1659 ut
856 1604 1099 1674 prmbe'nt
1145 1605 1222 1668 hi,
1278 1606 1371 1674 qui
1411 1606 1681 1676 ejusmodi
1734 1606 1983 1677 Oppressi

409 1703 537 1747 sunt
588 1695 919 1767 calamitate.
951 1694 1115 1750 Vides
1180 1697 1456 1752 hominem
1510 1712 1577 1752 ex
1639 1697 1988 1767 improbitate

2079 593 2270 663 ήγημα
2315 594 2421 647 ὑπὸ
2458 593 2568 649 τῶν
2594 594 2806 666 λῃστῶν
2852 595 3089 666 ἡμιθανῆ
3125 596 3395 664 γενέσθαι.
3448 598 3512 650 Ei
3552 601 3664 670 γάρ

2085 687 2280 739 ἐκεῖνοι
2303 686 2559 749 ὑπαίτιοι,
2594 686 2669 756 μὴ
2698 686 3123 758 ἐπιστραφέντες
3150 685 3287 756 πρὸς
3313 687 3411 750 τὰς
3445 687 3664 759 πληγὰς

2079 779 2137 831 ἐν
2168 776 2361 848 γυμνῷ
2391 778 2471 848 τῷ
2513 777 2729 849 σώματι
2777 777 3076 842 διοιδούσας
3099 797 3111 809 ·
3145 777 3262 840 πῶς
3304 778 3463 848 ἡμεῖς
3502 778 3664 832 ἀνεύ-

2079 867 2249 931 θυνοι,
2279 868 2404 931 τοὺς
2440 868 2722 931 ὑπαιτίους
2758 867 3113 939 μιμούμενοι;
3150 867 3326 921 καίτοι
3364 868 3417 920 τί
3467 867 3662 921 τοσοῦ-

2080 974 2172 1011 τον
2226 954 2293 1028 ἦν
2329 959 2422 1011 ἐπὶ
2464 959 2558 1013 τοῦ
2601 962 2712 1021 τοῖς
2740 959 2963 1032 λῃσταῖς
3004 961 3502 1030 παραπεπτωκότος
3536 961 3660 1019 θεά-

2083 1048 2301 1115 σασθαι,
2347 1044 2460 1103 οἷόν
2510 1051 2658 1105 ἐστιν
2689 1052 2781 1105 ἐπὶ
2819 1051 2928 1105 τῶν
2956 1051 3273 1107 ἑαλωκότων
3296 1052 3375 1123 τῷ
3403 1054 3564 1108 πάθει
3598 1054 3666 1108 τὸ

2083 1141 2296 1211 θέαμα;
2364 1141 2523 1212 Ὁρᾷς
2569 1141 2874 1212 ἄνθρωπον,
2912 1140 3001 1195 διὰ
3044 1142 3142 1214 τῆς
3195 1145 3439 1214 πονηρᾶς
3475 1145 3664 1216 ἀρρω-

2085 1231 2236 1295 στίας
2265 1232 2344 1294 είς
2387 1231 2716 1302 τετραπόδω
2749 1235 2934 1303 σχῆμα
2969 1233 3500 1305 μεταπλασσόμενον,
3543 1237 3666 1291 ἀντὶ

2083 1320 2255 1392 ὁπλῆς
2280 1321 2376 1376 καὶ
2402 1321 2630 1393 ὀνύχων,
2661 1322 2794 1389 ξύλα
2824 1325 2945 1385 ταῖς
2973 1323 3251 1393 παλάμαις
3285 1324 3665 1396 ὑπολαμϐανό-

2089 1429 2266 1483 μενον,
2314 1414 2500 1467 καινὸν
2536 1413 2679 1485 ἴχνος
2712 1415 2832 1477 ταῖς
2875 1413 3241 1485 ἀνθρωπίναις
3268 1415 3408 1479 ὁδοῖς
3441 1416 3665 1469 ὲπιὸἁλ-

2086 1503 2244 1558 λοντα
2263 1520 2276 1534 ·
2312 1505 2396 1569 τίς
2422 1504 2488 1559 ἂν
2532 1507 2596 1558 ἐκ
2626 1504 2719 1558 τοῦ
2752 1503 2930 1576 ἴχνους
2960 1505 3231 1577 ἐπιγνοίη,
3259 1506 3343 1561 ὅτι
3377 1505 3666 1578 ἄνθρωπος

2031 1649 2039 1654 ,
2085 1594 2210 1658 τοὺς
2238 1593 2511 1658 τοιούτους
2543 1594 2745 1658 τύπους
2771 1596 3142 1666 ὲνεσημήνατο
3169 1597 3235 1667 τῇ
3270 1594 3500 1666 πορείας
3535 1597 3666 1650 "Av-

2089 1686 2323 1757 θρωπος,
2347 1689 2375 1739 ὁ
2402 1684 2480 1756 τῷ
2504 1687 2739 1757 σχήματι
2767 1686 2970 1758 ὕρθιος,
3001 1688 3031 1740 6
3061 1687 3141 1750 είς
3169 1686 3398 1758 ούρανδν
3424 1686 3663 1756 βλέπων,

408 1783 585 1837 morbi
650 1783 705 1837 in
757 1766 1131 1853 quadrupedis
1188 1785 1417 1839 formam
1467 1766 1883 1846 commutatum,
1931 1790 1987 1839 et

2094 1778 2116 1830 ὁ
2156 1777 2253 1840 τὰς
2288 1780 2473 1848 χεῖρας
2518 1778 2653 1848 πρὸς
2683 1777 2928 1854 τὴντῶν
2955 1776 3130 1851 ἔργων
3167 1777 3469 1849 ὑπηρεσίαν
3515 1776 3669 1846 παρὰ

410 1874 629 1942 ungulae
650 1882 812 1944 atque
834 1876 1096 1945 unguium
1124 1876 1241 1930 loco
1262 1876 1406 1946 ligna
1435 1875 1690 1929 manibus
1719 1875 1980 1939 induisse,

2094 1868 2187 1937 τῆς
2220 1867 2434 1937 φύσεως
2479 1868 2639 1939 ἒχων,
2685 1861 2840 1933 οὗτος
2875 1870 2954 1932 είς
2993 1869 3092 1939 τὴν
3121 1868 3226 1937 γῆν
3271 1868 3529 1930 κλίνεται,
3573 1867 3670 1920 καὶ

408 1971 573 2034 atque
619 1966 689 2019 ita
743 1981 942 2020 novum
991 1967 1204 2035 vestigii
1257 1981 1431 2035 genus
1472 1966 1725 2023 humanis
1771 1965 1985 2022 semitis

410 2052 832 2121 imprimentem.
878 2054 1011 2119 Quis
1043 2069 1105 2107 ex
1144 2070 1208 2109 ea
1240 2054 1415 2110 forma
1465 2062 1631 2125 queat
1667 2070 1983 2127 agnoscere,

409 2141 652 2199 hominis
681 2158 872 2212 gressu
898 2144 1171 2212 ejusmodi
1203 2158 1328 2199 esse
1348 2142 1491 2199 facta
1522 2144 1784 2217 vestigia?
1812 2144 1987 2199 llomo

409 2232 747 2301 eocorporis
771 2232 964 2288 habitu
998 2243 1052 2288 et
1081 2235 1250 2303 ﬁgura
1284 2233 1576 2303 formatus,
1611 2245 1670 2292 ut
1711 2245 1896 2292 rectus
1931 2236 1986 2291 in

410 2325 611 2379 coelum
640 2326 894 2396 aspiciat,
927 2327 1012 2381 cui
1048 2342 1306 2382 manuum
1341 2328 1768 2385 instrumentum
1803 2327 1870 2382 ad
1899 2343 1990 2383 res

413 2416 651 2485 agendas
699 2425 894 2472 natura
940 2418 1111 2481 dedit,
1174 2421 1495 2474 incurvatur
1549 2420 1604 2473 in
1657 2427 1881 2483 terram,
1935 2426 1990 2474 et

415 2504 729 2575 quadrupes
794 2505 850 2559 lit
884 2548 899 2572 ,
963 2518 1017 2561 et
1080 2523 1270 2577 parum
1339 2507 1493 2563 abest
1559 2507 1693 2578 quin
1759 2507 1989 2562 rationis

412 2610 614 2666 expers
643 2611 767 2651 esse
792 2597 1061 2652 videatur.
1096 2596 1232 2652 Cum
1262 2597 1577 2654 ditlicultate
1604 2599 1855 2668 spiritum
1880 2606 1993 2652 tra-

415 2686 523 2751 hit,
565 2687 908 2753 irraucescit,
949 2695 1004 2741 et
1036 2703 1100 2742 ex
1141 2688 1352 2742 intimis
1384 2688 1693 2744 visceribus
1743 2688 1991 2743 fremitus

416 2777 586 2842 elicit,
634 2777 770 2847 ipsis
818 2779 982 2834 etiam
1032 2779 1266 2834 rationis
1309 2780 1625 2850 expertibus
1665 2780 1992 2836 animalibus

416 2865 643 2923 effectus
683 2866 869 2939 (liceat
919 2868 1180 2924 audacter
1214 2869 1267 2923 id
1315 2868 1521 2941 dicere)
1568 2870 1989 2926 calamitosior:

421 2960 688 3030 siquidem
723 2962 836 3024 illa.
872 2977 1036 3031 quam
1079 2964 1148 3018 ab
1178 2963 1298 3033 ipso
1332 2970 1458 3016 ortu
1495 2962 1729 3017 formam
1769 2977 1992 3031 accepe-

422 3061 572 3115 runt,
610 3066 728 3105 eam
762 3052 825 3107 ad
866 3052 1026 3107 tinem
1068 3068 1243 3123 usque
1274 3060 1638 3120 conservant;
1681 3068 1781 3108 nec
1822 3053 1991 3107 ullum

422 3157 490 3197 ex
541 3143 611 3198 iis
648 3149 872 3212 propter
916 3144 1155 3213 aliquem
1196 3146 1451 3199 morbum
1497 3160 1563 3200 ex
1605 3160 1666 3201 ea
1722 3146 1892 3199 forma
1939 3145 1992 3198 in

426 3231 589 3286 aliam
637 3233 997 3288 convertitur.
1056 3231 1157 3287 llic
1202 3226 1410 3293 autem.
1457 3242 1715 3303 tanquam
1759 3249 2002 3289 commu-

427 3328 540 3375 tata
585 3329 805 3385 natura,
841 3336 949 3376 non
993 3322 1044 3376 id
1084 3325 1341 3394 amplius,
1370 3326 1517 3397 quod
1545 3336 1686 3390 erat,
1723 3326 1819 3382 sed
1852 3326 2003 3382 aliud

426 3412 702 3482 quoddam
739 3414 939 3467 animal
990 3414 1205 3469 videtur
1240 3431 1383 3472 esse.
1419 3416 1622 3472 Pedum
1668 3418 1743 3472 illi
1778 3433 2005 3474 munere

430 3503 733 3573 funguntur
755 3519 987 3572 manus;
1015 3520 1189 3575 genua
1219 3507 1460 3576 praebent
1483 3510 1791 3579 plantarum
1817 3525 1999 3566 usum.

428 3595 563 3650 Nam
592 3595 721 3666 ipsze
756 3597 957 3667 plantae
979 3600 1284 3664 naturales,
1311 3610 1365 3655 et
1394 3602 1509 3665 tali,
1544 3610 1639 3656 aut
1681 3604 1839 3673 plane
1870 3603 2005 3658 defi-

424 3686 599 3750 ciunt,
641 3695 737 3740 aut
769 3687 939 3741 veluti
980 3689 1198 3759 scaphze
1243 3690 1492 3761 quasdam
1535 3694 1884 3750 extrinsecus
1919 3702 2002 3750 te—

430 3789 580 3828 mere
629 3775 860 3832 navibus
892 3777 1146 3844 admotae,
1205 3780 1431 3835 fortuito
1477 3783 1790 3839 trahuntur.
1822 3784 1882 3839 In
1920 3785 2006 3841 his

428 3872 490 3920 tu
533 3865 806 3920 hominem
854 3869 1056 3933 cernis,
1090 3886 1191 3925 nec
1234 3873 1520 3942 sanguinis
1561 3876 2006 3945 conjunctionem

431 3956 743 4025 revereris?
782 3970 881 4011 nec
915 3959 1199 4016 miseraris
1249 3965 1660 4035 propinquum?
1706 3969 1800 4025 sed
1852 3984 2009 4026 aver-

430 4045 576 4101 saris
605 4045 994 4110 calamitatem,
1034 4057 1087 4103 et
1123 4050 1251 4104 odio
1281 4053 1584 4122 supplicem
1610 4057 2009 4126 prosequeris?

434 4135 683 4193 llominis
709 4152 989 4193 accessum
1020 4147 1280 4210 tanquam
1319 4143 1445 4198 ferae
1473 4145 1709 4215 alicujus
1747 4149 2008 4217 impetum

433 4226 724 4282 declinas?
750 4228 941 4297 Atqui,
974 4244 1043 4283 ne
1076 4229 1128 4282 id
1170 4229 1404 4297 faceres,
1428 4232 1664 4291 debebas
1711 4237 1795 4290 vel
1825 4250 1889 4292 ea
1916 4252 2011 4292 co-

434 4317 698 4389 gitatione
755 4319 1035 4389 prohiberi
1077 4340 1090 4376 :
1127 4336 1320 4392 nempe
1375 4326 1628 4395 angelum
1689 4340 1719 4379 a
1780 4342 2013 4397 corpore

2091 1960 2416 2031 τετράποδον
2462 1960 2689 2029 γίνεται,
2739 1960 2834 2015 καὶ
2866 1959 3060 2031 μικρὸν
3104 1959 3294 2014 ἀποδεῖ
3333 1957 3430 2013 τοῦ
3474 1958 3671 2026 ἄλογος

2092 2045 2252 2107 εἶναι.
2297 2052 2386 2105 Ἐν
2415 2051 2567 2105 δασεῖ
2596 2051 2690 2106 καὶ
2726 2038 3031 2124 βραγχῶντι
3078 2049 3156 2121 τῷ
3187 2049 3443 2121 ἄσθματι,
3480 2048 3670 2119 βιαίως

2093 2142 2305 2198 ἔνδοθεν
2334 2143 2442 2198 ἀπὸ
2468 2145 2578 2197 τῶν
2608 2142 2927 2215 σπλάγχνων
2959 2142 3398 2213 ὑποϐρυχόμενος
3418 2158 3432 2172 ·
3469 2140 3672 2211 μᾶλλον

2094 2237 2171 2298 δὲ,
2209 2238 2257 2290 εί
2285 2236 2390 2308 χρὴ
2423 2237 2766 2308 τολμήσαντα
2802 2236 2995 2297 εἰπεῖν.
3019 2237 3113 2289 καὶ
3142 2234 3249 2288 τῶν
3276 2234 3485 2303 ἀλόγων
3523 2232 3670 2302 γινό-

2099 2347 2257 2401 μενος
2303 2327 2649 2400 ἀθλιώτερος.
2698 2327 2780 2382 Τὰ
2835 2328 2933 2399 μὲν
2975 2327 3083 2399 γὰρ
3125 2326 3216 2381 τὸν
3263 2327 3371 2381 ἀπὸ
3400 2326 3673 2394 γενέσεως

2096 2422 2418 2493 χαρακτῆρα
2459 2420 2619 2493 μέχρι
2665 2420 2862 2483 παντὸς
2917 2421 2992 2484 ὡς
3033 2419 3102 2474 τά
3144 2417 3315 2472 πολλά
3339 2415 3673 2472 διεσώσατο’

2097 2513 2191 2565 καὶ
2219 2512 2371 2565 οὐδὲν
2401 2510 2604 2565 τούτων
2654 2510 2719 2564 ἔκ
2766 2528 2910 2576 τινος
2952 2511 3233 2582 συμφορᾶς
3278 2509 3553 2577 τοιαύτης,
3594 2509 3678 2572 είς

2096 2602 2283 2673 ἔτερόν
2302 2619 2423 2654 τινα
2446 2601 2769 2672 χαρακτῆρα
2794 2600 3140 2672 μετεκινήθη.
3168 2601 3363 2654 Οὑτοσὶ
3384 2600 3460 2662 δὲ,
3486 2598 3679 2669 ὥσπερ

2097 2692 2455 2764 ἀλλαχθείσης
2484 2693 2582 2763 τῆς
2616 2693 2849 2761 φύσεως,
2886 2691 3013 2746 ἀλλο
3058 2709 3111 2745 τι
3161 2691 3431 2760 φαίνεται,
3476 2690 3571 2744 καὶ
3611 2690 3676 2743 οὐ

2099 2780 2159 2835 τὸ
2196 2779 2425 2850 σύνηθες
2476 2780 2646 2845 ζῶονο
2686 2782 2743 2833 αί
2793 2782 2970 2850 χεῖρες
3015 2776 3163 2849 αὐτῷ
3207 2779 3306 2848 τὴν
3349 2778 3457 2831 τῶν
3500 2776 3679 2831 ποδῶν

2101 2871 2298 2943 χρῆσιν
2336 2870 2845 2942 καταλαμϐάνουσι·
2880 2869 2949 2923 τά
2979 2870 3179 2939 γόνατα
3224 2870 3379 2940 βάσις
3414 2868 3680 2937 γίνονται,

2101 2966 2157 3017 αί
2191 2964 2249 3017 δὲ
2280 2962 2423 3016 κατὰ
2449 2961 2607 3032 φύσιν
2629 2962 2832 3032 βάσεις,
2863 2962 2957 3017 καὶ
2998 2961 3069 3015 τὰ
3099 2962 3304 3033 σφυρὰ,
3340 2961 3373 3032 ἢ
3401 2958 3682 3024 παντελῶς

2103 3054 2487 3127 ἀπορρέουσιν,
2535 3054 2567 3125 ἢ
2624 3053 2699 3117 ὥς
2749 3072 2801 3107 τι
2854 3054 2958 3107 τῶν
3011 3053 3209 3119 ἔξωθεν
3246 3053 3509 3121 ἐφολκίων
3552 3049 3679 3119 εἰκῆ

2104 3142 2681 3217 παρηρτημένα,κατὰ
2706 3143 2767 3196 τὸ
2795 3142 3005 3214 ωμῦὰν
3021 3141 3353 3214 ἐπισύρεται.
3389 3141 3476 3194 Ἐν
3502 3137 3648 3192 τοιού
3664 3168 3682 3180 -
3778 3182 3787 3190 .

2109 3255 2225 3301 τοις
2273 3236 2452 3290 τοίνυν
2498 3235 2710 3306 βλέπων
2759 3235 2850 3289 τὸν
2897 3233 3214 3306 ἄνθρωπον,
3266 3233 3366 3287 οὐκ
3410 3232 3533 3301 αἰδῇ
3582 3230 3684 3300 τὴν

2112 3329 2468 3397 συγγένειαν;
2512 3328 2612 3382 οὐκ
2659 3327 2829 3395 ἐλεεῖς
2873 3325 2965 3380 τὸν
3026 3323 3329 3395 ὁμόφυλον;
3382 3321 3519 3376 ἀλλά
3565 3320 3688 3392 βδε-

2107 3418 2282 3493 λύσσῃ
2309 3419 2408 3490 τὴν
2443 3419 2750 3489 συμφορὰν,
2780 3416 2875 3471 καὶ
2915 3415 3090 3486 μισεῖς
3135 3414 3226 3469 τὸν
3256 3414 3461 3482 ἱκέτην,
3495 3410 3686 3481 ὥσπερ

2103 3513 2294 3585 θηρίου
2343 3514 2485 3577 τινὸς
2519 3512 2822 3584 προσϐολὴν
2865 3512 2956 3565 τὸν
3004 3508 3406 3583 προσεγγισμδν
3435 3509 3676 3577 ἀποφεύ-

2103 3622 2251 3675 γων;
2306 3604 2499 3659 Καίτοι
2553 3603 2660 3658 ἔδει
2706 3600 3062 3672 εὐγνωμόνως
3114 3597 3562 3667 ἀναλογίζεσθαι,
3601 3597 3685 3652 ὅτι

2106 3694 2202 3750 σοῦ
2231 3694 2325 3747 τοῦ
2371 3692 2654 3764 ἀνθρώπου
2683 3691 2912 3761 ἄγγελος
2957 3690 3210 3753 ἅπτεται,
3257 3687 3352 3742 καὶ
3395 3688 3685 3759 ἀσώματος

2107 3801 2166 3838 τε
2200 3785 2295 3839 καὶ
2336 3784 2495 3847 ἆῦλος
2545 3781 2640 3849 ὢν,
2670 3782 2762 3836 τὸν
2802 3782 2965 3853 σαρκὶ
2992 3783 3084 3836 καὶ
3121 3781 3314 3853 αἵματι
3346 3779 3688 3849 ἐγκεκραμέν

2106 3891 2195 3931 νον
2223 3874 2323 3928 οὑκ
2367 3873 2704 3938 ἐϐδελύξατο.
2745 3873 2809 3926 Τί
2852 3873 2908 3926 δὲ
2949 3871 3214 3942 ἀγγέλους
3237 3870 3412 3939 λέγω;
3459 3869 3619 3934 αὐτὸς
3659 3871 3689 3923 6

2105 3966 2213 4022 τῶν
2255 3964 2500 4034 ἀγγέλων
2534 3963 2755 4037 Κύριος,
2796 3965 2824 4016 ὁ
2862 3965 2962 4036 τῆς
2993 3963 3251 4036 οὐρανίας
3291 3962 3691 4035 μακαριότητος

2110 4056 2360 4129 βασιλεὺς
2391 4056 2478 4109 διὰ
2524 4056 2583 4110 σὲ
2613 4055 2898 4128 ἄνθρωπος
2946 4055 3158 4125 γέγονε,
3206 4055 3301 4109 καὶ
3348 4054 3410 4107 τὸ
3456 4053 3690 4116 δυσῶδες

2107 4148 2264 4204 τοῦτο
2293 4146 2388 4201 καὶ
2418 4147 2663 4219 ῥυπαρὸν
2692 4147 2935 4219 σαρκίον,
2966 4146 3102 4219 μετά
3130 4146 3231 4216 τῆς
3259 4145 3606 4216 ἐνδεδεμένης
3630 4145 3693 4196 ἐν

2109 4236 2256 4309 αὐτῷ
2282 4236 2484 4309 ψυχῆς,
2517 4235 2693 4306 ἑαυτῷ
2723 4236 3073 4309 περιέθηκεν,
3106 4235 3196 4291 ἵνα
3223 4235 3291 4289 τά
3320 4234 3387 4289 σὰ
3415 4234 3558 4303 πάθη
3599 4232 3692 4287 διά

2109 4332 2209 4402 τῆς
2246 4330 2381 4393 ἰδίας
2414 4328 2629 4399 ἐπαφῆς
2664 4327 2979 4397 ὲξιάσηται;
3011 4326 3082 4381 Σὺ
3113 4325 3169 4380 δὲ
3195 4327 3224 4380 6
3258 4325 3420 4389 αὐτὸς
3446 4323 3521 4378 ὢν
3549 4323 3694 4378 κατὰ

436 4408 775 4493 materiaque
808 4409 1065 4471 liberum,
1105 4420 1180 4472 te,
1221 4415 1472 4481 quamvis
1505 4416 1584 4471 sis
1615 4416 1799 4482 homo,
1832 4428 1992 4473 tamet

2111 4425 2210 4495 τὴν
2228 4423 2386 4492 φύσιν
2403 4421 2481 4492 τῷ
2503 4420 2936 4493 ἀρρωστήσαντι,
2952 4416 3171 4486 φεύγεις
3186 4416 3276 4470 τὸν
3297 4417 3553 4488 ὁμογενῆ.
3575 4414 3689 4486 Μὴ,

440 4500 729 4568 attingere,
778 4515 881 4555 nec
935 4516 1101 4558 carne
1144 4511 1199 4561 et
1246 4507 1511 4578 sanguine
1569 4509 1790 4564 mistum
1846 4516 1992 4580 atqut

2113 4514 2326 4583 ἀδελφὲ,
2346 4512 2421 4585 μὴ
2441 4511 2693 4585 ἀρεσάτω
2708 4526 2790 4563 σοι
2813 4510 2848 4579 ή
2879 4505 3039 4578 βουλὴ
3063 4507 3098 4578 ἡ
3115 4506 3277 4577 κακή.
3298 4504 3470 4558 Γνῶθι
3494 4505 3577 4567 τίς
3592 4504 3691 4569 ὢν,

324 4656 329 4659 η
434 4598 752 4647 concretum
803 4594 1111 4660 aspernari.
1162 4595 1303 4661 Quid
1348 4605 1531 4653 autem
1582 4599 1807 4668 angelos
1850 4599 1992 4655 dico‘

2113 4604 2242 4673 περὶ
2274 4602 2432 4655 τίνων
2468 4597 2724 4671 βουλεύῃο
2765 4597 2848 4651 ὅτι
2884 4597 3012 4668 περὶ
3036 4594 3360 4666 ἀνθρώπων,
3385 4594 3689 4666 ἄνθρωπος,

437 4693 565 4733 cum
595 4678 710 4748 ipse
745 4678 1009 4738 Dominus
1038 4686 1379 4755 angelorum,
1410 4688 1528 4758 ipse
1565 4691 1805 4746 caelestis
1834 4691 1992 4746 beati‘

2111 4692 2263 4748 οὐδὲν
2293 4689 2491 4755 ἰδιάζον
2518 4690 2578 4743 ἐν
2596 4686 2803 4760 σεαυτῷ
2835 4686 2987 4758 παρά
3014 4686 3112 4757 τὴν
3138 4685 3322 4758 κοινὴν
3352 4683 3688 4756 κεκτημένος

437 4768 649 4825 tudinis
679 4786 774 4826 rex
799 4781 1022 4842 propter
1051 4782 1103 4828 te
1143 4774 1318 4832 factus
1345 4777 1416 4833 sit
1441 4779 1627 4845 homo,
1666 4792 1719 4836 et
1755 4781 1992 4838 sordida:

2113 4783 2293 4855 φύσιν.
2322 4782 2416 4854 Μὴ
2446 4779 2856 4854 προαποφαίνου
2900 4778 2995 4833 τοῦ
3046 4777 3353 4851 μέλλοντος.
3393 4777 3481 4831 Ἐν
3515 4769 3559 4844 ᾧ
3583 4775 3694 4845 γὰρ

438 4859 577 4916 istas
612 4860 966 4932 abjectasque
990 4864 1174 4921 carnis
1205 4868 1487 4924 exuviolas
1513 4885 1619 4924 una
1650 4886 1774 4925 cum
1804 4873 1992 4937 anima,

2112 4874 2467 4947 καταψηφίζῃ
2512 4871 2606 4927 τοῦ
2649 4870 2877 4938 πάθους,
2911 4869 3048 4934 τέως
3077 4871 3136 4924 ἐν
3175 4868 3441 4941 ἀλλοτρίῳ
3480 4867 3694 4936 σώματι

438 4964 561 5020 quae
601 4950 738 5021 ipsis
765 4958 886 5008 erat
919 4953 1131 5022 induta,
1160 4956 1264 5011 sibi
1299 4959 1747 5039 circumdederit,
1772 4971 1831 5017 ut
1864 4971 1992 5019 atta-

2117 4968 2481 5038 φαινομένου,
2514 4964 2761 5036 ἀόριστον
2804 4962 2945 5018 κατά
2988 4963 3169 5033 πάσης
3206 4960 3305 5032 τῆς
3353 4959 3565 5030 φύσεως
3613 4961 3698 5012 ὲκ·-

438 5049 533 5097 ctu
580 5057 682 5099 suo
726 5043 836 5100 tuis
878 5046 1299 5114 {egritudinibus
1348 5050 1696 5107 mederetur?
1737 5053 1818 5108 Tu
1856 5070 1985 5111 vero

2100 5060 2307 5130 ⁷φέρεις
2352 5056 2664 5127 ἀπόφασιν’
2704 5056 2951 5128 μετέχεις
2995 5055 3054 5109 δὲ
3100 5054 3195 5109 καὶ
3242 5053 3307 5106 σὺ
3350 5052 3448 5123 τῆς
3484 5052 3696 5124 φύσεως

438 5132 534 5202 qui
566 5142 766 5191 natura
793 5136 936 5194 idem
967 5153 1029 5194 es
1075 5154 1197 5194 cum
1228 5151 1545 5211 aegrotante,
1585 5144 1728 5214 fugis
1765 5145 1992 5214 ejusden

2120 5147 2517 5220 παραπλησίως
2542 5148 2654 5211 τοῖς
2684 5150 2871 5203 πᾶσιν.
2901 5143 3110 5204 Οὐκοῦν
3130 5144 3207 5210 ὡς
3227 5143 3368 5217 ὑπὲρ
3394 5141 3574 5198 κοινοῦ
3603 5142 3696 5196 τοῦ

443 5227 662 5291 generis
693 5226 987 5284 hominem.
1010 5229 1089 5287 Ne
1119 5232 1238 5297 tibi,
1270 5233 1458 5302 frater,
1492 5252 1583 5303 ne,
1621 5237 1873 5302 obsecro,
1900 5239 1992 5308 pla

2121 5241 2447 5313 πράγματος
2477 5242 2505 5294 6
2528 5239 2684 5309 λόγος
2710 5239 2867 5293 ἔστω.

444 5320 569 5368 ccat
597 5315 691 5370 tibi
726 5320 1015 5379 consilium
1064 5336 1314 5392 pravum.
1344 5322 1448 5390 Qui
1493 5324 1593 5390 sis,
1629 5332 1683 5380 et
1718 5325 1785 5381 de
1811 5328 2013 5397 quibus
2050 5330 2333 5392 consulas,
2388 5329 2677 5385 considera
2710 5346 2725 5385 :
2755 5329 2920 5383 homo
2989 5326 3270 5390 nimirum,
3348 5324 3417 5381 de
3464 5323 3700 5378 homini-

447 5402 711 5497 bus_.-qui
757 5412 891 5467 nihil
932 5415 988 5469 in
1032 5422 1085 5470 te
1117 5418 1417 5488 proprium,
1453 5426 1507 5474 et
1555 5434 1586 5472 a
1633 5430 1827 5475 natura
1865 5427 2142 5481 communi
2170 5429 2482 5497 sejunctum
2514 5423 2753 5480 obtines.
2791 5421 3016 5477 Futuris
3067 5420 3135 5477 de
3195 5420 3358 5476 rebus
3423 5434 3491 5474 ne
3558 5430 3695 5484 prte-

444 5492 711 5589 quicmm
756 5500 948 5559 facias.
1000 5507 1134 5562 Dum
1167 5511 1309 5564 enim
1347 5509 1690 5567 affectionem
1775 5514 1828 5568 in
1877 5515 2056 5573 alieno
2126 5492 2360 5589 corpore
2413 5515 2766 5587 conspicuam
2833 5514 3085 5576 damnas,
3139 5513 3405 5567 incertam
3469 5508 3536 5563 de
3586 5515 3701 5560 tota

450 5587 648 5635 natura
678 5592 1006 5647 sententiam
1034 5598 1379 5664 pronuntias.
1412 5599 1546 5672 Ejus
1586 5608 1770 5656 autem
1802 5610 2017 5661 naturae
2055 5614 2112 5662 tu
2146 5587 2367 5678 quoque
2389 5607 2664 5677 particeps
2698 5619 2780 5671 es,
2820 5612 2880 5659 ut
2904 5602 3102 5672 reliqui
3174 5616 3385 5659 omnes.
3452 5596 3702 5667 Quapro-

452 5680 575 5737 pter
605 5682 861 5744 tanquam
897 5691 1170 5742 communi
1208 5692 1276 5746 de
1306 5708 1365 5749 re
1391 5697 1727 5752 consulatur.

521 5781 566 5812 “
607 5782 720 5835 Luc
764 5801 816 5849 ι,
840 5788 908 5841 30
929 5806 1047 5861 sqq,
