4026 6494
216 410 323 469 ΗἺ

1429 410 1515 470 DE
1554 412 1992 471 PAUPERIBUS
2017 414 2343 472 AMANDIS.

3420 422 3526 476 473

275 526 383 578 Διά
425 525 488 579 τί
525 528 742 583 τοίνυν
783 529 956 593 οὐδείς
993 546 1073 583 σοι
1114 529 1222 584 τῶν
1269 532 1607 603 φαινομένων
1637 528 1816 595 οἶκτος

2011 533 2124 590 Cur
2149 536 2332 606 igitur,
2371 548 2493 606 quae
2521 534 2576 588 in
2611 534 2733 590 aliis
2768 533 2919 591 vides
2947 536 3146 591 misera
3190 544 3246 590 et
3287 534 3519 592 calami-

209 620 587 688 εἰσέρχεται;
638 621 807 692 Ὁρᾷς
857 621 1170 692 ἀνθρώπους
1216 622 1453 693 νομάδας
1488 620 1728 694 ὡσπερεὶ
1770 622 1840 677 τὰ

210 709 564 781 βοσκήματα
611 713 770 783 πρὸς·
802 714 901 783 τὴν
926 713 1026 782 τῆς
1050 712 1253 784 τροφῆς
1293 712 1479 783 χρείαν
1508 714 1837 784 ἐσκεδασμέ-

207 819 331 863 νους
357 801 581 872 ’ῥακία
610 803 1084 875 περικεκτημένα,
1104 803 1261 857 τοῦτο
1284 805 1317 874 ή
1345 804 1508 874 ἐσθής
1526 822 1540 836 ·
1572 805 1839 875 βακτηρία

210 895 267 944 ὲν
297 895 422 955 ταῖς
453 895 672 963 χερσὶ,
705 894 857 949 τοῦτο
885 895 1066 957 ὅπλον,
1097 893 1255 948 τοῦτο
1285 894 1500 966 δχημα⁹
1531 895 1652 950 οὐδὲ
1694 897 1835 967 αὐτὴ

210 982 513 1047 δακτύλοις
570 985 945 1057 κατεχομένη,
992 986 1128 1041 ἀλλά
1157 1004 1296 1040 τισιν
1339 988 1551 1057 ὀχάνοις
1577 988 1712 1059 πρὸς
1736 990 1836 1051 τὰς

212 1071 481 1143 παλάμας
538 1074 914 1146 συνδεδεμένη
940 1091 954 1104 ·
1005 1077 1154 1147 πήρα
1201 1077 1480 1146 ῥωγαλέα,
1528 1077 1623 1130 καὶ
1666 1076 1834 1147 ἄρτου

212 1164 450 1236 τρύφος·
493 1166 734 1239 εὐρῶτι
750 1168 844 1222 καὶ
867 1168 1117 1240 σηπεδόνι
1150 1168 1541 1241 διεφθαρμένον
1558 1187 1573 1202 ·
1597 1171 1631 1241 ὴ
1658 1171 1834 1235 ἑστία,

212 1263 238 1311 ό
270 1253 449 1323 οἶκος,
486 1261 526 1328 ἠ
587 1259 808 1323 στιϐὰς,
841 1260 873 1329 ἡ
905 1261 1079 1335 κλίνη,
1107 1260 1169 1313 τὸ
1197 1264 1458 1333 ταμιεῖον,
1489 1264 1521 1333 ἡ
1563 1262 1828 1332 τράπεζα,

213 1352 357 1405 πᾶσα
383 1352 422 1422 ὴ
452 1348 565 1405 τοῦ
604 1351 728 1422 βίου
763 1354 1105 1424 παρασκευὴ,
1137 1355 1170 1423 ή
1211 1355 1363 1424 πήρα
1390 1355 1555 1407 ἐστίν.
1587 1351 1744 1419 Εἶτα,
1768 1355 1830 1409 οὐ

211 1442 421 1515 λογίζῃ,
440 1442 539 1507 τίς
568 1444 604 1495 ὁ
633 1444 696 1497 ὲν
720 1444 930 1508 τούτοις
962 1443 1075 1509 ῶνς
1100 1446 1221 1499 Ὅτι
1237 1446 1542 1517 ἄνθρωπος,
1567 1447 1599 1499 ὁ
1622 1449 1739 1500 κατ’
1762 1448 1833 1501 εί-

213 1533 341 1586 κόνα
363 1532 516 1587 Θεοῦ
546 1533 827 1603 γεγονὼς,
861 1535 890 1588 ὁ
912 1534 1186 1606 κυριεύειν
1212 1536 1310 1607 τῆς
1334 1537 1437 1607 γῆς
1476 1537 1828 1608 τεταγμένος,

211 1625 591 1695 όύττοχείριον
629 1625 732 1696 τὴν
768 1625 879 1678 τῶν
904 1625 1430 1698 ἀλόγωνὺπηρεσίαν
1466 1626 1637 1698 ἔχων·
1675 1620 1833 1693 οὗτος

215 1716 288 1778 είς
320 1713 490 1767 τοῦτο
547 1716 849 1785 συμφορᾶς
890 1715 984 1769 καὶ
1024 1717 1325 1789 μεταϐολῆς
1358 1718 1649 1791 προῆλθεν,
1690 1718 1830 1774 ὥστε

218 1806 529 1876 ἀμρίὸολον
572 1806 649 1860 τδ
685 1808 1009 1878 φαινόμενον
1060 1805 1222 1876 εἶναι,
1260 1810 1382 1864 οὔτε
1414 1811 1596 1885 ἀνθρώ
1608 1830 1702 1867 που
1735 1830 1832 1868 κα·

1943 635 2086 690 tosa.
2111 644 2217 682 non
2248 643 2311 683 ea
2336 636 2389 684 te
2409 642 2566 699 aeque
2593 628 2659 682 ad
2682 629 3177 685 commiserandum
3207 630 3519 698 adducunt,

1944 734 2009 772 ac
2030 720 2075 775 si
2117 720 2171 773 in
2202 726 2255 774 te
2300 720 2420 790 ipso
2465 720 2856 789 conspiceres?
2900 719 3065 777 Vides
3116 723 3363 779 homines
3414 739 3517 778 no-

1942 810 2133 865 mades
2173 819 2227 865 et
2258 824 2447 881 vagos,
2495 818 2756 879 tanquam
2787 825 2987 881 pecora
3034 813 3099 866 ad
3145 815 3515 883 comparanda

1943 902 2148 958 cibaria
2192 903 2515 974 dissipatos.
2555 903 2654 957 His
2701 905 3025 959 vestimenta
3079 912 3208 957 sunt
3252 906 3513 972 lacerata,

1943 1009 2011 1050 ex
2039 994 2246 1049 attritis
2271 994 2604 1049 centonibus
2626 1003 2880 1056 consuta.
2907 995 2963 1051 in
2986 995 3239 1051 manibus
3266 996 3517 1062 baculus,

1942 1098 2050 1138 non
2078 1083 2147 1137 ab
2181 1082 2316 1152 ipsis
2354 1083 2539 1154 digitis
2584 1085 3038 1155 con‘aprehcnsus,
3083 1085 3177 1139 sed
3221 1087 3355 1141 loris
3383 1088 3512 1157 qui-

1940 1171 2172 1228 busdam
2211 1172 2281 1227 ad
2327 1174 2536 1243 palmas
2580 1176 2853 1246 alligatus.
2900 1175 3014 1231 Hoc
3048 1176 3123 1231 illi
3160 1191 3261 1245 pro
3308 1178 3513 1248 gladio,

1939 1262 2045 1317 hoc
2079 1276 2181 1332 pro
2213 1262 2465 1318 vehiculo
2496 1270 2728 1318 utuntur
2760 1282 2774 1318 :
2810 1266 3064 1321 sacculus
3092 1267 3270 1331 adest,
3299 1276 3356 1322 et
3397 1267 3512 1322 fru-

1940 1362 2085 1408 stum
2120 1354 2280 1424 pauis
2313 1355 2420 1410 situ
2460 1356 2716 1426 carieque
2746 1354 3077 1412 conlectum.
3103 1356 3239 1413 Pera
3267 1361 3509 1425 rimosa;

1941 1443 1994 1497 in
2034 1443 2138 1498 hac
2184 1443 2294 1499 illis
2325 1455 2380 1499 et
2417 1443 2596 1508 focus,
2630 1452 2685 1499 et
2730 1445 2950 1512 domus,
2995 1456 3051 1503 et
3090 1446 3416 1518 stragulum,
3459 1458 3516 1503 ct

1939 1535 2195 1601 lectulus,
2245 1544 2299 1591 et
2333 1551 2497 1606 penu,
2549 1545 2605 1592 et
2651 1551 2863 1603 mensa,
2899 1539 3079 1594 omnis
3107 1540 3342 1609 denique
3380 1555 3515 1609 sup-

1939 1627 2117 1697 pellex
2149 1627 2275 1682 vita
2304 1629 2360 1682 in
2394 1629 2499 1684 hac
2539 1643 2667 1697 pera
2698 1631 2973 1685 consistit.
3011 1632 3083 1686 At
3116 1642 3169 1687 tu
3218 1634 3334 1688 haec
3369 1634 3517 1702 aspiL

1938 1720 2043 1783 cis,
2077 1725 2132 1775 et
2160 1722 2285 1791 quis
2321 1723 2377 1776 in
2414 1722 2522 1779 illis
2551 1724 2645 1789 sit,
2682 1724 2905 1779 minime
2935 1725 3164 1794 cogitas.
3205 1723 3304 1779 Hic
3342 1725 3510 1789 enim,

1940 1810 1988 1864 si
2011 1811 2211 1874 nescis,
2246 1819 2332 1868 est
2363 1812 2549 1876 homo,
2574 1813 2753 1869 factus
2785 1812 2852 1867 ad
2887 1813 3175 1883 imaginem
3211 1812 3328 1868 Dei.
3350 1811 3511 1877 Huic,

217 1895 417 1968 θαρῶς,
456 1897 605 1952 οὔτε
661 1899 805 1964 τινὸς
843 1898 1003 1954 ἄλλου
1047 1901 1155 1955 τῶν
1202 1900 1358 1966 ζώων
1406 1891 1606 1976 ὲναόγῆ
1652 1905 1830 1977 φέρων

1936 1909 1997 1957 ιιι
2021 1909 2184 1958 ιρι-τω
2222 1903 2540 1959 dominetur
2582 1918 2905 1960 concessum
2938 1913 3068 1967 est;
3107 1903 3234 1957 huic
3274 1904 3329 1957 in
3374 1904 3509 1959 ruli-

221 1990 301 2057 ἰᾷ
349 1989 565 2043 ἑαυτοῦ
624 1989 701 2043 τὰ
744 1991 1121 2062 γνωρίσματα.
1194 1993 1320 2047 Ἑάν
1369 1995 1505 2065 πρὸς
1546 1995 1830 2067 ἄνθρωπον

221 2080 468 2152 είκάσῃς,
524 2081 792 2153 ἀρνεῖται
826 2082 926 2153 τὴν
957 2084 1234 2156 ἀμορφίαν
1280 2086 1310 2137 ὁ
1349 2087 1637 2158 χαρακτὴρ
1679 2087 1708 2139 ὁ
1737 2088 1832 2142 ἀν-

224 2169 533 2240 θριὶνιτινος⁹
596 2172 704 2226 ἐὰν
753 2173 891 2244 πρὸς
942 2174 1012 2228 τά
1060 2175 1229 2243 άλογα
1278 2177 1485 2249 τρέψῃς
1534 2177 1635 2249 τὴν
1680 2179 1831 2231 είκα-

226 2260 339 2314 σίαν
357 2300 374 2325 ,
424 2261 563 2316 οὐδὲ
627 2264 817 2316 ἐκεῖνα
866 2264 966 2335 τὴν
1021 2265 1310 2337 ὁμοιότητα
1362 2267 1456 2323 τοῦ
1504 2268 1828 2339 φαινομένου

227 2352 538 2422 προσίεται.
573 2355 756 2408 mm
782 2355 1013 2410 τοιοῦτοι
1047 2358 1184 2430 πρὸς
1226 2360 1421 2428 μόνους
1455 2360 1679 2423 ἑαυτοὺς
1715 2359 1831 2429 βλέ-

228 2459 437 2509 ποντες,
499 2446 610 2499 καὶ
672 2449 791 2517 μετ’
841 2446 1087 2519 ἀλλήλων
1135 2448 1543 2520 ἀγελαζόμενοι,
1590 2450 1682 2503 διὰ
1731 2450 1831 2521 τὴν

230 2537 631 2608 όμοιοτροπίαν
677 2537 770 2592 τοῦ
817 2538 1052 2604 πάθως’
1093 2541 1147 2594 οί
1196 2543 1310 2606 τοῖς
1351 2542 1447 2613 μὲν
1490 2541 1673 2604 ἄλλοις
1719 2540 1833 2610 βδε-

231 2624 407 2679 λυκτοὶ
435 2627 756 2699 γινόμενοι,
811 2626 1071 2700 ἀλλήλους
1103 2629 1163 2683 δὲ
1194 2629 1285 2684 ὑπ’
1332 2629 1578 2700 ἀνάγκης
1609 2630 1670 2682 οὐ
1706 2628 1829 2700 βδε-

235 2715 577 2788 λυσσόμενοι.
665 2719 1010 2791 Πανταχόθεν
1076 2721 1184 2793 γὰρ
1238 2720 1642 2793 ἐξειργόμενοι,
1700 2719 1831 2784 ίδιος

236 2808 434 2875 γίνεται
481 2809 708 2882 δῆμος,
765 2811 1211 2883 πρὸς.ἀλλήλους
1266 2812 1606 2884 συρρέοντες.
1664 2811 1830 2882 Ὁρᾷς

240 2900 353 2963 τοὺς
397 2902 676 2973 ἀτερπεῖς
721 2902 1006 2974 χορευτὰς,
1048 2903 1140 2957 τὸν
1185 2903 1376 2975 γοερὸν
1423 2903 1516 2956 καὶ
1562 2919 1828 2957 κατεστυ-

238 2991 536 3061 γνσσμένον
587 2992 786 3048 τοῦτον
835 2994 1030 3065 χορόν;
1087 2992 1214 3057 Πῶς
1254 2992 1672 3064 ὲμπομπεύουσι
1717 2992 1828 3056 τοῖς

244 3082 435 3136 ἑαυτῶν
478 3084 905 3157 δυστυχήμασι;
958 3085 1084 3148 Πῶς
1131 3084 1504 3158 θεατρίζουσιν
1541 3085 1602 3138 ὲν
1645 3085 1829 3146 αὐτοῖς

243 3173 660 3245 ἀσχημονοῦσαν
718 3176 818 3248 τὴν
852 3176 1050 3247 φύσιν,
1103 3175 1294 3249 ὥσπερ
1344 3177 1491 3242 τινὲς
1551 3177 1828 3247 θαυματο·

1932 2007 2039 2064 qua
2075 1993 2333 2048 animalia
2378 1994 2564 2049 datum
2600 1994 2913 2065 imperium.
2948 1996 3027 2049 Eo
3056 2003 3235 2050 tamen
3283 1994 3512 2048 calami-

1933 2093 2044 2140 tate
2083 2085 2341 2142 redactus
2368 2093 2473 2151 est,
2505 2093 2672 2155 atque
2711 2086 2795 2140 sic
2818 2085 3072 2142 inversus
3101 2093 3205 2149 est,
3231 2094 3312 2148 ut,
3342 2086 3513 2156 quid-

1929 2192 2053 2233 nam
2108 2176 2202 2242 sit,
2255 2177 2585 2248 ambigatur.
2634 2175 2772 2230 Nam
2822 2191 3000 2246 neque
3040 2176 3281 2231 hominis
3325 2175 3507 2245 plane,

1930 2283 2110 2339 neque
2149 2269 2380 2323 aliorum
2417 2267 2779 2323 animantium
2809 2268 3136 2339 cujusquam
3172 2267 3374 2321 indicia
3397 2280 3509 2335 pra:

1930 2376 1991 2417 se
2018 2360 2146 2416 fert.
2189 2358 2247 2414 Si
2279 2374 2404 2414 cum
2440 2359 2661 2414 homine
2703 2358 2978 2423 conferas,
3014 2357 3217 2428 eﬂigies
3266 2358 3510 2412 humana

1929 2448 2140 2520 respuit
2167 2463 2286 2503 eam
2317 2446 2751 2513 deformitatem;
2782 2445 2829 2501 si
2878 2460 3004 2500 cum
3052 2442 3286 2499 rationis
3312 2456 3510 2513 exper-

1929 2542 2082 2598 tibus
2112 2540 2468 2601 animalibus.
2522 2552 2587 2595 ea
2632 2552 2853 2609 quoque
2881 2535 3297 2592 similitudinem
3352 2535 3511 2604 eius-

1928 2632 2079 2687 modi
2122 2646 2228 2686 non
2264 2630 2583 2687 admittunt.
2616 2630 2733 2684 Soli
2775 2629 2944 2699 igitur
2977 2628 3043 2682 ad
3089 2642 3151 2683 se
3180 2628 3328 2695 ipsos
3359 2625 3509 2681 solos

1928 2723 2254 2793 respiciunt,
2307 2732 2361 2776 et
2409 2722 2645 2777 miseriae
2690 2719 3051 2776 similitudine
3092 2718 3236 2773 inter
3282 2732 3342 2773 se
3374 2731 3509 2770 con-

1929 2820 2244 2885 gregantur.
2272 2812 2375 2879 Qui
2419 2811 2488 2866 ab
2522 2811 2647 2866 aliis
2697 2809 3098 2880 despiciuntur,
3150 2822 3212 2864 se
3261 2807 3365 2877 ipsi
3396 2822 3511 2876 prae

1929 2900 2261 2956 necessitate
2297 2915 2410 2955 non
2445 2898 2780 2970 despiciunt.
2824 2897 3079 2967 Undique
3122 2897 3337 2968 expulsi
3369 2910 3504 2951 con-

1929 2994 2105 3049 ﬂuunt
2130 3008 2301 3047 unum
2345 2993 2401 3047 in
2429 2992 2635 3057 locum,
2678 2999 2733 3047 et
2775 2990 3054 3063 proprium
3086 2987 3373 3058 quemdam
3404 3001 3507 3057 po-

1925 3087 2115 3157 pulum
2155 3084 2472 3140 conllciunt.
2518 3078 2685 3137 Vides
2734 3080 2986 3136 homines
3029 3079 3362 3150 iniucundus
3411 3076 3509 3133 lle»

1930 3178 2093 3233 bilem
2145 3177 2473 3244 tristemque
2513 3173 2741 3228 chorum
2789 3170 3107 3228 elﬁcientes.
3150 3170 3223 3225 At
3269 3184 3399 3225 vero
3447 3177 3513 3225 ut

248 3269 376 3320 Ιιτιιιοὶ
424 3269 527 3332 τὰς
589 3269 965 3342 πολυτρόπους
1016 3269 1326 3340 ἀρρωστίας
1380 3271 1493 3333 τοῖς
1553 3267 1828 3322 συνιοῦσιν

1932 3270 2069 3341 ipsis
2102 3282 2223 3324 sese
2251 3265 2659 3338 quodammodo
2676 3263 2934 3335 iactitant
2965 3261 3407 3319 calamitatibus?
3440 3259 3511 3318 Ut

246 3355 708 3431 δπιδεικνύμενοι;
729 3361 957 3430 Ποιηταὶ
977 3359 1185 3434 γοερῶν
1217 3359 1647 3430 μελῳδημάτων,
1675 3359 1830 3430 μελο-

249 3450 379 3502 ποιοὶ
396 3451 508 3506 τῶν
561 3452 823 3524 πονηρῶν
861 3452 1084 3506 ἐκείνων
1118 3452 1378 3522 ᾀσμάτων
1395 3467 1410 3482 ·
1434 3452 1702 3522 τραγῳδοὶ
1728 3452 1828 3522 τῆς

249 3540 393 3610 κενῆς
404 3542 622 3615 ταύτης
636 3545 731 3598 καὶ
743 3541 1040 3615 δυστυχοῦς
1069 3541 1395 3612 τραγῳδίας,
1410 3542 1509 3595 οὐκ
1523 3541 1826 3613 ἀλλοτρίοις

249 3631 640 3704 τραγῳδημασι
670 3632 807 3704 πρὸς
830 3632 899 3686 τὰ
928 3631 1075 3702 πάθη
1102 3629 1372 3702 χρώμενοι
1392 3649 1409 3664 ο
1430 3631 1566 3685 ἀλλά
1594 3631 1684 3684 διὰ
1711 3630 1825 3685 τῶν

254 3720 450 3773 οἰκείων
471 3721 671 3776 κακῶν
707 3722 806 3792 τὴν
836 3719 1039 3792 σκηνὴν
1079 3720 1431 3793 πληροῦντες.
1464 3714 1568 3775 υἷα
1599 3720 1669 3774 τὰ
1685 3721 1821 3792 σχή-

259 3812 417 3877 ματαί
444 3807 536 3868 οἶα
560 3813 637 3867 τὰ
668 3813 826 3884 διηγή
835 3813 1012 3883 μαται
1047 3811 1112 3865 Τί
1136 3811 1192 3864 δὲ
1217 3811 1481 3880 λεγόντων
1515 3810 1822 3882 ἀκούομεν;

260 3900 369 3966 Πῶς
388 3905 539 3977 παρὰ
585 3904 698 3958 τῶν
717 3902 1134 3974 γεννησαμένων
1162 3902 1497 3974 ἀπώσθησαν
1524 3902 1614 3958 ἐπ’
1647 3903 1826 3957 οὐδενὶ

261 3990 538 4064 ἀδικήματι
559 4011 579 4061 ;
602 3993 730 4057 Πῶς
749 3991 1142 4047 ἀπελαύνονται
1176 3994 1447 4064 συλλόγων
1477 3993 1828 4066 κοινῶν,έορ-

262 4082 357 4135 τῶν
383 4101 442 4138 τε
477 4087 580 4141 καὶ
606 4084 986 4157 πανηγύρεων,
1020 4084 1211 4156 ὥσπερ
1242 4085 1557 4157 ἀνδροφόνοι
1589 4087 1753 4153 “Mt
1790 4087 1826 4158 ἢ

262 4178 594 4246 πατραλοῖαι,
619 4179 685 4249 τῇ
715 4176 973 4248 ἀειφυγίᾳ
994 4177 1310 4247 κατάκριτοι
1329 4216 1345 4241 ,
1386 4177 1585 4248 μᾶλλον
1624 4177 1686 4231 δὲ
1734 4178 1829 4231 κά-

265 4265 438 4324 κείνων
465 4267 761 4341 παραπολὺ
792 4267 1206 4339 δυστυχέστεροι
1228 4284 1242 4298 ·
1276 4269 1392 4337 εἴγε
1424 4270 1539 4331 τοῖς
1569 4267 1828 4338 ἀνδροφό-

265 4373 361 4422 νοις
387 4362 482 4433 μὲν
512 4363 751 4429 ἔξεστιν,
798 4359 1031 4430 ἀλλαχοῦ
1066 4361 1397 4431 μεταστᾶσιν
1432 4359 1571 4430 μετά
1619 4358 1826 4428 ἀνθρώσ

270 4466 371 4505 πων
398 4453 521 4527 ζῇν*
560 4447 710 4509 οὗτοι
741 4454 800 4508 δὲ
851 4451 1001 4524 μόνοι
1037 4450 1148 4506 τῶν
1191 4452 1408 4507 πάντων
1454 4450 1827 4521 ἁπανταχόθεν

269 4540 635 4615 ἀπείργονται,
676 4545 753 4608 ὡς
796 4543 964 4597 κοινοί
1007 4559 1150 4606 τινες
1185 4541 1625 4611 ἀποδεδειγμένοι
1667 4540 1826 4596 πολέ-

275 4643 401 4693 μιοι·
432 4634 491 4687 οὐ
533 4633 736 4704 στέγης
777 4633 926 4703 μιᾶς,
956 4631 1017 4685 ού
1043 4631 1323 4702 τραπέζης
1355 4631 1559 4701 κοινῆς,
1598 4631 1660 4685 οὐ
1704 4631 1830 4702 χρή-

273 4732 391 4783 πως
426 4724 637 4779 σκευῶν
681 4723 1008 4795 ἀξιούμενοι.
1060 4724 1172 4777 Καὶ
1220 4722 1373 4778 οὔπω
1419 4722 1824 4778 τοῦτο.δεινόν⁶

274 4809 370 4867 ἀλλ’
403 4816 520 4870 οὐδὲ
552 4816 728 4888 πηγαὶ
758 4815 982 4887 βρύουσι
1014 4813 1224 4877 τούτοις
1267 4813 1403 4885 πρὸς
1451 4815 1578 4878 τοὺς
1619 4813 1831 4884 ἀνθρώ-

278 4912 391 4964 παυς
425 4905 622 4969 κοιναὶ,
657 4904 778 4958 οὐδὲ
830 4904 1067 4974 ποταμοὶ
1111 4903 1463 4963 πιστεύονται,
1487 4903 1641 4957 οὐδὲν
1671 4904 1832 4973 ἐφέλ-

279 4991 447 5047 κεσθαι
478 4997 575 5051 τοῦ
607 4996 709 5067 τῆς
748 4995 1058 5069 ἀρρωστίας
1112 4995 1471 5067 μολύσματος.
1524 4994 1644 5049 Κᾶν
1683 4996 1830 5049 κύων

280 5075 402 5157 λάψῃ
432 5088 523 5142 τοῦ
550 5085 742 5151 ὓδατος
773 5089 840 5159 τῇ
867 5086 1148 5158 αίμοόόρῳ
1176 5085 1415 5161 γλώσσῃ,
1442 5087 1542 5142 οὐκ
1570 5087 1829 5159 ἐνομίσθη

282 5167 537 5236 βδελυκτὺν
571 5177 659 5232 διὰ
701 5177 763 5231 τὸ
791 5178 979 5248 θηρίον
1028 5177 1091 5232 τὸ
1137 5175 1315 5249 ὕδωρ·
1344 5177 1439 5232 ἐὰν
1470 5179 1500 5231 ὁ
1550 5179 1831 5250 ἄρῤωστος

283 5268 595 5340 προσεγγίση
643 5265 722 5338 τῷ
768 5265 961 5330 ὓδατι,
1012 5265 1176 5326 εὐθὺς
1219 5265 1579 5337 ἀπεκηρύχθη
1632 5268 1727 5321 καὶ
1770 5267 1833 5321 τὸ

285 5346 408 5426 ὕδωρ
432 5358 518 5413 διὰ
541 5359 634 5413 τὸν
677 5357 775 5413 ἄνθ
785 5375 986 5431 ρωπον.
1018 5356 1204 5412 Ταῦτα
1224 5355 1611 5428 διεξέρχονται,
1658 5357 1833 5412 ταῦτα

286 5440 570 5522 666mm”-
609 5449 700 5504 διὰ
738 5448 896 5504 τοῦτο
929 5448 1208 5521 ῥίπτουσιν
1240 5450 1463 5513 ἑαυτοὺς
1517 5449 1640 5504 κατ’
1662 5450 1834 5519 ἀνάγ-

287 5547 374 5606 κην
400 5543 526 5612 πρὸς
566 5541 687 5611 τῶν,
729 5539 1031 5612 ἀνθρώπων
1059 5541 1109 5594 οί
1138 5541 1380 5603 δείλαιοι,
1427 5539 1603 5594 ἱκέται
1633 5540 1834 5605 παντὸς

289 5624 368 5678 τοῦ
411 5624 909 5705 παρατυγχάνοντρς
968 5632 1263 5703 γινόμενοι.
1318 5632 1588 5696 Πολλάκις
1635 5633 1833 5689 ἐπεδά-

292 5729 443 5781 κρυσα
466 5726 540 5798 τῷ
564 5725 872 5799 σκυθρωπῷ
908 5724 1082 5795 τούτῳ
1116 5724 1370 5797 θεάματι,
1412 5724 1668 5787 πολλάκις
1699 5723 1836 5796 πρὸς

297 5807 437 5883 (ίῦτὴν
475 5819 571 5890 τὴν
611 5818 775 5888 φύσιν
823 5815 1276 5887 ἀπεδυσπέτησα’
1331 5816 1427 5871 καὶ
1464 5815 1560 5879 νῦν
1598 5815 1735 5887 πρὸς
1766 5817 1834 5885 τῇ

1932 3361 1988 3417 in
2053 3376 2115 3418 se
2166 3360 2305 3430 ipsis
2359 3366 2616 3413 naturam
2671 3362 2953 3412 ostentant
2997 3352 3385 3425 deturpatam?
3440 3351 3513 3409 Ut

1928 3454 2115 3511 varios
2147 3449 2602 3507 convenientibus
2629 3454 2893 3516 tanquam
2916 3446 3343 3515 praestigiatores
3382 3443 3515 3515 quin

1928 3546 2053 3601 dam
2104 3543 2328 3598 morbos
2373 3538 2805 3596 demonstrant?
2834 3535 3018 3592 Poeta:
3061 3536 3368 3590 carminum
3421 3534 3509 3590 lu-

1927 3645 2270 3699 ctuosorum,
2300 3631 2540 3685 tristium
2585 3628 2968 3683 narrationum
3002 3627 3341 3689 inventores,
3373 3637 3503 3689 gra-

1927 3726 2078 3781 vium
2142 3723 2362 3778 illarum
2419 3719 2788 3774 modulatores
2854 3716 3193 3782 cantionum,
3251 3724 3513 3771 auctores

1926 3832 2085 3873 nova:
2120 3815 2281 3871 istius
2326 3811 2651 3881 miseratque
2700 3807 3000 3880 tragoediae,
3058 3807 3114 3861 in
3149 3820 3258 3877 qua
3294 3819 3404 3862 non
3437 3819 3508 3863 ex

1928 3910 2147 3972 alienis,
2173 3905 2269 3963 sed
2301 3920 2368 3961 ex
2400 3901 2642 3973 propriis
2671 3898 3080 3955 calamitatibus
3126 3895 3377 3965 exempla
3409 3910 3513 3953 su-

1927 4010 2086 4057 munt
2130 3999 2199 4054 ad
2231 3993 2631 4068 permovendos
2661 3991 2901 4055 animos,
2951 3997 3117 4061 atque
3153 3990 3229 4043 ita
3270 3986 3379 4046 sibi
3406 4001 3511 4043 au-

1929 4093 2191 4152 dientiam
2224 4090 2486 4146 faciunt:
2514 4086 2560 4143 0
2603 4100 2727 4157 qua;
2760 4084 2966 4157 ﬁgurae,
2995 4084 3137 4139 bone
3177 4082 3344 4146 Deus,
3386 4096 3517 4154 quae

1927 4184 2302 4242 narrationes!
2353 4180 2483 4252 quid
2536 4180 2687 4250 ipsos
2732 4177 2982 4233 dicentes
3022 4173 3510 4240 audimusLQuo-

1929 4277 2092 4332 modo
2137 4275 2209 4330 ab
2256 4274 2383 4337 illis,
2427 4271 2523 4341 qui
2578 4271 2727 4338 ipsos
2770 4274 3155 4338 procrearunt,
3212 4263 3365 4319 nulla
3406 4278 3511 4319 sua

1929 4364 2086 4435 culpa
2139 4361 2329 4433 reiecti
2368 4360 2539 4415 sunt?
2593 4356 2882 4423 Quomodo
2929 4354 3279 4424 expelluntur
3310 4350 3511 4408 scivi-

1928 4454 2170 4510 tatibus‘l
2221 4447 2508 4517 Quomodo
2564 4461 2634 4500 ex
2673 4443 2964 4514 colloquiis
3010 4441 3418 4508 communibus,
3438 4455 3510 4497 ex

1929 4543 2169 4618 publicis
2213 4541 2476 4610 festisque
2529 4537 2891 4594 conventibus
2936 4532 3327 4599 extruduntur,
3379 4539 3509 4587 tan.-

1932 4653 2095 4711 quam
2122 4634 2433 4695 homicidae,
2464 4639 2727 4702 tanquam
2756 4627 3051 4700 parricida:
3081 4625 3277 4682 exsilio
3314 4639 3510 4696 perpe-

1932 4740 2029 4788 tuo
2079 4724 2358 4791 mulctati,
2419 4724 2533 4779 imo
2584 4736 2750 4793 quam
2802 4721 2884 4776 illi
2937 4720 3094 4793 longe
3146 4718 3512 4775 infelicior-esi

1934 4819 2217 4892 Siquidem
2258 4814 2551 4871 homicidia
2601 4814 2780 4871 solum
2813 4811 3157 4868 vertentibus
3201 4810 3331 4865 licet
3376 4808 3511 4864 alibi

1930 4927 2057 4967 cum
2094 4906 2414 4964 hominibus
2446 4905 2651 4960 vivere.
2708 4904 2780 4958 At
2833 4902 2923 4958 isti
2957 4900 3203 4957 omnium
3248 4898 3352 4956 soli
3395 4907 3517 4953 tan-

1931 5016 2094 5073 quam
2135 5011 2457 5055 communes
2493 4995 2761 5052 declarati
2808 4994 2999 5050 hostes
3041 4992 3285 5061 undique
3319 4996 3512 5045 extur-

1932 5095 2135 5151 bantur
2166 5098 2229 5147 ut
2252 5104 2442 5146 canes.
2469 5086 2654 5155 Quid?
2685 5085 2834 5158 quod
2873 5084 3065 5141 eodem
3112 5091 3280 5147 tecto,
3312 5080 3512 5136 eadem

1932 5199 2146 5248 mensa,
2199 5181 2390 5238 eodem
2439 5193 2700 5235 vasorum
2764 5193 2867 5234 usu
2903 5176 3227 5247 iudicantur
3266 5172 3520 5244 indigni?

1932 5275 2112 5343 Quid?
2143 5274 2288 5345 quod
2310 5273 2474 5345 quasi
2503 5272 2620 5327 haec
2643 5270 2778 5327 satis
2805 5267 2994 5340 gravia
3025 5282 3141 5325 non
3161 5265 3294 5328 sint,
3318 5278 3509 5320 arcem

1932 5374 2027 5422 tur
2057 5381 2088 5421 a
2119 5365 2385 5430 fontibus,
2419 5363 2515 5434 qui
2559 5359 2790 5431 reliquis
2831 5357 3145 5413 hominibus
3193 5364 3322 5412 sunt
3360 5372 3515 5412 corn-

1933 5456 2155 5513 manes?
2184 5455 2304 5526 Ipsa
2335 5455 2468 5526 quin
2493 5453 2659 5509 etiam
2689 5450 2913 5506 ﬂumina
2941 5449 3240 5505 creduntur
3263 5448 3508 5518 ipsorum

1934 5547 2259 5620 aegritudine
2303 5541 2671 5614 coinquinari.
2719 5537 2781 5594 Si
2832 5537 3014 5608 lingua
3075 5542 3303 5591 cruenta
3355 5534 3517 5591 canis

1937 5655 2134 5711 aquam
2166 5635 2443 5702 lamberit,
2483 5648 2594 5691 non
2640 5645 2761 5688 eam
2800 5629 3011 5686 idcirco
3037 5635 3306 5697 respuunt
3337 5624 3521 5681 honu-

1936 5749 2035 5788 nes
2063 5751 2076 5786 :
2105 5737 2161 5784 at
2192 5730 2240 5786 si
2265 5728 2336 5783 ad
2372 5728 2521 5782 illam
2547 5737 2692 5795 aeger
2737 5719 3059 5787 accesserit,
3086 5718 3354 5775 continuo
3383 5731 3522 5786 pro«

1937 5832 2058 5887 nter
2088 5823 2365 5879 hominem
2397 5819 2519 5890 ipsa
2552 5829 2772 5887 quoque
2798 5828 2956 5894 aqua
2998 5810 3343 5887 detestabilis
3376 5821 3527 5879 pnn—
