4026 6496
485 401 588 459 ι79

1726 398 1785 453 S.
1827 394 2156 452 GREGORII
2205 394 2504 451 NYSSENI

3636 394 3765 446 490

483 518 720 572 dicatur.
755 512 879 568 Haec
904 518 1188 579 enarrant,
1220 510 1338 567 haec
1364 510 1650 582 deplorant
1679 530 1691 566 :
1725 513 1794 568 ob
1824 513 1940 567 hare
1965 528 2057 568 ne-

2176 513 2268 582 ινή
2278 529 2352 582 μῃ
2386 508 2709 579 συγχέομαι.
2741 501 2893 561 Εἶδον
2922 505 3091 570 πάθος
3118 504 3369 568 ἐλεεινὸν,
3395 498 3532 557 εἶδον
3556 500 3761 572 θέαμα

484 608 727 663 cessario
759 621 818 661 se
845 605 912 660 ad
956 605 1233 659 hominum
1274 603 1441 673 pedes
1468 603 1736 673 abjiciunt
1765 605 1972 668 miseri,
2005 613 2060 659 et

485 700 743 756 oumibns
767 698 1190 754 occurrentibus
1216 697 1545 767 supplicant.
1580 694 1733 766 Sazpe
1757 696 1900 751 tristi
1937 711 2058 765 spe-

483 789 1111 861 ctaculoillacrymavi;
1167 804 1310 857 saepe
1369 788 1437 842 de
1494 795 1688 841 natura
1727 794 2062 855 conquestus

488 898 634 946 sum,
664 893 716 937 et
745 897 807 937 ea
838 897 924 937 me
958 881 1267 936 recordatio
1312 879 1680 948 memoriaque
1708 894 1856 933 nunc
1894 879 2059 933 etiam

491 983 671 1029 movet
722 982 887 1044 atque
936 973 1237 1043 perturbat.
1292 970 1416 1025 Vidi
1462 971 1843 1040 aegritudinem
1897 969 2062 1025 mise-

489 1066 750 1134 randam;
804 1067 912 1121 vidi
958 1065 1331 1136 spectaculum
1392 1063 1611 1132 plenum
1650 1047 2060 1132 Iacrymarum;

487 1153 645 1223 juxta
678 1154 798 1209 vias
829 1153 1093 1214 celebres,
1144 1158 1197 1205 et
1232 1165 1260 1203 a
1306 1148 1765 1220 praatereuntihus
1807 1148 2064 1218 frequen-

492 1253 638 1299 tatas
658 1246 845 1314 jaccnt
871 1243 1142 1306 homines,
1178 1243 1288 1297 imo
1323 1258 1392 1298 ne
1423 1242 1670 1296 homines
1695 1241 1938 1310 quidem,
1968 1239 2064 1295 sed

492 1333 742 1390 infelices
788 1334 1069 1388 hominum
1107 1333 1368 1402 reliquiae,
1412 1333 1586 1402 signis
1617 1340 1669 1386 et
1716 1332 1935 1387 indiciis
1965 1333 2062 1385 ali-

492 1424 695 1493 quibus
746 1422 1071 1494 indigentes,
1109 1431 1168 1477 ut
1218 1439 1279 1478 se
1324 1423 1576 1477 homines
1613 1438 1736 1477 csse
1776 1422 1934 1477 fidem
1987 1421 2067 1477 fa-

493 1515 659 1569 ciant.
706 1514 891 1586 Neque
920 1516 1066 1570 enim
1102 1532 1170 1571 ex
1215 1524 1427 1569 natura:
1475 1515 1620 1569 notis
1646 1513 1942 1584 quidquam
1982 1523 2067 1570 est

492 1606 791 1675 reliquum,
824 1614 885 1660 ut
920 1607 1143 1677 agnosci
1177 1608 1411 1676 possint.
1459 1604 1522 1659 Hi
1565 1606 1665 1660 soli
1710 1622 1775 1662 ex
1813 1608 2067 1662 omnibus

496 1713 553 1752 se
596 1697 746 1766 ipsos
789 1696 1047 1761 oderunt,
1102 1698 1202 1751 soli
1259 1697 1402 1752 diem
1432 1713 1591 1753 suum
1640 1698 1872 1753 natalem
1914 1713 2064 1753 exse-

495 1796 743 1849 crantur,
795 1802 860 1841 ac
896 1788 1022 1857 jure
1060 1787 1279 1858 quidem
1322 1788 1667 1842 detestantur
1713 1788 1863 1842 illum
1899 1790 2063 1852 diem,

497 1877 590 1945 qni
648 1876 771 1932 talis
818 1878 944 1931 vitae
1004 1856 1331 1946 principium
1385 1875 1506 1930 fuit.
1559 1874 1817 1929 Homines
1872 1876 1965 1944 qui
2009 1856 2141 1931 seB

498 1968 775 2021 communi
807 1967 1169 2037 appellatione
1200 1968 1482 2022 nominare
1505 1967 1861 2033 erubescunt,
1897 1982 1965 2022 ne
2002 1982 2072 2022 ex

499 2060 617 2130 ipsa
682 2059 920 2114 nominis
973 2060 1361 2114 communione
1424 2070 1676 2114 naturam
1724 2075 2070 2115 communem

497 2150 846 2205 dedecorent.
878 2148 1103 2219 Semper
1134 2151 1189 2206 in
1223 2151 1462 2207 miseriis
1487 2152 1651 2205 vitam
1679 2152 1918 2221 degunt;
1949 2165 2073 2220 pcr-

498 2249 714 2312 petuam
758 2242 938 2297 luctus
972 2244 1255 2297 materiam
1288 2244 1509 2299 habent.
1545 2243 1797 2310 Quandiu
1833 2244 1979 2298 enim
2014 2256 2074 2298 se

497 2332 650 2401 ipsos
683 2331 978 2401 aspiciunt,
1010 2333 1199 2388 tandiu
1231 2334 1448 2404 lugendi
1478 2335 1677 2390 habent
1703 2335 2071 2390 occasionem.

499 2423 758 2479 Dubitant
829 2434 1009 2479 autem
1061 2440 1198 2495 quas
1256 2427 1432 2496 magis
1487 2427 1772 2496 deplorent
1827 2427 2074 2497 corporis

501 2525 704 2586 partes,
735 2532 923 2580 easne,
956 2533 1079 2586 quae
1134 2533 1245 2572 non
1289 2518 1488 2573 adsunt
1526 2520 1783 2589 amplius,
1818 2534 1887 2574 an
1928 2521 2073 2586 illas,

502 2622 624 2675 quae
668 2617 982 2678 supersunt.
1029 2607 1177 2674 Quas
1212 2610 1436 2664 morbus
1483 2610 1806 2681 absumpsit,
1856 2626 1922 2665 an
1954 2628 2074 2682 qua:

501 2701 693 2753 morbo
717 2699 921 2754 relicuo
945 2708 1074 2755 sunt
1104 2700 1475 2756 absumendze.
1507 2699 1878 2758 Dolendumne
1894 2705 2076 2773 'magis

500 2789 593 2854 sit,
631 2788 775 2857 quod
807 2789 861 2842 in
899 2804 958 2844 se
982 2789 1119 2859 ipsis
1146 2804 1240 2845 eas
1264 2790 1515 2845 miserias
1555 2798 1807 2849 cernant,
1836 2806 1906 2845 an
1930 2792 2076 2860 quod

502 2894 598 2934 cas
640 2878 891 2949 adempta
941 2880 1107 2934 etiam
1160 2880 1352 2935 morbo
1389 2880 1607 2936 videndi
1658 2881 1938 2943 facultate,
1989 2883 2074 2935 in-

502 2972 639 3023 tueri
670 2986 779 3024 non
807 2972 1040 3040 possint.
1071 2970 1227 3037 Quod
1256 2972 1386 3027 talia
1413 2973 1480 3027 de
1511 2989 1570 3029 se
1599 2988 1826 3029 narrare
1849 2983 2073 3042 queant,

502 3060 736 3129 anquod
770 3060 875 3116 sibi
906 3063 975 3114 ab
1007 3061 1127 3130 ipso
1158 3063 1351 3116 morbo
1381 3071 1566 3132 erepta
1600 3066 1765 3117 etiam
1802 3082 1954 3129 voce,
2005 3081 2075 3122 ne

2160 601 2410 673 δακρύων
2448 599 2692 668 πλῆρες·
2748 596 3062 666 πρόκεινται
3104 594 3245 648 κατὰ
3289 594 3387 655 τὰς
3426 593 3579 655 ὁδοὺς
3629 591 3761 644 τῶν

2162 692 2465 761 παριόντων
2515 688 2825 759 ἄνθρωποι·
2875 687 3072 757 μᾶλλον
3108 685 3164 739 δὲ
3209 685 3392 739 οὐκέτι
3439 683 3758 753 ἄνθρωποι,

2161 782 2299 836 ἀλλὰ
2323 781 2432 834 τῶν
2459 797 2589 834 ποτε
2617 778 2918 849 ἀνθρώπων
2953 779 3112 834 ἀθλια
3143 778 3403 846 λείψανα,
3448 776 3760 845 συμϐόλων

2162 874 2321 928 τινῶν
2352 875 2447 927 καί
2475 872 2869 942 γνωρισμάτων
2901 874 2980 935 εἰς
3004 872 3064 924 τὸ
3096 870 3450 937 πιστευθῆναι
3473 867 3757 938 δεόμενοι.

2163 968 2237 1020 Οὐ
2284 966 2394 1038 γὰρ
2424 966 2638 1036 ἔχουσιν
2684 964 2791 1018 ἀπὸ
2835 963 2942 1017 τῶν
2981 964 3080 1034 τῆς
3117 962 3330 1030 φύσεως
3376 963 3762 1035 χαρακτήρων

2164 1057 2622 1127 ἐπιγινώσκεσθαι
2667 1056 2943 1125 ἄνθρωποι
2968 1095 2983 1119 ,
3040 1054 3190 1126 μόνοι
3215 1055 3324 1108 τῶν
3364 1055 3582 1108 πάντων
3613 1056 3763 1106 ἐαυ-

2164 1152 2289 1213 τοὺς
2348 1148 2665 1220 μισοῦντες,
2723 1147 2874 1218 μόνοι
2926 1147 3024 1217 τὴν
3071 1145 3342 1214 γενέθλιον
3396 1146 3613 1217 ἡμέραν
3660 1142 3765 1196 διὰ

2166 1239 2408 1311 κατάρας
2438 1240 2661 1307 ἄγοντες
2684 1277 2698 1301 ,
2736 1235 2953 1308 μισοῦσι
2985 1236 3092 1306 γάρ
3130 1234 3355 1297 εἰκότως
3394 1233 3494 1304 τὴν
3525 1233 3761 1303 ἡμέραν

2166 1335 2402 1405 ἐκείνην,
2450 1332 2548 1403 τὴν
2593 1331 2834 1402 ἄρξασαν
2881 1330 3064 1392 αὐτοῖς
3104 1332 3206 1399 τῆς
3265 1326 3520 1397 τοιαύτης
3571 1325 3755 1394 ζωῆς.

2170 1427 2499 1497 Ἄνθρωποι,
2534 1425 2583 1478 οἳ
2620 1426 2715 1478 καὶ
2753 1422 3041 1494 ὀνομάζειν
3077 1420 3304 1483 ἑαυτοὺς
3336 1420 3446 1473 ἀπὸ
3486 1420 3589 1489 τῆς
3639 1434 3763 1471 κοιο

2167 1521 2262 1591 νῆς
2290 1517 2659 1592 προσηγορίας
2686 1515 3066 1586 αἰσχύνονται·
3095 1514 3170 1575 ὡς
3198 1511 3263 1565 ἂν
3290 1510 3365 1581 μὴ
3389 1513 3455 1581 τῇ
3487 1509 3761 1580 κοινωνίᾳ

2166 1614 2261 1667 τοῦ
2304 1613 2565 1680 ὀνόματος
2602 1611 2701 1681 τὴν
2741 1608 2926 1680 κοινὴν
2964 1606 3126 1676 φύσιν
3158 1606 3223 1659 δι’
3248 1603 3458 1657 ἑαυτῶν
3489 1602 3760 1671 καθυϐρίο

2170 1723 2317 1758 σειαν
2338 1724 2351 1735 ·
2386 1705 2653 1775 οτμωγαῖς
2693 1701 2782 1755 ἀεὶ
2828 1700 3116 1765 συζῶντες,
3156 1699 3432 1753 ἄπαυστον
3464 1696 3575 1749 τῶν
3608 1695 3757 1766 Opi]-

2169 1812 2274 1849 νων
2318 1792 2416 1864 τὴν
2465 1792 2722 1846 ὑπόθεσιν
2776 1791 3010 1862 ἔχοντες.
3068 1790 3214 1852 Ἕως
3249 1788 3358 1858 γάρ
3404 1787 3470 1840 ἂν
3518 1786 3761 1850 ἑαυτοὺς

2172 1886 2461 1957 βλέπωσιν,
2504 1876 2597 1937 ἀεὶ
2639 1883 2738 1947 τὰς
2786 1882 2879 1936 τοῦ
2934 1881 3151 1950 θρηνεῖν
3202 1880 3413 1950 ἔχουσιν
3452 1877 3713 1949 ἀφορμάς
3739 1895 3758 1907 ’

2171 1975 2521 2048 ἀποροῦντες,
2562 1974 2661 2026 ὅτι
2697 1972 2788 2026 καὶ
2840 1971 3037 2042 μᾶλλον
3083 1970 3384 2041 ὀδύρονται,
3431 1969 3502 2022 τὰ
3550 1967 3761 2039 μηκέτι

2170 2067 2299 2121 ὄντα
2327 2065 2417 2119 τοῦ
2446 2063 2715 2134 σώματος,
2748 2062 2782 2132 ἢ
2809 2060 2880 2115 τά
2912 2060 3208 2131 λειπόμενα
3226 2076 3241 2091 ·
3293 2060 3397 2112 ὅσα
3436 2056 3763 2128 προανήλω-

2173 2176 2264 2212 σεν
2298 2160 2330 2227 ἡ
2381 2159 2553 2219 νόσος,
2592 2154 2624 2226 ἢ
2662 2155 2761 2208 ὅσα
2810 2155 2877 2223 τῇ
2918 2152 3056 2221 νόσῳ
3092 2150 3367 2204 λείπεται*
3409 2149 3492 2202 ὅτι
3530 2147 3762 2217 βλέπου-

2174 2267 2256 2303 σιν
2287 2250 2371 2317 ἐφ’
2399 2247 2603 2301 ἑαυτῶν
2633 2244 2702 2298 τά
2719 2242 2960 2307 τοιαῦτα,
2989 2242 3023 2312 ἦ
3049 2242 3132 2294 ὅτι
3155 2241 3275 2293 οὐδὲ
3299 2240 3513 2310 βλέπειν
3544 2238 3762 2310 ἰσχύου-

2176 2356 2280 2400 σιν,
2318 2335 2737 2408 ἀμαυρωθείσης
2792 2337 2850 2387 ὲν
2898 2330 2978 2401 τῷ
3021 2330 3182 2387 πάθει
3247 2330 3347 2400 τῆς
3407 2329 3614 2398 ὅψεως·
3662 2329 3754 2381 ὃτι

2174 2428 2398 2483 τοιαῦτα
2433 2428 2614 2498 ἔχουσι
2659 2427 2784 2496 περὶ
2819 2421 3028 2478 ἑαυτῶν
3067 2421 3391 2493 διηγεῖσθαι,
3439 2420 3473 2490 ἢ
3519 2421 3601 2473 ὅτι
3631 2419 3761 2473 οὐδὲ

2174 2522 2476 2595 διηγεῖσθαι
2500 2521 2569 2574 τὰ
2608 2519 2755 2590 πάθη
2797 2518 3071 2579 δύνανται,
3099 2515 3200 2587 τὴν
3229 2513 3412 2585 φωνὴν
3438 2517 3503 2567 ὲκ
3528 2511 3624 2566 τοῦ
3654 2513 3762 2566 πά-

2177 2615 2302 2677 θους
2335 2611 2704 2686 ἀφῃρημένοι·
2774 2609 2855 2661 ὅτι
2886 2606 3110 2679 τοιαύτῃ
3160 2606 3398 2675 χρῶνται
3455 2605 3666 2672 τροφῇ,
3721 2602 3756 2671 ἢ

2176 2708 2259 2759 ὅτι
2306 2706 2427 2758 οὐδὲ
2473 2703 2688 2773 ἐκείνην
2732 2699 2968 2763 εὐκόλως
2994 2700 3026 2768 ἡ
3056 2701 3211 2760 νόσος
3238 2698 3305 2767 τῇ
3353 2694 3617 2764 διαφθορᾷ
3643 2693 3758 2746 τῶν

2177 2800 2305 2869 περὶ
2340 2797 2403 2850 τὸ
2444 2796 2617 2867 στόμα
2660 2792 2862 2865 μορίων
2897 2787 3292 2861 ἐμποδιζούσης
3315 2786 3414 2857 τῆς
3437 2783 3759 2857 βρώσεως⁹λ

2175 2893 2257 2945 ὅτι
2298 2892 2355 2943 ὲν
2399 2888 2648 2959 αἰσθήσει
2704 2886 2772 2939 τά
2815 2883 2923 2937 τῶν
2952 2879 3161 2951 νεκρῶν
3198 2877 3567 2949 δυστυχοῦσιν,
3602 2876 3636 2944 ἢ
3673 2876 3761 2929 ὅτι

2180 2982 2273 3035 καὶ
2314 2979 2424 3033 τῶν
2454 2978 2757 3048 αἰσθήσεων
2782 2973 2962 3028 αὐτῶν
2995 2969 3463 3043 προσαφῄρηνται.
3509 2966 3621 3021 Ποῦ
3646 2965 3763 3037 γὰρ

2182 3074 2309 3142 παρ’
2351 3070 2636 3138 ὲκείνοιςή
2678 3069 2893 3138 ὃρασις;
2937 3063 3048 3118 Ποῦ
3073 3063 3107 3132 ὴ
3136 3062 3439 3132 ὅσφρησιςς
3489 3057 3599 3113 Ποῦ
3627 3058 3687 3111 δὲ
3719 3060 3761 3127 ἡ

503 3147 594 3200 illa
624 3147 843 3216 quidem
875 3149 1094 3203 valeant
1124 3150 1423 3220 explicare.
1457 3150 1612 3217 Quod
1643 3154 1737 3207 tali
1779 3165 2074 3210 vescantur

2180 3164 2326 3234 άφή;
2354 3160 2464 3215 Ποῦ
2491 3161 2548 3213 δὲ
2583 3160 2651 3212 τὰ
2676 3158 2840 3212 λοιπά
2865 3157 2972 3211 τῶν
3002 3153 3395 3226 αἰσθητηρίων,
3424 3151 3463 3206 ἀ
3492 3151 3613 3204 κατ’
3645 3149 3757 3202 ὀλί-

502 3240 647 3303 cibo,
680 3254 748 3293 an
777 3240 921 3309 quod
957 3256 1026 3296 ne
1072 3240 1164 3295 illo
1190 3241 1409 3310 quidem
1443 3244 1729 3299 commode
1756 3246 1902 3300 vesci
1945 3261 2076 3315 pos-

504 3328 651 3391 sint,
706 3328 965 3398 impedita
1016 3339 1239 3401 pr0pter
1291 3332 1404 3387 oris
1457 3343 1745 3403 corruptas
1803 3351 1832 3390 a
1886 3338 2078 3393 morbo

505 3419 802 3488 particulas
827 3420 1021 3476 edendi
1046 3428 1342 3491 potestate.
1369 3421 1526 3492 Quod
1557 3426 1844 3482 sentiendo
1868 3442 1931 3483 ea
1958 3443 2078 3499 quae

503 3518 847 3564 mortuorum
902 3519 1033 3565 sunt
1083 3514 1325 3584 propria,
1373 3515 1765 3585 perpetiantur,
1810 3533 1879 3572 an
1931 3519 2078 3589 quod

504 3601 641 3670 ipsis
691 3603 855 3656 etiam
911 3604 1171 3661 sensibus
1212 3606 1426 3675 spoliati
1473 3608 1600 3662 sint.
1635 3607 1735 3663 Ubi
1776 3610 1919 3664 enim
1970 3610 2078 3665 illis

505 3699 601 3745 aut
651 3691 889 3758 videndi,
928 3701 1020 3747 aut
1054 3693 1341 3759 odorandi,
1392 3705 1487 3753 aut
1532 3700 1785 3770 tangendi
1831 3701 1944 3757 vis?
1980 3699 2078 3757 Ubi

516 3784 853 3853 reliquorum
899 3801 1161 3842 sensuum
1206 3789 1387 3853 sedes,
1430 3805 1568 3859 quas
1612 3793 1877 3859 paulatim
1912 3793 2078 3864 depa-

509 3886 697 3930 sccnte
747 3876 940 3930 morbo
977 3879 1134 3934 ulcus
1164 3881 1411 3935 arrodit?
1448 3881 1552 3936 Per
1584 3884 1766 3937 oumia
1789 3884 1955 3953 igitur
1989 3900 2083 3939 va-

506 3975 708 4036 gantur
751 3969 890 4034 loca,
947 3970 1013 4023 ad
1067 3970 1375 4024 uberiorem
1429 3978 1668 4040 pastum,
1725 3982 1783 4026 ut
1823 3975 2081 4030 animalia

505 4059 735 4115 rationis
785 4060 1049 4129 expertia,
1093 4060 1386 4116 identidem
1429 4078 1488 4118 se
1519 4063 1934 4123 transferentes.
1969 4066 2079 4123 0c-

507 4150 784 4225 casioqem
817 4150 884 4204 ad
930 4153 1317 4221 negotiandum
1350 4156 1829 4226 comparaudaquc
1872 4158 2081 4215 cibaria

508 4240 906 4297 circumferunt
947 4244 1339 4310 calamitatem,
1395 4255 1451 4301 et
1493 4247 1912 4316 supplicationis
1962 4251 2082 4307 loco

508 4332 758 4387 morbum
787 4332 1043 4391 omnibus
1078 4335 1399 4392 ostendunt.
1441 4336 1670 4409 Propter
1702 4342 2081 4411 aegritudinem

507 4431 689 4477 autem
731 4425 999 4481 ministris
1043 4436 1223 4497 egent,
1274 4443 1306 4482 a
1346 4429 1547 4498 quibus
1589 4446 1753 4486 manu
1783 4431 2078 4500 ducantur,

2180 3272 2275 3324 γον
2303 3253 2604 3324 νεμομένου
2648 3250 2743 3306 τοῦ
2783 3250 2988 3315 πάθους
3022 3253 3055 3321 ἡ
3086 3246 3330 3317 σηπεδὼν
3374 3243 3757 3307 ὲπιϐόσκεται;

2179 3346 2279 3399 Διὰ
2306 3344 2479 3399 ταῦτα
2505 3343 2646 3398 κατὰ
2673 3344 2880 3406 πάντας
2909 3341 3143 3394 ἀλῶνται
3180 3339 3308 3402 τοὺς
3332 3337 3551 3402 τόπους,
3587 3333 3762 3388 καθάυ

2183 3454 2287 3508 περ
2312 3436 2380 3490 τὰ
2424 3435 2591 3503 ἄλογα
2634 3433 2769 3504 πρὸς
2827 3432 2925 3503 τὴν
2962 3429 3341 3501 ἀφθονωτέραν
3368 3427 3537 3500 νομὴν
3570 3424 3760 3496 μετεξο

2180 3527 2527 3600 ανιστάμενοι
2553 3540 2566 3555 ·
2593 3523 2800 3593 ἑφόδιον
2822 3525 2921 3593 τῆς
2952 3520 3092 3575 κατὰ
3114 3520 3212 3589 τὴν
3238 3518 3445 3589 τροφὴν
3467 3514 3757 3586 ἐμπορίας,

2180 3619 2280 3690 τὴν
2310 3617 2595 3688 συμφοράν
2624 3614 3027 3685 περιφέροντες,
3045 3613 3139 3666 καὶ
3169 3612 3304 3665 πᾶσι
3334 3609 3432 3679 τὴν
3462 3608 3614 3661 νόσον
3641 3604 3758 3657 ἀνθ’

2185 3709 2464 3779 ἱκετηρίας
2516 3705 2905 3777 προτείνοντες.
2966 3702 3077 3755 Καὶ
3120 3698 3230 3753 τῶν
3276 3693 3760 3769 χειραγωγούντων

2180 3798 2246 3852 δι’
2280 3796 2590 3869 ἀρρωστίαν
2639 3795 2902 3865 δεόμενοι,
2951 3795 3045 3846 καὶ
3077 3790 3338 3861 ἀλλήλους
3381 3787 3467 3843 διὰ
3499 3785 3595 3855 τὴν
3626 3784 3762 3836 ἀπο-

2186 3890 2311 3961 ρίαν
2337 3885 2809 3957 ὑποστηρίζοντες.
2842 3884 2977 3937 Καθ’
3004 3881 3196 3936 ἑαυτὸν
3218 3880 3325 3949 γὰρ
3344 3879 3571 3938 ἕκαστος
3603 3874 3761 3928 ἀσθε-

2182 3980 2430 4043 νοῦντες,
2486 3978 2718 4050 ἔρεισμα
2749 3975 2826 4044 τῷ
2869 3974 3040 4045 étépq)
3084 3971 3323 4039 γίνονται
3369 3970 3480 4030 τοῖς
3522 3963 3763 4050 ἀλλήλων

2187 4072 2402 4144 μέλεσιν
2431 4069 2551 4123 ἀντὶ
2577 4068 2685 4121 τῶν
2717 4065 3013 4119 λειπόντων
3040 4059 3332 4134 χρώμενοι.
3396 4058 3472 4111 Οὐ
3496 4055 3605 4126 γάρ
3641 4052 3763 4107 καθ’

2183 4165 2280 4218 ἕνα
2314 4161 2594 4232 φαίνονται
2619 4175 2632 4189 ·
2672 4158 2807 4212 άλλά
2826 4175 2877 4210 τι
2906 4155 3018 4226 ἔχει
3048 4154 3143 4209 καὶ
3170 4155 3202 4224 ἡ
3229 4148 3570 4218 ταλαιπωρία
3602 4145 3763 4214 σοφὸν

2182 4257 2263 4318 είς
2295 4253 2391 4325 τὴν
2429 4250 2523 4306 τοῦ
2571 4250 2683 4320 βίου
2724 4248 2988 4312 ἐπίνοιαν,
3042 4244 3102 4298 τὸ
3152 4242 3267 4315 μετ’
3294 4240 3538 4312 ἀλλήλων
3568 4235 3762 4299 αὐτοὺς

2184 4348 2356 4404 θέλειν
2375 4346 2622 4420 ὁρᾶσθαι.
2655 4346 2845 4406 Ὀντες
2872 4341 2982 4412 γάρ
3012 4339 3106 4392 καὶ
3133 4337 3255 4391 καθ’
3286 4336 3513 4397 ἑαυτοὺς
3536 4333 3762 4394 ἕκαστος

2184 4438 2428 4502 ἐλεεινοί,
2458 4437 2534 4500 ὼς
2559 4435 2626 4490 ἂν
2653 4426 2853 4505 μᾶλλον
2885 4428 3367 4502 συμπαθεστέρους
3400 4426 3526 4489 τοὺς
3552 4422 3763 4494 ἀνθρώ-

511 4514 604 4568 sed
643 4514 714 4568 ob
742 4515 982 4586 inopiam
1012 4534 1135 4574 sese
1164 4520 1405 4576 vicissim
1438 4521 1788 4578 confirmant.
1819 4524 1910 4581 Sic
1937 4528 2074 4583 enim

2189 4548 2323 4593 πους
2357 4530 2659 4599 ποιήσειαν,
2703 4525 2990 4596 προσθήκη
3026 4521 3121 4576 τοῦ
3150 4520 3356 4583 πάθους
3386 4517 3637 4589 ἀλλήλοις
3676 4515 3763 4583 γί-

509 4604 649 4659 alter
679 4606 908 4663 alterius
941 4611 1115 4665 utitur
1159 4613 1422 4669 membris
1450 4629 1550 4683 pro
1591 4615 1661 4671 iis
1695 4633 1817 4686 quae
1845 4619 1950 4674 sibi
1983 4619 2081 4675 de-

509 4702 662 4759 sunt,
693 4703 774 4762 ut,
813 4700 904 4767 qui
942 4716 1040 4770 per
1085 4717 1144 4757 se
1170 4703 1369 4774 singuli
1417 4714 1546 4761 sunt
1578 4708 1858 4776 imbecilli,
1893 4719 2083 4768 mutua

507 4786 602 4842 illa
631 4790 950 4847 accessione
977 4792 1294 4850 fulciantur.
1326 4797 1513 4868 Itaque
1542 4800 1596 4854 in
1628 4800 1909 4857 hominum
1942 4819 2080 4859 con—

508 4890 758 4950 spectum
792 4882 1072 4954 sigillatim
1106 4903 1215 4942 non
1262 4891 1509 4956 veniunt,
1547 4891 1644 4947 sed
1678 4894 1836 4956 (adeo
1866 4905 2082 4966 egestas

508 4973 673 5027 etiam
701 4974 769 5029 ad
818 4975 1117 5045 parandum
1154 4978 1356 5034 victum
1400 4982 1717 5051 ingeniosos
1750 4991 1806 5039 et
1847 4986 2080 5041 solertes

508 5062 663 5136 facit)
709 5066 953 5122 universi
1001 5077 1164 5138 atque
1212 5070 1360 5127 inter
1389 5087 1451 5128 se
1479 5075 1797 5145 congregati
1834 5077 2081 5146 conspici

506 5153 717 5209 volunt.
752 5154 881 5211 Inde
926 5156 1000 5226 fit,
1046 5167 1125 5224 ut,
1151 5174 1277 5215 cum
1331 5161 1535 5233 singuli
1570 5163 1911 5219 miserabiles
1943 5165 2077 5229 sint,

2188 4635 2390 4683 νονται,
2420 4617 2511 4670 τὸν
2541 4615 2774 4686 πονηρὸν
2806 4614 2883 4684 τῷ
2905 4612 3069 4684 κοινῷ
3091 4610 3530 4681 συνεισφέροντες
3552 4606 3757 4677 ἔρανον,

2187 4709 2345 4772 ἄλλος
2377 4709 2441 4762 δι’
2473 4706 2637 4776 ἄλλης
2666 4706 2807 4770 τινος
2848 4707 3132 4776 συμφορᾶς
3179 4703 3326 4756 ἔλεον
3359 4701 3566 4761 ἑαυτοῖς
3594 4696 3761 4766 ἐρανί-

2188 4798 2394 4866 ζοντες.
2456 4799 2515 4853 Ὀ
2542 4799 2639 4870 μὲν
2671 4800 2859 4870 χεῖρας
2889 4794 3418 4868 ἠκρωτηριασμένας
3442 4789 3755 4861 προτείνων.

2189 4892 2345 4956 ἄλλος
2368 4890 2610 4961 γαστέρα
2625 4887 2989 4960 προδεικνύων
3009 4886 3467 4956 φλεγμαίνουσαν,
3483 4881 3577 4935 καὶ
3598 4878 3757 4949 πρόσ-

2187 4999 2336 5036 ωπον
2356 4979 2724 5053 ὴχρειωμένον
2752 4980 2956 5050 ἕτερος,
2996 4978 3090 5031 καὶ
3126 4977 3288 5039 ἀλλος
3314 4975 3375 5028 τὸ
3406 4971 3593 5033 σκέλος
3624 4970 3753 5022 ἀπο-

2189 5071 2493 5143 σηπὸμενον
2515 5087 2531 5102 ·
2568 5072 2598 5123 ό
2641 5070 2698 5123 δὲ
2724 5070 2753 5123 ὃ
2777 5069 2845 5123 ἂν
2867 5070 3020 5141 τύχοι
3044 5067 3138 5123 τοῦ
3169 5066 3418 5139 σώματος
3444 5058 3757 5131 ἀπογυμνώ-

2188 5181 2307 5228 σας,
2342 5164 2401 5217 ὲν
2428 5163 2623 5233 ἐκείνῳ
2661 5162 2723 5216 τὸ
2750 5162 2921 5227 πάθος
2951 5161 3169 5228 ἔδειξεν.

507 5240 821 5301 hominibus
865 5242 941 5303 ita
983 5249 1264 5318 conjuncti
1295 5251 1470 5322 magis
1517 5252 1815 5307 miserandi
1886 5252 2362 5324 coadjuvandique
2429 5252 2740 5307 videantur.
2808 5250 3029 5323 Aliquid
3083 5250 3230 5306 enim
3263 5247 3495 5319 quisque
3522 5245 3576 5299 in
3610 5257 3755 5298 com-

508 5350 671 5392 mune
715 5339 951 5405 confert,
994 5348 1049 5396 ct
1081 5342 1225 5398 alius
1291 5359 1359 5398 ex
1406 5345 1512 5399 alia
1575 5345 1885 5400 calamitate
1925 5345 2358 5401 misericordiam
2411 5352 2717 5417 comparat.
2766 5343 2869 5400 Hic
2940 5340 3232 5414 praetendit
3278 5340 3560 5396 mutilatas
3639 5351 3751 5391 ma-

508 5441 658 5496 nus;
710 5431 801 5486 ille
831 5433 1101 5488 tumidum
1157 5442 1404 5490 ventrem
1460 5435 1721 5501 ostendit,
1753 5436 1894 5492 alius
1938 5436 2255 5492 dilaniatam
2286 5436 2517 5493 faciem:
2551 5453 2681 5494 crus
2740 5446 3061 5508 putrescens
3121 5433 3285 5488 alius.
3349 5429 3466 5497 Qua
3523 5427 3752 5498 denique

434 5548 441 5555 -
511 5517 741 5583 quisque
767 5526 996 5587 atgrotat
1037 5523 1285 5591 corporis
1326 5531 1503 5592 parte,
1547 5538 1666 5579 eam
1701 5523 1962 5592 denudat,
2008 5533 2063 5581 et
2099 5541 2257 5582 suam
2293 5527 2578 5582 miseriam
2609 5532 2871 5582 ostentat.

580 5604 725 5669 Quid
754 5623 883 5679 ergo
919 5610 1227 5666 faciendum
1271 5622 1353 5668 est
1384 5614 1564 5680 nobis,
1596 5624 1658 5669 ut
1691 5615 1832 5671 nihil
1873 5617 1929 5672 in
1974 5632 2076 5672 na-

512 5704 647 5749 tura:
684 5696 851 5764 legem
884 5715 1139 5768 peccasse
1176 5705 1496 5760 videamur?
1524 5707 1731 5762 satisne
1761 5708 1853 5773 sit,
1885 5724 2078 5764 eorum

516 5780 828 5840 an'ectiones
853 5785 1134 5856 deplorare
1153 5830 1167 5857 ,
1195 5802 1245 5847 et
1267 5794 1513 5851 oratione
1538 5796 1788 5851 morbum
1820 5799 2081 5874 catonem

2251 5616 2318 5671 Τί
2332 5613 2463 5685 οὗν;
2497 5612 2608 5688 ἄρα
2630 5616 2853 5689 ἐξαρκεῖ
2872 5614 3124 5672 τοσοῦτον
3146 5615 3279 5686 πρὸς
3300 5613 3360 5666 τὸ
3380 5611 3542 5683 μηδὲν
3570 5612 3647 5673 εἰς
3667 5609 3749 5662 τὸν

2184 5708 2284 5779 τῆς
2303 5708 2516 5779 φύσεως
2529 5709 2688 5779 νόμον
2708 5710 3052 5780 ἐξαμαρτεῖν,
3069 5706 3203 5762 αὐτὸ
3217 5706 3369 5760 τοῦτο
3388 5704 3446 5759 τὸ
3466 5702 3758 5775 τραγῳδεῖν.

2187 5801 2254 5855 τὰ
2277 5800 2422 5874 πάθη
2439 5801 2536 5873 τῆς
2557 5801 2789 5872 φύσεως,
2808 5801 2901 5855 καὶ
2921 5801 3064 5873 λόγῳ
3080 5799 3453 5863 διασκευάζειν
3471 5796 3569 5867 τὴν
3584 5794 3755 5863 νόσον,
