4026 6470
329 418 419 475 ὁδί

1556 418 1644 474 DE
1681 417 2070 477 PAUPEIHBU
2084 420 2119 473 S
2159 417 2482 476 AMANDIS.

3510 419 3615 478 ιςε

338 528 431 583 καὶ
454 526 589 598 πρὸς
604 525 709 598 τὴν
736 527 959 600 μνήμην
991 527 1374 596 παθαίνεσθαι;
1399 529 1472 584 Ἤ
1493 547 1637 595 τινος
1669 534 1799 602 ἡμῖν
1832 528 1923 583 κα¹ι

2049 538 2190 600 itque
2216 533 2331 601 ipsa
2353 531 2874 587 commemomtione
2895 530 3271 587 commoveri?
3292 547 3360 587 an
3384 546 3611 589 necesse

342 621 498 693 [mou
530 618 697 689 χρεία
731 621 829 673 τοῦ
872 619 1313 691 ἐπιδεικνυμένου
1344 623 1479 692 πρὸς
1504 625 1630 686 τοὺς
1652 624 1925 686 τοιούτους

342 708 401 762 τὸ
421 707 709 779 συμπαθὲς
736 711 832 762 καὶ
866 708 1180 780 φιλάλληλον
1201 726 1216 775 ;
1239 712 1303 763 Ὃ
1315 712 1423 782 γάρ
1443 712 1580 765 εἰσιν
1596 713 1653 766 αἰ
1670 727 1926 781 σκιογρα-

346 801 461 871 φίαι
487 800 629 869 πρὸς
656 799 725 854 τὰ
746 800 913 864 ὅντως
940 802 1259 873 πράγματα.
1287 803 1446 857 τοῦτο
1469 806 1517 857 οἰ
1549 804 1695 873 λόγοι
1722 802 1927 868 διεζευ·

344 892 536 962 γμένοι
577 891 691 945 τῶν
751 892 947 964 ἔργων.
1001 894 1076 948 υύ
1117 895 1225 966 γὰρ
1258 898 1318 951 ὲν
1364 895 1444 968 τῷ
1494 897 1674 966 λέγειν
1701 898 1868 967 φησιν
1899 899 1928 951 ὁ

347 981 555 1049 Κύριος
598 978 742 1036 εἶναι
774 983 873 1054 τὴν
905 985 1180 1057 σωτηρίαν
1205 1001 1219 1018 ·
1252 986 1369 1039 ἀλλ’
1390 988 1450 1041 ὲν
1499 988 1576 1059 τῷ
1634 992 1809 1042 ποιεῖν
1859 988 1927 1042 τά

346 1069 484 1139 ἔργα
514 1074 617 1140 τῆς
654 1071 945 1143 σωτηρίας.
974 1072 1182 1127 Οὐκοῦν
1222 1075 1573 1147 ἀντιληπτέον
1595 1079 1727 1149 ἡμῖν
1747 1080 1929 1142 αὐτοῖς

347 1163 442 1231 τῆς
492 1161 638 1233 ὑπὲρ
665 1162 846 1217 αὐτῶν
892 1165 1127 1236 ἐντολῆς.
1176 1166 1268 1237 Μὴ
1297 1170 1405 1237 γὰρ
1430 1168 1494 1239 δὴ
1539 1168 1696 1223 τοῦτο
1726 1169 1930 1239 λεγέτω

346 1272 449 1317 τις,
483 1253 564 1317 ὡς
606 1254 789 1308 ἱκανόν
821 1256 936 1309 ἐστι
972 1258 1160 1329 πὸῤῥω
1192 1274 1294 1311 που
1333 1261 1431 1329 τῆς
1461 1259 1734 1331 ἡμετέρας
1764 1259 1928 1330 ζωῆς,

350 1344 439 1396 ἐπί
466 1361 614 1407 τινος
638 1345 892 1415 ἐσχατιᾶς
918 1346 1285 1401 ἀποικισθεῖσι
1306 1348 1404 1418 τὴν
1422 1349 1628 1420 τροφὴν
1657 1352 1929 1420 χορηγεῖν.

362 1437 425 1489 'll
457 1437 571 1508 γὰρ
596 1437 820 1509 τοιαύτη
854 1438 1074 1510 γνώμη,
1103 1440 1223 1510 οὐχὶ
1253 1441 1403 1494 ἐλέου
1426 1442 1572 1505 τινὸς
1603 1442 1696 1495 καὶ
1725 1459 1936 1511 συμπα-

351 1528 503 1590 θείας
524 1528 798 1592 ἀπὸδειξιν
821 1528 953 1599 ἔχει·
986 1530 1123 1584 ἀλλά
1141 1548 1222 1594 τις
1254 1532 1612 1602 εὐπρόσωπός
1639 1533 1787 1586 ἐστιν
1816 1531 1936 1584 ὲπί-

350 1636 500 1682 νοια,
546 1617 643 1671 τοῦ
687 1620 964 1684 παντελῶς
1007 1620 1132 1685 τοὺς
1175 1621 1493 1693 ἀνθρώπους
1519 1624 1617 1693 τῆς
1664 1623 1938 1695 ἡμετέρας

350 1709 697 1781 ἐξορισθῆναι
743 1711 910 1782 ζωῆς.
949 1708 1082 1766 Εἶτα
1118 1713 1219 1766 οὐκ
1260 1713 1628 1785 αἰσχυνόμεθα
1662 1715 1752 1769 τὸν
1780 1712 1940 1784 ἡμῶν

350 1801 533 1855 αὐτῶν
569 1801 703 1872 βίον,
734 1803 782 1854 εἰ
804 1803 1040 1875 χοίρους,
1071 1805 1166 1859 καὶ
1193 1803 1356 1868 κύνας
1381 1807 1723 1876 ὁμωροφίους
1751 1804 1936 1862 ποιού-

2026 629 2131 686 est,
2172 632 2234 677 ut
2269 622 2410 679 facto
2451 625 2615 678 etiam
2656 624 2840 692 aliquo
2880 624 3312 678 misericordiam
3360 632 3414 679 ct
3447 624 3613 679 bene-

2027 715 2321 768 volentiam
2363 729 2491 786 erga
2528 715 2653 769 illos
2700 723 2943 769 nostram
2982 713 3362 770 declaramus?
3396 714 3488 769 Sic
3527 724 3614 771 est

2028 805 2298 876 profecto.
2326 805 2461 860 Nam
2493 821 2614 877 quae
2654 808 2937 878 preportio
2965 816 3050 863 est
3079 808 3223 861 inter
3252 822 3340 862 res
3378 823 3534 862 veras
3559 820 3615 862 ct

2029 896 2382 951 adumbratas
2414 897 2694 967 picturas,
2734 899 2982 953 eamdem
3029 898 3279 953 obtinent
3328 899 3527 961 verba,
3562 900 3609 954 si

2029 986 2098 1039 ab
2147 985 2405 1054 operibus
2452 985 2832 1057 sejungantur.
2878 986 2995 1041 Non
3036 988 3179 1042 enim
3217 987 3272 1040 in
3320 987 3501 1042 verbis
3532 1003 3615 1041 sa‘

2028 1075 2198 1128 lutem
2252 1076 2555 1131 consistere
2609 1077 2745 1131 dicit
2810 1075 3095 1142 Dominus,
3156 1077 3250 1132 sed
3311 1076 3365 1129 in
3424 1076 3618 1131 salutis

2030 1166 2290 1237 operibus
2336 1167 2598 1223 faciendis
2654 1171 2721 1221 θ’.
2764 1152 3195 1234 Quamobrem,
3252 1167 3401 1237 quod
3456 1166 3616 1221 nobis

2033 1261 2275 1331 ipsorum
2309 1274 2478 1315 causa
2505 1259 2820 1314 mandatum
2849 1269 2952 1324 est,
2981 1260 3036 1314 id
3067 1266 3284 1329 oportet
3309 1266 3368 1312 ut
3396 1259 3623 1329 ipsimet

2032 1365 2422 1421 exsequamur.
2460 1349 2645 1420 Neque
2693 1351 2838 1406 enim
2892 1351 3025 1405 illud
3072 1349 3303 1404 omnino
3343 1350 3620 1418 quispiam

2033 1443 2214 1508 dicat,
2254 1457 2378 1498 esse
2421 1443 2593 1505 satis,
2626 1445 2672 1497 si
2715 1441 2901 1510 procul
2940 1456 2967 1494 ο
3017 1441 3174 1495 nobis
3221 1440 3276 1493 in
3322 1447 3621 1494 extremam

2035 1535 2275 1604 aliquam
2307 1541 2512 1588 nostrae
2537 1532 2774 1603 regionis
2801 1539 3010 1603 partem
3034 1572 3048 1595 ,
3085 1538 3345 1601 tauquam
3389 1532 3441 1584 in
3470 1531 3621 1583 colo-

2037 1625 2185 1679 niam
2217 1622 2468 1679 deductis
2502 1624 2758 1677 alimenta
2792 1622 3228 1692 suppeditentur.
3275 1620 3348 1673 Ea
3388 1634 3624 1687 namque

2040 1714 2309 1771 sententia
2330 1715 2544 1777 nullam
2572 1730 2714 1769 verae
2749 1712 3051 1769 clementia:
3086 1723 3139 1767 et
3184 1712 3625 1767 commiseratio-

2043 1807 2132 1862 nis
2164 1805 2618 1878 signiﬁcationem
2650 1805 2844 1870 habet,
2879 1805 2975 1861 sed
3005 1805 3108 1860 sub
3138 1819 3202 1858 ea
3232 1801 3626 1858 misericordiae

355 1893 533 1963 μεθα;
574 1894 709 1946 Οὐδὲ
736 1894 836 1964 τῆς
868 1895 1056 1966 κοίτης
1097 1894 1290 1949 ἑαυτοῦ
1337 1896 1596 1961 πολλάκις
1628 1898 1884 1968 ἀπείργει
1915 1897 1945 1950 ὁ

2049 1898 2228 1968 specie
2257 1896 2393 1951 illud
2427 1896 2721 1952 consilium
2756 1897 2906 1960 latet,
2951 1905 3007 1949 ut
3040 1895 3292 1949 homines
3325 1909 3355 1948 e
3392 1895 3500 1947 vita
3536 1908 3629 1947 no-

353 1984 664 2056 κυνηγέτης
707 1985 799 2040 τὸν
828 1985 1092 2040 σκύλακα.
1127 1982 1250 2040 Οἶδε
1289 1988 1382 2041 καὶ
1416 1988 1679 2060 φιλήματι
1707 1988 1798 2041 τὸν
1839 1988 1934 2058 μόο

354 2092 484 2145 σχον
511 2076 540 2128 ὁ
576 2075 822 2147 γεωργὸς
849 2076 1230 2143 δεξιώσασθαι.
1260 2079 1371 2131 Καὶ
1402 2079 1555 2133 οῠπω
1586 2080 1745 2133 τοῦτο
1779 2080 1936 2134 πολύ·

353 2166 490 2219 ἀλλά
522 2168 647 2229 ταῖς
676 2165 834 2230 ἰδίαις
858 2168 1014 2238 χερσί
1058 2167 1236 2221 νίπτει
1266 2170 1392 2233 τοὺς
1437 2170 1605 2235 πόδας
1634 2171 1729 2224 τοῦ
1766 2170 1886 2223 ὁνου
1913 2171 1941 2223 6

352 2258 654 2328 ὁδοιπόρος,
680 2259 774 2311 καὶ
801 2258 981 2327 βάλλει
1011 2258 1108 2330 τὴν
1139 2262 1317 2330 χεῖρα,
1347 2262 1440 2314 καὶ
1462 2261 1818 2333 ὑποκαθαίρει
1841 2264 1941 2333 τὴν

354 2350 578 2420 κόπρον,
617 2349 713 2402 καὶ
758 2349 858 2421 τῆς
901 2350 1061 2420 εὐνῆς
1096 2352 1454 2422 ἐπιμελεῖται·
1495 2355 1587 2407 τὸν
1618 2354 1675 2407 δὲ
1707 2357 1941 2426 ὁμογενῆ

355 2442 446 2493 καὶ
488 2440 761 2510 ὁμόφυλον
780 2481 796 2507 ,
853 2441 1173 2513 ἀτιμότερον
1213 2444 1309 2498 καὶ
1353 2445 1461 2499 τῶν
1506 2444 1715 2514 ἀλόγων
1764 2448 1944 2501 αὐτῶν

355 2531 733 2601 ποιησόμεθα;
763 2532 852 2603 Μὴ
891 2531 1080 2600 ταῦτα,
1119 2535 1216 2605 μὴ,
1248 2535 1498 2604 ἀδελφοί·
1535 2536 1609 2608 μὴ
1643 2539 1944 2609 κυρωθήτω

354 2622 498 2692 αῦτη
526 2623 668 2677 κατὰ
690 2622 797 2675 τῶν
823 2622 1124 2695 ἀνθρώπων
1146 2628 1179 2696 ἡ
1198 2626 1397 2697 ψῆφος.
1428 2629 1746 2698 ΙιῙνησθῆναι
1776 2647 1944 2699 προσ-

355 2716 503 2785 ήκει,
538 2714 683 2778 τίνες
714 2713 865 2778 ὁντες
891 2716 1018 2786 περὶ
1053 2715 1213 2770 τίνων
1259 2717 1658 2787 βουλευόμεθα·
1696 2720 1779 2772 ὅτι
1812 2720 1942 2791 περί

356 2805 685 2877 ἀνθρώπων,
716 2807 1012 2878 ἄνθρωποι,
1043 2808 1191 2862 οὐδὲν
1221 2808 1421 2874 ἰδιάζον
1451 2811 1601 2884 παρὰ
1632 2812 1730 2883 τὴν
1760 2811 1944 2882 κοινὴν

357 2901 523 2968 φύσιν
553 2901 638 2969 ἐφ’
667 2901 872 2954 ἑαυτῶν
896 2899 1131 2971 ἔχοντες.
1167 2901 1284 2956 Μία
1313 2900 1503 2957 πᾶσιν
1524 2903 1624 2956 ἐπὶ
1659 2903 1767 2956 τὸν
1798 2904 1945 2967 ,βίον

356 2996 398 3062 ἡ
424 2993 689 3059 εἴσοδος·
716 2987 796 3056 εἷς
819 2995 847 3046 ὁ
869 2994 967 3063 τῆς
997 2993 1142 3063 ζωῆς
1166 2992 1336 3046 ἅπασι
1371 2994 1588 3065 τρόπος,
1623 2994 1823 3065 βρῶσις
1852 2995 1945 3047 καὶ

358 3084 538 3146 πόσις·
568 3085 601 3153 ἠ
632 3082 725 3135 τοῦ
752 3082 851 3152 ζῇν
885 3081 1131 3153 ἐνέργεια
1156 3083 1508 3153 ὁμοιότροπος
1529 3098 1543 3112 ·
1571 3085 1604 3154 ἡ
1634 3084 1944 3155 κατασκευὴ

358 3175 469 3228 τῶν
499 3175 765 3242 σωμάτων
801 3173 922 3243 μία,
957 3172 1052 3228 καὶ
1079 3176 1111 3244 ἡ
1144 3174 1492 3245 καταστροφὴ
1524 3173 1618 3227 τοῦ
1651 3174 1766 3245 βίου
1802 3175 1945 3229 ἅπαν

359 3268 422 3320 τὸ
450 3266 705 3319 σύνθετον
724 3268 803 3330 είς
824 3266 1068 3319 διάλυσιν
1095 3266 1331 3336 ἔρχεται.
1359 3268 1523 3320 Οὐδὲν
1544 3268 1652 3321 τῶν
1680 3269 1946 3322 συνεστώ-

359 3375 473 3411 των
523 3357 724 3425 παγίαν
752 3356 865 3426 ἔχει
913 3356 1010 3427 τὴν
1068 3356 1348 3410 σύστασιν·
1398 3359 1747 3427 πομφόλυγος
1793 3360 1949 3430 δίκην

361 3451 450 3502 ἐπ’
498 3448 678 3516 ὀλίγου
711 3448 868 3519 ἡμῶν
899 3449 977 3520 τῷ
1011 3448 1279 3518 πνεύματι
1319 3450 1690 3520 περιτεθέντος
1718 3452 1812 3503 τοῦ
1844 3451 1949 3504 σώο

367 3560 557 3614 ματος·
584 3538 702 3596 εἶτα
736 3543 1075 3613 ἀπέσὸημεν,
1111 3543 1261 3595 οὐδὲν
1313 3543 1457 3612 ίχνος
1487 3542 1578 3595 τοῦ
1615 3543 1949 3613 προσκαίρου

362 3631 557 3684 τούτου
592 3632 909 3702 φυσήματος
940 3630 1325 3693 καταλιπόντες
1353 3628 1431 3699 τῷ
1459 3629 1577 3700 βίῳ.
1617 3631 1705 3682 Ἐν
1731 3631 1953 3702 στήλαις

366 3722 462 3775 καὶ
494 3720 663 3784 λίθοις
708 3722 799 3774 καὶ
840 3723 1171 3793 ἐπιγραφαῖς
1205 3723 1272 3776 τὰ
1321 3723 1659 3792 μνημόσυνα·
1702 3722 1954 3776 καὶόὑδὲ

365 3813 542 3865 ταῦτα
572 3813 744 3866 εἰσαεὶ
783 3812 1128 3885 διαρκοῦντα.
1172 3814 1360 3867 Ταῦτα
1390 3815 1571 3868 τοίνυν
1604 3816 1696 3869 ἐπὶ
1725 3816 1952 3870 σεαυτοῦ

368 3903 735 3973 λογιζόμενος,
765 3904 858 3972 Μὴ
890 3907 1319 3973 ὑψηλοφρόνει,
1346 3905 1526 3969 καθώς
1550 3924 1713 3978 φησιν
1745 3910 1773 3960 6
1804 3909 1956 3962 ’Λπό-

372 3995 580 4058 στόλος,
606 3994 767 4049 ἀλλὰ
788 3996 974 4063 φοϐοῦ
996 4012 1007 4024 ·
1038 3995 1229 4065 ἄδηλον
1254 3998 1302 4049 εἰ
1335 3995 1409 4068 μὴ
1439 3998 1618 4067 σαυτῷ
1647 3998 1957 4069 νομοθετεῖς

370 4086 470 4157 τὴν
499 4087 784 4156 ἀπήνειαν.
810 4086 1055 4154 Φεύγεις,
1091 4087 1211 4140 εἰπέ
1239 4104 1350 4157 μοι,
1370 4088 1468 4157 ⁸τὸν
1491 4089 1952 4161 ἀρῤωστήσαντα;

371 4177 438 4233 Τί
461 4177 711 4246 ἐγκαλεῖν
735 4177 892 4247 ἔχωνς
922 4180 1041 4231 Ὅτι
1062 4179 1377 4250 διέφθαρται
1401 4180 1460 4232 τὸ
1482 4182 1645 4251 ὑγρὸν
1663 4184 1719 4234 ὲν
1742 4183 1954 4253 ἐκείνῳ,

372 4269 470 4323 καί
495 4287 579 4331 τις
609 4268 982 4339 σηπεδονώδης
1014 4271 1183 4340 χυμὸς
1205 4271 1590 4342 ἐγκατεσπάρη
1623 4272 1702 4343 τῷ
1739 4275 1954 4343 αἵματι,

371 4362 475 4425 τῆς
516 4359 775 4431 μελαίνης
810 4361 971 4429 χολῆς
1006 4360 1083 4430 τῷ
1107 4360 1258 4432 ὑγρῴ
1290 4362 1957 4434 παρεγχεθείσης;Ταῦτα

373 4458 488 4522 γὰρ
526 4454 668 4506 an-tm
698 4452 895 4523 ἰατρῶν
925 4452 1169 4519 ἀκούειν,
1202 4454 1660 4523 φυσιολογοῦντων
1690 4454 1759 4509 τὰ
1786 4457 1953 4527 πάθη.

2045 1995 2158 2045 stra
2193 2002 2422 2057 prorsus
2448 1988 2899 2043 exterminentur.
2935 1986 3139 2041 Deinde
3187 1996 3391 2040 nostrae
3421 2002 3519 2041 nos
3548 1987 3629 2039 vi-

2043 2078 2207 2134 vendi
2227 2077 2645 2133 consuetudinis
2674 2092 2783 2131 non
2812 2076 3016 2147 pudet?
3049 2078 3144 2147 qui
3177 2092 3305 2131 sues
3325 2117 3339 2141 ,
3372 2084 3425 2130 et
3465 2090 3630 2129 canes

2038 2171 2464 2241 contubernales
2514 2170 2851 2231 habeamus,
2902 2169 3039 2224 adeo
3078 2177 3136 2223 ut
3173 2183 3240 2222 nc
3275 2185 3376 2222 suo
3411 2165 3629 2236 quidem

2045 2261 2244 2316 lectulo
2275 2269 2503 2316 venator
2534 2263 2778 2314 catulum
2817 2265 3020 2325 arceat,
3049 2266 3103 2312 et
3130 2258 3365 2327 agricola
3397 2255 3630 2309 vitulum

2046 2355 2394 2408 exosculetur
2416 2370 2431 2408 :
2457 2362 2509 2407 et
2536 2352 2770 2421 propriis
2803 2351 3059 2406 manibus
3089 2350 3267 2403 viator
3290 2349 3432 2402 asini
3464 2348 3631 2417 pedes

2046 2446 2208 2511 lavet,
2249 2454 2303 2501 et
2336 2446 2596 2501 curandis
2622 2444 2940 2499 vulneribus
2974 2442 3218 2497 medicas
3251 2456 3447 2495 manus
3476 2439 3634 2492 adbi-

2046 2535 2192 2599 beat,
2227 2542 2548 2604 stercusque
2583 2534 2818 2594 auferat,
2858 2538 2913 2587 et
2954 2532 3132 2587 cubile
3161 2531 3509 2595 substernat,
3540 2544 3635 2584 eos

2046 2638 2260 2685 autem.
2303 2627 2395 2695 qui
2431 2626 2644 2695 generis
2685 2624 3096 2680 necessitudine
3137 2623 3297 2678 nobis
3345 2622 3630 2690 conjuncti

2048 2713 2211 2781 sum;
2262 2718 2395 2787 ipsis
2445 2719 2609 2771 etiam
2659 2718 2890 2772 rationis
2930 2716 3247 2786 expertibus
3304 2713 3635 2769 animalibus

2047 2808 2482 2878 postponamus?
2539 2808 2615 2862 Ne
2657 2808 2786 2862 fiant
2837 2808 2951 2861 hazc
2977 2847 2991 2872 ,
3048 2822 3256 2876 qumso,
3300 2820 3367 2859 ne
3408 2804 3568 2869 (iant,
3602 2818 3638 2857 ο

2049 2901 2267 2955 fratres.
2299 2899 2371 2952 Ea
2402 2899 2671 2953 sententia
2698 2900 2963 2954 adversus
2998 2898 3248 2952 homines
3281 2903 3398 2950 rata
3431 2910 3500 2949 ne
3526 2895 3626 2949 ha~

2046 2992 2259 3045 beatur.
2296 2989 2486 3059 Operae
2514 2990 2747 3061 pretium
2780 2996 2863 3045 est
2893 2987 3239 3051 meminisse,
3272 2984 3365 3056 qui
3402 3000 3595 3040 sumus
3619 3022 3637 3050 ,

2048 3085 2115 3139 de
2154 3085 2354 3153 quibus
2393 3084 2683 3138 consilium
2720 3082 3024 3151 capiamus.
3068 3078 3269 3148 Nempe
3304 3077 3371 3132 de
3397 3075 3639 3130 homini-

2050 3175 2153 3229 bus
2181 3174 2448 3236 homines,
2483 3176 2575 3243 qui
2605 3172 2738 3226 nihil
2772 3170 3075 3240 proprium,
3109 3174 3163 3222 et
3194 3182 3224 3221 a
3252 3176 3447 3220 natura
3485 3179 3639 3219 com-

2051 3268 2201 3321 muni
2234 3267 2542 3335 sejunctum
2573 3264 2938 3333 possidemus.
2980 3259 3125 3315 Unus
3152 3258 3473 3312 omnibusin
3504 3256 3639 3310 hanc

2052 3360 2214 3413 vitam
2260 3359 2527 3420 introitus,
2562 3357 2704 3411 idem
2742 3355 2996 3409 omnibus
3043 3354 3164 3409 vitae
3196 3351 3391 3406 modus
3419 3349 3639 3413 edendi,

2053 3452 2307 3516 bibendi,
2352 3450 2569 3505 vivendi
2627 3449 2824 3504 similis
2878 3449 3049 3512 ratio,
3103 3447 3292 3501 eadem
3344 3460 3640 3514 corporum

2054 3543 2415 3603 constructio,
2446 3543 2582 3595 idem
2605 3557 2631 3595 ε
2652 3542 2757 3593 vita
2788 3541 2961 3594 exitus
2986 3539 3053 3590 τ’.
3080 3536 3273 3590 Omnia
3312 3536 3458 3591 enim
3492 3551 3642 3590 com-

2057 3635 2232 3706 posita
2257 3635 2655 3697 dissolvuntur,
2696 3642 2751 3688 et
2785 3632 2849 3685 ad
2884 3631 3161 3686 interitum
3201 3629 3446 3685 veniunt.
3484 3626 3631 3681 Nihil

2054 3743 2244 3783 eorum
2271 3742 2392 3796 quae
2425 3728 2587 3780 mista
2620 3732 2985 3793 concretaque
3020 3728 3169 3785 sunt,
3207 3737 3421 3789 semper
3451 3718 3641 3774 eodem

2058 3827 2204 3876 statu
2257 3824 2459 3873 manet.
2494 3816 2761 3887 Exiguum
2802 3815 2870 3869 ad
2910 3823 3125 3884 tempus
3157 3813 3428 3867 bullarum
3468 3812 3643 3866 instar

2059 3910 2272 3981 spiritui
2301 3916 2492 3964 nostro
2513 3907 2923 3976 circumjectum
2953 3915 3036 3960 cst
3064 3919 3284 3973 corpus.
3315 3901 3433 3956 Mox
3461 3910 3640 3955 autem

2058 4001 2477 4070 exstinguimur,
2515 3998 2666 4051 nullo
2714 3997 2878 4065 hujus
2920 3996 3152 4050 tumoris
3193 3996 3248 4049 in
3292 3994 3400 4048 vita
3448 3995 3644 4048 relicto

2056 4091 2311 4161 vestigio,
2352 4091 2406 4144 in
2434 4089 2725 4153 columnis,
2756 4098 2808 4142 et
2834 4086 3130 4158 lapidibus,
3159 4098 3211 4142 et
3245 4088 3415 4141 titulis
3449 4102 3641 4141 monu-

2059 4192 2275 4247 menta,
2313 4196 2377 4236 ac
2408 4197 2476 4237 ne
2523 4183 2609 4236 illa
2652 4181 2870 4249 quidem
2913 4181 3264 4247 sempiterna.
3317 4177 3442 4231 llaec
3481 4179 3645 4246 igitur

2061 4284 2242 4329 tecum
2292 4276 2408 4344 ipse
2447 4280 2709 4343 reputans
2733 4313 2747 4337 ,
2792 4270 2921 4325 Νοίί
2961 4273 3127 4324 altum
3175 4286 3392 4336 sapere,
3426 4270 3645 4336 scripsit

2061 4366 2373 4435 Apostolus,
2406 4365 2496 4418 sed
2533 4365 2655 4417 time
2676 4363 2742 4414 '“.
2778 4361 3045 4415 lncertuin
3068 4370 3180 4427 est,
3209 4376 3274 4414 an
3308 4361 3359 4414 in
3385 4371 3436 4415 te
3467 4361 3643 4430 ipsum

2065 4465 2274 4513 statuas
2301 4458 2521 4512 smvitim
2562 4457 2754 4524 legem.
2793 4453 3246 4521 Egrntantemne
3314 4453 3488 4523 fugis?
3527 4452 3643 4514 Dic,

373 4544 441 4596 Τί
474 4538 567 4596 οῦν
615 4543 787 4596 ἀδικεῖ
826 4545 854 4596 ὁ
886 4543 1189 4613 ἄνθρωπος,
1224 4546 1271 4596 εἰ
1318 4545 1517 4615 ρευστὴ
1558 4544 1715 4599 οὐσία
1746 4543 1881 4600 οὖσα
1926 4550 1945 4598 i

2065 4549 2280 4611 amabo,
2313 4546 2505 4616 ecquid
2539 4554 2863 4614 praetexens,
2896 4542 2950 4597 id
3001 4542 3174 4597 facis?
3200 4543 3277 4595 An
3313 4544 3440 4613 quia
3473 4541 3524 4595 in
3553 4541 3646 4595 illo

374 4636 538 4705 φύσις
564 4634 656 4687 καὶ
688 4633 933 4698 ἆστατος.
968 4635 1060 4686 ἐπὶ
1082 4635 1144 4687 τὸ
1171 4631 1308 4699 εἶδος
1334 4636 1489 4689 τοῦτο
1517 4637 1618 4707 τῆς
1646 4640 1959 4710 ἀρρωστίας

375 4723 826 4795 παρωλέσθησεν;
859 4726 929 4776 Σὺ
959 4723 1014 4775 δὲ
1037 4724 1135 4793 οὐχ
1162 4726 1292 4794 ὁρᾷς
1320 4726 1413 4777 καὶ
1434 4727 1524 4778 ἐπι
1551 4726 1660 4780 τῶν
1691 4728 1959 4794 ὑγιαινόν-

372 4832 486 4868 των
515 4815 802 4885 σωμάτων,
838 4817 917 4869 ὅτι
946 4814 1112 4869 τᾶλλα
1144 4833 1226 4878 τις
1251 4815 1523 4879 εύπαθῶν,
1558 4818 1804 4886 φλυκτίδι
1832 4819 1960 4871 πολ-

370 4906 536 4967 λάκις
564 4906 596 4975 ἣ
628 4904 932 4978 ἀνθρακίῳ,
978 4906 1011 4974 ἦ
1050 4922 1155 4956 τινι
1182 4904 1406 4975 τοιούτῳ
1438 4906 1737 4976 συνηνέχθη
1773 4908 1953 4973 πάθει,

376 4997 843 5067 ἐκθερμανθείσης
874 4996 1015 5067 πέρα
1042 4995 1133 5049 τοῦ
1166 4996 1371 5059 δέοντος
1403 4998 1533 5068 περὶ
1572 4998 1630 5050 τὸ
1667 4999 1832 5069 μέρος
1858 5001 1959 5070 τῆς

377 5092 667 5161 ὑγρασίας,
712 5092 806 5146 καὶ
847 5092 936 5145 διὰ
964 5091 1117 5145 τοῦτο
1165 5091 1473 5162 φλεγμονὴν
1510 5111 1569 5145 τε
1612 5095 1703 5147 καὶ
1740 5076 1959 5165 ἔρευθος

376 5185 474 5238 καί
501 5202 622 5238 τινα
650 5184 901 5256 πυαλώδη
936 5185 1231 5254 διαφθορὰν
1267 5183 1580 5255 παθούσης;
1612 5185 1677 5237 Τί
1703 5183 1832 5250 οῦν;
1867 5186 1958 5256 Μὴ

377 5275 724 5346 πολεμοῦμεν
749 5276 827 5346 τῷ
857 5277 1270 5347 ἀρρωστήσαντι
1289 5277 1390 5345 τῆς
1424 5277 1623 5347 σαρκὸς
1660 5278 1815 5347 μέρει
1842 5295 1856 5342 ;
1887 5278 1960 5330 Τὸ

377 5365 624 5418 ἐναντίον
654 5366 752 5436 μὲν
780 5362 892 5429 οὖν,
918 5366 1060 5421 ἆπαν
1080 5367 1139 5419 τὸ
1162 5368 1403 5434 ὑγιαῖνον
1426 5367 1519 5419 τοῦ
1546 5367 1797 5437 σώματος
1824 5370 1961 5440 πρὸς

375 5454 480 5522 τὴν
512 5454 604 5507 τοῦ
631 5457 975 5527 νενοσηκότος
1003 5459 1274 5528 τρέπομεν
1313 5459 1626 5529 θεραπείαν.
1654 5460 1862 5513 Οὐκοῦν
1901 5463 1961 5514 οὐ

376 5544 444 5600 τὸ
470 5545 642 5610 πάθος
673 5547 975 5617 βδελυκτόν.
1005 5543 1079 5603 Ἷὶ
1109 5550 1217 5620 γὰρ
1246 5549 1311 5603 ἂν
1334 5551 1430 5602 καὶ
1457 5551 1541 5617 ἐφ’
1570 5549 1729 5620 ἡμῶν
1756 5551 1959 5614 αὐτῶν,

380 5637 477 5692 τοῦ
505 5639 702 5711 μέρους
731 5640 1074 5706 πονέσαντος,
1108 5643 1170 5695 τὸ
1203 5644 1441 5710 ὑγιαῖνον
1479 5641 1826 5712 ήλλοτριοῦτο
1860 5644 1961 5714 τῆς

2063 4648 2355 4709 corruptus
2383 4645 2467 4692 est
2496 4637 2712 4701 humor,
2757 4643 2810 4691 et
2853 4633 3107 4705 putridus
3149 4632 3371 4703 quidam
3414 4647 3645 4695 succus,

2062 4742 2176 4786 atra
2206 4732 2311 4785 bile
2335 4744 2461 4785 cum
2490 4731 2610 4797 ipso
2642 4729 2873 4781 humore
2903 4724 3165 4791 confusa,
3215 4725 3535 4794 sanguinem
3566 4724 3648 4776 in-

2062 4821 2229 4875 fecit?
2257 4819 2364 4874 Ilas
2398 4821 2542 4873 enim
2571 4831 2768 4872 causas
2794 4815 3014 4880 medici,
3051 4829 3173 4868 cum
3206 4814 3272 4867 de
3298 4814 3501 4865 morbis
3533 4802 3647 4865 dis?

2064 4921 2272 4976 serunt,
2321 4909 2521 4964 afferre
2549 4909 2751 4963 solent.
2782 4906 3069 4972 Quodnam
3102 4905 3268 4975 igitur
3297 4911 3382 4959 est
3410 4902 3646 4956 hominis

2064 5005 2312 5067 crimen,
2365 5003 2408 5057 si
2449 5011 2660 5055 natura:
2703 4991 2929 5053 materia
2962 4997 3180 5051 mobilis
3217 5005 3269 5049 et
3316 4995 3634 5067 inconstans

2066 5097 2132 5151 ad
2170 5094 2302 5149 illud
2344 5092 2685 5163 aegritudinis
2732 5106 2904 5161 genus
2953 5085 3221 5143 deﬂuxit?
3257 5084 3337 5138 Tu
3368 5098 3497 5138 vero
3536 5099 3645 5137 non

2067 5189 2248 5243 cernis
2295 5188 2351 5239 in
2398 5185 2534 5254 ipsis
2577 5184 2739 5238 etiam
2785 5180 3086 5236 valentium
3134 5177 3459 5245 corporibus
3504 5190 3648 5243 saepe

2068 5279 2403 5347 contingere,
2430 5287 2487 5328 ut
2516 5274 2607 5343 qui
2634 5282 2827 5327 caetera
2862 5286 3029 5325 sanus
3054 5277 3158 5331 est,
3191 5266 3644 5329 inflammatione,

2068 5375 2161 5420 aut
2183 5365 2536 5430 carbunculo,
2559 5372 2651 5417 aut
2670 5361 2936 5431 ejusmodi
2961 5360 3142 5428 aliquo
3173 5358 3360 5410 morbo
3379 5355 3646 5425 corripia-

2070 5469 2180 5524 tur,
2204 5458 2428 5511 incensa
2464 5468 2628 5521 supra
2666 5464 2831 5520 quam
2864 5464 3002 5518 opus
3034 5450 3124 5513 sit,
3154 5447 3300 5500 circa
3341 5444 3645 5499 membrum

2071 5557 2167 5603 aut
2200 5555 2408 5618 partem
2453 5546 2687 5615 aliquam
2725 5541 2948 5594 materia
2992 5540 3211 5594 humida
3259 5546 3311 5594 et
3356 5538 3559 5592 idcirco
3590 5537 3645 5590 in

2073 5648 2339 5694 tumorem
2367 5681 2380 5703 ,
2422 5645 2476 5691 et
2515 5635 2770 5689 ruborem
2795 5669 2809 5694 ,
2855 5639 2907 5686 et
2949 5631 3218 5700 putridam
3270 5629 3477 5685 saniem
3510 5642 3640 5680 con<

456 5814 502 5847 ‘9
530 5813 787 5885 Matthut,
821 5816 925 5884 22;
969 5816 1099 5872 Luc.
1143 5833 1215 5885 τι,
1255 5817 1344 5872 46.
1387 5835 1505 5890 sqq.
1585 5824 1629 5854 ⁷ο
1674 5820 1804 5891 Sap.
1847 5838 1940 5877 vn.

2145 5822 2187 5851 '”
2232 5817 2390 5872 Rom.
2424 5831 2496 5880 χι,
2538 5815 2627 5870 20.
