  <div class='ocr_page' id='page_1' title='image "/cluster/home/n/w/nwhite01/storage/ocr_20150623/46:no.3/coo.31924054869668/251.png"; bbox 0 0 4026 6484; ppageno 0'>
   <div class='ocr_carea' id='block_1_1' title="bbox 458 413 559 471">
    <p class='ocr_par' dir='ltr' id='par_1_1' title="bbox 458 413 559 471">
     <span class='ocr_line' id='line_1_1' title="bbox 458 413 559 471; baseline -0.02 0"><span class='ocrx_word' id='word_1_1' title='bbox 458 413 559 471; x_wconf 57' lang='grc'><strong>485</strong></span> 
     </span>
    </p>
   </div>
   <div class='ocr_carea' id='block_1_2' title="bbox 1663 407 2445 468">
    <p class='ocr_par' dir='ltr' id='par_1_2' title="bbox 1663 407 2445 468">
     <span class='ocr_line' id='line_1_2' title="bbox 1663 407 2445 468; baseline -0.01 0"><span class='ocrx_word' id='word_1_2' title='bbox 1663 414 1724 468; x_wconf 86' lang='lat' dir='ltr'><strong>S.</strong></span> <span class='ocrx_word' id='word_1_3' title='bbox 1762 408 2087 466; x_wconf 77' lang='lat' dir='ltr'><strong>GREGORII</strong></span> <span class='ocrx_word' id='word_1_4' title='bbox 2152 407 2445 464; x_wconf 79' lang='lat' dir='ltr'><strong>NYSSENI</strong></span> 
     </span>
    </p>
   </div>
   <div class='ocr_carea' id='block_1_3' title="bbox 3622 398 3737 462">
    <p class='ocr_par' dir='ltr' id='par_1_3' title="bbox 3622 398 3737 462">
     <span class='ocr_line' id='line_1_3' title="bbox 3622 398 3737 462; baseline 0.017 -3"><span class='ocrx_word' id='word_1_5' title='bbox 3622 398 3737 462; x_wconf 57' lang='grc' dir='ltr'><strong>ιιι</strong></span> 
     </span>
    </p>
   </div>
   <div class='ocr_carea' id='block_1_4' title="bbox 459 514 2049 596">
    <p class='ocr_par' dir='ltr' id='par_1_4' title="bbox 459 522 2034 594">
     <span class='ocr_line' id='line_1_4' title="bbox 459 522 2034 594; baseline 0.001 -17"><span class='ocrx_word' id='word_1_6' title='bbox 459 527 643 580; x_wconf 83' lang='lat' dir='ltr'><strong>versa?</strong></span> <span class='ocrx_word' id='word_1_7' title='bbox 661 522 891 591; x_wconf 81' lang='lat' dir='ltr'><strong>Quando</strong></span> <span class='ocrx_word' id='word_1_8' title='bbox 916 525 1081 594; x_wconf 73' lang='lat' dir='ltr'><strong>igitur</strong></span> <span class='ocrx_word' id='word_1_9' title='bbox 1103 525 1184 581; x_wconf 90' lang='lat' dir='ltr'><strong>sic</strong></span> <span class='ocrx_word' id='word_1_10' title='bbox 1202 524 1377 582; x_wconf 82' lang='lat' dir='ltr'><strong>aﬂ‘ecti</strong></span> <span class='ocrx_word' id='word_1_11' title='bbox 1398 540 1610 588; x_wconf 85' lang='lat' dir='ltr'><strong>sumus,</strong></span> <span class='ocrx_word' id='word_1_12' title='bbox 1637 541 1830 581; x_wconf 80' lang='lat' dir='ltr'><strong>eamne</strong></span> <span class='ocrx_word' id='word_1_13' title='bbox 1852 524 2034 579; x_wconf 85' lang='lat' dir='ltr'><strong>carnis</strong></span> 
     </span>
    </p>
   </div>
   <div class='ocr_carea' id='block_1_5' title="bbox 2151 514 3734 596">
    <p class='ocr_par' dir='ltr' id='par_1_5' title="bbox 2151 514 3734 596">
     <span class='ocr_line' id='line_1_5' title="bbox 2151 514 3734 596; baseline -0.008 -18"><span class='ocrx_word' id='word_1_14' title='bbox 2151 523 2434 596; x_wconf 68' lang='lat' dir='ltr'><strong>isprtteiag</strong></span> <span class='ocrx_word' id='word_1_15' title='bbox 2462 521 2558 574; x_wconf 80' lang='grc' dir='ltr'><strong>τοῦ</strong></span> <span class='ocrx_word' id='word_1_16' title='bbox 2603 520 2920 590; x_wconf 80' lang='grc' dir='ltr'>κάμνοντος.</span> <span class='ocrx_word' id='word_1_17' title='bbox 2987 515 3149 569; x_wconf 80' lang='grc' dir='ltr'>Ἀλλά</span> <span class='ocrx_word' id='word_1_18' title='bbox 3181 514 3266 578; x_wconf 92' lang='grc' dir='ltr'><strong>τίς</strong></span> <span class='ocrx_word' id='word_1_19' title='bbox 3292 515 3439 568; x_wconf 86' lang='grc' dir='ltr'>ἐστιν</span> <span class='ocrx_word' id='word_1_20' title='bbox 3470 514 3624 567; x_wconf 77' lang='grc' dir='ltr'>αἰτία</span> <span class='ocrx_word' id='word_1_21' title='bbox 3650 554 3666 577; x_wconf 90' lang='grc'><strong>,</strong></span> <span class='ocrx_word' id='word_1_22' title='bbox 3698 520 3734 588; x_wconf 71' lang='grc' dir='ltr'>ἡ</span> 
     </span>
    </p>
   </div>
   <div class='ocr_carea' id='block_1_6' title="bbox 458 618 2035 687">
    <p class='ocr_par' dir='ltr' id='par_1_6' title="bbox 458 618 2035 687">
     <span class='ocr_line' id='line_1_6' title="bbox 458 618 2035 687; baseline 0.001 -19"><span class='ocrx_word' id='word_1_23' title='bbox 458 622 665 684; x_wconf 88' lang='lat' dir='ltr'><strong>partem</strong></span> <span class='ocrx_word' id='word_1_24' title='bbox 703 623 1068 687; x_wconf 79' lang='lat' dir='ltr'><strong>aegrotantem.</strong></span> <span class='ocrx_word' id='word_1_25' title='bbox 1107 633 1445 684; x_wconf 81' lang='lat' dir='ltr'><strong>aversamur,</strong></span> <span class='ocrx_word' id='word_1_26' title='bbox 1498 633 1569 673; x_wconf 90' lang='lat' dir='ltr'><strong>an</strong></span> <span class='ocrx_word' id='word_1_27' title='bbox 1606 624 1801 672; x_wconf 88' lang='lat' dir='ltr'><strong>contra</strong></span> <span class='ocrx_word' id='word_1_28' title='bbox 1854 618 2035 686; x_wconf 84' lang='lat' dir='ltr'><strong>potius</strong></span> 
     </span>
    </p>
   </div>
   <div class='ocr_carea' id='block_1_7' title="bbox 459 705 2036 778">
    <p class='ocr_par' dir='ltr' id='par_1_7' title="bbox 459 705 2036 778">
     <span class='ocr_line' id='line_1_7' title="bbox 459 705 2036 778; baseline 0.001 -20"><span class='ocrx_word' id='word_1_29' title='bbox 459 705 696 774; x_wconf 85' lang='lat' dir='ltr'><strong>reliquas</strong></span> <span class='ocrx_word' id='word_1_30' title='bbox 729 709 978 778; x_wconf 88' lang='lat' dir='ltr'><strong>corporis</strong></span> <span class='ocrx_word' id='word_1_31' title='bbox 1014 718 1197 778; x_wconf 79' lang='lat' dir='ltr'><strong>partes</strong></span> <span class='ocrx_word' id='word_1_32' title='bbox 1229 725 1393 767; x_wconf 89' lang='lat' dir='ltr'><strong>sanas</strong></span> <span class='ocrx_word' id='word_1_33' title='bbox 1425 724 1618 765; x_wconf 86' lang='lat' dir='ltr'><strong>omnes</strong></span> <span class='ocrx_word' id='word_1_34' title='bbox 1653 708 1722 763; x_wconf 89' lang='lat' dir='ltr'><strong>ad</strong></span> <span class='ocrx_word' id='word_1_35' title='bbox 1774 708 1922 762; x_wconf 90' lang='lat' dir='ltr'><strong>illius</strong></span> <span class='ocrx_word' id='word_1_36' title='bbox 1953 707 2036 760; x_wconf 87' lang='lat' dir='ltr'><strong>la-</strong></span> 
     </span>
    </p>
   </div>
   <div class='ocr_carea' id='block_1_8' title="bbox 457 796 2040 871">
    <p class='ocr_par' dir='ltr' id='par_1_8' title="bbox 457 796 2040 871">
     <span class='ocr_line' id='line_1_8' title="bbox 457 796 2040 871; baseline 0.003 -21"><span class='ocrx_word' id='word_1_37' title='bbox 457 796 708 854; x_wconf 88' lang='lat' dir='ltr'><strong>borantis</strong></span> <span class='ocrx_word' id='word_1_38' title='bbox 741 800 1080 857; x_wconf 73' lang='lat' dir='ltr'><strong>curationem</strong></span> <span class='ocrx_word' id='word_1_39' title='bbox 1126 802 1539 857; x_wconf 72' lang='lat' dir='ltr'><strong>convertimus?</strong></span> <span class='ocrx_word' id='word_1_40' title='bbox 1582 800 1700 856; x_wconf 80' lang='lat' dir='ltr'><strong>Non</strong></span> <span class='ocrx_word' id='word_1_41' title='bbox 1748 801 1915 871; x_wconf 82' lang='lat' dir='ltr'><strong>igitur</strong></span> <span class='ocrx_word' id='word_1_42' title='bbox 1942 800 2040 855; x_wconf 41' lang='lat' dir='ltr'><strong>de.</strong></span> 
     </span>
    </p>
   </div>
   <div class='ocr_carea' id='block_1_9' title="bbox 454 890 2038 963">
    <p class='ocr_par' dir='ltr' id='par_1_9' title="bbox 454 890 2038 963">
     <span class='ocr_line' id='line_1_9' title="bbox 454 890 2038 963; baseline 0.004 -22"><span class='ocrx_word' id='word_1_43' title='bbox 454 890 730 945; x_wconf 86' lang='lat' dir='ltr'><strong>testabilis</strong></span> <span class='ocrx_word' id='word_1_44' title='bbox 756 900 840 946; x_wconf 88' lang='lat' dir='ltr'><strong>est</strong></span> <span class='ocrx_word' id='word_1_45' title='bbox 869 892 1093 947; x_wconf 85' lang='lat' dir='ltr'><strong>morbus</strong></span> <span class='ocrx_word' id='word_1_46' title='bbox 1121 912 1133 947; x_wconf 94' lang='lat'>:</span> <span class='ocrx_word' id='word_1_47' title='bbox 1165 894 1409 963; x_wconf 83' lang='lat' dir='ltr'><strong>alioquin</strong></span> <span class='ocrx_word' id='word_1_48' title='bbox 1434 893 1490 947; x_wconf 89' lang='lat' dir='ltr'><strong>in</strong></span> <span class='ocrx_word' id='word_1_49' title='bbox 1519 893 1679 948; x_wconf 85' lang='lat' dir='ltr'><strong>nobis</strong></span> <span class='ocrx_word' id='word_1_50' title='bbox 1705 893 1870 946; x_wconf 86' lang='lat' dir='ltr'><strong>etiam</strong></span> <span class='ocrx_word' id='word_1_51' title='bbox 1902 890 2038 962; x_wconf 80' lang='lat' dir='ltr'><strong>ipsis</strong></span> 
     </span>
    </p>
   </div>
   <div class='ocr_carea' id='block_1_10' title="bbox 456 981 2041 1052">
    <p class='ocr_par' dir='ltr' id='par_1_10' title="bbox 456 981 2041 1052">
     <span class='ocr_line' id='line_1_10' title="bbox 456 981 2041 1052; baseline 0.001 -18"><span class='ocrx_word' id='word_1_52' title='bbox 456 981 530 1034; x_wconf 85' lang='lat' dir='ltr'><strong>ab</strong></span> <span class='ocrx_word' id='word_1_53' title='bbox 562 996 626 1035; x_wconf 90' lang='lat' dir='ltr'><strong>ea</strong></span> <span class='ocrx_word' id='word_1_54' title='bbox 664 991 818 1052; x_wconf 88' lang='lat' dir='ltr'><strong>parte</strong></span> <span class='ocrx_word' id='word_1_55' title='bbox 850 983 1091 1037; x_wconf 88' lang='lat' dir='ltr'><strong>curanda</strong></span> <span class='ocrx_word' id='word_1_56' title='bbox 1115 1022 1131 1047; x_wconf 90' lang='lat'><strong>,</strong></span> <span class='ocrx_word' id='word_1_57' title='bbox 1164 999 1285 1052; x_wconf 74' lang='lat' dir='ltr'><strong>qua:</strong></span> <span class='ocrx_word' id='word_1_58' title='bbox 1315 983 1509 1037; x_wconf 90' lang='lat' dir='ltr'><strong>morbo</strong></span> <span class='ocrx_word' id='word_1_59' title='bbox 1533 981 1730 1037; x_wconf 73' lang='lat' dir='ltr'><strong>aﬂecta</strong></span> <span class='ocrx_word' id='word_1_60' title='bbox 1755 989 1861 1047; x_wconf 85' lang='lat' dir='ltr'><strong>est,</strong></span> <span class='ocrx_word' id='word_1_61' title='bbox 1891 996 2041 1036; x_wconf 74' lang='lat' dir='ltr'><strong>sana:</strong></span> 
     </span>
    </p>
   </div>
   <div class='ocr_carea' id='block_1_11' title="bbox 462 1071 2040 1144">
    <p class='ocr_par' dir='ltr' id='par_1_11' title="bbox 462 1071 2040 1144">
     <span class='ocr_line' id='line_1_11' title="bbox 462 1071 2040 1144; baseline 0.002 -21"><span class='ocrx_word' id='word_1_62' title='bbox 462 1079 646 1140; x_wconf 85' lang='lat' dir='ltr'><strong>partes</strong></span> <span class='ocrx_word' id='word_1_63' title='bbox 686 1073 1062 1128; x_wconf 77' lang='lat' dir='ltr'><strong>abhorrerent.</strong></span> <span class='ocrx_word' id='word_1_64' title='bbox 1102 1072 1243 1141; x_wconf 86' lang='lat' dir='ltr'><strong>Quid</strong></span> <span class='ocrx_word' id='word_1_65' title='bbox 1276 1088 1410 1144; x_wconf 82' lang='lat' dir='ltr'><strong>ergo</strong></span> <span class='ocrx_word' id='word_1_66' title='bbox 1454 1088 1555 1129; x_wconf 90' lang='lat' dir='ltr'><strong>nos</strong></span> <span class='ocrx_word' id='word_1_67' title='bbox 1587 1073 1657 1129; x_wconf 84' lang='lat' dir='ltr'><strong>ab</strong></span> <span class='ocrx_word' id='word_1_68' title='bbox 1686 1074 1792 1128; x_wconf 83' lang='lat' dir='ltr'><strong>illis</strong></span> <span class='ocrx_word' id='word_1_69' title='bbox 1826 1071 2040 1141; x_wconf 74' lang='lat' dir='ltr'><strong>disiun-</strong></span> 
     </span>
    </p>
   </div>
   <div class='ocr_carea' id='block_1_12' title="bbox 461 1158 2038 1235">
    <p class='ocr_par' dir='ltr' id='par_1_12' title="bbox 461 1158 2038 1235">
     <span class='ocr_line' id='line_1_12' title="bbox 461 1158 2038 1235; baseline 0.004 -22"><span class='ocrx_word' id='word_1_70' title='bbox 461 1158 576 1230; x_wconf 76' lang='lat' dir='ltr'><strong>git?</strong></span> <span class='ocrx_word' id='word_1_71' title='bbox 603 1163 731 1232; x_wconf 68' lang='lat' dir='ltr'><strong>quid</strong></span> <span class='ocrx_word' id='word_1_72' title='bbox 767 1164 980 1218; x_wconf 79' lang='lat' dir='ltr'><strong>tandem</strong></span> <span class='ocrx_word' id='word_1_73' title='bbox 1012 1174 1095 1219; x_wconf 90' lang='lat' dir='ltr'><strong>est</strong></span> <span class='ocrx_word' id='word_1_74' title='bbox 1115 1164 1298 1223; x_wconf 58' lang='lat' dir='ltr'><strong>i‘lllud</strong></span> <span class='ocrx_word' id='word_1_75' title='bbox 1333 1164 1602 1234; x_wconf 77' lang='lat' dir='ltr'><strong>profecto,</strong></span> <span class='ocrx_word' id='word_1_76' title='bbox 1636 1164 1787 1235; x_wconf 88' lang='lat' dir='ltr'><strong>quod</strong></span> <span class='ocrx_word' id='word_1_77' title='bbox 1818 1179 1928 1219; x_wconf 92' lang='lat' dir='ltr'><strong>non</strong></span> <span class='ocrx_word' id='word_1_78' title='bbox 1964 1166 2038 1221; x_wconf 88' lang='lat' dir='ltr'><strong>ti-</strong></span> 
     </span>
    </p>
   </div>
   <div class='ocr_carea' id='block_1_13' title="bbox 465 1252 2045 1325">
    <p class='ocr_par' dir='ltr' id='par_1_13' title="bbox 465 1252 2045 1325">
     <span class='ocr_line' id='line_1_13' title="bbox 465 1252 2045 1325; baseline 0.006 -24"><span class='ocrx_word' id='word_1_79' title='bbox 465 1267 676 1307; x_wconf 74' lang='lat' dir='ltr'><strong>memus</strong></span> <span class='ocrx_word' id='word_1_80' title='bbox 712 1252 889 1308; x_wconf 85' lang='lat' dir='ltr'><strong>minas</strong></span> <span class='ocrx_word' id='word_1_81' title='bbox 932 1253 1098 1316; x_wconf 82' lang='lat' dir='ltr'><strong>illius.</strong></span> <span class='ocrx_word' id='word_1_82' title='bbox 1131 1255 1224 1325; x_wconf 90' lang='lat' dir='ltr'><strong>qui</strong></span> <span class='ocrx_word' id='word_1_83' title='bbox 1274 1255 1406 1311; x_wconf 89' lang='lat' dir='ltr'><strong>dicit</strong></span> <span class='ocrx_word' id='word_1_84' title='bbox 1442 1272 1457 1309; x_wconf 90' lang='lat'><strong>:</strong></span> <span class='ocrx_word' id='word_1_85' title='bbox 1504 1255 1767 1311; x_wconf 76' lang='lat' dir='ltr'><strong>Discedite</strong></span> <span class='ocrx_word' id='word_1_86' title='bbox 1794 1272 1832 1310; x_wconf 80' lang='grc' dir='ltr'><strong>ιι</strong></span> <span class='ocrx_word' id='word_1_87' title='bbox 1870 1273 1950 1311; x_wconf 80' lang='lat' dir='ltr'><strong>me</strong></span> <span class='ocrx_word' id='word_1_88' title='bbox 1988 1259 2045 1311; x_wconf 79' lang='lat' dir='ltr'><strong>in</strong></span> 
     </span>
    </p>
   </div>
   <div class='ocr_carea' id='block_1_14' title="bbox 463 1339 2045 1415">
    <p class='ocr_par' dir='ltr' id='par_1_14' title="bbox 463 1339 2045 1415">
     <span class='ocr_line' id='line_1_14' title="bbox 463 1339 2045 1415; baseline 0.006 -24"><span class='ocrx_word' id='word_1_89' title='bbox 463 1339 634 1405; x_wconf 81' lang='lat' dir='ltr'><strong>ignem</strong></span> <span class='ocrx_word' id='word_1_90' title='bbox 660 1349 952 1396; x_wconf 66' lang='lat' dir='ltr'><strong>teter-num:</strong></span> <span class='ocrx_word' id='word_1_91' title='bbox 987 1351 1245 1411; x_wconf 74' lang='lat' dir='ltr'><strong>quatenus</strong></span> <span class='ocrx_word' id='word_1_92' title='bbox 1270 1346 1410 1399; x_wconf 77' lang='lat' dir='ltr'><strong>enim</strong></span> <span class='ocrx_word' id='word_1_93' title='bbox 1452 1347 1546 1399; x_wconf 78' lang='lat' dir='ltr'><strong>uni</strong></span> <span class='ocrx_word' id='word_1_94' title='bbox 1574 1360 1642 1399; x_wconf 74' lang='lat' dir='ltr'><strong>ea:</strong></span> <span class='ocrx_word' id='word_1_95' title='bbox 1669 1344 1752 1400; x_wconf 81' lang='lat' dir='ltr'><strong>Itis</strong></span> <span class='ocrx_word' id='word_1_96' title='bbox 1784 1362 1887 1401; x_wconf 82' lang='lat' dir='ltr'><strong>non</strong></span> <span class='ocrx_word' id='word_1_97' title='bbox 1923 1346 2045 1415; x_wconf 79' lang='lat' dir='ltr'><strong>feci-</strong></span> 
     </span>
    </p>
   </div>
   <div class='ocr_carea' id='block_1_15' title="bbox 462 1431 2045 1502">
    <p class='ocr_par' dir='ltr' id='par_1_15' title="bbox 462 1431 2045 1502">
     <span class='ocr_line' id='line_1_15' title="bbox 462 1431 2045 1502; baseline 0.007 -21"><span class='ocrx_word' id='word_1_98' title='bbox 462 1431 579 1493; x_wconf 84' lang='lat' dir='ltr'><strong>stis,</strong></span> <span class='ocrx_word' id='word_1_99' title='bbox 618 1446 708 1484; x_wconf 79' lang='lat' dir='ltr'><strong>nec</strong></span> <span class='ocrx_word' id='word_1_100' title='bbox 737 1431 864 1485; x_wconf 80' lang='lat' dir='ltr'><strong>mihi</strong></span> <span class='ocrx_word' id='word_1_101' title='bbox 893 1432 1113 1502; x_wconf 72' lang='lat' dir='ltr'><strong>fecistis.</strong></span> <span class='ocrx_word' id='word_1_102' title='bbox 1150 1433 1206 1489; x_wconf 90' lang='lat' dir='ltr'><strong>Si</strong></span> <span class='ocrx_word' id='word_1_103' title='bbox 1236 1436 1381 1490; x_wconf 87' lang='lat' dir='ltr'><strong>enim</strong></span> <span class='ocrx_word' id='word_1_104' title='bbox 1412 1435 1529 1491; x_wconf 63' lang='lat' dir='ltr'><strong>haec</strong></span> <span class='ocrx_word' id='word_1_105' title='bbox 1557 1437 1630 1493; x_wconf 84' lang='lat' dir='ltr'><strong>ita</strong></span> <span class='ocrx_word' id='word_1_106' title='bbox 1664 1436 1866 1494; x_wconf 80' lang='lat' dir='ltr'><strong>habere</strong></span> <span class='ocrx_word' id='word_1_107' title='bbox 1901 1438 2045 1493; x_wconf 83' lang='lat' dir='ltr'><strong>arbi-</strong></span> 
     </span>
    </p>
   </div>
   <div class='ocr_carea' id='block_1_16' title="bbox 462 1525 2045 1600">
    <p class='ocr_par' dir='ltr' id='par_1_16' title="bbox 462 1525 2045 1600">
     <span class='ocr_line' id='line_1_16' title="bbox 462 1525 2045 1600; baseline 0.009 -29"><span class='ocrx_word' id='word_1_108' title='bbox 462 1527 759 1586; x_wconf 84' lang='lat' dir='ltr'><strong>trarentur,</strong></span> <span class='ocrx_word' id='word_1_109' title='bbox 788 1538 1063 1593; x_wconf 82' lang='lat' dir='ltr'><strong>nunquam</strong></span> <span class='ocrx_word' id='word_1_110' title='bbox 1098 1526 1294 1581; x_wconf 87' lang='lat' dir='ltr'><strong>adduci</strong></span> <span class='ocrx_word' id='word_1_111' title='bbox 1316 1525 1372 1581; x_wconf 91' lang='lat' dir='ltr'><strong>in</strong></span> <span class='ocrx_word' id='word_1_112' title='bbox 1401 1542 1521 1583; x_wconf 87' lang='lat' dir='ltr'><strong>eam</strong></span> <span class='ocrx_word' id='word_1_113' title='bbox 1552 1531 1880 1584; x_wconf 88' lang='lat' dir='ltr'><strong>sententiam</strong></span> <span class='ocrx_word' id='word_1_114' title='bbox 1916 1544 2045 1600; x_wconf 85' lang='lat' dir='ltr'><strong>pos-</strong></span> 
     </span>
    </p>
   </div>
   <div class='ocr_carea' id='block_1_17' title="bbox 464 1618 2043 1688">
    <p class='ocr_par' dir='ltr' id='par_1_17' title="bbox 464 1618 2043 1688">
     <span class='ocr_line' id='line_1_17' title="bbox 464 1618 2043 1688; baseline 0.008 -23"><span class='ocrx_word' id='word_1_115' title='bbox 464 1618 606 1676; x_wconf 86' lang='lat' dir='ltr'><strong>sent,</strong></span> <span class='ocrx_word' id='word_1_116' title='bbox 633 1622 690 1667; x_wconf 91' lang='lat' dir='ltr'><strong>ut</strong></span> <span class='ocrx_word' id='word_1_117' title='bbox 724 1622 1050 1683; x_wconf 59' lang='lat' dir='ltr'><strong>aegrotantes</strong></span> <span class='ocrx_word' id='word_1_118' title='bbox 1084 1631 1114 1671; x_wconf 86' lang='lat' dir='ltr'><strong>a</strong></span> <span class='ocrx_word' id='word_1_119' title='bbox 1148 1633 1207 1672; x_wconf 91' lang='lat' dir='ltr'><strong>se</strong></span> <span class='ocrx_word' id='word_1_120' title='bbox 1245 1618 1571 1688; x_wconf 81' lang='lat' dir='ltr'><strong>repellerent</strong></span> <span class='ocrx_word' id='word_1_121' title='bbox 1592 1659 1608 1685; x_wconf 93' lang='lat'><strong>,</strong></span> <span class='ocrx_word' id='word_1_122' title='bbox 1636 1635 1741 1676; x_wconf 87' lang='lat' dir='ltr'><strong>nec</strong></span> <span class='ocrx_word' id='word_1_123' title='bbox 1765 1620 2043 1686; x_wconf 84' lang='lat' dir='ltr'><strong>studium,</strong></span> 
     </span>
    </p>
   </div>
   <div class='ocr_carea' id='block_1_18' title="bbox 464 1704 2048 1782">
    <p class='ocr_par' dir='ltr' id='par_1_18' title="bbox 464 1704 2048 1782">
     <span class='ocr_line' id='line_1_18' title="bbox 464 1704 2048 1782; baseline 0.011 -27"><span class='ocrx_word' id='word_1_124' title='bbox 464 1704 610 1774; x_wconf 87' lang='lat' dir='ltr'><strong>quod</strong></span> <span class='ocrx_word' id='word_1_125' title='bbox 672 1706 725 1760; x_wconf 94' lang='lat' dir='ltr'><strong>in</strong></span> <span class='ocrx_word' id='word_1_126' title='bbox 778 1707 1128 1765; x_wconf 83' lang='lat' dir='ltr'><strong>calamitosos</strong></span> <span class='ocrx_word' id='word_1_127' title='bbox 1182 1711 1613 1782; x_wconf 85' lang='lat' dir='ltr'><strong>impenderetur,</strong></span> <span class='ocrx_word' id='word_1_128' title='bbox 1662 1715 1788 1770; x_wconf 67' lang='lat' dir='ltr'><strong>vitae</strong></span> <span class='ocrx_word' id='word_1_129' title='bbox 1844 1723 2048 1773; x_wconf 62' lang='lat' dir='ltr'><strong>nostra</strong></span> 
     </span>
    </p>
   </div>
   <div class='ocr_carea' id='block_1_19' title="bbox 466 1797 2046 1870">
    <p class='ocr_par' dir='ltr' id='par_1_19' title="bbox 466 1797 2046 1870">
     <span class='ocr_line' id='line_1_19' title="bbox 466 1797 2046 1870; baseline 0.011 -22"><span class='ocrx_word' id='word_1_130' title='bbox 466 1797 780 1865; x_wconf 79' lang='lat' dir='ltr'><strong>contagium</strong></span> <span class='ocrx_word' id='word_1_131' title='bbox 849 1800 1248 1857; x_wconf 78' lang='lat' dir='ltr'><strong>existimarent.</strong></span> <span class='ocrx_word' id='word_1_132' title='bbox 1306 1805 1671 1870; x_wconf 85' lang='lat' dir='ltr'><strong>Quamobrem</strong></span> <span class='ocrx_word' id='word_1_133' title='bbox 1729 1808 1776 1863; x_wconf 90' lang='lat' dir='ltr'><strong>si</strong></span> <span class='ocrx_word' id='word_1_134' title='bbox 1832 1807 2046 1865; x_wconf 79' lang='lat' dir='ltr'><strong>ﬁdelem</strong></span> 
     </span>
    </p>
   </div>
   <div class='ocr_carea' id='block_1_20' title="bbox 2140 602 3741 682">
    <p class='ocr_par' dir='ltr' id='par_1_20' title="bbox 2140 602 3741 682">
     <span class='ocr_line' id='line_1_20' title="bbox 2140 602 3741 682; baseline -0.009 -14"><span class='ocrx_word' id='word_1_135' title='bbox 2140 615 2250 669; x_wconf 88' lang='grc' dir='ltr'><strong>τῶν</strong></span> <span class='ocrx_word' id='word_1_136' title='bbox 2280 612 2538 668; x_wconf 78' lang='grc' dir='ltr'><strong>τοιούτων</strong></span> <span class='ocrx_word' id='word_1_137' title='bbox 2569 610 2715 682; x_wconf 80' lang='grc' dir='ltr'>ἡμᾶς</span> <span class='ocrx_word' id='word_1_138' title='bbox 2736 604 3048 676; x_wconf 77' lang='grc' dir='ltr'>ἀφιστῶσας</span> <span class='ocrx_word' id='word_1_139' title='bbox 3075 604 3173 668; x_wconf 86' lang='grc' dir='ltr'><strong>Τίς</strong></span> <span class='ocrx_word' id='word_1_140' title='bbox 3211 603 3380 675; x_wconf 65' lang='lat' dir='ltr'><strong>enim;</strong></span> <span class='ocrx_word' id='word_1_141' title='bbox 3412 603 3490 655; x_wconf 88' lang='grc' dir='ltr'>Τὸ</span> <span class='ocrx_word' id='word_1_142' title='bbox 3520 602 3598 674; x_wconf 80' lang='grc' dir='ltr'>μὴ</span> <span class='ocrx_word' id='word_1_143' title='bbox 3633 617 3741 670; x_wconf 82' lang='grc' dir='ltr'><strong>φο-</strong></span> 
     </span>
    </p>
   </div>
   <div class='ocr_carea' id='block_1_21' title="bbox 2142 695 3742 773">
    <p class='ocr_par' dir='ltr' id='par_1_21' title="bbox 2142 695 3742 773">
     <span class='ocr_line' id='line_1_21' title="bbox 2142 695 3742 773; baseline -0.009 -13"><span class='ocrx_word' id='word_1_144' title='bbox 2142 705 2355 760; x_wconf 75' lang='grc' dir='ltr'>ϐεῖσθαι</span> <span class='ocrx_word' id='word_1_145' title='bbox 2396 703 2495 773; x_wconf 81' lang='grc' dir='ltr'>τὴν</span> <span class='ocrx_word' id='word_1_146' title='bbox 2525 700 2753 771; x_wconf 82' lang='grc' dir='ltr'>ἀπειλὴν</span> <span class='ocrx_word' id='word_1_147' title='bbox 2793 697 2888 773; x_wconf 67' lang='grc' dir='ltr'><strong>τού</strong></span> <span class='ocrx_word' id='word_1_148' title='bbox 2939 697 3182 760; x_wconf 71' lang='grc' dir='ltr'>εἰπόντος</span> <span class='ocrx_word' id='word_1_149' title='bbox 3205 735 3219 760; x_wconf 89' lang='grc'><strong>,</strong></span> <span class='ocrx_word' id='word_1_150' title='bbox 3272 695 3354 749; x_wconf 81' lang='grc' dir='ltr'><strong>ὅτι</strong></span> <span class='ocrx_word' id='word_1_151' title='bbox 3386 696 3742 762; x_wconf 79' lang='grc' dir='ltr'><strong>Πορεύεσθε</strong></span> 
     </span>
    </p>
   </div>
   <div class='ocr_carea' id='block_1_22' title="bbox 2142 785 3742 866">
    <p class='ocr_par' dir='ltr' id='par_1_22' title="bbox 2142 785 3742 866">
     <span class='ocr_line' id='line_1_22' title="bbox 2142 785 3742 866; baseline -0.01 -13"><span class='ocrx_word' id='word_1_152' title='bbox 2142 797 2243 853; x_wconf 81' lang='grc' dir='ltr'>ἀπ’</span> <span class='ocrx_word' id='word_1_153' title='bbox 2271 796 2419 866; x_wconf 76' lang='grc' dir='ltr'>ἐμοῦ</span> <span class='ocrx_word' id='word_1_154' title='bbox 2438 796 2529 858; x_wconf 80' lang='grc' dir='ltr'><strong>είς</strong></span> <span class='ocrx_word' id='word_1_155' title='bbox 2550 792 2619 847; x_wconf 78' lang='grc' dir='ltr'>τὸ</span> <span class='ocrx_word' id='word_1_156' title='bbox 2651 791 2771 860; x_wconf 76' lang='grc' dir='ltr'>πῦρ</span> <span class='ocrx_word' id='word_1_157' title='bbox 2797 789 2864 844; x_wconf 83' lang='grc' dir='ltr'><strong>τὸ</strong></span> <span class='ocrx_word' id='word_1_158' title='bbox 2891 788 3150 843; x_wconf 60' lang='grc' dir='ltr'>αιώγιον</span> <span class='ocrx_word' id='word_1_159' title='bbox 3183 787 3275 856; x_wconf 75' lang='grc' dir='ltr'><strong>ἐφ’</strong></span> <span class='ocrx_word' id='word_1_160' title='bbox 3295 786 3448 841; x_wconf 75' lang='grc' dir='ltr'>ὅσον</span> <span class='ocrx_word' id='word_1_161' title='bbox 3475 785 3589 856; x_wconf 79' lang='grc' dir='ltr'><strong>τὰρ</strong></span> <span class='ocrx_word' id='word_1_162' title='bbox 3616 785 3742 838; x_wconf 71' lang='grc' dir='ltr'>οὐκ</span> 
     </span>
    </p>
   </div>
   <div class='ocr_carea' id='block_1_23' title="bbox 2142 874 3739 954">
    <p class='ocr_par' dir='ltr' id='par_1_23' title="bbox 2142 874 3739 954">
     <span class='ocr_line' id='line_1_23' title="bbox 2142 874 3739 954; baseline -0.009 -11"><span class='ocrx_word' id='word_1_163' title='bbox 2142 886 2469 954; x_wconf 78' lang='grc' dir='ltr'>ἐποιήσατε</span> <span class='ocrx_word' id='word_1_164' title='bbox 2484 883 2575 939; x_wconf 77' lang='grc' dir='ltr'>ἐνί</span> <span class='ocrx_word' id='word_1_165' title='bbox 2594 883 2843 945; x_wconf 77' lang='grc' dir='ltr'>τούτων,</span> <span class='ocrx_word' id='word_1_166' title='bbox 2866 897 2941 951; x_wconf 83' lang='grc' dir='ltr'>φη</span> <span class='ocrx_word' id='word_1_167' title='bbox 2949 879 3052 943; x_wconf 76' lang='grc' dir='ltr'>σἰν,</span> <span class='ocrx_word' id='word_1_168' title='bbox 3074 877 3217 933; x_wconf 75' lang='grc' dir='ltr'>οὐδὲ</span> <span class='ocrx_word' id='word_1_169' title='bbox 3234 878 3361 947; x_wconf 76' lang='grc' dir='ltr'>ἐμοὶ</span> <span class='ocrx_word' id='word_1_170' title='bbox 3377 874 3739 942; x_wconf 74' lang='grc' dir='ltr'>ἐποιήσατε.</span> 
     </span>
    </p>
   </div>
   <div class='ocr_carea' id='block_1_24' title="bbox 2145 966 3741 1050">
    <p class='ocr_par' dir='ltr' id='par_1_24' title="bbox 2145 966 3741 1050">
     <span class='ocr_line' id='line_1_24' title="bbox 2145 966 3741 1050; baseline -0.009 -16"><span class='ocrx_word' id='word_1_171' title='bbox 2145 981 2209 1034; x_wconf 81' lang='lat' dir='ltr'><strong>Ei</strong></span> <span class='ocrx_word' id='word_1_172' title='bbox 2252 979 2362 1050; x_wconf 83' lang='grc' dir='ltr'><strong>γὰρ</strong></span> <span class='ocrx_word' id='word_1_173' title='bbox 2390 977 2565 1032; x_wconf 86' lang='grc' dir='ltr'>ταῦτα</span> <span class='ocrx_word' id='word_1_174' title='bbox 2599 972 2773 1038; x_wconf 71' lang='grc' dir='ltr'>οὕτως</span> <span class='ocrx_word' id='word_1_175' title='bbox 2808 972 2951 1044; x_wconf 78' lang='grc' dir='ltr'>ἐχειν</span> <span class='ocrx_word' id='word_1_176' title='bbox 2980 969 3179 1042; x_wconf 80' lang='grc' dir='ltr'>ᾤοντο,</span> <span class='ocrx_word' id='word_1_177' title='bbox 3213 970 3314 1023; x_wconf 72' lang='grc' dir='ltr'><strong>οὐκ</strong></span> <span class='ocrx_word' id='word_1_178' title='bbox 3358 968 3424 1024; x_wconf 75' lang='grc' dir='ltr'><strong>ἂν</strong></span> <span class='ocrx_word' id='word_1_179' title='bbox 3468 966 3741 1038; x_wconf 77' lang='grc' dir='ltr'><strong>τοιαύτην</strong></span> 
     </span>
    </p>
   </div>
   <div class='ocr_carea' id='block_1_25' title="bbox 2144 1058 3741 1142">
    <p class='ocr_par' dir='ltr' id='par_1_25' title="bbox 2144 1058 3741 1142">
     <span class='ocr_line' id='line_1_25' title="bbox 2144 1058 3741 1142; baseline -0.009 -17"><span class='ocrx_word' id='word_1_180' title='bbox 2144 1071 2305 1141; x_wconf 69' lang='grc' dir='ltr'>ἔσχον</span> <span class='ocrx_word' id='word_1_181' title='bbox 2339 1069 2469 1142; x_wconf 78' lang='grc' dir='ltr'>περὶ</span> <span class='ocrx_word' id='word_1_182' title='bbox 2512 1067 2623 1123; x_wconf 85' lang='grc' dir='ltr'><strong>τῶν</strong></span> <span class='ocrx_word' id='word_1_183' title='bbox 2673 1063 3097 1139; x_wconf 48' lang='grc' dir='ltr'>ῳὸρωστούντων</span> <span class='ocrx_word' id='word_1_184' title='bbox 3136 1059 3382 1132; x_wconf 83' lang='grc' dir='ltr'><strong>γνώμην,</strong></span> <span class='ocrx_word' id='word_1_185' title='bbox 3436 1058 3579 1113; x_wconf 84' lang='grc' dir='ltr'>ὥστε</span> <span class='ocrx_word' id='word_1_186' title='bbox 3622 1060 3741 1111; x_wconf 74' lang='grc' dir='ltr'>ἀπο</span> 
     </span>
    </p>
   </div>
   <div class='ocr_carea' id='block_1_26' title="bbox 2143 1148 3743 1229">
    <p class='ocr_par' dir='ltr' id='par_1_26' title="bbox 2143 1148 3743 1229">
     <span class='ocr_line' id='line_1_26' title="bbox 2143 1148 3743 1229; baseline -0.01 -13"><span class='ocrx_word' id='word_1_187' title='bbox 2143 1160 2403 1216; x_wconf 76' lang='grc' dir='ltr'>ωθείσθαι</span> <span class='ocrx_word' id='word_1_188' title='bbox 2434 1157 2527 1229; x_wconf 85' lang='grc' dir='ltr'><strong>ἀφ’</strong></span> <span class='ocrx_word' id='word_1_189' title='bbox 2550 1156 2778 1219; x_wconf 72' lang='grc' dir='ltr'>ἑαυτῶν,</span> <span class='ocrx_word' id='word_1_190' title='bbox 2814 1154 2907 1208; x_wconf 61' lang='grc' dir='ltr'><strong>καὶ</strong></span> <span class='ocrx_word' id='word_1_191' title='bbox 2932 1152 3206 1225; x_wconf 79' lang='grc' dir='ltr'><strong>μολυσμὸν</strong></span> <span class='ocrx_word' id='word_1_192' title='bbox 3237 1150 3443 1205; x_wconf 71' lang='grc' dir='ltr'>οἴεσθαι</span> <span class='ocrx_word' id='word_1_193' title='bbox 3460 1148 3554 1202; x_wconf 79' lang='grc' dir='ltr'>τοῦ</span> <span class='ocrx_word' id='word_1_194' title='bbox 3588 1151 3743 1220; x_wconf 78' lang='grc' dir='ltr'>ήμε-</span> 
     </span>
    </p>
   </div>
   <div class='ocr_carea' id='block_1_27' title="bbox 2147 1242 3743 1326">
    <p class='ocr_par' dir='ltr' id='par_1_27' title="bbox 2147 1242 3743 1326">
     <span class='ocr_line' id='line_1_27' title="bbox 2147 1242 3743 1326; baseline -0.011 -18"><span class='ocrx_word' id='word_1_195' title='bbox 2147 1254 2306 1326; x_wconf 82' lang='grc' dir='ltr'>τέρου</span> <span class='ocrx_word' id='word_1_196' title='bbox 2342 1252 2478 1324; x_wconf 80' lang='grc' dir='ltr'>βίον,</span> <span class='ocrx_word' id='word_1_197' title='bbox 2508 1249 2606 1321; x_wconf 81' lang='grc' dir='ltr'>τὴν</span> <span class='ocrx_word' id='word_1_198' title='bbox 2645 1249 2774 1320; x_wconf 69' lang='grc' dir='ltr'>περὶ</span> <span class='ocrx_word' id='word_1_199' title='bbox 2814 1248 2942 1310; x_wconf 74' lang='grc' dir='ltr'>τοὺς</span> <span class='ocrx_word' id='word_1_200' title='bbox 2972 1242 3520 1314; x_wconf 72' lang='grc' dir='ltr'><strong>ταλαιπωρουμένους</strong></span> <span class='ocrx_word' id='word_1_201' title='bbox 3557 1256 3743 1293; x_wconf 82' lang='grc' dir='ltr'>σπου-</span> 
     </span>
    </p>
   </div>
   <div class='ocr_carea' id='block_1_28' title="bbox 2147 1331 3741 1417">
    <p class='ocr_par' dir='ltr' id='par_1_28' title="bbox 2147 1331 3741 1417">
     <span class='ocr_line' id='line_1_28' title="bbox 2147 1331 3741 1417; baseline -0.011 -16"><span class='ocrx_word' id='word_1_202' title='bbox 2147 1346 2266 1417; x_wconf 88' lang='grc' dir='ltr'>δήν.</span> <span class='ocrx_word' id='word_1_203' title='bbox 2289 1342 2497 1399; x_wconf 79' lang='grc' dir='ltr'>οὐκοῦν</span> <span class='ocrx_word' id='word_1_204' title='bbox 2514 1344 2565 1396; x_wconf 88' lang='grc' dir='ltr'><strong>εί</strong></span> <span class='ocrx_word' id='word_1_205' title='bbox 2595 1338 2782 1394; x_wconf 89' lang='grc' dir='ltr'>πιστὸν</span> <span class='ocrx_word' id='word_1_206' title='bbox 2811 1336 3095 1410; x_wconf 69' lang='grc' dir='ltr'>ἡγούμεθα</span> <span class='ocrx_word' id='word_1_207' title='bbox 3123 1335 3216 1388; x_wconf 88' lang='grc' dir='ltr'><strong>τὸν</strong></span> <span class='ocrx_word' id='word_1_208' title='bbox 3237 1331 3741 1403; x_wconf 81' lang='grc' dir='ltr'>ἐπαγγειλάμενον,</span> 
     </span>
    </p>
   </div>
   <div class='ocr_carea' id='block_1_29' title="bbox 2148 1417 3741 1504">
    <p class='ocr_par' dir='ltr' id='par_1_29' title="bbox 2148 1417 3741 1504">
     <span class='ocr_line' id='line_1_29' title="bbox 2148 1417 3741 1504; baseline -0.011 -15"><span class='ocrx_word' id='word_1_209' title='bbox 2148 1432 2502 1504; x_wconf 82' lang='grc' dir='ltr'><strong>ἀντιληπτέον</strong></span> <span class='ocrx_word' id='word_1_210' title='bbox 2542 1432 2609 1485; x_wconf 78' lang='grc' dir='ltr'>ἂν</span> <span class='ocrx_word' id='word_1_211' title='bbox 2644 1429 2728 1499; x_wconf 75' lang='grc' dir='ltr'>εἴη</span> <span class='ocrx_word' id='word_1_212' title='bbox 2760 1426 2870 1481; x_wconf 88' lang='grc' dir='ltr'><strong>τῶν</strong></span> <span class='ocrx_word' id='word_1_213' title='bbox 2897 1424 3146 1488; x_wconf 84' lang='grc' dir='ltr'>ἐντολῶν,</span> <span class='ocrx_word' id='word_1_214' title='bbox 3194 1417 3270 1477; x_wconf 84' lang='grc' dir='ltr'>ὧν</span> <span class='ocrx_word' id='word_1_215' title='bbox 3306 1424 3432 1478; x_wconf 75' lang='grc' dir='ltr'>ἄνευ</span> <span class='ocrx_word' id='word_1_216' title='bbox 3478 1422 3582 1474; x_wconf 87' lang='grc' dir='ltr'><strong>οὐκ</strong></span> <span class='ocrx_word' id='word_1_217' title='bbox 3615 1420 3741 1472; x_wconf 79' lang='grc' dir='ltr'>ἐστι</span> 
     </span>
    </p>
   </div>
   <div class='ocr_carea' id='block_1_30' title="bbox 2149 1518 3737 1598">
    <p class='ocr_par' dir='ltr' id='par_1_30' title="bbox 2149 1518 3737 1598">
     <span class='ocr_line' id='line_1_30' title="bbox 2149 1518 3737 1598; baseline -0.009 -14"><span class='ocrx_word' id='word_1_218' title='bbox 2149 1531 2258 1585; x_wconf 87' lang='grc' dir='ltr'><strong>τῶν</strong></span> <span class='ocrx_word' id='word_1_219' title='bbox 2289 1526 2655 1598; x_wconf 78' lang='grc' dir='ltr'>ἐλπιζομένων</span> <span class='ocrx_word' id='word_1_220' title='bbox 2684 1524 2999 1595; x_wconf 77' lang='grc' dir='ltr'>ἀξιωθῆναι.</span> <span class='ocrx_word' id='word_1_221' title='bbox 3031 1522 3211 1585; x_wconf 80' lang='grc' dir='ltr'>Ξένος,</span> <span class='ocrx_word' id='word_1_222' title='bbox 3241 1521 3333 1575; x_wconf 72' lang='grc' dir='ltr'>καὶ</span> <span class='ocrx_word' id='word_1_223' title='bbox 3364 1519 3571 1590; x_wconf 83' lang='grc' dir='ltr'>γυμνὸς</span> <span class='ocrx_word' id='word_1_224' title='bbox 3590 1559 3605 1583; x_wconf 92' lang='grc'><strong>,</strong></span> <span class='ocrx_word' id='word_1_225' title='bbox 3637 1518 3737 1571; x_wconf 74' lang='grc' dir='ltr'><strong>καὶ</strong></span> 
     </span>
    </p>
   </div>
   <div class='ocr_carea' id='block_1_31' title="bbox 2151 1612 3743 1696">
    <p class='ocr_par' dir='ltr' id='par_1_31' title="bbox 2151 1612 3743 1696">
     <span class='ocr_line' id='line_1_31' title="bbox 2151 1612 3743 1696; baseline -0.009 -20"><span class='ocrx_word' id='word_1_226' title='bbox 2151 1623 2356 1696; x_wconf 80' lang='grc' dir='ltr'>τροφῆς</span> <span class='ocrx_word' id='word_1_227' title='bbox 2384 1619 2587 1691; x_wconf 80' lang='grc' dir='ltr'>ἐνδεὴς,</span> <span class='ocrx_word' id='word_1_228' title='bbox 2611 1616 2850 1672; x_wconf 81' lang='grc' dir='ltr'>ἀσθενῶν</span> <span class='ocrx_word' id='word_1_229' title='bbox 2877 1616 2971 1670; x_wconf 71' lang='grc' dir='ltr'><strong>καὶ</strong></span> <span class='ocrx_word' id='word_1_230' title='bbox 2989 1615 3395 1677; x_wconf 77' lang='grc' dir='ltr'>κατάκλειστος,</span> <span class='ocrx_word' id='word_1_231' title='bbox 3427 1612 3522 1664; x_wconf 74' lang='grc' dir='ltr'><strong>καὶ</strong></span> <span class='ocrx_word' id='word_1_232' title='bbox 3551 1612 3743 1664; x_wconf 76' lang='grc' dir='ltr'>πάντα</span> 
     </span>
    </p>
   </div>
   <div class='ocr_carea' id='block_1_32' title="bbox 2154 1699 3740 1773">
    <p class='ocr_par' dir='ltr' id='par_1_32' title="bbox 2154 1699 3740 1773">
     <span class='ocr_line' id='line_1_32' title="bbox 2154 1699 3740 1773; baseline -0.008 -11"><span class='ocrx_word' id='word_1_233' title='bbox 2154 1726 2237 1763; x_wconf 88' lang='grc' dir='ltr'><strong>σοι</strong></span> <span class='ocrx_word' id='word_1_234' title='bbox 2266 1699 2420 1771; x_wconf 74' lang='grc' dir='ltr'>οὗτὸς</span> <span class='ocrx_word' id='word_1_235' title='bbox 2448 1709 2614 1772; x_wconf 86' lang='grc' dir='ltr'>ἐστιν,</span> <span class='ocrx_word' id='word_1_236' title='bbox 2660 1705 2761 1759; x_wconf 84' lang='grc' dir='ltr'>ὃσα</span> <span class='ocrx_word' id='word_1_237' title='bbox 2800 1705 2859 1757; x_wconf 85' lang='grc' dir='ltr'><strong>ἐν</strong></span> <span class='ocrx_word' id='word_1_238' title='bbox 2902 1702 2983 1773; x_wconf 81' lang='grc' dir='ltr'>τῷ</span> <span class='ocrx_word' id='word_1_239' title='bbox 3022 1700 3341 1772; x_wconf 82' lang='grc' dir='ltr'>Εὑαγγελίῳ</span> <span class='ocrx_word' id='word_1_240' title='bbox 3381 1700 3740 1771; x_wconf 83' lang='grc' dir='ltr'>προείρηται·</span> 
     </span>
    </p>
   </div>
   <div class='ocr_carea' id='block_1_33' title="bbox 2150 1790 3743 1871">
    <p class='ocr_par' dir='ltr' id='par_1_33' title="bbox 2150 1790 3743 1871">
     <span class='ocr_line' id='line_1_33' title="bbox 2150 1790 3743 1871; baseline -0.006 -17"><span class='ocrx_word' id='word_1_241' title='bbox 2150 1800 2357 1871; x_wconf 77' lang='grc' dir='ltr'>ἀλήτης</span> <span class='ocrx_word' id='word_1_242' title='bbox 2389 1797 2483 1852; x_wconf 75' lang='grc' dir='ltr'><strong>καὶ</strong></span> <span class='ocrx_word' id='word_1_243' title='bbox 2520 1795 2726 1867; x_wconf 87' lang='grc' dir='ltr'>γυμνὸς</span> <span class='ocrx_word' id='word_1_244' title='bbox 2775 1794 3140 1866; x_wconf 79' lang='grc' dir='ltr'><strong>περιέρχεται,</strong></span> <span class='ocrx_word' id='word_1_245' title='bbox 3174 1792 3378 1864; x_wconf 86' lang='grc' dir='ltr'>γυμνὸς</span> <span class='ocrx_word' id='word_1_246' title='bbox 3403 1793 3461 1846; x_wconf 78' lang='grc' dir='ltr'>δὲ</span> <span class='ocrx_word' id='word_1_247' title='bbox 3491 1793 3590 1846; x_wconf 79' lang='grc' dir='ltr'>καὶ</span> <span class='ocrx_word' id='word_1_248' title='bbox 3625 1790 3743 1844; x_wconf 85' lang='grc' dir='ltr'><strong>τῶν</strong></span> 
     </span>
    </p>
   </div>
   <div class='ocr_carea' id='block_1_34' title="bbox 466 1881 2049 1965">
    <p class='ocr_par' dir='ltr' id='par_1_34' title="bbox 466 1885 2048 1965">
     <span class='ocr_line' id='line_1_34' title="bbox 466 1885 2048 1965; baseline 0.009 -26"><span class='ocrx_word' id='word_1_249' title='bbox 466 1899 592 1939; x_wconf 92' lang='lat' dir='ltr'><strong>eum</strong></span> <span class='ocrx_word' id='word_1_250' title='bbox 627 1885 719 1955; x_wconf 89' lang='lat' dir='ltr'><strong>qui</strong></span> <span class='ocrx_word' id='word_1_251' title='bbox 747 1888 1027 1955; x_wconf 85' lang='lat' dir='ltr'><strong>promisit,</strong></span> <span class='ocrx_word' id='word_1_252' title='bbox 1055 1891 1407 1961; x_wconf 77' lang='lat' dir='ltr'><strong>arbitramur,</strong></span> <span class='ocrx_word' id='word_1_253' title='bbox 1437 1896 1708 1953; x_wconf 77' lang='lat' dir='ltr'><strong>mandatis</strong></span> <span class='ocrx_word' id='word_1_254' title='bbox 1738 1896 1906 1965; x_wconf 87' lang='lat' dir='ltr'><strong>illius,</strong></span> <span class='ocrx_word' id='word_1_255' title='bbox 1930 1898 2048 1954; x_wconf 84' lang='lat' dir='ltr'><strong>sine</strong></span> 
     </span>
    </p>
   </div>
   <div class='ocr_carea' id='block_1_35' title="bbox 2151 1881 3745 1965">
    <p class='ocr_par' dir='ltr' id='par_1_35' title="bbox 2151 1881 3745 1959">
     <span class='ocr_line' id='line_1_35' title="bbox 2151 1881 3745 1959; baseline -0.009 -11"><span class='ocrx_word' id='word_1_256' title='bbox 2151 1890 2462 1959; x_wconf 78' lang='grc' dir='ltr'><strong>ἀναγκαίων</strong></span> <span class='ocrx_word' id='word_1_257' title='bbox 2506 1886 2754 1958; x_wconf 78' lang='grc' dir='ltr'>ἐπιδεὴς,</span> <span class='ocrx_word' id='word_1_258' title='bbox 2784 1886 2875 1939; x_wconf 79' lang='grc' dir='ltr'>διὰ</span> <span class='ocrx_word' id='word_1_259' title='bbox 2900 1884 2999 1956; x_wconf 79' lang='grc' dir='ltr'><strong>τὴν</strong></span> <span class='ocrx_word' id='word_1_260' title='bbox 3026 1882 3494 1939; x_wconf 72' lang='grc' dir='ltr'>ἐπακολουθοῦσαν</span> <span class='ocrx_word' id='word_1_261' title='bbox 3522 1881 3602 1952; x_wconf 80' lang='grc' dir='ltr'>τῷ</span> <span class='ocrx_word' id='word_1_262' title='bbox 3628 1883 3745 1937; x_wconf 77' lang='grc' dir='ltr'>πά-</span> 
     </span>
    </p>
   </div>
   <div class='ocr_carea' id='block_1_36' title="bbox 468 1976 2045 2059">
    <p class='ocr_par' dir='ltr' id='par_1_36' title="bbox 468 1976 2045 2059">
     <span class='ocr_line' id='line_1_36' title="bbox 468 1976 2045 2059; baseline 0.013 -31"><span class='ocrx_word' id='word_1_263' title='bbox 468 1976 669 2044; x_wconf 86' lang='lat' dir='ltr'><strong>quibus</strong></span> <span class='ocrx_word' id='word_1_264' title='bbox 711 1978 860 2045; x_wconf 81' lang='lat' dir='ltr'><strong>digni</strong></span> <span class='ocrx_word' id='word_1_265' title='bbox 902 1982 1186 2049; x_wconf 87' lang='lat' dir='ltr'><strong>promissis</strong></span> <span class='ocrx_word' id='word_1_266' title='bbox 1231 1984 1352 2054; x_wconf 85' lang='lat' dir='ltr'><strong>ejus</strong></span> <span class='ocrx_word' id='word_1_267' title='bbox 1401 2002 1525 2042; x_wconf 84' lang='lat' dir='ltr'><strong>esse</strong></span> <span class='ocrx_word' id='word_1_268' title='bbox 1576 2003 1687 2043; x_wconf 88' lang='lat' dir='ltr'><strong>non</strong></span> <span class='ocrx_word' id='word_1_269' title='bbox 1729 2004 2045 2059; x_wconf 80' lang='lat' dir='ltr'><strong>possumus,</strong></span> 
     </span>
    </p>
   </div>
   <div class='ocr_carea' id='block_1_37' title="bbox 466 2067 2050 2149">
    <p class='ocr_par' dir='ltr' id='par_1_37' title="bbox 466 2067 2050 2149">
     <span class='ocr_line' id='line_1_37' title="bbox 466 2067 2050 2149; baseline 0.011 -30"><span class='ocrx_word' id='word_1_270' title='bbox 466 2067 928 2137; x_wconf 82' lang='lat' dir='ltr'><strong>obtemperemus.</strong></span> <span class='ocrx_word' id='word_1_271' title='bbox 959 2070 1188 2142; x_wconf 83' lang='lat' dir='ltr'><strong>Hospes,</strong></span> <span class='ocrx_word' id='word_1_272' title='bbox 1218 2075 1419 2139; x_wconf 86' lang='lat' dir='ltr'><strong>nudus,</strong></span> <span class='ocrx_word' id='word_1_273' title='bbox 1454 2075 1706 2149; x_wconf 80' lang='lat' dir='ltr'><strong>indigens</strong></span> <span class='ocrx_word' id='word_1_274' title='bbox 1728 2080 1875 2147; x_wconf 85' lang='lat' dir='ltr'><strong>cibo,</strong></span> <span class='ocrx_word' id='word_1_275' title='bbox 1899 2079 2050 2135; x_wconf 80' lang='lat' dir='ltr'><strong>inﬁr-</strong></span> 
     </span>
    </p>
   </div>
   <div class='ocr_carea' id='block_1_38' title="bbox 472 2160 2051 2240">
    <p class='ocr_par' dir='ltr' id='par_1_38' title="bbox 472 2160 2051 2240">
     <span class='ocr_line' id='line_1_38' title="bbox 472 2160 2051 2240; baseline 0.011 -30"><span class='ocrx_word' id='word_1_276' title='bbox 472 2160 689 2226; x_wconf 87' lang='lat' dir='ltr'><strong>mus,in</strong></span> <span class='ocrx_word' id='word_1_277' title='bbox 732 2175 956 2217; x_wconf 72' lang='lat' dir='ltr'><strong>carcere</strong></span> <span class='ocrx_word' id='word_1_278' title='bbox 982 2164 1230 2229; x_wconf 87' lang='lat' dir='ltr'><strong>clausus,</strong></span> <span class='ocrx_word' id='word_1_279' title='bbox 1261 2177 1315 2221; x_wconf 87' lang='lat' dir='ltr'><strong>et</strong></span> <span class='ocrx_word' id='word_1_280' title='bbox 1348 2169 1531 2223; x_wconf 89' lang='lat' dir='ltr'><strong>omnia</strong></span> <span class='ocrx_word' id='word_1_281' title='bbox 1569 2186 1691 2240; x_wconf 64' lang='lat' dir='ltr'><strong>quae</strong></span> <span class='ocrx_word' id='word_1_282' title='bbox 1716 2185 2051 2238; x_wconf 45' lang='lat' dir='ltr'><strong>commemo:</strong></span> 
     </span>
    </p>
   </div>
   <div class='ocr_carea' id='block_1_39' title="bbox 472 2249 2050 2331">
    <p class='ocr_par' dir='ltr' id='par_1_39' title="bbox 472 2249 2050 2331">
     <span class='ocr_line' id='line_1_39' title="bbox 472 2249 2050 2331; baseline 0.009 -30"><span class='ocrx_word' id='word_1_283' title='bbox 472 2256 665 2303; x_wconf 90' lang='lat' dir='ltr'><strong>rantur</strong></span> <span class='ocrx_word' id='word_1_284' title='bbox 711 2249 765 2304; x_wconf 89' lang='lat' dir='ltr'><strong>in</strong></span> <span class='ocrx_word' id='word_1_285' title='bbox 800 2249 1126 2323; x_wconf 79' lang='lat' dir='ltr'><strong>Evangelia,</strong></span> <span class='ocrx_word' id='word_1_286' title='bbox 1162 2255 1220 2310; x_wconf 87' lang='lat' dir='ltr'><strong>in</strong></span> <span class='ocrx_word' id='word_1_287' title='bbox 1257 2256 1361 2311; x_wconf 87' lang='lat' dir='ltr'><strong>hoc</strong></span> <span class='ocrx_word' id='word_1_288' title='bbox 1395 2259 1598 2314; x_wconf 83' lang='lat' dir='ltr'><strong>misero</strong></span> <span class='ocrx_word' id='word_1_289' title='bbox 1627 2260 1730 2315; x_wconf 87' lang='lat' dir='ltr'><strong>tibi</strong></span> <span class='ocrx_word' id='word_1_290' title='bbox 1769 2261 2050 2331; x_wconf 81' lang='lat' dir='ltr'><strong>proposita</strong></span> 
     </span>
    </p>
   </div>
   <div class='ocr_carea' id='block_1_40' title="bbox 470 2341 2051 2422">
    <p class='ocr_par' dir='ltr' id='par_1_40' title="bbox 470 2341 2051 2422">
     <span class='ocr_line' id='line_1_40' title="bbox 470 2341 2051 2422; baseline 0.008 -28"><span class='ocrx_word' id='word_1_291' title='bbox 470 2349 624 2395; x_wconf 89' lang='lat' dir='ltr'><strong>sunt.</strong></span> <span class='ocrx_word' id='word_1_292' title='bbox 652 2341 832 2414; x_wconf 73' lang='lat' dir='ltr'><strong>Vagus</strong></span> <span class='ocrx_word' id='word_1_293' title='bbox 870 2344 1089 2399; x_wconf 88' lang='lat' dir='ltr'><strong>oberrat</strong></span> <span class='ocrx_word' id='word_1_294' title='bbox 1123 2356 1178 2401; x_wconf 88' lang='lat' dir='ltr'><strong>et</strong></span> <span class='ocrx_word' id='word_1_295' title='bbox 1209 2346 1414 2416; x_wconf 91' lang='lat' dir='ltr'><strong>nudus,</strong></span> <span class='ocrx_word' id='word_1_296' title='bbox 1445 2350 1718 2417; x_wconf 81' lang='lat' dir='ltr'><strong>inﬁrmus,</strong></span> <span class='ocrx_word' id='word_1_297' title='bbox 1750 2359 1802 2406; x_wconf 87' lang='lat' dir='ltr'><strong>et</strong></span> <span class='ocrx_word' id='word_1_298' title='bbox 1833 2360 2051 2422; x_wconf 84' lang='lat' dir='ltr'><strong>propter</strong></span> 
     </span>
    </p>
   </div>
   <div class='ocr_carea' id='block_1_41' title="bbox 474 2433 2050 2510">
    <p class='ocr_par' dir='ltr' id='par_1_41' title="bbox 474 2433 2050 2510">
     <span class='ocr_line' id='line_1_41' title="bbox 474 2433 2050 2510; baseline 0.007 -25"><span class='ocrx_word' id='word_1_299' title='bbox 474 2433 734 2503; x_wconf 87' lang='lat' dir='ltr'><strong>inopiam,</strong></span> <span class='ocrx_word' id='word_1_300' title='bbox 774 2450 894 2503; x_wconf 66' lang='lat' dir='ltr'><strong>quae</strong></span> <span class='ocrx_word' id='word_1_301' title='bbox 935 2438 1185 2491; x_wconf 86' lang='lat' dir='ltr'><strong>morbum</strong></span> <span class='ocrx_word' id='word_1_302' title='bbox 1226 2438 1405 2509; x_wconf 89' lang='lat' dir='ltr'><strong>ipsum</strong></span> <span class='ocrx_word' id='word_1_303' title='bbox 1454 2442 1832 2510; x_wconf 78' lang='lat' dir='ltr'><strong>consequitur,</strong></span> <span class='ocrx_word' id='word_1_304' title='bbox 1866 2458 2050 2498; x_wconf 85' lang='lat' dir='ltr'><strong>rerum</strong></span> 
     </span>
    </p>
   </div>
   <div class='ocr_carea' id='block_1_42' title="bbox 473 2527 2052 2603">
    <p class='ocr_par' dir='ltr' id='par_1_42' title="bbox 473 2527 2052 2603">
     <span class='ocr_line' id='line_1_42' title="bbox 473 2527 2052 2603; baseline 0.007 -25"><span class='ocrx_word' id='word_1_305' title='bbox 473 2538 641 2594; x_wconf 84' lang='lat' dir='ltr'><strong>egens</strong></span> <span class='ocrx_word' id='word_1_306' title='bbox 703 2527 1159 2583; x_wconf 85' lang='lat' dir='ltr'><strong>necessariarum.</strong></span> <span class='ocrx_word' id='word_1_307' title='bbox 1207 2531 1310 2596; x_wconf 86' lang='lat' dir='ltr'><strong>Qui</strong></span> <span class='ocrx_word' id='word_1_308' title='bbox 1356 2533 1503 2603; x_wconf 85' lang='lat' dir='ltr'><strong>enim</strong></span> <span class='ocrx_word' id='word_1_309' title='bbox 1550 2548 1653 2588; x_wconf 88' lang='lat' dir='ltr'><strong>nec</strong></span> <span class='ocrx_word' id='word_1_310' title='bbox 1700 2531 1848 2588; x_wconf 92' lang='lat' dir='ltr'><strong>domi</strong></span> <span class='ocrx_word' id='word_1_311' title='bbox 1890 2535 2052 2589; x_wconf 86' lang='lat' dir='ltr'><strong>habet</strong></span> 
     </span>
    </p>
   </div>
   <div class='ocr_carea' id='block_1_43' title="bbox 482 2610 2051 2691">
    <p class='ocr_par' dir='ltr' id='par_1_43' title="bbox 482 2610 2051 2691">
     <span class='ocr_line' id='line_1_43' title="bbox 482 2610 2051 2691; baseline 0.008 -28"><span class='ocrx_word' id='word_1_312' title='bbox 482 2610 627 2665; x_wconf 92' lang='lat' dir='ltr'><strong>unde</strong></span> <span class='ocrx_word' id='word_1_313' title='bbox 657 2610 853 2678; x_wconf 88' lang='lat' dir='ltr'><strong>alatur,</strong></span> <span class='ocrx_word' id='word_1_314' title='bbox 891 2628 990 2667; x_wconf 91' lang='lat' dir='ltr'><strong>nec</strong></span> <span class='ocrx_word' id='word_1_315' title='bbox 1024 2615 1246 2671; x_wconf 89' lang='lat' dir='ltr'><strong>aliunde</strong></span> <span class='ocrx_word' id='word_1_316' title='bbox 1277 2618 1463 2674; x_wconf 86' lang='lat' dir='ltr'><strong>labore</strong></span> <span class='ocrx_word' id='word_1_317' title='bbox 1489 2628 1669 2690; x_wconf 89' lang='lat' dir='ltr'><strong>potest</strong></span> <span class='ocrx_word' id='word_1_318' title='bbox 1683 2632 1950 2691; x_wconf 67' lang='lat' dir='ltr'><strong>quaestum</strong></span> <span class='ocrx_word' id='word_1_319' title='bbox 1971 2621 2051 2675; x_wconf 81' lang='lat' dir='ltr'><strong>fa-</strong></span> 
     </span>
    </p>
   </div>
   <div class='ocr_carea' id='block_1_44' title="bbox 472 2699 2054 2780">
    <p class='ocr_par' dir='ltr' id='par_1_44' title="bbox 472 2699 2054 2780">
     <span class='ocr_line' id='line_1_44' title="bbox 472 2699 2054 2780; baseline 0.007 -28"><span class='ocrx_word' id='word_1_320' title='bbox 472 2714 620 2765; x_wconf 84' lang='lat' dir='ltr'><strong>cere,</strong></span> <span class='ocrx_word' id='word_1_321' title='bbox 657 2699 784 2755; x_wconf 89' lang='lat' dir='ltr'><strong>huic</strong></span> <span class='ocrx_word' id='word_1_322' title='bbox 816 2702 1004 2773; x_wconf 89' lang='lat' dir='ltr'><strong>utique</strong></span> <span class='ocrx_word' id='word_1_323' title='bbox 1032 2702 1226 2760; x_wconf 87' lang='lat' dir='ltr'><strong>desunt</strong></span> <span class='ocrx_word' id='word_1_324' title='bbox 1255 2721 1319 2761; x_wconf 91' lang='lat' dir='ltr'><strong>ea</strong></span> <span class='ocrx_word' id='word_1_325' title='bbox 1345 2747 1360 2769; x_wconf 90' lang='lat'><strong>,</strong></span> <span class='ocrx_word' id='word_1_326' title='bbox 1393 2722 1517 2778; x_wconf 62' lang='lat' dir='ltr'><strong>quae</strong></span> <span class='ocrx_word' id='word_1_327' title='bbox 1543 2708 1667 2763; x_wconf 70' lang='lat' dir='ltr'><strong>vita:</strong></span> <span class='ocrx_word' id='word_1_328' title='bbox 1706 2725 1839 2765; x_wconf 88' lang='lat' dir='ltr'><strong>usus</strong></span> <span class='ocrx_word' id='word_1_329' title='bbox 1872 2710 2054 2780; x_wconf 86' lang='lat' dir='ltr'><strong>requi-</strong></span> 
     </span>
    </p>
   </div>
   <div class='ocr_carea' id='block_1_45' title="bbox 476 2786 2054 2868">
    <p class='ocr_par' dir='ltr' id='par_1_45' title="bbox 476 2786 2054 2868">
     <span class='ocr_line' id='line_1_45' title="bbox 476 2786 2054 2868; baseline 0.012 -30"><span class='ocrx_word' id='word_1_330' title='bbox 476 2787 568 2840; x_wconf 85' lang='lat' dir='ltr'><strong>rit.</strong></span> <span class='ocrx_word' id='word_1_331' title='bbox 624 2786 851 2843; x_wconf 81' lang='lat' dir='ltr'><strong>Vinctus</strong></span> <span class='ocrx_word' id='word_1_332' title='bbox 891 2799 1071 2845; x_wconf 89' lang='lat' dir='ltr'><strong>autem</strong></span> <span class='ocrx_word' id='word_1_333' title='bbox 1115 2801 1398 2865; x_wconf 88' lang='lat' dir='ltr'><strong>propterea</strong></span> <span class='ocrx_word' id='word_1_334' title='bbox 1440 2807 1559 2861; x_wconf 88' lang='lat' dir='ltr'><strong>est,</strong></span> <span class='ocrx_word' id='word_1_335' title='bbox 1591 2800 1847 2868; x_wconf 88' lang='lat' dir='ltr'><strong>quoniam</strong></span> <span class='ocrx_word' id='word_1_336' title='bbox 1880 2801 2054 2857; x_wconf 84' lang='lat' dir='ltr'><strong>morbi</strong></span> 
     </span>
    </p>
   </div>
   <div class='ocr_carea' id='block_1_46' title="bbox 479 2879 2054 2956">
    <p class='ocr_par' dir='ltr' id='par_1_46' title="bbox 479 2879 2054 2956">
     <span class='ocr_line' id='line_1_46' title="bbox 479 2879 2054 2956; baseline 0.01 -26"><span class='ocrx_word' id='word_1_337' title='bbox 479 2879 713 2935; x_wconf 83' lang='lat' dir='ltr'><strong>vinculis</strong></span> <span class='ocrx_word' id='word_1_338' title='bbox 738 2883 1152 2952; x_wconf 83' lang='lat' dir='ltr'><strong>constringitur.</strong></span> <span class='ocrx_word' id='word_1_339' title='bbox 1178 2883 1365 2956; x_wconf 86' lang='lat' dir='ltr'><strong>Itaque</strong></span> <span class='ocrx_word' id='word_1_340' title='bbox 1394 2887 1783 2944; x_wconf 86' lang='lat' dir='ltr'><strong>mandatorum</strong></span> <span class='ocrx_word' id='word_1_341' title='bbox 1810 2892 2054 2947; x_wconf 87' lang='lat' dir='ltr'><strong>omnium</strong></span> 
     </span>
    </p>
   </div>
   <div class='ocr_carea' id='block_1_47' title="bbox 480 2973 2056 3048">
    <p class='ocr_par' dir='ltr' id='par_1_47' title="bbox 480 2973 2056 3048">
     <span class='ocr_line' id='line_1_47' title="bbox 480 2973 2056 3048; baseline 0.008 -26"><span class='ocrx_word' id='word_1_342' title='bbox 480 2986 749 3025; x_wconf 89' lang='lat' dir='ltr'><strong>summam</strong></span> <span class='ocrx_word' id='word_1_343' title='bbox 773 2973 828 3027; x_wconf 91' lang='lat' dir='ltr'><strong>in</strong></span> <span class='ocrx_word' id='word_1_344' title='bbox 851 2974 956 3029; x_wconf 92' lang='lat' dir='ltr'><strong>hoc</strong></span> <span class='ocrx_word' id='word_1_345' title='bbox 990 2977 1261 3047; x_wconf 72' lang='lat' dir='ltr'><strong>expletam</strong></span> <span class='ocrx_word' id='word_1_346' title='bbox 1290 2980 1482 3042; x_wconf 87' lang='lat' dir='ltr'><strong>habes,</strong></span> <span class='ocrx_word' id='word_1_347' title='bbox 1508 2987 1563 3033; x_wconf 87' lang='lat' dir='ltr'><strong>et</strong></span> <span class='ocrx_word' id='word_1_348' title='bbox 1590 2979 1767 3048; x_wconf 89' lang='lat' dir='ltr'><strong>ipsum</strong></span> <span class='ocrx_word' id='word_1_349' title='bbox 1808 2981 2056 3035; x_wconf 88' lang='lat' dir='ltr'><strong>omnium</strong></span> 
     </span>
    </p>
   </div>
   <div class='ocr_carea' id='block_1_48' title="bbox 481 3061 2057 3140">
    <p class='ocr_par' dir='ltr' id='par_1_48' title="bbox 481 3061 2057 3140">
     <span class='ocr_line' id='line_1_48' title="bbox 481 3061 2057 3140; baseline 0.006 -25"><span class='ocrx_word' id='word_1_350' title='bbox 481 3061 770 3117; x_wconf 89' lang='lat' dir='ltr'><strong>Dominum</strong></span> <span class='ocrx_word' id='word_1_351' title='bbox 790 3066 862 3119; x_wconf 92' lang='lat' dir='ltr'><strong>ob</strong></span> <span class='ocrx_word' id='word_1_352' title='bbox 882 3080 945 3119; x_wconf 90' lang='lat' dir='ltr'><strong>ea</strong></span> <span class='ocrx_word' id='word_1_353' title='bbox 965 3082 1086 3136; x_wconf 80' lang='lat' dir='ltr'><strong>quae</strong></span> <span class='ocrx_word' id='word_1_354' title='bbox 1114 3069 1345 3138; x_wconf 82' lang='lat' dir='ltr'><strong>benigne</strong></span> <span class='ocrx_word' id='word_1_355' title='bbox 1363 3070 1466 3139; x_wconf 89' lang='lat' dir='ltr'><strong>ipsi</strong></span> <span class='ocrx_word' id='word_1_356' title='bbox 1488 3072 1829 3140; x_wconf 59' lang='lat' dir='ltr'><strong>praestiteris.</strong></span> <span class='ocrx_word' id='word_1_357' title='bbox 1855 3072 2057 3126; x_wconf 89' lang='lat' dir='ltr'><strong>obstri-</strong></span> 
     </span>
    </p>
   </div>
   <div class='ocr_carea' id='block_1_49' title="bbox 2150 1973 3745 2055">
    <p class='ocr_par' dir='ltr' id='par_1_49' title="bbox 2150 1973 3745 2055">
     <span class='ocr_line' id='line_1_49' title="bbox 2150 1973 3745 2055; baseline -0.008 -16"><span class='ocrx_word' id='word_1_358' title='bbox 2150 1984 2232 2039; x_wconf 84' lang='grc' dir='ltr'><strong>θει</strong></span> <span class='ocrx_word' id='word_1_359' title='bbox 2266 1984 2484 2055; x_wconf 39' lang='grc' dir='ltr'>πενίαν..</span> <span class='ocrx_word' id='word_1_360' title='bbox 2524 1981 2584 2034; x_wconf 87' lang='lat'><strong>&#39;0</strong></span> <span class='ocrx_word' id='word_1_361' title='bbox 2615 1980 2720 2051; x_wconf 80' lang='grc' dir='ltr'>γὰρ</span> <span class='ocrx_word' id='word_1_362' title='bbox 2765 1980 2901 2051; x_wconf 81' lang='grc' dir='ltr'>μήτε</span> <span class='ocrx_word' id='word_1_363' title='bbox 2934 1996 2987 2031; x_wconf 87' lang='grc' dir='ltr'><strong>τι</strong></span> <span class='ocrx_word' id='word_1_364' title='bbox 3022 1977 3132 2031; x_wconf 86' lang='grc' dir='ltr'><strong>τῶν</strong></span> <span class='ocrx_word' id='word_1_365' title='bbox 3160 1975 3372 2030; x_wconf 71' lang='grc' dir='ltr'>οἴκοθεν</span> <span class='ocrx_word' id='word_1_366' title='bbox 3398 1973 3559 2045; x_wconf 73' lang='grc' dir='ltr'>ἔχων,</span> <span class='ocrx_word' id='word_1_367' title='bbox 3594 1975 3745 2046; x_wconf 84' lang='grc' dir='ltr'>μήτε</span> 
     </span>
    </p>
   </div>
   <div class='ocr_carea' id='block_1_50' title="bbox 2154 2065 3745 2147">
    <p class='ocr_par' dir='ltr' id='par_1_50' title="bbox 2154 2065 3745 2147">
     <span class='ocr_line' id='line_1_50' title="bbox 2154 2065 3745 2147; baseline -0.008 -17"><span class='ocrx_word' id='word_1_368' title='bbox 2154 2075 2419 2147; x_wconf 84' lang='grc' dir='ltr'>μισθωτὸς</span> <span class='ocrx_word' id='word_1_369' title='bbox 2451 2071 2704 2142; x_wconf 84' lang='grc' dir='ltr'>γενέσθαι</span> <span class='ocrx_word' id='word_1_370' title='bbox 2748 2070 3065 2139; x_wconf 80' lang='grc' dir='ltr'>δυνάμενος,</span> <span class='ocrx_word' id='word_1_371' title='bbox 3118 2065 3178 2132; x_wconf 75' lang='grc' dir='ltr'>ἐξ</span> <span class='ocrx_word' id='word_1_372' title='bbox 3226 2067 3472 2137; x_wconf 75' lang='grc' dir='ltr'>ἀνάγκης</span> <span class='ocrx_word' id='word_1_373' title='bbox 3513 2066 3745 2130; x_wconf 83' lang='grc' dir='ltr'>πάντως</span> 
     </span>
    </p>
   </div>
   <div class='ocr_carea' id='block_1_51' title="bbox 2149 2154 3746 2239">
    <p class='ocr_par' dir='ltr' id='par_1_51' title="bbox 2149 2154 3746 2239">
     <span class='ocr_line' id='line_1_51' title="bbox 2149 2154 3746 2239; baseline -0.008 -19"><span class='ocrx_word' id='word_1_374' title='bbox 2149 2166 2352 2239; x_wconf 75' lang='grc' dir='ltr'>ἄπορος</span> <span class='ocrx_word' id='word_1_375' title='bbox 2387 2163 2496 2218; x_wconf 86' lang='grc' dir='ltr'><strong>τῶν</strong></span> <span class='ocrx_word' id='word_1_376' title='bbox 2530 2162 2665 2234; x_wconf 86' lang='grc' dir='ltr'>πρὸς</span> <span class='ocrx_word' id='word_1_377' title='bbox 2688 2159 2786 2231; x_wconf 83' lang='grc' dir='ltr'><strong>τὴν</strong></span> <span class='ocrx_word' id='word_1_378' title='bbox 2816 2160 2961 2230; x_wconf 78' lang='grc' dir='ltr'>ζωὴν</span> <span class='ocrx_word' id='word_1_379' title='bbox 2990 2157 3310 2229; x_wconf 78' lang='grc' dir='ltr'>ἐπιτηδείων</span> <span class='ocrx_word' id='word_1_380' title='bbox 3333 2157 3501 2211; x_wconf 85' lang='grc' dir='ltr'>ἐστίν·</span> <span class='ocrx_word' id='word_1_381' title='bbox 3528 2154 3746 2226; x_wconf 73' lang='grc' dir='ltr'>δεσμώ-</span> 
     </span>
    </p>
   </div>
   <div class='ocr_carea' id='block_1_52' title="bbox 2150 2245 3741 2329">
    <p class='ocr_par' dir='ltr' id='par_1_52' title="bbox 2150 2245 3741 2329">
     <span class='ocr_line' id='line_1_52' title="bbox 2150 2245 3741 2329; baseline -0.007 -21"><span class='ocrx_word' id='word_1_382' title='bbox 2150 2271 2250 2326; x_wconf 88' lang='grc' dir='ltr'><strong>της</strong></span> <span class='ocrx_word' id='word_1_383' title='bbox 2303 2270 2365 2307; x_wconf 91' lang='grc' dir='ltr'><strong>τε</strong></span> <span class='ocrx_word' id='word_1_384' title='bbox 2419 2252 2525 2329; x_wconf 65' lang='grc' dir='ltr'><strong>ύπὸ</strong></span> <span class='ocrx_word' id='word_1_385' title='bbox 2573 2251 2676 2322; x_wconf 84' lang='grc' dir='ltr'>τῆς</span> <span class='ocrx_word' id='word_1_386' title='bbox 2723 2248 3036 2322; x_wconf 63' lang='grc' dir='ltr'>ἀρρωστίας</span> <span class='ocrx_word' id='word_1_387' title='bbox 3075 2246 3469 2318; x_wconf 81' lang='grc' dir='ltr'>πεπεδημένος.</span> <span class='ocrx_word' id='word_1_388' title='bbox 3518 2245 3741 2300; x_wconf 68' lang='grc' dir='ltr'>Οὐκοῦν</span> 
     </span>
    </p>
   </div>
   <div class='ocr_carea' id='block_1_53' title="bbox 2148 2338 3771 2416">
    <p class='ocr_par' dir='ltr' id='par_1_53' title="bbox 2148 2338 3771 2416">
     <span class='ocr_line' id='line_1_53' title="bbox 2148 2338 3771 2416; baseline -0.007 -15"><span class='ocrx_word' id='word_1_389' title='bbox 2148 2348 2269 2401; x_wconf 84' lang='grc' dir='ltr'>ὅλον</span> <span class='ocrx_word' id='word_1_390' title='bbox 2305 2345 2367 2399; x_wconf 86' lang='grc' dir='ltr'><strong>τὸ</strong></span> <span class='ocrx_word' id='word_1_391' title='bbox 2394 2344 2666 2416; x_wconf 82' lang='grc' dir='ltr'>πλήρωμα</span> <span class='ocrx_word' id='word_1_392' title='bbox 2693 2343 2802 2398; x_wconf 87' lang='grc' dir='ltr'><strong>τῶν</strong></span> <span class='ocrx_word' id='word_1_393' title='bbox 2834 2340 3068 2396; x_wconf 85' lang='grc' dir='ltr'>ἐντολῶν</span> <span class='ocrx_word' id='word_1_394' title='bbox 3098 2342 3157 2394; x_wconf 90' lang='grc' dir='ltr'><strong>ἐν</strong></span> <span class='ocrx_word' id='word_1_395' title='bbox 3181 2340 3387 2405; x_wconf 77' lang='grc' dir='ltr'>τούτοις</span> <span class='ocrx_word' id='word_1_396' title='bbox 3417 2338 3561 2410; x_wconf 74' lang='grc' dir='ltr'>ἔχεις</span> <span class='ocrx_word' id='word_1_397' title='bbox 3590 2339 3742 2409; x_wconf 84' lang='grc' dir='ltr'>πλη-</span> <span class='ocrx_word' id='word_1_398' title='bbox 3760 2368 3771 2375; x_wconf 88' lang='lat'><strong><em>-</em></strong></span> 
     </span>
    </p>
   </div>
   <div class='ocr_carea' id='block_1_54' title="bbox 2153 2427 3745 2508">
    <p class='ocr_par' dir='ltr' id='par_1_54' title="bbox 2153 2427 3745 2508">
     <span class='ocr_line' id='line_1_54' title="bbox 2153 2427 3745 2508; baseline -0.008 -17"><span class='ocrx_word' id='word_1_399' title='bbox 2153 2437 2247 2508; x_wconf 85' lang='grc' dir='ltr'><strong>ρού</strong></span> <span class='ocrx_word' id='word_1_400' title='bbox 2257 2451 2440 2507; x_wconf 82' lang='grc' dir='ltr'>μενον,</span> <span class='ocrx_word' id='word_1_401' title='bbox 2460 2436 2553 2489; x_wconf 74' lang='grc' dir='ltr'>καὶ</span> <span class='ocrx_word' id='word_1_402' title='bbox 2570 2433 2733 2487; x_wconf 83' lang='grc' dir='ltr'>αὐτὸν</span> <span class='ocrx_word' id='word_1_403' title='bbox 2751 2433 2842 2486; x_wconf 80' lang='grc' dir='ltr'><strong>τὸν</strong></span> <span class='ocrx_word' id='word_1_404' title='bbox 2859 2431 2970 2485; x_wconf 88' lang='grc' dir='ltr'><strong>τῶν</strong></span> <span class='ocrx_word' id='word_1_405' title='bbox 2984 2431 3123 2485; x_wconf 81' lang='grc' dir='ltr'>ὅλων</span> <span class='ocrx_word' id='word_1_406' title='bbox 3138 2429 3342 2502; x_wconf 81' lang='grc' dir='ltr'>Κύριον</span> <span class='ocrx_word' id='word_1_407' title='bbox 3354 2427 3637 2500; x_wconf 72' lang='grc' dir='ltr'>ύπόχρεὼν</span> <span class='ocrx_word' id='word_1_408' title='bbox 3656 2445 3745 2481; x_wconf 86' lang='grc' dir='ltr'><strong>σοι</strong></span> 
     </span>
    </p>
   </div>
   <div class='ocr_carea' id='block_1_55' title="bbox 2146 2516 3747 2599">
    <p class='ocr_par' dir='ltr' id='par_1_55' title="bbox 2146 2516 3747 2599">
     <span class='ocr_line' id='line_1_55' title="bbox 2146 2516 3747 2599; baseline -0.007 -16"><span class='ocrx_word' id='word_1_409' title='bbox 2146 2530 2240 2584; x_wconf 82' lang='grc' dir='ltr'>διὰ</span> <span class='ocrx_word' id='word_1_410' title='bbox 2280 2530 2379 2599; x_wconf 82' lang='grc' dir='ltr'>τῆς</span> <span class='ocrx_word' id='word_1_411' title='bbox 2411 2528 2492 2591; x_wconf 86' lang='grc' dir='ltr'><strong>είς</strong></span> <span class='ocrx_word' id='word_1_412' title='bbox 2517 2526 2704 2580; x_wconf 80' lang='grc' dir='ltr'>τοῦτον</span> <span class='ocrx_word' id='word_1_413' title='bbox 2753 2522 3162 2593; x_wconf 76' lang='grc' dir='ltr'>φιλανθρωπίας</span> <span class='ocrx_word' id='word_1_414' title='bbox 3205 2521 3508 2592; x_wconf 88' lang='grc' dir='ltr'>γινόμενον.</span> <span class='ocrx_word' id='word_1_415' title='bbox 3540 2519 3606 2573; x_wconf 85' lang='grc' dir='ltr'>Τί</span> <span class='ocrx_word' id='word_1_416' title='bbox 3643 2516 3747 2573; x_wconf 74' lang='grc' dir='ltr'><strong>οὖν</strong></span> 
     </span>
    </p>
   </div>
   <div class='ocr_carea' id='block_1_56' title="bbox 2153 2609 3739 2690">
    <p class='ocr_par' dir='ltr' id='par_1_56' title="bbox 2153 2609 3739 2690">
     <span class='ocr_line' id='line_1_56' title="bbox 2153 2609 3739 2690; baseline -0.008 -15"><span class='ocrx_word' id='word_1_417' title='bbox 2153 2620 2471 2690; x_wconf 83' lang='grc' dir='ltr'>φιλονεικεῖς</span> <span class='ocrx_word' id='word_1_418' title='bbox 2486 2618 2629 2673; x_wconf 75' lang='grc' dir='ltr'>κατὰ</span> <span class='ocrx_word' id='word_1_419' title='bbox 2640 2616 2739 2686; x_wconf 81' lang='grc' dir='ltr'>τῆς</span> <span class='ocrx_word' id='word_1_420' title='bbox 2755 2615 2890 2678; x_wconf 82' lang='grc' dir='ltr'>ιδίας</span> <span class='ocrx_word' id='word_1_421' title='bbox 2911 2613 3076 2684; x_wconf 77' lang='grc' dir='ltr'>ζωῆςς</span> <span class='ocrx_word' id='word_1_422' title='bbox 3095 2614 3167 2666; x_wconf 85' lang='grc' dir='ltr'>Τὸ</span> <span class='ocrx_word' id='word_1_423' title='bbox 3177 2612 3285 2685; x_wconf 77' lang='grc' dir='ltr'>γὰρ</span> <span class='ocrx_word' id='word_1_424' title='bbox 3302 2611 3544 2665; x_wconf 76' lang='grc' dir='ltr'>σύνοικον</span> <span class='ocrx_word' id='word_1_425' title='bbox 3556 2609 3739 2679; x_wconf 78' lang='grc' dir='ltr'><strong>ἑαυτῷ</strong></span> 
     </span>
    </p>
   </div>
   <div class='ocr_carea' id='block_1_57' title="bbox 2151 2702 3741 2779">
    <p class='ocr_par' dir='ltr' id='par_1_57' title="bbox 2151 2702 3741 2779">
     <span class='ocr_line' id='line_1_57' title="bbox 2151 2702 3741 2779; baseline -0.007 -14"><span class='ocrx_word' id='word_1_426' title='bbox 2151 2712 2243 2766; x_wconf 82' lang='grc' dir='ltr'><strong>τὸν</strong></span> <span class='ocrx_word' id='word_1_427' title='bbox 2266 2710 2398 2765; x_wconf 87' lang='grc' dir='ltr'>Θεὸν</span> <span class='ocrx_word' id='word_1_428' title='bbox 2419 2710 2527 2763; x_wconf 88' lang='grc' dir='ltr'><strong>τῶν</strong></span> <span class='ocrx_word' id='word_1_429' title='bbox 2543 2708 2679 2763; x_wconf 84' lang='grc' dir='ltr'>ὅλων</span> <span class='ocrx_word' id='word_1_430' title='bbox 2704 2706 2778 2779; x_wconf 80' lang='grc' dir='ltr'><strong>μὴ</strong></span> <span class='ocrx_word' id='word_1_431' title='bbox 2795 2704 3047 2774; x_wconf 80' lang='grc' dir='ltr'>ἐθελῆσαι</span> <span class='ocrx_word' id='word_1_432' title='bbox 3062 2704 3225 2775; x_wconf 77' lang='grc' dir='ltr'>ἔχειν,</span> <span class='ocrx_word' id='word_1_433' title='bbox 3246 2703 3397 2757; x_wconf 77' lang='grc' dir='ltr'>οὐδὲν</span> <span class='ocrx_word' id='word_1_434' title='bbox 3415 2702 3541 2757; x_wconf 77' lang='grc' dir='ltr'>ἄλλο</span> <span class='ocrx_word' id='word_1_435' title='bbox 3563 2705 3741 2763; x_wconf 72' lang='grc' dir='ltr'>ἐστὶν,</span> 
     </span>
    </p>
   </div>
   <div class='ocr_carea' id='block_1_58' title="bbox 2153 2792 3744 2874">
    <p class='ocr_par' dir='ltr' id='par_1_58' title="bbox 2153 2792 3744 2874">
     <span class='ocr_line' id='line_1_58' title="bbox 2153 2792 3744 2874; baseline -0.008 -17"><span class='ocrx_word' id='word_1_436' title='bbox 2153 2803 2187 2874; x_wconf 79' lang='grc' dir='ltr'>ἢ</span> <span class='ocrx_word' id='word_1_437' title='bbox 2218 2801 2339 2856; x_wconf 83' lang='grc' dir='ltr'>καθ’</span> <span class='ocrx_word' id='word_1_438' title='bbox 2367 2798 2559 2854; x_wconf 83' lang='grc' dir='ltr'>ἐαυτοῦ</span> <span class='ocrx_word' id='word_1_439' title='bbox 2583 2815 2705 2851; x_wconf 87' lang='grc' dir='ltr'>τινα</span> <span class='ocrx_word' id='word_1_440' title='bbox 2729 2797 2948 2869; x_wconf 81' lang='grc' dir='ltr'>ἰσχυρὸν</span> <span class='ocrx_word' id='word_1_441' title='bbox 2966 2795 3239 2865; x_wconf 78' lang='grc' dir='ltr'>γενέσθαι.</span> <span class='ocrx_word' id='word_1_442' title='bbox 3278 2795 3370 2857; x_wconf 79' lang='grc' dir='ltr'>Ὦς</span> <span class='ocrx_word' id='word_1_443' title='bbox 3395 2793 3503 2863; x_wconf 82' lang='grc' dir='ltr'>γὰρ</span> <span class='ocrx_word' id='word_1_444' title='bbox 3522 2793 3612 2846; x_wconf 77' lang='grc' dir='ltr'>διὰ</span> <span class='ocrx_word' id='word_1_445' title='bbox 3638 2792 3744 2861; x_wconf 78' lang='grc' dir='ltr'>τῆς</span> 
     </span>
    </p>
   </div>
   <div class='ocr_carea' id='block_1_59' title="bbox 2152 2882 3746 2965">
    <p class='ocr_par' dir='ltr' id='par_1_59' title="bbox 2152 2882 3746 2965">
     <span class='ocr_line' id='line_1_59' title="bbox 2152 2882 3746 2965; baseline -0.008 -17"><span class='ocrx_word' id='word_1_446' title='bbox 2152 2895 2376 2965; x_wconf 79' lang='grc' dir='ltr'>ἐντολῆς</span> <span class='ocrx_word' id='word_1_447' title='bbox 2413 2890 2793 2955; x_wconf 75' lang='grc' dir='ltr'>είσοικίζεται.</span> <span class='ocrx_word' id='word_1_448' title='bbox 2845 2887 2989 2941; x_wconf 78' lang='grc' dir='ltr'>οὕτω</span> <span class='ocrx_word' id='word_1_449' title='bbox 3036 2887 3124 2941; x_wconf 83' lang='grc' dir='ltr'>διὰ</span> <span class='ocrx_word' id='word_1_450' title='bbox 3169 2884 3269 2954; x_wconf 77' lang='grc' dir='ltr'>τῆς</span> <span class='ocrx_word' id='word_1_451' title='bbox 3317 2885 3583 2954; x_wconf 78' lang='grc' dir='ltr'>ἀπηνεεας</span> <span class='ocrx_word' id='word_1_452' title='bbox 3608 2882 3746 2936; x_wconf 80' lang='grc' dir='ltr'>ἀπο-</span> 
     </span>
    </p>
   </div>
   <div class='ocr_carea' id='block_1_60' title="bbox 2157 2973 3735 3056">
    <p class='ocr_par' dir='ltr' id='par_1_60' title="bbox 2157 2973 3735 3056">
     <span class='ocr_line' id='line_1_60' title="bbox 2157 2973 3735 3056; baseline -0.034 -15"><span class='ocrx_word' id='word_1_453' title='bbox 2157 2984 2463 3056; x_wconf 74' lang='grc' dir='ltr'>χωρίςεται,</span> <span class='ocrx_word' id='word_1_454' title='bbox 2496 2984 2731 3050; x_wconf 75' lang='grc' dir='ltr'>Ἀρατε,</span> <span class='ocrx_word' id='word_1_455' title='bbox 2763 2979 2917 3050; x_wconf 72' lang='grc' dir='ltr'>φησὶ,</span> <span class='ocrx_word' id='word_1_456' title='bbox 2954 2977 3062 3031; x_wconf 78' lang='grc' dir='ltr'>τὸν</span> <span class='ocrx_word' id='word_1_457' title='bbox 3099 2977 3275 3047; x_wconf 67' lang='grc' dir='ltr'><strong>ζυγόν</strong></span> <span class='ocrx_word' id='word_1_458' title='bbox 3296 2994 3417 3046; x_wconf 68' lang='grc' dir='ltr'><strong>μου</strong></span> <span class='ocrx_word' id='word_1_459' title='bbox 3438 2977 3533 3044; x_wconf 55' lang='grc' dir='ltr'><strong>ἐφ.</strong></span> <span class='ocrx_word' id='word_1_460' title='bbox 3559 2973 3735 3041; x_wconf 61' lang='grc' dir='ltr'><strong>ὑ</strong></span> 
     </span>
    </p>
   </div>
   <div class='ocr_carea' id='block_1_61' title="bbox 2158 3062 3737 3143">
    <p class='ocr_par' dir='ltr' id='par_1_61' title="bbox 2158 3062 3737 3143">
     <span class='ocr_line' id='line_1_61' title="bbox 2158 3062 3737 3143; baseline -0.009 -11"><span class='ocrx_word' id='word_1_461' title='bbox 2158 3077 2247 3142; x_wconf 71' lang='grc' dir='ltr'><strong>ζυ·⁸</strong></span> <span class='ocrx_word' id='word_1_462' title='bbox 2260 3076 2320 3129; x_wconf 89' lang='grc' dir='ltr'><strong>ὸν</strong></span> <span class='ocrx_word' id='word_1_463' title='bbox 2345 3075 2405 3129; x_wconf 85' lang='grc' dir='ltr'><strong>δέ</strong></span> <span class='ocrx_word' id='word_1_464' title='bbox 2443 3073 2612 3141; x_wconf 76' lang='grc' dir='ltr'>λέγει,</span> <span class='ocrx_word' id='word_1_465' title='bbox 2640 3071 2739 3143; x_wconf 76' lang='grc' dir='ltr'><strong>τήν</strong></span> <span class='ocrx_word' id='word_1_466' title='bbox 2763 3062 2872 3125; x_wconf 54' lang='grc' dir='ltr'><strong>τῶν</strong></span> <span class='ocrx_word' id='word_1_467' title='bbox 2898 3070 3123 3124; x_wconf 87' lang='grc' dir='ltr'>ἐντολῶν</span> <span class='ocrx_word' id='word_1_468' title='bbox 3145 3068 3426 3140; x_wconf 83' lang='grc' dir='ltr'>ἐργασίαν.</span> <span class='ocrx_word' id='word_1_469' title='bbox 3462 3064 3737 3119; x_wconf 59' lang='grc' dir='ltr'>Ὑπακούδ</span> 
     </span>
    </p>
   </div>
   <div class='ocr_carea' id='block_1_62' title="bbox 479 3152 2049 3233">
    <p class='ocr_par' dir='ltr' id='par_1_62' title="bbox 479 3155 2049 3228">
     <span class='ocr_line' id='line_1_62' title="bbox 479 3155 2049 3228; baseline 0.006 -22"><span class='ocrx_word' id='word_1_470' title='bbox 479 3164 629 3207; x_wconf 87' lang='lat' dir='ltr'><strong>ctum</strong></span> <span class='ocrx_word' id='word_1_471' title='bbox 647 3164 699 3208; x_wconf 88' lang='lat' dir='ltr'><strong>et</strong></span> <span class='ocrx_word' id='word_1_472' title='bbox 714 3155 1012 3225; x_wconf 78' lang='lat' dir='ltr'><strong>obligatum</strong></span> <span class='ocrx_word' id='word_1_473' title='bbox 1030 3157 1096 3211; x_wconf 75' lang='grc' dir='ltr'><strong>τ’.</strong></span> <span class='ocrx_word' id='word_1_474' title='bbox 1112 3156 1400 3228; x_wconf 83' lang='lat' dir='ltr'><strong>Gurigitur</strong></span> <span class='ocrx_word' id='word_1_475' title='bbox 1420 3160 1477 3213; x_wconf 87' lang='lat' dir='ltr'><strong>in</strong></span> <span class='ocrx_word' id='word_1_476' title='bbox 1492 3170 1598 3214; x_wconf 66' lang='lat' dir='ltr'><strong>tua:</strong></span> <span class='ocrx_word' id='word_1_477' title='bbox 1620 3162 1742 3215; x_wconf 77' lang='lat' dir='ltr'><strong>vita:</strong></span> <span class='ocrx_word' id='word_1_478' title='bbox 1763 3161 2049 3227; x_wconf 86' lang='lat' dir='ltr'><strong>perniciem</strong></span> 
     </span>
    </p>
   </div>
   <div class='ocr_carea' id='block_1_63' title="bbox 2151 3152 3744 3233">
    <p class='ocr_par' dir='ltr' id='par_1_63' title="bbox 2165 3152 3744 3233">
     <span class='ocr_line' id='line_1_63' title="bbox 2165 3152 3744 3233; baseline -0.006 -18"><span class='ocrx_word' id='word_1_479' title='bbox 2165 3179 2348 3233; x_wconf 84' lang='grc' dir='ltr'>σωμεν</span> <span class='ocrx_word' id='word_1_480' title='bbox 2376 3162 2451 3232; x_wconf 81' lang='grc' dir='ltr'><strong>τῷ</strong></span> <span class='ocrx_word' id='word_1_481' title='bbox 2481 3159 2786 3223; x_wconf 82' lang='grc' dir='ltr'>κελεύοντι,</span> <span class='ocrx_word' id='word_1_482' title='bbox 2821 3157 3109 3228; x_wconf 77' lang='grc' dir='ltr'>γενώμεθα</span> <span class='ocrx_word' id='word_1_483' title='bbox 3137 3157 3230 3210; x_wconf 79' lang='grc' dir='ltr'>τοῦ</span> <span class='ocrx_word' id='word_1_484' title='bbox 3271 3154 3506 3226; x_wconf 78' lang='grc' dir='ltr'>Χριστοῦ</span> <span class='ocrx_word' id='word_1_485' title='bbox 3535 3152 3744 3218; x_wconf 75' lang='grc' dir='ltr'>ὑποζύ·-</span> 
     </span>
    </p>
   </div>
   <div class='ocr_carea' id='block_1_64' title="bbox 484 3242 2049 3325">
    <p class='ocr_par' dir='ltr' id='par_1_64' title="bbox 484 3242 2049 3309">
     <span class='ocr_line' id='line_1_64' title="bbox 484 3242 2049 3309; baseline 0.003 -14"><span class='ocrx_word' id='word_1_486' title='bbox 484 3243 675 3296; x_wconf 89' lang='lat' dir='ltr'><strong>niteris</strong></span> <span class='ocrx_word' id='word_1_487' title='bbox 696 3243 719 3295; x_wconf 84' lang='lat'><strong>?</strong></span> <span class='ocrx_word' id='word_1_488' title='bbox 737 3242 839 3309; x_wconf 88' lang='lat' dir='ltr'><strong>Qui</strong></span> <span class='ocrx_word' id='word_1_489' title='bbox 869 3245 1014 3298; x_wconf 86' lang='lat' dir='ltr'><strong>enim</strong></span> <span class='ocrx_word' id='word_1_490' title='bbox 1037 3259 1217 3299; x_wconf 90' lang='lat' dir='ltr'><strong>rerum</strong></span> <span class='ocrx_word' id='word_1_491' title='bbox 1241 3246 1483 3300; x_wconf 87' lang='lat' dir='ltr'><strong>omnium</strong></span> <span class='ocrx_word' id='word_1_492' title='bbox 1507 3245 1795 3302; x_wconf 88' lang='lat' dir='ltr'><strong>Dominum</strong></span> <span class='ocrx_word' id='word_1_493' title='bbox 1817 3247 2049 3302; x_wconf 87' lang='lat' dir='ltr'><strong>amicum</strong></span> 
     </span>
    </p>
   </div>
   <div class='ocr_carea' id='block_1_65' title="bbox 2151 3242 3740 3325">
    <p class='ocr_par' dir='ltr' id='par_1_65' title="bbox 2164 3248 3740 3325">
     <span class='ocr_line' id='line_1_65' title="bbox 2164 3248 3740 3325; baseline -0.007 -16"><span class='ocrx_word' id='word_1_494' title='bbox 2164 3273 2298 3325; x_wconf 86' lang='grc' dir='ltr'>γιον.</span> <span class='ocrx_word' id='word_1_495' title='bbox 2326 3256 2444 3317; x_wconf 87' lang='grc' dir='ltr'>ταῖς</span> <span class='ocrx_word' id='word_1_496' title='bbox 2473 3252 2728 3321; x_wconf 75' lang='grc' dir='ltr'>ζεύγλαις</span> <span class='ocrx_word' id='word_1_497' title='bbox 2756 3253 2856 3323; x_wconf 81' lang='grc' dir='ltr'>τῆς</span> <span class='ocrx_word' id='word_1_498' title='bbox 2887 3252 3106 3322; x_wconf 83' lang='grc' dir='ltr'>ἀγάπης</span> <span class='ocrx_word' id='word_1_499' title='bbox 3142 3250 3369 3311; x_wconf 76' lang='grc' dir='ltr'>ἑαυτοὺς</span> <span class='ocrx_word' id='word_1_500' title='bbox 3393 3248 3740 3317; x_wconf 80' lang='grc' dir='ltr'>ἐνδήσαντες.</span> 
     </span>
    </p>
   </div>
   <div class='ocr_carea' id='block_1_66' title="bbox 485 3332 2056 3408">
    <p class='ocr_par' dir='ltr' id='par_1_66' title="bbox 485 3332 2056 3408">
     <span class='ocr_line' id='line_1_66' title="bbox 485 3332 2056 3408; baseline 0.004 -23"><span class='ocrx_word' id='word_1_501' title='bbox 485 3332 687 3386; x_wconf 82' lang='lat' dir='ltr'><strong>habere</strong></span> <span class='ocrx_word' id='word_1_502' title='bbox 721 3347 830 3387; x_wconf 93' lang='lat' dir='ltr'><strong>non</strong></span> <span class='ocrx_word' id='word_1_503' title='bbox 865 3333 1003 3399; x_wconf 85' lang='lat' dir='ltr'><strong>vult,</strong></span> <span class='ocrx_word' id='word_1_504' title='bbox 1042 3334 1092 3390; x_wconf 91' lang='lat' dir='ltr'><strong>is</strong></span> <span class='ocrx_word' id='word_1_505' title='bbox 1137 3336 1238 3390; x_wconf 89' lang='lat' dir='ltr'><strong>sibi</strong></span> <span class='ocrx_word' id='word_1_506' title='bbox 1291 3337 1407 3407; x_wconf 91' lang='lat' dir='ltr'><strong>ipse</strong></span> <span class='ocrx_word' id='word_1_507' title='bbox 1451 3337 1633 3408; x_wconf 83' lang='lat' dir='ltr'><strong>gravis</strong></span> <span class='ocrx_word' id='word_1_508' title='bbox 1660 3346 1745 3393; x_wconf 90' lang='lat' dir='ltr'><strong>est</strong></span> <span class='ocrx_word' id='word_1_509' title='bbox 1779 3338 2056 3394; x_wconf 90' lang='lat' dir='ltr'><strong>inimicus.</strong></span> 
     </span>
    </p>
   </div>
   <div class='ocr_carea' id='block_1_67' title="bbox 485 3423 2065 3489">
    <p class='ocr_par' dir='ltr' id='par_1_67' title="bbox 485 3423 2065 3489">
     <span class='ocr_line' id='line_1_67' title="bbox 485 3423 2065 3489; baseline 0.006 -15"><span class='ocrx_word' id='word_1_510' title='bbox 485 3423 956 3489; x_wconf 86' lang='lat' dir='ltr'><strong>Quemadmodum</strong></span> <span class='ocrx_word' id='word_1_511' title='bbox 999 3434 1177 3481; x_wconf 85' lang='lat' dir='ltr'><strong>autem</strong></span> <span class='ocrx_word' id='word_1_512' title='bbox 1221 3428 1457 3482; x_wconf 85' lang='lat' dir='ltr'><strong>mandati</strong></span> <span class='ocrx_word' id='word_1_513' title='bbox 1496 3428 1842 3485; x_wconf 84' lang='lat' dir='ltr'><strong>observantia</strong></span> <span class='ocrx_word' id='word_1_514' title='bbox 1886 3430 2065 3484; x_wconf 87' lang='lat' dir='ltr'><strong>conci-</strong></span> 
     </span>
    </p>
   </div>
   <div class='ocr_carea' id='block_1_68' title="bbox 489 3517 2063 3594">
    <p class='ocr_par' dir='ltr' id='par_1_68' title="bbox 489 3517 2063 3594">
     <span class='ocr_line' id='line_1_68' title="bbox 489 3517 2063 3594; baseline 0.006 -25"><span class='ocrx_word' id='word_1_515' title='bbox 489 3517 673 3580; x_wconf 87' lang='lat' dir='ltr'><strong>liatur,</strong></span> <span class='ocrx_word' id='word_1_516' title='bbox 716 3517 798 3572; x_wconf 90' lang='lat' dir='ltr'><strong>sic</strong></span> <span class='ocrx_word' id='word_1_517' title='bbox 848 3518 1192 3574; x_wconf 87' lang='lat' dir='ltr'><strong>abalienatur</strong></span> <span class='ocrx_word' id='word_1_518' title='bbox 1224 3520 1569 3576; x_wconf 85' lang='lat' dir='ltr'><strong>crudelitate.</strong></span> <span class='ocrx_word' id='word_1_519' title='bbox 1612 3522 1799 3576; x_wconf 85' lang='lat' dir='ltr'><strong>Tollite</strong></span> <span class='ocrx_word' id='word_1_520' title='bbox 1829 3521 2063 3594; x_wconf 89' lang='lat' dir='ltr'><strong>(inquit)</strong></span> 
     </span>
    </p>
   </div>
   <div class='ocr_carea' id='block_1_69' title="bbox 487 3610 2066 3681">
    <p class='ocr_par' dir='ltr' id='par_1_69' title="bbox 487 3610 2066 3681">
     <span class='ocr_line' id='line_1_69' title="bbox 487 3610 2066 3681; baseline 0.004 -19"><span class='ocrx_word' id='word_1_521' title='bbox 487 3610 672 3680; x_wconf 69' lang='lat' dir='ltr'><strong>iugum</strong></span> <span class='ocrx_word' id='word_1_522' title='bbox 699 3626 866 3664; x_wconf 85' lang='lat' dir='ltr'><strong>meum</strong></span> <span class='ocrx_word' id='word_1_523' title='bbox 884 3627 1039 3681; x_wconf 81' lang='lat' dir='ltr'><strong>super</strong></span> <span class='ocrx_word' id='word_1_524' title='bbox 1061 3629 1149 3668; x_wconf 85' lang='lat' dir='ltr'><strong>uos</strong></span> <span class='ocrx_word' id='word_1_525' title='bbox 1172 3612 1238 3666; x_wconf 82' lang='grc'><strong>⁷³.</strong></span> <span class='ocrx_word' id='word_1_526' title='bbox 1263 3610 1638 3668; x_wconf 78' lang='lat' dir='ltr'><strong>Mandatorum</strong></span> <span class='ocrx_word' id='word_1_527' title='bbox 1666 3614 2066 3669; x_wconf 78' lang='lat' dir='ltr'><strong>observantiam</strong></span> 
     </span>
    </p>
   </div>
   <div class='ocr_carea' id='block_1_70' title="bbox 489 3701 2067 3774">
    <p class='ocr_par' dir='ltr' id='par_1_70' title="bbox 489 3701 2067 3774">
     <span class='ocr_line' id='line_1_70' title="bbox 489 3701 2067 3774; baseline 0.002 -19"><span class='ocrx_word' id='word_1_528' title='bbox 489 3701 680 3773; x_wconf 79' lang='lat' dir='ltr'><strong>jugutn</strong></span> <span class='ocrx_word' id='word_1_529' title='bbox 712 3703 983 3772; x_wconf 81' lang='lat' dir='ltr'><strong>appellat;</strong></span> <span class='ocrx_word' id='word_1_530' title='bbox 1025 3703 1240 3774; x_wconf 87' lang='lat' dir='ltr'><strong>jubenti</strong></span> <span class='ocrx_word' id='word_1_531' title='bbox 1273 3718 1585 3774; x_wconf 89' lang='lat' dir='ltr'><strong>pareamus.</strong></span> <span class='ocrx_word' id='word_1_532' title='bbox 1639 3701 1949 3760; x_wconf 86' lang='lat' dir='ltr'><strong>Elliciamur</strong></span> <span class='ocrx_word' id='word_1_533' title='bbox 1976 3704 2067 3774; x_wconf 86' lang='lat' dir='ltr'><strong>ju-</strong></span> 
     </span>
    </p>
   </div>
   <div class='ocr_carea' id='block_1_71' title="bbox 2164 3338 3745 3415">
    <p class='ocr_par' dir='ltr' id='par_1_71' title="bbox 2164 3338 3745 3415">
     <span class='ocr_line' id='line_1_71' title="bbox 2164 3338 3745 3415; baseline -0.002 -18"><span class='ocrx_word' id='word_1_534' title='bbox 2164 3346 2256 3415; x_wconf 80' lang='grc' dir='ltr'><strong>Μὴ</strong></span> <span class='ocrx_word' id='word_1_535' title='bbox 2280 3341 2698 3414; x_wconf 79' lang='grc' dir='ltr'>ἀποσεισώμεθα</span> <span class='ocrx_word' id='word_1_536' title='bbox 2718 3342 2809 3395; x_wconf 87' lang='grc' dir='ltr'><strong>τὸν</strong></span> <span class='ocrx_word' id='word_1_537' title='bbox 2830 3341 3069 3396; x_wconf 78' lang='grc' dir='ltr'>τοιοῦτον</span> <span class='ocrx_word' id='word_1_538' title='bbox 3100 3339 3283 3407; x_wconf 75' lang='grc' dir='ltr'>ζυγόν·</span> <span class='ocrx_word' id='word_1_539' title='bbox 3307 3338 3542 3411; x_wconf 84' lang='grc' dir='ltr'>χρηστός</span> <span class='ocrx_word' id='word_1_540' title='bbox 3570 3338 3745 3394; x_wconf 74' lang='grc' dir='ltr'>ἐστιν.</span> 
     </span>
    </p>
   </div>
   <div class='ocr_carea' id='block_1_72' title="bbox 2166 3427 3748 3506">
    <p class='ocr_par' dir='ltr' id='par_1_72' title="bbox 2166 3427 3748 3506">
     <span class='ocr_line' id='line_1_72' title="bbox 2166 3427 3748 3506; baseline -0.004 -18"><span class='ocrx_word' id='word_1_541' title='bbox 2166 3434 2399 3506; x_wconf 76' lang='grc' dir='ltr'>ἐλαφρός</span> <span class='ocrx_word' id='word_1_542' title='bbox 2434 3437 2598 3487; x_wconf 77' lang='grc' dir='ltr'>ἐστιν’</span> <span class='ocrx_word' id='word_1_543' title='bbox 2625 3434 2687 3487; x_wconf 83' lang='grc' dir='ltr'>οὗ</span> <span class='ocrx_word' id='word_1_544' title='bbox 2714 3432 2891 3505; x_wconf 79' lang='grc' dir='ltr'>τρίϐει</span> <span class='ocrx_word' id='word_1_545' title='bbox 2922 3433 3012 3486; x_wconf 89' lang='grc' dir='ltr'><strong>τὸν</strong></span> <span class='ocrx_word' id='word_1_546' title='bbox 3045 3431 3245 3501; x_wconf 71' lang='grc' dir='ltr'>αὐχένα</span> <span class='ocrx_word' id='word_1_547' title='bbox 3272 3430 3367 3483; x_wconf 74' lang='grc' dir='ltr'><strong>τοῦ</strong></span> <span class='ocrx_word' id='word_1_548' title='bbox 3404 3427 3748 3488; x_wconf 76' lang='grc' dir='ltr'>ὑπελθόντος,</span> 
     </span>
    </p>
   </div>
   <div class='ocr_carea' id='block_1_73' title="bbox 2169 3518 3750 3593">
    <p class='ocr_par' dir='ltr' id='par_1_73' title="bbox 2169 3518 3750 3593">
     <span class='ocr_line' id='line_1_73' title="bbox 2169 3518 3750 3593; baseline -0.008 -13"><span class='ocrx_word' id='word_1_549' title='bbox 2169 3526 2305 3580; x_wconf 82' lang='grc' dir='ltr'><strong>ἀλλά</strong></span> <span class='ocrx_word' id='word_1_550' title='bbox 2323 3525 2542 3579; x_wconf 74' lang='grc' dir='ltr'>λεαίνει.</span> <span class='ocrx_word' id='word_1_551' title='bbox 2565 3524 2902 3593; x_wconf 79' lang='grc' dir='ltr'>Σπείρωμεν</span> <span class='ocrx_word' id='word_1_552' title='bbox 2914 3523 3007 3578; x_wconf 78' lang='grc' dir='ltr'>ἐπ’</span> <span class='ocrx_word' id='word_1_553' title='bbox 3032 3522 3355 3592; x_wconf 72' lang='grc' dir='ltr'>εὐλογίαις,</span> <span class='ocrx_word' id='word_1_554' title='bbox 3378 3520 3542 3590; x_wconf 82' lang='grc' dir='ltr'>φησὶν</span> <span class='ocrx_word' id='word_1_555' title='bbox 3561 3520 3591 3570; x_wconf 82' lang='grc' dir='ltr'>ὁ</span> <span class='ocrx_word' id='word_1_556' title='bbox 3604 3518 3750 3570; x_wconf 70' lang='grc' dir='ltr'><strong>Παῦ-</strong></span> 
     </span>
    </p>
   </div>
   <div class='ocr_carea' id='block_1_74' title="bbox 2173 3608 3753 3684">
    <p class='ocr_par' dir='ltr' id='par_1_74' title="bbox 2173 3608 3753 3684">
     <span class='ocr_line' id='line_1_74' title="bbox 2173 3608 3753 3684; baseline -0.004 -14"><span class='ocrx_word' id='word_1_557' title='bbox 2173 3616 2262 3679; x_wconf 81' lang='grc' dir='ltr'><strong>λος</strong></span> <span class='ocrx_word' id='word_1_558' title='bbox 2282 3657 2297 3679; x_wconf 89' lang='grc'><strong>,</strong></span> <span class='ocrx_word' id='word_1_559' title='bbox 2338 3614 2440 3670; x_wconf 75' lang='grc' dir='ltr'><strong>ἵνα</strong></span> <span class='ocrx_word' id='word_1_560' title='bbox 2471 3615 2572 3679; x_wconf 70' lang='grc' dir='ltr'><strong>καὶ</strong></span> <span class='ocrx_word' id='word_1_561' title='bbox 2609 3614 2704 3668; x_wconf 71' lang='grc' dir='ltr'>ἐπ’</span> <span class='ocrx_word' id='word_1_562' title='bbox 2740 3615 3045 3684; x_wconf 66' lang='grc' dir='ltr'>εὐλογίαις</span> <span class='ocrx_word' id='word_1_563' title='bbox 3085 3613 3431 3682; x_wconf 74' lang='grc' dir='ltr'>θερίσωμεν.</span> <span class='ocrx_word' id='word_1_564' title='bbox 3477 3608 3753 3677; x_wconf 78' lang='grc' dir='ltr'>Πολύχους</span> 
     </span>
    </p>
   </div>
   <div class='ocr_carea' id='block_1_75' title="bbox 2168 3698 3752 3778">
    <p class='ocr_par' dir='ltr' id='par_1_75' title="bbox 2168 3698 3752 3778">
     <span class='ocr_line' id='line_1_75' title="bbox 2168 3698 3752 3778; baseline -0.004 -18"><span class='ocrx_word' id='word_1_565' title='bbox 2168 3708 2366 3778; x_wconf 85' lang='grc' dir='ltr'>στάχυς</span> <span class='ocrx_word' id='word_1_566' title='bbox 2399 3709 2464 3759; x_wconf 85' lang='grc' dir='ltr'><strong>ἐκ</strong></span> <span class='ocrx_word' id='word_1_567' title='bbox 2493 3707 2593 3777; x_wconf 82' lang='grc' dir='ltr'><strong>τῆς</strong></span> <span class='ocrx_word' id='word_1_568' title='bbox 2629 3706 2882 3777; x_wconf 78' lang='grc' dir='ltr'>τοιαύτης</span> <span class='ocrx_word' id='word_1_569' title='bbox 2913 3705 3309 3775; x_wconf 75' lang='grc' dir='ltr'>ἀναϐλαστήσει</span> <span class='ocrx_word' id='word_1_570' title='bbox 3342 3703 3570 3773; x_wconf 77' lang='grc' dir='ltr'>σπορᾶς.</span> <span class='ocrx_word' id='word_1_571' title='bbox 3602 3698 3752 3753; x_wconf 78' lang='grc' dir='ltr'><strong>Βαθῦ</strong></span> 
     </span>
    </p>
   </div>
   <div class='ocr_carea' id='block_1_76' title="bbox 494 3789 2049 3869">
    <p class='ocr_par' dir='ltr' id='par_1_76' title="bbox 494 3794 2049 3859">
     <span class='ocr_line' id='line_1_76' title="bbox 494 3794 2049 3859; baseline 0.003 -14"><span class='ocrx_word' id='word_1_572' title='bbox 494 3801 741 3847; x_wconf 88' lang='lat' dir='ltr'><strong>mentum</strong></span> <span class='ocrx_word' id='word_1_573' title='bbox 773 3794 1003 3859; x_wconf 85' lang='lat' dir='ltr'><strong>Christi,</strong></span> <span class='ocrx_word' id='word_1_574' title='bbox 1038 3795 1328 3851; x_wconf 88' lang='lat' dir='ltr'><strong>iuduentes</strong></span> <span class='ocrx_word' id='word_1_575' title='bbox 1358 3797 1579 3851; x_wconf 86' lang='lat' dir='ltr'><strong>vincula</strong></span> <span class='ocrx_word' id='word_1_576' title='bbox 1604 3795 1908 3851; x_wconf 86' lang='lat' dir='ltr'><strong>charitatis.</strong></span> <span class='ocrx_word' id='word_1_577' title='bbox 1939 3795 2049 3850; x_wconf 80' lang='lat' dir='ltr'><strong>Talt</strong></span> 
     </span>
    </p>
   </div>
   <div class='ocr_carea' id='block_1_77' title="bbox 2151 3789 3756 3869">
    <p class='ocr_par' dir='ltr' id='par_1_77' title="bbox 2168 3789 3756 3869">
     <span class='ocr_line' id='line_1_77' title="bbox 2168 3789 3756 3869; baseline -0.006 -18"><span class='ocrx_word' id='word_1_578' title='bbox 2168 3796 2277 3851; x_wconf 82' lang='grc' dir='ltr'><strong>τῶν</strong></span> <span class='ocrx_word' id='word_1_579' title='bbox 2310 3797 2541 3851; x_wconf 85' lang='grc' dir='ltr'>ἐντολῶν</span> <span class='ocrx_word' id='word_1_580' title='bbox 2571 3798 2665 3851; x_wconf 76' lang='grc' dir='ltr'>τοῦ</span> <span class='ocrx_word' id='word_1_581' title='bbox 2698 3798 2903 3869; x_wconf 83' lang='grc' dir='ltr'>Κυρίου</span> <span class='ocrx_word' id='word_1_582' title='bbox 2947 3797 3009 3849; x_wconf 86' lang='grc' dir='ltr'><strong>τὸ</strong></span> <span class='ocrx_word' id='word_1_583' title='bbox 3036 3796 3207 3867; x_wconf 59' lang='grc' dir='ltr'>λήϊον</span> <span class='ocrx_word' id='word_1_584' title='bbox 3241 3794 3420 3864; x_wconf 72' lang='grc' dir='ltr'>ὑψηλὰ</span> <span class='ocrx_word' id='word_1_585' title='bbox 3442 3793 3511 3846; x_wconf 73' lang='grc' dir='ltr'>τὰ</span> <span class='ocrx_word' id='word_1_586' title='bbox 3534 3791 3634 3860; x_wconf 75' lang='grc' dir='ltr'>τῆς</span> <span class='ocrx_word' id='word_1_587' title='bbox 3663 3789 3756 3843; x_wconf 63' lang='grc' dir='ltr'><strong>εἴ»</strong></span> 
     </span>
    </p>
   </div>
   <div class='ocr_carea' id='block_1_78' title="bbox 487 3884 2049 3959">
    <p class='ocr_par' dir='ltr' id='par_1_78' title="bbox 487 3884 2037 3956">
     <span class='ocr_line' id='line_1_78' title="bbox 487 3884 2037 3956; baseline 0.003 -19"><span class='ocrx_word' id='word_1_588' title='bbox 487 3884 683 3954; x_wconf 85' lang='lat' dir='ltr'><strong>jugum</strong></span> <span class='ocrx_word' id='word_1_589' title='bbox 723 3901 790 3940; x_wconf 92' lang='lat' dir='ltr'><strong>ne</strong></span> <span class='ocrx_word' id='word_1_590' title='bbox 819 3885 1222 3951; x_wconf 86' lang='lat' dir='ltr'><strong>detrectemus,</strong></span> <span class='ocrx_word' id='word_1_591' title='bbox 1258 3904 1327 3943; x_wconf 89' lang='lat' dir='ltr'><strong>ne</strong></span> <span class='ocrx_word' id='word_1_592' title='bbox 1358 3888 1732 3956; x_wconf 82' lang='lat' dir='ltr'><strong>excutiamus,</strong></span> <span class='ocrx_word' id='word_1_593' title='bbox 1762 3903 1929 3943; x_wconf 85' lang='lat' dir='ltr'><strong>suave</strong></span> <span class='ocrx_word' id='word_1_594' title='bbox 1954 3895 2037 3944; x_wconf 87' lang='lat' dir='ltr'><strong>est</strong></span> 
     </span>
    </p>
   </div>
   <div class='ocr_carea' id='block_1_79' title="bbox 2151 3884 2737 3959">
    <p class='ocr_par' dir='ltr' id='par_1_79' title="bbox 2178 3889 2737 3959">
     <span class='ocr_line' id='line_1_79' title="bbox 2178 3889 2737 3959; baseline 0.002 -18"><span class='ocrx_word' id='word_1_595' title='bbox 2178 3889 2364 3957; x_wconf 83' lang='grc' dir='ltr'>λογίας</span> <span class='ocrx_word' id='word_1_596' title='bbox 2397 3889 2737 3959; x_wconf 85' lang='grc' dir='ltr'>γεννήματα.</span> 
     </span>
    </p>
   </div>
   <div class='ocr_carea' id='block_1_80' title="bbox 498 3976 3750 4050">
    <p class='ocr_par' dir='ltr' id='par_1_80' title="bbox 498 3976 3750 4050">
     <span class='ocr_line' id='line_1_80' title="bbox 498 3976 3750 4050; baseline 0.001 -21"><span class='ocrx_word' id='word_1_597' title='bbox 498 3977 613 4034; x_wconf 86' lang='lat' dir='ltr'><strong>leve</strong></span> <span class='ocrx_word' id='word_1_598' title='bbox 633 3985 733 4031; x_wconf 89' lang='lat' dir='ltr'><strong>est.</strong></span> <span class='ocrx_word' id='word_1_599' title='bbox 759 3976 1051 4034; x_wconf 87' lang='lat' dir='ltr'><strong>Subeuutis</strong></span> <span class='ocrx_word' id='word_1_600' title='bbox 1075 3980 1340 4035; x_wconf 83' lang='lat' dir='ltr'><strong>cervicem</strong></span> <span class='ocrx_word' id='word_1_601' title='bbox 1368 3996 1479 4036; x_wconf 90' lang='lat' dir='ltr'><strong>non</strong></span> <span class='ocrx_word' id='word_1_602' title='bbox 1502 3983 1708 4045; x_wconf 85' lang='lat' dir='ltr'><strong>atterit,</strong></span> <span class='ocrx_word' id='word_1_603' title='bbox 1738 3981 1833 4038; x_wconf 85' lang='lat' dir='ltr'><strong>sed</strong></span> <span class='ocrx_word' id='word_1_604' title='bbox 1856 3981 2146 4036; x_wconf 87' lang='lat' dir='ltr'><strong>demulcet.</strong></span> <span class='ocrx_word' id='word_1_605' title='bbox 2193 3980 2519 4036; x_wconf 80' lang='lat' dir='ltr'><strong>Semiuemus</strong></span> <span class='ocrx_word' id='word_1_606' title='bbox 2574 3982 2630 4035; x_wconf 82' lang='lat' dir='ltr'><strong>in</strong></span> <span class='ocrx_word' id='word_1_607' title='bbox 2675 3980 3137 4046; x_wconf 79' lang='lat' dir='ltr'><strong>benedictionibus,</strong></span> <span class='ocrx_word' id='word_1_608' title='bbox 3200 3979 3374 4050; x_wconf 85' lang='lat' dir='ltr'><strong>inquit</strong></span> <span class='ocrx_word' id='word_1_609' title='bbox 3439 3980 3750 4048; x_wconf 73' lang='lat' dir='ltr'><strong>Apostolus.</strong></span> 
     </span>
    </p>
   </div>
   <div class='ocr_carea' id='block_1_81' title="bbox 496 4071 3753 4147">
    <p class='ocr_par' dir='ltr' id='par_1_81' title="bbox 496 4071 3753 4147">
     <span class='ocr_line' id='line_1_81' title="bbox 496 4071 3753 4147; baseline 0.001 -25"><span class='ocrx_word' id='word_1_610' title='bbox 496 4079 557 4122; x_wconf 85' lang='lat' dir='ltr'><strong>ut</strong></span> <span class='ocrx_word' id='word_1_611' title='bbox 596 4071 758 4124; x_wconf 85' lang='lat' dir='ltr'><strong>etiam</strong></span> <span class='ocrx_word' id='word_1_612' title='bbox 799 4071 853 4124; x_wconf 84' lang='lat' dir='ltr'><strong>in</strong></span> <span class='ocrx_word' id='word_1_613' title='bbox 892 4071 1335 4127; x_wconf 79' lang='lat' dir='ltr'><strong>benedictionibus</strong></span> <span class='ocrx_word' id='word_1_614' title='bbox 1382 4083 1642 4129; x_wconf 86' lang='lat' dir='ltr'><strong>metamus</strong></span> <span class='ocrx_word' id='word_1_615' title='bbox 1664 4076 1733 4131; x_wconf 64' lang='grc' dir='ltr'>τι.</span> <span class='ocrx_word' id='word_1_616' title='bbox 1787 4074 2067 4146; x_wconf 75' lang='lat' dir='ltr'><strong>Multiplex</strong></span> <span class='ocrx_word' id='word_1_617' title='bbox 2106 4077 2257 4147; x_wconf 87' lang='lat' dir='ltr'><strong>spica</strong></span> <span class='ocrx_word' id='word_1_618' title='bbox 2281 4092 2350 4132; x_wconf 77' lang='lat' dir='ltr'><strong>ex</strong></span> <span class='ocrx_word' id='word_1_619' title='bbox 2385 4077 2476 4131; x_wconf 86' lang='lat' dir='ltr'><strong>tali</strong></span> <span class='ocrx_word' id='word_1_620' title='bbox 2506 4085 2751 4132; x_wconf 89' lang='lat' dir='ltr'><strong>semente</strong></span> <span class='ocrx_word' id='word_1_621' title='bbox 2782 4075 3088 4147; x_wconf 87' lang='lat' dir='ltr'><strong>pullulabit.</strong></span> <span class='ocrx_word' id='word_1_622' title='bbox 3120 4076 3311 4147; x_wconf 84' lang='lat' dir='ltr'><strong>Ampla</strong></span> <span class='ocrx_word' id='word_1_623' title='bbox 3388 4084 3475 4131; x_wconf 89' lang='lat' dir='ltr'><strong>est</strong></span> <span class='ocrx_word' id='word_1_624' title='bbox 3540 4074 3753 4129; x_wconf 83' lang='lat' dir='ltr'><strong>Domini</strong></span> 
     </span>
    </p>
   </div>
   <div class='ocr_carea' id='block_1_82' title="bbox 501 4161 2072 4239">
    <p class='ocr_par' dir='ltr' id='par_1_82' title="bbox 501 4161 2072 4239">
     <span class='ocr_line' id='line_1_82' title="bbox 501 4161 2072 4239; baseline 0.003 -23"><span class='ocrx_word' id='word_1_625' title='bbox 501 4161 885 4217; x_wconf 86' lang='lat' dir='ltr'><strong>mandatorum</strong></span> <span class='ocrx_word' id='word_1_626' title='bbox 920 4179 1097 4233; x_wconf 86' lang='lat' dir='ltr'><strong>seges,</strong></span> <span class='ocrx_word' id='word_1_627' title='bbox 1132 4164 1396 4220; x_wconf 90' lang='lat' dir='ltr'><strong>sublimes</strong></span> <span class='ocrx_word' id='word_1_628' title='bbox 1426 4163 1826 4223; x_wconf 72' lang='lat' dir='ltr'><strong>benedictionis</strong></span> <span class='ocrx_word' id='word_1_629' title='bbox 1849 4168 2072 4239; x_wconf 85' lang='lat' dir='ltr'><strong>stirpes.</strong></span> 
     </span>
    </p>
   </div>
   <div class='ocr_carea' id='block_1_83' title="bbox 574 4256 2049 4330">
    <p class='ocr_par' dir='ltr' id='par_1_83' title="bbox 574 4256 2045 4330">
     <span class='ocr_line' id='line_1_83' title="bbox 574 4256 2045 4330; baseline 0.003 -19"><span class='ocrx_word' id='word_1_630' title='bbox 574 4256 1008 4329; x_wconf 75' lang='lat' dir='ltr'><strong>Visintelligere,</strong></span> <span class='ocrx_word' id='word_1_631' title='bbox 1046 4260 1101 4314; x_wconf 92' lang='lat' dir='ltr'><strong>in</strong></span> <span class='ocrx_word' id='word_1_632' title='bbox 1127 4267 1389 4330; x_wconf 90' lang='lat' dir='ltr'><strong>quantam</strong></span> <span class='ocrx_word' id='word_1_633' title='bbox 1424 4260 1767 4316; x_wconf 86' lang='lat' dir='ltr'><strong>altitudinem</strong></span> <span class='ocrx_word' id='word_1_634' title='bbox 1789 4262 2045 4317; x_wconf 82' lang='lat' dir='ltr'><strong>extollatu</strong></span> 
     </span>
    </p>
   </div>
   <div class='ocr_carea' id='block_1_84' title="bbox 2151 4256 3755 4330">
    <p class='ocr_par' dir='ltr' id='par_1_84' title="bbox 2256 4256 3755 4330">
     <span class='ocr_line' id='line_1_84' title="bbox 2256 4256 3755 4330; baseline 0.005 -22"><span class='ocrx_word' id='word_1_635' title='bbox 2256 4256 2441 4309; x_wconf 83' lang='grc' dir='ltr'>Βούλει</span> <span class='ocrx_word' id='word_1_636' title='bbox 2474 4257 2665 4326; x_wconf 83' lang='grc' dir='ltr'>μαθεῖν</span> <span class='ocrx_word' id='word_1_637' title='bbox 2693 4258 2770 4322; x_wconf 83' lang='grc' dir='ltr'><strong>εἰς</strong></span> <span class='ocrx_word' id='word_1_638' title='bbox 2796 4256 2918 4309; x_wconf 84' lang='grc' dir='ltr'>ὅσον</span> <span class='ocrx_word' id='word_1_639' title='bbox 2956 4256 3297 4310; x_wconf 78' lang='grc' dir='ltr'>ἀνατείνεται</span> <span class='ocrx_word' id='word_1_640' title='bbox 3332 4258 3464 4330; x_wconf 77' lang='grc' dir='ltr'>ὕψος</span> <span class='ocrx_word' id='word_1_641' title='bbox 3503 4261 3608 4314; x_wconf 87' lang='grc' dir='ltr'><strong>τῶν</strong></span> <span class='ocrx_word' id='word_1_642' title='bbox 3633 4279 3755 4330; x_wconf 72' lang='grc' dir='ltr'>γενο</span> 
     </span>
    </p>
   </div>
   <div class='ocr_carea' id='block_1_85' title="bbox 498 4344 2049 4423">
    <p class='ocr_par' dir='ltr' id='par_1_85' title="bbox 498 4350 2049 4423">
     <span class='ocr_line' id='line_1_85' title="bbox 498 4350 2049 4423; baseline 0 -18"><span class='ocrx_word' id='word_1_643' title='bbox 498 4350 695 4405; x_wconf 85' lang='lat' dir='ltr'><strong>harum</strong></span> <span class='ocrx_word' id='word_1_644' title='bbox 730 4350 982 4421; x_wconf 89' lang='lat' dir='ltr'><strong>stirpium</strong></span> <span class='ocrx_word' id='word_1_645' title='bbox 1027 4351 1457 4408; x_wconf 76' lang='lat' dir='ltr'><strong>incrementum?</strong></span> <span class='ocrx_word' id='word_1_646' title='bbox 1500 4354 1654 4423; x_wconf 86' lang='lat' dir='ltr'><strong>Ipsos</strong></span> <span class='ocrx_word' id='word_1_647' title='bbox 1682 4355 1809 4409; x_wconf 67' lang='lat' dir='ltr'><strong>caeli</strong></span> <span class='ocrx_word' id='word_1_648' title='bbox 1838 4354 2049 4410; x_wconf 57' lang='lat' dir='ltr'><strong>vertices</strong></span> 
     </span>
    </p>
   </div>
   <div class='ocr_carea' id='block_1_86' title="bbox 2151 4344 3758 4423">
    <p class='ocr_par' dir='ltr' id='par_1_86' title="bbox 2184 4344 3758 4420">
     <span class='ocr_line' id='line_1_86' title="bbox 2184 4344 3758 4420; baseline 0.001 -19"><span class='ocrx_word' id='word_1_649' title='bbox 2184 4347 2439 4418; x_wconf 74' lang='grc' dir='ltr'>νημάτων</span> <span class='ocrx_word' id='word_1_650' title='bbox 2468 4347 2501 4415; x_wconf 85' lang='grc' dir='ltr'><strong>ή</strong></span> <span class='ocrx_word' id='word_1_651' title='bbox 2518 4344 2779 4415; x_wconf 76' lang='grc' dir='ltr'>αῠξησιςς</span> <span class='ocrx_word' id='word_1_652' title='bbox 2804 4344 2990 4397; x_wconf 80' lang='grc' dir='ltr'>Αὐτῶν</span> <span class='ocrx_word' id='word_1_653' title='bbox 3015 4344 3123 4398; x_wconf 86' lang='grc' dir='ltr'><strong>τῶν</strong></span> <span class='ocrx_word' id='word_1_654' title='bbox 3147 4345 3413 4418; x_wconf 85' lang='grc' dir='ltr'>οὐρανίων</span> <span class='ocrx_word' id='word_1_655' title='bbox 3451 4349 3758 4420; x_wconf 79' lang='grc' dir='ltr'>ὑψωμάτων</span> 
     </span>
    </p>
   </div>
   <div class='ocr_carea' id='block_1_87' title="bbox 499 4434 2049 4515">
    <p class='ocr_par' dir='ltr' id='par_1_87' title="bbox 499 4444 2049 4515">
     <span class='ocr_line' id='line_1_87' title="bbox 499 4444 2049 4515; baseline 0.003 -20"><span class='ocrx_word' id='word_1_656' title='bbox 499 4444 799 4513; x_wconf 84' lang='lat' dir='ltr'><strong>attingunt.</strong></span> <span class='ocrx_word' id='word_1_657' title='bbox 831 4445 1107 4515; x_wconf 86' lang='lat' dir='ltr'><strong>Quidquid</strong></span> <span class='ocrx_word' id='word_1_658' title='bbox 1136 4445 1279 4500; x_wconf 91' lang='lat' dir='ltr'><strong>enim</strong></span> <span class='ocrx_word' id='word_1_659' title='bbox 1309 4445 1364 4499; x_wconf 94' lang='lat' dir='ltr'><strong>in</strong></span> <span class='ocrx_word' id='word_1_660' title='bbox 1394 4445 1493 4502; x_wconf 88' lang='lat' dir='ltr'><strong>hos</strong></span> <span class='ocrx_word' id='word_1_661' title='bbox 1523 4447 1841 4512; x_wconf 87' lang='lat' dir='ltr'><strong>contuleris,</strong></span> <span class='ocrx_word' id='word_1_662' title='bbox 1869 4446 1923 4501; x_wconf 94' lang='lat' dir='ltr'><strong>in</strong></span> <span class='ocrx_word' id='word_1_663' title='bbox 1953 4445 2049 4502; x_wconf 68' lang='lat' dir='ltr'><strong>eos]</strong></span> 
     </span>
    </p>
   </div>
   <div class='ocr_carea' id='block_1_88' title="bbox 2151 4434 3755 4515">
    <p class='ocr_par' dir='ltr' id='par_1_88' title="bbox 2185 4434 3755 4513">
     <span class='ocr_line' id='line_1_88' title="bbox 2185 4434 3755 4513; baseline 0.004 -24"><span class='ocrx_word' id='word_1_664' title='bbox 2185 4438 2505 4507; x_wconf 83' lang='grc' dir='ltr'>ἐφάπτεται.</span> <span class='ocrx_word' id='word_1_665' title='bbox 2542 4435 2683 4489; x_wconf 83' lang='grc' dir='ltr'>Ὅσα</span> <span class='ocrx_word' id='word_1_666' title='bbox 2707 4435 2814 4506; x_wconf 83' lang='grc' dir='ltr'>γὰρ</span> <span class='ocrx_word' id='word_1_667' title='bbox 2838 4434 2904 4489; x_wconf 85' lang='grc' dir='ltr'><strong>ἂν</strong></span> <span class='ocrx_word' id='word_1_668' title='bbox 2930 4434 3138 4499; x_wconf 86' lang='grc' dir='ltr'>τούτοις</span> <span class='ocrx_word' id='word_1_669' title='bbox 3171 4439 3402 4513; x_wconf 80' lang='grc' dir='ltr'>ποιήσῃς</span> <span class='ocrx_word' id='word_1_670' title='bbox 3421 4482 3435 4505; x_wconf 92' lang='grc'><strong>,</strong></span> <span class='ocrx_word' id='word_1_671' title='bbox 3460 4444 3571 4504; x_wconf 77' lang='grc' dir='ltr'>τοῖς</span> <span class='ocrx_word' id='word_1_672' title='bbox 3592 4443 3755 4511; x_wconf 83' lang='grc' dir='ltr'>οὐρα-</span> 
     </span>
    </p>
   </div>
   <div class='ocr_carea' id='block_1_89' title="bbox 500 4527 2049 4608">
    <p class='ocr_par' dir='ltr' id='par_1_89' title="bbox 500 4532 2049 4608">
     <span class='ocr_line' id='line_1_89' title="bbox 500 4532 2049 4608; baseline 0.004 -22"><span class='ocrx_word' id='word_1_673' title='bbox 500 4532 779 4588; x_wconf 78' lang='lat' dir='ltr'><strong>titesauris</strong></span> <span class='ocrx_word' id='word_1_674' title='bbox 812 4536 1090 4590; x_wconf 88' lang='lat' dir='ltr'><strong>conditum</strong></span> <span class='ocrx_word' id='word_1_675' title='bbox 1140 4539 1408 4594; x_wconf 87' lang='lat' dir='ltr'><strong>invenies.</strong></span> <span class='ocrx_word' id='word_1_676' title='bbox 1459 4536 1541 4595; x_wconf 89' lang='lat' dir='ltr'><strong>Ne</strong></span> <span class='ocrx_word' id='word_1_677' title='bbox 1592 4538 1808 4594; x_wconf 68' lang='lat' dir='ltr'><strong>diffidas</strong></span> <span class='ocrx_word' id='word_1_678' title='bbox 1840 4538 1908 4595; x_wconf 84' lang='lat' dir='ltr'><strong>iis</strong></span> <span class='ocrx_word' id='word_1_679' title='bbox 1956 4552 2049 4608; x_wconf 76' lang='lat' dir='ltr'><strong>qut</strong></span> 
     </span>
    </p>
   </div>
   <div class='ocr_carea' id='block_1_90' title="bbox 2151 4527 3758 4608">
    <p class='ocr_par' dir='ltr' id='par_1_90' title="bbox 2183 4527 3758 4602">
     <span class='ocr_line' id='line_1_90' title="bbox 2183 4527 3758 4602; baseline 0.003 -21"><span class='ocrx_word' id='word_1_680' title='bbox 2183 4529 2315 4590; x_wconf 88' lang='grc' dir='ltr'>νίοις</span> <span class='ocrx_word' id='word_1_681' title='bbox 2337 4527 2629 4597; x_wconf 78' lang='grc' dir='ltr'>θησαυροῖς</span> <span class='ocrx_word' id='word_1_682' title='bbox 2651 4529 3036 4597; x_wconf 84' lang='grc' dir='ltr'>καρποφορεῖς.</span> <span class='ocrx_word' id='word_1_683' title='bbox 3055 4527 3146 4598; x_wconf 76' lang='grc' dir='ltr'><strong>Μὴ</strong></span> <span class='ocrx_word' id='word_1_684' title='bbox 3164 4529 3468 4602; x_wconf 80' lang='grc' dir='ltr'>ἀπελπίσῃς</span> <span class='ocrx_word' id='word_1_685' title='bbox 3485 4531 3594 4586; x_wconf 89' lang='grc' dir='ltr'><strong>τῶν</strong></span> <span class='ocrx_word' id='word_1_686' title='bbox 3611 4532 3758 4601; x_wconf 82' lang='grc' dir='ltr'>λεγο-</span> 
     </span>
    </p>
   </div>
   <div class='ocr_carea' id='block_1_91' title="bbox 500 4615 2049 4692">
    <p class='ocr_par' dir='ltr' id='par_1_91' title="bbox 500 4622 2049 4687">
     <span class='ocr_line' id='line_1_91' title="bbox 500 4622 2049 4687; baseline 0.003 -10"><span class='ocrx_word' id='word_1_687' title='bbox 500 4622 653 4677; x_wconf 85' lang='lat' dir='ltr'><strong>dicta</strong></span> <span class='ocrx_word' id='word_1_688' title='bbox 698 4632 846 4687; x_wconf 92' lang='lat' dir='ltr'><strong>sunt,</strong></span> <span class='ocrx_word' id='word_1_689' title='bbox 889 4640 1022 4682; x_wconf 86' lang='lat' dir='ltr'><strong>neve</strong></span> <span class='ocrx_word' id='word_1_690' title='bbox 1056 4628 1249 4683; x_wconf 89' lang='lat' dir='ltr'><strong>borum</strong></span> <span class='ocrx_word' id='word_1_691' title='bbox 1289 4629 1583 4684; x_wconf 88' lang='lat' dir='ltr'><strong>amicitiam</strong></span> <span class='ocrx_word' id='word_1_692' title='bbox 1627 4629 2049 4685; x_wconf 72' lang='lat' dir='ltr'><strong>contemnendam</strong></span> 
     </span>
    </p>
   </div>
   <div class='ocr_carea' id='block_1_92' title="bbox 2151 4615 3757 4692">
    <p class='ocr_par' dir='ltr' id='par_1_92' title="bbox 2187 4615 3757 4692">
     <span class='ocr_line' id='line_1_92' title="bbox 2187 4615 3757 4692; baseline 0.001 -22"><span class='ocrx_word' id='word_1_693' title='bbox 2187 4619 2383 4690; x_wconf 66' lang='grc' dir='ltr'>μένωνθ</span> <span class='ocrx_word' id='word_1_694' title='bbox 2436 4618 2511 4689; x_wconf 79' lang='grc' dir='ltr'>μὴ</span> <span class='ocrx_word' id='word_1_695' title='bbox 2553 4615 3026 4686; x_wconf 77' lang='grc' dir='ltr'>εὐκαταφρόνητον</span> <span class='ocrx_word' id='word_1_696' title='bbox 3046 4616 3236 4692; x_wconf 80' lang='grc' dir='ltr'>λογίσῃ</span> <span class='ocrx_word' id='word_1_697' title='bbox 3256 4619 3364 4674; x_wconf 90' lang='grc' dir='ltr'><strong>τῶν</strong></span> <span class='ocrx_word' id='word_1_698' title='bbox 3389 4620 3641 4675; x_wconf 86' lang='grc' dir='ltr'>τοιούτων</span> <span class='ocrx_word' id='word_1_699' title='bbox 3665 4622 3757 4692; x_wconf 67' lang='grc' dir='ltr'><strong>τὴν</strong></span> 
     </span>
    </p>
   </div>
   <div class='ocr_carea' id='block_1_93' title="bbox 506 4692 2049 4788">
    <p class='ocr_par' dir='ltr' id='par_1_93' title="bbox 506 4713 2049 4788">
     <span class='ocr_line' id='line_1_93' title="bbox 506 4713 2049 4788; baseline 0.006 -22"><span class='ocrx_word' id='word_1_700' title='bbox 506 4721 687 4785; x_wconf 88' lang='lat' dir='ltr'><strong>putes.</strong></span> <span class='ocrx_word' id='word_1_701' title='bbox 742 4713 932 4770; x_wconf 82' lang='lat' dir='ltr'><strong>Manus</strong></span> <span class='ocrx_word' id='word_1_702' title='bbox 962 4717 1182 4786; x_wconf 87' lang='lat' dir='ltr'><strong>quidem</strong></span> <span class='ocrx_word' id='word_1_703' title='bbox 1216 4719 1457 4788; x_wconf 90' lang='lat' dir='ltr'><strong>ipsorum</strong></span> <span class='ocrx_word' id='word_1_704' title='bbox 1490 4729 1616 4775; x_wconf 87' lang='lat' dir='ltr'><strong>sunt</strong></span> <span class='ocrx_word' id='word_1_705' title='bbox 1648 4720 1934 4785; x_wconf 65' lang='lat' dir='ltr'><strong>mutilatae,</strong></span> <span class='ocrx_word' id='word_1_706' title='bbox 1983 4736 2049 4776; x_wconf 59' lang='lat' dir='ltr'><strong>set</strong></span> 
     </span>
    </p>
   </div>
   <div class='ocr_carea' id='block_1_94' title="bbox 2151 4692 3757 4788">
    <p class='ocr_par' dir='ltr' id='par_1_94' title="bbox 2151 4705 3757 4786">
     <span class='ocr_line' id='line_1_94' title="bbox 2151 4705 3757 4786; baseline 0.001 -22"><span class='ocrx_word' id='word_1_707' title='bbox 2151 4705 2155 4734; x_wconf 82' lang='grc'><em>’</em></span> <span class='ocrx_word' id='word_1_708' title='bbox 2187 4710 2385 4781; x_wconf 80' lang='grc' dir='ltr'>φιλίαν.</span> <span class='ocrx_word' id='word_1_709' title='bbox 2428 4709 2495 4762; x_wconf 86' lang='grc' dir='ltr'><strong><em>Ἡ</em></strong></span> <span class='ocrx_word' id='word_1_710' title='bbox 2537 4708 2656 4780; x_wconf 73' lang='grc' dir='ltr'>χεὶρ</span> <span class='ocrx_word' id='word_1_711' title='bbox 2694 4709 3142 4780; x_wconf 82' lang='grc' dir='ltr'>ἠκροτηρίασται,</span> <span class='ocrx_word' id='word_1_712' title='bbox 3183 4710 3300 4765; x_wconf 83' lang='grc' dir='ltr'>ἀλλ’</span> <span class='ocrx_word' id='word_1_713' title='bbox 3335 4711 3398 4765; x_wconf 80' lang='grc' dir='ltr'><strong>οὐ</strong></span> <span class='ocrx_word' id='word_1_714' title='bbox 3437 4712 3573 4785; x_wconf 85' lang='grc' dir='ltr'>πρὸς</span> <span class='ocrx_word' id='word_1_715' title='bbox 3625 4731 3757 4786; x_wconf 81' lang='grc' dir='ltr'>συμ-</span> 
     </span>
    </p>
   </div>
   <div class='ocr_carea' id='block_1_95' title="bbox 504 4799 2049 4874">
    <p class='ocr_par' dir='ltr' id='par_1_95' title="bbox 504 4805 2049 4866">
     <span class='ocr_line' id='line_1_95' title="bbox 504 4805 2049 4866; baseline 0.005 -8"><span class='ocrx_word' id='word_1_716' title='bbox 504 4805 574 4859; x_wconf 83' lang='lat' dir='ltr'><strong>ad</strong></span> <span class='ocrx_word' id='word_1_717' title='bbox 607 4805 884 4861; x_wconf 81' lang='lat' dir='ltr'><strong>ferendum</strong></span> <span class='ocrx_word' id='word_1_718' title='bbox 913 4808 1175 4862; x_wconf 79' lang='lat' dir='ltr'><strong>auxilium</strong></span> <span class='ocrx_word' id='word_1_719' title='bbox 1205 4825 1311 4865; x_wconf 91' lang='lat' dir='ltr'><strong>non</strong></span> <span class='ocrx_word' id='word_1_720' title='bbox 1336 4810 1636 4866; x_wconf 63' lang='lat' dir='ltr'><strong>imbecillas.</strong></span> <span class='ocrx_word' id='word_1_721' title='bbox 1662 4811 1834 4866; x_wconf 84' lang='lat' dir='ltr'><strong>Pedes</strong></span> <span class='ocrx_word' id='word_1_722' title='bbox 1862 4813 2049 4866; x_wconf 88' lang='lat' dir='ltr'><strong>inutile</strong></span> 
     </span>
    </p>
   </div>
   <div class='ocr_carea' id='block_1_96' title="bbox 2151 4799 3752 4874">
    <p class='ocr_par' dir='ltr' id='par_1_96' title="bbox 2190 4799 3752 4874">
     <span class='ocr_line' id='line_1_96' title="bbox 2190 4799 3752 4874; baseline 0.001 -17"><span class='ocrx_word' id='word_1_723' title='bbox 2190 4803 2409 4874; x_wconf 83' lang='grc' dir='ltr'>μαχίαν.</span> <span class='ocrx_word' id='word_1_724' title='bbox 2448 4801 2508 4855; x_wconf 82' lang='grc'><strong>’0</strong></span> <span class='ocrx_word' id='word_1_725' title='bbox 2551 4799 2685 4864; x_wconf 81' lang='grc' dir='ltr'>ποῦς</span> <span class='ocrx_word' id='word_1_726' title='bbox 2710 4800 3024 4871; x_wconf 78' lang='grc' dir='ltr'>ἡχρείωται,</span> <span class='ocrx_word' id='word_1_727' title='bbox 3067 4801 3206 4856; x_wconf 81' lang='grc' dir='ltr'>ἀλλὰ</span> <span class='ocrx_word' id='word_1_728' title='bbox 3249 4802 3384 4874; x_wconf 89' lang='grc' dir='ltr'>πρὸς</span> <span class='ocrx_word' id='word_1_729' title='bbox 3413 4803 3504 4857; x_wconf 75' lang='grc' dir='ltr'><strong>τὸν</strong></span> <span class='ocrx_word' id='word_1_730' title='bbox 3533 4803 3664 4857; x_wconf 85' lang='grc' dir='ltr'>Θεὸν</span> <span class='ocrx_word' id='word_1_731' title='bbox 3697 4806 3752 4858; x_wconf 84' lang='grc' dir='ltr'><strong>ού</strong></span> 
     </span>
    </p>
   </div>
   <div class='ocr_carea' id='block_1_97' title="bbox 502 4892 2049 4973">
    <p class='ocr_par' dir='ltr' id='par_1_97' title="bbox 502 4897 2049 4973">
     <span class='ocr_line' id='line_1_97' title="bbox 502 4897 2049 4973; baseline 0.003 -19"><span class='ocrx_word' id='word_1_732' title='bbox 502 4897 683 4954; x_wconf 77' lang='lat' dir='ltr'><strong>elTecti</strong></span> <span class='ocrx_word' id='word_1_733' title='bbox 715 4907 865 4965; x_wconf 90' lang='lat' dir='ltr'><strong>sunt,</strong></span> <span class='ocrx_word' id='word_1_734' title='bbox 890 4901 988 4957; x_wconf 86' lang='lat' dir='ltr'><strong>sed</strong></span> <span class='ocrx_word' id='word_1_735' title='bbox 1022 4915 1246 4957; x_wconf 86' lang='lat' dir='ltr'><strong>currere</strong></span> <span class='ocrx_word' id='word_1_736' title='bbox 1273 4902 1341 4958; x_wconf 90' lang='lat' dir='ltr'><strong>ad</strong></span> <span class='ocrx_word' id='word_1_737' title='bbox 1368 4900 1536 4957; x_wconf 89' lang='lat' dir='ltr'><strong>Deum</strong></span> <span class='ocrx_word' id='word_1_738' title='bbox 1566 4918 1676 4957; x_wconf 92' lang='lat' dir='ltr'><strong>non</strong></span> <span class='ocrx_word' id='word_1_739' title='bbox 1699 4903 2049 4973; x_wconf 78' lang='lat' dir='ltr'><strong>prohibentur</strong></span> 
     </span>
    </p>
   </div>
   <div class='ocr_carea' id='block_1_98' title="bbox 2151 4892 3757 4973">
    <p class='ocr_par' dir='ltr' id='par_1_98' title="bbox 2187 4892 3757 4966">
     <span class='ocr_line' id='line_1_98' title="bbox 2187 4892 3757 4966; baseline 0.001 -17"><span class='ocrx_word' id='word_1_740' title='bbox 2187 4894 2453 4949; x_wconf 80' lang='grc' dir='ltr'>κωλύεται</span> <span class='ocrx_word' id='word_1_741' title='bbox 2479 4894 2713 4965; x_wconf 84' lang='grc' dir='ltr'>τρέχειν.</span> <span class='ocrx_word' id='word_1_742' title='bbox 2757 4893 2817 4945; x_wconf 91' lang='lat'><strong>&#39;0</strong></span> <span class='ocrx_word' id='word_1_743' title='bbox 2838 4892 3115 4964; x_wconf 81' lang='grc' dir='ltr'>ὀφθαλμὸς</span> <span class='ocrx_word' id='word_1_744' title='bbox 3136 4893 3395 4966; x_wconf 76' lang='grc' dir='ltr'>ἐξερρύη,</span> <span class='ocrx_word' id='word_1_745' title='bbox 3422 4895 3556 4948; x_wconf 79' lang='grc' dir='ltr'>ἀλλὰ</span> <span class='ocrx_word' id='word_1_746' title='bbox 3577 4896 3757 4966; x_wconf 81' lang='grc' dir='ltr'>βλέπει</span> 
     </span>
    </p>
   </div>
   <div class='ocr_carea' id='block_1_99' title="bbox 507 4983 2049 5071">
    <p class='ocr_par' dir='ltr' id='par_1_99' title="bbox 507 4987 2044 5056">
     <span class='ocr_line' id='line_1_99' title="bbox 507 4987 2044 5056; baseline 0.005 -13"><span class='ocrx_word' id='word_1_747' title='bbox 507 4987 688 5045; x_wconf 64' lang='lat' dir='ltr'><strong>Efﬂuit</strong></span> <span class='ocrx_word' id='word_1_748' title='bbox 719 4991 809 5044; x_wconf 81' lang='lat' dir='ltr'><strong>lux</strong></span> <span class='ocrx_word' id='word_1_749' title='bbox 839 4991 1120 5045; x_wconf 83' lang='lat' dir='ltr'><strong>oculorum</strong></span> <span class='ocrx_word' id='word_1_750' title='bbox 1142 5032 1158 5056; x_wconf 97' lang='lat'><strong>,</strong></span> <span class='ocrx_word' id='word_1_751' title='bbox 1198 4993 1294 5049; x_wconf 89' lang='lat' dir='ltr'><strong>sed</strong></span> <span class='ocrx_word' id='word_1_752' title='bbox 1322 4994 1505 5048; x_wconf 83' lang='lat' dir='ltr'><strong>animo</strong></span> <span class='ocrx_word' id='word_1_753' title='bbox 1548 5002 1780 5049; x_wconf 83' lang='lat' dir='ltr'><strong>cernunt</strong></span> <span class='ocrx_word' id='word_1_754' title='bbox 1816 4995 1906 5050; x_wconf 86' lang='lat' dir='ltr'><strong>illa</strong></span> <span class='ocrx_word' id='word_1_755' title='bbox 1939 4996 2044 5051; x_wconf 88' lang='lat' dir='ltr'><strong>bon</strong></span> 
     </span>
    </p>
   </div>
   <div class='ocr_carea' id='block_1_100' title="bbox 2151 4983 3759 5071">
    <p class='ocr_par' dir='ltr' id='par_1_100' title="bbox 2186 4983 3759 5071">
     <span class='ocr_line' id='line_1_100' title="bbox 2186 4983 3759 5071; baseline 0.002 -31"><span class='ocrx_word' id='word_1_756' title='bbox 2186 4986 2274 5041; x_wconf 79' lang='grc' dir='ltr'>διὰ</span> <span class='ocrx_word' id='word_1_757' title='bbox 2303 4986 2401 5071; x_wconf 65' lang='grc' dir='ltr'>τῆς</span> <span class='ocrx_word' id='word_1_758' title='bbox 2424 4986 2603 5056; x_wconf 81' lang='grc' dir='ltr'>ψυχῆς</span> <span class='ocrx_word' id='word_1_759' title='bbox 2627 4983 2697 5037; x_wconf 81' lang='grc' dir='ltr'>τὰ</span> <span class='ocrx_word' id='word_1_760' title='bbox 2737 4984 2919 5053; x_wconf 82' lang='grc' dir='ltr'>ἀγαθὰ</span> <span class='ocrx_word' id='word_1_761' title='bbox 2948 4984 3018 5039; x_wconf 83' lang='grc' dir='ltr'>τὰ</span> <span class='ocrx_word' id='word_1_762' title='bbox 3039 4985 3266 5041; x_wconf 82' lang='grc' dir='ltr'>ἀθέατα.</span> <span class='ocrx_word' id='word_1_763' title='bbox 3307 4988 3399 5058; x_wconf 81' lang='grc' dir='ltr'><strong>Μὴ</strong></span> <span class='ocrx_word' id='word_1_764' title='bbox 3442 4988 3621 5041; x_wconf 82' lang='grc' dir='ltr'>τοίνυν</span> <span class='ocrx_word' id='word_1_765' title='bbox 3667 4989 3759 5061; x_wconf 83' lang='grc' dir='ltr'>τὴν</span> 
     </span>
    </p>
   </div>
   <div class='ocr_carea' id='block_1_101' title="bbox 503 5075 2049 5155">
    <p class='ocr_par' dir='ltr' id='par_1_101' title="bbox 503 5084 2049 5155">
     <span class='ocr_line' id='line_1_101' title="bbox 503 5084 2049 5155; baseline 0.005 -19"><span class='ocrx_word' id='word_1_766' title='bbox 503 5098 631 5154; x_wconf 84' lang='lat' dir='ltr'><strong>quae</strong></span> <span class='ocrx_word' id='word_1_767' title='bbox 655 5085 940 5138; x_wconf 90' lang='lat' dir='ltr'><strong>oculorum</strong></span> <span class='ocrx_word' id='word_1_768' title='bbox 967 5084 1113 5139; x_wconf 91' lang='lat' dir='ltr'><strong>acies</strong></span> <span class='ocrx_word' id='word_1_769' title='bbox 1135 5085 1334 5141; x_wconf 87' lang='lat' dir='ltr'><strong>intueri</strong></span> <span class='ocrx_word' id='word_1_770' title='bbox 1356 5100 1464 5141; x_wconf 89' lang='lat' dir='ltr'><strong>non</strong></span> <span class='ocrx_word' id='word_1_771' title='bbox 1492 5095 1690 5155; x_wconf 90' lang='lat' dir='ltr'><strong>potest.</strong></span> <span class='ocrx_word' id='word_1_772' title='bbox 1721 5087 2049 5154; x_wconf 82' lang='lat' dir='ltr'><strong>Quamobret</strong></span> 
     </span>
    </p>
   </div>
   <div class='ocr_carea' id='block_1_102' title="bbox 2151 5075 3756 5155">
    <p class='ocr_par' dir='ltr' id='par_1_102' title="bbox 2189 5075 3756 5151">
     <span class='ocr_line' id='line_1_102' title="bbox 2189 5075 3756 5151; baseline -0.001 -18"><span class='ocrx_word' id='word_1_773' title='bbox 2189 5078 2464 5149; x_wconf 83' lang='grc' dir='ltr'>ἀμορφίαν</span> <span class='ocrx_word' id='word_1_774' title='bbox 2490 5075 2741 5131; x_wconf 85' lang='grc' dir='ltr'>κατανόει</span> <span class='ocrx_word' id='word_1_775' title='bbox 2777 5075 2870 5130; x_wconf 80' lang='grc' dir='ltr'>τοῦ</span> <span class='ocrx_word' id='word_1_776' title='bbox 2901 5076 3168 5147; x_wconf 83' lang='grc' dir='ltr'>σώματος.</span> <span class='ocrx_word' id='word_1_777' title='bbox 3204 5078 3416 5151; x_wconf 82' lang='grc' dir='ltr'>Μικρὸν</span> <span class='ocrx_word' id='word_1_778' title='bbox 3441 5079 3756 5150; x_wconf 50' lang='grc' dir='ltr'>ἀνάμεινον,</span> 
     </span>
    </p>
   </div>
   <div class='ocr_carea' id='block_1_103' title="bbox 506 5163 2049 5248">
    <p class='ocr_par' dir='ltr' id='par_1_103' title="bbox 506 5174 2049 5248">
     <span class='ocr_line' id='line_1_103' title="bbox 506 5174 2049 5248; baseline 0.002 -19"><span class='ocrx_word' id='word_1_779' title='bbox 506 5176 757 5245; x_wconf 80' lang='lat' dir='ltr'><strong>corporis</strong></span> <span class='ocrx_word' id='word_1_780' title='bbox 786 5174 1187 5231; x_wconf 82' lang='lat' dir='ltr'><strong>deformitatem</strong></span> <span class='ocrx_word' id='word_1_781' title='bbox 1217 5193 1286 5233; x_wconf 92' lang='lat' dir='ltr'><strong>ne</strong></span> <span class='ocrx_word' id='word_1_782' title='bbox 1317 5177 1612 5247; x_wconf 89' lang='lat' dir='ltr'><strong>despicias.</strong></span> <span class='ocrx_word' id='word_1_783' title='bbox 1658 5177 1959 5248; x_wconf 88' lang='lat' dir='ltr'><strong>Parumper</strong></span> <span class='ocrx_word' id='word_1_784' title='bbox 1992 5193 2049 5234; x_wconf 77' lang='lat' dir='ltr'><strong>es</strong></span> 
     </span>
    </p>
   </div>
   <div class='ocr_carea' id='block_1_104' title="bbox 2151 5163 3759 5248">
    <p class='ocr_par' dir='ltr' id='par_1_104' title="bbox 2189 5163 3759 5246">
     <span class='ocr_line' id='line_1_104' title="bbox 2189 5163 3759 5246; baseline 0.002 -21"><span class='ocrx_word' id='word_1_785' title='bbox 2189 5172 2286 5225; x_wconf 76' lang='grc' dir='ltr'>καὶ</span> <span class='ocrx_word' id='word_1_786' title='bbox 2305 5171 2424 5240; x_wconf 75' lang='grc' dir='ltr'>ὄψει</span> <span class='ocrx_word' id='word_1_787' title='bbox 2446 5170 2508 5223; x_wconf 86' lang='grc' dir='ltr'><strong>τὸ</strong></span> <span class='ocrx_word' id='word_1_788' title='bbox 2528 5169 2726 5234; x_wconf 89' lang='grc' dir='ltr'>παντὸς</span> <span class='ocrx_word' id='word_1_789' title='bbox 2750 5169 3027 5240; x_wconf 85' lang='grc' dir='ltr'>θαύματος</span> <span class='ocrx_word' id='word_1_790' title='bbox 3043 5163 3419 5243; x_wconf 75' lang='grc' dir='ltr'>ἀπιστότερον.</span> <span class='ocrx_word' id='word_1_791' title='bbox 3442 5173 3517 5226; x_wconf 69' lang='lat' dir='ltr'><strong>Uti</strong></span> <span class='ocrx_word' id='word_1_792' title='bbox 3539 5172 3648 5246; x_wconf 70' lang='grc' dir='ltr'>γὰρ</span> <span class='ocrx_word' id='word_1_793' title='bbox 3668 5174 3759 5228; x_wconf 75' lang='grc' dir='ltr'><strong>ὅσα</strong></span> 
     </span>
    </p>
   </div>
   <div class='ocr_carea' id='block_1_105' title="bbox 508 5260 2049 5336">
    <p class='ocr_par' dir='ltr' id='par_1_105' title="bbox 508 5266 2049 5336">
     <span class='ocr_line' id='line_1_105' title="bbox 508 5266 2049 5336; baseline 0 -18"><span class='ocrx_word' id='word_1_794' title='bbox 508 5274 716 5333; x_wconf 87' lang='lat' dir='ltr'><strong>specta,</strong></span> <span class='ocrx_word' id='word_1_795' title='bbox 749 5274 804 5320; x_wconf 90' lang='lat' dir='ltr'><strong>et</strong></span> <span class='ocrx_word' id='word_1_796' title='bbox 840 5267 986 5335; x_wconf 81' lang='lat' dir='ltr'><strong>quod</strong></span> <span class='ocrx_word' id='word_1_797' title='bbox 1025 5275 1246 5336; x_wconf 85' lang='lat' dir='ltr'><strong>superet</strong></span> <span class='ocrx_word' id='word_1_798' title='bbox 1288 5267 1469 5322; x_wconf 87' lang='lat' dir='ltr'><strong>omnis</strong></span> <span class='ocrx_word' id='word_1_799' title='bbox 1499 5266 1749 5322; x_wconf 89' lang='lat' dir='ltr'><strong>miraculi</strong></span> <span class='ocrx_word' id='word_1_800' title='bbox 1786 5266 1966 5328; x_wconf 76' lang='lat' dir='ltr'><strong>fidem,</strong></span> <span class='ocrx_word' id='word_1_801' title='bbox 2006 5266 2049 5319; x_wconf 78' lang='lat' dir='ltr'><strong>in</strong></span> 
     </span>
    </p>
   </div>
   <div class='ocr_carea' id='block_1_106' title="bbox 2151 5260 3760 5336">
    <p class='ocr_par' dir='ltr' id='par_1_106' title="bbox 2195 5260 3760 5334">
     <span class='ocr_line' id='line_1_106' title="bbox 2195 5260 3760 5334; baseline 0.001 -17"><span class='ocrx_word' id='word_1_802' title='bbox 2195 5262 2321 5334; x_wconf 73' lang='grc' dir='ltr'>περὶ</span> <span class='ocrx_word' id='word_1_803' title='bbox 2339 5261 2438 5331; x_wconf 84' lang='grc' dir='ltr'><strong>τὴν</strong></span> <span class='ocrx_word' id='word_1_804' title='bbox 2460 5260 2690 5332; x_wconf 80' lang='grc' dir='ltr'>ῥευστὴν</span> <span class='ocrx_word' id='word_1_805' title='bbox 2717 5261 2878 5331; x_wconf 80' lang='grc' dir='ltr'>φύσιν</span> <span class='ocrx_word' id='word_1_806' title='bbox 2907 5261 3244 5334; x_wconf 76' lang='grc' dir='ltr'>συμϐέϐηκε,</span> <span class='ocrx_word' id='word_1_807' title='bbox 3272 5264 3445 5318; x_wconf 79' lang='grc' dir='ltr'>ταῦτα</span> <span class='ocrx_word' id='word_1_808' title='bbox 3473 5268 3565 5319; x_wconf 73' lang='grc' dir='ltr'><strong>καὶ</strong></span> <span class='ocrx_word' id='word_1_809' title='bbox 3595 5268 3760 5319; x_wconf 69' lang='grc' dir='ltr'>εἰσαεὶ</span> 
     </span>
    </p>
   </div>
   <div class='ocr_carea' id='block_1_107' title="bbox 510 5353 2049 5433">
    <p class='ocr_par' dir='ltr' id='par_1_107' title="bbox 510 5354 2049 5428">
     <span class='ocr_line' id='line_1_107' title="bbox 510 5354 2049 5428; baseline 0.002 -22"><span class='ocrx_word' id='word_1_810' title='bbox 510 5354 777 5409; x_wconf 80' lang='lat' dir='ltr'><strong>tueberis.</strong></span> <span class='ocrx_word' id='word_1_811' title='bbox 810 5354 930 5409; x_wconf 76' lang='lat' dir='ltr'><strong>Non</strong></span> <span class='ocrx_word' id='word_1_812' title='bbox 957 5359 1101 5411; x_wconf 90' lang='lat' dir='ltr'><strong>enim</strong></span> <span class='ocrx_word' id='word_1_813' title='bbox 1130 5371 1471 5428; x_wconf 65' lang='lat' dir='ltr'><strong>quaecunque</strong></span> <span class='ocrx_word' id='word_1_814' title='bbox 1502 5359 1742 5412; x_wconf 67' lang='lat' dir='ltr'><strong>materiae</strong></span> <span class='ocrx_word' id='word_1_815' title='bbox 1769 5357 1927 5412; x_wconf 69' lang='lat' dir='ltr'><strong>nunc</strong></span> <span class='ocrx_word' id='word_1_816' title='bbox 1955 5371 2049 5412; x_wconf 84' lang='lat' dir='ltr'><strong>con</strong></span> 
     </span>
    </p>
   </div>
   <div class='ocr_carea' id='block_1_108' title="bbox 2151 5353 3759 5433">
    <p class='ocr_par' dir='ltr' id='par_1_108' title="bbox 2195 5353 3759 5433">
     <span class='ocr_line' id='line_1_108' title="bbox 2195 5353 3759 5433; baseline 0.003 -25"><span class='ocrx_word' id='word_1_817' title='bbox 2195 5353 2513 5425; x_wconf 83' lang='grc' dir='ltr'>παραμένει.</span> <span class='ocrx_word' id='word_1_818' title='bbox 2563 5353 2701 5406; x_wconf 82' lang='grc' dir='ltr'>Ἀλλ’</span> <span class='ocrx_word' id='word_1_819' title='bbox 2723 5354 2852 5407; x_wconf 84' lang='grc' dir='ltr'>ὅταν</span> <span class='ocrx_word' id='word_1_820' title='bbox 2876 5353 3212 5426; x_wconf 85' lang='grc' dir='ltr'>ἐλευθερωθῇ</span> <span class='ocrx_word' id='word_1_821' title='bbox 3237 5356 3339 5426; x_wconf 82' lang='grc' dir='ltr'>τῆς</span> <span class='ocrx_word' id='word_1_822' title='bbox 3359 5358 3494 5426; x_wconf 82' lang='grc' dir='ltr'>πρὸς</span> <span class='ocrx_word' id='word_1_823' title='bbox 3518 5358 3578 5411; x_wconf 85' lang='grc' dir='ltr'><strong>τὸ</strong></span> <span class='ocrx_word' id='word_1_824' title='bbox 3603 5358 3759 5433; x_wconf 80' lang='grc' dir='ltr'>φθαρ-</span> 
     </span>
    </p>
   </div>
   <div class='ocr_carea' id='block_1_109' title="bbox 508 5443 2049 5523">
    <p class='ocr_par' dir='ltr' id='par_1_109' title="bbox 508 5443 2049 5518">
     <span class='ocr_line' id='line_1_109' title="bbox 508 5443 2049 5518; baseline 0.005 -22"><span class='ocrx_word' id='word_1_825' title='bbox 508 5443 753 5513; x_wconf 86' lang='lat' dir='ltr'><strong>tingunt,</strong></span> <span class='ocrx_word' id='word_1_826' title='bbox 777 5445 966 5500; x_wconf 85' lang='lat' dir='ltr'><strong>eadem</strong></span> <span class='ocrx_word' id='word_1_827' title='bbox 995 5448 1049 5501; x_wconf 91' lang='lat' dir='ltr'><strong>in</strong></span> <span class='ocrx_word' id='word_1_828' title='bbox 1082 5458 1400 5518; x_wconf 86' lang='lat' dir='ltr'><strong>perpetuum</strong></span> <span class='ocrx_word' id='word_1_829' title='bbox 1438 5459 1692 5515; x_wconf 89' lang='lat' dir='ltr'><strong>manent;</strong></span> <span class='ocrx_word' id='word_1_830' title='bbox 1731 5449 1823 5504; x_wconf 88' lang='lat' dir='ltr'><strong>sed</strong></span> <span class='ocrx_word' id='word_1_831' title='bbox 1870 5447 2049 5518; x_wconf 88' lang='lat' dir='ltr'><strong>quand</strong></span> 
     </span>
    </p>
   </div>
   <div class='ocr_carea' id='block_1_110' title="bbox 2151 5443 3759 5523">
    <p class='ocr_par' dir='ltr' id='par_1_110' title="bbox 2196 5443 3759 5523">
     <span class='ocr_line' id='line_1_110' title="bbox 2196 5443 3759 5523; baseline 0.003 -25"><span class='ocrx_word' id='word_1_832' title='bbox 2196 5446 2286 5499; x_wconf 84' lang='grc' dir='ltr'><strong>τόν</strong></span> <span class='ocrx_word' id='word_1_833' title='bbox 2311 5462 2372 5497; x_wconf 86' lang='grc' dir='ltr'><strong>τε</strong></span> <span class='ocrx_word' id='word_1_834' title='bbox 2415 5445 2508 5498; x_wconf 72' lang='grc' dir='ltr'>καὶ</span> <span class='ocrx_word' id='word_1_835' title='bbox 2546 5445 2730 5515; x_wconf 83' lang='grc' dir='ltr'>γήϊνον</span> <span class='ocrx_word' id='word_1_836' title='bbox 2760 5443 3079 5515; x_wconf 83' lang='grc' dir='ltr'>συμπλοκῆς</span> <span class='ocrx_word' id='word_1_837' title='bbox 3119 5447 3152 5515; x_wconf 75' lang='grc' dir='ltr'><strong>ἡ</strong></span> <span class='ocrx_word' id='word_1_838' title='bbox 3191 5446 3357 5518; x_wconf 80' lang='grc' dir='ltr'>ψυχὴ,</span> <span class='ocrx_word' id='word_1_839' title='bbox 3382 5448 3504 5502; x_wconf 83' lang='grc' dir='ltr'>τότε</span> <span class='ocrx_word' id='word_1_840' title='bbox 3538 5448 3613 5520; x_wconf 83' lang='grc' dir='ltr'>τῷ</span> <span class='ocrx_word' id='word_1_841' title='bbox 3656 5450 3759 5523; x_wconf 82' lang='grc' dir='ltr'>ἰδίῳ</span> 
     </span>
    </p>
   </div>
   <div class='ocr_carea' id='block_1_111' title="bbox 510 5534 2049 5611">
    <p class='ocr_par' dir='ltr' id='par_1_111' title="bbox 510 5534 2049 5611">
     <span class='ocr_line' id='line_1_111' title="bbox 510 5534 2049 5611; baseline 0.003 -24"><span class='ocrx_word' id='word_1_842' title='bbox 510 5536 697 5588; x_wconf 79' lang='lat' dir='ltr'><strong>anima</strong></span> <span class='ocrx_word' id='word_1_843' title='bbox 722 5534 885 5603; x_wconf 85' lang='lat' dir='ltr'><strong>hujus</strong></span> <span class='ocrx_word' id='word_1_844' title='bbox 914 5538 1105 5594; x_wconf 81' lang='lat' dir='ltr'><strong>caduci</strong></span> <span class='ocrx_word' id='word_1_845' title='bbox 1137 5542 1448 5611; x_wconf 86' lang='lat' dir='ltr'><strong>terrenique</strong></span> <span class='ocrx_word' id='word_1_846' title='bbox 1467 5540 1710 5595; x_wconf 87' lang='lat' dir='ltr'><strong>carceris</strong></span> <span class='ocrx_word' id='word_1_847' title='bbox 1741 5555 1882 5596; x_wconf 75' lang='lat' dir='ltr'><strong>nexu</strong></span> <span class='ocrx_word' id='word_1_848' title='bbox 1912 5541 2049 5596; x_wconf 89' lang='lat' dir='ltr'><strong>solut</strong></span> 
     </span>
    </p>
   </div>
   <div class='ocr_carea' id='block_1_112' title="bbox 2151 5534 3760 5611">
    <p class='ocr_par' dir='ltr' id='par_1_112' title="bbox 2197 5536 3760 5609">
     <span class='ocr_line' id='line_1_112' title="bbox 2197 5536 3760 5609; baseline 0.002 -18"><span class='ocrx_word' id='word_1_849' title='bbox 2197 5536 2383 5591; x_wconf 79' lang='grc' dir='ltr'>κάλλει</span> <span class='ocrx_word' id='word_1_850' title='bbox 2425 5536 2800 5609; x_wconf 56' lang='grc' dir='ltr'>ἐνωραπεται.</span> <span class='ocrx_word' id='word_1_851' title='bbox 2847 5537 3158 5608; x_wconf 83' lang='grc' dir='ltr'>Τεκμήριον</span> <span class='ocrx_word' id='word_1_852' title='bbox 3194 5538 3281 5604; x_wconf 81' lang='grc' dir='ltr'><strong>δὲ,</strong></span> <span class='ocrx_word' id='word_1_853' title='bbox 3317 5539 3418 5593; x_wconf 82' lang='grc' dir='ltr'><strong>οὐκ</strong></span> <span class='ocrx_word' id='word_1_854' title='bbox 3458 5541 3760 5606; x_wconf 80' lang='grc' dir='ltr'>ἐϐδελύξατο</span> 
     </span>
    </p>
   </div>
   <div class='ocr_carea' id='block_1_113' title="bbox 510 5627 2049 5706">
    <p class='ocr_par' dir='ltr' id='par_1_113' title="bbox 510 5630 2046 5703">
     <span class='ocr_line' id='line_1_113' title="bbox 510 5630 2046 5703; baseline 0.002 -22"><span class='ocrx_word' id='word_1_855' title='bbox 510 5632 621 5689; x_wconf 81' lang='lat' dir='ltr'><strong>est,</strong></span> <span class='ocrx_word' id='word_1_856' title='bbox 658 5634 792 5678; x_wconf 85' lang='lat' dir='ltr'><strong>tunc</strong></span> <span class='ocrx_word' id='word_1_857' title='bbox 822 5630 1039 5694; x_wconf 86' lang='lat' dir='ltr'><strong>propria</strong></span> <span class='ocrx_word' id='word_1_858' title='bbox 1085 5632 1331 5700; x_wconf 85' lang='lat' dir='ltr'><strong>splendet</strong></span> <span class='ocrx_word' id='word_1_859' title='bbox 1373 5631 1801 5703; x_wconf 86' lang='lat' dir='ltr'><strong>pulchritudine.</strong></span> <span class='ocrx_word' id='word_1_860' title='bbox 1853 5630 1967 5685; x_wconf 76' lang='lat' dir='ltr'><strong>Hoc</strong></span> <span class='ocrx_word' id='word_1_861' title='bbox 1994 5647 2046 5684; x_wconf 82' lang='lat' dir='ltr'><strong>at</strong></span> 
     </span>
    </p>
   </div>
   <div class='ocr_carea' id='block_1_114' title="bbox 2151 5627 3760 5706">
    <p class='ocr_par' dir='ltr' id='par_1_114' title="bbox 2197 5627 3760 5706">
     <span class='ocr_line' id='line_1_114' title="bbox 2197 5627 3760 5706; baseline 0.001 -22"><span class='ocrx_word' id='word_1_862' title='bbox 2197 5630 2292 5685; x_wconf 78' lang='grc' dir='ltr'><strong>τοῦ</strong></span> <span class='ocrx_word' id='word_1_863' title='bbox 2318 5628 2533 5701; x_wconf 87' lang='grc' dir='ltr'>πτωχοῦ</span> <span class='ocrx_word' id='word_1_864' title='bbox 2561 5629 2659 5701; x_wconf 74' lang='grc' dir='ltr'>τὴν</span> <span class='ocrx_word' id='word_1_865' title='bbox 2686 5631 2842 5701; x_wconf 77' lang='grc' dir='ltr'>χεῖρα</span> <span class='ocrx_word' id='word_1_866' title='bbox 2872 5627 3009 5699; x_wconf 82' lang='grc' dir='ltr'>μετὰ</span> <span class='ocrx_word' id='word_1_867' title='bbox 3037 5629 3127 5682; x_wconf 82' lang='grc' dir='ltr'><strong>τὸν</strong></span> <span class='ocrx_word' id='word_1_868' title='bbox 3151 5628 3266 5700; x_wconf 79' lang='grc' dir='ltr'>βίον</span> <span class='ocrx_word' id='word_1_869' title='bbox 3289 5630 3476 5687; x_wconf 82' lang='grc' dir='ltr'>τοῦτον</span> <span class='ocrx_word' id='word_1_870' title='bbox 3505 5634 3532 5687; x_wconf 77' lang='grc' dir='ltr'><strong>ὁ</strong></span> <span class='ocrx_word' id='word_1_871' title='bbox 3569 5650 3760 5706; x_wconf 80' lang='grc' dir='ltr'>τρυφη-</span> 
     </span>
    </p>
   </div>
   <div class='ocr_carea' id='block_1_115' title="bbox 585 5805 2295 5885">
    <p class='ocr_par' dir='ltr' id='par_1_115' title="bbox 585 5805 2295 5885">
     <span class='ocr_line' id='line_1_115' title="bbox 585 5805 2295 5885; baseline 0.003 -20"><span class='ocrx_word' id='word_1_872' title='bbox 585 5809 632 5839; x_wconf 87' lang='lat'>&quot;</span> <span class='ocrx_word' id='word_1_873' title='bbox 688 5805 855 5858; x_wconf 67' lang='lat' dir='ltr'><strong>I‘YOV-</strong></span> <span class='ocrx_word' id='word_1_874' title='bbox 901 5821 1015 5869; x_wconf 72' lang='grc' dir='ltr'>ιιι.</span> <span class='ocrx_word' id='word_1_875' title='bbox 1044 5809 1128 5863; x_wconf 76' lang='grc'><strong>17.</strong></span> <span class='ocrx_word' id='word_1_876' title='bbox 1203 5816 1251 5849; x_wconf 81' lang='grc'><strong>’³</strong></span> <span class='ocrx_word' id='word_1_877' title='bbox 1284 5816 1473 5872; x_wconf 76' lang='lat' dir='ltr'><strong>Matth.</strong></span> <span class='ocrx_word' id='word_1_878' title='bbox 1509 5834 1588 5885; x_wconf 75' lang='lat' dir='ltr'><strong>st,</strong></span> <span class='ocrx_word' id='word_1_879' title='bbox 1622 5816 1714 5870; x_wconf 70' lang='lat'><strong>29.</strong></span> <span class='ocrx_word' id='word_1_880' title='bbox 1793 5817 1838 5849; x_wconf 75' lang='lat'>&quot;</span> <span class='ocrx_word' id='word_1_881' title='bbox 1888 5817 1931 5872; x_wconf 88' lang='lat' dir='ltr'><strong>ll</strong></span> <span class='ocrx_word' id='word_1_882' title='bbox 1964 5815 2090 5872; x_wconf 84' lang='lat' dir='ltr'><strong>Ger.</strong></span> <span class='ocrx_word' id='word_1_883' title='bbox 2133 5833 2211 5882; x_wconf 74' lang='lat' dir='ltr'><strong>ix.</strong></span> <span class='ocrx_word' id='word_1_884' title='bbox 2240 5813 2295 5870; x_wconf 81' lang='lat'><strong>6.</strong></span> 
     </span>
    </p>
   </div>
  </div>
