4026 6426
299 366 399 430 $85

1435 362 1524 418 DE
1561 360 1999 422 PAUPERIBUS
2026 362 2349 419 AMANDIS.

3454 362 3561 419 43ίῖ

297 486 394 556 τὴς
432 486 646 548 ἐκεῖνος
689 483 958 548 πλούσιος
989 484 1101 537 ἀλλ’
1127 484 1279 553 ἠξίου
1319 485 1569 554 γενέσθαι
1610 485 1759 556 αὑτῷ
1796 486 1886 539 τόν

2004 501 2097 541 .em
2129 487 2211 541 vel
2254 484 2381 541 inde
2423 485 2703 555 conjicito,
2735 482 2878 553 quod
2927 495 3049 553 p03t
3082 482 3221 537 hanc
3256 482 3419 536 vitam
3450 496 3562 536 non

300 593 429 630 ποτε
452 575 774 647 διεφθορότα
797 575 890 627 τοῦ
915 574 1126 645 πτωχοῦ
1148 574 1429 638 δάκτυλον,
1450 578 1549 647 τῆς
1569 576 1661 630 τοῦ
1689 575 1878 638 ὓδατος

296 668 560 737 σταγόνος
599 666 875 721 διάκονον·
918 666 1198 735 ἐπιθυμῶν
1231 660 1368 737 αὐτῇ
1414 670 1481 737 τῇ
1524 665 1745 740 γλώσσῃ
1782 666 1880 736 τὴν

300 760 429 829 περὶ
470 759 563 811 τὸν
606 757 867 811 δάκτυλον
909 756 1109 826 ἰκμάδα
1154 758 1247 810 τοῦ
1280 758 1498 828 πτωχοῦ
1554 756 1872 828 περιλάψαι·

299 852 401 904 οὐκ
434 849 501 904 ἂν
543 848 702 904 τοῦτο
753 849 1128 919 ἐπιθυμήσας,
1172 850 1220 902 ei
1267 849 1365 921 τὴν
1391 851 1456 902 ἐκ
1499 848 1594 902 τοῦ
1632 849 1883 921 σώματος

300 941 496 1014 ἀηδίαν
525 940 604 1012 τῷ
632 944 937 1013 χαρακτῆρι
972 941 1073 1010 τῆς
1097 940 1277 1011 ψυχῆς
1309 939 1535 1012 ἐνεώρα.
1573 942 1708 995 Ὅσα
1738 941 1884 1005 εἰκὸς

302 1031 367 1107 ἢν
402 1036 581 1105 μάτην
617 1032 932 1102 παλινῳδεῖν
975 1033 1033 1086 ἐν
1068 1035 1135 1103 τῇ
1187 1033 1455 1104 μεταϐολῇ
1502 1033 1596 1087 τοῦ
1646 1032 1760 1104 βίου
1794 1033 1884 1087 τὸν

301 1123 579 1177 πλούσιονο
615 1121 755 1176 πόσα
788 1121 1110 1193 μακαρίζειν
1129 1123 1223 1192 τῆς
1240 1124 1297 1175 ἐν
1322 1125 1386 1194 τῇ
1423 1122 1537 1194 ζωῇ
1567 1123 1738 1197 ταύτῃ
1760 1123 1884 1176 δυσ-

301 1215 536 1286 κληρίας
558 1214 649 1268 τὸν
676 1213 879 1282 πένητα
904 1230 919 1245 ·
951 1212 1093 1266 πόσα
1142 1215 1591 1284 καταμέμφεσθαι
1622 1215 1721 1286 τὴν
1762 1217 1888 1269 ἐαυ-

298 1305 396 1359 τοῦ
426 1305 603 1375 λῆξιν,
637 1305 713 1367 ὼς
742 1303 834 1356 ἐπὶ
871 1303 1026 1374 κακῷ
1053 1305 1149 1375 τῆς
1196 1304 1373 1374 ψυχῆς
1406 1305 1885 1378 ἀποκληρωθεῖσαν

298 1397 380 1469 τῷ
414 1397 630 1467 πλούτῳ
654 1413 668 1427 ·
699 1398 747 1450 εί
785 1396 841 1450 δὲ
883 1397 947 1467 δὴ
976 1391 1408 1451 καῖ’άναϐιῶναι
1447 1399 1608 1453 πάλιν
1639 1397 1785 1470 ἐξῆν,
1830 1400 1886 1452 ἐν

298 1492 446 1545 τίσιν
478 1490 544 1544 ἂν
573 1488 791 1554 ἐδέξατο
818 1489 978 1543 πάλιν
1006 1490 1292 1558 γενέσθαι;
1334 1485 1459 1561 Ἆρ’
1502 1493 1560 1545 ἐν
1600 1494 1712 1555 τοῖς
1746 1492 1887 1546 κατὰ

301 1583 394 1635 τὸν
421 1581 535 1650 βίον
554 1578 742 1632 τοῦτον
765 1576 1192 1649 εὐδαιμονοῦσιν,
1219 1577 1252 1647 ἦ
1278 1577 1705 1648 δυσκληροῦσιν;
1746 1578 1886 1632 Ἀλλ’

303 1674 403 1727 οὐκ
439 1672 633 1742 ἄδηλον
661 1671 743 1723 ὅτι
781 1670 1116 1741 προετίμησε
1167 1668 1275 1723 τῶν
1316 1669 1764 1742 δυσημεροῦντων
1797 1670 1886 1734 τὸν

302 1766 525 1835 κλῆρον.
586 1762 752 1828 Ἀξιοῖ
794 1763 899 1833 γάρ
933 1761 1181 1831 γενέσθαι
1217 1763 1458 1834 μηνυτὴν
1497 1766 1609 1826 τοῖς
1641 1763 1888 1832 ἀδελφοῖς

1983 577 2233 647 despexit
2279 577 2533 648 pauperis
2592 589 2813 630 manum
2860 575 3195 645 voluptarius
3248 574 3337 629 ille
3384 572 3560 636 dives,

1981 670 2116 740 quin
2163 670 2325 724 etiam
2374 668 2614 739 optavit,
2662 677 2742 731 ut,
2779 666 2870 738 qui
2904 667 3030 720 olim
3078 675 3369 735 corruptus
3420 673 3557 727 erat,

1985 761 2240 831 pauperis
2298 760 2534 831 digitus,
2588 759 2692 814 sibi
2740 774 2894 828 aquae
2940 766 3147 828 guttam
3202 760 3558 823 ministraret,

1986 852 2217 921 cupiens
2259 851 2376 921 ipsa
2412 850 2597 921 lingua
2643 848 2937 903 stillantem
2973 848 3141 918 ipsius
3190 848 3407 918 ligitum
3452 848 3562 902 cir-

1988 937 2445 1003 cumlambere",
2488 937 2543 992 id
2576 938 2894 1007 neutiquam
2927 935 3360 999 desideraturus,
3404 935 3450 990 si
3493 952 3562 991 es

1985 1044 2219 1100 corpore
2258 1028 2666 1100 provenicntem
2708 1028 2917 1081 tristem
2972 1026 3119 1079 illam
3166 1027 3561 1096 turpitudinem

1989 1124 2045 1178 in
2073 1124 2267 1178 anima:
2299 1136 2516 1192 quoque
2542 1119 2717 1173 forma
2749 1119 3146 1189 conspexisset.
3172 1117 3345 1183 Quam
3397 1118 3565 1174 multa

1986 1216 2043 1271 in
2073 1231 2135 1271 ea
2165 1216 2288 1270 vitae
2321 1213 2750 1268 commutatione
2788 1210 3083 1267 verisimile
3107 1218 3191 1263 est
3230 1210 3445 1266 divitem
3483 1226 3562 1265 re-

1989 1306 2281 1362 cantasse?
2323 1305 2497 1371 Quam
2546 1303 2735 1358 multis
2778 1302 3088 1356 nominibus
3117 1302 3334 1356 beatum
3375 1302 3567 1357 existi-

1988 1414 2171 1454 masse
2203 1410 2495 1468 pauperem
2543 1396 2695 1448 illum
2733 1404 2953 1464 prepter
3011 1394 3312 1465 angustias,
3363 1394 3561 1462 quibu.

1987 1503 2286 1560 oppressus
2315 1486 2492 1542 fuerat
2515 1485 2569 1539 in
2600 1486 2702 1538 hac
2737 1484 3052 1550 vita?Quot
3081 1484 3258 1538 modis
3287 1484 3566 1538 fortunam

1988 1597 2164 1645 suam,
2203 1580 2293 1635 cui
2336 1579 2393 1633 in
2425 1577 2722 1648 perniciem
2756 1578 2952 1631 anima:
2998 1576 3203 1631 divitiae
3263 1576 3402 1631 datae
3447 1576 3561 1630 fuee-

1988 1683 2134 1737 rant,
2184 1672 2530 1728 incusasse?
2603 1669 2759 1736 Quod
2816 1670 2859 1724 si
2916 1670 3245 1724 reviviscere
3293 1670 3562 1732 licuisset,

1991 1768 2251 1839 quidnam
2282 1766 2405 1820 data
2437 1765 2658 1835 optione
2682 1762 2855 1818 fuisse
2877 1762 3103 1816 creditis
3127 1761 3469 1815 eiecturum?
3504 1759 3565 1814 In

302 1857 367 1908 ἐκ
401 1853 512 1906 τῶν
545 1853 754 1925 νεκρῶν
791 1853 930 1907 τινά·
964 1854 1040 1917 ὡς
1068 1852 1133 1906 ἂν
1181 1854 1255 1925 μὴ
1295 1855 1535 1908 κάκεῖνοι
1573 1857 1639 1926 τῇ
1683 1856 1889 1927 ὑπερη-

2004 1838 2257 1912 eorumne
2298 1869 2419 1911 esse
2459 1868 2709 1917 numero,
2752 1853 2842 1922 qui
2887 1851 2940 1905 in
2979 1851 3080 1905 hae
3124 1852 3230 1905 vita
3264 1850 3408 1906 beati
3439 1866 3569 1905 cen-

302 1947 472 2018 φανίᾳ
509 1946 605 1999 τοῦ
642 1944 872 1999 πλούτου
903 1945 1207 2015 βλαϐέντες,
1250 1947 1308 1999 ἐν
1330 1948 1396 2018 τῇ
1424 1950 1601 2020 τρυφῇ
1632 1949 1729 2019 τῆς
1751 1966 1888 2021 cap-

303 2038 397 2101 κὸς
422 2038 517 2089 ἐπὶ
539 2036 598 2089 τὸ
622 2037 753 2089 αὐτὸ
773 2036 957 2106 χάσμα
982 2035 1074 2090 τοῦ
1104 2036 1231 2108 ᾇδου
1260 2037 1642 2109 κατενεχθῶσι,
1672 2038 1759 2091 διὰ
1790 2036 1888 2093 τοῦ

300 2128 448 2182 λείου
488 2129 589 2199 τῆς
621 2128 812 2205 ἡδονῆς
848 2127 1253 2199 ὀλισθήσαντες.
1294 2129 1361 2182 Τί
1407 2125 1499 2184 οὖν
1530 2130 1590 2183 οὐ
1624 2148 1892 2202 σωφρονι-

302 2221 514 2289 ζόμεθα
541 2223 653 2285 τοῖς
669 2220 929 2285 τοιούτοις
956 2219 1063 2273 τῶν
1083 2220 1435 2292 διηγημάτων
1459 2241 1474 2289 ;
1498 2223 1564 2276 Τί
1590 2223 1690 2277 οὐκ
1719 2224 1891 2295 ἐμπο-

303 2312 579 2384 ρευόμεθα
597 2312 694 2382 τὴν
709 2311 878 2381 καλὴν
902 2312 1191 2382 ἐμπορίαν,
1218 2314 1283 2384 ἣν
1314 2313 1669 2385 συμϐουλεύει
1695 2317 1724 2368 ό
1749 2315 1890 2380 θεῖος

314 2404 667 2466 ’Δπόστολοςς
704 2402 773 2457 Τὸ
813 2401 981 2471 ὑμῶν
1015 2404 1428 2473 περίσσευμα,
1474 2406 1660 2477 φησιν,
1687 2408 1776 2474 είς
1823 2407 1890 2462 τὸ

301 2496 557 2550 ἐκείνων
578 2493 889 2562 ὑστέρημα
911 2510 923 2523 ο
957 2493 1038 2560 ὠς
1069 2493 1147 2548 ἂν
1179 2493 1246 2549 τὸ
1281 2497 1580 2564 περισσὸν
1606 2497 1716 2567 τῆς
1741 2498 1894 2553 ἐκεί-

302 2604 430 2640 νων
478 2586 763 2651 ἀνέσεως,
817 2586 887 2638 ἐν
933 2585 1013 2651 τῷ
1052 2586 1203 2655 μετὰ
1227 2587 1415 2641 ταῦτα
1454 2589 1574 2653 βίῳ
1612 2591 1709 2644 καὶ
1749 2592 1893 2661 ὑμῖν

308 2678 459 2746 πρὸς
480 2677 783 2744 σωτηρίαν
814 2675 1146 2744 ἀρκέσειεν.
1178 2675 1242 2728 Εἰ
1272 2676 1448 2731 τοίνυν
1471 2678 1772 2751 βουλόμεθα
1792 2682 1892 2735 λα-

306 2769 425 2822 ϐεῖν
478 2786 534 2821 τι
574 2767 829 2838 χρηστὸν,
878 2767 1236 2837 προλαϐόντες
1277 2769 1670 2842 παράσχωμεν·
1705 2773 1753 2825 εἰ
1797 2773 1893 2825 ἀν-

305 2861 499 2932 εθῆναι
534 2860 673 2930 μετὰ
712 2859 917 2923 ταῦτα,
952 2861 1047 2915 νῦν
1075 2861 1508 2932 ἀναπαύσωμεψ
1549 2865 1598 2918 εί
1634 2862 1893 2938 δεχθῆναι

308 2952 443 3024 παρ’
475 2952 656 3007 αὐτῶν
688 2954 768 3016 εἰς
806 2953 903 3016 τὰς
930 2953 1180 3016 αἰωνίους
1234 2954 1459 3026 σκηνὰς,
1490 2955 1585 3010 νῦν
1610 2957 1808 3022 αὐτοὺς
1836 2958 1895 3013 ἐν

305 3048 427 3108 ταῖς
461 3046 756 3117 ἡμετέραις
785 3043 1236 3114 καταδεξὼμεθα³
1270 3046 1319 3098 εξ
1350 3046 1753 3118 θεραπευθῆναι
1789 3051 1897 3103 τῶν

310 3136 598 3208 ἁμαρτιῶν
630 3135 699 3190 τὰ
723 3135 1028 3208 τραύματα,
1057 3136 1215 3191 τοῦτο
1240 3139 1334 3192 καὶ
1359 3139 1510 3194 αὐτοὶ
1541 3143 1653 3205 τοῖς
1682 3141 1897 3213 σώμασι

309 3227 422 3281 τῶν
443 3225 844 3296 κεκακωμένων
867 3227 1200 3297 ποιήσωμεν.
1222 3228 1511 3299 Μακάριοι
1531 3231 1638 3303 γὰρ
1659 3234 1712 3286 οἱ
1737 3232 1903 3301 ἐλεή-

308 3334 496 3389 μονες
513 3359 529 3382 ,
570 3317 659 3371 ὅτι
683 3316 854 3371 αὐτοὶ
882 3317 1335 3386 ἐλεηθήσονται.

1991 1957 2198 2012 sentur,
2233 1963 2301 2002 an
2337 1947 2391 2001 in
2421 1961 2609 2001 eorum
2643 1946 2844 2015 potius,
2877 1943 2970 2015 qui
3004 1943 3189 1998 miseri
3220 1942 3572 2012 judicantur?

1988 2041 2107 2097 Non
2142 2048 2226 2098 est
2259 2040 2509 2104 dubium,
2544 2039 2676 2109 quin
2705 2037 3005 2092 infelicium
3040 2035 3415 2091 conditionem
3459 2035 3574 2089 fue-

1990 2139 2063 2188 rit
2091 2141 2452 2204 accepturus;
2485 2140 2605 2185 orat
2633 2130 2800 2192 enim,
2829 2134 2887 2182 ut
2915 2127 2982 2181 ad
3021 2127 3219 2182 fratres
3247 2127 3474 2180 nuntius
3504 2141 3573 2180 ex

1990 2227 2225 2282 mortuis
2259 2225 2506 2278 mittatur
2525 2222 2746 2291 aliquis,
2784 2235 2850 2274 ne
2884 2218 2987 2289 ipsi
3023 2234 3239 2289 quoque
3259 2217 3573 2272 divitiarum

1992 2318 2284 2390 splendore
2317 2318 2444 2373 elati
2481 2332 2545 2371 ac
2577 2315 2794 2378 tumidi,
2831 2322 2885 2368 et
2917 2320 3141 2382 propter
3172 2311 3443 2365 lubricum
3485 2325 3579 2363 vo-

1992 2409 2219 2481 luptatis
2246 2408 2509 2479 prolapsi,
2551 2406 2606 2460 in
2649 2405 2900 2461 eumdem
2936 2403 3134 2458 inferni
3168 2402 3378 2456 biatum
3412 2408 3578 2470 atque

1992 2501 2309 2571 voraginem
2337 2498 2718 2553 detrudantur.
2760 2495 2871 2550 Cur
2896 2494 3063 2565 igitur
3092 2491 3365 2562 ejusmodi
3398 2506 3580 2545 exem-

1995 2590 2101 2660 piis
2124 2588 2388 2643 admoniti
2420 2586 2659 2643 nondum
2688 2583 3101 2655 resipiscimus?
3125 2582 3235 2636 Cur
3258 2582 3580 2651 praeclarum

1992 2679 2130 2735 illud
2154 2678 2537 2750 negotiationis
2558 2692 2752 2748 genus,
2777 2684 2837 2729 ut
2861 2674 3101 2730 consulit
3128 2671 3444 2743 Apostolus,
3472 2685 3580 2723 non
3634 2734 3641 2747 .

1995 2770 2356 2829 exercemus?
2406 2768 2618 2833 Vestra,
2645 2766 2907 2836 inquit",
2939 2764 3091 2832 copia
3125 2779 3307 2817 eorum
3345 2762 3580 2829 inopiam
3634 2750 3643 2757 ’

1996 2872 2267 2926 sustentet,
2290 2871 2349 2916 ut
2380 2877 2561 2916 eorum
2595 2874 2713 2928 opes
2748 2858 2888 2911 inea
2925 2873 3042 2927 qua:
3082 2867 3195 2924 post
3226 2861 3474 2907 secutura
3505 2860 3583 2905 est

1998 2962 2127 3025 vita,
2158 2957 2301 3012 vobis
2353 2954 2421 3009 ad
2473 2954 2700 3009 salutent
2752 2949 3094 3019 opitulentur.
3140 2946 3195 3000 Si
3244 2944 3374 3015 quid
3419 2945 3577 3013 igitur

1996 3049 2351 3123 benignitatis
2398 3045 2682 3118 percipere
2719 3042 2993 3101 volumus,
3026 3038 3164 3092 bene
3198 3035 3457 3091 merendo
3490 3049 3587 3087 an-

1927 3171 1970 3230 c
2003 3153 2376 3205 tevertamus;
2408 3138 2453 3194 si
2483 3135 2725 3208 posthaec
2758 3132 2931 3196 relici,
2962 3146 3056 3185 eos
3091 3130 3147 3184 in
3175 3126 3468 3199 praesentia
3499 3140 3587 3178 re-

2009 3251 2290 3302 creemus;
2327 3232 2372 3288 si
2400 3229 2597 3286 abillis
2627 3227 2681 3281 in
2722 3231 2924 3279 aeterna
2954 3221 3123 3292 recipi
3156 3216 3590 3274 tabernacula".

2009 3347 2155 3387 nunc
2175 3344 2271 3385 eos
2311 3328 2364 3379 iu
2404 3331 2590 3379 nostra
2630 3317 3005 3387 recipiamus;
3047 3313 3092 3368 si
3125 3320 3473 3382 peccatorum
3502 3324 3593 3362 no-

311 3427 556 3470 slrorum
586 3415 808 3468 mlitem
844 3414 1024 3469 curari
1051 3456 1067 3480 ,
1118 3415 1333 3469 illorum
1384 3433 1677 3489 corporum
1720 3424 1892 3497 plagis
1932 3430 2074 3484 idem
2106 3435 2449 3496 praestemus.
2480 3414 2635 3471 Beati
2703 3413 2849 3469 enim
2893 3404 3282 3472 misericordes,
3346 3402 3591 3474 quoniam

314 3508 419 3576 ipsi
450 3505 866 3559 misericordiam
888 3506 1341 3575 consequentur".

400 3601 539 3655 Ἀλλ’
573 3601 702 3664 ἴσως
732 3602 848 3671 ἐρεῖ
876 3618 981 3664 τις,
1021 3601 1228 3673 ἀγαθὴν
1264 3603 1363 3673 μὲν
1396 3605 1476 3669 είς
1509 3604 1732 3678 ὕστερον
1765 3605 1904 3662 εἶναι

313 3695 420 3766 τὴν
447 3694 702 3765 ἐντολήνο
744 3693 864 3748 νυνὶ
893 3693 952 3766 δέ
991 3694 1273 3765 μετάδοσίν
1318 3713 1441 3750 τινα
1482 3698 1578 3753 καὶ
1623 3701 1906 3756 κοινωνίαν

314 3783 415 3837 τοῦ
443 3783 647 3846 πάθους
668 3781 1026 3836 διευλαϐεῖται
1049 3800 1063 3813 ’
1095 3783 1189 3837 καὶ
1214 3785 1304 3839 διὰ
1329 3786 1391 3839 τὸ
1415 3787 1489 3859 μὴ
1517 3788 1712 3844 παθεῖν
1728 3810 1779 3845 τι
1801 3792 1908 3846 τῶν

318 3874 655 3942 ἀϐουλήτων,
696 3873 915 3942 φεύγειν
944 3873 1111 3927 οῐεται
1146 3875 1341 3946 χρῆναι
1383 3876 1474 3934 τὸν
1505 3884 1909 3953 προσεγγισμδν

317 3965 432 4018 τῶν
458 3964 732 4018 τοιούτων.
759 3965 922 4033 Λόγοι
953 3966 1145 4033 ταῦτα,
1173 3967 1268 4020 καὶ
1298 3971 1618 4041 προφάσεις,
1652 3975 1746 4027 καὶ
1777 3976 1914 4029 πλά-

323 4072 510 4126 σματα
529 4095 543 4117 ,
576 4056 669 4107 καὶ
694 4057 793 4125 τῆς
832 4055 961 4127 περὶ
992 4057 1090 4118 τὰς
1115 4056 1334 4121 ἐντολὰς
1358 4057 1452 4111 τοῦ
1480 4059 1613 4114 Θεοῦ
1645 4062 1912 4134 ῥᾳθυμίας

323 4146 657 4217 εὐπρόσωπα
697 4162 817 4199 τινα
857 4146 1317 4217 προκαλύμματα.
1356 4148 1430 4201 Τὸ
1478 4150 1522 4202 δ’
1555 4150 1786 4221 ἀληθὲς,
1816 4155 1913 4222 οὐχ

322 4238 500 4302 οὕτως
528 4238 656 4308 ἔχει.
690 4238 877 4302 Οὐδεὶς
908 4238 1015 4308 γὰρ
1048 4237 1240 4291 ὕπεστι
1270 4239 1431 4308 φόϐος
1471 4244 1537 4311 τῇ
1566 4243 1666 4310 τῆς
1695 4242 1915 4313 ἐντολῆς

326 4331 580 4402 ἐργασίᾳ.
611 4330 814 4400 Μηδεὶς
849 4329 1003 4399 κακῷ
1025 4331 1084 4382 τὸ
1110 4330 1278 4384 κακὸν
1300 4330 1668 4401 θεραπευέτω.
1704 4334 1915 4397 Πόσους

324 4421 440 4492 γὰρ
466 4420 613 4475 ἐστιν
639 4421 765 4474 ἰδεῖν
793 4421 854 4472 ἐκ
882 4420 1131 4490 νεότητος
1153 4420 1246 4473 καλ⁸
1273 4421 1432 4492 μέχρι
1460 4423 1646 4493 γήρως
1674 4425 1793 4486 ταῖς
1825 4422 1913 4475 θε-

327 4513 587 4585 ραπείαις
635 4511 837 4566 τούτων
866 4510 1339 4581 ἀποσχολάζοντας
1364 4553 1378 4577 ,
1410 4513 1506 4567 καὶ
1545 4513 1697 4568 οὐδέν
1735 4532 1788 4568 τι
1815 4515 1912 4585 τῆς

2083 3603 2150 3653 At
2192 3596 2389 3666 aliquis
2428 3591 2665 3646 fortasse
2715 3587 2880 3648 dicet,
2918 3581 3050 3637 utile
3076 3579 3295 3650 quidem
3327 3581 3381 3635 in
3413 3589 3598 3650 poste-

2014 3707 2134 3749 rum
2163 3703 2287 3744 esse
2317 3682 2633 3739 mandatum
2670 3696 2690 3735 ι
2722 3676 2819 3733 sed
2853 3675 2960 3728 hoc
3010 3678 3257 3740 tempore
3296 3670 3399 3725 sibi
3444 3670 3596 3724 adhi-

2016 3782 2247 3839 bendam
2281 3792 2403 3833 esse
2433 3773 2767 3836 cautionem,
2810 3782 2880 3822 ne
2921 3763 3167 3836 ejusdem
3202 3762 3377 3817 morbi
3410 3770 3599 3817 conta-

2018 3877 2178 3948 gione
2212 3871 2638 3927 contaminetur.
2661 3862 2839 3931 Atque
2860 3859 2934 3913 ita
2960 3871 3029 3911 ne
3058 3854 3381 3910 temeritatis
3411 3868 3601 3924 poenas

2020 3945 2131 4032 det,
2165 3973 2220 4021 et
2242 3960 2450 4034 aliquid
2486 3970 2696 4020 eorum,
2733 3968 2853 4024 quae
2876 3950 3067 4014 nollet,
3103 3948 3455 4020 perpetiatur,
3495 3945 3601 4001 sibi

2014 4072 2204 4113 eorum
2238 4064 2596 4123 congressum
2620 4061 2683 4100 ac
2711 4041 3165 4100 consuetudinem
3198 4037 3474 4092 vitandam
3500 4052 3601 4106 pu-

2016 4158 2114 4204 tat.
2146 4147 2314 4217 Nugae
2331 4122 2468 4199 sunt
2501 4142 2604 4203 lue,
2653 4146 2706 4192 et
2731 4133 3118 4191 excusationes
3160 4129 3297 4183 ficta:
3343 4144 3406 4180 ac
3450 4142 3603 4180 eom-

2017 4239 2320 4298 mentitim,
2374 4234 2576 4305 quibus
2621 4228 2791 4283 veluti
2839 4222 3165 4295 quibusdam
3216 4219 3603 4289 integumentis

2016 4333 2213 4387 inertia
2244 4329 2311 4382 ad
2341 4320 2682 4380 conficienda
2715 4321 2972 4371 mandata
3006 4314 3099 4368 Dei
3136 4309 3457 4381 protegitur.
3484 4308 3603 4363 Non

2020 4430 2198 4477 autem
2232 4421 2306 4471 ita
2335 4432 2393 4471 se
2431 4430 2522 4468 res
2551 4410 2734 4465 liabet.
2767 4406 2959 4460 Nullus
2985 4405 3130 4459 enim
3168 4403 3223 4456 in
3254 4400 3607 4470 exsequendo

2019 4510 2277 4567 mandato
2299 4506 2461 4560 timor
2484 4502 2648 4555 inest.
2676 4496 2846 4551 Nemo
2870 4495 3013 4548 malo
3038 4493 3240 4564 malum
3267 4498 3443 4544 curet.
3463 4487 3605 4555 Quot

328 4605 475 4659 κατὰ
520 4603 678 4674 φύσιν
722 4604 936 4668 εὐεξίας
980 4602 1073 4657 τοῦ
1112 4601 1364 4673 σώματος
1391 4605 1478 4659 διά
1518 4607 1616 4678 τῆς
1662 4581 1901 4678 τοιαύτης

2018 4602 2165 4659 enim
2192 4597 2442 4653 homines
2479 4593 2605 4645 licet
2626 4589 2834 4652 videre,
2866 4585 2961 4656 qui
3006 4585 3116 4654 jam
3148 4583 3276 4638 inde
3308 4596 3336 4634 a
3375 4581 3606 4643 pueritia

330 4695 574 4765 σπουδῆς
606 4692 1076 4766 ἀμαυρώσανταςς
1126 4692 1262 4747 Οὑδέ
1295 4693 1404 4763 γὰρ
1431 4694 1576 4758 εἰκός
1613 4697 1729 4749 ἐστι
1762 4695 1915 4764 γενέ-

332 4786 468 4840 σθαι
499 4785 689 4841 ταῦτα.
731 4785 867 4838 Ἀλλ’
906 4785 1093 4854 ἐπειδή
1130 4802 1251 4838 τινα
1292 4785 1400 4837 τῶν
1436 4788 1779 4857 νοσημάτων,
1809 4782 1919 4841 οἷον

332 4880 393 4933 αἱ
422 4876 704 4947 λοιμώδεις
753 4877 1031 4948 ἐπιφοραὶ,
1066 4876 1159 4928 καὶ
1187 4876 1290 4929 ὅσα
1319 4875 1545 4930 τοιαῦτα
1577 4878 1678 4949 τῆς
1725 4875 1923 4942 ἔξωθεν

334 4970 519 5032 αἰτίας
544 4969 848 5041 ἠρτημένα,
886 4970 1012 5023 ὅταν
1051 4969 1116 5021 ἐκ
1151 4967 1446 5039 διαφθορᾶς
1474 4970 1633 5040 ἀέρος
1664 4969 1697 5040 ἢ
1731 4968 1924 5033 ὓδατος

336 5061 579 5132 γίνηται,
607 5060 822 5114 ὕποπτα
850 5063 962 5123 τοῖς
1002 5059 1213 5124 πολλοῖς
1252 5061 1417 5122 ἐστιν,
1454 5060 1529 5124 ὡς
1562 5062 1624 5113 ἐκ
1646 5060 1758 5113 τῶν
1792 5076 1925 5131 προ-

336 5152 658 5208 εαλωκότων
678 5152 772 5206 καὶ
792 5152 927 5222 πρὸς
940 5154 1063 5214 τοὺς
1084 5152 1543 5223 προσεγγίζοντας
1560 5150 1925 5218 διαϐαίνοντα,

338 5244 466 5299 οὐδὲ
503 5245 618 5297 ἐκεῖ
647 5242 742 5296 τοῦ
776 5241 1001 5306 πάθους,
1034 5243 1109 5306 ὡς
1159 5238 1341 5313 οἶμαι,
1376 5242 1453 5313 τῷ
1492 5241 1790 5310 ὑγιαίνοντι
1827 5242 1927 5314 τὴν

340 5335 657 5409 ἀρῤωστίαν
694 5339 759 5388 ἐκ
793 5335 1080 5397 διαδόσεως
1110 5332 1490 5405 ἐμποιοῦντος·
1521 5332 1654 5387 ἀλλὰ
1686 5333 1786 5404 τῆς
1815 5350 1927 5386 κοι-

341 5429 443 5499 νῆς
481 5428 747 5498 ἐπιφορᾶς
774 5427 870 5497 τὴν
898 5427 1189 5496 ὁμοιότητα
1227 5425 1320 5479 τοῦ
1360 5424 1794 5496 ὰρρωστήματος
1830 5426 1927 5477 ἐπ-

344 5517 608 5589 ειγούσης,
641 5517 798 5588 ἔσχεν
823 5517 998 5571 αἰτίαν
1043 5517 1075 5587 ἡ
1109 5517 1262 5580 νόσος
1290 5517 1356 5569 ἐκ
1378 5516 1487 5567 τῶν
1510 5515 1929 5585 προεαλωκότων

344 5610 440 5665 καὶ
481 5613 562 5675 είς
587 5610 714 5673 τοὺς
746 5609 961 5673 λοιποὺς
987 5606 1355 5671 διαϐαίνουσα.
1401 5606 1665 5660 Ἐνταῦθα
1698 5606 1754 5660 δὲ
1789 5605 1932 5658 ἐνδο-

2018 4694 2085 4750 ad
2109 4695 2284 4764 ipsam
2318 4701 2497 4758 usque
2543 4688 2884 4740 senectutem
2916 4692 3073 4732 suam
3117 4677 3170 4729 in
3212 4672 3479 4744 ejusmodi
3514 4687 3610 4724 cu»

2018 4763 2229 4841 ratione
2254 4795 2476 4851 operam
2507 4776 2869 4837 collocarunt,
2900 4784 3078 4839 neque
3111 4776 3289 4820 tamen
3324 4763 3392 4817 ob
3420 4765 3477 4816 id
3502 4773 3614 4817 stu-

2021 4876 2171 4930 dium
2211 4873 2354 4928 bona
2394 4872 2641 4941 ipsorum
2692 4862 2956 4919 habitudo
2998 4873 3290 4928 corporum
3338 4853 3604 4909 naturalis

2023 4977 2109 5023 est
2141 4966 2252 5020 ullo
2280 4962 2441 5017 modo
2468 4960 2613 5014 facta
2648 4954 2928 5013 deterior?
2968 4950 3157 5020 Neque
3188 4963 3317 5003 vero
3345 4947 3453 4998 ulla
3486 4959 3613 5013 pro-

2027 5059 2196 5115 babili
2242 5056 2457 5111 ratione
2500 5053 2554 5107 id
2612 5050 2728 5105 fieri
2770 5054 2969 5119 potest.
3026 5044 3293 5097 Caeterum
3350 5036 3611 5106 quoniam

2029 5145 2325 5218 aliquando
2355 5142 2584 5198 savium
2624 5138 2872 5210 quaedam
2928 5133 3243 5187 morborum
3288 5139 3509 5198 genera,
3553 5132 3612 5178 ut

2029 5215 2376 5305 pestilentiae,
2407 5237 2461 5285 et
2491 5228 2595 5282 alia
2636 5223 2930 5295 ejusmodi,
2964 5235 3086 5290 quae
3118 5234 3183 5272 ex
3214 5215 3397 5270 causis
3426 5220 3600 5267 exter-

2031 5330 2119 5384 nis
2159 5326 2415 5399 pendent,
2451 5336 2572 5393 qua:
2615 5320 2872 5375 videlicet
2916 5330 3042 5370 aere
3092 5324 3301 5383 aquave
3354 5316 3612 5376 corrupta

2034 5426 2398 5490 generantur;
2442 5416 2557 5470 haec
2581 5419 2761 5466 autem
2795 5418 3054 5479 tanquam
3079 5407 3148 5462 ab
3181 5404 3309 5469 illis,
3342 5399 3433 5471 qui
3464 5400 3617 5470 prius

2036 5509 2273 5578 correpti
2308 5514 2456 5570 sunt,
2483 5520 2576 5560 eos
2611 5503 2703 5575 qui
2742 5500 3203 5570 appropinquant,
3233 5492 3497 5548 invadant
3528 5502 3619 5545 at-

2040 5616 2145 5672 que
2174 5593 2554 5670 coinquinent,
2587 5594 2775 5648 multis
2813 5600 3071 5660 suspecta
3112 5594 3277 5643 sunt:
3301 5598 3616 5655 quanquam

422 5790 473 5822 "
530 5787 666 5844 Luc.
727 5802 837 5849 xw,
894 5785 959 5840 i9
997 5799 1119 5856 sqq.
1194 5785 1240 5816 ”
1282 5784 1320 5837 il
1371 5784 1497 5839 Cor.
1548 5797 1667 5848 vni,
1728 5781 1812 5837 14.
1867 5782 1911 5814 "
1988 5781 2122 5836 Luc.
2178 5794 2288 5842 τινι,
2326 5779 2384 5833 9.
2459 5777 2504 5807 ⁷⁸
2563 5773 2753 5829 Matth.
2820 5786 2875 5834 ν,
2930 5769 2962 5821 7
