4026 6486
443 369 546 426 437

1633 377 1692 432 S.
1745 373 2070 430 GREGORII
2127 372 2418 429 NYSSENl

3593 380 3703 441 £88

443 497 566 540 meo
593 483 810 556 quidem
841 484 1052 556 judicio
1102 502 1276 558 neque
1305 486 1518 545 affectio
1560 489 1650 544 illa
1691 505 1758 543 ex
1800 505 2024 544 succes-

2134 487 2216 540 θεν
2267 488 2662 557 συνισταμένης
2708 487 2806 559 τῆς
2846 485 2938 541 τοῦ
2984 486 3226 540 τοιούτου
3269 488 3473 554 πάθους
3529 509 3706 548 κατα-

444 578 599 631 sione
654 576 805 632 sanis
856 579 1109 634 morbum
1165 580 1516 652 dispertitur,
1575 580 1669 635 sed
1715 579 2024 634 communis

447 665 767 736 pestilentiae
813 668 1020 722 saevitia
1081 668 1255 724 morbi
1306 669 1718 724 similitudinem
1767 667 2027 722 aﬂ‘erente

444 759 668 814 morbus
699 759 826 814 inde
866 771 1160 831 generatus
1204 770 1311 824 est,
1344 770 1399 816 et
1449 761 1517 816 ab
1561 760 1670 815 illis
1717 759 1811 830 qui
1863 758 2023 828 primi

443 849 678 917 correpti
720 857 852 903 sunt
881 848 948 903 ad
984 851 1228 922 reliquos
1265 851 1486 920 serpsit.
1532 849 1603 903 At
1639 847 1727 902 hic
1765 847 2024 918 quoniam

447 937 754 996 all‘ectionis
786 943 868 997 vis
909 942 1058 997 intus
1095 943 1436 997 contrahitur
1468 949 1522 998 et
1557 939 1838 1006 consistit,
1875 947 1930 996 et
1960 955 2024 996 ex

446 1029 785 1086 tabiﬁcorum
843 1033 1130 1088 humerum
1208 1034 1564 1104 permistione
1623 1031 2028 1104 quodammodo

451 1121 679 1189 sanguis
718 1124 1105 1194 corrumpitur,
1136 1125 1188 1178 in
1231 1132 1531 1195 zegrotante
1573 1125 1749 1180 solum
1776 1123 1944 1178 haeret
1974 1128 2031 1178 et

455 1215 922 1270 circumscribitur
951 1214 1182 1270 aﬂectio.
1245 1213 1360 1270 Hoc
1387 1223 1569 1272 autem
1599 1217 1679 1272 sic
1709 1215 1932 1277 habere,
1961 1213 2028 1269 il-

451 1301 546 1356 lud
583 1300 843 1357 indicium
895 1306 986 1359 sit.
1050 1305 1152 1370 Qui
1203 1307 1398 1362 morbo
1444 1305 1718 1370 laborant,
1751 1304 2032 1375 aliquidue

453 1395 694 1451 melioris
731 1396 1068 1452 habitudinis
1101 1397 1394 1468 acquirunt
1441 1413 1505 1454 ex
1548 1397 1952 1454 consuetudine
1976 1403 2031 1451 et

452 1485 820 1542 familiaritate
859 1504 1075 1554 eorum,
1111 1492 1204 1560 qui
1237 1490 1522 1546 commoda
1548 1489 1801 1546 feruntur
1829 1488 2033 1544 valetu-

449 1577 598 1642 dine,
633 1581 884 1649 quamvis
913 1589 1178 1638 curentur
1209 1583 1279 1637 ab
1299 1583 1380 1638 eis
1403 1580 1858 1652 diligentissime?
1886 1576 2032 1634 Nihil

449 1671 696 1725 omnino.
755 1669 848 1726 Sic
895 1672 1062 1742 igitur
1094 1688 1125 1728 e
1173 1673 1454 1728 contrario
1505 1671 1619 1726 ﬁeri
1662 1685 1761 1741 par
1813 1681 1930 1733 est,
1973 1677 2032 1722 ut

453 1761 588 1816 nihil
619 1776 683 1816 ex
713 1763 1108 1834 aigrotantibus
1142 1765 1210 1819 ad
1241 1771 1390 1819 recte
1427 1763 1671 1818 valentes
1699 1757 2032 1816 incommodi

2127 579 2352 648 σκευῆς,
2386 578 2477 632 καί
2505 597 2624 633 τινα
2663 579 2757 632 τοῦ
2787 580 3019 650 αἵματος
3059 581 3122 632 ἐκ
3168 581 3266 650 τῆς
3311 582 3710 654 παρεγχύσεως

2125 671 2232 724 τῶν
2265 671 2601 743 φθοροποιῶν
2642 670 2830 741 χυμῶν
2875 669 3169 741 διαφθοράν
3212 671 3607 742 ὑπομένοντος,
3645 678 3706 730 ὲν

2127 760 2204 831 τῷ
2232 762 2490 832 κάμνοντι
2532 760 2592 814 τὸ
2625 759 2794 824 πάθος
2843 758 3243 833 περιορίζεται·
3285 763 3379 816 καὶ
3419 765 3502 818 ὅτι
3534 765 3711 822 ταῦτα

2128 851 2300 916 οὕτως
2333 851 2471 923 ἔχει,
2502 852 2733 923 πάρεστι
2775 852 2869 906 καὶ
2903 852 3012 907 ἀπὸ
3040 854 3229 909 τούτου
3262 856 3473 928 μαθεῖν.
3498 859 3592 930 Μή
3623 874 3711 922 τις

2127 945 2237 1000 ἀπὸ
2267 945 2375 998 τῶν
2413 943 2773 999 εὐεκτούντων
2809 944 2922 1008 τοῖς
2952 945 3292 1017 ἀρρωστοῦσι
3329 948 3585 1002 κοινωνία
3609 949 3712 1020 τῆς

2130 1034 2437 1108 κρείττονος
2474 1034 2640 1098 ἕξεως
2684 1033 2923 1102 γίνεται,
2966 1035 3069 1089 κᾶν
3115 1037 3323 1110 σφόδρα
3361 1038 3611 1111 λιπαρῶς
3639 1044 3709 1113 τῇ

2131 1125 2394 1197 θεραπείᾳ
2423 1124 2834 1196 προσμένωσιν;
2869 1126 2984 1180 Οὐκ
3013 1125 3129 1180 ἔστι
3169 1129 3362 1184 ταῦτα.
3397 1131 3585 1196 Οὐτως
3613 1129 3713 1186 οὖν

2130 1215 2277 1278 εἰκὸς
2305 1215 2400 1269 καὶ
2443 1214 2506 1267 τὸ
2552 1213 2805 1285 ἔμπαλιν,
2856 1215 2990 1286 μηδὲ
3034 1217 3142 1271 ἀπὺ
3186 1218 3297 1273 τῶν
3339 1219 3713 1277 ἀσθενούντων

2132 1305 2267 1377 πρὸς
2318 1307 2444 1370 τοὺς
2490 1307 2846 1372 εὐεκτοῦντας
2892 1308 3234 1378 μεταϐαίνειν
3285 1311 3348 1365 τὸ
3397 1311 3589 1378 πάθος.
3647 1313 3714 1367 Et

2129 1396 2309 1450 τοίνυν
2354 1396 2415 1450 τὸ
2466 1395 2566 1468 μὲν
2605 1397 2793 1468 κέρδος
2835 1397 2934 1468 τῆς
2979 1399 3200 1472 ἐντολῆς
3241 1402 3514 1468 τοσοῦτον,
3565 1402 3712 1458 ὥστε

2133 1486 2412 1558 βασιλείαν
2440 1487 2684 1560 οὐρανῶν
2710 1489 2776 1542 δι’
2805 1491 2974 1562 αὐτῆς
3006 1493 3387 1563 ἑτοιμάζεσθαι
3410 1535 3426 1561 ,
3457 1493 3636 1566 ζημία
3655 1494 3713 1550 ὦ

2134 1577 2422 1646 πρόσεστιν
2451 1579 2632 1642 αὐτοῖς
2652 1579 2880 1651 οὐδεμία
2910 1581 2988 1653 τῷ
3014 1581 3226 1654 σώματι
3247 1585 3340 1638 τοῦ
3373 1585 3710 1657 θεραπεύον-

2132 1683 2252 1732 τος·
2286 1667 2340 1722 τί
2362 1667 2424 1721 τὸ
2453 1667 2660 1723 κωλύον
2687 1670 2806 1724 ἐστὶ
2833 1671 3038 1738 λοιπὸν,
3069 1673 3290 1745 ἐνεργὸν
3315 1671 3456 1730 εἶναι
3487 1675 3590 1748 τὴν
3628 1678 3714 1731 ἐνο

2132 1760 2290 1831 τολὴν
2318 1759 2419 1830 τῆς
2444 1759 2694 1832 ἀγάπηςς

454 1853 752 1922 perveniat.
802 1853 1002 1921 Quare,
1041 1871 1165 1910 cum
1205 1863 1355 1910 tanta
1385 1853 1628 1909 mandati
1680 1853 1892 1908 utilitas
1935 1850 2023 1914 sit,
2067 1857 2127 1904 ut
2160 1853 2286 1906 inde
2306 1867 2534 1920 regnum
2569 1852 2832 1908 cmlorum
2863 1863 3248 1925 comparetur;
3284 1855 3338 1910 in
3399 1871 3466 1912 eo
3529 1867 3716 1914 autem

453 1947 760 2002 exercendo
783 1948 992 2002 nullum
1025 1948 1355 2019 periculum,
1387 1959 1446 2002 ut
1473 1961 1676 2017 corpus
1709 1943 2022 2002 detrimenti
2061 1943 2358 2014 quidquam
2391 1943 2646 2015 accipiat,
2688 1945 2822 2014 quid
2881 1946 3276 2016 impedimento
3319 1955 3424 2011 est,
3495 1949 3716 2018 quomi-

453 2050 558 2092 nus
599 2037 776 2106 ipsum
807 2038 1090 2095 charitatis
1131 2039 1446 2094 mandatum
1469 2037 1788 2094 excolatur?

522 2127 768 2193 Diilicile,
803 2139 856 2185 et
891 2133 1070 2202 magni
1109 2133 1312 2188 laboris
1339 2141 1444 2198 est,
1489 2133 1726 2202 inquies,
1757 2139 1817 2187 ut
1850 2128 2026 2186 homi-
2059 2130 2104 2190 Β

451 2231 550 2273 nos
591 2218 657 2272 ad
705 2219 839 2282 lucc,
889 2235 918 2274 a
958 2222 1158 2290 quibus
1214 2223 1539 2278 naturaliter
1585 2231 1639 2278 et
1679 2220 2029 2276 instinctione

452 2311 684 2378 quadam
732 2311 900 2366 animi
941 2313 1254 2377 abhorrent,
1284 2311 1660 2384 amplectenda
1705 2309 2030 2382 pertrahan-

452 2405 562 2454 tur.
597 2399 764 2465 Belle,
816 2403 1079 2458 rationem
1129 2403 1382 2468 admitto,
1419 2413 1472 2459 et
1524 2404 1862 2460 laboriosum
1906 2416 2030 2458 esse

454 2493 738 2548 confiteor.
775 2491 977 2548 Verum
1029 2495 1288 2564 quidnam
1319 2510 1509 2550 eorum
1543 2509 1665 2566 quae
1718 2511 1787 2550 ex
1823 2495 2028 2549 virtute

456 2585 836 2656 perﬁciuntur,
890 2602 922 2640 a
956 2586 1140 2642 labore
1178 2601 1411 2640 vacuum
1447 2586 1745 2641 ostendes?
1789 2584 2030 2640 Sudores

453 2683 510 2730 et
533 2675 750 2732 labores
783 2677 984 2733 multos
1013 2692 1196 2732 rerum
1231 2677 1535 2733 caelestium
1573 2678 1688 2747 spei
1730 2677 1817 2732 lex
1849 2674 2032 2732 divina

457 2767 784 2837 proposuit,
835 2769 1173 2840 arduamque
1218 2767 1286 2824 ad
1343 2769 1508 2823 vitam
1548 2769 1840 2823 ducentem
1887 2767 2031 2821 viam

458 2857 770 2913 hominibus
799 2859 1216 2926 demonstravit,
1243 2875 1473 2931 eamque
1496 2859 1946 2914 laboriosissimis
1965 2872 2030 2912 ac

455 2944 789 3002 dilﬂcillimis
831 2948 1140 3020 quibusque
1182 2950 1530 3004 documentis
1561 2954 1893 3019 peranguste
1943 2961 2031 3002 re-

457 3032 690 3090 t‘erciens
717 3036 958 3106 undique
985 3037 1304 3093 coarctavit.
1327 3041 1568 3108 Angusta
1591 3036 1731 3090 enim
1748 3047 1828 3090 est
1853 3045 2028 3105 porta,

457 3133 510 3178 et
534 3133 706 3190 arcta,
740 3125 916 3196 inquit
941 3167 956 3190 ,
984 3137 1060 3182 est
1095 3128 1180 3181 uia
1213 3145 1328 3200 qua:
1355 3128 1498 3182 ducit
1522 3127 1590 3182 ad
1615 3127 1852 3182 vitam".
1889 3125 2032 3193 Quid

455 3216 622 3287 ergo?
650 3217 876 3272 Illamne
905 3221 1101 3276 summi
1134 3219 1260 3274 boni
1290 3235 1442 3291 spem
1484 3219 1690 3274 idcirco
1716 3226 2034 3274 contemne-

459 3324 603 3375 mus,
635 3307 780 3379 quod
810 3310 876 3364 ad
899 3309 1030 3364 illud
1064 3311 1276 3381 ignavis
1295 3323 1349 3368 et
1370 3310 1638 3367 inertibus
1660 3310 1903 3380 aspirare
1924 3324 2033 3364 non

457 3401 620 3456 licet?
650 3403 1052 3472 lnterrogemus
1076 3403 1474 3470 adolescentes,
1499 3411 1680 3458 utrum
1704 3402 2033 3458 laboriosius

459 3493 552 3557 sit,
595 3492 800 3558 sobrie,
841 3499 990 3548 caste
1033 3505 1088 3552 et
1157 3495 1502 3552 continenter
1559 3495 1762 3563 vivere,
1815 3510 1886 3552 an
1941 3511 2032 3553 re-

458 3583 642 3638 laxare
673 3583 913 3641 habenas
958 3584 1268 3654 cupiditati,
1295 3593 1350 3641 et
1383 3587 1562 3642 solute
1602 3601 1667 3642 ac
1700 3587 1870 3642 libere
1899 3601 2034 3642 con-

457 3677 678 3746 quisitis
705 3677 948 3749 undique
983 3677 1363 3748 voluptatibus
1395 3677 1540 3747 frui;
1585 3685 1640 3734 et
1685 3679 1800 3736 haec
1832 3695 1902 3734 an
1940 3680 2034 3734 illa

459 3768 673 3822 vivendi
712 3768 854 3822 ratio
899 3769 1140 3832 suavior,
1177 3778 1232 3824 et
1269 3770 1444 3842 magis
1484 3769 1725 3840 optanda
1765 3769 2032 3826 videatur.

459 3854 600 3923 Quid
631 3857 734 3926 ipsi
773 3859 883 3912 sint
913 3859 1234 3928 responsuri
1279 3859 1486 3914 nemini
1529 3858 1754 3914 dubium
1785 3867 1890 3916 est.
1924 3858 2034 3916 Nos

459 3961 590 4016 ergo
632 3957 916 4017 propterea
959 3949 1050 4012 id,
1099 3949 1246 4019 quod
1292 3948 1598 4018 jucundum
1649 3957 1704 4004 et
1751 3949 1912 4006 facile
1951 3958 2035 4006 est

461 4038 924 4105 complectemur;
975 4039 1175 4094 virtute
1200 4047 1404 4103 autem,
1438 4039 1584 4110 quod
1611 4029 1844 4096 didicilis
1883 4040 2037 4096 labo-

463 4121 720 4198 riosaque
754 4129 818 4184 sit
841 4169 855 4191 ,
903 4146 998 4200 per
1039 4130 1310 4202 ignaviam
1347 4131 1714 4187 deiiciemus?
1759 4131 1926 4202 Atqui
1960 4131 2038 4187 illi

461 4221 554 4292 qui
595 4221 720 4275 vitae
749 4222 894 4292 leges
945 4222 1087 4286 tulit,
1134 4223 1236 4278 ista
1287 4236 1396 4277 non
1439 4223 1759 4292 probantur.
1804 4223 2040 4280 Proinde

461 4314 707 4384 spatiosa
748 4315 838 4368 illa
869 4315 1126 4371 deorsum
1165 4317 1228 4371 ad
1261 4317 1554 4387 perniciem
1591 4319 1848 4374 tendente
1877 4319 2036 4374 nobis

463 4404 752 4461 interdicta
787 4408 893 4460 via.
946 4406 1171 4472 Intrate,
1209 4409 1406 4480 inquit,
1435 4425 1528 4478 per
1556 4422 1837 4480 angustam
1871 4419 1922 4464 et
1947 4427 2039 4464 ar-

467 4503 604 4549 ctam
628 4506 856 4564 partam.
903 4499 1082 4555 Unum
1127 4501 1292 4570 igitur
1335 4517 1398 4556 ex
1450 4501 1556 4556 illis
1594 4503 1883 4571 institutis,
1918 4517 2039 4572 qua

463 4593 614 4640 recte
645 4601 742 4656 per
785 4587 1024 4642 laborem
1049 4600 1393 4656 exercentur,
1421 4599 1474 4644 et
1512 4591 1616 4646 hoc
1637 4593 2034 4660 existimemus,

365 4757 370 4763 ~
465 4685 523 4732 ut
557 4677 821 4746 rejectum
871 4680 1036 4732 evita
1081 4689 1242 4749 atque
1292 4682 1564 4736 exoletum
1614 4685 1927 4739 mandatum
1981 4685 2038 4740 in

459 4767 915 4823 consuetudinem
958 4770 1298 4833 inducamus,
1343 4779 1398 4827 et
1441 4773 1744 4828 naturalem
1779 4775 2037 4831 odensioc

463 4875 608 4922 nem,
647 4867 811 4929 atque
844 4858 1122 4914 fastidium
1161 4861 1350 4926 animi,
1396 4877 1504 4932 quo
1539 4861 1607 4916 ab
1649 4861 1740 4920 illo
1767 4865 2036 4922 abhorre-

461 4967 605 5018 mus,
639 4952 1046 5008 exercitationis
1079 4953 1400 5009 assiduitate
1441 4955 1733 5020 leniamus,
1763 4965 1818 5013 et
1845 4974 2034 5016 emen-

461 5043 676 5099 demus.
713 5041 904 5113 Magna
931 5044 1075 5098 enim
1107 5053 1192 5099 est
1213 5046 1627 5102 consuetudinis
1659 5049 1760 5113 vis,
1789 5057 1841 5104 et
1875 5052 2037 5106 rebus

460 5137 622 5190 etiam
675 5133 1074 5190 diliicilioribus
1143 5137 1282 5192 solet
1344 5136 1679 5207 voluptatem
1741 5142 2034 5210 quamdam

461 5241 770 5300 aspergere.
805 5227 1165 5294 Quamobrem
1196 5245 1265 5283 ne
1296 5230 1419 5300 quis
1451 5231 1686 5300 amplius
1719 5232 2034 5288 mandatum

461 5334 584 5375 esse
613 5317 826 5374 didicile
875 5333 938 5374 ac
993 5320 1328 5375 laboriosum
1380 5321 1649 5390 objiciat;
1711 5337 1802 5378 scu
1855 5326 2034 5395 potius

461 5423 652 5464 omnes
689 5411 820 5464 utile
855 5426 920 5466 ac
958 5409 1298 5468 fructuOsum
1344 5413 1475 5469 illud
1524 5422 1673 5470 recte
1703 5416 2034 5474 oleuntibus

463 5494 756 5551 iateantur.
805 5499 868 5552 Et
917 5503 1173 5570 quoniam
1230 5515 1454 5574 apparet
1501 5505 1638 5558 lucri
1689 5506 2030 5574 inaguitudo,

467 5584 620 5642 labor
643 5589 820 5644 omnis
848 5590 1100 5648 alacriter
1132 5576 1483 5664 suscipiatur.
1526 5593 1657 5650 Nam
1688 5595 1831 5664 quod
1880 5597 2031 5666 prin-

538 5758 582 5789 ‘"
626 5761 819 5818 Matth.
853 5779 951 5829 vn,
995 5765 1060 5820 Η
1103 5786 1224 5838 sqq.
1286 5766 1296 5775 '

2217 2125 2354 2178 Ἀλλ’
2387 2125 2638 2178 ἐπίπονον
2669 2125 2847 2195 λέγεις
2883 2119 3022 2178 εἶναι
3051 2126 3112 2179 τὸ
3139 2125 3430 2206 βιάσασθαι
3468 2135 3714 2200 φυσικῶς

2129 2217 2199 2271 τὰ
2230 2215 2456 2270 τοιαῦτα
2485 2217 2895 2288 μυσαττομένην
2919 2217 3026 2270 τῶν
3059 2217 3268 2271 πολλῶν
3297 2219 3395 2290 τὴν
3425 2219 3572 2288 ἓξιν;
3609 2227 3718 2279 Κα-

2129 2309 2268 2371 λῶς”
2304 2307 2622 2379 συντίθεμαι
2663 2308 2742 2380 τῷ
2772 2308 2944 2380 λόγῳ,·
2967 2309 3048 2363 ὅτι
3084 2309 3360 2365 ἐπίπονον.
3404 2313 3470 2366 Τί
3497 2313 3557 2367 δὲ
3586 2315 3719 2372 ἄλλο

2127 2399 2238 2452 τῶν
2267 2399 2386 2450 κατ’
2418 2399 2618 2470 ἀρετὴν
2645 2398 2978 2469 τελουμένων
3001 2399 3199 2452 ἄπονον
3224 2397 3455 2468 δείξεις;
3487 2402 3720 2468 πολλοὺς

2133 2489 2361 2564 ἱδρῶτας
2379 2491 2472 2544 καὶ
2489 2489 2680 2554 πόνους
2713 2487 2824 2543 τῶν
2851 2491 3116 2562 οὐρανίων
3149 2491 3378 2546 ἐλπίδων
3415 2495 3719 2564 προσέταξε

2133 2582 2314 2654 νόμος,
2345 2581 2440 2634 καὶ
2471 2579 2838 2652 δυσπόρευτον
2877 2579 2974 2651 τὴν
3013 2581 3106 2634 ἐπὶ
3141 2581 3240 2650 τὴν
3275 2579 3420 2654 ζωὴν
3453 2583 3571 2637 ὁδὸν
3602 2587 3718 2648 τοῖς

2131 2671 2440 2747 ἀνθρώποις
2481 2671 2749 2738 ὑπέδειξε,
2791 2671 2904 2735 τοῖς
2935 2672 3213 2734 ἐπιπόνοις
3240 2674 3335 2726 καὶ
3358 2674 3719 2746 τραχυτέροις

2130 2765 2237 2822 τῶν
2251 2761 2694 2836 ἐπιτηδευμάτων
2709 2761 3082 2833 ἁπανταχόθεν
3100 2761 3504 2828 ἀποστενὼσας.
3523 2767 3717 2834 Euri.

2130 2855 2242 2925 γὰρ
2258 2855 2360 2910 καί
2381 2851 2760 2924 τεθλιμμένη,
2801 2852 2984 2922 φησὶν,
3006 2852 3046 2921 ή
3071 2853 3208 2918 ὁδὸς
3229 2856 3270 2923 ἡ
3289 2854 3612 2926 ἀπάγουσα
3629 2860 3720 2924 είς

2130 2947 2248 3015 τὴν
2293 2944 2464 3013 ζωήν.
2511 2945 2577 2998 Τί
2617 2939 2740 3010 οῦνς
2773 2943 2874 2999 Διά
2913 2945 3068 3000 τοῦτο
3113 2948 3211 3018 τῆς
3247 2947 3459 3012 ἐλπίδος
3498 2949 3718 3021 ἐκείνης

2131 3037 2240 3090 τῶν
2281 3035 2504 3106 ἀγαθῶν
2548 3035 2933 3108 ἀμελήσωμεν,
2977 3037 3060 3092 δτι
3109 3039 3185 3110 μὴ
3240 3039 3378 3110 μετά
3433 3043 3722 3114 ῥᾳστώνης

2135 3128 2308 3193 ἔξεστι
2331 3127 2634 3199 κτήσασθαι
2660 3143 2675 3192 ;
2723 3127 3117 3200 Ἑρωτήσωμεν
3147 3128 3244 3202 τὴν
3288 3130 3534 3200 νεότητα,
3562 3134 3613 3186 εί
3641 3131 3719 3204 μὴ

2133 3223 2386 3288 ἐπίπονος
2413 3225 2446 3296 ἡ
2489 3221 2808 3296 σωφροσύνη
2838 3223 3005 3288 δοκεῖ,
3037 3223 3070 3293 ἢ
3099 3221 3160 3275 τὸ
3185 3221 3410 3292 ἀναίδην
3444 3225 3564 3286 ταῖς
3594 3224 3720 3276 ἐπι-

2134 3313 2355 3385 θυμίαις
2383 3313 2704 3384 κεχρῆσθαι,
2726 3313 2826 3384 τῆς
2848 3310 3148 3384 ἐγκρατοῦς
3171 3309 3450 3380 διαγωγῆς
3474 3311 3550 3381 μὴ
3577 3309 3716 3364 πολύ

2135 3403 2527 3474 ποθεινότερον.
2572 3397 2698 3474 Ἆρ’
2731 3398 2824 3456 οῦν
2859 3401 2950 3456 διὰ
2981 3399 3138 3454 τοῦτο
3169 3399 3230 3453 τὸ
3279 3399 3377 3470 μὲν
3406 3399 3502 3469 ἡδύ
3532 3417 3590 3452 τε
3623 3399 3721 3454 καὶ

2135 3495 2361 3559 εὐπετὲς
2392 3493 2758 3566 ἀνθεξόμεθα,
2787 3493 2926 3565 πρὸς
2957 3491 3015 3546 δὲ
3059 3491 3122 3545 τὸ
3165 3493 3340 3563 τραχύ
3384 3491 3482 3562 τῆς
3515 3490 3720 3562 ἀρετῆς

2135 3588 2555 3658 ἀποκνήσομεν;
2587 3588 2662 3640 Οὐ
2687 3586 2858 3640 ταῦτα
2870 3586 3018 3640 δοκεῖ
3035 3583 3114 3656 τῷ
3135 3584 3234 3654 τῆς
3262 3582 3407 3654 ζωῆς
3427 3580 3714 3654 νομοθέτῃ,

2133 3679 2213 3752 τῷ
2243 3680 2343 3751 τὴν
2373 3678 2631 3733 πλατεῖαν
2661 3680 2756 3734 καὶ
2785 3678 3078 3748 κατωφερῆ
3124 3675 3217 3730 καὶ
3251 3673 3562 3746 εὐρύχωρον
3599 3673 3720 3727 ὁδὸν

2135 3771 2276 3827 κατὰ
2312 3771 2403 3826 τὸν
2437 3767 2548 3841 βίον
2576 3770 2899 3826 κωλύσαντι.
2931 3770 3248 3824 Είσέλθετε
3270 3766 3400 3837 γὰρ,
3433 3765 3584 3836 φησὶ,
3620 3764 3721 3818 διὰ

2136 3865 2248 3936 τῆς
2271 3863 2496 3934 στενῆς
2527 3865 2623 3920 καὶ
2664 3861 3077 3933 τεθλιμμένης.
3115 3858 3324 3913 Οὐκοῦν
3357 3857 3452 3911 καὶ
3483 3853 3723 3909 ἐνταῦθα

2137 3959 2195 4013 ἐν
2221 3958 2330 4014 τῶν
2364 3957 2450 4011 διὰ
2489 3958 2651 4012 πόνου
2690 3951 3140 4026 κατορθουμένων
3165 3950 3262 4006 καὶ
3292 3947 3451 4003 τοῦτο
3485 3946 3723 4018 νομίσω-

2141 4068 2260 4122 μεν,
2313 4049 2372 4104 τὸ
2413 4050 2643 4118 ἀγαγεῖν
2695 4049 2775 4112 είς
2818 4044 3108 4116 συνήθειαν
3147 4039 3586 4111 ἀποξενουμένην
3621 4029 3730 4091 τυῦ“

2139 4143 2256 4214 βίου
2287 4140 2384 4213 τὴν
2414 4138 2654 4212 ἐντολὴν,
2697 4137 2792 4192 καὶ
2818 4136 2918 4208 τὴν
2951 4135 3188 4207 φυσικὴν
3224 4133 3334 4188 τῶν
3365 4130 3720 4202 ὑγιαινόντων

2138 4229 2484 4303 ἀποστροφὴν
2511 4232 2578 4302 τῇ
2611 4229 2844 4300 ἐπιμονῇ
2891 4225 2985 4280 τοῦ
3013 4225 3339 4298 πράγματος
3363 4218 3719 4292 θεραπεύσω-

2143 4339 2262 4396 μεν.
2295 4321 2454 4392 Δεινὴ
2485 4321 2596 4392 γάρ
2629 4321 2777 4372 ἐστιν
2821 4319 2855 4388 ἡ
2890 4317 3146 4386 συνήθεια
3177 4313 3270 4367 καὶ
3301 4315 3414 4376 τοῖς
3446 4309 3719 4363 δυσκολω-

2137 4414 2316 4486 τέροις
2345 4405 2482 4465 εἷναι
2525 4408 2770 4463 δοκοῦσιν
2795 4407 2987 4478 ἡδονήν
3034 4421 3156 4458 τινα
3200 4401 3288 4456 διὰ
3313 4404 3412 4472 τῆς
3453 4400 3720 4469 ἐπιμονῆς

2141 4499 2558 4574 ἐνεργάσασθαι.
2593 4497 2685 4568 Μὴ
2724 4496 2902 4550 τοίνυν
2946 4494 3154 4563 λεγέτω
3187 4509 3289 4556 τις,
3328 4490 3404 4554 ὡς
3435 4488 3716 4549 ἐπίπονον,

2140 4593 2255 4648 ἀλλ’
2288 4594 2368 4646 ὅτι
2410 4588 2686 4658 ἐπωφελὲς
2718 4587 2828 4651 τοῖς
2869 4585 3114 4657 μετιοῦσι
3159 4585 3220 4638 τὸ
3261 4579 3717 4653 κατορθούμενον.

2139 4682 2250 4736 Καὶ
2289 4679 2475 4750 ἐπειδὴ
2509 4678 2648 4750 μέγα
2691 4676 2752 4730 τὸ
2782 4675 3000 4748 κέρδος,
3041 4673 3375 4746 ὑπεροπτέον
3401 4671 3494 4724 τοῦ
3522 4671 3716 4731 πόνου,

2139 4772 2228 4826 διὰ
2288 4771 2349 4825 τὸ
2399 4769 2608 4840 κέρδος.
2658 4766 2785 4821 Ἧδύ
2836 4764 2894 4820 δὲ
2955 4764 3034 4836 τῷ
3094 4765 3269 4837 χρόνῳ
3307 4763 3366 4816 τὸ
3417 4760 3552 4822 τέως
3595 4758 3717 4810 ἐπί-

2140 4881 2302 4919 πονον
2337 4861 2426 4916 διὰ
2457 4861 2555 4932 τῆς
2604 4855 2890 4930 συνηθείας
2928 4855 3240 4926 γενήσεται.
3287 4855 3350 4908 Et
3399 4853 3455 4906 δὲ
3501 4851 3584 4904 δεῖ
3625 4851 3718 4904 καὶ

2139 4956 2299 5010 τοῦτο
2329 4952 2645 5026 προσθεῖναι
2669 4952 2781 5012 τοῖς
2807 4947 3136 5020 εἰρημένοις,
3161 4945 3244 5000 ὅτι
3274 4946 3369 4999 καὶ
3397 4945 3526 5014 παρ’
3557 4942 3717 4995 αὐτὸν

2139 5047 2326 5102 τοῦτον
2371 5045 2463 5098 τὸν
2515 5043 2626 5114 βίον
2657 5041 2945 5112 ἐπωφελής
2994 5041 3108 5092 ἐστι
3154 5039 3268 5101 τοῖς
3317 5035 3646 5104 ὑγιαίνουσιν
3680 5032 3716 5102 ἡ

2141 5135 2278 5210 πρὸς
2325 5134 2658 5206 ἀτυχοῦντας
2704 5132 3053 5204 συμπάθεια·
3089 5128 3254 5193 καλὸς
3287 5127 3396 5198 γάρ
3439 5127 3556 5178 ἐστι
3603 5124 3715 5186 τοῖς

2140 5231 2264 5287 νοῦν
2305 5229 2515 5301 ἔχουσιν
2555 5226 2746 5298 ἔρανος
2774 5225 2922 5278 ἐλέου
2942 5265 2956 5289 ,
2985 5225 3044 5276 ἐν
3086 5225 3204 5282 ταῖς
3239 5219 3439 5292 ἑτέρων
3471 5217 3714 5285 δυσπρα-

2140 5323 2287 5392 γίαις
2327 5317 2812 5390 προαποκείμενος.
2858 5313 3074 5382 Ἐπειδὴ
3118 5313 3226 5381 γὰρ
3257 5311 3354 5382 μιᾷ
3387 5307 3544 5378 φύσει
3579 5305 3712 5358 διοι-

2142 5417 2316 5470 κεῖται
2350 5413 2456 5466 “av
2482 5411 2542 5464 τὸ
2579 5408 2936 5478 ἀνθρώπινον,
2969 5405 3064 5458 καὶ
3095 5403 3243 5456 οὐδὲν
3275 5402 3387 5473 ἔχει
3413 5398 3587 5461 οὐδεὶς
3616 5397 3715 5466 τῆς

2139 5500 2421 5575 διηνεκοῦς
2455 5497 2759 5571 εὐπραγίας
2795 5493 3012 5566 βέϐαιόν
3047 5511 3100 5546 τι
3131 5492 3260 5565 παρ’
3291 5490 3467 5560 ἐαυτῷ
3508 5489 3568 5542 τὺ
3601 5483 3715 5538 ἐνέ-

2141 5610 2328 5668 χυρον¹
2359 5590 2446 5645 διά
2491 5589 2689 5652 παντὸς
2718 5586 2981 5656 προσήκει
3009 5583 3320 5656 μεμνῆσθαι
3358 5579 3454 5635 τοῦ
3483 5579 3712 5647 εὐαγγεο
