4026 6428
250 306 383 359 199'

1473 302 1755 365 CONTRA
1789 304 2278 364 FORNICARIOS.

3422 304 3525 361 £90

244 421 407 479 λικοῦ
434 420 923 494 παραγγέλματος,
958 421 1051 476 τοῦ
1092 419 1569 494 συμϐουλεύοντος,
1602 420 1748 493 ᾇπερ
1770 418 1840 474 ἂν

1944 421 2086 492 cipio
2124 424 2414 479 molestum
2440 428 2495 480 et
2521 421 2755 477 arduum
2791 421 3027 489 videtur,
3062 421 3114 478 id
3163 420 3280 494 ipsa
3318 422 3439 479 dies
3472 427 3531 478 et

247 512 501 583 θέλωμεν
520 512 612 567 ἴνα
652 513 879 566 ποιῶσιν
900 514 1030 584 ἡμῖν
1048 514 1098 566 οἱ
1120 511 1419 584 ἄνθρωποι,
1444 510 1617 565 ταῦτα
1641 512 1835 567 ποιεῖν.

250 605 405 668 Ἕως
432 603 615 657 τοίνυν
646 603 914 667 εὐπλοεῐς,
944 601 1130 674 ὄρεξον
1160 604 1317 674 χεῖρα
1346 600 1426 673 τῷ
1451 601 1837 672 ναυαγήσαντι.

251 695 432 766 Κοινὴ
477 695 515 765 η
558 693 837 759 θάλασσα,
880 692 1058 747 κοινὸν
1097 693 1159 747 τὸ
1202 692 1517 756 κλυδώνιον,
1550 690 1705 763 κοινὴ
1732 689 1841 745 τῶν

250 784 521 856 κυμάτων
550 785 584 855 ἠ
613 784 853 855 ταραχή’
887 783 1081 853 ὕφαλοι
1106 784 1201 839 καὶ
1233 782 1490 849 σπιλάδες
1528 782 1623 837 καὶ
1646 783 1842 837 σκόπε-

251 873 372 939 λοι,
413 873 509 927 καὶ
536 873 606 927 τὰ
645 872 808 926 λοιπὰ
833 874 932 943 τῆς
955 872 1049 927 τοῦ
1092 874 1209 945 βίου
1248 874 1513 944 ναυαγίας
1545 873 1689 929 κατὰ
1724 869 1843 928 ἴσον

254 967 494 1037 παρέχει
518 968 634 1029 τοῖς
658 966 1096 1037 ναυτιλλομένοις
1123 967 1214 1019 τὸν
1242 966 1423 1036 φόϐον.
1457 965 1603 1030 Ἕως
1626 965 1843 1038 ἀπαθὴς

254 1051 329 1119 εἷ,
360 1057 469 1120 ἕως
500 1055 801 1120 ἀκινδύνως
829 1056 1103 1122 διαπλέεις
1131 1056 1227 1111 τοῦ
1258 1056 1374 1128 βίου
1412 1057 1512 1128 τὴν
1540 1056 1840 1121 θάλασσαν,

256 1151 335 1219 μὴ
354 1149 640 1223 παρέλθῃς
658 1148 903 1220 ἀνηλεῶς
927 1148 1021 1203 τὸν
1044 1148 1513 1222 προσπταίσαντα.
1539 1149 1638 1215 Τίς
1651 1150 1849 1222 ἐγγυη-

253 1242 356 1311 τής
384 1258 470 1295 σοι
500 1240 601 1311 τῆς
633 1240 915 1313 διηνεκοῦς
945 1240 1237 1307 εὐπλοίαςς
1284 1240 1451 1297 οὔπω
1490 1243 1733 1315 κατῆρας
1765 1245 1845 1307 είς

254 1329 346 1383 τὸν
372 1331 573 1403 λιμένα
591 1333 695 1404 τῆς
714 1333 1093 1399 ἀναπαύσεως·
1111 1335 1265 1390 οὔταε»
1286 1336 1395 1391 τῶν
1414 1338 1672 1409 κυμάτων
1692 1337 1846 1402 ἐκτὸς

253 1419 531 1492 ἕστηκας
558 1420 714 1479 οὔπω
736 1440 818 1478 σοι
842 1424 1073 1496 βέϐηκεν
1094 1426 1187 1480 ιπὶ
1210 1427 1475 1498 σταθεροῦ
1498 1428 1531 1498 ἡ
1553 1425 1689 1499 ζωή.
1724 1428 1847 1482 Ἔτι

255 1511 400 1584 φέρῃ
429 1511 519 1567 διὰ
557 1513 654 1567 τοῦ
688 1514 802 1584 βίου
832 1515 1109 1585 πελάγιος.
1140 1511 1266 1571 Οἷον
1299 1518 1525 1572 σεαυτὸν
1552 1516 1746 1584 δείξεις
1770 1518 1848 1590 τῷ

253 1604 655 1675 δυστυχήσαντι
674 1647 690 1673 ,
719 1606 992 1672 τοιούτους
1013 1608 1457 1681 παρασκευάσας
1480 1610 1692 1681 σεαυτῷ
1717 1611 1848 1676 τοὺς

260 1691 664 1762 συμπλέοντας.
711 1693 872 1758 Ἀλλὰ
903 1696 1104 1761 πάντες
1136 1699 1578 1770 καταντήσαιμεν
1619 1701 1701 1763 εις
1752 1698 1846 1754 τὸν

1940 513 2284 569 consuetudo
2307 512 2467 570 facile
2489 527 2553 569 ac
2580 510 2882 585 jucundum
2910 512 3128 569 efficiet.
3176 514 3296 568 Jam
3321 528 3453 569 vero
3475 514 3531 569 sl

1944 603 2034 669 iis,
2066 618 2188 675 qua
2215 603 2365 660 dicta
2394 612 2543 671 sunt,
2566 603 2822 660 volumus
2850 604 3056 674 aliquid
3075 605 3393 676 adiungere,
3424 604 3530 659 mi-

1941 694 2299 750 sericordiam
2342 694 2850 767 erga-calamitosos
2880 695 2938 749 in
2970 694 3076 751 hac
3099 694 3228 750 item
3258 696 3368 749 vita
3410 693 3527 750 fru-

1944 784 2174 856 giferam
2195 800 2320 843 esse
2337 786 2699 859 reperiemus.
2726 784 2900 843 Nemo
2927 793 3012 841 est
3034 785 3180 840 enim
3207 785 3301 855 qui
3328 786 3526 856 sapiat,

1943 874 2078 944 quin
2104 881 2363 946 tanquam
2392 875 2671 947 egregium
2708 875 2989 947 praemium
3018 881 3146 930 ante
3181 874 3526 929 reconditum

1946 972 2098 1038 putet
2126 965 2202 1033 id,
2228 966 2377 1037 quod
2415 967 2471 1021 in
2515 966 2741 1023 alterius
2773 966 3180 1021 calamitatibus
3215 965 3528 1021 humaniter

1944 1062 2000 1110 et
2020 1054 2255 1126 benigne
2283 1053 2586 1110 confertur.
2623 1055 2890 1121 Quoniam
2910 1054 3059 1109 enim
3086 1055 3325 1111 humana
3345 1055 3529 1110 omnia

1945 1144 2263 1202 moderatur
2288 1160 2396 1200 una
2431 1144 2735 1217 eademque
2766 1152 3003 1213 natura;
3041 1152 3099 1201 et
3133 1147 3237 1202 sibi
3263 1154 3529 1218 perpetuo

1947 1252 2241 1309 prosperas
2264 1245 2321 1293 et
2345 1238 2617 1294 secundas
2650 1253 2740 1295 res
2768 1236 2909 1302 fore,
2930 1245 3143 1294 certum
3167 1247 3254 1295 est
3281 1240 3485 1295 nemini
3511 1256 3526 1294 :

1946 1329 2005 1385 in
2033 1329 2185 1385 omni
2214 1330 2326 1383 vita
2355 1329 2728 1401 evangelicum
2764 1329 2900 1385 illud
2940 1338 3273 1401 praeceptum
3306 1329 3532 1401 expedit

1948 1420 2287 1485 meminisse,
2324 1428 2406 1487 ut,
2438 1435 2562 1491 qua:
2592 1419 2846 1476 volumus
2890 1419 3095 1476 faciant
3149 1420 3311 1478 nobis
3351 1404 3529 1476 homi-

1947 1525 2088 1578 nes,
2153 1510 2346 1567 eadem
2411 1510 2699 1569 faciamus.
2784 1510 3042 1578 Quandiu
3104 1516 3237 1582 ergo
3297 1509 3530 1565 feliciter

1948 1601 2215 1674 navigas,
2270 1600 2348 1657 illi
2408 1616 2634 1657 manum
2685 1601 2993 1673 porrigito,
3037 1600 3133 1671 qui
3181 1599 3527 1671 naufragium

1951 1693 2112 1762 fecit;
2163 1707 2456 1750 commune
2499 1700 2586 1749 est
2630 1707 2800 1757 mare,
2852 1700 3150 1763 tempestas
3192 1691 3527 1759 communis,

260 1781 461 1853 λιμένα
506 1784 609 1855 τῆς
638 1784 1028 1855 ἀναπαύσεως,
1081 1787 1160 1859 τῷ
1199 1789 1340 1859 ἁγίῳ
1381 1788 1658 1861 Πνεύματι
1706 1790 1842 1863 πρὸς

1944 1785 2251 1843 communis
2298 1783 2563 1841 ﬂuctuum
2604 1784 2982 1856 perturbatio,
3033 1799 3166 1840 saxa
3216 1784 3321 1841 sub
3366 1783 3533 1840 undis

260 1871 358 1941 τὴν
399 1875 775 1949 προκειμένην
816 1877 910 1932 τοῦ
956 1878 1074 1949 βίου
1114 1880 1390 1933 ναυτιλίαν
1433 1880 1840 1948 διευδιάζοντες.

261 1959 475 2036 Παρείη
517 1960 575 2018 δὲ
615 1967 745 2038 ἡμῖν
775 1969 810 2041 ἠ
855 1969 944 2025 διὰ
984 1969 1094 2024 τῶν
1126 1970 1354 2026 ἐντολῶν
1382 1970 1634 2043 ἐργασία,
1664 1974 1757 2028 καὶ
1782 1974 1845 2030 τὸ

257 2056 358 2127 τῆς
402 2054 629 2127 ἀγάπης
668 2059 947 2131 πηδάλιον·
981 2059 1052 2115 δι’
1082 2053 1159 2116 ὧν
1203 2060 1569 2133 εὐθυνόμενοι.
1602 2064 1843 2119 καταλά-

259 2142 453 2215 δωμεν
479 2144 580 2217 τὴν
611 2146 717 2217 γῆν
753 2151 852 2221 τῆς
888 2150 1242 2219 ἐπαγγελίας,
1272 2151 1332 2204 ἐν
1424 2152 1459 2225 ἡ
1490 2152 1646 2217 πόλις
1694 2154 1844 2209 ἐστὶν

261 2236 295 2305 ἠ
328 2235 569 2307 μεγάλη,
597 2232 665 2311 ἦς
691 2240 940 2311 τεχνίτης
968 2242 1062 2295 καὶ
1092 2241 1424 2315 δημιουργός
1458 2244 1607 2297 ἐστιν
1641 2246 1671 2299 ὁ
1707 2235 1841 2310 Θεὸς

262 2325 444 2396 ἡμῶν,
476 2319 523 2396 ᾧ
554 2329 587 2399 ἡ
620 2329 745 2395 δόξα
772 2331 867 2386 καὶ
902 2331 965 2386 τὸ
993 2333 1192 2402 κράτος
1217 2335 1299 2397 είς
1325 2334 1453 2399 τοὺς
1494 2333 1699 2401 αἰῶνας
1734 2335 1843 2391 τῶν

261 2415 498 2473 ultimm.
544 2420 733 2492 Ἀμήν.

1942 1878 2192 1943 latentia,
2233 1885 2447 1949 syrtes,
2490 1876 2740 1948 scopuli,
2771 1884 2826 1932 et
2857 1876 3041 1932 omnia
3076 1875 3314 1946 denique
3365 1874 3533 1946 hujus

1944 1970 2068 2026 vita:
2093 1968 2461 2041 navigationis
2509 1967 2858 2024 incommoda
2889 1981 3076 2038 parem
3106 1967 3323 2022 cunctis
3371 1966 3529 2021 navi~

1941 2058 2198 2132 gentibus
2249 2064 2452 2115 metum
2492 2056 2765 2129 injiciunt.
2834 2054 2972 2112 Dum
3023 2056 3233 2127 integer
3272 2068 3366 2119 es,
3398 2047 3532 2109 dum

1942 2153 2068 2210 vita:
2105 2151 2331 2223 pelagus
2378 2158 2500 2207 tuto
2547 2150 2850 2223 pertransis
2873 2188 2891 2216 ,
2927 2163 2998 2205 ne
3045 2148 3345 2204 inhumane
3393 2158 3532 2216 prat-

1944 2251 2129 2301 tereas
2181 2258 2310 2301 eum
2375 2243 2471 2315 qui
2529 2242 2685 2315 prius
2744 2256 2938 2299 navem
2999 2241 3172 2298 illisit.
3248 2240 3387 2307 Quis
3454 2238 3533 2294 ibi

1948 2350 2184 2409 sponsor
2204 2374 2223 2403 ,
2276 2342 2340 2391 ut
2392 2334 2606 2390 felicem
2674 2334 3078 2407 navigationem
3135 2342 3400 2405 perpetuo
3450 2333 3531 2386 sis

1951 2428 2240 2485 habiturus
2276 2427 2303 2483 2
2365 2423 2615 2482 Nondum
2676 2425 2733 2480 in
2787 2433 3008 2498 portum
3082 2424 3285 2497 quietis
3353 2436 3529 2494 appul—

262 2507 379 2563 listi
433 2508 497 2562 ⁶⁶.
556 2508 808 2566 Nondum
885 2521 1041 2569 extra
1107 2515 1374 2571 fluctuum
1432 2516 1737 2588 periculum
1789 2534 1850 2577 es
1905 2520 2264 2577 constitutus.
2339 2516 2467 2574 Tibi
2538 2514 2783 2574 nondum
2838 2518 2898 2575 in
2945 2517 3070 2574 loco
3119 2525 3239 2574 tutu
3283 2518 3533 2573 constitit

266 2600 397 2654 vita.
447 2598 642 2656 Adhuc
673 2602 728 2656 in
762 2604 889 2658 vitae
934 2605 1125 2676 pelago
1150 2607 1380 2676 iactaris
1435 2609 1711 2667 obnoxius
1776 2611 2104 2683 tempestati.

2192 2610 2423 2678 Qualem
2481 2623 2614 2682 erga
2660 2609 2989 2683 naufragum
3072 2617 3129 2665 te
3177 2611 3530 2681 praestiteris,

266 2690 404 2747 tales
433 2706 561 2762 erga
604 2700 660 2749 te
702 2709 823 2761 eos,
872 2697 966 2767 qui
1014 2698 1178 2754 simul
1218 2700 1491 2772 navigant,
1520 2702 1845 2774 experieris.
1883 2703 2088 2759 Omnes
2113 2702 2281 2774 igitur
2303 2702 2361 2757 in
2382 2700 2583 2772 quietis
2608 2710 2824 2771 portum
2856 2700 3103 2758 secundo
3169 2702 3347 2757 sancti
3407 2699 3532 2771 Spl-

266 2784 413 2839 ritus
444 2782 623 2839 afllatu
659 2788 886 2855 provehi
929 2790 1351 2848 contendamus.
1435 2793 1598 2850 Adsit
1644 2795 1879 2866 diligens
1918 2794 2305 2850 mandatorum
2348 2792 2692 2859 exercitatio,
2748 2802 2806 2850 et
2853 2794 3282 2867 gubernaculum
3350 2794 3535 2851 charta-

272 2878 437 2935 tatisl
490 2877 701 2945 Quibus
747 2881 920 2953 adjuti
968 2885 1185 2942 tandem
1215 2888 1604 2959 promissionis
1632 2896 1838 2945 terram
1877 2903 2263 2960 assequamur,
2292 2886 2347 2942 in
2376 2901 2485 2958 qua
2514 2886 2622 2943 sita
2654 2895 2740 2944 est
2765 2902 2960 2960 magna
2989 2888 3081 2943 illa
3145 2889 3364 2955 civitas,
3431 2892 3532 2942 ritu

262 2970 358 3041 jus
402 2970 738 3028 architectus
790 2981 845 3030 et
901 2975 1199 3035 aedificator
1252 2988 1338 3037 est
1385 2981 1643 3039 Christus
1695 2981 1837 3039 Deus
1878 2991 2088 3049 noster,
2127 2983 2218 3039 cui
2254 2980 2433 3057 gloria
2464 2980 2520 3037 in
2553 2985 2842 3036 aeternum.
2874 2981 3070 3038 Amen.

342 3086 392 3117 ⁸⁸
430 3083 573 3141 Psal.
602 3096 715 3154 ενι,
744 3086 834 3145 l9.

1226 3470 1457 3561 ΤΟΥ
1503 3468 1884 3566 ΑΥΤΟΥ
1939 3474 2568 3576 ΓΡΗΓΟΡΙΟΥ

1795 3701 1905 3755 s12
1931 3703 2022 3761 T0
2039 3737 2056 3771 ,

896 3898 943 3950 ο
977 3898 1072 3956 ΔΕ
1101 3900 1529 3971 ΠοΡΝΕΥΩΝ,
1572 3906 1702 3963 ΕΙΣ
1752 3910 1841 3966 ΪῸ

1944 3912 2083 3971 ιοΝ
2112 3910 2305 3976 tam
2338 3910 2771 3979 AMAPTANEI
2802 3922 2903 3997 (ι).

1160 4324 1707 4416 EJUSDEM
1842 4323 1941 4419 Β.

2079 4330 2661 4426 GREGORII

1740 4555 1806 4611 ΙΝ
1858 4554 2066 4614 ILLUD

939 4724 1076 4794 QUI
1102 4724 1607 4797 FORNICATUR,
1665 4734 1747 4789 ΙΝ
1788 4736 2178 4795 PROPRIUM
2229 4738 2516 4800 CORPUS
2553 4741 2858 4801 PECCAT.

1524 4911 1753 4963 Galliam
1774 4914 1976 4967 Hermi)
1997 4915 2267 4981 interprete.

330 5264 541 5338 Φοδερὰ
576 5264 677 5337 τῆς
721 5264 1083 5341 ἀποστολικῆς
1114 5270 1490 5339 παραγγελίας
1522 5273 1555 5344 ἡ
1590 5275 1842 5346 σάλπιγξ.

2020 5276 2309 5342 Terribilis
2364 5288 2493 5343 tuba
2524 5289 2809 5358 apostolici
2860 5293 3141 5364 praecepti,
3191 5297 3362 5351 multa
3402 5300 3529 5370 quL

258 5357 434 5411 πολλὰ
485 5360 585 5429 μὲν
635 5362 727 5413 καὶ
771 5360 903 5415 ἄλλα
930 5360 1029 5431 τῆς
1081 5360 1362 5426 εὐσεϐείας
1423 5369 1842 5441 μαρτυρουμένη

1949 5374 2071 5430 dem
2112 5379 2274 5432 etiam
2314 5379 2419 5433 alia
2479 5357 2780 5438 tesitillcans
2837 5357 3104 5441 exercitui
3128 5357 3138 5362 ⁷
3164 5387 3384 5458 pietatis
3405 5357 3435 5456 ,.
3473 5392 3526 5448 et

258 5450 514 5523 στρατὸν,
544 5451 778 5522 μάλιστα
822 5451 877 5504 δὲ
905 5451 1014 5506 τῶν
1040 5452 1138 5522 τῆς
1166 5453 1526 5527 αἰσχρότητος
1554 5456 1842 5530 βαράθρων

1952 5467 2188 5523 maxime
2218 5484 2315 5525 eos
2340 5473 2617 5540 expellens
2650 5489 2679 5527 a
2706 5474 2967 5533 barathro
3024 5450 3427 5551 turpi-tudinis,
3475 5484 3525 5540 et

293 5631 371 5702 (i)
405 5632 632 5710 graecus
657 5640 842 5690 textus
876 5633 1056 5710 editus
1087 5646 1170 5691 est
1191 5653 1266 5710 ex
1297 5638 1612 5710 apograplio
1645 5638 1829 5710 Gaesa-

1941 5654 2089 5723 uunc
2134 5651 2190 5698 et
2235 5647 2543 5723 emendato,
2587 5653 2746 5723 cuius
2780 5659 2944 5714 variae
2982 5660 3247 5718 lectiones
3287 5664 3341 5719 in
3378 5672 3526 5719 textu

254 5717 366 5760 rem
404 5704 753 5760 bibliothecae
804 5719 931 5759 cum
969 5708 1141 5762 altero
1186 5704 1431 5765 Patricii"
1460 5704 1610 5764 Junii
1659 5709 1843 5765 oblato
1952 5712 2095 5769 inter
2128 5729 2299 5773 uncos
2339 5704 2586 5777 inclusis.

591 5797 860 5864 Ριτιιοι.
895 5801 1013 5863 Gn.
1050 5801 1271 5865 XLVI.

3155 5828 3231 5889 10
