4026 6432
546 298 644 352 491

1751 285 1806 338 S.
1843 284 1934 339 Gli
1945 283 2171 337 EGOBII
2210 283 2252 332 Ν
2267 282 2296 332 ὶ
2310 282 2506 335 Sb‘b'l‘ll

3710 288 3820 345 492

548 415 604 469 in
663 415 770 468 line
795 411 960 466 etiam
996 409 1199 466 addens
1227 408 1462 462 militare
1491 413 1822 477 praeceptum
1857 417 1869 454 :
1903 401 2110 470 Fugite1

2227 397 2546 460 ἐλαύνουσα,
2573 395 2665 450 καὶ
2685 395 2750 467 δὴ
2777 398 2870 450 καὶ
2899 398 3289 468 στρατιωτικὸν
3317 400 3374 453 ὲν
3401 397 3478 470 τῷ
3500 399 3654 454 τέλει
3678 417 3813 472 παρ.

546 504 746 574 inquit,
795 502 1218 571 fornicationem.
1263 499 1430 556 Omne
1460 505 1764 568 peccatum,
1803 491 1942 564 quod
1997 492 2124 561 fece-

544 599 614 650 rit
666 595 858 659 Immo,
925 604 1004 649 est
1052 603 1207 648 extra
1261 608 1450 662 corpus
1481 593 1520 648 ⁸.
1571 587 1925 646 Sensibilium
1979 584 2122 639 enim

543 688 812 743 bellorum
851 686 1076 753 milites,
1116 701 1268 742 nunc
1302 685 1522 756 quidem
1551 681 1801 738 adversis
1849 676 2124 733 frontibus

537 794 783 851 pugnam
837 788 1185 847 capessentes
1213 817 1228 842 ,
1263 792 1410 832 nunc
1453 782 1640 830 autem
1677 771 1806 842 fuga
1861 778 2080 826 utentes
2104 810 2120 836 ,

543 874 692 928 acies
723 873 1031 929 instruunt.
1060 869 1155 925 Est
1182 871 1346 925 etiam
1379 867 1685 922 animarum
1724 864 1947 928 bellum,
1977 862 2124 933 quod

541 974 597 1020 et
637 966 945 1022 resistendo
1003 971 1056 1020 et
1101 961 1357 1032 fugiendo
1413 959 1712 1027 prudenter
1747 957 1977 1028 geritur.
2008 953 2124 1010 Hoc

541 1057 721 1114 sciens
753 1057 978 1121 Paulus,
1003 1057 1097 1125 qui
1135 1068 1233 1124 per
1260 1059 1552 1122 utramque
1597 1047 1938 1105 instruendae
1982 1047 2121 1104 aciei

540 1152 892 1206 artiﬁciosam
927 1148 1196 1204 rationem
1243 1144 1398 1200 ducit
1442 1143 1747 1200 exercitum
1770 1184 1786 1209 ,
1819 1158 1968 1197 nunc
1995 1141 2122 1212 qui-

539 1241 662 1296 dem
703 1237 950 1309 praiciplt
987 1244 1049 1292 ut
1093 1237 1162 1292 ad
1197 1249 1436 1306 pugnam
1477 1234 1925 1291 committendam
1975 1238 2122 1290 stent

537 1330 776 1386 fortiter.
813 1326 961 1382 State
989 1327 1215 1384 accincti
1256 1325 1461 1381 lumbos
1511 1334 1709 1380 vestros
1737 1325 1794 1378 in
1825 1325 2118 1389 veritate';

539 1434 688 1476 nutic
735 1429 914 1474 autem
953 1417 1082 1489 fuga
1121 1417 1365 1472 consulit
1394 1415 1646 1486 decipere
1689 1415 1974 1480 inimicos,
2005 1412 2121 1468 Fit-

537 1511 642 1580 gite
671 1549 685 1573 ,
742 1507 1020 1577 inquiens,
1074 1504 1504 1575 fornicationem.
1558 1501 1620 1558 Si
1679 1503 1854 1558 irruat
1914 1500 2118 1556 bellum

537 1600 975 1663 incredulitatis,
1028 1599 1164 1653 utile
1215 1607 1300 1653 est
1347 1597 1424 1652 illi
1465 1581 1740 1652 resistere.
1773 1592 1884 1651 Sed
1917 1593 1964 1650 si
1991 1592 2120 1648 dolo

537 1691 697 1747 nobis
751 1691 996 1746 minetur
1032 1690 1217 1752 acies,
1253 1696 1447 1744 contra
1475 1688 1578 1746 hos
1615 1685 1961 1744 adversarios
2000 1684 2118 1755 pul-

537 1783 730 1838 chrum
755 1792 838 1839 est
865 1783 1046 1838 locare
1070 1780 1318 1837 insidias.

605 2041 872 2098 Tenditur
893 2057 1054 2098 arcus
1077 2043 1397 2100 calumniae:
1423 2041 1556 2098 utile
1578 2050 1664 2097 est
1683 2039 1915 2096 adversa
1939 2039 2119 2095 fronte

531 2135 790 2206 congredi
819 2151 943 2191 cum
977 2136 1282 2194 mendacio.
1315 2134 1548 2203 Quando
1575 2142 1757 2190 autem
1783 2134 1920 2205 jacit
1951 2133 2116 2190 telum

533 2227 708 2283 forma
743 2227 1074 2290 meretricia,
1119 2228 1408 2284 honestum
1444 2236 1530 2285 est
1557 2234 1772 2298 tergum
1802 2235 2032 2292 vertere,
2061 2233 2118 2284 et

530 2323 822 2379 adversum
845 2321 1052 2375 vultum
1081 2320 1288 2391 fugere.
1315 2319 1376 2376 In
1399 2321 1590 2377 oculos
1610 2321 1756 2376 enim
1788 2320 1954 2378 telum
1983 2320 2117 2375 diri-

529 2415 610 2486 git
635 2413 961 2468 fornicatio:
990 2420 1044 2467 et
1063 2419 1281 2480 oportet
1311 2412 1628 2468 meminisse
1660 2415 1916 2484 precepti
1940 2412 2114 2482 impe-

529 2504 771 2561 ratoris:
811 2503 1003 2573 Fugite
1034 2502 1461 2572 fornicationem.
1507 2502 1682 2561 llabet
1719 2505 1867 2561 enim
1909 2505 2114 2576 aliquid

529 2597 704 2666 magis
725 2595 1046 2660 timendum,
1065 2610 1230 2665 quam
1247 2596 1352 2652 alia
1367 2596 1595 2652 scelera.
1614 2595 1750 2652 Nam
1765 2596 1871 2652 alia
1891 2597 2113 2669 quidem

527 2695 752 2758 peCcata
790 2685 1045 2742 videntur
1071 2687 1348 2744 abstinere
1375 2703 1406 2741 ιι
1442 2703 1610 2745 carne
1641 2701 1832 2744 eorum
1866 2691 1962 2761 qui
1996 2690 2114 2759 ipsa

526 2779 863 2841 admittunt;
908 2788 964 2836 et
989 2781 1140 2848 quod
1172 2787 1356 2836 actum
1383 2786 1490 2844 est,
1525 2781 1581 2836 in
1610 2796 1678 2838 eo
1710 2781 1830 2838 solo
1861 2797 1921 2838 se
1941 2782 2114 2846 sistit,

527 2870 676 2942 quod
725 2869 960 2941 suscipit
985 2871 1256 2928 actionem
1299 2890 1314 2928 :
1351 2879 1409 2926 ut
1444 2872 1498 2926 in
1539 2873 1769 2942 rapinis,
1803 2887 1995 2930 eorum
2027 2880 2116 2929 est

530 2966 706 3020 solum
764 2963 1024 3019 damnum
1047 3001 1088 3028 ,.
1121 2964 1324 3035 quibus
1355 2972 1444 3023 est
1477 2974 1712 3035 raptum.
1747 2963 1804 3018 ln
1850 2963 1984 3021 vitio
2021 2965 2112 3020 iu-

527 3042 709 3123 vidiaa,
749 3056 804 3111 id
841 3057 1078 3126 erumpit
1111 3055 1166 3109 in
1216 3070 1314 3110 eos
1361 3055 1538 3110 solum
1579 3056 1778 3126 quibus
1812 3055 2108 3111 invidetur.

528 3146 586 3201 ln
627 3145 1000 3217 syc0phantiis
1035 3153 1093 3200 et
1143 3145 1460 3211 calumniis,
1509 3145 1557 3202 si
1604 3147 1688 3202 eis
1724 3145 1858 3202 fides
1901 3138 2120 3202 habea-'

528 3249 638 3306 tur,
687 3237 737 3295 is
775 3239 927 3295 solus
961 3246 1191 3294 vocatur
1235 3237 1294 3292 in
1334 3237 1634 3307 periculum
1657 3278 1673 3302 ,
1705 3238 1800 3309 qui
1831 3237 1916 3295 eis
1945 3253 2110 3309 appe-

527 3331 680 3386 titur.
742 3331 800 3384 lu
856 3331 924 3386 iis
957 3343 1177 3400 quaque
1233 3329 1529 3394 similiter,
1580 3328 1678 3400 qui
1726 3329 1929 3385 eadem
1967 3329 2112 3386 fece-

524 3429 674 3487 runt,
723 3420 843 3491 ejus
883 3430 986 3485 est,
1020 3419 1074 3474 in
1104 3435 1264 3490 quem
1290 3419 1433 3474 facta
1473 3427 1578 3484 est,
1615 3418 1998 3478 infortunium.
2051 3420 2110 3478 Si

523 3515 650 3585 quis
714 3513 1050 3569 nefariorum
1090 3511 1770 3584 factorum‘pensequatur
1819 3513 2104 3581 actionesr,

443 3633 450 3637 -
522 3606 764 3662 inveniet
803 3621 992 3661 eorum
1024 3604 1269 3676 quidem,
1298 3604 1392 3676 qui
1421 3605 1629 3660 faciunt
1655 3605 1955 3676 ,injuriam,
1980 3621 2108 3677 par-

523 3707 631 3754 tem
667 3697 907 3763 lucrari;
938 3711 1130 3752 eorum
1171 3703 1376 3761 autem,
1411 3697 1613 3767 quibus
1651 3696 1711 3752 ﬁt
1743 3698 1968 3769 injuria,
2005 3701 2105 3752 da-

521 3801 710 3840 mnum
761 3788 1031 3858 accipere.
1069 3785 1390 3842 Fornicatio
1443 3796 1625 3843 autem
1685 3803 1798 3843 non
1873 3790 2107 3859 suscipit

522 3876 792 3947 ejusmodi
841 3877 1168 3932 divisionem
1196 3896 1215 3934 -.
1243 3893 1344 3934 nec
1383 3878 1540 3946 ejus,
1575 3879 1672 3949 qui
1724 3894 1926 3950 passus
1971 3889 2058 3938 est
2087 3920 2102 3946 ,

523 3969 794 4024 actionem
829 3977 1048 4039 separat
1097 3969 1166 4023 ab
1215 3984 1282 4023 eo
1331 3970 1424 4038 qui
1465 3972 1611 4040 egit,
1668 3972 1766 4027 sed
1810 3983 2105 4043 utrumque

521 4063 688 4120 simul
716 4063 930 4125 evertit,
985 4068 1040 4117 et
1081 4062 1302 4134 colligat
1341 4065 1619 4118 communi
1670 4064 1892 4120 vinculo
1926 4068 2104 4136 pollu-

520 4157 705 4212 tionis.
761 4154 997 4211 Possunt
1059 4156 1246 4221 avari,
1307 4170 1432 4209 cum
1487 4156 1656 4210 alium
1717 4157 1920 4214 damno
1975 4159 2105 4214 atie-

517 4250 713 4312 cerint,
785 4248 890 4319 ipsi
985 4249 1137 4302 nullo
1205 4248 1412 4302 damno
1496 4247 1654 4304 allici.
1717 4249 2102 4308 Fornicatores

517 4348 697 4396 autem
732 4355 840 4395 non
871 4350 1105 4409 possunt
1147 4354 1348 4408 corpus
1382 4339 1583 4409 probro
1621 4351 1674 4397 et
1699 4339 1966 4408 dedecore
1987 4344 2102 4398 atii-

2225 489 2476 559 άγγελμα
2515 487 2938 560 [στρατιωτικὴν
2971 489 3107 561 πρὸς
3140 489 3218 559 τῷ
3239 490 3384 544 τέλει
3415 492 3818 565 παραγγελίαν]

2226 582 2597 650 προστιθεῖσα.
2635 583 2888 650 them-sae
2941 581 3072 653 γὰρ,
3127 583 3298 653 φησὶ,
3345 583 3462 652 τὴν
3506 587 3816 654 πορνείαν.

2224 673 2354 728 Πᾶν
2372 674 2706 744 ἁμάρτημα,
2730 674 2761 727 ὃ
2781 674 2891 727 ἐὰν
2906 674 3132 744 ποιήσῃ
3149 675 3484 744 ἅνθρωπος,
3512 677 3690 742 ἐκτὸς
3711 676 3822 732 τοῦ

2223 763 2497 832 σώματός
2519 766 2708 821 ἐστιν.
2737 765 2800 817 0i
2823 764 2916 818 καὶ¹
2937 763 3094 837 [γὰρ]
3108 764 3216 820 τῶν
3237 765 3512 837 αἰσθητῶν
3548 766 3820 838 στρατιῶ-

2223 873 2314 910 ται
2351 856 2638 927 πολέμων,
2671 855 2766 910 νῦν
2816 857 2913 927 μὲν
2964 856 3366 930 ὰντιπροσώπῳ
3403 859 3674 930 συμϐολῇ,
3726 859 3822 914 νῦν

2223 949 2282 1002 δὲ
2343 951 2492 1021 φυγῇ
2543 948 2895 1020 κεχρημένοι,
2949 950 3051 1014 τὰς
3102 950 3438 1022 παρατάξεις
3475 953 3818 1021 σοφίζονται.

2228 1042 2382 1095 Ἔστι
2405 1042 2498 1094 καὶ
2525 1041 2759 1111 πόλεμος
2791 1041 2993 1112 ψυχῆς,
3026 1043 3341 1097 ἀντιστάσει
3367 1042 3463 1096 καὶ
3488 1047 3637 1114 φυγῇ
3671 1061 3811 1113 σοφι-

2187 1145 2192 1150 “
2223 1135 2472 1209 ζόμενος.
2507 1137 2677 1191 Τοῦτο
2701 1138 2729 1191 6
2755 1137 2969 1200 Παῦλος
2998 1137 3176 1203 εἰδὼς,
3204 1139 3234 1191 6
3256 1138 3360 1210 τῆς
3399 1139 3689 1203 εὐσεεείας
3733 1156 3825 1193 ταο

2222 1229 2425 1286 κτικῶν
2451 1229 2535 1283 δι’
2579 1229 2894 1302 ἀμφοτέρας
2931 1230 3081 1299 ἄγων
3111 1229 3205 1284 τὸν
3246 1230 3476 1302 στρατὸν
3541 1231 3822 1302 ὲντεχνίας

2222 1320 2573 1394 [εὐτεχνίας].
2604 1320 2698 1377 νῦν
2726 1321 2826 1393 μὲν
2853 1322 2952 1392 τὴν
2971 1320 3136 1392 [πρὸς
3171 1321 3292 1393 τὴνῖ
3330 1322 3512 1394 μάχην
3547 1323 3823 1392 ἐπιμονὴν

2221 1413 2625 1484 παραγγέλλειν
2658 1411 2872 1482 Στῆτε,
2906 1411 3371 1484 περιζωσάμενοι
3427 1413 3545 1482 τὴν
3615 1413 3821 1484 ὀσφὺν

2219 1504 2387 1576 ὑμῶν
2411 1505 2482 1559 ὲν
2501 1505 2751 1572 ἀληθείᾳ
2773 1521 2789 1534 ’
2831 1503 2926 1558 νῦν
2950 1501 3190 1576 δὲ’φυγῇ
3221 1505 3539 1574 σοφίζεσθαι
3564 1505 3626 1559 τδ
3657 1505 3822 1558 πολε-

2223 1598 2358 1670 μοῦν
2392 1598 2774 1668 συμϐουλεύει·
2797 1599 3054 1669 Φεύτετε
3075 1598 3192 1667 τὴν
3211 1600 3520 1669 πορνείαν.
3553 1599 3620 1655 Et
3655 1600 3818 1654 πόλε-

2226 1707 2326 1761 μος
2354 1690 2615 1754 ἀπιστίας
2658 1690 2942 1762 προσϐάλῃ
2961 1731 2976 1754 ,
3012 1693 3284 1764 χρήσιμος
3316 1692 3454 1762 πρὸς
3481 1693 3693 1746 ἐκεῖνον
3718 1694 3820 1751 ἀν-

2150 1761 2195 1815 Β
2222 1781 2486 1845 canam.
2514 1783 2576 1835 Ei
2618 1782 2675 1836 δὲ
2703 1781 2897 1854 δολερὰ
2929 1761 3020 1856 [ἂν
3052 1761 3248 1856 δόλων]
3281 1761 3588 1838 ἀπειλεῖται
3627 1785 3818 1855 παρά-

2218 1872 2394 1938 ταξις,
2433 1873 2572 1944 καλὴ
2609 1875 2643 1944 ἠ
2674 1873 2810 1944 πρὸς
2846 1873 3072 1938 τούτους
3100 1874 3511 1944 ἀνταγωνιστὰς
3537 1875 3820 1950 προσέδρα

2223 1963 2510 2035 [προσεδρε
2518 1961 2592 2036 ia]
2607 2009 2622 2025 .

2297 2058 2394 2109 Ἂν
2436 2052 2530 2110 οὖν
2577 2057 2948 2126 συκοφαντιῶν
2999 2059 3324 2131 ἐπιφέρεται
3371 2057 3555 2124 τόξον,
3595 2059 3817 2114 λυσιτε-

2220 2147 2301 2201 λεῖ
2364 2151 2400 2220 ἡ
2465 2149 2880 2222 ἀντιπρόσωπος
2951 2149 3194 2221 συμϐολὴ
3260 2150 3398 2220 πρὸς
3465 2149 3528 2204 τὸ
3592 2150 3816 2220 ψεῦδος.

2222 2226 2391 2294 ’θὲαν
2423 2239 2480 2294 δὲ
2522 2241 2704 2313 μορφὴ
2731 2241 2964 2313 πορνικὴ
2998 2241 3231 2314 τοξεύῃ,
3282 2241 3431 2296 νῶτα
3475 2241 3679 2296 διδόναι
3717 2244 3817 2298 καὶ

2215 2331 2317 2403 τὴν
2364 2333 2779 2404 ἀντιπρόσωπον
2821 2334 3061 2403 φεύγειν.
3120 2333 3488 2399 Κατατοξεύει
3536 2337 3646 2407 γὰρ
3687 2337 3815 2390 κατ’

2217 2423 2512 2494 ὀφθαλμῶν
2542 2427 2575 2495 ἡ
2598 2424 2824 2495 πορνεία
2849 2441 2860 2454 ·
2887 2425 2967 2478 διὸ
3000 2424 3307 2496 μεμνῆσθαι
3335 2426 3420 2479 δεῖ
3444 2425 3538 2479 τοῦ
3573 2443 3817 2497 στρατη⁴

2216 2513 2315 2582 γοῦ
2358 2513 2822 2586 παραγγέλλοντος
2844 2533 2860 2548 ·
2889 2518 3144 2587 Φεύγετε
3173 2518 3478 2586 πορνείαν.
3514 2519 3670 2572 Ἔστι
3701 2521 3815 2591 γάρ

2215 2623 2268 2661 τι
2307 2607 2417 2662 τῶν
2457 2607 2631 2662 ἄλλων
2681 2610 3114 2681 πονηρευμάτων
3149 2608 3524 2682 φοΰερώτερον
3556 2607 3816 2681 [φευκτό-

2214 2699 2419 2774 τερον].
2449 2700 2530 2754 Τὰ
2563 2701 2663 2772 μὲν
2694 2701 2804 2773 γὰρ
2836 2702 2972 2756 ἄλλα
3003 2703 3106 2774 τῆς
3134 2703 3410 2774 ἁμαρτίας
3454 2703 3601 2757 κακὰ
3631 2704 3814 2772 φείδε-

2216 2793 2344 2848 σθαι
2405 2793 2551 2847 δοκεῖ
2591 2795 2692 2865 τῆς
2745 2793 2856 2847 τῶν
2928 2795 3277 2866 πραττόντων
3322 2795 3526 2867 σαρκὸς
3551 2834 3566 2860 ,
3602 2797 3698 2849 καὶ
3747 2796 3812 2849 τὸ

2213 2883 2458 2957 πραχθὲν
2491 2886 2573 2948 εις
2604 2884 2765 2954 μόνον
2785 2884 2881 2940 τὸν
2909 2881 3009 2956 τὴν
3047 2886 3245 2957 πρᾶξιν
3280 2885 3628 2956 ἐνδεχόμενον
3656 2886 3816 2957 Enr;-

2216 2992 2320 3032 cw'
2349 2971 2460 3030 οἷον
2480 2978 2540 3030 ὲν
2565 2977 2860 3048 ἁρπαγαῖς,
2887 2978 2998 3030 τῶν
3027 2976 3418 3049 ἀρπασθέντων
3449 2977 3514 3031 τὸ
3543 2976 3813 3048 ζημίωμα

2219 3069 2414 3140 μόνον·
2458 3072 2518 3122 ὲν
2568 3071 2634 3141 τῇ
2687 3069 2798 3124 τῶν
2845 3068 3230 3140 φθονουμένων
3283 3069 3450 3140 ἰσχύϊ,
3491 3071 3621 3141 περὶ
3677 3071 3811 3134 τοὺς

2215 3157 2613 3229 φθονουμένους
2653 3158 2715 3212 τὸ
2762 3158 2933 3223 πάθος
2964 3159 3298 3231 ἐκρήγνυται
3323 3174 3336 3187 ο
3380 3161 3437 3212 ὲν
3479 3161 3600 3223 ταῖς
3647 3176 3812 3212 συκο-

2213 3245 2486 3315 φαντίαις,
2522 3247 2652 3301 ὅταν
2675 3245 2880 3319 τύχωσι
2905 3247 3162 3312 πίστεως,
3198 3248 3357 3319 μόνος
3391 3247 3620 3321 [μόνων]
3642 3245 3809 3314 αὖθις

2211 3337 2306 3391 τοῦ
2340 3339 2845 3410 συκοφαντουμένου
2880 3339 3012 3412 [τῶν
3042 3340 3594 3413 συκοφαντουμένων]
3631 3343 3659 3394 6
3690 3341 3808 3394 κίν-

2210 3429 2400 3496 δυνοςο
2445 3431 2508 3486 ἐν
2551 3431 2608 3485 δὲ
2655 3430 2912 3504 φονεῦσι,
2955 3430 3049 3484 τοῦ
3098 3430 3445 3500 φονευθέντος
3474 3431 3535 3485 τὸ
3567 3432 3811 3504 δυσπρά-

2209 3523 2541 3594 γημα··καὶ
2585 3526 2770 3578 πᾶσαν
2815 3524 2924 3577 τῶν
2967 3521 3146 3593 ἔργων
3188 3522 3389 3577 ἀδίκων
3437 3524 3809 3595 ἐπερχόμενος

2209 3616 2442 3689 πρᾶξιν,
2484 3617 2707 3688 εὑρήσει
2732 3633 2816 3680 τις
2847 3615 2935 3688 [ἄν
2966 3614 3072 3688 τις]
3118 3616 3245 3680 τοὺς
3305 3616 3404 3686 μὲν
3455 3616 3802 3683 ἀδικοῦντας,

2209 3707 2606 3781 κερδαίνοντας,
2657 3707 3055 3778 ζημιουμένους
3109 3706 3165 3760 δὲ
3217 3707 3343 3771 τοὺς
3391 3707 3802 3779 ἀδικουμένους.

2208 3799 2443 3870 Πορνεία
2490 3799 2548 3851 δὲ
2603 3799 2703 3868 τὴν
2740 3797 2996 3869 τοιαύτην
3040 3798 3140 3851 οὐκ
3189 3794 3297 3852 οἶδε
3348 3799 3645 3870 διαίρεσιν·
3676 3800 3803 3853 οὐδὲ

2205 3889 2432 3960 χωρίζει
2466 3889 2568 3960 τὴν
2612 3889 2709 3943 τοῦ
2738 3889 3002 3954 παθόντος
3027 3890 3092 3945 ὲκ
3123 3889 3216 3943 τοῦ
3237 3891 3535 3962 δράσαντος
3572 3890 3800 3962 πρᾶξιν,

2205 3981 2341 4034 ἀλλὰ
2394 3981 2867 4051 συγωταστρέφει
2925 3983 3022 4053 μὲν
3078 3981 3216 4053 πρὸς
3261 3981 3464 4054 ζημίαν
3534 3984 3802 4054 ἐπικοίνῳ

2207 4073 2551 4127 συνάπτουσα
2575 4072 2887 4146 [ὲπίκοινοψ
2921 4073 3177 4128 συνάπτει
3198 4073 3279 4146 δὲ]
3309 4074 3490 4146 δεσμῷ
3517 4075 3798 4147 μολυσμοῦ

2202 4165 2294 4219 τὸν
2312 4166 2508 4238 πόρνον
2529 4167 2624 4220 καὶ
2647 4166 2745 4237 τὴν
2772 4169 2998 4238 πόρνην,
3013 4166 3107 4220 καὶ
3127 4165 3495 4237 καταισχύνας
3523 4167 3584 4220 τὸ
3609 4167 3796 4237 σῶμα,

2203 4256 2282 4328 τῷ
2308 4257 2756 4327 καταισχυνθέντι
2786 4261 3314 4331 συγκαταισχύνεται
3333 4277 3347 4291 ·
3382 4263 3507 4325 τοὺς
3537 4263 3800 4331 φονεύον-

2202 4365 2300 4412 τας
2322 4389 2336 4413 ,
2369 4350 2427 4402 ὲν
2479 4348 2559 4419 τῷ
2588 4350 2822 4404 κτείνειν
2844 4390 2859 4415 ,
2893 4352 3165 4422 ἐνδέχεται
3213 4352 3288 4424 μὴ
3330 4353 3798 4426 συναποθνήσκειν

515 4443 641 4483 cere
670 4467 684 4490 ,
729 4428 859 4497 quin
895 4429 1058 4482 etiam
1115 4429 1276 4482 simul
1336 4445 1460 4484 cum
1506 4445 1572 4486 eo
1637 4433 1731 4502 qui
1778 4434 1979 4503 probro
2013 4446 2101 4492 est

2214 4441 2318 4503 τοῖς
2373 4441 2708 4509 φονευθεῖσιν
2728 4458 2742 4472 ο
2783 4443 2812 4494 6
2843 4443 2898 4496 δὲ
2931 4443 3163 4513 μολύνας
3193 4443 3291 4514 τὴν
3325 4445 3524 4517 σάρκα,
3569 4463 3797 4501 συναπο-

515 4516 763 4580 all‘ectus,
807 4515 911 4585 ipsi
945 4531 1162 4585 quoque
1191 4518 1391 4585 probro
1418 4518 1740 4576 afficiantur.
1775 4522 1836 4594 [li
1869 4528 1961 4596 qui
1996 4541 2096 4583 oc-

2205 4531 2358 4586 λαύει
2379 4531 2473 4584 τοῦ
2504 4530 2805 4601 μολυσμοῦ.

496 4611 726 4676 'cidunt,
760 4611 962 4664 caedem
995 4611 1279 4676 facientes,
1310 4612 1423 4666 fieri
1451 4622 1650 4682 potest,
1676 4624 1736 4669 ut
1769 4633 1878 4674 non
1917 4622 2082 4679 simul
2123 4626 2446 4681 occidantur
2475 4640 2600 4680 cum
2631 4625 2698 4680 iis
2721 4627 2813 4696 qui
2843 4635 2972 4683 sunt
2995 4628 3314 4697 interfecti.]
3342 4629 3796 4690 Fornicatoribus

513 4717 718 4770 autem,
753 4708 800 4764 si
833 4722 1052 4761 carnem
1080 4707 1508 4777 inquinaverint,
1529 4725 1636 4766 non
1651 4712 1778 4768 licet
1806 4729 1930 4774 esse
1956 4721 2181 4780 mundis
2205 4722 2273 4777 ab
2299 4719 2732 4792 inquinamento.
3473 4718 3483 4727 '

583 4898 882 4954 Considera
917 4909 1096 4953 autem
1133 4897 1266 4952 mihi
1313 4897 1417 4954 bac
1462 4900 1518 4954 in
1568 4917 1628 4957 re
1664 4902 1820 4962 Pauli
1873 4910 2093 4966 subtili-

508 4996 699 5046 tatem.
759 4987 973 5059 Fugite,
1016 4988 1214 5059 inquit,
1270 4989 1697 5058 fornicationem.
1747 4996 1860 5052 Cur
1901 4999 2090 5070 iquo-

508 5083 656 5136 niam
696 5097 851 5136 omne
881 5090 1174 5148 peccatum,
1218 5081 1357 5151 quod
1391 5081 1572 5151 fecerit
1621 5083 1796 5154 homo,
1827 5099 1905 5142 est
1932 5101 2088 5146 extra

505 5188 698 5244 corpus
723 5172 960 5246 (nempe
991 5173 1238 5241 corporis
1264 5187 1372 5228 non
1409 5188 1769 5246 corrumpens
1807 5188 2086 5249 naturam,

506 5274 561 5320 et
600 5281 707 5318 non
762 5265 1072 5320 consistens
1103 5264 1172 5319 ad
1204 5265 1575 5320 membrorum
1623 5268 2003 5338 ignominiam,
2035 5284 2094 5329 et

509 5368 614 5408 non
657 5357 984 5425 completum
1032 5355 1446 5427 inquinamento
1491 5361 1759 5429 corporis,
1822 5363 1918 5418 sed
1966 5365 2095 5422 effe-

506 5451 654 5496 ctum
685 5455 837 5500 extra
879 5445 1140 5502 damnum
1185 5450 1456 5520 corporis,
1493 5451 1639 5520 quod
1691 5452 1741 5506 id
1771 5455 1883 5526 egit
1913 5458 1962 5526 );
1989 5459 2093 5529 qui

510 5541 691 5584 autem
721 5534 1046 5605 fornicatur,
1091 5540 1145 5594 in
1181 5543 1461 5612 proprium
1499 5558 1701 5613 corpus
1735 5561 1944 5618 peccat,
1974 5563 2089 5624 ικιίιιι

550 5708 594 5740 ·¹
627 5705 795 5765 ιεοτ.
829 5731 899 5782 vr,
948 5716 1030 5769 l8.
1107 5717 1126 5751 ¹
1156 5720 1354 5793 Eplies.
1395 5741 1472 5791 vr,
1500 5726 1584 5781 M.

2257 4912 2385 4969 ’Καὶ
2416 4913 2608 4968 σκόπει
2658 4931 2747 4980 μοι
2787 4912 2883 4984 τὴν
2913 4915 2992 4975 είς
3034 4911 3192 4966 τοῦτο
3227 4913 3321 4966 τοῦ
3351 4911 3561 4966 Παύλου
3593 4914 3794 4968 λεπτο-

2203 5006 2406 5073 λογίαν.
2441 5007 2692 5075 Φεύγετε
2712 5044 2726 5068 ,
2758 5005 2912 5075 φησι,
2952 4999 3069 5072 τὴν
3097 5005 3405 5072 πορνείαν.
3435 5003 3534 5058 Διὰ
3583 5006 3674 5071 τί;
3709 5006 3796 5060 ὅτι

2202 5097 2334 5152 Πᾶν
2347 5096 2678 5169 ἁμάρτημα,
2703 5097 2736 5152 δ
2750 5099 2861 5153 ἐὰν
2885 5098 3111 5165 ποιήσῃ
3139 5097 3660 5166 ἆνθρωπος,ἐκτὸς
3683 5099 3794 5153 τοῦ

2201 5186 2476 5254 σώματός
2514 5186 2646 5241 ἐστι
2688 5190 2774 5261 (τῇ
2825 5188 2920 5242 τοῦ
2968 5190 3220 5260 σώματος
3269 5187 3344 5258 μὴ
3392 5187 3792 5260 λυμαινόμενον

2205 5280 2362 5349 φύσει
2381 5299 2396 5314 ’
2428 5281 2543 5335 ἀλλ’
2565 5283 2670 5349 ἔξω
2707 5281 2803 5336 τοῦ
2827 5282 2928 5354 τὴν
2964 5280 3167 5354 βλάδην
3189 5279 3489 5351 πράξαντος
3533 5279 3790 5349 σώματος

2201 5373 2550 5448 ὲνεργείται)·
2583 5375 2612 5425 6
2634 5372 2692 5426 δὲ
2722 5373 3024 5448 πορνεύων,
3046 5375 3127 5438 είς
3155 5373 3218 5427 τὸ
3253 5371 3381 5425 tam
3412 5371 3570 5442 σῶμα
3600 5372 3790 5444 ἁμαρ-

2200 5461 2349 5516 τάνει
2385 5479 2399 5494 ·
2433 5461 2533 5532 οὐχ
2578 5460 2765 5536 ὥσπερ
2793 5465 2822 5518 6
2849 5464 3048 5534 ’φονεὺς
3079 5464 3159 5527 είς
3203 5461 3505 5525 ἀλλότριον,
3538 5459 3787 5531 ἄτρωτον

2201 5554 2393 5610 ἑαυτοῦ
2430 5555 2588 5627 σῶμα
2611 5557 2893 5628 ωντηρῶν
2910 5575 2921 5587 ·
2955 5559 3052 5628 οὐχ
3081 5557 3270 5627 ὥσπερ
3297 5556 3327 5607 6
3355 5551 3685 5626 πλεονέκτης
3705 5554 3788 5621 είς
