4026 6434
327 386 431 443 49⁸5

1589 390 1868 449 CONTRA
1894 393 2377 453 FORNICARIOS.

3522 400 3628 464 494

332 512 544 580 ἕτερον,
576 507 683 580 τὴν
719 507 818 580 τῆς
853 506 989 572 ἰδίας
1016 507 1216 580 σαρκὸς
1253 506 1658 579 φυλαττόμενος
1695 507 1924 580 βλάϐην·

2037 509 2181 566 sicut
2205 509 2478 566 homicida
2515 511 2572 567 in
2604 514 2863 581 alienum,
2892 516 3295 574 iuvulneratum
3323 533 3484 576 suum
3508 509 3628 578 cor-

340 601 451 658 ἀλλ’
476 602 647 666 αὐτὸς
682 598 877 655 ἑαυτοῦ
917 600 1241 673 διαφθορεὺς
1265 603 1294 655 ὁ
1320 601 1549 673 πόρνος,
1573 601 1734 666 αὐτὸς
1758 601 1935 673 ἑαυτῷ

340 695 398 748 τὸ
446 693 546 763 τῆς
588 692 816 763 ἀτιμίας
867 691 1179 764 περιπείρει
1233 691 1405 763 βέλος.
1456 694 1513 748 ’0
1572 693 1809 764 κλέπτης
1849 694 1936 748 ἴνα

340 786 518 859 θρέψῃ
548 786 611 840 τὸ
647 785 832 856 σῶμα,
864 784 1039 856 τολμᾷ
1075 783 1174 857 τὴν
1215 786 1452 857 κλοπήν·
1485 787 1514 840 ὁ
1548 786 1745 858 πόρνος
1776 787 1831 841 δὲ
1866 789 1931 859 τῇ

340 881 441 951 τῆς
480 880 619 944 ἰδίας
666 878 871 951 σαρκὸς
914 876 1271 950 προσεδρεύει
1317 876 1560 952 λῃστείᾳ.
1600 879 1707 932 Τὸν
1746 878 1933 933 πλεον-

339 973 529 1044 έκτην,
549 971 686 1043 πρὸς
701 970 954 1043 ἁρπαγὴν
969 968 1201 1041 ὲρεθίζει
1224 970 1639 1045 φιλοκερδ[ε]ίας
1656 970 1934 1045 [φιλοκερ-

338 1064 457 1137 δὴς]
487 1065 747 1136 λογισμός
766 1083 780 1098 ο
823 1062 1051 1136 πορνεία
1073 1060 1152 1126 δὲ,
1195 1063 1367 1135 ζημία
1392 1066 1521 1137 περί
1544 1064 1639 1118 τοῦ
1659 1063 1785 1137 [καὶ
1812 1063 1932 1138 τοῦ]

340 1162 597 1232 σώματος
629 1163 978 1234 σεμνότητος.
1023 1161 1115 1234 Τῷ
1149 1161 1404 1233 βασκάνῳ
1432 1158 1835 1224 κατασκευάζει
1869 1158 1932 1213 τὸ

338 1255 512 1318 πάθος
531 1254 885 1328 δοξαζόμενος
911 1254 1116 1326 ἕτερος·
1138 1256 1167 1311 ὁ
1196 1253 1391 1326 πόρνος
1423 1250 1482 1306 δὲ
1501 1250 1600 1321 τὴν
1631 1250 1766 1305 ἰδίαν
1794 1251 1929 1305 αύτ-

336 1349 531 1418 ουργεί
566 1345 778 1411 ἀδοξίαν
811 1344 933 1418 [τῆς
987 1346 1121 1411 ίδίας
1156 1346 1304 1399 ἐστὶν
1333 1343 1632 1416 αὐτουργὸς
1663 1341 1925 1413 ἀδοξίαςῙ.

337 1439 404 1492 Τί
430 1439 541 1510 γὰρ
570 1439 889 1510 ἀτιμότερον
941 1438 1274 1508 σκευοφόρου
1319 1435 1608 1507 πορνείας;
1638 1436 1796 1490 Πᾶσα.
1825 1434 1927 1505 μὲν

337 1533 525 1597 ἄδοξος
558 1533 659 1603 τῆς
699 1533 974 1604 ἁμαρτίας
1006 1530 1220 1585 δουλεία
1251 1548 1264 1561 ·
1290 1531 1482 1600 ἀτιμοῖ
1507 1528 1618 1600 γὰρ
1648 1526 1794 1600 [τῆς]
1819 1526 1925 1597 ψυ-

335 1629 440 1697 χῆς
476 1625 578 1695 τὴν
611 1624 908 1693 εὐγένειαν.
953 1623 1012 1677 '0
1061 1623 1120 1677 δὲ
1158 1622 1355 1695 πόρνος
1379 1620 1655 1693 ἁμαρτίας
1683 1619 1929 1686 ἀδοξότε-

336 1736 431 1789 ρος
478 1717 685 1781 δοῦλος.
714 1714 984 1790 Βόρϐορον
1026 1717 1136 1788 γὰρ
1165 1714 1378 1771 ἀντλεῖν
1400 1714 1533 1786 παρ’
1562 1712 1733 1785 αὐτῆς
1771 1727 1929 1767 τετα-

332 1810 539 1879 γμένος
558 1849 574 1871 ,
605 1806 884 1880 μολυσμοῦ
937 1808 1159 1877 συνάγει
1209 1806 1385 1879 σωρὸν
1407 1846 1422 1871 ,
1470 1806 1565 1860 καὶ
1614 1804 1926 1877 ἀκάθαρτον

332 1903 642 1973 λειτουργεῖ
668 1901 951 1973 ἐργασίαν.
980 1903 1051 1956 Ἢ
1077 1901 1138 1955 ού
1160 1901 1332 1955 δεινὸν
1365 1897 1715 1970 ὲγκυλίεσθαι
1747 1898 1923 1970 πηλῷ,

331 1994 656 2066 αἰσχρὼητι
683 1992 989 2067 τρίϐεσθαι,
1029 1994 1230 2067 ῥάκους
1262 1991 1407 2064 ἔχειν
1424 1991 1486 2046 τὸ
1514 1990 1675 2062 σῶμα
1697 1990 1758 2045 οὐ
1786 1990 1929 2045 διαλ-

328 2083 560 2150 adsumi;
590 2083 727 2138 Ποία
766 2083 876 2157 γὰρ
905 2084 1107 2155 ῥάκους
1154 2082 1250 2137 καὶ
1282 2082 1485 2154 πόρνου
1513 2080 1749 2153 διαφορά
1778 2098 1794 2149 ;
1819 2080 1926 2139 Τοῦ

328 2175 430 2244 τῆς
489 2174 821 2246 Ἐκκλησίας
869 2173 1224 2246 άποσχίζεται
1284 2172 1569 2244 σώματος·
1611 2171 1926 2249 ’φθείρεται

327 2266 679 2340 καθημερινῇ
715 2266 973 2337 σηπεδόνι
992 2268 1114 2330 ταῖς
1142 2264 1244 2337 τῆς
1280 2264 1555 2337 ἁμαρτίας
1586 2263 1822 2334 ἡδοναῖς.
1847 2263 1925 2327 ὡς

327 2359 605 2433 ἄχρηστον
646 2359 1103 2432 ὲναπορῤίπτεται
1146 2359 1333 2428 ῥάκος,
1359 2358 1539 2410 κεῖται
1580 2356 1716 2413 πᾶσι
1750 2372 1922 2410 κατα-

326 2454 563 2525 πάτημα
581 2455 695 2517 τοῖς
727 2452 996 2524 δαίμοσιν.
1021 2452 1120 2517 Εἰς
1147 2451 1312 2506 αὐτὸν
1338 2452 1367 2505 ό
1383 2448 1631 2513 διάϐολος
1659 2449 1761 2520 τήν
1784 2448 1923 2504 ἰδίαν

324 2546 713 2618 ἀπομάσσεται
740 2545 923 2616 σῆψιν.

2038 618 2142 673 pus
2169 617 2546 662 conservans:
2580 620 2688 661 non
2723 608 2867 664 sicut
2895 625 3092 668 avarus
3122 612 3176 666 in
3220 613 3476 679 alterum,
3509 631 3624 672 suae

2037 695 2222 752 carnis
2259 710 2461 754 cavens
2507 697 2863 756 offensionem
2901 721 2914 758 :
2961 703 3055 759 sed
3102 703 3220 775 ipse
3267 705 3353 760 sui
3424 722 3621 764 corru-

2032 798 2177 858 ptor,
2215 788 2514 847 fornicator
2549 795 2844 866 conﬁgitur
2880 795 2998 867 ipse
3038 797 3147 853 telo
3200 813 3314 853 sua:
3358 800 3618 860 infamiae.

2033 877 2145 934 Fur
2173 887 2231 935 ut
2281 881 2390 936 alat
2431 897 2653 954 corpus,
2706 884 2870 941 audet
2919 886 3142 958 aggredi
3198 887 3434 946 facinus.
3475 890 3617 946 For-

2033 970 2248 1027 nicator
2299 980 2481 1029 autem
2521 990 2636 1031 sua:
2681 976 2832 1031 carni
2887 983 3048 1048 parat
3095 978 3329 1036 insidias
3355 1024 3368 1045 ,
3401 989 3460 1036 ut
3499 998 3621 1038 eam

2032 1061 2398 1133 deprazdetur.
2440 1066 2682 1124 Avarum
2736 1068 2805 1124 ad
2834 1069 3081 1140 rapinam
3114 1072 3312 1127 incitat
3356 1074 3495 1129 lucri
3523 1091 3621 1146 ap-

2031 1163 2226 1228 petens
2274 1159 2580 1230 cogitatio:
2622 1159 2916 1218 fornicatio
2965 1173 3146 1221 autem
3198 1165 3459 1223 damnum
3520 1168 3620 1223 ho-

2033 1251 2265 1306 nestatis
2308 1253 2582 1323 corporis.
2650 1252 2859 1310 Invidia
2921 1256 3086 1312 struit
3117 1256 3333 1315 facinus
3359 1298 3374 1323 ,
3411 1266 3466 1316 et
3498 1260 3618 1330 glo-

2031 1342 2169 1397 riam
2203 1343 2362 1399 alteri
2395 1344 2554 1401 all‘crt
2585 1344 2921 1402 :fornicator
2949 1355 3129 1402 autem
3170 1349 3281 1405 sibi
3312 1364 3468 1405 suam
3489 1366 3618 1420 0pc-

2031 1439 2186 1486 ratur
2237 1432 2616 1503 ignominiam.
2670 1434 2814 1502 Quid
2867 1445 2953 1493 est
3003 1438 3150 1501 enim
3208 1440 3615 1504 fornicatione,

2029 1539 2151 1592 qua:
2178 1535 2439 1595 tanquam
2473 1525 2581 1580 lixa
2634 1525 2738 1581 fert
2793 1519 3184 1598 impedimenta
3216 1568 3234 1596 ,
3296 1530 3515 1601 turpius
3562 1539 3618 1587 et

2028 1615 2498 1687 ignominiosius?
2545 1615 2738 1676 Omnis
2792 1620 2940 1676 enim
2976 1621 3215 1680 servitus
3263 1623 3474 1693 peccati
3500 1633 3615 1679 tur.-

2025 1709 2112 1779 pis
2140 1718 2226 1765 est
2254 1716 2309 1765 et
2343 1709 2712 1781 ignominiosa
2739 1729 2754 1766 :
2791 1711 2956 1768 allicit
2986 1714 3134 1769 enim
3168 1714 3470 1785 ignominia
3502 1717 3617 1770 ani.

2026 1814 2131 1855 me
2171 1799 2543 1859 nobilitatem.
2584 1800 2913 1859 Fornicator
2947 1812 3132 1862 autem
3178 1807 3390 1877 peccati
3421 1823 3615 1864 servus
3724 1814 3743 1839 λ

2014 1891 2239 1963 turpior
2276 1902 2331 1948 et
2358 1892 2778 1963 ignominiosior
2815 1896 2905 1952 cui
2938 1896 3129 1952 datum
3162 1906 3253 1954 est
3294 1898 3367 1953 ab
3410 1913 3477 1955 eo
3520 1915 3619 1954 ne-

2025 1985 2234 2056 gotium
2261 2025 2278 2051 ,
2304 1992 2367 2040 ut
2400 2000 2621 2042 omnum
2664 1987 2878 2043 hauriat
2905 2028 2923 2055 ,
2951 1997 3008 2044 et
3063 1990 3312 2046 sordium
3364 1991 3617 2062 congerit

2023 2076 2328 2143 cumulum,
2353 2086 2519 2149 atque
2544 2079 2828 2136 immundo
2858 2096 3084 2138 munere
3098 2081 3367 2152 fungitur.
3398 2082 3481 2136 An
3503 2099 3616 2137 non

2023 2177 2110 2226 est
2139 2184 2228 2225 res
2256 2170 2461 2240 gravis,
2510 2178 2567 2227 et
2611 2181 2770 2239 tetra,
2810 2174 3045 2228 volutari
3074 2176 3131 2229 in
3160 2188 3342 2239 coeno,
3382 2176 3620 2243 turpitu-

2023 2260 2151 2319 dine
2184 2262 2366 2326 atteri.
2398 2263 2599 2320 habere
2641 2279 2846 2335 corpus
2877 2278 2990 2321 non
3036 2264 3296 2321 differens
3329 2281 3359 2319 a
3390 2266 3617 2336 panno?

2029 2352 2290 2421 Quaenam
2324 2355 2468 2410 enim
2497 2365 2582 2413 est
2606 2357 2770 2426 panni
2796 2363 2850 2411 et
2878 2356 3232 2413 fornicatoris
3268 2356 3619 2412 differentia!

2029 2445 2110 2502 Eo
2146 2446 2295 2519 quod
2328 2449 2397 2503 ab
2412 2447 2685 2505 Ecclesia:
2727 2448 2801 2505 sit
2832 2449 3117 2507 abscissus
3157 2464 3409 2529 corpore.
3438 2449 3620 2520 quoti-

2024 2541 2190 2598 diana
2227 2541 2603 2612 corrumpitur
2633 2541 2966 2611 putredine;
3001 2543 3280 2614 projectus
3306 2543 3454 2613 jacet
3490 2548 3618 2596 tan-

325 2655 492 2712 quam
528 2653 745 2709 pannus
774 2624 1006 2703 inutilis,
1037 2644 1094 2694 et
1120 2638 1193 2695 ab
1218 2638 1478 2694 omnibus
1516 2638 1874 2693 conculcatur
1911 2635 2277 2693 daemonibus.
2314 2637 2376 2691 In
2415 2634 2777 2693 eo'diabolus
2820 2651 2978 2693 suam
3020 2636 3225 2708 subigit
3262 2644 3317 2693 et
3350 2635 3618 2706 imprimit

325 2732 813 2807 putrefactionem.

395 2875 508 2945 Τῆς
524 2873 582 2927 δὲ
608 2872 805 2944 νοητῆς
824 2867 916 2924 τοῦ
948 2869 1149 2943 πόρνου
1175 2867 1560 2942 κακοπραγίας
1589 2867 1624 2940 ἡ
1656 2866 1923 2941 πρόδηλος

323 2969 425 3021 οὐκ
458 2966 717 3020 ἐλάττων.
754 2961 913 3016 Ἔστι
945 2961 1054 3034 γὰρ
1079 2960 1342 3035 φευκτέος
1361 2959 1536 3023 οἰκίας
1567 2958 1823 3031 [φευκτὸς
1852 2958 1924 3012 οἰ-

326 3053 521 3129 κίαις],
538 3053 811 3116 άπευκτὸς
837 3045 1167 3122 συντυχίαις,
1184 3052 1295 3113 τοῖς
1326 3046 1717 3118 πλησιάζουσιν
1743 3045 1921 3118 ὕδριςν
1950 3073 1993 3132 c

325 3152 440 3213 τοῖς
471 3146 848 3220 ὲχθραίνουσιν
880 3142 1101 3207 ὄνειδος,
1122 3144 1441 3211 συγγενέσιν
1475 3139 1727 3212 αἰσχύνη,
1750 3138 1927 3192 συνοί-

325 3260 440 3306 κοις
462 3236 869 3311 ὲπάρατος,άθυ
877 3235 974 3309 μία
1017 3233 1289 3304 γονεῦσιν,
1304 3232 1546 3297 οἰκέταις
1570 3230 1922 3303 θεατρισμὺς,

323 3335 500 3405 γέλως
552 3333 649 3387 καὶ
688 3331 933 3403 διήγημα
966 3327 1312 3402 [γελώμενον
1349 3322 1634 3398 διήγημα]
1661 3322 1921 3393 γείτοσιν,

321 3427 504 3499 γῆμαι
540 3424 859 3489 σπουδάζων
897 3418 1223 3493 ἀπόϐλητος,
1271 3418 1515 3482 ’ύποπτος
1546 3416 1687 3490 μετὰ
1742 3416 1923 3488 γάμον

323 3517 578 3589 νυμφίος.
610 3515 881 3571 Τοσούτου
916 3513 1154 3585 πλήθους
1182 3511 1283 3584 τὴν
1329 3508 1589 3582 πορνείαν
1634 3507 1848 3580 μητέρα
1884 3509 1914 3561 ό

322 3607 538 3674 Παῦλος
574 3607 867 3680 θεώμενος,
888 3606 990 3678 τὴν
1011 3604 1326 3678 νικητήριον
1348 3601 1527 3674 φυγὴν
1546 3598 1912 3671 ὲγκελεύεταιο

323 3703 581 3773 Φεύγετε
606 3701 722 3771 τὴν
758 3700 1064 3769 πορνείαν.
1329 3717 1334 3722 ·
1738 3701 1745 3708 ’

2097 2860 2175 2917 Ea
2210 2869 2419 2926 autem,
2471 2877 2595 2932 quae
2626 2862 2773 2918 cadit
2822 2864 2928 2920 sub
2982 2862 3399 2936 intelligentiam
3441 2867 3615 2926 forni4

2028 2951 2233 3007 caloris
2266 2950 2487 3006 miseria
2536 2959 2593 3006 et
2642 2951 2999 3019 infelicitate,
3048 2971 3159 3012 non
3199 2967 3285 3013 est
3340 2958 3517 3029 major
3547 2977 3611 3016 ea

2028 3056 2152 3113 quae
2192 3049 2278 3096 est
2314 3049 2503 3112 aperta
2532 3049 2587 3097 et
2636 3043 2950 3101 manifesta.
2990 3046 3087 3102 Est
3133 3049 3277 3103 enim
3317 3048 3371 3104 in
3400 3051 3614 3108 aedibus

2026 3133 2341 3203 fugiendus,
2390 3134 2449 3189 in
2490 3138 2881 3208 congressibus
2926 3139 3328 3197 abominandus
3361 3182 3375 3207 ,
3412 3153 3610 3199 contu-

2024 3226 2185 3282 melia
2240 3227 2809 3300 appropinquantibus
2835 3274 2849 3297 ,
2893 3231 3135 3290 inimicis
3200 3238 3558 3306 opprobrium
3591 3280 3608 3304 ,

2023 3318 2276 3389 cognatis
2319 3320 2605 3389 probrum,
2647 3336 2711 3374 ac
2744 3321 2986 3378 dedecus
3024 3325 3093 3380 iis
3142 3327 3234 3396 qui
3260 3320 3429 3383 simul
3460 3330 3613 3386 habi-

2022 3417 2173 3475 tant,
2206 3411 2637 3477 exsecrandum,
2681 3413 2839 3469 dolor
2877 3416 3215 3484 parentibus,
3253 3417 3474 3476 famulis
3511 3436 3615 3492 pu-

2021 3498 2225 3555 blicum
2258 3501 2578 3572 ludibrium,
2600 3503 2797 3558 vicinis
2826 3505 3059 3560 ridicula
3091 3510 3357 3573 narratio.
3397 3509 3455 3565 Si
3482 3514 3614 3568 velit

2024 3614 2253 3656 uxorem
2281 3599 2483 3656 ducere
2513 3641 2528 3666 ,
2570 3601 2926 3673 rejiciendus.
2972 3600 3032 3657 In
3068 3604 3425 3661 matrimonio
3487 3622 3616 3663 sus-

2026 3700 2221 3762 pectus
2255 3706 2517 3763 sponsus.
2549 3692 2712 3748 Pater
2761 3694 2887 3751 filiis
2938 3696 3166 3753 odiosus
3198 3737 3212 3761 ,
3261 3698 3616 3769 despicabilis

321 3798 699 3865 consiliarius,
751 3795 990 3867 largiens
1043 3793 1331 3865 ingratus,
1377 3795 1572 3862 petens
1625 3787 1912 3859 ingratior,
1953 3795 2210 3845 mortuus
2239 3793 2418 3860 magis
2450 3789 2709 3845 laborans
2774 3790 3024 3878 infamia.
3095 3791 3286 3851 Tantae
3345 3795 3617 3881 malorum

323 3889 699 3945 multitudinis
729 3896 962 3943 matrem
1001 3886 1197 3942 videns
1233 3883 1441 3940 Paulus
1470 3881 1919 3946 fornicationem,
1957 3881 2246 3938 victricem
2289 3884 2448 3940 nobis
2502 3885 2666 3940 modo
2742 3885 3070 3957 praecipiens
3126 3886 3337 3960 fugam,
3409 3889 3618 3945 clama-

320 3981 419 4037 bat
438 4001 456 4040 :
490 3979 682 4052 Fugite
709 3979 1134 4051 fornicationem.

396 4119 549 4191 Αὐτὴ
573 4120 609 4190 ἡ
630 4115 784 4187 φωνὴ
799 4114 1084 4170 νεανίσκου
1112 4129 1180 4179 με
1204 4111 1302 4165 νῦν
1320 4110 1596 4183 ἀνέμνησε
1621 4110 1917 4182 σώφρονος,

321 4215 454 4271 κατ’
480 4206 862 4280 Αἰγυπτιακῆς
909 4204 1168 4277 πορνείας
1207 4204 1296 4259 διὰ
1348 4205 1527 4275 φυγῆς
1567 4203 1921 4274 ἀριστεύσαν-

321 4325 439 4371 τος.
498 4303 692 4359 Καίτοι
744 4297 916 4353 πολλὰ
964 4296 1045 4367 τῷ
1096 4296 1364 4366 νεανίσκῳ
1407 4296 1508 4367 τὴν
1561 4294 1735 4348 πειθὼ
1782 4313 1917 4351 κατ-

2098 4111 2218 4168 Vox
2268 4112 2423 4169 Pauli
2473 4131 2623 4171 nunc
2650 4116 2814 4172 nobis
2861 4119 3142 4174 revocavit
3194 4120 3249 4174 in
3289 4125 3614 4182 memoriam

2024 4205 2284 4276 pudicum
2309 4205 2712 4264 adolescentem
2754 4209 2847 4279 qui
2890 4226 2950 4265 se
2981 4197 3199 4266 fortiter
3220 4196 3389 4282 gessit
3419 4217 3616 4272 adver-

2025 4313 2122 4354 sus
2149 4296 2533 4368 Egyptiacam
2560 4299 3006 4356 fornicationem.
3050 4302 3211 4372 Atqui
3246 4306 3416 4359 multa
3462 4318 3618 4364 erant

321 4397 643 4462 εσκεύαζεν,
676 4393 863 4467 ἡλικία
888 4390 1191 4462 φιλήδονος,
1223 4387 1468 4489 δουλεία-ς
1497 4387 1914 4489 cummagna

2027 4403 2147 4460 quae
2176 4389 2579 4444 adolescentem
2616 4388 2777 4445 facile
2809 4406 3029 4446 movere
3067 4404 3341 4461 poterant,
3386 4406 3447 4452 ut
3493 4416 3618 4471 per-

322 4511 425 4565 νης
472 4488 712 4564 ἐρωτικὴ
754 4483 1034 4541 κολακεία.
1078 4481 1351 4552 Ἐγένετο
1384 4481 1493 4552 γάρ
1530 4480 1776 4548 τοιαύτη
1825 4496 1917 4548 τις

321 4583 541 4654 ἡμέρα,
576 4581 731 4653 φησί,
754 4579 856 4634 καί
883 4574 1171 4645 εἰσῆλθεν
1207 4574 1431 4645 Ἰωσὴφ
1463 4578 1554 4641 εἰς
1578 4574 1699 4643 τὴν
1720 4574 1918 4629 οἰκίαν

323 4676 521 4731 ποιεῖν
558 4678 630 4730 τὰ
663 4674 808 4743 ἔργα
844 4669 1066 4734 αὑτοῦ,
1104 4667 1202 4723 καί
1239 4666 1438 4734 οὐδεὶς
1468 4664 1549 4738 ἦν
1594 4666 1714 4721 τῶν
1738 4667 1809 4721 ἐν
1841 4666 1919 4737 τῇ

322 4770 489 4837 οἰκίᾳ
514 4767 656 4831 ἔσω,
689 4765 787 4822 καί
817 4760 1212 4818 ἐπεσπάσατο
1244 4760 1283 4828 ἡ
1321 4759 1501 4826 κυρία
1529 4756 1648 4812 τῶν
1672 4759 1920 4828 ἱματίων

321 4857 536 4924 αὐτοῦ,
571 4858 841 4928 λέγουσα
869 4871 885 4887 ο
927 4854 1252 4925 Κοιμήθητι
1290 4853 1418 4922 μετ’
1451 4850 1618 4921 ἐμοῦ.
1648 4850 1811 4919 Μέγα
1855 4851 1919 4905 τὸ

321 4953 428 5023 τῆς
469 4948 822 5021 σωφροσύνης
858 4947 1077 5017 ἀξίωμα
1108 4962 1122 4978 ·
1146 4944 1239 4999 τοῦ
1267 4943 1454 4999 δούλου
1504 4943 1606 5014 τὴν
1630 4942 1918 4998 δέσποιναν

321 5041 699 5096 κατεσκεύασε
731 5038 944 5108 δούλην.
995 5036 1402 5108 Πεπυρωμένον
1444 5035 1547 5107 τῆς
1578 5035 1835 5108 πορνείας
1860 5036 1920 5089 τὸ

326 5132 518 5203 βέλος,
566 5133 680 5187 ἀλλ’
728 5132 863 5203 ὓλην
912 5130 1093 5202 ψυχῆς
1139 5129 1441 5200 καιομένης
1486 5130 1585 5200 οὐχ
1634 5121 1797 5200 εὗρε,
1838 5130 1922 5196 εἰς

322 5223 532 5294 ἐσθῆτα
576 5223 634 5277 δὲ
678 5223 778 5295 τὴν
813 5222 1059 5277 διάλυσιν
1104 5220 1263 5292 ἔσχεν
1297 5216 1666 5292 [καιομένην].
1707 5221 1776 5273 Ἠ
1819 5219 1920 5291 μὲν

321 5315 482 5383 ἔλεγε
515 5332 528 5346 ·
574 5314 904 5392 Κοιμήθηνι
954 5315 1084 5381 μετ’
1133 5311 1281 5384 ἐμοῦ
1305 5329 1320 5343 ·
1366 5313 1734 5384 ἀντεκήρυττε
1780 5312 1837 5366 δὲ
1883 5314 1917 5383 ἡ

324 5403 656 5477 σωφροσύνη
677 5403 759 5475 τῷ
785 5404 892 5474 νέῳ
910 5420 922 5434 ·
945 5402 1299 5474 Γρηγόρησον
1332 5401 1450 5473 μετ’
1477 5400 1613 5472 ἐμοῦ
1635 5415 1650 5431 °
1686 5401 1781 5454 καὶ
1805 5402 1921 5463 τοῖς

320 5498 510 5570 ἔργοις
533 5497 743 5559 ἐκεῖνος
776 5494 967 5568 ἐδήλου
994 5495 1058 5548 τὸ
1082 5493 1379 5565 ἄγρυπνον.
1413 5492 1489 5547 υύ
1521 5491 1632 5563 γάρ
1655 5491 1919 5557 ὲνύσταξε

320 5592 446 5651 ταῖς
472 5587 785 5652 κολακείαις
808 5589 838 5641 ό
864 5586 1038 5650 τόνος.
1086 5585 1199 5656 Ούχ
1224 5585 1475 5640 ὕπνωσεν
1510 5585 1544 5654 ἡ
1575 5582 1768 5656 γνώμη
1797 5587 1918 5647 ταῖς

322 5677 597 5748 ἐπῳδαῖς·
646 5676 784 5731 ἀλλὰ
835 5671 905 5747 ἦν
951 5674 1102 5745 αὐτῷ
1155 5677 1459 5748 πικροτέρα
1502 5673 1769 5744 λοιδορίας
1813 5674 1913 5746 τῆς

391 5855 445 5890 ²⁴
472 5851 607 5910 Gen.
633 5869 822 5923 xxxix,
856 5854 943 5921 li,
978 5854 1044 5909 i2
1075 5867 1197 5923 sqq.

2026 4480 2393 4537 suaderetur:
2418 4488 2553 4536 aetas
2570 4481 2781 4537 libidini
2801 4484 3062 4551 obnoxia,
3081 4486 3273 4558 jugum
3310 4493 3615 4559 servitutis,

2018 4571 2255 4627 dominae
2284 4573 2566 4629 amatoria:
2617 4573 2919 4640 blanditiae,
2974 4575 3043 4633 de
3092 4577 3373 4649 impudico
3433 4600 3620 4643 amore

2018 4674 2315 4734 perpetuus
2349 4679 2550 4731 sermo,
2584 4664 2654 4720 ad
2704 4668 3060 4723 concubitum
3125 4671 3267 4726 clam
3330 4674 3473 4729 facta
3522 4678 3620 4732 ad-

2018 4756 2281 4812 hortatio.
2320 4755 2451 4811 Fuit
2477 4759 2625 4814 enim
2666 4760 2864 4831 inquit,
2905 4762 3121 4832 quidam
3151 4763 3283 4831 dies,
3318 4776 3367 4820 et
3400 4768 3612 4837 ingres-

2018 4863 2111 4902 sus
2144 4857 2221 4903 est
2253 4847 2453 4919 Ioseph
2478 4852 2534 4904 in
2590 4851 2830 4917 domum,
2879 4863 2937 4908 ut
2993 4856 3191 4922 faceret
3227 4873 3387 4925 opera
3412 4877 3531 4921 sua,
3566 4870 3616 4915 ct

2018 4957 2171 4995 nemo
2202 4951 2317 4997 erat
2349 4958 2415 4998 ea:
2453 4945 2522 4998 iis
2568 4947 2657 5015 qui
2698 4947 2843 5001 domi
2890 4957 3078 5012 erant,
3129 4951 3310 5016 intus;
3349 4961 3400 5005 et
3450 4936 3615 5006 vestes

2018 5032 2133 5102 ejus
2166 5036 2395 5088 attraxit
2453 5035 2693 5102 domina,
2759 5038 2978 5094 dicens:
3042 5039 3228 5094 Dormi
3283 5057 3483 5096 mecum
3542 5043 3608 5097 ν.

2020 5122 2215 5196 Magna
2247 5135 2334 5182 est
2372 5127 2617 5198 dignitas
2656 5130 3038 5200 temperantia:
3071 5149 3082 5185 :
3111 5131 3391 5186 dominam
3435 5133 3617 5187 reddi-

2018 5217 2100 5273 dit
2131 5233 2344 5275 servam
2381 5222 2546 5276 servi.
2591 5220 2762 5294 [Nam
2807 5222 2885 5277 illi
2926 5222 3144 5293 quidem
3178 5223 3613 5294 supplicabatur,

2020 5311 2135 5366 haec
2168 5327 2300 5369 vero
2325 5314 2674 5385 supplicabat
2703 5312 2941 5385 :vDormi
2974 5314 3224 5388 mecum]
3261 5314 3493 5386 Ignitum
3530 5325 3616 5372 est

2017 5404 2185 5459 telum
2222 5403 2652 5475 fornicationis;
2696 5407 2792 5463 sed
2832 5423 2955 5477 quae
2993 5418 3350 5475 cremaretur,
3383 5423 3493 5464 non
3529 5409 3615 5463 in-

2016 5497 2167 5549 venit
2205 5496 2514 5562 materiam,
2551 5498 2664 5553 imo
2697 5512 2832 5552 vero
2865 5499 2920 5552 in
2950 5507 3104 5554 veste
3140 5496 3526 5591 fractumhfnit
3564 5496 3615 5554 et

2018 5585 2372 5646 dissolutum.
2413 5588 2568 5663 [Quae
2620 5589 3001 5646 fornicationis
3057 5578 3401 5647 circumdata
3418 5578 3614 5659 'impu-

2020 5676 2228 5747 dentia,
2261 5680 2536 5736 clamabat
2566 5701 2579 5736 :
2616 5681 2803 5737 Donni
2824 5698 3048 5739 mecum.
3076 5682 3443 5740 Fornicatorii
3472 5681 3613 5737 desi-
