4026 6428
502 364 610 424 495
1745 355 1800 412 S.
1835 350 2081 410 CREGO]

2198 345 2483 404 NYSSENI
3669 351 3783 409 496

500 484 637 540 derii
675 481 868 553 mugiit
903 480 1135 548 famem;
1179 479 1273 536 sed
1317 479 1498 552 pudici
1538 475 1714 548 magis
1741 473 2081 537 _obstruebat

2185 469 2471 541 δεσποίνης
2522 470 2554 540 ιλ
2614 471 2765 553 φωνὴ
2830 471 3157 544 κελευούσης
3199 489 3215 506 ο
3263 471 3589 543 Κοιμήθητι
3642 475 3779 541 μετ’

497 589 659 629 aures
678 550 803 644 (ΞΗ
833 571 966 626 Nam
995 569 1085 624 illa
1115 550 1334 642 quidem
1367 569 1603 632 dicebat,
1638 565 1823 620 Dormi
1843 577 2082 626 mecum;
2190 561 2358 631 ἐμοῦ.
2707 550 2712 555 ’

497 667 826 724 adolescenti
866 677 1047 722 autem
1079 678 1269 722 contra
1311 662 1686 736 proclamabat
1722 656 2082 728 temperantia
2106 675 2119 710 :
2144 655 2320 726 Vigila
2359 671 2612 713 mecum:
2648 667 2703 713 et
2755 658 2935 728 reipsa
2977 659 3220 714 ostendit
3247 659 3610 731 vigilantiam.
3653 660 3777 716 Non

496 760 641 815 enim
690 755 974 812 blanditiis
1025 757 1252 825 cedens,
1285 753 1601 810 dormitavit
1637 750 1806 806 robur
1839 747 2189 803 constantiai.
2237 745 2357 801 Non
2387 747 2490 802 fuit
2527 763 2683 805 mens
2727 751 2901 820 sOpita
2940 749 3442 818 incantationibus;
3501 769 3613 807 non
3669 753 3776 807 fuit

498 867 693 910 somno
729 865 992 923 oppressa
1022 850 1396 920 temperantia:
1429 847 1729 908 sobrietas;
1763 856 1873 896 non
1904 840 1972 894 iis
2003 854 2125 909 quae
2151 840 2490 912 implicatum
2525 841 2784 897 tenebant
2809 843 3177 900 incommodis
3208 843 3313 900 fuit
3342 843 3630 912 dissoluta,
3663 862 3773 899 non

495 942 765 1012 elegantis
811 939 998 994 formae
1043 945 1200 1007 capta
1235 944 1318 992 est
1360 933 1662 999 illecebris;
1699 945 1809 985 non
1842 931 2238 985 amatoriorum
2265 931 2555 986 verborum
2597 930 2769 987 fracta
2805 931 2906 987 fuit
2945 933 3268 994 blanditiis:
3305 938 3399 993 sed
3427 941 3577 993 omni
3616 944 3774 996 caluo

497 1038 644 1094 mnia
677 1035 778 1107 ipsi
805 1042 926 1089 erat
958 1031 1212 1087 acerbior
1241 1046 1343 1084 vox
1382 1029 1620 1086 dominae
1644 1026 1980 1082 blandientis
2013 1033 2068 1082 et
2095 1025 2364 1081 dicentis:
2388 1025 2576 1080 Dormi
2607 1043 2826 1082 mecum.

565 1175 804 1232 Paratus
835 1174 1017 1229 stabat
1068 1171 1318 1226 diabolus
1349 1169 1605 1224 adulterii
1659 1166 1964 1238 prouubus,
2028 1174 2082 1220 et

497 1269 660 1325 simul
697 1282 822 1322 cum
864 1262 1538 1329 fornicatricestringebat
1556 1270 1784 1324 vestem,
1820 1259 2080 1315 etsorius

494 1366 614 1414 erat
653 1371 916 1412 ansarum
965 1371 1106 1425 quas
1139 1355 1256 1424 ipsa
1307 1353 1788 1424 appreliendebat;
1832 1351 1928 1406 sed
1980 1365 2078 1405 ne-

499 1449 726 1512 sciebat,
750 1464 809 1504 se
841 1447 1034 1503 luctari
1075 1461 1203 1501 cum
1233 1454 1494 1502 veterano
1525 1445 1730 1498 athleta
1784 1443 2079 1513 pudicitiae,

496 1546 552 1595 et
583 1539 678 1610 qui
731 1539 802 1594 ab
844 1538 992 1592 illius
1031 1537 1184 1592 ansis
1237 1552 1298 1592 se
1345 1535 1505 1590 facile
1545 1534 1801 1591 exuebat.
1856 1531 2071 1586 Relictis

495 1632 666 1698 enim,
693 1630 890 1700 inquit,
925 1623 1036 1684 suis
1077 1628 1298 1683 vestibus
1320 1629 1375 1682 in
1399 1625 1638 1681 manibus
1661 1625 1798 1696 ejus,
1829 1625 1986 1694 fugit,
2021 1631 2073 1678 et

2253 1165 2508 1235 Ἕτοιμος
2543 1169 2788 1238 εἱστήκει
2821 1169 2918 1238 τῆς
2949 1169 3194 1239 μοιχείας
3219 1168 3584 1240 νυμφαγωγὸς
3607 1169 3636 1222 ὁ
3665 1170 3773 1224 διά-

2180 1256 2369 1322 ϐολος,
2411 1258 2506 1311 καὶ
2557 1261 2885 1328 συνέσφιγγε
2919 1261 3020 1330 τὴν
3071 1261 3274 1332 ἐσθῆτα
3322 1264 3390 1331 τῇ
3446 1261 3642 1331 πόρνῃ,
3677 1245 3772 1313 καὶ

2179 1348 2290 1401 τῶν
2342 1351 2472 1419 παρ’
2506 1350 2720 1421 ἐκείνης
2773 1351 3146 1406 συνεκοινώνει
3175 1351 3386 1406 λαϐὣν⁹
3436 1351 3537 1404 οὐκ
3567 1351 3686 1421 ᾔδει
3714 1353 3772 1404 δὲ
3838 1412 3854 1426 ⁹

2178 1441 2398 1514 τεχνίτῃ
2429 1441 2675 1498 παλαίων
2703 1444 2908 1517 ἀθλητῇ
2942 1445 3432 1518 σωφροσύνης,καὶ
3463 1443 3647 1507 καλῶς
3673 1445 3771 1506 τὰς

2181 1535 2397 1606 ἐκείνης
2427 1535 2818 1606 ἀπεκδυομένῳ
2853 1537 3043 1600 λαϐάς.
3067 1536 3422 1591 Καταλιπὼν
3449 1535 3579 1606 γὰρ,
3613 1536 3768 1605 φησὶ,

2179 1625 2253 1678 τὰ
2279 1625 2475 1694 ἱμάτια
2503 1629 2690 1681 αὐτοῦ
2717 1630 2806 1692 είς
2835 1629 2944 1694 τὰς
2971 1628 3174 1698 χεῖρας
3194 1627 3404 1697 αὐτῆς,
3435 1628 3642 1698 ἔφυτε,
3670 1627 3772 1680 καὶ

497 1725 648 1793 foras
679 1724 859 1778 exivit.
906 1720 952 1776 0
981 1721 1200 1776 nudatis
1235 1721 1482 1776 sanctior
1514 1716 1884 1772 indumentis!
1932 1714 2073 1782 Quid

2185 1714 2437 1782 ἐξῆλθεν
2469 1716 2606 1781 ἔξω.
2651 1719 2716 1771 Ὦ
2757 1721 3031 1789 γυμνότης
3084 1716 3422 1790 [ἁγιωτέρα]
3454 1717 3772 1789 δικαιοτέρα

495 1813 667 1884 igitur
694 1810 1036 1882 Egyptiacae
1081 1809 1436 1880 impudicitiae
1491 1807 1715 1864 rabies?
1767 1821 1865 1862 sua
1897 1805 2072 1876 ipsius

495 1904 638 1957 mala
673 1903 728 1956 in
757 1900 1051 1971 Josephum
1093 1899 1328 1954 confert.
1364 1899 1431 1954 Et
1461 1897 1527 1951 ad
1570 1897 1828 1951 maritum
1884 1909 2078 1950 accur-

495 2007 648 2057 rens,
677 1991 889 2061 inquit:
925 1990 1214 2045 Adduzisti
1257 1990 1405 2043 nobis
1435 2004 1655 2058 puerum
1689 1986 1994 2053 Heln-(eum,
2019 1994 2078 2041 ut

494 2084 644 2140 nobis
663 2081 930 2147 illuderet,
981 2093 1033 2137 et
1083 2082 1221 2136 dixit
1263 2083 1421 2136 uxori
1470 2092 1596 2144 tum,
1645 2097 1762 2152 quia
1813 2081 2078 2152 hucusque

494 2176 682 2246 pudice
737 2176 1066 2231 conservavit
1110 2185 1258 2228 tuum
1294 2175 1467 2229 cubiie
1505 2191 1523 2228 :
1561 2174 1836 2228 Dormiam
1885 2184 2076 2228 tecum.

501 2268 794 2337 Postquam
817 2278 992 2322 autem
1017 2267 1212 2322 sustuli
1237 2283 1430 2331 vocem,
1459 2276 1506 2321 et
1530 2267 1849 2324 exclamavi.
1875 2267 2078 2322 dimisit

498 2361 639 2426 apud
671 2376 753 2414 me
780 2369 944 2414 vestes
976 2375 1126 2424 suas,
1160 2359 1394 2429 fugitque
1420 2367 1469 2412 et
1496 2374 1734 2429 egressus
1767 2369 1845 2413 est
1875 2359 2045 2428 foras.

570 2450 782 2506 Rursus
808 2451 1006 2521 Josepli
1059 2465 1155 2520 per
1215 2461 1421 2506 vestem
1464 2450 1740 2521 appetitur
1777 2453 2074 2508 calumnia.

499 2541 722 2597 Fratres
753 2542 907 2612 prius
941 2549 1163 2610 accepta
1193 2539 1314 2610 ejus
1338 2550 1510 2604 veste,
1534 2556 1631 2610 per
1660 2540 1808 2594 illam
1834 2540 2080 2610 improbe

497 2634 996 2697 calumniabantur,
1016 2633 1189 2688 fuisse
1207 2647 1330 2688 eum
1355 2646 1384 2685 a
1418 2630 1531 2686 fera
1557 2631 1874 2686 devoratum
1897 2650 1910 2686 :
1932 2647 2080 2687 nunc

498 2736 680 2781 autem
710 2726 828 2795 ipsa
866 2727 1052 2779 tunica
1090 2723 1212 2794 ejus
1265 2731 1486 2792 accepta
1538 2731 1764 2778 accusat
1817 2731 2078 2795 tanquam

497 2818 906 2884 fornicatorem.
936 2816 1178 2885 Joseplio
1211 2815 1470 2869 convenit
1498 2829 1599 2868 vox
1644 2813 1880 2880 Domini,
1927 2813 2077 2868 Divi-

496 2920 677 2961 serunt
711 2908 812 2962 sibi
845 2908 1154 2962 uestimenta
1194 2923 1331 2969 mea,
1370 2915 1420 2960 et
1467 2921 1631 2975 supra
1660 2915 1851 2961 vestem
1904 2923 2078 2960 meam

496 3001 753 3054 miserunt
792 2997 1136 3052 mendacium
1167 2997 1209 3049 ³.
1247 2996 1577 3051 Pudicorum
1615 2997 1882 3052 exercitui
1919 2997 2080 3053 dulce

495 3099 582 3146 est
610 3091 662 3145 id
701 3090 846 3160 quod
880 3089 1082 3144 dicitur
1111 3104 1140 3143 a
1177 3089 1476 3158 pudicitia;
1516 3088 1611 3144 sed
1639 3089 1692 3143 id
1715 3089 2078 3144 imbecillitati
2105 3057 2152 3121 Ο

496 3183 682 3238 carnis
711 3183 908 3237 durum
943 3189 1029 3235 est
1057 3189 1111 3236 et
1158 3179 1516 3236 laboriosum.
1549 3177 1594 3234 Ο
1647 3177 1879 3249 justam,
1913 3195 2078 3250 quam

499 3270 644 3326 Deus
675 3269 902 3341 Joseplii
933 3285 1123 3324 curam
1157 3269 1329 3340 gessit
1355 3270 1367 3322 l
1398 3270 1541 3324 Ante
1567 3269 1897 3324 tentationes
1923 3268 2080 3324 .lose-

495 3362 663 3432 phum
696 3377 804 3414 non
847 3358 1161 3423 honoravit,
1205 3357 1302 3414 sed
1327 3373 1423 3427 per
1447 3357 1660 3412 somnia
1707 3357 1948 3412 ostendit
1993 3357 2081 3411 fu-

495 3462 705 3520 turum,
739 3453 944 3508 docens
1001 3451 1147 3522 quod
1194 3453 1357 3521 longo
1419 3457 1545 3504 ante
1612 3456 1856 3520 tempore
1910 3450 2080 3520 justis

495 3547 710 3618 paravit
735 3545 960 3616 gloriam
986 3561 999 3597 :
1029 3542 1278 3613 permisit
1317 3549 1498 3597 autem
1535 3541 1937 3597 tcutationibus
1959 3555 2082 3609 pro-

495 3637 631 3692 bare
659 3635 1084 3698 adolescentem,
1115 3647 1276 3688 aures
1309 3632 1605 3686 occludens
1655 3631 1722 3685 iis
1767 3631 1862 3702 qui
1927 3630 2080 3687 dele-

497 3736 719 3782 ctantur
748 3726 968 3797 probris
996 3740 1058 3778 ac
1084 3724 1408 3779 maledictis.
1435 3723 1491 3778 Si
1519 3725 1662 3778 enim
1700 3740 1808 3778 non
1839 3723 2082 3779 dedisset
2114 3743 2127 3756 -

495 3816 737 3885 Joseplio
781 3815 1184 3884 probationem,
1235 3813 1509 3868 dixissent
1540 3813 1817 3878 maledici,
1853 3828 1885 3866 a
1934 3827 2078 3869 caeca

501 3909 616 3962 haec
651 3907 764 3960 lieri
792 3906 1032 3959 fortuna.
1082 3903 1225 3958 Inter
1270 3902 1557 3974 [Egyptios
1605 3911 1797 3975 regnat
1849 3903 2077 3976 Josepli,

499 3997 753 4053 barbaris
834 3994 1148 4050 dominatur
1211 3994 1678 4048 adolescentulus.
1771 3994 2078 4060 Quamnam

497 4087 740 4145 ostendit
813 4085 1128 4141 virtutem?
1214 4082 1323 4138 Pro
1399 4099 1634 4153 quanam
1705 4093 1792 4140 est
1878 4088 2081 4144 virtute

497 4185 602 4238 lioc
654 4177 980 4236 assecutus?
1036 4175 1115 4231 Ne
1177 4192 1307 4247 ergo
1371 4176 1484 4230 haec
1524 4176 1592 4230 de
1645 4175 1886 4249 Joseplio
1927 4179 2078 4234 dice-

493 4281 710 4338 rentur,
758 4271 814 4325 in
865 4283 989 4322 eum
1035 4267 1300 4338 permittit
1355 4265 1704 4331 tentationes,
1737 4275 1893 4321 uteie
1927 4267 2080 4337 justo

2181 1807 2486 1871 ἐνδύσεως-ι
2520 1809 2585 1862 Τί
2632 1809 2764 1877 γοῦν
2813 1809 2914 1880 τῆς
2969 1811 3346 1879 Αἰγυπτιακῆς
3394 1808 3691 1872 ἀκολασίας
3734 1810 3771 1880 ἡ

2178 1896 2385 1966 λύσσα;
2411 1897 2491 1951 Τά
2525 1899 2720 1966 ἑαυτῆς
2752 1899 2898 1954 κακὰ
2934 1899 3011 1970 τῷ
3051 1895 3247 1971 Ἰωσὴξρ
3282 1899 3617 1970 παρατίθησι
3638 1900 3770 1978 ’θεαὶ

2177 1988 2460 2059 δραμοῦσα
2497 1990 2634 2061 πρὸς
2670 1991 2762 2043 τὸν
2800 1990 2989 2062 ἄνδρα,
3037 1991 3204 2060 φησί·
3239 1991 3576 2059 Εὶσήγαγες
3622 1989 3771 2058 ’ἡμῖν

2180 2081 2364 2135 παῖδα
2412 2081 2682 2150 Ἑϐραῗυν
2727 2080 3029 2152 ἐμπαίζειν
3066 2081 3211 2150 ἡμῖν
3236 2099 3250 2112 ·
3277 2081 3410 2136 εἶπέ
3463 2099 3566 2151 μοι
3609 2081 3722 2150 γάρ
3749 2097 3765 2111 '

2180 2172 2627 2242 Κοιμηθήσομαι
2670 2172 2820 2242 μετὰ
2850 2173 2987 2226 σοῦ.
3041 2173 3136 2238 Ὧς
3164 2172 3231 2226 δὲ
3259 2173 3480 2241 ὕψωσα
3511 2171 3628 2239 τὴν
3652 2188 3772 2240 φω-

2179 2263 2299 2331 νὴν
2333 2263 2433 2317 καί
2464 2264 2803 2332 ἀνεϐόησα.
2840 2262 3033 2334 ἀφῆκε
3083 2265 3156 2319 τὰ
3198 2265 3396 2334 ἱμάτια
3447 2265 3587 2332 παρ’
3610 2263 3763 2333 ἐμοὶ,

2179 2354 2278 2408 καὶ
2297 2354 2502 2425 ἔφυγε.

2253 2444 2423 2497 Πάλιν
2461 2445 2659 2515 Ἰωσὴφ
2691 2445 2758 2498 δι’
2787 2446 3012 2518 ἐσθῆτος
3046 2448 3479 2516 συκοφαντεῖται.
3521 2445 3766 2514 ’Δδελφοὶ

2181 2536 2446 2608 πρότερον
2485 2537 2651 2591 αὑτοῦ
2681 2539 2772 2592 τὸν
2823 2539 3026 2608 χιτῶνα
3070 2538 3324 2602 λαϐόντες
3351 2538 3429 2601 ὡς
3459 2537 3765 2608 θηριόϐρω-

2178 2644 2271 2680 τον
2302 2628 2466 2682 αὐτὸν
2507 2629 2574 2682 δι’
2605 2629 2814 2683 ἐκείνου
2846 2629 3244 2699 ἐσυκοφάντουν
3270 2628 3595 2700 κακούργως
3617 2644 3629 2657 ⁸
3667 2628 3766 2680 νῦν

2180 2719 2343 2772 αὐτὸν
2374 2719 2466 2773 τὸν
2500 2720 2700 2791 χιτῶνα
2735 2719 2973 2774 λαϐοῦσα
3005 2720 3277 2774 διαϐάλλει
3309 2719 3584 2790 πορνείας.
3619 2718 3766 2789 Πρέ-

2181 2827 2360 2865 πουσα
2377 2811 2457 2883 τῷ
2482 2813 2676 2883 Ἰωσὴφ
2699 2815 2733 2884 ἡ
2753 2811 2846 2865 τοῦ
2870 2813 3137 2866 Δεσπότου
3161 2811 3770 2883 φωνὴ,Διεμερι’σαντο

2180 2903 2254 2957 τὰ
2299 2902 2497 2973 ἱμάτιά
2517 2920 2638 2971 μου
2683 2901 2906 2972 ἑαυτῆς
2935 2902 3243 2976 [ἐαμτοῒςῙ.
3303 2901 3440 2956 Ἀλλ’
3472 2901 3518 2955 ὣ
3548 2901 3649 2972 τῆς
3686 2901 3768 2954 διο

2181 2994 2342 3058 καίας
2370 2994 2462 3047 ἐπὶ
2495 2993 2572 3065 τῷ
2627 2995 2823 3065 Ἰωσὴφ
2867 2995 3017 3066 παρὰ
3066 2995 3201 3049 Θεοῦ
3252 2994 3616 3067 προστασίαςι
3655 2993 3769 3064 Πρὸ

2183 3082 2290 3154 γὰρ
2343 3081 2454 3136 τῶν
2495 3083 2814 3154 πειρασμῶν
2851 3084 2944 3137 τὸν
2984 3086 3180 3155 Ἰωσὴφ
3208 3085 3308 3138 οὐκ
3341 3085 3618 3157 ἐτίμησεν,
3649 3083 3767 3137 ἀλλ’

2184 3172 2352 3240 ἔδειξε
2381 3173 2447 3227 δι’
2470 3175 2762 3246 ὀνειράτων
2794 3177 2856 3230 τὸ
2892 3178 3102 3249 μέλλον,
3125 3178 3392 3232 διδάσκων
3423 3179 3505 3231 ὅτι
3543 3177 3766 3251 πόρρω-

2185 3262 2276 3317 θεν
2319 3264 2546 3330 δικαίοις
2581 3267 2679 3337 τὴν
2723 3267 2878 3332 δόξαν
2916 3270 3215 3342 ηὐτρέπισε
3257 3285 3272 3301 ο
3323 3268 3666 3342 συνεχώρησε
3708 3266 3768 3320 δὲ

2182 3354 2278 3409 τοῦ
2320 3357 2626 3429 πειρασμοῦ
2666 3359 2958 3432 δοκιμάσαι
2985 3361 3075 3416 τὸν
3114 3363 3254 3427 νέον,
3285 3362 3386 3427 τὰς
3409 3362 3518 3415 τῶν
3542 3359 3765 3431 φιλοψό-

2183 3463 2296 3517 γων
2347 3450 2651 3505 ἀποκλείων
2695 3454 2898 3520 φωνάς.
2939 3453 3177 3525 Δοκιμὴν
3217 3453 3326 3525 γὰρ
3372 3456 3446 3526 μὴ
3475 3455 3768 3522 δεδωκὰτος

2181 3537 2276 3591 τοῦ
2317 3540 2536 3612 Ἰωσὴφ,
2574 3544 2623 3596 oi
2656 3542 2935 3613 φιλόψογοι
2964 3545 3028 3599 ἂν
3059 3544 3266 3614 ἔλεγον,
3300 3547 3588 3617 συντυχίας
3627 3543 3770 3601 εἶναι

2182 3631 2387 3700 ωφλῆς
2407 3632 2476 3685 τά
2505 3634 2808 3703 πράγματα
2844 3635 3177 3704 Αἰγυπτίων.
3227 3637 3420 3707 Ἰωσὴφ
3467 3637 3769 3708 βασιλεύει,

2184 3723 2279 3775 καὶ
2309 3722 2602 3796 βαρϐάρων
2646 3726 2896 3791 δεσπόζει
2927 3727 3232 3795 παιδάριον.
3265 3729 3430 3783 Ποίαν
3452 3728 3650 3800 ἀρετὴν
3681 3730 3771 3782 ὲν-

2181 3813 2534 3884 δειξάμενονς
2599 3817 2738 3888 ὑπὲρ
2799 3818 2956 3882 ποίας
3025 3817 3214 3872 τούτου
3278 3819 3468 3890 ἔτυχεν
3524 3819 3768 3891 ἀρετῆς;

2185 3903 2301 3956 Ἵνα
2338 3899 2430 3956 οὖν
2461 3905 2631 3958 ταῦτα
2677 3907 2804 3976 περὶ
2852 3906 2946 3959 τοῦ
2993 3907 3202 3961 δικαίου
3239 3909 3312 3979 μὴ
3346 3909 3604 3979 λέγηται,
3631 3927 3772 3980 προ-

2182 3992 2478 4063 λαμϐάνων
2507 3995 2536 4046 ὁ
2567 3994 2701 4059 Θεὸς
2731 3997 2860 4060 τοὺς
2908 3997 2997 4049 ἐπ’
3036 3997 3202 4050 αὑτὸν
3255 4000 3594 4070 πειρασμοὺς
3631 4015 3770 4066 συγ-

2183 4087 2370 4155 χωρεῖ,
2397 4084 2540 4139 ὥστε
2580 4084 2678 4156 τὴν
2711 4085 2798 4138 ἐπ’
2847 4087 3041 4156 ἐκείνῳ
3087 4085 3166 4158 τῷ
3217 4087 3411 4158 δικαίῳ
3459 4087 3772 4158 μαρτυρίαν

2181 4176 2435 4242 γενέσθαι
2469 4219 2483 4243 ,
2515 4178 2609 4230 καὶ
2657 4177 2824 4247 ῥάψαι
2875 4177 2983 4231 τῶν
3018 4177 3324 4248 φιλοψόγων
3377 4180 3447 4234 τὰ
3494 4179 3766 4250 στόματα.

2194 4269 2690 4341 Ἀποστρεψώμεθα
2745 4271 2925 4324 τοίνυν
2971 4273 3066 4336 τὰς
3124 4273 3190 4324 ὲκ
3232 4272 3446 4342 μορφῆς
3499 4274 3770 4344 πορνικῆς

493 4368 614 4418 .v'iro
646 4363 850 4417 ferrent
881 4359 1280 4426 testimonium,
1309 4366 1365 4414 et
1385 4359 1735 4415 obstruerent
1767 4374 1864 4413 ora
1909 4360 2080 4414 male-

2185 4358 2554 4430 ἐπερχομένας
2579 4361 2757 4429 βολάς.
2778 4361 3060 4433 Κλείωμεν
3080 4363 3284 4432 ἀσελγῆ
3293 4379 3423 4431 μασι
3443 4362 3502 4415 τὸ
3523 4362 3768 4432 βλέμμα,

499 4454 772 4508 dit-orum.
814 4451 1145 4506 Aversemur
1175 4463 1325 4517 ergo,
1369 4464 1492 4519 quae
1524 4463 1555 4502 a
1605 4449 1782 4504 forma
1825 4449 2075 4504 meretri-

499 4546 584 4598 i-ia
621 4545 674 4597 in
707 4558 809 4596 nos
833 4540 1349 4610 jaciunturjacula.
1397 4539 1733 4597 Claudamus
1763 4541 1957 4596 oculos
2010 4542 2085 4595 la-

499 4633 705 4695 Sciviaa,
736 4647 766 4684 a
801 4631 960 4686 nobis
1022 4631 1307 4684 rideantur
1358 4629 1672 4698 voluptates
1727 4629 2078 4697 inordinata},

499 4739 724 4781 carnem
755 4722 1029 4779 custodiat
1055 4721 1435 4792 temperantia,
1463 4722 1517 4774 in
1555 4721 1815 4777 membris
1863 4721 2082 4777 inhabi-

499 4827 578 4875 tet
607 4819 841 4890 puritas.
898 4813 1195 4871 Versemur
1234 4814 1289 4867 in
1321 4812 1747 4883 cogitationibus
1804 4813 2075 4880 honestis,

497 4909 764 4966 bonorum
789 4921 1015 4978 operum
1046 4904 1433 4977 splendeamus
1465 4902 1806 4973 fulgoribus:
1861 4921 2078 4975 expur-

2185 4452 2600 4523 φρουραρχείτω
2650 4452 2752 4514 τὴν
2800 4454 2978 4522 σάρκα
3035 4453 3398 4525 σωφροσύνη,
3459 4453 3772 4524 καθαρότης

2181 4541 2458 4593 ἐνοικείτω
2498 4545 2609 4602 τοῖς
2646 4541 2886 4610 μέλεσιν,
2921 4543 3008 4596 ἵνα
3049 4543 3223 4607 οὕτως
3269 4545 3355 4614 εἴη
3381 4545 3440 4596 τὸ
3486 4543 3642 4612 σῶμα
3671 4543 3770 4596 τοῦ

2181 4631 2494 4700 ιίνεὺματος
2525 4633 2836 4703 οἰκητήριον
2856 4650 2867 4662 ’
2905 4633 3300 4705 ἐπιγράψωμεν
3339 4633 3469 4688 αὐτὸ
3493 4615 3773 4703 ἐπίγραμ-

2181 4740 2259 4793 μα
2279 4723 2732 4796 [ὲπιγράμματι],
2758 4724 2855 4796 τὴν
2885 4725 3120 4795 φοϐερὰν
3144 4730 3255 4789 τοῖς
3286 4726 3602 4786 ἀκολάστοις
3623 4741 3766 4794 παρ-

2183 4815 2441 4885 αγγελίαν
2470 4817 2604 4887 βοῶν
2640 4816 2880 4889 [βοῶντι]
2902 4833 2914 4846 ⁸
2943 4818 3019 4870 EI
3043 4836 3132 4885 τις
3161 4819 3268 4872 τὸν
3297 4818 3448 4879 ναὸν
3473 4817 3579 4871 τοῦ
3615 4817 3768 4871 Θεοῦ

2184 4908 2431 4976 ερθεῲει,
2459 4908 2665 4978 φθερεῖ
2701 4909 2920 4964 τοῦτον
2968 4912 3000 4963 ό
3044 4911 3207 4976 Θεός.

495 5015 620 5078 gata
650 5004 762 5058 vita
794 5001 1138 5065 cniteamus;
1175 5012 1561 5054 conservemus
1599 4997 1858 5051 mundum
1896 5015 2098 5069 corpus
2135 5001 2459 5056 habitationi
2498 5003 2674 5057 sancti
2709 5003 2970 5074 Spiritus,
3001 5004 3050 5059 ei
3089 5005 3438 5061 ascribamus
3481 5005 3586 5059 hoc
3640 5020 3768 5074 pm-

496 5110 712 5170 ceptum
756 5093 1104 5150 formidabile
1142 5091 1212 5147 iis
1245 5091 1339 5162 qui
1387 5097 1517 5146 sunt
1559 5090 1862 5159 impudici:
1896 5089 1956 5144 Si
1993 5093 2111 5161 quis
2152 5091 2401 5160 templum
2447 5093 2544 5148 Dei
2585 5095 2778 5163 perdit,
2818 5095 2999 5164 perdet
3055 5113 3176 5150 eum
3211 5097 3350 5151 Deus
3375 5097 3416 5151 ⁸.
3459 5096 3688 5168 [Verum
3743 5117 3773 5150 a

497 5194 655 5248 nobis
695 5207 762 5245 ne
795 5190 1064 5244 tantillum
1096 5187 1315 5258 quidem
1342 5186 1557 5258 scjungi
1589 5187 1726 5240 vult.
1772 5186 1914 5252 Quid
1972 5189 2118 5242 enim

2196 5192 2337 5260 patri
2396 5198 2482 5248 est
2531 5191 2853 5261 jucundius,
2911 5208 3075 5263 quam
3133 5195 3341 5250 versari
3395 5208 3518 5247 cum
3586 5195 3773 5250 charis

499 5282 657 5338 tiliis?
690 5279 797 5334 Sed
831 5281 1090 5350 quoniam
1158 5294 1260 5334 nos
1328 5288 1487 5332 vocat
1543 5277 1783 5334 Verbum
1841 5281 1905 5334 ad
1966 5281 2269 5337 certamina
2329 5284 2571 5354 pietatis,
2635 5296 2850 5356 Oportet
2889 5301 2991 5341 nos
3022 5301 3247 5342 currere
3280 5286 3346 5340 ad
3387 5293 3539 5354 septa
3594 5285 3776 5340 Eccle-

502 5379 615 5440 size,
642 5376 834 5431 ascitis
863 5390 1087 5446 precum
1123 5374 1362 5427 auxiliis.
1392 5372 1660 5427 Caeterum
1694 5373 1825 5428 illud
1860 5383 2098 5430 vestram
2135 5377 2397 5432 adhortor
2439 5379 2786 5443 cbaritatem,
2861 5378 3298 5434 ecclesiasticum
3359 5377 3604 5432 ordinem
3651 5393 3775 5431 con-

502 5479 732 5547 scriatc,
769 5477 820 5521 et
855 5469 899 5523 si
928 5468 1094 5537 aliqui
1127 5467 1336 5520 irruant
1384 5467 1670 5531 tumultus,
1700 5483 1796 5523 eos
1856 5469 2116 5538 patientia
2159 5470 2380 5540 vincite,
2412 5482 2468 5530 et
2502 5475 2746 5530 lenitate.
2814 5471 3082 5529 Futurum
3151 5473 3298 5527 enim
3367 5481 3473 5538 est,
3542 5483 3600 5526 ut
3649 5488 3776 5543 pro-

573 5616 593 5647 ³
623 5615 780 5671 Joan.
813 5634 931 5684 xu,
953 5619 1045 5675 94.
1119 5620 1140 5651 "
1177 5619 1196 5673 l
1231 5621 1360 5676 Cor.
1391 5637 1470 5687 ιιι,
1506 5621 1594 5676 ΓΙ.

475 5827 483 5832 _
573 5747 652 5813 (ἳῖ
688 5747 861 5810 Uncis
891 5749 1103 5806 inclusa
1136 5767 1247 5810 non
1278 5763 1410 5812 sunt
1436 5754 1488 5809 in
1515 5754 1704 5812 Graeco
1731 5753 1854 5810 cod.
1887 5751 2084 5811 Visun.
