  <div class='ocr_page' id='page_1' title='image "/cluster/home/n/w/nwhite01/storage/ocr_20150623/46:no.3/coo.31924054869668/258.png"; bbox 0 0 4026 6450; ppageno 0'>
   <div class='ocr_carea' id='block_1_1' title="bbox 341 399 448 455">
    <p class='ocr_par' dir='ltr' id='par_1_1' title="bbox 341 399 448 455">
     <span class='ocr_line' id='line_1_1' title="bbox 341 399 448 455; baseline -0.019 0"><span class='ocrx_word' id='word_1_1' title='bbox 341 399 448 455; x_wconf 69' lang='grc'><strong>497</strong></span> 
     </span>
    </p>
   </div>
   <div class='ocr_carea' id='block_1_2' title="bbox 1760 419 2222 483">
    <p class='ocr_par' dir='ltr' id='par_1_2' title="bbox 1760 419 2222 483">
     <span class='ocr_line' id='line_1_2' title="bbox 1760 419 2222 483; baseline 0.022 -10"><span class='ocrx_word' id='word_1_2' title='bbox 1760 419 1850 475; x_wconf 88' lang='lat' dir='ltr'><strong>DE</strong></span> <span class='ocrx_word' id='word_1_3' title='bbox 1895 421 2222 483; x_wconf 76' lang='lat' dir='ltr'><strong>MORTUIS.</strong></span> 
     </span>
    </p>
   </div>
   <div class='ocr_carea' id='block_1_3' title="bbox 3524 455 3633 512">
    <p class='ocr_par' dir='ltr' id='par_1_3' title="bbox 3524 455 3633 512">
     <span class='ocr_line' id='line_1_3' title="bbox 3524 455 3633 512; baseline 0.018 -2"><span class='ocrx_word' id='word_1_4' title='bbox 3524 455 3633 512; x_wconf 69' lang='grc'><strong>498</strong></span> 
     </span>
    </p>
   </div>
   <div class='ocr_carea' id='block_1_4' title="bbox 343 516 3630 634">
    <p class='ocr_par' dir='ltr' id='par_1_4' title="bbox 343 516 3630 634">
     <span class='ocr_line' id='line_1_4' title="bbox 343 516 3630 634; baseline 0.016 -64"><span class='ocrx_word' id='word_1_5' title='bbox 343 516 557 624; x_wconf 78' lang='lat' dir='ltr'><strong>pediem</strong></span> <span class='ocrx_word' id='word_1_6' title='bbox 591 520 949 630; x_wconf 70' lang='lat' dir='ltr'><strong>corrigantur</strong></span> <span class='ocrx_word' id='word_1_7' title='bbox 1013 524 1132 584; x_wconf 68' lang='lat' dir='ltr'><strong>istae</strong></span> <span class='ocrx_word' id='word_1_8' title='bbox 1201 530 1396 587; x_wconf 80' lang='lat' dir='ltr'><strong>turbae.</strong></span> <span class='ocrx_word' id='word_1_9' title='bbox 1449 531 1631 591; x_wconf 85' lang='lat' dir='ltr'><strong>Nolite</strong></span> <span class='ocrx_word' id='word_1_10' title='bbox 1693 542 2005 608; x_wconf 88' lang='lat' dir='ltr'><strong>perturbari</strong></span> <span class='ocrx_word' id='word_1_11' title='bbox 2046 545 2384 617; x_wconf 76' lang='lat' dir='ltr'><strong>rumoribus,</strong></span> <span class='ocrx_word' id='word_1_12' title='bbox 2442 552 2604 624; x_wconf 74' lang='lat' dir='ltr'><strong>nugis</strong></span> <span class='ocrx_word' id='word_1_13' title='bbox 2652 569 2720 610; x_wconf 92' lang='lat' dir='ltr'><strong>ne</strong></span> <span class='ocrx_word' id='word_1_14' title='bbox 2772 560 3120 627; x_wconf 85' lang='lat' dir='ltr'><strong>moveamini,</strong></span> <span class='ocrx_word' id='word_1_15' title='bbox 3174 563 3272 619; x_wconf 87' lang='lat' dir='ltr'><strong>sed</strong></span> <span class='ocrx_word' id='word_1_16' title='bbox 3315 565 3630 634; x_wconf 85' lang='lat' dir='ltr'><strong>nobiscum,</strong></span> 
     </span>
    </p>
   </div>
   <div class='ocr_carea' id='block_1_5' title="bbox 344 613 3630 721">
    <p class='ocr_par' dir='ltr' id='par_1_5' title="bbox 344 613 3630 721">
     <span class='ocr_line' id='line_1_5' title="bbox 344 613 3630 721; baseline 0.015 -54"><span class='ocrx_word' id='word_1_17' title='bbox 344 613 437 683; x_wconf 85' lang='lat' dir='ltr'><strong>qui</strong></span> <span class='ocrx_word' id='word_1_18' title='bbox 470 618 758 721; x_wconf 65' lang='lat' dir='ltr'><strong>sumusin</strong></span> <span class='ocrx_word' id='word_1_19' title='bbox 791 619 874 721; x_wconf 63' lang='lat' dir='ltr'><strong>via</strong></span> <span class='ocrx_word' id='word_1_20' title='bbox 899 623 1151 721; x_wconf 78' lang='lat' dir='ltr'><strong>comites,</strong></span> <span class='ocrx_word' id='word_1_21' title='bbox 1193 641 1388 721; x_wconf 83' lang='lat' dir='ltr'><strong>preces</strong></span> <span class='ocrx_word' id='word_1_22' title='bbox 1411 629 1476 684; x_wconf 90' lang='lat' dir='ltr'><strong>ad</strong></span> <span class='ocrx_word' id='word_1_23' title='bbox 1507 630 1676 686; x_wconf 91' lang='lat' dir='ltr'><strong>Deum</strong></span> <span class='ocrx_word' id='word_1_24' title='bbox 1709 635 1960 701; x_wconf 85' lang='lat' dir='ltr'><strong>emittite,</strong></span> <span class='ocrx_word' id='word_1_25' title='bbox 2004 647 2065 693; x_wconf 89' lang='lat' dir='ltr'><strong>ut</strong></span> <span class='ocrx_word' id='word_1_26' title='bbox 2098 645 2299 700; x_wconf 90' lang='lat' dir='ltr'><strong>vestris</strong></span> <span class='ocrx_word' id='word_1_27' title='bbox 2345 613 2650 704; x_wconf 69' lang='lat' dir='ltr'><strong>confirmati</strong></span> <span class='ocrx_word' id='word_1_28' title='bbox 2692 653 2982 721; x_wconf 81' lang='lat' dir='ltr'><strong>precibus,</strong></span> 
     </span>
    </p>
   </div>
   <div class='ocr_carea' id='block_1_6' title="bbox 342 707 3632 818">
    <p class='ocr_par' dir='ltr' id='par_1_6' title="bbox 342 707 3632 818">
     <span class='ocr_line' id='line_1_6' title="bbox 342 707 3632 818; baseline 0.016 -59"><span class='ocrx_word' id='word_1_29' title='bbox 342 721 497 818; x_wconf 77' lang='lat' dir='ltr'><strong>pore,</strong></span> <span class='ocrx_word' id='word_1_30' title='bbox 521 707 731 818; x_wconf 58' lang='lat' dir='ltr'><strong>divinis</strong></span> <span class='ocrx_word' id='word_1_31' title='bbox 759 712 934 818; x_wconf 68' lang='lat' dir='ltr'><strong>adjuti</strong></span> <span class='ocrx_word' id='word_1_32' title='bbox 966 717 1175 776; x_wconf 84' lang='lat' dir='ltr'><strong>viribus</strong></span> <span class='ocrx_word' id='word_1_33' title='bbox 1213 738 1228 776; x_wconf 90' lang='lat'><strong>:</strong></span> <span class='ocrx_word' id='word_1_34' title='bbox 1266 720 1460 778; x_wconf 82' lang='lat' dir='ltr'><strong>Omnia</strong></span> <span class='ocrx_word' id='word_1_35' title='bbox 1487 741 1706 794; x_wconf 75' lang='lat' dir='ltr'><strong>possum</strong></span> <span class='ocrx_word' id='word_1_36' title='bbox 1745 731 1798 783; x_wconf 83' lang='lat' dir='ltr'><strong>in</strong></span> <span class='ocrx_word' id='word_1_37' title='bbox 1833 729 2067 803; x_wconf 81' lang='lat' dir='ltr'><strong>Christo,</strong></span> <span class='ocrx_word' id='word_1_38' title='bbox 2107 737 2200 806; x_wconf 84' lang='lat' dir='ltr'><strong>qui</strong></span> <span class='ocrx_word' id='word_1_39' title='bbox 2245 755 2326 794; x_wconf 81' lang='lat' dir='ltr'><strong>me</strong></span> <span class='ocrx_word' id='word_1_40' title='bbox 2355 745 2669 798; x_wconf 71' lang='lat' dir='ltr'><strong>corroborat</strong></span> <span class='ocrx_word' id='word_1_41' title='bbox 2692 707 2734 800; x_wconf 54' lang='grc' dir='ltr'>ί.</span> <span class='ocrx_word' id='word_1_42' title='bbox 2771 745 2872 801; x_wconf 88' lang='lat' dir='ltr'><strong>Cui</strong></span> <span class='ocrx_word' id='word_1_43' title='bbox 2899 707 3071 818; x_wconf 74' lang='lat' dir='ltr'><strong>gloria</strong></span> <span class='ocrx_word' id='word_1_44' title='bbox 3108 748 3165 803; x_wconf 88' lang='lat' dir='ltr'><strong>in</strong></span> <span class='ocrx_word' id='word_1_45' title='bbox 3207 753 3406 806; x_wconf 65' lang='lat' dir='ltr'><strong>saecula</strong></span> <span class='ocrx_word' id='word_1_46' title='bbox 3455 707 3632 809; x_wconf 55' lang='lat' dir='ltr'><strong>saecu-</strong></span> 
     </span>
    </p>
   </div>
   <div class='ocr_carea' id='block_1_7' title="bbox 345 799 820 878">
    <p class='ocr_par' dir='ltr' id='par_1_7' title="bbox 345 799 820 878">
     <span class='ocr_line' id='line_1_7' title="bbox 345 799 820 878; baseline 0.011 -25"><span class='ocrx_word' id='word_1_47' title='bbox 345 799 549 856; x_wconf 89' lang='lat' dir='ltr'><strong>lorum.</strong></span> <span class='ocrx_word' id='word_1_48' title='bbox 590 803 820 878; x_wconf 65' lang='lat' dir='ltr'><strong>Aurem]</strong></span> 
     </span>
    </p>
   </div>
   <div class='ocr_carea' id='block_1_8' title="bbox 411 981 915 1054">
    <p class='ocr_par' dir='ltr' id='par_1_8' title="bbox 411 981 915 1054">
     <span class='ocr_line' id='line_1_8' title="bbox 411 981 915 1054; baseline 0.02 -19"><span class='ocrx_word' id='word_1_49' title='bbox 411 982 434 1014; x_wconf 76' lang='grc' dir='ltr'><strong>ι</strong></span> <span class='ocrx_word' id='word_1_50' title='bbox 463 981 671 1054; x_wconf 86' lang='lat' dir='ltr'><strong>Philip.</strong></span> <span class='ocrx_word' id='word_1_51' title='bbox 709 999 787 1054; x_wconf 78' lang='lat' dir='ltr'><strong>IV,</strong></span> <span class='ocrx_word' id='word_1_52' title='bbox 824 988 915 1045; x_wconf 69' lang='grc' dir='ltr'>ιδ.</span> 
     </span>
    </p>
   </div>
   <div class='ocr_carea' id='block_1_9' title="bbox 367 1173 3619 1244">
    <p class='ocr_par' dir='ltr' id='par_1_9' title="bbox 367 1173 3619 1244">
     <span class='ocr_line' id='line_1_9' title="bbox 367 1173 3619 1244; baseline -0.001 -28"><span class='ocrx_word' id='word_1_53' title='bbox 367 1173 3619 1244; x_wconf 49' lang='lat' dir='ltr'><strong>Mrm</strong></span> 
     </span>
    </p>
   </div>
   <div class='ocr_carea' id='block_1_10' title="bbox 1443 1349 2557 1448">
    <p class='ocr_par' dir='ltr' id='par_1_10' title="bbox 1443 1349 2557 1448">
     <span class='ocr_line' id='line_1_10' title="bbox 1443 1349 2557 1448; baseline 0.011 -14"><span class='ocrx_word' id='word_1_54' title='bbox 1443 1350 1672 1437; x_wconf 90' lang='grc' dir='ltr'><strong>ΤΟΥ</strong></span> <span class='ocrx_word' id='word_1_55' title='bbox 1759 1349 2137 1443; x_wconf 82' lang='grc' dir='ltr'>ΑΥΤΟΥ</span> <span class='ocrx_word' id='word_1_56' title='bbox 2190 1357 2557 1448; x_wconf 91' lang='grc' dir='ltr'>ΛΟΓΟΣ</span> 
     </span>
    </p>
   </div>
   <div class='ocr_carea' id='block_1_11' title="bbox 450 1523 1935 1606">
    <p class='ocr_par' dir='ltr' id='par_1_11' title="bbox 450 1523 1935 1589">
     <span class='ocr_line' id='line_1_11' title="bbox 450 1523 1935 1589; baseline 0.009 -13"><span class='ocrx_word' id='word_1_57' title='bbox 450 1523 655 1578; x_wconf 84' lang='grc' dir='ltr'><strong>ΠΡΟΣ</strong></span> <span class='ocrx_word' id='word_1_58' title='bbox 707 1524 894 1578; x_wconf 86' lang='grc' dir='ltr'>ΤΟΥΣ</span> <span class='ocrx_word' id='word_1_59' title='bbox 933 1527 1418 1586; x_wconf 80' lang='grc' dir='ltr'><strong>ΠΕΝΘΟΥΝΤΑΣ</strong></span> <span class='ocrx_word' id='word_1_60' title='bbox 1471 1530 1599 1586; x_wconf 81' lang='grc' dir='ltr'><strong>ΕΙΠ</strong></span> <span class='ocrx_word' id='word_1_61' title='bbox 1642 1537 1807 1589; x_wconf 84' lang='grc' dir='ltr'><strong>ΤΟΙΣ</strong></span> <span class='ocrx_word' id='word_1_62' title='bbox 1843 1539 1935 1589; x_wconf 76' lang='lat' dir='ltr'><strong>AI]</strong></span> 
     </span>
    </p>
   </div>
   <div class='ocr_carea' id='block_1_12' title="bbox 2037 1523 3527 1606">
    <p class='ocr_par' dir='ltr' id='par_1_12' title="bbox 2046 1535 3527 1606">
     <span class='ocr_line' id='line_1_12' title="bbox 2046 1535 3527 1606; baseline 0.011 -16"><span class='ocrx_word' id='word_1_63' title='bbox 2046 1535 2189 1592; x_wconf 87' lang='grc' dir='ltr'>ΤΟΥ</span> <span class='ocrx_word' id='word_1_64' title='bbox 2227 1543 2605 1597; x_wconf 81' lang='grc' dir='ltr'><strong>ΠΑΡΟΝΤΟΣ</strong></span> <span class='ocrx_word' id='word_1_65' title='bbox 2646 1546 2808 1600; x_wconf 82' lang='grc' dir='ltr'>ΒΙΟΥ</span> <span class='ocrx_word' id='word_1_66' title='bbox 2844 1550 3038 1602; x_wconf 85' lang='grc' dir='ltr'><strong>ΠΡΟΣ</strong></span> <span class='ocrx_word' id='word_1_67' title='bbox 3099 1553 3239 1606; x_wconf 83' lang='grc' dir='ltr'><strong>ΤΟΝ</strong></span> <span class='ocrx_word' id='word_1_68' title='bbox 3279 1552 3527 1606; x_wconf 81' lang='grc' dir='ltr'><strong>ΑΙΔΙΟΝ</strong></span> 
     </span>
    </p>
   </div>
   <div class='ocr_carea' id='block_1_13' title="bbox 1673 1627 3456 1711">
    <p class='ocr_par' dir='ltr' id='par_1_13' title="bbox 1673 1627 3456 1711">
     <span class='ocr_line' id='line_1_13' title="bbox 1673 1627 3456 1711; baseline 0.007 -5"><span class='ocrx_word' id='word_1_69' title='bbox 1673 1653 1906 1708; x_wconf 68' lang='grc' dir='ltr'><strong>ΜΕΘΙΣ</strong></span> <span class='ocrx_word' id='word_1_70' title='bbox 1915 1655 2294 1711; x_wconf 65' lang='lat' dir='ltr'><strong>marmora.</strong></span> <span class='ocrx_word' id='word_1_71' title='bbox 3451 1627 3456 1634; x_wconf 68' lang='grc'><em>’</em></span> 
     </span>
    </p>
   </div>
   <div class='ocr_carea' id='block_1_14' title="bbox 1449 1990 2498 2086">
    <p class='ocr_par' dir='ltr' id='par_1_14' title="bbox 1449 1990 2498 2086">
     <span class='ocr_line' id='line_1_14' title="bbox 1449 1990 2498 2086; baseline 0.008 -8"><span class='ocrx_word' id='word_1_72' title='bbox 1449 1990 1988 2082; x_wconf 85' lang='lat' dir='ltr'><strong>EJUSDEM</strong></span> <span class='ocrx_word' id='word_1_73' title='bbox 2035 1993 2498 2086; x_wconf 82' lang='lat' dir='ltr'><strong>ORATIO</strong></span> 
     </span>
    </p>
   </div>
   <div class='ocr_carea' id='block_1_15' title="bbox 411 2173 3549 2256">
    <p class='ocr_par' dir='ltr' id='par_1_15' title="bbox 411 2173 3549 2256">
     <span class='ocr_line' id='line_1_15' title="bbox 411 2173 3549 2256; baseline 0.005 -26"><span class='ocrx_word' id='word_1_74' title='bbox 411 2175 560 2244; x_wconf 72' lang='grc' dir='ltr'><strong>ρυΑ</strong></span> <span class='ocrx_word' id='word_1_75' title='bbox 619 2173 880 2242; x_wconf 85' lang='lat' dir='ltr'><strong>DOCET,</strong></span> <span class='ocrx_word' id='word_1_76' title='bbox 955 2174 1119 2233; x_wconf 86' lang='lat' dir='ltr'><strong>NON</strong></span> <span class='ocrx_word' id='word_1_77' title='bbox 1173 2175 1360 2234; x_wconf 84' lang='lat' dir='ltr'><strong>ESSE</strong></span> <span class='ocrx_word' id='word_1_78' title='bbox 1410 2177 1836 2237; x_wconf 85' lang='lat' dir='ltr'><strong>DOLENDUM</strong></span> <span class='ocrx_word' id='word_1_79' title='bbox 1885 2183 1979 2240; x_wconf 87' lang='lat' dir='ltr'><strong>OB</strong></span> <span class='ocrx_word' id='word_1_80' title='bbox 2029 2183 2288 2242; x_wconf 80' lang='lat' dir='ltr'><strong><em>EORUM</em></strong></span> <span class='ocrx_word' id='word_1_81' title='bbox 2345 2186 2635 2243; x_wconf 82' lang='lat' dir='ltr'><strong>OBITUM</strong></span> <span class='ocrx_word' id='word_1_82' title='bbox 2697 2186 2830 2256; x_wconf 82' lang='lat' dir='ltr'><strong>QUI</strong></span> <span class='ocrx_word' id='word_1_83' title='bbox 2883 2185 2973 2242; x_wconf 84' lang='lat' dir='ltr'><strong>IN</strong></span> <span class='ocrx_word' id='word_1_84' title='bbox 3042 2187 3231 2243; x_wconf 85' lang='lat' dir='ltr'><strong>FIDE</strong></span> <span class='ocrx_word' id='word_1_85' title='bbox 3274 2189 3549 2249; x_wconf 84' lang='lat' dir='ltr'><strong>OBDOR-</strong></span> 
     </span>
    </p>
   </div>
   <div class='ocr_carea' id='block_1_16' title="bbox 1790 2298 2167 2358">
    <p class='ocr_par' dir='ltr' id='par_1_16' title="bbox 1790 2298 2167 2358">
     <span class='ocr_line' id='line_1_16' title="bbox 1790 2298 2167 2358; baseline 0.013 -5"><span class='ocrx_word' id='word_1_86' title='bbox 1790 2298 2167 2358; x_wconf 79' lang='lat' dir='ltr'><strong>MIERUNT.</strong></span> 
     </span>
    </p>
   </div>
   <div class='ocr_carea' id='block_1_17' title="bbox 1548 2453 2431 2523">
    <p class='ocr_par' dir='ltr' id='par_1_17' title="bbox 1548 2453 2431 2523">
     <span class='ocr_line' id='line_1_17' title="bbox 1548 2453 2431 2523; baseline 0.006 -19"><span class='ocrx_word' id='word_1_87' title='bbox 1548 2455 1700 2506; x_wconf 80' lang='lat' dir='ltr'><strong>Petro</strong></span> <span class='ocrx_word' id='word_1_88' title='bbox 1723 2453 1990 2508; x_wconf 77' lang='lat' dir='ltr'><strong>Francisco</strong></span> <span class='ocrx_word' id='word_1_89' title='bbox 2009 2458 2048 2506; x_wconf 89' lang='grc' dir='ltr'><strong><em>Ζ</em></strong></span> <span class='ocrx_word' id='word_1_90' title='bbox 2055 2455 2133 2508; x_wconf 83' lang='lat' dir='ltr'><strong>ino</strong></span> <span class='ocrx_word' id='word_1_91' title='bbox 2156 2456 2431 2523; x_wconf 80' lang='lat' dir='ltr'><strong>interprete.</strong></span> 
     </span>
    </p>
   </div>
   <div class='ocr_carea' id='block_1_18' title="bbox 413 2749 1935 2824">
    <p class='ocr_par' dir='ltr' id='par_1_18' title="bbox 413 2750 1935 2824">
     <span class='ocr_line' id='line_1_18' title="bbox 413 2750 1935 2824; baseline 0.001 -18"><span class='ocrx_word' id='word_1_92' title='bbox 413 2753 478 2806; x_wconf 83' lang='grc' dir='ltr'>Οἱ</span> <span class='ocrx_word' id='word_1_93' title='bbox 502 2751 600 2822; x_wconf 79' lang='grc' dir='ltr'>τὴν</span> <span class='ocrx_word' id='word_1_94' title='bbox 620 2750 925 2821; x_wconf 77' lang='grc' dir='ltr'><strong>ἀναγκαίαν</strong></span> <span class='ocrx_word' id='word_1_95' title='bbox 959 2751 1057 2822; x_wconf 87' lang='grc' dir='ltr'><strong>τῆς</strong></span> <span class='ocrx_word' id='word_1_96' title='bbox 1090 2751 1304 2822; x_wconf 79' lang='grc' dir='ltr'>φύσεως</span> <span class='ocrx_word' id='word_1_97' title='bbox 1333 2750 1493 2824; x_wconf 85' lang='grc' dir='ltr'>ἡμῶν</span> <span class='ocrx_word' id='word_1_98' title='bbox 1519 2752 1843 2806; x_wconf 76' lang='grc' dir='ltr'><strong>ἀκολουθίαν</strong></span> <span class='ocrx_word' id='word_1_99' title='bbox 1877 2753 1935 2807; x_wconf 87' lang='grc' dir='ltr'><strong>ἐν</strong></span> 
     </span>
    </p>
   </div>
   <div class='ocr_carea' id='block_1_19' title="bbox 2037 2749 3624 2824">
    <p class='ocr_par' dir='ltr' id='par_1_19' title="bbox 2110 2749 3624 2818">
     <span class='ocr_line' id='line_1_19' title="bbox 2110 2749 3624 2818; baseline 0.001 -12"><span class='ocrx_word' id='word_1_100' title='bbox 2110 2751 2214 2818; x_wconf 85' lang='lat' dir='ltr'><strong>Qui</strong></span> <span class='ocrx_word' id='word_1_101' title='bbox 2247 2749 2621 2806; x_wconf 86' lang='lat' dir='ltr'><strong>necessarium</strong></span> <span class='ocrx_word' id='word_1_102' title='bbox 2669 2757 2880 2804; x_wconf 80' lang='lat' dir='ltr'><strong>naturae</strong></span> <span class='ocrx_word' id='word_1_103' title='bbox 2910 2758 3114 2806; x_wconf 77' lang='lat' dir='ltr'><strong>nostrae</strong></span> <span class='ocrx_word' id='word_1_104' title='bbox 3171 2749 3426 2806; x_wconf 85' lang='lat' dir='ltr'><strong>ordinem</strong></span> <span class='ocrx_word' id='word_1_105' title='bbox 3462 2753 3516 2806; x_wconf 93' lang='lat' dir='ltr'><strong>in</strong></span> <span class='ocrx_word' id='word_1_106' title='bbox 3552 2753 3624 2808; x_wconf 85' lang='lat' dir='ltr'><strong>iis</strong></span> 
     </span>
    </p>
   </div>
   <div class='ocr_carea' id='block_1_20' title="bbox 340 2842 1929 2915">
    <p class='ocr_par' dir='ltr' id='par_1_20' title="bbox 340 2842 1929 2915">
     <span class='ocr_line' id='line_1_20' title="bbox 340 2842 1929 2915; baseline -0.001 -17"><span class='ocrx_word' id='word_1_107' title='bbox 340 2847 458 2909; x_wconf 82' lang='grc' dir='ltr'>τοῖς</span> <span class='ocrx_word' id='word_1_108' title='bbox 486 2843 721 2910; x_wconf 75' lang='grc' dir='ltr'><strong>ἐξιοῦσιν</strong></span> <span class='ocrx_word' id='word_1_109' title='bbox 753 2844 860 2896; x_wconf 79' lang='grc' dir='ltr'>ἀπὸ</span> <span class='ocrx_word' id='word_1_110' title='bbox 880 2842 973 2897; x_wconf 83' lang='grc' dir='ltr'><strong>τοῦ</strong></span> <span class='ocrx_word' id='word_1_111' title='bbox 1007 2843 1120 2915; x_wconf 85' lang='grc' dir='ltr'>βίου</span> <span class='ocrx_word' id='word_1_112' title='bbox 1154 2843 1444 2915; x_wconf 81' lang='grc' dir='ltr'>συμφορὰν</span> <span class='ocrx_word' id='word_1_113' title='bbox 1466 2842 1800 2914; x_wconf 85' lang='grc' dir='ltr'><strong>ποιούμενοι,</strong></span> <span class='ocrx_word' id='word_1_114' title='bbox 1834 2844 1929 2897; x_wconf 77' lang='grc' dir='ltr'>καὶ</span> 
     </span>
    </p>
   </div>
   <div class='ocr_carea' id='block_1_21' title="bbox 345 2931 1929 3006">
    <p class='ocr_par' dir='ltr' id='par_1_21' title="bbox 345 2931 1929 3006">
     <span class='ocr_line' id='line_1_21' title="bbox 345 2931 1929 3006; baseline 0 -20"><span class='ocrx_word' id='word_1_115' title='bbox 345 2932 812 3004; x_wconf 79' lang='grc' dir='ltr'>βαρυπενθοῦντες</span> <span class='ocrx_word' id='word_1_116' title='bbox 837 2933 929 2986; x_wconf 73' lang='grc' dir='ltr'><strong>ἐπὶ</strong></span> <span class='ocrx_word' id='word_1_117' title='bbox 951 2935 1064 2996; x_wconf 85' lang='grc' dir='ltr'>τοῖς</span> <span class='ocrx_word' id='word_1_118' title='bbox 1093 2932 1510 3004; x_wconf 81' lang='grc' dir='ltr'><strong>μεθισταμένοις</strong></span> <span class='ocrx_word' id='word_1_119' title='bbox 1545 2933 1654 2988; x_wconf 82' lang='grc' dir='ltr'>ἀπὸ</span> <span class='ocrx_word' id='word_1_120' title='bbox 1680 2931 1773 2986; x_wconf 81' lang='grc' dir='ltr'>τοῦ</span> <span class='ocrx_word' id='word_1_121' title='bbox 1801 2935 1929 3006; x_wconf 82' lang='grc' dir='ltr'>τῇδε</span> 
     </span>
    </p>
   </div>
   <div class='ocr_carea' id='block_1_22' title="bbox 346 3024 1929 3098">
    <p class='ocr_par' dir='ltr' id='par_1_22' title="bbox 346 3024 1929 3098">
     <span class='ocr_line' id='line_1_22' title="bbox 346 3024 1929 3098; baseline 0.001 -20"><span class='ocrx_word' id='word_1_122' title='bbox 346 3027 465 3096; x_wconf 80' lang='grc' dir='ltr'>βίου</span> <span class='ocrx_word' id='word_1_123' title='bbox 495 3025 631 3098; x_wconf 80' lang='grc' dir='ltr'>πρὸς</span> <span class='ocrx_word' id='word_1_124' title='bbox 658 3024 750 3078; x_wconf 77' lang='grc' dir='ltr'>τὸν</span> <span class='ocrx_word' id='word_1_125' title='bbox 783 3024 966 3094; x_wconf 82' lang='grc' dir='ltr'>νοερὸν</span> <span class='ocrx_word' id='word_1_126' title='bbox 992 3025 1088 3078; x_wconf 75' lang='grc' dir='ltr'>καὶ</span> <span class='ocrx_word' id='word_1_127' title='bbox 1120 3024 1432 3095; x_wconf 84' lang='grc' dir='ltr'>ἀσώματον,</span> <span class='ocrx_word' id='word_1_128' title='bbox 1459 3024 1519 3078; x_wconf 75' lang='grc' dir='ltr'><strong>οὗ</strong></span> <span class='ocrx_word' id='word_1_129' title='bbox 1562 3043 1654 3096; x_wconf 85' lang='grc' dir='ltr'><strong>μοι</strong></span> <span class='ocrx_word' id='word_1_130' title='bbox 1681 3026 1929 3080; x_wconf 82' lang='grc' dir='ltr'>δοκοῦσιν</span> 
     </span>
    </p>
   </div>
   <div class='ocr_carea' id='block_1_23' title="bbox 344 3114 1930 3187">
    <p class='ocr_par' dir='ltr' id='par_1_23' title="bbox 344 3114 1930 3187">
     <span class='ocr_line' id='line_1_23' title="bbox 344 3114 1930 3187; baseline 0 -16"><span class='ocrx_word' id='word_1_131' title='bbox 344 3115 685 3186; x_wconf 75' lang='grc' dir='ltr'><strong>ἐπεσκέφθαι</strong></span> <span class='ocrx_word' id='word_1_132' title='bbox 715 3115 816 3187; x_wconf 84' lang='grc' dir='ltr'>τὴν</span> <span class='ocrx_word' id='word_1_133' title='bbox 844 3114 989 3186; x_wconf 85' lang='grc' dir='ltr'>ζωὴν</span> <span class='ocrx_word' id='word_1_134' title='bbox 1017 3115 1320 3187; x_wconf 76' lang='grc' dir='ltr'>ήμῶνιῆτις</span> <span class='ocrx_word' id='word_1_135' title='bbox 1349 3118 1516 3184; x_wconf 72' lang='grc' dir='ltr'>ἐστὶν,</span> <span class='ocrx_word' id='word_1_136' title='bbox 1550 3117 1686 3171; x_wconf 85' lang='grc' dir='ltr'><strong>ἀλλά</strong></span> <span class='ocrx_word' id='word_1_137' title='bbox 1721 3117 1783 3171; x_wconf 81' lang='grc' dir='ltr'>τὸ</span> <span class='ocrx_word' id='word_1_138' title='bbox 1819 3117 1930 3172; x_wconf 82' lang='grc' dir='ltr'><strong>τῶν</strong></span> 
     </span>
    </p>
   </div>
   <div class='ocr_carea' id='block_1_24' title="bbox 344 3208 1930 3280">
    <p class='ocr_par' dir='ltr' id='par_1_24' title="bbox 344 3208 1930 3280">
     <span class='ocr_line' id='line_1_24' title="bbox 344 3208 1930 3280; baseline 0.002 -18"><span class='ocrx_word' id='word_1_139' title='bbox 344 3209 558 3263; x_wconf 82' lang='grc' dir='ltr'>πολλῶν</span> <span class='ocrx_word' id='word_1_140' title='bbox 604 3209 858 3278; x_wconf 83' lang='grc' dir='ltr'>πάσχειν,</span> <span class='ocrx_word' id='word_1_141' title='bbox 882 3208 933 3262; x_wconf 84' lang='grc' dir='ltr'><strong>οἳ</strong></span> <span class='ocrx_word' id='word_1_142' title='bbox 983 3209 1073 3262; x_wconf 87' lang='grc' dir='ltr'><strong>διά</strong></span> <span class='ocrx_word' id='word_1_143' title='bbox 1107 3225 1251 3272; x_wconf 86' lang='grc' dir='ltr'>τινος</span> <span class='ocrx_word' id='word_1_144' title='bbox 1278 3209 1492 3279; x_wconf 75' lang='grc' dir='ltr'>,ἀλόγου</span> <span class='ocrx_word' id='word_1_145' title='bbox 1544 3211 1828 3280; x_wconf 77' lang='grc' dir='ltr'><strong>συνηθείας</strong></span> <span class='ocrx_word' id='word_1_146' title='bbox 1869 3211 1930 3265; x_wconf 84' lang='grc' dir='ltr'>τὸ</span> 
     </span>
    </p>
   </div>
   <div class='ocr_carea' id='block_1_25' title="bbox 345 3297 1930 3373">
    <p class='ocr_par' dir='ltr' id='par_1_25' title="bbox 345 3297 1930 3373">
     <span class='ocr_line' id='line_1_25' title="bbox 345 3297 1930 3373; baseline 0.001 -18"><span class='ocrx_word' id='word_1_147' title='bbox 345 3301 524 3373; x_wconf 82' lang='grc' dir='ltr'>παρὸν</span> <span class='ocrx_word' id='word_1_148' title='bbox 547 3300 729 3365; x_wconf 83' lang='grc' dir='ltr'>αὐτοῖς</span> <span class='ocrx_word' id='word_1_149' title='bbox 758 3299 833 3364; x_wconf 85' lang='grc' dir='ltr'><strong>ῶς</strong></span> <span class='ocrx_word' id='word_1_150' title='bbox 848 3300 1012 3354; x_wconf 80' lang='grc' dir='ltr'>καλὸν</span> <span class='ocrx_word' id='word_1_151' title='bbox 1028 3300 1336 3369; x_wconf 78' lang='grc' dir='ltr'>ἀγαπῶσιν,</span> <span class='ocrx_word' id='word_1_152' title='bbox 1371 3297 1483 3354; x_wconf 78' lang='grc' dir='ltr'>οἷον</span> <span class='ocrx_word' id='word_1_153' title='bbox 1506 3301 1551 3354; x_wconf 85' lang='grc' dir='ltr'>δ’</span> <span class='ocrx_word' id='word_1_154' title='bbox 1575 3301 1641 3356; x_wconf 81' lang='grc' dir='ltr'>ἂν</span> <span class='ocrx_word' id='word_1_155' title='bbox 1661 3302 1766 3372; x_wconf 80' lang='grc' dir='ltr'>εἴη.</span> <span class='ocrx_word' id='word_1_156' title='bbox 1795 3302 1930 3356; x_wconf 80' lang='grc' dir='ltr'>Καί-</span> 
     </span>
    </p>
   </div>
   <div class='ocr_carea' id='block_1_26' title="bbox 342 3393 1930 3467">
    <p class='ocr_par' dir='ltr' id='par_1_26' title="bbox 342 3393 1930 3467">
     <span class='ocr_line' id='line_1_26' title="bbox 342 3393 1930 3467; baseline 0 -19"><span class='ocrx_word' id='word_1_157' title='bbox 342 3412 431 3448; x_wconf 81' lang='grc' dir='ltr'>τοι</span> <span class='ocrx_word' id='word_1_158' title='bbox 459 3412 522 3465; x_wconf 88' lang='grc' dir='ltr'><strong>γε</strong></span> <span class='ocrx_word' id='word_1_159' title='bbox 543 3395 634 3449; x_wconf 83' lang='grc' dir='ltr'>τὸν</span> <span class='ocrx_word' id='word_1_160' title='bbox 660 3394 802 3464; x_wconf 89' lang='grc' dir='ltr'>λόγῳ</span> <span class='ocrx_word' id='word_1_161' title='bbox 831 3395 925 3448; x_wconf 78' lang='grc' dir='ltr'>καὶ</span> <span class='ocrx_word' id='word_1_162' title='bbox 956 3393 1165 3465; x_wconf 79' lang='grc' dir='ltr'>διανοίᾳ</span> <span class='ocrx_word' id='word_1_163' title='bbox 1195 3395 1296 3465; x_wconf 86' lang='grc' dir='ltr'><strong>τῆς</strong></span> <span class='ocrx_word' id='word_1_164' title='bbox 1323 3394 1518 3462; x_wconf 83' lang='grc' dir='ltr'><strong>ἀλόγου</strong></span> <span class='ocrx_word' id='word_1_165' title='bbox 1560 3396 1773 3462; x_wconf 80' lang='grc' dir='ltr'>φύσεως</span> <span class='ocrx_word' id='word_1_166' title='bbox 1798 3412 1930 3467; x_wconf 86' lang='grc' dir='ltr'>προ-</span> 
     </span>
    </p>
   </div>
   <div class='ocr_carea' id='block_1_27' title="bbox 345 3484 1927 3557">
    <p class='ocr_par' dir='ltr' id='par_1_27' title="bbox 345 3484 1927 3557">
     <span class='ocr_line' id='line_1_27' title="bbox 345 3484 1927 3557; baseline -0.001 -17"><span class='ocrx_word' id='word_1_167' title='bbox 345 3487 699 3556; x_wconf 79' lang='grc' dir='ltr'><strong>τεταγμένον,</strong></span> <span class='ocrx_word' id='word_1_168' title='bbox 732 3485 868 3557; x_wconf 82' lang='grc' dir='ltr'>πρδς</span> <span class='ocrx_word' id='word_1_169' title='bbox 890 3484 1045 3540; x_wconf 85' lang='grc' dir='ltr'>τοῦτο</span> <span class='ocrx_word' id='word_1_170' title='bbox 1069 3486 1226 3553; x_wconf 83' lang='grc' dir='ltr'>μόνον</span> <span class='ocrx_word' id='word_1_171' title='bbox 1253 3486 1354 3556; x_wconf 82' lang='grc' dir='ltr'>τὴν</span> <span class='ocrx_word' id='word_1_172' title='bbox 1384 3486 1556 3556; x_wconf 80' lang='grc' dir='ltr'>ῥοπὴν</span> <span class='ocrx_word' id='word_1_173' title='bbox 1584 3485 1728 3555; x_wconf 78' lang='grc' dir='ltr'>ἔχειν</span> <span class='ocrx_word' id='word_1_174' title='bbox 1757 3502 1927 3556; x_wconf 87' lang='grc' dir='ltr'>προσ-</span> 
     </span>
    </p>
   </div>
   <div class='ocr_carea' id='block_1_28' title="bbox 346 3576 1929 3650">
    <p class='ocr_par' dir='ltr' id='par_1_28' title="bbox 346 3576 1929 3650">
     <span class='ocr_line' id='line_1_28' title="bbox 346 3576 1929 3650; baseline 0 -19"><span class='ocrx_word' id='word_1_175' title='bbox 346 3579 514 3649; x_wconf 86' lang='grc' dir='ltr'>ῆκεν,</span> <span class='ocrx_word' id='word_1_176' title='bbox 537 3578 605 3630; x_wconf 74' lang='grc' dir='ltr'><strong>ἵν’</strong></span> <span class='ocrx_word' id='word_1_177' title='bbox 629 3578 659 3632; x_wconf 84' lang='grc' dir='ltr'><strong>ὃ</strong></span> <span class='ocrx_word' id='word_1_178' title='bbox 684 3581 751 3650; x_wconf 80' lang='grc' dir='ltr'>τῇ</span> <span class='ocrx_word' id='word_1_179' title='bbox 780 3577 872 3631; x_wconf 82' lang='grc' dir='ltr'><strong>τοῦ</strong></span> <span class='ocrx_word' id='word_1_180' title='bbox 913 3576 1072 3646; x_wconf 86' lang='grc' dir='ltr'>λόγου</span> <span class='ocrx_word' id='word_1_181' title='bbox 1099 3576 1276 3648; x_wconf 84' lang='grc' dir='ltr'>κρίσει</span> <span class='ocrx_word' id='word_1_182' title='bbox 1317 3577 1483 3630; x_wconf 86' lang='grc' dir='ltr'>καλόν</span> <span class='ocrx_word' id='word_1_183' title='bbox 1503 3594 1563 3630; x_wconf 83' lang='grc' dir='ltr'><strong>τε</strong></span> <span class='ocrx_word' id='word_1_184' title='bbox 1594 3579 1685 3630; x_wconf 73' lang='grc' dir='ltr'><strong>καὶ</strong></span> <span class='ocrx_word' id='word_1_185' title='bbox 1714 3577 1929 3648; x_wconf 78' lang='grc' dir='ltr'>αἱρετὸν</span> 
     </span>
    </p>
   </div>
   <div class='ocr_carea' id='block_1_29' title="bbox 345 3669 1930 3741">
    <p class='ocr_par' dir='ltr' id='par_1_29' title="bbox 345 3669 1930 3741">
     <span class='ocr_line' id='line_1_29' title="bbox 345 3669 1930 3741; baseline -0.004 -14"><span class='ocrx_word' id='word_1_186' title='bbox 345 3671 723 3741; x_wconf 79' lang='grc' dir='ltr'>ἀναφαίνεται,</span> <span class='ocrx_word' id='word_1_187' title='bbox 760 3672 854 3725; x_wconf 80' lang='grc' dir='ltr'>καὶ</span> <span class='ocrx_word' id='word_1_188' title='bbox 903 3669 979 3740; x_wconf 81' lang='grc' dir='ltr'><strong>μὴ</strong></span> <span class='ocrx_word' id='word_1_189' title='bbox 1009 3669 1165 3724; x_wconf 82' lang='grc' dir='ltr'>τοῦτο</span> <span class='ocrx_word' id='word_1_190' title='bbox 1207 3669 1425 3732; x_wconf 83' lang='grc' dir='ltr'>πάντως</span> <span class='ocrx_word' id='word_1_191' title='bbox 1470 3669 1759 3741; x_wconf 82' lang='grc' dir='ltr'>αἱρεῖσθαι,</span> <span class='ocrx_word' id='word_1_192' title='bbox 1793 3671 1930 3741; x_wconf 84' lang='grc' dir='ltr'>ὅπερ</span> 
     </span>
    </p>
   </div>
   <div class='ocr_carea' id='block_1_30' title="bbox 345 3762 1928 3835">
    <p class='ocr_par' dir='ltr' id='par_1_30' title="bbox 345 3762 1928 3835">
     <span class='ocr_line' id='line_1_30' title="bbox 345 3762 1928 3835; baseline -0.003 -16"><span class='ocrx_word' id='word_1_193' title='bbox 345 3767 416 3819; x_wconf 78' lang='grc' dir='ltr'>ἂν</span> <span class='ocrx_word' id='word_1_194' title='bbox 455 3765 638 3829; x_wconf 79' lang='grc' dir='ltr'>αὐτοῖς</span> <span class='ocrx_word' id='word_1_195' title='bbox 670 3765 736 3818; x_wconf 89' lang='grc' dir='ltr'><strong>ἐκ</strong></span> <span class='ocrx_word' id='word_1_196' title='bbox 773 3762 1061 3834; x_wconf 81' lang='grc' dir='ltr'>συνηθείας</span> <span class='ocrx_word' id='word_1_197' title='bbox 1102 3762 1245 3826; x_wconf 81' lang='grc' dir='ltr'>τινὸς</span> <span class='ocrx_word' id='word_1_198' title='bbox 1291 3763 1387 3816; x_wconf 75' lang='grc' dir='ltr'>καὶ</span> <span class='ocrx_word' id='word_1_199' title='bbox 1424 3762 1646 3835; x_wconf 83' lang='grc' dir='ltr'>ἀκρίτου</span> <span class='ocrx_word' id='word_1_200' title='bbox 1676 3779 1928 3833; x_wconf 87' lang='grc' dir='ltr'>προσπα-</span> 
     </span>
    </p>
   </div>
   <div class='ocr_carea' id='block_1_31' title="bbox 347 3853 1932 3929">
    <p class='ocr_par' dir='ltr' id='par_1_31' title="bbox 347 3853 1932 3929">
     <span class='ocr_line' id='line_1_31' title="bbox 347 3853 1932 3929; baseline -0.001 -20"><span class='ocrx_word' id='word_1_201' title='bbox 347 3856 503 3920; x_wconf 85' lang='grc' dir='ltr'>θείας</span> <span class='ocrx_word' id='word_1_202' title='bbox 531 3857 625 3929; x_wconf 79' lang='grc' dir='ltr'><strong>ἡδύ</strong></span> <span class='ocrx_word' id='word_1_203' title='bbox 658 3873 718 3909; x_wconf 88' lang='grc' dir='ltr'><strong>τε</strong></span> <span class='ocrx_word' id='word_1_204' title='bbox 753 3856 844 3910; x_wconf 75' lang='grc' dir='ltr'>καὶ</span> <span class='ocrx_word' id='word_1_205' title='bbox 883 3853 1220 3925; x_wconf 86' lang='grc' dir='ltr'>καταθύμιον</span> <span class='ocrx_word' id='word_1_206' title='bbox 1249 3855 1519 3923; x_wconf 82' lang='grc' dir='ltr'>φαίνεται.</span> <span class='ocrx_word' id='word_1_207' title='bbox 1551 3855 1641 3908; x_wconf 89' lang='grc' dir='ltr'><strong>Διό</strong></span> <span class='ocrx_word' id='word_1_208' title='bbox 1674 3871 1763 3924; x_wconf 75' lang='grc' dir='ltr'><strong>μοι</strong></span> <span class='ocrx_word' id='word_1_209' title='bbox 1784 3854 1932 3908; x_wconf 81' lang='grc' dir='ltr'>δοκεῖ</span> 
     </span>
    </p>
   </div>
   <div class='ocr_carea' id='block_1_32' title="bbox 347 3945 1930 4019">
    <p class='ocr_par' dir='ltr' id='par_1_32' title="bbox 347 3945 1930 4019">
     <span class='ocr_line' id='line_1_32' title="bbox 347 3945 1930 4019; baseline -0.003 -15"><span class='ocrx_word' id='word_1_210' title='bbox 347 3948 530 4012; x_wconf 81' lang='grc' dir='ltr'>καλῶς</span> <span class='ocrx_word' id='word_1_211' title='bbox 554 3949 698 4019; x_wconf 75' lang='grc' dir='ltr'>ἔχειν</span> <span class='ocrx_word' id='word_1_212' title='bbox 730 3947 942 4017; x_wconf 79' lang='grc' dir='ltr'>ἐπινοίᾳ</span> <span class='ocrx_word' id='word_1_213' title='bbox 979 3947 1082 4001; x_wconf 84' lang='grc' dir='ltr'>τινὶ</span> <span class='ocrx_word' id='word_1_214' title='bbox 1102 3947 1204 4017; x_wconf 85' lang='grc' dir='ltr'><strong>τῆς</strong></span> <span class='ocrx_word' id='word_1_215' title='bbox 1231 3946 1366 4015; x_wconf 85' lang='grc' dir='ltr'>πρὸς</span> <span class='ocrx_word' id='word_1_216' title='bbox 1391 3946 1451 3999; x_wconf 75' lang='grc' dir='ltr'>τὸ</span> <span class='ocrx_word' id='word_1_217' title='bbox 1478 3945 1706 4017; x_wconf 85' lang='grc' dir='ltr'>σύνηθες</span> <span class='ocrx_word' id='word_1_218' title='bbox 1732 3947 1930 4009; x_wconf 81' lang='grc' dir='ltr'>αὐτοὺς</span> 
     </span>
    </p>
   </div>
   <div class='ocr_carea' id='block_1_33' title="bbox 345 4038 1931 4110">
    <p class='ocr_par' dir='ltr' id='par_1_33' title="bbox 345 4038 1931 4110">
     <span class='ocr_line' id='line_1_33' title="bbox 345 4038 1931 4110; baseline -0.002 -16"><span class='ocrx_word' id='word_1_219' title='bbox 345 4040 638 4103; x_wconf 81' lang='grc' dir='ltr'>διαθέσεως</span> <span class='ocrx_word' id='word_1_220' title='bbox 669 4040 1102 4110; x_wconf 85' lang='grc' dir='ltr'>ἀποστήσαντας,</span> <span class='ocrx_word' id='word_1_221' title='bbox 1137 4040 1488 4109; x_wconf 85' lang='grc' dir='ltr'>μεταγαγεῖν,</span> <span class='ocrx_word' id='word_1_222' title='bbox 1518 4038 1593 4101; x_wconf 83' lang='grc' dir='ltr'><strong>ὡς</strong></span> <span class='ocrx_word' id='word_1_223' title='bbox 1627 4038 1740 4091; x_wconf 79' lang='grc' dir='ltr'>ἔστι</span> <span class='ocrx_word' id='word_1_224' title='bbox 1769 4038 1931 4092; x_wconf 88' lang='grc' dir='ltr'>δυνα-</span> 
     </span>
    </p>
   </div>
   <div class='ocr_carea' id='block_1_34' title="bbox 2037 2842 3624 2914">
    <p class='ocr_par' dir='ltr' id='par_1_34' title="bbox 2037 2842 3624 2914">
     <span class='ocr_line' id='line_1_34' title="bbox 2037 2842 3624 2914; baseline 0 -16"><span class='ocrx_word' id='word_1_225' title='bbox 2037 2844 2130 2914; x_wconf 90' lang='lat' dir='ltr'><strong>qui</strong></span> <span class='ocrx_word' id='word_1_226' title='bbox 2160 2858 2192 2899; x_wconf 90' lang='lat' dir='ltr'><strong>e</strong></span> <span class='ocrx_word' id='word_1_227' title='bbox 2255 2844 2366 2898; x_wconf 87' lang='lat' dir='ltr'><strong>vita</strong></span> <span class='ocrx_word' id='word_1_228' title='bbox 2396 2842 2708 2905; x_wconf 87' lang='lat' dir='ltr'><strong>discedunt,</strong></span> <span class='ocrx_word' id='word_1_229' title='bbox 2760 2842 3125 2898; x_wconf 83' lang='lat' dir='ltr'><strong>calamitatem</strong></span> <span class='ocrx_word' id='word_1_230' title='bbox 3177 2843 3520 2907; x_wconf 85' lang='lat' dir='ltr'><strong>existimant,</strong></span> <span class='ocrx_word' id='word_1_231' title='bbox 3569 2853 3624 2899; x_wconf 87' lang='lat' dir='ltr'><strong>et</strong></span> 
     </span>
    </p>
   </div>
   <div class='ocr_carea' id='block_1_35' title="bbox 2035 2933 3621 3005">
    <p class='ocr_par' dir='ltr' id='par_1_35' title="bbox 2035 2933 3621 3005">
     <span class='ocr_line' id='line_1_35' title="bbox 2035 2933 3621 3005; baseline -0.002 -14"><span class='ocrx_word' id='word_1_232' title='bbox 2035 2951 2131 2992; x_wconf 91' lang='lat' dir='ltr'><strong>eos</strong></span> <span class='ocrx_word' id='word_1_233' title='bbox 2151 2935 2243 3005; x_wconf 88' lang='lat' dir='ltr'><strong>qui</strong></span> <span class='ocrx_word' id='word_1_234' title='bbox 2269 2950 2333 2990; x_wconf 79' lang='lat' dir='ltr'><strong>ex</strong></span> <span class='ocrx_word' id='word_1_235' title='bbox 2358 2934 2463 2988; x_wconf 90' lang='lat' dir='ltr'><strong>hoe</strong></span> <span class='ocrx_word' id='word_1_236' title='bbox 2493 2933 2701 2989; x_wconf 90' lang='lat' dir='ltr'><strong>mundo</strong></span> <span class='ocrx_word' id='word_1_237' title='bbox 2720 2933 2955 3003; x_wconf 83' lang='lat' dir='ltr'><strong>migrant</strong></span> <span class='ocrx_word' id='word_1_238' title='bbox 2977 2934 3043 2989; x_wconf 86' lang='lat' dir='ltr'><strong>ad</strong></span> <span class='ocrx_word' id='word_1_239' title='bbox 3068 2934 3344 2990; x_wconf 73' lang='lat' dir='ltr'><strong>cmlestem</strong></span> <span class='ocrx_word' id='word_1_240' title='bbox 3366 2936 3621 3004; x_wconf 87' lang='lat' dir='ltr'><strong>patriam,</strong></span> 
     </span>
    </p>
   </div>
   <div class='ocr_carea' id='block_1_36' title="bbox 2037 3025 3624 3096">
    <p class='ocr_par' dir='ltr' id='par_1_36' title="bbox 2037 3025 3624 3096">
     <span class='ocr_line' id='line_1_36' title="bbox 2037 3025 3624 3096; baseline 0 -16"><span class='ocrx_word' id='word_1_241' title='bbox 2037 3026 2227 3081; x_wconf 86' lang='lat' dir='ltr'><strong>dolore</strong></span> <span class='ocrx_word' id='word_1_242' title='bbox 2284 3035 2339 3079; x_wconf 86' lang='lat' dir='ltr'><strong>et</strong></span> <span class='ocrx_word' id='word_1_243' title='bbox 2390 3025 2652 3096; x_wconf 87' lang='lat' dir='ltr'><strong>laerymis</strong></span> <span class='ocrx_word' id='word_1_244' title='bbox 2710 3035 3160 3095; x_wconf 86' lang='lat' dir='ltr'><strong>prosequuntur,</strong></span> <span class='ocrx_word' id='word_1_245' title='bbox 3202 3040 3313 3080; x_wconf 89' lang='lat' dir='ltr'><strong>non</strong></span> <span class='ocrx_word' id='word_1_246' title='bbox 3369 3025 3624 3081; x_wconf 88' lang='lat' dir='ltr'><strong>videntur</strong></span> 
     </span>
    </p>
   </div>
   <div class='ocr_carea' id='block_1_37' title="bbox 2038 3117 3624 3188">
    <p class='ocr_par' dir='ltr' id='par_1_37' title="bbox 2038 3117 3624 3188">
     <span class='ocr_line' id='line_1_37' title="bbox 2038 3117 3624 3188; baseline 0 -14"><span class='ocrx_word' id='word_1_247' title='bbox 2038 3119 2172 3174; x_wconf 89' lang='lat' dir='ltr'><strong>mihi</strong></span> <span class='ocrx_word' id='word_1_248' title='bbox 2203 3119 2434 3188; x_wconf 82' lang='lat' dir='ltr'><strong>hujusce</strong></span> <span class='ocrx_word' id='word_1_249' title='bbox 2477 3118 2602 3172; x_wconf 75' lang='lat' dir='ltr'><strong>vitae</strong></span> <span class='ocrx_word' id='word_1_250' title='bbox 2627 3118 2998 3174; x_wconf 88' lang='lat' dir='ltr'><strong>conditionem</strong></span> <span class='ocrx_word' id='word_1_251' title='bbox 3051 3117 3440 3174; x_wconf 85' lang='lat' dir='ltr'><strong>considerasse</strong></span> <span class='ocrx_word' id='word_1_252' title='bbox 3466 3158 3482 3182; x_wconf 88' lang='lat'><strong>,</strong></span> <span class='ocrx_word' id='word_1_253' title='bbox 3527 3120 3624 3175; x_wconf 91' lang='lat' dir='ltr'><strong>sed</strong></span> 
     </span>
    </p>
   </div>
   <div class='ocr_carea' id='block_1_38' title="bbox 2037 3209 3625 3280">
    <p class='ocr_par' dir='ltr' id='par_1_38' title="bbox 2037 3209 3625 3280">
     <span class='ocr_line' id='line_1_38' title="bbox 2037 3209 3625 3280; baseline -0.001 -14"><span class='ocrx_word' id='word_1_254' title='bbox 2037 3212 2113 3266; x_wconf 88' lang='lat' dir='ltr'><strong>ita</strong></span> <span class='ocrx_word' id='word_1_255' title='bbox 2145 3210 2323 3266; x_wconf 79' lang='lat' dir='ltr'><strong>aﬂ‘ecti</strong></span> <span class='ocrx_word' id='word_1_256' title='bbox 2359 3224 2506 3277; x_wconf 87' lang='lat' dir='ltr'><strong>esse,</strong></span> <span class='ocrx_word' id='word_1_257' title='bbox 2540 3210 2868 3279; x_wconf 85' lang='lat' dir='ltr'><strong>utplerique</strong></span> <span class='ocrx_word' id='word_1_258' title='bbox 2893 3223 2924 3263; x_wconf 90' lang='lat' dir='ltr'><strong>e</strong></span> <span class='ocrx_word' id='word_1_259' title='bbox 2969 3209 3156 3280; x_wconf 77' lang='lat' dir='ltr'><strong>vulgo,</strong></span> <span class='ocrx_word' id='word_1_260' title='bbox 3189 3209 3285 3280; x_wconf 87' lang='lat' dir='ltr'><strong>qui</strong></span> <span class='ocrx_word' id='word_1_261' title='bbox 3329 3221 3625 3266; x_wconf 89' lang='lat' dir='ltr'><strong>consuetu-</strong></span> 
     </span>
    </p>
   </div>
   <div class='ocr_carea' id='block_1_39' title="bbox 2038 3303 3625 3376">
    <p class='ocr_par' dir='ltr' id='par_1_39' title="bbox 2038 3303 3625 3376">
     <span class='ocr_line' id='line_1_39' title="bbox 2038 3303 3625 3376; baseline -0.001 -16"><span class='ocrx_word' id='word_1_262' title='bbox 2038 3306 2167 3360; x_wconf 88' lang='lat' dir='ltr'><strong>dine</strong></span> <span class='ocrx_word' id='word_1_263' title='bbox 2208 3305 2445 3376; x_wconf 87' lang='lat' dir='ltr'><strong>quadam</strong></span> <span class='ocrx_word' id='word_1_264' title='bbox 2507 3303 2730 3359; x_wconf 85' lang='lat' dir='ltr'><strong>homine</strong></span> <span class='ocrx_word' id='word_1_265' title='bbox 2791 3303 3051 3374; x_wconf 80' lang='lat' dir='ltr'><strong>indigna,</strong></span> <span class='ocrx_word' id='word_1_266' title='bbox 3099 3318 3443 3374; x_wconf 65' lang='lat' dir='ltr'><strong>quascunque</strong></span> <span class='ocrx_word' id='word_1_267' title='bbox 3517 3303 3625 3358; x_wconf 89' lang='lat' dir='ltr'><strong>illis</strong></span> 
     </span>
    </p>
   </div>
   <div class='ocr_carea' id='block_1_40' title="bbox 2038 3395 3625 3466">
    <p class='ocr_par' dir='ltr' id='par_1_40' title="bbox 2038 3395 3625 3466">
     <span class='ocr_line' id='line_1_40' title="bbox 2038 3395 3625 3466; baseline 0.002 -15"><span class='ocrx_word' id='word_1_268' title='bbox 2038 3397 2261 3463; x_wconf 90' lang='lat' dir='ltr'><strong>adsunt,</strong></span> <span class='ocrx_word' id='word_1_269' title='bbox 2296 3405 2356 3450; x_wconf 89' lang='lat' dir='ltr'><strong>ut</strong></span> <span class='ocrx_word' id='word_1_270' title='bbox 2389 3397 2532 3451; x_wconf 89' lang='lat' dir='ltr'><strong>bona</strong></span> <span class='ocrx_word' id='word_1_271' title='bbox 2556 3395 2812 3466; x_wconf 76' lang='lat' dir='ltr'><strong>diligunt,</strong></span> <span class='ocrx_word' id='word_1_272' title='bbox 2855 3395 3262 3466; x_wconf 83' lang='lat' dir='ltr'><strong>qualiacunque</strong></span> <span class='ocrx_word' id='word_1_273' title='bbox 3307 3397 3438 3452; x_wconf 92' lang='lat' dir='ltr'><strong>sint.</strong></span> <span class='ocrx_word' id='word_1_274' title='bbox 3474 3396 3625 3463; x_wconf 87' lang='lat' dir='ltr'><strong>Quos</strong></span> 
     </span>
    </p>
   </div>
   <div class='ocr_carea' id='block_1_41' title="bbox 2037 3486 3624 3558">
    <p class='ocr_par' dir='ltr' id='par_1_41' title="bbox 2037 3486 3624 3558">
     <span class='ocr_line' id='line_1_41' title="bbox 2037 3486 3624 3558; baseline 0.001 -16"><span class='ocrx_word' id='word_1_275' title='bbox 2037 3497 2224 3542; x_wconf 83' lang='lat' dir='ltr'><strong>tamen</strong></span> <span class='ocrx_word' id='word_1_276' title='bbox 2251 3496 2310 3542; x_wconf 90' lang='lat' dir='ltr'><strong>ut</strong></span> <span class='ocrx_word' id='word_1_277' title='bbox 2340 3488 2555 3542; x_wconf 84' lang='lat' dir='ltr'><strong>ratione</strong></span> <span class='ocrx_word' id='word_1_278' title='bbox 2585 3486 3030 3558; x_wconf 80' lang='lat' dir='ltr'><strong>cogitationeque</strong></span> <span class='ocrx_word' id='word_1_279' title='bbox 3074 3489 3290 3542; x_wconf 68' lang='lat' dir='ltr'><strong>caeteris</strong></span> <span class='ocrx_word' id='word_1_280' title='bbox 3326 3487 3624 3544; x_wconf 86' lang='lat' dir='ltr'><strong>animanti-</strong></span> 
     </span>
    </p>
   </div>
   <div class='ocr_carea' id='block_1_42' title="bbox 2036 3578 3624 3650">
    <p class='ocr_par' dir='ltr' id='par_1_42' title="bbox 2036 3578 3624 3650">
     <span class='ocr_line' id='line_1_42' title="bbox 2036 3578 3624 3650; baseline 0.001 -17"><span class='ocrx_word' id='word_1_281' title='bbox 2036 3579 2141 3634; x_wconf 86' lang='lat' dir='ltr'><strong>bus</strong></span> <span class='ocrx_word' id='word_1_282' title='bbox 2170 3587 2513 3650; x_wconf 67' lang='lat' dir='ltr'><strong>praastantcs,</strong></span> <span class='ocrx_word' id='word_1_283' title='bbox 2544 3578 2612 3632; x_wconf 89' lang='lat' dir='ltr'><strong>ad</strong></span> <span class='ocrx_word' id='word_1_284' title='bbox 2649 3594 2714 3634; x_wconf 88' lang='lat' dir='ltr'><strong>ea</strong></span> <span class='ocrx_word' id='word_1_285' title='bbox 2745 3586 2958 3632; x_wconf 86' lang='lat' dir='ltr'><strong>tantum</strong></span> <span class='ocrx_word' id='word_1_286' title='bbox 2987 3593 3294 3649; x_wconf 87' lang='lat' dir='ltr'><strong>propensos</strong></span> <span class='ocrx_word' id='word_1_287' title='bbox 3313 3595 3436 3636; x_wconf 89' lang='lat' dir='ltr'><strong>esse</strong></span> <span class='ocrx_word' id='word_1_288' title='bbox 3459 3595 3624 3650; x_wconf 84' lang='lat' dir='ltr'><strong>opor-</strong></span> 
     </span>
    </p>
   </div>
   <div class='ocr_carea' id='block_1_43' title="bbox 2038 3657 3622 3739">
    <p class='ocr_par' dir='ltr' id='par_1_43' title="bbox 2038 3657 3622 3739">
     <span class='ocr_line' id='line_1_43' title="bbox 2038 3657 3622 3739; baseline 0.001 -16"><span class='ocrx_word' id='word_1_289' title='bbox 2038 3657 2198 3731; x_wconf 77' lang='lat' dir='ltr'><strong>teret,</strong></span> <span class='ocrx_word' id='word_1_290' title='bbox 2219 3683 2342 3738; x_wconf 74' lang='lat' dir='ltr'><strong>quae</strong></span> <span class='ocrx_word' id='word_1_291' title='bbox 2380 3667 2611 3722; x_wconf 85' lang='lat' dir='ltr'><strong>rationis</strong></span> <span class='ocrx_word' id='word_1_292' title='bbox 2641 3667 2912 3738; x_wconf 78' lang='lat' dir='ltr'><strong>judicium</strong></span> <span class='ocrx_word' id='word_1_293' title='bbox 2946 3667 3176 3724; x_wconf 87' lang='lat' dir='ltr'><strong>honesta</strong></span> <span class='ocrx_word' id='word_1_294' title='bbox 3204 3669 3622 3739; x_wconf 80' lang='lat' dir='ltr'><strong>expetendaque</strong></span> 
     </span>
    </p>
   </div>
   <div class='ocr_carea' id='block_1_44' title="bbox 2037 3760 3621 3833">
    <p class='ocr_par' dir='ltr' id='par_1_44' title="bbox 2037 3760 3621 3833">
     <span class='ocr_line' id='line_1_44' title="bbox 2037 3760 3621 3833; baseline 0.001 -18"><span class='ocrx_word' id='word_1_295' title='bbox 2037 3769 2396 3833; x_wconf 88' lang='lat' dir='ltr'><strong>proponeret,</strong></span> <span class='ocrx_word' id='word_1_296' title='bbox 2434 3775 2536 3816; x_wconf 91' lang='lat' dir='ltr'><strong>nec</strong></span> <span class='ocrx_word' id='word_1_297' title='bbox 2572 3760 2666 3816; x_wconf 93' lang='lat' dir='ltr'><strong>illa</strong></span> <span class='ocrx_word' id='word_1_298' title='bbox 2725 3775 2956 3830; x_wconf 88' lang='lat' dir='ltr'><strong>prorsus</strong></span> <span class='ocrx_word' id='word_1_299' title='bbox 3006 3769 3279 3831; x_wconf 85' lang='lat' dir='ltr'><strong>appetere,</strong></span> <span class='ocrx_word' id='word_1_300' title='bbox 3333 3778 3456 3832; x_wconf 67' lang='lat' dir='ltr'><strong>qua:</strong></span> <span class='ocrx_word' id='word_1_301' title='bbox 3484 3777 3621 3816; x_wconf 84' lang='lat' dir='ltr'><strong>con-</strong></span> 
     </span>
    </p>
   </div>
   <div class='ocr_carea' id='block_1_45' title="bbox 2038 3851 3624 3923">
    <p class='ocr_par' dir='ltr' id='par_1_45' title="bbox 2038 3851 3624 3923">
     <span class='ocr_line' id='line_1_45' title="bbox 2038 3851 3624 3923; baseline -0.002 -14"><span class='ocrx_word' id='word_1_302' title='bbox 2038 3853 2355 3919; x_wconf 89' lang='lat' dir='ltr'><strong>suetudine,</strong></span> <span class='ocrx_word' id='word_1_303' title='bbox 2387 3861 2442 3909; x_wconf 86' lang='lat' dir='ltr'><strong>et</strong></span> <span class='ocrx_word' id='word_1_304' title='bbox 2468 3853 2878 3908; x_wconf 83' lang='lat' dir='ltr'><strong>inconsiderata</strong></span> <span class='ocrx_word' id='word_1_305' title='bbox 2931 3852 3168 3923; x_wconf 88' lang='lat' dir='ltr'><strong>quadam</strong></span> <span class='ocrx_word' id='word_1_306' title='bbox 3203 3851 3493 3908; x_wconf 73' lang='lat' dir='ltr'><strong>alieetione</strong></span> <span class='ocrx_word' id='word_1_307' title='bbox 3532 3852 3624 3922; x_wconf 83' lang='lat' dir='ltr'><strong>ju-</strong></span> 
     </span>
    </p>
   </div>
   <div class='ocr_carea' id='block_1_46' title="bbox 2037 3944 3624 4015">
    <p class='ocr_par' dir='ltr' id='par_1_46' title="bbox 2037 3944 3624 4015">
     <span class='ocr_line' id='line_1_46' title="bbox 2037 3944 3624 4015; baseline -0.001 -14"><span class='ocrx_word' id='word_1_308' title='bbox 2037 3945 2219 4001; x_wconf 86' lang='lat' dir='ltr'><strong>cunda</strong></span> <span class='ocrx_word' id='word_1_309' title='bbox 2245 3959 2311 4000; x_wconf 89' lang='lat' dir='ltr'><strong>ac</strong></span> <span class='ocrx_word' id='word_1_310' title='bbox 2343 3945 2532 4002; x_wconf 88' lang='lat' dir='ltr'><strong>suavia</strong></span> <span class='ocrx_word' id='word_1_311' title='bbox 2575 3944 2853 4000; x_wconf 84' lang='lat' dir='ltr'><strong>videntur.</strong></span> <span class='ocrx_word' id='word_1_312' title='bbox 2895 3944 3262 4012; x_wconf 84' lang='lat' dir='ltr'><strong>Quamobrem</strong></span> <span class='ocrx_word' id='word_1_313' title='bbox 3293 3960 3472 4015; x_wconf 68' lang='lat' dir='ltr'><strong>opera:</strong></span> <span class='ocrx_word' id='word_1_314' title='bbox 3500 3961 3624 4015; x_wconf 83' lang='lat' dir='ltr'><strong>pre-</strong></span> 
     </span>
    </p>
   </div>
   <div class='ocr_carea' id='block_1_47' title="bbox 2037 4037 3620 4109">
    <p class='ocr_par' dir='ltr' id='par_1_47' title="bbox 2037 4037 3620 4109">
     <span class='ocr_line' id='line_1_47' title="bbox 2037 4037 3620 4109; baseline -0.001 -14"><span class='ocrx_word' id='word_1_315' title='bbox 2037 4041 2175 4095; x_wconf 89' lang='lat' dir='ltr'><strong>tium</strong></span> <span class='ocrx_word' id='word_1_316' title='bbox 2207 4038 2342 4094; x_wconf 86' lang='lat' dir='ltr'><strong>mihi</strong></span> <span class='ocrx_word' id='word_1_317' title='bbox 2398 4038 2590 4095; x_wconf 90' lang='lat' dir='ltr'><strong>videor</strong></span> <span class='ocrx_word' id='word_1_318' title='bbox 2617 4053 2741 4096; x_wconf 88' lang='lat' dir='ltr'><strong>esse</strong></span> <span class='ocrx_word' id='word_1_319' title='bbox 2787 4037 3057 4106; x_wconf 77' lang='lat' dir='ltr'><strong>facturus,</strong></span> <span class='ocrx_word' id='word_1_320' title='bbox 3116 4037 3162 4094; x_wconf 88' lang='lat' dir='ltr'><strong>si</strong></span> <span class='ocrx_word' id='word_1_321' title='bbox 3193 4053 3414 4109; x_wconf 88' lang='lat' dir='ltr'><strong>operam</strong></span> <span class='ocrx_word' id='word_1_322' title='bbox 3457 4038 3620 4100; x_wconf 85' lang='lat' dir='ltr'><strong>dabo.</strong></span> 
     </span>
    </p>
   </div>
   <div class='ocr_carea' id='block_1_48' title="bbox 349 4123 1935 4206">
    <p class='ocr_par' dir='ltr' id='par_1_48' title="bbox 349 4132 1932 4206">
     <span class='ocr_line' id='line_1_48' title="bbox 349 4132 1932 4206; baseline -0.004 -16"><span class='ocrx_word' id='word_1_323' title='bbox 349 4137 468 4200; x_wconf 80' lang='grc' dir='ltr'>τὸν,</span> <span class='ocrx_word' id='word_1_324' title='bbox 509 4135 600 4188; x_wconf 75' lang='grc' dir='ltr'>ἐπὶ</span> <span class='ocrx_word' id='word_1_325' title='bbox 627 4135 727 4206; x_wconf 84' lang='grc' dir='ltr'><strong>τὴν</strong></span> <span class='ocrx_word' id='word_1_326' title='bbox 753 4134 962 4205; x_wconf 83' lang='grc' dir='ltr'>ἀμείνω</span> <span class='ocrx_word' id='word_1_327' title='bbox 987 4150 1048 4186; x_wconf 83' lang='grc' dir='ltr'><strong>τε</strong></span> <span class='ocrx_word' id='word_1_328' title='bbox 1090 4133 1184 4186; x_wconf 80' lang='grc' dir='ltr'>καὶ</span> <span class='ocrx_word' id='word_1_329' title='bbox 1230 4132 1544 4203; x_wconf 82' lang='grc' dir='ltr'>πρέπουσαν</span> <span class='ocrx_word' id='word_1_330' title='bbox 1576 4135 1687 4196; x_wconf 84' lang='grc' dir='ltr'>τοῖς</span> <span class='ocrx_word' id='word_1_331' title='bbox 1727 4133 1932 4202; x_wconf 85' lang='grc' dir='ltr'>λελογι-</span> 
     </span>
    </p>
   </div>
   <div class='ocr_carea' id='block_1_49' title="bbox 2037 4123 3622 4206">
    <p class='ocr_par' dir='ltr' id='par_1_49' title="bbox 2038 4131 3622 4201">
     <span class='ocr_line' id='line_1_49' title="bbox 2038 4131 3622 4201; baseline -0.001 -15"><span class='ocrx_word' id='word_1_332' title='bbox 2038 4140 2097 4186; x_wconf 86' lang='grc' dir='ltr'><strong>υι</strong></span> <span class='ocrx_word' id='word_1_333' title='bbox 2134 4147 2231 4187; x_wconf 87' lang='lat' dir='ltr'><strong>eos</strong></span> <span class='ocrx_word' id='word_1_334' title='bbox 2260 4132 2486 4188; x_wconf 88' lang='lat' dir='ltr'><strong>liberem</strong></span> <span class='ocrx_word' id='word_1_335' title='bbox 2523 4131 2594 4186; x_wconf 91' lang='lat' dir='ltr'><strong>ab</strong></span> <span class='ocrx_word' id='word_1_336' title='bbox 2651 4134 2757 4186; x_wconf 92' lang='lat' dir='ltr'><strong>hoc</strong></span> <span class='ocrx_word' id='word_1_337' title='bbox 2789 4131 3071 4201; x_wconf 88' lang='lat' dir='ltr'><strong>opinionis</strong></span> <span class='ocrx_word' id='word_1_338' title='bbox 3115 4144 3328 4194; x_wconf 86' lang='lat' dir='ltr'><strong>errore,</strong></span> <span class='ocrx_word' id='word_1_339' title='bbox 3369 4145 3480 4198; x_wconf 89' lang='lat' dir='ltr'><strong>quo</strong></span> <span class='ocrx_word' id='word_1_340' title='bbox 3529 4145 3622 4185; x_wconf 86' lang='lat' dir='ltr'><strong>so-</strong></span> 
     </span>
    </p>
   </div>
   <div class='ocr_carea' id='block_1_50' title="bbox 355 4223 1935 4300">
    <p class='ocr_par' dir='ltr' id='par_1_50' title="bbox 355 4223 1935 4300">
     <span class='ocr_line' id='line_1_50' title="bbox 355 4223 1935 4300; baseline -0.004 -18"><span class='ocrx_word' id='word_1_341' title='bbox 355 4228 573 4300; x_wconf 85' lang='grc' dir='ltr'>σμένοις</span> <span class='ocrx_word' id='word_1_342' title='bbox 591 4227 845 4280; x_wconf 84' lang='grc' dir='ltr'>διάνοιαν.</span> <span class='ocrx_word' id='word_1_343' title='bbox 870 4225 1026 4279; x_wconf 73' lang='grc' dir='ltr'>Οὕτω</span> <span class='ocrx_word' id='word_1_344' title='bbox 1049 4223 1156 4294; x_wconf 85' lang='grc' dir='ltr'>γὰρ</span> <span class='ocrx_word' id='word_1_345' title='bbox 1181 4224 1247 4277; x_wconf 78' lang='grc' dir='ltr'>ἂν</span> <span class='ocrx_word' id='word_1_346' title='bbox 1269 4223 1571 4294; x_wconf 76' lang='grc' dir='ltr'>ἐξορισθείη</span> <span class='ocrx_word' id='word_1_347' title='bbox 1595 4223 1696 4292; x_wconf 87' lang='grc' dir='ltr'><strong>τῆς</strong></span> <span class='ocrx_word' id='word_1_348' title='bbox 1726 4224 1935 4294; x_wconf 88' lang='grc' dir='ltr'>ἀνθρω-</span> 
     </span>
    </p>
   </div>
   <div class='ocr_carea' id='block_1_51' title="bbox 351 4311 1934 4389">
    <p class='ocr_par' dir='ltr' id='par_1_51' title="bbox 351 4311 1934 4389">
     <span class='ocr_line' id='line_1_51' title="bbox 351 4311 1934 4389; baseline -0.006 -17"><span class='ocrx_word' id='word_1_349' title='bbox 351 4319 512 4389; x_wconf 80' lang='grc' dir='ltr'>πίνης</span> <span class='ocrx_word' id='word_1_350' title='bbox 535 4316 680 4385; x_wconf 83' lang='grc' dir='ltr'>ζωῆς</span> <span class='ocrx_word' id='word_1_351' title='bbox 700 4319 732 4387; x_wconf 88' lang='grc' dir='ltr'>ή</span> <span class='ocrx_word' id='word_1_352' title='bbox 757 4313 1164 4385; x_wconf 78' lang='grc' dir='ltr'>σπουδαζομένη</span> <span class='ocrx_word' id='word_1_353' title='bbox 1183 4311 1394 4384; x_wconf 76' lang='grc' dir='ltr'>περὶτὰ</span> <span class='ocrx_word' id='word_1_354' title='bbox 1415 4311 1561 4381; x_wconf 83' lang='grc' dir='ltr'>πάθη</span> <span class='ocrx_word' id='word_1_355' title='bbox 1584 4313 1696 4374; x_wconf 80' lang='grc' dir='ltr'>τοῖς</span> <span class='ocrx_word' id='word_1_356' title='bbox 1722 4312 1934 4375; x_wconf 82' lang='grc' dir='ltr'>πολλοῖς</span> 
     </span>
    </p>
   </div>
   <div class='ocr_carea' id='block_1_52' title="bbox 347 4403 1933 4480">
    <p class='ocr_par' dir='ltr' id='par_1_52' title="bbox 347 4403 1933 4480">
     <span class='ocr_line' id='line_1_52' title="bbox 347 4403 1933 4480; baseline -0.006 -13"><span class='ocrx_word' id='word_1_357' title='bbox 347 4411 565 4480; x_wconf 86' lang='grc' dir='ltr'>ἀλογία.</span> <span class='ocrx_word' id='word_1_358' title='bbox 612 4410 824 4462; x_wconf 82' lang='grc' dir='ltr'>Γένοιτο</span> <span class='ocrx_word' id='word_1_359' title='bbox 850 4407 896 4462; x_wconf 83' lang='grc' dir='ltr'>δ’</span> <span class='ocrx_word' id='word_1_360' title='bbox 934 4407 1002 4462; x_wconf 79' lang='grc' dir='ltr'>ἂν</span> <span class='ocrx_word' id='word_1_361' title='bbox 1047 4408 1179 4477; x_wconf 80' lang='grc' dir='ltr'><strong>ἡμῖν</strong></span> <span class='ocrx_word' id='word_1_362' title='bbox 1225 4405 1516 4468; x_wconf 84' lang='grc' dir='ltr'>ἀκόλουθος</span> <span class='ocrx_word' id='word_1_363' title='bbox 1558 4407 1592 4477; x_wconf 82' lang='grc' dir='ltr'><strong>ἡ</strong></span> <span class='ocrx_word' id='word_1_364' title='bbox 1639 4403 1734 4458; x_wconf 82' lang='grc' dir='ltr'><strong>τοῦ</strong></span> <span class='ocrx_word' id='word_1_365' title='bbox 1774 4405 1933 4474; x_wconf 79' lang='grc' dir='ltr'>λόγου</span> 
     </span>
    </p>
   </div>
   <div class='ocr_carea' id='block_1_53' title="bbox 353 4497 1934 4573">
    <p class='ocr_par' dir='ltr' id='par_1_53' title="bbox 353 4497 1934 4573">
     <span class='ocr_line' id='line_1_53' title="bbox 353 4497 1934 4573; baseline -0.005 -15"><span class='ocrx_word' id='word_1_366' title='bbox 353 4502 557 4573; x_wconf 82' lang='grc' dir='ltr'>σπουδὴ</span> <span class='ocrx_word' id='word_1_367' title='bbox 605 4502 741 4572; x_wconf 80' lang='grc' dir='ltr'>πρὸς</span> <span class='ocrx_word' id='word_1_368' title='bbox 771 4499 868 4571; x_wconf 83' lang='grc' dir='ltr'>τὴν</span> <span class='ocrx_word' id='word_1_369' title='bbox 909 4497 1282 4570; x_wconf 83' lang='grc' dir='ltr'>προκειμένην</span> <span class='ocrx_word' id='word_1_370' title='bbox 1327 4497 1606 4562; x_wconf 81' lang='grc' dir='ltr'>ὑπόθεσιν,</span> <span class='ocrx_word' id='word_1_371' title='bbox 1643 4500 1692 4551; x_wconf 83' lang='grc' dir='ltr'>εὶ</span> <span class='ocrx_word' id='word_1_372' title='bbox 1719 4497 1934 4568; x_wconf 88' lang='grc' dir='ltr'>πρῶτον</span> 
     </span>
    </p>
   </div>
   <div class='ocr_carea' id='block_1_54' title="bbox 354 4581 1934 4664">
    <p class='ocr_par' dir='ltr' id='par_1_54' title="bbox 354 4581 1934 4664">
     <span class='ocr_line' id='line_1_54' title="bbox 354 4581 1934 4664; baseline -0.005 -18"><span class='ocrx_word' id='word_1_373' title='bbox 354 4595 457 4664; x_wconf 88' lang='grc' dir='ltr'><strong>μὲν</strong></span> <span class='ocrx_word' id='word_1_374' title='bbox 477 4594 536 4646; x_wconf 85' lang='grc' dir='ltr'>τὸ</span> <span class='ocrx_word' id='word_1_375' title='bbox 557 4591 772 4663; x_wconf 83' lang='grc' dir='ltr'>ἀληθῶς</span> <span class='ocrx_word' id='word_1_376' title='bbox 789 4588 1013 4658; x_wconf 77' lang='grc' dir='ltr'>ἀγαθὸν,</span> <span class='ocrx_word' id='word_1_377' title='bbox 1038 4581 1151 4641; x_wconf 79' lang='grc' dir='ltr'>οἷόν</span> <span class='ocrx_word' id='word_1_378' title='bbox 1168 4589 1338 4651; x_wconf 84' lang='grc' dir='ltr'>ἐστιν,</span> <span class='ocrx_word' id='word_1_379' title='bbox 1363 4587 1677 4657; x_wconf 79' lang='grc' dir='ltr'>ἐξετασθείη</span> <span class='ocrx_word' id='word_1_380' title='bbox 1703 4603 1718 4620; x_wconf 87' lang='grc'><strong>·</strong></span> <span class='ocrx_word' id='word_1_381' title='bbox 1743 4587 1934 4641; x_wconf 74' lang='grc' dir='ltr'>ἔπειτα</span> 
     </span>
    </p>
   </div>
   <div class='ocr_carea' id='block_1_55' title="bbox 349 4679 1936 4754">
    <p class='ocr_par' dir='ltr' id='par_1_55' title="bbox 349 4679 1936 4754">
     <span class='ocr_line' id='line_1_55' title="bbox 349 4679 1936 4754; baseline -0.005 -14"><span class='ocrx_word' id='word_1_382' title='bbox 349 4687 408 4740; x_wconf 83' lang='grc' dir='ltr'><strong>δέ</strong></span> <span class='ocrx_word' id='word_1_383' title='bbox 433 4685 495 4739; x_wconf 86' lang='grc' dir='ltr'>τὸ</span> <span class='ocrx_word' id='word_1_384' title='bbox 523 4685 651 4737; x_wconf 82' lang='grc' dir='ltr'>ἴδιον</span> <span class='ocrx_word' id='word_1_385' title='bbox 682 4683 782 4754; x_wconf 88' lang='grc' dir='ltr'><strong>τῆς</strong></span> <span class='ocrx_word' id='word_1_386' title='bbox 827 4683 886 4736; x_wconf 84' lang='grc' dir='ltr'><strong>ἐν</strong></span> <span class='ocrx_word' id='word_1_387' title='bbox 924 4679 1137 4749; x_wconf 84' lang='grc' dir='ltr'>σώματι</span> <span class='ocrx_word' id='word_1_388' title='bbox 1171 4679 1315 4750; x_wconf 77' lang='grc' dir='ltr'>ζωῆς</span> <span class='ocrx_word' id='word_1_389' title='bbox 1347 4681 1728 4752; x_wconf 81' lang='grc' dir='ltr'>θεωρήσαιμεν</span> <span class='ocrx_word' id='word_1_390' title='bbox 1749 4699 1762 4714; x_wconf 89' lang='grc'><strong>·</strong></span> <span class='ocrx_word' id='word_1_391' title='bbox 1798 4681 1936 4750; x_wconf 81' lang='grc' dir='ltr'>πρὸς</span> 
     </span>
    </p>
   </div>
   <div class='ocr_carea' id='block_1_56' title="bbox 350 4773 1937 4844">
    <p class='ocr_par' dir='ltr' id='par_1_56' title="bbox 350 4773 1937 4844">
     <span class='ocr_line' id='line_1_56' title="bbox 350 4773 1937 4844; baseline -0.004 -12"><span class='ocrx_word' id='word_1_392' title='bbox 350 4777 564 4842; x_wconf 79' lang='grc' dir='ltr'>τούτοις</span> <span class='ocrx_word' id='word_1_393' title='bbox 612 4778 668 4830; x_wconf 83' lang='grc' dir='ltr'>δὲ</span> <span class='ocrx_word' id='word_1_394' title='bbox 717 4774 890 4829; x_wconf 86' lang='grc' dir='ltr'>είδιά</span> <span class='ocrx_word' id='word_1_395' title='bbox 939 4773 1278 4844; x_wconf 87' lang='grc' dir='ltr'>συγκρίσεως</span> <span class='ocrx_word' id='word_1_396' title='bbox 1317 4773 1772 4843; x_wconf 86' lang='grc' dir='ltr'>ἀντιπαρατεθείη</span> <span class='ocrx_word' id='word_1_397' title='bbox 1823 4776 1937 4836; x_wconf 88' lang='grc' dir='ltr'>τοῖς</span> 
     </span>
    </p>
   </div>
   <div class='ocr_carea' id='block_1_57' title="bbox 351 4864 1936 4938">
    <p class='ocr_par' dir='ltr' id='par_1_57' title="bbox 351 4864 1936 4938">
     <span class='ocr_line' id='line_1_57' title="bbox 351 4864 1936 4938; baseline -0.004 -14"><span class='ocrx_word' id='word_1_398' title='bbox 351 4865 673 4938; x_wconf 83' lang='grc' dir='ltr'>παροῦσιτά</span> <span class='ocrx_word' id='word_1_399' title='bbox 703 4867 769 4920; x_wconf 91' lang='grc' dir='ltr'>δι’</span> <span class='ocrx_word' id='word_1_400' title='bbox 801 4865 1014 4928; x_wconf 87' lang='grc' dir='ltr'>ἐλπίδος</span> <span class='ocrx_word' id='word_1_401' title='bbox 1039 4866 1170 4936; x_wconf 82' lang='grc' dir='ltr'>ἡμῖν</span> <span class='ocrx_word' id='word_1_402' title='bbox 1193 4864 1549 4933; x_wconf 83' lang='grc' dir='ltr'>ἀποκείμενα.</span> <span class='ocrx_word' id='word_1_403' title='bbox 1567 4864 1722 4918; x_wconf 78' lang='grc' dir='ltr'>Οὕτω</span> <span class='ocrx_word' id='word_1_404' title='bbox 1741 4864 1849 4934; x_wconf 87' lang='grc' dir='ltr'><strong>γὰρ</strong></span> <span class='ocrx_word' id='word_1_405' title='bbox 1871 4864 1936 4918; x_wconf 87' lang='grc' dir='ltr'>ἂν</span> 
     </span>
    </p>
   </div>
   <div class='ocr_carea' id='block_1_58' title="bbox 352 4951 1936 5025">
    <p class='ocr_par' dir='ltr' id='par_1_58' title="bbox 352 4951 1936 5025">
     <span class='ocr_line' id='line_1_58' title="bbox 352 4951 1936 5025; baseline -0.001 -18"><span class='ocrx_word' id='word_1_406' title='bbox 352 4953 608 5025; x_wconf 82' lang='grc' dir='ltr'>προέλθοι</span> <span class='ocrx_word' id='word_1_407' title='bbox 632 4953 768 5023; x_wconf 82' lang='grc' dir='ltr'>πρὸς</span> <span class='ocrx_word' id='word_1_408' title='bbox 797 4951 890 5006; x_wconf 82' lang='grc' dir='ltr'>τὸν</span> <span class='ocrx_word' id='word_1_409' title='bbox 917 4953 1118 5006; x_wconf 87' lang='grc' dir='ltr'>σκοπὸν</span> <span class='ocrx_word' id='word_1_410' title='bbox 1147 4951 1242 5005; x_wconf 82' lang='grc' dir='ltr'>τοῦ</span> <span class='ocrx_word' id='word_1_411' title='bbox 1279 4952 1436 5020; x_wconf 86' lang='grc' dir='ltr'>λόγου</span> <span class='ocrx_word' id='word_1_412' title='bbox 1473 4955 1506 5024; x_wconf 81' lang='grc' dir='ltr'>ὴ</span> <span class='ocrx_word' id='word_1_413' title='bbox 1543 4953 1766 5023; x_wconf 84' lang='grc' dir='ltr'>θεωρία,</span> <span class='ocrx_word' id='word_1_414' title='bbox 1793 4953 1936 5007; x_wconf 79' lang='grc' dir='ltr'>ὥστε</span> 
     </span>
    </p>
   </div>
   <div class='ocr_carea' id='block_1_59' title="bbox 357 5043 1937 5116">
    <p class='ocr_par' dir='ltr' id='par_1_59' title="bbox 357 5043 1937 5116">
     <span class='ocr_line' id='line_1_59' title="bbox 357 5043 1937 5116; baseline 0 -18"><span class='ocrx_word' id='word_1_415' title='bbox 357 5044 718 5116; x_wconf 78' lang='grc' dir='ltr'>μετατεθῆναι</span> <span class='ocrx_word' id='word_1_416' title='bbox 759 5043 870 5096; x_wconf 83' lang='grc' dir='ltr'><strong>τῶν</strong></span> <span class='ocrx_word' id='word_1_417' title='bbox 900 5043 1113 5097; x_wconf 82' lang='grc' dir='ltr'>πολλῶν</span> <span class='ocrx_word' id='word_1_418' title='bbox 1155 5043 1263 5096; x_wconf 83' lang='grc' dir='ltr'>ἀπὸ</span> <span class='ocrx_word' id='word_1_419' title='bbox 1317 5044 1411 5096; x_wconf 82' lang='grc' dir='ltr'><strong>τοῦ</strong></span> <span class='ocrx_word' id='word_1_420' title='bbox 1445 5044 1706 5115; x_wconf 86' lang='grc' dir='ltr'>συνήθους</span> <span class='ocrx_word' id='word_1_421' title='bbox 1741 5045 1834 5098; x_wconf 72' lang='grc' dir='ltr'>ἐπὶ</span> <span class='ocrx_word' id='word_1_422' title='bbox 1877 5045 1937 5097; x_wconf 87' lang='grc' dir='ltr'>τὸ</span> 
     </span>
    </p>
   </div>
   <div class='ocr_carea' id='block_1_60' title="bbox 353 5133 1936 5208">
    <p class='ocr_par' dir='ltr' id='par_1_60' title="bbox 353 5133 1936 5208">
     <span class='ocr_line' id='line_1_60' title="bbox 353 5133 1936 5208; baseline 0 -19"><span class='ocrx_word' id='word_1_423' title='bbox 353 5135 520 5190; x_wconf 82' lang='grc' dir='ltr'>καλὸν</span> <span class='ocrx_word' id='word_1_424' title='bbox 552 5136 650 5207; x_wconf 83' lang='grc' dir='ltr'><strong>τὴν</strong></span> <span class='ocrx_word' id='word_1_425' title='bbox 693 5135 950 5189; x_wconf 87' lang='grc' dir='ltr'>διάνοιαν.</span> <span class='ocrx_word' id='word_1_426' title='bbox 993 5133 1209 5204; x_wconf 83' lang='grc' dir='ltr'>Ἐπειδὴ</span> <span class='ocrx_word' id='word_1_427' title='bbox 1261 5136 1371 5206; x_wconf 83' lang='grc' dir='ltr'><strong>γὰρ</strong></span> <span class='ocrx_word' id='word_1_428' title='bbox 1412 5138 1578 5190; x_wconf 82' lang='grc' dir='ltr'>πᾶσιν</span> <span class='ocrx_word' id='word_1_429' title='bbox 1631 5136 1936 5208; x_wconf 82' lang='grc' dir='ltr'>ἀνθρώποις</span> 
     </span>
    </p>
   </div>
   <div class='ocr_carea' id='block_1_61' title="bbox 356 5226 1936 5299">
    <p class='ocr_par' dir='ltr' id='par_1_61' title="bbox 356 5226 1936 5299">
     <span class='ocr_line' id='line_1_61' title="bbox 356 5226 1936 5299; baseline 0 -17"><span class='ocrx_word' id='word_1_430' title='bbox 356 5229 562 5298; x_wconf 83' lang='grc' dir='ltr'>φυσική</span> <span class='ocrx_word' id='word_1_431' title='bbox 591 5245 675 5291; x_wconf 89' lang='grc' dir='ltr'><strong>τις</strong></span> <span class='ocrx_word' id='word_1_432' title='bbox 707 5228 844 5299; x_wconf 80' lang='grc' dir='ltr'>πρὸς</span> <span class='ocrx_word' id='word_1_433' title='bbox 876 5227 935 5280; x_wconf 85' lang='grc' dir='ltr'>τὸ</span> <span class='ocrx_word' id='word_1_434' title='bbox 964 5227 1128 5282; x_wconf 83' lang='grc' dir='ltr'>καλὸν</span> <span class='ocrx_word' id='word_1_435' title='bbox 1165 5226 1409 5295; x_wconf 77' lang='grc' dir='ltr'>ἔγκειται</span> <span class='ocrx_word' id='word_1_436' title='bbox 1445 5229 1647 5298; x_wconf 86' lang='grc' dir='ltr'>σχέσις,</span> <span class='ocrx_word' id='word_1_437' title='bbox 1681 5232 1774 5282; x_wconf 72' lang='grc' dir='ltr'>καὶ</span> <span class='ocrx_word' id='word_1_438' title='bbox 1801 5229 1936 5299; x_wconf 85' lang='grc' dir='ltr'>πρὸς</span> 
     </span>
    </p>
   </div>
   <div class='ocr_carea' id='block_1_62' title="bbox 355 5319 1938 5392">
    <p class='ocr_par' dir='ltr' id='par_1_62' title="bbox 355 5319 1938 5392">
     <span class='ocr_line' id='line_1_62' title="bbox 355 5319 1938 5392; baseline 0.001 -18"><span class='ocrx_word' id='word_1_439' title='bbox 355 5321 519 5376; x_wconf 74' lang='grc' dir='ltr'>τοῦτο</span> <span class='ocrx_word' id='word_1_440' title='bbox 542 5323 771 5376; x_wconf 81' lang='grc' dir='ltr'>κινεῖται</span> <span class='ocrx_word' id='word_1_441' title='bbox 810 5322 960 5374; x_wconf 73' lang='lat' dir='ltr'><strong>nica.</strong></span> <span class='ocrx_word' id='word_1_442' title='bbox 998 5321 1337 5392; x_wconf 82' lang='grc' dir='ltr'>προαίρεσις,</span> <span class='ocrx_word' id='word_1_443' title='bbox 1364 5321 1454 5374; x_wconf 82' lang='grc' dir='ltr'>τὸν</span> <span class='ocrx_word' id='word_1_444' title='bbox 1475 5319 1572 5374; x_wconf 81' lang='grc' dir='ltr'><strong>τοῦ</strong></span> <span class='ocrx_word' id='word_1_445' title='bbox 1611 5323 1777 5375; x_wconf 81' lang='grc' dir='ltr'>καλοῦ</span> <span class='ocrx_word' id='word_1_446' title='bbox 1809 5341 1938 5376; x_wconf 76' lang='lat' dir='ltr'><strong>axe--</strong></span> 
     </span>
    </p>
   </div>
   <div class='ocr_carea' id='block_1_63' title="bbox 358 5412 1936 5486">
    <p class='ocr_par' dir='ltr' id='par_1_63' title="bbox 358 5412 1936 5486">
     <span class='ocr_line' id='line_1_63' title="bbox 358 5412 1936 5486; baseline 0 -18"><span class='ocrx_word' id='word_1_447' title='bbox 358 5415 460 5468; x_wconf 79' lang='grc' dir='ltr'>πὸν</span> <span class='ocrx_word' id='word_1_448' title='bbox 489 5414 670 5484; x_wconf 83' lang='grc' dir='ltr'>πάσης</span> <span class='ocrx_word' id='word_1_449' title='bbox 691 5415 788 5483; x_wconf 87' lang='grc' dir='ltr'><strong>τῆς</strong></span> <span class='ocrx_word' id='word_1_450' title='bbox 811 5412 953 5467; x_wconf 84' lang='grc' dir='ltr'>κατὰ</span> <span class='ocrx_word' id='word_1_451' title='bbox 978 5413 1068 5466; x_wconf 81' lang='grc' dir='ltr'>τὸν</span> <span class='ocrx_word' id='word_1_452' title='bbox 1097 5412 1210 5483; x_wconf 86' lang='grc' dir='ltr'>βίον</span> <span class='ocrx_word' id='word_1_453' title='bbox 1235 5413 1470 5483; x_wconf 84' lang='grc' dir='ltr'>σπουδῆς</span> <span class='ocrx_word' id='word_1_454' title='bbox 1499 5413 1936 5486; x_wconf 78' lang='grc' dir='ltr'>προϐαλλομένη’</span> 
     </span>
    </p>
   </div>
   <div class='ocr_carea' id='block_1_64' title="bbox 356 5471 2006 5577">
    <p class='ocr_par' dir='ltr' id='par_1_64' title="bbox 356 5471 2006 5577">
     <span class='ocr_line' id='line_1_64' title="bbox 356 5471 2006 5577; baseline 0.001 -18"><span class='ocrx_word' id='word_1_455' title='bbox 356 5505 546 5560; x_wconf 85' lang='grc' dir='ltr'>τούτου</span> <span class='ocrx_word' id='word_1_456' title='bbox 603 5471 827 5576; x_wconf 25' lang='grc' dir='ltr'>έάριντή</span> <span class='ocrx_word' id='word_1_457' title='bbox 875 5503 1003 5575; x_wconf 71' lang='grc' dir='ltr'>περὶ</span> <span class='ocrx_word' id='word_1_458' title='bbox 1032 5471 1108 5556; x_wconf 74' lang='grc' dir='ltr'><strong>τὸ¹</strong></span> <span class='ocrx_word' id='word_1_459' title='bbox 1141 5504 1311 5569; x_wconf 76' lang='grc' dir='ltr'>ὅντως</span> <span class='ocrx_word' id='word_1_460' title='bbox 1367 5471 1812 5577; x_wconf 34' lang='grc' dir='ltr'>καλὺίὰκρισία,</span> <span class='ocrx_word' id='word_1_461' title='bbox 1869 5471 2006 5562; x_wconf 53' lang='lat' dir='ltr'><strong>{ac</strong></span> 
     </span>
    </p>
   </div>
   <div class='ocr_carea' id='block_1_65' title="bbox 360 5595 1938 5668">
    <p class='ocr_par' dir='ltr' id='par_1_65' title="bbox 360 5595 1938 5668">
     <span class='ocr_line' id='line_1_65' title="bbox 360 5595 1938 5668; baseline 0.001 -16"><span class='ocrx_word' id='word_1_462' title='bbox 360 5597 534 5652; x_wconf 79' lang='grc' dir='ltr'>πολλὰ</span> <span class='ocrx_word' id='word_1_463' title='bbox 561 5597 669 5650; x_wconf 86' lang='grc' dir='ltr'><strong>τῶν</strong></span> <span class='ocrx_word' id='word_1_464' title='bbox 694 5596 1157 5668; x_wconf 83' lang='grc' dir='ltr'>ἁμαρτανομένων</span> <span class='ocrx_word' id='word_1_465' title='bbox 1185 5595 1372 5649; x_wconf 82' lang='grc' dir='ltr'>εἴωθεν</span> <span class='ocrx_word' id='word_1_466' title='bbox 1398 5596 1806 5668; x_wconf 80' lang='grc' dir='ltr'>ἐξεργάζεσθαι.</span> <span class='ocrx_word' id='word_1_467' title='bbox 1851 5600 1938 5663; x_wconf 86' lang='grc' dir='ltr'>Ὡς</span> 
     </span>
    </p>
   </div>
   <div class='ocr_carea' id='block_1_66' title="bbox 288 5686 1937 5762">
    <p class='ocr_par' dir='ltr' id='par_1_66' title="bbox 288 5686 1937 5762">
     <span class='ocr_line' id='line_1_66' title="bbox 288 5686 1937 5762; baseline 0.005 -25"><span class='ocrx_word' id='word_1_468' title='bbox 288 5727 296 5737; x_wconf 91' lang='grc'><strong>.</strong></span> <span class='ocrx_word' id='word_1_469' title='bbox 357 5692 411 5744; x_wconf 80' lang='grc' dir='ltr'><strong>εἰ</strong></span> <span class='ocrx_word' id='word_1_470' title='bbox 441 5706 506 5757; x_wconf 87' lang='grc' dir='ltr'><strong>γε</strong></span> <span class='ocrx_word' id='word_1_471' title='bbox 542 5689 804 5762; x_wconf 84' lang='grc' dir='ltr'>πρόδηλον</span> <span class='ocrx_word' id='word_1_472' title='bbox 832 5690 996 5742; x_wconf 80' lang='grc' dir='ltr'>πᾶσιν</span> <span class='ocrx_word' id='word_1_473' title='bbox 1023 5686 1090 5759; x_wconf 76' lang='grc' dir='ltr'>ἦν</span> <span class='ocrx_word' id='word_1_474' title='bbox 1124 5687 1183 5741; x_wconf 84' lang='grc' dir='ltr'><strong>τὺ</strong></span> <span class='ocrx_word' id='word_1_475' title='bbox 1215 5689 1427 5758; x_wconf 87' lang='grc' dir='ltr'>ἀληθῶς</span> <span class='ocrx_word' id='word_1_476' title='bbox 1471 5690 1696 5758; x_wconf 86' lang='grc' dir='ltr'>ἀγαθὸν,</span> <span class='ocrx_word' id='word_1_477' title='bbox 1737 5692 1838 5744; x_wconf 77' lang='grc' dir='ltr'>οὐκ</span> <span class='ocrx_word' id='word_1_478' title='bbox 1872 5692 1937 5745; x_wconf 79' lang='grc' dir='ltr'>ἂν</span> 
     </span>
    </p>
   </div>
   <div class='ocr_carea' id='block_1_67' title="bbox 361 5771 1932 5850">
    <p class='ocr_par' dir='ltr' id='par_1_67' title="bbox 361 5771 1932 5850">
     <span class='ocr_line' id='line_1_67' title="bbox 361 5771 1932 5850; baseline 0.002 -18"><span class='ocrx_word' id='word_1_479' title='bbox 361 5779 572 5833; x_wconf 86' lang='grc' dir='ltr'>ἐκείνου</span> <span class='ocrx_word' id='word_1_480' title='bbox 598 5779 726 5832; x_wconf 82' lang='grc' dir='ltr'>ποτὲ</span> <span class='ocrx_word' id='word_1_481' title='bbox 745 5779 1140 5850; x_wconf 78' lang='grc' dir='ltr'>διημάρτομεν,</span> <span class='ocrx_word' id='word_1_482' title='bbox 1160 5771 1204 5845; x_wconf 82' lang='grc' dir='ltr'><strong>ᾧ</strong></span> <span class='ocrx_word' id='word_1_483' title='bbox 1230 5778 1389 5847; x_wconf 85' lang='grc' dir='ltr'>φύσις</span> <span class='ocrx_word' id='word_1_484' title='bbox 1409 5782 1441 5850; x_wconf 83' lang='grc' dir='ltr'>ή</span> <span class='ocrx_word' id='word_1_485' title='bbox 1464 5780 1736 5850; x_wconf 80' lang='grc' dir='ltr'>ἀγαθότης</span> <span class='ocrx_word' id='word_1_486' title='bbox 1766 5783 1932 5835; x_wconf 85' lang='grc' dir='ltr'>ἐστίν·</span> 
     </span>
    </p>
   </div>
   <div class='ocr_carea' id='block_1_68' title="bbox 359 5869 1934 5950">
    <p class='ocr_par' dir='ltr' id='par_1_68' title="bbox 359 5869 1934 5950">
     <span class='ocr_line' id='line_1_68' title="bbox 359 5869 1934 5950; baseline 0.001 -25"><span class='ocrx_word' id='word_1_487' title='bbox 359 5871 468 5926; x_wconf 75' lang='grc' dir='ltr'>οὐδ’</span> <span class='ocrx_word' id='word_1_488' title='bbox 499 5871 566 5926; x_wconf 80' lang='grc' dir='ltr'>ἂν</span> <span class='ocrx_word' id='word_1_489' title='bbox 597 5871 856 5934; x_wconf 81' lang='grc' dir='ltr'>ἑκουσίως</span> <span class='ocrx_word' id='word_1_490' title='bbox 883 5873 949 5941; x_wconf 81' lang='grc' dir='ltr'><strong>τῇ</strong></span> <span class='ocrx_word' id='word_1_491' title='bbox 981 5870 1088 5924; x_wconf 82' lang='grc' dir='ltr'><strong>τῶν</strong></span> <span class='ocrx_word' id='word_1_492' title='bbox 1111 5869 1293 5926; x_wconf 85' lang='grc' dir='ltr'>κακῶν</span> <span class='ocrx_word' id='word_1_493' title='bbox 1321 5873 1727 5943; x_wconf 79' lang='grc' dir='ltr'>συνηνέχθημεν</span> <span class='ocrx_word' id='word_1_494' title='bbox 1751 5876 1934 5950; x_wconf 79' lang='grc' dir='ltr'>πείρᾳ,</span> 
     </span>
    </p>
   </div>
   <div class='ocr_carea' id='block_1_69' title="bbox 2037 4221 3623 4301">
    <p class='ocr_par' dir='ltr' id='par_1_69' title="bbox 2037 4221 3623 4301">
     <span class='ocr_line' id='line_1_69' title="bbox 2037 4221 3623 4301; baseline -0.003 -23"><span class='ocrx_word' id='word_1_495' title='bbox 2037 4225 2117 4278; x_wconf 89' lang='lat' dir='ltr'><strong>liti</strong></span> <span class='ocrx_word' id='word_1_496' title='bbox 2152 4232 2283 4301; x_wconf 78' lang='lat' dir='ltr'><strong>sunt</strong></span> <span class='ocrx_word' id='word_1_497' title='bbox 2309 4224 2641 4294; x_wconf 88' lang='lat' dir='ltr'><strong>perturbari,</strong></span> <span class='ocrx_word' id='word_1_498' title='bbox 2670 4230 2726 4279; x_wconf 91' lang='lat' dir='ltr'><strong>et</strong></span> <span class='ocrx_word' id='word_1_499' title='bbox 2753 4224 2820 4277; x_wconf 86' lang='lat' dir='ltr'><strong>ad</strong></span> <span class='ocrx_word' id='word_1_500' title='bbox 2849 4225 3129 4279; x_wconf 87' lang='lat' dir='ltr'><strong>meliorem</strong></span> <span class='ocrx_word' id='word_1_501' title='bbox 3163 4222 3492 4290; x_wconf 88' lang='lat' dir='ltr'><strong>homineque</strong></span> <span class='ocrx_word' id='word_1_502' title='bbox 3541 4221 3623 4275; x_wconf 88' lang='lat' dir='ltr'><strong>di-</strong></span> 
     </span>
    </p>
   </div>
   <div class='ocr_carea' id='block_1_70' title="bbox 2035 4306 3623 4386">
    <p class='ocr_par' dir='ltr' id='par_1_70' title="bbox 2035 4306 3623 4386">
     <span class='ocr_line' id='line_1_70' title="bbox 2035 4306 3623 4386; baseline -0.002 -17"><span class='ocrx_word' id='word_1_503' title='bbox 2035 4316 2280 4386; x_wconf 79' lang='lat' dir='ltr'><strong>gniorem</strong></span> <span class='ocrx_word' id='word_1_504' title='bbox 2313 4313 2700 4384; x_wconf 81' lang='lat' dir='ltr'><strong>cogitationem</strong></span> <span class='ocrx_word' id='word_1_505' title='bbox 2729 4326 2829 4381; x_wconf 87' lang='lat' dir='ltr'><strong>pro</strong></span> <span class='ocrx_word' id='word_1_506' title='bbox 2877 4306 3090 4367; x_wconf 70' lang='lat' dir='ltr'><strong>viribus</strong></span> <span class='ocrx_word' id='word_1_507' title='bbox 3122 4310 3430 4365; x_wconf 76' lang='lat' dir='ltr'><strong>traducem.</strong></span> <span class='ocrx_word' id='word_1_508' title='bbox 3466 4311 3623 4377; x_wconf 85' lang='lat' dir='ltr'><strong>Quod</strong></span> 
     </span>
    </p>
   </div>
   <div class='ocr_carea' id='block_1_71' title="bbox 2035 4403 3619 4477">
    <p class='ocr_par' dir='ltr' id='par_1_71' title="bbox 2035 4403 3619 4477">
     <span class='ocr_line' id='line_1_71' title="bbox 2035 4403 3619 4477; baseline -0.001 -17"><span class='ocrx_word' id='word_1_509' title='bbox 2035 4407 2257 4477; x_wconf 89' lang='lat' dir='ltr'><strong>quidem</strong></span> <span class='ocrx_word' id='word_1_510' title='bbox 2288 4407 2336 4462; x_wconf 89' lang='lat' dir='ltr'><strong>si</strong></span> <span class='ocrx_word' id='word_1_511' title='bbox 2365 4405 2575 4460; x_wconf 90' lang='lat' dir='ltr'><strong>erimus</strong></span> <span class='ocrx_word' id='word_1_512' title='bbox 2619 4403 2888 4468; x_wconf 87' lang='lat' dir='ltr'><strong>assecuti,</strong></span> <span class='ocrx_word' id='word_1_513' title='bbox 2949 4403 3306 4458; x_wconf 88' lang='lat' dir='ltr'><strong>temerarium</strong></span> <span class='ocrx_word' id='word_1_514' title='bbox 3366 4403 3501 4458; x_wconf 88' lang='lat' dir='ltr'><strong>illud</strong></span> <span class='ocrx_word' id='word_1_515' title='bbox 3527 4403 3619 4458; x_wconf 88' lang='lat' dir='ltr'><strong>do-</strong></span> 
     </span>
    </p>
   </div>
   <div class='ocr_carea' id='block_1_72' title="bbox 2037 4495 3621 4567">
    <p class='ocr_par' dir='ltr' id='par_1_72' title="bbox 2037 4495 3621 4567">
     <span class='ocr_line' id='line_1_72' title="bbox 2037 4495 3621 4567; baseline -0.001 -13"><span class='ocrx_word' id='word_1_516' title='bbox 2037 4501 2182 4556; x_wconf 86' lang='lat' dir='ltr'><strong>lendi</strong></span> <span class='ocrx_word' id='word_1_517' title='bbox 2219 4496 2598 4567; x_wconf 74' lang='lat' dir='ltr'><strong>mmrendique</strong></span> <span class='ocrx_word' id='word_1_518' title='bbox 2625 4495 2908 4561; x_wconf 89' lang='lat' dir='ltr'><strong>studium,</strong></span> <span class='ocrx_word' id='word_1_519' title='bbox 2971 4510 3085 4567; x_wconf 91' lang='lat' dir='ltr'><strong>quo</strong></span> <span class='ocrx_word' id='word_1_520' title='bbox 3153 4497 3306 4551; x_wconf 90' lang='lat' dir='ltr'><strong>multi</strong></span> <span class='ocrx_word' id='word_1_521' title='bbox 3345 4504 3621 4564; x_wconf 86' lang='lat' dir='ltr'><strong>tenentur,</strong></span> 
     </span>
    </p>
   </div>
   <div class='ocr_carea' id='block_1_73' title="bbox 2036 4587 3625 4660">
    <p class='ocr_par' dir='ltr' id='par_1_73' title="bbox 2036 4587 3625 4660">
     <span class='ocr_line' id='line_1_73' title="bbox 2036 4587 3625 4660; baseline -0.001 -14"><span class='ocrx_word' id='word_1_522' title='bbox 2036 4607 2105 4646; x_wconf 83' lang='lat' dir='ltr'><strong>ex</strong></span> <span class='ocrx_word' id='word_1_523' title='bbox 2140 4589 2428 4644; x_wconf 84' lang='lat' dir='ltr'><strong>hominum</strong></span> <span class='ocrx_word' id='word_1_524' title='bbox 2479 4587 2593 4643; x_wconf 85' lang='lat' dir='ltr'><strong>vita</strong></span> <span class='ocrx_word' id='word_1_525' title='bbox 2625 4587 2957 4658; x_wconf 88' lang='lat' dir='ltr'><strong>depelletur.</strong></span> <span class='ocrx_word' id='word_1_526' title='bbox 3009 4588 3182 4644; x_wconf 78' lang='lat' dir='ltr'><strong>Recte</strong></span> <span class='ocrx_word' id='word_1_527' title='bbox 3233 4596 3416 4643; x_wconf 87' lang='lat' dir='ltr'><strong>autem</strong></span> <span class='ocrx_word' id='word_1_528' title='bbox 3462 4600 3625 4660; x_wconf 85' lang='lat' dir='ltr'><strong>atque</strong></span> 
     </span>
    </p>
   </div>
   <div class='ocr_carea' id='block_1_74' title="bbox 2035 4678 3622 4751">
    <p class='ocr_par' dir='ltr' id='par_1_74' title="bbox 2035 4678 3622 4751">
     <span class='ocr_line' id='line_1_74' title="bbox 2035 4678 3622 4751; baseline -0.001 -13"><span class='ocrx_word' id='word_1_529' title='bbox 2035 4681 2229 4738; x_wconf 89' lang='lat' dir='ltr'><strong>ordine</strong></span> <span class='ocrx_word' id='word_1_530' title='bbox 2248 4679 2393 4750; x_wconf 90' lang='lat' dir='ltr'><strong>quod</strong></span> <span class='ocrx_word' id='word_1_531' title='bbox 2411 4678 2820 4750; x_wconf 89' lang='lat' dir='ltr'><strong>proposuimus,</strong></span> <span class='ocrx_word' id='word_1_532' title='bbox 2841 4694 3259 4750; x_wconf 89' lang='lat' dir='ltr'><strong>persequemur,</strong></span> <span class='ocrx_word' id='word_1_533' title='bbox 3285 4681 3332 4735; x_wconf 88' lang='lat' dir='ltr'><strong>si</strong></span> <span class='ocrx_word' id='word_1_534' title='bbox 3364 4681 3622 4751; x_wconf 87' lang='lat' dir='ltr'><strong>primum,</strong></span> 
     </span>
    </p>
   </div>
   <div class='ocr_carea' id='block_1_75' title="bbox 2035 4772 3622 4844">
    <p class='ocr_par' dir='ltr' id='par_1_75' title="bbox 2035 4772 3622 4844">
     <span class='ocr_line' id='line_1_75' title="bbox 2035 4772 3622 4844; baseline 0 -16"><span class='ocrx_word' id='word_1_535' title='bbox 2035 4774 2168 4844; x_wconf 89' lang='lat' dir='ltr'><strong>quid</strong></span> <span class='ocrx_word' id='word_1_536' title='bbox 2200 4788 2329 4828; x_wconf 89' lang='lat' dir='ltr'><strong>vere</strong></span> <span class='ocrx_word' id='word_1_537' title='bbox 2351 4772 2424 4828; x_wconf 91' lang='lat' dir='ltr'><strong>sit</strong></span> <span class='ocrx_word' id='word_1_538' title='bbox 2444 4772 2672 4838; x_wconf 84' lang='lat' dir='ltr'><strong>bonum,</strong></span> <span class='ocrx_word' id='word_1_539' title='bbox 2702 4773 3096 4843; x_wconf 85' lang='lat' dir='ltr'><strong>exquiremus;</strong></span> <span class='ocrx_word' id='word_1_540' title='bbox 3127 4773 3324 4828; x_wconf 90' lang='lat' dir='ltr'><strong>deinde</strong></span> <span class='ocrx_word' id='word_1_541' title='bbox 3347 4774 3622 4844; x_wconf 88' lang='lat' dir='ltr'><strong>propriam</strong></span> 
     </span>
    </p>
   </div>
   <div class='ocr_carea' id='block_1_76' title="bbox 2037 4864 3625 4936">
    <p class='ocr_par' dir='ltr' id='par_1_76' title="bbox 2037 4864 3625 4936">
     <span class='ocr_line' id='line_1_76' title="bbox 2037 4864 3625 4936; baseline -0.001 -16"><span class='ocrx_word' id='word_1_542' title='bbox 2037 4867 2182 4932; x_wconf 67' lang='lat' dir='ltr'><strong>vitm,</strong></span> <span class='ocrx_word' id='word_1_543' title='bbox 2213 4880 2379 4936; x_wconf 88' lang='lat' dir='ltr'><strong>quam</strong></span> <span class='ocrx_word' id='word_1_544' title='bbox 2409 4865 2463 4919; x_wconf 91' lang='lat' dir='ltr'><strong>in</strong></span> <span class='ocrx_word' id='word_1_545' title='bbox 2492 4879 2723 4934; x_wconf 89' lang='lat' dir='ltr'><strong>corpore</strong></span> <span class='ocrx_word' id='word_1_546' title='bbox 2760 4864 2995 4933; x_wconf 81' lang='lat' dir='ltr'><strong>agimus,</strong></span> <span class='ocrx_word' id='word_1_547' title='bbox 3031 4864 3403 4920; x_wconf 88' lang='lat' dir='ltr'><strong>conditionem</strong></span> <span class='ocrx_word' id='word_1_548' title='bbox 3438 4866 3625 4922; x_wconf 86' lang='lat' dir='ltr'><strong>consi-</strong></span> 
     </span>
    </p>
   </div>
   <div class='ocr_carea' id='block_1_77' title="bbox 2037 4953 3624 5028">
    <p class='ocr_par' dir='ltr' id='par_1_77' title="bbox 2037 4953 3624 5028">
     <span class='ocr_line' id='line_1_77' title="bbox 2037 4953 3624 5028; baseline -0.002 -15"><span class='ocrx_word' id='word_1_549' title='bbox 2037 4959 2389 5025; x_wconf 88' lang='lat' dir='ltr'><strong>derabimus;</strong></span> <span class='ocrx_word' id='word_1_550' title='bbox 2445 4965 2726 5028; x_wconf 88' lang='lat' dir='ltr'><strong>postremo</strong></span> <span class='ocrx_word' id='word_1_551' title='bbox 2786 4972 2876 5012; x_wconf 88' lang='lat' dir='ltr'><strong>res</strong></span> <span class='ocrx_word' id='word_1_552' title='bbox 2913 4963 3216 5028; x_wconf 73' lang='lat' dir='ltr'><strong>praesentes</strong></span> <span class='ocrx_word' id='word_1_553' title='bbox 3275 4953 3624 5011; x_wconf 79' lang='lat' dir='ltr'><strong>conferemus</strong></span> 
     </span>
    </p>
   </div>
   <div class='ocr_carea' id='block_1_78' title="bbox 2037 5048 3625 5121">
    <p class='ocr_par' dir='ltr' id='par_1_78' title="bbox 2037 5048 3625 5121">
     <span class='ocr_line' id='line_1_78' title="bbox 2037 5048 3625 5121; baseline -0.003 -14"><span class='ocrx_word' id='word_1_554' title='bbox 2037 5067 2162 5107; x_wconf 90' lang='lat' dir='ltr'><strong>eum</strong></span> <span class='ocrx_word' id='word_1_555' title='bbox 2210 5052 2281 5109; x_wconf 87' lang='lat' dir='ltr'><strong>iis</strong></span> <span class='ocrx_word' id='word_1_556' title='bbox 2333 5065 2472 5120; x_wconf 88' lang='lat' dir='ltr'><strong>quas</strong></span> <span class='ocrx_word' id='word_1_557' title='bbox 2519 5066 2616 5121; x_wconf 82' lang='lat' dir='ltr'><strong>per</strong></span> <span class='ocrx_word' id='word_1_558' title='bbox 2669 5065 2822 5121; x_wconf 87' lang='lat' dir='ltr'><strong>spem</strong></span> <span class='ocrx_word' id='word_1_559' title='bbox 2877 5051 3036 5106; x_wconf 83' lang='lat' dir='ltr'><strong>nobis</strong></span> <span class='ocrx_word' id='word_1_560' title='bbox 3067 5048 3378 5105; x_wconf 87' lang='lat' dir='ltr'><strong>reconditas</strong></span> <span class='ocrx_word' id='word_1_561' title='bbox 3432 5062 3625 5118; x_wconf 56' lang='lat' dir='ltr'><strong>exspe.</strong></span> 
     </span>
    </p>
   </div>
   <div class='ocr_carea' id='block_1_79' title="bbox 2038 5139 3622 5210">
    <p class='ocr_par' dir='ltr' id='par_1_79' title="bbox 2038 5139 3622 5210">
     <span class='ocr_line' id='line_1_79' title="bbox 2038 5139 3622 5210; baseline -0.002 -14"><span class='ocrx_word' id='word_1_562' title='bbox 2038 5151 2274 5198; x_wconf 86' lang='lat' dir='ltr'><strong>ctamus.</strong></span> <span class='ocrx_word' id='word_1_563' title='bbox 2301 5141 2394 5197; x_wconf 87' lang='lat' dir='ltr'><strong>Sic</strong></span> <span class='ocrx_word' id='word_1_564' title='bbox 2422 5141 2569 5196; x_wconf 90' lang='lat' dir='ltr'><strong>enim</strong></span> <span class='ocrx_word' id='word_1_565' title='bbox 2601 5140 2900 5210; x_wconf 86' lang='lat' dir='ltr'><strong>disputatio</strong></span> <span class='ocrx_word' id='word_1_566' title='bbox 2955 5141 3118 5194; x_wconf 83' lang='lat' dir='ltr'><strong>linem</strong></span> <span class='ocrx_word' id='word_1_567' title='bbox 3164 5139 3506 5208; x_wconf 86' lang='lat' dir='ltr'><strong>propositum</strong></span> <span class='ocrx_word' id='word_1_568' title='bbox 3534 5153 3622 5193; x_wconf 56' lang='lat' dir='ltr'><strong>as.</strong></span> 
     </span>
    </p>
   </div>
   <div class='ocr_carea' id='block_1_80' title="bbox 2041 5228 3622 5302">
    <p class='ocr_par' dir='ltr' id='par_1_80' title="bbox 2041 5228 3622 5302">
     <span class='ocr_line' id='line_1_80' title="bbox 2041 5228 3622 5302; baseline -0.003 -14"><span class='ocrx_word' id='word_1_569' title='bbox 2041 5243 2320 5302; x_wconf 89' lang='lat' dir='ltr'><strong>sequetur,</strong></span> <span class='ocrx_word' id='word_1_570' title='bbox 2351 5239 2411 5286; x_wconf 83' lang='lat' dir='ltr'><strong>ut</strong></span> <span class='ocrx_word' id='word_1_571' title='bbox 2438 5232 2734 5286; x_wconf 88' lang='lat' dir='ltr'><strong>multorum</strong></span> <span class='ocrx_word' id='word_1_572' title='bbox 2779 5229 2947 5284; x_wconf 90' lang='lat' dir='ltr'><strong>animi</strong></span> <span class='ocrx_word' id='word_1_573' title='bbox 2999 5229 3070 5283; x_wconf 90' lang='lat' dir='ltr'><strong>ab</strong></span> <span class='ocrx_word' id='word_1_574' title='bbox 3111 5228 3367 5297; x_wconf 89' lang='lat' dir='ltr'><strong>opinione</strong></span> <span class='ocrx_word' id='word_1_575' title='bbox 3408 5229 3622 5298; x_wconf 79' lang='lat' dir='ltr'><strong>vulgari</strong></span> 
     </span>
    </p>
   </div>
   <div class='ocr_carea' id='block_1_81' title="bbox 2040 5318 3622 5379">
    <p class='ocr_par' dir='ltr' id='par_1_81' title="bbox 2040 5318 3622 5379">
     <span class='ocr_line' id='line_1_81' title="bbox 2040 5318 3622 5379; baseline -0.003 0"><span class='ocrx_word' id='word_1_576' title='bbox 2040 5325 2106 5379; x_wconf 88' lang='lat' dir='ltr'><strong>ad</strong></span> <span class='ocrx_word' id='word_1_577' title='bbox 2168 5331 2376 5378; x_wconf 88' lang='lat' dir='ltr'><strong>rectam</strong></span> <span class='ocrx_word' id='word_1_578' title='bbox 2428 5322 2498 5377; x_wconf 92' lang='lat' dir='ltr'><strong>de</strong></span> <span class='ocrx_word' id='word_1_579' title='bbox 2541 5335 2670 5376; x_wconf 82' lang='lat' dir='ltr'><strong>vero</strong></span> <span class='ocrx_word' id='word_1_580' title='bbox 2720 5321 2868 5375; x_wconf 93' lang='lat' dir='ltr'><strong>bono</strong></span> <span class='ocrx_word' id='word_1_581' title='bbox 2922 5318 3249 5375; x_wconf 87' lang='lat' dir='ltr'><strong>sententiam</strong></span> <span class='ocrx_word' id='word_1_582' title='bbox 3317 5319 3622 5375; x_wconf 81' lang='lat' dir='ltr'><strong>traducan-</strong></span> 
     </span>
    </p>
   </div>
   <div class='ocr_carea' id='block_1_82' title="bbox 2041 5408 3624 5470">
    <p class='ocr_par' dir='ltr' id='par_1_82' title="bbox 2041 5408 3624 5470">
     <span class='ocr_line' id='line_1_82' title="bbox 2041 5408 3624 5470; baseline -0.003 0"><span class='ocrx_word' id='word_1_583' title='bbox 2041 5426 2151 5470; x_wconf 93' lang='lat' dir='ltr'><strong>tur.</strong></span> <span class='ocrx_word' id='word_1_584' title='bbox 2221 5413 2358 5468; x_wconf 85' lang='lat' dir='ltr'><strong>Nam</strong></span> <span class='ocrx_word' id='word_1_585' title='bbox 2429 5429 2556 5468; x_wconf 91' lang='lat' dir='ltr'><strong>cum</strong></span> <span class='ocrx_word' id='word_1_586' title='bbox 2623 5411 2880 5466; x_wconf 87' lang='lat' dir='ltr'><strong>omnibus</strong></span> <span class='ocrx_word' id='word_1_587' title='bbox 2943 5408 3259 5464; x_wconf 88' lang='lat' dir='ltr'><strong>hominibus</strong></span> <span class='ocrx_word' id='word_1_588' title='bbox 3314 5411 3480 5466; x_wconf 88' lang='lat' dir='ltr'><strong>insita</strong></span> <span class='ocrx_word' id='word_1_589' title='bbox 3553 5413 3624 5468; x_wconf 86' lang='lat' dir='ltr'><strong>sit</strong></span> 
     </span>
    </p>
   </div>
   <div class='ocr_carea' id='block_1_83' title="bbox 2040 5502 3622 5575">
    <p class='ocr_par' dir='ltr' id='par_1_83' title="bbox 2040 5502 3622 5575">
     <span class='ocr_line' id='line_1_83' title="bbox 2040 5502 3622 5575; baseline -0.003 -13"><span class='ocrx_word' id='word_1_590' title='bbox 2040 5507 2308 5562; x_wconf 87' lang='lat' dir='ltr'><strong>naturalis</strong></span> <span class='ocrx_word' id='word_1_591' title='bbox 2357 5505 2606 5575; x_wconf 71' lang='lat' dir='ltr'><strong>quaedam</strong></span> <span class='ocrx_word' id='word_1_592' title='bbox 2665 5502 2733 5556; x_wconf 90' lang='lat' dir='ltr'><strong>ad</strong></span> <span class='ocrx_word' id='word_1_593' title='bbox 2802 5502 3003 5555; x_wconf 87' lang='lat' dir='ltr'><strong>bonum</strong></span> <span class='ocrx_word' id='word_1_594' title='bbox 3063 5502 3383 5571; x_wconf 82' lang='lat' dir='ltr'><strong>propensio,</strong></span> <span class='ocrx_word' id='word_1_595' title='bbox 3444 5504 3511 5560; x_wconf 86' lang='lat' dir='ltr'><strong>ad</strong></span> <span class='ocrx_word' id='word_1_596' title='bbox 3557 5505 3622 5558; x_wconf 90' lang='lat' dir='ltr'><strong>il-</strong></span> 
     </span>
    </p>
   </div>
   <div class='ocr_carea' id='block_1_84' title="bbox 2039 5595 3620 5668">
    <p class='ocr_par' dir='ltr' id='par_1_84' title="bbox 2039 5595 3620 5668">
     <span class='ocr_line' id='line_1_84' title="bbox 2039 5595 3620 5668; baseline 0 -16"><span class='ocrx_word' id='word_1_597' title='bbox 2039 5599 2242 5668; x_wconf 88' lang='lat' dir='ltr'><strong>ludque</strong></span> <span class='ocrx_word' id='word_1_598' title='bbox 2287 5596 2732 5666; x_wconf 89' lang='lat' dir='ltr'><strong>consequendum</strong></span> <span class='ocrx_word' id='word_1_599' title='bbox 2794 5609 3008 5663; x_wconf 89' lang='lat' dir='ltr'><strong>semper</strong></span> <span class='ocrx_word' id='word_1_600' title='bbox 3061 5595 3212 5648; x_wconf 92' lang='lat' dir='ltr'><strong>omni</strong></span> <span class='ocrx_word' id='word_1_601' title='bbox 3261 5595 3443 5650; x_wconf 91' lang='lat' dir='ltr'><strong>studio</strong></span> <span class='ocrx_word' id='word_1_602' title='bbox 3492 5612 3620 5652; x_wconf 88' lang='lat' dir='ltr'><strong>con-</strong></span> 
     </span>
    </p>
   </div>
   <div class='ocr_carea' id='block_1_85' title="bbox 2041 5685 3624 5755">
    <p class='ocr_par' dir='ltr' id='par_1_85' title="bbox 2041 5685 3624 5755">
     <span class='ocr_line' id='line_1_85' title="bbox 2041 5685 3624 5755; baseline -0.002 -11"><span class='ocrx_word' id='word_1_603' title='bbox 2041 5694 2286 5755; x_wconf 81' lang='lat' dir='ltr'><strong>tendant,</strong></span> <span class='ocrx_word' id='word_1_604' title='bbox 2323 5690 2383 5743; x_wconf 78' lang='lat' dir='ltr'><strong>[lt</strong></span> <span class='ocrx_word' id='word_1_605' title='bbox 2427 5696 2488 5743; x_wconf 90' lang='lat' dir='ltr'><strong>ut</strong></span> <span class='ocrx_word' id='word_1_606' title='bbox 2522 5703 2588 5742; x_wconf 83' lang='lat' dir='ltr'><strong>ex</strong></span> <span class='ocrx_word' id='word_1_607' title='bbox 2638 5688 2754 5742; x_wconf 84' lang='lat' dir='ltr'><strong>veri</strong></span> <span class='ocrx_word' id='word_1_608' title='bbox 2784 5685 2911 5742; x_wconf 89' lang='lat' dir='ltr'><strong>boui</strong></span> <span class='ocrx_word' id='word_1_609' title='bbox 2955 5685 3266 5755; x_wconf 75' lang='lat' dir='ltr'><strong>ignorantia</strong></span> <span class='ocrx_word' id='word_1_610' title='bbox 3293 5686 3477 5740; x_wconf 84' lang='lat' dir='ltr'><strong>omnia</strong></span> <span class='ocrx_word' id='word_1_611' title='bbox 3510 5687 3624 5742; x_wconf 76' lang='lat' dir='ltr'><strong>lete</strong></span> 
     </span>
    </p>
   </div>
   <div class='ocr_carea' id='block_1_86' title="bbox 2040 5777 3622 5855">
    <p class='ocr_par' dir='ltr' id='par_1_86' title="bbox 2040 5777 3622 5855">
     <span class='ocr_line' id='line_1_86' title="bbox 2040 5777 3622 5855; baseline -0.006 -15"><span class='ocrx_word' id='word_1_612' title='bbox 2040 5791 2265 5855; x_wconf 86' lang='lat' dir='ltr'><strong>peccata</strong></span> <span class='ocrx_word' id='word_1_613' title='bbox 2293 5784 2662 5838; x_wconf 80' lang='lat' dir='ltr'><strong>committant.</strong></span> <span class='ocrx_word' id='word_1_614' title='bbox 2691 5777 2846 5847; x_wconf 87' lang='lat' dir='ltr'><strong>Quod</strong></span> <span class='ocrx_word' id='word_1_615' title='bbox 2890 5778 2937 5834; x_wconf 90' lang='lat' dir='ltr'><strong>si</strong></span> <span class='ocrx_word' id='word_1_616' title='bbox 2965 5778 3152 5833; x_wconf 88' lang='lat' dir='ltr'><strong>cuncti</strong></span> <span class='ocrx_word' id='word_1_617' title='bbox 3188 5795 3376 5834; x_wconf 86' lang='lat' dir='ltr'><strong>verum</strong></span> <span class='ocrx_word' id='word_1_618' title='bbox 3419 5779 3622 5834; x_wconf 88' lang='lat' dir='ltr'><strong>bonum</strong></span> 
     </span>
    </p>
   </div>
   <div class='ocr_carea' id='block_1_87' title="bbox 2042 5870 3622 5948">
    <p class='ocr_par' dir='ltr' id='par_1_87' title="bbox 2042 5870 3622 5948">
     <span class='ocr_line' id='line_1_87' title="bbox 2042 5870 3622 5948; baseline -0.006 -15"><span class='ocrx_word' id='word_1_619' title='bbox 2042 5883 2389 5948; x_wconf 86' lang='lat' dir='ltr'><strong>perspectum</strong></span> <span class='ocrx_word' id='word_1_620' title='bbox 2413 5882 2466 5931; x_wconf 89' lang='lat' dir='ltr'><strong>et</strong></span> <span class='ocrx_word' id='word_1_621' title='bbox 2509 5875 2786 5947; x_wconf 78' lang='lat' dir='ltr'><strong>cognitum</strong></span> <span class='ocrx_word' id='word_1_622' title='bbox 2827 5872 3106 5929; x_wconf 83' lang='lat' dir='ltr'><strong>haberent.</strong></span> <span class='ocrx_word' id='word_1_623' title='bbox 3139 5885 3419 5941; x_wconf 85' lang='lat' dir='ltr'><strong>nunquam</strong></span> <span class='ocrx_word' id='word_1_624' title='bbox 3445 5870 3514 5926; x_wconf 86' lang='lat' dir='ltr'><strong>ab</strong></span> <span class='ocrx_word' id='word_1_625' title='bbox 3535 5884 3622 5933; x_wconf 81' lang='lat' dir='ltr'><strong>eo,</strong></span> 
     </span>
    </p>
   </div>
  </div>
