4026 6450
412 433 516 487 699

1635 415 1694 470 S.
1736 409 2068 469 (ςιιεαοῐιιι
2104 405 2404 464 NYSSENI

3584 401 3696 456 500

412 551 469 604 iu
508 559 618 616 quo
645 511 844 600 natura
892 541 1197 599 bonitatem
1240 537 1402 594 sitam
1429 551 1554 592 esse
1585 534 1816 597 scirent,
1845 533 2002 588 aber-

2111 529 2266 599 ετπερ
2320 525 2395 598 μὴ
2437 523 2823 594 ὲπεκέχρωστο
2864 520 2934 576 τὰ
2984 522 3288 594 πράγματα
3333 521 3704 596 διεψευσμένῃ

411 647 620 704 rantes,
647 637 828 701 malis,
867 650 991 706 qua;
1022 633 1218 690 falsam
1247 630 1380 687 boni
1413 629 1651 700 speciem
1688 641 1799 696 prae
1826 639 1886 681 se
1927 624 2005 679 l'e-

411 740 566 799 runt,
612 729 945 801 experiendo
980 728 1127 782 ultro
1155 740 1280 782 sese
1307 723 1678 794 implicarent.
1725 717 1784 774 ln
1813 716 2006 788 primis

410 827 580 898 igitur
610 824 713 879 hac
745 821 1016 884 oratione,
1049 818 1178 888 quid
1207 830 1333 872 vere
1371 815 1576 869 bonum
1615 811 1709 878 sit,
1766 808 2006 878 explice-

411 931 569 982 mus;
603 929 672 969 ne
731 912 884 968 illius
911 909 1132 964 inscitia
1165 907 1368 962 malum
1403 917 1648 974 unquam
1701 915 1802 971 pro
1859 899 2005 954 bono

411 1007 865 1076 complectamur.
904 1002 1128 1072 Oportet
1159 998 1305 1054 enim
1363 995 1548 1062 illius,
1609 991 1755 1062 quod
1799 989 2005 1061 quaeri-

413 1113 558 1160 mus,
595 1095 967 1149 deﬁnitionem
1001 1105 1068 1144 ac
1086 1086 1515 1156 descriptionem
1552 1081 1844 1154 quamdam
1874 1095 2003 1150 pro-

414 1189 568 1259 poni,
596 1187 756 1255 cujus
791 1193 1051 1253 tanquam
1095 1178 1304 1234 indicio
1349 1185 1464 1232 tuta
1498 1175 1613 1231 veri
1647 1174 1780 1229 boni
1806 1173 1879 1228 sit
1903 1187 2002 1226 no-

413 1281 502 1336 bis
531 1276 904 1348 investigatio.
931 1271 1158 1342 Ecquod
1194 1279 1378 1326 autem
1434 1269 1538 1325 erit
1589 1266 1856 1322 indicium
1889 1264 2002 1318 reri

414 1373 577 1428 boni?
600 1369 736 1424 Illud
763 1367 1042 1430 nimirum,
1063 1378 1184 1418 mea
1205 1361 1426 1433 quidem
1453 1359 1754 1424 sententia,
1776 1364 1834 1413 ut
1854 1356 2000 1428 quod

414 1477 522 1516 non
549 1461 616 1513 ad
644 1473 806 1512 unam
835 1464 1046 1510 tantum
1107 1453 1350 1526 aliquam
1407 1466 1522 1506 rem
1575 1450 1788 1513 utilem,
1827 1463 2004 1519 neque

414 1551 702 1634 quod‘alio
735 1560 977 1619 tempore
1007 1545 1378 1606 commodum,
1413 1543 1521 1598 alio
1570 1539 1999 1604 incommodum,

412 1631 594 1715 neque
632 1642 782 1713 quod
833 1641 910 1695 ita
958 1640 1194 1708 cuipiam
1226 1635 1422 1706 prosit,
1478 1643 1539 1688 ut
1572 1634 1661 1687 alii
1711 1633 1874 1698 obsit,
1903 1631 2001 1688 sed

415 1739 561 1810 quod
593 1746 647 1791 et
674 1751 772 1806 per
806 1750 865 1790 se
892 1748 956 1788 ac
988 1732 1206 1802 propria
1253 1737 1448 1784 natura
1489 1741 1609 1791 sua,
1651 1734 1706 1779 et
1745 1725 2000 1779 omnibus

414 1839 471 1887 et
528 1843 746 1900 semper
805 1827 1010 1882 bonum
1054 1824 1146 1889 sit,
1180 1821 1234 1876 id
1304 1820 1423 1876 sine
1484 1819 1594 1872 ulla
1657 1817 2001 1872 c‘lubitatione

2104 620 2213 673 τινὶ
2235 616 2328 672 τοῦ
2355 615 2522 670 καλοῦ
2552 615 2845 686 φαντασίᾳ.
2870 613 3080 668 οὐκοῦν
3107 613 3213 684 πρὸ
3239 614 3458 668 πάντων
3489 614 3704 669 τούτων

2105 709 2185 780 τῷ
2207 710 2352 780 λόγῳ
2375 709 2823 778 κατανοήσωμεν,
2856 706 2908 761 τί
2933 707 2995 760 τὸ
3019 705 3236 777 ἀληθῶς
3265 706 3490 776 ἀγαθὸν,
3528 707 3606 770 ὡς
3634 710 3704 763 ἂν

2109 801 2185 873 μὴ
2208 803 2274 872 τῇ
2323 800 2452 871 περὶ
2480 800 2670 854 τούτου
2712 797 2887 869 πλάνῃ
2930 798 3290 870 σπουδασθείη
3320 801 3451 852 ποτὲ
3477 800 3540 853 τὸ
3582 803 3702 870 χεῖ-

2108 913 2202 968 ρον
2224 895 2347 949 ἀντὶ
2369 893 2463 948 τοῦ
2493 894 2821 966 κρείττονος.
2850 893 2996 963 Φημὶ
3017 894 3195 947 τοίνυν
3218 893 3415 964 χρῆναι
3444 893 3704 967 καθάπερ

2104 987 2334 1058 ὁρισμόν
2363 1003 2483 1039 τινα
2509 986 2603 1039 καὶ
2626 984 2950 1055 χαρακτῆρα
2973 983 3066 1036 τοῦ
3097 983 3428 1054 ζητουμένου
3455 989 3704 1056 προϋπο-

2106 1078 2297 1132 θέσθαι
2327 1077 2404 1148 τῷ
2425 1077 2588 1148 λόγῳ,
2608 1076 2674 1129 δι’
2706 1068 2767 1129 οὗ
2789 1075 2984 1142 γένοιτ’
3019 1075 3085 1128 ἂν
3115 1077 3244 1144 ἡμῖν
3262 1075 3510 1145 ἀσφαλὴς
3543 1078 3576 1147 ή
3604 1076 3703 1130 τοῦ

2104 1171 2273 1224 καλοῦ
2303 1171 2652 1240 κατανόησις.
2683 1170 2782 1232 Τις
2806 1164 2899 1222 οὖν
2926 1170 2954 1221 ὁ
2983 1167 3267 1239 χαρακτὴρ
3298 1169 3396 1240 τῆς
3436 1169 3703 1241 ἀληθινῆς

2105 1263 2442 1334 ἀγαθότητος
2466 1280 2480 1328 ;
2519 1263 2592 1316 Τὸ
2618 1262 2692 1334 μὴ
2719 1261 2879 1332 μόνον
2907 1261 3044 1333 πρός
3067 1278 3120 1314 τι
3145 1261 3207 1313 τὺ
3226 1260 3505 1331 ὠφέλιμον
3532 1261 3701 1331 ἔχειν,

2107 1355 2240 1427 μηδὲ
2267 1355 2406 1410 κατὰ
2429 1353 2652 1425 καιρούς
2671 1371 2846 1418 τινας,
2870 1353 2903 1425 ἤ
2927 1353 3206 1421 ὲπωφελὲς
3228 1351 3262 1423 ἦ
3282 1353 3555 1422 ἄχρηστον
3578 1354 3702 1421 φαί-

2109 1445 2318 1500 νεσθαιο
2357 1445 2491 1516 μηδὲ
2517 1446 2624 1498 τινὶ
2657 1445 2753 1516 μὲν
2777 1439 2916 1498 εἶναι
2954 1443 3140 1510 καλὸν,
3165 1444 3337 1515 ἑτέρῳ
3369 1444 3426 1497 δὲ
3450 1445 3510 1498 οὐ
3533 1445 3700 1498 τοιοῦ-

2101 1553 2212 1590 τον·
2242 1536 2358 1590 ἀλλ’
2398 1537 2535 1605 ὅπερ
2575 1536 2668 1589 καὶ
2709 1536 2796 1604 ἐφ’
2828 1534 3024 1588 ἑαυτοῦ
3065 1535 3206 1588 κατὰ
3238 1534 3338 1606 τὴν
3378 1535 3515 1589 ἰδίαν
3538 1535 3702 1603 φύσιν

2101 1628 2221 1681 ἐστὶ
2261 1628 2454 1695 καλὸν,
2502 1628 2596 1681 καὶ
2627 1628 2822 1692 παντὶ,
2852 1627 2945 1680 καὶ
2988 1627 3218 1682 πάντοτε
3257 1627 3520 1690 ὡσαύτως
3559 1627 3696 1696 ἔχει,

2101 1712 2254 1782 οὗτός
2279 1719 2396 1771 ἐστι
2415 1759 2429 1785 ,
2460 1717 2604 1770 κατά
2636 1734 2701 1785 γε
2734 1716 2834 1786 τὴν
2862 1716 3000 1787 ἐμὴν
3028 1716 3230 1786 κρίσιν,
3270 1717 3368 1785 τῆς
3397 1715 3492 1769 τοῦ
3528 1717 3697 1770 καλοῦ

2101 1809 2337 1880 κρίσεως
2357 1809 2386 1860 ὁ
2413 1806 2700 1878 χαρακτὴρ
2719 1805 2962 1878 ἀπλανής
2988 1823 3047 1859 τε
3070 1805 3165 1860 καὶ
3190 1805 3476 1875 άψευστος.
3499 1807 3566 1860 Ὃ
3587 1808 3700 1880 γὰρ

413 1935 604 1977 verum
649 1896 856 1975 bonum
914 1930 1038 1971 esse
1083 1913 1416 1984 iudicemus.
1475 1909 1632 1976 Quod
1692 1909 1838 1964 enim
1901 1923 2004 1964 nec

2111 1899 2243 1968 μήτε
2269 1899 2425 1960 πᾶσι,
2459 1898 2598 1968 μήτε
2641 1897 2894 1963 πάντοτε,
2929 1897 3065 1968 μήτε
3104 1897 3188 1965 ἐφ’
3224 1896 3419 1950 ἑαυτοῦ
3446 1897 3569 1968 δίχα
3598 1898 3701 1969 τῆς

415 2013 690 2076 omnibus,
723 2025 826 2066 nec
865 2023 1100 2078 semper,
1135 2019 1236 2059 nec
1261 2020 1357 2075 per
1387 2018 1446 2058 se
1485 2003 1604 2059 sine
1639 2001 1746 2057 ulla
1779 2007 2006 2057 externa

415 2103 642 2159 alterius
665 2099 1017 2169 adjunctione
1044 2098 1247 2152 bonum
1284 2103 1388 2160 est,
1425 2094 1646 2164 proprie
1687 2094 1815 2148 boni
1845 2101 2005 2148 natu-

415 2210 530 2250 ram
563 2210 670 2248 non
703 2192 888 2247 habet.
921 2189 1288 2257 Quamobrem
1318 2187 1477 2242 multi
1528 2187 1712 2241 minus
1749 2172 2006 2241 conside-

417 2297 537 2342 rate
587 2300 675 2340 res
719 2284 1096 2354 explorantes,
1136 2281 1193 2334 in
1234 2279 1524 2341 elementis
1557 2276 1743 2332 mundi
1801 2277 2004 2332 bonum

417 2378 560 2432 falso
582 2390 704 2433 esse
738 2383 866 2430 sunt
927 2371 1222 2440 suspicati;
1259 2369 1308 2424 si
1353 2366 1481 2438 quis
1522 2368 1668 2423 enim
1712 2367 2008 2436 diligenter

418 2467 753 2524 consideret,
783 2463 993 2518 nullum
1025 2476 1218 2516 eorum
1252 2474 1353 2514 nec
1383 2474 1480 2530 per
1518 2473 1599 2525 se,
1630 2474 1735 2514 nec
1765 2473 2003 2528 semper,

417 2577 524 2616 nec
553 2558 810 2614 omnibus
862 2557 1068 2610 bonum
1116 2553 1376 2608 inveniet.
1408 2551 1543 2605 Nam
1577 2551 1728 2620 quod
1782 2553 1836 2607 in
1863 2567 2006 2607 uno-

419 2666 639 2724 quoque
667 2663 858 2705 eorum
887 2647 1021 2700 utile
1066 2652 1172 2710 est,
1224 2644 1562 2698 contrarium
1590 2645 1797 2715 aliquid
1832 2645 2008 2698 admi-

417 2753 563 2800 stum
600 2743 784 2798 habet.
812 2739 880 2796 Ut
909 2752 1050 2808 aqua
1073 2737 1334 2792 salutaris
1363 2736 1586 2806 quidem
1618 2746 1705 2793 est
1758 2740 2008 2793 animan-

420 2835 566 2889 tibus
597 2833 650 2887 in
683 2831 805 2902 ipsa
831 2828 1179 2900 degentibus,
1231 2826 1543 2896 perniciosa
1596 2836 1780 2884 autem
1831 2829 2007 2885 medi-

419 2922 708 2986 terraneis,
734 2922 781 2977 si
806 2920 1216 2990 demergantur.
1241 2917 1351 2972 Aer
1375 2928 1567 2974 contra
1586 2913 1642 2973 in
1663 2919 1785 2988 ipso
1811 2930 2010 2976 natura

418 3015 735 3071 virentibus
790 3011 1056 3083 prodest,
1103 3009 1443 3080 aquatilibus
1497 3018 1679 3065 autem
1728 3011 1784 3064 in
1813 3027 1879 3066 eo
1907 3027 2005 3067 ex-

420 3108 619 3180 positis
653 3105 885 3161 exitium
917 3103 1095 3158 all‘ert.
1128 3102 1221 3156 Sic
1264 3101 1430 3156 etiam
1466 3100 1612 3172 ignis
1639 3102 1877 3172 aliquem
1908 3120 2010 3160 no-

421 3200 508 3255 bis
545 3212 706 3252 usum
755 3194 982 3266 praebet,
1010 3191 1106 3247 sed
1165 3192 1327 3261 longe
1361 3189 1520 3260 plura
1569 3191 1780 3248 invehit
1829 3193 2006 3250 detri-

2106 1986 2304 2052 ἔξωθεν
2335 1987 2709 2061 περιστάσεώς
2735 1989 2850 2041 ἐστι
2882 1987 3067 2052 καλὸν,
3089 1988 3190 2041 οὑκ
3216 1987 3281 2042 ἂν
3312 1989 3517 2059 κυρίως
3541 1991 3599 2042 ὲν
3631 1994 3697 2062 τῇ

2105 2078 2199 2132 τοῦ
2231 2078 2398 2132 καλοῦ
2440 2080 2679 2152 κρίνοιτο
2714 2079 2896 2149 φύσει.
2927 2079 3130 2152 Διόπερ
3171 2079 3356 2134 πολλοὶ
3388 2081 3499 2135 τῶν
3543 2082 3701 2148 ἀνεξ-

2107 2171 2347 2236 ετάστως
2371 2173 2746 2244 προσεχόντων
2774 2174 2887 2236 τοῖς
2915 2169 3086 2238 οὖσιν,
3122 2175 3180 2228 ὲν
3211 2175 3324 2238 τοῖς
3367 2175 3460 2228 τοῦ
3488 2175 3696 2246 κόσμου

2109 2256 2396 2338 στοιχείοις
2448 2261 2680 2320 εἶναιτὸ
2728 2266 2893 2320 καλὸν
2938 2266 3388 2338 ὲφαντάσθησανο
3435 2260 3511 2322 ὧν
3543 2269 3699 2323 οὐδὲν

2107 2357 2258 2426 εὖροι
2289 2376 2370 2422 τις
2391 2357 2456 2412 ἂν
2479 2357 2800 2424 διεξετάζων
2825 2362 2920 2413 καὶ
2947 2360 3032 2428 ἐφ’
3064 2360 3280 2425 ἑαυτοῦ,
3308 2361 3403 2414 καὶ
3441 2360 3695 2425 πάντοτε,

2108 2446 2204 2502 καὶ
2232 2449 2394 2500 παντὶ
2415 2447 2582 2502 καλὸν
2616 2449 3024 2521 εὑρισκόμενον.
3061 2449 3336 2521 Μέμικται
3366 2451 3480 2524 γὰρ
3510 2450 3590 2522 τῷ
3611 2452 3696 2522 ἐφ’

2109 2539 2344 2592 ἑκάστου
2392 2537 2597 2592 τούτων
2631 2540 2910 2612 χρησίμῳ,
2945 2541 3038 2595 καὶ
3081 2543 3115 2612 ὴ
3163 2541 3300 2613 πρὸς
3344 2542 3407 2596 τὸ
3453 2543 3700 2598 ἐναντίον

2109 2631 2376 2701 ἐνέργεια.
2421 2627 2570 2696 Οἷον,
2606 2633 2666 2686 τὸ
2689 2631 2834 2703 ὕδωρ
2876 2634 3140 2705 σωτήριον
3174 2634 3273 2706 μὲν
3301 2639 3415 2699 τοῖς
3449 2637 3508 2690 ὲν
3548 2637 3699 2707 αὑτῷ

2107 2725 2463 2797 τρεφομένοις
2493 2727 2660 2787 ἐστὶν,
2687 2725 2928 2797 ὀλέθριον
2948 2727 3006 2780 δὲ
3035 2729 3148 2790 τοῖς
3179 2728 3479 2799 χερσαίοις,
3507 2731 3558 2782 εί
3580 2729 3700 2783 ἐπι-

2107 2817 2377 2871 κλὺσειεν.
2421 2817 2694 2882 Ὡσαύτως
2733 2817 2791 2872 δὲ
2823 2819 2918 2874 καὶ
2955 2820 2984 2872 ὁ
3010 2819 3140 2889 ἀὴρ,
3181 2822 3292 2883 τοῖς
3327 2820 3430 2890 μὲν
3456 2821 3515 2874 ὲν
3548 2821 3700 2894 αὑτῷ

2110 2904 2211 2977 ζῇν
2259 2907 2582 2976 πεφυκόσιν,
2616 2907 2733 2962 ἐστὶ
2785 2907 3074 2978 σωτήριος,
3114 2909 3228 2970 τοῖς
3272 2907 3330 2960 δὲ
3359 2906 3447 2962 τὸν
3479 2906 3701 2981 ἔνυδρον

2107 2999 2350 3070 είληχὸσι
2390 2999 2528 3070 βίον,
2582 2999 2883 3070 φθαρτικὸς
2932 2999 3247 3070 εὑρίσκεται
3295 2999 3389 3056 καὶ
3436 2999 3698 3071 ὀλέθριος,

2109 3091 2236 3146 ὅταν
2265 3093 2322 3146 ὲν
2343 3091 2490 3163 αὑτῷ
2519 3109 2602 3156 τις
2631 3091 2858 3164 γένηται
2885 3091 2996 3147 τῶν
3017 3091 3384 3166 ὑποϐρυχίων.
3419 3091 3580 3147 Οὑτω
3605 3093 3700 3146 καὶ

2109 3183 2171 3236 τὸ
2198 3182 2311 3254 πῦρ
2346 3184 2484 3253 πρός
2516 3200 2572 3237 τι
2605 3185 2875 3256 χρήσιμον
2905 3185 3036 3256 ἡμῖν
3065 3183 3368 3256 γινόμενον,
3401 3183 3700 3255 φθαρτικόν

419 3298 627 3346 menta.
655 3242 1001 3356 Quill?quod
1035 3298 1100 3339 ne
1127 3283 1244 3354 ipse
1292 3282 1513 3352 quidem
1563 3285 1646 3339 sol
1688 3287 1999 3352 utentibus,

2112 3278 2230 3330 ἐστι
2258 3242 2371 3341 τοῖς
2393 3242 2655 3332 ’πλειοσῖί
2690 3242 2802 3333 kal.
2831 3242 2994 3332 αὐτόν
3026 3242 3088 3333 δέ
3121 3242 3213 3332 τὸν
3243 3242 3574 3348 ἥλιον-εὕροι
3613 3294 3699 3340 τις

423 3383 623 3453 ubique
683 3388 778 3434 aut
823 3393 1085 3448 semper,
1140 3386 1235 3432 aut
1304 3377 1362 3432 in
1421 3377 1676 3434 omnibus
1730 3380 2000 3449 prodest:

419 3476 624 3546 quippe
651 3472 820 3543 quiet
851 3471 1022 3526 nimio
1057 3485 1455 3540 nonnunquam
1484 3470 1684 3526 ardore
1717 3472 2007 3529 vehemen-

420 3572 506 3618 ter
536 3568 755 3628 noceat,
787 3570 864 3627 et,
901 3575 1022 3631 quae
1077 3559 1185 3616 sibi
1221 3560 1440 3630 objecta
1491 3568 1642 3626 sunt,
1685 3561 2012 3619 immodera-

423 3655 532 3712 tius
560 3655 823 3720 exsiccet,
847 3660 902 3708 et
932 3651 1250 3707 morborum
1304 3666 1549 3722 persaepe
1610 3667 1778 3708 causa
1833 3654 1923 3717 sit,
1957 3663 2012 3708 et

422 3748 801 3818 lippientibus,
845 3754 1010 3816 atque
1047 3745 1225 3800 oculis
1253 3744 1716 3802 imbecillioribus
1779 3745 2010 3813 ofﬁciat,

423 3847 476 3894 et
510 3853 574 3892 ex
601 3836 948 3892 humidorum
981 3838 1337 3908 corruptione
1359 3837 1561 3893 damna
1588 3839 2012 3911 moleStiamque

424 3931 735 3986 viventibus
772 3929 1054 3999 importet.

501 4196 756 4259 Proinde,
809 4193 1272 4266 quemadmodum
1307 4195 1571 4261 diximus,
1626 4197 1680 4252 id
1737 4198 2012 4254 solumex

426 4292 683 4348 omnibus
707 4290 914 4346 bonum
947 4297 1164 4359 oportet
1219 4288 1564 4353 existimare,
1592 4289 1740 4360 quod
1798 4306 2015 4362 semper

427 4393 481 4441 et
533 4383 791 4439 omnibus
841 4396 996 4452 aeque
1019 4383 1241 4440 exhibet
1291 4388 1546 4438 naturam
1575 4383 1726 4448 boni,
1776 4398 1878 4440 nec
1906 4399 2014 4455 pro

428 4475 641 4529 ratione
673 4489 862 4556 eorujn
892 4489 1014 4545 qua!
1045 4475 1402 4532 extrinsecus
1423 4475 1784 4546 objiciuntur,
1814 4477 2015 4532 immu-

2111 3369 2198 3432 ἂν,
2231 3368 2356 3423 οὔτε
2383 3371 2566 3436 παντὶ,
2591 3368 2716 3424 οὔτε
2745 3369 2998 3435 πάντοτε,
3021 3368 3144 3424 οὔτε
3168 3368 3312 3424 κατὰ
3335 3369 3512 3424 πάντα
3537 3368 3700 3423 καλὸν

2110 3463 2223 3525 τοῖς
2253 3462 2593 3534 μετέχουσιν.
2621 3463 2777 3516 Ἔστι
2804 3460 2914 3532 γὰρ
2934 3463 2991 3514 ὲν
3017 3455 3097 3524 οἷς
3127 3461 3226 3516 καὶ
3256 3460 3466 3533 σφόδρα
3491 3460 3700 3532 γίνεται

2114 3552 2432 3624 βλαπτικὺς,
2463 3553 2746 3625 ὑπερζέων
2769 3570 2828 3607 τε
2857 3551 2953 3607 τοῦ
2986 3553 3320 3624 καθήκοντος
3357 3553 3578 3626 μέτρου,
3606 3552 3700 3608 καὶ

2114 3646 2385 3717 ξηραίνων
2418 3648 2476 3700 ὲν
2506 3646 2748 3718 ἀμετρίᾳ
2791 3645 2854 3700 τὸ
2896 3644 3277 3717 ὑποκείμενον,
3307 3646 3402 3701 καὶ
3445 3643 3700 3709 νοσώδεις

2113 3739 2291 3802 αἰτίας
2326 3737 2589 3802 πολλάκις
2621 3735 3072 3808 ἐξεργαζόμενος,
3106 3736 3332 3801 καὶτοῖς
3364 3734 3701 3807 ὲμπαθεστέο

2116 3847 2231 3902 ροις
2263 3831 2371 3886 τῶν
2421 3830 2720 3902 ὀφθαλμῶν
2773 3829 3214 3902 προσεπιτρίᾶυν
3254 3829 3352 3902 τὴν
3396 3830 3568 3894 νόσον,
3605 3831 3702 3885 καὶ

2111 3923 2200 3978 διὰ
2223 3923 2320 3993 τῆς
2351 3923 2566 3994 σήψεως
2595 3925 2702 3978 τῶν
2728 3923 2932 3994 ὑγρῶν,
2961 3923 3203 3995 βλαδερά
3220 3941 3279 3977 τε
3302 3923 3395 3976 καὶ
3417 3922 3555 3994 ἀηδῆ
3580 3941 3700 3976 τινα

2113 4015 2398 4084 ζωογονῶν
2446 4018 2505 4070 ὲν
2543 4018 2610 4088 τῇ
2661 4016 3088 4090 κατεφθαρμένῃ
3138 4015 3248 4070 τῶν
3289 4015 3473 4087 ὑγρῶν
3525 4032 3698 4086 σηπεο

2113 4107 2246 4162 δόνι.

2185 4201 2414 4266 Οὐκοῦν,
2441 4201 2623 4267 καθὼς
2646 4202 2879 4273 εἴρηται,
2919 4202 3078 4274 μόνον
3099 4204 3166 4258 ὲκ
3193 4203 3410 4257 πάντων
3436 4202 3511 4266 ὡς
3535 4201 3702 4257 καλὸν

2115 4293 2496 4362 προαιρεῖσθαι
2533 4291 2660 4363 χρὴ,
2698 4291 2726 4344 ὃ
2755 4292 2985 4348 πάντοτε
3018 4293 3111 4346 καὶ
3138 4294 3306 4347 πᾶσιν
3329 4293 3528 4364 ὁμοίως
3549 4294 3606 4345 ὲν
3631 4295 3698 4362 τῇ

2114 4383 2208 4438 τοῦ
2245 4383 2411 4438 καλοῦ
2443 4383 2744 4455 καθορᾶται
2774 4383 2964 4453 φύσει,
3000 4385 3087 4439 ἀεὶ
3123 4384 3366 4440 τοιοῦτον
3403 4385 3484 4451 ὃν,
3515 4387 3606 4440 καὶ
3637 4386 3699 4439 οὑ

2117 4477 2254 4550 πρὸς
2279 4477 2377 4541 τὰς
2417 4475 2612 4541 ἔξωθεν
2649 4477 3000 4549 περιστάσεις
3037 4477 3523 4550 μεταϐαλλόμενον.
3565 4479 3702 4548 Περὶ

430 4577 600 4622 tatur.
633 4565 769 4622 Nam
819 4581 945 4635 quae
985 4582 1053 4622 ex
1076 4581 1243 4637 prava
1273 4565 1508 4637 quadam
1537 4569 1795 4638 Opinione
1817 4569 2007 4625 viden-

2118 4570 2228 4640 γὰρ
2258 4569 2368 4623 τῶν
2395 4569 2568 4624 ἄλλων
2601 4569 2700 4622 ὃσα
2729 4571 2868 4624 κατά
2903 4587 3026 4624 τινα
3055 4569 3324 4640 πρόληψιν
3356 4570 3702 4641 ἀλογωτέραν

429 4669 519 4713 tur
541 4657 856 4713 hominibus
882 4657 1048 4722 bona,
1089 4666 1150 4712 ut
1173 4673 1295 4729 quae.
1332 4659 1398 4715 ad
1429 4675 1652 4731 corpus,
1687 4661 1755 4716 ad
1791 4678 1880 4719 res
1913 4679 2010 4718 ex-

429 4758 639 4813 ternas,
671 4747 739 4803 ad
769 4748 958 4814 robur,
994 4749 1060 4803 ad
1124 4750 1614 4820 pulchritudinem,
1643 4753 1710 4809 ad
1755 4753 2015 4824 splendo—

430 4859 568 4910 rem,
599 4841 668 4897 ad
708 4856 862 4911 opes,
904 4841 971 4896 ad
1016 4841 1315 4911 potentiam
1353 4851 1408 4897 et
1450 4845 1681 4914 gloriam
1713 4848 2009 4915 pertinent,

427 4943 482 4990 et
503 4935 607 4989 alia
629 4934 873 5004 ejusdem
899 4933 1135 5003 generis,
1165 4949 1288 4989 cum
1332 4950 1428 5005 per
1453 4949 1514 4991 se
1541 4936 1834 5006 perspicua
1873 4939 2008 5004 sint,

428 5027 648 5084 silentio
693 5027 1074 5098 praetereunda
1128 5043 1354 5094 censeo,
1396 5045 1466 5086 ne
1511 5038 1594 5086 tot
1639 5031 1806 5087 rebus
1843 5048 1910 5088 ex
1953 5048 2014 5089 se

429 5121 594 5176 claris
623 5121 1016 5178 enumerandis
1042 5123 1246 5177 frustra
1273 5122 1513 5178 laborem
1551 5124 1846 5180 insumam.
1876 5125 2012 5192 Quis

427 5212 574 5265 enim
612 5213 848 5282 ignorat,
883 5226 1046 5282 quam
1091 5212 1343 5268 celeriter
1377 5211 1567 5274 formae
1621 5213 1862 5283 dignitas
1917 5213 2013 5270 de-

429 5302 706 5370 ﬂorescat,
739 5320 904 5375 quam
938 5305 1089 5360 brevi
1119 5306 1370 5374 corporis
1396 5309 1566 5360 robur
1607 5306 2010 5377 exstinguatur,

431 5410 596 5464 quam
622 5395 781 5453 facile
826 5399 1174 5468 principatus
1239 5397 1525 5453 dominum
1567 5406 1802 5464 mutent,
1847 5413 2011 5469 quam

319 5555 330 5569 ι
433 5484 674 5542 caducus
695 5497 750 5543 et
773 5489 984 5560 fragilis
1024 5492 1097 5546 sit
1127 5490 1316 5562 gloriae
1359 5489 1640 5560 splendor.
1672 5505 1840 5558 quam
1875 5490 2012 5544 stulo

434 5586 552 5631 tum
600 5592 663 5632 ac
704 5595 905 5637 vanum
964 5583 1250 5638 hominum
1296 5583 1349 5636 in
1401 5582 1732 5638 cumulanda
1783 5583 2012 5650 pecunia

435 5666 702 5729 studium.
735 5671 828 5739 qui
874 5672 945 5727 ob
975 5673 1190 5726 inanem
1227 5672 1522 5743 quamdam
1556 5686 1850 5742 raramque
1888 5687 2014 5739 spe-

438 5757 601 5819 ciem,
627 5757 683 5808 in
711 5765 818 5813 tam
853 5761 1086 5828 abiectis
1134 5761 1298 5819 rebus
1344 5763 1548 5818 bonum
1596 5777 1722 5820 esse
1772 5762 2010 5832 positum

442 5845 814 5904 arbitrentur?
871 5852 968 5909 llis
1025 5854 1099 5906 ita
1151 5854 1487 5922 constitutis,
1548 5853 2012 5914 considerandum

2116 4662 2258 4718 καλὰ
2284 4663 2398 4724 τοῖς
2425 4660 2734 4733 ἀνθρώποις
2774 4663 2937 4728 δοκεῖ,
2975 4663 3106 4733 περὶ
3141 4662 3303 4734 σῶμά
3334 4663 3395 4716 τὲ
3435 4680 3574 4733 φημι
3605 4662 3732 4716 καὶ·

2114 4753 2185 4808 τὰ
2213 4751 2432 4818 ἔξωθεν,
2462 4748 2572 4806 οἷον
2609 4753 2758 4824 ἰσχύς
2789 4771 2848 4808 τε
2879 4754 2972 4807 καὶ
2993 4754 3191 4818 κάλλος
3223 4755 3317 4809 καὶ
3340 4755 3530 4825 γένους
3557 4754 3699 4825 λαμ-

2116 4845 2342 4917 πρότης,
2370 4845 2631 4916 χρήματά
2668 4863 2726 4898 τε
2754 4845 2849 4900 καὶ
2871 4847 3178 4900 δυναστεῖαι
3203 4849 3296 4900 καὶ
3326 4847 3692 4918 περιφάνειαι,

2116 4935 2209 4991 καὶ
2233 4936 2410 4990 πάντα
2431 4935 2498 4988 τὰ
2517 4935 2763 5000 τοιαῦτα,
2781 4937 2857 5000 ὡς
2877 4937 3105 4991 αὐτόθεν
3125 4939 3292 4992 πᾶσιν
3318 4937 3448 4992 ὄντα
3467 4939 3696 5009 φανερὰ,

2117 5029 2327 5099 σιωπᾷν
2356 5023 2510 5098 οἶμαι
2545 5029 2760 5099 χρῆναι,
2802 5029 2895 5083 καὶ
2936 5029 3009 5100 μὴ
3044 5027 3221 5098 μάτην
3248 5029 3338 5084 διὰ
3367 5027 3476 5081 τῶν
3504 5026 3699 5098 ὁμολο-

2113 5119 2399 5190 γουμένων
2443 5119 2598 5190 ὄχλον
2639 5121 2956 5190 ἐπεισάγειν
2993 5120 3069 5191 τῷ
3116 5120 3278 5191 λόγῳ.
3321 5121 3418 5184 Τίς
3459 5118 3569 5191 γὰρ
3597 5120 3700 5172 οὑκ

2113 5208 2222 5266 οἶδε
2254 5210 2349 5265 τοῦ
2383 5211 2613 5276 κάλλους
2644 5229 2701 5265 τε
2727 5213 2822 5267 καὶ
2857 5216 2956 5283 τῆς
2981 5212 3260 5284 δυνάμεως
3297 5213 3356 5266 τὸ
3383 5212 3696 5282 ὠκύμορον,

2115 5304 2147 5376 ἢ
2179 5304 2276 5376 τῆς
2311 5304 2629 5368 δυναστείας
2672 5304 2734 5359 τὸ
2764 5305 3204 5375 εὑμετάπτωτον,
3235 5305 3399 5375 ἢεῆς
3441 5303 3596 5374 δόξης
3637 5303 3701 5356 τὺ

2115 5395 2506 5459 ἀνυπόστατον,
2539 5394 2572 5466 ἢ
2607 5394 2706 5465 τὴν
2758 5396 2995 5466 ματαίαν
3026 5396 3165 5466 πρὸς
3207 5395 3278 5448 τὰ
3304 5396 3560 5466 χρήματα
3591 5393 3700 5447 τῶν

2115 5489 2418 5560 ἀνθρώπων
2463 5488 2860 5560 προσπάθειαν,
2891 5491 3018 5560 παρ’
3049 5482 3126 5543 ὧν
3159 5487 3248 5542 διὰ
3275 5487 3336 5541 τὸ
3379 5487 3608 5558 εὑχρουν
3637 5503 3698 5540 τε

2116 5584 2208 5635 καὶ
2238 5581 2299 5634 τὸ
2334 5581 2578 5644 σπάνιον,
2620 5581 2678 5634 ὲν
2713 5583 2894 5646 ποιαῐς
2924 5581 3077 5645 ὕλαις
3102 5580 3164 5634 τὸ
3191 5581 3354 5636 καλὸν
3399 5577 3696 5650 ὲνομίσθη;

2115 5675 2332 5730 Τούτων
2355 5675 2408 5729 δὲ
2429 5674 2598 5736 οὕτως
2622 5675 2751 5745 ἡμῖν
2777 5674 3221 5745 διηρθρωμένων,
3245 5673 3504 5736 σκεπτέον
3528 5671 3592 5724 ἂν
3610 5670 3696 5741 εἴη

2118 5765 2245 5835 περὶ
2268 5765 2367 5834 τῆς
2395 5763 2676 5834 παρούσης
2701 5761 2866 5835 ζωῆς,
2893 5763 3094 5834 ταύτης
3124 5763 3268 5833 φημὶ
3289 5762 3353 5832 δὴ
3379 5761 3466 5816 διὰ
3495 5760 3697 5829 σαρκὸς

2117 5855 2531 5923 ἐνεργουμένης,
2578 5855 2683 5910 εἴτε
2719 5855 2954 5910 τοιοῦτόν
3001 5858 3146 5909 ἐστιν
3195 5855 3269 5918 ὠς
3318 5857 3376 5909 ἐν
3421 5852 3496 5919 τῷ
3526 5869 3688 5921 χιιιρα⁶
