2013 3222
121 220 167 249 501

812 223 856 250 DE
878 222 1047 252 MORTUIS.

1694 229 1747 256 502

121 279 196 315 κει-ἦρι
213 278 263 306 τοῦ
286 279 372 307 καλοῦ
388 280 558 317 θεωρεῖσθαι,
576 282 631 310 εἴτε
654 284 702 310 καὶ
719 283 819 319 ἐτέρως
834 284 889 319 ἔχει
900 292 906 298 ·

961 282 1081 314 videtur,
1097 289 1132 309 an
1149 289 1269 317 praesens
1283 281 1340 309 haec
1353 282 1418 314 vita,
1433 290 1515 319 quam
1534 282 1560 310 in
1578 291 1660 311 carne
1672 285 1748 320 degi-

120 327 149 353 s’i
166 325 220 361 γὰρ
244 323 441 361 εὗρισκόμενον
468 328 532 363 περὶ
556 329 642 364 αὐτῆς
666 329 718 356 ὑπὸ
739 329 904 364 τοῦσλόγου,

121 371 241 406 ύδηγήσει
264 371 375 404 πάντως
388 373 436 408 τὴν
459 374 514 400 τῶν
539 375 752 410 ὲπεσκεμμένων
776 376 904 408 διάνοιαν,

120 418 186 449 ὅπως
199 417 252 453 χρὴ
263 418 333 453 περὶ
344 418 392 454 τὴν
402 419 507 447 ἐνθένδε
521 421 718 455 μετανάστασιν
729 421 811 457 ἔχειν.
828 422 906 449 Ἔστι

119 464 199 491 τοίνυν
218 465 235 499 ἡ
252 464 303 491 τοῦ
327 465 452 500 σώματος
470 467 549 501 ἡμῶν
574 468 641 503 ζωὴ,
659 468 800 505 πλήρωσις
814 478 845 496 τε
859 470 907 496 καὶ

119 509 224 541 κένωσις
234 510 346 545 διχόθεν
361 512 544 547 ἐνεργουμένη
555 521 562 528 ·
578 515 593 548 ἡ
611 514 659 549 μὲν
671 514 715 541 διὰ
729 514 857 550 βρώσεώς
875 523 905 542 τε

120 554 161 581 καὶ
181 555 300 588 πόσεως,
317 557 334 591 ὴ
353 556 381 582 δὲ
397 557 442 584 διὰ
463 558 513 593 τῆς
538 558 583 585 τοῦ
607 559 688 595 ἀέρος
704 560 787 595 ὁλκῆς
802 570 832 588 τε
859 562 906 588 καὶ

120 601 316 636 ἀποποιήσεως,
336 599 374 629 ὧν
391 603 454 630 ἀνευ
471 604 487 638 ἡ
504 605 575 632 κατὰ
595 606 684 641 σάρκα
697 606 754 642 ζωὴ
775 608 906 643 συστῆναι

121 646 193 682 φύσιν
205 648 256 674 οὐκ
270 647 339 683 ἔχει.
355 649 422 675 Τότε
435 649 489 686 γὰρ
508 651 554 677 τοῦ
569 651 619 687 ζῇν
632 653 646 679 ό
661 653 804 688 ἄνθρωπος
822 655 906 682 παύε-

120 702 169 724 ται,
185 693 248 720 ὅταν
271 695 288 729 ἡ
306 694 362 721 τῶν
386 695 515 723 ἐναντίων
541 697 645 724 τούτων
670 698 779 735 διαδοχὴ
807 700 906 735 μηκέτι

120 737 201 773 διοχλῇ
215 739 265 774 τὴν
286 740 379 774 φύσιν.
398 741 519 769 Ἰσταται
535 742 589 778 γὰρ
605 744 673 778 μετὰ
687 744 767 772 τοῦτο
790 746 905 773 καθόλου

120 783 249 819 ἡτοιαύτη
262 785 397 820 ἐνέργεια,
410 787 514 819 οὐδενὸς
522 789 576 816 τῶν
586 789 686 822 ἔξωθεν
697 791 726 816 ἐν
736 792 792 822 τοῖς
802 800 904 826 νεκρω-

121 828 197 856 θεεσιν
210 829 272 856 οὔτε
289 831 452 867 είσρέοντος,
464 832 526 860 οὔτε
536 834 744 869 ἀπογινομένου,
758 837 825 864 ἀλλὰ
836 837 903 873 πρὸς

121 873 151 900 τὰ
165 875 281 910 συγγενῆ
301 878 419 911 στοιχεῖα
435 877 480 904 τοῦ
492 879 523 904 ἐκ
534 879 636 906 τούτων
650 883 843 917 συνεστηκότος
855 883 906 910 σώ-

122 928 197 955 ματος
215 921 404 957 διακριθέντος
421 924 469 951 καὶ
483 925 677 959 ἀναλύσαντος,
691 929 791 963 ἠρεμεῖ
804 930 834 955 τὺ
851 930 906 957 λοι-

121 966 165 993 πὸν
179 967 211 993 δι’
227 968 345 1003 ἡσυχίας
359 970 375 1005 ἡ
394 969 483 1004 φύσις,
506 971 545 1007 τῷ
560 973 653 1008 οἰκείῳ
673 959 797 1010 στοιχείῳ
822 984 905 1011 προσ-
921 959 942 988 Β

121 1012 292 1040 αναπαύσασα
310 1014 344 1041 τὸ
371 1015 501 1050 ωγγενές
522 1016 570 1043 καὶ
590 1017 735 1053 ὁμόφυλον,
761 1021 794 1056 τῇ
818 1022 852 1057 γῇ
875 1021 905 1048 τὸ

121 1058 220 1092 γεῶδες,
232 1060 282 1086 καὶ
296 1059 338 1095 τῷ
349 1060 411 1096 ἀέρι
423 1061 454 1088 τὸ
465 1062 539 1095 ἴδιον,
552 1064 599 1091 καὶ
606 1064 652 1099 -τῷ
667 1065 742 1101 ὑγρῷ
753 1066 783 1092 τὺ
795 1068 904 1101 οἰκεῖον,

121 1105 161 1130 καὶ
174 1104 211 1140 τῷ
225 1105 322 1141 θερμῷ
333 1106 363 1133 τὸ
377 1107 556 1143 κατάλληλον.
572 1110 679 1144 Μηκέτι
693 1111 748 1147 γὰρ
760 1111 807 1138 τοῦ
822 1112 904 1147 ὄγκου

122 1148 162 1174 τοῦ
173 1150 203 1175 ἐκ
218 1150 274 1177 τῶν
295 1151 464 1187 ἑτερογενῶν
478 1156 682 1190 συνεστηκότος,
699 1157 795 1192 βιαίως
807 1167 838 1185 τε
858 1159 905 1186 καὶ

121 1197 385 1232 κατηναγκασμένως
401 1200 659 1235 συμπεπλεγμένου,
676 1203 743 1229 ἀλλὰ
756 1204 818 1230 κατ’
833 1205 906 1238 ἐξου-

123 1240 176 1268 σίαν
190 1242 306 1270 ἑκάστου
330 1243 384 1272 τῶν
401 1244 431 1271 ἐν
453 1246 518 1281 ἡμῖν
537 1247 606 1283 πρὸς
621 1248 672 1284 τὴν
694 1250 798 1277 οἰκείαν
812 1251 905 1278 ἑστίαν

122 1288 316 1322 ἐπανελθόντος,
341 1290 458 1319 παύεται
481 1292 535 1319 ἀπὸ
563 1293 660 1320 τούτου
680 1295 697 1330 ἠ
723 1295 813 1330 φύσις,
843 1306 906 1324 συν-

124 1332 212 1368 έχουσα
222 1334 322 1370 βιαίως
336 1336 365 1361 ἐν
378 1336 446 1373 αὐτῇ
457 1336 511 1364 τῶν
519 1338 675 1373 ἀλλοφύλων
688 1339 738 1376 τὴν
753 1342 903 1376 συμφυΐαν.

122 1376 150 1403 Ei
163 1377 190 1404 δέ
201 1387 240 1410 τις
256 1379 304 1406 καὶ
324 1379 370 1406 τὸν
384 1380 476 1414 ὕπνον,
493 1381 540 1409 καὶ
555 1382 604 1418 τὴν
618 1384 782 1420 ἐγρήγορσιν
797 1386 865 1421 πρὸς
876 1387 906 1414 τὺ

121 1422 164 1458 τῆς
178 1423 246 1459 ζωῆς
263 1424 371 1460 ταύτης
395 1423 465 1458 εἶδος
484 1427 552 1462 μετὰ
566 1428 622 1455 τῶν
641 1429 795 1465 εἰρημένων
815 1440 905 1467 παρα-

123 1467 252 1504 λαμῆάνει,
267 1471 322 1498 οὐκ
347 1470 399 1503 ἔξω
414 1472 465 1507 τῆς
483 1472 612 1509 ἀληθείας
628 1474 675 1502 τὸν
693 1475 771 1510 λόγον
791 1478 905 1513 ποιήσε-

122 1522 168 1561 ται.
183 1517 287 1552 Κάμνει
307 1517 363 1554 γὰρ
384 1519 432 1546 καὶ
445 1519 489 1546 διὰ
510 1521 644 1558 τούτωνὴ
665 1522 756 1557 φύσις,
778 1525 824 1552 ἀεὶ
837 1526 906 1561 πρὸς

123 1559 266 1606 τὰὲναντία
292 1562 492 1600 μεθελκομένη,
516 1566 563 1593 καὶ
576 1567 624 1594 νῦν
650 1567 701 1603 μὲν
724 1568 842 1606 λυομένη
861 1559 906 1606 ’τῷ

125 1603 197 1658 Emit).
213 1608 294 1658 πάλιν
315 1608 345 1635 δὲ
362 1610 510 1658 τονουμένη
589 1613 638 1648 τῆς
654 1603 854 1649 ἐγρηγόρσεως,
871 1603 905 1643 δί’
919 1629 940 1658 C

125 1653 156 1678 tiw
165 1653 325 1690 ἀμφοτέρων
338 1656 408 1690 πρὸς
418 1656 446 1683 τὲ
459 1656 603 1685 κενοῦσθαι
615 1659 662 1685 καὶ
674 1659 844 1695 πληροῦσθαι
858 1670 907 1688 πα-

125 1700 322 1743 ρασκευάζεται.
338 1702 370 1728 Εἰ
380 1702 469 1729 τοίνυν
481 1703 620 1738 πλήρωσίς
630 1712 661 1731 τε
675 1705 721 1731 καὶ
734 1705 849 1738 κένωσις
857 1708 906 1743 τῆς

125 1742 187 1789 ζωῆς
199 1747 274 1782 ἡμῶν
289 1749 352 1774 ἐστι
367 1748 397 1774 τὸ
411 1748 519 1784 ἰδίωμα,
532 1749 623 1781 καλῶς
640 1750 674 1777 ἂν
689 1750 746 1786 ἔχοι
759 1752 807 1779 τὸν
821 1742 907 1789 προρ-

125 1788 227 1823 ρηθέντα
244 1792 311 1828 περὶ
324 1792 374 1827 τῆς
388 1793 434 1819 τοῦ
450 1793 534 1821 καλοῦ
548 1793 665 1829 κρίσεως
682 1797 844 1833 χαρακτῆρα
858 1788 907 1824 νῦν

125 1833 284 1869 ἀντεξετάσαι
299 1839 358 1870 τοῖς
370 1839 419 1874 τῆς
439 1839 512 1876 ζωῆς
534 1840 684 1876 ίδιώμασιν,
701 1842 772 1870 ὥστε
786 1844 906 1872 κατιδεῖν

125 1878 171 1906 εἴτε
184 1882 213 1908 τὸ
225 1883 354 1919 ἀληθινόν
369 1884 444 1910 ἐστιν
459 1885 561 1919 ἀγαθὸν
580 1887 595 1922 ἡ
610 1885 666 1922 ζωὴ
689 1887 770 1923 αὕτη,
783 1888 838 1915 εἴτε
858 1889 907 1916 καὶ

124 1923 178 1951 ἄλλο
188 1935 211 1953 τι
224 1929 301 1965 παρὰ
310 1928 400 1956 τοῦτο.
416 1930 478 1957 ’Ότι
493 1931 543 1965 μὲν
553 1929 600 1959 οὖν
617 1922 792 1970 καθ’,ἐαυτὴν
807 1936 824 1970 ὴ
838 1935 907 1971 πλή-

125 1978 195 2018 ρωσις
204 1974 252 2002 οὐκ
266 1975 305 2002 ἂν
316 1976 429 2008 εἰκότως
439 1978 469 2004 ἐν
480 1979 512 2013 τῇ
529 1978 577 2005 τοῦ
595 1979 679 2007 καλοῦ
691 1981 771 2015 φύσει
785 1982 905 2018 κριθείη,

124 2016 180 2044 πᾶσι
192 2019 269 2054 δῆλον
290 2021 321 2047 τὸ
334 2021 453 2049 τοιοῦτόν
472 2023 558 2055 ἐστιν,
573 2025 605 2051 ἐκ
616 2025 662 2051 τοῦ
676 2026 722 2052 καὶ
738 2027 769 2053 τὸ
786 2016 906 2056 ἐναντίον

123 2061 190 2107 αὐτῇ,
206 2064 281 2100 λέγω
296 2065 326 2092 δὲ
338 2066 369 2092 τὸ
383 2066 536 2101 κενοῦσθαι,
551 2068 634 2096 καλὸν
647 2067 717 2098 εἶναι
735 2073 904 2107 νομίζεσθαι.

129 2106 181 2156 Tir-'1
191 2110 242 2147 γὰρ
253 2112 313 2139 τῶν
325 2112 448 2149 ἀλλήλων
461 2115 495 2141 ἐκ
509 2114 556 2141 τοῦ
573 2116 695 2142 ἐναντίου
712 2106 907 2156 ἀντικαθεστη-

124 2154 208 2189 κότων,
225 2159 279 2185 οὐκ
293 2158 353 2186 ἐστι
366 2160 478 2187 δυνατὸν
490 2161 536 2188 τὸν
550 2162 597 2189 τοῦ
614 2162 697 2190 καλοῦ
712 2163 790 2197 λόγον
807 2154 906 2200 ἐπίσης

125 2201 172 2233 ﬁt
183 2202 412 2232 ἁντικαθεστῶσιν
428 2206 598 2242 ἁρμόζεσθαι
611 2216 618 2223 ·
639 2208 698 2236 ἀλλ’
715 2210 740 2236 εί
760 2210 839 2237 τοῦτο
853 2220 906 2238 κα-

124 2242 163 2293 λὸν
174 2247 212 2285 εἴη
223 2250 298 2277 κατὰ
310 2250 360 2286 τὴν
372 2251 469 2279 ἑαυτοῦ
482 2253 575 2287 φύσιν,
587 2254 617 2281 τὸ
633 2255 822 2291 ἀντικείμενον
831 2257 905 2293 αὐτῷ

956 335 1029 361 mus,
1046 326 1110 354 talis
1126 327 1172 360 sit,
1185 330 1215 354 ut
1227 326 1252 354 ei
1277 330 1341 353 nota
1367 326 1432 354 boni
1455 328 1608 361 conveniat,
1631 336 1665 355 an
1680 337 1749 356 con-

957 377 999 401 tra
1015 382 1023 401 :
1042 374 1115 409 quod
1143 374 1216 401 enim
1247 373 1281 400 de
1307 373 1367 408 ipsa
1389 374 1555 408 disputando
1584 377 1745 410 reperietur.

953 420 1190 451 considerantium
1217 420 1324 447 animos
1345 420 1453 448 erudiat
1480 421 1620 455 quomodo
1644 423 1672 449 in
1699 430 1748 450 eo-

956 475 1018 494 rum
1041 466 1164 493 discessu
1179 465 1226 500 qui
1241 473 1275 493 ex
1297 465 1343 492 illa
1361 466 1491 501 migrant,
1514 467 1586 494 afiici
1613 472 1748 502 oporteat.

958 513 1009 541 Est
1033 513 1116 548 igitur
1127 513 1214 540 nostri
1237 513 1363 548 corporis
1379 513 1446 545 vita,
1466 512 1583 548 repletio
1609 517 1691 549 atque
1706 522 1748 541 ex-

959 558 1161 593 inanitio,quaa
1189 559 1300 594 quidem
1334 558 1479 594 dupliciter
1508 559 1586 592 ﬁunt,
1611 564 1669 587 tum
1697 568 1745 595 per

956 604 1048 631 cibum
1059 607 1086 631 et
1099 605 1207 638 potum;
1218 609 1276 631 tum
1287 611 1336 639 per
1349 601 1420 632 aeris
1428 605 1619 632 attractionem
1631 608 1658 632 et
1666 606 1754 632 emis-‘

956 650 1073 678 sionem.
1091 648 1137 676 Sic
1152 649 1225 677 enim
1242 653 1342 676 natura
1356 654 1545 685 comparatum
1563 654 1617 683 est,
1635 655 1664 678 ut
1689 650 1749 678 sine

956 695 999 723 his
1017 695 1044 722 in
1058 702 1141 723 carne
1155 695 1247 723 vivere
1262 695 1516 730 nequeamusNam
1528 699 1595 723 tunc
1611 696 1747 723 hominem

955 742 1011 769 vita
1024 741 1136 775 deserit,
1165 740 1277 776 quando
1301 741 1398 768 horum
1416 742 1748 769 contrariorumsucces-

956 788 998 815 sio
1012 791 1139 814 naturam
1168 794 1222 814 non
1240 790 1341 814 movet.
1369 786 1445 815 Talis
1469 788 1541 815 enim
1566 788 1638 816 actio
1656 790 1748 815 cessat

955 832 1097 864 universa,
1115 839 1178 859 cum
1191 832 1259 859 nihil
1285 832 1460 860 extrinsecus
1484 832 1513 859 in
1543 832 1682 860 defunctis
1697 839 1748 860 nec

956 878 1063 912 inﬂuat,
1074 885 1127 906 nec
1138 878 1244 912 eilluat;
1263 885 1382 914 cumque
1395 879 1509 913 singulae
1527 878 1670 906 cadaveris
1686 885 1749 913 par-

956 929 998 953 tes
1012 925 1040 952 in
1053 929 1169 961 cognata
1182 925 1234 953 sibi
1250 925 1384 952 elementa
1399 925 1530 952 recedant
1546 924 1746 953 acdissolvan—

956 975 1012 1003 Iur,
1030 975 1129 998 natura
1145 971 1277 1006 deinceps
1292 971 1473 1005 conquiescit,
1490 978 1555 999 suas
1571 971 1672 1006 cuique
1696 970 1749 998 ele-

955 1020 1048 1045 mento
1058 1020 1188 1052 cognatas
1205 1024 1238 1044 ac
1254 1016 1359 1044 similes
1374 1021 1466 1051 partes
1476 1016 1638 1048 restituens,
1656 1020 1746 1049 terrae,

955 1063 1029 1099 quod
1055 1067 1194 1090 terrenum
1214 1066 1272 1095 est;
1301 1062 1374 1098 quod
1406 1068 1529 1094 aereum,
1557 1061 1634 1095 aeri;
1658 1069 1745 1097 aquae,

953 1109 1030 1145 quod
1041 1117 1076 1137 ex
1092 1116 1163 1144 aqua
1180 1112 1306 1142 constat;
1320 1113 1348 1135 et
1364 1108 1430 1143 igni,
1446 1107 1519 1143 quod
1543 1107 1616 1135 illius
1630 1112 1673 1136 est
1684 1115 1747 1143 pro-

955 1155 1056 1190 prium.
1078 1154 1186 1182 Etenim
1201 1161 1265 1181 cum
1293 1153 1339 1180 illa
1356 1153 1488 1188 corporis;
1503 1152 1600 1184 moles,
1618 1160 1678 1187 quae
1700 1160 1747 1188 per

955 1200 1011 1228 vim
1024 1208 1057 1228 ex
1068 1200 1187 1228 diversis
1205 1198 1353 1234 generibus
1369 1201 1465 1226 coacta
1480 1201 1626 1232 concretaq
1632 1205 1664 1225 ue
1676 1202 1745 1230 erat,

955 1253 1011 1274 non
1019 1246 1142 1281 amplius
1152 1245 1299 1277 consistat,
1314 1244 1363 1272 sed
1389 1251 1487 1272 omnes
1500 1242 1573 1270 illius
1601 1246 1695 1278 partes
1713 1243 1747 1270 ad

956 1299 1022 1320 suas
1033 1299 1148 1327 quaeque
1161 1291 1243 1319 sedes
1258 1297 1375 1318 reversa:
1403 1290 1470 1323 sint,
1494 1294 1608 1323 natura,
1628 1296 1691 1324 quae
1714 1296 1747 1316 ex

956 1337 1002 1365 illa
1020 1337 1182 1370 constabat,
1202 1336 1406 1371 violentamque
1422 1335 1595 1368 diversorum
1616 1342 1747 1370 generum

956 1383 1179 1417 coniunctionem
1188 1382 1357 1414 continebat,
1371 1381 1453 1409 ﬁnem
1472 1381 1565 1409 habet.
1577 1380 1607 1408 Si
1620 1381 1683 1415 quis
1698 1387 1748 1408 auv

957 1434 1010 1458 tem
1029 1434 1091 1464 post
1108 1429 1154 1457 illa
1164 1436 1232 1464 qua:
1252 1429 1327 1456 dicta
1337 1431 1413 1460 sunt,
1426 1428 1496 1458 huic
1512 1425 1606 1463 generi
1622 1426 1685 1454 vita:
1703 1433 1748 1454 so-

957 1483 1051 1504 mnum
1065 1479 1093 1503 et
1104 1475 1226 1511 vigiliam
1238 1474 1407 1510 adjunxerit,
1418 1482 1433 1502 a
1447 1474 1562 1501 veritate
1570 1480 1625 1500 non
1637 1473 1748 1500 aberra-

957 1521 1007 1549 bit.
1028 1521 1095 1549 Nam
1114 1521 1157 1549 his
1178 1527 1289 1556 quoque
1312 1525 1411 1548 natura
1438 1519 1556 1553 laborat,
1582 1517 1749 1553 assidueque

957 1567 986 1595 in
1000 1567 1139 1594 contraria
1152 1566 1326 1599 distrahitur,
1342 1565 1407 1593 dum
1422 1565 1467 1593 vel
1493 1572 1592 1593 somno
1617 1564 1747 1596 solvitur,

957 1613 1000 1640 vel
1013 1612 1106 1648 vigilia
1122 1620 1232 1641 rursum
1253 1611 1458 1640 conﬁrmatur:
1483 1612 1536 1639 hac
1563 1611 1638 1638 eiiim
1664 1610 1749 1639 vicis-

957 1658 1078 1686 situdine
1112 1658 1149 1685 ad
1180 1657 1409 1690 cxinaniendum,
1444 1656 1662 1692 rcplendumque
1692 1656 1749 1683 dis-

956 1705 1079 1739 ponitur.
1115 1703 1301 1736 Quamobrem
1335 1703 1359 1731 si
1386 1703 1454 1731 vitat
1477 1706 1581 1731 nostra:
1606 1702 1749 1738 proprium

956 1750 1024 1776 illud
1036 1753 1089 1782 est,
1103 1753 1133 1777 ut
1151 1757 1167 1777 a
1181 1749 1342 1784 repletione,
1360 1748 1604 1783 exinanitloneque
1620 1748 1748 1782 pendeat,

956 1803 1013 1823 non
1034 1795 1153 1823 alienum
1169 1796 1221 1822 erit
1248 1799 1278 1822 ut
1297 1795 1362 1822 boni
1376 1797 1470 1821 notam
1501 1797 1528 1821 et
1542 1794 1674 1822 indicium
1686 1800 1750 1820 cum

957 1842 1000 1869 his
1015 1849 1076 1877 quae
1091 1841 1172 1869 istius
1189 1841 1251 1868 vitae
1265 1841 1375 1876 propria
1392 1842 1473 1873 sunt,‘
1493 1839 1678 1871 conferamus,
1694 1839 1751 1867 dis-

955 1887 1146 1923 piciamusque
1178 1891 1272 1915 utrum
1302 1887 1362 1922 ipsa
1388 1886 1445 1914 sint
1465 1893 1562 1914 verum
1586 1886 1700 1917 bonum,
1715 1893 1751 1912 an

956 1933 1031 1961 aliud
1047 1933 1187 1970 quidpiam
1200 1933 1234 1960 ab
1249 1932 1304 1960 illis
1315 1933 1465 1960 diversum.
1490 1931 1569 1965 Quod
1583 1935 1675 1958 autem
1693 1931 1751 1965 ipsa

957 1987 1006 2016 per
1022 1987 1054 2008 se
1074 1980 1189 2015 repletio
1210 1979 1275 2008 boni
1289 1983 1396 2006 natura;
1411 1985 1465 2006 non
1477 1977 1604 2013 quadret,
1623 1977 1751 2005 emnihus

956 2026 999 2053 vel
1018 2033 1052 2053 ex
1067 2026 1177 2053 actione
1197 2025 1237 2053 illi
1253 2025 1394 2053 contraria
1412 2025 1587 2060 perspicuum
1604 2024 1642 2057 iit,
1655 2024 1751 2052 exina—

956 2073 1090 2101 nitionem
1120 2072 1193 2104 dico.
1226 2079 1309 2107 quam
1339 2078 1417 2106 teque
1447 2071 1546 2099 bonam
1570 2070 1751 2097 arbitrantur.

955 2117 1024 2145 Nam
1040 2117 1105 2145 boni
1123 2117 1195 2145 ratio
1210 2125 1242 2144 ac
1256 2117 1381 2145 deﬁnitio
1393 2117 1457 2145 talis
1471 2121 1524 2149 est,
1541 2119 1573 2143 ut
1585 2114 1692 2142 duobus
1709 2114 1751 2141 in-

956 2168 998 2192 ter
1018 2170 1048 2191 se
1076 2163 1224 2190 contrariis
1251 2166 1369 2197 nequeat
1393 2161 1552 2194 convenire,
1583 2160 1632 2187 aed
1650 2160 1674 2187 si
1705 2160 1751 2187 uni

955 2210 1073 2246 quadret
1089 2213 1119 2236 ut
1132 2209 1215 2240 bono,
1228 2208 1264 2236 ab
1278 2208 1364 2236 altero
1390 2212 1520 2242 tanquam
1540 2207 1612 2235 malo
1638 2214 1752 2242 prorsus

956 2257 1113 2284 abhorreat.
1126 2254 1176 2282 Hic
1191 2258 1282 2282 autem
1306 2254 1334 2281 in
1350 2258 1467 2289 utroque
1481 2258 1580 2280 natura
1603 2260 1683 2280 suam
1702 2253 1751 2280 uti-

127 2292 220 2340 ξῐάντως
232 2296 311 2324 ἔσται
325 2297 422 2326 κακόν.
441 2299 521 2326 Ἀλλὰ
533 2300 587 2335 μὴν
601 2301 719 2329 ἐνταῦθα
728 2302 827 2338 ἐπίσης
839 2292 905 2340 παρ’

958 2303 1063 2330 litatem
1081 2301 1174 2328 habet.
1193 2300 1284 2334 Quare
1309 2300 1375 2328 boni
1392 2299 1580 2327 deﬁnitionem
1598 2299 1752 2334 nec-reple-

128 2336 241 2385 ἐξιατέρου
257 2342 364 2370 τούτων
377 2344 407 2370 τὸ
423 2343 559 2380 χρήσιμον
571 2347 588 2381 ἡ
604 2347 685 2381 φύσις
699 2348 765 2383 ἔχει.
780 2336 837 2376 Ούκ
852 2336 906 2385 ἄρα

127 2383 165 2411 τὸν
176 2387 217 2414 τοῦ
238 2389 324 2416 καλοῦ
340 2390 454 2426 ὁρισμὸν
470 2391 599 2424 δέξασθαι
615 2393 736 2426 δυνατῶς
759 2394 826 2429 ἔχει,
844 2383 906 2423 οὗτε

129 2429 147 2476 ll
157 2431 299 2469 πλήρωσις,
314 2435 376 2462 οὔτε
391 2437 408 2471 ὴ
428 2436 553 2469 κένωσις.
577 2438 682 2465 Οὐκοῦν
700 2439 765 2466 ἄλλο
787 2449 814 2466 τι
830 2441 906 2476 παρὰ

128 2473 153 2500 τὸ
166 2477 261 2511 ἀγαθὸν
271 2480 459 2508 ἀποδέδεικται
474 2479 544 2508 εἶναι
559 2483 576 2516 ή
596 2482 745 2518 πλήρωσις.
762 2483 831 2510 Οὔτε
852 2473 906 2520 γαρ

130 2524 207 2565 fiam,
223 2525 285 2552 οὔτε
309 2526 434 2559 πάντοτε,
450 2526 512 2554 οὗτε
530 2528 602 2554 κατὰ
624 2529 679 2554 πᾶν
704 2527 775 2561 εἶδος
798 2530 907 2565 αἱρετὸν

130 2562 227 2596 εἶναιτὸ
238 2571 359 2598 τοιοῦτον
370 2572 446 2607 παρὰ
457 2573 565 2600 πάντων
578 2573 761 2609 ὡμολόγηται.
774 2576 812 2601 Οὺ
827 2562 907 2610 μόνον

131 2610 176 2656 γὰρ
188 2614 213 2641 ἐν
226 2618 281 2649 τοῖς
294 2617 450 2652 βλαπτικοϊς
466 2618 592 2653 γενέσθαι
607 2619 652 2645 τὸν
668 2620 748 2656 κόρον
764 2621 837 2647 ἐστὶν
850 2622 907 2648 ὀλέ-

83 2672 87 2677 ”
131 2655 203 2704 ἥρων,
217 2662 283 2690 ἀλλὰ
296 2664 387 2691 καὶτὸ
402 2665 432 2691 ἐν
445 2666 502 2696 τοῖς
518 2665 696 2700 καταλλήλοις
714 2667 859 2702 παρελθεῖν
873 2670 906 2704 τῇ

132 2701 236 2743 ἀμετρίᾳ
251 2709 281 2736 τὸ
293 2710 440 2745 χρήσιμον,
452 2711 583 2738 κινδύνων
596 2711 727 2744 πολλάκις
740 2713 788 2739 καὶ
802 2701 909 2748 διαφθοξ

133 2749 175 2781 ρᾶς
187 2752 268 2781 αἴτιον
287 2755 402 2790 γίνεται.
418 2757 474 2783 Καὶ
495 2757 523 2784 εί
538 2766 603 2784 ποτε
628 2757 805 2794 πληθωρικῆς
821 2767 907 2785 κατα-

133 2794 239 2841 πάπως
250 2801 431 2838 ἐπεζητούσης
441 2802 491 2838 τὴν
502 2803 627 2837 κένωσιν,
641 2803 708 2839 ἄλλη
722 2813 764 2836 τις
775 2804 908 2841 πληθώρα

133 2840 175 2876 τὴν
193 2843 272 2874 οὖσαν
286 2849 497 2885 ἐπιφορτίσειεν,
517 2851 618 2886 σωρεία
643 2851 748 2886 γίνεται
771 2851 864 2879 κακῶν
878 2853 909 2879 τὺ

134 2889 248 2925 τοιοῦτον,
263 2895 304 2927 είς
319 2896 456 2931 ἀνήκεστα
472 2895 604 2931 προϊοῦσα
625 2896 710 2932 πάθη.
729 2897 834 2925 Οὐκοῦν
847 2897 908 2925 οὔτε

136 2938 214 2970 παντὶ,
231 2940 290 2968 οὔτε
312 2941 421 2973 πάντως
445 2941 546 2976 ἀγαθόν
569 2942 595 2968 τί
619 2943 693 2970 ἐστιν
715 2943 732 2977 ή
757 2943 907 2979 πλήρωσις,

138 2980 193 3010 ἀλλὰ
206 2987 247 3014 καὶ
260 2987 328 3023 πρός
346 2997 383 3022 τι,
398 2988 445 3015 καί
459 2996 535 3021 ποτε,
552 2989 595 3015 καὶ
614 2990 684 3017 κατὰ
698 2990 726 3017 τὸ
744 2990 826 3018 ποσόν
843 2999 871 3017 τε
894 2990 939 3018 καὶ

957 2348 995 2375 tio
1010 2347 1136 2382 suscipit,
1148 2354 1199 2374 nec
1210 2345 1371 2373 exinanitio.
1384 2345 1519 2378 Quocirca
1533 2344 1606 2371 aliud
1623 2345 1752 2380 quiddam

957 2399 1039 2426 quam
1064 2391 1155 2426 ipsum
1181 2391 1296 2421 bonum,
1327 2393 1370 2417 est
1387 2390 1446 2425 ipsa
1471 2389 1601 2424 repletio;
1628 2396 1690 2416 cum
1704 2396 1752 2416 nec

956 2436 1070 2472 ubique,
1086 2443 1137 2463 nec
1165 2443 1283 2471 semper,
1307 2442 1359 2463 nec
1382 2435 1410 2462 in
1430 2435 1559 2464 omnibus
1576 2442 1656 2461 omne
1665 2441 1752 2469 genus

957 2483 1046 2519 ipsius
1060 2490 1075 2509 a
1089 2482 1199 2510 cunctis
1220 2481 1403 2516 expetendum
1425 2481 1575 2516 judicetur.
1591 2479 1650 2507 Non
1664 2481 1752 2507 solum

957 2530 1030 2557 enim
1045 2529 1136 2557 noxiis
1153 2528 1224 2556 cibis
1237 2527 1340 2563 expleri
1351 2527 1536 2563 perniciosum
1547 2531 1599 2557 est,
1612 2526 1660 2555 sed
1670 2525 1752 2552 etiam

957 2576 986 2603 in
1017 2575 1098 2603 bonis
1127 2579 1155 2602 et
1189 2573 1416 2602 convenientibus
1444 2571 1644 2600 mediocritatis
1672 2578 1752 2599 usum

958 2622 1107 2654 transilire,
1117 2621 1278 2656 plerumque
1293 2620 1444 2656 periculum
1465 2624 1492 2647 et
1507 2619 1638 2646 damnum
1664 2616 1752 2644 aﬁ‘ert.

958 2667 1036 2700 Quod
1049 2667 1072 2695 si
1090 2674 1154 2694 cum
1168 2674 1269 2701 corpus
1287 2667 1421 2701 repletum
1441 2668 1493 2696 est,
1511 2663 1652 2698 levarique
1679 2662 1752 2689 desi-

958 2713 1046 2746 derat,
1063 2712 1118 2740 alio
1134 2713 1223 2740 adhuc
1235 2716 1364 2739 oneretur
1373 2711 1445 2743 cibo,
1460 2714 1518 2737 tum
1531 2716 1597 2737 vero
1611 2712 1752 2735 contracto

958 2759 1093 2786 malorum
1117 2758 1229 2785 cumulo
1248 2758 1276 2785 in
1294 2757 1405 2785 morbos
1424 2755 1522 2783 incidit
1549 2755 1710 2789 desperatos
1727 2758 1752 2782 et

958 2804 1136 2832 insanabiles.
1156 2804 1252 2838 itaque
1270 2810 1321 2830 nec
1348 2809 1466 2836 semper,
1485 2808 1535 2829 nec
1548 2801 1629 2835 plane
1651 2801 1752 2828 bonum

958 2853 1003 2878 est
1016 2849 1140 2884 replelio,
1159 2849 1208 2877 scd
1232 2848 1266 2875 ad
1283 2848 1397 2883 aliquid,
1413 2853 1439 2875 et
1458 2847 1606 2882 aliquando
1621 2846 1683 2875 usui
1701 2851 1765 2880 esl,_

959 2901 984 2924 et
1011 2897 1039 2923 in
1069 2895 1222 2931 quantitate
1253 2894 1438 2930 qualitateque
1466 2894 1591 2921 consistit
1616 2893 1676 2928 ejus
1702 2892 1752 2919 uti-

960 2944 1031 2970 litas.

956 2991 985 3017 τὸ
1007 2989 1091 3022 ποιὸν,
1110 2989 1139 3016 τὸ
1160 2988 1188 3022 ἐξ
1205 2988 1286 3016 αὐτοῦ
1301 2988 1403 3020 γίνεται
1417 2987 1561 3022 χρήσιμον.
