4026 6446
514 429 622 485 605

1774 427 1832 485 S.
1870 427 2198 488 GBEGOBII
2235 430 2527 491 NYSSEN!

3692 445 3794 501 504

580 541 784 599 Eodem
835 548 996 615 pacto
1034 549 1090 601 et
1115 542 1451 602 contrariam
1508 542 1638 601 huic
1674 546 2102 603 exinanitionem

2278 549 2438 606 Οὕτω
2458 550 2505 606 δ’
2534 551 2603 608 ἀν
2632 570 2718 619 τις
2742 551 2891 626 εὖροι
2920 554 3013 609 καὶ⁵
3037 554 3101 609 τὺ
3129 554 3190 621 ἐξ
3214 556 3457 611 ἐναντίου
3479 558 3795 629 νοούμενον,

511 634 753 706 reperies
810 636 1181 707 periculosam
1230 637 1300 694 iis
1328 638 1423 711 qui
1456 651 1489 693 a
1522 638 1806 696 moderato
1853 639 1977 710 ejus
1999 655 2107 697 usu

2208 642 2264 696 τὸ
2297 643 2442 699 κατά
2470 642 2571 717 τὴν
2602 643 2834 700 κένωσιν
2855 645 3021 715 λέγω,
3050 647 3147 701 καὶ
3173 638 3495 713 κινδυνῶδες
3524 651 3641 714 τοῖς
3672 650 3809 704 ὑπο-

510 726 864 793 recesserint,
893 742 1006 789 non
1040 728 1291 799 inutilem
1315 736 1521 797 tamen,
1552 729 1598 785 si
1625 730 1927 801 prudenter
1958 730 2110 788 adhiv

510 819 728 883 beatur,
766 825 824 875 et
849 827 1079 877 eatenus
1126 819 1242 886 ﬂat,
1275 828 1551 892 quatenus
1582 821 1725 877 ratio
1755 822 2105 893 quantitatis,

511 916 569 965 et
595 910 903 980 qualitatis,
938 918 995 968 et
1035 912 1304 983 temporis
1339 911 1657 983 postulabit.
1683 912 1915 970 Constat
1943 914 2110 985 igitur

511 1017 582 1057 ex
609 1002 679 1059 iis
707 1017 830 1074 quae
867 1003 1017 1060 dicta
1043 1012 1194 1071 sunt,
1211 1018 1337 1061 cum
1366 1002 1497 1059 boni
1517 1010 1648 1059 uota
1669 1019 1780 1060 non
1805 1019 2110 1076 congruere

512 1091 683 1151 vitam
705 1092 889 1162 istam,
910 1109 1075 1165 quam
1094 1094 1333 1152 vivimus
1356 1112 1372 1153 :
1394 1109 1461 1153 ex
1479 1110 1588 1167 quo
1607 1096 1881 1168 sequitur,
1898 1096 2109 1156 disces-

514 1199 638 1242 sum
663 1184 735 1243 ab
755 1199 820 1243 ea
845 1200 956 1242 non
973 1200 1098 1243 esse
1117 1185 1517 1257 sejunctionem
1550 1188 1621 1245 ab
1648 1187 1759 1244 ullo
1780 1188 1947 1244 bono.
1968 1186 2107 1245 Nam

514 1273 591 1341 id,
616 1275 764 1347 quod
790 1292 941 1344 vere,
972 1286 1029 1334 et
1066 1278 1304 1350 proprie,
1339 1290 1395 1336 et
1420 1280 1599 1350 primo
1622 1280 1827 1337 bonum
1848 1281 2105 1349 dicimus,

512 1380 617 1426 nec
642 1366 871 1439 repletio
894 1373 1004 1435 est,
1036 1383 1138 1425 nec
1152 1368 1407 1435 inanitio,
1431 1384 1570 1440 quas
1594 1369 1912 1441 aliquando,
1942 1378 1997 1427 et
2036 1369 2107 1428 ad

514 1456 745 1528 aliquid,
783 1466 839 1515 et
860 1458 917 1515 in
952 1458 1285 1531 quibusdam
1317 1466 1531 1517 tantum
1557 1462 1720 1519 utiles
1758 1460 2106 1522 demonstra-

511 1548 715 1615 vimus,
747 1549 952 1621 quibus
974 1566 1100 1609 vere
1122 1551 1253 1608 boni
1278 1559 1408 1609 nota
1436 1567 1547 1610 non
1572 1553 1853 1612 convenit.

2204 732 2480 805 μένουσιν,
2509 735 2560 789 εί
2604 734 2869 807 παρέλθοι
2893 739 2961 809 τῇ
2989 736 3229 809 ἀμετρίᾳ
3263 738 3328 791 τὸ
3371 740 3669 811 χρήσιμον,
3702 742 3798 794 καὶ
3837 771 3845 776 -

2203 824 2369 879 πάλιν
2398 824 2501 884 οὐκ
2528 825 2805 898 ἀνονήτως
2841 827 3149 898 γινόμενον,
3180 829 3229 881 εί
3264 828 3399 900 πρός
3426 848 3477 884 τι
3508 829 3622 885 τῶν
3645 829 3798 900 ὠφε-

2203 912 2443 969 λούντων
2472 913 2780 986 συμϐαίνει,
2803 913 2908 969 τοῦ
2924 932 2984 970 τε
3006 916 3201 988 καιροῦ
3234 919 3329 971 καὶ
3359 918 3453 972 τοῦ
3497 918 3669 973 ποσοῦ
3703 918 3801 972 καὶ

2207 1003 2305 1058 τοῦ
2332 1004 2489 1059 ποιοῦ
2519 1005 3199 1079 συμπαραλαμϐανομένου
3231 1009 3368 1081 πρὸς
3397 1009 3461 1062 τὸ
3492 1010 3594 1082 τῆς
3620 1009 3796 1064 κενώ-

2210 1112 2350 1162 σεως
2376 1098 2665 1169 χρήσιμον.
2696 1096 2914 1170 Ἐπειδὴ
2938 1098 3117 1153 τοίνυν
3141 1100 3203 1153 οῦ
3232 1099 3518 1171 συμϐαίνει
3544 1100 3686 1174 πρὸς
3704 1100 3799 1155 τὸν

2206 1187 2303 1242 τοῦ
2330 1187 2497 1243 καλοῦ
2542 1189 2865 1262 χαρακτῆρα
2896 1190 2958 1245 τὸ
2992 1191 3092 1262 τῆς
3120 1192 3267 1264 ζωῆς
3307 1194 3509 1264 ταύτης
3544 1191 3718 1260 εἶδος,
3750 1187 3797 1260 ᾧ

2210 1276 2526 1349 βιοτεύομεν
2546 1296 2560 1311 ·
2592 1278 3024 1352 ὁμολογούμενον
3058 1280 3126 1335 ἂν
3152 1282 3238 1353 είη
3264 1280 3354 1335 διά
3375 1282 3474 1352 τῆς
3500 1282 3614 1336 τῶν
3642 1284 3794 1354 εἰρη-

2211 1366 2389 1439 μένων
2415 1366 2757 1432 ἀκολουθίας,
2776 1368 2859 1422 ὅτι
2884 1368 3095 1433 οὐδενὸς
3115 1369 3323 1439 ἀγαθοῦ
3353 1371 3632 1443 χωρισμός
3651 1373 3797 1424 ἐστιν

2210 1461 2247 1534 ἡ
2280 1461 2346 1515 ὲκ
2383 1466 2480 1515 τοῦ
2512 1460 2754 1514 τοιούτου
2787 1460 2901 1532 βίου
2930 1461 3281 1532 μετάστασις.
3311 1462 3551 1534 Φανερδν
3574 1463 3686 1533 γάρ
3711 1464 3795 1516 ὅτι

2202 1554 2266 1617 τὸ
2292 1552 2563 1626 ἀληθινῶς
2609 1553 2704 1613 καὶ
2752 1552 2957 1618 κυρίως
2996 1553 3093 1607 καὶ
3132 1553 3365 1625 πρώτως
3405 1553 3632 1623 ἀγαθὸν,
3669 1553 3793 1610 οὔτε

512 1642 747 1710 κένωσίς
789 1647 962 1713 ἑστιν,
999 1644 1125 1700 οὕτε
1174 1644 1490 1719 πλήρωσις’
1521 1646 1668 1718 ἀπερ
1695 1646 1790 1701 καί
1820 1662 1975 1715 ποτε,
2008 1645 2106 1701 καὶ
2141 1645 2279 1718 πρός
2303 1663 2378 1712 τι,
2403 1646 2499 1700 καὶ
2525 1644 2618 1708 ἐπί
2641 1660 2805 1704 τινων
2831 1644 3209 1707 ἀποδέδεικται
3231 1646 3496 1718 χρήσιμα,
3551 1640 3636 1712 οἷς
3692 1649 3796 1708 οὐκ

513 1732 737 1790 ἔπεστιν
765 1737 796 1790 ὁ
824 1733 921 1791 τοῦ
946 1735 1217 1809 ἀληθινῶς
1244 1736 1397 1802 δντος
1419 1736 1626 1808 ἀγαθοῦ
1648 1738 1956 1811 χαρακτήρ.

585 1828 956 1899 Quamobrem
980 1846 1107 1888 cum
1151 1847 1283 1890 vere
1311 1832 1515 1889 bonum
1556 1833 1609 1891 ei
1650 1833 1796 1906 quod
1846 1849 1958 1890 non
2014 1842 2101 1891 est
2128 1842 2178 1905 Β

517 1936 647 1979 vere
678 1921 883 1979 bonum
902 1960 921 1990 ,
962 1922 1040 1979 ita
1063 1924 1405 1981 contrarium
1435 1924 1547 1993 sit,
1602 1931 1665 1982 ut
1692 1925 1904 1981 nullum
1962 1924 2108 1983 inter

516 2030 585 2071 ea
633 2014 878 2072 medium
926 2013 1126 2083 detur,
1159 2023 1594 2075 consentaneum
1641 2024 1727 2073 est
1774 2030 1874 2073 eos
1922 2015 2019 2088 qui
2072 2031 2107 2073 a

516 2121 630 2164 non
658 2120 794 2166 vero
847 2104 1144 2163 discedunt
1170 2106 1351 2178 bono,
1406 2108 1477 2165 ad
1503 2122 1697 2165 verum
1731 2107 1868 2165 illud
1901 2107 2107 2164 bonum

516 2198 823 2265 accedere,
856 2198 1006 2271 quod
1035 2213 1256 2272 semper
1276 2238 1293 2266 ,
1330 2207 1388 2257 et
1431 2200 1695 2258 omnibus
1720 2240 1740 2268 ,
1765 2209 1823 2259 et
1875 2201 2107 2261 omnino

515 2289 592 2347 sit
619 2289 858 2356 bonum,
892 2304 996 2347 nec
1023 2305 1127 2363 pro
1155 2298 1436 2363 tempore,
1464 2301 1561 2348 aut
1591 2292 1780 2365 aliqua
1809 2309 1879 2351 ex
1908 2301 2102 2366 parte,

517 2382 700 2438 autin
742 2382 1110 2455 quibusdam,
1146 2394 1243 2440 aut
1268 2393 1494 2457 propter
1522 2385 1769 2458 aliquid,
1801 2386 1900 2445 sed
1960 2402 2109 2447 scm-

517 2485 655 2543 per.
688 2471 745 2528 in
787 2472 997 2537 eisdem
1018 2513 1037 2543 ,
1070 2481 1127 2531 et
1153 2474 1347 2532 eodem
1383 2475 1549 2533 modo
1576 2491 1701 2536 sese
1751 2477 1971 2535 habeat.
2021 2477 2107 2536 Ad

518 2563 629 2621 hoc
666 2564 836 2639 igitur
871 2567 1059 2623 anima
1082 2566 1327 2625 humana
1365 2583 1398 2625 a
1434 2569 1549 2625 vita
1592 2584 1860 2643 corporea
1882 2570 2106 2643 prolici-

518 2656 733 2727 scitur,
760 2664 819 2718 et
843 2673 877 2715 a
913 2659 1173 2731 pruenti
1207 2660 1486 2719 diversum
1535 2662 1663 2719 vitae
1711 2670 1920 2720 statum
1948 2679 2105 2722 asse-

516 2750 713 2822 quitur
740 2768 757 2808 :
780 2765 947 2823 quem
974 2766 1099 2819 nos,
1126 2754 1367 2825 quicum
1390 2766 1560 2811 carne
1580 2754 1861 2826 conjuncti
1891 2769 2106 2822 sumus,

517 2845 687 2917 plane
714 2843 922 2901 intueri
957 2860 1070 2902 non
1095 2859 1427 2919 possumus,
1454 2860 1525 2903 ex
1571 2846 1986 2920 comparatione
2020 2854 2108 2903 ta-

516 2949 647 2992 men
679 2933 845 2993 istius
871 2933 1026 3003 vita,
1054 2934 1375 3007 conjectum
1402 2935 1656 3009 quaedam
1684 2937 1836 2995 illius
1863 2936 1981 2994 ﬁeri
2012 2952 2107 3009 po-

518 3031 651 3085 test.
697 3021 897 3097 Neque
948 3024 1099 3082 enim
1148 3026 1258 3082 erit
1304 3035 1565 3085 concreta
1619 3027 1801 3099 aliqua
1853 3028 2105 3100 corporis

518 3112 873 3183 crassitudo,
938 3128 1043 3171 nec
1114 3116 1228 3172 ulla
1285 3118 1696 3176 contrariorum
1762 3134 2103 3177 concurrens

519 3206 808 3278 aequalitas
855 3206 1258 3264 elementorum
1285 3247 1303 3276 ,
1336 3225 1574 3282 quorum
1605 3212 1834 3284 aequalis
1862 3226 1927 3269 ac
1980 3228 2106 3269 mu-
2133 3191 2181 3256 (ἶ

518 3306 617 3351 tua
657 3311 839 3369 pugna
870 3298 1330 3358 constitutionem
1363 3310 1609 3359 nostram
1638 3342 1654 3370 ,
1701 3302 2108 3361 valetudinem—

516 3404 630 3460 que
659 3398 978 3452 conservat.
1010 3388 1149 3448 Nam
1177 3393 1227 3450 si
1258 3407 1451 3451 eorum
1497 3394 1721 3467 aliquod
1778 3396 1866 3453 vel
1905 3397 2111 3454 redona-

418 3526 423 3533 .
518 3476 651 3546 det,
696 3479 783 3537 vel
823 3478 1076 3549 deﬁciat,
1125 3488 1329 3538 natura
1366 3482 1755 3554 perturbatur,
1786 3497 1853 3540 ac
1899 3482 2109 3539 morbis

517 3569 782 3628 afﬁcitur.
814 3571 913 3630 Ilia
955 3579 1139 3629 autem
1158 3572 1273 3630 vita
1321 3589 1424 3631 nec
1477 3574 1659 3631 inedia
1704 3574 1954 3640 laborat,
2008 3588 2110 3631 nec

518 3662 837 3733 cruditate,
890 3678 997 3721 nec
1026 3663 1233 3737 frigore
1254 3706 1270 3734 ,
1301 3664 1587 3727 caloresve
1635 3673 1731 3722 aut
1779 3667 1918 3724 alias
1964 3667 2109 3726 acris

517 3754 761 3825 injurias
806 3757 1014 3823 sentit,
1063 3764 1121 3812 et
1167 3756 1281 3813 illic
1325 3757 1545 3831 agitur,
1605 3758 1700 3814 ubi
1740 3758 1813 3814 ab
1846 3759 2109 3817 omnibus

518 3845 648 3903 istis
700 3843 993 3913 laboribus
1041 3846 1373 3904 necessariis
1429 3847 1589 3907 liberi
1640 3847 1889 3921 erimus.‘
1919 3848 2111 3921 Neque

518 3935 669 3992 enim
695 3943 790 3991 aut
814 3949 955 4008 agro
974 3910 1247 4005 colendo,
1279 3946 1377 3993 aut
1421 3938 1735 4011 navigando
1778 3906 2109 4013 ιιιιίῖιιὶεαῖῆἐ

520 4042 692 4097 mur;
742 4042 861 4085 non
906 4034 1257 4097 mercatura,
1285 4044 1397 4085 non
1429 4030 1544 4086 ullo
1593 4038 1808 4102 quaestu
1854 4033 2109 4105 coinqui-

514 4120 780 4177 nabimur
809 4138 829 4177 :
880 4120 980 4178 sed
1036 4120 1107 4177 ab
1159 4119 1508 4189 aediﬁcandi,
1552 4123 1809 4190 texendi,
1848 4125 2111 4198 omnique

521 4210 876 4269 sordidarum
924 4213 1128 4270 artium
1167 4212 1393 4271 miseria
1419 4214 1581 4271 vacui
1624 4216 2013 4288 tranquillam,
2049 4225 2111 4273 ut-

518 4300 728 4361 Paulus
759 4303 870 4370 ait,
911 4318 978 4361 ac
1005 4303 1250 4377 quietam
1281 4317 1509 4375 agemus
1540 4304 1709 4363 vitam
1738 4324 1755 4376 ;
1783 4322 1893 4363 non
1924 4315 2106 4375 terra,

519 4409 636 4453 non
664 4395 810 4451 mari
832 4396 1243 4467 pugnahimus;
1286 4410 1397 4452 non
1425 4396 1673 4468 equitatu
1702 4437 1719 4463 ,
1780 4414 1895 4455 non
1955 4400 2110 4470 pedi-

396 4490 401 4497 '
521 4490 644 4543 tatu
692 4497 894 4542 manus
927 4499 1325 4554 conseremus;
1377 4486 1435 4542 in
1498 4488 1843 4558 apparitibus
1892 4489 2108 4551 bellicis

522 4587 637 4628 non
691 4574 1101 4645 occupabimur
1128 4612 1144 4640 ,
1209 4590 1321 4631 non
1364 4577 1647 4646 exigemus
1701 4579 1940 4648 tributa;
1996 4595 2108 4637 non

523 4662 709 4729 fossa,
741 4678 853 4719 non
884 4679 1045 4720 muro
1073 4679 1176 4722 nos
1210 4665 1562 4735 muniemus;
1594 4668 1692 4725 sed
1739 4671 1812 4727 ab
1850 4673 2109 4729 omnibus

521 4748 798 4830 ejusmodi
850 4756 1139 4825 laboribus
1174 4768 1230 4815 et
1258 4760 1530 4819 molestiis
1568 4764 1924 4820 remotissimi
1948 4806 1963 4832 ,
2004 4780 2110 4822 nec

522 4849 851 4906 habebimus
890 4849 1062 4906 ullum
1101 4850 1207 4921 ipsi
1238 4852 1550 4922 negotium,
1588 4869 1691 4911 nec
1726 4856 2111 4930 exhibebimus

521 4941 701 4997 alteri.
746 4939 866 4996 illic
916 4941 1064 4999 enim
1116 4955 1225 4998 nec
1274 4943 1547 5010 servitus,
1604 4961 1709 5003 nec
1751 4947 2107 5015 dominatus,

520 5047 627 5088 nec
655 5041 953 5104 paupertas
971 5071 989 5099 ,
1022 5048 1125 5089 nec
1146 5033 1354 5093 divitiae
1372 5072 1389 5100 ,
1435 5051 1537 5106 nec
1563 5038 1782 5109 generis
1806 5039 2067 5110 splendor
2090 5080 2107 5107 ,

522 5133 618 5179 aut
649 5124 967 5182 obscuritas
988 5164 1004 5190 ,
1043 5140 1148 5183 nec
1181 5126 1524 5197 privatorum
1556 5128 1875 5196 humilitas,
1898 5146 2002 5187 nec
2023 5133 2110 5189 di—

522 5217 708 5287 gnitas
745 5217 1168 5289 magistratuum
1193 5257 1208 5278 ,
1245 5232 1346 5273 nec
1375 5218 1484 5290 ulla
1515 5220 1641 5275 talis
1672 5219 1936 5289 fortunae,
1973 5238 2109 5280 con.

523 5309 792 5375 ditionis,
842 5321 900 5365 et
942 5310 1154 5369 ordinis
1198 5310 1505 5368 diderentia
1555 5312 1738 5369 locum
1779 5314 1961 5371 habet.
2016 5315 2112 5371 Et-

523 5402 669 5456 enim
696 5402 943 5457 omnium
969 5401 1245 5473 ejusmodi
1276 5418 1462 5463 rerum
1491 5406 1878 5463 necessitatem
1918 5408 2110 5464 exclu-

522 5488 605 5544 dit
638 5489 727 5544 illa
761 5494 907 5558 vita,
945 5509 1066 5563 quae
1098 5495 1346 5551 materiae
1396 5511 1596 5568 expers
1654 5497 1807 5553 nulla
1853 5514 1915 5555 re
1951 5508 2106 5572 eget,

527 5580 585 5634 in
634 5593 741 5646 qua
792 5590 1047 5638 naturam
1094 5585 1264 5640 animi
1306 5600 1415 5642 non
1458 5602 1526 5641 ex
1568 5586 1718 5643 sicco
1771 5589 2109 5662 humidoque

526 5677 825 5738 constare,
876 5674 974 5730 sed
1028 5690 1097 5732 ex
1148 5676 1351 5734 divinae
1399 5686 1611 5736 natura:
1660 5682 2007 5754 cognitione,
2052 5692 2109 5741 et

526 5758 760 5827 hujusce
812 5764 1044 5845 spiritus
1096 5768 1231 5824 aerii
1276 5768 1437 5833 loco,
1494 5786 1627 5827 vero
1657 5772 1752 5829 illo
1805 5782 2108 5845 sanctoque

527 5847 735 5932 ﬁpiritu
761 5850 868 5911 frui
904 5863 1017 5923 ῃοῃ
1042 5856 1383 5931 ambigimus.
1406 5859 1541 5928 Quae
1564 5862 1785 5935 quidem
1817 5864 1964 5929 bona
1994 5881 2106 5927 non

2288 1830 2440 1887 Ἐπεὶ
2483 1824 2578 1885 οὖν
2603 1828 2683 1902 πῖ)
2722 1828 2941 1902 ἀληθῶς
2972 1829 3163 1900 ἀγαθῷ
3195 1831 3333 1902 πρὸς
3372 1828 3436 1884 τδ
3460 1829 3537 1903 μὴ
3576 1830 3799 1901 ἀληθῶς

2207 1922 2412 1992 ἀγαθόν
2444 1923 2592 1987 ἔστιν
2619 1925 2654 1995 ἡ
2686 1921 2958 1987 ἀντίθεσις
2977 1962 2994 1987 ,
3020 1922 3225 1993 ἀμεσος
3245 1921 3301 1975 δὲ
3327 1921 3438 1977 τῶν
3467 1922 3561 1976 δύο
3586 1924 3801 1979 τούτων

2207 2015 2245 2088 ἡ
2271 2015 2607 2079 έναντίωσιςη
2629 2014 2924 2072 ἀκόλουθον
2945 2013 3015 2070 ἂν
3042 2014 3128 2085 είη
3149 2016 3261 2078 τοῖς
3281 2015 3677 2087 χωριζομέναις
3699 2008 3799 2071 τοῦ

2209 2105 2287 2179 μὴ
2320 2105 2537 2179 ἀληθῶς
2569 2105 2722 2170 ὄντος
2749 2104 2939 2173 καλοῦ,
2970 2105 3107 2177 πρὸς
3133 2106 3194 2159 τὸ
3220 2107 3288 2177 τῇ
3320 2105 3481 2176 φύσει
3516 2106 3686 2161 καλὸν
3710 2109 3803 2162 έν·

2208 2198 2359 2262 θένδε
2388 2197 2664 2259 πιστεύειν
2697 2196 2796 2269 τὴν
2837 2197 3171 2269 μετάστασιν
3203 2194 3474 2265 γίνεσθαι,
3498 2196 3529 2250 δ
3563 2198 3799 2253 πάντοτε

2206 2288 2304 2345 καὶ
2340 2290 2508 2345 παντὶ
2548 2288 2645 2344 καὶ
2668 2287 2758 2345 διά
2782 2288 3000 2344 πάντων
3039 2286 3186 2340 ἐστὶν
3213 2286 3434 2355 ἀγαθὸν,
3481 2286 3606 2342 οὔτε
3653 2290 3802 2343 κατά

2205 2382 2454 2455 καιροὺς,
2488 2379 2613 2438 οὔτε
2643 2380 2737 2436 ἐπί
2766 2396 2960 2445 τινων,
2988 2378 3114 2433 οὔτε
3144 2377 3234 2433 διά
3256 2395 3332 2447 τι,
3376 2378 3493 2434 ἀλλ’
3516 2380 3606 2435 ἀεὶ
3649 2383 3799 2437 κατά

2204 2472 2277 2529 τά
2311 2472 2451 2528 αύτά
2474 2472 2570 2527 καὶ
2592 2470 2855 2537 ὡσαύτως
2882 2470 3025 2543 έχον.
3054 2470 3201 2543 Πρὸς
3226 2469 3386 2525 τοῦτο
3408 2470 3589 2527 τοίνυν
3619 2472 3803 2543 μέτει-

2207 2581 2293 2620 σιν
2314 2563 2423 2620 ἀπὸ
2447 2566 2548 2636 τῆς
2570 2563 2884 2636 σαρκώδους
2916 2560 3063 2633 ζωῆς
3092 2562 3129 2633 ἡ
3153 2560 3471 2632 ἀνθρωπίνη
3495 2560 3668 2633 ψυχὴ,
3695 2561 3797 2617 ἀλ,

2202 2657 2303 2729 λην
2338 2655 2463 2709 τινά
2488 2654 2605 2726 βίου
2644 2654 2982 2713 κατάστασιν
3019 2653 3144 2715 ἀντὶ
3170 2652 3269 2723 τῆς
3308 2651 3591 2726 παρούσης
3620 2670 3800 2725 μετα-

2205 2746 2586 2821 λαμϐάνουσα,
2618 2746 2687 2819 ἢν
2723 2744 2793 2799 δι’
2832 2744 3119 2817 ἀκριεείας
3158 2744 3256 2816 μὲν
3308 2743 3459 2809 ἰδεῖν,
3487 2744 3609 2815 ἥτις
3654 2746 3798 2812 ἐστὶ,

2202 2841 2269 2911 τῇ
2304 2837 2471 2911 σαρκὶ
2504 2836 2970 2909 συγκεκραμένοις
2998 2836 3280 2909 ἀμήχανον
3297 2853 3313 2869 ·
3339 2838 3405 2892 ὲκ
3442 2836 3501 2890 δὲ
3522 2837 3625 2908 τῆς
3652 2837 3801 2892 κατά

2202 2934 2295 2988 τὸν
2329 2932 2446 3005 βίον
2475 2932 2667 2986 τοῦτον
2691 2930 3113 3005 γνωριζομένων
3144 2930 3544 3003 ὑπεξαιρέσεως
3568 2931 3800 2987 δυνατόν

2204 3025 2322 3082 ἐστι
2345 3023 2649 3095 στοχασμὸν
2680 3039 2802 3078 τινα
2831 3023 2898 3078 δι’
2926 3022 3220 3092 ἀναλογίας
3248 3021 3556 3077 ἀναλαϐεῖν.
3594 3022 3800 3077 Οὐκέτι

2206 3116 2317 3189 γὰρ
2338 3115 2492 3172 ἔσται
2525 3118 2811 3187 σωματικῇ
2847 3114 3121 3187 παχύτητι
3148 3114 3639 3186 συμπεπλεγμένη,
3663 3112 3797 3170 οὕτε

2207 3209 2277 3281 τῇ
2333 3206 2647 3279 ίσοκρατείᾳ
2686 3205 2797 3261 τῶν
2843 3205 3327 3279 ἀντιστοιχοῦντων
3378 3205 3797 3278 έμὸιοτεύουσα,

2207 3292 2285 3361 ὧν
2317 3301 2353 3373 η
2380 3300 2667 3373 ίσόῤῥοπος
2703 3298 2843 3372 πρὸς
2874 3297 3081 3371 ἀλληλα
3117 3299 3287 3370 μάχη,
3317 3296 3419 3372 τὴν
3445 3297 3709 3353 σύστασίν
3732 3315 3799 3352 τε

2207 3392 2366 3464 ἡμῶν
2387 3393 2483 3451 καὶ
2500 3392 2601 3465 τὴν
2638 3391 2852 3462 ὑγίειαν
2879 3392 3043 3446 ποιεῖ.
3077 3390 3138 3445 '0
3170 3390 3281 3461 γὰρ
3321 3389 3663 3460 πλεονασμὸς
3685 3390 3799 3446 τῶν

2207 3483 2468 3546 ἐναντίων
2490 3483 2638 3550 τινὸς
2663 3484 2759 3539 καὶ
2786 3484 2820 3553 ἡ
2845 3481 3103 3552 ἔλλειψις,
3124 3480 3297 3546 πάθος
3327 3481 3425 3537 καὶ
3450 3480 3802 3554 ἀρρώστημα

2207 3576 2306 3649 τῆς
2334 3574 2551 3647 φύσεως
2579 3575 2789 3647 γίνεται
2813 3590 2830 3608 ο
2859 3569 2971 3648 ένῇ
2997 3572 3150 3627 οὐδὲν
3170 3570 3294 3627 οῦτε
3322 3572 3670 3627 συστέλλεται
3698 3589 3799 3626 κε-

2207 3668 2487 3741 νούμενον,
2510 3665 2635 3727 olive
2656 3666 2916 3737 δυσφορεζ
2940 3663 3328 3738 φορτιζόμενον
3347 3674 3363 3692 ’
3393 3662 3532 3717 ἀλλά
3562 3661 3659 3717 καὶ
3684 3662 3802 3717 τῶν

2206 3758 2273 3813 ἐκ
2299 3757 2394 3812 τοῦ
2420 3756 2583 3830 ἀέρος
2622 3755 2805 3828 ἀηδῶν
2836 3752 2943 3819 ἐξω
2975 3752 3293 3820 παντάπασι
3319 3751 3549 3821 γίνεται,
3596 3750 3801 3823 κρύους

2206 3866 2267 3917 τε
2301 3848 2446 3919 λέγω
2477 3849 2571 3902 καὶ
2596 3846 2854 3913 θάλπους,
2877 3846 2972 3900 καὶ⁵
2999 3844 3219 3900 πάντων
3245 3843 3360 3899 τῶν
3377 3843 3520 3898 κατά
3548 3842 3611 3896 τὸ
3630 3844 3799 3898 ὲναν·

2205 3939 2323 3995 τίον
2353 3938 2659 4010 νοουμένων
2704 3936 3135 4009 ἀπηλλαγμένηο
3187 3937 3249 3991 ἐν
3275 3934 3504 3999 ἐκείνοις
3543 3933 3601 3988 δὲ
3641 3951 3801 4004 γινο-

2208 4031 2371 4104 μένη,
2411 4032 2548 4090 ὅπου
2598 4029 2817 4087 πάντων
2857 4028 2972 4085 τῶν
3001 4028 3321 4098 ἀναγκαίων
3355 4028 3619 4099 καμάτων
3641 4026 3800 4081 ἔλευ-

2208 4122 2344 4194 θέρα
2382 4139 2443 4183 τε
2483 4122 2580 4178 καὶ
2608 4120 2797 4185 ἀνετός
2839 4121 2990 4175 ἔστιν
3016 4120 3051 4191 ή
3106 4118 3256 4191 ζωήν
3300 4118 3363 4173 οὐ
3394 4118 3482 4173 διὰ
3520 4118 3800 4190 γεωργίας

2208 4213 2622 4280 κακοπαθοῦσα,
2654 4213 2716 4273 οὐ
2748 4213 2877 4278 τοὺς
2925 4210 3269 4275 διαποντίους
3315 4210 3663 4283 ὑπομένουσα
3697 4211 3800 4265 πό-

2209 4324 2355 4371 νους,
2375 4306 2436 4360 οὐ
2467 4305 2558 4361 διά
2582 4306 2682 4378 τῆς
2712 4305 3019 4377 ὲμπορικῆς
3043 4302 3346 4375 καπηλείας
3374 4302 3762 4375 ἀσχημονοῦσα
3778 4323 3795 4338 ο

2208 4399 2552 4471 οἰκοδομικῆς
2572 4415 2630 4453 τε
2655 4399 2751 4459 καὶ
2787 4398 3110 4469 ὑφαντικῆς,
3140 4395 3357 4468 καὶτῆς
3378 4395 3487 4451 τῶν
3510 4395 3798 4466 βαναύσωθ

2209 4492 2414 4563 τεχνῶν
2442 4490 2818 4563 ταλαιπωρίας
2865 4488 3269 4561 κεχωρισμένη,
3297 4487 3505 4561 ἦρεμόν
3543 4504 3663 4542 τινα
3697 4489 3798 4543 καὶ

2212 4583 2438 4655 ἡσύχων
2485 4583 2661 4651 διάγει
2701 4580 2839 4653 βίον,
2893 4580 3079 4646 καθὼς
3122 4582 3152 4635 ὁ
3195 4579 3407 4644 Παῦλος
3458 4595 3644 4650 φησιν,
3695 4581 3839 4651 οὐχ,

2212 4672 2621 4745 ἱππομαχοῦσα,
2659 4674 2720 4728 οὐ
2756 4671 3131 4745 ναυμαχοῦσα,
3178 4671 3241 4725 οὐ
3276 4670 3546 4741 συστάδην
3570 4669 3662 4725 διά
3691 4670 3837 4740 τῆςι

2210 4764 2442 4836 πεζικῆς
2473 4761 2833 4837 παρατάξεως
2874 4760 3321 4835 συμπλεκομένη,
3350 4761 3412 4816 οὐ
3448 4760 3585 4832 πρὸς
3627 4758 3825 4818 stara?

2213 4856 2413 4929 σκευὴν
2439 4856 2620 4911 ὅπλων
2662 4854 3058 4927 ἀσχολουμένη,
3113 4856 3175 4909 οὐ
3215 4854 3413 4926 φόρους
3471 4851 3795 4919 ὲκλέγουσα,
3820 4838 3845 4854 θ

2208 4950 2271 5009 οῦ
2297 4950 2541 5022 τάφρους
2563 4948 2659 5005 καὶ
2681 4949 2837 5020 τείχη
2874 4948 3381 5014 κατασκευάζουσα,
3410 4944 3549 5001 ἀλλά
3576 4944 3798 4999 πάντων

2210 5043 2322 5098 τῶν
2354 5042 2612 5097 τοιούτων
2652 5043 2851 5114 ἀτελής
2887 5041 2971 5106 τίς
3008 5043 3125 5095 ἐστι
3175 5039 3271 5093 καὶ
3316 5037 3593 5110 ἐλευθέρα.
3637 5037 3798 5107 Μήτε

2210 5134 2411 5207 ἔχουσα
2447 5135 2703 5209 πρᾶγμα,
2754 5135 2892 5207 μήτε
2926 5131 3266 5204 παρέχουσα,
3310 5131 3371 5184 έν
3481 5126 3697 5183 δουλεία
3736 5144 3797 5181 τε

2211 5227 2309 5283 καὶ
2348 5227 2609 5301 κυριότης
2635 5228 2732 5283 καὶ
2772 5225 2951 5291 πενία,
3000 5223 3251 5293 εῦγένειά
3273 5238 3335 5275 τε
3362 5221 3458 5276 καὶ
3488 5219 3795 5289 δυσγένεια,

2210 5319 2307 5374 καὶ
2340 5317 2581 5390 ίδιωτικὴ
2605 5317 2949 5387 ταπεινότης,
2975 5314 3070 5370 καὶ
3102 5312 3445 5385 ἀξιωματικὴ
3479 5310 3792 5375 δυναστεία,

2209 5410 2306 5464 καὶ
2339 5411 2490 5464 πᾶσα
2530 5408 2754 5479 τοιαύτη
2792 5404 3081 5478 ἀνωμαλία
3114 5403 3431 5476 χώραν-οὑκ
3466 5400 3601 5472 ἔχει.
3647 5401 3796 5474 Παρ-

2209 5502 2450 5572 αιρεῖται
2478 5500 2586 5572 γὰρ
2623 5500 2840 5555 πάντων
2879 5497 3088 5551 τούτων
3128 5497 3222 5550 καὶ
3254 5493 3361 5549 τῶν
3393 5492 3668 5562 τοιούτων,
3696 5493 3796 5565 τὴν

2209 5591 2475 5661 ἀνάγκην,
2501 5592 2562 5645 τὸ
2592 5590 2836 5653 ἀνενδεὲς
2861 5589 2959 5660 τῆς
2991 5587 3138 5659 ζωῆς
3161 5586 3374 5657 ἐκείνης
3405 5583 3501 5639 καὶ
3529 5584 3714 5647 ἀῦλον,
3736 5587 3796 5638 έν

2210 5676 2329 5757 ﬁco
2361 5681 2688 5754 διακρατοῦν
2715 5682 2811 5753 τῆς
2837 5681 3015 5753 ψυχῆς
3045 5679 3144 5751 τὴν
3177 5678 3494 5741 ὑπόστασιν,
3528 5679 3592 5732 οὐ
3625 5674 3794 5749 ξηροῦ

2209 5792 2267 5831 τε
2296 5775 2390 5829 καὶ
2426 5773 2596 5846 ὑγροῦ
2634 5775 2778 5837 τινός
2807 5776 2923 5828 ἐστι
2961 5772 3243 5843 μετουσία,
3285 5771 3404 5825 ἀλλ’
3443 5773 3476 5842 ἡ
3515 5771 3615 5842 τῆς
3644 5770 3794 5835 θείας

2210 5864 2425 5938 φύσεως
2456 5866 2802 5937 κατανόησις,
2826 5866 2945 5923 ἀντὶ
2974 5865 3029 5919 δὲ
3051 5865 3147 5919 τοῦ
3185 5862 3438 5931 ἑναερίου
3456 5862 3789 5939 πνεύματος,
