4026 6428
287 447 395 508 105

1707 463 1795 519 DE
1829 462 2161 524 MORTUIS.

3469 471 3574 525 506

293 567 388 624 τοῦ
420 567 685 642 ἀληθινοῦ
711 585 771 624 τε
801 569 895 626 καὶ
924 571 1082 642 ἀγίου
1121 574 1440 647 Πνεύματος
1479 574 1618 632 εἶναι
1647 580 1748 650 τὴν
1771 597 1886 634 κοι-

1992 579 2358 632 immutantur
2390 575 2458 631 ad
2487 574 2903 632 similitudinem
2943 592 3133 632 eorum
3181 593 3303 648 quae
3353 590 3479 632 sunt
3518 579 3572 631 in

293 657 493 714 νωνίαν
548 659 652 713 οὐκ
708 659 1142 734 ἀμφιϐάλλομεν.
1187 659 1290 719 Ὧν
1343 668 1377 737 ἡ
1435 667 1732 733 ἀπόλαυσις
1781 671 1884 725 οὐκ

294 751 676 822 ινηλλαγμένη
711 752 834 806 καθ’
879 755 1172 826 ὁμοιότητα
1211 757 1308 811 τοῦ
1337 758 1464 830 τῇδε
1513 759 1630 830 βίου
1663 761 1752 815 διὰ
1781 761 1882 832 τῆς

293 842 465 908 εξεως
496 845 595 897 καὶ
649 846 958 916 στερήσεως
999 847 1228 916 γίνεται,
1269 850 1651 925 είσκρινομένη
1696 871 1756 908 τε
1788 854 1884 908 καὶ

297 934 740 1006 ἀποποιουμένη,
788 935 903 989 ἀλλ’
939 937 1030 991 ἀεὶ
1081 938 1432 1013 πληρουμένη
1483 943 1581 996 καὶ
1629 943 1884 999 οὐδέποτε

296 1025 724 1096 περιγράφουσα
768 1026 912 1098 κόρῳ
949 1027 1048 1099 τὴν
1095 1029 1394 1102 πλήρωσιν.
1439 1033 1677 1106 Ἀϐαρὴς
1711 1033 1820 1106 γὰρ
1848 1036 1884 1108 ἡ

297 1115 466 1187 νοερά
505 1116 710 1190 τρυφὴ,
757 1117 852 1172 καὶ
887 1119 1210 1192 ἀπλήρωτος
1259 1123 1492 1179 πάντοτε
1527 1127 1648 1190 ταῖς
1695 1125 1886 1181 ἐπιθυ-

302 1206 457 1298 μίαις
472 1206 584 1298 τῶν
613 1209 948 1279 μετεχόντων
979 1212 1292 1283 ἀκορέστως
1311 1215 1512 1288 ὲπιπλη
1522 1217 1884 1298 μμυρίζουσα.

299 1297 402 1352 Διά
432 1297 594 1354 τοῦσο
624 1300 870 1372 μακαρία
897 1303 982 1366 τίς
1011 1303 1162 1358 ἐστιν
1191 1305 1372 1377 ἐκείνη
1397 1308 1432 1377 ἠ
1471 1297 1584 1380 ζωὴ
1628 1308 1722 1362 καὶ
1749 1311 1890 1382 ἀκή-

303 1407 492 1462 ρατος,
531 1391 730 1463 μηκέτι
757 1396 875 1458 ταῖς
923 1394 1034 1448 τῶν
1070 1382 1440 1469 αἰσθητηρίων
1487 1399 1703 1470 ἡδοναῖς
1749 1402 1889 1474 πρὸς

298 1481 404 1551 τὴν
435 1481 533 1534 τοῦ
576 1482 744 1537 καλοῦ
773 1484 955 1556 κρίσιν
995 1486 1418 1561 ὲμπλανωμένη.
1456 1490 1523 1544 Τί
1559 1493 1739 1546 τοίνυν
1767 1493 1886 1548 ἐστὶ

302 1572 631 1644 σκυθρωπὸν
657 1575 716 1629 ὲν
745 1574 825 1646 τῷ
851 1577 1157 1648 πράγματι,
1179 1578 1248 1632 δι’
1276 1579 1305 1632 ὃ
1329 1582 1394 1652 τῇ
1427 1583 1757 1652 μεταστάσει
1781 1582 1890 1638 τῶν

300 1661 629 1736 ἐπιτηδείων
658 1667 1160 1739 ὲπιστυγνάζομεν;
1194 1669 1244 1723 εί
1279 1669 1354 1740 μὴ
1382 1671 1541 1726 τοῦτό
1562 1689 1648 1737 τις
1667 1673 1775 1743 ἀρα
1799 1672 1892 1727 λυ-

303 1751 484 1824 πηρὸν
513 1756 755 1826 ἡγεῖται,
791 1756 878 1809 ὅτι
905 1756 1044 1828 πρὸς
1063 1757 1156 1812 τὸν
1184 1757 1372 1830 ἀπαθῆ
1396 1777 1456 1813 τε
1481 1762 1576 1814 καὶ
1599 1761 1891 1834 ἀνενόχλη-

305 1863 402 1900 τον
423 1845 540 1917 βίον
560 1846 796 1917 αὐτοῖς-1]
830 1847 1160 1917 μετάστασις
1180 1848 1409 1918 γίνεται,
1438 1851 1498 1915 ὃς
1515 1850 1637 1906 οὔτε
1666 1853 1891 1923 πληγῶν

1983 669 2086 724 hac
2124 669 2235 724 vita
2259 707 2275 732 ,
2308 667 2438 723 dum
2465 683 2530 723 ea
2563 669 2650 724 vel
2692 670 3076 739 assequimur,
3110 672 3195 726 vel
3229 671 3532 726 amittimus
3555 713 3570 737 ,

1983 759 2112 816 dum
2145 757 2445 828 injicimus,
2468 759 2554 813 vel
2575 757 2870 828 ejicimus;
2902 759 2996 815 sed
3024 775 3304 830 nunquam
3326 761 3570 831 explent,

1984 862 2267 919 nunquam
2307 841 2531 904 satiant.
2576 848 2757 903 Animi
2786 862 3023 920 namque
3054 849 3263 905 deliciae
3294 865 3403 905 non
3445 861 3574 906 sunt

1984 953 2199 1011 graves,
2223 952 2326 994 nec
2359 937 2656 994 fruentium
2688 939 2963 995 desiderio
2984 939 3150 994 ullam
3179 956 3419 1010 unquam
3444 941 3574 997 aﬂe—
3624 999 3629 1005 ,

1985 1038 2116 1085 runt
2144 1029 2478 1086 satietatem.
2517 1028 2753 1099 Ideoque
2787 1028 2945 1084 beata
2971 1039 3057 1086 est
3095 1029 3188 1084 illa
3216 1031 3328 1085 vita
3355 1068 3371 1095 ,
3404 1037 3570 1102 atque
3669 1024 3673 1028 ⁷

1986 1121 2353 1185 immortalis,
2409 1120 2614 1191 quippe
2672 1135 2796 1190 quae
2849 1135 3115 1178 sensuum
3166 1121 3397 1178 libidine
3457 1137 3570 1177 non

1985 1212 2196 1269 fallitur
2225 1213 2283 1268 in
2308 1212 2472 1268 bonis
2529 1211 2923 1284 dijudicandis.
2985 1210 3131 1278 Quid
3176 1213 3346 1284 igitur
3391 1220 3479 1270 est
3517 1213 3572 1268 in

1986 1303 2109 1374 ipsa
2138 1318 2198 1359 re
2234 1302 2384 1365 mali,
2421 1303 2773 1373 quamobrem
2805 1303 3104 1360 amicorum
3137 1311 3192 1359 et
3223 1303 3576 1361 familiarium

1989 1393 2143 1450 obitu
2207 1392 2529 1450 doleamus?
2559 1392 2666 1448 nisi
2717 1393 2842 1464 quis
2897 1394 3197 1450 dolendum
3245 1397 3570 1462 existimat,

1989 1486 2136 1577 quod
2153 1485 2221 1541 ad
2249 1486 2416 1540 vitam
2446 1484 2922 1556 perturbationum
2941 1501 3004 1541 ac
3026 1486 3370 1542 miseriarum
3387 1503 3577 1558 exper-

1989 1585 2100 1634 tem
2142 1577 2572 1648 proticiscuntur
2595 1617 2610 1644 ,
2645 1577 2701 1631 in
2741 1591 2848 1648 qua
2878 1577 3162 1648 plagarum
3218 1578 3436 1634 dolores
3467 1593 3578 1634 non

1989 1677 2246 1724 metuunt
2273 1710 2288 1735 ,
2320 1683 2431 1724 non
2462 1668 2606 1740 ignis
2634 1669 2814 1724 minas
2836 1708 2851 1730 ,
2883 1683 2994 1723 non
3023 1667 3157 1723 ferri
3182 1669 3408 1725 vulnera
3429 1712 3444 1735 ,
3467 1685 3579 1725 non

1989 1765 2152 1816 terrae
2178 1767 2394 1825 motus,
2431 1766 2529 1814 aut
2550 1758 2865 1826 naufragii,
2905 1767 3000 1813 aut
3031 1758 3320 1816 servitutis
3355 1760 3580 1814 calami-

1991 1859 2167 1918 tates,
2202 1867 2313 1909 non
2352 1852 2672 1907 immanium
2698 1850 2938 1908 ferarum
2969 1852 3206 1922 impetus
3226 1894 3241 1919 ,
3272 1867 3385 1907 non
3417 1868 3580 1908 vene-

301 1935 501 2000 ὀδύνας
533 1936 843 2008 προσίεται,
875 1937 936 1991 οὐ
969 1937 1141 2010 πυρὸς
1174 1939 1412 1995 δέδοικεν
1445 1943 1698 2015 ἀπειλὴν,
1728 1943 1790 1998 οὐ
1821 1943 1891 2000 τὰ

1993 1957 2154 2002 natos
2187 1959 2251 2000 ac
2272 1944 2565 2016 pestiferos
2613 1945 2955 2016 serpentium
2990 1946 3216 1999 aculeos
3252 1958 3582 2014 morsusque

299 2025 392 2080 διὰ
422 2025 642 2098 σιδήρου
672 2026 984 2098 τραύματα,
1037 2029 1138 2082 οὐκ
1171 2030 1280 2084 ἀπὸ
1311 2033 1552 2104 σεισμῶν
1594 2035 1690 2090 καὶ
1728 2051 1894 2089 ναυα-

300 2116 440 2186 γίων
481 2115 578 2171 καὶ
605 2116 993 2188 αίχμαλωσιῶν
1029 2121 1338 2194 συμφορὰς,
1373 2123 1434 2176 οὑ
1465 2123 1567 2189 τὰς
1601 2123 1711 2179 τῶν
1743 2124 1892 2196 ὠμο-

299 2206 484 2279 ϐόρων
510 2206 714 2282 θηρίων
753 2208 1080 2280 προσϐολὰς,
1113 2211 1176 2264 οὐ
1205 2211 1275 2270 τὰ
1305 2213 1416 2268 τῶν
1453 2215 1804 2287 ὲρπυστικῶν
1829 2231 1892 2269 τε

299 2299 403 2354 καὶ
435 2297 655 2358 ἰοϐόλων
702 2299 907 2372 κέντρα
931 2302 1025 2355 καὶ
1049 2301 1324 2374 δήγματα.
1364 2307 1452 2361 Ἐν
1483 2300 1528 2375 ᾦ
1566 2307 1742 2371 οὐδεὶς
1766 2306 1891 2362 οὔτε

302 2388 629 2460 δξογκοῦται
663 2390 742 2463 τῷ
770 2392 948 2465 τύφῳ,
985 2393 1113 2451 οὕτε
1151 2399 1404 2453 πατεῦιαι
1429 2399 1488 2453 ἐν
1518 2401 1889 2474 ταπεινότητι,

301 2480 432 2537 οὔτε
461 2482 568 2536 ὑπὸ
589 2481 826 2555 θράσους
852 2485 1224 2558 ὲκθηριοῦται,
1257 2487 1382 2542 οὔτε
1430 2489 1539 2544 ὑπὸ
1566 2491 1771 2556 δειλίας
1790 2507 1892 2546 κα·-

301 2575 646 2640 ταπτοεῐται,
669 2573 794 2634 οὔτε
813 2578 880 2648 τῇ
899 2577 1036 2650 ὀργῇ
1067 2579 1440 2650 περιοιδαίνει,
1467 2582 1606 2646 ζέων
1625 2581 1704 2655 τῷ
1733 2582 1891 2656 θυμῷ

301 2665 404 2721 καὶ
436 2667 778 2738 μαινόμενος,
806 2666 935 2723 δῦτε
980 2669 1252 2726 κλονεῖται
1287 2671 1392 2728 ὑπὸ
1424 2672 1520 2727 τοῦ
1557 2674 1747 2744 φόϐου,
1798 2677 1893 2731 ἀν-

301 2764 515 2833 τισχεῖν
540 2763 678 2834 πρὸς
699 2763 798 2835 τὴν
818 2761 911 2818 τοῦ
931 2764 1260 2835 κρατοῦντος
1275 2768 1348 2844 ,ὁρ
1354 2767 1462 2840 μὴν
1483 2767 1546 2822 οὐ
1571 2768 1887 2840 δυνάμενος.

317 2856 411 2912 Ἕν
436 2852 483 2927 ᾧ
511 2856 732 2929 φροντὶς
771 2858 872 2912 οὐκ
903 2857 1050 2914 ἐστιν
1081 2858 1170 2916 οἷα
1198 2859 1306 2915 τῶν
1337 2859 1605 2931 βασιλέων
1643 2861 1712 2917 τὰ
1740 2861 1847 2934 ἤθη
1871 2877 1890 2896 ο

299 2949 453 3014 τίνες
491 2950 547 3004 αἱ
595 2948 928 3022 νομοθεσίαι,
979 2946 1081 3006 οἷοι
1132 2951 1242 3006 τῶν
1283 2952 1502 3024 τρόπων
1553 2953 1604 3007 οί
1651 2952 1892 3010 ἐπὶτῶν

303 3041 496 3113 ἀρχῶν
541 3039 889 3111 τεταγμένοι,
931 3037 1020 3094 οἷα
1065 3040 1136 3094 τὰ
1187 3040 1608 3114 διαγράμματα,
1668 3040 1834 3104 πόσος
1861 3041 1891 3094 ό

305 3133 526 3204 tracto;
558 3131 722 3205 φόρος
739 3145 756 3162 ο
785 3130 910 3186 οὔτε
943 3132 992 3186 εί
1022 3131 1192 3205 πολλὴ
1217 3133 1440 3203 γέγονεν
1467 3131 1766 3204 ὲπομϐρία,
1793 3147 1894 3186 κα-

301 3223 652 3289 τακλύζουσα
697 3227 764 3296 τῇ
803 3224 1041 3296 ἀμετρίᾳ
1081 3223 1144 3279 τὸ
1189 3223 1626 3298 γεωργούμενον,
1678 3206 1804 3278 οὔτε
1842 3224 1892 3278 εί

1991 2034 2372 2092 reformidant.
2405 2033 2465 2088 ln
2491 2047 2601 2104 qua
2624 2047 2788 2088 nemo
2828 2031 3055 2087 inﬂatur
3084 2034 3343 2102 superbia
3373 2072 3388 2097 ,
3417 2048 3582 2088 nemo

1990 2127 2304 2186 humilitate
2360 2125 2732 2198 deprimitur,
2794 2139 2960 2180 nemo
3005 2122 3236 2180 θεῖοι-ιω·
3302 2124 3580 2190 audacia,

1990 2235 2154 2278 nemo
2217 2220 2422 2276 timore
2487 2219 2845 2283 concutitur,
2909 2230 3076 2273 nemo
3140 2231 3243 2271 nec
3292 2215 3583 2272 iracundia

1988 2319 2240 2390 aestuans
2271 2320 2326 2369 et
2371 2311 2659 2368 insaniens
2694 2308 3086 2375 excandescit,
3137 2324 3241 2365 nec
3267 2309 3584 2380 superantis

1989 2400 2258 2474 impetuin
2301 2403 2582 2460 sustinere
2616 2416 2729 2457 non
2765 2402 2958 2458 valens
2991 2409 3140 2458 metu
3179 2400 3582 2457 contremiscit.

1989 2491 2049 2548 In
2079 2507 2190 2565 qua
2232 2492 2384 2548 nulla
2419 2489 2774 2574 sollicitudo.
2798 2499 2923 2558 est,
2967 2489 3162 2560 quales
3225 2489 3339 2544 sint
3389 2503 3584 2560 regum

1989 2597 2174 2640 mores
2199 2623 2215 2649 ,
2245 2597 2277 2637 a
2308 2596 2550 2655 quonam
2595 2579 2848 2638 ferantur
2885 2581 3034 2652 leges
3055 2620 3072 2647 ,
3105 2579 3378 2652 quibusve
3408 2579 3584 2649 magi-

1991 2678 2198 2728 stratus
2245 2671 2710 2736 committantur,
2774 2682 2896 2739 quae
2947 2670 3169 2725 decreta
3215 2667 3348 2723 ﬁant
3376 2706 3392 2732 ,
3452 2683 3578 2738 quae

1990 2760 2296 2830 quotannis
2323 2760 2679 2828 imponantur
2704 2757 2912 2814 tributa
2932 2800 2948 2825 ,
2994 2767 3091 2814 aut
3119 2772 3188 2813 ne
3213 2755 3581 2812 immoderata

1991 2851 2255 2908 imbrium
2288 2849 2586 2906 multitudo
2628 2857 2749 2907 sata
2778 2849 3084 2921 deprimat,
3117 2848 3398 2921 grandove
3429 2847 3585 2902 labo-

1988 2961 2112 3002 rum
2147 2954 2532 3018 susceptorum
2573 2960 2729 3016 spem
2776 2944 3013 3010 auferat,
3045 2951 3139 2999 aut
3167 2943 3435 3007 siccitate,
3465 2954 3588 3012 qua:

1990 3044 2123 3092 nata
2165 3044 2336 3102 sunt,
2395 3045 2742 3093 exarescant.
2797 3035 3048 3091 Aliorum
3088 3036 3219 3090 item
3272 3033 3586 3096 malorum,

1992 3142 2113 3200 quae
2139 3126 2230 3182 hic
2266 3137 2397 3184 sunt
2419 3168 2434 3193 ,
2467 3127 2612 3197 apud
2645 3140 2743 3182 eos
2771 3126 2960 3181 nullus
3014 3134 3099 3181 est
3148 3125 3336 3179 timor.
3387 3120 3582 3192 Neque

1992 3227 2088 3276 aut
2137 3219 2396 3276 orbitatis
2427 3219 2656 3275 tristitia
2681 3242 2700 3284 ί
2737 3224 2834 3273 aut
2863 3217 3151 3273 viduitatis
3180 3215 3435 3272 molestia
3466 3228 3584 3284 per-

304 3316 523 3391 χάλαξα
555 3317 655 3383 τὰς
696 3317 918 3382 ἐλπίδας
942 3317 1050 3372 τῶν
1082 3317 1374 3388 γεωπόνων
1403 3315 1729 3390 ἠχρείωσεν,
1766 3314 1891 3370 οὔτε

1995 3314 2312 3370 turbantur.
2343 3312 2464 3368 Illic
2483 3327 2551 3368 ex
2579 3319 2690 3366 tam
2713 3310 2904 3366 multis
2933 3311 3250 3367 morborum
3289 3311 3589 3381 generibus

304 3408 360 3463 sl
392 3407 600 3479 αὐχμὸς
646 3409 1024 3481 ἐπικρατήσας
1055 3407 1412 3480 ἀποξηραίνει
1450 3409 1561 3462 πᾶν
1601 3407 1662 3461 τὸ
1687 3406 1897 3478 φυόμε-

303 3515 423 3555 νον.
462 3498 622 3554 Ἀλλά
676 3499 771 3553 καὶ
808 3498 916 3553 τῶν
958 3499 1161 3552 λοιπῶν
1207 3498 1302 3552 τοῦ
1335 3497 1451 3568 βίου
1495 3496 1684 3552 κακῶν
1716 3499 1898 3552 πᾶσαν

303 3590 496 3647 ἄδειαν
523 3590 658 3663 ἔχει.
695 3577 987 3663 Ὀρφανίας
1010 3607 1073 3646 τε
1108 3590 1218 3662 γὰρ
1252 3589 1314 3644 τὸ
1357 3587 1682 3660 σκυθρωπὸν
1710 3587 1773 3641 οὺ
1803 3586 1899 3641 λυ-

304 3687 406 3740 πεῖ
433 3685 532 3755 τὴν
576 3683 720 3757 ζωὴν
766 3684 1004 3756 ἐκείνην,
1035 3682 1107 3738 τὰ
1151 3685 1216 3738 ὲκ
1256 3681 1486 3754 χηρείας
1527 3680 1677 3736 κακά
1710 3677 1898 3752 χώραν

303 3776 411 3832 οὐκ
435 3776 578 3847 ἔχει’
615 3773 845 3846 ἀργοῦσι
865 3775 922 3830 δὲ
949 3775 1046 3830 καὶ
1069 3775 1127 3829 αί
1159 3773 1490 3847 πολύτροποι
1517 3772 1611 3828 τοῦ
1645 3771 1899 3844 σώματος

303 3869 633 3942 ἀρρωστίαι,
670 3869 812 3929 οἵτε
869 3868 1014 3923 κατά
1053 3867 1163 3922 τῶν
1217 3865 1632 3939 εὐημερούντων
1682 3863 1890 3936 φθόνοι,

303 3962 407 4019 καὶ
468 3964 523 4017 at
572 3962 714 4016 κατά
765 3960 874 4015 τῶν
933 3959 1394 4032 δυσπραγούντων
1429 3958 1744 4031 ὑπεροψίαι,
1797 3957 1895 4014 καὶ

304 4053 490 4112 πάντα
514 4053 586 4110 τὰ
625 4053 849 4111 τοιαῦτα
891 4051 994 4123 τῆς
1021 4050 1170 4123 ζωῆς
1209 4050 1784 4124 ὲκείνηςἜξώρισται*
1813 4051 1896 4104 ia-

1988 3405 2194 3477 quibus
2252 3418 2487 3475 corpora
2546 3411 2739 3459 nostra
2795 3411 3104 3466 vexantur,
3170 3402 3358 3458 nullus
3408 3403 3584 3458 adest.

1989 3493 2109 3550 Illic
2139 3508 2244 3549 nec
2277 3492 2533 3549 felicibus
2561 3490 2844 3547 invidetur
2864 3529 2880 3553 ,
2934 3503 3038 3546 nec
3073 3488 3458 3560 despiciuntur
3491 3503 3590 3545 ca-

1990 3584 2257 3642 lamitosi.
2311 3582 2517 3639 Omnes
2559 3582 2647 3638 bat
2703 3581 2982 3652 denique,
3037 3589 3095 3636 et
3140 3580 3196 3635 id
3236 3595 3410 3651 genus
3467 3579 3591 3635 alia:

1991 3675 2235 3734 miseria:
2292 3673 2498 3731 absunt
2563 3673 2634 3729 ab
2694 3672 2789 3728 illa
2846 3672 2959 3727 vita
3012 3686 3178 3743 quam
3235 3671 3583 3744 longissime.

1991 3769 2201 3828 Contra
2237 3783 2366 3824 vero
2383 3766 2528 3837 juris
2548 3774 2604 3822 et
2628 3766 2810 3838 legum
2836 3765 3184 3836 aequabilitas
3206 3778 3332 3820 cum
3370 3778 3588 3818 summa

1995 3863 2252 3920 libertate
2283 3869 2338 3917 et
2367 3874 2503 3931 pace
2532 3858 2591 3915 in
2620 3873 2687 3915 eo
2722 3859 3036 3914 animorum
3073 3857 3275 3928 populo
3301 3863 3588 3919 versatur,

1997 3968 2124 4011 cum
2155 3952 2292 4009 illud
2321 3952 2558 4024 quisque
2584 3950 2786 4008 habeat
2805 3991 2820 4018 ,
2849 3949 2999 4022 quod
3025 3948 3296 4021 cujusque
3325 3947 3590 4004 voluntas

1999 4053 2248 4119 ereptat.

303 4146 508 4222 ηγορία
529 4147 588 4202 δέ
624 4165 707 4212 τις
746 4147 841 4202 καὶ
885 4144 1132 4217 ἰσονομία
1171 4144 1260 4200 διὰ
1296 4145 1479 4214 πάσης
1514 4143 1831 4216 ἐλευθερίας
1871 4140 2181 4214 εἰρηνικῆς,
2211 4138 2292 4205 τῷ
2336 4136 2446 4193 τῶν
2486 4133 2677 4208 ψυχῶν
2713 4133 2874 4207 δήμῳ
2909 4129 3383 4206 συμπολιτεύεταιο
3414 4128 3591 4182 έκεῖνο

307 4243 540 4304 ἑκάστου
566 4240 800 4312 ἔχοντος,
825 4241 963 4312 ὅπερ
1000 4241 1067 4296 ἂν
1082 4238 1262 4312 ἑαυτῷ
1299 4239 1566 4310 ἑτοιμάσῃ
1597 4238 1665 4292 ὲκ
1697 4235 2095 4308 προαιρέσεως.

379 4337 447 4395 Et
475 4338 532 4393 δέ
559 4355 610 4393 τι
636 4339 816 4410 χεῖρον
849 4337 913 4393 ἔκ
937 4353 1084 4402 τινος
1111 4335 1369 4401 ἀϐουλίας
1401 4334 1892 4407 τινὶ-παρασκευαί-

307 4427 414 4502 σοῇ
436 4429 557 4485 ἀντὶ
575 4428 668 4484 τοῦ
690 4429 1016 4498 κρείττονος,
1043 4428 1284 4492 ἀναίτιος
1312 4425 1422 4481 τῶν
1450 4423 1708 4480 τοιούτων
1737 4425 1766 4478 ό
1797 4421 1894 4477 θά-

305 4538 494 4586 νατος,
527 4520 648 4575 κατ’
681 4519 930 4586 ἐξουσίαν
959 4519 1019 4574 τὸ
1055 4519 1248 4574 δοκοῦν
1275 4519 1529 4590 ἑλόμενος
1558 4517 1659 4588 τῆς
1697 4531 1893 4588 προαι-

308 4614 540 4687 ρέσεως.
582 4604 756 4684 ’Υπὲρ
786 4612 930 4677 τίνος
964 4608 1059 4665 οὖν
1083 4610 1527 4682 δυσχεραίνουσιν
1554 4609 1605 4662 oi
1638 4605 1897 4680 θρηνοῦν-

2061 4325 2220 4394 Quod
2255 4325 2301 4382 si
2332 4325 2458 4396 quis
2494 4324 2566 4380 ob
2618 4322 2864 4393 inopiam
2911 4317 3150 4384 consilii,
3193 4330 3258 4371 ac
3297 4313 3588 4372 stultitiam

1988 4435 2146 4477 suam
2180 4433 2282 4490 pro
2327 4419 2474 4473 bono
2515 4415 2722 4470 malum
2765 4413 3054 4485 amplexus
3094 4411 3190 4478 sit,
3225 4408 3432 4464 nullam
3464 4405 3590 4477 eius

1987 4513 2073 4570 rei
2115 4527 2266 4568 mors
2311 4509 2529 4580 culpam
2572 4507 2872 4574 sustineat,
2921 4521 3046 4561 cum
3092 4503 3328 4560 liberum
3386 4500 3591 4571 cuique

1991 4603 2183 4670 fuerit,
2216 4601 2365 4673 quod
2407 4599 2574 4656 vellet
2600 4599 2825 4669 eligere.
2857 4595 2970 4650 Cur
3002 4595 3171 4667 igitur
3204 4598 3459 4657 moerent,
3494 4589 3588 4661 qui

305 4681 404 4768 τες
433 4703 526 4756 τὸν
551 4681 941 4774 ἀποιχόμενον;
967 4702 1076 4755 Καὶ
1107 4681 1214 4774 μὴν
1245 4704 1294 4756 εί
1324 4698 1672 4756 παντάπασιν
1697 4696 1891 4752 ἐκαθά-

1998 4695 2271 4752 obeuntes
2300 4688 2794 4748 lamentationibus
2821 4684 3278 4759 prosequuntur?
3296 4684 3458 4739 Certe
3480 4681 3589 4737 nisi

309 4813 473 4872 ρευεν
503 4795 682 4867 πάσης
715 4793 996 4866 ἑμπαθοῦς
1022 4793 1312 4858 διαθέσεως
1332 4793 1362 4847 ό
1388 4789 1891 4862 ωναποδυσάμενος

2002 4787 2072 4843 ab
2102 4783 2250 4841 omni
2280 4782 2690 4854 perturbatione
2731 4779 2890 4835 liberi
2925 4785 3136 4842 essent,
3175 4774 3269 4846 qui
3298 4787 3405 4828 una
3459 4786 3586 4826 cum

307 4889 413 4957 τὴν
455 4887 647 4959 ἡδονήν
682 4903 742 4940 τε
786 4886 881 4940 καὶ
923 4887 1022 4958 τὴν
1067 4885 1246 4957 λύπην
1295 4883 1435 4955 μετὰ
1475 4882 1571 4959 τοᾷ
1620 4879 1889 4952 σώματος’

305 4953 520 5041 ἐκεῖνος
553 4953 619 5031 ἂν
644 4953 989 5048 δικαιότερον
1020 4976 1147 5039 τοὺς
1178 4953 1468 5045 περιόντας
1500 4953 1821 5044 ἐθρήνησεν,
1844 4968 1895 5022 οἳ

304 5067 508 5121 ταύτὸν
541 5066 812 5138 πάσχουσι
840 5064 951 5129 τοῖς
984 5067 1042 5119 ὲν
1073 5063 1432 5136 δεσμωτηρίῳ
1459 5063 1764 5131 διάγουσιν·
1799 5057 1896 5123 οὓς

305 5163 345 5232 ἡ
380 5159 515 5231 πρὸς
537 5159 609 5213 τὰ
636 5157 937 5231 σκυθρωπὰ
964 5157 1222 5230 συνήθεια
1241 5197 1255 5223 ,
1279 5158 1375 5211 καὶ
1401 5158 1435 5228 ὴ
1469 5155 1768 5227 συντροφία
1799 5152 1893 5208 τοῦ

307 5248 501 5316 ζόφου,
545 5249 816 5320 προσηνές
863 5264 922 5302 τε
957 5249 1053 5303 καὶ
1097 5248 1299 5303 ἄλυπον
1334 5247 1396 5302 τὺ
1428 5247 1604 5320 παρὸν
1654 5245 1897 5316 νομίζειν

306 5317 719 5410 istcinest—Kal.
737 5339 898 5411 τυχὸν
918 5341 1160 5394 κάκεῖνοι
1181 5341 1292 5403 τοῖς
1315 5339 1415 5408 τῆς
1436 5317 1680 5408 φυλακῆς
1705 5335 1871 5390 ἐκϐαλ
1885 5365 1898 5376 ο

305 5429 563 5501 λομένοις
605 5429 1129 5501 ὲπιστυγνάζουσιν,
1162 5429 1358 5502 ἀγνοίᾳ¹
1397 5428 1498 5499 τῆς
1543 5425 1898 5497 φαιδρότητος

303 5519 416 5591 τῆς
455 5519 818 5592 ὶκδεχομένης
855 5521 983 5584 τοὺς
1025 5520 1439 5588 ἀπαλλαγέντας
1478 5516 1572 5570 τοῦ
1603 5515 1788 5586 ζόφου.
1833 5515 1897 5568 Et

289 5611 420 5685 γὰρ
439 5611 634 5684 ᾔδεσαν
658 5611 729 5665 τά
751 5613 810 5666 ὲν
836 5612 912 5684 τῷ
933 5612 1185 5683 ὑπαίθρῳ
1214 5612 1485 5682 θεάματα,
1517 5610 1578 5665 τό
1601 5627 1662 5663 τε
1682 5608 1892 5676 αἴθριον

306 5699 528 5768 κάλλος,
555 5704 652 5760 καὶ
676 5703 738 5756 τὸ
757 5704 1006 5776 οὐράνιον
1037 5703 1192 5775 ὕψος,
1221 5705 1314 5759 καὶ
1337 5704 1434 5768 τὰς
1454 5702 1564 5757 τῶν
1591 5701 1775 5772 φωστή
1784 5717 1892 5772 ρων

306 5796 508 5866 αὐγὰς,
545 5797 644 5867 τήν
670 5812 730 5848 τε
763 5796 869 5850 τῶν
917 5798 1161 5867 ἀστέρων
1198 5797 1416 5868 χορείαν
1437 5839 1452 5862 ,
1491 5796 1583 5849 καὶ
1612 5794 1890 5865 περιόδους

309 5884 566 5954 ἡλιακὰς.
595 5886 689 5948 καὶ
715 5885 804 5942 τὸν
836 5887 1114 5959 σεληναῖον
1146 5888 1365 5960 δρόμον,
1394 5887 1485 5942 καὶ
1516 5886 1612 5959 τὴν
1641 5884 1890 5955 πολυειδῆ

2002 4893 2237 4949 corpore
2270 4877 2605 4948 voluptatem
2646 4880 2702 4929 et
2735 4871 2983 4928 dolorem
3049 4874 3342 4932 exuerunt,
3375 4862 3588 4933 aequius

2003 4969 2082 5025 illi
2112 4968 2440 5039 superstites
2471 4966 2890 5028 miserarentur,
2921 4975 3047 5016 cum
3079 4974 3189 5014 non
3221 4957 3380 5011 aliter
3406 4951 3585 5007 affecti

2001 5063 2132 5129 sint,
2165 5076 2330 5132 quam
2364 5061 2404 5116 ii
2447 5059 2542 5130 qui
2575 5059 2629 5112 in
2664 5070 2888 5112 carcere
2929 5051 3176 5109 conclusi
3209 5051 3422 5104 vivunt.
3467 5043 3586 5099 Mu-

2001 5161 2095 5208 tua
2123 5153 2271 5209 enim
2301 5166 2391 5207 res
2421 5163 2648 5220 asperas
2703 5141 3082 5218 perpetiendi,
3127 5140 3182 5194 in
3235 5135 3585 5205 tenebrisque

1992 5242 2214 5298 vivendi
2246 5238 2651 5297 consuetudine
2675 5234 2939 5300 devincti,
2974 5229 3319 5300 deceptique,
3351 5226 3582 5282 molesta

1991 5341 2050 5390 et
2081 5333 2386 5404 injucunda
2422 5347 2534 5389 non
2568 5338 2790 5403 putant,
2820 5341 2944 5398 qua:
2969 5325 3279 5396 perferunt.
3315 5321 3506 5390 itaque
3533 5318 3582 5375 si

1994 5427 2088 5499 qui
2155 5427 2453 5496 ejiciautur
2499 5441 2531 5482 e
2589 5437 2832 5487 carcere,
2881 5432 3070 5474 eorum
3127 5415 3304 5470 vicem
3347 5412 3584 5478 fortasse

1996 5519 2191 5587 reliqui
2219 5518 2429 5584 dolent,
2451 5514 2763 5588 ignorantia
2789 5508 3100 5581 splendoris
3132 5507 3280 5562 illius
3322 5503 3389 5560 ad
3419 5517 3582 5574 quem

1999 5610 2251 5676 veniunt,
2284 5609 2380 5680 qui
2421 5608 2491 5663 ab
2519 5621 2711 5668 eorum
2737 5602 2982 5660 tenebris
3013 5598 3325 5655 discedunt.
3367 5592 3583 5650 Etenim

2002 5697 2047 5753 si
2077 5713 2198 5769 quae
2233 5698 2337 5754 sub
2364 5697 2453 5753 die
2484 5694 2800 5768 spectacula
2821 5697 3145 5754 cernuntur,
3170 5685 3579 5759 cognovissent,

2001 5789 2043 5846 si
2078 5789 2539 5861 pulchritudinem
2574 5787 2817 5851 aetheris,
2853 5784 2898 5840 si
2942 5783 3067 5840 coeli
3089 5779 3505 5838 sublimitatem,
3533 5773 3581 5830 si

2003 5882 2235 5938 nitorem
2279 5881 2541 5951 siderum,
2593 5880 2879 5938 stellarum
2931 5876 3184 5942 choreas,
3231 5871 3364 5928 solis
3409 5863 3582 5922 ambio
