4026 6462
455 454 563 510 507
1711 466 1765 522 s.
1809 468 2139 526 cnecoau
2170 473 2468 532 stsam
3486 471 3495 483 '
3615 484 3732 544 sos

455 581 590 638 tum,
627 570 877 642 lunaeque
907 588 1166 644 cursum;
1191 579 1237 635 si
1270 555 1481 646 eorum,
1516 597 1638 653 quae
1664 594 1804 640 terra
1835 590 2029 659 gignit,

2159 592 2234 664 γῆς
2274 597 2379 665 γῆς
2413 597 2472 648 έν
2501 597 2613 660 τοῖς
2647 595 3020 669 βλαστήμασιν
3056 597 3225 669 ῶραν,
3263 596 3358 650 καὶ
3388 595 3489 670 τὴν
3538 597 3736 669 ἡδεῖαν

456 671 569 717 tam
604 665 752 720 varia
781 668 1121 742 pulchraque
1157 687 1392 742 genera,
1438 676 1485 730 si
1522 677 1829 745 jucundum
1864 685 2033 741 maris

2159 687 2235 754 τῆς
2266 684 2542 756 θαλάσσης
2567 665 2709 756 ὄψιν,
2731 688 2789 740 έν
2813 665 3063 741 λειοειδετ
3088 665 3155 757 τῇ
3180 685 3322 757 αὐγῇ
3351 685 3418 739 δι’
3443 665 3727 757 ηρεμαίου

455 765 762 828 aspectum,
795 776 918 817 cum
970 764 1136 820 nullis
1171 775 1458 822 ventorum
1490 768 1711 827 ﬂatibus
1756 776 2030 842 turbatur,

2159 774 2228 828 τοῦ
2286 774 2596 844 πνεύματος
2639 776 2937 849 γλαφυρῶς
2986 775 3454 848 ὲπιφρίσσουσαν,
3506 775 3617 828 τῶν
3659 792 3733 827 τε

457 850 781 927 sedleniter
813 855 1110 926 crispatur,
1139 867 1193 912 et
1223 865 1479 930 tanquam
1504 863 1732 931 pulchre
1755 864 2032 936 depictum

2159 866 2278 921 ιατὰ
2302 865 2402 930 τὰς
2425 867 2607 931 πόλεις
2638 867 3085 938 οἰκοδομημάτων
3113 866 3182 920 τά
3209 864 3402 936 κάλλη,
3428 865 3496 920 τά
3529 881 3586 918 τε
3614 865 3735 920 ῐδια

457 943 744 1012 splendet:
771 947 816 1002 si
848 949 1076 1017 pulchra
1104 958 1215 1003 tum
1245 950 1454 1020 privata
1483 959 1599 1007 tum
1628 955 1847 1024 publica
1869 957 2036 1014 aedili-

464 1036 575 1099 cia,
609 1037 810 1106 quibus
859 1040 1163 1112 magniﬁca:
1212 1059 1276 1099 ac
1319 1045 1619 1115 splendidae
1652 1049 1906 1108 civitates
1940 1067 2038 1107 ex-

464 1135 772 1185 ornantur:
810 1131 947 1200 haec,
985 1132 1228 1202 inquam,
1271 1143 1325 1190 et
1368 1137 1453 1194 his
1497 1138 1698 1195 similia
1740 1141 1787 1197 si
1832 1156 2040 1213 cogno-

460 1220 694 1287 vissent,
738 1223 831 1292 qui
869 1223 923 1278 in
963 1240 1180 1281 carcere
1211 1227 1584 1294 continentur,
1635 1246 1745 1287 non
1789 1233 2041 1291 dolerent

462 1310 638 1366 vicem
670 1328 882 1379 eorum,
917 1316 1012 1386 qui
1041 1318 1254 1386 priores
1277 1338 1308 1376 e
1331 1322 1583 1377 custodia
1622 1324 1836 1381 dimissi
1888 1333 2038 1395 sunt,

463 1410 724 1474 tanquam
749 1419 777 1458 a
797 1405 942 1462 bono
961 1408 1147 1480 aliquo
1165 1409 1558 1470 discessissent
1580 1433 1593 1469 :
1621 1423 1814 1471 contra
1833 1418 2038 1487 potius,

464 1495 556 1562 qui
590 1497 798 1566 egressi
831 1508 1038 1564 essent,
1073 1500 1331 1557 miseram
1361 1503 1666 1562 infelicium
1697 1507 2040 1565 inclusorum

462 1584 629 1640 vitam
678 1589 1230 1646 commiserarentur.
1275 1591 1478 1648 Eodem
1539 1596 1704 1652 modo
1748 1598 1842 1669 qui
1880 1600 2042 1658 istius

2137 957 2234 1012 καὶ
2263 957 2334 1011 τὰ
2353 958 2607 1029 δημόσια,
2635 959 2702 1013 δι’
2732 953 2808 1016 ὧν
2831 961 2888 1012 ai
2915 958 3165 1030 λαμπραί
3195 974 3254 1010 τε
3277 959 3372 1011 καὶ
3405 957 3734 1022 πολυτελεῖς

2137 1051 2246 1105 τῶν
2276 1051 2486 1106 πόλεων
2523 1051 2989 1117 καλλωπίζονται·
3024 1053 3073 1104 εί
3100 1049 3276 1105 ταῦτα
3305 1051 3483 1103 τοίνυν
3523 1050 3728 1122 ᾔδεσαν

2141 1145 2236 1199 καὶ
2272 1144 2341 1197 τὰ
2369 1143 2591 1199 τοιαῦτα
2630 1145 2681 1198 οἱ
2713 1142 3058 1214 ένταχθέντες
3089 1140 3168 1212 τῷ
3195 1141 3557 1212 δεσμωτηρίῳ
3577 1183 3592 1208 ,
3625 1143 3734 1196 οὐκ

2141 1236 2208 1291 ἂν
2247 1237 2374 1300 τοὺς
2409 1238 2473 1289 ὲκ
2511 1237 2612 1308 τῆς
2649 1234 2900 1305 φυλακῆς
2944 1233 3355 1305 προαγομένους
3397 1233 3473 1296 ὡς
3517 1234 3734 1300 ἀγαθοῦ

2140 1347 2284 1394 τινος
2325 1327 2728 1401 χωριζομένους
2765 1326 3217 1398 ἀπωλοφύροντο·
3267 1323 3402 1396 ὅπερ
3449 1320 3544 1377 οὖν
3581 1324 3737 1388 είκδς

2141 1419 2267 1482 τοὺς
2293 1418 2398 1484 ἔξω
2426 1418 2521 1472 τοῦ
2563 1417 2937 1488 δεσμωτηρίου
2968 1416 3098 1486 περὶ
3135 1413 3243 1469 τῶν
3273 1414 3352 1466 ἔτι
3394 1415 3739 1485 καθειργμέ-

2142 1527 2248 1564 νων
2272 1509 2617 1574 διανοεῖσθαι,
2650 1509 2726 1572 ὡς
2755 1508 2962 1579 έλεεινῇ
2997 1505 3630 1578 προσταλαιπωρούντων
3661 1507 3736 1576 τῇ

2145 1597 2280 1669 ζωῇ.
2329 1597 2486 1653 Οὕτω
2521 1616 2610 1671 μοι
2644 1598 2862 1652 δοκοῦσι
2900 1597 2997 1652 καὶ
3045 1598 3096 1650 oi
3124 1598 3227 1668 τῆς
3256 1596 3348 1650 τοῦ
3383 1597 3497 1667 βίου
3536 1596 3737 1649 τούτου

464 1677 590 1732 vitae
618 1693 840 1736 carcere
865 1680 1082 1737 liberati
1112 1691 1265 1750 sunt,
1295 1685 1342 1742 si
1366 1687 1481 1742 ﬁeri
1508 1696 1782 1759 potest,ut
1806 1691 2044 1750 dolendo

2159 1689 2394 1761 ρυλακῆς
2420 1688 2526 1755 ἔξω
2555 1687 2832 1760 γινόμενοι
2852 1729 2868 1753 ,
2898 1688 3058 1760 εἴπερ
3086 1687 3222 1751 ὅλως
3262 1687 3488 1740 δυνατὸν
3520 1683 3592 1757 ἦν
3636 1687 3743 1740 αύ-

466 1769 936 1843 lacrymandoque
966 1789 1124 1830 suam
1151 1791 1280 1848 erga
1324 1778 1680 1837 calamitosos
1726 1784 2046 1840 misericor-

2159 1783 2259 1846 εοῖς
2295 1781 2382 1836 διὰ
2417 1780 2665 1852 δακρύων
2699 1779 3034 1844 ἐνδείξασθαι
3071 1779 3170 1850 τὴν
3220 1778 3354 1850 πρὸς
3392 1779 3520 1841 τοὺς
3563 1796 3741 1831 κακο-

466 1856 612 1912 diam
639 1862 952 1928 ostendant,
990 1866 1246 1921 videntur
1285 1868 1418 1923 mihi
1457 1871 1948 1932 lamentationibus
1989 1883 2045 1933 et

2159 1870 2456 1936 παθοῦντας
2489 1861 2834 1942 συμπάθειαν
2853 1911 2869 1937 ,
2901 1869 3120 1942 θρηνεῖν
3147 1868 3242 1922 καὶ
3269 1867 3526 1940 δακρύειν
3553 1868 3650 1921 τὸν
3679 1869 3742 1921 ὲν

466 1948 724 2020 lacrymis
769 1953 1148 2010 commiserari
1181 1957 1553 2016 conditionem
1585 1961 1828 2031 illorum,
1861 1966 1959 2036 qui
1989 1965 2048 2020 in

2159 1968 2271 2030 ταῖς
2293 1965 2508 2029 ὀδύναις
2538 1931 2632 2020 τοῦ
2663 1965 2778 2036 βίου
2806 1931 3004 2020 τούτου
3029 1963 3510 2036 παρατεινόμενον,
3541 1963 3627 2016 ὅτι
3663 1963 3743 2034 μὴ

465 2039 628 2096 istius
667 2042 793 2098 vitae
819 2044 1089 2101 molestiis
1122 2061 1186 2103 ac
1219 2048 1506 2109 doloribus
1539 2051 1876 2122 detinentur,
1903 2056 2050 2127 quod

2159 2057 2319 2131 δρῶσι
2349 2058 2420 2113 τὰ
2441 2057 2790 2130 ὑπερκόσμιά
2811 2075 2869 2112 τε
2897 2057 2992 2111 καὶ
3019 2057 3157 2112 άύλα
3189 2054 3382 2126 κάλλη,
3410 2054 3641 2126 θρόνους
3680 2071 3745 2107 τε

465 2146 556 2187 res
595 2133 719 2189 illas
744 2135 1165 2206 pulcherrimas,
1196 2148 1252 2196 et
1285 2155 1316 2195 a
1347 2143 1577 2200 materia
1611 2147 2048 2215 remotissimae,

464 2237 587 2293 qua:
617 2239 786 2294 supra
818 2228 1083 2285 mundum
1120 2231 1270 2288 hunc
1309 2243 1462 2300 sunt,
1521 2251 1635 2292 non
1679 2239 2047 2310 conspiciant,

465 2331 663 2386 nempe
703 2317 953 2385 thronos,
999 2322 1371 2392 principatus,
1413 2327 1840 2397 dominationes,
1884 2347 2053 2403 ange-

2150 2150 2479 2222 καὶάρχὰς,
2524 2149 2794 2215 ἐξουσίας,
2836 2149 2931 2203 καὶ
2964 2147 3312 2220 κυριότητας,
3348 2146 3443 2199 καὶ
3477 2145 3749 2214 στρατιάς

2150 2237 2449 2306 ἀπελικάς
2469 2237 2566 2292 καὶ
2588 2237 2904 2309 ἐκκλησίας,
2934 2237 3031 2292 καὶ
3055 2237 3155 2307 τὴν
3184 2236 3296 2291 ἄνω
3321 2235 3497 2300 πόλιν,
3523 2234 3621 2288 καὶ
3640 2233 3748 2305 τὴν

2155 2326 2548 2400 ὑπερουράνιον
2575 2327 2686 2383 τῶν
2719 2327 3234 2400 ἀπογεγραμμένων
3277 2327 3611 2396 πανήγυριν.
3670 2323 3752 2379 re

467 2410 648 2466 lorum
672 2414 974 2481 exercitus,
1001 2415 1334 2487 piorumque
1370 2426 1574 2485 cretus,
1626 2436 1694 2478 ac
1735 2437 2051 2494 supremam

2159 2419 2263 2492 γάρ
2295 2421 2688 2493 ὑπερκείμενον
2733 2421 2938 2474 τούτων
2989 2419 3205 2486 κάλλος,
3241 2419 3269 2472 δ
3301 2420 3430 2482 τοὺς
3467 2418 3750 2489 καθαροὺς

472 2501 622 2556 illam
669 2504 988 2570 civitatem,
1054 2507 1584 2580 celeberrimumque
1631 2528 1798 2583 supra
1853 2515 2053 2570 cmlum

2159 2515 2220 2584 τῇ
2245 2513 2442 2585 καρδίᾳ
2469 2512 2687 2583 βλέπειν
2710 2517 2740 2568 ὁ
2759 2512 2997 2583 ἀψευδὴς
3017 2513 3335 2581 ἀπεφήνατο
3357 2511 3535 2580 λόγος,
3559 2511 3746 2580 κρεῖτ-

471 2603 804 2651 conventum
838 2597 1081 2663 illorum,
1113 2599 1210 2669 qui
1243 2595 1298 2658 in
1327 2616 1394 2656 ea
1429 2601 1692 2674 descripti
1729 2613 1881 2660 sunt.
1915 2604 2054 2660 Nam

2159 2606 2246 2660 τόν
2281 2623 2342 2659 τε
2387 2606 2568 2677 πάσης
2610 2605 2825 2670 ἐλπίδος
2859 2605 2998 2670 ἐστὶ,
3038 2605 3134 2658 καὶ
3166 2603 3269 2674 τῆς
3312 2605 3378 2657 ὲκ
3419 2594 3754 2673 στοχασμῶν

466 2685 584 2752 illa,
617 2702 738 2768 qua:
771 2687 859 2744 his
886 2690 1146 2747 omnibus
1183 2699 1424 2762 praestat,
1463 2693 1843 2763 pulchritudo,
1887 2712 2054 2768 quam

2159 2697 2406 2761 εἰκασίας
2431 2696 2722 2769 ἀνώτερον.
2759 2696 2834 2751 Οὐ
2861 2696 3021 2750 τοῦτο
3051 2696 3110 2749 δέ
3148 2694 3308 2766 μόνον
3341 2692 3666 2764 στεναγμῶν
3689 2709 3752 2746 τε

466 2778 538 2834 ab
571 2779 662 2845 iis,
703 2781 799 2851 qui
838 2782 1045 2838 mundo
1084 2791 1214 2839 sunt
1259 2784 1429 2840 corde
1464 2785 1504 2851 ¹,
1544 2787 1785 2858 perspici
1818 2791 2056 2846 asseruit

2159 2791 2253 2846 καὶ
2293 2791 2474 2861 λύπης
2509 2789 2660 2855 ἀξιον
2704 2790 2790 2859 ἐφ’
2829 2790 2964 2860 ἡμῖν
3001 2789 3114 2852 τοῖς
3147 2786 3478 2858 μεταστᾶσιν
3521 2784 3589 2838 ἂν
3625 2785 3752 2838 Evo-

467 2870 563 2940 qui
587 2886 699 2928 non
732 2874 1020 2942 mentitur,
1067 2875 1246 2946 major
1279 2885 1390 2946 est,
1437 2893 1606 2948 quam
1640 2881 1749 2935 ulla
1792 2895 1890 2952 spe
1921 2897 2055 2938 con-

2161 2882 2351 2954 μίσθη,
2380 2882 2495 2937 ἀλλ’
2518 2883 2602 2936 ὅτι
2640 2880 2912 2935 τοσούτων
2945 2877 3211 2947 ἀλγεινῶν
3236 2877 3639 2949 περικειμένων
3671 2875 3755 2945 τῷ

464 2961 750 3032 jecturave
780 2966 998 3035 concipi
1043 2966 1242 3026 valeat.
1283 2967 1471 3038 Neque
1515 2986 1646 3026 vero
1681 2970 1736 3025 id
1781 2973 1960 3027 solum
1999 2974 2056 3028 in

2159 2973 2281 3043 βίῳ,
2311 2971 2548 3043 τοσαύτη
2570 2989 2655 3034 τις
2676 2969 2965 3040 ἐντέτηκεν
2991 2967 3174 3030 αὐτοῖς
3192 2968 3225 3036 ἡ
3252 2966 3381 3036 περὶ
3403 2965 3472 3020 τά
3496 2964 3754 3036 μοχθηρά

469 3049 633 3104 nobis
662 3051 890 3121 gemitu,
929 3052 1232 3124 doloreque
1266 3056 1491 3126 dignum
1534 3066 1750 3127 putant,
1797 3061 1894 3130 qui
1928 3061 2057 3117 hinc

2161 3063 2520 3127 συνδιάθεσις,
2549 3063 2632 3116 ὅτι
2669 3062 2769 3132 οὐχ
2805 3061 2882 3124 ὡς
2915 3058 3221 3128 ἀναγκαίαν
3249 3057 3371 3110 τινά
3401 3056 3758 3126 λειτουργίαν
3789 3079 3800 3087 ·

469 3140 849 3212 decesserunt,
870 3145 968 3200 sed
985 3145 1160 3200 multo
1184 3147 1382 3218 magis,
1408 3149 1555 3218 quod
1578 3165 1702 3206 cum
1729 3159 1841 3205 tam
1869 3153 2057 3210 multis

2159 3154 2255 3226 τὴν
2295 3151 2602 3226 προσϐολὴν
2630 3151 2810 3208 αὐτῶν
2837 3147 3114 3220 φέρουσιν,
3153 3145 3268 3200 ἀλλ’
3293 3146 3440 3207 ὅπως
3479 3143 3543 3197 ἂν
3571 3144 3654 3206 είς
3692 3141 3756 3194 τὸ

447 3234 742 3292 ,ωτυιιιηίε
797 3236 1146 3307 miseriisqne
1185 3237 1389 3295 referta
1429 3240 1504 3294 sit
1551 3243 1868 3298 mortalium
1919 3244 2053 3310 vita,

2159 3246 2407 3318 διηνεκὲς
2435 3243 2745 3317 παραμένοι
2767 3241 2959 3304 ταῦτα,
2989 3239 3089 3310 τὴν
3129 3236 3364 3308 σπουδὴν
3398 3233 3757 3308 περιποιοῦν-

473 3336 660 3384 tamen
690 3344 786 3386 eas
816 3329 1129 3400 perferendi
1149 3335 1551 3390 consuetudine
1581 3335 1664 3391 sic
1686 3335 1868 3391 ati‘ecti
1902 3345 2053 3404 sunt,

471 3425 533 3473 ut
564 3418 780 3474 vivendi
835 3435 1047 3476 moram
1105 3420 1356 3492 nonjam
1426 3422 1531 3478 sibi
1576 3429 1638 3478 ut
1687 3423 2056 3480 necessariam

472 3510 813 3568 tolerandam
847 3513 1206 3580 existiment,
1256 3515 1354 3572 sed
1405 3515 1553 3570 omni
1601 3515 1789 3570 studio
1831 3523 2059 3572 conten-

471 3601 634 3670 dunt,
667 3612 722 3659 et
753 3613 1036 3676 exoptant,
1073 3617 1133 3662 ut
1157 3614 1420 3680 perpetua
1462 3609 1558 3664 sit.
1599 3607 1736 3663 Nam
1783 3610 2058 3681 cupiditas

471 3693 838 3766 principatus,
869 3705 926 3754 et
955 3712 1146 3770 opum,
1203 3705 1259 3755 et
1315 3699 1686 3770 voluptatum,
1719 3709 1776 3757 et
1817 3702 1865 3758 si
1925 3702 2060 3773 quid

473 3786 626 3841 aliud
654 3795 921 3857 praeterea
968 3797 1089 3854 est,
1137 3790 1499 3861 quamobrem
1543 3807 1698 3847 arma
1741 3793 2056 3864 capiantur,

475 3884 741 3946 gerantur
771 3876 936 3944 bella,
968 3879 1148 3937 caedes
1183 3879 1335 3946 ﬁant,
1363 3896 1669 3952 omnesque
1696 3883 1936 3942 miseria:
1963 3899 2061 3942 vo-

475 3971 730 4029 luntaria:
764 3974 1111 4045 contingant,
1150 3983 1208 4033 et
1243 3975 1464 4034 fraudes
1501 3976 1887 4046 admittaatur,
1927 3980 2060 4051 quid

477 4063 626 4118 aliud
673 4073 827 4131 sunt,
889 4066 999 4122 nisi
1049 4068 1308 4123 cumulus
1362 4067 1586 4138 quidam
1659 4069 2058 4138 calamitatum,

476 4170 640 4226 quem
685 4157 809 4216 vitae
838 4171 938 4229 per
987 4173 1048 4216 se
1099 4159 1320 4216 miserae
1366 4159 1669 4224 voluntate,
1725 4161 1938 4228 studio,
1997 4177 2065 4219 ac

477 4250 708 4307 libidine
737 4267 839 4307 sua
869 4250 1125 4308 infelices
1157 4251 1500 4324 adjungunt?
1527 4251 1794 4308 Caeterum
1830 4269 1931 4309 nec
1980 4255 2062 4310 la-

476 4341 761 4412 crymandi
793 4343 898 4409 vis,
934 4358 1037 4398 nec
1065 4342 1174 4400 ulla
1197 4342 1473 4414 ejusmodi
1503 4341 1721 4400 aﬂ‘ecﬂo
1771 4345 1930 4400 adest
1992 4346 2062 4402 iis

477 4435 575 4505 qui
603 4451 674 4491 ex
705 4436 810 4492 hac
842 4435 956 4500 vita
983 4438 1296 4508 migrarunt
1321 4455 1336 4495 :
1364 4447 1421 4494 et
1445 4438 1540 4508 qui
1568 4453 1600 4493 a
1634 4453 1802 4494 carne
1840 4448 1898 4496 et
1934 4455 2065 4496 san-

480 4525 646 4596 guine
681 4526 918 4596 sejuncti
958 4537 1114 4595 sunt,
1144 4544 1262 4595 non
1293 4531 1459 4595 mole.
1503 4530 1602 4588 sed
1651 4539 1836 4587 mente
1872 4533 2063 4589 consi-

2159 3356 2270 3392 ται.
2306 3339 2372 3392 Ἡ
2398 3337 2510 3410 γὰρ
2541 3336 2670 3408 περὶ
2699 3334 2801 3397 τὰς
2836 3331 3156 3393 δυναστείας
3186 3347 3246 3383 τε
3285 3329 3384 3381 καὶ
3415 3324 3754 3392 πλεονεξίας,

2159 3431 2255 3488 καὶ
2291 3433 2390 3496 τὰς
2421 3427 2832 3489 άπολαυστικάς
2858 3423 3063 3487 ταύτας
3087 3419 3424 3492 λαιμαργίας
3448 3417 3718 3488 ἐπιθυμία
3738 3456 3754 3479 ,

2159 3525 2257 3578 καὶ
2294 3524 2348 3577 εῐ
2371 3541 2425 3577 τι
2462 3523 2590 3577 ἄλλο
2635 3516 2878 3574 τοιοῦτον
2913 3513 3309 3579 σπουδάζεται,
3341 3505 3419 3566 ὧν
3451 3509 3612 3581 χάριν
3657 3507 3758 3561 καὶ

2159 3615 2329 3681 ὅπλα,
2373 3613 2469 3668 καὶ
2512 3612 2772 3679 πόλεμοι,
2809 3609 2908 3664 καὶ
2949 3604 3351 3677 ἀλληλοφονίαι,
3391 3601 3489 3654 καὶ
3525 3601 3678 3653 πᾶσα
3718 3601 3756 3671 ἡ

2161 3706 2426 3770 ἑκουσίως
2453 3701 2825 3776 ἐνεργουμένη
2853 3697 3196 3770 ταλαιπωρία
3230 3696 3324 3750 καὶ
3353 3692 3625 3760 δολιότης,
3662 3690 3758 3744 οὐ-

2141 3799 2247 3853 δὲν
2280 3796 2430 3859 ἄλλο,
2463 3795 2498 3866 ἢ
2539 3791 2744 3864 σωρεία
2774 3791 2862 3854 τίς
2889 3790 3004 3843 ἐστι
3037 3785 3356 3860 συμφορῶν,
3398 3785 3463 3836 bc
3494 3781 3760 3854 προαιρέ.

2163 3907 2302 3953 σεως
2324 3887 2462 3958 μετὰ
2483 3885 2719 3956 σπουδῆς
2741 3901 2804 3938 τε
2816 3883 2909 3938 καὶ
2927 3881 3233 3955 προθυμίας
3253 3874 3654 3946 ὲπεισαγομένη
3676 3873 3760 3943 τῷ

2163 3983 2286 4054 βίῳ.
2325 3979 2488 4034 ’Δλλά
2512 3977 2764 4050 δακρύων
2797 3977 2897 4046 μὲν
2926 3977 2985 4029 ὲν
3007 3974 3120 4037 τοῖς
3144 3969 3554 4041 κατοιχομένοις
3583 3965 3760 4032 πάθος

2161 4077 2264 4130 οὐκ
2283 4073 2452 4140 ἔστιν,
2482 4063 2712 4144 δτι⁹μηδ’
2741 4069 2870 4126 ἄλλο
2888 4086 2943 4128 τι
2970 4067 3161 4130 πάθος,
3184 4063 3311 4128 νοῦς
3329 4063 3388 4117 δὲ
3406 4062 3503 4115 καὶ
3535 4057 3760 4130 πνεῦμα

2161 4166 2543 4238 τυγχάνοντες,
2569 4158 2658 4218 οἷα
2693 4161 2898 4234 σαρκδς
2929 4155 3342 4231 ἀπηλλαγμένοι
3371 4154 3465 4208 καὶ
3496 4152 3754 4222 αἵματος,

2161 4260 2276 4322 τοῖς
2313 4259 2384 4328 τῇ
2413 4254 2685 4327 παχύτητι
2712 4251 2808 4306 τοῦ
2837 4250 3089 4322 σώματος
3125 4243 3559 4316 ἐγκεχωσμένοις
3585 4240 3760 4310 δφθῆ-
3796 4311 3818 4323 -

2163 4369 2252 4406 ναι
2293 4350 2455 4420 φύσιν
2482 4349 2583 4426 opus
2615 4346 2862 4418 ἔχουσιν,
2909 4343 3032 4397 οὐδὲ
3065 4339 3390 4408 νουθετῆσαι
3434 4337 3500 4391 δι’
3541 4334 3759 4426 ἑαυτῶν

2161 4444 2292 4506 τοὺς
2324 4423 2644 4512 ἀνθρώπους
2693 4436 3020 4506 ἀποστῆναι·
3039 4431 3140 4502 τῆς
3170 4427 3594 4499 πεπλανημένης
3624 4423 3758 4495 περὶ

2166 4533 2279 4588 τῶν
2305 4532 2476 4585 ὄντων
2504 4529 2760 4600 κρίσεως.
2791 4523 3002 4581 Οὐκοῦν
3039 4525 3070 4577 ὁ
3110 4520 3234 4584 νοῦς
3265 4522 3396 4592 ἡμῖν
3432 4519 3461 4571 δ
3493 4516 3760 4588 ἡμέτερος

481 4625 657 4673 stunt.
690 4616 880 4688 Itaque
905 4635 1016 4674 non
1055 4635 1120 4675 ea
1145 4621 1262 4689 jam
1290 4629 1377 4677 est
1439 4622 1691 4692 ipsorum
1743 4632 1965 4689 natura,
2005 4631 2057 4680 ul

2173 4626 2286 4680 ἀντ’
2319 4623 2542 4678 ἐκείνων
2563 4618 2917 4690 διαλεχθιίβω,
2951 4617 3047 4672 καὶ
3075 4614 3320 4685 εἴπωμεν
3343 4611 3421 4674 ὡς
3451 4610 3564 4663 ἐστι
3594 4609 3758 4662 δυνα-

483 4720 584 4760 nos
618 4707 796 4762 oculis
834 4723 1101 4774 cernere,
1146 4715 1244 4765 aut
1294 4724 1392 4779 per
1433 4726 1494 4768 se
1539 4726 1761 4769 mouere
1809 4716 2067 4771 mortales

481 4805 711 4867 queant,
743 4812 855 4868 quo
885 4811 916 4851 a
943 4797 1104 4863 falsa,
1137 4814 1308 4870 quam
1353 4799 1423 4857 de
1457 4800 1624 4859 rebus
1663 4803 1887 4872 habent,
1949 4807 2071 4878 opi-

483 4890 651 4962 nione
671 4889 966 4946 desistant.
997 4888 1370 4958 Quamobrem
1404 4908 1595 4950 eorum
1640 4911 1870 4953 munere
1912 4914 2069 4955 mens

483 4994 674 5041 nostra
709 4982 990 5054 fungatur,
1014 4999 1228 5055 nosque
1259 4986 1627 5044 commoneat.
1658 4989 1741 5044 Ab
1773 4989 1909 5059 ipsis
1943 5006 2069 5044 cor-

485 5079 738 5148 poribus,
764 5077 949 5148 quoad
979 5077 1095 5134 ﬁeri
1125 5086 1327 5148 potest,
1367 5081 1703 5151 cogitatione
1744 5093 1910 5153 atque
1945 5084 2066 5137 ani—

485 5186 574 5225 mo
612 5169 961 5235 recedamus,
990 5177 1367 5242 exueutesque
1389 5187 1492 5228 nos
1523 5189 1589 5230 ea
1620 5172 1928 5238 atfcctione,
1961 5190 2070 5244 qua

485 5277 708 5317 carnem
734 5263 1174 5334 complectimur,
1227 5265 1305 5319 ita
1339 5279 1444 5319 nos
1484 5265 1590 5334 ipsi
1636 5265 2068 5335 compellamus:

484 5353 532 5406 0
562 5356 748 5421 homo,
785 5357 882 5427 qui
916 5369 1133 5414 natura:
1167 5357 1444 5429 particeps
1483 5373 1566 5424 es,
1599 5356 2068 5428 quemadmodum

488 5444 670 5505 Moses
693 5453 979 5521 praecepit,
1011 5452 1238 5508 attende
1260 5453 1389 5520 tibi,
1411 5467 1582 5508 nosce
1606 5459 1662 5508 te
1704 5451 1908 5522 ipsum,
1945 5453 2070 5507 ani-

492 5553 692 5607 tuoque
713 5541 1007 5613 diligenter
1050 5545 1366 5612 considera,
1397 5547 1624 5615 quinam
1659 5561 1789 5602 vere
1852 5546 1931 5603 sis
1990 5558 2070 5610 tu,

493 5633 547 5680 et
590 5642 712 5694 quae
748 5631 895 5686 circa
921 5641 976 5688 te
1009 5634 1331 5701 videantur,
1363 5652 1433 5691 ne
1465 5633 1688 5706 quando
1710 5674 1727 5698 ,
1767 5651 1889 5707 quae
1917 5646 2074 5692 extra

498 5721 550 5766 te
571 5721 722 5780 sunt,
763 5719 1055 5788 aspiciens,
1086 5731 1245 5792 putes
1284 5732 1338 5781 te
1375 5725 1556 5796 ipsum
1592 5726 1814 5783 intueri.
1853 5725 2012 5783 Disce
2045 5741 2074 5780 a

580 5889 594 5919 '
624 5887 814 5945 Matth.
852 5910 904 5957 v,
937 5896 991 5951 8.

2168 4715 2262 4768 τὸν
2295 4712 2401 4779 ἔξω
2429 4712 2539 4766 τῶν
2569 4709 2840 4779 σωμάτων
2867 4709 2938 4778 τῇ
2967 4704 3175 4774 διανοίᾳ
3198 4701 3496 4773 γενόμενοι,
3535 4697 3631 4751 ml.
3659 4698 3758 4766 τῆς

2169 4805 2310 4877 πρὸς
2341 4803 2440 4875 τὴν
2483 4801 2618 4872 ὓλην
2648 4797 3024 4870 προσπαθείας
3064 4795 3163 4866 τὴν
3190 4792 3370 4864 ψυχὴν
3397 4789 3761 4858 ἀποστήσαν-

2169 4915 2296 4965 τες,
2331 4898 2413 4951 ὅτι
2444 4891 2517 4950 Ὦ
2542 4893 2826 4964 ἄνθρωπε,
2873 4890 2983 4952 πᾶς
3025 4888 3054 4941 ὁ
3097 4885 3342 4958 μετέχων
3375 4882 3474 4952 τῆς
3521 4878 3756 4949 φύσεως.

2173 4989 2408 5060 πρόσεχε
2438 4983 2671 5053 σεαυτῷ,
2703 4982 2846 5037 κατά
2868 4980 2930 5033 τὸ
2957 4976 3231 5038 Μωῦσέως
3256 4970 3641 5044 παράγγελμα,
3667 4968 3760 5022 καὶ

2174 5083 2344 5151 γνῶθι
2378 5078 2606 5132 σεαυτὸν
2649 5075 2915 5146 ἀκριϐῶς,
2947 5072 3031 5134 τίς
3059 5065 3131 5133 εἷ,
3161 5065 3468 5127 διαστείλας
3499 5063 3577 5132 τῷ
3612 5061 3760 5128 λογι-

2177 5173 2319 5245 σμῷ,
2346 5172 2400 5225 τί
2433 5171 2529 5242 μὲν
2557 5167 2773 5240 ἀληθῶς
2795 5161 2846 5220 εἷ
2885 5166 2950 5219 σὺ
2970 5202 2986 5230 ,
3016 5162 3070 5216 τί
3098 5161 3154 5215 δὲ
3185 5159 3315 5232 περὶ
3350 5158 3411 5211 σὲ
3438 5155 3759 5224 καθορᾶται·

2179 5269 2390 5340 μήποτε
2431 5263 2499 5317 τὰ
2534 5261 2639 5327 ἔξω
2684 5261 2778 5314 σοῦ
2822 5258 3054 5330 βλέπων,
3088 5253 3311 5308 σεαυτὸν
3340 5249 3579 5340 καθορᾷν
3615 5246 3761 5316 νομί-

2177 5338 2310 5434 σῃς·
2361 5356 2498 5430 μάθε
2537 5354 2688 5425 ποιρά
2719 5351 2816 5406 τοῦ
2855 5347 3090 5421 μεγάλου
3127 5344 3341 5399 Παύλου
3381 5341 3474 5396 τοῦ
3503 5338 3573 5434 διδ
3598 5340 3762 5434 ἀκρι-

2176 5431 2329 5519 ϐείας
2376 5447 2789 5520 ἐπεσκεμμένον
2832 5443 2931 5514 τὴν
2976 5441 3157 5511 φύσιν,
3194 5441 3253 5502 ὅς
3310 5453 3478 5507 φησι,
3529 5432 3622 5485 τὸν
3664 5431 3761 5500 μὲν

2176 5544 2375 5612 ἔξωθεν
2394 5540 2553 5614 ἡμῶν
2572 5535 2710 5591 εἶναι
2734 5534 2830 5590 ἀνθ
2841 5549 3039 5604 ρωπον,
3059 5531 3149 5584 τὸν
3177 5529 3235 5583 δὲ
3259 5527 3483 5587 ἔσωθεν,
3504 5522 3758 5614 κάκείνου

2175 5610 2532 5706 φθειρομένου
2582 5629 2769 5683 τοῦτον
2815 5620 3280 5686 ἀνακαινίζεσθαι.
3331 5617 3423 5688 Μὴ
3458 5613 3638 5706 τοίνυν
3672 5610 3762 5664 τὸν

2181 5704 2538 5795 ᾡθειρὸμενον
2570 5719 2801 5792 βλέπων,
2829 5713 3052 5772 σεαυτὸν
3079 5710 3270 5785 οἰηθῇς
3295 5708 3536 5780 βλέπειν.
3569 5704 3762 5758 Ἔσται
