4026 6422
196 435 286 493 509
1551 429 1642 484 DE
1705 425 1946 485 MORTU
1959 425 2039 485 IS.
3341 426 3445 486 510

197 555 279 625 μὲν
301 548 401 619 γάρ
429 562 557 600 ποτε
585 544 802 598 κάκεῖνο
831 543 1038 616 φθορᾶς
1067 544 1352 616 ἐλεύθερον
1373 584 1390 612 ,
1415 543 1544 600 ὅταν
1589 545 1648 598 ἐν
1675 545 1746 616 τῇ
1776 579 1787 608 Α

1877 557 2051 614 nagno
2107 540 2298 607 Paulo,
2318 539 2412 611 qui
2452 546 2708 595 naturam
2741 539 2982 597 hominis
3015 541 3177 612 plane
3222 557 3467 614 perspe--

195 636 550 709 παλιγγενεσία
574 637 633 689 τὸ
657 635 845 707 θνητόν
862 654 921 690 τε
945 638 1038 690 καὶ
1058 637 1370 690 εὐδιάλυτον
1402 652 1748 706 μετασκευα-

1855 642 1987 688 ctam
2019 641 2073 689 et
2098 632 2376 703 cognitam
2404 630 2664 688 habebat.
2729 629 2821 685 Ait
2860 631 3032 699 enim,
3061 648 3230 687 unum
3262 634 3445 688 homi-

196 732 280 803 σθῇ
304 729 431 800 πρὸς
457 728 518 780 τὸ
548 726 812 780 ἀθάνατόν
841 744 899 779 τε
932 729 1025 781 καὶ
1052 727 1355 782 ἀδιάλυτον.
1397 727 1562 780 Ἀλλά
1585 727 1645 780 τό
1681 743 1746 795 γε

1856 741 1970 781 nem
1990 726 2346 787 exteriorem,
2391 724 2627 780 alterum
2667 722 3009 788 interiorem,
3052 739 3290 794 eumque
3321 738 3446 779 cor-

196 821 271 875 νῦν
295 818 398 890 ῥέει
423 817 517 869 καὶ
545 814 822 869 διαπίπτει
851 816 945 868 καὶ
971 815 1258 887 φθείρεται
1281 817 1341 870 τὸ
1366 815 1564 884 ἔξωθεν
1592 817 1750 887 ἡμῶν

1851 818 2045 886 rumpi,
2070 818 2218 872 hunc
2241 816 2561 873 renovari’.
2598 813 2781 882 Quare
2809 830 2936 871 cum
2973 816 3148 884 illum,
3191 818 3286 888 qui
3316 833 3441 874 cor-

195 909 604 982 προφαινόμενον.
645 907 853 961 Οὐκοῦν
884 909 946 961 οὐ
981 909 1119 979 πρὸς
1150 907 1309 962 τοῦτο
1341 907 1448 979 χρὴ
1491 907 1708 978 βλέπειν
1729 946 1744 972 ,

1848 909 2143 978 rumpitur,
2173 908 2391 987 cernis,
2427 908 2666 980 teipsum
2717 910 2968 981 aspicere
3018 925 3087 966 ne
3129 911 3438 967 arbitreris.

194 1006 256 1056 ὅτι
278 1001 400 1072 μηδὲ
422 999 556 1071 πρὸς
580 998 706 1052 ἄλλο
729 1017 780 1052 τι
805 999 1073 1070 προσήκει
1093 998 1202 1053 τῶν
1225 998 1568 1070 βλεπομένων
1593 997 1746 1069 ὁρᾷν.

1851 997 1918 1054 Ει
1953 999 2043 1056 ille
2071 1000 2308 1071 quidem,
2334 1000 2633 1072 aliquando
2659 1003 2768 1058 erit
2807 1018 2839 1058 a
2880 1005 3236 1074 eomtptione
3284 1003 3441 1068 liber,

195 1094 351 1156 Οὕτως
397 1092 639 1154 εἰπόντος
689 1090 782 1144 τοῦ
828 1091 1041 1145 Παύλου
1070 1132 1083 1155 ,
1137 1093 1218 1146 ὅτι
1279 1092 1353 1163 μὴ
1403 1089 1748 1145 σκοπούντων

1854 1103 1976 1144 cum
2022 1090 2079 1146 in
2132 1091 2550 1164 regeneratione
2587 1093 2836 1148 mortalis
2869 1102 2937 1149 ει-
2971 1095 3064 1166 qui
3121 1094 3444 1150 dissolvitur

195 1181 326 1254 ἡμῶν
357 1183 421 1236 τά
456 1181 762 1252 βλεπόμενα
785 1198 797 1211 ·
830 1181 899 1235 τά
934 1181 1043 1253 γὰρ
1079 1181 1390 1254 βλεπόμενα
1415 1184 1744 1254 πρόσκαιρα,

1853 1183 2040 1250 homo,
2095 1199 2222 1240 cum
2296 1186 2614 1252 immortali,
2675 1194 2730 1242 et
2768 1187 2864 1258 qui
2925 1203 3037 1242 non
3097 1187 3443 1252 dissolvitur,

192 1275 245 1326 τὰ
269 1275 317 1328 δὲ
356 1273 428 1344 μὴ
469 1273 773 1344 βλεπόμενα
814 1273 1036 1328 αἰώνιασ
1081 1275 1195 1329 ἀλλ’
1227 1276 1322 1329 ἐπὶ
1358 1275 1468 1330 τῶν
1501 1276 1748 1350 ἀοράτων

1849 1275 2236 1346 conjungetur.
2279 1275 2437 1331 Nunc
2483 1287 2665 1332 autem
2707 1279 2801 1348 qui
2853 1287 3010 1333 extra
3051 1293 3155 1333 nos
3195 1277 3437 1342 videtur,

192 1367 237 1418 ἑν
275 1367 392 1436 ἡμῖν
437 1364 747 1434 τρέψαντας
788 1365 886 1436 τὴν
936 1364 1190 1437 Θεωρίαν,
1245 1367 1423 1420 ἐκεῖνο
1471 1366 1748 1421 πιστεύειν

1855 1366 1990 1430 ﬁuit,
2024 1365 2288 1432 concidit,
2343 1375 2507 1438 atque
2548 1368 2944 1438 corrumpitur.
2999 1365 3098 1422 Hic
3142 1382 3273 1438 ergo
3319 1381 3445 1436 spe-

191 1454 374 1525 ἁληίεῶς
402 1449 540 1509 εἰναι
567 1457 738 1528 ἡμᾶς,
759 1455 787 1509 ὃ
803 1455 1199 1531 διαφεύγειτὴν
1225 1457 1548 1530 αἰσθητικὴν
1573 1475 1742 1513 κατα-

1853 1457 2089 1514 ctandus
2129 1474 2238 1514 non
2278 1466 2385 1524 est,
2417 1459 2640 1530 quando
2683 1476 2754 1516 ne
2807 1461 3014 1531 reliqua
3043 1460 3285 1531 quidem.
3320 1474 3443 1529 quae

190 1547 364 1616 νόησιν.
1846 1559 2172 1615 cernuntur,
2203 1552 2500 1621 spectanda
2536 1561 2685 1608 sunt.
2711 1551 3005 1619 Quoniam,
3037 1563 3095 1608 ut
3129 1553 3331 1608 Paulus
3362 1553 3445 1606 in-

189 1637 300 1702 quit,
342 1653 511 1708 neque
560 1647 776 1709 oportet
810 1641 1164 1697 considerare
1215 1655 1337 1711 quae
1373 1641 1664 1708 videntur;
1704 1657 1829 1714 qua:
1881 1643 2027 1700 enim
2073 1640 2329 1698 videntur
2373 1643 2708 1714 temporaria
2743 1652 2894 1708 sunt,
2941 1658 3065 1716 quae
3105 1651 3288 1697 autem
3332 1654 3444 1694 non

189 1728 422 1794 videntur,
460 1729 721 1785 acterna’.
765 1733 987 1803 Oportet
1027 1741 1230 1799 autem,
1256 1739 1316 1787 ut
1354 1733 1739 1803 cogitationem
1768 1735 1833 1788 ad
1856 1749 1944 1798 ea,
1977 1749 2099 1802 qua:
2129 1735 2186 1788 in
2213 1734 2374 1789 nobis
2404 1750 2516 1788 non
2547 1733 2821 1803 videntur,
2849 1741 3257 1799 convertamus,
3283 1732 3445 1802 idque

186 1833 266 1876 nos
297 1837 412 1878 rere
443 1838 566 1879 esse
598 1823 910 1890 credamus,
943 1825 1088 1896 quod
1118 1840 1316 1881 sensus
1346 1826 1716 1896 cognitionem
1741 1827 1952 1901 eﬁ‘ugit.

241 1916 272 1968 Γ
275 1916 507 1986 ενὼμεθα
530 1919 734 1982 τοίνυν,
761 1920 901 1973 κατά
927 1920 1018 1974 τὸν
1045 1919 1388 1992 παροιμιώδη
1411 1921 1590 1990 λόγον,
1612 1922 1742 1974 ἐαυ-
1774 1935 1824 1996 Β

1919 1919 2032 1978 Nos
2082 1921 2251 1994 igitur
2311 1921 2484 1992 ipsos,
2551 1928 2612 1976 ut
2639 1920 2992 1991 proverbium
3025 1920 3205 1991 jubet,
3238 1935 3443 1991 cogno-

186 2007 271 2060 τῶν
297 2008 586 2080 γνώμονες.
615 2010 689 2063 Τὸ
713 2011 821 2084 γὰρ
845 2011 1038 2065 ἑαυτὸν
1060 2011 1286 2080 γνῶναι,
1315 2013 1614 2085 καθάρσιον
1635 2015 1742 2069 τῶν

1851 2007 2089 2070 scamus.
2152 2010 2269 2066 liae
2295 2011 2442 2066 enim
2477 2011 2794 2084 cognitione
2857 2011 3441 2082 expiantur-peccata,

187 2099 236 2150 ἐκ
259 2099 346 2171 τῆς
389 2101 614 2170 ἀγνοίας
649 2101 1140 2175 πλημμελημάτων
1172 2104 1404 2173 γίνεται.
1456 2105 1595 2159 Ἀλλ’
1643 2105 1744 2160 οὐκ

1847 2121 1968 2178 qua:
2005 2104 2074 2160 ab
2097 2103 2410 2176 ignorantia
2440 2103 2889 2174 proﬁciscuntur.
2911 2104 2981 2156 At
3004 2117 3116 2157 non
3143 2109 3230 2158 est
3254 2101 3437 2167 facile,

187 2188 274 2242 ἔστι
291 2191 458 2262 ῥᾴδιον
491 2193 688 2248 ἑαυτὸν
713 2195 946 2248 κατιδεῖν
976 2195 1318 2267 βουλόμενον,
1348 2198 1422 2269 μή
1447 2213 1592 2262 τινος
1621 2199 1744 2251 ἐπι-

1848 2198 2098 2255 utetiam
2127 2197 2196 2263 is,
2226 2195 2321 2267 qui
2351 2211 2480 2252 vere
2509 2205 2677 2267 atque
2705 2210 2773 2250 ex
2808 2193 2996 2249 animo
3017 2196 3170 2264 cupit
3195 2194 3438 2264 seipsum

186 2280 302 2345 νοὶας
327 2283 541 2339 δυνατὸν
571 2285 837 2356 ποιούσης
862 2288 994 2357 ἡμῖν
1026 2287 1086 2340 τὸ
1114 2287 1396 2342 ἀδύνατον.
1424 2289 1604 2360 Ὅπερ
1634 2289 1744 2362 γάρ

1851 2305 2206 2364 cognoscere,
2233 2289 2288 2344 id
2315 2301 2669 2360 assequatur.
2698 2287 2859 2342 Nulla
2881 2287 3029 2343 enim
3050 2287 3194 2342 ratio
3224 2287 3441 2354 tribuit,

185 2374 378 2429 ἐπὶτῶν
411 2379 744 2448 σωματικῶν
775 2377 1070 2449 ὀφθαλμῶν
1111 2383 1145 2451 ὴ
1187 2380 1350 2450 φύσις
1383 2383 1663 2452 ἐποίησεν,
1692 2385 1743 2439 οἳ

1852 2392 1928 2453 ιιι,
1959 2383 2110 2454 quod
2141 2381 2261 2439 ﬁeri
2296 2380 2511 2452 nequit,
2555 2379 2695 2436 eﬂici
2732 2379 2930 2450 possit.
2976 2377 3116 2434 Nam
3143 2378 3294 2450 quod
3343 2393 3442 2432 na-

184 2466 327 2522 πάντα
353 2470 416 2523 τὰ
444 2469 583 2525 ἄλλα
623 2469 938 2541 βλέποντες,
971 2473 1183 2526 ἑαυτῶν
1212 2473 1432 2528 ἀθέατοι
1465 2475 1740 2547 μένουσιν·

1853 2483 1969 2531 tura
2002 2473 2288 2545 corporeis
2322 2472 2502 2528 oculis
2552 2469 2744 2526 datum
2789 2479 2897 2537 est,
2959 2478 3016 2525 ut
3050 2484 3179 2525 cum
3233 2469 3443 2540 reliqua

183 2558 255 2611 τὸν
274 2560 418 2614 αὑτὸν
445 2562 652 2632 τρόπον
683 2563 777 2617 καὶ
806 2563 838 2633 ἡ
866 2562 1036 2635 ψυχὴ,
1069 2564 1248 2618 πάντα
1274 2564 1342 2618 τὰ
1368 2563 1505 2619 ἀλλα
1533 2566 1745 2638 διερευ-

1855 2567 2090 2632 videant,
2117 2566 2287 2638 seipsi
2318 2574 2596 2636 nequeant
2627 2563 2853 2628 intueri,
2895 2562 3042 2619 idem
3082 2561 3271 2618 animo
3310 2576 3445 2616 eon-

186 2651 398 2723 νωμένη,
430 2654 523 2707 καὶ
556 2653 635 2708 τὰ
682 2654 789 2719 ἐξω
826 2655 1028 2724 ἑαυτῆς
1067 2653 1600 2726 πολυπραγμονοῦσα
1649 2655 1745 2710 καὶ

1853 2658 2032 2730 tingit,
2059 2667 2141 2723 ut,
2171 2673 2298 2714 cum
2333 2665 2532 2712 caetera
2561 2656 2754 2712 omnia
2790 2655 3060 2724 exploret,
3092 2660 3148 2708 et
3192 2667 3317 2723 qua:
3345 2666 3443 2706 ει-

184 2743 531 2814 ἁνιχνεύουσα,
584 2745 792 2815 ἑαυτὴν
847 2747 974 2801 ἰδεῖν
1019 2746 1298 2810 ἀδυνάτως
1347 2747 1485 2818 ἔχει.
1533 2745 1744 2802 Οὐκοῦν

1853 2756 1932 2804 ira
1960 2763 2021 2806 se
2047 2755 2200 2812 sunt,
2229 2748 2523 2816 diligenter
2562 2745 2828 2816 inquirat,
2882 2752 2938 2800 et
2982 2744 3335 2815 pervestiget,
3383 2757 3443 2800 se

185 2833 292 2905 ὅπερ
315 2837 398 2890 ἐπὶ
434 2838 545 2892 τῶν
587 2836 888 2909 ὀφθαλμῶν
916 2837 1162 2907 γίνεται,
1193 2838 1352 2893 τοῦτο
1383 2839 1480 2892 καὶ
1524 2839 1558 2909 ὴ
1595 2837 1743 2909 ψυχὴ

1852 2843 1966 2914 ipse
2013 2840 2207 2897 videre
2238 2855 2350 2894 non
2409 2838 2606 2909 possit.
2647 2837 2837 2908 Itaque
2887 2835 3082 2892 hacin
3139 2850 3199 2891 re
3228 2835 3442 2890 animus

188 2929 496 2997 μιμησάσθω.
531 2929 651 2983 Καὶ
684 2929 793 3001 γάρ
819 2931 1086 2997 κάκεῖνοι,
1117 2930 1305 3002 ἐπειδὴ
1335 2931 1436 2985 οὐκ
1465 2930 1611 2984 ἐστιν
1655 2930 1744 2983 αὑ·

1851 2932 2038 2990 oculos
2071 2931 2336 2996 imitetur,
2373 2945 2439 2985 ac
2481 2927 2946 3001 quemadmodum
2977 2928 3079 2993 illi,
3103 2942 3229 2982 cum
3261 2941 3292 2980 a
3339 2941 3441 2982 na-

186 3017 272 3081 τοῖς
315 3021 372 3073 ὲκ
408 3021 630 3090 φύσεως
662 3020 893 3093 δύναμις
940 3023 1076 3092 πρὸς
1122 3023 1221 3094 τὴν
1257 3023 1467 3077 ἑαυτῶν
1505 3021 1743 3095 Θεωρίαν

1853 3033 1972 3083 tura
2006 3039 2118 3081 non
2147 3023 2388 3080 habeant
2428 3037 2550 3078 eam
2611 3021 2956 3088 facultatem,
2993 3028 3055 3075 ut
3115 3018 3443 3090 semetipsos

185 3110 259 3180 τὴν
278 3111 486 3182 όπτικὴν
516 3113 806 3186 ἐνέργειαν
835 3114 1207 3184 ἀναστρέψαι,
1232 3115 1328 3169 καὶ
1358 3115 1585 3181 ἑαυτοὺς
1613 3132 1746 3170 κατ-

1851 3117 1904 3172 in
1953 3131 2012 3172 se
2043 3123 2431 3172 convertentes
2481 3112 2776 3184 aspiciant,
2813 3113 3053 3183 speciem
3086 3125 3152 3168 ac
3206 3109 3441 3166 formam

188 3201 307 3267 ιδεῖν,
331 3205 620 3277 κατόπτρῳ
669 3205 730 3259 τὸ
771 3199 912 3269 εἶδός
938 3222 998 3258 τε
1033 3205 1129 3260 καὶ
1160 3205 1222 3259 τὸ
1259 3205 1448 3278 σχῆμα
1482 3207 1578 3261 τοῦ
1614 3207 1743 3262 ἰδίου

1851 3209 2059 3280 proprii
2085 3207 2236 3264 orbis
2289 3208 2346 3262 in
2381 3206 2612 3277 speculo
2645 3205 2981 3276 conspicati,
3015 3219 3114 3276 per
3147 3204 3441 3276 imaginem

185 3290 465 3366 θεασάμενοι
506 3294 758 3361 κύκλου,
803 3296 892 3350 διά
924 3296 1024 3367 τῆς
1070 3297 1278 3361 εἰκόνος
1329 3297 1558 3361 ἑαυτοὺς
1609 3297 1775 3357 καθ-ι

1853 3298 1997 3354 illam
2027 3313 2151 3356 sese
2179 3298 2571 3368 conspiciunt:
2606 3297 2689 3354 sic
2722 3298 2889 3352 etiam
2916 3296 3033 3366 ipse
3063 3295 3130 3351 ad
3163 3294 3443 3366 propriam

183 3385 367 3454 ορῶσιν.
410 3387 569 3442 Οὕτω
617 3387 726 3460 χρὴ
769 3388 864 3442 καὶ
905 3388 1003 3458 τὴν
1053 3387 1231 3459 ψυχὴν
1277 3387 1414 3458 πρὸς
1462 3387 1562 3458 τὴν
1606 3388 1742 3442 ἰδίαν

1852 3393 2140 3460 imaginem
2173 3407 2233 3448 se
2267 3398 2663 3455 convertat,-et
2692 3389 2839 3461 quod
2897 3389 2954 3444 in
3003 3389 3326 3459 exemplari,
3375 3387 3442 3442 ad

182 3475 354 3534 ἀπιδεῖν
383 3481 586 3546 εἰκόνα,
625 3480 720 3534 καὶ
752 3481 888 3551 ὅπερ
919 3479 984 3533 ἂν
1017 3479 1103 3552 ἴδῃ
1136 3480 1194 3532 ὲν
1221 3478 1300 3549 τῷ
1338 3478 1670 3551 χαρακτῆρι,
1698 3473 1743 3548 ᾧ

1847 3484 2008 3555 cujus
2036 3482 2464 3540 similitudinem
2498 3485 2680 3540 factus
2714 3490 2823 3548 est,
2846 3481 3069 3546 viderit,
3108 3481 3348 3551 idipsum
3375 3488 3437 3536 ut

183 3566 520 3640 ἁφωμοίωται,
544 3573 631 3635 ὼς
656 3571 786 3626 ἴδιον
809 3571 1008 3642 ἑαυτῆς
1030 3571 1186 3624 τοῦτο
1210 3569 1532 3625 θεάσασθαι.
1577 3569 1742 3623 Ἀλλά

1851 3573 2129 3645 preprium
2157 3573 2581 3642 contempletur,
2615 3577 2670 3626 et
2704 3585 2890 3626 suum.
2945 3569 3028 3626 Ab
3056 3569 3310 3639 exemplo
3359 3577 3441 3625 ta-

182 3660 345 3732 μικρὸν
372 3661 684 3729 ὑπαλλάξαι
713 3679 765 3716 τι
799 3663 1065 3733 προσήκει
1093 3661 1186 3715 τοῦ
1211 3661 1633 3732 ὑποδείγματος,
1657 3661 1744 3714 ἵνα

1848 3678 1972 3720 men
2014 3665 2120 3719 hoc
2166 3663 2454 3734 paululum
2492 3669 2579 3720 est
2631 3661 3054 3727 discedendum,
3093 3669 3152 3717 ut
3197 3678 3286 3718 res
3323 3663 3438 3730 ipsa

180 3750 393 3824 oixatwitf]
424 3753 502 3825 τῷ
528 3754 682 3823 λόγῳ
706 3751 768 3805 τὸ
796 3751 994 3822 νόημα.
1039 3751 1162 3805 Ἐπὶ
1195 3750 1295 3823 μὲν
1319 3749 1429 3823 γὰρ
1459 3751 1560 3822 τῆς
1585 3751 1643 3805 ὲν
1666 3749 1744 3823 τῷ

1847 3754 2134 3826 proposito
2173 3763 2464 3826 congruat.
2507 3751 2642 3808 Nam
2697 3753 2901 3824 imago,
2949 3768 3073 3824 qua:
3115 3754 3172 3812 in
3225 3751 3437 3824 specuii

181 3842 432 3916 κατόπτρῳ
464 3845 718 3918 μορφῆς,
746 3845 780 3916 ἡ
817 3843 981 3898 εἰκὼν
1008 3844 1145 3915 πρὸς
1179 3844 1240 3897 τὸ
1269 3844 1580 3916 ἀρχέτυπον
1612 3860 1743 3916 σχη-

1849 3847 2024 3902 l'orma
2054 3847 2417 3919 conspicitur,
2455 3845 2526 3902 ad
2587 3845 2733 3902 oculi
2780 3847 3064 3917 exemplar
3115 3845 3439 3917 efﬁngitur;

184 3936 460 4002 ματίζεται-
518 3940 622 3994 ἐπὶ
668 3938 725 3992 δὲ
771 3937 864 3992 τοῦ
902 3941 1002 4010 τῆς
1052 3937 1230 4010 ψυχῆς
1270 3938 1638 4011 χαρακτῆρος,
1681 3937 1744 3992 τὸ

1852 3938 1904 3996 in
1926 3940 2097 3996 animi
2120 3955 2250 3998 vero
2272 3940 2513 4013 imagine
2535 3949 2728 3996 contra
2755 3938 2833 3994 ﬁt.
2859 3937 3040 4010 Ipsius
3062 3939 3210 3996 enim
3232 3936 3442 4009 species

180 4023 381 4095 ἔμπαλιν
414 4032 793 4104 νενοήκαμεν·
833 4030 975 4083 κατά
1019 4029 1129 4102 γὰρ
1156 4030 1216 4083 τὸ
1255 4029 1398 4083 θεῖον
1438 4029 1653 4095 κάλλος,
1682 4029 1744 4083 τὸ

1851 4033 1916 4089 ad
1946 4034 2146 4090 divinae
2174 4033 2606 4104 pulchritudinis
2638 4034 2874 4090 formam
2912 4033 3118 4099 efﬁcta,
3148 4045 3441 4102 expressa-

178 4116 258 4185 τῆς
284 4119 446 4193 ψυχῆς
473 4117 624 4187 εἶδος
652 4120 1074 4186 ἀπεικονίζεται.
1112 4121 1323 4174 Οὐκοῦν
1351 4122 1481 4174 ὅταν
1512 4120 1651 4192 πρὸς
1682 4119 1745 4174 τὸ

1848 4138 1955 4194 que
1989 4132 2092 4180 est.
2125 4124 2318 4196 Itaque
2364 4131 2481 4180 tum
2513 4140 2641 4181 vere
2695 4125 2877 4194 seipse
2908 4123 3168 4194 perspicit
3199 4123 3438 4186 animus,

181 4205 447 4278 ἀρχέτυπον
490 4211 702 4281 ἑαυτῆς
733 4209 906 4282 βλέπῃ
936 4211 970 4281 ἡ
1006 4209 1174 4281 ψυχὴ,
1206 4209 1328 4263 τότε
1357 4209 1425 4263 δι’
1456 4207 1743 4280 ἀκριϐείας

1848 4230 1972 4271 etim
2003 4217 2284 4285 exemplar
2311 4217 2559 4271 intuetur
2597 4217 2705 4272 sui.
2742 4214 2886 4282 Quid
2933 4215 3102 4286 igitur
3132 4212 3279 4268 Deus
3331 4219 3438 4280 est,

179 4299 348 4375 ἑαυτὴν
382 4305 619 4378 καθορᾷ.
654 4304 720 4357 Τί
765 4304 946 4356 τοίνυν
983 4303 1100 4357 ἐστι
1131 4303 1192 4356 τὸ
1235 4302 1419 4367 Θεῖον,
1450 4294 1495 4370 ᾧ
1531 4303 1564 4372 ἡ
1596 4300 1744 4371 ψυχὴ

1845 4305 2005 4375 cuius
2037 4305 2452 4360 similitudinem
2505 4306 2724 4361 animus
2775 4303 2989 4360 refert?
3033 4318 3142 4359 non
3197 4317 3428 4374 corpus,

180 4399 605 4468 προσωμοίωται;
650 4398 726 4452 Ού
766 4396 947 4468 σῶμα,
978 4397 1040 4450 ού
1078 4395 1288 4468 σχῆμα,
1330 4396 1430 4449 οὐκ
1482 4391 1641 4459 εἰδος,
1681 4393 1743 4446 ού

1851 4413 1962 4453 non
1998 4396 2196 4466 ﬁgura,
2229 4411 2340 4452 non
2377 4395 2614 4466 species,
2653 4410 2763 4450 non
2793 4395 3056 4466 qualitas,
3106 4409 3217 4449 non
3267 4395 3441 4451 moles

181 4487 465 4561 πηλικότης,
514 4492 626 4546 οὐκ
666 4490 981 4556 ἀντιτυπία,
1030 4491 1092 4544 ού
1137 4489 1330 4562 βάρος,
1361 4488 1421 4542 ού
1467 4487 1650 4552 τόπος,
1681 4487 1742 4540 ού

1846 4505 2064 4561 aspera,
2106 4504 2217 4544 non
2251 4486 2494 4560 pondus,
2526 4502 2636 4543 non
2669 4487 2848 4552 locus,
2884 4502 2993 4542 non
3046 4495 3284 4557 tempus,
3328 4502 3435 4542 non

181 4578 360 4646 χρόνος,
399 4584 500 4637 οὐκ
548 4582 684 4639 ἄλλο
711 4599 764 4635 τι
813 4580 1055 4636 τοιοῦτον
1092 4582 1266 4646 οὐδὲν,
1295 4580 1360 4634 δι’
1400 4574 1532 4651 ὧνή
1586 4577 1744 4650 ὑλικὴ

1849 4582 1996 4638 aliud
2033 4581 2317 4652 quidpiam
2335 4595 2550 4646 eorum,
2583 4595 2648 4636 ex
2682 4579 2887 4650 quibus
2913 4595 2977 4635 ea
3016 4594 3138 4649 quae
3161 4594 3228 4635 ex
3257 4586 3437 4633 mate-

181 4672 329 4738 κτίσις
373 4677 739 4748 γνωρίζεταιο
798 4674 934 4730 ἀλλά
987 4675 1205 4729 πάντων
1252 4673 1457 4728 τούτων
1506 4672 1601 4726 καὶ
1637 4671 1744 4725 τῶν

1851 4675 1930 4729 ria
1960 4681 2092 4731 sunt
2125 4680 2436 4742 procreata,
2471 4677 2906 4741 cognoscuntur.
2934 4669 3042 4726 Sed
3071 4669 3158 4726 bis
3181 4669 3438 4725 omnibus

183 4765 407 4820 τοιούτων
450 4767 896 4842 ὑφαιρεθέντων,
947 4767 1132 4838 νοερόν
1177 4783 1230 4819 τι
1282 4765 1378 4819 καὶ
1429 4764 1610 4826 ἀῦλον,
1651 4763 1746 4818 καὶ

1847 4781 2147 4836 earumque
2182 4763 2460 4821 similibus
2501 4763 2666 4820 rebus
2701 4763 2991 4827 submotis,
3028 4769 3114 4817 est
3155 4761 3437 4831 quiddam,

188 4855 383 4928 ἀναφὲς,
412 4863 507 4916 καὶ
546 4859 877 4932 ἀσώματον,
913 4859 1006 4913 καὶ
1039 4857 1361 4912 ἀδιάστατον
1392 4855 1496 4927 χρὴ
1530 4854 1747 4918 πάντως

1849 4857 1990 4932 quod
2017 4865 2200 4912 mente
2231 4861 2475 4918 constat,
2539 4854 2893 4925 materiaeque
2949 4861 3036 4909 est
3079 4867 3296 4923 expers,
3339 4865 3439 4906 nec

184 4951 302 5002 νοεῖν
329 4953 385 5005 τὸ
416 4953 764 5025 λειπόμενον.
796 4953 862 5007 Εἰ
890 4952 1069 5006 τοίνυν
1108 4947 1350 5011 τοιοῦτος
1391 4951 1418 5002 ό
1459 4944 1744 5017 χαρακτὴρ

1849 4950 1992 5021 tangi
2026 4955 2233 5021 potest,
2273 4956 2328 5002 et
2361 4962 2597 5016 corpore
2630 4953 2812 5015 vacat,
2843 4954 2896 5002 et
2929 4943 3076 5000 omni
3101 4943 3439 5000 dimensione

180 5041 259 5094 τοῦ
293 5046 601 5116 ἀρχετύπου
641 5043 1160 5116 καταλαμϐάνεται,
1195 5039 1486 5095 ἀκόλουθον
1528 5037 1746 5101 πάντως

1847 5055 2011 5100 caret.
2039 5042 2313 5109 Quocirca
2342 5054 2469 5094 cum
2508 5040 2790 5111 exemplar
2843 5039 2915 5095 sit
2956 5036 3251 5107 ejusmodi,
3299 5050 3437 5090 con-

181 5134 300 5188 κατὰ
334 5137 391 5189 τὸ
424 5134 567 5202 εἶδος
600 5139 776 5192 ἐκεῖνο
812 5133 1253 5208 μεμορφωμένην
1296 5131 1395 5202 τὴν
1436 5130 1614 5203 ψυχὴν
1657 5130 1745 5184 διὰ

1847 5152 2086 5205 sequens
2117 5143 2225 5197 est,
2266 5140 2351 5198 ut,
2392 5132 2486 5202 qui
2526 5131 2592 5187 ad
2625 5131 2747 5200 ejus
2782 5127 3197 5185 similitudinem
3231 5127 3435 5181 forma-

179 5223 271 5277 τῶν
321 5228 499 5283 αὐτῶν
552 5230 922 5300 χαρακτήρων
970 5225 1409 5296 ἐπιγνωσθῆναι⁹
1459 5222 1600 5277 ὥστε
1654 5222 1746 5276 καὶ

1848 5233 1936 5280 tus
1963 5233 2047 5279 est
2077 5222 2317 5286 animus,
2363 5219 2573 5275 eisdem
2619 5225 2987 5289 cognoscatur
3023 5217 3189 5271 notis.
3227 5215 3435 5287 Expers

179 5315 359 5389 ταύτην
386 5319 552 5374 ᾶῡλόν
585 5337 645 5373 τε
676 5315 814 5374 εἶναι
842 5319 934 5372 καὶ
963 5317 1119 5387 ἀειδῆ
1144 5317 1238 5370 καὶ
1264 5312 1456 5386 νοερὰν
1483 5313 1578 5367 καὶ
1605 5312 1750 5368 ἀσώ-

1847 5316 2013 5389 igitur
2050 5312 2294 5368 materiae
2316 5317 2422 5377 est,
2450 5310 2604 5366 cerni
2636 5326 2746 5366 non
2802 5317 3019 5380 potest,
3074 5316 3257 5364 mente
3314 5307 3428 5363 sola

182 5425 346 5474 ματον.
367 5412 735 5482 Λογισώμεθα
757 5412 936 5468 τοίνυν
963 5411 1093 5466 πότε
1125 5409 1327 5480 μᾶλλον
1353 5407 1432 5478 τῷ
1455 5406 1750 5479 ἀρχετύπῳ

1849 5407 2174 5482 percipitur,
2201 5411 2464 5475 caretque
2505 5418 2760 5474 corpore.
2815 5402 2949 5469 Quae
2977 5417 3106 5456 cum
3160 5402 3235 5456 ita
3296 5400 3428 5464 sint,

180 5500 341 5558 κάλλει
378 5503 738 5575 προσεγγίζει
779 5507 812 5574 ἡ
855 5503 1169 5576 ἀνθρωπίνη
1222 5500 1416 5569 φύσις,
1459 5499 1516 5552 ὲν
1554 5499 1630 5568 τῷ
1662 5497 1750 5552 διά

1852 5515 1974 5570 age,
2019 5496 2442 5552 consideremus
2477 5493 2704 5565 quando
2736 5493 2964 5564 propius
3008 5492 3076 5547 ad
3105 5490 3436 5562 exemplaris

181 5595 358 5660 σαρκὸς
407 5596 532 5669 ζῇν,
571 5596 608 5666 ἢ
664 5597 791 5651 ὅταν
843 5594 946 5662 ἔξω
979 5595 1182 5664 ταύτης
1229 5590 1535 5662 γενώμεθα.
1590 5589 1750 5645 Ἀλλά

1852 5587 2318 5663 pulchritudinem
2369 5584 2598 5642 accedat
2639 5583 2880 5638 humana
2925 5590 3146 5647 natura,
3195 5597 3322 5636 cum
3379 5581 3438 5638 in

177 5687 321 5740 παντὶ
357 5687 519 5759 δῆλον
563 5687 627 5740 τὸ
669 5687 906 5742 τοιοῦτόν
950 5689 1096 5741 ἐστιν
1123 5727 1137 5753 ,
1181 5686 1261 5741 ὅτι
1304 5684 1492 5755 ὥσπερ
1542 5685 1573 5754 ἡ
1611 5681 1746 5754 σὰρξ

1855 5696 2018 5738 carne
2052 5679 2308 5740 vivimus,
2345 5691 2412 5731 an
2437 5691 2562 5732 cum
2591 5675 2656 5732 ab
2694 5675 2783 5731 illa
2812 5675 3051 5747 separati
3079 5689 3293 5732 sumus.
3331 5671 3438 5731 Ne-

237 5864 256 5894 ²
293 5863 329 5917 Η
357 5866 480 5922 Cur.
517 5885 590 5931 tv,
641 5870 715 5921 iii.
795 5871 813 5901 ³
844 5871 972 5925 ibid.
1017 5871 1097 5924 13.
