4026 6434
469 419 490 448 "'
572 441 673 496 stt

1810 440 1868 498 s.
1911 421 2239 498 Gut—:c‘omt
2277 439 2572 495 NYSSENI

3749 434 3855 494 612

572 554 706 608 mini
737 553 963 608 dubium
1003 563 1105 622 est,
1138 555 1273 628 quin
1308 565 1368 612 ut
1399 571 1527 612 caro
1573 572 1640 613 ex
1675 557 1904 612 materia
1955 563 2148 612 coacta

2268 555 2463 627 Βλώδης
2513 551 2647 608 οὖσα
2697 557 2763 625 τῇ
2824 555 2984 626 ὑλικῇ
3021 551 3196 627 ταύτῃ
3242 551 3356 626 ζωῇ
3408 553 3850 624 προσῳκείωται,

571 652 942 716 concretaque
985 649 1111 703 vitae
1164 649 1255 704 isti
1285 664 1488 706 crassae
1521 649 1868 718 coniunctior
1916 657 2023 716 est,
2074 651 2157 705 sic

573 737 793 794 animus
819 745 952 795 tunc
985 755 1113 796 vere
1145 741 1296 795 vivat
1324 743 1490 796 vitam
1526 741 1673 794 illam
1703 756 1734 794 a
1791 741 2022 795 materia
2065 757 2153 797 re-

574 835 804 896 motam,
845 845 968 900 quae
1001 840 1184 889 mente
1223 832 1340 888 sola
1371 832 1879 904 comprehenditur,
1934 835 2156 904 quando

574 923 862 979 materiam
885 924 990 980 sibi
1009 926 1419 996 circumjectam
1443 927 1778 990 excusserit,
1797 935 1851 983 et
1869 926 2152 996 abiecerit.

575 1017 795 1084 Quodsi
833 1019 888 1073 in
918 1032 1152 1090 corpore
1180 1034 1369 1074 verum
1403 1018 1584 1089 ipsum
1626 1018 1832 1074 bonum
1883 1019 2158 1074 consiste-

575 1120 680 1175 ret,
713 1111 876 1166 nobis
910 1110 1158 1180 profecto
1185 1110 1481 1166 dolendum
1529 1119 1700 1178 esset,
1746 1125 1871 1167 cum
1906 1127 1936 1166 a
1991 1126 2158 1168 carne

575 1205 959 1269 distrahimur,
1001 1203 1263 1273 quoniam
1317 1204 1669 1261 discedentes
1705 1220 1736 1258 a
1780 1219 2030 1274 corpore,
2088 1205 2157 1259 ab

574 1295 692 1364 ipsa
716 1295 842 1351 boni
877 1295 1270 1365 conjunctione
1308 1295 1744 1352 discederemus.
1767 1294 1927 1350 Nunc
1972 1304 2155 1351 autem

573 1385 834 1455 quoniam
865 1387 1071 1442 bonum
1105 1387 1264 1454 illud,
1308 1402 1472 1459 quam
1503 1388 1734 1459 cogitari
1767 1389 1963 1458 possit,
1998 1389 2158 1461 longe

574 1478 946 1549 praestantius,
980 1479 1048 1534 ad
1078 1479 1240 1550 cujus
1275 1478 1693 1536 similitudinem
1743 1479 1875 1535 facti
1921 1496 2113 1537 sumus
2137 1522 2153 1548 ,

572 1572 822 1641 corporis
859 1586 1057 1642 expers
1095 1579 1202 1636 est,
1264 1580 1556 1642 menteque
1607 1572 1723 1628 sola
1777 1573 2153 1644 perspicitur:

573 1666 736 1722 nobis
764 1672 947 1720 autem
999 1677 1325 1735 persuasum
1373 1678 1496 1720 esse
1538 1662 1727 1729 debet,
1781 1662 2005 1734 quando
2059 1680 2158 1735 per

574 1765 806 1814 mortem
853 1772 1058 1828 corpus
1108 1756 1504 1826 relinquimus,
1564 1755 1632 1810 ad
1685 1762 1941 1810 naturam
1981 1755 2154 1824 illam,

572 1851 796 1921 quaa'ah
860 1849 1008 1904 omni
1053 1862 1320 1918 corporea
1377 1846 1748 1902 crassitudine
1787 1855 1999 1901 remota
2047 1853 2153 1914 est,

2261 647 2405 702 οὕτω
2437 648 2530 701 καὶ
2555 649 2588 719 ἡ
2614 647 2761 718 ψυχὴ
2792 648 2914 701 τότε
2949 647 3168 718 μετέχει
3201 647 3298 716 τῆς
3333 647 3528 717 νοερᾶς
3558 644 3654 698 καί⁵
3685 643 3856 698 ἀΰλου

2263 736 2428 810 ζωῆς,
2463 739 2593 792 ὅταν
2630 738 2728 809 τὴν
2766 739 3128 810 περιέχουσαν
3159 736 3325 809 αὐτὴν
3362 735 3494 807 ὓλην
3525 734 3859 808 ἀποτινάξη-

2262 845 2370 881 ται.
2397 829 2462 881 Τί
2489 824 2583 882 οῦν
2620 830 2676 881 ἐν
2700 828 2914 892 τούτοις
2944 829 3232 900 συμφορᾶς
3266 829 3413 881 ἐστιν
3442 827 3626 894 ἀξιονς
3672 829 3725 880 εἰ
3757 828 3858 898 μὲν

2262 920 2373 991 γὰρ
2418 922 2577 992 σῶμα
2604 917 2674 993 ῆν
2704 921 2767 974 τὸ
2803 921 3019 993 ἀληθῶς
3047 920 3270 988 ἀγαθὸν,
3299 919 3674 991 δυσχεραίνειν
3705 921 3858 991 ἡμᾶς

2263 1011 2369 1065 ἔδει
2397 1012 2532 1083 πρὸς
2562 1012 2662 1083 τὴν
2686 1014 2786 1083 τῆς
2815 1011 3016 1082 σαρκὸς
3039 1010 3414 1081 ἀλλοτρίωσιν,
3456 1009 3532 1072 ὡς
3558 1007 3858 1061 ἐκπιπτόν-

2261 1119 2372 1156 των
2405 1104 2562 1175 ἡμῶν
2592 1105 2803 1157 ἐκείνου
2823 1146 2838 1168 ,
2871 1101 3421 1173 ωναποὸαλλομένης
3459 1102 3681 1163 πάντως
3717 1101 3857 1171 μετά

2264 1193 2357 1247 τοῦ
2399 1191 2650 1264 σώματος
2693 1195 2788 1249 καὶ
2825 1193 2925 1264 τῆς
2970 1194 3108 1266 πρὸς
3156 1193 3218 1245 τὸ
3249 1192 3453 1261 ἀγαθὸν
3497 1192 3853 1262 οἰκειότητος.

2276 1285 2495 1358 Ἐπειδὴ
2521 1286 2577 1339 δὲ
2614 1287 2799 1356 νοερόν
2828 1302 2885 1338 τε
2930 1285 3026 1338 καὶ
3069 1284 3360 1355 ἀσώματον
3391 1283 3453 1336 τὺ
3488 1284 3631 1355 ὑπὲρ
3672 1285 3856 1337 πᾶσαν

2263 1376 2472 1431 ἔννοιαν
2497 1379 2723 1447 ἀγαθὸν,
2754 1373 2816 1434 οὗ
2839 1379 2962 1432 κατ’
2987 1378 3173 1432 εἰκόνα
3193 1378 3499 1447 γεγόναμεν
3517 1394 3534 1409 ο
3557 1375 3857 1431 ἀκόλουθον

2265 1468 2332 1522 ἂν
2356 1469 2440 1539 εἰη
2471 1467 2786 1532 πεπεῖσθαι,
2819 1469 2948 1522 ὅταν
2973 1468 3059 1521 διά
3083 1467 3175 1521 τοῦ
3202 1467 3432 1520 θανάτου
3456 1467 3591 1537 πρὸς
3623 1467 3687 1518 τὸ
3712 1465 3856 1519 ἀσώ-

2267 1577 2438 1632 ματον
2470 1559 2907 1632 μεταϐαίνωμεν,
2941 1560 3325 1632 προσεγγίζειν
3355 1559 3540 1630 ἐκείνῃ
3567 1561 3636 1630 τῇ
3669 1557 3852 1628 φύσει,

2262 1652 2298 1724 ἢ
2341 1653 2523 1723 πάσης
2573 1651 2894 1723 σωματικῆς
2923 1651 3301 1723 παχυμερείας
3348 1648 3712 1721 κεχώρισται,
3762 1649 3858 1702 καὶ

2263 1741 2374 1800 οἷόν
2401 1764 2454 1800 τι
2497 1748 2840 1816 προσωπεῖον
2874 1745 3112 1815 εἰδεχθὲς
3149 1745 3248 1815 τὴν
3275 1742 3527 1815 σαρκώδη
3561 1741 3857 1813 περιϐολὴν

2264 1839 2621 1911 ὲκδυομένους
2643 1880 2658 1904 ,
2686 1840 2765 1904 εἰς
2813 1838 2874 1892 τὸ
2907 1839 3106 1892 οἰκεῖον
3138 1837 3418 1891 ἐπανιέναι
3446 1835 3642 1899 κάλλος
3661 1876 3677 1900 ,
3720 1836 3781 1889 ὲν
3812 1829 3856 1903 ᾧ

575 1939 1016 2011 appropinquare
1039 1978 1055 2005 ,
1091 1945 1146 1993 et
1178 1937 1365 1993 carnis
1387 1937 1614 1992 exuvias
1657 1943 1918 2007 tanquam
1965 1949 2158 2008 perso-

2268 1931 2380 1984 κατ’
2418 1931 2594 2003 ἀρχάς
2627 1929 3052 2003 ἐμορφώθημεν,
3093 1929 3214 1982 κατ’
3254 1928 3439 1981 εἰκόνα
3487 1926 3581 1981 τοῦ
3622 1926 3856 1998 ἀρχετύ-

571 2048 700 2088 nam
733 2031 1027 2102 quamdam
1060 2031 1218 2087 nobis
1242 2031 1552 2101 impositam
1569 2031 1924 2099 deponentes,
1948 2030 2015 2085 ad
2035 2045 2158 2087 eam

571 2124 756 2180 redire
792 2122 1281 2194 pulchritudinem,
1319 2137 1480 2194 quam
1514 2123 1693 2190 initio,
1729 2137 1852 2179 cum
1881 2123 1947 2178 ad
1973 2139 2162 2179 exem-

573 2215 742 2286 plaris
779 2215 1073 2285 imaginem
1115 2215 1288 2271 creati
1326 2230 1543 2278 sumus,
1582 2214 1904 2270 habuimus.
1950 2213 2027 2269 Ea
2066 2229 2162 2271 co-

573 2308 765 2378 gitatio
787 2307 1030 2361 laetitiam
1055 2307 1240 2370 nobis,
1276 2322 1385 2362 non
1418 2307 1699 2363 tristitiam
1730 2307 1956 2363 deberet
1995 2307 2161 2362 ail'er-

575 2415 654 2466 re,
677 2413 803 2453 cum
839 2397 1205 2469 intelligimus
1241 2399 1522 2454 hominem
1565 2399 1883 2455 necessario
1915 2400 2162 2471 peregri-

576 2488 818 2545 nationis
851 2487 1206 2558 perfunctum
1236 2503 1486 2553 munere,
1519 2502 1633 2544 non
1662 2489 1899 2559 amplius
1926 2491 1983 2545 in
2029 2490 2163 2546 alie-

575 2584 662 2638 nis
695 2580 1016 2654 regionibus
1045 2583 1254 2646 vivere,
1280 2581 1378 2638 sed
1405 2581 1640 2653 singulis
1676 2582 1983 2647 elementis,
2014 2583 2161 2655 quod

574 2673 644 2728 ab
673 2680 912 2743 utroque.
943 2671 1190 2743 ipsorum
1223 2677 1597 2737 mutuaverat,
1652 2670 1896 2738 reddito,
1929 2671 1996 2728 ad
2029 2687 2160 2744 pro-

573 2767 748 2838 priam
783 2765 888 2821 sibi
921 2763 1342 2833 naturalemque
1380 2762 1626 2830 domum,
1656 2777 1873 2833 puram,
1910 2777 1975 2820 ac
1997 2763 2164 2820 cteie-

573 2865 712 2915 stem
740 2858 891 2912 illam
921 2855 1105 2912 sedem
1128 2855 1442 2911 revertisse.
1475 2852 1784 2925 Hospitium
1815 2856 1960 2910 enim
1985 2853 2164 2925 profe-

575 2959 687 3017 cto,
711 2949 1059 3019 alienumque
1090 2947 1426 3012 domicilium
1460 2955 1546 3002 est
1574 2953 1786 3002 naturae
1822 2947 1898 3002 illi
1935 2947 2162 3004 materia

575 3043 783 3099 carenti
809 3055 1012 3111 corpus
1043 3039 1171 3103 hoc,
1203 3037 1296 3092 cui
1329 3052 1487 3092 mens
1517 3038 1571 3092 in
1609 3039 1717 3095 ista
1749 3039 1860 3093 vita
1905 3054 1938 3093 a
1971 3039 2165 3095 condi-

575 3135 726 3189 tione
754 3132 929 3202 ipsius
961 3144 1194 3200 prorsus
1225 3128 1548 3184 abhorrenti
1583 3129 1900 3186 necessario
1933 3129 2166 3202 conjun-

575 3231 686 3286 cta,
728 3219 1097 3275 conﬂictatur.
1147 3217 1283 3272 Nam
1337 3226 1529 3273 mutua
1594 3218 1712 3274 haec
1763 3219 2163 3275 elementorum

2261 2042 2365 2078 που
2396 2025 2698 2096 γενόμενοι.
2737 2024 2802 2078 Ἦ
2821 2024 2878 2078 δὲ
2899 2023 3124 2092 τοιαύτη
3145 2021 3373 2086 διάνοια,
3403 2019 3768 2091 εὐφροσύνης,
3797 2021 3856 2073 ού

2263 2115 2566 2188 κατηφείας
2593 2117 2792 2186 γένοιτ’
2833 2115 2901 2170 ἂν
2937 2118 3051 2180 τοῖς
3085 2114 3400 2185 λεγομένοις
3440 2110 3697 2178 ὑπόθεσις
3718 2152 3732 2174 ,
3778 2112 3856 2166 ὅτι

2260 2209 2362 2280 τὴν
2402 2208 2710 2277 ἀναγκαίαν
2750 2207 2955 2278 ταύτην
2996 2205 3342 2277 λειτουργίαν
3389 2203 3798 2274 ἀποπληρώσας
3829 2207 3857 2256 6

2261 2301 2548 2372 ἄνθρωπος
2569 2340 2586 2364 ,
2621 2300 2804 2353 οὐκέτι
2849 2299 2908 2353 ὲν
2957 2300 3259 2371 ἀλλοτρίοις
3312 2297 3414 2369 ζῇ,
3470 2297 3706 2360 ἀποδοὺς
3759 2294 3857 2366 μὲν

2263 2393 2481 2464 ἑκάστῳ
2514 2391 2623 2446 τῶν
2667 2392 2947 2463 στοιχείων
2979 2391 3044 2444 τὸ
3081 2391 3231 2456 ἴδιον,
3270 2388 3322 2442 ὂ·
3345 2377 3476 2459 παρ’
3507 2385 3690 2441 αὐτῶν
3721 2388 3857 2459 ἡρα-

2262 2485 2468 2552 νίσατο,
2499 2488 2580 2550 εἰς
2609 2485 2666 2539 δὲ
2694 2484 2792 2557 τὴν
2834 2485 3038 2539 οἰκείαν
3068 2483 3216 2555 αὑτῷ
3248 2483 3342 2538 καὶ⁷
3387 2481 3530 2537 κατά
3568 2481 3733 2551 φύσιν
3760 2481 3856 2533 trr-

2265 2575 2506 2632 ανελθὼν
2551 2575 2768 2641 ἑστίαν,
2806 2576 2906 2648 τὴν
2947 2574 3195 2646 καθαράν
3225 2575 3321 2629 καὶ
3351 2572 3670 2644 ἀσώματον.
3719 2571 3855 2642 Ξὲνη

2263 2669 2373 2741 γάρ
2404 2670 2487 2734 τίς
2514 2671 2660 2723 ἐστιν
2687 2669 2857 2732 ὅντως
2888 2669 2980 2723 καὶ
3014 2669 3321 2739 ἀλλοδαπῆς
3348 2669 3417 2739 τῇ
3442 2665 3726 2737 ἀσωμάτῳ
3752 2665 3852 2734 φύ-

2267 2780 2350 2816 σει
2379 2763 2411 2834 ἡ
2449 2761 2542 2816 τοῦ
2575 2761 2828 2832 σώματος
2853 2761 2979 2833 ὕλη,
3016 2756 3193 2836 ᾖκατ’
3223 2761 3470 2831 ἀνάγκην
3497 2761 3525 2813 6
3552 2757 3681 2822 νοῦς
3711 2761 3769 2812 ὲν
3792 2760 3853 2830 τῇ

2265 2853 2380 2925 ζωῇ
2410 2851 2582 2923 ταύτῃ
2612 2850 3131 2922 συμπεπλεγμένος,
3169 2848 3568 2918 ὲνταλαιπωρεῖ
3589 2845 3672 2916 τῷ
3700 2844 3854 2900 ἀλλοο

2267 2941 2421 3012 φύλῳ
2464 2941 2566 3013 βίῳ
2620 2939 3093 3012 συνδιαιτώμενος.
3128 2939 3241 3010 Τῆς
3275 2939 3385 3010 γάρ
3429 2937 3538 2991 τῶν
3579 2935 3856 3006 στοιχείων

2265 3033 2403 3104 πρὸς
2433 3031 2640 3102 ἄλληλα
2672 3031 2994 3102 συμπλοκῆς
3014 3073 3029 3097 ,
3063 3030 3254 3100 ὥσπερ
3284 3029 3448 3082 τινῶν
3481 3026 3858 3098 ἀλληλογλώσ-

2268 3140 2377 3178 σων
2400 3141 2460 3177 τε
2491 3125 2584 3178 καὶ
2611 3122 3043 3194 ἀπεξενωμένων
3066 3123 3180 3186 τοῖς
3219 3120 3408 3192 ἢθεσιν
3435 3119 3764 3190 ἀνθρώπων,
3798 3120 3855 3170 ὲκ

2265 3216 2540 3288 διαφόρων
2579 3215 2752 3269 ἐθνῶν
2791 3215 2888 3269 Eva
2921 3214 3096 3287 δῆμον
3130 3212 3590 3284 ἀναπληρούντων
3611 3251 3626 3276 ,
3675 3210 3857 3282 βεϐια-

577 3308 896 3379 conjunctio
933 3317 1018 3364 est
1047 3307 1220 3362 veluti
1263 3307 1550 3364 hominum
1580 3309 1749 3364 variis
1777 3317 1832 3364 et
1866 3309 2069 3381 linguis
2107 3317 2162 3367 et

2268 3310 2441 3382 σμένη
2473 3326 2532 3362 τε
2559 3309 2653 3362 καὶ
2673 3307 3002 3379 ἀσύμφωνος
3029 3308 3238 3376 γίνεται
3264 3307 3297 3378 ἡ
3323 3303 3600 3369 κοινωνία,
3624 3303 3857 3358 ἑκάστου

577 3401 824 3456 moribus
869 3401 1164 3466 utentium,
1222 3401 1318 3472 qui
1375 3417 1445 3457 ex
1496 3400 1732 3456 diversis
1796 3402 2053 3473 gentibus
2108 3403 2162 3459 in

2268 3402 2400 3474 πρὸς
2437 3402 2497 3456 τὸ
2527 3400 2790 3471 συγγενὲς
2817 3401 2913 3456 καὶ
2953 3402 3153 3454 οἰκεῖον
3187 3398 3294 3453 ὑπὸ
3337 3397 3438 3469 τῆς
3477 3396 3614 3459 ἰδίας
3643 3395 3861 3465 φύσεως

576 3509 748 3549 unum
779 3493 1174 3559 conﬂuxerint,
1223 3493 1464 3550 violenta
1499 3494 1748 3565 quaedam
1791 3497 2030 3552 societas
2081 3502 2162 3550 at-

2268 3496 2658 3568 ἀφελκομένου.
2715 3495 2778 3552 '0
2821 3497 2880 3550 δὲ
2931 3497 3055 3559 νοῦς
3100 3497 3130 3548 ὁ
3171 3495 3384 3557 τούτοις
3428 3491 3859 3563 ἐγκεκραμένος,

575 3599 684 3656 que
719 3585 1077 3652 dissentiens,
1111 3600 1236 3640 cum
1268 3599 1300 3638 a
1328 3600 1426 3640 sua
1476 3586 1916 3660 unumquodque
1965 3596 2162 3644 natura

2268 3589 2555 3654 ἀσύνθετος
2581 3590 2657 3644 ὢν
2688 3592 2747 3644 ὲν
2791 3588 2935 3659 ἁπλῇ
2969 3605 3027 3641 τε
3057 3587 3150 3642 καὶ
3186 3586 3447 3658 μονοειδεῖ
3483 3588 3550 3657 τῇ
3587 3585 3773 3655 φύσει,
3805 3585 3861 3637 ἒν

575 3677 644 3732 ad
676 3678 961 3748 proprium
988 3685 1596 3749 cognatumque'genus
1631 3678 2001 3735 distrahatur.
2028 3681 2162 3735 Ani-

2268 3680 2438 3745 ξένοις
2461 3681 2557 3736 καὶ
2577 3681 2882 3753 ἀλλοτρίοις
2901 3679 2990 3753 ζῇ,
3016 3679 3335 3751 ἀσύμφυλος
3355 3677 3430 3731 ὢν
3450 3677 3529 3748 τῷ
3551 3677 3860 3749 περιέχοντι

578 3784 704 3824 mus
730 3779 936 3836 autem,
966 3772 1060 3840 qui
1097 3787 1206 3826 non
1237 3781 1323 3828 est
1367 3772 1732 3840 compositus,
1775 3772 1870 3828 sed
1927 3772 2162 3843 simplici

2269 3768 2433 3825 αὐτὸν
2467 3775 2530 3827 ὲκ
2563 3773 2671 3827 τῶν
2720 3771 2998 3842 στοιχείων
3033 3770 3209 3842 δήμῳ,
3237 3770 3298 3834 ὃς
3329 3771 3395 3841 τῇ
3426 3768 3767 3840 πολυμερείᾳ
3794 3770 3858 3839 τῇ

578 3869 746 3930 atque
798 3863 964 3918 unius
1013 3865 1232 3934 generis
1285 3873 1484 3918 natura
1551 3871 1792 3930 constat,
1853 3864 1997 3919 inter
2050 3866 2162 3920 haec

2274 3867 2561 3936 σωματικῇ
2589 3865 2655 3918 δι’
2699 3865 2946 3934 ἀνάγκης
2973 3863 3117 3926 τινὸς
3149 3862 3579 3935 ὲνσπειράμενος
3619 3862 3723 3933 τὴν
3746 3863 3862 3915 ἑαυ-

580 3961 844 4023 tanquam
880 3955 1082 4025 hospes
1109 3971 1174 4009 ac
1200 3957 1523 4027 peregrinus
1552 3955 1706 4021 vivit,
1749 3971 1851 4009 nec
1891 3971 2015 4010 cum
2049 3957 2164 4012 ele-

2271 3956 2368 4009 τοῦ
2392 3956 2556 4025 φύσιν
2576 3955 2848 4027 βιάζεται,
2886 3956 3001 4019 τοῖς
3031 3953 3350 4023 ἀλλοφύλοις
3383 3952 3696 4024 ἑνούμενος.

578 4052 913 4115 mentorum,
956 4055 1016 4102 ut
1072 4048 1145 4100 ita
1189 4047 1404 4111 dicam,
1463 4047 1667 4118 populo
1713 4055 1894 4118 potest
1952 4063 2274 4117 congruere.
2338 4046 2389 4104 ls
2447 4049 2596 4105 enim
2659 4049 2995 4106 necessitate
3054 4046 3292 4118 quadam
3341 4064 3406 4104 ex
3462 4047 3861 4118 multiplicibus

578 4139 974 4209 corporeisque
1015 4137 1301 4209 particulis
1340 4148 1566 4195 coaetus
1617 4147 1872 4196 naturam
1937 4157 2094 4197 suam
2157 4139 2324 4214 cogit,
2387 4149 2442 4198 et
2480 4159 2549 4199 ex
2613 4143 2914 4200 contrariis
2971 4143 3269 4216 generibus
3324 4140 3650 4211 capulatur,
3699 4149 3860 4212 atque

578 4245 750 4284 unum
775 4227 1030 4284 elﬁcitur.

651 4313 856 4376 Verum
923 4336 1048 4376 cum
1108 4321 1382 4378 elementa
1414 4323 1743 4380 naturaliter
1793 4325 1938 4380 inter
1965 4341 2024 4382 se
2051 4326 2168 4383 dis-

581 4413 861 4479 sentiant,
891 4427 956 4470 ac
997 4413 1372 4470 dissolvantur
1392 4453 1407 4478 ,
1436 4423 1490 4470 et
1515 4403 1591 4470 ad
1625 4431 1790 4472 suum
1847 4419 2167 4488 proprium-

583 4517 694 4571 que
732 4518 906 4572 genus
953 4503 1171 4575 singula
1207 4505 1577 4571 contendant,
1629 4505 1685 4560 in
1737 4522 1804 4562 ea
1860 4517 2165 4565 concentus

2346 4327 2466 4382 Τῶν
2490 4326 2546 4379 δὲ
2572 4325 2849 4397 στοιχείων
2874 4325 3006 4397 πρὸς
3029 4323 3127 4395 τὴν
3155 4322 3265 4387 τῶν
3293 4321 3646 4393 ἀπ’ἁλλήλων
3673 4323 3857 4376 διάλυ-

2275 4437 2363 4474 σιν
2397 4418 2643 4490 φυσικῶς
2677 4417 2770 4471 ἐπὶ
2799 4417 2860 4470 τὸ
2899 4417 3160 4486 συγγενές
3186 4434 3245 4470 τε
3285 4417 3379 4469 καὶ
3405 4416 3604 4470 οἰκεῖον
3630 4415 3859 4482 ἀφελκο-

2277 4513 2475 4583 μένων,
2503 4511 2740 4576 ἀνιᾶται,
2791 4509 2911 4562 κατ’
2941 4508 3187 4579 ἀνάγκην
3220 4507 3488 4579 λυομένης
3514 4523 3573 4561 τε
3618 4508 3712 4561 καὶ
3749 4525 3860 4578 σχι-

579 4593 948 4650 dissolutione
997 4610 1194 4650 sensus
1248 4597 1469 4667 angitur
1529 4599 1876 4666 necessario,
1928 4608 1985 4655 et
2055 4617 2162 4656 una

2273 4600 2508 4672 ζομένης
2555 4599 2656 4669 τῆς
2701 4600 2995 4670 συμφυΐας,
3039 4602 3072 4670 ὴ
3110 4599 3394 4669 αἴσθησις·
3450 4598 3764 4652 συνίσταται
3805 4598 3860 4651 δὲ

580 4699 708 4739 cum
756 4685 880 4754 ipso
932 4699 1097 4740 sensu
1153 4687 1436 4740 cruciatur
1480 4688 1746 4745 animus:
1799 4691 1896 4761 qui
1943 4691 2070 4748 licet
2098 4692 2168 4748 ab

580 4777 702 4847 ipso
753 4791 987 4847 corpore
1053 4791 1272 4847 semper
1321 4777 1589 4834 afﬁciatur
1653 4781 1941 4847 molestia,
2007 4784 2066 4840 in
2103 4785 2169 4840 il-

578 4869 674 4925 lud
730 4878 911 4925 tamen
963 4867 1034 4924 ob
1082 4871 1506 4927 consuetudinis
1543 4875 2009 4932 necessitudinem
2040 4893 2170 4947 pro-

579 4977 788 5033 pensus
808 4968 911 5016 est.
945 4961 1316 5028 Quamobrem
1363 4973 1495 5019 tunc
1524 4965 1746 5021 animus
1792 4968 1919 5038 angi
1951 4969 2170 5023 crucia-

577 5058 734 5128 rique
769 5055 973 5112 desinit
998 5098 1013 5123 ,
1041 5071 1166 5111 cum
1202 5071 1232 5112 a
1258 5073 1440 5129 pugna
1467 5098 1482 5124 ,
1513 5075 1634 5129 quae
1664 5075 1732 5115 ex
1760 5061 2168 5115 contrariorum

579 5150 978 5205 elementorum
1047 5148 1442 5219 conjunctione
1519 5153 1847 5222 consurgit,
1907 5154 2164 5208 evaserit.

581 5237 795 5294 Etenim
826 5256 952 5296 cum
996 5241 1082 5297 vel
1143 5241 1402 5312 frigidum
1463 5243 1534 5299 ab
1583 5251 1951 5313 exsuperante
1989 5243 2170 5300 calido

579 5332 786 5387 victum
821 5332 1022 5400 fuerit,
1071 5333 1158 5389 vel
1201 5333 1441 5388 calidum
1485 5334 1538 5387 vi
1577 5333 1756 5404 frigidi
1809 5342 2167 5404 superatum,

583 5425 666 5478 vel
696 5425 830 5480 sicci
857 5428 1116 5495 potentia:
1155 5426 1444 5481 humidum
1477 5427 1875 5492 succubuerit,
1910 5435 2171 5482 contrave

583 5513 790 5569 siccum
857 5519 1074 5586 ipsum,
1145 5519 1492 5576 humiditatis
1561 5521 1720 5590 copia
1794 5519 2166 5586 dissolutum,

585 5607 832 5671 cesserit,
870 5615 1002 5663 tunc
1031 5610 1175 5665 bello
1203 5627 1301 5681 per
1333 5619 1564 5668 mortem
1605 5611 1894 5679 confecto,
1923 5613 2167 5694 animus,

585 5697 778 5752 relicto
805 5697 1180 5757 dimicationis
1214 5718 1410 5774 campo
1431 5743 1446 5766 ,
1502 5704 1557 5759 id
1598 5714 1681 5758 est
1703 5743 1717 5764 ,
1749 5708 1872 5774 ipso
1899 5720 2128 5776 corpore
2154 5746 2166 5766 ,

587 5803 722 5858 pace
748 5790 943 5854 utitur,
969 5801 1025 5846 et
1055 5799 1212 5846 extra
1247 5793 1394 5849 acies
1429 5795 1731 5852 instructas
1761 5811 2046 5866 egressus,
2084 5796 2168 5850 vi-

587 5882 852 5952 ribusque
878 5881 992 5938 suis
1013 5921 1027 5948 ,
1056 5897 1176 5953 quae
1205 5886 1491 5954 complexu
1537 5889 1785 5959 corporis
1837 5889 2047 5946 aﬂiictze
2088 5891 2168 5946 la-

2269 4695 2336 4764 τῇ
2383 4690 2638 4762 αἰσθήσει
2673 4689 2734 4744 τδ
2765 4688 3104 4760 διανοητικὸν
3135 4686 3236 4758 τῆς
3285 4685 3464 4757 ψυχῆς
3502 4686 3638 4756 πρὸς
3671 4687 3734 4739 τὸ
3776 4687 3863 4740 ἀεὶ

2269 4782 2475 4838 λυποῦν
2505 4783 2570 4837 ὲκ
2605 4781 2891 4852 συνηθείας
2919 4780 3350 4850 ὲπικλινόμενον.
3390 4779 3523 4831 Τότε
3552 4774 3644 4832 οὖν
3678 4780 3709 4832 6
3740 4778 3863 4842 νοῦς

2269 4875 2556 4947 δυσφορῶν
2591 4892 2651 4929 τε
2701 4875 2796 4928 καί⁵
2839 4872 3138 4943 ἀνιώμενος
3171 4871 3426 4935 παύεται,
3461 4872 3591 4925 ὃταν
3637 4869 3744 4935 ἔξω
3773 4871 3863 4956 γέ-

2271 4962 2556 5037 νηταιτῆς
2592 4965 2772 5036 μάχης
2808 4964 2905 5036 τῆς
2937 4966 2996 5018 ὲν
3030 4965 3095 5034 τῇ
3127 4961 3414 5034 συμπλοκῇ
3443 4961 3552 5014 τῶν
3595 4963 3864 5016 ἀντιστοι-

2271 5056 2510 5127 χούντων
2543 5059 2959 5128 συνισταμένης.
3021 5057 3271 5112 Ἐπειδὰν
3314 5057 3424 5128 γὰρ
3473 5057 3505 5128 ἢ
3551 5057 3612 5109 τὸ
3654 5057 3864 5129 ψυχρὸν

2269 5147 2478 5219 ἡττηθῇ
2537 5146 2633 5201 τοῦ
2684 5147 2888 5220 θερμοῦ
2939 5149 3386 5218 κατισχύσαντος,
3434 5149 3466 5218 ἢ
3518 5148 3580 5201 τὸ
3628 5148 3863 5218 ἔμπαλιν

2273 5241 2450 5312 φεύγῃ
2489 5241 2581 5294 τὸν
2611 5241 2950 5313 πλεονασμὸν
2991 5243 3090 5313 τῆς
3118 5241 3332 5313 ψύξεως
3364 5246 3399 5314 ἡ
3446 5241 3743 5314 θερμότης,
3790 5243 3865 5314 τῷ

2270 5351 2329 5387 τε
2359 5334 2508 5406 ξηρῷ
2531 5333 2620 5389 διὰ
2648 5336 2747 5406 τῆς
2776 5337 3194 5406 ὲπικρατήσεως
3221 5336 3283 5390 τὸ
3315 5336 3481 5406 ὑγρὸν
3505 5337 3860 5408 ὑποχωρήσῃ.

2271 5427 2304 5500 ἢ
2342 5428 2564 5500 διαλυθῇ
2608 5427 2702 5481 τοῦ
2759 5427 2924 5498 ξηροῦ
2975 5429 3036 5482 τὸ
3087 5431 3284 5498 πάγιον
3315 5431 3374 5482 ὲν
3423 5429 3501 5499 τῷ
3537 5429 3863 5500 πλεονασμῷ

2271 5521 2371 5592 τῆς
2403 5523 2722 5592 ὑγρότητος,
2773 5521 2892 5574 τότε
2929 5520 3021 5575 τοῦ
3070 5523 3129 5574 ἐν
3175 5524 3316 5592 ἡμῖν
3353 5521 3592 5591 πολέμου
3639 5521 3727 5575 διὰ
3772 5520 3862 5575 τοῦ

2273 5614 2500 5668 θανάτου
2536 5614 2807 5678 λυθέντος,
2843 5615 3069 5686 εἰρήνην
3119 5615 3148 5665 6
3196 5615 3321 5680 νοῦς
3369 5616 3512 5684 ἄγει,
3549 5613 3864 5670 καταλιπὼν

2272 5707 2332 5760 τὸ
2359 5709 2457 5779 τῆς
2494 5708 2675 5779 μάχης
2724 5708 3068 5779 μεταίχμιον,
3123 5708 3183 5762 τὸ
3217 5708 3374 5779 σῶμα
3424 5709 3588 5777 λέγω,
3621 5710 3717 5762 καὶ
3767 5709 3863 5776 τῆς

2273 5798 2380 5851 τῶν
2423 5796 2701 5868 στοιχείων
2737 5797 2872 5868 πρὸς
2905 5797 3106 5868 ἄλληλα
3146 5798 3507 5868 παρατάξεως
3557 5797 3663 5864 ἔξω
3711 5799 3861 5866 γενό-

2278 5907 2454 5961 μενος,
2509 5889 2630 5944 καθ’
2672 5889 2861 5944 ἑαυτὸν
2899 5888 2983 5962 ζῇ,
3023 5893 3392 5961 πεπονηκυῖαν
3430 5891 3486 5941 ἐν
3528 5887 3588 5956 τῇ
3627 5888 3723 5942 τοῦ
3760 5888 3862 5942 σώο
