4026 6436
224 331 326 390 513

1618 321 1706 376 DE
1759 319 2094 377 MORTUIS.

3397 311 3500 367 5M

225 463 393 519 ματος
420 447 716 518 συμπλοκῇ
755 446 854 519 τὴν
887 444 1039 516 ἰσχὺν
1073 441 1268 498 ἑαυτοῦ
1311 444 1377 496 δι’
1420 441 1649 515 ἡσυχίας
1683 442 1816 494 ἀνα-

1932 437 2225 500 borabant,
2261 435 2356 503 per
2387 431 2562 486 otium
2609 427 2986 500 recuperatis,
3021 441 3209 484 secum
3267 425 3384 496 ipse
3417 425 3499 480 ri-

221 537 541 608 λαμϐάνων.
583 536 770 590 Ταῦτα
803 536 981 590 τοίνυν
1028 535 1122 588 καί⁵
1151 533 1219 587 τὰ
1249 531 1473 585 τοιαῦτα
1504 532 1619 594 τοῖς
1649 532 1707 584 ὲν
1740 529 1818 600 τῷ

223 627 440 697 σώματι
477 624 647 690 ζῶσιν
696 628 726 678 ό
781 624 902 686 νοῦς
947 622 1249 690 διαλέγεται
1271 659 1285 684 ,
1323 618 1607 688 μονονουχὶ
1633 615 1818 687 φωνὴν

224 719 428 786 ἀφιεὶς,
461 718 546 770 ὃτι
583 713 654 769 Ὦ
687 715 980 786 ἄνθρωποι,
1024 713 1146 768 οὔτε
1178 713 1235 765 ὲν
1265 707 1347 774 οἷς
1374 712 1525 774 ὲστε,
1575 705 1819 778 ἀκριϐῶς

225 811 427 875 οἴδατε,
460 809 558 863 καὶ
591 810 670 872 είς
692 809 720 862 ὃ
747 825 800 860 τι
841 805 1258 878 μεταχωρήσετε
1277 842 1291 867 ,
1325 801 1478 855 οὔπω
1502 798 1814 854 ἐπίστασθε.

225 901 298 955 Τὸ
326 902 429 970 μὲν
458 901 570 971 γάρ
598 899 769 970 παρὸν
790 893 900 951 οἷον
927 901 993 968 τῇ
1011 897 1178 966 ’φύσει
1199 897 1364 959 ἐστὶν,
1397 892 1550 946 οὔπω
1578 890 1818 962 ἐξευρεῖν

223 996 252 1047 ὁ
289 994 452 1062 λόγος
504 993 805 1062 δεδύνηται,
853 990 989 1045 ἀλλά
1039 989 1174 1060 πρὸς
1225 987 1391 1059 μόνην
1437 984 1534 1056 τὴν
1578 984 1670 1036 τοῦ
1719 983 1820 1054 ζῇν

224 1083 520 1156 συνήθειαν
555 1083 763 1153 βλέπει,
815 1080 891 1152 μὴ
936 1078 1232 1149 δυνάμενος
1275 1077 1497 1144 γνῶναι,
1545 1074 1629 1136 τίς
1661 1073 1694 1142 ἠ
1726 1068 1818 1124 τοῦ

226 1176 484 1248 σώματος
520 1174 680 1244 φύσις
702 1190 715 1203 ·
747 1172 831 1237 τίς
877 1175 911 1242 ἡ
960 1172 1071 1226 τῶν
1102 1170 1408 1238 αἰσθήσεων
1445 1165 1704 1234 δύναμις·
1737 1163 1819 1228 τίς

224 1270 257 1339 ἡ
284 1268 402 1320 τῶν
427 1264 735 1338 ὀργανικῶν
776 1263 953 1330 μελῶν
981 1262 1262 1332 διασκευή·
1295 1259 1378 1322 τίς
1407 1261 1440 1330 ἡ
1473 1256 1581 1310 τῶν
1610 1255 1819 1323 σπλάγ-

222 1376 368 1429 χνων
435 1356 750 1427 οίκονομίαο
812 1354 898 1419 τίς
946 1355 979 1426 ή
1036 1352 1385 1422 αὐτοκίνητος
1446 1349 1556 1402 τῶν
1611 1347 1818 1418 νεύρων

221 1451 481 1522 ἐνέργεια
503 1465 516 1478 ·
542 1449 658 1512 πῶς
682 1449 789 1502 τῶν
838 1449 896 1501 ὲν
939 1449 1089 1518 ἡμῖν,
1122 1444 1193 1498 τὸ
1225 1444 1322 1514 μὲν
1356 1444 1434 1506 είς
1471 1439 1660 1494 ὀστέου
1709 1438 1818 1508 πή-

223 1561 425 1613 γνυται
461 1542 646 1612 φύσιν,
668 1540 730 1594 τὸ
763 1539 820 1593 δὲ
865 1540 945 1604 είς
973 1537 1070 1609 τὴν
1103 1534 1364 1607 φωτοειδῆ
1405 1532 1499 1585 τοῦ
1539 1528 1818 1600 ὀφθαλμοῦ

222 1637 402 1706 αὐγὴν
435 1634 732 1700 οὐσιοῦται,
763 1630 879 1696 πῶς
918 1633 984 1684 ὲκ
1014 1630 1113 1701 τῆς
1147 1628 1318 1698 αὐτῆς
1355 1623 1562 1696 τροφῆς
1599 1623 1694 1676 καὶ
1723 1620 1817 1674 τοῦ

224 1726 395 1782 αὐτοῦ
428 1726 691 1796 πόματος,
729 1722 790 1777 τὺ
830 1721 928 1793 μὲν
958 1721 1038 1784 είς
1068 1718 1262 1792 τρίχας
1291 1715 1636 1777 λεπτύνεται,
1665 1711 1726 1765 τὸ
1762 1710 1819 1764 δὲ

1920 529 2016 584 vit.
2046 526 2145 582 His
2176 525 2345 601 igitur
2377 537 2535 578 mens
2558 535 2622 576 ac
2650 520 2927 577 similibus
2963 518 3144 572 verbis
3178 519 3232 571 in
3266 531 3501 588 corpore

1921 621 2168 673 vlventcs
2197 614 2532 685 alloquitur,
2575 611 2850 680 talemque
2875 607 3272 678 propemodum
3307 621 3499 662 vocem

1918 709 2176 766 cmittens
2202 725 2216 763 :
2253 705 2368 761 Vos
2393 745 2408 768 ,
2437 705 2646 775 inquit,
2685 702 2936 757 homines
2957 741 2972 768 ,
3006 715 3107 755 nec
3131 700 3292 770 plane
3322 701 3499 754 nostis

1919 802 2143 856 ubinam
2180 800 2347 864 sitis;
2383 806 2473 862 et,
2529 810 2640 867 quo
2682 791 3141 864 proficiscendum
3194 791 3267 845 sit
3305 790 3460 846 vobis
3483 829 3500 853 ,

1921 891 2168 947 nondum
2200 888 2545 958 intelligitis:
2589 901 2715 940 nam
2743 891 2797 938 et
2823 897 3036 945 eorum,
3072 895 3192 950 qua:
3231 880 3320 934 hic
3346 887 3496 940 sunt,

1917 991 2175 1040 naturam
2216 981 2368 1035 nulla
2416 977 2598 1032 adhuc
2656 975 2796 1029 ratio
2829 973 3009 1043 potuit
3061 971 3364 1043 indagare:
3398 971 3503 1024 ita-

1917 1089 2025 1146 que
2074 1073 2247 1129 solam
2301 1070 2516 1127 vivendi
2575 1065 3031 1124 consuetudinem
3069 1060 3364 1134 spectatis,
3402 1073 3504 1113 nec

1919 1165 2227 1235 intelligere
2259 1162 2488 1233 potestis
2509 1200 2525 1226 ,
2561 1174 2682 1230 qua:
2717 1157 2790 1214 sit
2833 1155 3082 1226 corporis
3116 1162 3316 1208 natura
3344 1170 3357 1206 :
3382 1167 3505 1221 quae

1919 1270 2182 1313 sensuum
2212 1255 2331 1309 vis:
2366 1267 2489 1322 quae
2526 1249 2932 1310 membrorum,
2968 1246 3171 1315 quibus
3208 1251 3268 1298 ut
3297 1245 3506 1298 instru-

1918 1351 2118 1405 mentis
2148 1347 2398 1412 utimini,
2458 1351 2737 1400 structura
2767 1359 2780 1394 :
2817 1355 2940 1410 qum
2972 1350 3266 1393 nervorum
3307 1349 3404 1404 per
3443 1347 3504 1386 se

1919 1442 2254 1496 moventium
2293 1438 2469 1502 actio,
2516 1451 2626 1506 quo
2655 1433 2817 1487 modo
2857 1445 3072 1494 eorum,
3110 1443 3231 1496 qua:
3254 1426 3310 1479 in
3339 1425 3500 1479 nobis

1918 1539 2069 1596 sunt,
2099 1529 2246 1584 aliud
2272 1529 2326 1583 in
2353 1527 2498 1582 ossis
2522 1533 2798 1588 naturam,
2822 1521 2968 1576 aliud
2996 1520 3053 1574 in
3086 1517 3326 1572 lucidum
3354 1515 3500 1570 oculi

1917 1619 2264 1690 splendorem
2329 1617 2638 1680 coalescat;
2696 1627 2805 1682 quo
2852 1610 3017 1665 modo
3060 1607 3306 1678 ejusdem
3355 1606 3504 1670 cibi,

1917 1719 2200 1784 potusque
2233 1724 2362 1780 pars
2387 1715 2720 1764 extenuetur
2741 1706 2797 1759 in
2827 1704 3055 1773 capillos
3078 1741 3093 1768 ,
3133 1716 3264 1772 pars
3307 1699 3363 1753 in
3403 1714 3506 1752 un-

225 1821 303 1882 είς
331 1790 538 1887 ὄνυχας
567 1818 678 1880 τοῖς
703 1790 894 1886 ἄκροις
925 1811 1034 1866 τῶν
1058 1790 1335 1866 δακτύλων
1361 1804 1780 1886 ὲπιπλατύνεται
1798 1843 1814 1867 ,

1932 1821 2056 1878 gues
2093 1806 2160 1857 ad
2217 1813 2466 1857 summos
2521 1798 2725 1868 digitos
2771 1797 3074 1859 dilatetur;
3131 1806 3240 1862 quo
3295 1790 3499 1851 modo,

225 1910 258 1978 ἢ
301 1908 424 1971 πῶς
468 1907 557 1960 ἀεὶ
590 1904 651 1958 τὸ
697 1903 984 1977 ἐγκάρδιον
1024 1899 1388 1971 ἀναφλέγεται
1417 1896 1551 1968 πῦρ,
1586 1895 1674 1950 διὰ
1705 1893 1816 1948 τῶν

225 1997 509 2070 ἀρτηριῶν
569 1998 656 2066 ἐφ’
717 1995 862 2050 ἀπαν
933 1993 994 2047 τὸ
1065 1991 1226 2062 σῶμα
1285 1987 1718 2059 διαφερόμενον*
1777 1984 1812 2057 ἢ

224 2091 345 2155 πῶς
386 2090 450 2143 τὸ
485 2089 794 2159 πινόμενον,
839 2083 1058 2139 ἐπειδὰν
1103 2085 1162 2136 ὲν
1217 2080 1294 2152 τῷ
1340 2080 1512 2151 ἥπατι
1563 2077 1814 2147 γένηται⁶

231 2179 560 2252 μεταϐάλλει
595 2178 685 2232 καὶ
711 2179 771 2230 τὸ
804 2171 942 2238 εἶδος
972 2175 1068 2228 καὶ
1111 2173 1213 2242 τὴν
1254 2171 1514 2240 ποιότητα
1548 2167 1637 2222 διά
1673 2184 1818 2232 τινος

225 2271 572 2334 ἀλλοιώσεως
621 2269 946 2340 αὐτομάτως
988 2263 1470 2336 ὲξαιματούμενον.
1503 2256 1602 2315 Ὧν
1647 2259 1818 2314 ἀπάν-

227 2381 334 2418 των
363 2367 400 2434 ἡ
425 2363 647 2433 γνῶσις,
687 2361 849 2434 μέχρι
881 2358 974 2414 τοῦ
1003 2359 1266 2430 παρόντος
1295 2355 1443 2409 ἐστὶν
1482 2354 1813 2426 ἀπόρρητος

224 2458 302 2522 ὼς
327 2458 548 2526 ἀγνοεῖν
584 2456 732 2528 ἡμᾶς
750 2456 849 2526 τὴν
893 2453 1036 2525 ζωὴν
1079 2454 1137 2506 ὲν
1255 2448 1588 2521 βιοτεύομεν.
1621 2447 1725 2502 Τὸν
1762 2447 1818 2500 δὲ

225 2549 326 2618 τῆς
375 2546 683 2615 αίσθήσεως
735 2542 1139 2616 κεχωρισμένον
1188 2540 1320 2611 βίον,
1348 2539 1398 2592 οἱ
1449 2540 1515 2609 τῇ
1567 2536 1818 2608 αἰσθήσει

229 2639 525 2706 συζῶντες,
559 2634 880 2692 ἀδυνατοῦσι
913 2633 1140 2688 καθόλου
1192 2630 1510 2685 θεάσασθαιο
1555 2629 1672 2692 πῶς
1710 2627 1819 2700 γάρ

227 2733 295 2788 ἀν
319 2749 406 2796 τις
426 2731 496 2784 δι’
514 2730 821 2800 αἰσθήσεως
848 2729 947 2782 ἴδοι
969 2727 1029 2782 τὸ
1052 2725 1155 2792 ἔξω
1184 2725 1282 2796 τῆς
1313 2725 1611 2796 αἰσθήσεως
1633 2740 1647 2788 ;
1682 2723 1817 2791 Ἀμ-

229 2822 480 2894 φοτέρων
500 2819 679 2874 τοίνυν
699 2819 806 2873 τῶν
831 2817 960 2890 βίων
979 2817 1179 2888 ὁμοίως
1199 2813 1600 2885 ἀγνοουμένων,
1625 2810 1816 2864 τούτου

232 2915 333 2984 μὲν
365 2914 455 2967 διὰ
481 2913 543 2966 τὸ
571 2911 706 2984 πρὸς
735 2910 892 2982 μόνον
933 2910 995 2964 τὸ
1025 2908 1346 2980 φαινόμενον
1390 2905 1606 2976 βλέπειν
1637 2904 1781 2973 ὑμᾶς
1800 2917 1815 2935 ·

231 3005 446 3059 ἐκείνου
474 3004 554 3069 δὲ,
594 3003 683 3057 διὰ
715 3003 794 3085 τὸ⁸
812 3003 887 3074 μὴ
915 3000 1286 3054 καθικνεῖσθαι
1320 2997 1419 3069 τὴν
1444 2997 1716 3068 αἴσθησιν.
1754 2993 1820 3048 Τί

231 3097 566 3162 πεπόνθατε,
585 3094 880 3168 ἄνθρωποι,
902 3092 1093 3147 τούτου
1127 3092 1223 3164 μὲν
1247 3091 1322 3155 ὡς
1346 3089 1552 3160 ἀγαθοῦ
1574 3087 1824 3160 περιεχό-

1924 1899 2017 1970 qui
2061 1910 2275 1965 semper
2309 1894 2362 1948 in
2401 1891 2719 1963 praecordiis
2753 1888 2909 1942 ardet
2941 1887 3084 1957 ignis
3118 1899 3214 1955 per
3273 1883 3508 1937 arterias

1927 1990 1984 2045 in
2014 1995 2192 2044 totum
2223 1999 2427 2054 corpus
2453 1989 2706 2048 emanet;
2739 1977 3019 2050 quomodo
3050 1975 3137 2040 id,
3188 1974 3335 2045 quod
3364 1974 3508 2028 bibi-

1925 2083 2037 2149 tis,
2072 2095 2198 2135 cum
2243 2077 2312 2132 ad
2369 2077 2537 2146 liepar
2581 2071 2917 2132 accesserit,
2977 2068 3214 2139 speciem
3271 2065 3511 2136 qualita-

1926 2186 2147 2246 temque
2207 2179 2545 2234 commutet,
2573 2176 2626 2222 ct
2659 2166 2714 2219 in
2759 2163 3093 2234 sanguinem
3124 2165 3502 2215 convertatur.

1925 2269 2134 2324 llorum
2165 2280 2263 2322 vos
2286 2262 2532 2319 omnium
2575 2260 2642 2314 ad
2680 2259 2784 2312 hoc
2818 2270 2994 2326 usque
3019 2262 3236 2323 tempus
3264 2249 3508 2320 cognitio

1927 2361 2129 2424 latuit,
2177 2364 2237 2413 ut
2263 2371 2381 2413 eam
2415 2355 2593 2424 ipsam
2618 2390 2633 2416 ,
2689 2350 2745 2404 in
2771 2361 2878 2418 qua
2939 2341 3281 2407 versamini,
3341 2340 3507 2394 vitam

1925 2452 2230 2526 ignoretis,
2265 2449 2467 2506 nedum
2517 2445 2666 2501 illam
2699 2482 2715 2508 ,
2750 2455 2872 2513 quae
2926 2451 2956 2491 a
2992 2435 3249 2492 sensibus
3299 2440 3386 2489 est
3421 2446 3512 2486 re-

1927 2524 2236 2601 motissima
2256 2584 2272 2606 ,
2307 2556 2432 2599 cum
2462 2536 2720 2595 sensibus
2743 2528 3031 2601 conjuncti
3057 2541 3288 2583 cernere
3320 2524 3509 2579 valea-

1925 2637 2020 2692 tis.
2089 2633 2383 2702 Quomodo
2435 2631 2582 2686 enim
2640 2628 2914 2698 quispiam
2979 2638 3076 2692 per
3136 2634 3396 2684 sensum,
3456 2617 3512 2671 id

1926 2727 2077 2799 quod
2109 2743 2278 2784 sensu
2313 2725 2570 2794 superius
2599 2729 2681 2776 est
2704 2761 2717 2784 ,
2752 2716 3098 2774 intuebitur?
3131 2713 3378 2782 Utraque
3417 2711 3514 2780 igi-

1928 2829 2019 2875 tur
2051 2821 2162 2874 vita
2191 2834 2220 2872 a
2261 2818 2417 2873 vobis
2447 2815 2656 2887 pariter
2690 2816 2993 2883 ignoratur,
3025 2817 3078 2863 et
3111 2821 3351 2876 praesens
3373 2805 3511 2864 lucc,

1928 2910 2188 2981 quoniam
2223 2908 2278 2963 id
2301 2907 2479 2964 solum
2507 2947 2522 2974 ,
2577 2903 2724 2976 quod
2760 2909 2984 2973 apparet
3016 2941 3031 2965 ,
3091 2897 3402 2968 inspicitis:
3461 2905 3516 2950 et

1929 3005 2104 3059 altera
2129 3002 2222 3058 illa
2248 3041 2263 3067 ,
2296 3001 2426 3070 quia
2464 3014 2663 3054 sensus
2702 2996 2770 3052 ad
2810 3010 2927 3051 eam
2964 2990 3290 3062 vestigando
3322 3002 3525 3066 perve-g

1928 3099 2051 3155 nire
2075 3109 2186 3151 non
2219 3100 2419 3165 potest.
2449 3091 2584 3158 Quae
2612 3105 2736 3145 cum
2787 3088 2866 3143 ita
2924 3101 2982 3142 se
3039 3084 3318 3148 habeant,
3375 3094 3515 3147 cur,

236 3206 415 3260 μενοι,
460 3188 638 3244 καίτοι
703 3185 1064 3258 ἀγνοουμένου
1084 3203 1099 3218 ο
1164 3187 1370 3241 ἐκεῖνον
1420 3182 1476 3238 δὲ
1529 3180 1826 3244 δεδοικότες

1932 3206 1962 3246 o
1991 3188 2252 3246 mortales
2274 3226 2290 3253 ,
2322 3185 2407 3242 sic
2456 3182 2640 3239 aﬂecti
2672 3180 2840 3238 estis?
2896 3194 2996 3234 cur
3044 3176 3190 3231 hanc
3213 3213 3230 3241 ,
3269 3174 3399 3230 licet
3434 3173 3520 3227 in-

234 3282 332 3338 καὶ
377 3279 708 3351 φρίττοντες,
757 3278 832 3342 ὼς
877 3276 1110 3350 χαλεπὸν
1164 3277 1257 3330 καὶ
1312 3275 1476 3345 φόϐου
1523 3272 1706 3337 ἀξιονο
1756 3272 1823 3325 δι’

234 3371 390 3426 οὐδὲν
417 3370 564 3434 ἄλλο,
588 3369 622 3440 ἢ
651 3368 738 3422 διά
764 3367 920 3422 τοῦτο
951 3367 1130 3437 μόνον,
1164 3366 1245 3420 ὅτι
1268 3364 1513 3433 ἀγνοεῖτε
1543 3358 1656 3416 οἷόν
1683 3363 1823 3428 scr-rt;

236 3464 432 3518 Καίτοι
476 3461 646 3516 πολλά
687 3461 781 3514 καὶ
821 3459 956 3514 ἀλλα
998 3459 1092 3512 καὶ
1121 3459 1228 3511 τῶν
1259 3459 1379 3510 κατ’
1409 3455 1660 3527 αἴσθησιν
1691 3455 1826 3525 ἡμῖν

236 3553 692 3626 προφαινομένων
723 3551 816 3605 καὶ
848 3549 1228 3621 ἀγνοουμένων
1267 3548 1327 3602 οὐ
1354 3546 1688 3618 δεδοίκαμεν.
1730 3543 1829 3607 Τίς

237 3645 346 3717 γὰρ
373 3647 407 3717 ἡ
447 3644 610 3715 φύσις
637 3643 745 3698 τῶν
777 3645 897 3698 κατ’
935 3641 1162 3714 οὐρανὸν
1197 3638 1556 3711 φαινομένων,
1598 3636 1631 3708 ἢ
1666 3635 1719 3689 τί
1767 3635 1830 3688 τὸ

239 3737 508 3809 περιάγον
535 3736 625 3791 τὸν
649 3736 810 3790 πόλον
834 3732 894 3801 ἐξ
922 3734 1162 3790 ἐναντίου
1186 3732 1287 3806 τὴν
1321 3732 1556 3802 κίνησιν,
1587 3729 1622 3802 ἢ
1675 3728 1728 3783 τί
1768 3727 1830 3781 τὸ

236 3832 446 3905 ἐρεῖδον
496 3830 592 3900 τὴν
626 3830 727 3901 τῆς
767 3831 870 3901 γῆς
913 3828 1217 3900 παγιότητα
1241 3842 1253 3856 ·
1308 3823 1426 3888 πῶς
1471 3823 1530 3876 δὲ
1561 3823 1595 3894 ἡ
1631 3818 1831 3893 ρευστὴ

238 3925 348 3978 τῶν
398 3923 608 3978 ὑδάτων
642 3922 802 3992 φύσις
851 3921 940 3975 ἀεὶ
980 3921 1189 3988 γίνεται
1236 3921 1301 3972 ὲκ
1345 3919 1443 3990 τῆς
1472 3919 1597 3988 γῆς,
1641 3914 1736 3968 καὶ
1769 3912 1831 3966 οὐ

239 4013 550 4068 δαπανᾶται
581 4013 616 4082 ἡ
641 4011 716 4084 γῆ
737 4029 749 4041 θ
775 4012 868 4065 καὶ
895 4011 1031 4066 ἀλλα
1055 4009 1280 4064 τοιαῦτα
1311 4007 1482 4062 πολλά
1511 4005 1634 4060 οὒτε
1664 4003 1834 4074 ἐγνώ-

241 4122 456 4175 καμεν,
505 4103 629 4157 οὔτε
686 4103 865 4173 φόϐων
921 4101 1079 4169 ἀξίαν
1130 4101 1228 4174 τὴν
1278 4100 1500 4169 ἄγνοιαν
1551 4099 1830 4169 κρίνομεν.

256 4193 422 4247 Ἀλλά
473 4193 568 4247 καὶ
620 4193 788 4264 αὐτὴν
844 4193 942 4265 τὴν
994 4193 1173 4247 πάντα
1229 4190 1352 4245 νοῦν
1405 4187 1834 4260 ὑπερϐαίνουσαν

245 4285 435 4356 φύσιν,
470 4286 567 4357 τὴν
600 4286 751 4340 θείαν
782 4303 842 4338 τε
873 4285 968 4339 καὶ
1008 4284 1285 4356 μακαρίαν
1311 4283 1404 4336 καὶ
1431 4281 1834 4350 ἀκατάληπτον,

1926 3283 2206 3356 cognitam
2228 3319 2244 3348 ,
2279 3287 2342 3336 ut
2382 3279 2582 3335 bonam
2610 3271 3076 3346 complectimini,
3124 3269 3272 3324 illam
3335 3274 3520 3322 autem

1927 3385 1988 3431 ut
2008 3374 2331 3430 horribilem
2359 3385 2424 3426 ac
2449 3367 2797 3425 metuendam
2819 3360 3173 3420 formidatis?
3196 3373 3308 3414 non
3355 3356 3521 3411 aliam

1929 3467 2124 3537 utique
2152 3465 2222 3520 ob
2253 3477 2478 3520 causam
2510 3460 2566 3516 id
2612 3459 2806 3530 agitis,
2860 3453 2967 3510 nisi
2999 3453 3164 3524 quia,
3189 3449 3370 3522 qualis
3401 3448 3520 3518 ipsa

1930 3560 2034 3626 sit,
2068 3571 2181 3612 non
2213 3552 2573 3624 cognoscitis.
2630 3549 2765 3616 Quae
2821 3556 3006 3602 tamen
3065 3560 3176 3600 non
3229 3549 3315 3599 est
3368 3540 3521 3611 justa

1931 3663 2100 3704 causa
2162 3644 2480 3710 metuendi,
2531 3657 2658 3698 cum
2715 3640 2890 3694 multa
2960 3637 3073 3693 sint
3120 3636 3208 3691 vel
3262 3631 3524 3690 sensibus

1931 3739 2183 3814 exposita
2204 3779 2220 3807 ,
2253 3737 2336 3794 vel
2361 3737 2430 3792 ab
2459 3735 2540 3791 eis
2572 3740 2786 3790 remota
2809 3769 2826 3798 ,
2859 3745 2984 3802 quae
3029 3729 3159 3784 licet
3212 3723 3517 3797 ignoretis,

1931 3849 2046 3891 non
2074 3828 2492 3904 pertimescitis.
2520 3823 2657 3881 Nam
2707 3831 2763 3881 et
2796 3838 2920 3895 quae
2948 3822 3020 3879 sit
3049 3814 3245 3876 eorum
3283 3823 3481 3872 natura
3502 3854 3520 3881 ,

1935 3938 2058 3994 quae
2114 3922 2170 3975 in
2225 3918 2369 3975 CtBlO
2429 3914 2796 3988 conspicitis,
2853 3924 2906 3969 et
2953 3910 3085 3983 quid
3144 3909 3295 3964 circa
3338 3906 3525 3977 polum

1935 4031 2103 4075 cursu
2137 4011 2419 4069 contrario
2455 4017 2668 4065 motum
2703 4007 2881 4070 cieat,
2944 4001 3149 4074 quidve
3200 4007 3360 4056 terrae
3394 3998 3528 4054 soli-

1936 4111 2166 4165 ditatem
2205 4111 2512 4170 sustentet,
2574 4108 2670 4156 aut
2713 4115 2823 4170 quo
2855 4096 3022 4152 modo
3054 4093 3200 4148 ﬂuxa
3258 4105 3524 4160 aquarum

1936 4208 2137 4256 natura
2171 4197 2392 4254 assidue
2435 4195 2692 4265 gignatur
2740 4207 2772 4246 e
2811 4199 2997 4253 terra,
3052 4199 3156 4242 nec
3209 4185 3332 4254 ipsa
3381 4189 3528 4235 terra

1939 4289 2196 4353 deﬁciat,
2243 4285 2547 4357 ignoratis,
2581 4298 2684 4338 nec
2716 4289 2899 4334 tamen
2932 4279 3003 4332 ob
3053 4272 3331 4329 inscitiam
3386 4270 3530 4324 hanc

246 4381 332 4434 ὅτι
387 4380 487 4450 μὲν
535 4378 672 4444 ἔστι,
720 4377 1187 4448 πεπιστεύκαμεν,
1235 4377 1293 4430 ὲν
1337 4374 1442 4428 τίνι
1474 4373 1532 4427 δὲ
1579 4371 1751 4442 αὐτῆς
1777 4369 1828 4424 τὸ

1940 4375 2358 4435 exhorrescitis.
2395 4372 2581 4438 Quid?
2619 4369 2767 4442 quod
2826 4368 3070 4422 divinam
3119 4378 3182 4418 ac
3212 4363 3428 4418 beatam
3464 4359 3531 4414 il-

248 4468 393 4526 εἶναι
425 4471 923 4544 καταλαμϐάνεται,
970 4469 1124 4524 οὔπω
1150 4486 1235 4532 τις
1269 4467 1464 4540 εὑρέθη
1513 4464 1603 4520 διὰ
1646 4480 1828 4534 στοχα-

1941 4472 2050 4527 lam
2105 4477 2361 4523 naturam
2419 4477 2605 4518 rerum
2683 4459 2930 4515 omnium
2979 4454 3530 4529 praestantissimam,

251 4563 396 4634 σμοῦ
435 4564 781 4636 κατανόησις,
817 4565 910 4618 καὶ
932 4565 1080 4635 ὅμως
1113 4561 1415 4633 ἀγαπῶμεν
1448 4561 1507 4614 τὸ
1540 4557 1828 4629 ἀγνοούμε-

1942 4578 2064 4635 quae
2092 4575 2191 4616 nec
2221 4555 2556 4628 cogitatione
2576 4593 2592 4620 ,
2622 4567 2725 4607 nec
2756 4550 2942 4604 animo
2965 4587 2980 4613 ,
3017 4555 3113 4602 aut
3162 4554 3346 4602 mente
3377 4544 3533 4616 plene

249 4672 344 4710 νον
397 4653 458 4720 ἐξ
502 4655 627 4725 ὅλης
675 4655 900 4726 καρδίας
939 4671 997 4708 τε
1033 4655 1126 4709 καὶ
1153 4654 1332 4726 ψυχῆς
1357 4653 1452 4707 καὶ
1476 4652 1758 4722 δυνάμεως
1784 4649 1846 4703 τὸ

247 4746 669 4818 καταληφθῆναι
712 4750 825 4812 τοῖς
857 4746 1136 4817 λογισμοῖς
1177 4747 1236 4798 ού
1283 4745 1603 4816 δυνάμενον.
1650 4742 1748 4796 Διά
1791 4741 1846 4794 τί

247 4839 438 4893 τοίνυν
475 4840 728 4894 ἐπιπόνου
772 4839 866 4892 τοῦ
915 4839 1054 4910 μετά
1100 4838 1197 4910 τὴν
1229 4837 1371 4908 ζωὴν
1401 4837 1605 4908 ταύτην
1636 4835 1846 4905 ἐκδεχο-

255 4932 425 5004 μένου
453 4934 597 5003 ήμᾶς
626 4933 764 5004 βίου,
802 4934 831 4986 ὀ
873 4933 1066 5002 ἄλογος
1107 4926 1262 4994 οὗτος
1313 4929 1624 4985 συνίσταται
1661 4929 1844 4999 φόϐος,

251 5023 350 5077 διὰ
379 5023 548 5096 μόνην
588 5024 686 5096 τὴν
712 5025 934 5092 ἄγνοιαν
976 5023 1288 5077 δεδοικότων
1319 5021 1475 5094 ἡμῶν
1505 5021 1533 5074 ὃ
1573 5021 1673 5074 ούκ
1697 5020 1844 5073 οἴδα-

259 5133 388 5188 μεν,
419 5116 668 5188 καθάπερ
697 5117 790 5169 ἐπὶ
816 5115 922 5170 τῶν
950 5115 1159 5188 νηπίων
1197 5116 1406 5185 γίνεται
1433 5115 1540 5167 τῶν
1571 5115 1704 5184 πρὸς
1749 5112 1848 5174 τὰς

256 5208 664 5272 ἀνυποστάτους
691 5209 947 5273 ὑπονοίας
970 5207 1443 5280 δειματουμένων;
1485 5207 1542 5258 Ὀ
1572 5207 1682 5275 γάρ
1715 5204 1850 5275 πρὸς

256 5300 364 5372 τὴν
405 5298 658 5369 ἀλήθειαν
698 5299 807 5353 τῶν
836 5300 1006 5355 ὄντων
1031 5300 1227 5355 ἐθέλων
1265 5299 1503 5371 βλέπειν,
1551 5297 1766 5367 πρῶτον
1795 5297 1852 5348 ὲν

260 5391 518 5462 περινοίᾳ.
545 5395 640 5445 τοῦ
670 5392 991 5463 πράγματος
1011 5393 1221 5462 γίνεται
1247 5408 1260 5423 ·
1291 5387 1409 5446 εἶτα
1436 5386 1546 5443 οἶόν
1574 5393 1688 5442 ἐστι
1715 5387 1855 5442 κατὰ

260 5484 364 5556 τὴν
403 5483 565 5553 φύσιν
611 5483 1001 5554 ὲπιλογίζεται,
1059 5486 1172 5539 εἴτε
1221 5503 1271 5539 τι
1315 5484 1585 5557 χρήσιμον
1633 5482 1726 5535 καὶ
1766 5481 1856 5534 εὑ-

262 5579 548 5649 πρόσιτον,
583 5579 696 5631 εἴτε
740 5579 973 5650 χαλεπόν
1019 5595 1072 5630 τι
1122 5576 1218 5630 καὶ
1265 5575 1654 5649 ἀποτρόπαιον.
1701 5572 1773 5625 Τὸ
1800 5571 1857 5625 δὲ

259 5669 463 5740 ἀδηλον
508 5668 739 5723 καθόλου
789 5668 884 5721 καὶ
932 5667 1325 5738 ἀγνοούμενον,
1375 5665 1493 5730 πῶς
1533 5662 1596 5719 ἄν
1636 5680 1719 5726 τις
1748 5660 1858 5715 τῶν

273 5762 393 5819 νοῦν
417 5762 650 5834 ἐχόντων
683 5761 918 5833 χαλεπὸν
937 5761 1075 5817 εἶναι
1099 5760 1295 5832 κρίνοι,
1329 5759 1428 5830 τὴν
1447 5758 1544 5828 τῆς
1571 5754 1856 5825 συνηθείας

1942 4650 2333 4726 comprehendi
2363 4655 2581 4719 potest,
2613 4660 2743 4702 esse
2772 4641 3002 4714 quidem
3027 4639 3253 4696 creditis
3273 4678 3288 4703 ,
3321 4639 3378 4693 in
3425 4652 3534 4707 quo

1944 4756 2127 4804 autem
2154 4744 2460 4810 consistat,
2505 4740 2707 4812 quidve
2737 4739 2858 4808 ipsa
2889 4736 2995 4800 sit,
3036 4733 3186 4789 nulla
3216 4730 3396 4785 adhuc
3441 4744 3534 4781 ra-

1942 4839 2096 4894 tione
2125 4836 2403 4906 conjicere
2423 4831 2686 4905 potuistis
2707 4869 2722 4896 ,
2756 4836 2922 4900 atque
2952 4839 3074 4882 eam
3109 4832 3295 4880 tamen
3321 4860 3336 4886 ,
3369 4834 3535 4891 quam

1947 4931 2116 4987 nullis
2149 4926 2462 4984 rationibus
2495 4923 2688 4979 valetis
2735 4921 3043 4992 intelligere
3066 4958 3082 4984 ,
3146 4921 3263 4969 toto
3321 4911 3493 4968 corde
3519 4949 3536 4973 ,

1953 5022 2136 5077 animo
2162 5060 2177 5085 ,
2200 5019 2516 5086 virtuteque
2539 5012 2813 5085 diligitis?
2848 5010 2962 5066 Cur
2992 5009 3162 5081 igitur
3218 5005 3335 5059 haec
3372 5001 3537 5057 stulta

1955 5113 2171 5168 timoris
2217 5110 2359 5164 ratio
2413 5107 2557 5162 valet
2591 5107 2646 5161 in
2708 5105 2800 5159 illa
2859 5103 3018 5166 sola,
3068 5112 3191 5169 qua:
3249 5109 3352 5151 nos
3414 5102 3538 5163 post

1957 5208 2098 5259 hanc
2152 5208 2450 5270 exceptura
2492 5205 2612 5261 est,
2643 5195 2792 5259 vita,
2823 5199 2922 5258 ut,
2959 5205 3080 5262 quae
3127 5202 3239 5242 non
3286 5184 3540 5240 novimus

1957 5310 2253 5368 puerorum
2282 5293 2461 5348 instar
2482 5332 2499 5356 ,
2540 5289 2636 5360 qui
2668 5286 2931 5343 inanibus
2957 5281 3282 5353 opinionum
3311 5278 3541 5348 ﬁgmen-
3602 5300 3608 5312 -

1960 5365 2030 5442 tis
2059 5385 2442 5448 deterrentur,
2478 5377 2842 5436 formidemus
2867 5376 2890 5428 ?
2919 5373 3025 5439 Qui
3067 5371 3214 5428 enim
3267 5382 3384 5423 rem
3442 5365 3543 5419 ali-

1957 5492 2120 5548 quam
2149 5474 2354 5530 habere
2385 5474 2538 5542 cupit
2581 5474 2920 5540 perspectam
2952 5471 3007 5519 et
3061 5461 3337 5531 cognitam
3360 5498 3374 5524 ,
3431 5459 3544 5529 pri-

1956 5584 2106 5625 mum
2141 5583 2366 5639 operam
2399 5567 2535 5630 dat,
2579 5572 2675 5626 ut,
2708 5577 2830 5632 quae
2865 5560 2938 5614 sit
2964 5557 3088 5626 ejus
3124 5565 3362 5617 natura,
3418 5552 3544 5606 dili-

1958 5671 2147 5732 genter
2186 5655 2540 5718 consideret,
2603 5662 2767 5722 atque
2817 5650 2922 5715 ita,
2976 5655 3163 5711 utrum
3214 5641 3539 5705 commoda,

1959 5760 2012 5809 et
2043 5749 2418 5818 admittenda,
2442 5762 2510 5802 an
2543 5745 2726 5814 gravis
2763 5739 3168 5808 avertendaque
3203 5737 3314 5803 sit,
3343 5733 3546 5792 intelli-
