4026 6436
559 321 662 376 ὕΙῦ

1792 317 1849 372 S.
1891 315 2221 370 GREGORII
2253 316 2542 374 ΝγςεΕΝΙ

3726 331 3827 390 516

555 443 666 507 gat.
712 431 872 498 Quod
907 436 1090 484 autem
1153 429 1428 484 incertum
1483 429 1745 493 omnino,
1796 437 1852 484 et
1885 428 2120 498 incogni-

2240 429 2589 502 ἀναχώρησιν
2631 431 2818 503 μόνην,
2855 431 2930 495 ὡς
2972 434 3142 504 πυρός
3175 453 3336 503 τινος,
3369 440 3403 511 ἢ
3433 437 3623 512 θηρίου
3656 459 3826 513 προσ-

557 539 669 582 tum
701 533 806 590 est,
840 524 966 594 quis
991 535 1180 576 eorum
1203 561 1219 585 ,
1256 522 1351 591 qui
1402 521 1658 592 sapiunt,
1721 520 1794 577 ob
1855 521 1907 575 id
1954 522 2132 575 solum

555 617 698 689 quod
728 617 797 672 ab
827 630 931 670 usu
961 621 1014 668 et
1045 612 1445 668 consuetudine
1479 623 1744 667 remotum
1777 613 1850 668 sit
1878 653 1892 677 ,
1923 611 2136 682 fugien-

555 707 682 764 dum
710 713 898 779 putet,
929 715 983 760 et
1015 713 1073 758 ut
1103 703 1247 774 ignis
1271 744 1286 769 ,
1323 711 1416 757 aut
1450 702 1578 758 ferte
1623 702 1930 772 cujuspiam
1963 703 2136 773 impo—

553 811 668 857 tum
713 795 1075 868 suspicetur?
1114 811 1240 850 cum
1307 797 1425 864 ipsa
1478 809 1582 850 nos
1624 797 1734 848 vita
1789 793 2015 860 doceat,
2067 809 2136 849 ne

553 906 772 960 semper
809 904 970 944 usum
1015 896 1070 942 et
1117 885 1570 942 consuetudinem
1617 886 1987 950 attendamus,
2037 885 2134 940 sed

555 984 623 1038 ad
653 998 759 1048 ea,
803 997 927 1051 qua:
957 987 1113 1034 recta
1164 979 1505 1048 honestaque
1560 985 1727 1044 sunt,
1790 977 2010 1033 animos
2069 993 2135 1033 ac

556 1073 738 1130 studia
789 1080 977 1127 nostra
1033 1079 1442 1126 eonvertamus.
1488 1068 1672 1140 Neque
1725 1069 1872 1124 enim
1938 1069 2130 1125 eadem

555 1179 773 1234 semper
806 1161 1126 1216 hominibus
1153 1170 1239 1215 est
1275 1162 1390 1214 vita
1417 1200 1432 1225 ,
1485 1161 1579 1217 sed
1603 1201 1617 1225 ,
1661 1161 1788 1215 dum
1821 1161 1875 1215 in
1905 1161 2134 1216 visceri—

554 1254 656 1310 bus
682 1254 822 1308 fetus
852 1251 1164 1306 formantur
1190 1295 1204 1320 ,
1237 1253 1516 1324 propriam
1563 1253 1670 1308 illis
1715 1261 1769 1307 et
1797 1254 2133 1308 convenien-

553 1352 662 1401 tem
715 1345 770 1398 in
803 1352 962 1398 utero
993 1344 1165 1397 vitam
1196 1353 1397 1400 natura
1438 1345 1658 1400 tribuit.
1717 1343 1830 1400 Nec
1884 1360 2010 1399 cum
2066 1360 2134 1400 ex

550 1445 708 1490 utero
739 1437 946 1508 egressi
977 1435 1220 1500 fuerint,
1275 1451 1492 1506 semper
1548 1435 1816 1490 inhaerent
1847 1450 2129 1498 mammae,

549 1529 643 1584 sed
695 1528 939 1598 quandiu
975 1527 1307 1598 imperfectae
1351 1527 1568 1581 illorum
1619 1525 1853 1580 aetatula;
1909 1526 1963 1580 id
2001 1542 2132 1580 con-

546 1622 697 1692 gruit
725 1630 778 1676 et
804 1619 1059 1690 prodest;
1093 1627 1219 1689 post
1245 1627 1424 1673 autem
1463 1618 1528 1672 ad
1563 1617 1668 1671 alia
1694 1623 2128 1682 convertuntur,

547 1731 649 1770 nec
684 1715 851 1770 ubera
876 1727 1092 1782 semper
1115 1712 1186 1766 ob
1213 1710 1663 1766 consuetudinem
1694 1717 1975 1779 appetunt.
2000 1707 2130 1764 Post

2241 521 2399 593 ϐολήν
2432 522 2788 589 ὑποπτεύωνς
2823 523 3015 577 Καίτοι
3049 526 3410 600 παιδευόμεθα
3449 531 3536 584 διά
3569 531 3664 585 τοῦ
3712 533 3826 602 βίου

2241 613 2449 682 σαφῶς,
2501 614 2575 686 μὴ
2631 614 2863 668 πάντοτε
2915 616 3050 687 πρὸς
3089 617 3187 689 τὴν
3233 621 3520 693 συνήθειαν
3583 624 3823 694 βλέπειν,

2237 701 2373 756 ἀλλά
2401 702 2538 773 πρὸς
2579 703 2641 755 τὸ
2688 703 2850 756 καλὸν
2893 708 3011 768 ταῖς
3042 707 3358 777 ἐπιθυμίαις
3403 713 3488 764 ἀεὶ
3535 715 3826 781 μετατίθε-

2239 791 2382 847 σθαι.
2427 791 2566 846 Οὔτε
2599 791 2708 864 γὰρ
2740 793 2827 847 διά
2856 795 3055 858 παντὸς
3095 796 3152 848 ἐν
3181 798 3407 869 ὲμϐρύῳ
3434 803 3549 864 τοῖς
3588 802 3826 855 πλασσο-

2240 884 2422 954 μένοις
2455 885 2602 937 ἐστὶν
2638 887 2670 956 ἡ
2703 885 2838 955 ζωὴ,
2872 885 2986 939 ἀλλ’
3015 887 3119 950 ἓως
3148 888 3214 942 ἂν
3247 890 3304 941 ὲν
3332 893 3443 956 τοῖς
3492 893 3824 962 σπλάγχνοις

2235 970 2394 1042 ὦσιν,
2437 975 2618 1046 ἡδεῖαν
2663 977 2847 1040 αὐτοῖς
2891 977 2984 1030 καὶ
3035 979 3427 1051 κατάλληλονὴ
3473 981 3638 1050 φύσις
3685 987 3825 1036 ποιεῖ

2234 1067 2334 1140 τὴν
2369 1069 2428 1121 ἐν
2459 1070 2526 1138 τῇ
2569 1067 2721 1138 νηδύϊ
2768 1069 2914 1138 ζωήν
2935 1085 2949 1098 ·
2999 1069 3122 1122 οὔτε
3152 1072 3368 1126 ἐπειδὰν
3398 1072 3502 1137 ἔξω
3531 1075 3820 1142 γένωνται,

2233 1161 2298 1231 τῇ
2331 1159 2465 1230 θηλῇ
2495 1159 2583 1212 διά
2623 1160 2822 1223 παντὸς
2869 1161 3296 1231 παραμένουσιν,
3325 1162 3438 1217 ἀλλ’
3469 1165 3553 1234 ἐφ’
3581 1166 3709 1219 ὅσον
3747 1165 3822 1236 τῷ

2246 1251 2429 1304 ἀτελεῖ
2461 1252 2558 1321 τῆς
2602 1251 2813 1322 ἡλικίας
2838 1252 3001 1306 καλὸν
3020 1254 3081 1306 τὸ
3105 1255 3340 1308 τοιοῦτόν
3367 1258 3482 1308 ἐστι
3506 1257 3599 1310 καὶ
3624 1258 3821 1311 κατάλ-

2233 1343 2412 1413 ληλον.
2459 1342 2605 1396 Μετά
2650 1342 2805 1397 τοῦτο
2845 1345 2922 1409 δὲ,
2954 1346 3091 1417 πρὸς
3137 1346 3301 1418 ἀλλην
3343 1349 3670 1403 ἀκολουθίαν
3707 1350 3817 1420 βίου

2237 1436 2606 1506 μετέρχονται,
2640 1435 2791 1489 ούδέν
2821 1437 2925 1490 ὑπὸ
2951 1437 3050 1508 τῆς
3081 1439 3368 1510 συνηθείας
3403 1442 3540 1512 πρὸς
3563 1442 3626 1494 τὸ
3664 1441 3818 1512 μαζῷ

2233 1526 2684 1598 συμπαραμένειν
2732 1527 3170 1600 ἀναπειθόμενοι.
3224 1525 3357 1584 Εἶτα
3406 1532 3542 1602 μετά
3579 1533 3678 1604 τὴν
3728 1551 3816 1604 νη·-

2232 1617 2406 1689 πιώδη
2439 1618 2791 1679 κατάστασιν.
2840 1619 2974 1673 ἀλλα
3012 1620 3122 1674 τῶν
3159 1624 3480 1694 μειρακίων,
3529 1628 3625 1679 καὶ
3684 1627 3815 1681 ἀλλα

2230 1709 2340 1764 τῶν
2369 1709 2852 1780 παρηλικεστέρων
2893 1712 3299 1782 ἐπιτηδεύματα
3332 1716 3562 1784 γίνεται,
3599 1718 3737 1790 πρὸς
3779 1718 3815 1772 ἃ

547 1814 753 1869 autem,
789 1819 914 1860 cum
956 1802 1240 1860 infantiam
1270 1801 1541 1865 exuerint,
1571 1801 1677 1854 alia
1711 1800 2120 1865 adolescentuli,

2238 1799 2551 1874 μεταϐαίνει
2588 1800 2656 1854 δι’
2690 1800 2982 1854 ἀκολούθου
3012 1805 3041 1856 6
3072 1804 3374 1876 ἄνθρωπος,
3407 1807 3629 1873 ἀλύπως
3675 1826 3812 1881 συμ-

546 1899 654 1954 alia
684 1898 796 1968 jam
827 1905 985 1952 aetate
1006 1894 1352 1965 provectiore
1381 1902 1688 1964 sequuntur
1709 1894 1910 1960 studia,
1936 1902 1989 1948 et
2013 1893 2134 1949 sine

545 1993 794 2049 molestia
831 1992 997 2047 simul
1037 2005 1162 2045 cum
1195 1996 1356 2044 aetate
1387 1988 1840 2045 consuetudinem
1877 1997 2108 2043 mutant.

615 2080 1086 2149 Quemadmodum
1114 2078 1282 2150 igitur
1311 2080 1404 2150 qui
1436 2079 1492 2135 in
1522 2087 1773 2135 materno
1804 2087 1997 2134 ventre
2022 2094 2128 2132 nu-

543 2175 708 2230 tritur
762 2173 926 2240 fetus,
966 2174 1009 2229 si
1048 2174 1199 2228 vocis
1229 2189 1390 2228 usum
1429 2174 1656 2230 haberet
1704 2175 1969 2244 aliquem,
1994 2175 2124 2228 dum

542 2267 598 2322 in
635 2267 755 2337 ipso
803 2274 928 2319 ortu
971 2279 1002 2320 e
1057 2263 1365 2319 visceribus
1444 2265 1736 2335 expellitur
1763 2303 1779 2330 ,
1821 2279 2129 2334 conquere-

542 2368 695 2414 retur
721 2400 735 2424 ,
761 2372 931 2427 seque
960 2357 1144 2429 gravia
1173 2357 1285 2428 pati
1324 2356 1610 2419 clamaret,
1647 2356 1791 2426 quod
1824 2370 1854 2409 a
1882 2355 2127 2425 jucunda

541 2452 944 2508 distraheretur
1024 2450 1241 2506 vivendi
1336 2448 1786 2513 consuetudine,
1846 2447 1900 2504 id
1975 2447 2123 2519 quod

542 2545 706 2599 etiam
742 2543 919 2607 facit,
969 2541 1098 2595 dum
1157 2541 1321 2598 simul
1374 2555 1438 2594 ac
1496 2541 1734 2610 primum
1786 2540 2024 2610 rcSpirat
2067 2541 2121 2594 in

542 2634 683 2690 hanc
716 2634 882 2688 vitam
919 2633 1204 2703 ingressus
1233 2672 1248 2697 ,
1319 2631 1590 2699 laerymas
1635 2629 1834 2693 fundit,
1873 2637 1926 2684 et
1983 2644 2122 2699 quo-

540 2725 666 2780 dam
700 2725 863 2780 modo
894 2724 1232 2794 indignatur.
1269 2731 1322 2777 et
1361 2721 1541 2783 dolet,
1583 2719 1730 2790 quod
1763 2736 1792 2774 a
1824 2721 1985 2775 solita
2011 2721 2122 2773 vita

538 2816 885 2873 discesserit:
925 2815 1005 2870 sic
1052 2814 1184 2869 mihi
1207 2811 1460 2868 videntur
1504 2809 1708 2875 facere,
1743 2810 1840 2881 qui
1888 2817 2122 2864 moerent

541 2910 596 2964 in
649 2909 808 2964 istius
849 2908 972 2962 vita:
1007 2904 1439 2960 commutatione
1467 2943 1482 2966 ,
1525 2903 1657 2957 dum
1705 2903 1878 2958 instar
1905 2917 2119 2966 eorum,

508 3000 634 3070 .qui
669 3001 724 3054 in
775 3008 934 3053 utero
983 3005 1135 3061 sunt,
1177 2996 1370 3051 volunt
1416 3009 1632 3064 semper
1670 2994 1725 3048 in
1777 2995 2026 3061 angustis
2059 3007 2124 3047 ac

2239 1889 2591 1957 μεταόἀλλων
2615 1893 2734 1954 ταῖς
2767 1890 3002 1960 ἡλικίαις
3032 1893 3126 1946 καὶ
3163 1894 3262 1965 τὴν
3292 1895 3600 1968 συνήθειαν.

2305 2075 2520 2145 ’Ὥσπερ
2551 2073 2728 2128 τοίνυν
2756 2075 2804 2127 el
2834 2075 2984 2146 φωνή
3017 2093 3101 2140 τις
3121 2071 3190 2150 ἦν
3216 2077 3294 2148 τῷ
3320 2077 3641 2149 τρεφομένῳ
3665 2079 3723 2134 ἐν
3746 2083 3813 2152 τῇ

2231 2169 2462 2240 μητρῷα
2505 2167 2680 2238 νηδύϊ,
2727 2167 3108 2236 ἠγανάκτησεν
3145 2167 3211 2222 ἂν
3255 2170 3341 2222 διά
3374 2171 3679 2242 γεννήσεως
3704 2172 3818 2226 τῶν

2230 2259 2554 2330 σπλάγχνων
2599 2257 3018 2328 ἐξοικιζόμενος,
3070 2259 3163 2312 καὶ
3207 2259 3354 2314 δεινά
3402 2260 3632 2331 πάσχειν
3684 2262 3817 2316 ἐϐόα

2227 2354 2325 2422 τῆς
2377 2347 2715 2420 καταθυμίου
2771 2349 3049 2420 διαγωγῆς
3091 2349 3508 2421 ἀποσπώμενος,
3563 2352 3702 2423 ὅπερ
3747 2351 3813 2424 δὴ

2229 2443 2324 2496 καὶ
2354 2445 2514 2505 ποιεῖ,
2547 2443 2612 2512 τῇ
2656 2437 2847 2512 πρώτῃ
2893 2442 3135 2512 ἁναπνοῇ
3187 2443 3558 2498 συνεκϐάλλων
3585 2443 3700 2514 ἅμα
3741 2447 3810 2516 τῇ

2228 2535 2477 2603 γεννήσει
2503 2533 2564 2586 τὸ
2583 2533 2833 2604 δάκρυον,
2865 2531 3056 2602 ὥσπερ
3085 2534 3407 2602 ἀγανακτῶν
3445 2552 3504 2588 τε
3551 2535 3646 2589 καὶ
3687 2536 3814 2589 ὀδυ-

2229 2626 2456 2696 ρόμενος
2488 2623 2579 2675 ἐπὶ
2606 2623 2684 2694 τῷ
2712 2623 2977 2695 χωρισμῷ
3023 2626 3122 2694 τῆς
3163 2625 3424 2694 συνήθους
3457 2624 3602 2696 ζωῆς
3623 2643 3636 2656 ⁸
3665 2625 3811 2680 οὕτω

2228 2733 2316 2786 μοι
2363 2714 2608 2768 δοκοῦσιν
2654 2717 2702 2767 οἱ
2753 2715 2889 2785 πρὸς
2925 2715 3025 2786 τὴν
3075 2715 3375 2786 μεταϐολὴν
3409 2715 3506 2770 τοῦ
3543 2719 3810 2788 παρόντος

2222 2806 2667 2877 δυσχεραίνοντες
2717 2805 2855 2875 βίου,
2886 2805 2948 2859 τὺ
2989 2806 3097 2860 τῶν
3146 2807 3401 2878 ἐμϐρύων
3447 2808 3700 2878 πάσχειν,
3749 2811 3809 2862 ἐν

2221 2898 2300 2968 τῷ
2323 2897 2410 2952 διά
2435 2899 2636 2961 παντὸς
2665 2897 2867 2952 ἐθέλειν
2885 2898 2960 2968 τῷ
2980 2899 3245 2970 χωρισμῷ
3267 2901 3364 2970 τῆς
3389 2900 3576 2971 ὑλικῆς
3604 2900 3809 2972 ταύτης

2221 2989 2413 3058 ἀηδίας
2435 2988 2791 3059 ἐμσιοτεύειν.
2833 2989 3080 3042 Ἐπειδὰν
3110 2991 3267 3062 γὰρὴ
3300 2991 3428 3054 ὠδὶς
3449 2991 3542 3046 τοῦ
3572 2992 3805 3045 θανάτου

540 3089 700 3143 tetris
727 3087 902 3158 ipsius
942 3087 996 3140 in
1036 3086 1262 3140 materia
1287 3085 1552 3139 demersae
1582 3083 1709 3138 vita:
1761 3083 1901 3139 locis
1931 3099 2119 3140 versa-

2222 3080 2358 3151 πρὸς
2387 3080 2572 3151 ἕτερον
2619 3079 2731 3150 βίον
2760 3081 2886 3144 τοὺς
2918 3081 3236 3152 ἀνθρώπους
3291 3082 3600 3154 μαιεύηται,
3651 3084 3806 3138 αὐτοὶ

542 3179 612 3231 ri.
661 3175 1027 3246 Posteaquam
1077 3175 1224 3230 enim
1269 3173 1462 3229 mortis
1498 3180 1761 3242 tanquam
1794 3180 1988 3244 partus
2016 3171 2118 3226 do-

541 3268 688 3322 lores
733 3265 894 3336 quasi
938 3263 1290 3320 obstetricem
1323 3262 1646 3328 acciverint,
1679 3269 1740 3315 ut
1788 3261 1846 3317 in
1888 3261 2116 3315 alteram

539 3357 706 3410 vitam
754 3355 1003 3410 homines
1053 3353 1358 3408 educantur
1387 3394 1403 3419 ,
1439 3351 1544 3421 ipsi
1579 3349 1799 3420 quidem
1826 3389 1843 3414 ,
1874 3364 1999 3406 eum
2051 3349 2116 3404 ad

539 3445 685 3499 illam
739 3445 916 3500 lucem
963 3443 1357 3515 processerint,
1412 3449 1466 3496 et
1521 3457 1722 3512 purum
1760 3443 1914 3496 illum
1947 3439 2116 3511 spiri-

535 3545 655 3592 tum
685 3537 993 3601 hauserint,
1033 3537 1412 3607 experimento
1447 3541 1811 3606 cognoscunt,
1845 3543 2114 3606 quantum

537 3631 628 3685 illa
662 3633 774 3686 vita
821 3629 890 3684 ab
943 3630 1048 3684 ista
1098 3627 1335 3684 differat.
1384 3629 1454 3684 At
1497 3629 1597 3694 illi,
1648 3627 1741 3698 qui
1801 3630 1856 3683 in
1891 3625 2115 3682 humida

537 3723 866 3794 putridaque
911 3722 1074 3778 istius
1102 3722 1229 3778 vitae
1280 3721 1526 3778 fmditate
1595 3721 2000 3790 relinquuntur,
2055 3727 2116 3773 ut

537 3816 698 3884 plane
735 3813 879 3868 fetus
908 3813 1134 3882 quidam
1173 3813 1230 3868 in
1267 3821 1444 3877 utero,
1471 3827 1581 3867 non
1617 3819 1800 3867 autem
1833 3810 2110 3876 homines,

535 3905 724 3959 dolent
756 3905 932 3958 vicem
991 3904 1139 3959 illius
1171 3941 1186 3967 ,
1217 3903 1311 3973 qui
1345 3903 1499 3974 prior
1527 3919 1594 3958 ex
1649 3903 1794 3968 istis,
1827 3918 1949 3973 qua:
2010 3917 2112 3960 nos

535 3991 818 4054 ambiunt,
873 3993 1142 4062 angustiis
1172 3995 1470 4063 egreditur,
1518 4001 1778 4062 tanquam
1826 3993 1896 4047 ab
1928 3993 2112 4064 aliquo

533 4079 678 4134 bono
727 4079 994 4146 discedat,
1066 4084 1382 4138 nescientes
1433 4082 1482 4138 ei
1521 4123 1537 4147 ,
1585 4084 1653 4137 ad
1695 4083 2108 4140 similitudinem

531 4171 782 4237 infantis,
827 4174 921 4243 qui
971 4189 1067 4243 per
1106 4181 1323 4244 partum
1363 4175 1420 4230 in
1474 4175 1651 4229 lucem
1699 4174 1841 4230 hanc
1885 4175 2105 4240 editur,

531 4263 722 4319 oculos
749 4263 971 4332 aperiri,
1005 4264 1217 4325 oculos.
1254 4263 1500 4333 inquam,
1536 4263 1728 4327 animi,
1769 4263 1971 4332 quibus
2017 4278 2110 4318 ve-

532 4355 747 4409 ritatem
789 4369 970 4409 rerum
1003 4355 1284 4420 intuetur;
1317 4354 1534 4410 aurium
1571 4369 1796 4411 sensum
1832 4354 2104 4425 pateﬁeri,

2227 3169 2323 3238 μὲν
2351 3168 2478 3221 ὅταν
2505 3170 2585 3231 είς
2607 3168 2667 3220 τὸ
2689 3168 2804 3236 φῶς
2827 3171 3000 3224 ἐκεῖνο
3024 3171 3372 3242 μετέλθωσιν,
3397 3173 3601 3227 καὶτοῦ
3625 3174 3772 3226 καθα
3789 3205 3801 3214 -

2223 3257 2317 3329 ροῦ
2349 3259 2596 3312 σπάσωσι
2635 3258 2962 3327 πνεύματος,
2989 3263 3056 3332 τῇ
3087 3263 3256 3334 πείρᾳ.
3290 3262 3648 3331 γινώσκουσιν
3673 3265 3800 3318 ὅσον

2219 3351 2338 3404 ἐστὶ
2361 3353 2459 3421 τῆς
2498 3352 2642 3422 ζωῆς
2675 3353 2889 3423 ἐκείνης
2921 3354 3055 3425 πρὸς
3077 3355 3178 3425 τὴν
3203 3356 3298 3409 νῦν
3325 3355 3384 3408 τὸ
3413 3355 3688 3427 διάφορον.
3733 3356 3800 3414 Οί

2217 3442 2278 3496 δέ
2306 3443 2720 3512 ὑπολειφθέντες
2760 3443 2837 3515 τῷ
2869 3445 3020 3517 ὑγρῷ
3049 3447 3223 3516 τούτῳ
3257 3447 3350 3500 καὶ
3386 3447 3650 3502 πλαδῶντι
3678 3449 3799 3519 βίῳ,

2217 3535 2434 3608 ἔμϐρυα
2451 3536 2602 3600 ὄντες
2625 3536 2886 3607 ἀτεχνῶς,
2912 3538 3005 3590 καὶ
3027 3538 3126 3592 οὑκ
3143 3537 3441 3610 ἄνθρωποι,
3459 3539 3802 3604 ταλανίζουσι

2218 3628 2308 3682 τὸν
2340 3627 2732 3700 προεξελθόντα
2755 3629 2854 3700 τῆς
2880 3628 3242 3700 περιεχούσης
3266 3631 3413 3700 ἡμᾶς
3450 3633 3698 3704 συνοχῆς,
3726 3633 3804 3697 ὡς

2216 3719 2421 3789 ἀγαθοῦ
2470 3737 2614 3784 τινος
2660 3718 2766 3785 ἔξω
2805 3720 3118 3792 γενόμενονο
3168 3721 3270 3776 οὐκ
3308 3722 3510 3786 εἰδότες
3549 3724 3630 3776 ὅτι
3677 3723 3801 3777 καθ’

2217 3809 2512 3880 ὁμοιότητα
2541 3811 2637 3863 τοῦ
2674 3810 2958 3881 τεχθέντος
2996 3811 3250 3884 βρέφους,
3301 3813 3574 3881 ἀνοίγεται
3631 3813 3731 3884 μὲν
3773 3815 3802 3868 6

2213 3899 2521 3971 ὀφθαλμὸς,
2575 3903 2702 3956 ὅταν
2752 3900 2858 3967 ἔξω
2917 3901 3012 3957 τοῦ
3063 3905 3159 3958 νῦν
3219 3904 3532 3975 συνέχοντος
3571 3904 3800 3976 γένηται

2214 3991 2375 4062 (νοεῖν
2421 3992 2478 4044 δὲ
2523 3993 2630 4064 χρὴ
2663 3993 2881 4058 πάντως
2921 3995 3010 4049 τὸν
3053 3995 3331 4068 ὀφθαλμὸν
3381 3999 3480 4068 τῆς
3524 3996 3724 4066 ψυχῆς,
3754 3990 3800 4065 ᾧ

2211 4083 2364 4155 διορᾷ
2402 4084 2502 4156 τὴν
2541 4084 2650 4138 τῶν
2699 4086 2867 4140 ὄντων
2921 4087 3198 4159 ἀλήθειαν)
3225 4104 3240 4118 ·
3291 4088 3568 4156 ἀνοίγεται
3626 4087 3684 4141 δὲ
3736 4088 3800 4142 τὸ

2209 4175 2529 4229 ἀκουστικὸν
2576 4177 2965 4248 αἰσθητήριον,
3024 4178 3092 4231 δι’
3133 4173 3194 4234 οὗ
3246 4178 3351 4242 τῶν
3393 4177 3651 4251 ἀρῤἠτων
3699 4179 3799 4231 ἐπ-

2211 4265 2398 4321 ακούει
2429 4266 2711 4338 ῥημάτων,
2732 4267 2768 4321 ἀ
2793 4269 2893 4322 οὐκ
2919 4267 3036 4334 ἐξὸν
3053 4267 3323 4339 ἀνθρώπῳ
3339 4267 3590 4338 λαλῆσαι,
3612 4267 3797 4332 καθώς

2207 4373 2374 4430 φησιν
2403 4359 2432 4412 6
2465 4357 2805 4422 Ἀπόστολος⁸
2839 4358 3188 4428 ἀνοίγεταιδέ
3218 4358 3278 4412 τὸ
3311 4359 3504 4430 στόμα,
3531 4359 3621 4412 καὶ
3650 4358 3798 4412 ἕλκει

531 4459 641 4515 quo
669 4447 892 4499 exaudit
941 4460 1144 4500 arcana
1175 4447 1341 4502 verba
1365 4487 1380 4511 ,
1420 4461 1544 4518 quae
1583 4461 1693 4502 non
1726 4447 1892 4512 licet,
1929 4455 1988 4500 ut
2029 4448 2106 4501 ait

2222 4448 2270 4503 πὸ
2322 4449 2562 4520 καθαρόν
2609 4465 2670 4502 τε
2719 4449 2812 4503 καὶ
2855 4449 3015 4504 ἄῦλον
3073 4449 3310 4520 πνεῦμα,
3360 4449 3427 4502 δι’
3462 4449 3491 4503 6
3541 4448 3795 4504 τονοῦται

531 4536 866 4604 Apostolus,
918 4536 1125 4590 homini
1178 4538 1402 4606 loqui‘;
1440 4553 1502 4594 os
1550 4538 1966 4608 patefieri.q_uo
2015 4554 2108 4609 pu-

2205 4538 2343 4610 πρὸς
2382 4538 2483 4609 τὴν
2533 4538 2727 4608 νοητὴν
2774 4539 2956 4610 φωνὴν
3011 4541 3106 4594 καὶ
3151 4541 3243 4594 τὸν
3307 4541 3559 4611 ἀληθινὸν
3615 4540 3797 4610 λόγος),

531 4641 678 4690 rum,
712 4639 740 4678 a
773 4627 1110 4696 materiaque
1147 4628 1384 4682 alienum
1419 4629 1606 4683 haurit
1665 4631 1942 4698 spiritum,
2011 4645 2108 4700 per

2222 4633 2333 4682 Εταν
2382 4629 2695 4700 καταμιχθῇ
2746 4630 2824 4702 τῷ
2874 4631 2992 4702 ἤχῳ
3043 4631 3150 4684 τῶν
3197 4631 3562 4703 ἑορταζόντων
3607 4633 3666 4684 ἐν
3719 4631 3800 4702 τῷ

532 4733 692 4788 quem
743 4717 811 4771 ad
866 4718 1030 4771 verba
1084 4718 1330 4772 coelestia
1361 4760 1377 4784 ,
1437 4736 1740 4790 verumque
1797 4736 2106 4777 sermonem

527 4808 797 4864 edendum
825 4805 1204 4870 confirmatur,
1238 4823 1363 4862 cum
1393 4819 1713 4865 sanctorum
1763 4812 2106 4875 canentium,

525 4911 582 4954 et
619 4899 819 4954 choros
869 4898 1266 4954 celebrantium
1317 4915 1546 4956 numero
1579 4899 1849 4956 admistus
1901 4901 2105 4955 fuerit:

525 4989 774 5044 divinum
805 4991 934 5043 item
965 4988 1224 5058 gustandi
1258 5003 1482 5044 sensum
1516 4987 1711 5054 tribui,
1763 5002 1893 5058 quo,
1956 4996 2018 5041 ut
2053 4987 2107 5040 in

522 5081 758 5138 Psalmis
782 5079 1058 5150 proditum
1089 5089 1173 5137 est
1189 5083 1232 5148 ⁵,
1264 5081 1511 5152 percipit,
1540 5083 1744 5136 bonum
1779 5095 1902 5136 esse
1924 5078 2110 5133 Domi-

522 5188 653 5228 num
688 5192 702 5228 :
738 5175 1028 5229 odoratum
1065 5184 1326 5242 praeterea
1359 5173 1521 5227 talem
1556 5172 1700 5236 dari,
1755 5185 1868 5240 quo
1895 5169 2107 5225 Christi

525 5264 745 5320 fruatur
778 5265 1092 5320 suavitate:
1137 5279 1364 5334 eamque
1408 5262 1668 5333 tangendi
1707 5262 1839 5326 vim,
1881 5276 1989 5331 qua
2015 5275 2106 5314 ve-

523 5357 743 5410 ritatem
795 5356 1012 5411 animus
1081 5355 1478 5424 apprehendit,
1520 5363 1574 5408 et
1620 5352 1861 5408 Verbum
1922 5353 2100 5422 ipsum

524 5453 867 5511 contrectat,
924 5454 986 5500 ut
1031 5443 1270 5500 Joannes
1317 5445 1612 5500 testatur“.
1671 5445 1827 5510 Quod
1875 5444 1921 5498 si
1965 5443 2100 5508 hac,

523 5539 580 5586 et
610 5534 717 5587 alia
762 5535 1036 5605 ejusmodi
1086 5547 1211 5609 post
1267 5540 1462 5595 mortis
1507 5547 1721 5608 partum
1783 5535 2100 5592 hominibus

2208 4721 2321 4775 τῶν
2369 4720 2539 4789 ἀγίων
2592 4720 2774 4791 χορῷο
2826 4719 2974 4774 οὕτω
3019 4721 3076 4774 δέ
3128 4721 3222 4776 καὶ
3265 4722 3504 4790 γεύσεως
3550 4719 3798 4785 ἀξιοῦται

2207 4811 2378 4876 θείας,
2431 4812 2498 4866 δι’
2544 4805 2612 4882 ἧς
2665 4809 2925 4878 γινώσκει
2989 4812 3130 4865 κατά
3182 4812 3281 4882 τὴν
3323 4811 3662 4882 ψαλμῳδίαν,
3713 4812 3798 4865 ὅτι

2207 4903 2440 4975 χρηστὸς
2469 4905 2498 4956 6
2522 4903 2748 4972 Κύριος·
2781 4903 2875 4956 καὶ
2895 4901 2982 4956 διὰ
3003 4902 3099 4972 τῆς
3119 4897 3487 4974 ὀσφραντικῆς
3516 4902 3799 4972 ἐνεργείας

2206 4994 2304 5065 τῆς
2335 4991 2428 5046 τοῦ
2473 4992 2710 5062 Χριστοῦ
2754 4992 2980 5055 εὐωδίας
3022 4992 3478 5062 ἀντιλαμϐάνεται
3504 5009 3518 5022 ο
3571 4991 3664 5044 καὶ
3698 4989 3798 5061 τὴν

2205 5083 2442 5154 ἀπτικὴν
2467 5083 2875 5154 προσλαμϐάνει
2905 5083 3154 5154 δύναμιν,
3173 5083 3526 5153 ἐφαπτομένη
3545 5081 3642 5150 τῆς
3672 5080 3798 5152 άλη-

2207 5173 2360 5236 θείας
2393 5176 2426 5244 ή
2459 5173 2626 5245 ψυχὴ,
2664 5175 2760 5229 καὶ
2801 5173 3109 5244 ψηλαφῶσα
3161 5173 3252 5228 τὸν
3293 5173 3486 5242 Λόγον,
3510 5171 3654 5225 κατά
3697 5171 3796 5242 τὴν

2217 5264 2463 5318 Ἰωάννου
2495 5265 2823 5337 μαρτυρίαν.
2855 5267 2919 5320 Ei
2943 5263 3116 5320 ταῦτα
3149 5265 3329 5318 τοίνυν
3358 5263 3545 5317 καὶτὰ
3569 5261 3796 5315 τοιαῦτα

2209 5353 2346 5425 μετά
2383 5355 2474 5408 τὸν
2507 5354 2597 5408 διὰ
2625 5354 2717 5408 τοῦ
2746 5355 2973 5409 θανάτου
3015 5353 3165 5407 τέκον
3191 5356 3305 5417 τοῖς
3328 5351 3634 5422 ἀνθρώποις
3661 5351 3791 5404 ἀπό⁴

2206 5463 2405 5512 κειται,
2441 5447 2495 5500 τί
2544 5445 2790 5518 βούλεται
2818 5447 2878 5499 τὸ
2907 5445 3124 5508 πένθος,
3162 5445 3258 5499 καὶ
3299 5445 3332 5515 ἡ
3376 5441 3791 5513 σκυθρωπότης,

2207 5539 2300 5593 καὶ
2333 5541 2366 5609 ὴ
2409 5539 2716 5610 κατήφεια;
2750 5538 2864 5592 Νῦν
2885 5540 3018 5610 ἡμῖν
3044 5539 3071 5591 6
3108 5536 3240 5608 πρὸς
3267 5536 3365 5605 τὴν
3393 5534 3500 5589 τῶν
3533 5532 3790 5604 πραγμάη

595 5706 618 5738 ⁸
644 5705 685 5758 ιι
716 5707 840 5767 Cor.
874 5729 974 5784 xu,
1013 5716 1068 5770 4.
1111 5718 1130 5748 ⁸
1167 5715 1312 5772 Psal.
1350 5730 1517 5783 cxvii,
1552 5716 1606 5783 ‘2,
1642 5717 1694 5768 5.
1773 5717 1793 5747 ⁸
1830 5715 1848 5769 1
1888 5714 2047 5772 Joan.
2083 5731 2124 5780 ι,
2157 5714 2209 5771 l.
