2013 3216
143 140 190 169 5ίῖ

840 144 885 172 DE
904 143 1069 173 MORTUIS.

1726 148 1778 181 SIB

144 208 195 227 των
222 199 306 235 φύσιν
329 201 437 236 βλέπων
459 201 664 238 ἀποκρινέσθω,
689 203 714 229 εἰ
738 193 927 239 προτιμότεροη

983 202 1105 237 reposita
1131 206 1205 235 sunt,
1229 203 1296 238 quid
1314 203 1365 231 sibi
1379 204 1439 232 vult
1455 205 1545 233 luctus
1557 226 1564 237 ,
1579 209 1606 233 et
1618 213 1738 240 maeror,
1752 214 1780 236 et

143 245 227 273 οἴεται
239 246 271 273 τὸ
286 248 345 279 τοῖς
361 249 526 282 σωματικοῖς
537 247 725 284 αίσθητηρίοις
743 249 807 285 περὶ
825 249 875 284 τὴν
887 248 933 275 τοῦ

143 291 226 320 καλοῦ
239 292 333 328 κρίσιν
344 292 552 326 ὄιαπλανᾶσθαι,
565 293 612 320 τοῦ
625 293 720 329 γυμνῷ
732 293 771 329 τῷ
785 294 834 330 τῆς
847 294 935 329 ψυχῆς

141 338 274 374 ὀφθαλμῷ
292 338 363 374 πρὸς
383 339 469 375 αὐτὴν
489 340 539 375 τὴν
554 340 609 367 τῶν
634 340 804 375 πραγμάτων
827 340 936 375 βλέπειν

138 383 282 419 ἀλήθειαν.
307 383 438 410 Ἐνταῦθα
454 384 508 419 γὰρ
527 385 632 420 ἀνάγκη
648 393 690 417 τις
710 385 803 412 ἔπεστι
817 388 848 421 τῇ
862 386 933 421 ψυχῇ

139 427 272 464 ἀλλοτρίᾳ
285 428 375 464 κρίσει
390 428 524 455 δουλεύειν
540 430 568 455 ὲν
581 431 612 465 τῇ
628 430 692 465 περὶ
707 430 754 456 τοῦ
771 431 853 457 καλοῦ
867 431 933 457 ὐπο-

140 472 211 508 νοίᾳ.
231 472 342 508 Ἐπειδὴ
356 473 410 509 γὰρ
423 474 439 508 ἡ
456 473 547 501 τελεία
565 474 614 509 τῆς
626 475 714 510 ψυχῆς
729 475 841 510 δύναμις
860 475 933 510 ἀχώ-

139 517 224 553 ρητός
243 518 318 544 ἐστιν
341 518 390 545 ἐπὶ
406 518 445 554 τῷ
468 520 626 554 νηπιάζηντι
649 520 766 555 σώματι,
783 522 799 556 ή
830 521 858 547 δὲ
878 521 932 548 τῶν

137 561 325 598 αἰσθητηρίων
347 563 473 599 ἐνέργεια
493 565 573 597 εὐθὺς
590 566 681 593 τελεία
699 566 737 601 τῷ
752 567 847 602 βρέφει
870 576 931 594 συν-

136 607 332 646 αποτίκτεταιο
358 608 452 636 τούτου
472 610 552 646 χάριν
576 611 796 646 προλαμϐάνεται
813 612 864 640 ὑπὸ
883 613 932 648 τῆς

134 653 321 689 αἰσθήσεωςὴ
333 654 436 681 διάνοια
452 655 481 681 ὲν
500 658 534 691 τῇ
549 656 595 683 τοῦ
619 657 701 683 καλοῦ
718 658 815 693 κρίσει.
833 659 879 685 καὶ
899 659 931 686 τὸ

132 700 194 732 τοῖς
204 700 393 736 αἰσθητηρίοις
404 701 487 735 φανὲν
499 702 548 737 ἤδη
559 702 606 729 καὶ
616 703 743 738 νομισθὲν
754 701 822 730 εἶναι
837 704 929 737 καλὸν,

133 744 186 772 καὶ
205 744 251 773 διὰ
268 745 412 780 συνηθείας
428 747 655 783 προειλημμένον,
680 749 869 781 ἀϐασανίστως
888 751 930 778 δέ-

133 798 216 826 χεται
228 791 246 826 ἡ
260 790 333 826 ψυχὴ
348 791 445 824 ἐκεῖνο,
463 792 544 819 καλὸν
559 791 628 821 εἶναι
643 795 794 829 πεισθεῖσα,
812 796 880 832 ὅπερ
895 796 928 824 ἂν

134 837 312 872 προλαϐοῦσα
325 839 559 875 προσμαρτυρήσῃ
570 841 586 874 ἡ
604 840 739 876 αἴσθησις,
757 842 786 868 ὲν
800 843 927 877 χρώμασί

133 890 192 909 τισι
211 883 261 910 καὶ
279 885 377 918 χυμοῖς
398 884 444 911 καλ⁴
459 873 520 917 τοῖς
538 873 782 923 τοιούτοιςλήροις
845 873 926 916 καλὸν
942 873 966 903 Β

132 927 278 964 θεωροῦσα
289 936 297 943 ⁸
320 926 359 956 ὧν
381 930 480 966 μηκέτι
495 933 718 968 προφαινομένων
736 935 805 969 μετά
823 936 873 971 τὴν
896 937 928 964 ὲκ

132 973 182 1001 τοῦ
195 973 323 1009 σώματος
337 974 435 1009 ἔξοδον,
450 977 555 1014 ἀνάγκη
573 980 648 1006 πᾶσα
662 979 691 1005 τὸ
704 980 811 1016 ἀληθῶς
825 982 927 1017 ἀγαθὸν

132 1022 167 1056 τῇ
197 1020 272 1057 ψυχῇ
296 1024 422 1058 φανῆναι,
445 1023 513 1058 πρὸς
537 1024 550 1051 ό
582 1025 652 1052 κατὰ
673 1027 753 1061 φύσιν
779 1027 924 1062 ᾠκείωται.

130 1063 203 1092 οὔτε
217 1065 273 1102 γὰρ
288 1066 355 1102 apo;
369 1067 400 1093 τὺ
416 1067 529 1103 εὔχρουν
550 1069 589 1096 ἔτι
603 1071 618 1105 ἡ
634 1070 695 1105 ὄψις
706 1071 924 1108 δελεασθήσεται,

130 1109 181 1138 τοῦ
194 1110 335 1147 ὀφθαλμοῦ
353 1113 448 1140 τούτου
465 1115 563 1149 μηκέτι
582 1115 657 1148 ὄντος
668 1124 675 1131 ”
697 1116 759 1144 οὕτε
780 1118 847 1154 πρὸς
863 1120 927 1146 ἄλλο

131 1163 161 1183 τι
170 1155 231 1183 τῶν
245 1157 516 1192 καταγλυκαινόντων
529 1160 563 1187 τὰ
583 1161 747 1198 αἰσθητήρια
764 1164 780 1199 ὴ
794 1165 925 1201 ίσορροπὴ

131 1202 380 1239 τῆςπροαιρέσεως
394 1205 482 1239 ἔσται,
499 1206 588 1243 πάσης
601 1209 761 1244 σωματικῆς
774 1211 926 1246 αἰσθήσεως

129 1248 350 1284 ἀποσϐεσθείσης
359 1258 365 1266 ·
381 1251 465 1287 μόνης
476 1253 504 1278 δὲ
516 1253 565 1288 τῆς
575 1255 671 1288 νοερᾶς
688 1255 825 1290 ἐνεργείας
836 1256 925 1289 me;

129 1301 160 1321 α
173 1294 224 1322 καὶ
242 1295 397 1331 ἀσωμάτοις
410 1297 456 1324 τοῦ
472 1298 567 1334 νοητοῦ
592 1299 706 1331 κάλλους
722 1302 923 1337 ἐφαπτομένης,

129 1339 281 1372 Mdu»;
301 1342 318 1376 ἡ
339 1341 419 1376 φύσις
438 1343 469 1370 τὸ
493 1344 557 1371 ἴδιον
577 1345 746 1380 ἀπολήψεται
772 1346 884 1380 ἀγαθὸν,
910 1348 924 1374 ὃ

130 1381 204 1421 μήτε
225 1386 337 1422 χρῶμα,
369 1388 438 1424 μήτε
461 1389 565 1424 σχῆμα,
585 1391 654 1425 μήτε
678 1390 829 1424 διάστασις,
857 1394 925 1429 μήτε

126 1431 285 1468 animi];
299 1434 383 1465 ἐστὶν,
397 1434 454 1461 ἀλλ’
468 1435 482 1461 ὃ
499 1436 589 1462 πᾶσαν
603 1438 781 1473 στοχαστικὴν
802 1439 925 1466 ἀκασίαν

129 1477 312 1514 παρέρχεται.
328 1479 361 1506 Τί
374 1478 430 1513 οὖν,
447 1481 511 1513 ἴσως
524 1483 581 1517 ἐρεῖ
596 1491 638 1513 τις
657 1483 838 1518 δυσχεραίνων
858 1485 926 1520 πρὸς

128 1522 184 1577 τὴῖ
193 1523 439 1577 παροῦσαν-ζωήη
456 1526 499 1552 ἵνα
520 1529 546 1553 τί
567 1527 597 1554 τὸ
609 1528 699 1563 σῶμα,
715 1528 762 1555 καὶ
775 1529 835 1556 ἀντὶ
852 1530 923 1562 τίνος
937 1546 960 1577 c

130 1569 208 1604 ἡμῖν,
222 1568 304 1605 εἴπερ
328 1570 439 1606 ἄμεινον
458 1573 472 1598 ὁ
486 1573 570 1608 χωρὶς
589 1573 683 1601 τούτου
701 1574 757 1609 βίος
775 1575 922 1610 ἀπεδείχθη

128 1613 170 1651 ﬁt
185 1615 276 1652 Mm);
290 1617 362 1652 Πρὸς
373 1617 402 1645 ὃν
416 1617 548 1654 ἐροῦμεν,
562 1620 603 1646 ὅτι
618 1621 649 1647 ού
664 1621 761 1656 μικρόν
773 1622 830 1648 ἐστι
850 1623 879 1649 τὸ
892 1624 924 1649 ὲκ

129 1659 234 1689 τούτων
250 1661 345 1697 κέρδος
355 1664 412 1695 τοῖς
424 1663 583 1699 δυναμένοις
596 1666 636 1697 εἰς
648 1667 739 1693 πᾶσαν
753 1666 860 1701 βλέπειν
875 1668 924 1702 τὴν

127 1706 288 1742 οἰκονομίαν
311 1708 362 1742 τῆς
385 1709 503 1744 φύσεως.
523 1711 668 1746 Μακάριος
691 1712 740 1747 μὲν
766 1711 820 1748 γὰρ
840 1713 924 1745 ὅντως

128 1752 236 1785 ἐκεῖνος
254 1753 309 1780 τῶν
323 1754 447 1789 ἀγγέλων
460 1757 474 1782 ό
486 1755 552 1791 βίος,
567 1757 581 1782 ὁ
604 1757 686 1792 μηδὲν
705 1757 752 1784 τοῦ
766 1759 923 1793 σωματικοῦ

129 1798 329 1834 προσδεόμενος
341 1800 450 1836 βάρους.
473 1802 510 1829 Οὐ
535 1802 589 1838 μὴν
604 1802 664 1829 οὐδὲ
682 1799 757 1835 οὗτος
775 1804 923 1839 ἀσυντελὴς

128 1843 170 1876 ὡς
189 1843 258 1880 πρὸς
271 1845 375 1873 ἐκεῖνόν
388 1847 473 1874 ἔστιν.
496 1847 569 1880 Ὀδὸς
583 1848 637 1884 γὰρ
650 1849 718 1885 πρὸς
734 1849 763 1875 τὸ
777 1849 922 1885 ἐλπιζόμε-

129 1897 178 1916 νον
196 1890 213 1917 ὸ
232 1890 329 1918 παοὼν
345 1891 449 1926 γίνεται
474 1893 540 1928 βίος.
559 1894 694 1930 Καθάπερ
715 1896 762 1922 ἐπὶ
783 1896 836 1923 τῶν
859 1896 923 1930 βλα-

129 1942 279 1971 «unum
301 1936 375 1964 ἔστιν
400 1938 479 1964 ἰδεῖν·
496 1939 545 1973 ,ἐφ’
569 1936 607 1966 ὧν
627 1941 641 1967 ὁ
663 1941 768 1976 καρπὸς
794 1942 848 1969 ἀπὸ
875 1943 921 1969 τοῦ

129 1979 228 2013 ἄνθους
243 1981 404 2017 ἀρξάμενος,
420 1983 455 2010 δι’
468 1985 551 2011 αὐτοῦ
566 1985 690 2020 πρόεισιν
706 1988 746 2018 είς
755 1987 786 2014 τὸ
796 1988 922 2022 γενέσθαι

129 2027 248 2063 καρπὸς,
268 2029 321 2056 κᾶν
343 2029 380 2065 μὴ
404 2031 510 2066 καρπὸς
565 2031 595 2058 τὸ
615 2031 705 2064 ἄνθος.
730 2033 810 2060 Ἀλλά
827 2034 923 2061 καὶτὰ

129 2071 198 2108 λήῐα
219 2073 275 2101 τῶν
297 2076 463 2111 σπερμάτων
479 2077 647 2112 ὲκφυόμενα,
667 2078 718 2105 οὐκ
737 2079 818 2110 εὐθὺς
834 2079 863 2105 ὲν
884 2079 922 2114 τῷ

131 2121 231 2155 στάχυϊ
255 2121 397 2155 φαίνεταί,
423 2122 491 2149 ἀλλὰ
508 2123 604 2157 χόρτος
628 2124 659 2150 τὸ
686 2123 795 2160 πρῶτον
816 2124 922 2158 γίνεται

130 2163 294 2201 βλάστημα,
318 2165 379 2193 εἶτα
406 2168 460 2194 ἀπὸ
491 2168 586 2195 τούτου
615 2168 724 2204 καλάμη
752 2169 920 2202 συνίσταται,

129 2211 346 2248 πριφθαρέντος
358 2212 405 2240 τοῦ
418 2214 516 2249 χόρτου
527 2222 533 2229 ·
552 2214 598 2240 καὶ
620 2214 690 2241 οὕτω
703 2216 735 2251 τῇ
749 2215 852 2251 κεφαλῇ
873 2215 920 2242 τοῦ
938 2213 959 2241 D

128 2256 266 2293 ἀστάχυας
280 2259 294 2285 ὸ
307 2259 412 2294 καρπὸς
425 2259 633 2294 ὲμπεπαίνεται.

164 2302 242 2339 Πλὴν
254 2303 305 2331 οὐκ
316 2305 436 2332 αἰτιᾶται
449 2305 496 2341 τὴν
511 2306 664 2340 ἀναγκαίαν
677 2308 779 2343 ταύτην
797 2307 921 2343 περίοδόν

128 2357 161 2376 τε
173 2349 223 2376 καὶ
235 2350 394 2377 ἀκολουθίαν
408 2352 422 2377 ό
436 2351 580 2386 γεηπόνος,
589 2352 639 2379 Διὰ
649 2347 686 2385 τί,
697 2353 794 2387 λέγων,
806 2354 859 2389 πρὸ
873 2353 920 2380 τοῦ

129 2393 240 2431 καρωῦ
255 2395 302 2422 καὶ
319 2396 418 2430 ἀνθοςς
437 2396 454 2432 ἢ
473 2397 544 2433 ὑπὲρ
555 2397 625 2430 τίνος
636 2400 650 2425 ὸ
661 2399 693 2425 ἐκ
701 2399 749 2425 τοῦ
763 2400 922 2435 σπέρματος

129 2442 337 2478 προανατέλλων
350 2443 462 2479 χόρτος,
478 2443 549 2477 εἴγε
567 2444 614 2471 καὶ
642 2444 673 2470 τὸ
685 2444 766 2477 ἄνθος
781 2445 922 2480 ἀπορρέει,

128 2486 180 2515 καὶ
193 2488 209 2516 ὸ
223 2489 318 2524 χόρτος
333 2489 421 2525 μάτην
435 2490 604 2526 ξηραίνεται,
619 2490 688 2526 πρὸς
699 2491 774 2518 οὐδὲν
789 2491 922 2518 συντελῶν

128 2533 164 2568 τῇ
179 2532 336 2570 ἀνθροητίνῃ
350 2536 456 2571 τροφῇ;
477 2533 555 2562 Οἶδεν
570 2535 624 2571 γὰρ
643 2537 658 2562 ὁ
672 2536 739 2571 πρὸς
754 2536 803 2572 τὴν
816 2536 922 2571 θαυμα-

129 2578 254 2606 Ιιαιυοιίαν
272 2579 379 2614 βλέπων
395 2581 445 2616 τῆς
461 2581 583 2616 φύσεως,
598 2581 638 2608 ὅτι
656 2582 707 2608 οὐκ
726 2582 759 2608 ἃν
781 2582 867 2613 ἄλλως
889 2583 922 2609 ἐκ

128 2623 187 2652 τῶν
201 2625 368 2661 σπερμάτων
389 2634 420 2653 τε
445 2627 493 2654 καὶ
514 2627 710 2662 βλαστημάτων
727 2627 741 2652 ὁ
760 2627 864 2662 καρπὸς
877 2635 922 2653 τεο

129 2669 267 2706 λιιωθείη,
284 2670 322 2707 μὴ
348 2672 398 2707 τῆς
418 2673 545 2708 τεχνικῆς
567 2672 670 2707 ταύτης
693 2672 853 2703 ἀκολουθίας
867 2672 923 2699 ὁδο-

130 2716 262 2753 modum
277 2717 362 2744 αὑτοῦ
381 2717 430 2753 τὴν
445 2718 593 2745 τελείωσιν.
609 2719 647 2745 Οὐ
662 2718 715 2753 γὰρ
738 2718 832 2753 ἐπειδὴ
856 2718 924 2753 πρὸς

129 2763 280 2790 ἀπόλαυσιν
293 2763 432 2799 ἡμετέραν
444 2765 458 2790 ὁ
474 2764 722 2799 προεκὼλλόμενος
736 2764 768 2790 ὲκ
780 2764 834 2790 τῶν
846 2772 924 2800 σπερ-

131 2810 225 2844 μάτων
239 2810 339 2846 χόρτος
356 2810 501 2845 ἀχρήστως
516 2809 584 2845 ἔχει,
601 2809 645 2837 διὰ
658 2810 736 2836 τοῦτο
751 2810 876 2846 περιττόν
890 2820 919 2838 τε

131 2855 174 2882 καὶ
187 2855 329 2892 παρέλκοι)
341 2854 400 2881 ἔστι
409 2854 440 2881 τὺ
453 2854 604 2890 γινόμενον.
621 2855 651 2883 Ὀ
666 2856 714 2890 μὲν
729 2855 782 2890 γὰρ
793 2855 844 2890 τῆς
858 2864 921 2892 τρο-

985 248 1124 283 squalor?
1142 247 1336 283 Respondeant
1357 250 1402 277 hic
1417 251 1497 279 nobis
1516 251 1563 287 qui
1585 259 1675 280 rerum
1699 259 1780 281 natu-

983 297 1045 321 ram
1074 293 1240 329 explorant,
1264 299 1357 322 utrum
1393 297 1636 333 meliuslputent,
1654 299 1683 326 in
1705 299 1779 327 bono

983 339 1162 374 dijudicando
1179 341 1321 376 corporeis
1345 341 1473 370 sensibus
1499 343 1606 378 decipi,
1629 351 1663 372 an
1690 345 1778 373 oculis

985 385 1068 412 animi
1085 386 1227 413 veritatem
1242 387 1329 422 ipsam
1347 389 1479 422 aspicere.
1504 387 1553 415 Hic
1573 389 1657 422 enim,
1675 390 1702 417 ni
1727 391 1777 418 bo-

985 438 1050 457 num
1065 431 1156 466 ipsum
1179 431 1288 460 animus
1310 433 1472 467 discernat,
1499 436 1588 462 alieno
1610 436 1713 469 judicio
1729 444 1777 464 co-

985 477 1059 511 gitur
1089 477 1234 506 inservire.
1269 478 1374 506 Etenim
1405 487 1466 507 cum
1504 481 1653 516 perfectam
1690 482 1777 516 ipsius

981 523 1038 550 vim
1070 531 1172 558 corpus
1214 532 1310 552 recens
1346 530 1545 560 compactum,
1576 534 1608 553 ac
1637 529 1778 562 pueriliter

983 575 1068 603 agens
1094 576 1193 604 capere
1220 575 1348 605 nequeat,
1373 571 1494 606 perfecta
1526 576 1615 600 autem
1647 581 1777 600 sensuum

982 615 1055 642 actio
1078 615 1159 642 simul
1177 624 1237 643 cum
1256 616 1361 644 infante
1391 623 1536 650 nascatur,
1560 618 1589 645 ﬁt
1613 623 1642 645 ut
1660 619 1686 646 in
1703 619 1778 654 judi—

982 661 1070 688 cando
1090 661 1163 689 bono
1182 670 1281 689 sensus
1301 663 1421 689 animum
1441 668 1616 697 praevertam,
1638 669 1675 697 et,
1701 666 1774 700 quod

980 707 1109 734 sensibus
1126 707 1227 734 bonum
1250 708 1418 742 apparuerit,
1437 708 1528 735 animo
1553 717 1661 744 quoque
1683 710 1775 737 videa-

980 755 1036 779 tur.
1077 751 1171 787 Itaque
1210 758 1322 787 propter
1353 753 1506 781 institutam
1547 754 1774 782 consuetudinem

979 798 1089 826 animus
1110 799 1313 827 inconsiderate
1336 803 1367 826 ut
1397 801 1497 827 bonum
1525 801 1698 835 amplectitur
1722 801 1747 828 id
1766 821 1773 832 ,

980 844 1053 878 quod
1080 852 1179 872 sensus
1201 845 1312 876 colore,
1331 850 1358 872 et
1378 853 1472 879 succo,
1498 850 1524 872 et
1552 847 1614 873 aliis
1638 846 1773 881 ejusmodi

980 889 1119 918 illecebris
1139 890 1240 917 bonum
1268 890 1414 919 dimetiens
1439 892 1598 919 testimonio
1624 899 1675 919 suo
1698 900 1775 919 com—

978 936 1112 970 probarit.
1129 935 1236 969 Quibus
1255 940 1317 971 post
1339 936 1493 965 discessum
1514 945 1530 965 a
1551 945 1667 971 corpore
1682 938 1774 966 subla-

979 981 1029 1013 tis,
1052 988 1166 1009 necesse
1187 985 1243 1013 est,
1265 985 1295 1008 ut
1319 982 1428 1009 animus
1448 982 1476 1009 id
1499 989 1563 1009 vere
1589 983 1689 1009 bonum
1714 983 1773 1010 exi-

978 1027 1091 1059 stimet,
1116 1027 1189 1061 quod
1219 1027 1360 1062 praprium
1388 1027 1441 1062 ipsi
1475 1031 1503 1055 et
1532 1032 1629 1055 natura
1655 1028 1772 1062 conjun-

977 1074 1052 1097 ctum
1069 1074 1122 1098 est.
1152 1070 1246 1105 Neque
1270 1072 1342 1098 enim
1371 1072 1488 1106 amplius
1515 1072 1630 1107 pulchra
1670 1073 1772 1101 coloris

978 1116 1069 1150 specie
1085 1116 1215 1143 illicietur
1229 1117 1354 1150 obtutus,
1369 1117 1503 1152 ademptis
1517 1118 1574 1152 jam
1598 1118 1686 1146 oculis
1699 1128 1705 1145 :
1720 1126 1772 1146 nec

978 1161 1054 1188 aliud
1077 1162 1228 1197 quidquam
1244 1171 1351 1195 eorum,
1369 1171 1429 1198 qua:
1454 1172 1565 1191 sensum
1588 1165 1746 1192 demulcent
1760 1185 1769 1199 ,

976 1207 1108 1243 eligetur,
1125 1209 1254 1236 omnibus
1270 1210 1410 1243 corporeis
1431 1211 1559 1238 sensibus
1585 1211 1684 1238 ablatis
1699 1231 1706 1244 ,
1724 1219 1770 1238 re-

977 1253 1098 1289 lictaque
1123 1255 1181 1282 sola
1204 1256 1305 1283 mentis
1321 1257 1429 1284 actione
1454 1258 1575 1285 materia
1594 1262 1620 1285 ct
1644 1258 1770 1293 corporis

977 1304 1102 1334 experte,
1126 1301 1248 1328 divinam
1268 1302 1498 1337 pulchritudinem
1511 1303 1768 1338 comprehendente,

976 1346 1037 1374 sine
1063 1346 1119 1373 ullo
1141 1346 1338 1382 impedimento
1365 1353 1464 1375 natura
1489 1349 1628 1384 proprium
1663 1350 1767 1376 bonum

975 1392 1118 1427 percipiet,
1136 1393 1209 1427 quod
1225 1400 1276 1419 nec
1290 1393 1366 1420 color
1379 1398 1420 1420 est
1437 1413 1444 1426 ,
1468 1402 1518 1421 nec
1534 1395 1619 1429 ﬁgura
1635 1414 1643 1426 ,
1662 1402 1712 1421 nec
1727 1395 1770 1421 in-

975 1438 1132 1470 tervallum,
1163 1446 1214 1465 nec
1229 1439 1370 1473 quantitas
1382 1459 1389 1470 ,
1405 1439 1451 1466 sed
1469 1446 1577 1466 omnem
1603 1440 1769 1474 conjectura:

977 1483 1183 1510 similitudinem
1201 1489 1323 1519 superat.
1350 1484 1406 1511 Cur
1430 1485 1523 1519 igitur,
1545 1486 1649 1520 inquiet
1664 1486 1768 1521 aliquis

977 1529 1124 1562 praesentis
1142 1529 1203 1556 vitae
1217 1529 1328 1556 miseria
1344 1530 1450 1562 dolens,
1469 1530 1570 1557 factum
1596 1535 1638 1558 est
1653 1539 1765 1566 corpus,

975 1579 1021 1601 aut
1041 1582 1093 1602 cur
1115 1576 1194 1603 nobis
1211 1575 1316 1607 datum,
1334 1576 1468 1612 siquidem
1483 1596 1490 1608 ,
1514 1581 1543 1604 ut
1566 1578 1686 1605 ostendit
1706 1586 1768 1605 ora-

976 1620 1016 1647 tio
1030 1624 1088 1654 tua,
1104 1621 1161 1648 vita
1173 1621 1208 1649 ab
1223 1622 1270 1649 illo
1285 1622 1408 1657 sejuncta
1431 1624 1604 1658 praestantior
1618 1627 1660 1651 est
1674 1624 1686 1650 ?
1698 1623 1768 1651 llnic

974 1667 1213 1701 respondebimus,
1238 1674 1294 1694 non
1316 1674 1430 1703 parvum
1450 1676 1482 1696 ex
1504 1668 1550 1695 illo
1565 1669 1671 1696 lucrum
1690 1676 1769 1697 acce-

974 1712 1050 1745 dere,
1076 1713 1098 1740 si
1118 1714 1180 1748 quis
1197 1722 1306 1742 omnem
1329 1720 1435 1743 naturae
1458 1715 1582 1742 ordinem
1597 1715 1762 1742 consideret.

975 1759 1058 1786 Beata
1076 1760 1186 1795 quidem
1201 1765 1244 1789 est
1267 1761 1313 1789 illa
1341 1762 1500 1797 angelorum
1518 1761 1592 1794 vita,
1614 1768 1675 1796 qua:
1689 1763 1767 1789 nullo

974 1809 1034 1839 eget
1062 1806 1185 1840 corporis
1203 1808 1332 1841 pondere.
1354 1807 1480 1835 Attamen
1496 1815 1585 1843 neque
1609 1808 1683 1841 haec,
1699 1816 1768 1842 qua-

973 1853 1054 1877 tenus
1070 1850 1103 1877 ad
1119 1851 1193 1878 illam
1207 1852 1344 1888 dirigitur,
1365 1856 1408 1880 est
1431 1852 1601 1888 imperfecta.
1618 1852 1665 1881 Est
1690 1853 1765 1881 enim

975 1903 1097 1931 praesens
1126 1897 1181 1924 vita
1205 1902 1336 1932 tanquam
1363 1898 1407 1925 via
1432 1898 1556 1933 quazdam
1581 1906 1631 1926 nos
1658 1899 1764 1927 ducens

974 1942 1007 1969 ad
1024 1942 1050 1969 id
1075 1942 1147 1977 quod
1170 1951 1321 1978 speramus.
1345 1943 1381 1971 Ut
1403 1944 1430 1971 in
1455 1944 1598 1972 arboribus
1620 1945 1763 1973 videmus:

973 1987 1001 2014 in
1017 1988 1118 2022 quibus
1149 1995 1212 2015 cum
1235 1988 1342 2016 fructus
1358 1997 1373 2016 a
1391 1989 1457 2022 ﬂore
1474 1989 1639 2025 principium
1665 1990 1764 2023 ducat,

974 2041 1023 2069 per
1037 2034 1126 2069 ipsum
1147 2033 1241 2062 ﬂorem
1257 2043 1290 2063 eo
1313 2035 1497 2071 progreditur,
1516 2039 1547 2063 ut
1572 2036 1677 2063 fructus
1695 2035 1743 2062 ﬂat
1755 2057 1762 2069 ,

974 2080 1036 2107 licet
1049 2079 1099 2108 ﬂos
1119 2087 1173 2108 non
1188 2080 1224 2108 sit
1241 2080 1356 2108 fructus.
1376 2081 1410 2108 Et
1433 2081 1499 2116 ipsae
1513 2076 1618 2116 segetes
1629 2100 1637 2112 ,
1653 2088 1714 2115 quae
1728 2089 1762 2108 ex

973 2126 1126 2154 seminibus
1147 2126 1329 2161 proveniunt,
1347 2134 1401 2153 non
1422 2127 1513 2153 statim
1542 2127 1646 2161 spicam
1671 2130 1764 2155 osten-
1777 2136 1788 2155 ·.

974 2175 1054 2205 tant,
1073 2171 1121 2200 sed
1143 2171 1228 2199 herba
1245 2173 1362 2207 primum
1388 2172 1547 2204 enascitur,
1573 2171 1671 2200 deinde
1703 2173 1763 2200 cul—

974 2225 1036 2245 mus
1061 2218 1146 2245 herba
1176 2223 1303 2252 corrupta
1330 2218 1493 2253 consurgit,
1512 2221 1569 2245 tum
1600 2218 1626 2245 in
1656 2226 1764 2246 summa

975 2264 1052 2300 spica
1067 2272 1181 2300 granum
1203 2266 1353 2299 perlicitur.

1011 2310 1077 2343 Qua:
1094 2318 1155 2337 cum
1174 2311 1262 2343 ﬁunt,
1282 2310 1468 2338 necessarium
1488 2311 1559 2338 hunc
1579 2310 1720 2344 ordinem,
1739 2316 1765 2338 et

975 2357 1074 2384 seriem
1100 2364 1155 2384 non
1175 2361 1288 2384 accusat
1312 2356 1449 2392 agricola,
1477 2364 1528 2384 nec
1553 2357 1602 2389 ait,
1627 2359 1765 2390 Quorsum

974 2401 1024 2428 ﬂos
1043 2406 1106 2429 ante
1125 2400 1268 2429 fructum?
1288 2406 1335 2428 aut
1352 2408 1402 2429 cur
1422 2401 1507 2428 berba
1524 2402 1649 2428 nascitur
1667 2401 1764 2435 prius,

971 2454 1053 2481 quam
1069 2446 1157 2481 ipsum
1172 2455 1287 2482 granum
1301 2467 1308 2479 ,
1325 2455 1387 2475 cum
1403 2451 1430 2474 et
1445 2447 1495 2475 ﬂos
1510 2446 1628 2477 deﬂuat.
1642 2450 1669 2473 et
1681 2446 1765 2473 herba

971 2493 1090 2520 inaniter
1102 2497 1245 2520 exarescat
1255 2513 1263 2526 ,
1285 2493 1461 2528 humanoque
1478 2492 1561 2520 victui
1576 2492 1643 2519 nihil
1658 2491 1765 2526 prosit?

970 2538 1052 2565 Novit
1068 2538 1141 2578 enim
1153 2559 1160 2571 ,
1177 2539 1224 2574 qui
1240 2539 1365 2567 mirabile
1383 2543 1489 2566 naturae
1508 2537 1654 2565 artiﬂcium
1675 2537 1765 2564 inlue—

970 2588 1026 2617 tur,
1046 2584 1124 2612 aliter
1144 2584 1202 2612 ﬁeri
1219 2592 1275 2612 non
1295 2592 1392 2620 posse,
1411 2589 1440 2611 ut
1458 2592 1492 2612 ex
1512 2583 1667 2611 seminibus
1683 2583 1764 2617 plan-

972 2630 1065 2665 tisque
1084 2630 1192 2657 fructus
1211 2631 1348 2665 gignatur,
1365 2629 1420 2657 nisi
1438 2629 1471 2656 ad
1489 2628 1550 2663 ejus
1567 2628 1762 2663 perfectionem

972 2675 1125 2704 artiﬁcioso
1142 2677 1194 2704 hoc
1211 2677 1308 2703 ordine
1324 2681 1421 2703 natura
1440 2675 1512 2702 viam
1532 2674 1648 2701 muniat.
1668 2672 1764 2709 Neque

972 2721 1065 2756 enim,
1085 2722 1217 2757 quoniam
1246 2722 1348 2758 herba,
1367 2728 1428 2756 quae
1454 2720 1531 2755 prius
1553 2719 1699 2752 emittitur,
1721 2720 1764 2747 in-

973 2769 1049 2796 utilis
1066 2773 1118 2800 est,
1140 2776 1226 2803 eaque
1244 2775 1298 2794 non
1315 2768 1461 2798 vescimur.
1482 2767 1584 2793 idcirco
1600 2766 1627 2794 id
1645 2766 1717 2801 quod
1735 2767 1763 2793 lit

973 2819 1016 2841 est
1039 2815 1120 2842 inane
1137 2822 1169 2841 ac
1185 2821 1396 2849 supervacuum.
1418 2812 1485 2840 Nam
1502 2813 1549 2848 qui
1570 2813 1673 2848 indiget
1689 2813 1761 2843 cibo,

974 2860 1041 2887 nihil
1058 2860 1132 2887 aliud
1149 2860 1201 2887 uisi
1218 2860 1363 2888 utilitatem
1379 2859 1535 2888 considerat
1549 2867 1626 2889 suam
1639 2868 1647 2891 ;
1659 2863 1763 2886 natum
