4026 6432
477 279 585 338 519

1739 264 1796 320 S.
1837 257 2168 320 GREGORII
2205 254 2500 313 NYSSENI

3632 259 3744 316 520

481 405 614 446 vero
659 401 830 444 unum
869 385 1000 441 illud
1045 383 1385 456 propositum
1425 390 1544 448 est,
1582 390 1644 436 ut
1679 380 1934 436 instituto
1967 393 2061 433 or-

2187 375 2269 444 ⁵ἧῖ
2299 374 2543 446 χρῄζων.
2581 372 2717 445 πρὸς
2744 372 2841 443 τὴν
2867 371 3063 431 ἑαυτοῦ
3092 373 3280 445 χρείαν
3320 375 3420 445 ὁρᾷ
3445 390 3456 403 ·
3493 373 3524 426 6
3555 373 3611 426 δὲ
3642 379 3744 444 τῆς

482 482 612 537 dine
637 479 875 534 fructum
921 477 990 533 ad
1029 476 1433 534 absolutionem
1461 474 1747 544 perducat.
1773 470 1853 526 Ita
1874 468 2061 524 multi-

485 574 606 644 plex
638 572 875 643 primum
909 585 940 626 e
973 569 1126 640 jacto
1163 567 1375 624 semine
1411 566 1566 621 radix
1616 565 1910 628 emittitur,
1951 575 2062 632 qua

482 681 553 722 ex
605 665 838 718 humore
879 662 1282 717 nutrimentum
1326 659 1658 715 attrahatur.
1705 655 1844 710 Tum
1893 653 2061 710 herba

485 756 752 828 pullulat,
785 768 909 824 qua:
944 751 1184 808 radicem
1234 750 1446 822 operit,
1501 764 1572 805 ne
1616 748 1686 803 ab
1722 761 1848 802 aere
1893 744 2062 800 detri-

486 853 734 903 mentum
785 844 1063 914 accipiat;
1113 857 1176 898 ac
1227 842 1384 911 licet,
1407 840 1526 912 ipsa
1569 839 1785 894 fructus
1819 852 1928 892 non
1958 835 2062 899 sit,

489 936 639 991 viam
689 941 876 987 tamen
915 931 1122 1001 praebet
1153 928 1590 1000 quodammodo,
1630 933 1680 981 et
1720 923 1879 980 aﬂ‘ert
1909 925 2066 978 auxi-

487 1025 624 1080 lium
660 1039 769 1094 quo
806 1022 1021 1076 fructus
1057 1019 1398 1091 perficiatur.
1435 1018 1652 1073 Etenim
1681 1032 1807 1072 cum
1843 1014 2064 1072 insitam

489 1114 688 1172 semini
728 1114 832 1166 vim
864 1112 946 1168 sic
977 1117 1508 1180 expurgatnatura,
1542 1107 1769 1163 herbam
1803 1112 2066 1176 tanquam

491 1207 706 1263 fructus
748 1209 1158 1260 excrementum
1205 1200 1501 1272 projiciens
1523 1240 1538 1264 ,
1576 1207 1692 1254 tum
1725 1213 1790 1254 ea
1825 1199 2067 1253 radicem

490 1296 730 1368 protegit
765 1291 1121 1363 defenditque
1150 1293 1220 1348 ab
1257 1293 1402 1348 acris
1438 1292 1690 1362 injuriis,
1730 1304 1853 1360 quae
1883 1287 1967 1344 vel
2002 1302 2069 1342 ex

491 1389 729 1460 frigore.
767 1386 851 1442 vel
892 1401 958 1442 ex
1009 1385 1197 1440 calore
1233 1385 1584 1455 proveniunt.
1635 1384 1706 1438 At
1747 1398 1873 1439 cum
1925 1380 2073 1436 radi-

489 1481 646 1536 cibus
677 1479 736 1534 in
765 1479 878 1534 imo
904 1476 1120 1532 firmius
1151 1478 1423 1532 munitum
1454 1484 1540 1532 est
1569 1489 1754 1532 semen
1775 1513 1792 1540 ,
1825 1473 2071 1546 neglecta

490 1572 754 1642 deinceps
805 1571 1010 1635 herba,
1069 1569 1215 1639 quod
1267 1568 1426 1623 radix
1479 1583 1588 1622 non
1637 1575 1794 1638 egeat
1835 1566 2074 1637 amplius

2162 465 2377 535 φύσεως
2413 465 2570 535 λόγος
2602 464 2663 518 οὗ
2693 465 2830 535 πρὸς
2862 464 2991 521 άλλο
3025 482 3078 518 τι
3120 464 3308 534 βλέπει
3327 505 3341 527 ,
3364 463 3477 518 ἀλλ’
3499 464 3650 527 ὅπως
3675 465 3746 517 ἂν

2162 557 2506 628 προσαγάγοι
2553 555 2651 628 τὴν
2704 557 3072 628 καρπογονίαν
3125 555 3214 611 διὰ
3267 556 3370 626 τῆς
3404 555 3748 626 τεταγμένης

2160 647 2482 711 ἀκολουθίας
2535 647 2630 700 ἐπὶ
2660 647 2721 700 τὸ
2763 647 2985 702 τέλειον.
3019 647 3110 700 Διὸ
3155 647 3370 718 πρῶτον
3420 647 3750 716 πολυμερῶς

2162 739 2254 794 διά
2299 739 2464 812 ῥιζῶν
2509 738 2603 793 τοῦ
2637 740 2997 810 ὑποκειμένου
3029 739 3294 809 ἐμφύεται
3321 779 3337 803 ,
3377 737 3445 791 δι’
3476 731 3553 792 ὧν
3597 738 3751 792 έλκει

2164 833 2263 906 τὴν
2289 833 2622 904 κατάλληλον
2647 832 2828 902 ἑαυτῷ
2850 832 2939 885 διά
2965 831 3063 904 τῆς
3088 831 3312 902 ἰκμάδος
3335 831 3576 901 τροφήνο
3601 827 3748 896 εἶτα,

2166 927 2358 999 χόρτον
2390 925 2717 998 βλαστάνει,
2767 925 2854 979 διὰ
2885 925 2984 996 τὴν
3033 924 3098 978 ὲκ
3151 923 3244 978 τοῦ
3302 923 3463 994 ἀέρος
3521 921 3750 992 βλάϐην,

2166 1019 2540 1094 προκάλυμμα
2569 1017 2671 1088 τῆς
2707 1016 2862 1088 ῥίζης
2899 1016 2999 1086 τὴν
3032 1015 3170 1069 πόαν
3226 1014 3547 1084 ποιούμενος
3568 1029 3579 1043 °
3615 1013 3753 1086 ὅπερ

2168 1110 2382 1181 καρπὸς
2410 1109 2508 1180 μὲν
2534 1108 2632 1162 οὐκ
2661 1107 2775 1162 ἔστι
2794 1147 2808 1170 ,
2842 1107 3100 1178 συνεργία
3142 1106 3198 1162 δέ
3226 1120 3312 1170 τις
3343 1107 3438 1161 καὶ
3461 1107 3580 1170 ὁδὸς
3606 1105 3757 1176 γίνε-

2167 1221 2258 1259 ται
2303 1203 2401 1270 τῆς
2433 1201 2530 1254 τοῦ
2565 1199 2779 1272 καρποῦ
2807 1198 3158 1263 τελειώσεως.
3195 1198 3418 1272 Πρῶτον
3456 1199 3555 1270 μὲν
3589 1199 3756 1252 ἑκκα-

2170 1295 2374 1366 θαίρων
2405 1294 2473 1349 δι’
2503 1292 2696 1347 ἑαυτοῦ
2744 1292 2843 1363 τὴν
2873 1291 3202 1361 ὲγκειμένην
3246 1288 3323 1360 τῷ
3362 1289 3637 1361 σπέρματι
3665 1289 3758 1342 δύ-

2171 1401 2339 1456 ναμιν
2362 1424 2378 1449 ,
2407 1377 2520 1438 οἷόν
2572 1401 2624 1438 τι
2659 1383 2978 1453 περίττωμα
3029 1380 3124 1434 τοῦ
3158 1379 3373 1450 καρποῦ
3420 1380 3512 1433 τὸν
3563 1379 3758 1451 χόρτον

2173 1473 2801 1548 προαποσκευαζομένης
2825 1471 2927 1542 τῆς
2949 1470 3164 1542 φύσεως
3188 1509 3204 1534 ,
3232 1471 3525 1542 σκέπασμα
3547 1469 3758 1539 γίνεται

2171 1569 2240 1638 τῇ
2291 1564 2416 1638 ῥίζῃ
2469 1565 2606 1637 πρὸς
2650 1565 2750 1627 τὰς
2783 1566 2848 1618 ὲκ
2885 1563 2981 1617 τοῦ
3032 1564 3192 1636 ἀέρος
3235 1562 3475 1634 βλάϐας,
3522 1562 3620 1625 τὰς
3670 1561 3760 1617 διά

489 1663 849 1728 defensione,
897 1670 1013 1717 tota
1063 1662 1150 1718 vis
1189 1661 1256 1717 ad
1295 1662 1538 1716 culmum
1583 1659 1959 1715 extollendum
2008 1671 2074 1713 ac

2187 1657 2377 1731 κρύους
2399 1674 2460 1710 τε
2489 1656 2584 1710 καὶ
2625 1655 2860 1718 θάλπους
2891 1655 3267 1726 ἐγγινομένας.
3295 1653 3674 1724 Εὐτονώτερον
3701 1653 3760 1707 δὲ

492 1753 889 1827 perliciendum
945 1753 1234 1810 incumbit.
1289 1750 1502 1806 Natura
1561 1752 1710 1807 enim
1769 1750 2073 1805 artiﬁciosa

2187 1727 2280 1822 ήδη
2316 1747 2408 1802 διὰ
2435 1747 2633 1820 βάθους
2663 1749 2721 1802 ιν
2768 1750 2887 1812 ταῖς
2917 1747 3096 1818 ῥίζαις
3142 1746 3640 1810 ὑποσκευασθέντος
3666 1745 3762 1799 τοῦ

494 1845 734 1918 quadam
769 1844 1042 1915 sapientia
1077 1843 1371 1900 sublimem
1402 1842 1666 1899 fabricam
1702 1843 2072 1907 machinatur,

493 1951 602 2007 qua
634 1950 858 2007 germen
887 1933 1155 1989 directum
1177 1934 1384 1989 mutuis
1414 1935 1470 1989 in
1505 1934 1743 1989 circuitu
1778 1933 2074 2005 distingui-

493 2036 587 2083 tur
613 2026 822 2082 tunicis
853 2045 867 2081 :
899 2025 954 2080 in
987 2025 1190 2095 quibus
1222 2025 1496 2096 principio
1531 2025 1750 2081 culmus
1781 2025 2073 2091 humidus,

494 2133 562 2174 ac
589 2126 748 2172 tener
779 2116 1086 2173 indolescat
1114 2131 1346 2172 necesse
1367 2123 1489 2184 est,
1517 2123 1603 2182 et,
1630 2131 1742 2187 quo
1767 2117 1940 2172 tutior
1965 2116 2075 2182 sit,

495 2207 765 2281 geniculis
789 2223 889 2278 per
921 2207 1161 2264 medium
1192 2215 1456 2278 tanquam
1484 2208 1722 2264 vinculis
1755 2208 2072 2262 muniatur:

497 2301 590 2356 ubi
634 2309 815 2355 autem
853 2299 920 2354 ad
960 2306 1352 2369 congruentem
1395 2298 1740 2355 altitudinem
1783 2300 2080 2369 ascendit,

498 2396 576 2448 ita
607 2391 816 2462 frugem
842 2390 1080 2456 emittit,
1111 2397 1170 2444 ut
1197 2399 1442 2446 extrema
1471 2391 1657 2447 tunica
1686 2407 1752 2447 ex
1782 2407 1842 2447 se
1868 2391 2080 2463 spicam

498 2482 665 2548 edat,
701 2496 824 2552 quae
857 2481 1153 2536 aristarum
1185 2480 1539 2536 multitudine
1566 2489 1825 2551 tanquam
1856 2483 2085 2552 capillo-

501 2588 625 2628 rum
655 2574 798 2627 vallo
829 2571 1086 2628 distincta
1114 2570 1325 2643 frugem
1352 2573 1519 2642 tegit,
1555 2581 1609 2628 et
1635 2573 1759 2630 imis
1787 2575 2082 2628 aristarum

503 2663 870 2734 receptaculis
902 2663 1222 2718 innutritur.
1259 2663 1394 2720 Cum
1428 2664 1595 2735 igitur
1625 2679 1733 2719 non
1769 2663 2088 2735 indignetur

507 2754 752 2826 agricola
787 2768 890 2810 nec
919 2753 992 2809 ob
1025 2753 1281 2824 stirpium
1317 2753 1520 2817 libras,
1555 2769 1659 2810 nec
1699 2762 1926 2825 propter
1955 2753 2087 2810 her-

501 2845 628 2902 bam
655 2886 672 2910 ,
707 2859 812 2902 nec
849 2853 1073 2916 propter
1106 2844 1385 2915 spicarum
1425 2846 1665 2912 aristas,
1701 2861 1826 2916 qua:
1861 2843 2085 2916 quidem

502 2936 688 2994 omnia
723 2936 1058 3006 proveniunt
1093 2951 1161 2991 ex
1201 2937 1446 3002 semine,
1487 2937 1585 2993 sed
1625 2938 1680 2992 in
1722 2937 1811 2993 his
1852 2937 2087 3008 singulis

503 3043 669 3083 usum
701 3025 994 3097 quemdam
1022 3027 1286 3097 perspicit
1311 3028 1686 3083 necessarium
1707 3068 1723 3094 ,
1751 3041 1863 3098 quo
1889 3035 2087 3083 natura

505 3123 809 3179 artificiose
842 3121 1235 3193 progrediens,
1266 3129 1322 3177 et
1363 3122 1633 3192 abjiciens
1663 3137 1786 3192 qua:
1827 3129 1959 3178 sunt
1999 3121 2086 3178 in-

507 3212 698 3278 utilia,
736 3211 947 3284 frugem
979 3210 1192 3282 perficit
1224 3219 1279 3268 et
1318 3211 1596 3279 absolvit;
1627 3227 1698 3267 ne
1729 3211 1828 3268 tibi
1862 3212 2086 3282 quidem

506 3303 700 3376 iniquo
744 3303 1027 3360 ferendum
1077 3311 1163 3360 est
1211 3303 1430 3370 animo,
1464 3303 1615 3375 quod
1662 3313 1861 3360 natura
1898 3315 2088 3362 nostra

506 3396 855 3453 necessarias
905 3410 1247 3466 persequens
1298 3395 1417 3451 vias
1469 3394 1540 3450 ad
1594 3395 1877 3466 pr0prium
1927 3396 2090 3452 finem

507 3488 816 3561 perveniat.
851 3486 960 3544 Sed
991 3496 1053 3544 ut
1081 3488 1136 3543 in
1165 3488 1418 3559 exemplo
1448 3487 1720 3544 seminum
1750 3487 1934 3543 cernis
1953 3529 1967 3554 ,
1999 3487 2094 3542 de-

507 3581 607 3639 bes
639 3580 996 3649 existimare,
1028 3579 1178 3653 quod
1213 3595 1461 3653 praesens
1491 3587 1614 3648 est,
1647 3579 1719 3636 ad
1751 3581 1892 3636 utile
1913 3587 1969 3634 et
1997 3595 2094 3635 ne-

511 3673 821 3728 cessarium
850 3671 1057 3744 aliquid
1088 3672 1316 3728 omnino
1350 3673 1548 3729 referri
1579 3685 1646 3728 ac
1672 3671 1873 3744 dirigi,
1915 3685 2093 3742 neque

509 3760 648 3817 illud
680 3777 804 3819 esse
835 3762 996 3832 cujus
1024 3765 1201 3834 gratia
1240 3764 1414 3834 geniti
1447 3780 1665 3821 sumus.
1709 3763 1900 3835 Neque
1943 3763 2092 3818 enim

515 3852 691 3910 fetum
722 3861 940 3910 creator
968 3865 1158 3910 noster
1186 3854 1481 3921 formavit,
1515 3865 1575 3910 ut
1605 3857 1662 3910 in
1704 3856 1902 3910 matris
1934 3863 2094 3910 utero

511 3959 972 4017 permaneremus
1003 3964 1018 4014 ;
1047 3962 1227 4018 neque
1260 3947 1387 4002 inde
1419 3962 1521 4002 nos
1551 3947 1778 4011 educit,
1809 3955 1870 4002 ut
1911 3947 1965 4002 in
2001 3947 2090 4002 in-

511 4033 686 4090 fantia
709 4075 726 4104 ,
760 4041 858 4090 aut
901 4034 970 4092 iis
992 4071 1010 4099 ,
1047 4050 1170 4105 quae
1211 4035 1470 4104 deinceps
1511 4035 1928 4103 subsequuntur
1959 4041 2092 4088 teta-

514 4124 667 4182 tibus
689 4164 706 4190 ,
753 4134 954 4181 natura
1002 4140 1218 4195 semper
1250 4125 1413 4179 aliam
1449 4134 1573 4195 post
1603 4124 1768 4178 aliam
1800 4123 2090 4189 indue-te,

511 4225 566 4274 et
606 4215 838 4272 formam
867 4218 1117 4288 corporis
1149 4224 1560 4282 commutante,
1600 4216 1967 4286 degeremus;
1998 4231 2094 4273 ne-

513 4324 622 4380 que
670 4314 731 4364 ut
780 4323 987 4379 corpus
1036 4308 1216 4379 ipsum
1265 4306 1560 4363 accedente
1604 4318 1782 4362 morte
1825 4306 2093 4364 dissolve-

2181 1843 2526 1915 σπέρματος,
2550 1840 2669 1894 τότε
2695 1838 2788 1893 τοῦ
2817 1840 3011 1910 χόρτου
3044 1837 3228 1892 λοιπὸν
3251 1837 3616 1909 ἀμεληθέντος
3635 1881 3650 1904 ,
3672 1837 3766 1890 διά

2179 1935 2242 1989 τὸ
2297 1933 2492 2006 μηκέτι
2529 1931 2736 1986 δεῖσθαι
2784 1931 2882 2002 τὴν
2936 1930 3092 2004 ῥίζαν
3140 1929 3235 1984 τοῦ
3275 1929 3789 2000 προκαλύμματος,·

2182 2026 2320 2099 πρὸς
2358 2025 2458 2097 τὴν
2489 2025 2588 2097 τῆς
2623 2023 2875 2096 καλάμης
2927 2021 3238 2095 ἀναδρομὴν
3269 2025 3419 2075 πᾶσα
3466 2022 3769 2076 συνδίδοται

2182 2120 2412 2191 δύναμις
2433 2156 2449 2185 ,
2495 2118 2770 2190 μηχανικῇ
2813 2133 2921 2169 τινι
2955 2115 3117 2188 σοφίᾳ
3161 2115 3259 2186 τὴν
3309 2114 3559 2185 αὑλοειδῆ
3595 2130 3773 2167 κατα·

2185 2211 2387 2282 σκευὴν
2414 2209 2830 2280 φιλοτεχνούσης
2849 2207 2950 2278 τῆς
2977 2206 3222 2278 φύσεως,
3246 2202 3315 2280 ἧς
3337 2205 3629 2279 εὐθυτενὴς
3668 2205 3773 2277 μὲν

2186 2303 2222 2374 ὴ
2247 2301 2471 2374 βλάστη,
2495 2301 2718 2373 χιτῶσιν
2747 2299 3072 2372 ιπαλλήλοις
3103 2300 3162 2353 ἐν
3183 2299 3368 2371 κύκλῳ
3385 2297 3767 2369 διειλημμένη.

2187 2394 2309 2466 Χρὴ
2342 2393 2453 2465 γὰρ
2480 2393 2691 2458 τούτοις
2722 2391 2895 2464 ὐγράν
2924 2388 3090 2447 οὖσαν
3116 2391 3210 2445 καὶ
3243 2391 3429 2446 άτονον
3469 2391 3569 2464 τὴν
3599 2391 3774 2445 καλά-

2191 2502 2301 2556 μην
2336 2483 2494 2556 παρά
2522 2483 2620 2557 τὴν
2651 2484 2876 2557 πρώτην
2908 2485 3291 2556 ἐντρέφεσθαι,
3333 2486 3447 2548 τοῖς
3475 2483 3566 2537 διὰ
3601 2483 3774 2553 μέσου

2191 2573 2507 2644 συνδέσμοις
2521 2573 2818 2642 ἀσφαλείας
2842 2574 3001 2646 χάριν
3023 2572 3433 2644 ὐπεζωσμένην.
3463 2573 3526 2626 Et
3547 2572 3605 2626 δὲ
3632 2572 3773 2643 πρὸς

2187 2665 2252 2723 τδ
2283 2666 2596 2740 σύμμετρον
2620 2667 2920 2738 ἀναδράμοι
2952 2669 3129 2739 μῆκος
3152 2709 3168 2734 ,
3196 2665 3314 2719 τότε
3349 2666 3496 2736 κομᾷ
3534 2665 3569 2736 ἡ
3603 2665 3776 2719 καλά-

2191 2775 2272 2833 μη
2290 2797 2310 2830 ,
2335 2757 2430 2814 τοῦ
2459 2759 2771 2814 τελευταίου
2816 2757 3079 2829 χιτῶνος,
3092 2757 3186 2828 ἀφ’
3213 2754 3408 2812 ἑαυτοῦ
3439 2757 3530 2810 τὸν
3571 2756 3776 2827 στάχυν

2191 2852 2578 2925 προδείξαντος
2615 2891 2632 2918 ,
2679 2852 2739 2916 ὃς
2791 2853 2871 2916 είς
2922 2849 3152 2915 πολλοὺς
3207 2850 3412 2921 ἀθέρας
3461 2850 3776 2922 τριχοειδῶς

2191 2945 2585 3016 διαιρούμενος,
2639 2942 2872 3015 κρύπτει
2914 2942 3013 3014 τὴν
3065 2943 3243 3014 κόμην
3275 2941 3418 2997 κατά
3459 2942 3561 3012 τὴν
3618 2939 3778 3011 βάσιν

2192 3037 2304 3089 τῶν
2335 3035 2547 3105 ἀθέρων
2575 3036 2690 3098 τοῖς
2723 3033 2969 3106 ἐλύτροις
3007 3034 3462 3105 ὑποτρεφόμενος.
3494 3033 3556 3086 Εἰ
3595 3032 3778 3086 τοίων

2193 3127 2319 3182 οὕτε
2351 3127 2488 3198 πρὸς
2511 3125 2612 3191 τὰς
2648 3125 2805 3198 ῥίζας
2833 3125 2943 3180 τῶν
2967 3125 3296 3196 σπερμάτων
3326 3126 3355 3178 ὁ
3383 3123 3628 3194 γεωργὸς
3651 3123 3779 3177 δυσε

2194 3221 2434 3293 χεραίνει
2458 3261 2473 3287 ,
2520 3218 2644 3273 οὕτε
2679 3219 2816 3290 πρὸς
2861 3219 2953 3274 τὸν
3012 3216 3516 3290 προεκϐαλλόμενον
3570 3218 3637 3272 ὲκ
3682 3217 3779 3271 τοῦ

2197 3312 2511 3382 σπέρματος
2530 3309 2741 3382 χόρτον,
2765 3308 2893 3364 οὔτε
2917 3310 2998 3375 είς
3021 3309 3147 3374 τοὺς
3173 3307 3374 3379 ἀθέρας
3404 3308 3496 3362 τοῦ
3524 3309 3779 3378 στάχυος,

2195 3402 2312 3456 ἀλλ’
2345 3403 2406 3464 ὲν
2435 3401 2652 3472 ἑκάστῳ
2694 3399 2900 3454 τούτων
2949 3399 3206 3467 ὶνθεωρεϊ
3231 3415 3354 3452 τινα
3388 3399 3576 3470 χρείαν
3610 3399 3779 3462 άναγ-

2195 3493 2378 3558 καίαν,
2399 3492 2467 3546 δι’
2495 3487 2566 3565 ἧς
2586 3491 2849 3562 τεχνικῶς
2876 3492 2911 3563 η
2937 3490 3097 3562 φύσις
3115 3490 3396 3554 ὁδεύουσα,
3433 3491 3662 3562 προάγει
3686 3491 3780 3542 τὸν

2196 3583 2410 3655 καρπὸν
2432 3584 2512 3648 είς
2535 3583 2832 3645 τελείωσιν,
2870 3583 2958 3637 διὰ
2977 3584 3077 3655 τῆς
3104 3581 3214 3636 τῶν
3251 3581 3485 3655 ἀχρείων
3511 3583 3781 3651 ἀποποιή-

2199 3692 2339 3740 σεως
2367 3675 2466 3746 τὴν
2507 3675 2728 3746 γόνιμον
2779 3673 3184 3746 έκκαθαίρουσα
3229 3675 3488 3746 δύναμιν·
3529 3673 3650 3745 ὥρα
3684 3673 3776 3727 καὶ

2199 3765 2285 3819 σοὶ
2313 3765 2389 3836 μὴ
2415 3765 2786 3837 δυσχεραίνειν
2815 3764 2904 3819 διά
2924 3765 3031 3820 τῶν
3059 3765 3374 3835 ἀναγκαίων
3394 3765 3528 3818 ὁδῶν
3558 3765 3783 3836 προϊού-

2199 3870 2300 3924 σης
2321 3853 2478 3924 ἡμῶν
2503 3855 2603 3926 τῆς
2630 3855 2844 3925 φύσεως
2879 3856 2972 3910 ἐπὶ
2999 3856 3060 3910 τὸ
3105 3855 3235 3910 τδιον
3273 3856 3449 3923 τέλος,
3476 3856 3592 3910 ἀλλ’
3628 3858 3781 3928 ἠγεῖ-

2201 3945 2327 4000 σθαι
2365 3946 2507 4000 κατὰ
2539 3946 2637 4016 τὴν
2661 3947 2720 3999 ὲν
2748 3950 2859 4012 τοῖς
2899 3947 3207 4018 σπέρμασιν
3249 3947 3539 4017 ἀναλογίαν
3557 3989 3572 4014 ,
3600 3947 3662 4001 τὸ
3690 3950 3782 4002 ἀεὶ

2200 4033 2377 4106 παρὸν
2401 4035 2538 4106 πρός
2574 4051 2628 4088 τι
2661 4035 2878 4099 πάντως
2905 4035 3192 4107 χρησίμως
3220 4052 3281 4090 τε
3327 4037 3422 4090 καὶ
3467 4035 3782 4104 ἀναγκαίως

2200 4122 2364 4195 ἔχειν,
2393 4125 2454 4178 οὐ
2483 4125 2590 4196 μὴν
2627 4124 2785 4179 τοῦτο
2815 4121 2953 4180 εἶναι
2982 4121 3042 4182 οὗ
3074 4127 3235 4197 χάριν
3266 4127 3345 4189 εἰς
3371 4126 3586 4194 γένεσιν
3624 4124 3784 4196 ἦλθο-

2203 4231 2326 4287 μεν.
2357 4216 2434 4269 Οὐ
2460 4215 2571 4286 γὰρ
2615 4215 2707 4270 ἐπὶ
2737 4216 2798 4269 τὸ
2825 4216 3061 4288 ἔμϐρυον
3091 4216 3344 4285 γενέσθαι
3376 4215 3526 4286 παρά
3556 4215 3652 4268 τοῦ
3683 4217 3778 4284 δη-

2204 4308 2636 4379 μιουργήσαντος
2657 4309 2803 4378 ἡμᾶς
2833 4308 3145 4379 ὑπέστημεν
3167 4346 3182 4375 ,
3212 4308 3333 4362 οὐδὲ
3367 4307 3500 4382 πρὸς
3523 4307 3616 4360 τὸν
3660 4307 3788 4377 βρε-

513 4407 690 4462 retur,
727 4399 822 4454 sed
857 4406 916 4453 ut
946 4413 1042 4468 per
1079 4399 1194 4453 haec
1233 4407 1288 4454 et
1324 4399 1431 4453 alia
1463 4397 1773 4468 ejusmodi,
1815 4413 1938 4468 qua:
1964 4407 2083 4455 sunt

2203 4399 2354 4471 φὼδη
2385 4400 2498 4470 βίον
2529 4401 2558 4454 ὁ
2601 4400 2801 4464 σκοπὸς
2837 4401 2939 4470 τῆς
2985 4401 3199 4469 φύσεως
3243 4401 3460 4472 βλέπει,
3495 4399 3614 4454 οὐδὲ
3646 4400 3786 4470 πρὸς

516 4497 780 4558 tanquam
813 4496 1002 4558 partes
1041 4490 1188 4544 illius
1217 4490 1354 4554 vim,
1401 4505 1499 4559 per
1532 4504 1698 4559 quam
1748 4488 2083 4553 incedimus,

2199 4492 2300 4557 τὰς
2339 4493 2538 4563 ἐφεξῆς
2568 4492 2785 4561 ἡλικίας
2823 4494 2945 4564 ὁρᾷ,
2983 4493 3046 4557 ἃς
3077 4495 3164 4549 ἀεὶ
3188 4495 3275 4548 διὰ
3305 4497 3402 4566 τῆς
3445 4493 3786 4556 ἀλλοιώσεως

518 4579 588 4632 ad
618 4585 819 4631 statum
851 4588 1098 4632 nostrum
1130 4579 1426 4648 pristinum
1448 4619 1464 4645 ,
1498 4578 1604 4634 hoc
1647 4587 1762 4645 est,
1794 4580 1860 4637 ad
1892 4581 2083 4637 simili-

2200 4583 2547 4656 μετενδύεται
2565 4583 2642 4654 τῷ
2667 4585 2843 4654 χρόνῳ
2863 4585 2925 4638 τὸ
2944 4580 3083 4649 εἶδος
3110 4584 3630 4649 συνεξαλλάσσουσα,
3659 4583 3787 4636 οὐδὲ

517 4667 768 4726 tudinem
821 4666 919 4723 Dei
969 4669 1371 4738 perveniamus.
1412 4669 1492 4724 Ac
1531 4671 1992 4740 quemadmodum
2027 4671 2083 4726 ad

2201 4675 2342 4747 πρὸς
2393 4676 2490 4746 τὴν
2522 4675 2909 4747 ὲπιγινομένην
2958 4677 3049 4731 διά
3095 4675 3187 4730 τοῦ
3243 4676 3471 4731 θανάτου
3506 4674 3661 4728 λύσιν
3704 4675 3786 4744 τῷ

515 4759 910 4830 perliciendum
948 4759 1155 4830 spicam
1194 4775 1262 4814 ex
1303 4767 1514 4816 naturae
1558 4763 1813 4818 instituto
1868 4763 2083 4820 herbam

2201 4766 2414 4838 σώματι
2437 4784 2451 4797 ⁸
2493 4766 2629 4822 ἀλλά
2657 4767 2832 4822 πάντα
2861 4767 3036 4822 ταῦτα
3068 4770 3162 4823 καὶ
3191 4770 3258 4823 τά
3284 4769 3504 4824 τοιαῦτα
3534 4769 3633 4839 τῆς
3661 4769 3785 4823 ὁδοῦ

518 4853 870 4910 ostendimus
902 4868 1026 4910 esse
1061 4855 1479 4922 necessariam;
1523 4870 1626 4910 nec
1658 4862 1844 4912 tamen
1872 4865 2098 4928 propter

514 4947 694 5016 ipsam
726 4944 952 5001 herbam
976 4983 991 5010 ,
1030 4960 1133 5001 nec
1159 4953 1387 5017 propter
1419 4947 1674 5014 tunicas',
1721 4959 1819 5003 aut
1863 4949 2096 5015 aristas,

517 5045 614 5092 aut
660 5038 906 5093 culmum
953 5038 1265 5095 instituitur
1317 5041 1693 5112 agricultura,
1725 5040 1823 5097 sed
1872 5049 2099 5112 propter

517 5127 730 5200 frugem
761 5131 932 5186 victui
967 5132 1438 5187 accommodatam
1460 5171 1476 5197 ,
1511 5131 1580 5187 ad
1613 5131 1774 5203 cujus
1803 5133 2099 5204 perfectio-

517 5235 644 5274 nem
677 5229 876 5275 natura
925 5237 1022 5292 per
1073 5223 1164 5277 illa
1197 5224 1550 5295 progreditur
1578 5243 1592 5279 :
1627 5225 1709 5280 sic
1739 5233 2098 5298 exspectatus

519 5307 686 5378 hujus
721 5310 845 5366 vitae
875 5310 1000 5368 fluis
1025 5321 1109 5368 est
1140 5314 1443 5370 beatitudo.
1473 5314 1605 5382 Quae
1633 5330 1767 5372 vero
1798 5331 1947 5372 nunc
1974 5331 2100 5372 cor-

519 5400 638 5466 pori
667 5401 926 5455 eveniunt
945 5443 960 5466 ,
987 5413 1046 5457 ut
1077 5419 1225 5460 mors
1243 5445 1258 5470 ,
1286 5414 1542 5462 senectus
1562 5445 1577 5468 .
1597 5406 1890 5477 juventus,
1917 5405 2100 5461 infan-

523 5486 595 5538 tia
619 5525 634 5549 ,
672 5487 928 5544 formatio
959 5491 1102 5548 fetus
1137 5498 1191 5549 in
1226 5503 1417 5562 utero,
1456 5505 1515 5552 ut
1547 5497 1764 5563 herbae,
1797 5505 1852 5552 et
1879 5498 2098 5564 aristae,

521 5581 575 5625 et
612 5576 819 5639 culmi,
856 5591 984 5635 sunt
1021 5584 1188 5639 veluti
1220 5587 1357 5651 viae,
1396 5604 1494 5658 per
1525 5604 1664 5658 quas
1697 5588 1764 5643 ad
1801 5587 2098 5658 perfectio~

519 5676 644 5718 nem
681 5675 957 5731 speratam
994 5677 1400 5734 contendimus.
1451 5680 1623 5748 Quam
1671 5680 1770 5737 tibi
1813 5681 1930 5752 ipse
1969 5697 2098 5753 pro-

2198 4859 2266 4913 δι’
2297 4855 2366 4934 ἧς
2401 4859 2748 4931 πορευόμεθα
2805 4860 2944 4932 μέρη
2979 4861 3127 4914 ἐστίν
3149 4877 3163 4892 ο
3217 4863 3246 4915 6
3275 4863 3331 4915 δὲ
3373 4862 3570 4926 σκοπὸς
3603 4865 3695 4917 καὶ
3725 4863 3787 4916 τὸ

2200 4952 2375 5022 πέρας
2409 4952 2508 5021 τῆς
2550 4951 2636 5005 διὰ
2681 4951 2884 5005 τούτων
2932 4952 3158 5023 πορείας
3180 4992 3194 5016 ,
3223 4953 3256 5022 ἡ
3291 4954 3426 5024 πρὸς
3451 4953 3512 5007 τὸ
3556 4955 3784 5026 ἀρχαῖον

2199 5045 2663 5108 ἀποκατάστασις,
2686 5046 2822 5116 ὅπερ
2847 5045 2998 5098 οὐδὲν
3031 5046 3237 5116 ἕτερον,
3263 5047 3294 5117 ἢ
3323 5049 3355 5117 ἡ
3385 5049 3521 5118 πρὸς
3547 5047 3609 5100 τὸ
3629 5047 3785 5100 Θεῖόν

2199 5135 2349 5188 ἐστιν
2378 5135 2654 5204 ὁμοίωσις.
2685 5138 2795 5190 Καὶ
2822 5137 3010 5207 ὥσπερ
3038 5139 3132 5190 ἐπὶ
3159 5138 3258 5208 τῆς
3289 5138 3430 5192 κατά
3461 5139 3553 5192 τὸν
3580 5139 3784 5210 στάχυν

2199 5227 2438 5292 είκόνος,
2481 5227 2775 5296 ἀναγκαῖος
2813 5229 2910 5299 μὲν
2942 5229 3113 5300 ἐφάνη
3145 5230 3223 5300 τῷ
3269 5229 3412 5301 λόγῳ
3442 5231 3540 5302 τῆς
3569 5232 3786 5300 φύσεως

2199 5318 2294 5372 καὶ
2319 5317 2349 5370 ὁ
2381 5319 2884 5390 προεκϐαλλόμενος
2911 5320 3104 5392 χόρτος
3128 5339 3141 5353 ο
3174 5323 3234 5374 οὐ
3265 5323 3370 5393 μὴν
3401 5323 3457 5375 δὲ
3485 5323 3552 5376 δι’
3577 5325 3783 5378 ἐκεῖνόν

2199 5407 2350 5460 ἐστιν
2385 5408 2418 5476 ὴ
2440 5409 2707 5478 γεωργία,
2735 5409 2855 5462 οὐδὲ
2879 5411 3106 5478 χιτῶνες
3130 5453 3144 5475 ,
3183 5412 3274 5466 καὶ
3305 5412 3498 5482 ἀθέρες
3518 5454 3536 5480 ,
3568 5415 3663 5467 καὶ
3688 5433 3784 5468 κα-

2199 5500 2347 5571 λάμη
2372 5541 2387 5566 ,
2417 5501 2514 5552 καὶ
2547 5499 2880 5570 ὑποζώματα
2935 5504 3250 5572 πρόκεινται
3283 5507 3347 5576 τῇ
3384 5505 3485 5573 τῆς
3511 5508 3784 5578 γεωργίας

2201 5591 2428 5661 σπουδῇ,
2457 5591 2569 5644 ἀλλ’
2593 5594 2622 5644 6
2645 5593 2908 5662 τρόφιμος
2937 5595 3148 5664 καρπὸς
3175 5599 3204 5648 ὀ
3234 5596 3323 5649 διὰ
3351 5597 3557 5650 τούτων
3581 5598 3781 5669 πρρῐὼν

2201 5683 2282 5746 είς
2313 5682 2592 5737 τελείωσιν
2617 5702 2628 5714 ·
2670 5683 2810 5738 οὕτω
2841 5688 2934 5740 καὶ
2959 5688 3055 5758 τῆς
3076 5687 3220 5760 ζωῆς
3248 5690 3310 5744 τὸ
3339 5690 3438 5760 μὲν
3468 5691 3780 5764 προσδοκῶ·
