  <div class='ocr_page' id='page_1' title='image "/cluster/home/n/w/nwhite01/storage/ocr_20150623/46:no.3/coo.31924054869668/270.png"; bbox 0 0 4026 6430; ppageno 0'>
   <div class='ocr_carea' id='block_1_1' title="bbox 256 364 352 421">
    <p class='ocr_par' dir='ltr' id='par_1_1' title="bbox 256 364 352 421">
     <span class='ocr_line' id='line_1_1' title="bbox 256 364 352 421; baseline 0.01 -1"><span class='ocrx_word' id='word_1_1' title='bbox 256 364 352 421; x_wconf 67' lang='grc'><strong>821</strong></span> 
     </span>
    </p>
   </div>
   <div class='ocr_carea' id='block_1_2' title="bbox 1668 358 2117 421">
    <p class='ocr_par' dir='ltr' id='par_1_2' title="bbox 1668 358 2117 421">
     <span class='ocr_line' id='line_1_2' title="bbox 1668 358 2117 421; baseline -0.007 -1"><span class='ocrx_word' id='word_1_2' title='bbox 1668 361 1755 420; x_wconf 82' lang='lat' dir='ltr'><strong>DE</strong></span> <span class='ocrx_word' id='word_1_3' title='bbox 1783 358 2117 421; x_wconf 82' lang='lat' dir='ltr'><strong>MORTUIS.</strong></span> 
     </span>
    </p>
   </div>
   <div class='ocr_carea' id='block_1_3' title="bbox 3424 372 3571 431">
    <p class='ocr_par' dir='ltr' id='par_1_3' title="bbox 3424 372 3571 431">
     <span class='ocr_line' id='line_1_3' title="bbox 3424 372 3571 431; baseline 0 0"><span class='ocrx_word' id='word_1_4' title='bbox 3424 372 3571 431; x_wconf 69' lang='lat'><strong>593&#39;</strong></span> 
     </span>
    </p>
   </div>
   <div class='ocr_carea' id='block_1_4' title="bbox 264 475 1840 555">
    <p class='ocr_par' dir='ltr' id='par_1_4' title="bbox 264 478 1840 555">
     <span class='ocr_line' id='line_1_4' title="bbox 264 478 1840 555; baseline -0.001 -21"><span class='ocrx_word' id='word_1_5' title='bbox 264 496 420 552; x_wconf 83' lang='grc' dir='ltr'>μενον</span> <span class='ocrx_word' id='word_1_6' title='bbox 467 481 651 553; x_wconf 86' lang='grc' dir='ltr'>πέρας</span> <span class='ocrx_word' id='word_1_7' title='bbox 686 478 1022 555; x_wconf 83' lang='grc' dir='ltr'>μακαριότης</span> <span class='ocrx_word' id='word_1_8' title='bbox 1052 483 1218 537; x_wconf 83' lang='grc' dir='ltr'>ἐστίν.</span> <span class='ocrx_word' id='word_1_9' title='bbox 1244 482 1324 536; x_wconf 87' lang='grc' dir='ltr'><strong>Τὰ</strong></span> <span class='ocrx_word' id='word_1_10' title='bbox 1364 481 1421 535; x_wconf 79' lang='grc' dir='ltr'>δὲ</span> <span class='ocrx_word' id='word_1_11' title='bbox 1476 481 1577 536; x_wconf 79' lang='grc' dir='ltr'>ὅσα</span> <span class='ocrx_word' id='word_1_12' title='bbox 1629 482 1757 552; x_wconf 74' lang='grc' dir='ltr'>περὶ</span> <span class='ocrx_word' id='word_1_13' title='bbox 1785 479 1840 533; x_wconf 78' lang='grc' dir='ltr'>τὸ</span> 
     </span>
    </p>
   </div>
   <div class='ocr_carea' id='block_1_5' title="bbox 1941 475 3527 555">
    <p class='ocr_par' dir='ltr' id='par_1_5' title="bbox 1950 475 3527 553">
     <span class='ocr_line' id='line_1_5' title="bbox 1950 475 3527 553; baseline 0.008 -23"><span class='ocrx_word' id='word_1_14' title='bbox 1950 492 2196 546; x_wconf 81' lang='lat' dir='ltr'><strong>ponens.</strong></span> <span class='ocrx_word' id='word_1_15' title='bbox 2229 475 2277 532; x_wconf 87' lang='lat' dir='ltr'><strong>si</strong></span> <span class='ocrx_word' id='word_1_16' title='bbox 2308 476 2494 547; x_wconf 73' lang='lat' dir='ltr'><strong>sapis,</strong></span> <span class='ocrx_word' id='word_1_17' title='bbox 2540 490 2644 532; x_wconf 89' lang='lat' dir='ltr'><strong>nec</strong></span> <span class='ocrx_word' id='word_1_18' title='bbox 2692 485 2918 548; x_wconf 77' lang='lat' dir='ltr'><strong>propter</strong></span> <span class='ocrx_word' id='word_1_19' title='bbox 2955 478 3072 535; x_wconf 57' lang='lat' dir='ltr'><strong>hac</strong></span> <span class='ocrx_word' id='word_1_20' title='bbox 3116 480 3527 553; x_wconf 86' lang='lat' dir='ltr'><strong>indignaberis,</strong></span> 
     </span>
    </p>
   </div>
   <div class='ocr_carea' id='block_1_6' title="bbox 268 571 1845 645">
    <p class='ocr_par' dir='ltr' id='par_1_6' title="bbox 268 571 1845 645">
     <span class='ocr_line' id='line_1_6' title="bbox 268 571 1845 645; baseline 0 -19"><span class='ocrx_word' id='word_1_21' title='bbox 268 572 423 644; x_wconf 85' lang='grc' dir='ltr'>σῶμα</span> <span class='ocrx_word' id='word_1_22' title='bbox 445 571 543 626; x_wconf 76' lang='grc' dir='ltr'>νῦν</span> <span class='ocrx_word' id='word_1_23' title='bbox 572 574 894 645; x_wconf 78' lang='grc' dir='ltr'><strong>καθορᾶται,</strong></span> <span class='ocrx_word' id='word_1_24' title='bbox 924 573 1155 637; x_wconf 74' lang='grc' dir='ltr'>θάνατος</span> <span class='ocrx_word' id='word_1_25' title='bbox 1176 613 1192 638; x_wconf 92' lang='grc'><strong>,</strong></span> <span class='ocrx_word' id='word_1_26' title='bbox 1224 574 1318 627; x_wconf 75' lang='grc' dir='ltr'>καὶ</span> <span class='ocrx_word' id='word_1_27' title='bbox 1344 573 1523 643; x_wconf 79' lang='grc' dir='ltr'>γῆρας</span> <span class='ocrx_word' id='word_1_28' title='bbox 1545 613 1561 635; x_wconf 91' lang='grc'><strong>,</strong></span> <span class='ocrx_word' id='word_1_29' title='bbox 1603 572 1700 627; x_wconf 77' lang='grc' dir='ltr'>καὶ</span> <span class='ocrx_word' id='word_1_30' title='bbox 1727 572 1845 626; x_wconf 86' lang='grc' dir='ltr'>νεό-</span> 
     </span>
    </p>
   </div>
   <div class='ocr_carea' id='block_1_7' title="bbox 263 660 1843 735">
    <p class='ocr_par' dir='ltr' id='par_1_7' title="bbox 263 660 1843 735">
     <span class='ocr_line' id='line_1_7' title="bbox 263 660 1843 735; baseline -0.001 -18"><span class='ocrx_word' id='word_1_31' title='bbox 263 680 397 735; x_wconf 82' lang='grc' dir='ltr'>της,</span> <span class='ocrx_word' id='word_1_32' title='bbox 431 663 530 717; x_wconf 69' lang='grc' dir='ltr'>καὶ</span> <span class='ocrx_word' id='word_1_33' title='bbox 585 660 889 734; x_wconf 79' lang='grc' dir='ltr'>νηπιότης,</span> <span class='ocrx_word' id='word_1_34' title='bbox 921 663 1015 717; x_wconf 79' lang='grc' dir='ltr'>καὶ</span> <span class='ocrx_word' id='word_1_35' title='bbox 1065 665 1100 734; x_wconf 84' lang='grc' dir='ltr'><strong>ή</strong></span> <span class='ocrx_word' id='word_1_36' title='bbox 1150 664 1209 717; x_wconf 84' lang='grc' dir='ltr'><strong>ἐν</strong></span> <span class='ocrx_word' id='word_1_37' title='bbox 1262 662 1489 735; x_wconf 74' lang='grc' dir='ltr'>ἐμϐρύῳ</span> <span class='ocrx_word' id='word_1_38' title='bbox 1517 662 1805 726; x_wconf 80' lang='grc' dir='ltr'><strong>διάπλασις</strong></span> <span class='ocrx_word' id='word_1_39' title='bbox 1827 702 1843 729; x_wconf 90' lang='grc'><strong>,</strong></span> 
     </span>
    </p>
   </div>
   <div class='ocr_carea' id='block_1_8' title="bbox 260 750 1846 825">
    <p class='ocr_par' dir='ltr' id='par_1_8' title="bbox 260 750 1846 825">
     <span class='ocr_line' id='line_1_8' title="bbox 260 750 1846 825; baseline -0.001 -15"><span class='ocrx_word' id='word_1_40' title='bbox 260 756 441 811; x_wconf 70' lang='grc' dir='ltr'>πάντα</span> <span class='ocrx_word' id='word_1_41' title='bbox 470 753 645 809; x_wconf 82' lang='grc' dir='ltr'>ταῦτα</span> <span class='ocrx_word' id='word_1_42' title='bbox 674 750 785 808; x_wconf 76' lang='grc' dir='ltr'>οἶόν</span> <span class='ocrx_word' id='word_1_43' title='bbox 814 770 959 818; x_wconf 86' lang='grc' dir='ltr'>τινες</span> <span class='ocrx_word' id='word_1_44' title='bbox 990 754 1169 825; x_wconf 84' lang='grc' dir='ltr'>χόρτοι</span> <span class='ocrx_word' id='word_1_45' title='bbox 1198 755 1292 809; x_wconf 77' lang='grc' dir='ltr'>καὶ</span> <span class='ocrx_word' id='word_1_46' title='bbox 1320 755 1513 825; x_wconf 79' lang='grc' dir='ltr'><strong>ἀθέρες</strong></span> <span class='ocrx_word' id='word_1_47' title='bbox 1545 755 1639 808; x_wconf 73' lang='grc' dir='ltr'>καὶ</span> <span class='ocrx_word' id='word_1_48' title='bbox 1678 754 1846 809; x_wconf 84' lang='grc' dir='ltr'>κάλα-</span> 
     </span>
    </p>
   </div>
   <div class='ocr_carea' id='block_1_9' title="bbox 264 845 1845 919">
    <p class='ocr_par' dir='ltr' id='par_1_9' title="bbox 264 845 1845 919">
     <span class='ocr_line' id='line_1_9' title="bbox 264 845 1845 919; baseline 0 -20"><span class='ocrx_word' id='word_1_49' title='bbox 264 865 376 919; x_wconf 78' lang='grc' dir='ltr'>μοι,</span> <span class='ocrx_word' id='word_1_50' title='bbox 410 846 529 910; x_wconf 84' lang='grc' dir='ltr'>ὁδὸς</span> <span class='ocrx_word' id='word_1_51' title='bbox 555 846 649 900; x_wconf 75' lang='grc' dir='ltr'>καὶ</span> <span class='ocrx_word' id='word_1_52' title='bbox 674 846 962 901; x_wconf 78' lang='grc' dir='ltr'><strong>ἀκολουθία</strong></span> <span class='ocrx_word' id='word_1_53' title='bbox 992 848 1086 900; x_wconf 76' lang='grc' dir='ltr'>καὶ</span> <span class='ocrx_word' id='word_1_54' title='bbox 1107 846 1334 918; x_wconf 88' lang='grc' dir='ltr'>δύναμις</span> <span class='ocrx_word' id='word_1_55' title='bbox 1358 845 1458 917; x_wconf 83' lang='grc' dir='ltr'>τῆς</span> <span class='ocrx_word' id='word_1_56' title='bbox 1486 845 1845 917; x_wconf 76' lang='grc' dir='ltr'><strong>ἐλπιζομένης</strong></span> 
     </span>
    </p>
   </div>
   <div class='ocr_carea' id='block_1_10' title="bbox 260 936 1842 1008">
    <p class='ocr_par' dir='ltr' id='par_1_10' title="bbox 260 936 1842 1008">
     <span class='ocr_line' id='line_1_10' title="bbox 260 936 1842 1008; baseline 0.021 -14"><span class='ocrx_word' id='word_1_57' title='bbox 260 939 381 994; x_wconf 76' lang='grc' dir='ltr'>ἐστὶ</span> <span class='ocrx_word' id='word_1_58' title='bbox 411 936 772 1000; x_wconf 80' lang='grc' dir='ltr'>τελειώσεως⁶</span> <span class='ocrx_word' id='word_1_59' title='bbox 811 938 948 1007; x_wconf 73' lang='grc' dir='ltr'><strong>πρὸς</strong></span> <span class='ocrx_word' id='word_1_60' title='bbox 980 938 1047 1008; x_wconf 78' lang='grc' dir='ltr'><strong>ἦν</strong></span> <span class='ocrx_word' id='word_1_61' title='bbox 1095 936 1309 1008; x_wconf 79' lang='grc' dir='ltr'>βλέπων</span> <span class='ocrx_word' id='word_1_62' title='bbox 1333 976 1348 1000; x_wconf 76' lang='grc' dir='ltr'><strong>ν</strong></span> <span class='ocrx_word' id='word_1_63' title='bbox 1395 936 1490 991; x_wconf 58' lang='grc' dir='ltr'>ἐὰν</span> <span class='ocrx_word' id='word_1_64' title='bbox 1535 938 1804 1008; x_wconf 66' lang='grc' dir='ltr'><strong>εὐφρθνῇς</strong></span> <span class='ocrx_word' id='word_1_65' title='bbox 1827 975 1842 1000; x_wconf 87' lang='grc'><strong><em>’</em></strong></span> 
     </span>
    </p>
   </div>
   <div class='ocr_carea' id='block_1_11' title="bbox 157 1026 1845 1099">
    <p class='ocr_par' dir='ltr' id='par_1_11' title="bbox 157 1026 1845 1099">
     <span class='ocr_line' id='line_1_11' title="bbox 157 1026 1845 1099; baseline -0.002 -15"><span class='ocrx_word' id='word_1_66' title='bbox 157 1060 165 1068; x_wconf 71' lang='grc' dir='ltr'>υ</span> <span class='ocrx_word' id='word_1_67' title='bbox 257 1028 385 1084; x_wconf 75' lang='grc' dir='ltr'>οὔτε</span> <span class='ocrx_word' id='word_1_68' title='bbox 415 1027 672 1099; x_wconf 80' lang='grc' dir='ltr'><strong>ἀπεχθῶς</strong></span> <span class='ocrx_word' id='word_1_69' title='bbox 715 1028 857 1094; x_wconf 64' lang='grc' dir='ltr'>ἕξεις</span> <span class='ocrx_word' id='word_1_70' title='bbox 888 1028 1025 1098; x_wconf 78' lang='grc' dir='ltr'>πρὸς</span> <span class='ocrx_word' id='word_1_71' title='bbox 1060 1027 1233 1082; x_wconf 81' lang='grc' dir='ltr'>ταῦτα</span> <span class='ocrx_word' id='word_1_72' title='bbox 1273 1026 1397 1082; x_wconf 81' lang='grc' dir='ltr'>οὔτε</span> <span class='ocrx_word' id='word_1_73' title='bbox 1440 1028 1545 1099; x_wconf 83' lang='grc' dir='ltr'>μὴν</span> <span class='ocrx_word' id='word_1_74' title='bbox 1582 1026 1845 1097; x_wconf 77' lang='grc' dir='ltr'><strong>ἐμπαθῶς</strong></span> 
     </span>
    </p>
   </div>
   <div class='ocr_carea' id='block_1_12' title="bbox 232 1117 1845 1193">
    <p class='ocr_par' dir='ltr' id='par_1_12' title="bbox 232 1117 1845 1193">
     <span class='ocr_line' id='line_1_12' title="bbox 232 1117 1845 1193; baseline -0.001 -20"><span class='ocrx_word' id='word_1_75' title='bbox 232 1138 318 1173; x_wconf 89' lang='grc' dir='ltr'>·τε</span> <span class='ocrx_word' id='word_1_76' title='bbox 364 1120 464 1172; x_wconf 75' lang='grc' dir='ltr'>καὶ</span> <span class='ocrx_word' id='word_1_77' title='bbox 501 1117 909 1188; x_wconf 70' lang='grc' dir='ltr'><strong>ἐπιθυμητικῶς</strong></span> <span class='ocrx_word' id='word_1_78' title='bbox 942 1118 1262 1193; x_wconf 78' lang='grc' dir='ltr'>διατεθήσῃ,</span> <span class='ocrx_word' id='word_1_79' title='bbox 1298 1119 1374 1182; x_wconf 87' lang='grc' dir='ltr'><strong>ῶς</strong></span> <span class='ocrx_word' id='word_1_80' title='bbox 1406 1118 1440 1190; x_wconf 81' lang='grc' dir='ltr'><strong>ἢ</strong></span> <span class='ocrx_word' id='word_1_81' title='bbox 1474 1118 1845 1190; x_wconf 82' lang='grc' dir='ltr'><strong>χωριζόμενος</strong></span> 
     </span>
    </p>
   </div>
   <div class='ocr_carea' id='block_1_13' title="bbox 257 1207 1844 1278">
    <p class='ocr_par' dir='ltr' id='par_1_13' title="bbox 257 1207 1844 1278">
     <span class='ocr_line' id='line_1_13' title="bbox 257 1207 1844 1278; baseline 0.001 -16"><span class='ocrx_word' id='word_1_82' title='bbox 257 1207 444 1262; x_wconf 80' lang='grc' dir='ltr'>αὐτῶν</span> <span class='ocrx_word' id='word_1_83' title='bbox 475 1208 763 1275; x_wconf 80' lang='grc' dir='ltr'>ἀνιᾶσθαι,</span> <span class='ocrx_word' id='word_1_84' title='bbox 794 1209 827 1278; x_wconf 79' lang='grc' dir='ltr'><strong>ἢ</strong></span> <span class='ocrx_word' id='word_1_85' title='bbox 878 1207 1197 1278; x_wconf 78' lang='grc' dir='ltr'>αὐτομολεῖν</span> <span class='ocrx_word' id='word_1_86' title='bbox 1224 1209 1359 1278; x_wconf 83' lang='grc' dir='ltr'>πρὸς</span> <span class='ocrx_word' id='word_1_87' title='bbox 1389 1209 1479 1263; x_wconf 83' lang='grc' dir='ltr'>τὸν</span> <span class='ocrx_word' id='word_1_88' title='bbox 1505 1209 1755 1265; x_wconf 86' lang='grc' dir='ltr'>θάνατον.</span> <span class='ocrx_word' id='word_1_89' title='bbox 1779 1212 1844 1264; x_wconf 86' lang='grc' dir='ltr'>Εί</span> 
     </span>
    </p>
   </div>
   <div class='ocr_carea' id='block_1_14' title="bbox 256 1299 1843 1374">
    <p class='ocr_par' dir='ltr' id='par_1_14' title="bbox 256 1299 1843 1374">
     <span class='ocr_line' id='line_1_14' title="bbox 256 1299 1843 1374; baseline 0.003 -21"><span class='ocrx_word' id='word_1_90' title='bbox 256 1299 314 1353; x_wconf 81' lang='grc' dir='ltr'>δὲ</span> <span class='ocrx_word' id='word_1_91' title='bbox 336 1300 447 1370; x_wconf 85' lang='grc' dir='ltr'><strong>χρὴ</strong></span> <span class='ocrx_word' id='word_1_92' title='bbox 480 1299 793 1369; x_wconf 80' lang='grc' dir='ltr'>προσθεῖναι</span> <span class='ocrx_word' id='word_1_93' title='bbox 823 1300 918 1353; x_wconf 74' lang='grc' dir='ltr'>καὶ</span> <span class='ocrx_word' id='word_1_94' title='bbox 943 1299 1100 1354; x_wconf 79' lang='grc' dir='ltr'>τοῦτο</span> <span class='ocrx_word' id='word_1_95' title='bbox 1125 1300 1204 1371; x_wconf 81' lang='grc' dir='ltr'>τῷ</span> <span class='ocrx_word' id='word_1_96' title='bbox 1231 1300 1405 1372; x_wconf 85' lang='grc' dir='ltr'>λόγῳ,</span> <span class='ocrx_word' id='word_1_97' title='bbox 1431 1302 1533 1356; x_wconf 82' lang='grc' dir='ltr'>οὐκ</span> <span class='ocrx_word' id='word_1_98' title='bbox 1571 1303 1843 1374; x_wconf 84' lang='grc' dir='ltr'>ἄχρηστον</span> 
     </span>
    </p>
   </div>
   <div class='ocr_carea' id='block_1_15' title="bbox 259 1387 1844 1465">
    <p class='ocr_par' dir='ltr' id='par_1_15' title="bbox 259 1387 1844 1465">
     <span class='ocr_line' id='line_1_15' title="bbox 259 1387 1844 1465; baseline 0.006 -25"><span class='ocrx_word' id='word_1_99' title='bbox 259 1387 392 1450; x_wconf 73' lang='grc' dir='ltr'>ἴσως</span> <span class='ocrx_word' id='word_1_100' title='bbox 435 1388 592 1453; x_wconf 81' lang='grc' dir='ltr'>ἐστὶ,</span> <span class='ocrx_word' id='word_1_101' title='bbox 628 1388 733 1443; x_wconf 74' lang='grc' dir='ltr'>κᾶν</span> <span class='ocrx_word' id='word_1_102' title='bbox 758 1389 864 1456; x_wconf 79' lang='grc' dir='ltr'>ἐξω</span> <span class='ocrx_word' id='word_1_103' title='bbox 894 1390 997 1460; x_wconf 81' lang='grc' dir='ltr'><strong>τῆς</strong></span> <span class='ocrx_word' id='word_1_104' title='bbox 1028 1390 1348 1455; x_wconf 83' lang='grc' dir='ltr'>ἀκολουθίας</span> <span class='ocrx_word' id='word_1_105' title='bbox 1378 1389 1515 1446; x_wconf 76' lang='grc' dir='ltr'>εἶναι</span> <span class='ocrx_word' id='word_1_106' title='bbox 1564 1392 1731 1465; x_wconf 79' lang='grc' dir='ltr'>δοκῇ,</span> <span class='ocrx_word' id='word_1_107' title='bbox 1762 1395 1844 1449; x_wconf 85' lang='grc' dir='ltr'><strong>δτι</strong></span> 
     </span>
    </p>
   </div>
   <div class='ocr_carea' id='block_1_16' title="bbox 258 1479 1845 1555">
    <p class='ocr_par' dir='ltr' id='par_1_16' title="bbox 258 1479 1845 1555">
     <span class='ocr_line' id='line_1_16' title="bbox 258 1479 1845 1555; baseline 0.004 -23"><span class='ocrx_word' id='word_1_108' title='bbox 258 1480 541 1551; x_wconf 78' lang='grc' dir='ltr'>ἐμμελετᾷ</span> <span class='ocrx_word' id='word_1_109' title='bbox 567 1480 644 1552; x_wconf 80' lang='grc' dir='ltr'>τῷ</span> <span class='ocrx_word' id='word_1_110' title='bbox 673 1479 886 1553; x_wconf 86' lang='grc' dir='ltr'>θανάτῳ</span> <span class='ocrx_word' id='word_1_111' title='bbox 913 1482 1003 1537; x_wconf 87' lang='grc' dir='ltr'><strong>διά</strong></span> <span class='ocrx_word' id='word_1_112' title='bbox 1045 1483 1245 1548; x_wconf 84' lang='grc' dir='ltr'>παντὸς</span> <span class='ocrx_word' id='word_1_113' title='bbox 1276 1485 1309 1554; x_wconf 80' lang='grc' dir='ltr'><strong>ἡ</strong></span> <span class='ocrx_word' id='word_1_114' title='bbox 1337 1482 1532 1553; x_wconf 83' lang='grc' dir='ltr'>φύσις,</span> <span class='ocrx_word' id='word_1_115' title='bbox 1577 1484 1672 1538; x_wconf 74' lang='grc' dir='ltr'><strong>καὶ</strong></span> <span class='ocrx_word' id='word_1_116' title='bbox 1702 1501 1845 1555; x_wconf 89' lang='grc' dir='ltr'>συμ-</span> 
     </span>
    </p>
   </div>
   <div class='ocr_carea' id='block_1_17' title="bbox 259 1571 1843 1649">
    <p class='ocr_par' dir='ltr' id='par_1_17' title="bbox 259 1571 1843 1649">
     <span class='ocr_line' id='line_1_17' title="bbox 259 1571 1843 1649; baseline 0.003 -25"><span class='ocrx_word' id='word_1_117' title='bbox 259 1571 476 1640; x_wconf 80' lang='grc' dir='ltr'>πέφυκε</span> <span class='ocrx_word' id='word_1_118' title='bbox 504 1571 592 1626; x_wconf 89' lang='grc' dir='ltr'><strong>διά</strong></span> <span class='ocrx_word' id='word_1_119' title='bbox 622 1572 717 1626; x_wconf 84' lang='grc' dir='ltr'><strong>τοῦ</strong></span> <span class='ocrx_word' id='word_1_120' title='bbox 768 1573 962 1645; x_wconf 90' lang='grc' dir='ltr'>χρόνου</span> <span class='ocrx_word' id='word_1_121' title='bbox 1010 1575 1275 1649; x_wconf 79' lang='grc' dir='ltr'>προϊούσῃ</span> <span class='ocrx_word' id='word_1_122' title='bbox 1304 1578 1369 1647; x_wconf 82' lang='grc' dir='ltr'><strong>τῇ</strong></span> <span class='ocrx_word' id='word_1_123' title='bbox 1416 1576 1528 1647; x_wconf 82' lang='grc' dir='ltr'><strong>ζωῇ</strong></span> <span class='ocrx_word' id='word_1_124' title='bbox 1565 1575 1784 1641; x_wconf 86' lang='grc' dir='ltr'>πάντως</span> <span class='ocrx_word' id='word_1_125' title='bbox 1815 1578 1843 1629; x_wconf 87' lang='grc' dir='ltr'><strong>ό</strong></span> 
     </span>
    </p>
   </div>
   <div class='ocr_carea' id='block_1_18' title="bbox 258 1662 1843 1738">
    <p class='ocr_par' dir='ltr' id='par_1_18' title="bbox 258 1662 1843 1738">
     <span class='ocr_line' id='line_1_18' title="bbox 258 1662 1843 1738; baseline 0.004 -23"><span class='ocrx_word' id='word_1_126' title='bbox 258 1662 513 1726; x_wconf 84' lang='grc' dir='ltr'>θάνατος.</span> <span class='ocrx_word' id='word_1_127' title='bbox 568 1664 712 1735; x_wconf 82' lang='grc' dir='ltr'>Πρὸς</span> <span class='ocrx_word' id='word_1_128' title='bbox 748 1664 856 1737; x_wconf 86' lang='grc' dir='ltr'>γὰρ</span> <span class='ocrx_word' id='word_1_129' title='bbox 882 1665 943 1719; x_wconf 82' lang='grc' dir='ltr'>τὸ</span> <span class='ocrx_word' id='word_1_130' title='bbox 978 1666 1170 1737; x_wconf 83' lang='grc' dir='ltr'>μέλλον</span> <span class='ocrx_word' id='word_1_131' title='bbox 1194 1665 1287 1720; x_wconf 85' lang='grc' dir='ltr'><strong>τοῦ</strong></span> <span class='ocrx_word' id='word_1_132' title='bbox 1316 1666 1709 1738; x_wconf 88' lang='grc' dir='ltr'>παρῳχηκότος</span> <span class='ocrx_word' id='word_1_133' title='bbox 1744 1668 1843 1738; x_wconf 85' lang='grc' dir='ltr'><strong>τῆς</strong></span> 
     </span>
    </p>
   </div>
   <div class='ocr_carea' id='block_1_19' title="bbox 256 1750 1842 1831">
    <p class='ocr_par' dir='ltr' id='par_1_19' title="bbox 256 1750 1842 1831">
     <span class='ocr_line' id='line_1_19' title="bbox 256 1750 1842 1831; baseline 0.004 -25"><span class='ocrx_word' id='word_1_134' title='bbox 256 1750 405 1821; x_wconf 82' lang='grc' dir='ltr'><strong>ζωῆς</strong></span> <span class='ocrx_word' id='word_1_135' title='bbox 454 1754 688 1808; x_wconf 83' lang='grc' dir='ltr'>πάντοτε</span> <span class='ocrx_word' id='word_1_136' title='bbox 745 1756 1103 1828; x_wconf 83' lang='grc' dir='ltr'>κινουμένης,</span> <span class='ocrx_word' id='word_1_137' title='bbox 1155 1758 1252 1812; x_wconf 76' lang='grc' dir='ltr'>καὶ</span> <span class='ocrx_word' id='word_1_138' title='bbox 1299 1759 1552 1813; x_wconf 82' lang='grc' dir='ltr'>οὐδέποτε</span> <span class='ocrx_word' id='word_1_139' title='bbox 1597 1758 1733 1831; x_wconf 77' lang='grc' dir='ltr'>πρὸς</span> <span class='ocrx_word' id='word_1_140' title='bbox 1779 1759 1842 1814; x_wconf 80' lang='grc' dir='ltr'>τὸ</span> 
     </span>
    </p>
   </div>
   <div class='ocr_carea' id='block_1_20' title="bbox 1948 566 3526 635">
    <p class='ocr_par' dir='ltr' id='par_1_20' title="bbox 1948 566 3526 635">
     <span class='ocr_line' id='line_1_20' title="bbox 1948 566 3526 635; baseline 0.006 -13"><span class='ocrx_word' id='word_1_141' title='bbox 1948 582 2050 623; x_wconf 86' lang='lat' dir='ltr'><strong>nec</strong></span> <span class='ocrx_word' id='word_1_142' title='bbox 2080 566 2193 622; x_wconf 91' lang='lat' dir='ltr'><strong>ullo</strong></span> <span class='ocrx_word' id='word_1_143' title='bbox 2224 566 2386 623; x_wconf 91' lang='lat' dir='ltr'><strong>modo</strong></span> <span class='ocrx_word' id='word_1_144' title='bbox 2417 570 2499 622; x_wconf 90' lang='lat' dir='ltr'><strong>sic</strong></span> <span class='ocrx_word' id='word_1_145' title='bbox 2546 567 2729 622; x_wconf 86' lang='lat' dir='ltr'><strong>animo</strong></span> <span class='ocrx_word' id='word_1_146' title='bbox 2775 569 3059 635; x_wconf 83' lang='lat' dir='ltr'><strong>alIicieris,</strong></span> <span class='ocrx_word' id='word_1_147' title='bbox 3092 579 3151 626; x_wconf 91' lang='lat' dir='ltr'><strong>ut</strong></span> <span class='ocrx_word' id='word_1_148' title='bbox 3179 574 3265 628; x_wconf 89' lang='lat' dir='ltr'><strong>vel</strong></span> <span class='ocrx_word' id='word_1_149' title='bbox 3307 575 3375 630; x_wconf 92' lang='lat' dir='ltr'><strong>ab</strong></span> <span class='ocrx_word' id='word_1_150' title='bbox 3420 576 3526 632; x_wconf 84' lang='lat' dir='ltr'><strong>hac</strong></span> 
     </span>
    </p>
   </div>
   <div class='ocr_carea' id='block_1_21' title="bbox 1945 657 3529 737">
    <p class='ocr_par' dir='ltr' id='par_1_21' title="bbox 1945 657 3529 737">
     <span class='ocr_line' id='line_1_21' title="bbox 1945 657 3529 737; baseline 0.008 -27"><span class='ocrx_word' id='word_1_151' title='bbox 1945 658 2059 711; x_wconf 86' lang='lat' dir='ltr'><strong>vita</strong></span> <span class='ocrx_word' id='word_1_152' title='bbox 2090 657 2361 713; x_wconf 73' lang='lat' dir='ltr'><strong>decedens</strong></span> <span class='ocrx_word' id='word_1_153' title='bbox 2391 658 2650 728; x_wconf 86' lang='lat' dir='ltr'><strong>angaris,</strong></span> <span class='ocrx_word' id='word_1_154' title='bbox 2685 660 2773 714; x_wconf 92' lang='lat' dir='ltr'><strong>vel</strong></span> <span class='ocrx_word' id='word_1_155' title='bbox 2806 668 3001 730; x_wconf 92' lang='lat' dir='ltr'><strong>sponte</strong></span> <span class='ocrx_word' id='word_1_156' title='bbox 3050 673 3281 719; x_wconf 89' lang='lat' dir='ltr'><strong>mortem</strong></span> <span class='ocrx_word' id='word_1_157' title='bbox 3330 669 3529 737; x_wconf 82' lang='lat' dir='ltr'><strong>praeri-</strong></span> 
     </span>
    </p>
   </div>
   <div class='ocr_carea' id='block_1_22' title="bbox 1948 748 3520 824">
    <p class='ocr_par' dir='ltr' id='par_1_22' title="bbox 1948 748 3520 824">
     <span class='ocr_line' id='line_1_22' title="bbox 1948 748 3520 824; baseline 0.008 -20"><span class='ocrx_word' id='word_1_158' title='bbox 1948 750 2090 820; x_wconf 91' lang='lat' dir='ltr'><strong>pias.</strong></span> <span class='ocrx_word' id='word_1_159' title='bbox 2127 748 2250 804; x_wconf 89' lang='lat' dir='ltr'><strong>Jam</strong></span> <span class='ocrx_word' id='word_1_160' title='bbox 2287 749 2422 804; x_wconf 90' lang='lat' dir='ltr'><strong>illud</strong></span> <span class='ocrx_word' id='word_1_161' title='bbox 2448 786 2464 814; x_wconf 91' lang='lat'><strong>,</strong></span> <span class='ocrx_word' id='word_1_162' title='bbox 2502 750 2628 804; x_wconf 88' lang='lat' dir='ltr'><strong>licet</strong></span> <span class='ocrx_word' id='word_1_163' title='bbox 2666 765 2697 804; x_wconf 92' lang='lat' dir='ltr'><strong>a</strong></span> <span class='ocrx_word' id='word_1_164' title='bbox 2731 754 3014 824; x_wconf 89' lang='lat' dir='ltr'><strong>proposito</strong></span> <span class='ocrx_word' id='word_1_165' title='bbox 3057 762 3246 810; x_wconf 88' lang='lat' dir='ltr'><strong>nostro</strong></span> <span class='ocrx_word' id='word_1_166' title='bbox 3283 758 3520 816; x_wconf 89' lang='lat' dir='ltr'><strong>alienum</strong></span> 
     </span>
    </p>
   </div>
   <div class='ocr_carea' id='block_1_23' title="bbox 1946 840 3524 921">
    <p class='ocr_par' dir='ltr' id='par_1_23' title="bbox 1946 840 3524 921">
     <span class='ocr_line' id='line_1_23' title="bbox 1946 840 3524 921; baseline 0.006 -25"><span class='ocrx_word' id='word_1_167' title='bbox 1946 857 2069 898; x_wconf 91' lang='lat' dir='ltr'><strong>esse</strong></span> <span class='ocrx_word' id='word_1_168' title='bbox 2095 840 2365 908; x_wconf 88' lang='lat' dir='ltr'><strong>videatur,</strong></span> <span class='ocrx_word' id='word_1_169' title='bbox 2396 840 2640 899; x_wconf 80' lang='lat' dir='ltr'><strong>fortasse</strong></span> <span class='ocrx_word' id='word_1_170' title='bbox 2666 859 2777 899; x_wconf 88' lang='lat' dir='ltr'><strong>non</strong></span> <span class='ocrx_word' id='word_1_171' title='bbox 2805 847 2911 900; x_wconf 92' lang='lat' dir='ltr'><strong>erit</strong></span> <span class='ocrx_word' id='word_1_172' title='bbox 2938 846 3134 902; x_wconf 93' lang='lat' dir='ltr'><strong>inutile</strong></span> <span class='ocrx_word' id='word_1_173' title='bbox 3161 856 3222 902; x_wconf 91' lang='lat' dir='ltr'><strong>ut</strong></span> <span class='ocrx_word' id='word_1_174' title='bbox 3251 850 3524 921; x_wconf 80' lang='lat' dir='ltr'><strong>adjunga-</strong></span> 
     </span>
    </p>
   </div>
   <div class='ocr_carea' id='block_1_24' title="bbox 1944 937 3524 1001">
    <p class='ocr_par' dir='ltr' id='par_1_24' title="bbox 1944 937 3524 1001">
     <span class='ocr_line' id='line_1_24' title="bbox 1944 937 3524 1001; baseline 0.006 -14"><span class='ocrx_word' id='word_1_175' title='bbox 1944 948 2101 997; x_wconf 89' lang='lat' dir='ltr'><strong>mus,</strong></span> <span class='ocrx_word' id='word_1_176' title='bbox 2142 947 2341 1001; x_wconf 85' lang='lat' dir='ltr'><strong>nempe</strong></span> <span class='ocrx_word' id='word_1_177' title='bbox 2383 942 2641 991; x_wconf 87' lang='lat' dir='ltr'><strong>naturam</strong></span> <span class='ocrx_word' id='word_1_178' title='bbox 2678 937 2905 993; x_wconf 84' lang='lat' dir='ltr'><strong>assidue</strong></span> <span class='ocrx_word' id='word_1_179' title='bbox 2942 939 3001 993; x_wconf 88' lang='lat' dir='ltr'><strong>in</strong></span> <span class='ocrx_word' id='word_1_180' title='bbox 3045 948 3276 994; x_wconf 84' lang='lat' dir='ltr'><strong>mortem</strong></span> <span class='ocrx_word' id='word_1_181' title='bbox 3314 942 3524 997; x_wconf 82' lang='lat' dir='ltr'><strong>incum-</strong></span> 
     </span>
    </p>
   </div>
   <div class='ocr_carea' id='block_1_25' title="bbox 1946 1022 3525 1103">
    <p class='ocr_par' dir='ltr' id='par_1_25' title="bbox 1946 1022 3525 1103">
     <span class='ocr_line' id='line_1_25' title="bbox 1946 1022 3525 1103; baseline 0.008 -27"><span class='ocrx_word' id='word_1_182' title='bbox 1946 1022 2110 1086; x_wconf 87' lang='lat' dir='ltr'><strong>bere,</strong></span> <span class='ocrx_word' id='word_1_183' title='bbox 2147 1023 2384 1094; x_wconf 65' lang='lat' dir='ltr'><strong>vitaeque</strong></span> <span class='ocrx_word' id='word_1_184' title='bbox 2414 1032 2662 1095; x_wconf 91' lang='lat' dir='ltr'><strong>tempore</strong></span> <span class='ocrx_word' id='word_1_185' title='bbox 2700 1028 3050 1083; x_wconf 90' lang='lat' dir='ltr'><strong>antecedenti</strong></span> <span class='ocrx_word' id='word_1_186' title='bbox 3094 1038 3326 1086; x_wconf 89' lang='lat' dir='ltr'><strong>mortem</strong></span> <span class='ocrx_word' id='word_1_187' title='bbox 3368 1047 3525 1103; x_wconf 90' lang='lat' dir='ltr'><strong>pror-</strong></span> 
     </span>
    </p>
   </div>
   <div class='ocr_carea' id='block_1_26' title="bbox 1949 1115 3526 1193">
    <p class='ocr_par' dir='ltr' id='par_1_26' title="bbox 1949 1115 3526 1193">
     <span class='ocr_line' id='line_1_26' title="bbox 1949 1115 3526 1193; baseline 0.007 -25"><span class='ocrx_word' id='word_1_188' title='bbox 1949 1130 2044 1169; x_wconf 88' lang='lat' dir='ltr'><strong>sus</strong></span> <span class='ocrx_word' id='word_1_189' title='bbox 2084 1115 2293 1171; x_wconf 90' lang='lat' dir='ltr'><strong>instare</strong></span> <span class='ocrx_word' id='word_1_190' title='bbox 2322 1124 2486 1185; x_wconf 89' lang='lat' dir='ltr'><strong>atque</strong></span> <span class='ocrx_word' id='word_1_191' title='bbox 2517 1117 2804 1174; x_wconf 58' lang='lat' dir='ltr'><strong>inhaerere.</strong></span> <span class='ocrx_word' id='word_1_192' title='bbox 2837 1118 3051 1175; x_wconf 79' lang='lat' dir='ltr'><strong>Etenim</strong></span> <span class='ocrx_word' id='word_1_193' title='bbox 3082 1136 3208 1175; x_wconf 91' lang='lat' dir='ltr'><strong>cum</strong></span> <span class='ocrx_word' id='word_1_194' title='bbox 3242 1124 3354 1178; x_wconf 89' lang='lat' dir='ltr'><strong>vita</strong></span> <span class='ocrx_word' id='word_1_195' title='bbox 3386 1140 3526 1193; x_wconf 71' lang='lat' dir='ltr'><strong>prae-</strong></span> 
     </span>
    </p>
   </div>
   <div class='ocr_carea' id='block_1_27' title="bbox 1948 1205 3525 1285">
    <p class='ocr_par' dir='ltr' id='par_1_27' title="bbox 1948 1205 3525 1285">
     <span class='ocr_line' id='line_1_27' title="bbox 1948 1205 3525 1285; baseline 0.008 -27"><span class='ocrx_word' id='word_1_196' title='bbox 1948 1205 2151 1260; x_wconf 88' lang='lat' dir='ltr'><strong>teriens</strong></span> <span class='ocrx_word' id='word_1_197' title='bbox 2180 1222 2395 1276; x_wconf 83' lang='lat' dir='ltr'><strong>semper</strong></span> <span class='ocrx_word' id='word_1_198' title='bbox 2421 1206 2489 1262; x_wconf 88' lang='lat' dir='ltr'><strong>ad</strong></span> <span class='ocrx_word' id='word_1_199' title='bbox 2520 1208 2768 1263; x_wconf 89' lang='lat' dir='ltr'><strong>futurum</strong></span> <span class='ocrx_word' id='word_1_200' title='bbox 2794 1209 3126 1275; x_wconf 84' lang='lat' dir='ltr'><strong>contendat,</strong></span> <span class='ocrx_word' id='word_1_201' title='bbox 3151 1227 3253 1275; x_wconf 86' lang='lat' dir='ltr'><strong>nec</strong></span> <span class='ocrx_word' id='word_1_202' title='bbox 3287 1213 3355 1268; x_wconf 89' lang='lat' dir='ltr'><strong>ad</strong></span> <span class='ocrx_word' id='word_1_203' title='bbox 3384 1231 3525 1285; x_wconf 84' lang='lat' dir='ltr'><strong>prae-</strong></span> 
     </span>
    </p>
   </div>
   <div class='ocr_carea' id='block_1_28' title="bbox 1947 1297 3524 1375">
    <p class='ocr_par' dir='ltr' id='par_1_28' title="bbox 1947 1297 3524 1375">
     <span class='ocr_line' id='line_1_28' title="bbox 1947 1297 3524 1375; baseline 0.008 -27"><span class='ocrx_word' id='word_1_204' title='bbox 1947 1297 2167 1349; x_wconf 86' lang='lat' dir='ltr'><strong>teritum</strong></span> <span class='ocrx_word' id='word_1_205' title='bbox 2201 1313 2442 1367; x_wconf 82' lang='lat' dir='ltr'><strong>unquam</strong></span> <span class='ocrx_word' id='word_1_206' title='bbox 2477 1308 2808 1361; x_wconf 87' lang='lat' dir='ltr'><strong>revertatur,</strong></span> <span class='ocrx_word' id='word_1_207' title='bbox 2844 1300 2979 1371; x_wconf 92' lang='lat' dir='ltr'><strong>quid</strong></span> <span class='ocrx_word' id='word_1_208' title='bbox 3020 1301 3171 1355; x_wconf 83' lang='lat' dir='ltr'><strong>aliud</strong></span> <span class='ocrx_word' id='word_1_209' title='bbox 3203 1311 3323 1368; x_wconf 87' lang='lat' dir='ltr'><strong>est,</strong></span> <span class='ocrx_word' id='word_1_210' title='bbox 3355 1322 3524 1375; x_wconf 87' lang='lat' dir='ltr'><strong>quam</strong></span> 
     </span>
    </p>
   </div>
   <div class='ocr_carea' id='block_1_29' title="bbox 1946 1385 3522 1465">
    <p class='ocr_par' dir='ltr' id='par_1_29' title="bbox 1946 1385 3522 1465">
     <span class='ocr_line' id='line_1_29' title="bbox 1946 1385 3522 1465; baseline 0.008 -27"><span class='ocrx_word' id='word_1_211' title='bbox 1946 1401 2098 1441; x_wconf 89' lang='lat' dir='ltr'><strong>mors</strong></span> <span class='ocrx_word' id='word_1_212' title='bbox 2119 1425 2135 1449; x_wconf 86' lang='lat'><strong>,</strong></span> <span class='ocrx_word' id='word_1_213' title='bbox 2168 1385 2220 1440; x_wconf 90' lang='lat' dir='ltr'><strong>id</strong></span> <span class='ocrx_word' id='word_1_214' title='bbox 2244 1425 2259 1450; x_wconf 91' lang='lat'><strong>,</strong></span> <span class='ocrx_word' id='word_1_215' title='bbox 2291 1388 2442 1458; x_wconf 90' lang='lat' dir='ltr'><strong>quod</strong></span> <span class='ocrx_word' id='word_1_216' title='bbox 2469 1389 2686 1443; x_wconf 83' lang='lat' dir='ltr'><strong>vitalem</strong></span> <span class='ocrx_word' id='word_1_217' title='bbox 2718 1389 2992 1444; x_wconf 86' lang='lat' dir='ltr'><strong>actionem</strong></span> <span class='ocrx_word' id='word_1_218' title='bbox 3020 1405 3193 1461; x_wconf 79' lang='lat' dir='ltr'><strong>usque</strong></span> <span class='ocrx_word' id='word_1_219' title='bbox 3226 1394 3522 1465; x_wconf 90' lang='lat' dir='ltr'><strong>subsequi-</strong></span> 
     </span>
    </p>
   </div>
   <div class='ocr_carea' id='block_1_30' title="bbox 1947 1476 3521 1550">
    <p class='ocr_par' dir='ltr' id='par_1_30' title="bbox 1947 1476 3521 1550">
     <span class='ocr_line' id='line_1_30' title="bbox 1947 1476 3521 1550; baseline 0.008 -20"><span class='ocrx_word' id='word_1_220' title='bbox 1947 1476 2080 1530; x_wconf 88' lang='lat' dir='ltr'><strong>tur?</strong></span> <span class='ocrx_word' id='word_1_221' title='bbox 2107 1476 2289 1544; x_wconf 84' lang='lat' dir='ltr'><strong>Quare</strong></span> <span class='ocrx_word' id='word_1_222' title='bbox 2322 1493 2444 1532; x_wconf 88' lang='lat' dir='ltr'><strong>cum</strong></span> <span class='ocrx_word' id='word_1_223' title='bbox 2467 1479 2522 1533; x_wconf 93' lang='lat' dir='ltr'><strong>in</strong></span> <span class='ocrx_word' id='word_1_224' title='bbox 2558 1486 2822 1549; x_wconf 88' lang='lat' dir='ltr'><strong>tempore,</strong></span> <span class='ocrx_word' id='word_1_225' title='bbox 2850 1480 2995 1550; x_wconf 92' lang='lat' dir='ltr'><strong>quod</strong></span> <span class='ocrx_word' id='word_1_226' title='bbox 3015 1490 3141 1537; x_wconf 85' lang='lat' dir='ltr'><strong>ante</strong></span> <span class='ocrx_word' id='word_1_227' title='bbox 3172 1481 3345 1549; x_wconf 81' lang='lat' dir='ltr'><strong>ﬂuxit,</strong></span> <span class='ocrx_word' id='word_1_228' title='bbox 3370 1485 3521 1542; x_wconf 77' lang='lat' dir='ltr'><strong>desi~</strong></span> 
     </span>
    </p>
   </div>
   <div class='ocr_carea' id='block_1_31' title="bbox 1946 1571 3523 1648">
    <p class='ocr_par' dir='ltr' id='par_1_31' title="bbox 1946 1571 3523 1648">
     <span class='ocr_line' id='line_1_31' title="bbox 1946 1571 3523 1648; baseline 0.007 -25"><span class='ocrx_word' id='word_1_229' title='bbox 1946 1577 2042 1623; x_wconf 88' lang='lat' dir='ltr'><strong>nat</strong></span> <span class='ocrx_word' id='word_1_230' title='bbox 2071 1577 2253 1626; x_wconf 89' lang='lat' dir='ltr'><strong>motus</strong></span> <span class='ocrx_word' id='word_1_231' title='bbox 2282 1571 2463 1627; x_wconf 88' lang='lat' dir='ltr'><strong>omnis</strong></span> <span class='ocrx_word' id='word_1_232' title='bbox 2509 1581 2564 1627; x_wconf 86' lang='lat' dir='ltr'><strong>et</strong></span> <span class='ocrx_word' id='word_1_233' title='bbox 2602 1574 2749 1629; x_wconf 89' lang='lat' dir='ltr'><strong>actio</strong></span> <span class='ocrx_word' id='word_1_234' title='bbox 2792 1573 2975 1628; x_wconf 82' lang='lat' dir='ltr'><strong>vitalis</strong></span> <span class='ocrx_word' id='word_1_235' title='bbox 2998 1613 3014 1638; x_wconf 90' lang='lat'><strong>,</strong></span> <span class='ocrx_word' id='word_1_236' title='bbox 3049 1577 3354 1646; x_wconf 87' lang='lat' dir='ltr'><strong>mortisque</strong></span> <span class='ocrx_word' id='word_1_237' title='bbox 3390 1594 3523 1648; x_wconf 79' lang='lat' dir='ltr'><strong>pro-</strong></span> 
     </span>
    </p>
   </div>
   <div class='ocr_carea' id='block_1_32' title="bbox 1946 1662 3521 1738">
    <p class='ocr_par' dir='ltr' id='par_1_32' title="bbox 1946 1662 3521 1738">
     <span class='ocr_line' id='line_1_32' title="bbox 1946 1662 3521 1738; baseline 0.006 -24"><span class='ocrx_word' id='word_1_238' title='bbox 1946 1662 2129 1731; x_wconf 89' lang='lat' dir='ltr'><strong>prium</strong></span> <span class='ocrx_word' id='word_1_239' title='bbox 2156 1663 2264 1730; x_wconf 89' lang='lat' dir='ltr'><strong>sit,</strong></span> <span class='ocrx_word' id='word_1_240' title='bbox 2289 1678 2378 1718; x_wconf 91' lang='lat' dir='ltr'><strong>res</strong></span> <span class='ocrx_word' id='word_1_241' title='bbox 2409 1663 2477 1718; x_wconf 87' lang='lat' dir='ltr'><strong>ad</strong></span> <span class='ocrx_word' id='word_1_242' title='bbox 2507 1664 2793 1718; x_wconf 85' lang='lat' dir='ltr'><strong>interitum</strong></span> <span class='ocrx_word' id='word_1_243' title='bbox 2816 1703 2830 1728; x_wconf 95' lang='lat'><strong>,</strong></span> <span class='ocrx_word' id='word_1_244' title='bbox 2861 1666 3207 1737; x_wconf 87' lang='lat' dir='ltr'><strong>nihilumque</strong></span> <span class='ocrx_word' id='word_1_245' title='bbox 3234 1667 3521 1738; x_wconf 77' lang='lat' dir='ltr'><strong>redigere;</strong></span> 
     </span>
    </p>
   </div>
   <div class='ocr_carea' id='block_1_33' title="bbox 1945 1752 3524 1826">
    <p class='ocr_par' dir='ltr' id='par_1_33' title="bbox 1945 1752 3524 1826">
     <span class='ocr_line' id='line_1_33' title="bbox 1945 1752 3524 1826; baseline 0.006 -21"><span class='ocrx_word' id='word_1_246' title='bbox 1945 1752 2091 1822; x_wconf 90' lang='lat' dir='ltr'><strong>quod</strong></span> <span class='ocrx_word' id='word_1_247' title='bbox 2140 1753 2365 1823; x_wconf 85' lang='lat' dir='ltr'><strong>quidem</strong></span> <span class='ocrx_word' id='word_1_248' title='bbox 2422 1768 2639 1823; x_wconf 84' lang='lat' dir='ltr'><strong>semper</strong></span> <span class='ocrx_word' id='word_1_249' title='bbox 2690 1754 2898 1809; x_wconf 87' lang='lat' dir='ltr'><strong>actioni</strong></span> <span class='ocrx_word' id='word_1_250' title='bbox 2948 1758 3245 1826; x_wconf 62' lang='lat' dir='ltr'><strong>praeteritae</strong></span> <span class='ocrx_word' id='word_1_251' title='bbox 3296 1760 3524 1814; x_wconf 92' lang='lat' dir='ltr'><strong>omnino</strong></span> 
     </span>
    </p>
   </div>
   <div class='ocr_carea' id='block_1_34' title="bbox 256 1844 1840 1923">
    <p class='ocr_par' dir='ltr' id='par_1_34' title="bbox 256 1845 1838 1923">
     <span class='ocr_line' id='line_1_34' title="bbox 256 1845 1838 1923; baseline 0.003 -24"><span class='ocrx_word' id='word_1_252' title='bbox 256 1845 493 1899; x_wconf 82' lang='grc' dir='ltr'>κατόπιν</span> <span class='ocrx_word' id='word_1_253' title='bbox 531 1846 869 1919; x_wconf 84' lang='grc' dir='ltr'>ἀναλυούσης</span> <span class='ocrx_word' id='word_1_254' title='bbox 890 1889 905 1914; x_wconf 95' lang='grc'><strong>,</strong></span> <span class='ocrx_word' id='word_1_255' title='bbox 941 1849 1167 1914; x_wconf 85' lang='grc' dir='ltr'>θάνατός</span> <span class='ocrx_word' id='word_1_256' title='bbox 1220 1852 1337 1904; x_wconf 86' lang='grc' dir='ltr'>ἐστι</span> <span class='ocrx_word' id='word_1_257' title='bbox 1383 1848 1445 1903; x_wconf 79' lang='grc' dir='ltr'><strong>τὸ</strong></span> <span class='ocrx_word' id='word_1_258' title='bbox 1497 1850 1726 1906; x_wconf 81' lang='grc' dir='ltr'>πάντοτε</span> <span class='ocrx_word' id='word_1_259' title='bbox 1773 1854 1838 1923; x_wconf 69' lang='grc' dir='ltr'>τῇ</span> 
     </span>
    </p>
   </div>
   <div class='ocr_carea' id='block_1_35' title="bbox 1941 1844 3523 1923">
    <p class='ocr_par' dir='ltr' id='par_1_35' title="bbox 1943 1844 3523 1919">
     <span class='ocr_line' id='line_1_35' title="bbox 1943 1844 3523 1919; baseline 0.006 -21"><span class='ocrx_word' id='word_1_260' title='bbox 1943 1844 2241 1916; x_wconf 85' lang='lat' dir='ltr'><strong>contingit,</strong></span> <span class='ocrx_word' id='word_1_261' title='bbox 2286 1861 2399 1900; x_wconf 92' lang='lat' dir='ltr'><strong>non</strong></span> <span class='ocrx_word' id='word_1_262' title='bbox 2454 1848 2740 1915; x_wconf 84' lang='lat' dir='ltr'><strong>mentitur,</strong></span> <span class='ocrx_word' id='word_1_263' title='bbox 2790 1849 2885 1919; x_wconf 92' lang='lat' dir='ltr'><strong>qui</strong></span> <span class='ocrx_word' id='word_1_264' title='bbox 2937 1849 3071 1905; x_wconf 86' lang='lat' dir='ltr'><strong>huic</strong></span> <span class='ocrx_word' id='word_1_265' title='bbox 3115 1850 3245 1906; x_wconf 60' lang='lat' dir='ltr'><strong>vita</strong></span> <span class='ocrx_word' id='word_1_266' title='bbox 3288 1859 3523 1907; x_wconf 89' lang='lat' dir='ltr'><strong>mortem</strong></span> 
     </span>
    </p>
   </div>
   <div class='ocr_carea' id='block_1_36' title="bbox 255 1932 1842 2015">
    <p class='ocr_par' dir='ltr' id='par_1_36' title="bbox 255 1932 1842 2015">
     <span class='ocr_line' id='line_1_36' title="bbox 255 1932 1842 2015; baseline 0.005 -26"><span class='ocrx_word' id='word_1_267' title='bbox 255 1932 465 2008; x_wconf 80' lang='grc' dir='ltr'>ζωτικῇ</span> <span class='ocrx_word' id='word_1_268' title='bbox 514 1938 765 2009; x_wconf 76' lang='grc' dir='ltr'><strong>ἐνεργείᾳ</strong></span> <span class='ocrx_word' id='word_1_269' title='bbox 800 1942 1156 2012; x_wconf 83' lang='grc' dir='ltr'>συνημμένως</span> <span class='ocrx_word' id='word_1_270' title='bbox 1182 1941 1467 2013; x_wconf 77' lang='grc' dir='ltr'>ἑπόμενον.</span> <span class='ocrx_word' id='word_1_271' title='bbox 1507 1944 1596 1997; x_wconf 87' lang='grc' dir='ltr'>Ἐν</span> <span class='ocrx_word' id='word_1_272' title='bbox 1624 1945 1732 2015; x_wconf 86' lang='grc' dir='ltr'>γὰρ</span> <span class='ocrx_word' id='word_1_273' title='bbox 1762 1943 1842 2015; x_wconf 86' lang='grc' dir='ltr'>τῷ</span> 
     </span>
    </p>
   </div>
   <div class='ocr_carea' id='block_1_37' title="bbox 256 2028 1842 2106">
    <p class='ocr_par' dir='ltr' id='par_1_37' title="bbox 256 2028 1842 2106">
     <span class='ocr_line' id='line_1_37' title="bbox 256 2028 1842 2106; baseline 0.006 -26"><span class='ocrx_word' id='word_1_274' title='bbox 256 2028 618 2098; x_wconf 83' lang='grc' dir='ltr'>παρῳχηκότι</span> <span class='ocrx_word' id='word_1_275' title='bbox 650 2028 743 2082; x_wconf 79' lang='grc' dir='ltr'>τοῦ</span> <span class='ocrx_word' id='word_1_276' title='bbox 764 2030 978 2100; x_wconf 88' lang='grc' dir='ltr'>χρόνου,</span> <span class='ocrx_word' id='word_1_277' title='bbox 1007 2032 1238 2087; x_wconf 89' lang='grc' dir='ltr'>παύεται</span> <span class='ocrx_word' id='word_1_278' title='bbox 1263 2034 1479 2099; x_wconf 85' lang='grc' dir='ltr'>πάντως</span> <span class='ocrx_word' id='word_1_279' title='bbox 1505 2038 1652 2090; x_wconf 82' lang='grc' dir='ltr'>πᾶσα</span> <span class='ocrx_word' id='word_1_280' title='bbox 1684 2035 1842 2106; x_wconf 82' lang='grc' dir='ltr'>κίνη-</span> 
     </span>
    </p>
   </div>
   <div class='ocr_carea' id='block_1_38' title="bbox 256 2118 1842 2193">
    <p class='ocr_par' dir='ltr' id='par_1_38' title="bbox 256 2118 1842 2193">
     <span class='ocr_line' id='line_1_38' title="bbox 256 2118 1842 2193; baseline 0.006 -23"><span class='ocrx_word' id='word_1_281' title='bbox 256 2133 344 2181; x_wconf 87' lang='grc' dir='ltr'><strong>σις</strong></span> <span class='ocrx_word' id='word_1_282' title='bbox 387 2118 595 2192; x_wconf 85' lang='grc' dir='ltr'>ζωτικὴ</span> <span class='ocrx_word' id='word_1_283' title='bbox 627 2122 721 2174; x_wconf 82' lang='grc' dir='ltr'><strong>καί</strong></span> <span class='ocrx_word' id='word_1_284' title='bbox 746 2122 1013 2193; x_wconf 81' lang='grc' dir='ltr'>ἐνέργεια.</span> <span class='ocrx_word' id='word_1_285' title='bbox 1061 2124 1213 2178; x_wconf 77' lang='grc' dir='ltr'>Ἐπεὶ</span> <span class='ocrx_word' id='word_1_286' title='bbox 1258 2121 1352 2179; x_wconf 79' lang='grc' dir='ltr'>οὖν</span> <span class='ocrx_word' id='word_1_287' title='bbox 1408 2125 1540 2182; x_wconf 76' lang='grc' dir='ltr'>ἴδιόν</span> <span class='ocrx_word' id='word_1_288' title='bbox 1594 2128 1712 2179; x_wconf 86' lang='grc' dir='ltr'>ἐστι</span> <span class='ocrx_word' id='word_1_289' title='bbox 1748 2125 1842 2179; x_wconf 82' lang='grc' dir='ltr'>τοῦ</span> 
     </span>
    </p>
   </div>
   <div class='ocr_carea' id='block_1_39' title="bbox 255 2206 1839 2288">
    <p class='ocr_par' dir='ltr' id='par_1_39' title="bbox 255 2206 1839 2288">
     <span class='ocr_line' id='line_1_39' title="bbox 255 2206 1839 2288; baseline 0.005 -28"><span class='ocrx_word' id='word_1_290' title='bbox 255 2206 490 2262; x_wconf 81' lang='grc' dir='ltr'>θανάτου</span> <span class='ocrx_word' id='word_1_291' title='bbox 523 2210 585 2262; x_wconf 82' lang='grc' dir='ltr'>τὸ</span> <span class='ocrx_word' id='word_1_292' title='bbox 630 2210 910 2281; x_wconf 83' lang='grc' dir='ltr'>ἄπρακτόν</span> <span class='ocrx_word' id='word_1_293' title='bbox 948 2230 1007 2267; x_wconf 86' lang='grc' dir='ltr'><strong>τε</strong></span> <span class='ocrx_word' id='word_1_294' title='bbox 1038 2214 1134 2269; x_wconf 77' lang='grc' dir='ltr'>καὶ</span> <span class='ocrx_word' id='word_1_295' title='bbox 1171 2216 1557 2288; x_wconf 83' lang='grc' dir='ltr'>ἀνενέργητον·</span> <span class='ocrx_word' id='word_1_296' title='bbox 1591 2215 1750 2269; x_wconf 81' lang='grc' dir='ltr'>τοῦτο</span> <span class='ocrx_word' id='word_1_297' title='bbox 1781 2216 1839 2270; x_wconf 86' lang='grc' dir='ltr'><strong>δέ</strong></span> 
     </span>
    </p>
   </div>
   <div class='ocr_carea' id='block_1_40' title="bbox 254 2298 1835 2377">
    <p class='ocr_par' dir='ltr' id='par_1_40' title="bbox 254 2298 1835 2377">
     <span class='ocr_line' id='line_1_40' title="bbox 254 2298 1835 2377; baseline 0.005 -26"><span class='ocrx_word' id='word_1_298' title='bbox 254 2298 493 2353; x_wconf 82' lang='grc' dir='ltr'>κατόπιν</span> <span class='ocrx_word' id='word_1_299' title='bbox 536 2301 622 2354; x_wconf 79' lang='grc' dir='ltr'>ἀεὶ</span> <span class='ocrx_word' id='word_1_300' title='bbox 663 2304 730 2372; x_wconf 80' lang='grc' dir='ltr'>τῇ</span> <span class='ocrx_word' id='word_1_301' title='bbox 766 2302 966 2375; x_wconf 79' lang='grc' dir='ltr'>ζωτικῇ</span> <span class='ocrx_word' id='word_1_302' title='bbox 999 2306 1249 2377; x_wconf 77' lang='grc' dir='ltr'><strong>ἐνεργείᾳ</strong></span> <span class='ocrx_word' id='word_1_303' title='bbox 1280 2306 1496 2370; x_wconf 85' lang='grc' dir='ltr'>πάντως</span> <span class='ocrx_word' id='word_1_304' title='bbox 1536 2307 1796 2376; x_wconf 84' lang='grc' dir='ltr'>ἐφέπεται</span> <span class='ocrx_word' id='word_1_305' title='bbox 1823 2324 1835 2337; x_wconf 89' lang='grc'>·</span> 
     </span>
    </p>
   </div>
   <div class='ocr_carea' id='block_1_41' title="bbox 251 2384 1839 2469">
    <p class='ocr_par' dir='ltr' id='par_1_41' title="bbox 251 2384 1839 2469">
     <span class='ocr_line' id='line_1_41' title="bbox 251 2384 1839 2469; baseline 0.008 -28"><span class='ocrx_word' id='word_1_306' title='bbox 384 2389 494 2454; x_wconf 74' lang='grc' dir='ltr'><strong>ἔξω</strong></span> <span class='ocrx_word' id='word_1_307' title='bbox 518 2392 618 2461; x_wconf 86' lang='grc' dir='ltr'>τῆς</span> <span class='ocrx_word' id='word_1_308' title='bbox 650 2392 903 2462; x_wconf 79' lang='grc' dir='ltr'>ἀληθείας</span> <span class='ocrx_word' id='word_1_309' title='bbox 935 2395 1052 2448; x_wconf 81' lang='grc' dir='ltr'>ἐστὶ</span> <span class='ocrx_word' id='word_1_310' title='bbox 1098 2396 1159 2450; x_wconf 81' lang='grc' dir='ltr'>τὸ</span> <span class='ocrx_word' id='word_1_311' title='bbox 1189 2398 1603 2469; x_wconf 82' lang='grc' dir='ltr'><strong>συμπεπλέχθαι</strong></span> <span class='ocrx_word' id='word_1_312' title='bbox 1623 2401 1689 2469; x_wconf 82' lang='grc' dir='ltr'>τῇ</span> <span class='ocrx_word' id='word_1_313' title='bbox 1726 2397 1839 2469; x_wconf 81' lang='grc' dir='ltr'><strong>ζωῇ</strong></span> 
     </span>
    </p>
   </div>
   <div class='ocr_carea' id='block_1_42' title="bbox 251 2479 1843 2558">
    <p class='ocr_par' dir='ltr' id='par_1_42' title="bbox 251 2479 1843 2558">
     <span class='ocr_line' id='line_1_42' title="bbox 251 2479 1843 2558; baseline 0.004 -25"><span class='ocrx_word' id='word_1_314' title='bbox 251 2479 430 2550; x_wconf 79' lang='grc' dir='ltr'>ταύτῃ</span> <span class='ocrx_word' id='word_1_315' title='bbox 458 2481 551 2534; x_wconf 83' lang='grc' dir='ltr'>τὸν</span> <span class='ocrx_word' id='word_1_316' title='bbox 580 2480 808 2536; x_wconf 86' lang='grc' dir='ltr'>θάνατον</span> <span class='ocrx_word' id='word_1_317' title='bbox 836 2484 1031 2551; x_wconf 84' lang='grc' dir='ltr'>λέγειν.</span> <span class='ocrx_word' id='word_1_318' title='bbox 1060 2487 1171 2539; x_wconf 77' lang='lat' dir='ltr'><strong>Kal.</strong></span> <span class='ocrx_word' id='word_1_319' title='bbox 1207 2487 1380 2551; x_wconf 81' lang='grc' dir='ltr'>ἄλλως</span> <span class='ocrx_word' id='word_1_320' title='bbox 1407 2488 1451 2540; x_wconf 87' lang='grc' dir='ltr'>δ’</span> <span class='ocrx_word' id='word_1_321' title='bbox 1493 2487 1559 2542; x_wconf 84' lang='grc' dir='ltr'>ἄν</span> <span class='ocrx_word' id='word_1_322' title='bbox 1582 2505 1665 2551; x_wconf 91' lang='grc' dir='ltr'><strong>τις</strong></span> <span class='ocrx_word' id='word_1_323' title='bbox 1693 2487 1752 2541; x_wconf 77' lang='grc' dir='ltr'>εὖ</span> <span class='ocrx_word' id='word_1_324' title='bbox 1763 2506 1843 2558; x_wconf 84' lang='grc' dir='ltr'><strong>ροι</strong></span> 
     </span>
    </p>
   </div>
   <div class='ocr_carea' id='block_1_43' title="bbox 253 2569 1845 2647">
    <p class='ocr_par' dir='ltr' id='par_1_43' title="bbox 253 2569 1845 2647">
     <span class='ocr_line' id='line_1_43' title="bbox 253 2569 1845 2647; baseline 0.004 -26"><span class='ocrx_word' id='word_1_325' title='bbox 253 2569 317 2622; x_wconf 83' lang='grc' dir='ltr'>τὸ</span> <span class='ocrx_word' id='word_1_326' title='bbox 349 2569 588 2623; x_wconf 71' lang='grc' dir='ltr'>τοιοῦτον</span> <span class='ocrx_word' id='word_1_327' title='bbox 616 2571 791 2642; x_wconf 89' lang='grc' dir='ltr'>νόημα</span> <span class='ocrx_word' id='word_1_328' title='bbox 819 2572 905 2627; x_wconf 87' lang='grc' dir='ltr'><strong>διά</strong></span> <span class='ocrx_word' id='word_1_329' title='bbox 943 2573 1044 2644; x_wconf 83' lang='grc' dir='ltr'>τῆς</span> <span class='ocrx_word' id='word_1_330' title='bbox 1070 2574 1328 2645; x_wconf 84' lang='grc' dir='ltr'>ἀληθείας</span> <span class='ocrx_word' id='word_1_331' title='bbox 1354 2578 1484 2646; x_wconf 79' lang='grc' dir='ltr'>ἡμῖν</span> <span class='ocrx_word' id='word_1_332' title='bbox 1508 2576 1845 2647; x_wconf 88' lang='grc' dir='ltr'>κρατυνόμε-</span> 
     </span>
    </p>
   </div>
   <div class='ocr_carea' id='block_1_44' title="bbox 1937 1934 3518 2010">
    <p class='ocr_par' dir='ltr' id='par_1_44' title="bbox 1937 1934 3518 2010">
     <span class='ocr_line' id='line_1_44' title="bbox 1937 1934 3518 2010; baseline 0.005 -22"><span class='ocrx_word' id='word_1_333' title='bbox 1937 1934 2072 1989; x_wconf 87' lang='lat' dir='ltr'><strong>dicit</strong></span> <span class='ocrx_word' id='word_1_334' title='bbox 2099 1950 2223 1991; x_wconf 87' lang='lat' dir='ltr'><strong>esse</strong></span> <span class='ocrx_word' id='word_1_335' title='bbox 2249 1935 2624 2006; x_wconf 72' lang='lat' dir='ltr'><strong>coniunctam.</strong></span> <span class='ocrx_word' id='word_1_336' title='bbox 2656 1937 2773 1992; x_wconf 82' lang='lat' dir='ltr'><strong>Hoc</strong></span> <span class='ocrx_word' id='word_1_337' title='bbox 2803 1948 2988 1994; x_wconf 90' lang='lat' dir='ltr'><strong>autem</strong></span> <span class='ocrx_word' id='word_1_338' title='bbox 3030 1956 3121 1996; x_wconf 83' lang='lat' dir='ltr'><strong>res</strong></span> <span class='ocrx_word' id='word_1_339' title='bbox 3167 1941 3285 2010; x_wconf 85' lang='lat' dir='ltr'><strong>ipsa</strong></span> <span class='ocrx_word' id='word_1_340' title='bbox 3325 1958 3518 1997; x_wconf 89' lang='lat' dir='ltr'><strong>verum</strong></span> 
     </span>
    </p>
   </div>
   <div class='ocr_carea' id='block_1_45' title="bbox 1938 2024 3519 2101">
    <p class='ocr_par' dir='ltr' id='par_1_45' title="bbox 1938 2024 3519 2101">
     <span class='ocr_line' id='line_1_45' title="bbox 1938 2024 3519 2101; baseline 0.006 -24"><span class='ocrx_word' id='word_1_341' title='bbox 1938 2039 2063 2079; x_wconf 83' lang='lat' dir='ltr'><strong>esse</strong></span> <span class='ocrx_word' id='word_1_342' title='bbox 2112 2024 2434 2088; x_wconf 82' lang='lat' dir='ltr'><strong>conﬁrmat,</strong></span> <span class='ocrx_word' id='word_1_343' title='bbox 2473 2025 2957 2097; x_wconf 86' lang='lat' dir='ltr'><strong>quandoquidem,</strong></span> <span class='ocrx_word' id='word_1_344' title='bbox 3006 2030 3152 2098; x_wconf 88' lang='lat' dir='ltr'><strong>quod</strong></span> <span class='ocrx_word' id='word_1_345' title='bbox 3205 2031 3273 2085; x_wconf 86' lang='lat' dir='ltr'><strong>ad</strong></span> <span class='ocrx_word' id='word_1_346' title='bbox 3328 2032 3519 2101; x_wconf 87' lang='lat' dir='ltr'><strong>subje-</strong></span> 
     </span>
    </p>
   </div>
   <div class='ocr_carea' id='block_1_46' title="bbox 1939 2108 3519 2189">
    <p class='ocr_par' dir='ltr' id='par_1_46' title="bbox 1939 2108 3519 2189">
     <span class='ocr_line' id='line_1_46' title="bbox 1939 2108 3519 2189; baseline 0.003 -18"><span class='ocrx_word' id='word_1_347' title='bbox 1939 2126 2085 2172; x_wconf 88' lang='lat' dir='ltr'><strong>ctam</strong></span> <span class='ocrx_word' id='word_1_348' title='bbox 2132 2118 2424 2174; x_wconf 85' lang='lat' dir='ltr'><strong>materiam</strong></span> <span class='ocrx_word' id='word_1_349' title='bbox 2459 2120 2736 2189; x_wconf 87' lang='lat' dir='ltr'><strong>pertinet,</strong></span> <span class='ocrx_word' id='word_1_350' title='bbox 2773 2118 2940 2173; x_wconf 89' lang='lat' dir='ltr'><strong>homo</strong></span> <span class='ocrx_word' id='word_1_351' title='bbox 2977 2135 3086 2173; x_wconf 92' lang='lat' dir='ltr'><strong>non</strong></span> <span class='ocrx_word' id='word_1_352' title='bbox 3121 2128 3205 2175; x_wconf 92' lang='lat' dir='ltr'><strong>est</strong></span> <span class='ocrx_word' id='word_1_353' title='bbox 3240 2119 3384 2175; x_wconf 92' lang='lat' dir='ltr'><strong>idem</strong></span> <span class='ocrx_word' id='word_1_354' title='bbox 3412 2108 3519 2175; x_wconf 82' lang='lat' dir='ltr'><strong>lio-</strong></span> 
     </span>
    </p>
   </div>
   <div class='ocr_carea' id='block_1_47' title="bbox 1943 2207 3519 2279">
    <p class='ocr_par' dir='ltr' id='par_1_47' title="bbox 1943 2207 3519 2279">
     <span class='ocr_line' id='line_1_47' title="bbox 1943 2207 3519 2279; baseline 0.002 -17"><span class='ocrx_word' id='word_1_355' title='bbox 1943 2209 2064 2273; x_wconf 88' lang='lat' dir='ltr'><strong>die,</strong></span> <span class='ocrx_word' id='word_1_356' title='bbox 2094 2209 2187 2279; x_wconf 90' lang='lat' dir='ltr'><strong>qui</strong></span> <span class='ocrx_word' id='word_1_357' title='bbox 2227 2208 2342 2263; x_wconf 92' lang='lat' dir='ltr'><strong>beri</strong></span> <span class='ocrx_word' id='word_1_358' title='bbox 2380 2207 2503 2261; x_wconf 87' lang='lat' dir='ltr'><strong>fuit.</strong></span> <span class='ocrx_word' id='word_1_359' title='bbox 2536 2207 2760 2277; x_wconf 84' lang='lat' dir='ltr'><strong>Aliquid</strong></span> <span class='ocrx_word' id='word_1_360' title='bbox 2803 2208 2948 2263; x_wconf 91' lang='lat' dir='ltr'><strong>enim</strong></span> <span class='ocrx_word' id='word_1_361' title='bbox 2994 2222 3063 2263; x_wconf 81' lang='lat' dir='ltr'><strong>ex</strong></span> <span class='ocrx_word' id='word_1_362' title='bbox 3108 2224 3175 2264; x_wconf 92' lang='lat' dir='ltr'><strong>eo</strong></span> <span class='ocrx_word' id='word_1_363' title='bbox 3222 2210 3519 2265; x_wconf 84' lang='lat' dir='ltr'><strong>momentis</strong></span> 
     </span>
    </p>
   </div>
   <div class='ocr_carea' id='block_1_48' title="bbox 1948 2297 3517 2369">
    <p class='ocr_par' dir='ltr' id='par_1_48' title="bbox 1948 2297 3517 2369">
     <span class='ocr_line' id='line_1_48' title="bbox 1948 2297 3517 2369; baseline 0 -15"><span class='ocrx_word' id='word_1_364' title='bbox 1948 2298 2181 2368; x_wconf 80' lang='lat' dir='ltr'><strong>singulis</strong></span> <span class='ocrx_word' id='word_1_365' title='bbox 2210 2298 2463 2361; x_wconf 90' lang='lat' dir='ltr'><strong>moritur,</strong></span> <span class='ocrx_word' id='word_1_366' title='bbox 2493 2307 2546 2352; x_wconf 89' lang='lat' dir='ltr'><strong>et</strong></span> <span class='ocrx_word' id='word_1_367' title='bbox 2574 2297 2736 2365; x_wconf 90' lang='lat' dir='ltr'><strong>fetet,</strong></span> <span class='ocrx_word' id='word_1_368' title='bbox 2769 2307 2825 2352; x_wconf 91' lang='lat' dir='ltr'><strong>et</strong></span> <span class='ocrx_word' id='word_1_369' title='bbox 2853 2300 3252 2369; x_wconf 85' lang='lat' dir='ltr'><strong>corrumpitur,</strong></span> <span class='ocrx_word' id='word_1_370' title='bbox 3289 2307 3343 2354; x_wconf 91' lang='lat' dir='ltr'><strong>et</strong></span> <span class='ocrx_word' id='word_1_371' title='bbox 3375 2299 3517 2369; x_wconf 87' lang='lat' dir='ltr'><strong>abji-</strong></span> 
     </span>
    </p>
   </div>
   <div class='ocr_carea' id='block_1_49' title="bbox 1947 2388 3516 2461">
    <p class='ocr_par' dir='ltr' id='par_1_49' title="bbox 1947 2388 3516 2461">
     <span class='ocr_line' id='line_1_49' title="bbox 1947 2388 3516 2461; baseline 0.001 -16"><span class='ocrx_word' id='word_1_372' title='bbox 1947 2392 2092 2445; x_wconf 91' lang='lat' dir='ltr'><strong>citur</strong></span> <span class='ocrx_word' id='word_1_373' title='bbox 2135 2409 2150 2445; x_wconf 90' lang='lat'><strong>:</strong></span> <span class='ocrx_word' id='word_1_374' title='bbox 2202 2405 2326 2445; x_wconf 91' lang='lat' dir='ltr'><strong>cum</strong></span> <span class='ocrx_word' id='word_1_375' title='bbox 2378 2400 2578 2445; x_wconf 87' lang='lat' dir='ltr'><strong>tetrum</strong></span> <span class='ocrx_word' id='word_1_376' title='bbox 2615 2399 2814 2444; x_wconf 90' lang='lat' dir='ltr'><strong>natura</strong></span> <span class='ocrx_word' id='word_1_377' title='bbox 2863 2388 3091 2444; x_wconf 74' lang='lat' dir='ltr'><strong>fetorem</strong></span> <span class='ocrx_word' id='word_1_378' title='bbox 3136 2406 3203 2445; x_wconf 81' lang='lat' dir='ltr'><strong>ex</strong></span> <span class='ocrx_word' id='word_1_379' title='bbox 3252 2406 3516 2461; x_wconf 84' lang='lat' dir='ltr'><strong>corpore,</strong></span> 
     </span>
    </p>
   </div>
   <div class='ocr_carea' id='block_1_50' title="bbox 1953 2462 3518 2552">
    <p class='ocr_par' dir='ltr' id='par_1_50' title="bbox 1953 2462 3518 2552">
     <span class='ocr_line' id='line_1_50' title="bbox 1953 2462 3518 2552; baseline 0.002 -19"><span class='ocrx_word' id='word_1_380' title='bbox 1953 2494 2210 2550; x_wconf 76' lang='lat' dir='ltr'><strong>tanquam</strong></span> <span class='ocrx_word' id='word_1_381' title='bbox 2244 2479 2410 2535; x_wconf 89' lang='lat' dir='ltr'><strong>funus</strong></span> <span class='ocrx_word' id='word_1_382' title='bbox 2439 2495 2504 2534; x_wconf 80' lang='lat' dir='ltr'><strong>ex</strong></span> <span class='ocrx_word' id='word_1_383' title='bbox 2526 2462 2727 2549; x_wconf 75' lang='lat' dir='ltr'><strong>aliqua</strong></span> <span class='ocrx_word' id='word_1_384' title='bbox 2761 2479 2958 2544; x_wconf 89' lang='lat' dir='ltr'><strong>domo,</strong></span> <span class='ocrx_word' id='word_1_385' title='bbox 3006 2478 3233 2544; x_wconf 64' lang='lat' dir='ltr'><strong>ederat,</strong></span> <span class='ocrx_word' id='word_1_386' title='bbox 3283 2488 3339 2536; x_wconf 89' lang='lat' dir='ltr'><strong>et</strong></span> <span class='ocrx_word' id='word_1_387' title='bbox 3370 2480 3518 2552; x_wconf 93' lang='lat' dir='ltr'><strong>quod</strong></span> 
     </span>
    </p>
   </div>
   <div class='ocr_carea' id='block_1_51' title="bbox 1951 2570 3305 2641">
    <p class='ocr_par' dir='ltr' id='par_1_51' title="bbox 1951 2570 3305 2641">
     <span class='ocr_line' id='line_1_51' title="bbox 1951 2570 3305 2641; baseline -0.002 -15"><span class='ocrx_word' id='word_1_388' title='bbox 1951 2574 2171 2628; x_wconf 82' lang='lat' dir='ltr'><strong>vitalem</strong></span> <span class='ocrx_word' id='word_1_389' title='bbox 2206 2570 2520 2625; x_wconf 79' lang='lat' dir='ltr'><strong>facultatem</strong></span> <span class='ocrx_word' id='word_1_390' title='bbox 2553 2571 2663 2641; x_wconf 82' lang='lat' dir='ltr'><strong>jam</strong></span> <span class='ocrx_word' id='word_1_391' title='bbox 2700 2572 2885 2636; x_wconf 83' lang='lat' dir='ltr'><strong>exuit,</strong></span> <span class='ocrx_word' id='word_1_392' title='bbox 2914 2577 3075 2625; x_wconf 68' lang='lat' dir='ltr'><strong>terrae</strong></span> <span class='ocrx_word' id='word_1_393' title='bbox 3106 2571 3305 2625; x_wconf 87' lang='lat' dir='ltr'><strong>tradat.</strong></span> 
     </span>
    </p>
   </div>
   <div class='ocr_carea' id='block_1_52' title="bbox 253 2647 3520 2738">
    <p class='ocr_par' dir='ltr' id='par_1_52' title="bbox 253 2647 3520 2738">
     <span class='ocr_line' id='line_1_52' title="bbox 253 2647 3520 2738; baseline 0.001 -24"><span class='ocrx_word' id='word_1_394' title='bbox 253 2675 369 2722; x_wconf 85' lang='grc' dir='ltr'>νον,</span> <span class='ocrx_word' id='word_1_395' title='bbox 396 2647 567 2732; x_wconf 67' lang='grc' dir='ltr'>αὐτῆς</span> <span class='ocrx_word' id='word_1_396' title='bbox 586 2664 685 2733; x_wconf 86' lang='grc' dir='ltr'>τῆς</span> <span class='ocrx_word' id='word_1_397' title='bbox 709 2663 903 2734; x_wconf 88' lang='grc' dir='ltr'>πείρας</span> <span class='ocrx_word' id='word_1_398' title='bbox 937 2666 1318 2736; x_wconf 83' lang='grc' dir='ltr'>μαρτυρούσης</span> <span class='ocrx_word' id='word_1_399' title='bbox 1344 2667 1422 2738; x_wconf 81' lang='grc' dir='ltr'>τῷ</span> <span class='ocrx_word' id='word_1_400' title='bbox 1448 2667 1677 2736; x_wconf 86' lang='grc' dir='ltr'>δόγματι</span> <span class='ocrx_word' id='word_1_401' title='bbox 1703 2703 1717 2730; x_wconf 89' lang='grc'><strong>,</strong></span> <span class='ocrx_word' id='word_1_402' title='bbox 1753 2667 1836 2719; x_wconf 77' lang='grc' dir='ltr'>ὅτι</span> <span class='ocrx_word' id='word_1_403' title='bbox 1873 2663 1970 2734; x_wconf 84' lang='grc' dir='ltr'>οὐχ</span> <span class='ocrx_word' id='word_1_404' title='bbox 2001 2664 2029 2715; x_wconf 87' lang='grc' dir='ltr'>ὁ</span> <span class='ocrx_word' id='word_1_405' title='bbox 2058 2662 2219 2725; x_wconf 80' lang='grc' dir='ltr'>αὐτός</span> <span class='ocrx_word' id='word_1_406' title='bbox 2252 2664 2368 2715; x_wconf 87' lang='grc' dir='ltr'>ἐστι</span> <span class='ocrx_word' id='word_1_407' title='bbox 2392 2661 2471 2732; x_wconf 83' lang='grc' dir='ltr'>τῷ</span> <span class='ocrx_word' id='word_1_408' title='bbox 2491 2659 2663 2732; x_wconf 81' lang='grc' dir='ltr'>χθιζῷ</span> <span class='ocrx_word' id='word_1_409' title='bbox 2685 2663 2712 2714; x_wconf 83' lang='grc' dir='ltr'>ὁ</span> <span class='ocrx_word' id='word_1_410' title='bbox 2737 2662 2974 2732; x_wconf 85' lang='grc' dir='ltr'>σήμερον</span> <span class='ocrx_word' id='word_1_411' title='bbox 3037 2660 3320 2731; x_wconf 81' lang='grc' dir='ltr'>ἄνθρωπος</span> <span class='ocrx_word' id='word_1_412' title='bbox 3378 2662 3520 2716; x_wconf 86' lang='grc' dir='ltr'><strong>κατά</strong></span> 
     </span>
    </p>
   </div>
   <div class='ocr_carea' id='block_1_53' title="bbox 202 2738 3518 2824">
    <p class='ocr_par' dir='ltr' id='par_1_53' title="bbox 202 2738 3518 2824">
     <span class='ocr_line' id='line_1_53' title="bbox 202 2738 3518 2824; baseline 0.001 -19"><span class='ocrx_word' id='word_1_413' title='bbox 202 2738 209 2745; x_wconf 61' lang='grc'><em>’</em></span> <span class='ocrx_word' id='word_1_414' title='bbox 253 2753 316 2806; x_wconf 83' lang='grc' dir='ltr'>τὸ</span> <span class='ocrx_word' id='word_1_415' title='bbox 360 2753 560 2816; x_wconf 79' lang='grc' dir='ltr'>ὑλικῶς</span> <span class='ocrx_word' id='word_1_416' title='bbox 593 2754 949 2824; x_wconf 82' lang='grc' dir='ltr'>ὑποκείμενον</span> <span class='ocrx_word' id='word_1_417' title='bbox 974 2797 991 2823; x_wconf 89' lang='grc'><strong>,</strong></span> <span class='ocrx_word' id='word_1_418' title='bbox 1024 2757 1159 2812; x_wconf 82' lang='grc' dir='ltr'><strong>ἀλλά</strong></span> <span class='ocrx_word' id='word_1_419' title='bbox 1198 2776 1252 2811; x_wconf 88' lang='grc' dir='ltr'><strong>τι</strong></span> <span class='ocrx_word' id='word_1_420' title='bbox 1302 2758 1519 2821; x_wconf 87' lang='grc' dir='ltr'>πάντως</span> <span class='ocrx_word' id='word_1_421' title='bbox 1596 2755 1762 2810; x_wconf 76' lang='grc' dir='ltr'>αὐτοῦ</span> <span class='ocrx_word' id='word_1_422' title='bbox 1820 2752 1908 2808; x_wconf 80' lang='grc' dir='ltr'>διὰ</span> <span class='ocrx_word' id='word_1_423' title='bbox 1942 2742 2143 2816; x_wconf 76' lang='grc' dir='ltr'>παντὸς</span> <span class='ocrx_word' id='word_1_424' title='bbox 2179 2752 2466 2822; x_wconf 81' lang='grc' dir='ltr'>νεκροῦται</span> <span class='ocrx_word' id='word_1_425' title='bbox 2491 2791 2506 2815; x_wconf 88' lang='grc'><strong>,</strong></span> <span class='ocrx_word' id='word_1_426' title='bbox 2552 2751 2645 2805; x_wconf 80' lang='grc' dir='ltr'>καὶ</span> <span class='ocrx_word' id='word_1_427' title='bbox 2686 2751 2796 2815; x_wconf 77' lang='grc' dir='ltr'>ὄζει</span> <span class='ocrx_word' id='word_1_428' title='bbox 2822 2789 2837 2814; x_wconf 93' lang='grc'><strong>,</strong></span> <span class='ocrx_word' id='word_1_429' title='bbox 2870 2752 2962 2804; x_wconf 76' lang='grc' dir='ltr'><strong>καὶ</strong></span> <span class='ocrx_word' id='word_1_430' title='bbox 2998 2746 3394 2822; x_wconf 68' lang='grc' dir='ltr'>διαφθείρεται,</span> <span class='ocrx_word' id='word_1_431' title='bbox 3423 2755 3518 2807; x_wconf 77' lang='grc' dir='ltr'>καὶ</span> 
     </span>
    </p>
   </div>
   <div class='ocr_carea' id='block_1_54' title="bbox 253 2839 3519 2918">
    <p class='ocr_par' dir='ltr' id='par_1_54' title="bbox 253 2839 3519 2918">
     <span class='ocr_line' id='line_1_54' title="bbox 253 2839 3519 2918; baseline 0 -22"><span class='ocrx_word' id='word_1_432' title='bbox 253 2843 577 2898; x_wconf 77' lang='grc' dir='ltr'>ἐκϐάλλεται</span> <span class='ocrx_word' id='word_1_433' title='bbox 601 2883 616 2908; x_wconf 93' lang='grc'><strong>,</strong></span> <span class='ocrx_word' id='word_1_434' title='bbox 652 2846 903 2916; x_wconf 86' lang='grc' dir='ltr'>καθάπερ</span> <span class='ocrx_word' id='word_1_435' title='bbox 931 2846 1109 2911; x_wconf 82' lang='grc' dir='ltr'>οἰκίας</span> <span class='ocrx_word' id='word_1_436' title='bbox 1144 2847 1286 2909; x_wconf 83' lang='grc' dir='ltr'>τινὸς</span> <span class='ocrx_word' id='word_1_437' title='bbox 1322 2848 1421 2918; x_wconf 84' lang='grc' dir='ltr'>τῆς</span> <span class='ocrx_word' id='word_1_438' title='bbox 1462 2844 1556 2900; x_wconf 79' lang='grc' dir='ltr'><strong>τοῦ</strong></span> <span class='ocrx_word' id='word_1_439' title='bbox 1584 2845 1832 2917; x_wconf 84' lang='grc' dir='ltr'>σώματος</span> <span class='ocrx_word' id='word_1_440' title='bbox 1869 2842 2013 2913; x_wconf 79' lang='grc' dir='ltr'>λέγω</span> <span class='ocrx_word' id='word_1_441' title='bbox 2058 2841 2401 2911; x_wconf 79' lang='grc' dir='ltr'>κατασκευῆς</span> <span class='ocrx_word' id='word_1_442' title='bbox 2444 2839 2540 2910; x_wconf 83' lang='grc' dir='ltr'>τὴν</span> <span class='ocrx_word' id='word_1_443' title='bbox 2562 2839 2804 2912; x_wconf 82' lang='grc' dir='ltr'>νεκρώδη</span> <span class='ocrx_word' id='word_1_444' title='bbox 2848 2840 3109 2895; x_wconf 77' lang='grc' dir='ltr'>δυσωδίαν</span> <span class='ocrx_word' id='word_1_445' title='bbox 3180 2844 3519 2918; x_wconf 80' lang='grc' dir='ltr'>ἐκφερούσης</span> 
     </span>
    </p>
   </div>
   <div class='ocr_carea' id='block_1_55' title="bbox 252 2930 2879 3011">
    <p class='ocr_par' dir='ltr' id='par_1_55' title="bbox 252 2930 2879 3011">
     <span class='ocr_line' id='line_1_55' title="bbox 252 2930 2879 3011; baseline -0.002 -20"><span class='ocrx_word' id='word_1_446' title='bbox 252 2937 356 3007; x_wconf 83' lang='grc' dir='ltr'>τῆς</span> <span class='ocrx_word' id='word_1_447' title='bbox 400 2936 650 3005; x_wconf 83' lang='grc' dir='ltr'>φύσεως,</span> <span class='ocrx_word' id='word_1_448' title='bbox 687 2940 779 2993; x_wconf 77' lang='grc' dir='ltr'>καὶ</span> <span class='ocrx_word' id='word_1_449' title='bbox 832 2942 898 3011; x_wconf 77' lang='grc' dir='ltr'><strong>τῇ</strong></span> <span class='ocrx_word' id='word_1_450' title='bbox 951 2943 1019 3011; x_wconf 85' lang='grc' dir='ltr'><strong>γῇ</strong></span> <span class='ocrx_word' id='word_1_451' title='bbox 1057 2938 1451 3011; x_wconf 82' lang='grc' dir='ltr'>παραδιδούσης</span> <span class='ocrx_word' id='word_1_452' title='bbox 1486 2939 1547 2992; x_wconf 86' lang='grc' dir='ltr'>τὸ</span> <span class='ocrx_word' id='word_1_453' title='bbox 1586 2940 1689 3011; x_wconf 72' lang='grc' dir='ltr'>ἤδη</span> <span class='ocrx_word' id='word_1_454' title='bbox 1737 2939 1836 3010; x_wconf 82' lang='grc' dir='ltr'>τῆς</span> <span class='ocrx_word' id='word_1_455' title='bbox 1871 2934 2109 3004; x_wconf 80' lang='grc' dir='ltr'>ζωτικῆς</span> <span class='ocrx_word' id='word_1_456' title='bbox 2134 2932 2414 3005; x_wconf 87' lang='grc' dir='ltr'>δυνάμεως</span> <span class='ocrx_word' id='word_1_457' title='bbox 2443 2930 2547 2996; x_wconf 77' lang='grc' dir='ltr'><strong>ἔξω</strong></span> <span class='ocrx_word' id='word_1_458' title='bbox 2575 2933 2879 3002; x_wconf 85' lang='grc' dir='ltr'>γενόμενον.</span> 
     </span>
    </p>
   </div>
   <div class='ocr_carea' id='block_1_56' title="bbox 327 3032 1842 3107">
    <p class='ocr_par' dir='ltr' id='par_1_56' title="bbox 327 3032 1842 3107">
     <span class='ocr_line' id='line_1_56' title="bbox 327 3032 1842 3107; baseline 0.003 -23"><span class='ocrx_word' id='word_1_459' title='bbox 327 3032 423 3086; x_wconf 83' lang='grc' dir='ltr'><strong>Διὸ</strong></span> <span class='ocrx_word' id='word_1_460' title='bbox 471 3034 612 3088; x_wconf 87' lang='grc' dir='ltr'><strong>κατά</strong></span> <span class='ocrx_word' id='word_1_461' title='bbox 658 3033 757 3105; x_wconf 86' lang='grc' dir='ltr'>τὴν</span> <span class='ocrx_word' id='word_1_462' title='bbox 789 3034 885 3088; x_wconf 84' lang='grc' dir='ltr'><strong>τοῦ</strong></span> <span class='ocrx_word' id='word_1_463' title='bbox 936 3036 1170 3105; x_wconf 81' lang='grc' dir='ltr'>μεγάλου</span> <span class='ocrx_word' id='word_1_464' title='bbox 1229 3037 1414 3107; x_wconf 85' lang='grc' dir='ltr'>φωνὴν</span> <span class='ocrx_word' id='word_1_465' title='bbox 1454 3036 1667 3090; x_wconf 90' lang='grc' dir='ltr'>Παύλου</span> <span class='ocrx_word' id='word_1_466' title='bbox 1721 3034 1842 3089; x_wconf 74' lang='grc' dir='ltr'>καθ’</span> 
     </span>
    </p>
   </div>
   <div class='ocr_carea' id='block_1_57' title="bbox 2010 3027 3513 3098">
    <p class='ocr_par' dir='ltr' id='par_1_57' title="bbox 2010 3027 3513 3098">
     <span class='ocr_line' id='line_1_57' title="bbox 2010 3027 3513 3098; baseline 0.004 -14"><span class='ocrx_word' id='word_1_467' title='bbox 2010 3029 2375 3096; x_wconf 84' lang='lat' dir='ltr'><strong>Quamobrem</strong></span> <span class='ocrx_word' id='word_1_468' title='bbox 2394 3067 2410 3093; x_wconf 93' lang='lat'><strong>,</strong></span> <span class='ocrx_word' id='word_1_469' title='bbox 2445 3036 2503 3082; x_wconf 92' lang='lat' dir='ltr'><strong>ut</strong></span> <span class='ocrx_word' id='word_1_470' title='bbox 2527 3027 2735 3083; x_wconf 87' lang='lat' dir='ltr'><strong>Paulus</strong></span> <span class='ocrx_word' id='word_1_471' title='bbox 2762 3030 2872 3094; x_wconf 88' lang='lat' dir='ltr'><strong>ait,</strong></span> <span class='ocrx_word' id='word_1_472' title='bbox 2904 3027 3148 3098; x_wconf 90' lang='lat' dir='ltr'><strong>quotidie</strong></span> <span class='ocrx_word' id='word_1_473' title='bbox 3173 3032 3439 3088; x_wconf 86' lang='lat' dir='ltr'><strong>morimur</strong></span> <span class='ocrx_word' id='word_1_474' title='bbox 3458 3033 3513 3090; x_wconf 68' lang='grc' dir='ltr'><strong>τε</strong></span> 
     </span>
    </p>
   </div>
   <div class='ocr_carea' id='block_1_58' title="bbox 255 3118 1840 3209">
    <p class='ocr_par' dir='ltr' id='par_1_58' title="bbox 255 3124 1837 3200">
     <span class='ocr_line' id='line_1_58' title="bbox 255 3124 1837 3200; baseline -0.01 -5"><span class='ocrx_word' id='word_1_475' title='bbox 255 3124 473 3197; x_wconf 68' lang='grc' dir='ltr'>ἡμέραν</span> <span class='ocrx_word' id='word_1_476' title='bbox 502 3126 916 3198; x_wconf 81' lang='grc' dir='ltr'>ἀποθνήσκομεν</span> <span class='ocrx_word' id='word_1_477' title='bbox 941 3169 956 3194; x_wconf 93' lang='grc'><strong>,</strong></span> <span class='ocrx_word' id='word_1_478' title='bbox 986 3129 1085 3200; x_wconf 87' lang='grc' dir='ltr'>οὐχ</span> <span class='ocrx_word' id='word_1_479' title='bbox 1133 3131 1181 3181; x_wconf 82' lang='grc' dir='ltr'>οὶ</span> <span class='ocrx_word' id='word_1_480' title='bbox 1231 3129 1386 3183; x_wconf 72' lang='grc' dir='ltr'>αὐτοὶ</span> <span class='ocrx_word' id='word_1_481' title='bbox 1414 3127 1504 3182; x_wconf 90' lang='grc' dir='ltr'><strong>διά</strong></span> <span class='ocrx_word' id='word_1_482' title='bbox 1536 3127 1730 3191; x_wconf 83' lang='grc' dir='ltr'>παντὸς</span> <span class='ocrx_word' id='word_1_483' title='bbox 1778 3127 1837 3179; x_wconf 84' lang='grc' dir='ltr'><strong>ἐν</strong></span> 
     </span>
    </p>
   </div>
   <div class='ocr_carea' id='block_1_59' title="bbox 1941 3118 3529 3209">
    <p class='ocr_par' dir='ltr' id='par_1_59' title="bbox 1941 3118 3529 3209">
     <span class='ocr_line' id='line_1_59' title="bbox 1941 3118 3529 3209; baseline 0.003 -35"><span class='ocrx_word' id='word_1_484' title='bbox 1941 3120 2141 3193; x_wconf 88' lang='lat' dir='ltr'><strong>quippe</strong></span> <span class='ocrx_word' id='word_1_485' title='bbox 2165 3119 2259 3189; x_wconf 88' lang='lat' dir='ltr'><strong>qui</strong></span> <span class='ocrx_word' id='word_1_486' title='bbox 2289 3134 2401 3173; x_wconf 92' lang='lat' dir='ltr'><strong>non</strong></span> <span class='ocrx_word' id='word_1_487' title='bbox 2434 3118 2595 3174; x_wconf 91' lang='lat' dir='ltr'><strong>iidem</strong></span> <span class='ocrx_word' id='word_1_488' title='bbox 2625 3135 2842 3189; x_wconf 91' lang='lat' dir='ltr'><strong>semper</strong></span> <span class='ocrx_word' id='word_1_489' title='bbox 2862 3136 3148 3177; x_wconf 89' lang='lat' dir='ltr'><strong>manemus</strong></span> <span class='ocrx_word' id='word_1_490' title='bbox 3176 3122 3232 3176; x_wconf 92' lang='lat' dir='ltr'><strong>in</strong></span> <span class='ocrx_word' id='word_1_491' title='bbox 3256 3123 3377 3193; x_wconf 90' lang='lat' dir='ltr'><strong>ipso</strong></span> <span class='ocrx_word' id='word_1_492' title='bbox 3404 3139 3529 3209; x_wconf 76' lang='lat' dir='ltr'><strong>cor-</strong></span> 
     </span>
    </p>
   </div>
   <div class='ocr_carea' id='block_1_60' title="bbox 254 3215 1843 3291">
    <p class='ocr_par' dir='ltr' id='par_1_60' title="bbox 254 3215 1843 3291">
     <span class='ocr_line' id='line_1_60' title="bbox 254 3215 1843 3291; baseline 0.001 -20"><span class='ocrx_word' id='word_1_493' title='bbox 254 3216 338 3288; x_wconf 81' lang='grc' dir='ltr'>τῷ</span> <span class='ocrx_word' id='word_1_494' title='bbox 367 3215 517 3288; x_wconf 81' lang='grc' dir='ltr'>αύτῷ</span> <span class='ocrx_word' id='word_1_495' title='bbox 546 3216 890 3289; x_wconf 76' lang='grc' dir='ltr'>διαμένοντες</span> <span class='ocrx_word' id='word_1_496' title='bbox 937 3217 1073 3290; x_wconf 71' lang='grc' dir='ltr'>οἴκῳ</span> <span class='ocrx_word' id='word_1_497' title='bbox 1125 3217 1221 3273; x_wconf 80' lang='grc' dir='ltr'><strong>τοῦ</strong></span> <span class='ocrx_word' id='word_1_498' title='bbox 1253 3218 1535 3291; x_wconf 85' lang='grc' dir='ltr'>σώματος,</span> <span class='ocrx_word' id='word_1_499' title='bbox 1570 3219 1688 3273; x_wconf 85' lang='grc' dir='ltr'>ἀλλ’</span> <span class='ocrx_word' id='word_1_500' title='bbox 1715 3218 1843 3274; x_wconf 86' lang='grc' dir='ltr'>ἐκά-</span> 
     </span>
    </p>
   </div>
   <div class='ocr_carea' id='block_1_61' title="bbox 256 3307 1842 3382">
    <p class='ocr_par' dir='ltr' id='par_1_61' title="bbox 256 3307 1842 3382">
     <span class='ocr_line' id='line_1_61' title="bbox 256 3307 1842 3382; baseline -0.001 -20"><span class='ocrx_word' id='word_1_501' title='bbox 256 3325 416 3362; x_wconf 61' lang='lat' dir='ltr'><strong>ctore</strong></span> <span class='ocrx_word' id='word_1_502' title='bbox 448 3308 596 3363; x_wconf 77' lang='grc' dir='ltr'>ἄλλοι</span> <span class='ocrx_word' id='word_1_503' title='bbox 626 3308 687 3374; x_wconf 86' lang='grc' dir='ltr'>ἐξ</span> <span class='ocrx_word' id='word_1_504' title='bbox 716 3308 876 3363; x_wconf 80' lang='grc' dir='ltr'>ἄλλου</span> <span class='ocrx_word' id='word_1_505' title='bbox 904 3310 1180 3382; x_wconf 83' lang='grc' dir='ltr'>γινόμενοι</span> <span class='ocrx_word' id='word_1_506' title='bbox 1202 3309 1292 3363; x_wconf 81' lang='grc' dir='ltr'>διὰ</span> <span class='ocrx_word' id='word_1_507' title='bbox 1315 3307 1723 3381; x_wconf 71' lang='grc' dir='ltr'>προσθήκης“τε</span> <span class='ocrx_word' id='word_1_508' title='bbox 1748 3310 1842 3363; x_wconf 79' lang='grc' dir='ltr'>καὶ</span> 
     </span>
    </p>
   </div>
   <div class='ocr_carea' id='block_1_62' title="bbox 257 3397 1841 3471">
    <p class='ocr_par' dir='ltr' id='par_1_62' title="bbox 257 3397 1841 3471">
     <span class='ocr_line' id='line_1_62' title="bbox 257 3397 1841 3471; baseline -0.001 -16"><span class='ocrx_word' id='word_1_509' title='bbox 257 3400 643 3471; x_wconf 85' lang='grc' dir='ltr'>ἀποποιήσεως</span> <span class='ocrx_word' id='word_1_510' title='bbox 665 3437 681 3462; x_wconf 93' lang='grc'><strong>,</strong></span> <span class='ocrx_word' id='word_1_511' title='bbox 717 3398 796 3463; x_wconf 85' lang='grc' dir='ltr'><strong>ὡς</strong></span> <span class='ocrx_word' id='word_1_512' title='bbox 842 3398 977 3470; x_wconf 79' lang='grc' dir='ltr'>πρὸς</span> <span class='ocrx_word' id='word_1_513' title='bbox 1004 3399 1191 3455; x_wconf 80' lang='grc' dir='ltr'>καινὸν</span> <span class='ocrx_word' id='word_1_514' title='bbox 1218 3397 1378 3470; x_wconf 87' lang='grc' dir='ltr'>σῶμα</span> <span class='ocrx_word' id='word_1_515' title='bbox 1403 3398 1491 3452; x_wconf 87' lang='grc' dir='ltr'><strong>διὰ</strong></span> <span class='ocrx_word' id='word_1_516' title='bbox 1519 3398 1720 3461; x_wconf 82' lang='grc' dir='ltr'>παντὸς</span> <span class='ocrx_word' id='word_1_517' title='bbox 1747 3399 1841 3453; x_wconf 85' lang='grc' dir='ltr'>ἀλ-</span> 
     </span>
    </p>
   </div>
   <div class='ocr_carea' id='block_1_63' title="bbox 1939 3208 3516 3284">
    <p class='ocr_par' dir='ltr' id='par_1_63' title="bbox 1939 3208 3516 3284">
     <span class='ocr_line' id='line_1_63' title="bbox 1939 3208 3516 3284; baseline 0.002 -18"><span class='ocrx_word' id='word_1_518' title='bbox 1939 3213 2092 3283; x_wconf 89' lang='lat' dir='ltr'><strong>poris</strong></span> <span class='ocrx_word' id='word_1_519' title='bbox 2119 3210 2403 3267; x_wconf 89' lang='lat' dir='ltr'><strong>domicilio</strong></span> <span class='ocrx_word' id='word_1_520' title='bbox 2423 3250 2439 3278; x_wconf 91' lang='lat'><strong>,</strong></span> <span class='ocrx_word' id='word_1_521' title='bbox 2464 3208 2561 3266; x_wconf 92' lang='lat' dir='ltr'><strong>sed</strong></span> <span class='ocrx_word' id='word_1_522' title='bbox 2587 3211 2907 3266; x_wconf 90' lang='lat' dir='ltr'><strong>accessione</strong></span> <span class='ocrx_word' id='word_1_523' title='bbox 2933 3211 3363 3284; x_wconf 91' lang='lat' dir='ltr'><strong>decessioneque</strong></span> <span class='ocrx_word' id='word_1_524' title='bbox 3387 3208 3516 3269; x_wconf 85' lang='lat' dir='ltr'><strong>con-</strong></span> 
     </span>
    </p>
   </div>
   <div class='ocr_carea' id='block_1_64' title="bbox 1937 3302 3518 3368">
    <p class='ocr_par' dir='ltr' id='par_1_64' title="bbox 1937 3302 3518 3368">
     <span class='ocr_line' id='line_1_64' title="bbox 1937 3302 3518 3368; baseline 0.001 -9"><span class='ocrx_word' id='word_1_525' title='bbox 1937 3305 2090 3359; x_wconf 88' lang='lat' dir='ltr'><strong>tinua</strong></span> <span class='ocrx_word' id='word_1_526' title='bbox 2131 3302 2227 3357; x_wconf 89' lang='lat' dir='ltr'><strong>alii</strong></span> <span class='ocrx_word' id='word_1_527' title='bbox 2269 3318 2337 3358; x_wconf 80' lang='lat' dir='ltr'><strong>ex</strong></span> <span class='ocrx_word' id='word_1_528' title='bbox 2384 3302 2493 3356; x_wconf 82' lang='lat' dir='ltr'><strong>alio</strong></span> <span class='ocrx_word' id='word_1_529' title='bbox 2524 3302 2828 3368; x_wconf 89' lang='lat' dir='ltr'><strong>reddimur,</strong></span> <span class='ocrx_word' id='word_1_530' title='bbox 2868 3309 2923 3358; x_wconf 87' lang='lat' dir='ltr'><strong>et</strong></span> <span class='ocrx_word' id='word_1_531' title='bbox 2955 3304 3011 3358; x_wconf 93' lang='lat' dir='ltr'><strong>in</strong></span> <span class='ocrx_word' id='word_1_532' title='bbox 3059 3319 3257 3360; x_wconf 87' lang='lat' dir='ltr'><strong>novum</strong></span> <span class='ocrx_word' id='word_1_533' title='bbox 3294 3305 3518 3361; x_wconf 81' lang='lat' dir='ltr'><strong>assidue</strong></span> 
     </span>
    </p>
   </div>
   <div class='ocr_carea' id='block_1_65' title="bbox 1935 3393 3518 3464">
    <p class='ocr_par' dir='ltr' id='par_1_65' title="bbox 1935 3393 3518 3464">
     <span class='ocr_line' id='line_1_65' title="bbox 1935 3393 3518 3464; baseline 0.001 -14"><span class='ocrx_word' id='word_1_534' title='bbox 1935 3409 2136 3464; x_wconf 88' lang='lat' dir='ltr'><strong>corpus</strong></span> <span class='ocrx_word' id='word_1_535' title='bbox 2168 3394 2548 3448; x_wconf 86' lang='lat' dir='ltr'><strong>immutamur.</strong></span> <span class='ocrx_word' id='word_1_536' title='bbox 2577 3393 2718 3459; x_wconf 85' lang='lat' dir='ltr'><strong>Quid</strong></span> <span class='ocrx_word' id='word_1_537' title='bbox 2752 3393 2918 3464; x_wconf 80' lang='lat' dir='ltr'><strong>igitur</strong></span> <span class='ocrx_word' id='word_1_538' title='bbox 2948 3408 3071 3447; x_wconf 92' lang='lat' dir='ltr'><strong>cum</strong></span> <span class='ocrx_word' id='word_1_539' title='bbox 3106 3402 3283 3449; x_wconf 88' lang='lat' dir='ltr'><strong>morte</strong></span> <span class='ocrx_word' id='word_1_540' title='bbox 3315 3410 3418 3452; x_wconf 91' lang='lat' dir='ltr'><strong>nos</strong></span> <span class='ocrx_word' id='word_1_541' title='bbox 3457 3404 3518 3451; x_wconf 90' lang='lat' dir='ltr'><strong>ut</strong></span> 
     </span>
    </p>
   </div>
   <div class='ocr_carea' id='block_1_66' title="bbox 255 3482 1840 3562">
    <p class='ocr_par' dir='ltr' id='par_1_66' title="bbox 255 3482 1838 3562">
     <span class='ocr_line' id='line_1_66' title="bbox 255 3482 1838 3562; baseline -0.001 -19"><span class='ocrx_word' id='word_1_542' title='bbox 255 3489 580 3560; x_wconf 80' lang='grc' dir='ltr'>λοιούμενοι.</span> <span class='ocrx_word' id='word_1_543' title='bbox 606 3490 671 3543; x_wconf 88' lang='grc' dir='ltr'>Τί</span> <span class='ocrx_word' id='word_1_544' title='bbox 703 3485 796 3545; x_wconf 83' lang='grc' dir='ltr'>οὖν</span> <span class='ocrx_word' id='word_1_545' title='bbox 827 3490 1145 3562; x_wconf 82' lang='grc' dir='ltr'>ξενιζόμεθα</span> <span class='ocrx_word' id='word_1_546' title='bbox 1193 3490 1331 3560; x_wconf 84' lang='grc' dir='ltr'>πρὸς</span> <span class='ocrx_word' id='word_1_547' title='bbox 1362 3490 1453 3544; x_wconf 83' lang='grc' dir='ltr'>τὸν</span> <span class='ocrx_word' id='word_1_548' title='bbox 1488 3489 1715 3543; x_wconf 86' lang='grc' dir='ltr'>θάνατον</span> <span class='ocrx_word' id='word_1_549' title='bbox 1734 3527 1749 3554; x_wconf 90' lang='grc'><strong>,</strong></span> <span class='ocrx_word' id='word_1_550' title='bbox 1775 3482 1838 3542; x_wconf 76' lang='grc' dir='ltr'><strong>οὗ</strong></span> 
     </span>
    </p>
   </div>
   <div class='ocr_carea' id='block_1_67' title="bbox 1941 3482 3514 3562">
    <p class='ocr_par' dir='ltr' id='par_1_67' title="bbox 1941 3482 3514 3558">
     <span class='ocr_line' id='line_1_67' title="bbox 1941 3482 3514 3558; baseline 0.001 -18"><span class='ocrx_word' id='word_1_551' title='bbox 1941 3488 2163 3558; x_wconf 60' lang='lat' dir='ltr'><strong>sospites</strong></span> <span class='ocrx_word' id='word_1_552' title='bbox 2178 3482 2606 3554; x_wconf 80' lang='lat' dir='ltr'><strong>peregrinosque</strong></span> <span class='ocrx_word' id='word_1_553' title='bbox 2632 3482 2895 3553; x_wconf 83' lang='lat' dir='ltr'><strong>gerimus,</strong></span> <span class='ocrx_word' id='word_1_554' title='bbox 2923 3499 3048 3538; x_wconf 91' lang='lat' dir='ltr'><strong>cum</strong></span> <span class='ocrx_word' id='word_1_555' title='bbox 3072 3484 3514 3542; x_wconf 87' lang='lat' dir='ltr'><strong>demonstratum</strong></span> 
     </span>
    </p>
   </div>
   <div class='ocr_carea' id='block_1_68' title="bbox 254 3580 1845 3655">
    <p class='ocr_par' dir='ltr' id='par_1_68' title="bbox 254 3580 1845 3655">
     <span class='ocr_line' id='line_1_68' title="bbox 254 3580 1845 3655; baseline -0.002 -18"><span class='ocrx_word' id='word_1_556' title='bbox 254 3582 551 3655; x_wconf 61' lang='lat' dir='ltr'><strong>dmdslxﬂn</strong></span> <span class='ocrx_word' id='word_1_557' title='bbox 581 3583 776 3654; x_wconf 80' lang='grc' dir='ltr'>μελέτη</span> <span class='ocrx_word' id='word_1_558' title='bbox 796 3583 1077 3654; x_wconf 82' lang='grc' dir='ltr'>διηνεκὴς,</span> <span class='ocrx_word' id='word_1_559' title='bbox 1099 3583 1192 3637; x_wconf 80' lang='grc' dir='ltr'>καὶ</span> <span class='ocrx_word' id='word_1_560' title='bbox 1219 3583 1518 3653; x_wconf 85' lang='grc' dir='ltr'>γυμνάσιον</span> <span class='ocrx_word' id='word_1_561' title='bbox 1542 3583 1575 3653; x_wconf 80' lang='grc' dir='ltr'>ἡ</span> <span class='ocrx_word' id='word_1_562' title='bbox 1599 3580 1687 3635; x_wconf 84' lang='grc' dir='ltr'>διὰ</span> <span class='ocrx_word' id='word_1_563' title='bbox 1708 3596 1845 3652; x_wconf 54' lang='lat' dir='ltr'><strong>crap-</strong></span> 
     </span>
    </p>
   </div>
   <div class='ocr_carea' id='block_1_69' title="bbox 257 3671 1841 3746">
    <p class='ocr_par' dir='ltr' id='par_1_69' title="bbox 257 3671 1841 3746">
     <span class='ocr_line' id='line_1_69' title="bbox 257 3671 1841 3746; baseline -0.001 -18"><span class='ocrx_word' id='word_1_564' title='bbox 257 3675 356 3738; x_wconf 81' lang='grc' dir='ltr'>κὸς</span> <span class='ocrx_word' id='word_1_565' title='bbox 386 3671 521 3730; x_wconf 79' lang='grc' dir='ltr'>οὖσα</span> <span class='ocrx_word' id='word_1_566' title='bbox 554 3675 704 3746; x_wconf 87' lang='grc' dir='ltr'>ζωή;</span> <span class='ocrx_word' id='word_1_567' title='bbox 737 3675 857 3729; x_wconf 83' lang='grc' dir='ltr'>Κᾶν</span> <span class='ocrx_word' id='word_1_568' title='bbox 883 3674 976 3727; x_wconf 83' lang='grc' dir='ltr'>τὸν</span> <span class='ocrx_word' id='word_1_569' title='bbox 1022 3673 1189 3729; x_wconf 79' lang='grc' dir='ltr'>ὕπνον</span> <span class='ocrx_word' id='word_1_570' title='bbox 1218 3673 1378 3745; x_wconf 76' lang='grc' dir='ltr'>εἴπῃς</span> <span class='ocrx_word' id='word_1_571' title='bbox 1412 3673 1507 3727; x_wconf 80' lang='grc' dir='ltr'>καὶ</span> <span class='ocrx_word' id='word_1_572' title='bbox 1548 3673 1646 3743; x_wconf 76' lang='grc' dir='ltr'>τὴν</span> <span class='ocrx_word' id='word_1_573' title='bbox 1674 3672 1841 3743; x_wconf 84' lang='grc' dir='ltr'>ἐγρή-</span> 
     </span>
    </p>
   </div>
   <div class='ocr_carea' id='block_1_70' title="bbox 256 3764 1838 3837">
    <p class='ocr_par' dir='ltr' id='par_1_70' title="bbox 256 3764 1838 3837">
     <span class='ocr_line' id='line_1_70' title="bbox 256 3764 1838 3837; baseline -0.003 -19"><span class='ocrx_word' id='word_1_574' title='bbox 256 3782 451 3835; x_wconf 82' lang='grc' dir='ltr'>γορσιν</span> <span class='ocrx_word' id='word_1_575' title='bbox 476 3807 490 3831; x_wconf 94' lang='grc'><strong>,</strong></span> <span class='ocrx_word' id='word_1_576' title='bbox 521 3765 687 3837; x_wconf 80' lang='grc' dir='ltr'>ἀλλην</span> <span class='ocrx_word' id='word_1_577' title='bbox 717 3766 946 3821; x_wconf 84' lang='grc' dir='ltr'>θανάτου</span> <span class='ocrx_word' id='word_1_578' title='bbox 992 3765 1172 3835; x_wconf 83' lang='grc' dir='ltr'>λέγεις</span> <span class='ocrx_word' id='word_1_579' title='bbox 1215 3765 1353 3836; x_wconf 84' lang='grc' dir='ltr'>πρὸς</span> <span class='ocrx_word' id='word_1_580' title='bbox 1391 3765 1491 3834; x_wconf 83' lang='grc' dir='ltr'>τὴν</span> <span class='ocrx_word' id='word_1_581' title='bbox 1524 3764 1671 3835; x_wconf 80' lang='grc' dir='ltr'>ζωὴν</span> <span class='ocrx_word' id='word_1_582' title='bbox 1705 3780 1838 3833; x_wconf 78' lang='grc' dir='ltr'>συμ-</span> 
     </span>
    </p>
   </div>
   <div class='ocr_carea' id='block_1_71' title="bbox 257 3854 1839 3928">
    <p class='ocr_par' dir='ltr' id='par_1_71' title="bbox 257 3854 1839 3928">
     <span class='ocr_line' id='line_1_71' title="bbox 257 3854 1839 3928; baseline -0.001 -19"><span class='ocrx_word' id='word_1_583' title='bbox 257 3857 466 3927; x_wconf 82' lang='grc' dir='ltr'>πλοκὴν</span> <span class='ocrx_word' id='word_1_584' title='bbox 490 3898 504 3921; x_wconf 89' lang='grc'><strong>,</strong></span> <span class='ocrx_word' id='word_1_585' title='bbox 554 3858 1062 3928; x_wconf 81' lang='grc' dir='ltr'>κατασϐεννυμένης</span> <span class='ocrx_word' id='word_1_586' title='bbox 1111 3858 1170 3911; x_wconf 84' lang='grc' dir='ltr'><strong>ἐν</strong></span> <span class='ocrx_word' id='word_1_587' title='bbox 1213 3859 1329 3921; x_wconf 86' lang='grc' dir='ltr'>τοῖς</span> <span class='ocrx_word' id='word_1_588' title='bbox 1365 3855 1686 3911; x_wconf 86' lang='grc' dir='ltr'>καθεύδουσι</span> <span class='ocrx_word' id='word_1_589' title='bbox 1738 3854 1839 3927; x_wconf 79' lang='grc' dir='ltr'>τῆς</span> 
     </span>
    </p>
   </div>
   <div class='ocr_carea' id='block_1_72' title="bbox 256 3944 1836 4021">
    <p class='ocr_par' dir='ltr' id='par_1_72' title="bbox 256 3944 1836 4021">
     <span class='ocr_line' id='line_1_72' title="bbox 256 3944 1836 4021; baseline -0.003 -20"><span class='ocrx_word' id='word_1_590' title='bbox 256 3949 594 4017; x_wconf 77' lang='grc' dir='ltr'>αἰσθήσεως,</span> <span class='ocrx_word' id='word_1_591' title='bbox 629 3949 724 4003; x_wconf 85' lang='grc' dir='ltr'>καὶ</span> <span class='ocrx_word' id='word_1_592' title='bbox 770 3947 930 4002; x_wconf 84' lang='grc' dir='ltr'>πάλιν</span> <span class='ocrx_word' id='word_1_593' title='bbox 959 3948 1058 4017; x_wconf 84' lang='grc' dir='ltr'>τῆς</span> <span class='ocrx_word' id='word_1_594' title='bbox 1090 3949 1470 4021; x_wconf 75' lang='grc' dir='ltr'>ἐγρηγόρσεως</span> <span class='ocrx_word' id='word_1_595' title='bbox 1506 3944 1836 4016; x_wconf 76' lang='grc' dir='ltr'>ἐνεργούσης</span> 
     </span>
    </p>
   </div>
   <div class='ocr_carea' id='block_1_73' title="bbox 256 4035 1835 4112">
    <p class='ocr_par' dir='ltr' id='par_1_73' title="bbox 256 4035 1835 4112">
     <span class='ocr_line' id='line_1_73' title="bbox 256 4035 1835 4112; baseline -0.002 -20"><span class='ocrx_word' id='word_1_596' title='bbox 256 4042 391 4112; x_wconf 75' lang='grc' dir='ltr'>ἡμῖν</span> <span class='ocrx_word' id='word_1_597' title='bbox 412 4042 469 4093; x_wconf 87' lang='grc' dir='ltr'><strong>ἐν</strong></span> <span class='ocrx_word' id='word_1_598' title='bbox 494 4040 631 4111; x_wconf 83' lang='grc' dir='ltr'>αὐτῇ</span> <span class='ocrx_word' id='word_1_599' title='bbox 659 4039 756 4112; x_wconf 83' lang='grc' dir='ltr'>τὴν</span> <span class='ocrx_word' id='word_1_600' title='bbox 782 4039 1141 4110; x_wconf 76' lang='grc' dir='ltr'>ἐλπιζομένην</span> <span class='ocrx_word' id='word_1_601' title='bbox 1163 4040 1487 4104; x_wconf 85' lang='grc' dir='ltr'>ἀνάστασιν;</span> <span class='ocrx_word' id='word_1_602' title='bbox 1521 4036 1659 4091; x_wconf 85' lang='grc' dir='ltr'>Ἀλλ’</span> <span class='ocrx_word' id='word_1_603' title='bbox 1682 4035 1835 4090; x_wconf 79' lang='grc' dir='ltr'>οὔπω</span> 
     </span>
    </p>
   </div>
   <div class='ocr_carea' id='block_1_74' title="bbox 254 4121 1836 4203">
    <p class='ocr_par' dir='ltr' id='par_1_74' title="bbox 254 4121 1836 4203">
     <span class='ocr_line' id='line_1_74' title="bbox 254 4121 1836 4203; baseline -0.003 -17"><span class='ocrx_word' id='word_1_604' title='bbox 254 4121 319 4186; x_wconf 69' lang='grc' dir='ltr'>τὸ</span> <span class='ocrx_word' id='word_1_605' title='bbox 362 4132 715 4203; x_wconf 84' lang='grc' dir='ltr'>προκείμενον</span> <span class='ocrx_word' id='word_1_606' title='bbox 762 4135 892 4203; x_wconf 79' lang='grc' dir='ltr'>ἡμῖν</span> <span class='ocrx_word' id='word_1_607' title='bbox 937 4130 1306 4202; x_wconf 83' lang='grc' dir='ltr'>εὑσαφηνίσθη</span> <span class='ocrx_word' id='word_1_608' title='bbox 1340 4131 1429 4185; x_wconf 77' lang='grc' dir='ltr'><strong>διὰ</strong></span> <span class='ocrx_word' id='word_1_609' title='bbox 1456 4129 1563 4183; x_wconf 83' lang='grc' dir='ltr'><strong>τῶν</strong></span> <span class='ocrx_word' id='word_1_610' title='bbox 1608 4128 1836 4201; x_wconf 78' lang='grc' dir='ltr'>εἰρημέ-</span> 
     </span>
    </p>
   </div>
   <div class='ocr_carea' id='block_1_75' title="bbox 256 4217 1834 4291">
    <p class='ocr_par' dir='ltr' id='par_1_75' title="bbox 256 4217 1834 4291">
     <span class='ocr_line' id='line_1_75' title="bbox 256 4217 1834 4291; baseline -0.001 -18"><span class='ocrx_word' id='word_1_611' title='bbox 256 4238 386 4285; x_wconf 88' lang='grc' dir='ltr'>νων,</span> <span class='ocrx_word' id='word_1_612' title='bbox 409 4221 503 4274; x_wconf 77' lang='grc' dir='ltr'>τοῦ</span> <span class='ocrx_word' id='word_1_613' title='bbox 535 4220 833 4274; x_wconf 87' lang='grc' dir='ltr'>ἐπεισοδίου</span> <span class='ocrx_word' id='word_1_614' title='bbox 882 4221 1151 4291; x_wconf 84' lang='grc' dir='ltr'>νοήματος</span> <span class='ocrx_word' id='word_1_615' title='bbox 1180 4219 1315 4291; x_wconf 73' lang='grc' dir='ltr'>πρὸς</span> <span class='ocrx_word' id='word_1_616' title='bbox 1359 4218 1552 4289; x_wconf 69' lang='grc' dir='ltr'>ἑτέραν</span> <span class='ocrx_word' id='word_1_617' title='bbox 1598 4217 1834 4287; x_wconf 85' lang='grc' dir='ltr'>θεωρίαν</span> 
     </span>
    </p>
   </div>
   <div class='ocr_carea' id='block_1_76' title="bbox 258 4311 985 4381">
    <p class='ocr_par' dir='ltr' id='par_1_76' title="bbox 258 4311 985 4381">
     <span class='ocr_line' id='line_1_76' title="bbox 258 4311 985 4381; baseline 0.006 -18"><span class='ocrx_word' id='word_1_618' title='bbox 258 4311 672 4381; x_wconf 71' lang='grc' dir='ltr'>παραγαγόντος</span> <span class='ocrx_word' id='word_1_619' title='bbox 690 4311 781 4365; x_wconf 83' lang='grc' dir='ltr'>τὸν</span> <span class='ocrx_word' id='word_1_620' title='bbox 810 4311 985 4380; x_wconf 83' lang='grc' dir='ltr'>λόγον.</span> 
     </span>
    </p>
   </div>
   <div class='ocr_carea' id='block_1_77' title="bbox 1937 3574 3515 3645">
    <p class='ocr_par' dir='ltr' id='par_1_77' title="bbox 1937 3574 3515 3645">
     <span class='ocr_line' id='line_1_77' title="bbox 1937 3574 3515 3645; baseline 0.001 -15"><span class='ocrx_word' id='word_1_621' title='bbox 1937 3577 2043 3641; x_wconf 87' lang='lat' dir='ltr'><strong>sit,</strong></span> <span class='ocrx_word' id='word_1_622' title='bbox 2071 3576 2238 3629; x_wconf 89' lang='lat' dir='ltr'><strong>vitam</strong></span> <span class='ocrx_word' id='word_1_623' title='bbox 2272 3576 2415 3629; x_wconf 87' lang='lat' dir='ltr'><strong>hanc</strong></span> <span class='ocrx_word' id='word_1_624' title='bbox 2442 3589 2604 3643; x_wconf 89' lang='lat' dir='ltr'><strong>quam</strong></span> <span class='ocrx_word' id='word_1_625' title='bbox 2639 3575 2691 3627; x_wconf 90' lang='lat' dir='ltr'><strong>in</strong></span> <span class='ocrx_word' id='word_1_626' title='bbox 2720 3588 2886 3629; x_wconf 91' lang='lat' dir='ltr'><strong>carne</strong></span> <span class='ocrx_word' id='word_1_627' title='bbox 2914 3574 3181 3645; x_wconf 85' lang='lat' dir='ltr'><strong>degimus,</strong></span> <span class='ocrx_word' id='word_1_628' title='bbox 3208 3576 3344 3630; x_wconf 84' lang='lat' dir='ltr'><strong>nihil</strong></span> <span class='ocrx_word' id='word_1_629' title='bbox 3368 3577 3515 3632; x_wconf 83' lang='lat' dir='ltr'><strong>aliud</strong></span> 
     </span>
    </p>
   </div>
   <div class='ocr_carea' id='block_1_78' title="bbox 1937 3665 3516 3735">
    <p class='ocr_par' dir='ltr' id='par_1_78' title="bbox 1937 3665 3516 3735">
     <span class='ocr_line' id='line_1_78' title="bbox 1937 3665 3516 3735; baseline 0 -12"><span class='ocrx_word' id='word_1_630' title='bbox 1937 3683 2094 3731; x_wconf 88' lang='lat' dir='ltr'><strong>esse,</strong></span> <span class='ocrx_word' id='word_1_631' title='bbox 2142 3665 2252 3721; x_wconf 87' lang='lat' dir='ltr'><strong>nisi</strong></span> <span class='ocrx_word' id='word_1_632' title='bbox 2293 3673 2614 3735; x_wconf 86' lang='lat' dir='ltr'><strong>perpetuam</strong></span> <span class='ocrx_word' id='word_1_633' title='bbox 2663 3665 2858 3719; x_wconf 90' lang='lat' dir='ltr'><strong>mortis</strong></span> <span class='ocrx_word' id='word_1_634' title='bbox 2901 3667 3415 3723; x_wconf 86' lang='lat' dir='ltr'><strong>commentationem</strong></span> <span class='ocrx_word' id='word_1_635' title='bbox 3450 3683 3516 3723; x_wconf 88' lang='lat' dir='ltr'><strong>ac</strong></span> 
     </span>
    </p>
   </div>
   <div class='ocr_carea' id='block_1_79' title="bbox 1937 3756 3513 3830">
    <p class='ocr_par' dir='ltr' id='par_1_79' title="bbox 1937 3756 3513 3830">
     <span class='ocr_line' id='line_1_79' title="bbox 1937 3756 3513 3830; baseline -0.001 -15"><span class='ocrx_word' id='word_1_636' title='bbox 1937 3756 2227 3815; x_wconf 75' lang='lat' dir='ltr'><strong>studium?</strong></span> <span class='ocrx_word' id='word_1_637' title='bbox 2274 3756 2459 3823; x_wconf 85' lang='lat' dir='ltr'><strong>Quid?</strong></span> <span class='ocrx_word' id='word_1_638' title='bbox 2492 3756 2611 3826; x_wconf 88' lang='lat' dir='ltr'><strong>ipse</strong></span> <span class='ocrx_word' id='word_1_639' title='bbox 2641 3770 2868 3812; x_wconf 90' lang='lat' dir='ltr'><strong>somnus</strong></span> <span class='ocrx_word' id='word_1_640' title='bbox 2903 3767 3067 3826; x_wconf 90' lang='lat' dir='ltr'><strong>atque</strong></span> <span class='ocrx_word' id='word_1_641' title='bbox 3122 3757 3309 3825; x_wconf 81' lang='lat' dir='ltr'><strong>vigilia</strong></span> <span class='ocrx_word' id='word_1_642' title='bbox 3330 3797 3346 3822; x_wconf 94' lang='lat'><strong>,</strong></span> <span class='ocrx_word' id='word_1_643' title='bbox 3382 3759 3513 3830; x_wconf 86' lang='lat' dir='ltr'><strong>quid</strong></span> 
     </span>
    </p>
   </div>
   <div class='ocr_carea' id='block_1_80' title="bbox 1936 3848 3515 3922">
    <p class='ocr_par' dir='ltr' id='par_1_80' title="bbox 1936 3848 3515 3922">
     <span class='ocr_line' id='line_1_80' title="bbox 1936 3848 3515 3922; baseline 0.003 -18"><span class='ocrx_word' id='word_1_644' title='bbox 1936 3848 2086 3905; x_wconf 88' lang='lat' dir='ltr'><strong>aliud</strong></span> <span class='ocrx_word' id='word_1_645' title='bbox 2121 3857 2284 3914; x_wconf 86' lang='lat' dir='ltr'><strong>sunt,</strong></span> <span class='ocrx_word' id='word_1_646' title='bbox 2333 3848 2440 3904; x_wconf 89' lang='lat' dir='ltr'><strong>nisi</strong></span> <span class='ocrx_word' id='word_1_647' title='bbox 2490 3849 2683 3903; x_wconf 91' lang='lat' dir='ltr'><strong>mortis</strong></span> <span class='ocrx_word' id='word_1_648' title='bbox 2719 3850 2949 3918; x_wconf 71' lang='lat' dir='ltr'><strong>vitaeque</strong></span> <span class='ocrx_word' id='word_1_649' title='bbox 2993 3849 3312 3919; x_wconf 81' lang='lat' dir='ltr'><strong>complexus</strong></span> <span class='ocrx_word' id='word_1_650' title='bbox 3353 3859 3515 3922; x_wconf 85' lang='lat' dir='ltr'><strong>atque</strong></span> 
     </span>
    </p>
   </div>
   <div class='ocr_carea' id='block_1_81' title="bbox 1935 3937 3515 4009">
    <p class='ocr_par' dir='ltr' id='par_1_81' title="bbox 1935 3937 3515 4009">
     <span class='ocr_line' id='line_1_81' title="bbox 1935 3937 3515 4009; baseline 0.003 -16"><span class='ocrx_word' id='word_1_651' title='bbox 1935 3938 2288 4009; x_wconf 83' lang='lat' dir='ltr'><strong>conjunctio?</strong></span> <span class='ocrx_word' id='word_1_652' title='bbox 2313 3953 2437 3992; x_wconf 91' lang='lat' dir='ltr'><strong>cum</strong></span> <span class='ocrx_word' id='word_1_653' title='bbox 2478 3945 2533 3993; x_wconf 87' lang='lat' dir='ltr'><strong>et</strong></span> <span class='ocrx_word' id='word_1_654' title='bbox 2568 3937 2903 3992; x_wconf 85' lang='lat' dir='ltr'><strong>dormientes</strong></span> <span class='ocrx_word' id='word_1_655' title='bbox 2936 3947 3192 4008; x_wconf 86' lang='lat' dir='ltr'><strong>tanquam</strong></span> <span class='ocrx_word' id='word_1_656' title='bbox 3219 3942 3515 3997; x_wconf 77' lang='lat' dir='ltr'><strong>exstinctos</strong></span> 
     </span>
    </p>
   </div>
   <div class='ocr_carea' id='block_1_82' title="bbox 1938 4029 3514 4101">
    <p class='ocr_par' dir='ltr' id='par_1_82' title="bbox 1938 4029 3514 4101">
     <span class='ocr_line' id='line_1_82' title="bbox 1938 4029 3514 4101; baseline 0.002 -18"><span class='ocrx_word' id='word_1_657' title='bbox 1938 4045 2134 4085; x_wconf 86' lang='lat' dir='ltr'><strong>sensus</strong></span> <span class='ocrx_word' id='word_1_658' title='bbox 2181 4045 2283 4084; x_wconf 91' lang='lat' dir='ltr'><strong>nos</strong></span> <span class='ocrx_word' id='word_1_659' title='bbox 2327 4029 2577 4095; x_wconf 89' lang='lat' dir='ltr'><strong>deserat,</strong></span> <span class='ocrx_word' id='word_1_660' title='bbox 2624 4038 2678 4084; x_wconf 88' lang='lat' dir='ltr'><strong>et</strong></span> <span class='ocrx_word' id='word_1_661' title='bbox 2727 4030 2998 4085; x_wconf 79' lang='lat' dir='ltr'><strong>excitatos</strong></span> <span class='ocrx_word' id='word_1_662' title='bbox 3054 4029 3237 4100; x_wconf 83' lang='lat' dir='ltr'><strong>vigilia</strong></span> <span class='ocrx_word' id='word_1_663' title='bbox 3287 4040 3514 4101; x_wconf 74' lang='lat' dir='ltr'><strong>speratae</strong></span> 
     </span>
    </p>
   </div>
   <div class='ocr_carea' id='block_1_83' title="bbox 1938 4118 3513 4189">
    <p class='ocr_par' dir='ltr' id='par_1_83' title="bbox 1938 4118 3513 4189">
     <span class='ocr_line' id='line_1_83' title="bbox 1938 4118 3513 4189; baseline 0.001 -13"><span class='ocrx_word' id='word_1_664' title='bbox 1938 4122 2370 4177; x_wconf 89' lang='lat' dir='ltr'><strong>resurrectionis</strong></span> <span class='ocrx_word' id='word_1_665' title='bbox 2409 4119 2739 4175; x_wconf 85' lang='lat' dir='ltr'><strong>admoneat?</strong></span> <span class='ocrx_word' id='word_1_666' title='bbox 2782 4118 2984 4174; x_wconf 79' lang='lat' dir='ltr'><strong>Verum</strong></span> <span class='ocrx_word' id='word_1_667' title='bbox 3024 4119 3367 4189; x_wconf 81' lang='lat' dir='ltr'><strong>digressioue</strong></span> <span class='ocrx_word' id='word_1_668' title='bbox 3409 4123 3513 4178; x_wconf 91' lang='lat' dir='ltr'><strong>hac</strong></span> 
     </span>
    </p>
   </div>
   <div class='ocr_carea' id='block_1_84' title="bbox 1940 4210 3510 4281">
    <p class='ocr_par' dir='ltr' id='par_1_84' title="bbox 1940 4210 3510 4281">
     <span class='ocr_line' id='line_1_84' title="bbox 1940 4210 3510 4281; baseline 0.002 -16"><span class='ocrx_word' id='word_1_669' title='bbox 1940 4212 2009 4266; x_wconf 85' lang='lat' dir='ltr'><strong>ad</strong></span> <span class='ocrx_word' id='word_1_670' title='bbox 2045 4212 2150 4265; x_wconf 90' lang='lat' dir='ltr'><strong>alia</strong></span> <span class='ocrx_word' id='word_1_671' title='bbox 2183 4211 2585 4267; x_wconf 89' lang='lat' dir='ltr'><strong>consideranda</strong></span> <span class='ocrx_word' id='word_1_672' title='bbox 2615 4227 2718 4266; x_wconf 89' lang='lat' dir='ltr'><strong>nos</strong></span> <span class='ocrx_word' id='word_1_673' title='bbox 2755 4210 3094 4273; x_wconf 90' lang='lat' dir='ltr'><strong>adducente,</strong></span> <span class='ocrx_word' id='word_1_674' title='bbox 3127 4210 3272 4279; x_wconf 88' lang='lat' dir='ltr'><strong>quod</strong></span> <span class='ocrx_word' id='word_1_675' title='bbox 3304 4226 3510 4281; x_wconf 82' lang='lat' dir='ltr'><strong>propo-</strong></span> 
     </span>
    </p>
   </div>
   <div class='ocr_carea' id='block_1_85' title="bbox 1941 4300 2879 4368">
    <p class='ocr_par' dir='ltr' id='par_1_85' title="bbox 1941 4300 2879 4368">
     <span class='ocr_line' id='line_1_85' title="bbox 1941 4300 2879 4368; baseline -0.006 -9"><span class='ocrx_word' id='word_1_676' title='bbox 1941 4302 2155 4359; x_wconf 84' lang='lat' dir='ltr'><strong>suimus</strong></span> <span class='ocrx_word' id='word_1_677' title='bbox 2187 4301 2430 4356; x_wconf 91' lang='lat' dir='ltr'><strong>nondum</strong></span> <span class='ocrx_word' id='word_1_678' title='bbox 2464 4300 2879 4368; x_wconf 82' lang='lat' dir='ltr'><strong>explicavimus.</strong></span> 
     </span>
    </p>
   </div>
   <div class='ocr_carea' id='block_1_86' title="bbox 331 4375 1840 4472">
    <p class='ocr_par' dir='ltr' id='par_1_86' title="bbox 331 4375 1834 4472">
     <span class='ocr_line' id='line_1_86' title="bbox 331 4375 1834 4472; baseline -0.001 -19"><span class='ocrx_word' id='word_1_679' title='bbox 331 4375 509 4453; x_wconf 70' lang='grc' dir='ltr'>ίΙάλιν</span> <span class='ocrx_word' id='word_1_680' title='bbox 529 4399 707 4458; x_wconf 83' lang='grc' dir='ltr'>τοίνυν</span> <span class='ocrx_word' id='word_1_681' title='bbox 747 4400 808 4453; x_wconf 83' lang='grc' dir='ltr'>τὸ</span> <span class='ocrx_word' id='word_1_682' title='bbox 856 4375 1115 4472; x_wconf 76' lang='grc' dir='ltr'>προτεθὲν</span> <span class='ocrx_word' id='word_1_683' title='bbox 1167 4398 1563 4469; x_wconf 79' lang='grc' dir='ltr'>ἀναλάὅωμεν,</span> <span class='ocrx_word' id='word_1_684' title='bbox 1612 4399 1692 4451; x_wconf 83' lang='grc' dir='ltr'>ὅτι</span> <span class='ocrx_word' id='word_1_685' title='bbox 1733 4398 1834 4452; x_wconf 82' lang='grc' dir='ltr'>οὐκ</span> 
     </span>
    </p>
   </div>
   <div class='ocr_carea' id='block_1_87' title="bbox 1941 4375 3513 4472">
    <p class='ocr_par' dir='ltr' id='par_1_87' title="bbox 2010 4390 3513 4462">
     <span class='ocr_line' id='line_1_87' title="bbox 2010 4390 3513 4462; baseline 0 -14"><span class='ocrx_word' id='word_1_686' title='bbox 2010 4394 2194 4461; x_wconf 86' lang='lat' dir='ltr'><strong>Quare</strong></span> <span class='ocrx_word' id='word_1_687' title='bbox 2232 4393 2297 4447; x_wconf 91' lang='lat' dir='ltr'><strong>ad</strong></span> <span class='ocrx_word' id='word_1_688' title='bbox 2338 4391 2681 4462; x_wconf 90' lang='lat' dir='ltr'><strong>propositum</strong></span> <span class='ocrx_word' id='word_1_689' title='bbox 2718 4398 3082 4454; x_wconf 88' lang='lat' dir='ltr'><strong>revertamur,</strong></span> <span class='ocrx_word' id='word_1_690' title='bbox 3120 4390 3513 4448; x_wconf 87' lang='lat' dir='ltr'><strong>ostendamus-</strong></span> 
     </span>
    </p>
   </div>
   <div class='ocr_carea' id='block_1_88' title="bbox 256 4489 1836 4564">
    <p class='ocr_par' dir='ltr' id='par_1_88' title="bbox 256 4489 1836 4564">
     <span class='ocr_line' id='line_1_88' title="bbox 256 4489 1836 4564; baseline -0.003 -18"><span class='ocrx_word' id='word_1_691' title='bbox 256 4492 546 4561; x_wconf 78' lang='grc' dir='ltr'>ἀχρήστως</span> <span class='ocrx_word' id='word_1_692' title='bbox 585 4493 721 4563; x_wconf 83' lang='grc' dir='ltr'>πρὸς</span> <span class='ocrx_word' id='word_1_693' title='bbox 740 4494 838 4563; x_wconf 81' lang='grc' dir='ltr'>τὴν</span> <span class='ocrx_word' id='word_1_694' title='bbox 877 4490 1331 4564; x_wconf 84' lang='grc' dir='ltr'>προσδοκωμένην</span> <span class='ocrx_word' id='word_1_695' title='bbox 1361 4490 1471 4544; x_wconf 86' lang='grc' dir='ltr'><strong>τῶν</strong></span> <span class='ocrx_word' id='word_1_696' title='bbox 1504 4489 1726 4560; x_wconf 84' lang='grc' dir='ltr'>ἀγαθῶν</span> <span class='ocrx_word' id='word_1_697' title='bbox 1751 4490 1836 4543; x_wconf 80' lang='grc' dir='ltr'>ἐλ-</span> 
     </span>
    </p>
   </div>
   <div class='ocr_carea' id='block_1_89' title="bbox 258 4581 1836 4656">
    <p class='ocr_par' dir='ltr' id='par_1_89' title="bbox 258 4581 1836 4656">
     <span class='ocr_line' id='line_1_89' title="bbox 258 4581 1836 4656; baseline -0.001 -20"><span class='ocrx_word' id='word_1_698' title='bbox 258 4582 389 4636; x_wconf 82' lang='grc' dir='ltr'>πίδα</span> <span class='ocrx_word' id='word_1_699' title='bbox 414 4622 429 4647; x_wconf 90' lang='grc'><strong>,</strong></span> <span class='ocrx_word' id='word_1_700' title='bbox 460 4584 580 4637; x_wconf 79' lang='grc' dir='ltr'>οὐδὲ</span> <span class='ocrx_word' id='word_1_701' title='bbox 609 4587 643 4656; x_wconf 84' lang='grc' dir='ltr'>ὴ</span> <span class='ocrx_word' id='word_1_702' title='bbox 683 4584 776 4638; x_wconf 85' lang='grc' dir='ltr'>τοῦ</span> <span class='ocrx_word' id='word_1_703' title='bbox 827 4583 1078 4656; x_wconf 81' lang='grc' dir='ltr'>σώματος</span> <span class='ocrx_word' id='word_1_704' title='bbox 1101 4584 1264 4654; x_wconf 84' lang='grc' dir='ltr'>φύσις</span> <span class='ocrx_word' id='word_1_705' title='bbox 1306 4583 1438 4654; x_wconf 81' lang='grc' dir='ltr'>ἔχει.</span> <span class='ocrx_word' id='word_1_706' title='bbox 1485 4584 1549 4636; x_wconf 85' lang='lat' dir='ltr'><strong>El</strong></span> <span class='ocrx_word' id='word_1_707' title='bbox 1581 4583 1678 4654; x_wconf 85' lang='grc' dir='ltr'>μὲν</span> <span class='ocrx_word' id='word_1_708' title='bbox 1727 4581 1836 4654; x_wconf 84' lang='grc' dir='ltr'>γὰρ</span> 
     </span>
    </p>
   </div>
   <div class='ocr_carea' id='block_1_90' title="bbox 256 4665 1834 4745">
    <p class='ocr_par' dir='ltr' id='par_1_90' title="bbox 256 4665 1834 4745">
     <span class='ocr_line' id='line_1_90' title="bbox 256 4665 1834 4745; baseline -0.015 -2"><span class='ocrx_word' id='word_1_709' title='bbox 256 4665 399 4741; x_wconf 72' lang='grc' dir='ltr'><strong>ἦμεν</strong></span> <span class='ocrx_word' id='word_1_710' title='bbox 438 4673 573 4741; x_wconf 72' lang='grc' dir='ltr'><strong>ὅπερ</strong></span> <span class='ocrx_word' id='word_1_711' title='bbox 606 4672 667 4738; x_wconf 65' lang='grc' dir='ltr'>ἐξ</span> <span class='ocrx_word' id='word_1_712' title='bbox 696 4675 872 4745; x_wconf 85' lang='grc' dir='ltr'>ἀρχῆς</span> <span class='ocrx_word' id='word_1_713' title='bbox 901 4672 1225 4742; x_wconf 79' lang='grc' dir='ltr'>ἐγενόμεθα,</span> <span class='ocrx_word' id='word_1_714' title='bbox 1264 4672 1364 4725; x_wconf 86' lang='grc' dir='ltr'>οὐκ</span> <span class='ocrx_word' id='word_1_715' title='bbox 1395 4669 1459 4723; x_wconf 80' lang='grc' dir='ltr'><strong>ἃν</strong></span> <span class='ocrx_word' id='word_1_716' title='bbox 1499 4668 1714 4731; x_wconf 86' lang='grc' dir='ltr'>πάντως</span> <span class='ocrx_word' id='word_1_717' title='bbox 1742 4667 1834 4720; x_wconf 78' lang='grc' dir='ltr'>τοῦ</span> 
     </span>
    </p>
   </div>
   <div class='ocr_carea' id='block_1_91' title="bbox 257 4758 1837 4833">
    <p class='ocr_par' dir='ltr' id='par_1_91' title="bbox 257 4758 1837 4833">
     <span class='ocr_line' id='line_1_91' title="bbox 257 4758 1837 4833; baseline -0.003 -18"><span class='ocrx_word' id='word_1_718' title='bbox 257 4761 579 4833; x_wconf 80' lang='grc' dir='ltr'>δερματίνου</span> <span class='ocrx_word' id='word_1_719' title='bbox 625 4763 850 4833; x_wconf 83' lang='grc' dir='ltr'>χιτῶνος</span> <span class='ocrx_word' id='word_1_720' title='bbox 895 4762 1333 4833; x_wconf 82' lang='grc' dir='ltr'>προσεδεήθημεν</span> <span class='ocrx_word' id='word_1_721' title='bbox 1356 4802 1371 4828; x_wconf 88' lang='grc'><strong>,</strong></span> <span class='ocrx_word' id='word_1_722' title='bbox 1423 4758 1837 4831; x_wconf 87' lang='grc' dir='ltr'>ἐπιλαμπούσης</span> 
     </span>
    </p>
   </div>
   <div class='ocr_carea' id='block_1_92' title="bbox 259 4850 1841 4926">
    <p class='ocr_par' dir='ltr' id='par_1_92' title="bbox 259 4850 1841 4926">
     <span class='ocr_line' id='line_1_92' title="bbox 259 4850 1841 4926; baseline -0.001 -20"><span class='ocrx_word' id='word_1_723' title='bbox 259 4854 391 4924; x_wconf 76' lang='grc' dir='ltr'>ἡμῖν</span> <span class='ocrx_word' id='word_1_724' title='bbox 429 4852 530 4924; x_wconf 75' lang='grc' dir='ltr'>τῆς</span> <span class='ocrx_word' id='word_1_725' title='bbox 563 4856 700 4926; x_wconf 82' lang='grc' dir='ltr'>πρὸς</span> <span class='ocrx_word' id='word_1_726' title='bbox 730 4856 791 4908; x_wconf 88' lang='grc' dir='ltr'>τὸ</span> <span class='ocrx_word' id='word_1_727' title='bbox 818 4855 970 4909; x_wconf 88' lang='grc' dir='ltr'>Θεῖον</span> <span class='ocrx_word' id='word_1_728' title='bbox 1009 4852 1342 4922; x_wconf 86' lang='grc' dir='ltr'>ὁμοιώσεως.</span> <span class='ocrx_word' id='word_1_729' title='bbox 1388 4852 1445 4904; x_wconf 89' lang='lat'><strong>&#39;0</strong></span> <span class='ocrx_word' id='word_1_730' title='bbox 1484 4850 1542 4905; x_wconf 87' lang='grc' dir='ltr'><strong>δέ</strong></span> <span class='ocrx_word' id='word_1_731' title='bbox 1577 4850 1718 4912; x_wconf 81' lang='grc' dir='ltr'>θεῖος</span> <span class='ocrx_word' id='word_1_732' title='bbox 1744 4867 1841 4921; x_wconf 85' lang='grc' dir='ltr'>χα-</span> 
     </span>
    </p>
   </div>
   <div class='ocr_carea' id='block_1_93' title="bbox 263 4941 1837 5017">
    <p class='ocr_par' dir='ltr' id='par_1_93' title="bbox 263 4941 1837 5017">
     <span class='ocr_line' id='line_1_93' title="bbox 263 4941 1837 5017; baseline -0.003 -20"><span class='ocrx_word' id='word_1_733' title='bbox 263 4944 471 5017; x_wconf 79' lang='grc' dir='ltr'>ρακτὴρ</span> <span class='ocrx_word' id='word_1_734' title='bbox 490 4948 519 4999; x_wconf 86' lang='grc'>6</span> <span class='ocrx_word' id='word_1_735' title='bbox 540 4946 955 5016; x_wconf 83' lang='grc' dir='ltr'>ἐπιφαινόμενος</span> <span class='ocrx_word' id='word_1_736' title='bbox 983 4947 1113 5015; x_wconf 77' lang='grc' dir='ltr'>ἡμῖν</span> <span class='ocrx_word' id='word_1_737' title='bbox 1138 4944 1198 4997; x_wconf 81' lang='grc' dir='ltr'>τὸ</span> <span class='ocrx_word' id='word_1_738' title='bbox 1229 4944 1347 4997; x_wconf 85' lang='grc' dir='ltr'>κατ’</span> <span class='ocrx_word' id='word_1_739' title='bbox 1376 4942 1571 5015; x_wconf 82' lang='grc' dir='ltr'>ἀρχὰς,</span> <span class='ocrx_word' id='word_1_740' title='bbox 1603 4942 1663 4995; x_wconf 87' lang='grc' dir='ltr'>οὐ</span> <span class='ocrx_word' id='word_1_741' title='bbox 1685 4941 1837 4994; x_wconf 87' lang='grc' dir='ltr'>ποιοῦ</span> 
     </span>
    </p>
   </div>
   <div class='ocr_carea' id='block_1_94' title="bbox 261 5027 1839 5107">
    <p class='ocr_par' dir='ltr' id='par_1_94' title="bbox 261 5027 1839 5107">
     <span class='ocr_line' id='line_1_94' title="bbox 261 5027 1839 5107; baseline -0.003 -21"><span class='ocrx_word' id='word_1_742' title='bbox 261 5034 539 5104; x_wconf 83' lang='grc' dir='ltr'>σχήματός</span> <span class='ocrx_word' id='word_1_743' title='bbox 579 5053 723 5099; x_wconf 85' lang='grc' dir='ltr'>τινος</span> <span class='ocrx_word' id='word_1_744' title='bbox 766 5035 798 5105; x_wconf 79' lang='grc' dir='ltr'>ἢ</span> <span class='ocrx_word' id='word_1_745' title='bbox 832 5034 1120 5107; x_wconf 84' lang='grc' dir='ltr'>χρώματος</span> <span class='ocrx_word' id='word_1_746' title='bbox 1149 5034 1214 5104; x_wconf 83' lang='grc' dir='ltr'>ἦν</span> <span class='ocrx_word' id='word_1_747' title='bbox 1257 5032 1455 5102; x_wconf 83' lang='grc' dir='ltr'>ἰδιότης</span> <span class='ocrx_word' id='word_1_748' title='bbox 1477 5070 1493 5096; x_wconf 97' lang='grc'><strong>,</strong></span> <span class='ocrx_word' id='word_1_749' title='bbox 1525 5030 1638 5084; x_wconf 84' lang='grc' dir='ltr'>ἀλλ’</span> <span class='ocrx_word' id='word_1_750' title='bbox 1669 5027 1749 5093; x_wconf 82' lang='grc' dir='ltr'>οἷς</span> <span class='ocrx_word' id='word_1_751' title='bbox 1777 5029 1839 5082; x_wconf 79' lang='grc' dir='ltr'>τὸ</span> 
     </span>
    </p>
   </div>
   <div class='ocr_carea' id='block_1_95' title="bbox 258 5120 1840 5198">
    <p class='ocr_par' dir='ltr' id='par_1_95' title="bbox 258 5120 1840 5198">
     <span class='ocr_line' id='line_1_95' title="bbox 258 5120 1840 5198; baseline -0.004 -18"><span class='ocrx_word' id='word_1_752' title='bbox 258 5126 401 5181; x_wconf 78' lang='grc' dir='ltr'>θεῖον</span> <span class='ocrx_word' id='word_1_753' title='bbox 438 5126 719 5198; x_wconf 79' lang='grc' dir='ltr'>θεωρεῖται</span> <span class='ocrx_word' id='word_1_754' title='bbox 760 5128 952 5191; x_wconf 81' lang='grc' dir='ltr'>κάλλος</span> <span class='ocrx_word' id='word_1_755' title='bbox 976 5166 992 5192; x_wconf 95' lang='grc'><strong>,</strong></span> <span class='ocrx_word' id='word_1_756' title='bbox 1030 5127 1292 5190; x_wconf 86' lang='grc' dir='ltr'>τοιούτοις</span> <span class='ocrx_word' id='word_1_757' title='bbox 1325 5121 1723 5187; x_wconf 74' lang='grc' dir='ltr'>ἐκαλλωπίζετο</span> <span class='ocrx_word' id='word_1_758' title='bbox 1744 5120 1840 5176; x_wconf 75' lang='grc' dir='ltr'>καὶ</span> 
     </span>
    </p>
   </div>
   <div class='ocr_carea' id='block_1_96' title="bbox 257 5214 1838 5289">
    <p class='ocr_par' dir='ltr' id='par_1_96' title="bbox 257 5214 1838 5289">
     <span class='ocr_line' id='line_1_96' title="bbox 257 5214 1838 5289; baseline -0.004 -18"><span class='ocrx_word' id='word_1_759' title='bbox 257 5219 286 5271; x_wconf 83' lang='grc' dir='ltr'><strong>ό</strong></span> <span class='ocrx_word' id='word_1_760' title='bbox 310 5216 614 5289; x_wconf 77' lang='grc' dir='ltr'>ἄνθρωπος,</span> <span class='ocrx_word' id='word_1_761' title='bbox 656 5219 724 5273; x_wconf 82' lang='grc' dir='ltr'><strong>δι’</strong></span> <span class='ocrx_word' id='word_1_762' title='bbox 771 5216 1037 5282; x_wconf 88' lang='grc' dir='ltr'>ἀπαθείας</span> <span class='ocrx_word' id='word_1_763' title='bbox 1062 5234 1123 5272; x_wconf 86' lang='grc' dir='ltr'><strong>τε</strong></span> <span class='ocrx_word' id='word_1_764' title='bbox 1174 5217 1269 5272; x_wconf 78' lang='grc' dir='ltr'><strong>καὶ</strong></span> <span class='ocrx_word' id='word_1_765' title='bbox 1310 5215 1706 5288; x_wconf 86' lang='grc' dir='ltr'>μακαριότητος</span> <span class='ocrx_word' id='word_1_766' title='bbox 1744 5214 1838 5267; x_wconf 76' lang='grc' dir='ltr'>καὶ</span> 
     </span>
    </p>
   </div>
   <div class='ocr_carea' id='block_1_97' title="bbox 256 5302 1833 5379">
    <p class='ocr_par' dir='ltr' id='par_1_97' title="bbox 256 5302 1833 5379">
     <span class='ocr_line' id='line_1_97' title="bbox 256 5302 1833 5379; baseline -0.014 -4"><span class='ocrx_word' id='word_1_767' title='bbox 256 5305 595 5375; x_wconf 77' lang='grc' dir='ltr'>ἀφθαρσίας.</span> <span class='ocrx_word' id='word_1_768' title='bbox 648 5306 746 5379; x_wconf 80' lang='grc' dir='ltr'>τὴν</span> <span class='ocrx_word' id='word_1_769' title='bbox 789 5308 1095 5379; x_wconf 83' lang='grc' dir='ltr'>ἀρχέτυπον</span> <span class='ocrx_word' id='word_1_770' title='bbox 1149 5306 1309 5378; x_wconf 84' lang='grc' dir='ltr'>χάριν</span> <span class='ocrx_word' id='word_1_771' title='bbox 1367 5302 1833 5375; x_wconf 87' lang='grc' dir='ltr'>ἀπομιμούμενος.</span> 
     </span>
    </p>
   </div>
   <div class='ocr_carea' id='block_1_98' title="bbox 267 5394 1836 5471">
    <p class='ocr_par' dir='ltr' id='par_1_98' title="bbox 267 5394 1836 5471">
     <span class='ocr_line' id='line_1_98' title="bbox 267 5394 1836 5471; baseline 0.003 -21"><span class='ocrx_word' id='word_1_772' title='bbox 267 5398 486 5470; x_wconf 81' lang='grc' dir='ltr'>Ἐπειδὴ</span> <span class='ocrx_word' id='word_1_773' title='bbox 523 5400 580 5452; x_wconf 86' lang='grc' dir='ltr'>δὲ</span> <span class='ocrx_word' id='word_1_774' title='bbox 628 5399 694 5453; x_wconf 86' lang='grc' dir='ltr'><strong>δι’</strong></span> <span class='ocrx_word' id='word_1_775' title='bbox 727 5400 941 5471; x_wconf 87' lang='grc' dir='ltr'>ἀπάτης</span> <span class='ocrx_word' id='word_1_776' title='bbox 970 5399 1065 5454; x_wconf 81' lang='grc' dir='ltr'>τοῦ</span> <span class='ocrx_word' id='word_1_777' title='bbox 1095 5399 1290 5471; x_wconf 81' lang='grc' dir='ltr'>ἐχθρσῦ</span> <span class='ocrx_word' id='word_1_778' title='bbox 1338 5398 1437 5468; x_wconf 74' lang='grc' dir='ltr'>τῆς</span> <span class='ocrx_word' id='word_1_779' title='bbox 1474 5396 1619 5464; x_wconf 75' lang='grc' dir='ltr'>ζωῆς</span> <span class='ocrx_word' id='word_1_780' title='bbox 1658 5394 1836 5465; x_wconf 76' lang='grc' dir='ltr'>ἡμῶν,</span> 
     </span>
    </p>
   </div>
   <div class='ocr_carea' id='block_1_99' title="bbox 256 5485 1838 5562">
    <p class='ocr_par' dir='ltr' id='par_1_99' title="bbox 256 5485 1838 5562">
     <span class='ocr_line' id='line_1_99' title="bbox 256 5485 1838 5562; baseline -0.004 -19"><span class='ocrx_word' id='word_1_781' title='bbox 256 5487 392 5562; x_wconf 80' lang='grc' dir='ltr'>πρὸς</span> <span class='ocrx_word' id='word_1_782' title='bbox 437 5488 496 5543; x_wconf 84' lang='grc' dir='ltr'>τὸ</span> <span class='ocrx_word' id='word_1_783' title='bbox 545 5490 818 5560; x_wconf 88' lang='grc' dir='ltr'>κτηνῶδες</span> <span class='ocrx_word' id='word_1_784' title='bbox 851 5492 943 5545; x_wconf 75' lang='grc' dir='ltr'>καὶ</span> <span class='ocrx_word' id='word_1_785' title='bbox 1001 5492 1194 5560; x_wconf 83' lang='grc' dir='ltr'>ἄλογον</span> <span class='ocrx_word' id='word_1_786' title='bbox 1227 5489 1489 5551; x_wconf 84' lang='grc' dir='ltr'>ἑκουσίως</span> <span class='ocrx_word' id='word_1_787' title='bbox 1530 5486 1629 5557; x_wconf 79' lang='grc' dir='ltr'>τὴν</span> <span class='ocrx_word' id='word_1_788' title='bbox 1666 5485 1838 5557; x_wconf 74' lang='grc' dir='ltr'>ῥοπὴν</span> 
     </span>
    </p>
   </div>
   <div class='ocr_carea' id='block_1_100' title="bbox 255 5575 1835 5653">
    <p class='ocr_par' dir='ltr' id='par_1_100' title="bbox 255 5575 1835 5653">
     <span class='ocr_line' id='line_1_100' title="bbox 255 5575 1835 5653; baseline -0.004 -17"><span class='ocrx_word' id='word_1_789' title='bbox 255 5583 410 5652; x_wconf 76' lang='grc' dir='ltr'>ἔσχεν</span> <span class='ocrx_word' id='word_1_790' title='bbox 460 5583 488 5635; x_wconf 90' lang='grc' dir='ltr'><strong>ό</strong></span> <span class='ocrx_word' id='word_1_791' title='bbox 518 5580 842 5653; x_wconf 75' lang='grc' dir='ltr'>ἄνθρωπος,</span> <span class='ocrx_word' id='word_1_792' title='bbox 892 5582 952 5636; x_wconf 84' lang='grc' dir='ltr'>τὸ</span> <span class='ocrx_word' id='word_1_793' title='bbox 989 5583 1085 5643; x_wconf 80' lang='grc' dir='ltr'>μὲν</span> <span class='ocrx_word' id='word_1_794' title='bbox 1132 5583 1362 5646; x_wconf 81' lang='grc' dir='ltr'>ἄκοντας</span> <span class='ocrx_word' id='word_1_795' title='bbox 1406 5582 1709 5653; x_wconf 85' lang='grc' dir='ltr'>ἀποστῆναι</span> <span class='ocrx_word' id='word_1_796' title='bbox 1743 5575 1835 5634; x_wconf 81' lang='grc' dir='ltr'>τοῦ</span> 
     </span>
    </p>
   </div>
   <div class='ocr_carea' id='block_1_101' title="bbox 329 5750 802 5818">
    <p class='ocr_par' dir='ltr' id='par_1_101' title="bbox 329 5750 802 5818">
     <span class='ocr_line' id='line_1_101' title="bbox 329 5750 802 5818; baseline -0.006 -7"><span class='ocrx_word' id='word_1_797' title='bbox 329 5750 391 5811; x_wconf 85' lang='grc'><strong>⁷1</strong></span> <span class='ocrx_word' id='word_1_798' title='bbox 428 5753 557 5813; x_wconf 83' lang='lat' dir='ltr'><strong>Cor.</strong></span> <span class='ocrx_word' id='word_1_799' title='bbox 589 5770 680 5818; x_wconf 84' lang='lat' dir='ltr'><strong>xv,</strong></span> <span class='ocrx_word' id='word_1_800' title='bbox 714 5754 802 5808; x_wconf 81' lang='lat'><strong>5|.</strong></span> 
     </span>
    </p>
   </div>
   <div class='ocr_carea' id='block_1_102' title="bbox 573 5841 1265 5905">
    <p class='ocr_par' dir='ltr' id='par_1_102' title="bbox 573 5841 1265 5905">
     <span class='ocr_line' id='line_1_102' title="bbox 573 5841 1265 5905; baseline 0.003 -2"><span class='ocrx_word' id='word_1_801' title='bbox 573 5844 850 5905; x_wconf 73' lang='grc' dir='ltr'>ΡΑτιιοι..</span> <span class='ocrx_word' id='word_1_802' title='bbox 880 5842 1001 5902; x_wconf 82' lang='lat' dir='ltr'><strong>Gn.</strong></span> <span class='ocrx_word' id='word_1_803' title='bbox 1044 5841 1265 5905; x_wconf 75' lang='lat' dir='ltr'><strong>XLVI.</strong></span> 
     </span>
    </p>
   </div>
   <div class='ocr_carea' id='block_1_103' title="bbox 1942 4481 3513 4556">
    <p class='ocr_par' dir='ltr' id='par_1_103' title="bbox 1942 4481 3513 4556">
     <span class='ocr_line' id='line_1_103' title="bbox 1942 4481 3513 4556; baseline 0.001 -17"><span class='ocrx_word' id='word_1_804' title='bbox 1942 4502 2048 4556; x_wconf 89' lang='lat' dir='ltr'><strong>que</strong></span> <span class='ocrx_word' id='word_1_805' title='bbox 2080 4500 2151 4539; x_wconf 88' lang='lat' dir='ltr'><strong>ne</strong></span> <span class='ocrx_word' id='word_1_806' title='bbox 2185 4483 2437 4554; x_wconf 87' lang='lat' dir='ltr'><strong>corporis</strong></span> <span class='ocrx_word' id='word_1_807' title='bbox 2466 4481 2689 4552; x_wconf 89' lang='lat' dir='ltr'><strong>quidem</strong></span> <span class='ocrx_word' id='word_1_808' title='bbox 2721 4489 2976 4537; x_wconf 88' lang='lat' dir='ltr'><strong>naturam</strong></span> <span class='ocrx_word' id='word_1_809' title='bbox 3014 4483 3263 4538; x_wconf 89' lang='lat' dir='ltr'><strong>inutilem</strong></span> <span class='ocrx_word' id='word_1_810' title='bbox 3295 4499 3418 4540; x_wconf 82' lang='lat' dir='ltr'><strong>esse</strong></span> <span class='ocrx_word' id='word_1_811' title='bbox 3445 4487 3513 4541; x_wconf 89' lang='lat' dir='ltr'><strong>ad</strong></span> 
     </span>
    </p>
   </div>
   <div class='ocr_carea' id='block_1_104' title="bbox 1941 4573 3514 4648">
    <p class='ocr_par' dir='ltr' id='par_1_104' title="bbox 1941 4573 3514 4648">
     <span class='ocr_line' id='line_1_104' title="bbox 1941 4573 3514 4648; baseline -0.001 -15"><span class='ocrx_word' id='word_1_812' title='bbox 1941 4593 2092 4648; x_wconf 86' lang='lat' dir='ltr'><strong>spem</strong></span> <span class='ocrx_word' id='word_1_813' title='bbox 2124 4575 2424 4637; x_wconf 88' lang='lat' dir='ltr'><strong>bonorum,</strong></span> <span class='ocrx_word' id='word_1_814' title='bbox 2458 4588 2578 4643; x_wconf 82' lang='lat' dir='ltr'><strong>quae</strong></span> <span class='ocrx_word' id='word_1_815' title='bbox 2604 4589 2635 4627; x_wconf 90' lang='lat' dir='ltr'><strong>a</strong></span> <span class='ocrx_word' id='word_1_816' title='bbox 2659 4573 2821 4629; x_wconf 82' lang='lat' dir='ltr'><strong>nobis</strong></span> <span class='ocrx_word' id='word_1_817' title='bbox 2850 4581 3264 4644; x_wconf 81' lang='lat' dir='ltr'><strong>exspectantur.</strong></span> <span class='ocrx_word' id='word_1_818' title='bbox 3301 4575 3514 4632; x_wconf 83' lang='lat' dir='ltr'><strong>Etenim</strong></span> 
     </span>
    </p>
   </div>
   <div class='ocr_carea' id='block_1_105' title="bbox 1941 4665 3512 4738">
    <p class='ocr_par' dir='ltr' id='par_1_105' title="bbox 1941 4665 3512 4738">
     <span class='ocr_line' id='line_1_105' title="bbox 1941 4665 3512 4738; baseline 0.001 -15"><span class='ocrx_word' id='word_1_819' title='bbox 1941 4670 1987 4724; x_wconf 92' lang='lat' dir='ltr'><strong>si</strong></span> <span class='ocrx_word' id='word_1_820' title='bbox 2018 4669 2156 4723; x_wconf 89' lang='lat' dir='ltr'><strong>tales</strong></span> <span class='ocrx_word' id='word_1_821' title='bbox 2186 4666 2606 4729; x_wconf 88' lang='lat' dir='ltr'><strong>mansissemus,</strong></span> <span class='ocrx_word' id='word_1_822' title='bbox 2645 4667 2836 4734; x_wconf 83' lang='lat' dir='ltr'><strong>quales</strong></span> <span class='ocrx_word' id='word_1_823' title='bbox 2860 4665 3016 4721; x_wconf 93' lang='lat' dir='ltr'><strong>initio</strong></span> <span class='ocrx_word' id='word_1_824' title='bbox 3048 4665 3251 4722; x_wconf 88' lang='lat' dir='ltr'><strong>fuimus</strong></span> <span class='ocrx_word' id='word_1_825' title='bbox 3283 4684 3512 4738; x_wconf 83' lang='lat' dir='ltr'><strong>procre-</strong></span> 
     </span>
    </p>
   </div>
   <div class='ocr_carea' id='block_1_106' title="bbox 1940 4761 3512 4833">
    <p class='ocr_par' dir='ltr' id='par_1_106' title="bbox 1940 4761 3512 4833">
     <span class='ocr_line' id='line_1_106' title="bbox 1940 4761 3512 4833; baseline 0.001 -14"><span class='ocrx_word' id='word_1_826' title='bbox 1940 4764 2052 4830; x_wconf 92' lang='lat' dir='ltr'><strong>ati,</strong></span> <span class='ocrx_word' id='word_1_827' title='bbox 2104 4762 2198 4819; x_wconf 89' lang='lat' dir='ltr'><strong>Dei</strong></span> <span class='ocrx_word' id='word_1_828' title='bbox 2247 4761 2609 4818; x_wconf 90' lang='lat' dir='ltr'><strong>similitudine</strong></span> <span class='ocrx_word' id='word_1_829' title='bbox 2648 4763 2706 4817; x_wconf 92' lang='lat' dir='ltr'><strong>in</strong></span> <span class='ocrx_word' id='word_1_830' title='bbox 2752 4762 2911 4818; x_wconf 86' lang='lat' dir='ltr'><strong>nobis</strong></span> <span class='ocrx_word' id='word_1_831' title='bbox 2952 4763 3237 4830; x_wconf 88' lang='lat' dir='ltr'><strong>elucente,</strong></span> <span class='ocrx_word' id='word_1_832' title='bbox 3284 4766 3512 4833; x_wconf 86' lang='lat' dir='ltr'><strong>pellicea</strong></span> 
     </span>
    </p>
   </div>
   <div class='ocr_carea' id='block_1_107' title="bbox 1940 4852 3513 4924">
    <p class='ocr_par' dir='ltr' id='par_1_107' title="bbox 1940 4852 3513 4924">
     <span class='ocr_line' id='line_1_107' title="bbox 1940 4852 3513 4924; baseline 0 -14"><span class='ocrx_word' id='word_1_833' title='bbox 1940 4854 2125 4910; x_wconf 90' lang='lat' dir='ltr'><strong>tunica</strong></span> <span class='ocrx_word' id='word_1_834' title='bbox 2160 4854 2477 4924; x_wconf 89' lang='lat' dir='ltr'><strong>neutiquam</strong></span> <span class='ocrx_word' id='word_1_835' title='bbox 2510 4852 2963 4923; x_wconf 81' lang='lat' dir='ltr'><strong>indiguissemus.</strong></span> <span class='ocrx_word' id='word_1_836' title='bbox 2997 4853 3187 4909; x_wconf 88' lang='lat' dir='ltr'><strong>Divina</strong></span> <span class='ocrx_word' id='word_1_837' title='bbox 3221 4856 3365 4909; x_wconf 92' lang='lat' dir='ltr'><strong>enim</strong></span> <span class='ocrx_word' id='word_1_838' title='bbox 3393 4870 3513 4924; x_wconf 67' lang='lat' dir='ltr'><strong>quae</strong></span> 
     </span>
    </p>
   </div>
   <div class='ocr_carea' id='block_1_108' title="bbox 1939 4944 3513 5018">
    <p class='ocr_par' dir='ltr' id='par_1_108' title="bbox 1939 4944 3513 5018">
     <span class='ocr_line' id='line_1_108' title="bbox 1939 4944 3513 5018; baseline -0.001 -18"><span class='ocrx_word' id='word_1_839' title='bbox 1939 4946 2211 5018; x_wconf 89' lang='lat' dir='ltr'><strong>principio</strong></span> <span class='ocrx_word' id='word_1_840' title='bbox 2255 4945 2311 5001; x_wconf 91' lang='lat' dir='ltr'><strong>in</strong></span> <span class='ocrx_word' id='word_1_841' title='bbox 2359 4944 2517 5001; x_wconf 91' lang='lat' dir='ltr'><strong>nobis</strong></span> <span class='ocrx_word' id='word_1_842' title='bbox 2556 4947 2885 5002; x_wconf 90' lang='lat' dir='ltr'><strong>cernebatur</strong></span> <span class='ocrx_word' id='word_1_843' title='bbox 2935 4952 3093 5010; x_wconf 89' lang='lat' dir='ltr'><strong>nota,</strong></span> <span class='ocrx_word' id='word_1_844' title='bbox 3136 4961 3243 4999; x_wconf 88' lang='lat' dir='ltr'><strong>non</strong></span> <span class='ocrx_word' id='word_1_845' title='bbox 3286 4945 3341 4999; x_wconf 94' lang='lat' dir='ltr'><strong>in</strong></span> <span class='ocrx_word' id='word_1_846' title='bbox 3373 4961 3513 5013; x_wconf 89' lang='lat' dir='ltr'><strong>qua-</strong></span> 
     </span>
    </p>
   </div>
   <div class='ocr_carea' id='block_1_109' title="bbox 1935 5037 3509 5109">
    <p class='ocr_par' dir='ltr' id='par_1_109' title="bbox 1935 5037 3509 5109">
     <span class='ocr_line' id='line_1_109' title="bbox 1935 5037 3509 5109; baseline -0.001 -16"><span class='ocrx_word' id='word_1_847' title='bbox 1935 5038 2198 5107; x_wconf 89' lang='lat' dir='ltr'><strong>licunque</strong></span> <span class='ocrx_word' id='word_1_848' title='bbox 2232 5038 2418 5107; x_wconf 62' lang='lat' dir='ltr'><strong>figura</strong></span> <span class='ocrx_word' id='word_1_849' title='bbox 2448 5037 2720 5094; x_wconf 87' lang='lat' dir='ltr'><strong>colorisve</strong></span> <span class='ocrx_word' id='word_1_850' title='bbox 2761 5039 3093 5109; x_wconf 88' lang='lat' dir='ltr'><strong>proprietate</strong></span> <span class='ocrx_word' id='word_1_851' title='bbox 3138 5037 3509 5102; x_wconf 89' lang='lat' dir='ltr'><strong>consistebat,</strong></span> 
     </span>
    </p>
   </div>
   <div class='ocr_carea' id='block_1_110' title="bbox 1936 5126 3509 5199">
    <p class='ocr_par' dir='ltr' id='par_1_110' title="bbox 1936 5126 3509 5199">
     <span class='ocr_line' id='line_1_110' title="bbox 1936 5126 3509 5199; baseline -0.003 -13"><span class='ocrx_word' id='word_1_852' title='bbox 1936 5130 2033 5186; x_wconf 88' lang='lat' dir='ltr'><strong>sed</strong></span> <span class='ocrx_word' id='word_1_853' title='bbox 2061 5129 2261 5198; x_wconf 88' lang='lat' dir='ltr'><strong>quibus</strong></span> <span class='ocrx_word' id='word_1_854' title='bbox 2290 5127 2602 5199; x_wconf 88' lang='lat' dir='ltr'><strong>insignibus</strong></span> <span class='ocrx_word' id='word_1_855' title='bbox 2626 5126 2720 5182; x_wconf 90' lang='lat' dir='ltr'><strong>Dei</strong></span> <span class='ocrx_word' id='word_1_856' title='bbox 2751 5127 3103 5198; x_wconf 89' lang='lat' dir='ltr'><strong>pulchritudo</strong></span> <span class='ocrx_word' id='word_1_857' title='bbox 3148 5126 3509 5195; x_wconf 65' lang='lat' dir='ltr'><strong>conspiciccr,</strong></span> 
     </span>
    </p>
   </div>
   <div class='ocr_carea' id='block_1_111' title="bbox 1935 5217 3512 5289">
    <p class='ocr_par' dir='ltr' id='par_1_111' title="bbox 1935 5217 3512 5289">
     <span class='ocr_line' id='line_1_111' title="bbox 1935 5217 3512 5289; baseline -0.003 -13"><span class='ocrx_word' id='word_1_858' title='bbox 1935 5220 2132 5276; x_wconf 86' lang='lat' dir='ltr'><strong>iisdem</strong></span> <span class='ocrx_word' id='word_1_859' title='bbox 2192 5219 2352 5273; x_wconf 87' lang='lat' dir='ltr'><strong>homo</strong></span> <span class='ocrx_word' id='word_1_860' title='bbox 2415 5217 2713 5273; x_wconf 89' lang='lat' dir='ltr'><strong>decoratus</strong></span> <span class='ocrx_word' id='word_1_861' title='bbox 2762 5233 2859 5288; x_wconf 85' lang='lat' dir='ltr'><strong>per</strong></span> <span class='ocrx_word' id='word_1_862' title='bbox 2908 5218 3303 5273; x_wconf 89' lang='lat' dir='ltr'><strong>beatitudinem</strong></span> <span class='ocrx_word' id='word_1_863' title='bbox 3360 5219 3512 5289; x_wconf 41' lang='lat' dir='ltr'><strong>nigri.</strong></span> 
     </span>
    </p>
   </div>
   <div class='ocr_carea' id='block_1_112' title="bbox 1939 5309 3511 5380">
    <p class='ocr_par' dir='ltr' id='par_1_112' title="bbox 1939 5309 3511 5380">
     <span class='ocr_line' id='line_1_112' title="bbox 1939 5309 3511 5380; baseline -0.002 -16"><span class='ocrx_word' id='word_1_864' title='bbox 1939 5311 2146 5367; x_wconf 88' lang='lat' dir='ltr'><strong>tudinis</strong></span> <span class='ocrx_word' id='word_1_865' title='bbox 2193 5316 2248 5365; x_wconf 88' lang='lat' dir='ltr'><strong>et</strong></span> <span class='ocrx_word' id='word_1_866' title='bbox 2290 5309 2662 5380; x_wconf 89' lang='lat' dir='ltr'><strong>corruptionis</strong></span> <span class='ocrx_word' id='word_1_867' title='bbox 2692 5317 2969 5380; x_wconf 82' lang='lat' dir='ltr'><strong>expertem</strong></span> <span class='ocrx_word' id='word_1_868' title='bbox 3014 5310 3346 5378; x_wconf 81' lang='lat' dir='ltr'><strong>exemplaris</strong></span> <span class='ocrx_word' id='word_1_869' title='bbox 3381 5325 3511 5379; x_wconf 88' lang='lat' dir='ltr'><strong>gra-</strong></span> 
     </span>
    </p>
   </div>
   <div class='ocr_carea' id='block_1_113' title="bbox 1936 5398 3512 5471">
    <p class='ocr_par' dir='ltr' id='par_1_113' title="bbox 1936 5398 3512 5471">
     <span class='ocr_line' id='line_1_113' title="bbox 1936 5398 3512 5471; baseline -0.001 -15"><span class='ocrx_word' id='word_1_870' title='bbox 1936 5403 2068 5456; x_wconf 90' lang='lat' dir='ltr'><strong>tiam</strong></span> <span class='ocrx_word' id='word_1_871' title='bbox 2114 5400 2475 5471; x_wconf 81' lang='lat' dir='ltr'><strong>exprimebat.</strong></span> <span class='ocrx_word' id='word_1_872' title='bbox 2521 5398 2628 5454; x_wconf 87' lang='lat' dir='ltr'><strong>Sed</strong></span> <span class='ocrx_word' id='word_1_873' title='bbox 2669 5408 3027 5470; x_wconf 88' lang='lat' dir='ltr'><strong>postcaquam</strong></span> <span class='ocrx_word' id='word_1_874' title='bbox 3072 5413 3101 5453; x_wconf 90' lang='lat' dir='ltr'><strong>a</strong></span> <span class='ocrx_word' id='word_1_875' title='bbox 3144 5400 3269 5454; x_wconf 74' lang='lat' dir='ltr'><strong>vita:</strong></span> <span class='ocrx_word' id='word_1_876' title='bbox 3307 5408 3512 5455; x_wconf 65' lang='lat' dir='ltr'><strong>nostrae</strong></span> 
     </span>
    </p>
   </div>
   <div class='ocr_carea' id='block_1_114' title="bbox 1938 5491 3512 5563">
    <p class='ocr_par' dir='ltr' id='par_1_114' title="bbox 1938 5491 3512 5563">
     <span class='ocr_line' id='line_1_114' title="bbox 1938 5491 3512 5563; baseline 0 -16"><span class='ocrx_word' id='word_1_877' title='bbox 1938 5492 2167 5548; x_wconf 88' lang='lat' dir='ltr'><strong>inimico</strong></span> <span class='ocrx_word' id='word_1_878' title='bbox 2207 5491 2347 5547; x_wconf 91' lang='lat' dir='ltr'><strong>dolis</strong></span> <span class='ocrx_word' id='word_1_879' title='bbox 2390 5491 2654 5562; x_wconf 83' lang='lat' dir='ltr'><strong>deceptus</strong></span> <span class='ocrx_word' id='word_1_880' title='bbox 2715 5491 2781 5545; x_wconf 92' lang='lat' dir='ltr'><strong>ad</strong></span> <span class='ocrx_word' id='word_1_881' title='bbox 2846 5491 3148 5547; x_wconf 89' lang='lat' dir='ltr'><strong>bestiarum</strong></span> <span class='ocrx_word' id='word_1_882' title='bbox 3198 5494 3512 5563; x_wconf 81' lang='lat' dir='ltr'><strong>rationique</strong></span> 
     </span>
    </p>
   </div>
   <div class='ocr_carea' id='block_1_115' title="bbox 1937 5582 3512 5659">
    <p class='ocr_par' dir='ltr' id='par_1_115' title="bbox 1937 5582 3512 5659">
     <span class='ocr_line' id='line_1_115' title="bbox 1937 5582 3512 5659; baseline 0 -19"><span class='ocrx_word' id='word_1_883' title='bbox 1937 5583 2276 5642; x_wconf 86' lang='lat' dir='ltr'><strong>contrariam</strong></span> <span class='ocrx_word' id='word_1_884' title='bbox 2333 5582 2501 5637; x_wconf 87' lang='lat' dir='ltr'><strong>vitam</strong></span> <span class='ocrx_word' id='word_1_885' title='bbox 2574 5582 3009 5659; x_wconf 80' lang='lat' dir='ltr'><strong>amplectendam</strong></span> <span class='ocrx_word' id='word_1_886' title='bbox 3069 5584 3352 5641; x_wconf 88' lang='lat' dir='ltr'><strong>voluntate</strong></span> <span class='ocrx_word' id='word_1_887' title='bbox 3410 5596 3512 5640; x_wconf 80' lang='lat' dir='ltr'><strong>sua</strong></span> 
     </span>
    </p>
   </div>
   <div class='ocr_carea' id='block_1_116' title="bbox 3189 5848 3266 5912">
    <p class='ocr_par' dir='ltr' id='par_1_116' title="bbox 3189 5848 3266 5912">
     <span class='ocr_line' id='line_1_116' title="bbox 3189 5848 3266 5912; baseline 0.013 -1"><span class='ocrx_word' id='word_1_888' title='bbox 3189 5848 3266 5912; x_wconf 80' lang='lat'><strong>17</strong></span> 
     </span>
    </p>
   </div>
  </div>
