4026 6436
496 387 599 444 5’23

1731 381 1788 436 S.
1814 379 2142 436 GREGORII
2174 378 2469 436 NYSSENI

3653 381 3759 438 5‘24

500 497 822 569 propensior
880 491 1091 559 evasit,
1148 489 1615 546 inconsideratius
1663 488 1900 545 fortasse
1953 506 2066 544 rem

2171 491 2413 562 χείρονος
2433 529 2448 554 ,
2482 490 2574 542 καὶ
2613 488 2747 560 πρὸς
2774 489 2836 542 τὸ
2877 489 3120 560 κρεῖττον
3145 491 3560 562 ἀναγκαστικῶς
3594 513 3760 566 μετα-

496 584 1242 657 expendentibus-videretur
1277 583 1444 649 utile,
1477 591 1538 637 ut
1575 596 1606 636 a
1650 583 1795 637 malo
1828 581 2070 638 discede-

496 694 682 734 remus
718 677 910 741 inviti,
949 675 1238 746 coactique
1273 675 1340 729 ad
1379 676 1580 729 bonum
1615 681 1972 728 revertemur.
2001 671 2068 726 At

492 773 749 824 humanae
798 777 1007 822 natura:
1054 767 1296 822 effectori
1329 765 1521 820 inutile
1567 764 1743 819 visum
1783 770 1868 819 est
1908 770 2072 832 atque

493 865 743 933 iniquum
770 905 785 929 ,
819 871 879 915 ut
913 861 983 914 ob
1015 875 1136 915 eam
1169 859 1587 929 dispositionem
1616 865 1814 911 natura
1845 855 2071 908 maximi

457 995 459 998 -
494 955 622 1008 boni
654 954 932 1024 jacturam
971 953 1190 1004 faceret.
1227 948 1362 1002 Nam
1397 963 1520 1002 cum
1559 945 1666 1002 Deo
1697 947 1916 1010 similis,
1940 947 2071 999 bea-

495 1055 692 1114 tusque
739 1059 802 1098 ea
849 1058 908 1096 re
945 1050 1090 1096 esset
1141 1040 1338 1104 homo,
1389 1037 1533 1108 quod
1586 1038 1758 1093 libera
1809 1037 2072 1108 przeditus

492 1147 612 1190 erat
639 1137 917 1189 voluntate
945 1132 1124 1202 (juris
1152 1132 1296 1186 enim
1325 1146 1447 1186 esse
1478 1131 1594 1197 sui,
1620 1138 1674 1184 et
1700 1129 1906 1184 nullius
1943 1129 2072 1184 sub-

487 1230 691 1298 jectum
723 1225 975 1296 imperio,
1005 1224 1203 1278 divinae
1228 1232 1314 1279 est
1346 1221 1710 1277 beatitudinis
1737 1220 2068 1292 proprium),

492 1321 537 1374 si
576 1317 905 1373 necessitate
948 1317 1136 1378 illum,
1175 1323 1229 1370 et
1269 1316 1320 1367 vi
1362 1313 1429 1368 ad
1469 1313 1677 1382 aliquid
1727 1313 2070 1383 impulisset,

490 1428 553 1464 ea
605 1409 901 1479 spoliasset
953 1408 1132 1477 ipsum
1185 1406 1470 1476 dignitate.
1526 1404 1628 1469 Qui
1679 1404 1825 1458 enim
1879 1410 2074 1474 sponte

489 1513 752 1574 motuque
813 1501 1125 1557 voluntario
1181 1508 1436 1553 naturam
1510 1513 1667 1553 suam
1727 1497 1795 1551 ad
1865 1495 2073 1568 aliquid

489 1614 716 1660 eorum,
767 1611 890 1665 qua:
947 1609 1057 1648 non
1113 1591 1485 1656 conveniunt,
1539 1597 1972 1651 converterunt,
2025 1591 2071 1643 si

490 1703 588 1758 per
613 1687 722 1740 vim
751 1686 817 1739 ab
849 1684 915 1738 iis
938 1723 952 1746 ,
983 1697 1105 1752 quae.
1137 1682 1239 1735 sibi
1277 1680 1379 1750 ipsi
1417 1679 1775 1750 delegerunt,
1806 1679 2073 1734 desistere

489 1786 779 1848 cogantur,
830 1775 1036 1829 bonum
1088 1772 1198 1828 illis
1250 1771 1531 1834 adimitur,
1592 1770 1738 1840 quod
1788 1768 2068 1823 habebant

488 1875 684 1943 prius:
720 1884 893 1938 eaque
925 1883 1015 1922 res
1046 1878 1129 1921 est
1169 1865 1406 1936 privatio
1457 1863 1634 1918 divini
1679 1861 1926 1917 honoris.
1977 1859 2067 1914 Li-

491 1970 678 2021 berum
725 1965 868 2019 enim
912 1959 1213 2016 voluntatis
1255 1957 1547 2012 arbitrium
1608 1963 1692 2011 est
1749 1955 1928 2008 honor
1984 1953 2069 2007 di-

488 2059 616 2112 vino
659 2054 906 2125 zequalis.
953 2051 1326 2118 Quamobrem
1380 2057 1441 2102 ut
1489 2048 1654 2102 simul
1712 2055 1766 2101 et
1817 2047 2070 2100 humana:

488 2158 696 2202 naturae
744 2146 1155 2214 relinqueretur
1205 2140 1449 2211 dignitas
1495 2139 1682 2193 libera:
1733 2138 2066 2202 voluntatis,

487 2250 541 2294 et
580 2242 758 2308 ipsum
805 2235 1118 2290 auferretur
1160 2232 1396 2292 malum,
1444 2232 1585 2284 hanc
1625 2229 1811 2282 divina
1851 2230 2070 2297 sapien-

493 2334 566 2384 tia
612 2331 879 2384 rationem
914 2316 1277 2394 excogitavit,
1310 2332 1371 2376 ut
1409 2323 1464 2376 in
1510 2322 1578 2375 iis
1626 2320 1900 2374 hominem
1949 2333 2072 2374 esse

491 2425 726 2485 sineret,
764 2433 884 2489 quae
918 2417 1021 2472 sibi
1056 2415 1174 2484 ipse
1217 2413 1506 2482 elegisset,
1541 2427 1651 2480 quo
1686 2409 1918 2480 gustatis
1955 2424 2071 2462 ma-

491 2519 594 2582 lis,
643 2530 764 2585 quaa
816 2511 1246 2580 concupiverat,
1303 2507 1748 2576 experiendoque
1800 2504 2068 2565 discens,

491 2622 612 2677 quae
654 2604 854 2683 quibus
894 2605 1330 2663 commutasset,
1378 2612 1442 2650 ea
1497 2595 1798 2665 cupiditate
1848 2607 2071 2648 rursum

490 2699 896 2760 incenderetur,
925 2701 983 2746 ut
1009 2692 1264 2746 vitiorum
1299 2687 1885 2759 perturbationumque
1905 2727 1919 2752 ,
1951 2701 2074 2756 qum

491 2786 687 2841 rationi
746 2784 983 2838 inimicae
1035 2788 1200 2845 sunt,
1257 2793 1424 2832 onere
1456 2777 1743 2846 deposito,
1803 2784 1858 2830 et
1888 2777 1972 2830 vel
2013 2777 2072 2831 in

490 2876 748 2948 praesenti
777 2875 890 2930 vita
917 2873 1176 2944 precibus
1211 2871 1608 2939 sapientiaeque
1655 2869 1839 2924 studio
1871 2884 2074 2939 purga-

488 2980 614 3036 tus,
643 2968 724 3022 vel
757 2976 879 3036 post
908 2965 1121 3019 obitum
1161 2978 1256 3032 per
1290 2961 1652 3031 expurgantis
1698 2960 1840 3030 ignis
1884 2957 2074 3012 forna-

486 3076 604 3114 cem
636 3058 922 3127 expiatus,
971 3055 1038 3109 ad
1086 3053 1380 3124 pristinam
1413 3054 1574 3107 vellet
1619 3051 1801 3106 redire
1850 3051 2076 3106 felicita-

2172 581 2380 645 θεῖναι,
2414 584 2526 645 τοῖς
2567 583 2663 652 μὲν
2706 581 3081 648 ἀνεξετάστως
3117 585 3385 655 χρήσιμον
3417 580 3559 638 εἶναι
3587 585 3756 640 δοκεῖ·
3784 593 3798 646 ί

2170 673 2247 744 τῷ
2302 674 2357 727 δέ
2406 673 2618 746 πλάστῃ
2672 675 2771 744 τῆς
2820 674 3036 744 φύσεως
3084 673 3394 738 ἀλυσιτελὲς
3421 677 3611 747 ,ἐφάνη
3664 678 3761 729 καὶ

2171 766 2391 831 ἄδικον,
2427 765 2526 837 τὴν
2573 765 2667 818 τοῦ
2719 765 2976 836 μεγίστου
3024 765 3132 820 τῶν
3180 766 3400 835 ἀγαθῶν
3433 767 3638 838 ζημίαν
3669 769 3758 821 διά

2172 857 2270 928 τῆς
2301 855 2556 927 τοιαύτης
2583 856 2894 927 οἰκονομίας
2921 857 3216 927 ἐμποιῆσαι
3238 859 3303 928 τῇ
3341 857 3517 926 φύσει.
3537 855 3760 928 Ἐπειδή

2171 949 2280 1019 γὰρ
2309 948 2549 1020 θεοειδὴς
2580 949 2609 1001 6
2645 949 2932 1018 ἄνθρωπος
2959 949 3174 1018 ἐγένετο
3199 990 3213 1013 ,
3245 951 3338 1002 καὶ
3385 949 3654 1021 μακάριος
3677 949 3759 1020 τῷ

2172 1041 2506 1112 αύτεξουσίῳ
2525 1041 2885 1112 τετιμημένος
2917 1041 3014 1102 (τὸ
3056 1042 3165 1112 γὰρ
3201 1042 3535 1111 αὐτοκρατές
3573 1058 3631 1094 τε
3663 1043 3760 1096 καὶ

2171 1134 2464 1188 ἀδέσποτον
2499 1134 2629 1186 ίδιόν
2689 1135 2803 1186 ἐστι
2858 1134 2956 1204 τῆς
3005 1133 3154 1196 θείας
3186 1131 3666 1204 μακαριότητος),
3697 1132 3760 1185 τὺ

2172 1223 2238 1276 δι’
2272 1223 2516 1294 ἀνάγκης
2551 1223 2713 1276 αὐτὸν
2741 1225 2830 1276 ἐπί
2877 1241 2930 1276 τι
2973 1223 3303 1294 μεταχθῆναι
3333 1223 3554 1293 βιαίως.
3595 1223 3761 1292 ἀφαί-

2177 1332 2324 1386 ρεσις
2370 1314 2463 1368 τοῦ
2504 1315 2812 1387 ἀξιώματος
2850 1311 2937 1386 ἦν.
2977 1316 3039 1368 Εἰ
3086 1316 3194 1384 γὰρ
3233 1314 3491 1378 ἑκουσίως
3521 1314 3620 1386 τὴν
3663 1316 3758 1368 ἀν-

2175 1407 2453 1478 θρωπίνην
2507 1408 2666 1477 φύσιν
2701 1407 2840 1461 κατὰ
2871 1407 2969 1476 τὴν
3010 1406 3354 1472 αὐτεξούσιον
3397 1406 3612 1476 κίνησιν
3663 1406 3757 1459 ἐπί

2173 1514 2225 1550 τι
2259 1497 2366 1550 τῶν
2395 1499 2457 1550 ού
2507 1498 2734 1551 δεόντων
2776 1499 3132 1568 ὁρμήσασαν,
3178 1498 3363 1568 βιαίως
3399 1515 3458 1550 τε
3495 1499 3590 1551 καὶ
3620 1515 3756 1551 κατ-

2174 1591 2602 1662 ηναγκασμένως
2619 1591 2727 1645 τῶν
2760 1593 3092 1663 αἱρεσάντων
3119 1593 3445 1663 ἀπέστησεν,
3468 1592 3758 1663 ἀφαίρεσις

2174 1683 2240 1737 ἂν
2267 1680 2334 1755 ἦν
2369 1683 2462 1737 τοῦ
2515 1687 2836 1756 προέχοντος
2869 1685 3074 1754 ἀγαθοῦ
3104 1685 3164 1738 τὸ
3186 1685 3464 1755 γινόμενον
3485 1725 3499 1749 ,
3530 1686 3625 1737 καὶ
3657 1684 3762 1755 τῆς

2179 1776 2382 1830 ἰσοθέου
2405 1778 2570 1847 τιμῆς
2599 1777 2986 1848 ἀποστέρησις.
3027 1777 3254 1830 ’ἰσόθεον
3273 1777 3382 1847 γάρ
3410 1776 3604 1832 ὲστιτὺ
3633 1776 3765 1830 αὐτ·
3835 1825 3840 1829 .

2103 1848 2141 1900 Β
2170 1865 2428 1929 εξούσιον.
2473 1867 2558 1930 Ὠς
2596 1867 2660 1919 ἂν
2697 1862 2788 1920 οὖν
2826 1868 2976 1938 καὶὴ
3008 1867 3226 1934 ἐξουσία
3268 1869 3418 1938 μένοι
3446 1871 3513 1939 τῇ
3568 1868 3756 1936 φύσει,

2173 1959 2266 2012 καὶ⁵
2299 1959 2359 2012 τὸ
2385 1959 2551 2014 κακὸν
2580 1961 2900 2029 άπογένοιτο
2925 2000 2940 2023 ,
2978 1959 3180 2032 ταύτην
3208 1953 3365 2030 εὗρεν
3399 1963 3432 2031 ή
3475 1960 3638 2029 σοφία
3661 1958 3762 2013 τοῦ

2172 2051 2309 2104 Θεοῦ
2348 2051 2446 2122 τὴν
2473 2053 2716 2105 ἐπίνοιαν
2739 2092 2752 2116 ,
2785 2053 2846 2104 τὸ
2896 2053 3054 2106 ἐᾶσαι
3092 2053 3182 2105 τὸν
3236 2052 3519 2124 ἄνθρωπον
3569 2056 3628 2106 ἐν
3676 2049 3760 2116 οἷς

2174 2142 2437 2212 ἐϐουλήθη
2469 2143 2718 2210 γενέσθαι
2743 2184 2758 2209 ,
2790 2144 2878 2198 ἵνα
2905 2144 3242 2214 γευσάμενος
3281 2145 3388 2197 τῶν
3428 2145 3614 2198 κακῶν
3639 2186 3653 2209 ,
3682 2139 3760 2199 ὧν

2174 2232 2540 2302 ἐπεθύμησεν,
2570 2234 2662 2287 καὶ
2683 2238 2748 2304 τῇ
2783 2235 2948 2305 πείρα
2987 2234 3174 2304 μαθὼν
3195 2275 3209 2299 ,
3243 2229 3330 2286 οἷα
3357 2235 3474 2289 ἀνθ’
3502 2236 3630 2289 οἴων
3664 2236 3760 2306 ήλ-

2172 2323 2368 2389 λάξατο
2394 2362 2409 2387 ,
2457 2323 2867 2395 παλινδρομήσῃ
2903 2324 2994 2377 διὰ
3037 2324 3137 2394 τῆς
3176 2324 3468 2395 ἐπιθυμίας
3494 2325 3758 2388 ἑκουσίως

2174 2417 2311 2486 πρὸς
2333 2415 2432 2486 τὴν
2461 2416 2684 2488 πρώτην
2711 2417 3089 2488 μακαριότητα
3108 2457 3123 2481 ,
3159 2417 3302 2470 ἆπαν
3327 2419 3388 2471 τὸ
3416 2416 3662 2486 ἐμπαθές
3695 2434 3758 2469 τε

2174 2506 2268 2560 καὶ
2297 2506 2490 2575 ἄλογον
2513 2547 2526 2570 ,
2575 2505 2764 2576 ὥσπερ
2795 2525 2846 2559 τι
2889 2507 3051 2575 ἄχθος
3096 2506 3476 2570 ἀποσκευάσας
3517 2507 3615 2575 τῆς
3654 2504 3758 2573 φύ-

2175 2613 2311 2660 σεως
2335 2639 2348 2661 ,
2383 2597 2502 2665 ῆτοι
2535 2596 2674 2650 κατά
2704 2597 2800 2667 τὴν
2829 2595 3110 2666 παροῦσαν
3135 2595 3296 2666 ζωὴν,
3329 2595 3417 2647 διὰ
3446 2595 3761 2665 προσευχῆς

2173 2705 2231 2741 τε
2261 2688 2354 2740 καὶ
2387 2685 2703 2755 φιλοσοφίας
2733 2686 3097 2755 ἐκκαθαρθεὶς
3117 2726 3132 2750 ,
3167 2684 3199 2754 ἥ
3233 2685 3370 2755 μετὰ
3403 2683 3500 2754 τὴν
3546 2683 3759 2737 ἐνθένδε

2177 2778 2592 2848 μετανάστασιν,
2619 2777 2707 2830 διὰ
2732 2777 2836 2845 τῆς
2859 2776 2951 2829 τοῦ
2980 2776 3277 2847 καθαρσίου
3315 2776 3481 2847 πυρὸς
3506 2775 3756 2845 χωνείας.

2177 2870 2388 2940 ’Ὠσπερ
2417 2869 2526 2939 γὰρ
2557 2869 2708 2930 εἴτις
2747 2867 2985 2938 ἰατρικὸς
3017 2867 3093 2921 ὢν
3117 2909 3131 2930 ,
3172 2870 3269 2922 καὶ
3319 2869 3498 2922 πᾶσαν
3532 2868 3762 2938 ἐπιστή-

2179 2975 2286 3030 μην
2309 2959 2417 3012 τῶν
2446 2976 2506 3010 τε
2538 2959 2840 3027 σωτηρίων,
2868 2959 2962 3011 καὶ
2983 2959 3090 3014 τῶν
3113 2959 3452 3031 δηλητηρίων
3475 2961 3541 3012 ἐκ
3562 2961 3761 3031 τέχνης

2176 3053 2314 3124 ἔχων
2334 3094 2350 3119 ,
2390 3053 2771 3124 συμϐουλεύων
2798 3053 2878 3124 τῷ
2916 3052 3184 3123 μειρακίῳ
3211 3052 3276 3105 τά
3307 3051 3492 3105 δέοντα
3512 3093 3526 3116 ,
3558 3050 3634 3121 μὴ
3671 3050 3763 3103 δυ-

487 3163 619 3205 tem.
655 3148 722 3202 Ut
759 3148 904 3202 enim
948 3147 994 3202 si
1027 3147 1153 3216 quis
1185 3145 1412 3198 medica:
1445 3143 1726 3198 facultatis
1749 3185 1763 3209 ,
1797 3151 1851 3197 et
1879 3157 2067 3196 eorum

2177 3145 2364 3215 νηθείη
2399 3145 2488 3197 διὰ
2537 3145 2846 3215 συμϐουλῆς
2878 3144 3118 3202 κωλῦσαι
3157 3145 3249 3197 τὸν
3279 3143 3444 3214 ἀτελῆ
3489 3143 3629 3197 κατά
3661 3142 3762 3214 τὴν

488 3260 608 3314 quae
635 3240 932 3297 valetudini
959 3239 1040 3293 vel
1075 3239 1288 3308 prosint
1315 3237 1398 3290 vel
1430 3236 1646 3297 obsint,
1679 3235 2068 3306 peritissimus,

498 3334 912 3389 adolescentulo
941 3328 1161 3400 quidem
1209 3327 1527 3381 consuleret
1566 3326 1850 3390 salutaria,
1896 3326 1991 3381 sed
2021 3327 2071 3380 ei

489 3437 670 3479 tamen
704 3429 927 3493 propter
963 3419 1143 3473 aetatis
1181 3416 1594 3488 prudentiaeque
1637 3417 2069 3473 imbecillitatem

486 3516 722 3571 consilio
766 3529 868 3570 suo
915 3511 1250 3583 persuadere
1296 3525 1405 3564 non
1448 3517 1665 3577 posset,
1707 3509 2006 3578 quominus
2040 3523 2069 3560 a

487 3607 667 3661 fructu
688 3646 702 3669 ,
739 3613 833 3658 aut
865 3604 1033 3659 herba
1061 3603 1245 3672 aliqua
1269 3601 1581 3671 perniciosa
1621 3608 1952 3671 temperaret
1974 3639 1988 3664 ,
2022 3600 2069 3654 is

487 3715 610 3754 cum
644 3713 806 3752 omne
835 3696 1202 3750 remediorum
1234 3709 1406 3762 genus
1439 3695 1492 3747 in
1527 3701 1781 3763 promptu
1814 3693 2066 3756 haberet,

490 3789 830 3859 permitteret
863 3786 995 3850 ﬁlio,
1019 3794 1076 3839 ut
1106 3801 1164 3840 re
1190 3785 1352 3840 noxia
1382 3793 1723 3850 vesceretur,
1748 3800 1860 3854 quo
1890 3784 2068 3838 morbi

489 3879 742 3934 molestia
794 3886 888 3931 aut
937 3877 1126 3931 dolore
1161 3876 1344 3945 aliquo
1393 3875 1682 3939 affectum,
1734 3891 1902 3945 reque
1948 3875 2069 3944 ipsa

488 3969 700 4041 paterni
740 3969 955 4024 consilii
1003 3969 1292 4022 utilitatem
1342 3975 1765 4037 agnoscentem,
1802 3966 2069 4022 valetudi-

488 4065 683 4132 nisque
713 4061 1054 4133 cupidiorem
1088 4060 1509 4114 medicamentis
1537 4059 1653 4114 suis
1684 4060 1736 4113 in
1770 4060 2066 4129 pristinum

485 4155 772 4209 reduceret
815 4159 1048 4216 statum,
1080 4149 1224 4204 unde
1254 4156 1476 4219 propter
1503 4149 1726 4204 stultam
1757 4149 1866 4204 cibi
1908 4147 2071 4219 pesti-

485 4248 584 4303 feri
633 4247 987 4317 cupiditatem
1025 4244 1376 4299 excidisset:
1427 4242 1507 4298 sic
1555 4242 1808 4296 humanae
1857 4249 2067 4297 natura

483 4339 837 4396 dulcissimus
881 4346 1044 4408 atque
1084 4337 1328 4408 optimus
1371 4343 1546 4405 pater,
1589 4349 1711 4404 qua:
1759 4334 2061 4398 salutaria,

482 4444 670 4500 quaeve
705 4430 1012 4499 perniciosa
1061 4437 1247 4484 essent
1297 4427 1542 4491 homini,
1580 4428 1742 4496 plane
1791 4433 2060 4480 noverat:

483 4521 669 4588 itaque
702 4519 852 4572 illum
889 4519 1207 4583 admonuit,
1239 4533 1306 4572 ne
1343 4519 1660 4587 perniciosa
1694 4519 2059 4589 contingeret.

483 4609 686 4664 Verum
729 4623 852 4662 cum
892 4611 966 4662 rei
999 4607 1290 4662 deterioris
1320 4609 1622 4677 cupiditate
1663 4608 1846 4664 victus
1875 4616 2025 4662 esset
2046 4649 2061 4675 ,

483 4697 899 4755 medicamentis
931 4714 1039 4751 non
1073 4697 1309 4768 indiguit
1331 4738 1344 4762 ,
1381 4697 1589 4767 quibus
1617 4712 1742 4752 eum
1776 4698 1844 4752 ad
1874 4697 2066 4768 pristi-

483 4808 608 4847 nam
645 4791 933 4846 sanitatem
977 4798 1286 4843 revocaret.
1337 4788 1548 4842 Etenim
1586 4804 1711 4842 cum
1739 4803 2063 4858 corpoream

484 4888 642 4940 istam
674 4883 1012 4952 voluptatem
1065 4881 1233 4934 animi
1272 4881 1472 4934 laetitia:
1504 4881 1868 4951 praatulisset,
1914 4882 2064 4936 visus

479 4987 560 5029 cst
587 4971 994 5043 quodammodo
1022 4971 1166 5025 Deus
1190 4971 1527 5041 permittere,
1567 4971 1840 5025 hominem
1871 4986 1937 5025 eo
1964 4972 2065 5024 im-

480 5075 608 5134 petu
642 5064 802 5129 ferri,
838 5071 1060 5134 propter
1086 5062 1326 5118 tunicam
1360 5063 1506 5116 illam
1544 5064 1826 5134 pelliceam
1851 5103 1866 5127 ,
1895 5079 2060 5133 quam

480 5159 550 5210 ob
581 5157 702 5224 ejus
731 5156 1159 5225 propensionem
1191 5155 1255 5207 ad
1293 5155 1492 5209 malum
1527 5155 1702 5208 induit
1734 5157 1886 5210 illum
1907 5198 1920 5221 ,
1954 5171 2063 5226 qua

481 5247 704 5318 quidem
735 5247 923 5302 tunica
953 5256 1164 5302 natura:
1188 5248 1402 5300 ratione
1423 5249 1669 5302 vacantis
1698 5249 2064 5318 proprietates

483 5339 691 5391 homini
728 5337 976 5393 admistae
1011 5346 1161 5392 sunt.
1201 5337 1479 5407 Sapientia
1511 5339 1658 5392 enim
1688 5338 1779 5391 illa
1811 5352 1934 5406 quae
1968 5353 2063 5406 per

482 5428 762 5481 contraria
789 5469 801 5490 ,
830 5429 974 5498 quod
1009 5429 1206 5482 melius
1234 5437 1318 5482 est
1339 5467 1352 5488 ,
1389 5427 1634 5496 disponit
1662 5469 1676 5492 ,
1720 5436 1931 5481 natura:
1976 5441 2060 5480 ra-

484 5519 632 5572 tione
687 5521 928 5588 praeditaz
983 5522 1285 5575 bestiarum
1349 5519 1734 5572 indumentum
1794 5518 2058 5574 confecit.

483 5605 618 5660 Nam
650 5608 831 5660 tunica
867 5609 953 5661 illa
988 5610 1211 5677 pellicea
1249 5623 1435 5660 secum
1471 5605 1652 5661 ferens
1694 5622 1886 5662 omnes
1936 5623 2064 5677 pro-

485 5699 781 5763 prietates,
847 5713 987 5766 quas
1047 5715 1111 5752 ex
1167 5699 1468 5753 bestiarum
1525 5708 1722 5751 natura
1780 5701 2060 5766 continet,

483 5800 682 5859 nempe
743 5787 1109 5856 voluptatem,
1174 5788 1549 5856 iracundiam,
1617 5791 1860 5860 gutturis
1925 5808 2058 5848 ven-

2175 3237 2390 3308 ἡλικίαν
2440 3253 2500 3288 τε
2547 3237 2642 3289 καὶ
2695 3235 2794 3307 τὴν
2831 3236 3113 3306 φρόνησιν,
3169 3234 3579 3304 ἐπιθυμητικῶς
3622 3235 3763 3304 πρός

2172 3345 2292 3381 τινα
2326 3327 2646 3400 φθοροποιὸν
2683 3327 2950 3399 καρπὸνῆ
2993 3326 3128 3380 πόαν
3167 3326 3498 3389 διατεθέντα,
3532 3326 3674 3396 ἔχων
3704 3325 3763 3379 δὲ

2172 3421 2433 3474 παντοίαν
2460 3420 2570 3474 τῶν
2612 3420 3073 3491 ἀλεξιφαρμάκων
3119 3419 3469 3491 παρασκευὴν
3495 3459 3510 3482 ,
3542 3417 3764 3488 ἐπιτρέ-

2169 3510 2290 3578 ψειε
2329 3509 2406 3581 τῷ
2436 3509 2587 3562 παιδὶ
2623 3513 2916 3580 μετασχεῖν
2957 3510 3063 3564 τῶν
3096 3510 3475 3580 βλαπτόντων,
3506 3509 3590 3580 ἐφ’
3626 3502 3674 3578 ᾧ
3701 3526 3762 3563 τε

2169 3599 2258 3653 διὰ
2300 3601 2398 3670 τῆς
2431 3599 2538 3652 τῶν
2577 3599 2840 3669 ἀλγεινῶν
2886 3602 3083 3672 πείρας
3122 3603 3184 3656 τὸ
3207 3604 3476 3674 χρήσιμον
3510 3603 3610 3672 τῆς
3653 3620 3762 3656 πα-

2169 3691 2352 3762 τρῴας
2387 3691 2698 3762 συμϐουλῆς
2749 3691 2985 3761 μαθόντα
3015 3734 3030 3757 ,
3086 3695 3180 3748 καὶ
3231 3697 3288 3749 ἐν
3340 3694 3607 3764 ἐπιθυμίᾳ
3660 3694 3763 3766 τῆς

2173 3782 2384 3850 ὑγιείας
2417 3783 2729 3853 γενόμενον,
2769 3785 2930 3838 πάλιν
2981 3786 3071 3840 διὰ
3096 3786 3204 3840 τῶν
3235 3787 3607 3859 ἁλεξητηρίων
3661 3788 3761 3841 ἐπ-

2170 3873 2420 3942 αναγάγῃ
2451 3873 2588 3942 πρὸς
2618 3873 2830 3939 εὐεξίαν
2861 3876 2951 3929 τὸν
2993 3878 3177 3942 παῖδα,
3204 3873 3272 3949 ἧς
3303 3878 3389 3932 διὰ
3415 3877 3515 3948 τῆς
3549 3877 3758 3932 ἀτόπου

2169 3964 2277 4017 τῶν
2299 3964 2637 4034 δηλητηρίων
2665 3967 2960 4038 ἐπιθυμίας
2982 3968 3238 4034 ἐξέπεσεν
3256 3989 3268 4002 ·
3293 3970 3463 4034 οὕτως
3495 3972 3523 4023 6
3552 3969 3762 4039 γλυκύς

2169 4075 2228 4112 τε
2258 4058 2351 4112 καὶ
2379 4057 2582 4126 ἀγαθὸς
2607 4060 2706 4130 τῆς
2735 4060 2950 4129 φύσεως
2979 4062 3135 4133 ἡμῶν
3167 4063 3380 4135 πατὴρ,
3414 4066 3442 4117 6
3471 4063 3628 4126 εἰδὼς
3663 4062 3760 4119 καὶ

2168 4153 2238 4205 δι’
2269 4145 2343 4205 ῶν
2371 4150 2676 4220 σωζόμεθα,
2709 4153 2971 4225 ἐγνώρισε
3027 4154 3125 4224 μὲν
3164 4155 3240 4226 τῷ
3272 4154 3543 4225 ἀνθρώπῳ
3567 4156 3629 4209 τὸ
3660 4157 3757 4228 δη-

2168 4241 2446 4314 λητήριον,
2478 4242 2573 4294 καὶ
2604 4245 2666 4296 τὸ
2701 4243 2776 4314 μὴ
2811 4249 3099 4315 μετασχεῖν
3134 4245 3548 4300 συνεϐούλευσεν
3570 4265 3584 4278 ·
3616 4265 3756 4318 κρα-

2168 4337 2413 4406 τησάσης
2433 4333 2490 4386 δὲ
2518 4334 2619 4404 τῆς
2642 4335 2940 4407 ἐπιθυμίας
2964 4335 3056 4390 τοῦ
3081 4338 3351 4409 χείρονος,
3383 4338 3481 4391 οὐκ
3505 4339 3754 4410 ἠπόρησε

2170 4429 2277 4482 τῶν
2314 4430 2535 4498 ἀγαθῶν
2563 4429 3012 4504 άντιφαρμάκων,
3044 4429 3112 4482 δι’
3145 4424 3220 4483 ὧν
3247 4431 3572 4502 ἐπαναγάγῃ
3593 4431 3755 4484 πάλιν

2099 4554 2142 4609 D
2175 4520 2312 4590 πρὸς
2347 4521 2445 4592 τὴν
2485 4521 2586 4590 τῆς
2619 4520 2794 4590 ἀρχῆς
2819 4519 3032 4586 εὐεξίαν
3055 4520 3149 4572 τὸν
3176 4521 3478 4591 ἄνθρωπον.
3506 4521 3618 4592 Τὴν
3647 4520 3756 4593 γάρ

2172 4609 2363 4682 ὑλικην
2391 4610 2594 4682 ταύτην
2644 4609 2836 4682 ἡδονὴν
2883 4611 2988 4682 πρὸ
3029 4611 3128 4682 τῆς
3153 4611 3391 4683 ψυχικῆς
3415 4612 3756 4684 εὐφροσύνης

2166 4699 2261 4753 τοῦ
2292 4701 2582 4772 ἀνθρώπου
2609 4702 2998 4774 προελομένου,
3028 4704 3340 4774 συντρέχειν
3363 4705 3462 4776 μέν
3491 4722 3608 4768 πως
3638 4705 3753 4758 ἔδο-

2171 4789 2258 4854 ξεν
2308 4791 2457 4863 αὐτῷ
2496 4795 2560 4863 τῇ
2604 4794 2747 4863 ὁρμῇ
2795 4791 2884 4846 διὰ
2917 4793 3012 4846 τοῦ
3049 4793 3372 4865 δερματίνου
3406 4795 3666 4864 χιτῶνος,
3696 4797 3753 4849 ὃν

2166 4882 2254 4936 διὰ
2283 4883 2383 4953 τὴν
2409 4882 2546 4954 πρὸς
2584 4882 2646 4935 τὸ
2678 4885 2860 4952 χεῖρον
2888 4883 3037 4954 αύτῷ
3081 4884 3252 4955 ῥοπὴν
3301 4885 3624 4955 περιέθηκεν
3643 4925 3658 4949 ,
3687 4887 3752 4939 δι’

2166 4970 2227 5029 οὗ
2273 4977 2372 5045 τῆς
2407 4976 2602 5044 ἀλόγου
2660 4976 2875 5046 φύσεως
2925 4977 3192 5048 ἐπεμίχθη
3250 4977 3327 5048 τῷ
3378 4978 3651 5050 ἀνθρώπῳ
3688 4981 3753 5032 τά

2171 5067 2457 5137 ἰδιώματα,
2488 5061 2562 5121 ὧν
2587 5068 2695 5122 τῶν
2717 5070 2925 5138 ἀλόγων
2956 5069 3109 5134 ζώων
3152 5071 3250 5140 τῆς
3284 5071 3508 5142 λογικῆς
3541 5073 3753 5141 φύσεως

2169 5160 2373 5229 ἔνδυμα
2405 5162 2815 5232 κατεσκευάσθη
2842 5165 2906 5233 τῇ
2940 5164 3101 5234 σοφίᾳ
3130 5163 3223 5218 τοῦ
3257 5164 3344 5217 διὰ
3361 5164 3468 5216 τῶν
3496 5166 3750 5218 ἐναντίων

2167 5253 2577 5322 οἱκονομοῦντος
2620 5254 2688 5306 τὰ
2739 5256 3041 5324 κρείττονα.
3093 5256 3279 5308 Πάντα
3331 5256 3438 5328 γ’ἀρ
3482 5257 3665 5326 φέρων
3697 5259 3750 5308 ἐν

2166 5344 2343 5414 ἐαυτῷ
2389 5345 2454 5397 τά
2509 5345 2773 5414 ἰδιώματα
2823 5349 2851 5398 6
2882 5345 3204 5417 δερμάτινος
3246 5347 3410 5417 χιτὼν
3437 5388 3450 5410 ,
3488 5351 3588 5401 ὅσα
3643 5344 3749 5416 εἶχε

2167 5435 2436 5507 περιέχων
2469 5438 2568 5506 τὴν
2598 5437 2789 5506 ἄλογον
2819 5437 3000 5506 φύσιν,
3031 5439 3224 5510 ἡδονήν
3253 5458 3310 5493 τε
3344 5441 3438 5493 καὶ
3465 5441 3635 5511 θυμὸν
3663 5443 3750 5494 καὶ

2167 5528 2610 5599 γαστριμαργίαν
2629 5569 2644 5595 ,
2677 5529 2770 5580 καὶ
2811 5529 3118 5600 ἀπληστίαν
3138 5573 3152 5596 ,
3185 5534 3276 5585 καὶ
3306 5533 3376 5584 τὰ
3403 5533 3566 5603 ὅμοια
3588 5572 3603 5597 ,
3637 5534 3749 5587 ὀξὺν

2166 5614 2348 5670 δίδωσι
2380 5618 2445 5686 τῇ
2478 5615 2794 5687 ἀνθρωπίνῃ
2832 5620 3148 5689 προαιρέσει
3195 5622 3295 5691 τῆς
3336 5623 3458 5675 καθ’
3495 5625 3748 5694 ἑκάτερον

2171 5707 2341 5776 ῥοπῆς
2366 5750 2378 5771 ,
2409 5709 2487 5770 εἰς
2513 5708 2714 5776 ἀρετήν
2740 5725 2798 5759 τε
2822 5711 2915 5761 καὶ
2944 5711 3140 5764 κακίαν
3165 5711 3264 5783 ὕλη
3293 5714 3600 5785 γινόμενος.
3621 5714 3749 5768 Τού-

2167 5812 2280 5858 τοις
2314 5796 2421 5867 γάρ
2451 5796 2782 5867 ἐμϐιοτεύων
2815 5799 2956 5852 κατά
2995 5800 3087 5855 τὸν
3117 5803 3240 5873 τῇδε
3275 5802 3387 5874 βίον
3415 5807 3443 5859 6
3469 5805 3746 5877 ἄνθρωπος
