4026 6446
325 379 417 435 5‘25
1688 374 1778 433 DE
1846 378 2085 441 MORTU
2097 384 2177 449 ΞΒ,
3452 391 3555 449 ΞΞΒ

319 500 378 569 τῇ
408 493 725 564 αὐτεξουσίῳ
763 494 992 566 κινήσει,
1026 495 1073 548 εί
1112 492 1210 566 μὲν
1257 494 1585 565 διακρίνοιτο
1623 494 1715 548 τοῦ
1755 494 1877 548 ἀλό-

2009 499 2192 568 risque
2241 500 2413 565 vitia,
2463 507 2519 557 et
2566 502 2673 557 alia
2716 502 2962 571 ejusdem
3015 504 3268 574 generis,
3318 505 3559 565 hominis

321 606 411 657 γου
433 586 489 640 τὸ
512 586 660 649 ίδιον,
694 585 788 638 καὶ
814 585 950 656 πρὸς
982 585 1174 638 ἑαυτὸν
1208 584 1395 655 βλέποι
1427 585 1514 640 διὰ
1537 585 1636 655 τῆς
1656 644 1657 647 η
1674 586 1884 638 ἀστειο-

2009 591 2267 659 proposito
2293 592 2503 661 praebet
2531 592 2879 649 occasionem
2903 634 2918 659 ,
2944 603 3002 649 ut
3028 636 3043 662 ,
3074 597 3144 650 ad
3174 604 3359 652 utrum
3387 601 3558 668 velit,

317 680 470 750 τέρας
499 676 642 747 ζωῆς
661 717 676 742 ,
707 676 1001 749 καθάρσιον
1033 677 1132 747 τῆς
1167 677 1533 749 ὲμμιχθείσης
1561 677 1755 741 κακίας
1792 677 1884 730 τὸν

2009 695 2105 736 ese
2131 690 2448 749 convertat,
2492 699 2619 740 cum
2667 684 2891 741 virtutis
2935 693 2990 739 et
3030 687 3151 741 vitii
3193 690 3419 744 materia
3450 692 3559 754 sit,

319 771 545 842 παρόντα
574 768 686 839 βίον
732 770 1053 840 ποιήσεται,
1096 768 1314 839 κρατῶν
1342 769 1431 823 διὰ
1462 767 1557 822 τοῦ
1599 769 1758 837 λόγου
1782 769 1885 839 τῆς

2009 786 2038 824 n
2064 771 2268 841 quibus
2289 814 2303 836 ,
2335 773 2466 829 dum
2497 775 2588 829 hic
2613 775 2782 839 vivit,
2828 790 2929 845 pro
2976 777 3245 833 arbitratu
3293 795 3395 835 suo
3437 796 3564 835 ver-

317 861 540 930 ἀλογίας·
577 861 626 912 εί
658 859 716 914 δὲ
750 860 885 930 πρὸς
914 859 1010 931 τὴν
1032 860 1225 928 ἄλογον
1260 859 1369 914 τῶν
1396 848 1754 932 ’παθημάτων
1791 861 1882 930 ρο-

2015 871 2157 917 atur.
2192 862 2252 918 Si
2283 866 2564 936 neglecto,
2592 866 2741 936 quod
2785 867 3090 922 bestiarum
3133 876 3251 933 est,
3293 870 3564 925 urbanius

316 952 413 1023 πὴν
457 950 756 1023 ὲπικλιθείη
787 991 801 1011 ,
835 950 911 1022 τῷ
963 951 1070 1005 τῶν
1117 951 1329 1019 ἀλόγων
1361 950 1591 1023 δέρματι
1637 948 1883 1020 συνεργῷ

2009 954 2199 1013 'ivendi
2231 971 2405 1024 genus
2438 959 2859 1029 complectetur,
2887 960 3101 1016 ratione
3123 962 3381 1027 vincens,
3414 963 3562 1032 quod

315 1043 640 1114 χρησάμενος
683 1042 821 1112 πρὸς
850 1042 918 1096 τὰ
951 1044 1116 1114 πάθη,
1154 1042 1330 1106 ἄλλως
1380 1043 1519 1113 μετά
1562 1041 1738 1094 ταῦτα
1763 1041 1883 1112 βου-

2012 1047 2185 1101 ationi
2215 1050 2557 1104 contrarium
2605 1059 2725 1115 est,
2766 1054 3026 1122 praesenti
3067 1053 3172 1108 hac
3215 1054 3325 1108 vita
3370 1054 3567 1108 vitium

313 1134 545 1186 λεύσεται
589 1134 726 1203 πρὸς
752 1132 813 1185 τὸ
843 1135 1090 1204 κρεῖττον
1113 1172 1127 1196 ,
1167 1134 1306 1204 μετὰ
1337 1133 1435 1205 τὴν
1466 1134 1530 1187 ἐκ
1561 1131 1656 1187 τοῦ
1696 1132 1883 1204 σώμα-

2012 1136 2089 1191 ibi
2128 1137 2424 1193 admislum
2474 1140 2740 1210 expiabit.
2797 1142 2895 1197 Sin
2941 1158 3051 1213 quo
3087 1144 3567 1213 perturbationum

313 1242 393 1287 τος
421 1224 594 1291 ἔξοδον
616 1224 776 1293 γνοὺς
804 1225 905 1293 τῆς
936 1225 1137 1296 ἀρετῆς
1162 1226 1225 1279 τὸ
1253 1226 1388 1297 πρὸς
1422 1226 1520 1296 τὴν
1543 1225 1738 1280 κακίαν
1764 1225 1881 1280 διά-

2009 1237 2218 1297 mpetus
2249 1228 2441 1296 ducet,
2474 1230 2796 1297 inclinabit,
2827 1233 3242 1303 bestiarumque
3272 1234 3465 1302 pellem
3497 1231 3571 1287 ad

314 1332 463 1384 φορον
486 1357 500 1379 ,
540 1315 597 1368 ὲν
622 1314 700 1385 τῷ
731 1314 805 1385 μὴ
836 1313 1095 1369 δύνασθαι
1128 1317 1416 1386 μετασχεῖν
1442 1316 1542 1386 τῆς
1578 1315 1872 1387 θειότητος,

2009 1320 2115 1376 'itia
2151 1322 2466 1378 ministram
2497 1331 2552 1380 et
2601 1325 2930 1393 adiutricem
2958 1325 3279 1392 adhibebit,
3321 1326 3474 1381 aliud
3512 1327 3568 1381 ei

314 1406 379 1477 μὴ
404 1405 493 1459 τοῦ
542 1406 840 1476 καθαρσίου
889 1407 1059 1479 πυρὸς
1110 1407 1201 1461 τὸν
1257 1408 1592 1480 ἐμμιχθέντα
1638 1412 1699 1479 τῇ
1730 1408 1874 1480 ψυχῇ

2009 1411 2185 1467 leinde
2212 1413 2510 1468 ineundum
2539 1415 2647 1469 erit
2674 1416 2966 1470 consilium
2991 1456 3005 1481 ,
3038 1423 3099 1470 ut
3125 1416 3194 1470 ad
3224 1418 3429 1472 bonum
3453 1430 3571 1487 per-

313 1496 469 1567 ῥύπον
501 1498 968 1567 ἀποκαθήραντος.

2009 1502 2170 1556 'eniat
2214 1519 2339 1558 cum
2375 1519 2406 1558 e
2433 1519 2666 1575 corpore
2696 1522 2954 1577 egressus
2978 1548 2992 1571 ,
3038 1509 3259 1577 cognita
3279 1551 3294 1575 ,
3327 1523 3451 1579 qua?
3481 1509 3572 1563 in-

312 1598 385 1642 ter
412 1587 670 1643 virtutem
713 1597 766 1643 et
801 1588 996 1643 vitium
1037 1588 1349 1644 differentia
1393 1598 1500 1649 est.
1553 1605 1664 1645 non
1697 1593 1899 1660 poterit
1934 1590 2243 1650 divinitatis
2299 1596 2574 1666 particeps
2620 1596 2771 1660 fieri,
2804 1598 2911 1654 nisi
2940 1600 3188 1656 maculas
3250 1601 3435 1655 animo
3469 1600 3574 1655 im—

311 1684 490 1740 mistas
522 1686 877 1755 purgatorius
909 1685 1053 1755 ignis
1083 1685 1396 1743 abstulerit.

372 1774 550 1830 Ταῦτά
588 1778 737 1829 ἐστιν
774 1775 811 1830 ἀ
831 1777 930 1845 τὴν
953 1776 1046 1830 τοῦ
1078 1774 1333 1845 σώματος
1366 1776 1554 1848 χρείαν
1579 1777 1882 1845 ἀναγκαίαν

2057 1776 2156 1834 His
2206 1777 2275 1833 de
2329 1775 2517 1831 causis
2568 1777 2821 1845 corporis
2861 1794 2996 1835 usus
3050 1779 3210 1836 nobis
3251 1788 3337 1835 est
3382 1795 3575 1837 neces.

309 1866 428 1937 ἡμῖν
455 1866 732 1938 ἐποίησεν,
764 1868 829 1920 δι’
859 1859 919 1920 οὗ
958 1866 1019 1920 τό
1043 1884 1103 1920 τε
1130 1867 1474 1933 αὐτεξούσιον
1500 1867 1731 1932 σώζεται
1748 1910 1762 1934 ,
1790 1869 1885 1921 καὶ

310 1957 340 2028 ἡ
363 1957 491 2028 πρὸς
522 1958 588 2012 τὸ
613 1958 814 2026 ἀγαθὸν
843 1958 1004 2013 πάλιν
1040 1957 1297 2022 ἐπάνοδος
1323 1960 1385 2012 οὐ
1413 1959 1681 2013 κωλύεται
1705 1976 1719 1990 ·
1749 1958 1887 2014 ἀλλά

309 2051 367 2119 τῇ
404 2050 682 2121 περιοδικῇ
708 2049 879 2122 ταύτῃ
903 2050 1193 2122 ἀκολουθίᾳ
1215 2093 1228 2114 ,
1251 2050 1340 2104 διὰ
1381 2052 1474 2105 τοῦ
1514 2053 1763 2106 ἑκουσίου
1801 2054 1886 2120 γίο

309 2158 444 2195 νεται
464 2145 600 2214 ἡμῖν
637 2144 670 2214 ὴ
701 2142 836 2214 πρὸς
861 2142 921 2196 τὺ
949 2145 1194 2214 κρεῖττον
1225 2143 1366 2215 ῥοπὴ
1390 2183 1405 2208 ,
1436 2143 1544 2199 τῶν
1575 2145 1673 2216 μὲν
1706 2144 1888 2200 ἐντεῢι-

308 2232 391 2287 θεν
415 2235 508 2307 ἤδη
546 2234 640 2288 διὰ
686 2234 788 2304 τῆς
816 2237 875 2288 ὲν
910 2236 1075 2308 σαρκλ⁸
1117 2236 1262 2307 ζωῆς
1291 2240 1380 2290 τὸν
1430 2238 1799 2309 πνευματικὸν
1828 2239 1888 2292 ὲν

311 2325 532 2396 ἀπαθείᾳ
568 2325 982 2397 κατορθούντων
1018 2326 1131 2397 βίον
1159 2369 1175 2395 ,
1228 2328 1374 2392 οἴους
1405 2330 1732 2400 γεγενῆσθαι
1762 2331 1889 2392 τοὺς

310 2419 647 2489 πατριάρχας
695 2434 754 2469 τε
788 2406 883 2471 καὶ
933 2417 1061 2482 τοὺς
1108 2421 1393 2491 προφήτας
1442 2419 1716 2490 ἀκούομεν
1741 2459 1756 2484 ,
1795 2419 1890 2472 καὶ

312 2511 425 2573 τοὺς
464 2512 564 2564 σὺν
606 2510 788 2574 αὐτοῖς
829 2526 887 2563 τε
922 2511 1016 2565 καὶ
1059 2511 1176 2580 μετ’
1205 2511 1445 2575 ἐκείνους
1481 2512 1547 2565 δι’
1583 2511 1783 2583 ἀρετῆς
1828 2528 1889 2564 τε

312 2604 395 2656 καὶ
418 2601 740 2673 φιλοσοφίας
769 2602 1179 2674 ἀναδραμόντας
1213 2603 1306 2655 ἐπὶ
1333 2601 1395 2655 τὸ
1437 2601 1644 2655 τέλειον
1663 2640 1678 2664 ,
1712 2584 1906 2672 μαθηξ

311 2689 399 2752 τὰς
428 2690 577 2758 λέγω
604 2690 696 2742 καὶ
723 2690 1054 2754 ἀποστόλους
1088 2692 1181 2743 καὶ
1207 2690 1510 2761 μάρτυρας,
1551 2690 1645 2743 καὶ
1680 2689 1893 2753 πάντας

308 2782 424 2844 τοὺς
450 2782 550 2852 τὴν
578 2781 834 2852 ἐνάρετον
873 2780 1018 2851 ζωὴν
1046 2781 1153 2852 πρὸ
1176 2781 1268 2835 τοῦ
1305 2781 1489 2835 ὑλικοῦ
1528 2781 1892 2850 τετιμηκότας

313 2871 417 2943 βίου
439 2917 454 2940 ,
481 2874 531 2927 οἳ
569 2873 675 2928 κᾶν
719 2874 971 2938 ἐλάττους
1012 2872 1114 2931 ὦσι
1151 2873 1228 2944 τῷ
1268 2872 1485 2945 ἀριθμῷ
1515 2872 1609 2926 τοῦ
1655 2873 1892 2945 πλήθους

310 2966 410 3020 τῶν
448 2967 589 3039 πρὸς
646 2966 707 3020 τὸ
751 2969 932 3039 χεῖρον
977 2967 1355 3040 ἀπορρεόντων
1380 3009 1396 3032 ,
1445 2968 1596 3022 οὐδὲν
1627 2961 1790 3038 ἦττον
1831 2966 1893 3021 τὸ

312 3055 516 3112 δυνατὸν
576 3053 721 3113 εἶναι
767 3057 858 3112 διὰ
910 3059 1111 3130 σαρκὸς
1141 3058 1239 3129 τὴν
1290 3058 1490 3131 ἀρετὴν
1547 3056 1893 3128 κατορθῶσαι

1992 1870 2198 1927 sarius.
2244 1868 2322 1922 Eo
2365 1882 2604 1937 namque
2653 1877 2708 1924 et
2754 1869 2992 1924 liberum
3029 1869 3190 1926 nobis
3225 1870 3381 1926 adest
3426 1872 3576 1927 arbi-

1993 1962 2183 2025 trium,
2225 1966 2280 2015 et
2314 1960 2525 2017 reditus
2569 1975 2679 2015 non
2715 1961 3124 2027 intercluditur,
3157 1962 3255 2018 sed
3299 1962 3493 2019 ordine
3521 1969 3578 2019 et

1991 2066 2155 2105 versu
2200 2051 2446 2105 volentes
2506 2049 2573 2104 ad
2612 2049 2816 2104 bonum
2852 2051 3230 2119 provehimur,
3293 2051 3417 2107 aliis
3454 2051 3579 2122 qui-

1993 2143 2115 2198 dem
2141 2143 2255 2212 jam
2301 2142 2430 2199 inde
2468 2143 2537 2198 ab
2559 2157 2625 2196 eo
2656 2150 2924 2213 tempore,
2976 2158 3087 2212 quo
3118 2143 3311 2197 vivunt
3339 2144 3427 2198 hic
3460 2144 3577 2212 spi-

1992 2232 2227 2298 ritalem,
2288 2240 2343 2287 et
2408 2247 2440 2286 a
2475 2232 2622 2289 vitiis
2674 2248 2739 2286 ac
2788 2234 3297 2303 perturbationibus
3342 2236 3579 2290 alienam

1993 2325 2164 2378 vitam
2212 2324 2666 2388 instituentibus,
2703 2326 2893 2394 quales
2937 2326 3298 2397 intelligimus
3340 2326 3580 2396 patriar-

1995 2416 2128 2471 chas
2151 2426 2204 2472 et
2231 2417 2531 2488 prophetas
2580 2417 2886 2479 exstitisse,
2918 2428 2973 2471 et
2995 2418 3090 2488 qui
3121 2432 3227 2471 una
3260 2433 3386 2473 cum
3419 2419 3579 2488 ipsis.

1996 2518 2050 2568 et
2084 2520 2206 2581 post
2238 2510 2388 2578 ipsos
2418 2524 2517 2579 per
2549 2510 2809 2564 virtutem
2849 2518 2904 2563 et
2934 2510 3217 2579 sapientia:
3241 2509 3487 2564 studium
3511 2510 3583 2565 ad

1998 2602 2394 2673 perfectionem
2432 2608 2801 2664 reVerterunt,
2835 2601 3164 2670 discipulos,
3192 2609 3247 2655 et
3276 2604 3579 2671 apostolos,

1996 2700 2333 2762 etmartyres
2364 2691 2514 2755 dico,
2565 2700 2622 2745 et
2651 2691 2966 2761 quicunque
2997 2706 3265 2761 corporeo
3310 2692 3365 2745 in
3406 2698 3583 2746 mate‘

1998 2785 2190 2854 riaque
2219 2783 2471 2837 demerso
2505 2782 2825 2843 honestum,
2858 2790 2913 2835 et
2948 2796 3074 2835 cum
3106 2782 3313 2836 virtute
3348 2782 3585 2852 conjun.

1999 2883 2146 2930 ctum
2183 2875 2402 2930 vivendi
2432 2889 2607 2944 genus
2659 2880 3099 2945 anteposuerunt
3133 2893 3147 2928 :
3181 2874 3275 2944 qui
3320 2875 3452 2928 licet
3482 2862 3586 2929 nu-

1998 2984 2153 3024 mero
2176 2967 2468 3039 pauciores
2500 2964 2727 3030 fuerint,
2762 2980 2927 3035 quam
2958 2964 3059 3030 illi,
3091 2967 3186 3035 qui
3219 2966 3285 3021 ad
3310 2966 3585 3022 deteriora

1999 3059 2361 3123 deflexerunt,
2393 3057 2644 3126 exemplo
2681 3066 2861 3111 tamen
2901 3070 2965 3110 ac
2994 3057 3312 3112 testimonio
3350 3072 3454 3112 suo
3477 3057 3588 3112 vir-

317 3149 751 3223 μαρτυροῦνταιθ
800 3149 909 3203 τῶν
958 3150 1017 3203 δὲ
1048 3150 1250 3204 λοιπῶν
1282 3150 1371 3205 διά
1399 3152 1500 3222 τῆς
1544 3152 1624 3215 εἰς
1673 3150 1899 3223 ὕστερον

2009 3157 2176 3205 tutem
2227 3149 2284 3203 in
2338 3162 2506 3205 carne
2542 3147 2649 3201 coli
2698 3145 3124 3215 compararique
3165 3161 3330 3215 posse
3374 3154 3588 3201 testan-

314 3240 526 3311 ἀγωγῆς
554 3244 617 3294 ὲν
637 3240 717 3311 τῷ
747 3242 1031 3312 καθαρσίῳ
1066 3244 1200 3314 πυρὶ
1224 3242 1606 3298 ἀποϐαλόντων
1633 3243 1730 3314 τὴν
1764 3244 1900 3315 πρὸς

313 3330 405 3401 τὴν
431 3331 566 3403 ὕλην
597 3332 971 3402 προσπάθειαν
997 3371 1012 3396 ,
1042 3334 1136 3386 καὶ
1163 3333 1301 3404 πρὸς
1347 3333 1443 3405 τὴν
1475 3334 1534 3400 ἐξ
1562 3334 1737 3406 ἀρχῆς
1766 3337 1902 3388 ἀπο·

316 3424 687 3496 κληρωθεῖσαν
716 3427 785 3496 τῇ
836 3424 995 3495 φύσει
1028 3425 1188 3496 χάριν
1212 3466 1228 3491 ,
1259 3425 1351 3478 διὰ
1391 3426 1491 3496 τῆς
1524 3426 1631 3480 τῶν
1680 3427 1901 3494 ἀγαθῶν

315 3516 610 3587 ἐπιθυμίας
639 3516 899 3579 ἑκουσίως
929 3516 1280 3570 ἐπανιόντων.
1308 3516 1385 3569 Οὐ
1414 3515 1524 3588 γὰρ
1558 3517 1637 3580 είς
1669 3517 1757 3570 ἀεὶ
1788 3530 1896 3570 πα-

318 3612 534 3680 ραμένει
578 3609 691 3664 τῶν
734 3609 1031 3680 ἀλλοτρίων
1075 3610 1108 3679 ἡ
1144 3607 1412 3679 ἐπιθυμία
1438 3610 1505 3679 τῇ
1541 3607 1734 3677 φύσειε
1769 3608 1901 3661 διότι

316 3700 587 3772 πλήσμιον
617 3701 830 3771 ἑκάστῳ
862 3701 957 3753 καὶ
986 3698 1290 3771 προσκορές
1323 3701 1438 3753 ἐστι
1465 3699 1527 3754 τὸ
1553 3698 1629 3769 μὴ
1662 3699 1813 3763 ἴδιον,
1841 3692 1903 3753 οὗ

321 3791 390 3863 μὴ
428 3794 551 3845 κατ’
575 3791 753 3863 ἀρχὰς
786 3790 943 3861 ἔσχεν
988 3792 1046 3845 ὲν
1081 3791 1249 3862 ἑαυτῇ
1289 3791 1387 3862 τὴν
1416 3790 1701 3845 κοινωνίαν
1733 3793 1767 3863 ἡ
1804 3790 1906 3860 φύ-

317 3901 396 3947 σις
415 3903 430 3917 ·
477 3885 644 3956 μόνον
676 3883 733 3937 δὲ
787 3883 849 3936 τὸ
882 3882 1144 3951 συγγενὲς
1194 3883 1291 3935 καὶ
1331 3882 1604 3953 ὁμόφυλον
1655 3882 1907 3937 ποθεινὸν

319 3976 408 4029 καὶ
433 3976 703 4046 ἐράσμιον
738 3975 819 4038 εἰς
863 3974 952 4028 ἀεὶ
987 3974 1253 4044 διαμένει,
1283 3974 1389 4037 ἓως
1420 3974 1488 4027 ἂν
1516 3974 1602 4044 ἐφ’
1636 3975 1830 4045 ἑαυτῆς
1872 3976 1907 4045 ἡ

318 4066 476 4135 φύσις
510 4066 943 4136 ἀπαράτρεπτος
978 4064 1134 4138 μένεν
1177 4066 1226 4118 εί
1268 4064 1327 4119 δέ
1356 4082 1476 4131 τινα
1502 4066 1776 4137 ἐκτροπὴν
1805 4067 1909 4120 πά-

319 4157 398 4211 θοι
425 4159 515 4212 διά
564 4156 847 4228 μοχθηρᾶς
876 4156 1248 4228 προαιρέσεως
1267 4195 1281 4219 ,
1309 4157 1433 4209 τότε
1460 4156 1734 4234 αὐτῇπῶν
1761 4158 1912 4210 ἀλλο-

315 4253 483 4322 τρίων
507 4254 543 4323 ή
578 4249 844 4320 ἐπιθυμία
870 4248 1145 4317 ἐγγίνεται
1170 4288 1185 4312 ,
1217 4240 1293 4302 ὧν
1317 4249 1351 4317 ἡ
1385 4246 1681 4309 ἀπόλαυσις
1707 4246 1909 4317 ἡδύνει,

320 4340 438 4411 οὐχὶ
479 4342 585 4412 τὴν
620 4339 778 4407 φύσιν
800 4380 815 4404 ,
851 4338 988 4392 ἀλλά
1015 4337 1077 4390 τὸ
1120 4337 1294 4400 πάθος
1322 4338 1422 4407 τῆς
1456 4335 1699 4404 φύσεως·
1736 4337 1913 4405 ἐκχω-

325 4432 595 4502 ρήσαντος
623 4431 681 4485 δὲ
707 4430 800 4484 τοῦ
828 4429 1035 4493 πάθους
1057 4468 1070 4494 ,
1105 4429 1199 4482 καὶ
1223 4430 1257 4500 ἡ
1283 4427 1391 4481 τῶν
1420 4428 1570 4497 παρά
1606 4427 1766 4496 φύσιν
1788 4428 1912 4479 ἐπι-

2001 3248 2121 3306 tur;
2159 3240 2282 3296 aliis
2316 3248 2498 3295 autem
2549 3246 2673 3309 post
2717 3237 2863 3292 hanc
2912 3238 3080 3292 vitam
3113 3238 3435 3308 purgatorio
3465 3237 3590 3308 igne

2002 3335 2249 3388 materiae
2285 3332 2438 3388 labes
2466 3339 2519 3387 et
2554 3331 2985 3401 propensionem
3021 3329 3091 3384 ad
3133 3330 3339 3384 malum
3371 3329 3591 3384 abster-

2000 3421 2282 3491 gentibus,
2317 3429 2372 3476 et
2404 3420 2474 3475 ad
2515 3420 2750 3491 gratiam
2798 3419 2957 3473 initio
3002 3426 3216 3473 natura:
3263 3432 3586 3475 concessam

2004 3513 2314 3568 voluntaria
2358 3513 2635 3568 bonorum
2672 3510 2975 3581 cupiditate
3018 3511 3404 3565 redeuntibus.
3441 3508 3592 3564 Alie-

2003 3617 2200 3657 norum
2262 3601 2410 3656 enim
2455 3601 2729 3671 cupiditas
2792 3600 2845 3652 in
2908 3608 3106 3654 natura
3160 3607 3426 3670 perpetuo
3476 3613 3590 3652 non

2005 3694 2252 3749 inhaeret.
2293 3691 2565 3757 Quoniam
2598 3682 2745 3760 quod
2776 3697 2989 3744 naturae
3019 3705 3130 3745 non
3171 3699 3255 3745 est
3282 3689 3588 3760 proprium,

2005 3781 2263 3853 quodque
2313 3781 2518 3835 nullam
2579 3781 2853 3851 principio
2900 3795 3026 3834 cum
3077 3781 3199 3849 ipso
3262 3779 3585 3837 societatem

2007 3874 2266 3937 habebat,
2304 3873 2606 3943 unicuique
2636 3873 2946 3927 satietatem
2992 3878 3046 3926 et
3096 3871 3379 3927 fastidium
3408 3868 3590 3934 affert,

2009 3968 2299 4037 solumque
2350 3964 2428 4029 id,
2464 3964 2610 4035 quod
2657 3963 2735 4017 illi
2771 3971 3069 4033 cognatum
3119 3977 3186 4022 ac
3251 3962 3431 4019 simile
3484 3968 3591 4024 est,

2009 4058 2308 4129 Optandum
2368 4057 2474 4128 ipsi
2522 4072 2736 4127 semper
2785 4056 3195 4124 amandumque
3240 4052 3592 4122 relinquitur.

2012 4148 2168 4215 Quod
2220 4150 2269 4205 si
2309 4150 2443 4203 vitio
2488 4148 2797 4218 depravata:
2830 4147 3133 4201 voluntatis
3190 4145 3377 4215 aliquo
3430 4142 3595 4197 modo

2012 4221 2381 4311 degeneravit,
2423 4250 2557 4294 tunc
2585 4241 2728 4294 inest
2776 4240 2856 4293 illi
2897 4236 3168 4307 cupiditas
3195 4251 3381 4290 rerum
3412 4245 3595 4289 extero

2015 4346 2236 4398 narum,
2293 4331 2496 4400 quibus
2554 4329 2804 4383 fruendis
2879 4344 2992 4383 non
3049 4327 3169 4397 ipsa
3228 4336 3440 4389 natura,
3494 4323 3595 4381 sed

2015 4434 2231 4478 natura:
2272 4420 2488 4476 aﬂ‘ectio
2519 4420 2822 4475 delectatur
2856 4439 2870 4474 :
2899 4434 3008 4489 qua
3047 4417 3270 4489 quidem
3310 4416 3597 4473 affectione

323 4522 494 4593 θυμία
533 4520 978 4593 συνανεχώρησεν
1005 4561 1021 4587 ,
1070 4522 1164 4575 καὶ
1214 4521 1421 4589 γίνεται
1458 4519 1620 4574 πάλιν
1666 4520 1803 4590 αὐτῇ
1851 4519 1906 4572 τὸ

2022 4515 2274 4584 depulsa,
2301 4526 2488 4571 rerum
2531 4511 2695 4566 etiam
2720 4517 3072 4565 externarum
3106 4508 3382 4578 cupiditas
3413 4506 3599 4563 disco.

328 4616 524 4669 οἰκεῖον
573 4613 822 4669 ποθεινὸν
856 4614 951 4667 καὶ
986 4613 1337 4683 κατάλληλον.
1382 4611 1554 4665 Τοῦτο
1598 4611 1656 4666 δέ
1699 4613 1815 4665 ἐστι
1855 4611 1917 4664 τὸ

323 4705 571 4777 καθαρόν
601 4722 662 4758 τε
698 4704 791 4759 καὶ
818 4704 979 4758 ἀῦλον
1005 4704 1100 4756 καὶ
1125 4703 1414 4773 ἀσώματον
1434 4743 1450 4769 ,
1494 4703 1632 4773 ὅπερ
1661 4702 1791 4756 ῐδιον
1819 4702 1917 4771 τῆς

334 4798 738 4871 ὑπερκειμένης
780 4796 890 4849 τῶν
941 4796 1158 4850 πάντων
1193 4795 1445 4865 θεότητος
1493 4793 1662 4849 εἰπών
1700 4812 1783 4858 τις
1822 4794 1919 4865 οὐχ

328 4889 734 4959 ἁμαρτήσεται.
783 4889 870 4952 Ὧς
922 4888 1032 4959 γὰρ
1074 4888 1189 4950 τοῖς
1247 4889 1578 4958 σωματικοῖς
1622 4885 1920 4957 ὀφθαλμοῖς

332 4979 609 5050 ῥεύματός
640 4997 785 5044 τινος
808 4978 1139 5051 δριμυτέρου
1172 4977 1233 5032 τὸ
1261 4978 1481 5032 ὀπτικὸν
1505 4977 1722 5047 πνεῦμα
1755 4975 1923 5031 θολώ-

333 5085 530 5133 σαντος
547 5110 563 5135 ,
596 5070 759 5140 ἡδίων
790 5073 818 5124 ό
844 5070 1006 5140 ζόφος
1033 5070 1263 5138 γίνεται,
1289 5070 1379 5123 διά
1407 5071 1506 5140 τὴν
1544 5069 1646 5140 τῆς
1685 5069 1922 5140 παχύτη-

332 5176 425 5223 τος
453 5161 593 5231 πρὸς
616 5161 676 5215 τὸ
700 5162 889 5225 σκότος
922 5160 1264 5230 συγγένειαν.
1289 5162 1351 5215 Εἰ
1380 5160 1437 5213 δὲ
1474 5159 1809 5231 δαπανηθείη
1836 5159 1924 5214 διά

332 5266 482 5313 τινος
520 5250 814 5322 θεραπείας
855 5252 917 5305 τὸ
972 5251 1260 5321 διοχλῆσαν
1288 5250 1367 5320 τῷ
1417 5250 1720 5321 πνεύματι,
1763 5249 1924 5303 πάλιν

337 5342 398 5395 τὸ
418 5342 540 5411 φῶς
561 5344 756 5397 οἰκεῖον
786 5344 878 5397 καλ⁸
899 5343 1232 5415 κατάλληλον
1259 5343 1487 5411 γίνεται,
1514 5340 1594 5411 τῷ
1615 5340 1843 5411 καθαρῷ
1865 5356 1926 5393 τε

337 5436 435 5487 καὶ
465 5434 736 5504 αὐγοειδεϊ
778 5435 876 5506 τῆς
901 5436 1070 5507 κόρης
1118 5433 1613 5505 καταμιγνύμενον
1647 5431 1738 5485 τὸν
1767 5431 1927 5486 αὐτὸν

337 5524 546 5593 τρόπον
576 5526 761 5596 ἐπειδὴ
815 5524 1081 5597 ῥεύματός
1123 5541 1266 5587 τινος
1295 5524 1451 5593 δίκην
1480 5523 1547 5575 δι’
1581 5521 1799 5591 ἀπάτης
1834 5520 1926 5574 τοῦ

356 5616 758 5686 Ἀντικειμένου
775 5616 1016 5688 ἐπερῤύη
1039 5616 1117 5685 τῷ
1138 5614 1347 5684 ὀπτικῷ
1366 5614 1464 5686 τῆς
1482 5613 1658 5684 ψυχῆς
1685 5613 1719 5683 ή
1741 5612 1926 5677 κακία,

345 5706 609 5772 ἑκουσίως
657 5709 795 5781 πρὸς
857 5708 949 5763 τὸν
995 5707 1266 5762 σκοτεινὸν
1315 5706 1429 5778 βίον
1465 5708 1493 5759 ὁ
1533 5703 1791 5775 λογισμὸς
1833 5705 1932 5756 ὲπο

347 5797 561 5870 εκλίθη,
587 5799 672 5855 διὰ
697 5798 792 5856 τοῦ
825 5798 1029 5866 πάθους
1052 5797 1349 5862 οικειωθεις
1374 5798 1450 5869 τῷ
1477 5798 1645 5869 ζόφῳ.
1674 5797 1788 5861 Πᾶς
1822 5795 1930 5867 γὰρ

2018 4605 2227 4671 dit;et
2265 4604 2410 4674 quod
2461 4603 2539 4657 illi
2575 4617 2734 4658 suum
2783 4616 2847 4656 ac
2890 4601 3172 4671 proprium
3220 4608 3328 4663 est,
3379 4613 3598 4654 rursum

2020 4693 2257 4750 amabile
2307 4700 2495 4748 manet
2571 4699 2626 4747 et
2679 4690 3043 4762 expetendum
3089 4708 3104 4744 :
3163 4688 3219 4745 id
3267 4698 3450 4745 autem
3514 4696 3602 4744 est

2020 4802 2222 4857 purum
2267 4793 2338 4840 et'
2364 4800 2394 4838 a
2428 4784 2659 4840 materia
2702 4798 3043 4854 corporeque
3077 4782 3388 4852 sejunctum
3411 4819 3426 4846 ,
3455 4779 3603 4848 quod

2022 4879 2068 4934 si
2102 4877 2228 4947 quis
2261 4876 2735 4947 praestantissima:
2778 4890 2964 4930 rerum
3012 4874 3258 4928 omnium
3298 4869 3605 4926 divinitatis

2023 4970 2310 5041 preprium
2338 4967 2509 5034 dicat,
2540 4984 2652 5023 non
2685 4967 2914 5023 errabit.
2943 4963 3417 5032 Quemadmodum
3454 4962 3603 5015 enim

2024 5060 2273 5130 corporis
2309 5060 2506 5124 oculis,
2553 5060 2601 5114 si
2654 5059 2872 5112 acutior
2911 5059 3092 5125 aliqua
3139 5053 3428 5109 distillatio
3480 5066 3609 5107 ner-

2024 5168 2146 5215 vos,
2181 5151 2401 5207 videndi
2444 5151 2700 5220 spiritum
2757 5148 3268 5207 subministrantes.
3320 5142 3611 5215 perturba-

2024 5246 2188 5306 verit,
2225 5243 2415 5297 amicae
2444 5248 2576 5295 sunt
2609 5241 2873 5303 tenebrae.
2904 5246 3126 5309 propter
3166 5235 3608 5296 similitudinem,

2028 5349 2191 5404 quam
2227 5334 2411 5389 obtusi
2438 5332 2552 5401 jam
2593 5339 2759 5401 atque
2791 5331 3012 5385 hebetes
3040 5344 3165 5383 cum
3202 5328 3313 5382 illis
3356 5328 3607 5382 habent:

2028 5433 2085 5479 at
2121 5425 2166 5480 si
2207 5425 2498 5480 curatione
2544 5424 2729 5494 aliqua
2760 5422 3109 5487 conficiatur,
3154 5436 3219 5476 ac
3249 5421 3504 5476 deleatur
3532 5419 3609 5483 id,

2030 5518 2178 5588 quod
2219 5518 2408 5573 nervis
2441 5517 2553 5572 illis
2581 5514 2871 5577 ofﬁciebat,
2910 5515 3086 5570 lucem
3116 5512 3263 5567 oculi
3298 5526 3519 5566 rursum
3549 5513 3613 5564 ut

2030 5609 2308 5680 propriam
2338 5608 2559 5677 sibique
2586 5613 2976 5676 congruentem
3007 5612 3211 5671 amant,
3245 5616 3366 5689 quae.
3393 5602 3614 5673 pupilla

2032 5715 2224 5771 purae,
2278 5705 2334 5753 et
2381 5712 2480 5770 per
2546 5713 2606 5754 se
2651 5696 2861 5751 videnti
2924 5696 3320 5752 commiscetur
3362 5712 3376 5748 :
3419 5691 3612 5747 eodem

2033 5790 2233 5856 modo,
2290 5796 2646 5862 posteaquam
2700 5786 2909 5844 inimici
2963 5785 3153 5847 fraude
3198 5784 3390 5843 vitium
3439 5784 3616 5835 instar
