4026 6432
426 394 533 450 5‘27

1693 378 1750 433 S.
1793 370 2121 431 GREGORII
2146 368 2202 427 ’Ν
2213 373 2455 430 YSSENI

3575 372 3672 429 528

425 506 707 579 cujusdam
749 505 1125 563 distillationis
1174 502 1403 561 deﬂuxit
1450 503 1505 556 in
1559 500 1752 556 oculos
1796 497 1999 561 animi,

2131 528 2132 532 η
2161 496 2228 551 τὰ
2257 496 2435 566 φαῦλα
2461 494 2740 567 πράσσων,
2774 493 2923 565 μισεῖ
2954 490 3015 545 τὸ
3054 472 3170 560 φῶς
3193 529 3207 553 9
3235 486 3433 579 ’καθιῖξς
3463 490 3706 579 φησινλ

426 600 592 656 vitam
637 600 1039 655 tenebricosam
1103 604 1164 654 ut
1211 598 1316 655 sibi
1352 605 1573 668 prepter
1622 590 1999 664 aegritudinem

426 691 844 747 convenientem
914 691 1262 746 adamarunt.
1328 687 1589 759 Quisquis
1648 685 1793 740 enim
1860 681 2004 736 male

430 786 559 855 agit,
606 784 722 839 odit
770 786 970 849 lucem,
1021 793 1082 839 ut
1130 799 1235 838 vox
1282 783 1470 837 divina
1514 778 1807 834 testatur“.
1863 772 2004 828 Malo

429 885 612 932 autem
650 885 1004 948 consumpto,
1056 885 1109 933 et
1139 890 1333 933 rursus
1364 875 1430 929 ad
1480 874 1708 928 nihilum
1759 869 2000 933 redacto,

429 979 627 1023 natura
664 984 730 1024 eo
762 969 1013 1038 depulso,
1058 967 1204 1037 quod
1247 963 1413 1020 animi
1458 962 1648 1018 oculos
1688 959 2002 1023 hebetabat,

431 1073 557 1114 cum
603 1060 881 1129 voluptate
915 1060 1089 1113 lucem
1120 1059 1319 1113 iterum
1355 1056 1621 1111 intuetur.
1660 1053 1736 1108 Ex
1776 1053 1863 1107 his
1900 1052 2005 1123 igi-

434 1159 523 1204 tur
575 1165 697 1219 qua:
737 1149 882 1204 dicta
913 1156 1062 1213 sunt,
1093 1156 1263 1218 patet,
1299 1147 1487 1203 carnis
1530 1154 1783 1201 naturam
1814 1144 2007 1214 iniquo

434 1240 620 1294 animo
669 1240 950 1311 prosequi,
1015 1241 1243 1295 stultum
1299 1254 1442 1295 esse.
1494 1237 1683 1306 Neque
1735 1236 1882 1291 enim
1937 1235 2007 1289 ab

433 1333 524 1388 illa
583 1334 780 1403 pendet
836 1333 1106 1387 malorum
1167 1346 1356 1387 causa.
1409 1330 1545 1385 Nam
1596 1332 1644 1387 si
1704 1331 1785 1386 sic
1823 1335 2005 1392 esset,

434 1425 679 1480 eamdem
733 1425 956 1480 haberet
1008 1425 1066 1479 in
1120 1438 1311 1480 omnes
1358 1424 1490 1488 vim,
1540 1423 1636 1493 qui
1688 1433 2008 1491 corpoream

434 1517 616 1571 sortiti
655 1523 785 1571 sunt
807 1516 998 1570 vitam.

510 1606 709 1662 Verum
748 1622 873 1661 cum
922 1607 982 1669 ii,
1031 1621 1172 1675 quos
1199 1603 1771 1667 commemoravimus,
1820 1601 1899 1656 sic
1946 1614 2009 1654 ex

436 1698 644 1751 virtute
673 1696 932 1759 vixerint,
982 1703 1043 1750 ut
1089 1710 1213 1749 cum
1261 1695 1317 1748 in
1363 1709 1529 1749 carne
1578 1701 1785 1754 essent,
1844 1691 2012 1746 nullis

438 1798 622 1844 tamen
684 1804 745 1844 se
799 1788 947 1842 vitiis
997 1787 1439 1857 obstringerent,
1502 1786 1859 1856 perspicuum
1922 1790 2011 1837 est

439 1895 640 1951 corpus
671 1895 780 1935 non
817 1895 940 1935 esse
984 1880 1242 1933 vitiorum
1292 1892 1537 1940 causam,
1593 1876 1686 1933 sed
1733 1875 2014 1947 propriam

439 1973 712 2041 cujusque
752 1971 1118 2035 voluntatem,
1174 1984 1296 2039 quae
1348 1984 1409 2024 se
1453 1968 1603 2024 vitiis
1648 1968 2015 2023 contaminat.

441 2062 655 2132 Corpus
706 2062 853 2116 enim
900 2068 1111 2115 naturae
1158 2075 1272 2115 sua:
1302 2059 1693 2114 convenienter
1742 2065 2017 2121 movetur,

440 2152 508 2206 ad
543 2167 737 2214 eauue,
769 2151 970 2221 quibus
1017 2159 1223 2205 statum
1265 2165 1426 2205 suum
1464 2156 1647 2205 tuetur
1686 2156 1851 2219 atque
1890 2163 2022 2203 con-

442 2250 644 2308 servat,
686 2241 920 2310 impulsu
954 2240 1178 2311 proprio
1216 2238 1392 2293 fertur
1447 2247 1501 2293 et
1539 2239 1797 2293 trahitur.
1830 2236 2024 2291 Exem-

441 2330 517 2401 pli
566 2329 763 2399 gratia,
823 2329 947 2383 cibo
1012 2328 1346 2397 potioneque
1423 2325 1658 2396 indiget,
1728 2334 1809 2388 ut,
1873 2323 2024 2394 quod

443 2414 766 2485 deperditur
802 2414 1018 2477 vitium,
1076 2413 1418 2469 instauretur
1460 2414 1646 2484 itaque
1698 2413 1880 2469 cibum
1935 2427 2026 2483 po-

446 2506 763 2575 tionemque
812 2504 1043 2576 appetit.
1084 2502 1300 2559 Rursus
1345 2511 1542 2558 natura
1595 2504 1864 2573 corporis,
1904 2518 2027 2574 quae

444 2592 696 2648 mortalis
745 2601 868 2658 est,
923 2592 1319 2663 procreationis
1367 2594 1510 2649 serie
1556 2593 1613 2647 ﬁt
1653 2594 2021 2650 immortalis:

448 2687 658 2742 idcirco
686 2690 1016 2743 conveniens
1052 2688 1126 2742 illi
1163 2686 1493 2757 procreandi
1521 2687 1796 2757 appetitus
1826 2689 2026 2743 insitus

446 2789 552 2834 est.
586 2778 667 2833 Ad
701 2779 814 2834 haac
841 2794 965 2835 cum
997 2779 1197 2833 idoneo
1229 2779 1466 2848 pilorum
1498 2777 1754 2848 praesidio
1795 2793 2027 2849 corpora

453 2857 641 2927 nostra
679 2870 892 2924 munita
942 2886 1053 2923 non
1112 2870 1246 2933 sint,
1289 2869 1641 2924 vestimentis
1678 2871 2028 2925 extrinsecus

450 2961 685 3017 admotis
715 2961 1056 3031 indigemus;
1086 2974 1324 3030 cumque
1354 2960 1577 3025 caloris,
1602 2968 1658 3014 et
1690 2960 1931 3031 frigoris,
1975 2970 2030 3017 et

450 3054 713 3109 imbrium
766 3054 888 3109 vim
959 3052 1205 3125 perferre
1275 3068 1646 3122 nequeamus,
1712 3054 1907 3110 domos
1976 3063 2031 3110 et

452 3152 595 3200 tecta
627 3145 786 3200 nobis
820 3144 1216 3200 construimus.
1257 3143 1362 3210 Qui
1395 3145 1691 3214 prudenter
1727 3146 2029 3201 necessita-

453 3244 565 3291 tem
607 3236 942 3301 considerat,
987 3235 1108 3305 ejus
1150 3235 1338 3290 habita
1385 3237 1620 3299 ratione,
1675 3236 1789 3291 haec
1827 3245 1878 3291 et
1922 3237 2029 3290 alia

455 3327 729 3397 ejusmodi
770 3327 891 3382 sine
924 3327 1308 3383 sollicitudine
1345 3336 1646 3398 comparat,
1682 3329 2034 3398 appetitioni-

458 3435 567 3490 que
605 3420 897 3475 terminum
935 3420 1248 3484 constituit,
1283 3435 1443 3476 usum
1491 3421 1865 3477 necessarium
1898 3421 2037 3475 :do-

457 3527 607 3567 mum
657 3512 854 3583 igitur,
914 3514 1336 3578 vestimentum,
1389 3512 1703 3583 conjugium
1746 3513 2038 3582 cibumque

458 3614 674 3661 naturae
703 3606 1038 3676 suppeditat,
1076 3615 1136 3660 ut
1179 3606 1347 3661 rebus
1391 3605 1726 3664 necessariis
1769 3612 2040 3661 sustente-

459 3704 572 3752 tur.
627 3696 729 3763 Qui
764 3713 898 3752 vero
936 3697 1276 3766 voluptatum
1324 3704 1409 3751 est
1461 3711 1678 3761 servus,
1716 3711 1814 3766 per
1846 3710 2037 3751 neces-

461 3791 640 3843 sarios
673 3804 807 3843 usus
846 3788 998 3843 vitiis
1046 3788 1254 3843 aditum
1289 3788 1484 3857 aperit,
1515 3788 1874 3857 alimentique
1915 3788 2040 3842 loco

348 3884 353 3887 “
463 3879 693 3934 delicias
734 3878 963 3947 quaerit;
1013 3893 1114 3947 pro
1163 3880 1492 3933 vestimento
1541 3885 1785 3933 sectatur
1823 3879 2042 3948 elegan-

465 3970 597 4023 tiam
635 3976 1086 4023 ornamentorum
1115 3986 1129 4034 ;
1162 3984 1261 4039 pro
1286 3970 1484 4024 aedium
1518 3985 1623 4026 usu
1646 3970 1781 4024 colit
1812 3971 2042 4041 amplis-

467 4063 605 4115 sima
650 4060 1306 4132 magniﬁcentissimaque
1359 4060 1599 4130 palatia;
1650 4076 1749 4131 pro
1798 4061 2042 4131 legitima

467 4153 767 4209 liberorum
821 4154 1191 4223 susceptione,
1245 4153 1456 4223 legibus
1500 4153 1810 4209 contrarias
1878 4160 2045 4223 atque

467 4243 709 4300 nefarias
758 4245 1017 4300 libidines
1082 4254 1412 4315 aucupatur.
1472 4244 1686 4313 Quibus
1742 4246 1809 4301 de
1858 4245 2044 4302 causis

467 4336 594 4391 latis
629 4338 801 4406 portis
834 4338 1084 4407 ingressa
1117 4344 1203 4393 est
1235 4338 1292 4392 in
1336 4338 1618 4393 hominum
1650 4338 1816 4393 vitam
1861 4338 2045 4393 avari-

469 4427 566 4489 tia,
605 4427 885 4488 mollities.
920 4435 975 4483 et
1017 4428 1210 4491 otium,
1241 4436 1297 4483 et
1342 4430 1620 4498 superbia,
1661 4436 1717 4484 et
1750 4428 2045 4485 ostentatio

2109 590 2227 643 θεία
2270 589 2419 661 φωνή
2440 604 2453 618 ο
2492 583 2953 655 ὲκδαπανηθέντος
3006 581 3063 635 δὲ
3104 578 3198 634 τοῦ
3244 577 3415 633 κακοῦ
3458 578 3524 631 ὲκ
3577 576 3677 631 τῶν
3697 578 3714 665 ἱ,

2106 682 2296 745 ὄντων,
2324 680 2418 733 καὶ
2439 680 2521 743 είς
2550 678 2613 731 τὸ
2648 676 2721 748 μὴ
2753 674 2813 729 ὃν
2842 670 2999 736 αὖθις
3028 669 3511 743 μεταχωρήσαντος
3535 708 3551 733 ,
3579 668 3678 722 πά·

2105 773 2190 826 λιν
2221 770 2340 841 μεθ’
2368 769 2561 841 ἡδονῆς
2584 764 2880 841 ᾴνασλέπει
2902 763 3039 834 πρὸς
3064 759 3127 813 τδ
3156 760 3271 829 φῶς
3294 759 3328 829 ἠ
3362 758 3524 827 φύσις
3545 797 3559 819 ,
3594 755 3681 809 τοῦ

2107 861 2482 924 ὲπιθολοῦντος
2511 859 2572 912 τὸ
2620 856 2857 928 καθαρὸν
2904 855 3003 925 τῆς
3037 851 3216 921 ψυχῆς
3257 848 3681 918 ἐκχωρήσαντος.

2106 952 2353 1007 Μάταιον
2382 950 2561 1005 τοίνυν
2589 948 2855 1002 δέδεικται
2888 944 2976 998 διὰ
3013 942 3121 996 τῶν
3151 940 3451 1011 εἰρημένων
3484 936 3546 989 τὸ
3568 936 3683 988 δυσ-

2111 1042 2288 1115 μενῶς
2327 1041 2464 1114 πρὸς
2503 1040 2606 1111 τὴν
2654 1040 2752 1109 τῆς
2801 1035 3001 1106 σαρκὸς
3052 1032 3198 1103 ἔχειν
3249 1028 3429 1098 φύσιν.
3469 1027 3543 1080 Οὐ
3583 1026 3686 1095 γὰρ

2108 1134 2313 1205 ταύτης
2340 1135 2574 1204 ἢρτηται
2607 1131 2717 1184 τῶν
2737 1127 2924 1183 κακῶν
2952 1129 2985 1197 ἡ
3017 1124 3187 1179 αἰτία.
3221 1117 3301 1175 Ἦ
3328 1121 3436 1191 γὰρ
3459 1118 3525 1173 ἂν
3555 1119 3688 1172 κατὰ

2110 1228 2329 1282 πάντων
2373 1226 2574 1297 ἐπίσης
2613 1223 2740 1295 ἔσχε
2777 1222 2839 1277 τδ
2877 1219 3079 1291 κράτος
3116 1215 3226 1270 τῶν
3270 1212 3360 1268 τὸν
3392 1209 3690 1283 σωματικὸν

2110 1318 2404 1390 εἰληχότων
2431 1316 2566 1387 βίον.

2203 1578 2343 1632 Ἀλλ’
2371 1574 2562 1645 ἐπειδὴ
2586 1573 2697 1628 τῶν
2724 1574 2810 1627 ἐπ’
2832 1572 3034 1644 ἀρετῆς
3069 1564 3551 1639 μνημονευομένων
3569 1561 3691 1615 ἒκαρ

2114 1687 2239 1734 στος
2276 1670 2371 1723 καὶ
2399 1670 2458 1721 ὲν
2488 1666 2652 1737 σαρκὶ
2685 1660 2777 1736 ἦν,
2805 1663 2986 1717 καὶ-ὲν
3019 1659 3190 1729 κακίᾳ.
3220 1657 3320 1710 οὐκ
3341 1650 3434 1726 ἦν,
3470 1652 3695 1722 φανερὸν

2113 1758 2203 1813 διὰ
2225 1757 2430 1812 τούτων
2458 1755 2626 1818 ἐστὶν,
2642 1755 2725 1807 ὅτι
2752 1753 2814 1806 ού
2842 1751 2904 1805 τὸ
2934 1750 3094 1821 σῶμα
3117 1746 3225 1801 τῶν
3250 1743 3399 1814 παθη
3409 1742 3591 1813 μάτων
3614 1741 3691 1794 αῐ-

2049 1839 2092 1893 Β
2116 1863 2251 1912 τιον,
2276 1845 2391 1900 ἀλλ’
2421 1846 2456 1915 ή
2489 1842 2808 1915 προαίρεσις
2834 1842 2868 1910 ἠ
2900 1835 3310 1910 δημιουρ-(οὖσα
3346 1833 3417 1888 τὰ
3439 1831 3605 1900 πάθη.
3625 1830 3695 1882 Τὸ

2123 1940 2221 2010 μὲν
2243 1938 2351 2008 γὰρ
2373 1936 2533 2007 σῶμα
2558 1933 2910 2005 καταλλήλως
2931 1933 2999 2003 τῇ
3038 1929 3146 2000 ἰδία
3165 1929 3398 1981 κινεῖται
3425 1923 3602 1993 φύσει,
3631 1921 3694 1975 δι’

2118 2025 2193 2086 ὧν
2242 2031 2588 2098 συπηρείται
2620 2026 2758 2097 πρὸς
2792 2023 2891 2095 τὴν
2924 2019 3119 2075 ἑαυτοῦ
3153 2017 3414 2072 σύστασιν
3443 2016 3538 2069 καὶ
3585 2012 3695 2066 δια-

2124 2124 2292 2195 μονήν
2312 2140 2325 2154 ·
2367 2121 2505 2194 πρὸς
2533 2119 2705 2174 ταῦτα
2745 2119 2866 2181 ταῖς
2900 2116 3063 2178 ίδίαις
3094 2113 3292 2184 ὁρμαῖς
3317 2107 3694 2177 διοικούμενον.

2122 2211 2246 2271 Οἷόν
2260 2232 2312 2268 τι
2331 2213 2495 2283 λέγω*
2524 2210 2790 2284 Βρώσεώς
2813 2214 2959 2265 ἐστιν
2987 2206 3136 2276 αὐτῷ
3162 2205 3321 2277 χρεία
3342 2203 3440 2257 καὶ
3476 2200 3696 2264 πόσεως,

2122 2309 2263 2363 ὥστε
2299 2307 2359 2360 τὸ
2379 2303 2729 2360 διαπνευσθὲν
2748 2305 2847 2373 τῆς
2863 2300 3143 2371 δυνάμεως
3173 2295 3337 2350 πάλιν
3352 2290 3699 2362 ἅντεισαχθῆ-

2122 2417 2212 2453 ναι
2241 2396 2319 2467 τῷ
2344 2396 2585 2449 λείποντι
2602 2410 2616 2425 ο
2649 2392 2787 2465 πρὸς
2814 2391 2973 2445 τοῦτο
3019 2389 3248 2443 κινεῖται
3276 2384 3522 2457 ἡδρεξις.
3543 2381 3699 2437 Πάλιν

2124 2489 2213 2543 διὰ
2267 2488 2367 2559 τῆς
2418 2485 2527 2541 τῶν
2558 2484 2859 2554 γινομένων
2889 2480 3160 2550 διαδοχῆς,
3187 2477 3358 2547 θνητὴ
3402 2472 3535 2530 οὖσα
3558 2477 3590 2544 ἡ
3612 2470 3699 2526 τοῦ

2122 2566 2378 2653 σώματος
2402 2577 2561 2647 φύσις
2586 2574 2970 2638 ἀθανατίζεται
2994 2588 3007 2602 ⁸
3033 2569 3123 2624 διὰ
3144 2568 3298 2622 τοῦτο
3321 2563 3563 2638 καὶπρὸς
3582 2562 3702 2619 ταύ-

2125 2691 2226 2744 την
2270 2672 2370 2743 τὴν
2418 2669 2595 2742 ὁρμὴν
2644 2665 2964 2737 ἐπιτηδείως
3014 2662 3149 2733 ἔχει.
3182 2661 3304 2714 Ἔτι
3337 2659 3476 2731 πρὸς
3506 2656 3701 2718 τούτοις

2127 2766 2332 2838 γυμνὸν
2365 2763 2458 2819 τοῦ
2492 2764 2559 2815 ὲκ
2590 2760 2701 2815 τῶν
2728 2758 2930 2832 τριχῶν
2957 2754 3347 2824 σκεπάσματος
3365 2753 3427 2805 τὸ
3439 2750 3593 2821 σῶμα
3617 2764 3704 2800 πε·-

2128 2861 2370 2930 ποίηται,
2397 2850 2458 2911 οὗ
2491 2854 2649 2926 χάριν
2694 2852 2792 2921 τῆς
2823 2847 3022 2914 ἔξωθεν
3065 2845 3365 2917 περιϐολῆς
3400 2842 3700 2914 ἐδεήθημεν.

2142 2951 2300 3004 Ἀλλὰ
2330 2946 2586 3018 καὶπρὸς
2610 2942 2853 3015 φλογμόν
2873 2957 2932 2994 τε
2962 2939 3057 2993 καὶ
3083 2937 3249 3010 κρύος
3288 2937 3391 2990 καὶ
3422 2931 3705 3005 ἐπομϐρίαν

2130 3042 2402 3112 ἀντισχεῖν
2450 3039 2510 3093 οὐ
2558 3036 2868 3106 δυνάμενοι,
2913 3031 3014 3102 τὴν
3047 3032 3112 3084 ὲκ
3134 3028 3243 3082 τῶν
3283 3026 3475 3081 οἰκιῶν
3513 3021 3706 3091 σκέπην

2131 3132 2568 3205 ἑπεζητήσαμεν.
2595 3128 2781 3181 Ταῦτα
2809 3124 2903 3179 καὶ
2932 3123 3002 3177 τὰ
3035 3119 3261 3175 τοιαῦτα
3303 3120 3338 3172 ὁ
3385 3117 3481 3189 μὲν
3518 3114 3706 3181 λελογι-

2134 3227 2348 3297 σμένως
2375 3222 2510 3296 πρὸς
2544 3221 2643 3293 τὴν
2668 3218 2858 3290 χρείαν
2880 3215 3111 3287 βλέπων,
3131 3211 3352 3282 δέχεται
3373 3209 3571 3263 τούτων
3588 3206 3706 3297 ἑκα-

2136 3293 2261 3371 στον
2293 3293 2666 3386 ἀπραγμόνως
2697 3308 2861 3380 ὀρῶν,
2888 3306 2989 3377 τῆς
3006 3303 3238 3376 ὀρέξεως
3263 3301 3364 3356 τδν
3398 3297 3593 3354 σκοπὸν
3620 3293 3707 3386 τῆς

2134 3409 2323 3483 χρείας
2349 3384 2691 3475 ποιούμενος,
2717 3396 2885 3465 οἷκον,
2914 3395 3151 3466 ίμάτιον.
3188 3393 3474 3460 συζυγίαν,
3499 3384 3705 3483 τροφὴν,

2108 3492 2111 3495 ’
2233 3503 2463 3557 ἑκάστου
2492 3496 2696 3551 τούτων
2722 3491 3043 3565 θεραπεύων
3061 3489 3123 3542 τὸ
3153 3485 3337 3542 ὲνδέον
3365 3487 3464 3556 τῆς
3491 3480 3706 3565 φύσεως.

2149 3596 2209 3649 Ὅ
2235 3594 2293 3647 δὲ
2342 3589 2449 3645 τῶν
2496 3586 2698 3659 ἡδονῶν
2735 3562 3035 3653 ὑπηρέτης,
3063 3577 3217 3639 ὁδοὺς
3255 3572 3593 3646 παθημάτων
3619 3562 3707 3659 τις

2138 3685 2440 3756 ἀναγκαίας
2460 3655 2651 3752 χρείας
2681 3674 2935 3745 ἐποίησεν
2952 3688 2966 3703 ·
2994 3669 3118 3726 ἀντὶ
3145 3669 3241 3740 μὲν
3261 3667 3364 3738 τῆς
3378 3662 3595 3756 τροφῆς,
3618 3655 3706 3756 την

2137 3745 2347 3848 τ-ρυιρὴν
2374 3745 2649 3840 ἐπιζητῶν
2667 3782 2682 3797 ⁸
2735 3763 2856 3817 ἀντὶ
2891 3761 2950 3816 δὲ
2995 3760 3094 3828 τῆς
3122 3745 3706 3848 περιϐολῆςὶτδνικαλο

2139 3842 2419 3936 λωπισμδν
2468 3855 2901 3932 προαιρούμενος
2928 3868 2944 3884 ο
3002 3850 3125 3905 ἀντὶ
3176 3848 3235 3902 δὲ
3278 3848 3380 3917 τῆς
3404 3845 3511 3899 τῶν
3537 3842 3707 3936 οἰκιῶν

2141 3930 2334 4033 χρείας
2388 3955 2488 4026 τὴν
2515 3930 2870 4005 πολυτέλειαν
2894 3962 2910 3977 ο
2965 3942 3086 3998 ἀντὶ
3125 3940 3182 3994 δὲ
3212 3940 3315 4009 τῆς
3361 3930 3703 4033 παιδοποιίας,

2140 4019 2281 4123 πρὸς
2312 4019 2412 4112 τὰς
2444 4019 2799 4115 παρανόμους
2829 4055 2892 4093 τε
2928 4035 3027 4090 καὶ
3052 4032 3506 4125 ᾂπηγορευμένας
3534 4019 3708 4125 ηδοντξς

2147 4119 2379 4215 βλέπων.
2413 4136 2512 4192 Διὰ
2538 4132 2698 4189 τοῦτο
2721 4131 2757 4202 ἥ
2779 4147 2840 4183 τε
2858 4124 3141 4189 πλεονεξία
3166 4123 3448 4215 πλατείαις
3472 4119 3589 4215 ταῖς
3618 4119 3710 4215 11.0-

2144 4203 2264 4298 λαις
2296 4235 2362 4303 τῇ
2382 4226 2698 4301 ἀνθρωπίνῃ
2727 4223 2840 4294 ζωῇ
2864 4217 3260 4288 είσεκὼμασεν,
3288 4214 3386 4268 καὶ
3416 4214 3450 4282 ἡ
3470 4203 3708 4303 μαλακία.

2145 4327 2241 4382 καὶ
2271 4327 2301 4378 ὁ
2332 4299 2521 4393 τῦφος,
2574 4318 2669 4373 καὶ
2703 4316 2738 4386 ὴ
2766 4311 3054 4385 χαυνότης,
3086 4308 3180 4362 καὶ
3204 4309 3238 4378 ἠ
3267 4303 3550 4372 πολυειδὴς

2147 4419 2256 4473 τία.
2292 4385 2480 4469 Ταῦτα
2507 4409 2603 4465 καὶ
2627 4385 2961 4469 τὰτοιαῦτα,
2995 4398 3183 4469 ὥσπερ
3207 4397 3354 4459 τινὲς
3383 4394 3496 4458 Mor.
3517 4388 3605 4445 καὶ
3630 4385 3712 4452 ξη-

474 4473 566 4489 ---,
922 4473 975 4483 ν-
1020 4473 1210 4491 ww...
1244 4473 1297 4483 ν-
1343 4473 1620 4498 νην--.η
1663 4473 1716 4484 ν-
1752 4473 2030 4485 νυν-ης...-

471 4518 866 4586 multiplexque
905 4519 1147 4572 luxuria.
1183 4518 1309 4573 Haec
1336 4526 1392 4572 et
1423 4520 1620 4573 horum
1662 4520 1862 4594 similia
1888 4520 2030 4573 vitia,

2155 4509 2310 4582 ράδες
2338 4505 2447 4558 τῶν
2482 4497 2795 4567 ἀναγκαίων
2823 4491 3023 4594 χρείων
3056 4473 3711 4594 παρεϐλόιστησαν,

472 4614 535 4660 ut
566 4605 829 4672 stolones,
861 4614 955 4660 aut
978 4608 1118 4661 rami
1148 4608 1367 4677 quidam
1403 4609 1650 4673 inutiles,
1686 4618 1884 4681 praeter
1924 4611 2048 4665 vitae

473 4709 611 4749 usus
669 4695 1012 4749 necessarios
1061 4706 1468 4766 provenerunt,
1522 4700 1651 4753 dum
1704 4700 2051 4756 necessitatis

472 4784 743 4839 terminos
788 4784 1031 4840 transilit
1081 4787 1380 4856 appetitus,
1419 4787 1776 4859 hominesque
1808 4804 1918 4843 non
1952 4803 2052 4843 cu-

472 4885 599 4931 rant
638 4876 887 4931 honestis
934 4877 1133 4933 studiis
1177 4877 1420 4933 dilatari.
1469 4879 1613 4947 Quid
1661 4882 1806 4936 enim
1855 4880 2052 4949 alendo

474 4966 699 5035 corpori
748 4973 983 5036 prosunt
1030 4975 1288 5038 argentea
1335 4983 1498 5037 vasa,
1536 4985 1673 5025 auro
1710 4973 2054 5041 gemmisque

474 5064 737 5128 tanquam
787 5058 1013 5143 tioribus
1061 5058 1320 5114 distincta
1349 5068 1514 5132 atque
1542 5062 1848 5118 exornata?
1876 5062 2050 5129 Quem

478 5162 642 5202 usum
705 5148 942 5204 all‘erunt
1007 5157 1187 5205 vestes
1240 5151 1425 5207 aureis
1479 5155 1884 5224 purpureisque
1952 5154 2058 5210 filis

479 5248 769 5305 contextae,
804 5248 858 5296 et
888 5242 1038 5296 varia
1075 5243 1369 5299 elaboratae
1404 5245 1640 5314 pictura,
1688 5260 1797 5315 qua
1833 5253 1887 5300 et
1915 5261 2059 5316 prte-

480 5329 577 5394 lla,
606 5342 660 5385 et
700 5335 1039 5400 venationes,
1075 5346 1129 5390 et
1176 5337 1295 5391 alite
1327 5352 1416 5392 res
1447 5334 1716 5406 ejusmodi
1753 5338 1809 5391 in
1856 5336 2058 5393 tunicis

483 5427 539 5473 et
577 5420 913 5480 indumentis
964 5425 1035 5479 ab
1088 5426 1393 5482 artillcibus
1448 5426 1883 5498 describuntur?
1927 5427 2059 5493 Quae

489 5509 709 5579 quidem
747 5512 963 5569 luxuria
995 5530 1212 5585 semper
1243 5518 1531 5572 avaritiam
1569 5518 1825 5572 comitem
1873 5520 2057 5577 habet.

487 5597 624 5655 Nam
670 5610 729 5655 ut
761 5603 906 5660 vires
957 5606 1064 5661 sibi
1097 5608 1164 5662 ad
1203 5609 1319 5665 haec
1351 5620 1567 5680 parent,
1612 5625 1797 5667 rerum
1845 5612 2062 5681 cupita-

561 5780 584 5813 ⁸
609 5777 767 5834 Joan.
797 5795 880 5847 tn,
914 5782 1004 5836 '50.

2148 4567 2440 4672 παρελθεῖν
2464 4593 2593 4654 τοὺς
2615 4592 2714 4660 τῆς
2736 4586 2927 4658 χρείας
2964 4584 3123 4654 ὅρους
3151 4580 3248 4650 τὴν
3280 4577 3477 4672 ὄρεξιν,
3498 4572 3589 4672 καὶ
3613 4567 3711 4672 τοῖς

2149 4660 2244 4749 ἐπ’.
2259 4688 2433 4747 οὐδενὶ
2457 4683 2717 4757 χρησίμῳ
2759 4674 3217 4745 σπουδαζομένας
3251 4660 3708 4757 ὲπιπλατύνεσθαιῖ

2265 4780 2376 4852 γὰρ
2406 4746 2583 4832 κοινὸν
2615 4746 2727 4844 έχει
2748 4768 2897 4840 τπρὸς
2926 4765 2987 4819 τὸ
3025 4764 3125 4833 τῆς
3167 4760 3377 4833 τροφῆς
3401 4757 3655 4852 χρησιμον

2150 4845 2442 4942 διάγλυιρος
2456 4869 2716 4938 ἄργυρος,
2734 4857 2941 4931 χρυσῷ,
2966 4854 3062 4911 καὶ
3089 4852 3260 4915 λίθοις
3280 4845 3685 4942 ἐπανθιζόμξνος
3698 4849 3711 4897 ἱ

2158 4927 2225 5017 ;‘ll
2423 4927 2893 5029 χάρινέπεδέήθη
2942 4947 3005 5001 τὸ
3038 4945 3254 5015 ἱμάτιον
3274 4939 3369 4994 τοῦ
3406 4931 3604 5029 χρυσού
3630 4927 3714 4994 νή-

2157 5071 2346 5128 ματος,
2369 5026 2465 5105 xui.
2484 5026 2582 5119 τῆς
2601 5044 2931 5113 εὐανθούσης
2952 5036 3301 5128 πορφυρίδος,
3324 5031 3420 5128 καὶ
3442 5029 3539 5099 τῆς
3561 5026 3714 5128 uel“:

2154 5108 2321 5215 τικῆς
2336 5108 2693 5212 ’ζωγραφίας
2733 5135 2803 5189 δι’
2932 5108 3180 5200 πόλεμοι,
3215 5127 3310 5181 καὶ
3336 5122 3517 5193 θῆρες,
3547 5114 3633 5215 καὶ

2155 5206 2381 5293 τοιαῦτα
2416 5236 2529 5296 τοῖς
2575 5228 2766 5301 χιτῶσί
2793 5241 2854 5279 τε
2879 5224 2972 5278 καὶ
3019 5222 3132 5283 τοῖς
3167 5216 3424 5287 ἐνδύμασι
3458 5206 3600 5303 παρα
3620 5213 3717 5303 των

2165 5329 2496 5402 ὐφαινόντων
2530 5299 3039 5391 ὲνζωγραφοῦνται;
3063 5308 3159 5376 Οἷς
3182 5303 3539 5402 συμμαχοῦσα
3565 5299 3596 5367 ή

2527 5378 2730 5482 ἐνεφύη
2762 5378 2938 5470 νόσος.
2975 5378 3096 5458 Ἵνα
3147 5378 3566 5482 γὰρνεπιτύχωσι
3598 5378 3718 5452 πρὸς

2165 5513 2339 5567 ταῦτα
2359 5477 2828 5579 παρασκευῆς-καὶ
2862 5496 3166 5566 δυνάμεως,
3193 5487 3418 5584 τὰς
3448 5477 3718 5584 aurasin:

2745 5592 2845 5664 τῆς
2873 5557 3185 5652 πλεονεξίας
3220 5578 3542 5653 πορίζονται.
3591 5563 3650 5619 Ἡ
3667 5557 3718 5609 δὲ
