4026 6422
307 419 403 475 529

1678 435 1770 491 DE
1807 437 2136 495 MORTUIS.

3442 467 3548 524 550

304 536 571 602 πλεονεξία
596 541 659 611 τῇ
685 540 909 616 ἀπιστίᾳ
945 545 1043 617 τὴν
1071 547 1275 604 εἴσοδον
1310 552 1540 623 ἡνοιξεν,
1585 557 1706 630 ἥτις
1738 560 1854 614 ἐστὶ

1958 576 2079 615 rum
2139 565 2424 620 materiam
2483 566 2715 622 avaritia
2759 568 3146 628 subministrat
3186 591 3202 629 :
3244 576 3549 650 eademque

302 633 433 688 κατὰ
468 633 559 686 τὸν
596 635 929 706 Σολομῶντα,
975 641 1371 718 όιτετρημὲνος
1415 648 1589 716 πίθος,
1620 651 1708 706 ἀεὶ
1751 656 1865 718 τοῖς

300 724 619 778 ἀπαντλοῦσι
652 725 871 792 λείπων,
914 733 1007 785 καὶ
1032 734 1186 799 κενὸς
1218 737 1627 811 εὑρισκόμενος.
1655 744 1866 801 Οὐκοῦν

298 815 354 866 οὐ
380 814 439 866 τὸ
660 817 760 882 τάς
787 821 894 910 τῶν
927 825 1110 880 κακῶν
1151 829 1426 903 ἀφορμὰς,
1459 835 1631 907 ἀλλ’ἢ
1668 840 1865 910 προαί-

300 921 439 1000 ρεσις
472 907 708 1000 ἐμποιεῖ,
753 909 844 966 τὸν
896 915 1099 971 σκοπὸν
1153 918 1255 990 τῆς
1293 924 1484 994 χρείας
1512 927 1594 990 είς
1618 907 1724 1000 τὴν
1756 929 1865 984 τῶν

298 994 505 1049 ἀτόπων
524 997 821 1071 ἐπιθυμίαν
836 1004 1199 1078 ἐκτρέπουσα.
1230 1014 1324 1086 Μὴ
1351 1017 1531 1072 τοίνυν
1554 994 1865 1087 κακίζέσθω

298 1088 438 1159 παρά
464 1090 575 1143 τῶν
607 1093 1023 1166 ἀπερισκέπτων
1047 1099 1109 1154 τὸ
1148 1104 1327 1177 σῶμα,
1350 1101 1394 1176 ᾧ
1423 1110 1560 1178 μετά
1582 1110 1757 1167 ταῦτα
1776 1113 1865 1170 διὰ

294 1181 385 1253 τῆς
412 1183 828 1254 παλιγγενεσίας
852 1197 1385 1268 μεταστοιχειωθέντι
1415 1204 1552 1274 πρὸς
1574 1205 1635 1259 τὸ
1666 1206 1866 1261 θειότε-

297 1291 381 1346 ρον
403 1276 458 1371 ἡ-
486 1275 632 1349 ψυχὴ
660 1279 1081 1351 καλλωπίσεται,
1111 1289 1180 1343 τά
1216 1294 1446 1363 περιττά
1473 1312 1532 1349 τε
1563 1297 1657 1352 καὶ
1688 1298 1865 1371 ἄχρη-

296 1382 409 1462 στα,
428 1367 503 1433 ὡς
526 1370 664 1462 πρὸς
690 1371 790 1462 τὴν
815 1375 1112 1433 ἀπόλαυσιν
1134 1381 1235 1454 τῆς
1259 1385 1558 1459 μελλούσης
1575 1367 1861 1462 ζωῆςξτόῦ

294 1454 508 1549 δανάτου
541 1460 1024 1534 ’ἀποκαθάραντος.
1053 1469 1129 1522 Οὐ
1160 1454 1269 1544 γὰρ
1296 1474 1431 1544 πρὸς
1479 1454 1526 1530 ἃ..
1550 1477 1645 1531 νῦν
1672 1454 1863 1549 ἐπιτη-

292 1546 432 1613 δείως
457 1549 591 1621 ἔχει,
621 1552 692 1607 τὰ
720 1554 861 1609 αὐτὰ
899 1559 992 1612 καὶ
1013 1562 1072 1615 ἐν
1104 1563 1181 1635 τῷ
1208 1566 1346 1635 μετὰ
1370 1568 1543 1623 ταῦτα
1560 1546 1863 1643 χρησιμεύο

294 1657 365 1693 σει
393 1642 662 1737 etwa»:
689 1649 863 1704 οἰκεία
896 1654 990 1707 καὶ
1013 1657 1348 1730 κατάλληλος
1365 1661 1518 1719 ἔσται
1537 1642 1605 1737 τῇ
1630 1642 1865 1722 ἀπολαύ·

292 1749 365 1785 σει
389 1735 484 1832 τῇς
501 1733 918 1832 ’ζωῆς-’ἐκείνης
965 1748 997 1817 ἠ
1047 1746 1141 1802 τοῦ
1185 1751 1437 1822 σώματος
1483 1733 1640 1827 ἡμῶν
1682 1776 1863 1832 παρα-

292 1824 465 1896 σκευὴ,
489 1828 764 1899 ἁρμοδίως
798 1835 931 1905 πρὸς
948 1837 1047 1908 τὴν
1074 1839 1183 1894 τῶν
1196 1841 1415 1911 ἀγαθῶν
1433 1824 1721 1916 μετουσίαν
1747 1824 1864 1905 δια--

289 1915 506 1972 τεθεῖσα.
534 1917 662 1976 Οἷόν
680 1940 731 1978 τι
749 1924 893 1994 λέγω
933 1931 1206 2000 (κρεῖττον
1236 1933 1346 2006 γὰρ
1372 1937 1728 2011 ὑποδείγματι
1750 1943 1859 1998 τῶν

287 2010 564 2106 γνωρίμων
591 2015 699 2069 τινὶ
719 2015 1103 2092 διασαφηνίσαι
1120 2025 1180 2078 τὸ
1202 2025 1421 2098 νόημα)’
1439 2010 1610 2085 Ἡτοῦ
1639 2034 1858 2106 σιδήρου

289 2098 453 2196 βῶλος
483 2106 812 2177 χρησιμεύει
854 2112 920 2182 τῇ
953 2112 1284 2188 χαλκευτικῇ
1327 2119 1488 2192 τέχνῃ
1508 2160 1525 2189 ,
1551 2098 1860 2196 ἀκατὲργα-

290 2209 398 2258 στος
423 2193 619 2266 ἄκμων
653 2203 918 2273 γενομένη
953 2203 1047 2258 τοῦ
1091 2208 1508 2278 τεχνιτεύοντος.
1553 2215 1692 2269 Ἀλλ’
1726 2193 1860 2273 όταν

285 2279 356 2374 δεῖ
382 2285 514 2354 πρός
553 2302 609 2339 τι
642 2287 976 2360 »λεπτότερον
1013 2296 1447 2368 μετεργασθῆναι
1494 2299 1587 2354 τὸν
1620 2301 1856 2374 σίδηρον,

285 2373 393 2428 τότε
412 2375 476 2429 δι’
498 2380 824 2450 ἐπιμελείας
851 2382 950 2455 τὴν
983 2384 1151 2455 βῶλον
1183 2387 1278 2440 τοῦ
1310 2391 1483 2463 πυρὸς
1510 2373 1859 2467 ἐκκαθήραν-

284 2482 384 2535 τος,
407 2467 552 2524 ἆπαν
583 2471 906 2528 ἀποτίθεται
946 2476 1007 2530 τὸ
1046 2478 1244 2547 γεῶδες
1277 2483 1371 2536 καὶ
1412 2484 1704 2558 ἄχρηστον,
1741 2488 1771 2542 ὃ
1791 2489 1855 2560 δὴ

288 2561 509 2645 σκωρίαν
531 2565 584 2616 οἱ
621 2567 863 2636 τεχνῖται
894 2570 990 2640 τῆς
1026 2570 1288 2640 ἐργασίας
1316 2573 1522 2645 ταύτης
1552 2578 1856 2648 κατονομά-

286 2649 454 2716 ζουσιο
504 2659 605 2711 καὶ
637 2657 810 2723 οὕτως
854 2662 882 2714 ό
934 2663 1067 2716 ποτὲ
1109 2663 1301 2735 ἄκμων
1338 2666 1782 2739 λεπτουργηθεὶς,
1822 2671 1856 2742 ἢ

286 2745 469 2819 θώραξ,
500 2750 534 2820 ἢ
563 2750 700 2805 ἄλλο
732 2769 785 2805 τι
802 2751 912 2807 τῶν
939 2753 1151 2811 λεπτῶν
1171 2760 1712 2830 κατασκευασμάτων
1736 2762 1856 2830 ἐγέο

285 2855 409 2907 νετο,
436 2840 531 2895 τοῦ
556 2840 806 2897 τοιούτου
834 2845 1248 2917 περιττώματος
1270 2830 1632 2921 ἐκκαθαρθέὶς
1650 2851 1735 2907 διὰ
1759 2857 1859 2927 τῆς

285 2932 517 3001 χωνείας,
572 2934 716 3005 ὅπερ
771 2934 878 2999 ἓως
913 2937 1043 2990 ποτὲ
1089 2937 1283 3010 ἄκμων
1309 2935 1399 3012 ἦν,
1442 2942 1543 2997 οὐκ
1580 2943 1859 3016 ἐνομίζετο

285 3023 406 3094 πρὸς
420 3024 515 3095 τὴν
534 3024 667 3078 τότε
698 3025 888 3097 χρείαν
917 3022 1054 3081 εἶναι
1084 3028 1424 3103 περίττωμα.
1450 3033 1725 3090 Συνετέλει
1750 3038 1857 3111 γάρ

284 3129 330 3166 τι
349 3115 436 3167 καὶ
472 3118 504 3187 ἡ
528 3116 745 3184 σκωρία
763 3116 901 3187 πρὸς
931 3116 1022 3170 τὸν
1053 3117 1218 3187 ὄγκον
1249 3119 1343 3174 τοῦ
1372 3124 1591 3195 σιδήρου
1623 3127 1860 3195 ἐγκατα-

289 3206 585 3278 μεμιγμένη
622 3206 689 3276 τῇ
750 3204 927 3276 βώλῳ.
958 3205 1098 3278 Ἤδη
1150 3208 1398 3280 νενόηται
1452 3214 1586 3284 ἡμῖν
1627 3213 1689 3267 τὸ
1726 3214 1858 3269 ὑπό-

284 3294 493 3368 δειγμα·
552 3296 856 3369 μετακτέω
897 3298 996 3369 ἤδη
1030 3299 1166 3371 πρὸς
1198 3301 1260 3354 τὸ
1288 3304 1647 3374 προκείμενον
1678 3306 1858 3377 νόημα

284 3385 371 3456 τὴν
392 3389 447 3441 ἐν
472 3388 549 3459 τῷ
582 3387 945 3459 ὑποδείγματι
988 3389 1356 3462 θεωρηθεῖσαν
1388 3392 1643 3450 διάνοιαν.
1679 3396 1743 3449 Τί
1764 3393 1857 3451 οὖν

284 3476 387 3533 ἐστι
428 3479 622 3544 τοῦτο;
661 3480 869 3545 Πολλὰς
913 3481 1026 3552 ἔχει
1059 3481 1157 3536 νῦν
1187 3483 1527 3554 σκωρεώδεις
1566 3487 1859 3559 ποιότητας

285 3568 315 3639 ἡ
364 3569 452 3624 τοῦ
490 3571 749 3643 σώματος
795 3573 978 3642 φύσις,
1020 3575 1076 3628 αἳ
1119 3575 1262 3629 κατά
1312 3576 1410 3647 μὲν
1447 3576 1545 3648 τὴν
1578 3579 1858 3649 παροῦσαν

286 3658 434 3734 ζωὴν,
467 3664 612 3735 πρός
655 3681 708 3717 τι
761 3666 1031 3737 χρήσιμον
1066 3666 1431 3734 συντελοῦσιν,
1467 3670 1758 3741 ἀχρήστως
1799 3672 1856 3726 δὲ

284 3756 585 3811 παντάπασι
616 3758 710 3811 καὶ
725 3757 1023 3830 ἀλλοτρίως
1038 3758 1222 3831 ἔχουσι
1251 3761 1389 3833 πρὸς
1413 3761 1512 3834 τὴν
1529 3762 1669 3834 μετά
1683 3763 1857 3821 ταῦτα

285 3851 732 3924 προσδοκωμένην
758 3852 1155 3925 μακαριότητα.
1188 3854 1366 3926 Ὅπερ
1395 3849 1489 3910 οὖν
1530 3858 1588 3910 ἐν
1615 3855 1693 3928 τῷ
1724 3858 1858 3930 πυρὶ

284 3944 401 4016 περὶ
423 3945 513 4001 τὸν
544 3944 769 4015 σίδηρον
793 3943 1021 4015 γίνεται,
1050 3946 1110 4000 τὸ
1146 3946 1416 4019 ἄχρηστον
1442 3947 1589 4005 ἆπαν
1619 3952 1718 4022 τῆς
1745 3969 1857 4022 χω-

283 4035 415 4101 νείας
439 4036 837 4108 ἀποποιούσης,
871 4036 1029 4091 τοῦτο
1054 4037 1144 4092 διὰ
1168 4038 1261 4093 τοῦ
1300 4038 1533 4096 θανάτου
1563 4042 1859 4114 κατορθοῦ-

283 4142 361 4181 ται
385 4128 459 4201 τῷ
490 4130 730 4200 σώματι,
754 4129 956 4193 παντὸς
975 4128 1389 4201 περιττώματος
1417 4121 1855 4205 ἀποποιουμένου

283 4216 465 4291 διὰτῆς
492 4223 552 4275 ἐν
576 4223 648 4292 τῇ
675 4221 961 4293 νεκρότητι
989 4220 1217 4285 λύσεως.
1239 4223 1454 4293 Φανερὰ
1485 4223 1585 4293 μὲν
1615 4222 1709 4279 οὖν
1738 4228 1856 4280 ἐστι

284 4309 485 4376 πάντως
496 4313 615 4375 τοῖς
630 4311 1062 4382 ἐπεσκεμμένοις
1091 4313 1221 4366 ποῖα
1238 4311 1412 4367 ταῦτά
1426 4314 1595 4381 ἐστιν,
1625 4307 1701 4369 ὧν
1720 4316 1857 4370 ἀπο-

285 4400 593 4474 καθαίρεται
617 4403 675 4456 τὺ
697 4402 857 4473 σῶμα
889 4405 967 4468 είς
994 4402 1218 4477 ὕστερον
1237 4421 1251 4436 ⁶
1287 4406 1432 4477 ἅπερ
1462 4407 1511 4460 εί
1556 4406 1632 4479 μὴ
1651 4409 1854 4481 παρείη

285 4492 413 4547 κατά
451 4495 550 4567 τὴν
608 4494 893 4565 παροῦσαν
940 4496 1107 4570 ζωὴν,
1149 4496 1322 4570 ζημία
1365 4497 1575 4567 γίνεται
1604 4497 1698 4553 τοῦ
1735 4498 1852 4569 βίου

1966 653 2197 708 avaritia
2242 654 2551 712 infidelitati
2584 657 2789 715 aditum
2823 660 3237 731 patefacitzest
3277 669 3447 735 enim,
3490 678 3549 726 ut

1965 741 2043 797 ait
2071 740 2395 812 Solomon’,
2437 747 2649 803 dolium
2684 758 2995 820 pertusum,
3027 755 3176 825 quod
3208 759 3302 828 qui
3338 775 3549 816 conan-

1965 840 2057 888 tur
2100 834 2347 907 implere,
2384 837 2592 895 frustra
2636 830 2911 911 laborant,
2955 851 3011 900 et
3053 860 3289 903 vacuum
3328 866 3547 921 semper

1965 923 2280 987 inveniunt.
2294 928 2511 1001 Corpus
2536 947 2671 1004 ergo
2698 949 2811 989 non
2837 934 2997 993 affert
3020 939 3289 994 malorum
3321 957 3543 1006 causas,

1964 1016 2063 1072 sed
2124 1017 2247 1089 ipsa
2298 1022 2587 1090 voluntas,
2644 1040 2768 1096 quae
2821 1030 3201 1086 necessarium
3251 1047 3413 1088 usum
3475 1034 3546 1088 ad

1963 1108 2233 1166 absurdas
2279 1122 2334 1169 et
2375 1113 2601 1173 inutiles
2650 1118 2980 1188 cupiditates
3015 1121 3329 1192 detorquet.
3374 1122 3546 1180 Nemo

1963 1197 2134 1272 igitur
2190 1210 2396 1262 temere
2440 1216 2498 1262 et
2544 1207 2955 1268 inconsiderate
3010 1222 3262 1270 nostrum
3323 1222 3547 1270 accuset

1962 1306 2184 1363 corpus,
2228 1310 2338 1365 quo
2368 1304 2559 1368 postea
2590 1314 2690 1370 per
2731 1299 3201 1373 regenerationem
3251 1305 3307 1360 in
3337 1314 3543 1361 statum

1962 1381 2292 1440 diviniorem
2316 1396 2651 1444 commutato
2673 1390 2890 1449 animus
2914 1393 3291 1459 decorabitur,
3324 1409 3450 1450 cum
3474 1396 3544 1451 ab

1963 1474 2254 1533 inutilibus
2299 1477 2432 1535 illud
2471 1488 2527 1537 et
2575 1485 3003 1552 supervacaneis
3050 1486 3308 1543 sordibus
3353 1494 3409 1542 et
3455 1488 3545 1541 in-

1964 1567 2276 1624 commodis
2324 1586 2474 1628 mors
2512 1575 2920 1644 expurgaverit,
2956 1582 3014 1629 ut
3044 1574 3160 1629 vita
3206 1576 3391 1631 futura
3419 1592 3543 1647 pcr-

1965 1655 2199 1714 fruatur.
2241 1659 2377 1716 Nam
2415 1679 2536 1734 quae
2567 1665 2648 1721 illi
2692 1683 2842 1724 nunc
2873 1672 3230 1740 congruentia
3287 1677 3437 1736 sunt,
3472 1670 3542 1727 iis

1964 1763 2075 1804 non
2107 1758 2294 1807 utetur
2335 1753 2392 1807 in
2426 1755 2600 1811 altera
2630 1758 2760 1823 vita,
2816 1759 2884 1815 ad
2930 1761 3091 1829 cujus
3123 1760 3354 1817 fruenda
3398 1761 3542 1816 bona

1967 1839 2057 1895 flet
2089 1849 2218 1912 apta
2262 1847 2787 1918 accommodataque
2818 1852 3067 1921 corporis
3114 1853 3287 1908 nostri
3329 1853 3541 1907 consti-

1893 1917 1935 1975 Β
1964 1932 2124 1987 tutio.
2163 1932 2283 1990 Non
2328 1937 2567 1993 alienum
2619 1917 2801 1997 autem
2847 1917 2975 2007 erit,
3025 1952 3085 1996 ut
3123 1943 3269 2014 quod
3304 1943 3543 1999 dicimus

1960 2031 2105 2079 nota:
2138 2028 2582 2100 pervulgatazque
2617 2032 2696 2087 rei
2727 2033 3034 2104 cujuspiam
3068 2035 3316 2104 exemplo
3355 2035 3540 2091 decla-

1960 2130 2170 2174 remus.
2207 2118 2330 2172 Arti
2379 2122 2589 2177 agrariae
2622 2123 2774 2179 utilis
2811 2133 2897 2180 est
2938 2124 3071 2180 ferri
3104 2125 3294 2181 infecti
3345 2127 3539 2182 illaboo

1959 2206 2178 2278 ratique
2217 2224 2421 2277 massa,
2465 2211 2595 2267 dum
2652 2230 2716 2270 ea
2758 2230 2859 2284 pro
2914 2215 3114 2270 incude
3144 2213 3300 2271 faber
3338 2217 3535 2271 utitur.

1958 2296 2031 2352 At
2056 2312 2182 2355 cum
2216 2315 2359 2372 opus
2390 2310 2476 2358 est
2508 2303 2655 2359 ferro
2705 2305 2774 2360 ad
2817 2319 2960 2376 opus
3010 2305 3241 2375 aliquod
3281 2306 3541 2362 subtilius

1958 2397 2014 2444 et
2049 2390 2227 2462 magis
2259 2392 2603 2449 elaboratum
2631 2394 3057 2461 conficiendum,
3093 2405 3229 2451 tunc
3257 2398 3383 2468 igne
3417 2396 3542 2451 dili-

1960 2489 2155 2553 genter
2213 2494 2593 2557 expurgantur
2654 2501 2854 2543 massae
2920 2487 3068 2544 illius
3126 2496 3323 2544 terrea:
3376 2494 3545 2557 atque

1960 2572 2185 2630 inutiles
2225 2574 2411 2641 faeces,
2463 2592 2622 2646 quas,
2667 2579 2763 2648 qui
2818 2578 2954 2634 artis
3008 2579 3129 2648 ejus
3183 2580 3346 2649 periti
3389 2587 3540 2648 sunt,

1959 2665 2202 2721 scoriam
2236 2668 2537 2739 appellant.
2579 2669 2760 2739 Atque
2809 2671 2886 2724 ita
2921 2671 3071 2739 quod
3109 2672 3241 2725 olim
3277 2677 3397 2725 erat
3451 2671 3540 2725 in-

1959 2770 2059 2812 cus
2112 2756 2336 2813 rudisve
2394 2758 2523 2813 ferri
2573 2774 2794 2826 massa,
2856 2762 3134 2818 subtiliter
3198 2763 3541 2819 elaboratum

1958 2845 2131 2900 lorica
2162 2845 2246 2912 ﬁt,
2290 2855 2386 2903 aut
2424 2848 2647 2918 aliquod
2684 2849 2833 2904 aliud
2868 2866 3011 2921 opus
3040 2854 3319 2923 egregium
3363 2862 3418 2910 et
3448 2870 3544 2909 ex-

1958 2935 2213 3006 politum,
2264 2938 2689 3009 supervacaneis
2742 2940 2796 2995 in
2829 2939 3054 2997 fornace
3100 2944 3345 2999 excoctis
3393 2944 3545 3014 abje—

1959 3027 2175 3099 ctisque
2217 3027 2497 3095 sordibus,
2549 3045 2670 3101 qua:
2702 3039 2887 3087 tamen
2939 3032 2995 3087 in
3031 3034 3151 3104 ipsa
3205 3034 3403 3090 incude
3448 3044 3543 3090 aut

1960 3135 2147 3178 massa
2196 3121 2566 3179 considerata:
2615 3138 2971 3193 supervacuae
3022 3138 3134 3179 non
3178 3126 3541 3195 putabantur.

1960 3212 2191 3270 Confert
2230 3213 2378 3271 enim
2412 3213 2619 3284 aliquid
2654 3215 2723 3269 ad
2753 3214 2883 3280 ferri
2922 3216 3120 3271 molem
3157 3218 3324 3272 etiam
3363 3219 3545 3274 scoria

1959 3305 2018 3358 in
2074 3319 2256 3361 massa
2314 3306 2605 3376 permista.
2661 3299 3021 3377 Perspicuum
3088 3306 3195 3362 hoc
3243 3308 3402 3365 nobis
3460 3320 3547 3366 est

1959 3396 2269 3465 exemplum
2306 3414 2321 3451 :
2352 3397 2832 3453 accommodamus
2855 3413 3003 3452 nunc
3043 3409 3367 3468 praesentem
3411 3415 3545 3461 con-

1960 3483 2357 3542 siderationem
2405 3488 2473 3542 ad
2518 3501 2639 3543 eam
2674 3504 2796 3558 quae
2827 3488 2882 3542 in
2912 3482 3165 3559 exemplo
3205 3491 3547 3562 conspicitur

1962 3574 2423 3646 intelligentiam:
2457 3576 2719 3646 quidnam
2765 3577 2933 3648 igitur
2964 3578 3113 3633 istud
3165 3580 3284 3635 est?
3317 3580 3423 3635 hoc
3456 3583 3545 3637 ni-

1958 3665 2182 3719 mirum.
2216 3666 2413 3721 Multas
2438 3681 2587 3722 nunc
2611 3667 2776 3723 habet
2799 3675 2998 3723 natura
3038 3672 3287 3742 corporis
3326 3675 3542 3741 sordes,

1958 3768 2025 3811 ac
2066 3756 2235 3812 veluti
2281 3758 2551 3825 scoriam,
2600 3760 2898 3830 quamdam
2944 3764 3204 3833 praesenti
3259 3766 3384 3821 vitae
3432 3782 3543 3822 non

1957 3847 2208 3903 inutilem
2254 3848 2406 3904 illam
2466 3850 2690 3921 quidem
2746 3852 2932 3922 aliquo
2977 3855 3161 3920 modo,
3215 3857 3310 3912 sed
3359 3865 3543 3913 tamen

1959 3937 2192 3992 alienam
2234 3953 2467 4009 prorsus
2502 3943 2572 3995 ab
2601 3955 2664 3995 ea
2713 3940 2999 4008 felicitate,
3039 3960 3201 4013 quam
3253 3957 3542 4017 exspecta-

1957 4044 2102 4086 mus.
2126 4028 2597 4097 Quemadmodum
2632 4032 2798 4104 igitur
2839 4034 2896 4090 in
2926 4034 3151 4093 fornace
3191 4037 3334 4108 ignis
3365 4040 3544 4095 aufert

1957 4128 2012 4176 et
2052 4120 2293 4177 absumit
2337 4122 2605 4194 quidquid
2661 4125 2718 4178 in
2774 4123 2924 4182 ferro
2977 4135 3062 4182 est
3090 4128 3308 4194 inutile,
3358 4130 3439 4185 sic
3486 4132 3540 4185 in

1956 4211 2079 4282 ipsa
2109 4222 2284 4268 morte
2313 4228 2514 4283 corpus
2545 4215 2613 4269 ab
2642 4217 2792 4270 omni
2825 4231 2885 4270 rc
2922 4232 3333 4287 supervacanea
3375 4228 3543 4291 atque

1957 4301 2142 4357 inutili
2185 4318 2286 4374 per
2325 4304 2681 4360 mortalitatis
2711 4305 3044 4362 solutionem
3076 4308 3367 4364 liberatur.
3408 4313 3543 4377 Quae

1957 4401 2141 4448 autem
2176 4393 2288 4448 sint
2331 4408 2419 4462 ea,
2454 4408 2486 4447 a
2529 4394 2733 4464 quibus
2772 4410 2974 4467 corpus
3023 4398 3079 4453 in
3110 4408 3389 4470 posterum
3441 4418 3540 4459 ex-

1957 4486 2304 4557 purgabitur,
2344 4502 2470 4558 qua:
2512 4487 2622 4543 nisi
2676 4489 2768 4545 hic
2820 4491 3100 4557 adessent,
3137 4507 3381 4562 praesens
3426 4497 3542 4553 haec

282 4585 481 4640 τούτου.
514 4586 665 4659 Πλὴν
690 4587 829 4642 ἀλλά
876 4590 971 4642 καὶ
1019 4590 1151 4662 παρ’
1181 4589 1339 4662 ἡμῶν
1368 4591 1667 4664 σαφηνείας
1694 4589 1854 4664 χάριν

1961 4578 2069 4632 vlta
2099 4579 2361 4633 damnum
2392 4578 2619 4646 faceret,
2659 4581 2787 4637 licet
2806 4583 2987 4640 cuivis
3007 4585 3254 4643 studiose
3284 4589 3543 4645 conside-

283 4671 343 4727 δι’
369 4677 564 4749 ὀλίγων
592 4681 893 4751 εἰρήσεται.

348 4938 546 5007 Ἔστω,
572 4940 695 4995 καθ’
717 4942 994 5009 ὑπόθεσιν,
1014 4943 1133 4997 ἀντὶ
1157 4944 1255 5013 μὲν
1266 4945 1365 5016 τῆς
1394 4943 1587 5016 βώλου,
1619 4946 1652 5017 ἡ
1677 4946 1854 5017 ὄρεξις

282 5029 311 5098 ἠ
332 5033 573 5099 φυσικῶς
593 5034 687 5087 ἐπὶ
714 5035 932 5103 πάντων
947 5036 1311 5109 ἐνεργουμένη
1332 5054 1345 5068 ·
1367 5038 1490 5094 ἀντὶ
1507 5038 1564 5092 δὲ
1592 5041 1689 5111 τῆς
1715 5056 1857 5095 σκω-

285 5119 395 5189 piat;
413 5123 607 5187 ταῦτα,
634 5125 773 5197 πρὸς
788 5126 834 5181 ἀ
865 5125 961 5180 νῦν
989 5127 1086 5190 τὰς
1109 5126 1286 5198 ὁρμὰς
1309 5128 1422 5200 ἔχει
1451 5131 1485 5199 ἡ
1508 5129 1708 5201 ὄρεξις,
1730 5130 1854 5201 ἡδο-

282 5213 382 5277 ναὶ,
408 5216 505 5269 καὶ
544 5216 787 5285 πλοῦτοι,
817 5218 913 5271 καὶ
940 5217 1259 5288 φιλοδοξίαι,
1280 5221 1372 5274 καὶ
1399 5220 1731 5284 δυναστεῖαι,
1761 5223 1856 5276 καὶ

283 5298 457 5373 θυμοὶ,
501 5308 596 5361 καὶ
624 5308 803 5379 τῦφοι,
833 5311 927 5365 καὶ
962 5311 1032 5364 τά
1070 5311 1316 5367 τοιαῦτα.
1351 5312 1567 5369 Τούτων
1601 5314 1855 5370 ἁπάντων

282 5396 494 5451 καὶτῶν
516 5400 792 5464 τοιούτων,
833 5403 1127 5476 καθάρσιον
1159 5404 1386 5476 ἀκριϐὲς
1403 5405 1433 5457 ό
1455 5404 1682 5468 θάνατος
1711 5406 1857 5475 γίνεα-

282 5500 402 5539 ταιο
427 5480 504 5541 ὧν
549 5490 899 5561 γυμνωθεῖσά
937 5510 999 5547 τε
1044 5493 1139 5548 καὶ
1186 5493 1520 5567 καθαρθείσα
1556 5494 1774 5549 πάντων
1818 5498 1852 5567 ἡ

282 5575 477 5647 ὄρεξις,
511 5581 646 5653 πρὸς
672 5583 734 5637 τὸ
762 5584 920 5655 μόνον
941 5584 1164 5656 ὀρεκτόν
1200 5603 1261 5640 τε
1284 5586 1377 5642 καὶ
1400 5586 1736 5659 ἐπιθυμητὸν
1760 5588 1854 5642 καὶ

283 5666 547 5742 ιράσμιον
583 5676 650 5746 τῇ
695 5675 945 5748 ἐνεργείᾳ
982 5679 1339 5761 τραπήσεται,
1366 5678 1466 5734 οὐκ
1504 5678 1857 5737 ἀποσϐέσασα

357 5847 377 5877 ⁸
431 5850 595 5911 Ecclt.
627 5871 742 5923 XXI,
772 5856 859 5912 t7.

1964 4669 2109 4724 ranti
2156 4669 2318 4726 facile
2365 4671 2710 4746 intelligere:
2739 4682 2921 4730 tamen
2957 4692 3068 4747 quo
3115 4678 3334 4748 planius
3378 4682 3542 4736 etiam

1964 4770 2200 4827 constet,
2234 4772 2356 4819 uta
2404 4766 2690 4835 proposito
2739 4768 3142 4837 exemplo-non
3194 4771 3541 4836 recedamus,

1964 4851 2204 4910 breviter
2227 4869 2258 4910 a
2291 4856 2451 4912 nobis
2473 4858 2638 4912 etiam
2672 4861 3132 4916 recensebuntur.

2035 4945 2215 5003 Massa
2247 4949 2415 5019 igitur
2461 4949 2533 5006 sit
2563 4952 2846 5021 appetitio,
2890 4958 3021 5024 quae
3076 4956 3405 5010 naturaliter
3459 4965 3543 5013 est

1963 5041 2220 5097 omnibus
2272 5041 2459 5109 insita,
2521 5042 2703 5098 scori‘a
2739 5051 2945 5109 autem,
2996 5055 3051 5100 et
3110 5045 3293 5111 faeces,
3335 5061 3420 5113 ea,
3473 5048 3542 5102 ad

1953 5150 2078 5210 quae
2104 5150 2251 5190 nunc
2275 5136 2479 5206 impetu
2505 5137 2729 5192 ducitur
2744 5145 2799 5192 et
2827 5138 3062 5191 trahitur
3077 5137 3362 5207 appetitio,
3387 5154 3543 5193 nem-

1953 5242 2020 5297 pe
2049 5226 2380 5298 voluptates,
2406 5228 2633 5293 divitiae,
2667 5228 2862 5300 gloria,
2906 5229 3271 5300 principatus,
3322 5230 3541 5286 iracun-

1954 5318 2069 5381 dia,
2103 5326 2309 5385 tumor,
2342 5319 2675 5390 arrogantia,
2700 5326 2758 5375 et
2787 5319 2841 5374 id
2870 5334 3046 5391 genus
3085 5320 3215 5382 alia,
3263 5335 3294 5374 a
3338 5321 3539 5392 quibus

1954 5409 2212 5465 omnibus
2244 5425 2349 5468 nos
2379 5411 2631 5481 expiatos
2662 5426 2808 5467 mors
2836 5426 2901 5466 ac
2923 5413 3082 5482 plane
3102 5412 3308 5482 liberos
3338 5414 3539 5470 reddit.

1958 5500 2060 5557 Bis
2081 5501 2227 5557 enim
2252 5510 2416 5560 exuta
2430 5518 2711 5575 vacuaque
2733 5504 2994 5576 appetitio
3016 5505 3086 5561 ad
3114 5505 3170 5560 id
3194 5506 3340 5578 quod
3364 5508 3539 5563 solum

1960 5594 2347 5664 expetendum,
2404 5587 2727 5668 optandum,
2798 5599 3203 5670 amandumque
3265 5609 3368 5664 est,
3431 5599 3539 5652 vim

1964 5684 2228 5743 transfert
2267 5700 2448 5753 suam,
2510 5702 2620 5743 non
2655 5686 3027 5759 exstinguens'
3066 5689 3287 5761 penitus
3341 5689 3538 5745 insitos
