3882 6424
405 460 505 513 851

1635 461 1691 514 S.
1731 456 2057 514 GREGORII
2095 455 2375 510 NYSSENI

3549 455 3641 508 53-2

407 569 475 622 ad
509 569 623 624 haec
663 567 902 640 impetus
934 585 965 625 a
1005 578 1223 635 natura,
1266 572 1362 628 sed
1400 587 1495 629 eos
1534 581 1860 630 convertens
1907 573 1974 627 ad

2095 569 2306 623 ιαθόλου
2333 568 2432 631 τὰς
2462 569 2782 639 ἐγκειμένας
2800 569 3040 637 φυσικῶς
3065 570 3196 639 ἡμῖν
3224 568 3315 620 ἐπὶ
3347 565 3417 619 τά
3435 569 3644 621 τοιαῦτα

408 661 496 715 illa
532 660 675 715 bona
702 661 1050 732 perfruenda,
1081 680 1202 734 qua:
1238 680 1269 720 a
1298 667 1528 721 materia
1553 667 1800 737 sejuncta
1825 674 1972 722 sunt.

405 748 541 803 Nam
570 751 684 805 illic
716 752 863 821 viget
887 769 1026 809 vera:
1048 756 1470 825 pulchritudinis
1495 772 1667 823 amor,
1703 757 1797 827 qui
1836 771 1977 811 nun-

409 856 575 910 quam
623 844 1011 915 exstinguitur.
1066 845 1180 902 Illic
1237 847 1529 904 laudabilis
1577 849 1731 904 adest
1763 850 1981 919 sapien—

405 934 497 987 tiae
530 933 845 989 divitiarum
892 938 1184 1008 cupiditas,
1218 949 1269 994 et
1301 941 1621 1009 praclarum
1670 955 1734 995 ac
1777 941 1978 996 bonum

406 1021 598 1089 gloriae
637 1025 902 1088 studium,
947 1025 1093 1096 quod
1125 1027 1178 1079 in
1230 1025 1323 1081 Dei
1359 1027 1510 1097 regni
1550 1028 1810 1082 societate
1849 1041 1983 1081 con-

407 1115 669 1180 sumitur,
723 1116 1119 1184 honestumque
1147 1117 1457 1172 diviuarum
1487 1119 1776 1189 epularum
1833 1118 1982 1174 desi-

408 1205 646 1272 derium,
689 1224 812 1277 quae
856 1208 1154 1278 degustatae
1193 1209 1400 1263 nullam
1463 1226 1703 1281 unquam
1752 1210 1984 1267 aﬂ‘erunt

413 1299 740 1354 satietatem.
779 1300 1145 1366 Quamobrem
1178 1303 1271 1372 qui
1301 1303 1452 1358 novit
1489 1305 1658 1360 totius
1693 1303 1844 1359 orbis
1881 1319 1983 1357 au-

412 1397 618 1442 ctorem
649 1394 702 1443 et
733 1388 980 1458 opiﬁcem
1009 1389 1179 1446 Deum
1203 1400 1510 1462 opportuno
1525 1401 1764 1463 tempore
1787 1409 1984 1465 corpo-

413 1478 495 1533 ris
528 1479 726 1534 molem
757 1495 822 1534 ac
842 1496 1080 1537 massam
1117 1483 1169 1536 in
1204 1498 1354 1537 arma
1383 1485 1538 1540 bonae
1578 1486 1842 1540 voluntati
1873 1500 1986 1542 suae

414 1575 568 1639 grata
600 1578 932 1639 acceptaque
957 1571 1345 1638 conﬂaturum,
1385 1583 1440 1629 et
1485 1576 1708 1631 loricam
1736 1577 1984 1646 justitiae,

416 1664 480 1710 ut
509 1657 686 1726 inquit
712 1659 1012 1728 Apostolus
1041 1662 1107 1724 ¹⁰,
1137 1663 1486 1734 gladiumque
1515 1667 1762 1735 spiritus,
1801 1676 1854 1723 et
1894 1683 1988 1739 ga-

418 1747 560 1803 leam
592 1749 732 1818 spei,
764 1759 928 1821 atqne
970 1766 1186 1808 omnem
1218 1755 1459 1810 divinam
1495 1767 1828 1811 armaturam
1869 1774 1989 1828 per-

419 1835 713 1904 fecturum,
747 1840 925 1911 diligit
963 1856 1165 1912 corpus
1200 1858 1360 1898 suum
1390 1861 1455 1901 ex
1488 1849 1808 1918 praescripto
1830 1851 1983 1920 legis,

2079 660 2276 730 ὁρμὰς,
2310 659 2445 713 ἀλλά
2479 661 2614 730 πρὸς
2653 659 2750 728 τὴν
2784 661 2944 714 ἀῦλον
2979 659 3087 712 τῶν
3122 658 3339 727 ἀγαθῶν
3373 661 3646 730 μετουσίαν

2084 751 2520 821 μεταποιήσασα.
2570 752 2718 804 Ἐκεῖ
2760 751 2868 820 γὰρ
2897 754 2924 804 ὁ
2953 750 3092 820 ἔρως
3117 748 3211 801 τοῦ
3249 748 3500 818 ἀληθινοῦ
3531 749 3642 802 κάλ-

2079 841 2224 907 λους,
2260 845 2288 896 ὁ
2327 843 2638 905 ἄπαυστος·
2687 843 2806 894 ἐκεῖ
2842 844 2876 912 ἡ
2918 839 3174 909 ἐπαινετὴ
3194 839 3299 891 τῶν
3326 839 3427 907 τῆς
3471 839 3649 906 σοφίας

2082 932 2369 1003 θησαυρῶν
2404 931 2701 998 πλεονεξία,
2727 933 2822 984 καὶ
2844 933 2876 1002 ἡ
2909 931 3046 1001 καλή
3076 947 3135 982 τε
3151 929 3244 982 καὶ
3260 927 3441 998 ἀγαθὴ
3457 927 3638 995 φιλοδο-

2083 1022 2171 1089 ξία
2199 1024 2233 1094 ἡ
2267 1025 2333 1093 τῇ
2368 1021 2623 1092 κοινωνίᾳ
2645 1024 2744 1090 τῆς
2768 1021 2864 1074 τοῦ
2891 1020 3025 1073 Θεοῦ
3058 1019 3332 1090 βασιλείας
3363 1020 3649 1089 κατορθου-

2086 1113 2243 1184 μένη,
2283 1113 2461 1167 καὶτὸ
2490 1112 2653 1166 καλὸν
2682 1113 2853 1175 πάθος
2897 1113 2996 1182 τῆς
3036 1110 3360 1177 ἀπληστίας,
3409 1110 3651 1162 οὐδέποτε

2084 1207 2230 1276 κόρῳ
2256 1205 2364 1258 τῶν
2387 1205 2798 1276 ὑπερκειμένων
2832 1202 2968 1272 πρδς
2997 1203 3088 1254 τὸν
3129 1201 3333 1270 ἀγαθὸν
3360 1201 3523 1254 πόθον
3542 1203 3650 1253 ἐπι·

2085 1297 2434 1366 κοπτόμενον.
2451 1295 2656 1350 Οὐκοῦν
2677 1294 2883 1365 μαθὼν,
2907 1295 2986 1346 ὅτι
3013 1295 3122 1354 τοῖς
3140 1292 3440 1362 καθήκουσι
3456 1292 3652 1362 χρόνοις

2084 1390 2114 1441 ὁ
2154 1387 2248 1441 τοῦ
2291 1387 2490 1451 παντὸς
2533 1387 2782 1456 τεχνίτης
2823 1386 2922 1456 τὴν
2972 1384 3068 1438 τοῦ
3109 1383 3359 1454 σώματος
3393 1383 3558 1453 βῶλον
3583 1385 3653 1447 εἰς

2087 1479 2247 1532 ὅπλον
2264 1479 2574 1549 εὐδοκιμίας
2594 1476 2928 1548 μεταχαλκεύ
2938 1493 3039 1540 σει,
3053 1475 3278 1546 θώρακα
3299 1473 3654 1542 δικαιοσύνης,

2089 1570 2268 1634 καθώς
2294 1588 2456 1642 φησιν
2486 1574 2514 1625 ὁ
2542 1570 2884 1635 Ἀπόστολος,
2912 1568 3005 1622 καὶ
3039 1567 3310 1638 μάχαιραν
3339 1565 3654 1636 πνεύματος,

2089 1665 2181 1716 καὶ
2215 1664 2642 1735 περικεφαλαίαν
2679 1663 2910 1727 ἐλπίδος,
2952 1662 3047 1713 καὶ
3088 1661 3266 1713 πᾶσαν
3293 1659 3392 1729 τὴν
3419 1659 3510 1712 τοῦ
3533 1659 3655 1712 Θεοῦ

2091 1755 2387 1808 πανοπλίαν
2449 1754 2950 1826 κατεργασάμενος,
3008 1752 3198 1821 ἀγαπᾷ
3247 1751 3310 1803 τὸ
3342 1751 3472 1803 εδιον
3512 1750 3654 1820 σῶμα

2090 1845 2229 1900 κατὰ
2244 1845 2333 1898 τὸν
2358 1845 2451 1898 τοῦ
2486 1845 2807 1898 Ἀποστὸλου
2833 1845 3015 1914 νόμον,
3041 1845 3100 1906 ὃς
3122 1859 3306 1913 φησιν,
3347 1843 3428 1895 ὃτι
3466 1842 3655 1908 Οὐδείς

420 1941 586 1996 quam
629 1927 757 1981 tulit
806 1928 1123 1999 Apostolus,
1168 1949 1346 1998 nemo,
1396 1913 1675 2004 inquiens,
1716 1913 1989 2007 proprium

2095 1939 2158 1993 τὸ
2186 1938 2403 1992 ἑαυτοῦ
2428 1936 2598 2006 σῶμα
2619 1913 2933 2005 ἐμίσησεκ.
2951 1935 3026 1989 Τὸ
3048 1935 3207 2006 σῶμα
3235 1935 3295 1988 δὲ
3325 1934 3387 1987 τὸ
3409 1934 3667 2005 κεκαθαρ-

420 2033 610 2086 corpus
639 2019 748 2073 odit
786 2021 850 2074 “.
899 2020 1104 2076 Purum
1140 2023 1308 2093 igitur
1343 2041 1407 2080 ac
1466 2028 1729 2083 mundum
1787 2045 1990 2100 corpus

418 2116 635 2177 oportet
662 2110 906 2182 diligere,
937 2128 1047 2167 non
1071 2122 1250 2170 autem
1282 2117 1559 2172 sordidam
1583 2120 1702 2188 ejus
1731 2121 1990 2186 scoriam,

420 2214 543 2268 quae
571 2201 895 2270 repudiatur
920 2210 975 2258 et
1006 2203 1281 2274 abjicitur.
1317 2205 1515 2262 Verum
1553 2217 1636 2264 est
1659 2211 1990 2281 enim,quod

421 2289 668 2344 continet
693 2290 878 2346 divina
913 2292 1198 2364 Scriptura
1227 2297 1294 2361 ¹²,
1324 2311 1446 2363 nos,
1483 2299 1527 2352 si
1564 2301 1844 2354 terrestris
1891 2301 1994 2356 do-

421 2392 548 2432 mus
605 2390 793 2434 nostra
855 2381 1018 2452 hujus
1068 2385 1408 2440 tabernaculi
1463 2389 1801 2453 destruatur,
1861 2400 1994 2446 tunc

421 2466 600 2536 ipsam
630 2470 950 2528 inventuros
983 2474 1400 2533 aediﬁcationem
1435 2494 1464 2531 a
1500 2478 1612 2534 Deo
1640 2479 1863 2547 factam,
1899 2483 1997 2537 do-

423 2573 572 2613 mum
614 2575 722 2615 non
764 2578 926 2617 manu
967 2575 1366 2634 constructam,
1420 2578 1681 2625 mternam
1730 2575 1786 2626 in
1837 2575 1996 2628 caelis

423 2651 642 2720 dignam
674 2669 796 2724 quae
855 2654 948 2711 Dei
983 2659 1053 2712 sit
1097 2659 1431 2716 domicilium
1461 2664 1514 2716 in
1541 2664 1754 2733 spiritu.
1791 2665 1869 2719 Sc
1908 2666 1997 2720 do-

424 2757 546 2797 mus
581 2744 798 2814 quidem
830 2747 977 2803 illius
1002 2764 1110 2803 non
1136 2752 1466 2807 manufactte
1496 2753 1746 2824 figuram,
1777 2764 1831 2812 et
1892 2757 1993 2812 for-

422 2847 590 2897 mam,
621 2842 676 2890 et
703 2837 1010 2906 exemplum
1042 2840 1176 2893 mihi
1216 2857 1379 2898 nemo
1411 2845 1685 2900 describat
1735 2847 1802 2900 ad
1846 2849 1997 2903 simi-

426 2923 710 2979 litudinem
744 2941 954 2995 earum,
985 2930 1189 2997 quibus
1227 2933 1563 3001 proprietate
1582 2936 1992 3006 distinguimur.

425 3007 639 3063 Etenim
671 3027 791 3065 cum
827 3013 1030 3071 divinis
1055 3017 1296 3075 oraculis
1329 3036 1435 3074 non
1467 3023 1642 3078 solum
1678 3026 1996 3093 praedictum

426 3100 500 3153 sit
523 3101 704 3166 nobis,
737 3119 840 3158 nos
870 3104 924 3158 in
957 3107 1121 3162 vitam
1169 3125 1294 3165 esse
1331 3114 1690 3177 revocandos,
1722 3126 1777 3171 et
1823 3133 2000 3174 resur-

425 3196 706 3271 recturos,‘
723 3210 912 3250 verum
958 3186 1120 3252 etiam
1149 3203 1498 3270 promittatur
1549 3205 1603 3259 in
1666 3207 1783 3277 ipsa
1814 3211 1996 3266 divina
2025 3239 2069 3300 ε

427 3280 712 3353 Scriptura
741 3302 840 3356 per
866 3289 1042 3359 ipsam
1071 3295 1553 3360 resurrectionem,
1590 3298 1867 3356 immutari
1911 3310 1996 3356 at-

427 3391 533 3443 que
571 3381 822 3434 renovari
853 3398 954 3438 nos
977 3391 1250 3454 oportere,
1282 3388 1508 3444 omnino
1533 3406 1757 3448 necesse
1789 3402 1894 3458 est,
1915 3402 1994 3460 ut,

424 3467 480 3522 in
502 3469 633 3538 quid
663 3470 988 3530 immutandi
1016 3491 1229 3544 sumus,
1263 3479 1385 3534 ideo
1412 3497 1638 3550 prorsus
1661 3487 1996 3557 ignoremus,

426 3558 572 3627 quod
603 3561 812 3617 nullum
851 3580 1041 3621 eorum
1072 3583 1193 3639 quae
1239 3586 1547 3641 speramus,
1582 3579 1890 3648 exemplum
1940 3581 1997 3634 in

425 3651 530 3706 hac
549 3653 658 3708 vita
690 3655 870 3712 simile
898 3671 1244 3720 contuemur.
1276 3664 1431 3720 Nune
1453 3669 1622 3731 enim,
1669 3685 1791 3740 qua:
1809 3685 1996 3728 crassa

424 3750 481 3798 et
509 3743 680 3798 solida
701 3755 848 3812 sunt,
880 3758 1076 3805 natura
1105 3752 1365 3809 deorsum
1392 3755 1659 3812 feruntur.
1704 3758 1860 3816 Tunc
1899 3777 1999 3817 au-

427 3841 536 3890 tem
585 3835 664 3889 sic
712 3837 1164 3908 immutabuntur,
1199 3854 1258 3900 ut
1305 3863 1526 3904 sursum
1579 3850 1826 3906 tendant.
1888 3851 1998 3909 Nos

426 3925 594 3992 enim,
623 3936 684 3983 ut
707 3931 970 4001 scriptum
1015 3944 1119 3998 est,
1151 3945 1507 4009 posteaquam
1564 3950 1760 3996 natura
1792 3957 1890 4013 per
1922 3961 2000 4000 re-

427 4019 826 4078 surrectionem
850 4023 906 4077 in
933 4026 1188 4083 omnibus
1214 4029 1267 4082 in
1306 4030 1472 4084 vitam
1505 4034 1775 4090 revocatis
1834 4035 2000 4092 fuerit

427 4121 793 4169 commutata:
832 4116 1123 4186 Rapiemur
1161 4121 1215 4174 in
1257 4123 1482 4178 nubibus
1513 4124 1718 4179 obviam
1762 4127 1992 4182 Domino

426 4204 484 4258 in
520 4221 648 4260 aera
679 4215 837 4277 atque
892 4211 968 4263 ita
1019 4227 1220 4280 semper
1273 4231 1388 4267 cum
1435 4214 1663 4270 Domino
1713 4218 1994 4274 erimus".

428 4293 488 4348 Si
526 4296 693 4366 igitur
719 4300 818 4369 qui.
852 4301 1232 4370 immutantur,
1257 4307 1508 4377 corporis
1537 4308 1750 4377 pondus
1773 4325 1882 4364 non
1907 4326 1998 4366 re»

427 4387 628 4454 tinent,
648 4389 742 4444 scd
756 4391 1078 4448 diviniorem
1102 4396 1156 4449 in
1186 4403 1388 4450 statum
1421 4399 1676 4454 translati
1699 4400 1997 4455 simulcum

429 4487 627 4535 natura
655 4481 974 4553 incorporea
1007 4487 1062 4540 in
1089 4487 1314 4542 sublimi
1345 4498 1669 4558 versantur;
1698 4492 1858 4562 plane
1875 4509 2000 4548 con-

2096 2028 2256 2097 μένον
2281 2026 2597 2094 ἀγαπᾶσθαι
2644 2025 2770 2097 χρὴ,
2813 2027 2872 2078 οὐ
2917 2025 3015 2095 τὴν
3057 2024 3497 2095 ἀποποιουμένην
3533 2041 3656 2075 σκωο

2097 2115 2235 2184 ρίαν.
2286 2114 2508 2184 Ἀληθές
2535 2115 2644 2185 γάρ
2678 2131 2862 2185 φησιν,
2889 2114 2965 2178 ὥς
2995 2130 3158 2186 φησιν
3179 2116 3212 2184 ἡ
3247 2113 3370 2167 Θεία
3399 2113 3564 2180 φωνὴ,
3586 2112 3656 2164 δτι

2095 2205 2250 2274 ὲάνή
2301 2205 2540 2272 ἐπίγειος
2577 2204 2733 2274 ἡμῶν
2775 2205 2923 2258 οἰκία
2977 2204 3070 2256 τοῦ
3117 2205 3351 2273 σκήνους
3378 2201 3658 2271 καταλυθῇ,

2093 2293 2214 2346 τότε
2249 2292 2420 2363 αὐτὴν
2448 2292 2756 2363 εὑρήσομεν
2776 2292 3065 2363 οἰκοδομὴν
3094 2292 3158 2344 ὲκ
3186 2291 3325 2345 Θεοῦ
3369 2289 3653 2361 γενομένην

2093 2387 2269 2438 οίκίαν
2290 2386 2721 2456 ἀχειροποίητον,
2751 2384 2968 2438 αἰώνιον
2993 2385 3049 2438 ὲν
3080 2387 3191 2447 τοῖς
3219 2383 3491 2455 οὐρανοῖς,
3519 2381 3660 2446 ἀξίαν

2094 2476 2189 2529 τοῦ
2223 2472 2360 2529 εἶναι
2379 2477 2546 2546 αὐτὴν
2566 2475 2700 2528 Θεοῦ
2724 2477 3138 2547 κατοικητήριον
3169 2477 3226 2528 ὲν
3250 2475 3538 2545 πνεύματι.
3562 2473 3659 2526 Καί

2099 2584 2188 2637 μοι
2218 2567 2405 2637 μηδεὶς
2437 2567 2890 2638 χαρακτῆρα,καὶ
2907 2566 3116 2635 σχῆμα,
3146 2566 3238 2618 καὶ
3265 2561 3406 2630 εῖδος
3437 2566 3659 2633 ὑπογρα-

2097 2657 2245 2726 φέτω
2272 2659 2369 2728 τῆς
2401 2659 2814 2730 ἀχειροποιήτου
2857 2658 3069 2729 ἐκείνης
3099 2657 3299 2721 οἰκίας,
3351 2658 3471 2711 καθ’
3502 2653 3660 2724 ὁμοιό-

2096 2765 2234 2819 τητα
2275 2749 2381 2803 τῶν
2434 2750 2530 2802 νῦν
2586 2752 3021 2820 ἐπιφαινομένων
3083 2751 3214 2820 ἡμῖν
3269 2749 3658 2820 χαρακτήρων,

2099 2843 2193 2895 καὶ
2221 2841 2604 2912 διακρινόντων
2649 2844 2796 2912 ἡμᾶς
2822 2843 2918 2894 ἀπ’
2945 2841 3189 2912 ἀλλήλων
3214 2845 3334 2906 τοῖς
3378 2839 3660 2911 ίδιώμασιν.

2100 2933 2175 2984 Οὐ
2198 2931 2306 3002 γάρ
2340 2933 2506 3004 μόνης
2536 2933 2634 3004 τῆς
2665 2932 3012 2995 ἀναστάσεως
3052 2934 3184 3002 ἡμῖν
3213 2933 3369 3004 παρὰ
3400 2932 3504 2986 τῶν
3524 2933 3661 2984 θείων

2099 3025 2295 3094 λογίων
2341 3025 2781 3097 κεκηρυγμένης,
2825 3024 2959 3078 ἀλλὰ
3009 3026 3102 3078 καὶ
3145 3024 3206 3077 τὸ
3248 3025 3362 3078 δεῖν
3391 3025 3660 3092 ἀλλαγῆναι

2099 3117 2226 3179 τοὺς
2259 3116 2738 3178 ἀνακαινισθέντας
2772 3113 2861 3167 διὰ
2886 3115 2987 3182 τῆς
3015 3114 3389 3183 ἀναστάσεως,
3415 3115 3509 3182 τῆς
3536 3111 3660 3172 θείας

2100 3209 2505 3278 διεγγυωμένης
2522 3207 2767 3276 Γραφῆς,
2805 3205 3019 3276 ἀνάγκη
3041 3207 3192 3258 πᾶσα
3210 3205 3514 3278 κεκρύφθαι
3541 3220 3661 3255 παν·

2100 3299 2304 3354 τάπασι
2351 3300 2446 3352 καὶ
2487 3297 2798 3367 ἀγνοεῖσθαι
2831 3296 2966 3368 πρὸς
2994 3297 3022 3349 ὃ
3054 3313 3107 3349 τι
3136 3297 3570 3367 ἀλλαγησόμεθα,
3596 3292 3662 3360 τῷ

2105 3392 2270 3462 μηδὲν
2292 3392 2594 3462 ὑπόδειγμα
2608 3390 2716 3444 τῶν
2746 3389 3114 3459 ἐλπιζομένων
3141 3390 3199 3442 έν
3219 3390 3302 3461 τῷ
3331 3389 3425 3444 νῦν
3453 3388 3657 3457 καθορᾶ-

2103 3485 2226 3541 σθαι
2251 3485 2369 3555 βίῳ.
2406 3483 2521 3538 Νῦν
2555 3485 2652 3554 μὲν
2681 3483 2790 3554 γάρ
2819 3485 2926 3536 πᾶν
2953 3484 3016 3536 τὸ
3041 3483 3190 3553 παχὺ
3214 3484 3315 3536 καὶ
3346 3483 3662 3553 στερέμνιον,

2099 3580 2165 3631 ὲκ
2197 3579 2411 3646 φύσεως
2437 3575 2550 3647 ἔχει
2583 3576 2681 3647 τὴν
2704 3576 2797 3628 ἐπὶ
2821 3575 2882 3629 τὸ
2901 3575 3050 3630 κάτω
3080 3575 3276 3645 φοράν.
3311 3575 3441 3628 Τότε
3469 3575 3521 3626 δὲ
3545 3572 3661 3639 πρὸς

2098 3670 2159 3723 τὸ
2195 3667 2472 3740 ἀνωφερὲς
2523 3669 2556 3738 ἠ
2607 3667 2962 3738 μεταποίησις
3009 3667 3105 3724 τοῦ
3157 3666 3413 3737 σώματος
3455 3666 3660 3734 γίνεται,

2099 3760 2271 3824 οὕτως
2291 3760 2534 3822 εἰπόντος
2563 3759 2658 3812 τοῦ
2692 3759 2872 3827 λόγου,
2903 3761 2986 3813 ὅτι
3025 3757 3164 3829 μετὰ
3191 3760 3253 3812 τὸ
3275 3760 3562 3830 ἀλλαγῆναι
3579 3755 3662 3826 τὴν

2101 3853 2282 3922 φύσιν,
2325 3854 2384 3906 ὲν
2419 3853 2552 3906 πᾶσι
2603 3854 2714 3913 τοῖς
2781 3851 3177 3905 ἀναϐεϐιωκόσι
3200 3852 3295 3905 διὰ
3319 3853 3419 3921 τῆς
3450 3847 3662 3905 ἀναστά-

2102 3962 2257 4009 σεως,
2333 3944 2816 4014 Ἁρπαγηονόμεθα
2843 3946 2912 3998 ἐν
2931 3945 3212 4013 νεφέλαις
3235 3947 3326 4011 εἰς
3349 3943 3662 4008 ἀπάντησιν

2099 4037 2204 4092 τοῦ
2237 4037 2459 4106 Κυρίου
2487 4039 2572 4102 εἰς
2601 4036 2766 4106 ἀέρα·
2799 4037 2898 4090 καί
2931 4036 3084 4089 οὕτω
3114 4036 3375 4091 πάντοτε
3405 4036 3521 4092 σὺν
3566 4033 3661 4086 Κυ-

2091 4129 2204 4197 ρίῳ
2225 4130 2504 4198 ἐσόμεθα.
2537 4127 2604 4183 El
2635 4128 2816 4181 τοίνυν
2870 4128 2961 4180 ἐπὶ
2991 4126 3099 4181 τῶν
3131 4127 3476 4197 ἀλλαγέντων
3503 4126 3557 4178 τὺ
3582 4123 3662 4192 βά-

2102 4237 2194 4290 ρος
2228 4221 2290 4273 ού
2320 4220 2620 4292 παραμένει
2653 4221 2730 4289 τῷ
2787 4219 3018 4290 σώματι,
3047 4218 3182 4272 ἀλλά
3223 4229 3662 4290 συμμετεωροπυ·

2104 4312 2254 4382 ροῦσι
2306 4315 2373 4384 τῇ
2423 4313 2700 4383 ἀσωμάτῳ
2755 4312 2913 4382 φύσει
2951 4313 3000 4364 οί
3064 4311 3198 4380 πρὸς
3265 4311 3363 4381 τὴν
3407 4306 3660 4374 θειοτέραν

2103 4405 2676 4474 μεταστοιχειωθέντες
2735 4404 3087 4457 κατάστασιν·
3119 4402 3341 4465 πάντως
3378 4403 3458 4455 ὅτι
3492 4399 3575 4452 καὶ
3599 4393 3658 4447 τά

2100 4494 2258 4548 λοιπά
2281 4494 2388 4547 τῶν
2415 4495 2715 4564 ἰδιωμάτων
2744 4495 2836 4547 τοῦ
2867 4495 3136 4564 σώματος,
3165 4494 3306 4564 πρός
3335 4512 3386 4547 τι
3413 4492 3515 4545 τῶν
3538 4489 3660 4541 θειο-

430 4577 754 4625 sentaneum
783 4582 890 4638 est,
925 4584 986 4629 ut.
1012 4577 1182 4640 color,
1213 4578 1408 4653 ﬁgura,
1445 4580 1909 4653 circumscriptio,
1947 4594 1993 4638 et

2105 4583 2276 4652 τέρων
2308 4583 2784 4654 συμμετατίθεται,
2815 4585 2876 4636 τὸ
2903 4583 3120 4654 χρῶμα,
3154 4583 3214 4636 τὺ
3245 4585 3448 4654 σχῆμα,
3471 4583 3501 4648 ἡ
3525 4593 3659 4647 περι-

425 4662 656 4733 reliquae
697 4665 948 4734 corporis
978 4667 1338 4736 proprietates
1377 4669 1560 4734 aliqua
1608 4673 1821 4728 ratione
1865 4673 2004 4728 divi-

428 4755 580 4813 nitus
627 4764 1054 4811 commutentur.
1104 4758 1314 4814 Idcirco
1344 4762 1558 4816 tametsi
1613 4763 1861 4821 videmus
1893 4782 2001 4821 non

427 4861 550 4903 esse
575 4847 972 4912 necessarium,
1010 4857 1070 4902 ut
1097 4849 1154 4902 in
1207 4849 1295 4915 iis,
1325 4851 1420 4920 qui
1453 4857 1860 4911 resurrectione
1894 4841 1998 4911 im-

426 4939 809 5007 mutabuntur,
864 4940 974 4995 ulla
1030 4941 1302 5011 ejusmodi
1359 4953 1618 5013 appareat
1673 4947 1999 5015 ditl'erentia,

427 5033 642 5101 qualem
689 5041 911 5104 propter
948 5048 1159 5100 eorum,
1204 5035 1298 5104 qui
1347 5038 1674 5104 succedunt,
1727 5039 1995 5105 ordinem,

426 5125 743 5181 necessario
776 5135 974 5182 natura
1013 5142 1162 5183 nunc
1194 5127 1376 5197 habet,
1409 5145 1517 5184 non
1575 5137 1758 5184 tamen
1802 5145 2000 5199 possu-

427 5231 552 5272 mus
578 5217 853 5288 explicare
881 5219 1070 5288 quales
1100 5219 1269 5274 futuri
1299 5221 1409 5276 sint
1434 5221 1488 5275 in
1545 5221 1639 5275 illa
1695 5229 1998 5275 commuta-

427 5306 594 5362 tione.
629 5306 808 5363 Unum
839 5309 1059 5380 quidem
1087 5309 1203 5365 fore
1230 5311 1474 5366 omnium
1501 5325 1694 5381 genus,
1719 5325 1997 5379 unumque

427 5394 634 5450 Christi
684 5411 886 5467 corpus
916 5399 1132 5455 futuros
1163 5415 1375 5466 omnes,
1431 5407 1595 5469 atque
1627 5415 1792 5453 unam
1825 5403 2002 5454 omni-

428 5482 535 5543 bus
603 5484 836 5542 formam
901 5489 1339 5560 imprimendam,
1415 5490 1601 5544 divina
1666 5490 1723 5544 in
1783 5491 2002 5544 cunctis

430 5574 669 5646 imagine
694 5581 973 5648 aequaliter
1009 5583 1278 5651 eluceute,
1305 5599 1414 5639 non
1447 5582 1792 5653 ambigimus.
1815 5584 2000 5653 quue,

429 5667 578 5736 quod
611 5669 799 5724 talium
829 5675 1221 5746 prOprietatum
1258 5677 1378 5732 loco
1438 5677 1494 5730 in
1546 5683 1756 5731 naturae
1816 5677 2006 5731 immu-

2101 4675 2310 4746 γραφὴ,
2375 4675 2471 4728 καὶ
2520 4675 2588 4729 τά
2635 4675 2756 4728 καθ’
2790 4677 3020 4729 ’ἑκαστον
3059 4677 3258 4729 πάντα.
3291 4675 3490 4728 Τούτου
3518 4669 3658 4740 χάριν

2100 4766 2356 4835 οὐδεμίαν
2385 4767 2632 4836 ἀνάγκην
2649 4766 2863 4838 ὁρῶμεν
2895 4769 3006 4831 τοῖς
3027 4767 3305 4834 ἀλλαγεῖσι
3328 4765 3413 4819 διὰ
3431 4763 3524 4832 τῆς
3544 4761 3658 4811 ἀνα·

2102 4859 2340 4921 στάσεως
2370 4858 2752 4930 ὲνθεωρεῖσθαι
2775 4859 2872 4930 τὴν
2904 4859 3158 4928 τοιαύτην
3179 4857 3461 4928 διαφορὰν,
3481 4855 3542 4923 ἢν
3575 4847 3656 4902 νῦν

2098 4948 2186 5002 διὰ
2247 4949 2345 5020 τὴν
2387 4948 2496 5000 τῶν
2560 4949 2954 5019 ἐπιγινομένων
3006 4949 3322 5002 ἀκολουθίαν
3369 4937 3686 5013 ἀναγκαίωεῖ¹

2104 5039 2262 5110 ἔσχεν
2296 5038 2533 5110 ἡφύσις.
2568 5039 2704 5093 Οὔτε
2741 5043 2865 5112 μὴν,
2895 5041 2976 5093 ὅτι
3001 5041 3100 5094 οὐκ
3123 5040 3292 5103 ἔσται,
3326 5035 3503 5104 σαφῶς
3529 5031 3657 5083 ἐστιν

2105 5129 2504 5200 ἀποφήνασθαι,
2534 5130 2871 5198 ἀγνοούντων
2912 5131 3070 5201 ήμῶν
3099 5133 3178 5195 είς
3225 5132 3252 5183 ὅ
3299 5147 3351 5180 τι
3387 5124 3547 5180 ταῦτα
3581 5113 3658 5172 διὰ

2101 5223 2202 5290 τῆς
2223 5221 2462 5293 ἀλλαγῆς
2487 5224 2874 5294 μεταϐήσεται.
2935 5223 3077 5275 Ἀλλ’
3109 5225 3190 5276 ὅτι
3220 5222 3315 5292 μὲν
3342 5219 3492 5286 γένος
3520 5212 3655 5264 ἔσται

2101 5314 2210 5368 τῶν
2248 5315 2466 5369 πάντων
2506 5315 2583 5380 ἒν,
2639 5317 2766 5369 ὅταν
2834 5316 2892 5368 ἓν
2945 5315 3102 5386 σῶμα
3144 5311 3376 5386 Χριστοῦ
3403 5311 3449 5363 oi
3479 5305 3656 5361 πάντες

2099 5406 2406 5477 γενώμεθα.
2431 5407 2508 5478 τῷ
2535 5408 2615 5460 ἐνὶ
2643 5409 2953 5478 χαρακτῆρι
2981 5405 3417 5479 μεμορφωμένοι,
3443 5399 3535 5451 οὐκ
3561 5394 3654 5462 ἀμ·

2102 5497 2451 5568 φιδάλλομεν,
2480 5500 2614 5551 πᾶσι
2637 5499 2780 5552 κατά
2810 5498 2872 5550 τὸ
2887 5498 3001 5550 ἴσον
3018 5499 3118 5568 τῆς
3148 5495 3294 5555 θείας
3323 5490 3520 5547 εἰκόνος
3547 5483 3652 5533 ἔπι·

2101 5589 2444 5660 λαμπούσης.
2471 5590 2536 5643 Τί
2562 5591 2618 5642 δὲ
2636 5592 2771 5660 ἡμῖν
2808 5591 2929 5644 ἀντὶ
2958 5589 3068 5642 τῶν
3093 5586 3344 5642 τοιούτων
3370 5574 3652 5646 ἰδιωμάτων

2103 5682 2162 5733 ὲν
2190 5683 2254 5751 τῇ
2287 5680 2495 5752 ἀλλαγῇ
2542 5680 2643 5750 τῆς
2670 5682 2887 5750 φύσεως
2929 5680 3371 5754 προσγενήσεται.
3431 5668 3656 5738 κρεῖττον

506 5856 548 5891 ⁸ο
582 5855 780 5930 Ephes.
823 5874 896 5923 vl,
929 5860 996 5914 i3
1026 5876 1146 5930 sqq.
1223 5863 1264 5894 “
1296 5863 1495 5933 Ephes.
1525 5884 1578 5931 ν,
1606 5866 1695 5924 29.
1777 5870 1819 5900 ¹¹
1849 5868 1891 5923 ll
1918 5869 2042 5926 Cor.
2068 5885 2122 5938 ν,
2155 5870 2206 5923 1.
2289 5869 2332 5900 ⁸³
2361 5867 2379 5921 l
2415 5865 2610 5922 Thess.
2642 5879 2714 5933 tv,
2780 5862 2866 5918 16.
