3882 6422
191 403 288 459 533

1584 396 1673 454 DE
1725 397 2055 458 MORTUIS.

3335 414 3442 472 55.7:

190 512 320 570 εἶναι
353 515 536 586 πάσης
573 513 925 586 στοχαστικῆς
948 513 1156 578 ἐννοίας
1196 512 1634 583 ἀποφαινόμεθα.
1679 512 1767 575 Ὠς

1875 518 2075 572 tatione
2107 533 2298 573 sumus
2329 517 2594 585 habituri,
2619 523 2968 592 praestantius
3010 539 3133 580 esse
3178 525 3436 598 dicimus,

191 608 232 661 δ”
251 608 313 661 ἂν
343 608 416 678 μὴ
451 607 576 660 καθ’
630 607 750 660 ὅλου
806 606 1151 677 ἀγύμναστος
1189 609 1323 677 ἡμῖν
1363 608 1391 658 6
1419 605 1546 677 περὶ
1569 604 1756 658 τούτου

191 699 333 767 λόγος
367 699 775 770 καταλειφθείη,
825 699 982 753 τοῦτό
1011 717 1210 771 φαμεν,
1241 701 1321 753 ὃτι
1344 702 1422 763 εἰς
1459 699 1612 752 οὐδὲν
1645 698 1760 750 ’ἐτε-

195 810 276 864 ρον
294 793 390 863 τῆς
411 793 629 846 κατὰτὸ
650 794 814 863 ἄρρεν
840 794 933 846 καὶ
956 793 1089 862 θῆλυ
1110 794 1372 864 διαφορᾶς
1398 791 1759 864 συνεργούσης

193 886 251 954 τῇ
267 884 443 950 φύσει,
467 884 606 955 πλὴν
625 885 726 955 τῆς
758 885 1116 951 παιδοποιίας,
1149 886 1289 956 τάχα
1307 884 1429 938 τινὰ
1457 883 1761 954 στοχασμὸν

195 973 331 1026 ἐστιν
362 975 648 1028 ἀναλαϐεῖν
668 975 765 1045 τῆς
786 977 1201 1047 ἐπηγγελμένης
1221 977 1311 1030 τοῦ
1333 976 1468 1029 Θεοῦ
1489 975 1598 1027 τῶν
1625 975 1759 1042 ἀγα-

196 1062 292 1114 θῶν
340 1064 590 1133 εὐλογίας
641 1067 861 1132 ἐπάξιον
893 1068 952 1123 ἐν
987 1068 1067 1139 τῷ
1096 1069 1224 1140 περὶ
1250 1066 1441 1120 τούτου
1493 1066 1654 1136 λόγῳ,
1680 1065 1760 1118 ὅτι

195 1155 264 1216 εἰς
285 1154 379 1224 τὴν
399 1156 610 1210 ἐκείνου
668 1157 763 1209 τοῦ
806 1157 968 1210 τόκου
995 1159 1298 1230 ὑπηρεσίαν
1337 1156 1703 1229 μεταϐήσεται
1725 1155 1759 1222 ἡ

196 1247 470 1318 γεννητικὴ
493 1250 594 1319 τῆς
615 1248 826 1316 φύσεως
875 1250 1122 1320 δύναμις,
1158 1243 1218 1304 οῦ
1252 1251 1509 1322 μετέσχεν
1535 1252 1562 1302 6
1590 1250 1763 1319 μέγας

204 1337 415 1401 Ἡσαΐας
438 1337 627 1404 εἰπὼν,
654 1341 732 1392 ὃτι
767 1342 899 1396 Ἀπὸ
937 1343 1042 1396 τοῦ
1071 1344 1260 1410 φόϐου
1299 1357 1436 1406 σου,
1470 1341 1664 1408 Κύριε,
1694 1339 1764 1392 ἐν

197 1429 390 1497 γαστρί
424 1429 739 1501 ἐλάϐομεν,
773 1433 870 1486 καὶ
920 1433 1301 1502 ὠδινήσαμεν
1337 1432 1434 1487 καί
1459 1431 1759 1500 ἑτέκομενο

197 1522 413 1589 πνεῦμα
444 1523 741 1590 σωτηρίας
781 1539 896 1578 σου
926 1525 1296 1594 ἐποιήσαμεν
1313 1525 1409 1578 ἐπὶ
1426 1524 1536 1592 τῆς
1552 1523 1678 1593 γῆς.
1701 1522 1764 1576 Ei

198 1612 292 1683 γὰρ
310 1613 510 1681 ἀγαθὸς
525 1614 554 1665 6
577 1615 816 1678 τοιοῦτος
835 1615 1012 1682 τόκος,
1033 1617 1130 1669 καὶ
1158 1617 1430 1688 σωτηρίας
1449 1617 1598 1670 αἰτία
1620 1617 1765 1686 γίνε-

197 1721 276 1756 ται
297 1706 679 1774 ήτεκνογονία,
699 1705 879 1770 καθώς
899 1724 1060 1778 φησιν
1079 1710 1107 1761 6
1135 1708 1476 1773 Ἀπόστολος,
1509 1707 1762 1760 οὐδέποτε

198 1793 249 1846 τὺ
263 1794 468 1864 πνεῦμα
488 1796 588 1866 τῆς
603 1797 875 1867 σωτηρίας
892 1797 1095 1865 γεννῶν
1109 1816 1190 1862 τις
1204 1799 1488 1862 παύεται,ό
1510 1797 1655 1863 ἅπαξ
1675 1797 1764 1851 διὰ

1865 619 2028 675 quam
2052 614 2110 658 ut
2143 607 2252 660 ulla
2291 605 2626 678 cogitatione
2678 611 2950 679 conjicere
2998 613 3300 672 valeamus.
3363 617 3440 670 Ac

1865 711 1936 750 ne
1963 697 2058 750 tali
2098 697 2152 750 in
2179 713 2238 753 re
2270 708 2458 753 nostra
2492 699 2652 768 plane
2684 702 2837 756 rudis
2858 703 3036 758 oratio
3063 704 3437 774 deprehenda—

1867 792 1976 850 tur,
2012 786 2268 853 dicimus,
2301 791 2470 845 maris
2493 799 2546 844 et
2596 791 2809 846 feminae
2837 792 3200 848 differentiam
3231 798 3438 852 nullum

1868 887 2079 933 natura:
2143 896 2302 935 usum
2341 882 2732 951 prmbituram;
2783 885 2892 941 nisi
2949 887 3241 956 quamdam
3274 890 3440 943 veluti

1871 967 2103 1024 ﬁliorum
2134 973 2502 1042 susceptionis
2553 974 2970 1032 similitudinem
3030 980 3302 1048 promissa
3352 981 3441 1033 illa

1869 1076 1898 1114 a
1960 1059 2072 1115 Deo
2125 1062 2394 1117 bonorum
2449 1067 2606 1134 copia
2662 1067 2880 1138 dignam
2940 1070 3328 1142 intelligamus,
3387 1080 3446 1126 ut

1869 1150 2142 1220 ejusmodi
2178 1155 2358 1222 partui
2390 1157 2647 1226 gignendi
2699 1161 2782 1215 vis
2832 1165 3098 1216 naturalis
3152 1165 3439 1229 inserviat,

1868 1242 2087 1311 qualem
2120 1246 2392 1302 sentiebat
2443 1247 2632 1315 Isaias,
2658 1265 2783 1306 cum
2819 1253 3066 1310 diceret:
3122 1256 3208 1310 Ea:
3258 1259 3444 1313 timore

1872 1341 1984 1399 tuo,
2007 1333 2248 1401 Domine,
2284 1342 2633 1408 concepimus,
2661 1353 2709 1395 et
2736 1346 3135 1410 parturivimus,
3159 1358 3208 1402 et
3237 1351 3444 1418 peperi-

1871 1438 2008 1485 mus,
2039 1425 2385 1496 spiritumque
2409 1430 2600 1484 salutis
2621 1440 2724 1485 tuae
2749 1432 2967 1501 fecimus
2989 1437 3042 1488 in
3069 1439 3282 1494 terra“.
3305 1436 3442 1493 Nam

1871 1510 1915 1564 si
1943 1510 2119 1567 bonus
2150 1522 2233 1568 est
2280 1525 2473 1584 partus
2534 1520 2870 1589 bujusmodi,
2924 1524 3229 1596 salutisque
3276 1543 3445 1585 causa

1871 1610 1955 1657 est
1989 1607 2296 1672 procreatio
2329 1607 2588 1675 ﬁliorum,
2627 1621 2688 1666 ut
2716 1614 2792 1668 ait
2817 1615 3112 1685 Apostolus
3154 1619 3217 1684 ",
3259 1621 3446 1680 nullus

1872 1708 2110 1762 unquam
2132 1696 2244 1751 illic
2274 1699 2524 1768 gignendi
2554 1706 2745 1762 salutis
2775 1709 3030 1778 spiritum
3067 1711 3226 1767 ﬁnem
3265 1714 3444 1781 faciet,

1871 1783 1963 1852 qui
1995 1784 2086 1838 tali
2115 1796 2274 1855 partu
2299 1790 2400 1845 sibi
2431 1793 2646 1862 c0piam
2677 1795 2945 1852 bonorum
2967 1803 3133 1856 semel
3153 1805 3447 1873 pepererit.

197 1884 278 1937 τοῦ
301 1886 541 1939 τοιούτου
572 1887 733 1940 τόκου
751 1887 841 1942 τὸν
871 1888 1186 1959 πληθυσμὺν
1212 1890 1319 1942 τῶν
1344 1889 1564 1960 ἀγαθῶν
1590 1888 1766 1958 ἐαυτῷ

1875 1874 1966 1929 Sin
1993 1877 2192 1947 aliquis
2223 1882 2469 1937 eamdem
2504 1884 2733 1942 formam
2777 1890 2936 1948 nobis
2990 1895 3449 1956 reviviscentibus

198 1977 789 2047 τεκνωσάμενος.Ἀλλά
820 1979 922 2034 κᾶν
952 1981 1044 2033 τὸν
1075 1981 1398 2054 χαρακτῆρα
1429 1981 1562 2055 λέγῃ
1585 1999 1697 2045 τις,
1720 1974 1764 2048 ᾧ

200 2068 616 2138 μεμορφώμεθα,
647 2070 808 2124 πάλιν
839 2073 968 2142 ἡμῖν
997 2072 1054 2125 ἐν
1075 2076 1143 2143 τῇ
1169 2072 1462 2126 ἀναϐιώσει
1486 2074 1576 2126 τὸν
1603 2072 1766 2125 αὑτὸν

201 2162 653 2232 συμπαρέσεσθαι,
671 2164 791 2218 οὐδὲ
804 2165 940 2236 πρὸς
965 2165 1123 2218 τοῦτο
1136 2167 1426 2237 πρόχειρος
1442 2166 1600 2237 ἡμῶν
1621 2166 1766 2221 ἐστιν

200 2253 229 2323 ἡ
254 2253 465 2318 διάνοια,
495 2253 674 2319 οὕτως
697 2256 730 2326 ἢ
753 2258 954 2328 ἑτέρως
979 2256 1120 2327 ἔχειν
1166 2258 1483 2326 ὑπονοῆσαι.
1510 2257 1632 2310 Εἴτε
1661 2257 1766 2328 γὰρ

200 2342 279 2395 ἐπὶ
299 2342 385 2395 τοῦ
415 2343 586 2398 αὐτοῦ
615 2345 763 2414 λέγοι
786 2363 870 2409 τις
898 2346 1072 2410 εἴδους
1096 2345 1194 2417 τὴν
1216 2347 1512 2400 ἀναϐίωσιν
1528 2346 1766 2412 ἔσεσθαι,

201 2437 268 2498 είς
295 2435 485 2506 πολλὴν
529 2437 849 2507 ἀμηχανίαν
883 2440 1194 2492 ἐκπεσεῖται
1233 2440 1261 2492 6
1287 2438 1462 2506 λόγος,
1493 2437 1580 2491 διὰ
1608 2439 1668 2491 16
1696 2437 1770 2508 μὴ

201 2527 278 2580 τὸν
298 2529 450 2581 αὑτὸν
478 2529 664 2600 ἐαυτῷ
695 2531 834 2583 κατά
868 2531 930 2584 16
974 2527 1112 2594 εἶδος
1139 2529 1232 2584 τοῦ
1257 2531 1607 2602 χαρακτῆρος
1638 2530 1772 2583 πάν-

201 2635 304 2672 τοτε
329 2620 605 2690 διαμένειν
629 2621 722 2674 τὸν
751 2622 1056 2691 ἄνθρωπον,
1081 2621 1183 2674 ὑπό
1204 2639 1264 2674 τε
1285 2621 1394 2675 τῶν
1425 2621 1650 2692 ἡλικιῶν
1679 2622 1771 2674 καὶ

205 2709 296 2763 τῶν
327 2712 668 2783 παθημάτων
701 2712 888 2767 ἄλλοτε
918 2714 1054 2783 πρὸς
1078 2713 1205 2767 ἄλλο
1227 2709 1366 2778 εἶδος
1395 2712 1771 2783 μεταπλασσό-

207 2819 362 2872 μενον.
394 2805 612 2867 Ἀλλως
636 2803 743 2875 γάρ
777 2803 1076 2874 μορφοῦται
1114 2804 1176 2857 16
1221 2806 1413 2875 νήπιον
1452 2804 1543 2857 καὶ
1569 2803 1627 2856 16
1656 2820 1773 2873 μει-

209 2894 373 2964 ράκιον
396 2909 408 2922 ·
434 2894 620 2957 ἄλλως
647 2896 675 2946 6
718 2896 866 2956 παῖς,
895 2895 923 2945 6
949 2893 1108 2964 ἀνὴρ,
1135 2895 1163 2946 6
1197 2891 1443 2963 μεσῆλιξ,
1469 2893 1496 2944 6
1525 2889 1771 2960 γηραιὸς,

206 2982 230 3034 6
261 2984 503 3053 πρέσϐυς.
557 2982 722 3035 Ούδέν
743 2982 949 3036 τούτων
971 2981 1233 3046 ὡσαύτως
1255 2982 1368 3053 ἔχει
1398 2982 1534 3054 πρὸς
1568 2982 1628 3034 16
1659 2981 1775 3034 ἓτε-

213 3090 284 3142 ρον
301 3091 314 3105 ·
337 3075 463 3129 ἀλλὰ
488 3076 592 3130 καὶ
639 3077 667 3127 6
695 3073 771 3144 τῷ
799 3074 996 3145 ίκτέρῳ
1027 3074 1335 3139 κατιωθεὶς,
1365 3075 1459 3128 καὶ
1487 3071 1776 3143 ἐξῳδηκὼς

205 3168 271 3238 τῷ
290 3170 469 3241 ὑδέρῳ,
518 3170 557 3223 ὃ
604 3186 662 3222 τε
711 3168 1000 3239 ξηρανθεὶς
1024 3169 1084 3221 ἐν
1107 3167 1355 3238 τηκεδόνι
1379 3207 1393 3232 ,
1424 3167 1516 3220 καὶ
1557 3169 1584 3219 6
1616 3167 1775 3218 πολυ-

209 3261 458 3332 σαρκήσας
488 3260 562 3314 ἔκ
599 3277 743 3322 τινος
765 3258 1120 3330 δυσκρασίας,
1140 3262 1168 3312 6
1196 3259 1518 3328 κατάχολος,
1548 3259 1575 3311 6
1607 3259 1773 3327 αἱμα-

207 3350 372 3422 τώδης,
406 3355 433 3406 ὁ
457 3351 808 3422 φλεγματίας
832 3367 846 3381 ·
885 3349 1117 3403 ἑκάστου
1147 3347 1350 3402 τούτων
1380 3347 1515 3418 πρὸς
1544 3347 1642 3418 τὴν
1661 3348 1780 3399 ἐπι-

209 3444 482 3513 κρατοῦσαν
515 3444 860 3514 δυσκρασίαν
894 3441 1422 3513 συμμορφουμένου,
1458 3437 1581 3491 οῦτε
1611 3455 1783 3509 παρα·

211 3535 367 3603 μένειν
388 3537 567 3590 ταῦτα
604 3527 758 3606 p.216-
785 3535 846 3588 16
877 3533 1175 3588 ἀναϐιῶναι
1219 3529 1400 3593 καλῶς
1432 3529 1544 3600 ἔχει
1573 3528 1781 3596 λογίσα-

209 3626 333 3693 σθαι,
360 3631 454 3698 τῆς
485 3626 735 3695 ἀλλαγῆς
772 3625 949 3678 πάντα
995 3621 1367 3692 σκευαζούσης
1397 3620 1531 3691 πρὸς
1558 3619 1618 3672 16
1649 3617 1781 3671 θειόο

207 3731 359 3787 τερον,
383 3716 503 3771 οὔτε
539 3711 653 3769 οἷον
681 3718 813 3786 ἡμῖν
841 3713 1135 3784 ἐπανθήσει
1151 3712 1212 3765 16
1237 3708 1373 3775 εἶδος
1395 3710 1611 3764 εὔκολόν
1636 3711 1780 3763 ἐστιν

207 3806 632 3876 ἀναλογίσασθαι,
685 3806 795 3860 τῶν
847 3807 967 3859 κατ’
1015 3805 1208 3858 ἐλπίδα
1243 3807 1370 3874 ἡμῖν
1406 3802 1780 3874 προκειμένων

210 3899 423 3965 ἀγαθῶν,
447 3900 595 3970 ὑπὲρ
617 3897 915 3968 ὀφθαλμὸν,
943 3898 1036 3949 καὶ
1056 3896 1246 3967 ἀκοὴν,
1273 3896 1365 3948 καὶ
1385 3895 1624 3948 διάνοιαν
1644 3889 1778 3946 εἶναι

210 3994 658 4063 πεπιστευμένων.
691 3991 761 4042 Ἢ
816 3989 955 4059 τάχα
989 3987 1346 4060 γνωριστικὸν
1379 3983 1518 4050 εἶδος
1549 3985 1779 4040 ἑκάστου

209 4082 295 4154 τὴν
324 4085 476 4140 ποιὰν
519 4084 760 4154 ἰδιότητα
785 4081 892 4134 τῶν
931 4079 1077 4150 ἠθῶν
1103 4078 1271 4134 εἰπών
1304 4096 1407 4142 τις,
1438 4079 1497 4130 οὐ
1523 4077 1615 4130 τοῦ
1642 4095 1779 4131 παν-

210 4174 288 4238 τὸς
318 4178 711 4249 ἁμαρτήσεται.
749 4175 1017 4244 Καθάπερ
1055 4171 1163 4242 γάρ
1198 4171 1290 4224 νῦν
1321 4173 1352 4240 ὴ
1386 4169 1526 4224 κατά
1556 4187 1606 4222 τι
1640 4186 1780 4238 παρ-

212 4267 392 4341 αλλαγὴ
419 4271 527 4324 τῶν
578 4270 636 4321 ἐν
670 4270 802 4337 ἡμῖν
842 4265 1118 4335 στοιχείων
1151 4262 1250 4325 τάς
1277 4261 1385 4314 τῶν
1417 4260 1779 4330 χαρακτήρων

213 4359 261 4410 ἐν
278 4361 478 4432 ἑκάστῳ
516 4360 782 4430 διαφοράς
829 4356 1205 4428 ἐξεργάζεται,
1252 4352 1393 4408 κατά
1439 4351 1777 4420 πλεονασμὸν

214 4447 545 4519 ῆέλάττωσιν
593 4450 702 4502 τῶν
753 4444 1234 4517 ἀντιστοιχοῦντων
1271 4444 1413 4506 τινὸς
1446 4441 1776 4513 σχηματιζο-

1868 1965 2106 2021 futuram
2143 1969 2307 2034 dicat,
2342 1987 2468 2043 ego,
2515 1992 2618 2031 nec
2648 1986 2707 2033 ut
2738 1980 2858 2049 ejus
2891 1989 3172 2042 sententia:
3201 1990 3449 2046 subscri-

1867 2059 2014 2126 bam,
2047 2059 2206 2118 facile
2232 2063 2428 2120 adduci
2460 2083 2676 2137 queam,
2715 2088 2816 2128 nec
2845 2085 3028 2131 utrum
3058 2095 3148 2137 res
3171 2083 3332 2138 aliter
3349 2084 3452 2138 ha-

1869 2153 2012 2218 beat,
2051 2157 2310 2227 cogitare.
2338 2159 2506 2216 Multa
2534 2165 2679 2219 enim
2725 2167 2963 2224 absurda
3004 2171 3173 2239 illius,
3229 2176 3323 2246 qui
3375 2178 3450 2232 ita

1871 2247 2058 2311 sentit,
2090 2249 2404 2318 opinionem
2435 2265 2866 2326 consequuntur,
2895 2277 3021 2316 cum
3083 2279 3194 2320 non
3259 2269 3450 2323 eadem

1872 2355 2086 2410 semper
2116 2343 2172 2398 in
2197 2344 2387 2400 eodem
2417 2346 2636 2405 homine
2675 2354 2885 2421 species
2909 2355 3193 2427 formaque
3213 2372 3450 2423 maneat,

1875 2430 1966 2486 sed
2003 2447 2103 2502 pro
2139 2442 2361 2490 mtatum
2420 2438 2880 2515 aﬂ‘ectionumque
2936 2449 3203 2505 varietate
3235 2452 3454 2509 assidue

1874 2531 2259 2580 commutetur.
2295 2525 2506 2582 Etenim
2520 2531 2610 2598 qni
2639 2547 2784 2588 nunc
2807 2535 3251 2603 estadolescens,
3271 2541 3454 2596 infans

1876 2627 2118 2683 puerque
2151 2614 2270 2682 fuit,
2306 2631 2429 2672 mox
2457 2621 2557 2674 erit
2589 2622 2692 2686 vir,
2721 2623 2915 2680 deinde
2938 2625 3006 2679 ad
3040 2628 3162 2681 vitae
3215 2629 3454 2685 medium

1876 2701 2173 2756 terminum
2197 2705 2396 2770 veniet,
2427 2715 2551 2776 post
2583 2709 2737 2763 illum
2768 2714 3042 2779 transibit,
3087 2718 3286 2788 fietque
3339 2721 3454 2788 jam

1876 2799 2034 2848 astate
2071 2805 2364 2864 provectus
2416 2807 2469 2853 et
2501 2816 2690 2857 senex.
2732 2802 2799 2858 Et
2828 2806 2919 2875 qui
2955 2807 3149 2863 horum
3184 2811 3240 2865 in
3271 2813 3457 2883 aliquo

1878 2895 2007 2941 sunt
2037 2888 2212 2944 tetatis
2241 2890 2432 2958 gradu,
2476 2906 2587 2946 non
2620 2902 2747 2948 sunt
2779 2895 2922 2952 inter
2954 2914 3013 2953 se
3062 2901 3296 2968 similes,
3360 2905 3457 2960 sed

1879 2977 2018 3033 alius
2051 2979 2201 3049 regio
2230 2981 2424 3036 morbo
2460 2985 2747 3053 squalidus
2782 2998 2887 3053 est,
2925 2991 3069 3044 alius
3097 3005 3238 3063 aqua
3287 2994 3458 3051 inter-

1878 3073 2003 3122 cute
2033 3067 2269 3135 intlatus,
2299 3071 2440 3127 alius
2465 3075 2752 3132 confectus
2793 3078 2935 3142 tabe,
2971 3079 3114 3136 alius
3149 3099 3316 3152 prava
3334 3100 3458 3140 car-

1878 3158 1964 3214 nis
2002 3160 2368 3216 redundantia
2397 3166 2775 3235 corpulentus,
2810 3169 2952 3226 alius
2988 3171 3134 3240 bilis,
3167 3177 3311 3232 alius
3327 3194 3457 3235 san~

1884 3251 2088 3318 guinis,
2146 3253 2289 3307 alius
2351 3255 2560 3323 pituita:
2608 3259 2777 3313 nimia
2843 3261 3057 3317 laborat
3110 3267 3305 3336 copia:
3365 3273 3456 3342 qui

1883 3339 2101 3411 quidem
2135 3356 2348 3409 omnes,
2382 3352 2439 3398 ut
2469 3346 2607 3401 tales
2642 3348 2993 3419 reviviscant,
3025 3361 3078 3407 et
3105 3356 3297 3413 iisdem
3331 3339 3455 3416 cum

1883 3432 2091 3487 morbis
2121 3444 2397 3501 maneant,
2429 3438 2654 3495 minime
2679 3443 2986 3510 putandum
3017 3456 3102 3502 est
3129 3466 3144 3515 ;
3181 3466 3304 3505 cum
3344 3468 3458 3508 om—

1883 3522 1972 3576 nia
2004 3529 2133 3578 tunc
2161 3526 2216 3578 in
2243 3528 2524 3583 meliorem
2551 3530 2991 3606 divinioremque
3023 3543 3456 3607 statumjmmu-

1881 3614 2089 3670 tatione
2138 3616 2248 3670 sint
2298 3622 2688 3690 convertenda,
2730 3641 2831 3681 nec
2890 3628 3050 3684 facile
3098 3647 3318 3688 rursum
3374 3645 3460 3690 est

1880 3707 2174 3776 explicare,
2202 3710 2382 3778 qualis
2416 3710 2598 3768 futura
2634 3715 2706 3770 sit
2734 3718 2993 3786 praeclara
3025 3721 3117 3776 illa
3131 3721 3327 3790 forma,
3351 3742 3461 3796 qua

1881 3799 2290 3867 decorabimur,
2319 3819 2555 3874 cumspc
2584 3807 2746 3864 nobis
2760 3813 3040 3882 proposita
3057 3816 3168 3870 sint
3192 3832 3256 3872 ea
3291 3819 3458 3888 bona,

1882 3909 2004 3964 quae
2025 3909 2126 3950 nec
2151 3895 2350 3963 oculis,
2385 3912 2486 3952 nec
2512 3900 2763 3968 auribus,
2793 3918 2897 3959 nec
2945 3907 3275 3977 cogitatione
3335 3927 3458 3982 pos~

1882 4002 2073 4043 sumus
2105 3990 2592 4059 comprehendere.
2626 3992 2780 4059 Quod
2812 3997 2857 4051 si
2889 3999 3011 4067 quis
3043 3999 3298 4068 formam,
3352 4020 3460 4075 qua

1881 4079 2129 4152 dignosci
2159 4085 2462 4150 valeamus,
2497 4087 2552 4142 in
2589 4096 2738 4143 certa
2788 4106 3002 4147 morum
3057 4097 3320 4164 qualitate
3375 4097 3462 4153 di-

1881 4179 2029 4226 ceret
2055 4172 2217 4228 sitam
2245 4175 2681 4247 collocatamque
2705 4177 2842 4243 fore,
2871 4181 2916 4236 is
2943 4198 3052 4236 non
3094 4199 3324 4253 prorsus
3350 4185 3459 4241 for-

1882 4261 2022 4317 sitan
2056 4264 2353 4321 aberraret.
2388 4267 2458 4321 Ut
2505 4271 2966 4338 quemadmodum
3016 4290 3163 4329 nunc
3222 4279 3457 4346 quadam

1881 4351 2276 4408 elementorum
2302 4355 2357 4409 in
2390 4357 2552 4413 nobis
2575 4361 2875 4416 mutatione
2899 4362 3212 4422 differentes
3239 4368 3292 4421 in
3317 4385 3459 4424 uno-

1882 4457 2098 4512 quoque
2130 4452 2290 4499 notas
2321 4446 2617 4515 impressas
2650 4451 2950 4521 cernimus,
3001 4465 3164 4524 prout
3223 4458 3458 4529 alicujus

218 4541 358 4608 μένου
378 4560 434 4595 τε
455 4543 553 4595 καὶ
573 4558 783 4612 χρωννυ
793 4540 952 4610 μένου
979 4535 1072 4592 τοῦ
1090 4537 1230 4591 κατά
1256 4536 1353 4607 τὴν
1387 4535 1599 4606 μορφὴν
1632 4534 1770 4586 ἰδιώ-

1880 4550 2069 4590 eorum
2098 4537 2306 4607 majore
2330 4540 2612 4596 minoreve
2669 4545 2846 4613 c0pia,
2901 4549 3122 4617 pr0pria
3191 4551 3458 4622 cujusque

218 4649 363 4700 ματος
381 4653 395 4666 ⁸
421 4635 566 4689 οὕτω
591 4651 680 4705 μοι
714 4635 860 4686 δοκεῖ
885 4631 952 4684 τά
990 4630 1354 4684 εἰδοποιοῦντα
1381 4629 1500 4682 τότε
1525 4628 1622 4698 τὴν
1650 4629 1779 4682 ἐκά-

217 4740 322 4778 στου
359 4729 569 4797 μορφὴν
595 4727 655 4778 οὐ
685 4724 859 4778 ταῦτα
883 4725 950 4777 τὰ
985 4724 1220 4793 στοιχεῖα
1250 4720 1519 4789 γίνεσθαι,
1541 4719 1675 4772 ἀλλά
1709 4719 1778 4772 τά

215 4815 298 4885 τῆς
332 4819 578 4890 κακίαςῆ
612 4818 713 4888 τῆς
763 4816 965 4888 ἀρετῆς
1007 4813 1290 4884 ἰδιώματα,
1321 4805 1396 4866 ὧν
1428 4810 1614 4884 ἠποιά
1642 4810 1775 4880 πρὸς

217 4906 396 4980 ἄλληλα
424 4912 588 4982 μίξις,
621 4911 654 4982 ἢ
691 4909 861 4972 οὕτως
884 4909 917 4979 ἢ
939 4907 1140 4978 ἑτέρως
1172 4905 1232 4958 τὸ
1261 4900 1400 4968 εἶδος
1431 4904 1774 4974 παρασκευά-

219 4996 288 5060 ζει
334 5000 845 5074 χαρακτηρίζεσθαι.
891 4995 1015 5052 Οἷον
1044 4999 1106 5069 δή
1131 5016 1184 5051 τι
1215 4996 1402 5068 σχεδὸν
1433 4997 1526 5048 καὶ
1563 4995 1655 5048 ἐπὶ
1678 4994 1769 5047 τοῦ

217 5093 459 5161 παρόντος
493 5096 698 5164 γίνεται
735 5093 848 5164 βίου
874 5132 888 5156 ,
925 5092 1051 5144 ὅταν
1080 5088 1329 5161 ἠέξωθεν
1357 5087 1450 5140 τοῦ
1479 5086 1769 5158 προσώπου

217 5177 432 5247 διάθεσις
468 5187 565 5257 τὴν
603 5187 660 5238 ἐν
706 5182 784 5253 τῷ
831 5179 1059 5253 κρυπτῷ
1099 5179 1196 5248 τῆς
1219 5178 1396 5250 ψυχῆς
1445 5176 1772 5248 καταμηνύῃ

217 5267 453 5327 διάθεσινο
475 5275 596 5329 ὅθεν
637 5274 836 5346 ῥᾳδίως
875 5270 1309 5340 ἐπιγινώσκομεν
1331 5269 1420 5321 τόν
1454 5287 1512 5321 τε
1539 5272 1602 5340 τῇ
1627 5267 1773 5341 λύπῃ

219 5362 584 5433 κρατούμενον,
614 5365 708 5417 καὶ
728 5364 818 5416 τὸν
834 5361 911 5432 τῷ
945 5360 1100 5432 θυμῷ
1130 5359 1533 5430 διανεστηκότα,
1561 5361 1652 5414 καὶ
1683 5361 1774 5412 τὸν

220 5449 268 5500 ὲν
292 5452 544 5528 ἐπιθυμίᾳ
593 5455 871 5526 λυόμενονο
901 5454 995 5508 καὶ
1023 5455 1087 5507 ἐκ
1112 5452 1205 5506 τοῦ
1250 5452 1511 5518 ἐναντίου,
1546 5453 1637 5505 τὸν
1658 5469 1774 5520 φαι·

219 5538 348 5609 δρὸν,
371 5546 457 5599 τὸν
486 5549 774 5620 ἀόργητον,
802 5545 984 5617 τὸντῷ
1007 5545 1188 5616 σεμνῷ
1214 5543 1522 5616 χαρακτῆρι
1548 5544 1647 5614 τῆς
1678 5563 1773 5598 σω-

223 5635 471 5707 φροσύνης
503 5639 992 5709 καλλωπιζόμενον.

288 5813 327 5844 ’⁵
365 5813 460 5872 lsa.
502 5833 650 5882 xm,
688 5817 772 5873 i8.
853 5816 894 5848 ’⁸
925 5815 944 5870 l
976 5816 1115 5872 Tim.
1153 5830 1215 5881 ιι,
1242 5811 1335 5869 15.

1879 4629 2052 4682 forma
2087 4631 2346 4700 colorque
2381 4632 2638 4702 ﬁngitur:
2703 4635 2779 4691 ita
2834 4653 2954 4708 quae
2990 4649 3120 4695 tunc
3181 4644 3457 4712 propriam

1878 4720 2219 4791 singulorum
2263 4722 2493 4778 formam
2531 4727 2861 4796 exprimant,
2905 4745 3015 4784 non
3054 4732 3324 4786 elementa
3379 4734 3458 4787 fu-

1876 4818 1997 4863 tura
2026 4811 2159 4876 sint,
2188 4812 2285 4867 sed
2318 4813 2574 4867 vitiorum
2606 4825 2700 4869 aut
2732 4817 2996 4872 virtutum
3029 4819 3278 4889 quaedam
3312 4820 3454 4875 inter

1875 4919 1934 4958 se
1959 4904 2060 4958 hoc
2096 4906 2474 4964 autillomodo
2489 4909 2810 4966 commisto:
2845 4926 2952 4980 qua
2976 4927 3236 4982 expressa
3267 4916 3458 4969 unius-

1883 4997 2152 5068 cujusque
2221 5001 2432 5068 species
2462 5003 2764 5070 apparebit.
2796 5001 2967 5072 Cujus
2992 5005 3068 5057 rei
3099 5004 3278 5058 simile
3296 5007 3458 5074 quid»-

1881 5088 2006 5141 dam
2061 5089 2454 5157 propemodum
2509 5091 2599 5144 hic
2653 5091 2818 5144 etiam
2857 5092 3108 5161 contigit,
3164 5107 3288 5146 cum
3345 5094 3461 5162 ipso.

1881 5179 2065 5233 vultus
2096 5179 2342 5233 intimam
2376 5180 2540 5234 animi
2592 5179 2932 5235 affectionem
2962 5181 3188 5245 indicat,
3212 5191 3270 5236 ut
3313 5182 3458 5235 hunc

1882 5285 2116 5327 mmrore
2140 5271 2308 5339 vinci,
2342 5272 2492 5325 illum
2537 5270 2716 5326 eﬂerri
2775 5272 3078 5338 iracundia,
3133 5273 3298 5328 alium
3361 5274 3456 5326 fla-

1882 5380 2042 5434 grare
2065 5364 2384 5434 cupiditate,
2422 5374 2514 5417 aut
2541 5372 2733 5417 contra
2795 5365 2942 5418 hunc
3001 5373 3198 5418 natura
3251 5366 3452 5430 Ianum,

1877 5457 2028 5512 illum
2085 5458 2305 5511 minime
2357 5455 2703 5520 iracundum,
2748 5456 2912 5508 alium
2963 5456 3164 5527 insigni
3219 5457 3456 5528 quadam

1877 5550 2144 5606 modestia
2181 5548 2488 5620 praeditum,
2525 5546 2685 5602 facile
2718 5561 3139 5617 cognoscamus.
