3882 6432
402 410 508 469 535

470 520 945 593 Quemadmodum
977 520 1148 593 igitur
1183 520 1242 576 in
1263 518 1373 575 hac
1416 517 1525 575 vita
1566 515 1738 571 animi
1774 512 1989 569 aﬂectio
2015 516 2064 573 Α

395 624 482 673 est
513 614 685 670 veluti
743 612 920 672 forma
955 610 1206 682 quaedam
1248 610 1312 665 in
1354 608 1529 674 vultu,
1581 613 1747 677 atque
1812 602 2020 657 oculis-

392 718 678 777 expressa,
707 718 838 775 qua,
880 717 994 773 quo
1024 701 1191 757 modo
1248 715 1309 756 se
1360 700 1510 755 intus
1570 696 1766 752 habeat
1800 694 1990 759 homo,

372 778 718 853 .«leclaratur
748 814 761 851 :
795 797 879 851 sic
912 795 1049 849 mihi
1073 795 1309 861 videtur,
1333 807 1457 847 cum
1498 798 1697 846 natura
1750 787 1991 844 hominis

393 888 939 958 divinioremgadcpta
958 889 1342 950 sitstatum,ex
1362 883 1608 952 moribus
1621 881 1858 953 quisque
1874 879 1992 935 suis

392 979 595 1049 cllingi,
615 994 717 1035 nec
742 977 890 1033 aliud
904 994 1047 1043 esse,
1067 976 1217 1031 aliud
1232 974 1422 1040 videri,
1444 974 1538 1032 sed
1551 973 1730 1045 qualis
1747 981 1851 1036 est,
1866 972 1992 1027 talis

395 1071 623 1126 omnino
652 1069 937 1141 cognosci,
988 1068 1179 1139 utqui
1214 1076 1425 1133 castus,
1483 1066 1580 1138 qui
1632 1064 1837 1136 justus,
1896 1062 1991 1133 qui

394 1171 746 1228 mansuetus,
773 1162 870 1232 qui
912 1175 1106 1232 purus,
1163 1160 1257 1229 qui
1324 1160 1621 1231 benignus,
1688 1157 1781 1228 qui
1841 1158 1988 1228 pius,

289 1289 295 1293 -
393 1261 564 1325 atque
601 1254 747 1308 inter
775 1253 877 1308 hos
921 1251 1017 1322 qui
1052 1251 1214 1307 bonis
1264 1252 1547 1316 omnibus,
1596 1257 1694 1305 aut
1744 1248 1839 1320 qui
1880 1262 1992 1303 uno

398 1353 613 1400 tantum
652 1354 747 1399 aut
779 1344 1033 1415 pluribus
1064 1352 1317 1409 ornatus,
1366 1343 1573 1415 quique
1619 1342 1675 1397 in
1706 1353 1820 1396 uno
1870 1339 1992 1410 qui-

392 1436 517 1492 dem
552 1435 792 1491 inl‘erior
827 1436 923 1500 sit,
954 1435 1011 1490 in
1043 1435 1154 1489 alio
1193 1444 1375 1490 autem
1436 1433 1691 1505 superior
1748 1440 1988 1488 constet.

392 1526 474 1581 Ex
506 1526 594 1583 his
621 1526 768 1582 enim
801 1526 1192 1597 similibusque
1223 1526 1398 1598 magis
1435 1529 1686 1581 minusve
1722 1531 1992 1595 praestan-

392 1614 543 1671 tibus
572 1616 1029 1687 proprietatibus,
1063 1632 1184 1689 qua:
1228 1619 1283 1672 in
1318 1617 1457 1688 ipsis
1505 1617 1817 1688 conspicua:
1837 1624 1987 1682 sunt,

392 1707 563 1763 variat
590 1709 940 1779 singulorum
973 1707 1295 1765 diﬂ‘erentize
1331 1708 1771 1781 distinguuntur,
1815 1708 1990 1763 donec

392 1798 700 1854 novissima
725 1800 973 1864 tandem,
1020 1811 1080 1855 ut
1101 1799 1307 1855 Paulus
1337 1799 1510 1879 ait”,
1545 1800 1768 1855 inimica
1805 1807 1984 1855 morte

1627 384 1703 450 ‘s.
1742 388 2074 450 GBEGORII
2117 370 2406 446 NYSSENI

2163 511 2375 581 Ὠσπερ
2414 509 2594 564 τοίνυν
2627 507 2771 564 κατὰ
2803 507 2901 580 τὴν
2954 507 3261 563 ἐνεστῶσαν
3297 509 3444 582 ζωὴν
3495 514 3690 584 μορφὴ

2093 601 2299 670 γίνεται
2329 603 2363 674 ή
2392 601 2521 656 ποιά
2547 600 2786 665 διάθεσις
2805 600 2907 670 τῆς
2944 599 3191 672 καρδίας.
3209 600 3306 653 καὶ
3333 600 3473 670 πρὸς
3499 601 3561 655 τὸ
3583 603 3685 671 ἐγ-

2092 693 2343 764 κείμενον
2377 693 2550 758 πάθος
2566 694 2627 747 τὸ
2648 692 2743 746 τοῦ
2761 691 3050 764 ἀνθρώπου
3072 688 3211 756 εἶδος
3239 693 3648 757 ἁπεικονίζεται
3665 710 3684 728 ο

2092 785 2355 858 οὖτωξμοι
2384 786 2533 840 δοκεῖ
2570 785 2707 858 πρὸς
2742 784 2805 838 τὸ
2835 783 3106 856 θειότερον
3145 783 3553 855 ὑπαλλαγείσης
3581 787 3689 854 τῆς

2092 876 2330 946 φύσεως,
2362 876 2745 930 είδοποιείσθαι
2781 875 2870 931 διά
2895 874 2991 929 τοῦ
3013 874 3176 947 ἧθους
3195 875 3222 927 6
3244 860 3553 946 ἄνθρωπος,
3579 876 3690 929 οὐκ

2092 966 2221 1021 ἄλλο
2236 984 2289 1021 τι
2310 966 2388 1021 ὢν
2407 966 2502 1021 καὶ
2521 966 2648 1021 ἀλλο
2672 966 3015 1037 φαινόμενος,
3057 965 3174 1019 ἀλλ’
3206 965 3342 1037 ὅπερ
3369 966 3489 1019 ἐστὶ
3518 964 3688 1018 τοῦτο

2092 1058 2187 1113 καὶ
2218 1060 2641 1129 γινωσκόμενος,
2673 1058 2749 1121 ὡς
2774 1060 2802 1111 ὁ
2829 1056 3083 1127 σώφρων,
3108 1058 3137 1111 6
3158 1056 3387 1122 δίκαιος,
3414 1057 3444 1109 6
3478 1058 3684 1128 πρᾶος,

2090 1152 2120 1204 6
2148 1151 2405 1223 καθαρὸς,
2445 1155 2474 1207 6
2508 1152 2868 1223 ἀγαπητικδς,
2910 1152 2940 1203 6
2980 1150 3248 1221 φιλόθεος,
3289 1152 3383 1206 καὶ¹
3420 1153 3587 1206 πάλιν
3623 1153 3686 1205 ἐν

2091 1244 2321 1311 τούτοις,
2359 1242 2393 1315 ἢ
2422 1246 2451 1298 6
2478 1244 2654 1298 πάντα
2694 1243 2833 1315 ἔχων
2869 1243 2939 1298 τὰ
2984 1243 3184 1313 ἀγαθά,
3224 1243 3258 1315 ἢ
3287 1246 3316 1298 6
3348 1247 3407 1300 ἐν
3426 1245 3509 1298 ἐνὶ
3532 1245 3685 1316 μόνῳ

2093 1333 2484 1406 κοσμούμενος,
2510 1335 2544 1407 ἢ
2584 1337 2614 1390 6
2639 1338 2697 1389 ἐν
2724 1338 2839 1399 τοῖς
2870 1334 3110 1389 πλείοσιν
3143 1336 3560 1416 εὑρισκόμενος,
3587 1335 3623 1407 ἢ
3653 1336 3685 1389 6

2092 1428 2152 1480 ἐν
2192 1426 2326 1498 τῷδε
2370 1427 2471 1500 μὲν
2509 1428 2920 1499 ἐλαττούμενος,
2967 1426 3306 1481 πλεονεκτῶν
3343 1427 3401 1480 δὲ
3432 1427 3578 1482 κατά
3618 1426 3686 1481 τὺ

2091 1517 2296 1590 ἕτερον.
2336 1518 2433 1574 Ἐκ
2450 1519 2655 1573 τούτων
2670 1518 2781 1591 γὰρ
2802 1518 2896 1572 καί⁵
2917 1518 3025 1572 τῶν
3053 1518 3311 1572 τοιούτων
3334 1519 3444 1572 τῶν
3458 1536 3519 1572 τε
3535 1520 3687 1574 κατά

2091 1609 2152 1663 τὸ
2167 1613 2413 1683 κρεῖττον
2433 1610 2654 1666 καὶτῶν
2678 1610 2820 1665 κατά
2846 1611 2907 1664 τὺ
2928 1611 3168 1666 ἐναντίον
3190 1608 3490 1683 ἐπιθεωρου
3498 1611 3686 1682 μένων

2095 1703 2424 1775 ἰδιωμάτων,
2459 1707 2540 1769 είς
2576 1703 2868 1776 διαφόρους
2899 1703 3040 1767 ίδὲας
3083 1704 3133 1756 οἱ
3177 1702 3298 1756 καθ’
3325 1704 3562 1758 ἕκαστον
3586 1707 3685 1758 ἀπ’

2093 1793 2336 1864 ἀλλήλων
2378 1792 2706 1865 μερίζονται,
2763 1794 2869 1858 ἓως
2919 1792 2985 1846 ἂν
3031 1791 3123 1846 τοῦ
3160 1793 3389 1863 ἐσχάτου
3443 1793 3685 1864 Ἐχθροῦ

366 1946 367 1949 η
393 1889 698 1956 destructa,
731 1892 987 1962 maloque
1016 1892 1234 1947 cunctis
1262 1906 1293 1947 e
1334 1870 1500 1947 rebus
1538 1892 1761 1961 penitus
1793 1900 1979 1946 extur-

2084 1861 2543 1958 καταργηθέντος,
2568 1884 2645 1949 ῶς
2678 1902 2842 1956 φησιν
2868 1888 2896 1939 6
2941 1861 3283 1949 Ἀπόστολος,
3314 1884 3411 1937 καὶ
3440 1861 3548 1955 τῆς
3584 1861 3687 1938 κα·

390 1982 521 2038 bato
543 1990 707 2054 atque
741 1983 940 2048 deleto,
970 1999 1078 2038 una
1110 1985 1164 2039 in
1185 1984 1443 2039 omnibus
1492 1984 1676 2039 divina
1731 1984 1979 2056 pulchri-

391 2075 526 2130 tudo
580 2075 831 2146 fttlgebit,
884 2076 953 2131 ad
1001 2077 1162 2146 cujus
1212 2077 1495 2147 exemplar
1544 2078 1704 2133 initio
1760 2078 1979 2134 formati

396 2181 612 2223 sumus.
656 2166 786 2222 Haec
834 2175 1017 2224 autem
1048 2176 1135 2225 est
1162 2169 1279 2234 lux,
1313 2169 1550 2240 puritas,
1583 2170 1978 2226 immortalitas

391 2258 503 2312 vita
541 2265 597 2314 et
622 2259 849 2326 veritas,
885 2267 941 2315 et
968 2259 1076 2314 alia
1098 2258 1346 2330 ejusdem
1364 2261 1603 2331 generis.
1624 2247 1978 2332 Neque'enim

390 2348 642 2414 dedecet,
675 2348 785 2405 diei
814 2350 1068 2421 lucisque
1091 2350 1234 2408 ﬁlios
1265 2361 1319 2407 et
1343 2367 1470 2407 esse
1502 2359 1558 2407 et
1586 2351 1781 2408 videri.
1805 2351 1979 2410 Lucis

393 2448 602 2507 autem,
629 2448 684 2496 et
722 2441 1002 2511 puritatis,
1035 2452 1093 2496 et
1120 2442 1558 2498 immortalitatis
1600 2443 1750 2497 nulla
1795 2451 1977 2499 muta-

393 2531 473 2587 tio
504 2531 883 2589 diﬂ'erentiave
929 2534 980 2586 it.
1013 2533 1207 2587 eodem
1240 2548 1441 2604 genere
1492 2534 1814 2604 reperietur,
1881 2538 1978 2591 sed

393 2638 507 2678 una
533 2623 781 2693 gratiain
800 2624 1059 2679 omnibus
1082 2624 1341 2689 elucebit,
1373 2639 1498 2679 cum
1530 2625 1782 2682 ﬁliilucis
1802 2625 1978 2682 ell'ecti

391 2712 679 2784 fulgebunt
708 2720 768 2767 ut
813 2712 918 2780 sol,
960 2713 1429 2784 quemadmodum
1473 2729 1609 2771 voce
1650 2730 1749 2769 sua
1805 2716 1980 2772 veris-

392 2805 534 2861 sima
563 2804 831 2860 Dominus
865 2803 983 2874 ipse
1006 2803 1297 2860 denuntiat
1338 2806 1380 2837 "
1401 2824 1414 2860 :
1437 2821 1674 2876 cumque
1706 2823 1771 2861 ex
1794 2807 1978 2861 divina

391 2896 766 2969 promissione
795 2896 1027 2967 perfecti
1054 2904 1241 2961 erunt,
1271 2897 1529 2967 idemque
1561 2898 1822 2963 sentient,
1868 2913 1976 2952 una

389 2986 692 3056 eademque
718 2987 776 3043 in
808 2988 1068 3043 omnibus
1097 2988 1273 3058 gratia
1309 2989 1392 3042 sic
1420 2986 1732 3060 eii‘ulgcnte,
1764 3000 1822 3044 ut
1847 3005 1977 3060 pro-

395 3078 543 3133 ximo
567 3079 805 3148 quisque
859 3093 962 3135 suo
1017 3079 1264 3134 laztitiatn
1300 3081 1667 3149 impertiatur.
1730 3079 1809 3135 Ex
1867 3096 1978 3151 quo

2082 1977 2206 2041 κίας
2228 1978 2454 2032 καθόλου
2483 1978 2701 2032 πάντων
2721 1977 2831 2030 τῶν
2868 1976 3036 2030 ὄντων
3063 1975 3480 2044 ἐξοικισθείσης,
3524 1975 3589 2029 ἓν
3621 1978 3686 2031 τὸ

2081 2068 2312 2133 θεοειδὲς
2332 2069 2525 2133 κάλλος
2560 2069 2884 2141 ἐπαστράψῃ
2912 2071 3023 2131 τοῖς
3052 2068 3235 2131 πᾶσιν,
3263 2062 3308 2135 ᾧ
3340 2069 3459 2121 κατ’
3500 2068 3685 2139 ἀρχάς

2081 2159 2503 2232 ἐμορφώθημεν.
2560 2159 2732 2215 Τοῦτο
2777 2159 2835 2212 δέ
2877 2160 2995 2212 ἐστι
3041 2159 3177 2229 φῶς,
3208 2158 3305 2212 καὶ⁵
3339 2158 3681 2230 καθαρότης,

2081 2249 2177 2304 καὶ
2196 2250 2494 2321 ἀφθαρσία,
2531 2251 2627 2304 καὶ
2652 2249 2787 2322 ζωὴ,
2814 2250 2909 2304 καὶ
2938 2249 3186 2321 ἀλήθεια,
3205 2250 3300 2302 καὶ
3326 2249 3395 2303 τά
3422 2249 3681 2305 τοιαῦτα.

2080 2343 2216 2398 Οὐδὲ
2230 2343 2337 2416 γάρ
2360 2343 2584 2407 ἀπεικός
2602 2344 2751 2397 ἐστιν
2780 2342 2994 2414 ἡμέρας
3015 2342 3182 2396 τέκνα
3212 2341 3304 2394 καὶ
3331 2339 3513 2409 φωτὸς
3534 2336 3684 2397 εἶναι

2078 2453 2139 2491 τε
2183 2437 2279 2490 καὶ⁵
2327 2435 2618 2506 φαίνεσθαι
2642 2453 2654 2466 ·
2714 2434 2892 2504 φωτὸς
2942 2434 2999 2488 δὲ
3048 2433 3144 2487 καὶ
3174 2433 3552 2508 καθαρότητος
3586 2435 3684 2488 καὶ

2079 2529 2411 2601 ἀφθαρσίας,
2441 2529 2665 2599 οὐδεμία
2689 2526 3012 2599 παραλλαγὴ
3042 2526 3163 2580 οὐδὲ
3188 2526 3420 2598 διαφορὰ
3449 2527 3595 2599 πρὸς
3619 2527 3683 2581 τὸ

2081 2621 2338 2691 ὁμογενὲς
2389 2619 2782 2691 εὑρεθήσεται·
2817 2616 2953 2671 ἀλλὰ
3007 2616 3105 2686 μία
3159 2615 3321 2687 χάρις
3375 2614 3681 2686 ἐπιλάμψει

2079 2715 2192 2777 τοῖς
2218 2715 2405 2779 πᾶσιν,
2436 2713 2566 2767 ὅταν
2593 2710 2700 2764 υἱοὶ
2753 2708 2931 2778 φωτὸς
2952 2708 3226 2778 γινόμενοι
3266 2707 3558 2779 λάμψωσιν
3602 2706 3681 2774 ὡς

2079 2804 2108 2855 6
2160 2804 2332 2875 ἥλιος,
2365 2803 2506 2858 κατά
2538 2802 2637 2874 τὴν
2664 2799 2868 2871 ἀψευδῆ
2907 2797 3002 2851 τοῦ
3038 2799 3245 2869 Κυρίου
3278 2800 3463 2869 φωνήν
3488 2815 3502 2829 ·
3537 2797 3679 2853 ἀλλὰ

2082 2898 2176 2950 καὶ
2200 2895 2262 2950 τὸ
2292 2896 2500 2957 πάντας
2527 2892 2748 2947 ἔσεσθαι
2779 2889 3234 2960 τετελειωμένους
3259 2890 3340 2954 είς
3364 2889 3425 2943 τὸ
3449 2888 3507 2942 ἓν
3530 2888 3679 2943 κατὰ

2080 2987 2179 3059 τὴν
2208 2987 2543 3056 ἐπαγγελίαν
2597 2986 2692 3039 τοῦ
2721 2984 2858 3039 Θεοῦ
2894 2986 3092 3053 Λόγου,
3126 2983 3226 3053 τῆς
3280 2983 3453 3053 αὐτῆς
3492 2980 3679 3051 ἔχεται

2080 3079 2340 3143 διανοίας,
2382 3077 2446 3131 τὸ
2481 3078 2607 3148 μίαν
2637 3077 2733 3131 καὶ
2752 3076 2851 3147 τὴν
2877 3076 3046 3146 αὐτὴν
3076 3075 3187 3137 τοῖς
3215 3075 3379 3127 πᾶσιν
3404 3075 3679 3145 ἐπιφανή-

395 3168 507 3236 ﬁet,
533 3176 594 3224 ut
651 3169 885 3224 aliorum
945 3170 1040 3224 alii
1098 3170 1569 3240 pulchritudinem
1623 3181 1977 3240 contuentes,

2085 3167 2273 3222 σεσθαι
2302 3169 2484 3240 χάριν,
2513 3169 2589 3229 ώς
2626 3168 2725 3240 τὴν
2760 3167 2929 3240 αὐτὴν
2968 3167 3307 3239 εὐφροσύνην
3329 3166 3568 3220 ἕκαστον
3597 3166 3678 3239 τῷ

392 3261 602 3317 mutuis
634 3261 778 3317 inter
803 3275 863 3318 se
899 3263 1116 3333 gaudiis
1165 3264 1409 3319 vicissim
1445 3262 1771 3328 alﬁciantur,
1825 3266 1981 3320 nulla

394 3352 549 3418 mali,
592 3362 686 3409 aut
709 3354 847 3419 vitii,
876 3361 973 3409 aut
1000 3353 1364 3425 turpitudinis
1391 3357 1609 3410 macula
1639 3356 1812 3414 decus
1843 3356 1981 3413 illud

394 3443 452 3500 in
481 3443 782 3501 deformem
797 3448 1036 3517 speciem
1063 3453 1458 3503 commutante.
1484 3446 1610 3504 Haec
1639 3449 1801 3506 nobis
1823 3464 2001 3528 mens.

392 3544 583 3594 nostra
615 3552 717 3610 pro
739 3537 1136 3596 decedentibus
1170 3553 1237 3595 ex
1270 3538 1375 3595 hac
1414 3539 1548 3608 vita,
1575 3557 1737 3597 voces
1785 3556 1977 3598 eorum

392 3629 576 3697 nobis,
596 3638 657 3685 ut
685 3629 803 3687 ﬁeri
832 3638 1037 3702 potest,
1059 3630 1336 3696 indicans,
1359 3631 1641 3689 disseruit.
1667 3632 1779 3689 Nos
1793 3642 1976 3689 autem

395 3717 556 3773 Pauli
574 3719 784 3788 ,verbis
828 3727 1071 3786 utentes,
1133 3721 1426 3777 consilium
1469 3730 1721 3779 nostrum
1757 3725 1825 3778 ad
1881 3739 1978 3780 eos

392 3808 489 3880 qui
512 3809 569 3865 in
608 3811 867 3880 squalore
901 3812 1168 3881 luctuque
1202 3824 1498 3870 versantur
1542 3816 1973 3871 concludemus:

394 3899 540 3956 Νοίο
572 3918 659 3956 vos
686 3903 952 3975 ignorare,
978 3902 1196 3971 fratres,
1229 3905 1294 3960 de
1329 3905 1734 3973 dormientibus,
1773 3922 1836 3960 ne
1851 3922 1977 3961 con-

395 3992 701 4058 tristemini,
728 3993 865 4048 sicut
889 4002 939 4049 et
970 3995 1168 4059 ueteri,
1207 3997 1297 4065 qui
1353 4011 1499 4065 spem
1530 4012 1633 4051 non
1680 3997 1870 4052 habent
1908 3998 1981 4074 η.

463 4170 679 4242 Siquid
725 4187 857 4243 ergo
884 4172 1068 4230 studio
1131 4172 1356 4245 dignum
1405 4173 1475 4230 de
1522 4174 1590 4232 iis
1620 4174 1976 4246 quidormie-

390 4268 541 4327 runt,
602 4262 937 4333 didicimus,
999 4265 1325 4336 degenerem
1382 4266 1549 4322 istum
1611 4267 1976 4340 servilemque

389 4370 683 4411 maerorem
717 4358 956 4428 amplius
989 4373 1059 4413 ne
1104 4358 1517 4430 suscipiamus;
1561 4368 1655 4415 aut
1689 4361 1737 4417 si
1787 4362 1974 4434 lugen‘

389 4443 518 4499 dum
566 4454 670 4508 est,
710 4446 1037 4502 laudabilem
1082 4448 1236 4505 illum
1269 4450 1701 4521 complectamur
1739 4454 1977 4519 luctum,‘

2085 3261 2253 3325 πέλας
2275 3260 2741 3332 ἀντιχαρίζεσθαι.
2777 3261 2857 3314 Δι’
2887 3253 2964 3314 ὧν
2988 3260 3219 3322 ἕκαστος
3254 3260 3350 3314 καὶ
3376 3260 3677 3331 εὐφραίνε-

2081 3370 2172 3408 ται
2199 3352 2292 3407 τοῦ
2326 3354 2517 3425 ἐτέρου
2545 3352 2606 3406 τὺ
2645 3352 2842 3416 κάλλος
2872 3350 3104 3424 βλέπων,
3136 3353 3232 3405 καὶ
3258 3353 3672 3425 ἀντευφραίνει,

2084 3446 2355 3519 μηδεμιᾶς
2383 3446 2582 3509 κακίας
2606 3446 3066 3520 μεταμορφούσης
3093 3445 3154 3500 τὸ
3183 3440 3321 3509 εἶδος
3346 3447 3425 3509 είς
3454 3446 3673 3519 εἰδεχθῆ

2079 3538 2419 3609 χαρακτῆρα.
2453 3536 2640 3592 Ταῦτα
2670 3538 2801 3609 ἡμῖν
2838 3540 2868 3591 6
2894 3537 3019 3602 νοῦς
3044 3539 3073 3591 ό
3101 3521 3277 3609 ’ἡμέτε
3288 3554 3378 3608 ρος
3411 3538 3533 3591 ἀντὶ
3561 3538 3673 3596 τῶν

2079 3628 2482 3698 κατοιχομένων
2510 3627 2822 3697 διείλεκται,
2853 3628 2952 3693 τὰς
2992 3628 3177 3698 φωνὰς
3212 3628 3436 3683 ἐκείνων
3469 3630 3547 3694 ώς
3580 3631 3673 3684 δυ-

2079 3719 2237 3773 νατὸν
2264 3723 2397 3792 ἡμῖν
2436 3720 2885 3793 ὑποκρινόμενος.
2914 3721 3105 3793 Ἡμεῖς
3134 3722 3191 3778 δὲ
3211 3724 3276 3793 τῇ
3307 3720 3402 3775 τοῦ
3429 3723 3671 3792 μεγάλου

2076 3811 2292 3866 Παύλου
2323 3815 2472 3884 φωνῇ
2490 3812 2585 3884 τὴν
2618 3813 2753 3885 πρὸς
2775 3815 2899 3878 τοὺς
2930 3814 3402 3887 βαρυπενθοὼτας
3432 3816 3673 3887 συμϐου-

2076 3897 2174 3974 λὴν
2224 3902 2676 3973 περιγράψωμεν,
2726 3905 2808 3957 ὅτι
2862 3906 2944 3958 οὺ
2997 3904 3148 3959 θέλω
3203 3904 3359 3973 ὑμᾶς
3402 3908 3666 3976 ἀγνοεῖν,

2074 3994 2348 4064 ἀδελφοὶ,
2385 3996 2517 4063 περὶ
2555 3995 2675 4050 τῶν
2718 3996 3187 4066 κεκοιμημένων,
3227 3998 3436 4068 ἵναμὴ
3470 4000 3668 4073 λυ.πῆ-

2075 4090 2205 4154 σθε,
2237 4089 2318 4155 ὡς
2344 4088 2444 4145 καὶ
2470 4091 2524 4142 οἱ
2560 4088 2783 4156 λοιποὶ,
2806 4092 2862 4143 οὶ
2881 4089 2963 4159 μὴ
2987 4088 3235 4159 ἔχοντες
3258 4089 3499 4145 ἐλπίδα.

2144 4182 2209 4235 Εἰ
2239 4176 2333 4236 οὖν
2361 4199 2416 4235 τι
2467 4180 2870 4253 μεμαθήκαμεν
2921 4181 3160 4253 σπουδῆς
3197 4180 3346 4248 ἄξιον
3397 4184 3527 4254 περὶ
3555 4184 3666 4239 τῶν

2074 4274 2513 4346 κεκοιμημένων,
2549 4274 2616 4327 δι’
2647 4267 2721 4327 ὧν
2768 4276 2901 4345 ἡμῖν
2932 4274 2959 4327 6
2983 4272 3141 4343 λόγος
3171 4274 3239 4329 τά
3281 4274 3411 4347 περὶ
3454 4274 3665 4331 τούτων

2074 4367 2432 4438 ἐφιλοσόφησε
2454 4406 2470 4431 ,
2519 4366 2715 4437 μηκέτι
2770 4365 2868 4436 τὴν
2899 4366 3133 4438 δυσγενῆ
3171 4366 3377 4441 ταύτην
3414 4368 3509 4422 καὶ¹
3563 4369 3664 4423 άν-

2072 4456 2386 4529 δραποδώδη
2425 4456 2604 4528 λύπην
2653 4457 3110 4528 παραδεξώμεθα.
3155 4457 3298 4512 Ἀλλ’
3330 4460 3379 4512 εί
3422 4460 3529 4531 χρὴ
3565 4462 3659 4516 καὶ

385 4532 484 4602 qui
515 4547 640 4586 cum
680 4535 884 4590 virtute
925 4538 1255 4605 coniunctus
1282 4548 1388 4595 est.
1420 4539 1490 4596 Ut
1529 4546 1677 4598 enim
1721 4547 1970 4616 voluptas

2083 4549 2379 4615 λυπεῖσθαι,
2404 4548 2619 4619 ἐκείνην
2661 4548 2911 4619 ἑλώμεθα
2948 4549 3046 4620 τὴν
3070 4549 3278 4620 λύπην,
3312 4549 3411 4621 τὴν
3436 4553 3658 4605 ἐπαινεα

387 4623 496 4678 alia
523 4624 827 4695 pecudibus
855 4629 1114 4684 convenit
1152 4632 1464 4702 rationique
1489 4635 1832 4703 adversatur,
1864 4640 1969 4693 alia

388 4730 528 4787 pura
565 4724 671 4781 est,
724 4726 778 4773 et
807 4732 839 4771 a
871 4720 1113 4774 materiae
1166 4722 1426 4779 sordibus
1479 4734 1725 4793 remota;
1774 4730 1855 4785 sic
1892 4731 1967 4797 id,

370 4807 535 4879 ,quod
568 4809 833 4879 voluptati
862 4813 1203 4866 contrarium
1235 4821 1340 4879 est,
1375 4816 1430 4870 in
1465 4817 1653 4874 vitium
1687 4821 1971 4877 virtutem-

384 4915 493 4971 que
522 4900 809 4957 dividitur.
844 4899 941 4956 Est
965 4901 1130 4971 igitur
1152 4904 1369 4975 lugendi
1401 4921 1572 4977 genus
1603 4923 1795 4973 unum,
1823 4909 1969 4979 quod

382 4991 603 5048 beatum
639 5002 889 5058 vocatur,
942 5004 997 5047 et
1046 4994 1101 5050 in
1145 4997 1443 5052 excolenda
1474 4999 1829 5071 parandaque
1862 5002 1972 5079 vir:

383 5089 500 5138 tute
547 5098 657 5139 non
691 5083 972 5156 abjicitur,
1020 5087 1169 5158 quod
1218 5088 1438 5159 quidem
1495 5091 1564 5146 ab
1616 5092 1807 5148 insana
1864 5093 1969 5148 ista
2022 5090 2027 5094 ’

380 5174 679 5246 servilique
694 5177 1134 5250 mmstitialonge
1153 5179 1432 5237 diversum
1467 5192 1572 5239 est.
1589 5184 1647 5239 In
1688 5184 1791 5239 hac
1822 5185 1969 5240 enim

380 5265 700 5337 quicunque
722 5278 994 5336 versatur,
1028 5270 1083 5325 in
1111 5280 1393 5342 posterum
1423 5275 1733 5345 pmnitebit,
1765 5277 1969 5348 quippe

380 5359 475 5429 qui
502 5374 534 5415 e
571 5363 896 5418 constantiae
923 5363 1097 5434 gradu
1128 5366 1391 5436 depulsus
1412 5383 1471 5425 se
1493 5383 1523 5423 a
1552 5370 1963 5439 perturbatione

380 5447 633 5515 superari
674 5449 1001 5517 permiserit.
1034 5450 1106 5507 At
1147 5453 1341 5510 beatus
1384 5456 1477 5512 ille
1524 5457 1703 5513 luctus
1738 5459 1962 5514 minime

379 5538 773 5606 repudiandam
841 5542 1219 5612 pudendamve
1274 5548 1552 5604 tristitiam
1611 5551 1817 5620 praebet
1869 5550 1957 5617 iis,

377 5630 474 5698 qui
525 5643 621 5700 per
665 5630 817 5687 illum
869 5650 936 5690 ex
979 5635 1179 5692 virtute
1213 5638 1380 5694 vitam
1435 5656 1589 5698 suam
1640 5632 1956 5699 instituunt.

2069 4639 2167 4712 τὴν
2196 4642 2290 4693 κειῖ⁸
2340 4639 2610 4711 ἐνάρετον.
2652 4639 2742 4704 Ὣς
2770 4638 2880 4711 γάρ
2918 4639 3021 4709 τῆς
3048 4641 3242 4711 ἡδονῆς
3281 4639 3342 4694 τὸ
3392 4640 3494 4711 μὲν
3542 4644 3658 4696 ἐστι

2069 4732 2341 4804 κτηνῶδες
2390 4732 2485 4785 καὶ
2534 4732 2747 4800 ἄλογον,
2780 4732 2843 4784 τὸ
2877 4730 2936 4785 δὲ
2958 4731 3200 4804 καθαρόν
3228 4749 3288 4785 τε
3331 4732 3424 4786 καὶ
3450 4733 3616 4788 άῦλον
3637 4750 3654 4768 ·

2069 4824 2214 4880 οὕτω
2238 4824 2332 4879 καὶ
2357 4824 2418 4877 τὸ
2449 4823 2826 4894 ἀντικείμενον
2854 4825 2920 4894 τῇ
2955 4823 3117 4896 ἡδονῇ
3149 4825 3286 4895 πρὸς
3324 4826 3527 4879 κακίαν
3560 4828 3652 4880 καὶ
3704 4890 3721 4903 ί

2068 4917 2271 4990 ἀρετὴν
2299 4908 2687 4971 διαστέλλεται.
2710 4913 2899 4968 Ἔστιν
2925 4911 3018 4969 οὖν
3044 4933 3099 4971 τι
3129 4918 3225 4971 καὶ
3250 4917 3482 4982 πένθους
3518 4914 3655 4983 εἶδος

2072 5007 2527 5080 μακαριζόμενον,
2556 5006 2648 5061 καὶ
2679 5007 2816 5078 πρὸς
2846 5006 3037 5077 κτῆσιν
3067 5008 3271 5079 ἀρετῆς
3287 5009 3387 5063 οὐκ
3406 5010 3653 5080 ἀπόϐλη-

2066 5115 2178 5165 τον,
2203 5099 2339 5170 ὂπερ
2365 5097 2622 5163 ἐναντίως
2654 5098 2765 5170 ἔχει
2815 5096 2952 5171 πρὸς
2976 5100 3077 5170 τὴν
3111 5098 3303 5168 ἄλογον
3321 5098 3533 5169 ταύτην
3561 5100 3653 5155 καὶ

2065 5189 2452 5261 ἀνδραποδώδη
2477 5193 2805 5263 κατήφειαν.
2852 5191 2911 5245 ὐ
2935 5191 3033 5262 μὲν
3067 5190 3172 5264 γὰρ
3193 5193 3253 5245 ἐν
3289 5191 3462 5263 ταύτῃ
3498 5191 3650 5259 γενό-

2068 5300 2248 5354 μενος,
2274 5283 2473 5338 ἑαυτοῦ
2512 5285 2652 5355 μετὰ
2679 5285 2850 5339 ταῦτα
2894 5285 2983 5341 διά
3026 5284 3388 5356 μεταμελείας
3416 5284 3653 5353 καθάψε-

2066 5389 2178 5440 ται,
2210 5375 2287 5439 ώς
2321 5374 2426 5440 ἔξω
2452 5374 2546 5428 τοῦ
2599 5376 2940 5439 καθεστῶτος
2987 5376 3344 5449 παρενεχθεὶς
3366 5417 3381 5442 ,
3412 5378 3504 5429 ὅτε
3556 5372 3646 5430 τοῦ

2068 5466 2274 5532 πάθους
2304 5468 2482 5539 ἥττων
2513 5467 2747 5537 ἐγένετο.
2768 5468 2841 5522 Τὸ
2870 5468 2927 5522 δὲ
2966 5469 3403 5541 μακαριζόμενον
3433 5467 3644 5531 πένθος,

2066 5558 2480 5631 ἀμεταμέλητον
2513 5560 2609 5613 καὶ
2655 5559 3081 5630 ἀνεπαίσχυντον
3131 5560 3242 5630 ἔχει
3270 5561 3370 5630 τὴν
3401 5558 3645 5630 σκυθρω-

2069 5650 2296 5722 πότητα,
2327 5654 2437 5717 τοῖς
2461 5653 2529 5706 δι’
2559 5650 2724 5706 αὐτοῦ
2753 5651 2843 5708 τὸν
2877 5652 3130 5727 ἐνάρετον
3152 5650 3481 5723 κατορθοῦσι
3515 5650 3646 5723 βίον.

454 5807 547 5866 “1
581 5808 711 5868 Cor.
741 5830 832 5883 xv,
860 5816 951 5872 26.
1030 5818 1071 5850 ν’
1113 5816 1305 5872 Matth.
1333 5834 1451 5886 xm,
1484 5821 1573 5875 45.
1650 5820 1692 5853 ⁸⁸
1723 5820 1743 5876 l
1778 5818 1977 5878 Thess.

2112 5822 2201 5878 12.
