  <div class='ocr_page' id='page_1' title='image "/cluster/home/n/w/nwhite01/storage/ocr_20150623/46:no.3/coo.31924054869668/278.png"; bbox 0 0 3882 6472; ppageno 0'>
   <div class='ocr_carea' id='block_1_1' title="bbox 221 460 316 517">
    <p class='ocr_par' dir='ltr' id='par_1_1' title="bbox 221 460 316 517">
     <span class='ocr_line' id='line_1_1' title="bbox 221 460 316 517; baseline -0.032 0"><span class='ocrx_word' id='word_1_1' title='bbox 221 460 316 517; x_wconf 77' lang='lat'><strong>537</strong></span> 
     </span>
    </p>
   </div>
   <div class='ocr_carea' id='block_1_2' title="bbox 1588 446 2049 507">
    <p class='ocr_par' dir='ltr' id='par_1_2' title="bbox 1588 446 2049 507">
     <span class='ocr_line' id='line_1_2' title="bbox 1588 446 2049 507; baseline 0 -2"><span class='ocrx_word' id='word_1_2' title='bbox 1588 448 1679 505; x_wconf 88' lang='lat' dir='ltr'><strong>DE</strong></span> <span class='ocrx_word' id='word_1_3' title='bbox 1716 446 2049 507; x_wconf 78' lang='lat' dir='ltr'><strong>MOBTUIS.</strong></span> 
     </span>
    </p>
   </div>
   <div class='ocr_carea' id='block_1_3' title="bbox 3344 457 3450 514">
    <p class='ocr_par' dir='ltr' id='par_1_3' title="bbox 3344 457 3450 514">
     <span class='ocr_line' id='line_1_3' title="bbox 3344 457 3450 514; baseline -0.009 0"><span class='ocrx_word' id='word_1_4' title='bbox 3344 457 3450 514; x_wconf 77' lang='lat'><strong>558</strong></span> 
     </span>
    </p>
   </div>
   <div class='ocr_carea' id='block_1_4' title="bbox 221 565 1790 644">
    <p class='ocr_par' dir='ltr' id='par_1_4' title="bbox 221 568 1774 644">
     <span class='ocr_line' id='line_1_4' title="bbox 221 568 1774 644; baseline -0.005 -14"><span class='ocrx_word' id='word_1_5' title='bbox 221 571 397 630; x_wconf 85' lang='grc' dir='ltr'>Πενθεῖ</span> <span class='ocrx_word' id='word_1_6' title='bbox 417 572 522 644; x_wconf 86' lang='grc' dir='ltr'><strong>γάρ</strong></span> <span class='ocrx_word' id='word_1_7' title='bbox 552 570 624 635; x_wconf 77' lang='grc' dir='ltr'>ὡς</span> <span class='ocrx_word' id='word_1_8' title='bbox 645 568 855 642; x_wconf 85' lang='grc' dir='ltr'>ἀληθῶς</span> <span class='ocrx_word' id='word_1_9' title='bbox 886 570 914 624; x_wconf 99' lang='lat'><strong>6</strong></span> <span class='ocrx_word' id='word_1_10' title='bbox 944 570 1004 622; x_wconf 87' lang='grc' dir='ltr'><strong>ἐν</strong></span> <span class='ocrx_word' id='word_1_11' title='bbox 1028 568 1376 642; x_wconf 82' lang='grc' dir='ltr'>συναισθήσει</span> <span class='ocrx_word' id='word_1_12' title='bbox 1409 569 1517 624; x_wconf 90' lang='grc' dir='ltr'><strong>τῶν</strong></span> <span class='ocrx_word' id='word_1_13' title='bbox 1551 568 1774 638; x_wconf 82' lang='grc' dir='ltr'>ἀγαθῶν</span> 
     </span>
    </p>
   </div>
   <div class='ocr_carea' id='block_1_5' title="bbox 1892 565 3451 644">
    <p class='ocr_par' dir='ltr' id='par_1_5' title="bbox 1892 565 3451 642">
     <span class='ocr_line' id='line_1_5' title="bbox 1892 565 3451 642; baseline 0.005 -21"><span class='ocrx_word' id='word_1_14' title='bbox 1892 565 2036 623; x_wconf 91' lang='lat' dir='ltr'><strong>Dolet</strong></span> <span class='ocrx_word' id='word_1_15' title='bbox 2056 567 2203 623; x_wconf 88' lang='lat' dir='ltr'><strong>enim</strong></span> <span class='ocrx_word' id='word_1_16' title='bbox 2221 581 2285 625; x_wconf 83' lang='lat' dir='ltr'><strong>ex</strong></span> <span class='ocrx_word' id='word_1_17' title='bbox 2313 566 2519 635; x_wconf 87' lang='lat' dir='ltr'><strong>animo,</strong></span> <span class='ocrx_word' id='word_1_18' title='bbox 2549 578 2784 640; x_wconf 78' lang='lat' dir='ltr'><strong>vereque</strong></span> <span class='ocrx_word' id='word_1_19' title='bbox 2805 568 2953 640; x_wconf 77' lang='lat' dir='ltr'><strong>luget</strong></span> <span class='ocrx_word' id='word_1_20' title='bbox 2982 569 3030 627; x_wconf 99' lang='lat' dir='ltr'><strong>is</strong></span> <span class='ocrx_word' id='word_1_21' title='bbox 3056 572 3150 642; x_wconf 88' lang='lat' dir='ltr'><strong>qui</strong></span> <span class='ocrx_word' id='word_1_22' title='bbox 3182 570 3275 626; x_wconf 89' lang='lat' dir='ltr'><strong>illa</strong></span> <span class='ocrx_word' id='word_1_23' title='bbox 3304 572 3451 629; x_wconf 75' lang='lat' dir='ltr'><strong>Bona</strong></span> 
     </span>
    </p>
   </div>
   <div class='ocr_carea' id='block_1_6' title="bbox 219 656 1771 735">
    <p class='ocr_par' dir='ltr' id='par_1_6' title="bbox 219 656 1771 735">
     <span class='ocr_line' id='line_1_6' title="bbox 219 656 1771 735; baseline -0.005 -14"><span class='ocrx_word' id='word_1_24' title='bbox 219 666 421 721; x_wconf 75' lang='grc' dir='ltr'><strong>ἐκείνων</strong></span> <span class='ocrx_word' id='word_1_25' title='bbox 464 664 768 735; x_wconf 79' lang='grc' dir='ltr'>γενόμενος,</span> <span class='ocrx_word' id='word_1_26' title='bbox 796 656 872 717; x_wconf 84' lang='grc' dir='ltr'>ὧν</span> <span class='ocrx_word' id='word_1_27' title='bbox 917 662 1315 716; x_wconf 88' lang='grc' dir='ltr'>ἀποπέπτωκεν</span> <span class='ocrx_word' id='word_1_28' title='bbox 1336 703 1350 727; x_wconf 91' lang='grc'><strong>,</strong></span> <span class='ocrx_word' id='word_1_29' title='bbox 1381 660 1771 734; x_wconf 72' lang='grc' dir='ltr'><strong>ἀντιπαραθεὶς</strong></span> 
     </span>
    </p>
   </div>
   <div class='ocr_carea' id='block_1_7' title="bbox 219 742 1772 828">
    <p class='ocr_par' dir='ltr' id='par_1_7' title="bbox 219 742 1772 828">
     <span class='ocr_line' id='line_1_7' title="bbox 219 742 1772 828; baseline -0.001 -19"><span class='ocrx_word' id='word_1_30' title='bbox 219 757 306 828; x_wconf 84' lang='grc' dir='ltr'>τὴν</span> <span class='ocrx_word' id='word_1_31' title='bbox 335 754 589 825; x_wconf 78' lang='grc' dir='ltr'><strong>ἐπίκηρον</strong></span> <span class='ocrx_word' id='word_1_32' title='bbox 614 752 817 824; x_wconf 88' lang='grc' dir='ltr'>ταύτην</span> <span class='ocrx_word' id='word_1_33' title='bbox 831 754 922 806; x_wconf 72' lang='grc' dir='ltr'><strong>καὶ</strong></span> <span class='ocrx_word' id='word_1_34' title='bbox 948 742 1204 824; x_wconf 67' lang='grc' dir='ltr'>ρυπῶσᾶν</span> <span class='ocrx_word' id='word_1_35' title='bbox 1228 752 1372 826; x_wconf 81' lang='grc' dir='ltr'>ζωὴν</span> <span class='ocrx_word' id='word_1_36' title='bbox 1415 756 1482 826; x_wconf 75' lang='grc' dir='ltr'>τῇ</span> <span class='ocrx_word' id='word_1_37' title='bbox 1512 754 1772 825; x_wconf 83' lang='grc' dir='ltr'>ἀκηράτῳ</span> 
     </span>
    </p>
   </div>
   <div class='ocr_carea' id='block_1_8' title="bbox 218 839 1772 919">
    <p class='ocr_par' dir='ltr' id='par_1_8' title="bbox 218 839 1772 919">
     <span class='ocr_line' id='line_1_8' title="bbox 218 839 1772 919; baseline -0.004 -16"><span class='ocrx_word' id='word_1_38' title='bbox 218 847 382 919; x_wconf 79' lang='grc' dir='ltr'>ἐκείνῃ</span> <span class='ocrx_word' id='word_1_39' title='bbox 409 846 791 918; x_wconf 81' lang='grc' dir='ltr'>’μακαριότητι,</span> <span class='ocrx_word' id='word_1_40' title='bbox 822 839 889 917; x_wconf 82' lang='grc' dir='ltr'>ἦς</span> <span class='ocrx_word' id='word_1_41' title='bbox 914 846 972 898; x_wconf 86' lang='grc' dir='ltr'><strong>ἐν</strong></span> <span class='ocrx_word' id='word_1_42' title='bbox 1002 844 1220 917; x_wconf 75' lang='grc' dir='ltr'><strong>ἐξουσίᾳ</strong></span> <span class='ocrx_word' id='word_1_43' title='bbox 1240 841 1338 917; x_wconf 81' lang='grc' dir='ltr'>ἦν,</span> <span class='ocrx_word' id='word_1_44' title='bbox 1370 846 1498 917; x_wconf 74' lang='grc' dir='ltr'>πρὶν</span> <span class='ocrx_word' id='word_1_45' title='bbox 1521 847 1589 916; x_wconf 77' lang='grc' dir='ltr'>τῇ</span> <span class='ocrx_word' id='word_1_46' title='bbox 1619 843 1772 909; x_wconf 80' lang='grc' dir='ltr'>ἐξου-</span> 
     </span>
    </p>
   </div>
   <div class='ocr_carea' id='block_1_9' title="bbox 220 932 1772 1009">
    <p class='ocr_par' dir='ltr' id='par_1_9' title="bbox 220 932 1772 1009">
     <span class='ocr_line' id='line_1_9' title="bbox 220 932 1772 1009; baseline -0.003 -18"><span class='ocrx_word' id='word_1_47' title='bbox 220 938 301 1009; x_wconf 83' lang='grc' dir='ltr'>σίᾳ</span> <span class='ocrx_word' id='word_1_48' title='bbox 329 939 404 1001; x_wconf 85' lang='grc' dir='ltr'><strong>είς</strong></span> <span class='ocrx_word' id='word_1_49' title='bbox 429 936 592 990; x_wconf 76' lang='grc' dir='ltr'>κακὸν</span> <span class='ocrx_word' id='word_1_50' title='bbox 624 934 1040 1007; x_wconf 79' lang='grc' dir='ltr'><strong>ἀποχρήσασθαι</strong></span> <span class='ocrx_word' id='word_1_51' title='bbox 1080 950 1094 964; x_wconf 82' lang='grc'><em>”</em></span> <span class='ocrx_word' id='word_1_52' title='bbox 1124 935 1218 988; x_wconf 75' lang='grc' dir='ltr'><strong>καὶ</strong></span> <span class='ocrx_word' id='word_1_53' title='bbox 1238 936 1346 1007; x_wconf 82' lang='grc' dir='ltr'><strong>ὅσῳ</strong></span> <span class='ocrx_word' id='word_1_54' title='bbox 1381 934 1542 989; x_wconf 82' lang='grc' dir='ltr'>πλέον</span> <span class='ocrx_word' id='word_1_55' title='bbox 1570 935 1664 989; x_wconf 67' lang='grc' dir='ltr'><strong>ἐπὶ</strong></span> <span class='ocrx_word' id='word_1_56' title='bbox 1696 932 1772 1006; x_wconf 81' lang='grc' dir='ltr'>τῷ</span> 
     </span>
    </p>
   </div>
   <div class='ocr_carea' id='block_1_10' title="bbox 218 1025 1774 1099">
    <p class='ocr_par' dir='ltr' id='par_1_10' title="bbox 218 1025 1774 1099">
     <span class='ocr_line' id='line_1_10' title="bbox 218 1025 1774 1099; baseline -0.002 -16"><span class='ocrx_word' id='word_1_57' title='bbox 218 1029 424 1099; x_wconf 83' lang='grc' dir='ltr'><strong>τοιούτῳ</strong></span> <span class='ocrx_word' id='word_1_58' title='bbox 452 1027 548 1099; x_wconf 85' lang='grc' dir='ltr'><strong>βίῳ</strong></span> <span class='ocrx_word' id='word_1_59' title='bbox 572 1026 793 1099; x_wconf 84' lang='grc' dir='ltr'>βαρύνει</span> <span class='ocrx_word' id='word_1_60' title='bbox 824 1026 884 1079; x_wconf 84' lang='grc' dir='ltr'><strong>τὸ</strong></span> <span class='ocrx_word' id='word_1_61' title='bbox 909 1025 1123 1091; x_wconf 82' lang='grc' dir='ltr'><strong>πένθος,</strong></span> <span class='ocrx_word' id='word_1_62' title='bbox 1147 1025 1387 1098; x_wconf 86' lang='grc' dir='ltr'>τοσούτῳ</span> <span class='ocrx_word' id='word_1_63' title='bbox 1418 1026 1616 1098; x_wconf 80' lang='grc' dir='ltr'>μᾶλλον</span> <span class='ocrx_word' id='word_1_64' title='bbox 1650 1026 1774 1080; x_wconf 89' lang='grc' dir='ltr'>ἐπι-</span> 
     </span>
    </p>
   </div>
   <div class='ocr_carea' id='block_1_11' title="bbox 218 1112 1770 1187">
    <p class='ocr_par' dir='ltr' id='par_1_11' title="bbox 218 1112 1770 1187">
     <span class='ocr_line' id='line_1_11' title="bbox 218 1112 1770 1187; baseline -0.001 -18"><span class='ocrx_word' id='word_1_65' title='bbox 218 1116 421 1187; x_wconf 88' lang='grc' dir='ltr'>ταχύνει</span> <span class='ocrx_word' id='word_1_66' title='bbox 461 1115 634 1185; x_wconf 79' lang='grc' dir='ltr'>ἐαυτῷ</span> <span class='ocrx_word' id='word_1_67' title='bbox 657 1115 754 1185; x_wconf 83' lang='grc' dir='ltr'>τὴν</span> <span class='ocrx_word' id='word_1_68' title='bbox 777 1113 886 1167; x_wconf 90' lang='grc' dir='ltr'><strong>τῶν</strong></span> <span class='ocrx_word' id='word_1_69' title='bbox 917 1112 1264 1185; x_wconf 89' lang='grc' dir='ltr'>ποθουμένων</span> <span class='ocrx_word' id='word_1_70' title='bbox 1304 1113 1526 1181; x_wconf 84' lang='grc' dir='ltr'>ἀγαθῶν</span> <span class='ocrx_word' id='word_1_71' title='bbox 1558 1114 1770 1185; x_wconf 88' lang='grc' dir='ltr'>κτῆσιν.</span> 
     </span>
    </p>
   </div>
   <div class='ocr_carea' id='block_1_12' title="bbox 229 1204 1774 1278">
    <p class='ocr_par' dir='ltr' id='par_1_12' title="bbox 229 1204 1774 1278">
     <span class='ocr_line' id='line_1_12' title="bbox 229 1204 1774 1278; baseline -0.002 -17"><span class='ocrx_word' id='word_1_72' title='bbox 229 1209 287 1261; x_wconf 85' lang='grc' dir='ltr'><strong>Ἦ</strong></span> <span class='ocrx_word' id='word_1_73' title='bbox 312 1207 420 1278; x_wconf 68' lang='grc' dir='ltr'>γὰρ</span> <span class='ocrx_word' id='word_1_74' title='bbox 442 1206 538 1277; x_wconf 83' lang='grc' dir='ltr'>τῆς</span> <span class='ocrx_word' id='word_1_75' title='bbox 558 1205 650 1259; x_wconf 83' lang='grc' dir='ltr'>τοῦ</span> <span class='ocrx_word' id='word_1_76' title='bbox 681 1205 846 1259; x_wconf 80' lang='grc' dir='ltr'>καλοῦ</span> <span class='ocrx_word' id='word_1_77' title='bbox 881 1204 1082 1277; x_wconf 81' lang='grc' dir='ltr'><strong>ζημίας</strong></span> <span class='ocrx_word' id='word_1_78' title='bbox 1115 1204 1460 1276; x_wconf 88' lang='grc' dir='ltr'>συναίσθησις</span> <span class='ocrx_word' id='word_1_79' title='bbox 1478 1245 1493 1271; x_wconf 88' lang='grc'><strong>,</strong></span> <span class='ocrx_word' id='word_1_80' title='bbox 1523 1205 1623 1276; x_wconf 80' lang='grc' dir='ltr'>τῆς</span> <span class='ocrx_word' id='word_1_81' title='bbox 1646 1205 1774 1278; x_wconf 77' lang='grc' dir='ltr'>περὶ</span> 
     </span>
    </p>
   </div>
   <div class='ocr_carea' id='block_1_13' title="bbox 219 1295 1775 1368">
    <p class='ocr_par' dir='ltr' id='par_1_13' title="bbox 219 1295 1775 1368">
     <span class='ocr_line' id='line_1_13' title="bbox 219 1295 1775 1368; baseline 0 -18"><span class='ocrx_word' id='word_1_82' title='bbox 219 1299 273 1352; x_wconf 79' lang='grc' dir='ltr'><strong>τὸ</strong></span> <span class='ocrx_word' id='word_1_83' title='bbox 308 1297 629 1368; x_wconf 88' lang='grc' dir='ltr'>ποθούμενον</span> <span class='ocrx_word' id='word_1_84' title='bbox 672 1296 909 1367; x_wconf 83' lang='grc' dir='ltr'>σπουδῆς</span> <span class='ocrx_word' id='word_1_85' title='bbox 941 1297 1272 1368; x_wconf 80' lang='grc' dir='ltr'>ὑπέκκαυμα</span> <span class='ocrx_word' id='word_1_86' title='bbox 1308 1297 1536 1366; x_wconf 86' lang='grc' dir='ltr'>γίνεται.</span> <span class='ocrx_word' id='word_1_87' title='bbox 1565 1295 1775 1350; x_wconf 77' lang='grc' dir='ltr'>Οὐκοῦν</span> 
     </span>
    </p>
   </div>
   <div class='ocr_carea' id='block_1_14' title="bbox 220 1386 1776 1460">
    <p class='ocr_par' dir='ltr' id='par_1_14' title="bbox 220 1386 1776 1460">
     <span class='ocr_line' id='line_1_14' title="bbox 220 1386 1776 1460; baseline 0 -19"><span class='ocrx_word' id='word_1_88' title='bbox 220 1389 385 1460; x_wconf 81' lang='grc' dir='ltr'>ἐπειδή</span> <span class='ocrx_word' id='word_1_89' title='bbox 420 1388 525 1460; x_wconf 86' lang='grc' dir='ltr'><strong>πέρ</strong></span> <span class='ocrx_word' id='word_1_90' title='bbox 549 1390 666 1442; x_wconf 86' lang='grc' dir='ltr'>ἐστι</span> <span class='ocrx_word' id='word_1_91' title='bbox 705 1389 799 1442; x_wconf 79' lang='grc' dir='ltr'>καὶ</span> <span class='ocrx_word' id='word_1_92' title='bbox 834 1390 1097 1460; x_wconf 88' lang='grc' dir='ltr'>σωτήριον</span> <span class='ocrx_word' id='word_1_93' title='bbox 1133 1388 1349 1452; x_wconf 79' lang='grc' dir='ltr'>πένθος,</span> <span class='ocrx_word' id='word_1_94' title='bbox 1371 1386 1554 1451; x_wconf 88' lang='grc' dir='ltr'>καθὼς</span> <span class='ocrx_word' id='word_1_95' title='bbox 1574 1389 1602 1440; x_wconf 89' lang='lat'><strong>6</strong></span> <span class='ocrx_word' id='word_1_96' title='bbox 1620 1387 1776 1457; x_wconf 80' lang='grc' dir='ltr'><strong>λόγος</strong></span> 
     </span>
    </p>
   </div>
   <div class='ocr_carea' id='block_1_15' title="bbox 221 1479 1777 1552">
    <p class='ocr_par' dir='ltr' id='par_1_15' title="bbox 221 1479 1777 1552">
     <span class='ocr_line' id='line_1_15' title="bbox 221 1479 1777 1552; baseline 0 -18"><span class='ocrx_word' id='word_1_97' title='bbox 221 1479 504 1546; x_wconf 80' lang='grc' dir='ltr'>ὑπέδειξεν,</span> <span class='ocrx_word' id='word_1_98' title='bbox 531 1479 799 1534; x_wconf 87' lang='grc' dir='ltr'>ἀκούσατε</span> <span class='ocrx_word' id='word_1_99' title='bbox 819 1481 870 1533; x_wconf 84' lang='grc' dir='ltr'>οἱ</span> <span class='ocrx_word' id='word_1_100' title='bbox 900 1479 1036 1552; x_wconf 81' lang='grc' dir='ltr'>πρὸς</span> <span class='ocrx_word' id='word_1_101' title='bbox 1066 1481 1127 1534; x_wconf 81' lang='grc' dir='ltr'><strong>τὸ</strong></span> <span class='ocrx_word' id='word_1_102' title='bbox 1158 1480 1258 1551; x_wconf 84' lang='grc' dir='ltr'>τῆς</span> <span class='ocrx_word' id='word_1_103' title='bbox 1282 1479 1459 1550; x_wconf 84' lang='grc' dir='ltr'>λύπης</span> <span class='ocrx_word' id='word_1_104' title='bbox 1488 1480 1658 1544; x_wconf 83' lang='grc' dir='ltr'>πάθος</span> <span class='ocrx_word' id='word_1_105' title='bbox 1686 1481 1777 1534; x_wconf 83' lang='grc' dir='ltr'><strong>εὐ-</strong></span> 
     </span>
    </p>
   </div>
   <div class='ocr_carea' id='block_1_16' title="bbox 221 1570 1774 1643">
    <p class='ocr_par' dir='ltr' id='par_1_16' title="bbox 221 1570 1774 1643">
     <span class='ocr_line' id='line_1_16' title="bbox 221 1570 1774 1643; baseline -0.003 -16"><span class='ocrx_word' id='word_1_106' title='bbox 221 1571 374 1635; x_wconf 88' lang='grc' dir='ltr'>κόλως</span> <span class='ocrx_word' id='word_1_107' title='bbox 404 1571 854 1643; x_wconf 83' lang='grc' dir='ltr'><strong>καταφερόμενοι,</strong></span> <span class='ocrx_word' id='word_1_108' title='bbox 888 1572 970 1626; x_wconf 82' lang='grc' dir='ltr'>ὅτι</span> <span class='ocrx_word' id='word_1_109' title='bbox 1000 1571 1061 1625; x_wconf 85' lang='grc' dir='ltr'><strong>οὑ</strong></span> <span class='ocrx_word' id='word_1_110' title='bbox 1109 1571 1389 1642; x_wconf 84' lang='grc' dir='ltr'>κωλύομεν</span> <span class='ocrx_word' id='word_1_111' title='bbox 1434 1570 1532 1642; x_wconf 86' lang='grc' dir='ltr'>τὴν</span> <span class='ocrx_word' id='word_1_112' title='bbox 1580 1570 1774 1643; x_wconf 89' lang='grc' dir='ltr'>λύπην,</span> 
     </span>
    </p>
   </div>
   <div class='ocr_carea' id='block_1_17' title="bbox 220 1663 1776 1736">
    <p class='ocr_par' dir='ltr' id='par_1_17' title="bbox 220 1663 1776 1736">
     <span class='ocr_line' id='line_1_17' title="bbox 220 1663 1776 1736; baseline -0.001 -17"><span class='ocrx_word' id='word_1_113' title='bbox 220 1664 321 1719; x_wconf 74' lang='grc' dir='ltr'>ἀλλ’</span> <span class='ocrx_word' id='word_1_114' title='bbox 352 1664 471 1717; x_wconf 74' lang='grc' dir='ltr'>ἀντὶ</span> <span class='ocrx_word' id='word_1_115' title='bbox 513 1663 614 1734; x_wconf 83' lang='grc' dir='ltr'>τῆς</span> <span class='ocrx_word' id='word_1_116' title='bbox 663 1665 1116 1736; x_wconf 80' lang='grc' dir='ltr'><strong>κατεγνωσμένης</strong></span> <span class='ocrx_word' id='word_1_117' title='bbox 1156 1665 1257 1735; x_wconf 84' lang='grc' dir='ltr'>τὴν</span> <span class='ocrx_word' id='word_1_118' title='bbox 1301 1664 1510 1736; x_wconf 76' lang='grc' dir='ltr'>ἀγαθὴν</span> <span class='ocrx_word' id='word_1_119' title='bbox 1539 1664 1776 1735; x_wconf 80' lang='grc' dir='ltr'>συμϐου-</span> 
     </span>
    </p>
   </div>
   <div class='ocr_carea' id='block_1_18' title="bbox 220 1755 1778 1828">
    <p class='ocr_par' dir='ltr' id='par_1_18' title="bbox 220 1755 1778 1828">
     <span class='ocr_line' id='line_1_18' title="bbox 220 1755 1778 1828; baseline -0.001 -19"><span class='ocrx_word' id='word_1_120' title='bbox 220 1755 448 1827; x_wconf 85' lang='grc' dir='ltr'>λεύομεν.</span> <span class='ocrx_word' id='word_1_121' title='bbox 482 1756 575 1826; x_wconf 77' lang='grc' dir='ltr'><strong>Μὴ</strong></span> <span class='ocrx_word' id='word_1_122' title='bbox 603 1756 856 1810; x_wconf 86' lang='grc' dir='ltr'>λυπεῖσθε</span> <span class='ocrx_word' id='word_1_123' title='bbox 881 1756 1059 1810; x_wconf 84' lang='grc' dir='ltr'>τοίνυν</span> <span class='ocrx_word' id='word_1_124' title='bbox 1090 1757 1189 1828; x_wconf 75' lang='grc' dir='ltr'><strong>τὴν</strong></span> <span class='ocrx_word' id='word_1_125' title='bbox 1224 1755 1318 1811; x_wconf 77' lang='grc' dir='ltr'>τοῦ</span> <span class='ocrx_word' id='word_1_126' title='bbox 1365 1758 1569 1828; x_wconf 82' lang='grc' dir='ltr'>κόσμου</span> <span class='ocrx_word' id='word_1_127' title='bbox 1603 1756 1778 1826; x_wconf 86' lang='grc' dir='ltr'>λύπην</span> 
     </span>
    </p>
   </div>
   <div class='ocr_carea' id='block_1_19' title="bbox 1873 659 3448 748">
    <p class='ocr_par' dir='ltr' id='par_1_19' title="bbox 1873 659 3448 748">
     <span class='ocr_line' id='line_1_19' title="bbox 1873 659 3448 748; baseline 0.003 -32"><span class='ocrx_word' id='word_1_128' title='bbox 1873 659 2207 727; x_wconf 90' lang='lat' dir='ltr'><strong>considerat,</strong></span> <span class='ocrx_word' id='word_1_129' title='bbox 2271 675 2303 716; x_wconf 88' lang='lat' dir='ltr'><strong>a</strong></span> <span class='ocrx_word' id='word_1_130' title='bbox 2346 660 2548 733; x_wconf 84' lang='lat' dir='ltr'><strong>quibus</strong></span> <span class='ocrx_word' id='word_1_131' title='bbox 2596 661 2920 730; x_wconf 80' lang='lat' dir='ltr'><strong>excidimus,</strong></span> <span class='ocrx_word' id='word_1_132' title='bbox 2979 664 3107 719; x_wconf 87' lang='lat' dir='ltr'><strong>dum</strong></span> <span class='ocrx_word' id='word_1_133' title='bbox 3162 666 3448 748; x_wconf 53' lang='lat' dir='ltr'><strong>mortalem</strong></span> 
     </span>
    </p>
   </div>
   <div class='ocr_carea' id='block_1_20' title="bbox 1872 750 3449 824">
    <p class='ocr_par' dir='ltr' id='par_1_20' title="bbox 1872 750 3449 824">
     <span class='ocr_line' id='line_1_20' title="bbox 1872 750 3449 824; baseline 0.003 -19"><span class='ocrx_word' id='word_1_134' title='bbox 1872 750 2032 806; x_wconf 89' lang='lat' dir='ltr'><strong>istam</strong></span> <span class='ocrx_word' id='word_1_135' title='bbox 2069 765 2134 806; x_wconf 90' lang='lat' dir='ltr'><strong>ac</strong></span> <span class='ocrx_word' id='word_1_136' title='bbox 2157 751 2433 807; x_wconf 85' lang='lat' dir='ltr'><strong>sordidam</strong></span> <span class='ocrx_word' id='word_1_137' title='bbox 2468 753 2638 808; x_wconf 87' lang='lat' dir='ltr'><strong>vitam</strong></span> <span class='ocrx_word' id='word_1_138' title='bbox 2681 761 2961 824; x_wconf 76' lang='lat' dir='ltr'><strong>comparat</strong></span> <span class='ocrx_word' id='word_1_139' title='bbox 2996 770 3120 809; x_wconf 90' lang='lat' dir='ltr'><strong>cum</strong></span> <span class='ocrx_word' id='word_1_140' title='bbox 3155 756 3449 811; x_wconf 81' lang='lat' dir='ltr'><strong>immortali</strong></span> 
     </span>
    </p>
   </div>
   <div class='ocr_carea' id='block_1_21' title="bbox 1873 839 3453 916">
    <p class='ocr_par' dir='ltr' id='par_1_21' title="bbox 1873 839 3453 916">
     <span class='ocr_line' id='line_1_21' title="bbox 1873 839 3453 916; baseline 0.005 -23"><span class='ocrx_word' id='word_1_141' title='bbox 1873 839 1967 894; x_wconf 90' lang='lat' dir='ltr'><strong>illa</strong></span> <span class='ocrx_word' id='word_1_142' title='bbox 1998 840 2353 907; x_wconf 84' lang='lat' dir='ltr'><strong>beatitudine,</strong></span> <span class='ocrx_word' id='word_1_143' title='bbox 2383 858 2491 913; x_wconf 89' lang='lat' dir='ltr'><strong>qua</strong></span> <span class='ocrx_word' id='word_1_144' title='bbox 2517 844 2827 914; x_wconf 90' lang='lat' dir='ltr'><strong>potiebatur</strong></span> <span class='ocrx_word' id='word_1_145' title='bbox 2856 855 3148 915; x_wconf 85' lang='lat' dir='ltr'><strong>antequam</strong></span> <span class='ocrx_word' id='word_1_146' title='bbox 3185 854 3453 916; x_wconf 85' lang='lat' dir='ltr'><strong>potestate</strong></span> 
     </span>
    </p>
   </div>
   <div class='ocr_carea' id='block_1_22' title="bbox 1873 932 3453 1007">
    <p class='ocr_par' dir='ltr' id='par_1_22' title="bbox 1873 932 3453 1007">
     <span class='ocr_line' id='line_1_22' title="bbox 1873 932 3453 1007; baseline 0.003 -20"><span class='ocrx_word' id='word_1_147' title='bbox 1873 932 1940 987; x_wconf 92' lang='lat' dir='ltr'><strong>ad</strong></span> <span class='ocrx_word' id='word_1_148' title='bbox 1968 933 2172 989; x_wconf 89' lang='lat' dir='ltr'><strong>bonum</strong></span> <span class='ocrx_word' id='word_1_149' title='bbox 2199 934 2536 1002; x_wconf 83' lang='lat' dir='ltr'><strong>abuteretur,</strong></span> <span class='ocrx_word' id='word_1_150' title='bbox 2573 945 2890 1007; x_wconf 86' lang='lat' dir='ltr'><strong>quantoque</strong></span> <span class='ocrx_word' id='word_1_151' title='bbox 2913 938 3089 1007; x_wconf 79' lang='lat' dir='ltr'><strong>magis</strong></span> <span class='ocrx_word' id='word_1_152' title='bbox 3119 937 3175 991; x_wconf 93' lang='lat' dir='ltr'><strong>in</strong></span> <span class='ocrx_word' id='word_1_153' title='bbox 3202 938 3305 992; x_wconf 89' lang='lat' dir='ltr'><strong>hac</strong></span> <span class='ocrx_word' id='word_1_154' title='bbox 3337 939 3453 992; x_wconf 87' lang='lat' dir='ltr'><strong>vita</strong></span> 
     </span>
    </p>
   </div>
   <div class='ocr_carea' id='block_1_23' title="bbox 1873 1024 3455 1097">
    <p class='ocr_par' dir='ltr' id='par_1_23' title="bbox 1873 1024 3455 1097">
     <span class='ocr_line' id='line_1_23' title="bbox 1873 1024 3455 1097; baseline 0.001 -17"><span class='ocrx_word' id='word_1_155' title='bbox 1873 1024 2144 1094; x_wconf 86' lang='lat' dir='ltr'><strong>ejusmodi</strong></span> <span class='ocrx_word' id='word_1_156' title='bbox 2174 1026 2382 1080; x_wconf 88' lang='lat' dir='ltr'><strong>luctum</strong></span> <span class='ocrx_word' id='word_1_157' title='bbox 2430 1026 2688 1092; x_wconf 86' lang='lat' dir='ltr'><strong>intendit,</strong></span> <span class='ocrx_word' id='word_1_158' title='bbox 2734 1035 2887 1082; x_wconf 89' lang='lat' dir='ltr'><strong>tanto</strong></span> <span class='ocrx_word' id='word_1_159' title='bbox 2917 1027 3154 1084; x_wconf 89' lang='lat' dir='ltr'><strong>celerius</strong></span> <span class='ocrx_word' id='word_1_160' title='bbox 3199 1028 3267 1084; x_wconf 91' lang='lat' dir='ltr'><strong>ad</strong></span> <span class='ocrx_word' id='word_1_161' title='bbox 3297 1037 3455 1097; x_wconf 85' lang='lat' dir='ltr'><strong>opta-</strong></span> 
     </span>
    </p>
   </div>
   <div class='ocr_carea' id='block_1_24' title="bbox 1875 1112 3454 1188">
    <p class='ocr_par' dir='ltr' id='par_1_24' title="bbox 1875 1112 3454 1188">
     <span class='ocr_line' id='line_1_24' title="bbox 1875 1112 3454 1188; baseline 0.003 -22"><span class='ocrx_word' id='word_1_162' title='bbox 1875 1119 1985 1166; x_wconf 88' lang='lat' dir='ltr'><strong>tam</strong></span> <span class='ocrx_word' id='word_1_163' title='bbox 2017 1112 2287 1168; x_wconf 88' lang='lat' dir='ltr'><strong>bonorum</strong></span> <span class='ocrx_word' id='word_1_164' title='bbox 2322 1116 2727 1185; x_wconf 88' lang='lat' dir='ltr'><strong>possessionem</strong></span> <span class='ocrx_word' id='word_1_165' title='bbox 2768 1117 2997 1185; x_wconf 90' lang='lat' dir='ltr'><strong>aspirat.</strong></span> <span class='ocrx_word' id='word_1_166' title='bbox 3022 1116 3156 1172; x_wconf 83' lang='lat' dir='ltr'><strong>Nam</strong></span> <span class='ocrx_word' id='word_1_167' title='bbox 3191 1117 3285 1188; x_wconf 74' lang='lat' dir='ltr'><strong>qui</strong></span> <span class='ocrx_word' id='word_1_168' title='bbox 3327 1118 3454 1174; x_wconf 91' lang='lat' dir='ltr'><strong>boni</strong></span> 
     </span>
    </p>
   </div>
   <div class='ocr_carea' id='block_1_25' title="bbox 1870 1201 3457 1278">
    <p class='ocr_par' dir='ltr' id='par_1_25' title="bbox 1870 1201 3457 1278">
     <span class='ocr_line' id='line_1_25' title="bbox 1870 1201 3457 1278; baseline 0.004 -21"><span class='ocrx_word' id='word_1_169' title='bbox 1870 1201 2143 1273; x_wconf 71' lang='lat' dir='ltr'><strong>iacturam</strong></span> <span class='ocrx_word' id='word_1_170' title='bbox 2173 1205 2578 1273; x_wconf 80' lang='lat' dir='ltr'><strong>animadvertit,</strong></span> <span class='ocrx_word' id='word_1_171' title='bbox 2610 1206 2679 1262; x_wconf 85' lang='lat' dir='ltr'><strong>ad</strong></span> <span class='ocrx_word' id='word_1_172' title='bbox 2723 1207 2857 1262; x_wconf 89' lang='lat' dir='ltr'><strong>illud</strong></span> <span class='ocrx_word' id='word_1_173' title='bbox 2891 1210 3327 1278; x_wconf 89' lang='lat' dir='ltr'><strong>recuperandum</strong></span> <span class='ocrx_word' id='word_1_174' title='bbox 3362 1223 3457 1263; x_wconf 88' lang='lat' dir='ltr'><strong>ar-</strong></span> 
     </span>
    </p>
   </div>
   <div class='ocr_carea' id='block_1_26' title="bbox 1875 1293 3457 1365">
    <p class='ocr_par' dir='ltr' id='par_1_26' title="bbox 1875 1293 3457 1365">
     <span class='ocr_line' id='line_1_26' title="bbox 1875 1293 3457 1365; baseline 0.004 -15"><span class='ocrx_word' id='word_1_175' title='bbox 1875 1294 2124 1351; x_wconf 89' lang='lat' dir='ltr'><strong>dentiore</strong></span> <span class='ocrx_word' id='word_1_176' title='bbox 2175 1297 2359 1353; x_wconf 91' lang='lat' dir='ltr'><strong>studio</strong></span> <span class='ocrx_word' id='word_1_177' title='bbox 2392 1298 2717 1353; x_wconf 84' lang='lat' dir='ltr'><strong>concitatur.</strong></span> <span class='ocrx_word' id='word_1_178' title='bbox 2748 1297 3001 1365; x_wconf 84' lang='lat' dir='ltr'><strong>Proinde,</strong></span> <span class='ocrx_word' id='word_1_179' title='bbox 3051 1293 3172 1355; x_wconf 76' lang='lat' dir='ltr'><strong>cum</strong></span> <span class='ocrx_word' id='word_1_180' title='bbox 3217 1299 3457 1358; x_wconf 80' lang='lat' dir='ltr'><strong>salutare</strong></span> 
     </span>
    </p>
   </div>
   <div class='ocr_carea' id='block_1_27' title="bbox 1875 1387 3457 1458">
    <p class='ocr_par' dir='ltr' id='par_1_27' title="bbox 1875 1387 3457 1458">
     <span class='ocr_line' id='line_1_27' title="bbox 1875 1387 3457 1458; baseline 0.001 -15"><span class='ocrx_word' id='word_1_181' title='bbox 1875 1387 2094 1458; x_wconf 80' lang='lat' dir='ltr'><strong>lugendi</strong></span> <span class='ocrx_word' id='word_1_182' title='bbox 2125 1403 2321 1458; x_wconf 83' lang='lat' dir='ltr'><strong>genus,</strong></span> <span class='ocrx_word' id='word_1_183' title='bbox 2354 1398 2415 1444; x_wconf 89' lang='lat' dir='ltr'><strong>ut</strong></span> <span class='ocrx_word' id='word_1_184' title='bbox 2439 1388 2802 1457; x_wconf 88' lang='lat' dir='ltr'><strong>ostendimus,</strong></span> <span class='ocrx_word' id='word_1_185' title='bbox 2851 1389 3177 1458; x_wconf 78' lang='lat' dir='ltr'><strong>inveniatur,</strong></span> <span class='ocrx_word' id='word_1_186' title='bbox 3210 1391 3457 1445; x_wconf 90' lang='lat' dir='ltr'><strong>animad-</strong></span> 
     </span>
    </p>
   </div>
   <div class='ocr_carea' id='block_1_28' title="bbox 1877 1480 3451 1553">
    <p class='ocr_par' dir='ltr' id='par_1_28' title="bbox 1877 1480 3451 1553">
     <span class='ocr_line' id='line_1_28' title="bbox 1877 1480 3451 1553; baseline 0.004 -21"><span class='ocrx_word' id='word_1_187' title='bbox 1877 1480 2095 1546; x_wconf 82' lang='lat' dir='ltr'><strong>vertite,</strong></span> <span class='ocrx_word' id='word_1_188' title='bbox 2126 1480 2221 1551; x_wconf 91' lang='lat' dir='ltr'><strong>qui</strong></span> <span class='ocrx_word' id='word_1_189' title='bbox 2288 1481 2356 1536; x_wconf 90' lang='lat' dir='ltr'><strong>ad</strong></span> <span class='ocrx_word' id='word_1_190' title='bbox 2401 1496 2692 1537; x_wconf 85' lang='lat' dir='ltr'><strong>maerorem</strong></span> <span class='ocrx_word' id='word_1_191' title='bbox 2726 1490 2781 1536; x_wconf 93' lang='lat' dir='ltr'><strong>et</strong></span> <span class='ocrx_word' id='word_1_192' title='bbox 2807 1482 3011 1537; x_wconf 90' lang='lat' dir='ltr'><strong>luctum</strong></span> <span class='ocrx_word' id='word_1_193' title='bbox 3045 1481 3181 1539; x_wconf 89' lang='lat' dir='ltr'><strong>estis</strong></span> <span class='ocrx_word' id='word_1_194' title='bbox 3214 1498 3451 1553; x_wconf 82' lang='lat' dir='ltr'><strong>propen-</strong></span> 
     </span>
    </p>
   </div>
   <div class='ocr_carea' id='block_1_29' title="bbox 1877 1553 3453 1644">
    <p class='ocr_par' dir='ltr' id='par_1_29' title="bbox 1877 1553 3453 1644">
     <span class='ocr_line' id='line_1_29' title="bbox 1877 1553 3453 1644; baseline 0.002 -16"><span class='ocrx_word' id='word_1_195' title='bbox 1877 1572 2076 1639; x_wconf 85' lang='lat' dir='ltr'><strong>siores,</strong></span> <span class='ocrx_word' id='word_1_196' title='bbox 2108 1588 2213 1629; x_wconf 87' lang='lat' dir='ltr'><strong>nos</strong></span> <span class='ocrx_word' id='word_1_197' title='bbox 2263 1586 2372 1630; x_wconf 89' lang='lat' dir='ltr'><strong>non</strong></span> <span class='ocrx_word' id='word_1_198' title='bbox 2412 1574 2762 1638; x_wconf 87' lang='lat' dir='ltr'><strong>interdicere,</strong></span> <span class='ocrx_word' id='word_1_199' title='bbox 2795 1588 2903 1644; x_wconf 87' lang='lat' dir='ltr'><strong>quo</strong></span> <span class='ocrx_word' id='word_1_200' title='bbox 2944 1574 3129 1631; x_wconf 86' lang='lat' dir='ltr'><strong>minus</strong></span> <span class='ocrx_word' id='word_1_201' title='bbox 3153 1553 3453 1631; x_wconf 60' lang='lat' dir='ltr'><strong>&#39;mtereatis</strong></span> 
     </span>
    </p>
   </div>
   <div class='ocr_carea' id='block_1_30' title="bbox 1878 1664 3459 1738">
    <p class='ocr_par' dir='ltr' id='par_1_30' title="bbox 1878 1664 3459 1738">
     <span class='ocr_line' id='line_1_30' title="bbox 1878 1664 3459 1738; baseline 0.001 -17"><span class='ocrx_word' id='word_1_202' title='bbox 1878 1672 1931 1721; x_wconf 90' lang='lat' dir='ltr'><strong>et</strong></span> <span class='ocrx_word' id='word_1_203' title='bbox 1962 1664 2300 1736; x_wconf 84' lang='lat' dir='ltr'><strong>lacrymetis,</strong></span> <span class='ocrx_word' id='word_1_204' title='bbox 2354 1667 2450 1723; x_wconf 88' lang='lat' dir='ltr'><strong>sed</strong></span> <span class='ocrx_word' id='word_1_205' title='bbox 2493 1668 2646 1725; x_wconf 82' lang='lat' dir='ltr'><strong>vobis</strong></span> <span class='ocrx_word' id='word_1_206' title='bbox 2696 1670 3007 1734; x_wconf 89' lang='lat' dir='ltr'><strong>consulere,</strong></span> <span class='ocrx_word' id='word_1_207' title='bbox 3047 1676 3107 1723; x_wconf 93' lang='lat' dir='ltr'><strong>ut</strong></span> <span class='ocrx_word' id='word_1_208' title='bbox 3161 1682 3260 1738; x_wconf 86' lang='lat' dir='ltr'><strong>pro</strong></span> <span class='ocrx_word' id='word_1_209' title='bbox 3312 1668 3459 1722; x_wconf 92' lang='lat' dir='ltr'><strong>malo</strong></span> 
     </span>
    </p>
   </div>
   <div class='ocr_carea' id='block_1_31' title="bbox 1879 1754 3462 1828">
    <p class='ocr_par' dir='ltr' id='par_1_31' title="bbox 1879 1754 3462 1828">
     <span class='ocr_line' id='line_1_31' title="bbox 1879 1754 3462 1828; baseline 0.002 -20"><span class='ocrx_word' id='word_1_210' title='bbox 1879 1754 2245 1826; x_wconf 84' lang='lat' dir='ltr'><strong>damnatoque</strong></span> <span class='ocrx_word' id='word_1_211' title='bbox 2270 1756 2421 1813; x_wconf 90' lang='lat' dir='ltr'><strong>luctu</strong></span> <span class='ocrx_word' id='word_1_212' title='bbox 2451 1757 2655 1814; x_wconf 89' lang='lat' dir='ltr'><strong>bonum</strong></span> <span class='ocrx_word' id='word_1_213' title='bbox 2690 1768 2744 1816; x_wconf 90' lang='lat' dir='ltr'><strong>et</strong></span> <span class='ocrx_word' id='word_1_214' title='bbox 2768 1760 3092 1815; x_wconf 88' lang='lat' dir='ltr'><strong>laudabilem</strong></span> <span class='ocrx_word' id='word_1_215' title='bbox 3125 1758 3462 1828; x_wconf 90' lang='lat' dir='ltr'><strong>complecta-</strong></span> 
     </span>
    </p>
   </div>
   <div class='ocr_carea' id='block_1_32' title="bbox 218 1844 1790 1917">
    <p class='ocr_par' dir='ltr' id='par_1_32' title="bbox 218 1845 1777 1917">
     <span class='ocr_line' id='line_1_32' title="bbox 218 1845 1777 1917; baseline 0.001 -18"><span class='ocrx_word' id='word_1_216' title='bbox 218 1846 307 1916; x_wconf 76' lang='grc' dir='ltr'>τὴν</span> <span class='ocrx_word' id='word_1_217' title='bbox 357 1845 837 1917; x_wconf 78' lang='grc' dir='ltr'>κατεργαζομένην</span> <span class='ocrx_word' id='word_1_218' title='bbox 885 1845 977 1899; x_wconf 78' lang='grc' dir='ltr'><strong>τὸν</strong></span> <span class='ocrx_word' id='word_1_219' title='bbox 1029 1845 1290 1911; x_wconf 90' lang='grc' dir='ltr'>θάνατον,</span> <span class='ocrx_word' id='word_1_220' title='bbox 1327 1845 1512 1910; x_wconf 86' lang='grc' dir='ltr'>καθώς</span> <span class='ocrx_word' id='word_1_221' title='bbox 1561 1863 1725 1917; x_wconf 83' lang='grc' dir='ltr'>φησιν</span> <span class='ocrx_word' id='word_1_222' title='bbox 1748 1850 1777 1901; x_wconf 89' lang='lat'><strong>6</strong></span> 
     </span>
    </p>
   </div>
   <div class='ocr_carea' id='block_1_33' title="bbox 1892 1844 3462 1917">
    <p class='ocr_par' dir='ltr' id='par_1_33' title="bbox 1892 1844 3462 1917">
     <span class='ocr_line' id='line_1_33' title="bbox 1892 1844 3462 1917; baseline 0.004 -20"><span class='ocrx_word' id='word_1_223' title='bbox 1892 1844 2039 1899; x_wconf 89' lang='lat' dir='ltr'><strong>mini.</strong></span> <span class='ocrx_word' id='word_1_224' title='bbox 2092 1844 2281 1916; x_wconf 89' lang='lat' dir='ltr'><strong>Itaque</strong></span> <span class='ocrx_word' id='word_1_225' title='bbox 2340 1848 2511 1904; x_wconf 86' lang='lat' dir='ltr'><strong>nolite</strong></span> <span class='ocrx_word' id='word_1_226' title='bbox 2567 1849 2757 1904; x_wconf 89' lang='lat' dir='ltr'><strong>mundi</strong></span> <span class='ocrx_word' id='word_1_227' title='bbox 2819 1849 3022 1903; x_wconf 88' lang='lat' dir='ltr'><strong>luctum</strong></span> <span class='ocrx_word' id='word_1_228' title='bbox 3070 1848 3462 1917; x_wconf 87' lang='lat' dir='ltr'><strong>tristitiamque</strong></span> 
     </span>
    </p>
   </div>
   <div class='ocr_carea' id='block_1_34' title="bbox 229 1933 1790 2010">
    <p class='ocr_par' dir='ltr' id='par_1_34' title="bbox 229 1933 1781 2010">
     <span class='ocr_line' id='line_1_34' title="bbox 229 1933 1781 2010; baseline 0.003 -22"><span class='ocrx_word' id='word_1_229' title='bbox 229 1934 556 2001; x_wconf 74' lang='grc' dir='ltr'>Ἀτιόστολος,</span> <span class='ocrx_word' id='word_1_230' title='bbox 579 1935 714 1991; x_wconf 89' lang='grc' dir='ltr'><strong>ἀλλά</strong></span> <span class='ocrx_word' id='word_1_231' title='bbox 750 1936 847 2008; x_wconf 83' lang='grc' dir='ltr'>τὴν</span> <span class='ocrx_word' id='word_1_232' title='bbox 890 1937 1030 1993; x_wconf 88' lang='grc' dir='ltr'><strong>κατά</strong></span> <span class='ocrx_word' id='word_1_233' title='bbox 1067 1937 1219 2003; x_wconf 85' lang='grc' dir='ltr'>Θεὸν,</span> <span class='ocrx_word' id='word_1_234' title='bbox 1244 1933 1312 2010; x_wconf 81' lang='grc' dir='ltr'><strong>ἧς</strong></span> <span class='ocrx_word' id='word_1_235' title='bbox 1339 1938 1401 1991; x_wconf 84' lang='grc' dir='ltr'><strong>τὸ</strong></span> <span class='ocrx_word' id='word_1_236' title='bbox 1424 1938 1597 2009; x_wconf 83' lang='grc' dir='ltr'>πέρας</span> <span class='ocrx_word' id='word_1_237' title='bbox 1623 1940 1656 2010; x_wconf 78' lang='grc' dir='ltr'>ἡ</span> <span class='ocrx_word' id='word_1_238' title='bbox 1682 1938 1781 2008; x_wconf 83' lang='grc' dir='ltr'>τῆς</span> 
     </span>
    </p>
   </div>
   <div class='ocr_carea' id='block_1_35' title="bbox 1892 1933 3465 2010">
    <p class='ocr_par' dir='ltr' id='par_1_35' title="bbox 1892 1934 3465 2009">
     <span class='ocr_line' id='line_1_35' title="bbox 1892 1934 3465 2009; baseline 0.001 -18"><span class='ocrx_word' id='word_1_239' title='bbox 1892 1934 2180 2004; x_wconf 80' lang='lat' dir='ltr'><strong>suscipere,</strong></span> <span class='ocrx_word' id='word_1_240' title='bbox 2208 1951 2351 2006; x_wconf 71' lang='lat' dir='ltr'><strong>quae,</strong></span> <span class='ocrx_word' id='word_1_241' title='bbox 2389 1946 2450 1992; x_wconf 94' lang='lat' dir='ltr'><strong>ut</strong></span> <span class='ocrx_word' id='word_1_242' title='bbox 2480 1939 2658 2008; x_wconf 88' lang='lat' dir='ltr'><strong>inquit</strong></span> <span class='ocrx_word' id='word_1_243' title='bbox 2687 1938 2985 2009; x_wconf 88' lang='lat' dir='ltr'><strong>Apostolus</strong></span> <span class='ocrx_word' id='word_1_244' title='bbox 3009 1939 3075 2003; x_wconf 76' lang='grc' dir='ltr'><strong>ι’,</strong></span> <span class='ocrx_word' id='word_1_245' title='bbox 3106 1940 3301 1993; x_wconf 89' lang='lat' dir='ltr'><strong>mortis</strong></span> <span class='ocrx_word' id='word_1_246' title='bbox 3333 1952 3465 1992; x_wconf 87' lang='lat' dir='ltr'><strong>cau-</strong></span> 
     </span>
    </p>
   </div>
   <div class='ocr_carea' id='block_1_36' title="bbox 218 2025 1781 2100">
    <p class='ocr_par' dir='ltr' id='par_1_36' title="bbox 218 2025 1781 2100">
     <span class='ocr_line' id='line_1_36' title="bbox 218 2025 1781 2100; baseline 0.003 -22"><span class='ocrx_word' id='word_1_247' title='bbox 218 2025 380 2097; x_wconf 77' lang='grc' dir='ltr'>ψυχῆς</span> <span class='ocrx_word' id='word_1_248' title='bbox 409 2027 530 2080; x_wconf 84' lang='grc' dir='ltr'>ἐστι</span> <span class='ocrx_word' id='word_1_249' title='bbox 584 2027 847 2100; x_wconf 84' lang='grc' dir='ltr'>σωτηρία.</span> <span class='ocrx_word' id='word_1_250' title='bbox 893 2028 966 2081; x_wconf 85' lang='grc' dir='ltr'>Τὸ</span> <span class='ocrx_word' id='word_1_251' title='bbox 996 2027 1106 2098; x_wconf 83' lang='grc' dir='ltr'>γὰρ</span> <span class='ocrx_word' id='word_1_252' title='bbox 1141 2028 1264 2098; x_wconf 87' lang='grc' dir='ltr'>είκῆ</span> <span class='ocrx_word' id='word_1_253' title='bbox 1313 2028 1407 2084; x_wconf 74' lang='grc' dir='ltr'>καὶ</span> <span class='ocrx_word' id='word_1_254' title='bbox 1451 2028 1628 2098; x_wconf 82' lang='grc' dir='ltr'>μάτην</span> <span class='ocrx_word' id='word_1_255' title='bbox 1668 2031 1781 2093; x_wconf 87' lang='grc' dir='ltr'>τοῖς</span> 
     </span>
    </p>
   </div>
   <div class='ocr_carea' id='block_1_37' title="bbox 220 2116 1781 2189">
    <p class='ocr_par' dir='ltr' id='par_1_37' title="bbox 220 2116 1781 2189">
     <span class='ocr_line' id='line_1_37' title="bbox 220 2116 1781 2189; baseline 0.001 -20"><span class='ocrx_word' id='word_1_256' title='bbox 220 2117 628 2187; x_wconf 79' lang='grc' dir='ltr'>κεκοιμημένοις</span> <span class='ocrx_word' id='word_1_257' title='bbox 661 2116 1010 2187; x_wconf 73' lang='grc' dir='ltr'>ἐπιχεόμενον</span> <span class='ocrx_word' id='word_1_258' title='bbox 1043 2117 1296 2189; x_wconf 88' lang='grc' dir='ltr'>δάκρυον,</span> <span class='ocrx_word' id='word_1_259' title='bbox 1335 2119 1472 2189; x_wconf 86' lang='grc' dir='ltr'>τάχα</span> <span class='ocrx_word' id='word_1_260' title='bbox 1496 2118 1587 2172; x_wconf 72' lang='grc' dir='ltr'><strong>καὶ</strong></span> <span class='ocrx_word' id='word_1_261' title='bbox 1611 2134 1781 2172; x_wconf 83' lang='grc' dir='ltr'>κατα-</span> 
     </span>
    </p>
   </div>
   <div class='ocr_carea' id='block_1_38' title="bbox 221 2207 1785 2280">
    <p class='ocr_par' dir='ltr' id='par_1_38' title="bbox 221 2207 1785 2280">
     <span class='ocr_line' id='line_1_38' title="bbox 221 2207 1785 2280; baseline 0.001 -19"><span class='ocrx_word' id='word_1_262' title='bbox 221 2207 437 2278; x_wconf 82' lang='grc' dir='ltr'>κρίσεως</span> <span class='ocrx_word' id='word_1_263' title='bbox 469 2209 643 2262; x_wconf 81' lang='grc' dir='ltr'>αττιον</span> <span class='ocrx_word' id='word_1_264' title='bbox 693 2208 899 2277; x_wconf 87' lang='grc' dir='ltr'>γίνεται</span> <span class='ocrx_word' id='word_1_265' title='bbox 949 2208 1027 2280; x_wconf 81' lang='grc' dir='ltr'>τῷ</span> <span class='ocrx_word' id='word_1_266' title='bbox 1070 2209 1254 2274; x_wconf 88' lang='grc' dir='ltr'>κακῶς</span> <span class='ocrx_word' id='word_1_267' title='bbox 1306 2209 1676 2280; x_wconf 79' lang='grc' dir='ltr'>οἰκονομοῦντι</span> <span class='ocrx_word' id='word_1_268' title='bbox 1723 2210 1785 2263; x_wconf 83' lang='grc' dir='ltr'>τὸ</span> 
     </span>
    </p>
   </div>
   <div class='ocr_carea' id='block_1_39' title="bbox 221 2296 1787 2370">
    <p class='ocr_par' dir='ltr' id='par_1_39' title="bbox 221 2296 1787 2370">
     <span class='ocr_line' id='line_1_39' title="bbox 221 2296 1787 2370; baseline -0.001 -19"><span class='ocrx_word' id='word_1_269' title='bbox 221 2298 493 2369; x_wconf 81' lang='grc' dir='ltr'>χρήσιμον.</span> <span class='ocrx_word' id='word_1_270' title='bbox 532 2296 722 2369; x_wconf 86' lang='grc' dir='ltr'>Είγὰρ</span> <span class='ocrx_word' id='word_1_271' title='bbox 753 2299 845 2351; x_wconf 76' lang='grc' dir='ltr'><strong>ἐπὶ</strong></span> <span class='ocrx_word' id='word_1_272' title='bbox 880 2297 1053 2368; x_wconf 87' lang='grc' dir='ltr'>τούτῳ</span> <span class='ocrx_word' id='word_1_273' title='bbox 1096 2298 1346 2370; x_wconf 75' lang='grc' dir='ltr'>λυπηρὰν</span> <span class='ocrx_word' id='word_1_274' title='bbox 1378 2297 1583 2368; x_wconf 84' lang='grc' dir='ltr'>ταύτην</span> <span class='ocrx_word' id='word_1_275' title='bbox 1605 2296 1787 2351; x_wconf 88' lang='grc' dir='ltr'>διάθε-</span> 
     </span>
    </p>
   </div>
   <div class='ocr_carea' id='block_1_40' title="bbox 223 2387 1783 2462">
    <p class='ocr_par' dir='ltr' id='par_1_40' title="bbox 223 2387 1783 2462">
     <span class='ocr_line' id='line_1_40' title="bbox 223 2387 1783 2462; baseline 0 -20"><span class='ocrx_word' id='word_1_276' title='bbox 223 2405 297 2442; x_wconf 86' lang='grc' dir='ltr'><strong>σιν</strong></span> <span class='ocrx_word' id='word_1_277' title='bbox 321 2388 709 2458; x_wconf 83' lang='grc' dir='ltr'>ἐνετεκτήνατο</span> <span class='ocrx_word' id='word_1_278' title='bbox 738 2391 804 2460; x_wconf 80' lang='grc' dir='ltr'>τῇ</span> <span class='ocrx_word' id='word_1_279' title='bbox 836 2387 1037 2456; x_wconf 87' lang='grc' dir='ltr'>φύσειὸ</span> <span class='ocrx_word' id='word_1_280' title='bbox 1068 2389 1243 2444; x_wconf 83' lang='grc' dir='ltr'>πάντα</span> <span class='ocrx_word' id='word_1_281' title='bbox 1269 2391 1327 2443; x_wconf 89' lang='grc' dir='ltr'><strong>ἐν</strong></span> <span class='ocrx_word' id='word_1_282' title='bbox 1353 2389 1515 2462; x_wconf 81' lang='grc' dir='ltr'>σοφίᾳ</span> <span class='ocrx_word' id='word_1_283' title='bbox 1535 2390 1783 2461; x_wconf 84' lang='grc' dir='ltr'>ποιήσας,</span> 
     </span>
    </p>
   </div>
   <div class='ocr_carea' id='block_1_41' title="bbox 222 2472 1791 2561">
    <p class='ocr_par' dir='ltr' id='par_1_41' title="bbox 222 2472 1791 2561">
     <span class='ocr_line' id='line_1_41' title="bbox 222 2472 1791 2561; baseline 0.004 -31"><span class='ocrx_word' id='word_1_284' title='bbox 222 2479 299 2547; x_wconf 73' lang='grc' dir='ltr'><strong>ἐφ’</strong></span> <span class='ocrx_word' id='word_1_285' title='bbox 388 2497 446 2532; x_wconf 85' lang='grc' dir='ltr'><strong>τε</strong></span> <span class='ocrx_word' id='word_1_286' title='bbox 483 2479 783 2551; x_wconf 87' lang='grc' dir='ltr'>καθάρσιον</span> <span class='ocrx_word' id='word_1_287' title='bbox 808 2482 906 2553; x_wconf 81' lang='grc' dir='ltr'>μὲν</span> <span class='ocrx_word' id='word_1_288' title='bbox 930 2483 1102 2554; x_wconf 81' lang='grc' dir='ltr'>αὐτὴν</span> <span class='ocrx_word' id='word_1_289' title='bbox 1131 2477 1270 2536; x_wconf 73' lang='grc' dir='ltr'>εἶναι</span> <span class='ocrx_word' id='word_1_290' title='bbox 1299 2483 1791 2561; x_wconf 83' lang='grc' dir='ltr'>προκατασχούσης</span> 
     </span>
    </p>
   </div>
   <div class='ocr_carea' id='block_1_42' title="bbox 222 2565 1792 2643">
    <p class='ocr_par' dir='ltr' id='par_1_42' title="bbox 222 2565 1792 2643">
     <span class='ocr_line' id='line_1_42' title="bbox 222 2565 1792 2643; baseline 0.005 -25"><span class='ocrx_word' id='word_1_291' title='bbox 222 2565 440 2631; x_wconf 87' lang='grc' dir='ltr'>κακίας,</span> <span class='ocrx_word' id='word_1_292' title='bbox 475 2566 691 2636; x_wconf 82' lang='grc' dir='ltr'>ἐφόδιον</span> <span class='ocrx_word' id='word_1_293' title='bbox 735 2567 793 2622; x_wconf 82' lang='grc' dir='ltr'>δὲ</span> <span class='ocrx_word' id='word_1_294' title='bbox 840 2569 940 2637; x_wconf 86' lang='grc' dir='ltr'>τῆς</span> <span class='ocrx_word' id='word_1_295' title='bbox 988 2571 1098 2623; x_wconf 86' lang='grc' dir='ltr'><strong>τῶν</strong></span> <span class='ocrx_word' id='word_1_296' title='bbox 1148 2570 1519 2643; x_wconf 78' lang='grc' dir='ltr'>ἐλπιζομένων</span> <span class='ocrx_word' id='word_1_297' title='bbox 1570 2572 1792 2642; x_wconf 83' lang='grc' dir='ltr'>ἀγαθῶν</span> 
     </span>
    </p>
   </div>
   <div class='ocr_carea' id='block_1_43' title="bbox 229 2658 1792 2737">
    <p class='ocr_par' dir='ltr' id='par_1_43' title="bbox 229 2658 1792 2737">
     <span class='ocr_line' id='line_1_43' title="bbox 229 2658 1792 2737; baseline 0.006 -26"><span class='ocrx_word' id='word_1_298' title='bbox 229 2658 500 2725; x_wconf 81' lang='grc' dir='ltr'>μετουσίας</span> <span class='ocrx_word' id='word_1_299' title='bbox 544 2674 560 2691; x_wconf 76' lang='grc' dir='ltr'><strong>ο</strong></span> <span class='ocrx_word' id='word_1_300' title='bbox 595 2658 735 2730; x_wconf 84' lang='grc' dir='ltr'>τάχα</span> <span class='ocrx_word' id='word_1_301' title='bbox 765 2661 793 2714; x_wconf 93' lang='lat'><strong>6</strong></span> <span class='ocrx_word' id='word_1_302' title='bbox 833 2661 1009 2732; x_wconf 83' lang='grc' dir='ltr'>μάτην</span> <span class='ocrx_word' id='word_1_303' title='bbox 1040 2663 1136 2716; x_wconf 78' lang='grc' dir='ltr'><strong>καὶ</strong></span> <span class='ocrx_word' id='word_1_304' title='bbox 1173 2664 1464 2732; x_wconf 80' lang='grc' dir='ltr'>ἀνωφελῶς</span> <span class='ocrx_word' id='word_1_305' title='bbox 1492 2665 1699 2737; x_wconf 85' lang='grc' dir='ltr'>ἐκχέων</span> <span class='ocrx_word' id='word_1_306' title='bbox 1730 2667 1792 2720; x_wconf 83' lang='grc' dir='ltr'>τὸ</span> 
     </span>
    </p>
   </div>
   <div class='ocr_carea' id='block_1_44' title="bbox 224 2746 1796 2828">
    <p class='ocr_par' dir='ltr' id='par_1_44' title="bbox 224 2746 1796 2828">
     <span class='ocr_line' id='line_1_44' title="bbox 224 2746 1796 2828; baseline 0.006 -27"><span class='ocrx_word' id='word_1_307' title='bbox 224 2746 441 2818; x_wconf 81' lang='grc' dir='ltr'>δάκρυον</span> <span class='ocrx_word' id='word_1_308' title='bbox 457 2749 923 2823; x_wconf 43' lang='lat' dir='ltr'><strong>“musmonem;</strong></span> <span class='ocrx_word' id='word_1_309' title='bbox 971 2751 1050 2823; x_wconf 85' lang='grc' dir='ltr'><strong>τῷ</strong></span> <span class='ocrx_word' id='word_1_310' title='bbox 1100 2754 1214 2826; x_wconf 85' lang='grc' dir='ltr'>ίδίῳ</span> <span class='ocrx_word' id='word_1_311' title='bbox 1239 2755 1495 2828; x_wconf 83' lang='grc' dir='ltr'>δεσπότῃ,</span> <span class='ocrx_word' id='word_1_312' title='bbox 1529 2757 1672 2811; x_wconf 88' lang='grc' dir='ltr'>κατὰ</span> <span class='ocrx_word' id='word_1_313' title='bbox 1701 2756 1796 2811; x_wconf 82' lang='grc' dir='ltr'><strong>τὸν</strong></span> 
     </span>
    </p>
   </div>
   <div class='ocr_carea' id='block_1_45' title="bbox 225 2840 1793 2922">
    <p class='ocr_par' dir='ltr' id='par_1_45' title="bbox 225 2840 1793 2922">
     <span class='ocr_line' id='line_1_45' title="bbox 225 2840 1793 2922; baseline 0.008 -31"><span class='ocrx_word' id='word_1_314' title='bbox 225 2840 571 2909; x_wconf 81' lang='grc' dir='ltr'>εὑαγγελικὸν</span> <span class='ocrx_word' id='word_1_315' title='bbox 602 2841 782 2911; x_wconf 88' lang='grc' dir='ltr'>λόγον,</span> <span class='ocrx_word' id='word_1_316' title='bbox 818 2844 894 2907; x_wconf 88' lang='grc' dir='ltr'><strong>ὡς</strong></span> <span class='ocrx_word' id='word_1_317' title='bbox 940 2845 1107 2909; x_wconf 84' lang='grc' dir='ltr'>κακὸς</span> <span class='ocrx_word' id='word_1_318' title='bbox 1140 2846 1418 2918; x_wconf 78' lang='grc' dir='ltr'>οἰκονόμος</span> <span class='ocrx_word' id='word_1_319' title='bbox 1463 2849 1793 2922; x_wconf 88' lang='grc' dir='ltr'>διασπείρων</span> 
     </span>
    </p>
   </div>
   <div class='ocr_carea' id='block_1_46' title="bbox 225 2931 1794 3011">
    <p class='ocr_par' dir='ltr' id='par_1_46' title="bbox 225 2931 1794 3011">
     <span class='ocr_line' id='line_1_46' title="bbox 225 2931 1794 3011; baseline 0.007 -26"><span class='ocrx_word' id='word_1_320' title='bbox 225 2931 499 3003; x_wconf 81' lang='grc' dir='ltr'>ἀχρήστως</span> <span class='ocrx_word' id='word_1_321' title='bbox 527 2933 620 2987; x_wconf 85' lang='grc' dir='ltr'><strong>τὸν</strong></span> <span class='ocrx_word' id='word_1_322' title='bbox 653 2935 1010 2991; x_wconf 83' lang='grc' dir='ltr'>πιστευθέντα</span> <span class='ocrx_word' id='word_1_323' title='bbox 1030 2936 1274 2992; x_wconf 85' lang='grc' dir='ltr'>πλοῦτον.</span> <span class='ocrx_word' id='word_1_324' title='bbox 1315 2940 1431 2993; x_wconf 83' lang='grc' dir='ltr'>Πᾶν</span> <span class='ocrx_word' id='word_1_325' title='bbox 1466 2942 1577 3011; x_wconf 78' lang='grc' dir='ltr'>γὰρ</span> <span class='ocrx_word' id='word_1_326' title='bbox 1622 2941 1685 2995; x_wconf 82' lang='grc' dir='ltr'><strong>τὸ</strong></span> <span class='ocrx_word' id='word_1_327' title='bbox 1707 2942 1794 2996; x_wconf 78' lang='grc' dir='ltr'>ἐπ’</span> 
     </span>
    </p>
   </div>
   <div class='ocr_carea' id='block_1_47' title="bbox 226 3023 1795 3103">
    <p class='ocr_par' dir='ltr' id='par_1_47' title="bbox 226 3023 1795 3103">
     <span class='ocr_line' id='line_1_47' title="bbox 226 3023 1795 3103; baseline 0.007 -24"><span class='ocrx_word' id='word_1_328' title='bbox 226 3023 402 3096; x_wconf 79' lang='grc' dir='ltr'>ἀγαθῷ</span> <span class='ocrx_word' id='word_1_329' title='bbox 446 3025 826 3097; x_wconf 84' lang='grc' dir='ltr'>χρησιμεῢον,</span> <span class='ocrx_word' id='word_1_330' title='bbox 857 3027 1085 3093; x_wconf 82' lang='grc' dir='ltr'>πλοῦτός</span> <span class='ocrx_word' id='word_1_331' title='bbox 1130 3031 1246 3085; x_wconf 85' lang='grc' dir='ltr'>ἐστι</span> <span class='ocrx_word' id='word_1_332' title='bbox 1292 3033 1405 3095; x_wconf 80' lang='grc' dir='ltr'>τοῖς</span> <span class='ocrx_word' id='word_1_333' title='bbox 1453 3033 1655 3103; x_wconf 86' lang='grc' dir='ltr'>τιμίοις</span> <span class='ocrx_word' id='word_1_334' title='bbox 1686 3034 1795 3090; x_wconf 91' lang='grc' dir='ltr'><strong>τῶν</strong></span> 
     </span>
    </p>
   </div>
   <div class='ocr_carea' id='block_1_48' title="bbox 227 3115 1793 3193">
    <p class='ocr_par' dir='ltr' id='par_1_48' title="bbox 227 3115 1793 3193">
     <span class='ocr_line' id='line_1_48' title="bbox 227 3115 1793 3193; baseline 0.007 -25"><span class='ocrx_word' id='word_1_335' title='bbox 227 3115 514 3188; x_wconf 75' lang='grc' dir='ltr'>κειμηλίων</span> <span class='ocrx_word' id='word_1_336' title='bbox 534 3117 1014 3188; x_wconf 80' lang='grc' dir='ltr'>ἐναριθμούμενος.</span> <span class='ocrx_word' id='word_1_337' title='bbox 1033 3121 1108 3174; x_wconf 85' lang='grc' dir='ltr'><strong>Οὐ</strong></span> <span class='ocrx_word' id='word_1_338' title='bbox 1127 3121 1265 3175; x_wconf 86' lang='grc' dir='ltr'>θέλω</span> <span class='ocrx_word' id='word_1_339' title='bbox 1286 3118 1378 3178; x_wconf 80' lang='grc' dir='ltr'><strong>οὖν</strong></span> <span class='ocrx_word' id='word_1_340' title='bbox 1401 3125 1544 3193; x_wconf 77' lang='grc' dir='ltr'>ὑμᾶς</span> <span class='ocrx_word' id='word_1_341' title='bbox 1560 3126 1793 3193; x_wconf 86' lang='grc' dir='ltr'>ἀγνοεῖν,</span> 
     </span>
    </p>
   </div>
   <div class='ocr_carea' id='block_1_49' title="bbox 1878 2024 3465 2097">
    <p class='ocr_par' dir='ltr' id='par_1_49' title="bbox 1878 2024 3465 2097">
     <span class='ocr_line' id='line_1_49' title="bbox 1878 2024 3465 2097; baseline 0.001 -18"><span class='ocrx_word' id='word_1_342' title='bbox 1878 2039 1994 2079; x_wconf 87' lang='lat' dir='ltr'><strong>sam</strong></span> <span class='ocrx_word' id='word_1_343' title='bbox 2029 2024 2205 2091; x_wconf 83' lang='lat' dir='ltr'><strong>all&#39;ert,</strong></span> <span class='ocrx_word' id='word_1_344' title='bbox 2254 2025 2351 2081; x_wconf 90' lang='lat' dir='ltr'><strong>sed</strong></span> <span class='ocrx_word' id='word_1_345' title='bbox 2391 2041 2510 2081; x_wconf 89' lang='lat' dir='ltr'><strong>eam</strong></span> <span class='ocrx_word' id='word_1_346' title='bbox 2558 2028 2878 2083; x_wconf 72' lang='lat' dir='ltr'><strong>tumstitiam</strong></span> <span class='ocrx_word' id='word_1_347' title='bbox 2928 2027 3149 2094; x_wconf 89' lang='lat' dir='ltr'><strong>sumite,</strong></span> <span class='ocrx_word' id='word_1_348' title='bbox 3202 2042 3324 2097; x_wconf 72' lang='lat' dir='ltr'><strong>qua:</strong></span> <span class='ocrx_word' id='word_1_349' title='bbox 3353 2025 3465 2081; x_wconf 91' lang='lat' dir='ltr'><strong>Deo</strong></span> 
     </span>
    </p>
   </div>
   <div class='ocr_carea' id='block_1_50' title="bbox 1880 2115 3465 2186">
    <p class='ocr_par' dir='ltr' id='par_1_50' title="bbox 1880 2115 3465 2186">
     <span class='ocr_line' id='line_1_50' title="bbox 1880 2115 3465 2186; baseline 0.002 -17"><span class='ocrx_word' id='word_1_350' title='bbox 1880 2115 2080 2186; x_wconf 87' lang='lat' dir='ltr'><strong>placet,</strong></span> <span class='ocrx_word' id='word_1_351' title='bbox 2126 2116 2283 2184; x_wconf 91' lang='lat' dir='ltr'><strong>cujus</strong></span> <span class='ocrx_word' id='word_1_352' title='bbox 2315 2116 2442 2173; x_wconf 85' lang='lat' dir='ltr'><strong>ﬁnis</strong></span> <span class='ocrx_word' id='word_1_353' title='bbox 2472 2125 2560 2173; x_wconf 88' lang='lat' dir='ltr'><strong>est</strong></span> <span class='ocrx_word' id='word_1_354' title='bbox 2607 2119 2773 2172; x_wconf 86' lang='lat' dir='ltr'><strong>animi</strong></span> <span class='ocrx_word' id='word_1_355' title='bbox 2810 2119 2980 2173; x_wconf 89' lang='lat' dir='ltr'><strong>salus.</strong></span> <span class='ocrx_word' id='word_1_356' title='bbox 3010 2116 3223 2173; x_wconf 86' lang='lat' dir='ltr'><strong>Etenim</strong></span> <span class='ocrx_word' id='word_1_357' title='bbox 3271 2116 3465 2172; x_wconf 89' lang='lat' dir='ltr'><strong>inanes</strong></span> 
     </span>
    </p>
   </div>
   <div class='ocr_carea' id='block_1_51' title="bbox 1882 2207 3467 2280">
    <p class='ocr_par' dir='ltr' id='par_1_51' title="bbox 1882 2207 3467 2280">
     <span class='ocr_line' id='line_1_51' title="bbox 1882 2207 3467 2280; baseline 0 -17"><span class='ocrx_word' id='word_1_358' title='bbox 1882 2217 2196 2278; x_wconf 82' lang='lat' dir='ltr'><strong>temereque</strong></span> <span class='ocrx_word' id='word_1_359' title='bbox 2235 2209 2422 2265; x_wconf 72' lang='lat' dir='ltr'><strong>effusae</strong></span> <span class='ocrx_word' id='word_1_360' title='bbox 2465 2223 2565 2280; x_wconf 90' lang='lat' dir='ltr'><strong>pro</strong></span> <span class='ocrx_word' id='word_1_361' title='bbox 2601 2209 2880 2266; x_wconf 84' lang='lat' dir='ltr'><strong>defunctis</strong></span> <span class='ocrx_word' id='word_1_362' title='bbox 2924 2210 3179 2280; x_wconf 70' lang='lat' dir='ltr'><strong>lacrymae</strong></span> <span class='ocrx_word' id='word_1_363' title='bbox 3232 2207 3467 2263; x_wconf 80' lang='lat' dir='ltr'><strong>fortasse</strong></span> 
     </span>
    </p>
   </div>
   <div class='ocr_carea' id='block_1_52' title="bbox 1884 2298 3464 2370">
    <p class='ocr_par' dir='ltr' id='par_1_52' title="bbox 1884 2298 3464 2370">
     <span class='ocr_line' id='line_1_52' title="bbox 1884 2298 3464 2370; baseline -0.002 -18"><span class='ocrx_word' id='word_1_364' title='bbox 1884 2312 2050 2352; x_wconf 87' lang='lat' dir='ltr'><strong>causa</strong></span> <span class='ocrx_word' id='word_1_365' title='bbox 2080 2298 2453 2354; x_wconf 86' lang='lat' dir='ltr'><strong>damnationis</strong></span> <span class='ocrx_word' id='word_1_366' title='bbox 2478 2306 2642 2354; x_wconf 77' lang='lat' dir='ltr'><strong>erunt</strong></span> <span class='ocrx_word' id='word_1_367' title='bbox 2671 2299 2770 2365; x_wconf 88' lang='lat' dir='ltr'><strong>illi,</strong></span> <span class='ocrx_word' id='word_1_368' title='bbox 2812 2299 2903 2370; x_wconf 91' lang='lat' dir='ltr'><strong>qui</strong></span> <span class='ocrx_word' id='word_1_369' title='bbox 2940 2314 3000 2354; x_wconf 89' lang='lat' dir='ltr'><strong>re</strong></span> <span class='ocrx_word' id='word_1_370' title='bbox 3028 2300 3271 2353; x_wconf 89' lang='lat' dir='ltr'><strong>abutitur</strong></span> <span class='ocrx_word' id='word_1_371' title='bbox 3298 2298 3464 2353; x_wconf 87' lang='lat' dir='ltr'><strong>bona.</strong></span> 
     </span>
    </p>
   </div>
   <div class='ocr_carea' id='block_1_53' title="bbox 1883 2386 3469 2446">
    <p class='ocr_par' dir='ltr' id='par_1_53' title="bbox 1883 2386 3469 2446">
     <span class='ocr_line' id='line_1_53' title="bbox 1883 2386 3469 2446; baseline 0.001 -4"><span class='ocrx_word' id='word_1_372' title='bbox 1883 2386 2021 2442; x_wconf 87' lang='lat' dir='ltr'><strong>Nam</strong></span> <span class='ocrx_word' id='word_1_373' title='bbox 2082 2388 2130 2443; x_wconf 87' lang='lat' dir='ltr'><strong>si</strong></span> <span class='ocrx_word' id='word_1_374' title='bbox 2185 2388 2396 2444; x_wconf 90' lang='lat' dir='ltr'><strong>tristem</strong></span> <span class='ocrx_word' id='word_1_375' title='bbox 2446 2390 2591 2445; x_wconf 90' lang='lat' dir='ltr'><strong>hanc</strong></span> <span class='ocrx_word' id='word_1_376' title='bbox 2647 2389 2818 2444; x_wconf 88' lang='lat' dir='ltr'><strong>animi</strong></span> <span class='ocrx_word' id='word_1_377' title='bbox 2873 2388 3215 2446; x_wconf 73' lang='lat' dir='ltr'><strong>affectionem</strong></span> <span class='ocrx_word' id='word_1_378' title='bbox 3261 2389 3469 2445; x_wconf 89' lang='lat' dir='ltr'><strong>idcirco</strong></span> 
     </span>
    </p>
   </div>
   <div class='ocr_carea' id='block_1_54' title="bbox 1888 2480 3470 2552">
    <p class='ocr_par' dir='ltr' id='par_1_54' title="bbox 1888 2480 3470 2552">
     <span class='ocr_line' id='line_1_54' title="bbox 1888 2480 3470 2552; baseline -0.001 -17"><span class='ocrx_word' id='word_1_379' title='bbox 1888 2480 2051 2536; x_wconf 88' lang='lat' dir='ltr'><strong>nobis</strong></span> <span class='ocrx_word' id='word_1_380' title='bbox 2085 2481 2314 2536; x_wconf 80' lang='lat' dir='ltr'><strong>inservit</strong></span> <span class='ocrx_word' id='word_1_381' title='bbox 2363 2481 2412 2538; x_wconf 89' lang='lat' dir='ltr'><strong>is</strong></span> <span class='ocrx_word' id='word_1_382' title='bbox 2466 2482 2560 2552; x_wconf 92' lang='lat' dir='ltr'><strong>qui</strong></span> <span class='ocrx_word' id='word_1_383' title='bbox 2601 2488 2800 2537; x_wconf 88' lang='lat' dir='ltr'><strong>cuncta</strong></span> <span class='ocrx_word' id='word_1_384' title='bbox 2853 2482 3130 2545; x_wconf 89' lang='lat' dir='ltr'><strong>sapienter</strong></span> <span class='ocrx_word' id='word_1_385' title='bbox 3159 2480 3287 2551; x_wconf 78' lang='lat' dir='ltr'><strong>egit,</strong></span> <span class='ocrx_word' id='word_1_386' title='bbox 3343 2487 3402 2535; x_wconf 92' lang='lat' dir='ltr'><strong>ut</strong></span> <span class='ocrx_word' id='word_1_387' title='bbox 3437 2494 3470 2534; x_wconf 89' lang='lat' dir='ltr'><strong>a</strong></span> 
     </span>
    </p>
   </div>
   <div class='ocr_carea' id='block_1_55' title="bbox 1890 2565 3468 2643">
    <p class='ocr_par' dir='ltr' id='par_1_55' title="bbox 1890 2565 3468 2643">
     <span class='ocr_line' id='line_1_55' title="bbox 1890 2565 3468 2643; baseline -0.001 -17"><span class='ocrx_word' id='word_1_388' title='bbox 1890 2571 2057 2637; x_wconf 87' lang='lat' dir='ltr'><strong>malo,</strong></span> <span class='ocrx_word' id='word_1_389' title='bbox 2085 2565 2239 2643; x_wconf 53' lang='lat' dir='ltr'><strong>&#39;quod</strong></span> <span class='ocrx_word' id='word_1_390' title='bbox 2286 2587 2389 2627; x_wconf 90' lang='lat' dir='ltr'><strong>nos</strong></span> <span class='ocrx_word' id='word_1_391' title='bbox 2425 2572 2645 2641; x_wconf 82' lang='lat' dir='ltr'><strong>invasit,</strong></span> <span class='ocrx_word' id='word_1_392' title='bbox 2695 2572 2963 2643; x_wconf 79' lang='lat' dir='ltr'><strong>expiaret,</strong></span> <span class='ocrx_word' id='word_1_393' title='bbox 3010 2581 3065 2628; x_wconf 88' lang='lat' dir='ltr'><strong>et</strong></span> <span class='ocrx_word' id='word_1_394' title='bbox 3094 2571 3162 2626; x_wconf 93' lang='lat' dir='ltr'><strong>ad</strong></span> <span class='ocrx_word' id='word_1_395' title='bbox 3209 2587 3273 2627; x_wconf 90' lang='lat' dir='ltr'><strong>ea</strong></span> <span class='ocrx_word' id='word_1_396' title='bbox 3302 2572 3468 2637; x_wconf 90' lang='lat' dir='ltr'><strong>bona,</strong></span> 
     </span>
    </p>
   </div>
   <div class='ocr_carea' id='block_1_56' title="bbox 1890 2661 3471 2734">
    <p class='ocr_par' dir='ltr' id='par_1_56' title="bbox 1890 2661 3471 2734">
     <span class='ocr_line' id='line_1_56' title="bbox 1890 2661 3471 2734; baseline 0 -19"><span class='ocrx_word' id='word_1_397' title='bbox 1890 2677 2013 2732; x_wconf 75' lang='lat' dir='ltr'><strong>qua:</strong></span> <span class='ocrx_word' id='word_1_398' title='bbox 2042 2677 2353 2732; x_wconf 86' lang='lat' dir='ltr'><strong>speramus,</strong></span> <span class='ocrx_word' id='word_1_399' title='bbox 2390 2662 2622 2717; x_wconf 86' lang='lat' dir='ltr'><strong>fruenda</strong></span> <span class='ocrx_word' id='word_1_400' title='bbox 2658 2664 2979 2734; x_wconf 90' lang='lat' dir='ltr'><strong>perduceret</strong></span> <span class='ocrx_word' id='word_1_401' title='bbox 3007 2680 3020 2715; x_wconf 92' lang='lat'>:</span> <span class='ocrx_word' id='word_1_402' title='bbox 3052 2661 3192 2717; x_wconf 76' lang='lat' dir='ltr'><strong>forte</strong></span> <span class='ocrx_word' id='word_1_403' title='bbox 3216 2662 3309 2732; x_wconf 92' lang='lat' dir='ltr'><strong>qui</strong></span> <span class='ocrx_word' id='word_1_404' title='bbox 3350 2661 3471 2716; x_wconf 92' lang='lat' dir='ltr'><strong>frn-</strong></span> 
     </span>
    </p>
   </div>
   <div class='ocr_carea' id='block_1_57' title="bbox 1892 2752 3474 2824">
    <p class='ocr_par' dir='ltr' id='par_1_57' title="bbox 1892 2752 3474 2824">
     <span class='ocr_line' id='line_1_57' title="bbox 1892 2752 3474 2824; baseline -0.002 -15"><span class='ocrx_word' id='word_1_405' title='bbox 1892 2761 2008 2809; x_wconf 88' lang='lat' dir='ltr'><strong>stra</strong></span> <span class='ocrx_word' id='word_1_406' title='bbox 2065 2762 2232 2823; x_wconf 88' lang='lat' dir='ltr'><strong>atque</strong></span> <span class='ocrx_word' id='word_1_407' title='bbox 2260 2755 2498 2808; x_wconf 86' lang='lat' dir='ltr'><strong>inaniter</strong></span> <span class='ocrx_word' id='word_1_408' title='bbox 2538 2754 2806 2824; x_wconf 86' lang='lat' dir='ltr'><strong>lacrymas</strong></span> <span class='ocrx_word' id='word_1_409' title='bbox 2844 2754 3099 2817; x_wconf 88' lang='lat' dir='ltr'><strong>fundunt,</strong></span> <span class='ocrx_word' id='word_1_410' title='bbox 3134 2752 3474 2807; x_wconf 84' lang='lat' dir='ltr'><strong>vocabuntur</strong></span> 
     </span>
    </p>
   </div>
   <div class='ocr_carea' id='block_1_58' title="bbox 1891 2843 3476 2916">
    <p class='ocr_par' dir='ltr' id='par_1_58' title="bbox 1891 2843 3476 2916">
     <span class='ocr_line' id='line_1_58' title="bbox 1891 2843 3476 2916; baseline 0.001 -18"><span class='ocrx_word' id='word_1_411' title='bbox 1891 2843 1950 2898; x_wconf 87' lang='lat' dir='ltr'><strong>in</strong></span> <span class='ocrx_word' id='word_1_412' title='bbox 1976 2844 2185 2899; x_wconf 88' lang='lat' dir='ltr'><strong>crimen</strong></span> <span class='ocrx_word' id='word_1_413' title='bbox 2215 2845 2358 2916; x_wconf 90' lang='lat' dir='ltr'><strong>apud</strong></span> <span class='ocrx_word' id='word_1_414' title='bbox 2388 2845 2672 2900; x_wconf 90' lang='lat' dir='ltr'><strong>dominum</strong></span> <span class='ocrx_word' id='word_1_415' title='bbox 2700 2861 2882 2910; x_wconf 89' lang='lat' dir='ltr'><strong>suum,</strong></span> <span class='ocrx_word' id='word_1_416' title='bbox 2911 2853 2971 2899; x_wconf 92' lang='lat' dir='ltr'><strong>ut</strong></span> <span class='ocrx_word' id='word_1_417' title='bbox 3000 2845 3175 2899; x_wconf 91' lang='lat' dir='ltr'><strong>malus</strong></span> <span class='ocrx_word' id='word_1_418' title='bbox 3208 2845 3300 2899; x_wconf 87' lang='lat' dir='ltr'><strong>ille</strong></span> <span class='ocrx_word' id='word_1_419' title='bbox 3333 2844 3476 2899; x_wconf 89' lang='lat' dir='ltr'><strong>villi-</strong></span> 
     </span>
    </p>
   </div>
   <div class='ocr_carea' id='block_1_59' title="bbox 1895 2935 3476 3008">
    <p class='ocr_par' dir='ltr' id='par_1_59' title="bbox 1895 2935 3476 3008">
     <span class='ocr_line' id='line_1_59' title="bbox 1895 2935 3476 3008; baseline 0 -18"><span class='ocrx_word' id='word_1_420' title='bbox 1895 2950 2018 3001; x_wconf 89' lang='lat' dir='ltr'><strong>cus,</strong></span> <span class='ocrx_word' id='word_1_421' title='bbox 2050 2935 2167 3005; x_wconf 89' lang='lat' dir='ltr'><strong>qui,</strong></span> <span class='ocrx_word' id='word_1_422' title='bbox 2211 2943 2270 2989; x_wconf 92' lang='lat' dir='ltr'><strong>ut</strong></span> <span class='ocrx_word' id='word_1_423' title='bbox 2309 2936 2360 2990; x_wconf 94' lang='lat' dir='ltr'><strong>in</strong></span> <span class='ocrx_word' id='word_1_424' title='bbox 2394 2935 2690 3008; x_wconf 75' lang='lat' dir='ltr'><strong>Evangelia</strong></span> <span class='ocrx_word' id='word_1_425' title='bbox 2730 2937 2960 3007; x_wconf 81' lang='lat' dir='ltr'><strong>legimus</strong></span> <span class='ocrx_word' id='word_1_426' title='bbox 2983 2937 3051 2999; x_wconf 82' lang='grc'><strong>³⁸,</strong></span> <span class='ocrx_word' id='word_1_427' title='bbox 3093 2936 3314 2991; x_wconf 87' lang='lat' dir='ltr'><strong>divitias</strong></span> <span class='ocrx_word' id='word_1_428' title='bbox 3369 2935 3476 2991; x_wconf 83' lang='lat' dir='ltr'><strong>sibi</strong></span> 
     </span>
    </p>
   </div>
   <div class='ocr_carea' id='block_1_60' title="bbox 1894 3027 3476 3099">
    <p class='ocr_par' dir='ltr' id='par_1_60' title="bbox 1894 3027 3476 3099">
     <span class='ocr_line' id='line_1_60' title="bbox 1894 3027 3476 3099; baseline -0.001 -15"><span class='ocrx_word' id='word_1_429' title='bbox 1894 3027 2137 3084; x_wconf 87' lang='lat' dir='ltr'><strong>creditas</strong></span> <span class='ocrx_word' id='word_1_430' title='bbox 2171 3028 2435 3085; x_wconf 88' lang='lat' dir='ltr'><strong>inutiliter</strong></span> <span class='ocrx_word' id='word_1_431' title='bbox 2490 3028 2878 3099; x_wconf 88' lang='lat' dir='ltr'><strong>dissipaverat.</strong></span> <span class='ocrx_word' id='word_1_432' title='bbox 2926 3028 3279 3097; x_wconf 69' lang='lat' dir='ltr'><strong>Quaecunque</strong></span> <span class='ocrx_word' id='word_1_433' title='bbox 3328 3029 3476 3082; x_wconf 90' lang='lat' dir='ltr'><strong>enim</strong></span> 
     </span>
    </p>
   </div>
   <div class='ocr_carea' id='block_1_61' title="bbox 1896 3119 3479 3192">
    <p class='ocr_par' dir='ltr' id='par_1_61' title="bbox 1896 3119 3479 3192">
     <span class='ocr_line' id='line_1_61' title="bbox 1896 3119 3479 3192; baseline 0 -18"><span class='ocrx_word' id='word_1_434' title='bbox 1896 3120 1963 3175; x_wconf 85' lang='lat' dir='ltr'><strong>ad</strong></span> <span class='ocrx_word' id='word_1_435' title='bbox 2002 3119 2176 3177; x_wconf 82' lang='lat' dir='ltr'><strong>honos</strong></span> <span class='ocrx_word' id='word_1_436' title='bbox 2203 3137 2340 3177; x_wconf 92' lang='lat' dir='ltr'><strong>usus</strong></span> <span class='ocrx_word' id='word_1_437' title='bbox 2370 3120 2564 3177; x_wconf 90' lang='lat' dir='ltr'><strong>referri</strong></span> <span class='ocrx_word' id='word_1_438' title='bbox 2602 3132 2849 3192; x_wconf 90' lang='lat' dir='ltr'><strong>possunt,</strong></span> <span class='ocrx_word' id='word_1_439' title='bbox 2878 3121 3081 3177; x_wconf 79' lang='lat' dir='ltr'><strong>divitiae</strong></span> <span class='ocrx_word' id='word_1_440' title='bbox 3115 3131 3242 3177; x_wconf 91' lang='lat' dir='ltr'><strong>sunt</strong></span> <span class='ocrx_word' id='word_1_441' title='bbox 3270 3122 3327 3175; x_wconf 91' lang='lat' dir='ltr'><strong>in</strong></span> <span class='ocrx_word' id='word_1_442' title='bbox 3356 3120 3479 3174; x_wconf 91' lang='lat' dir='ltr'><strong>the-</strong></span> 
     </span>
    </p>
   </div>
   <div class='ocr_carea' id='block_1_62' title="bbox 227 3203 1790 3310">
    <p class='ocr_par' dir='ltr' id='par_1_62' title="bbox 227 3203 1790 3287">
     <span class='ocr_line' id='line_1_62' title="bbox 227 3203 1790 3287; baseline 0.009 -30"><span class='ocrx_word' id='word_1_443' title='bbox 227 3203 450 3274; x_wconf 69' lang='grc' dir='ltr'>ἀδελφοὶ,</span> <span class='ocrx_word' id='word_1_444' title='bbox 478 3206 739 3278; x_wconf 78' lang='grc' dir='ltr'>περὶτῶν</span> <span class='ocrx_word' id='word_1_445' title='bbox 767 3210 1205 3281; x_wconf 85' lang='grc' dir='ltr'>κεκοιμημένων,</span> <span class='ocrx_word' id='word_1_446' title='bbox 1230 3208 1452 3268; x_wconf 81' lang='grc' dir='ltr'>ταῦταᾶ</span> <span class='ocrx_word' id='word_1_447' title='bbox 1475 3216 1790 3287; x_wconf 79' lang='grc' dir='ltr'>μεμαθήκα-</span> 
     </span>
    </p>
   </div>
   <div class='ocr_carea' id='block_1_63' title="bbox 1892 3203 3482 3310">
    <p class='ocr_par' dir='ltr' id='par_1_63' title="bbox 1901 3209 3482 3282">
     <span class='ocr_line' id='line_1_63' title="bbox 1901 3209 3482 3282; baseline 0.001 -17"><span class='ocrx_word' id='word_1_448' title='bbox 1901 3209 2081 3265; x_wconf 88' lang='lat' dir='ltr'><strong>sauris</strong></span> <span class='ocrx_word' id='word_1_449' title='bbox 2111 3210 2427 3267; x_wconf 83' lang='lat' dir='ltr'><strong>coelestibus</strong></span> <span class='ocrx_word' id='word_1_450' title='bbox 2457 3221 2809 3266; x_wconf 82' lang='lat' dir='ltr'><strong>ennmeratae.</strong></span> <span class='ocrx_word' id='word_1_451' title='bbox 2841 3210 2981 3266; x_wconf 88' lang='lat' dir='ltr'><strong>Nolo</strong></span> <span class='ocrx_word' id='word_1_452' title='bbox 3030 3212 3199 3282; x_wconf 82' lang='lat' dir='ltr'><strong>igitur</strong></span> <span class='ocrx_word' id='word_1_453' title='bbox 3227 3211 3482 3282; x_wconf 78' lang='lat' dir='ltr'><strong>ignorare</strong></span> 
     </span>
    </p>
   </div>
   <div class='ocr_carea' id='block_1_64' title="bbox 231 3295 1797 3379">
    <p class='ocr_par' dir='ltr' id='par_1_64' title="bbox 231 3295 1797 3379">
     <span class='ocr_line' id='line_1_64' title="bbox 231 3295 1797 3379; baseline 0.01 -31"><span class='ocrx_word' id='word_1_454' title='bbox 231 3310 342 3366; x_wconf 80' lang='grc' dir='ltr'>μεν,</span> <span class='ocrx_word' id='word_1_455' title='bbox 376 3298 471 3350; x_wconf 77' lang='grc' dir='ltr'><strong>καὶ</strong></span> <span class='ocrx_word' id='word_1_456' title='bbox 495 3295 557 3349; x_wconf 80' lang='grc' dir='ltr'><strong>εί</strong></span> <span class='ocrx_word' id='word_1_457' title='bbox 577 3314 630 3350; x_wconf 88' lang='grc' dir='ltr'><strong>τι</strong></span> <span class='ocrx_word' id='word_1_458' title='bbox 654 3296 781 3351; x_wconf 83' lang='grc' dir='ltr'>ἀλλο</span> <span class='ocrx_word' id='word_1_459' title='bbox 808 3298 944 3371; x_wconf 84' lang='grc' dir='ltr'>πρὸς</span> <span class='ocrx_word' id='word_1_460' title='bbox 966 3301 1174 3366; x_wconf 87' lang='grc' dir='ltr'>τούτοις</span> <span class='ocrx_word' id='word_1_461' title='bbox 1201 3303 1353 3374; x_wconf 80' lang='grc' dir='ltr'>παρὰ</span> <span class='ocrx_word' id='word_1_462' title='bbox 1374 3304 1466 3359; x_wconf 79' lang='grc' dir='ltr'>τοῦ</span> <span class='ocrx_word' id='word_1_463' title='bbox 1486 3307 1797 3379; x_wconf 88' lang='grc' dir='ltr'>Πνεύματος</span> 
     </span>
    </p>
   </div>
   <div class='ocr_carea' id='block_1_65' title="bbox 229 3386 1795 3472">
    <p class='ocr_par' dir='ltr' id='par_1_65' title="bbox 229 3386 1795 3472">
     <span class='ocr_line' id='line_1_65' title="bbox 229 3386 1795 3472; baseline 0.01 -33"><span class='ocrx_word' id='word_1_464' title='bbox 229 3386 315 3440; x_wconf 81' lang='grc' dir='ltr'>τοῦ</span> <span class='ocrx_word' id='word_1_465' title='bbox 338 3388 491 3457; x_wconf 76' lang='grc' dir='ltr'>ἁγίου</span> <span class='ocrx_word' id='word_1_466' title='bbox 526 3390 644 3453; x_wconf 87' lang='grc' dir='ltr'>τοῖς</span> <span class='ocrx_word' id='word_1_467' title='bbox 679 3389 1032 3460; x_wconf 85' lang='grc' dir='ltr'>τελειοτέροις</span> <span class='ocrx_word' id='word_1_468' title='bbox 1071 3394 1510 3451; x_wconf 86' lang='grc' dir='ltr'>ἀποκαλύπτεται</span> <span class='ocrx_word' id='word_1_469' title='bbox 1551 3400 1795 3472; x_wconf 85' lang='grc' dir='ltr'>μάθημα,</span> 
     </span>
    </p>
   </div>
   <div class='ocr_carea' id='block_1_66' title="bbox 232 3477 1802 3559">
    <p class='ocr_par' dir='ltr' id='par_1_66' title="bbox 232 3477 1802 3559">
     <span class='ocr_line' id='line_1_66' title="bbox 232 3477 1802 3559; baseline 0.01 -29"><span class='ocrx_word' id='word_1_470' title='bbox 232 3477 312 3531; x_wconf 83' lang='grc' dir='ltr'>ίνα</span> <span class='ocrx_word' id='word_1_471' title='bbox 336 3481 409 3550; x_wconf 83' lang='grc' dir='ltr'>μὴ</span> <span class='ocrx_word' id='word_1_472' title='bbox 441 3480 714 3551; x_wconf 79' lang='grc' dir='ltr'>λυπῆσθε,</span> <span class='ocrx_word' id='word_1_473' title='bbox 742 3482 818 3546; x_wconf 84' lang='grc' dir='ltr'>ὡς</span> <span class='ocrx_word' id='word_1_474' title='bbox 866 3485 960 3536; x_wconf 79' lang='grc' dir='ltr'><strong>καὶ</strong></span> <span class='ocrx_word' id='word_1_475' title='bbox 989 3485 1038 3537; x_wconf 85' lang='grc' dir='ltr'>οἱ</span> <span class='ocrx_word' id='word_1_476' title='bbox 1071 3485 1246 3540; x_wconf 76' lang='grc' dir='ltr'>λοιποὶ</span> <span class='ocrx_word' id='word_1_477' title='bbox 1278 3489 1326 3540; x_wconf 84' lang='grc' dir='ltr'>οἱ</span> <span class='ocrx_word' id='word_1_478' title='bbox 1357 3488 1431 3559; x_wconf 86' lang='grc' dir='ltr'>μὴ</span> <span class='ocrx_word' id='word_1_479' title='bbox 1464 3488 1676 3559; x_wconf 76' lang='grc' dir='ltr'>ἔχοντες</span> <span class='ocrx_word' id='word_1_480' title='bbox 1716 3492 1802 3545; x_wconf 86' lang='grc' dir='ltr'><strong>ὲλ-</strong></span> 
     </span>
    </p>
   </div>
   <div class='ocr_carea' id='block_1_67' title="bbox 231 3570 1803 3653">
    <p class='ocr_par' dir='ltr' id='par_1_67' title="bbox 231 3570 1803 3653">
     <span class='ocr_line' id='line_1_67' title="bbox 231 3570 1803 3653; baseline 0.01 -31"><span class='ocrx_word' id='word_1_481' title='bbox 231 3570 368 3625; x_wconf 81' lang='grc' dir='ltr'>πίδα.</span> <span class='ocrx_word' id='word_1_482' title='bbox 402 3574 604 3627; x_wconf 81' lang='grc' dir='ltr'>Μόνων</span> <span class='ocrx_word' id='word_1_483' title='bbox 652 3574 761 3643; x_wconf 89' lang='grc' dir='ltr'><strong>γάρ</strong></span> <span class='ocrx_word' id='word_1_484' title='bbox 788 3577 904 3629; x_wconf 90' lang='grc' dir='ltr'>ἐστι</span> <span class='ocrx_word' id='word_1_485' title='bbox 949 3575 1058 3629; x_wconf 91' lang='grc' dir='ltr'><strong>τῶν</strong></span> <span class='ocrx_word' id='word_1_486' title='bbox 1103 3578 1346 3632; x_wconf 86' lang='grc' dir='ltr'>ἀπίστων</span> <span class='ocrx_word' id='word_1_487' title='bbox 1378 3581 1440 3633; x_wconf 84' lang='grc' dir='ltr'><strong>τὸ</strong></span> <span class='ocrx_word' id='word_1_488' title='bbox 1465 3580 1542 3651; x_wconf 86' lang='grc' dir='ltr'>τῷ</span> <span class='ocrx_word' id='word_1_489' title='bbox 1574 3582 1803 3653; x_wconf 80' lang='grc' dir='ltr'>παρόντι</span> 
     </span>
    </p>
   </div>
   <div class='ocr_carea' id='block_1_68' title="bbox 230 3659 1804 3739">
    <p class='ocr_par' dir='ltr' id='par_1_68' title="bbox 230 3659 1804 3739">
     <span class='ocr_line' id='line_1_68' title="bbox 230 3659 1804 3739; baseline 0.009 -27"><span class='ocrx_word' id='word_1_490' title='bbox 230 3659 324 3733; x_wconf 85' lang='grc' dir='ltr'><strong>βίῳ</strong></span> <span class='ocrx_word' id='word_1_491' title='bbox 349 3662 446 3728; x_wconf 82' lang='grc' dir='ltr'>τὰς</span> <span class='ocrx_word' id='word_1_492' title='bbox 474 3662 575 3717; x_wconf 81' lang='grc' dir='ltr'>τοῦ</span> <span class='ocrx_word' id='word_1_493' title='bbox 609 3661 708 3735; x_wconf 76' lang='grc' dir='ltr'><strong>ζῇν</strong></span> <span class='ocrx_word' id='word_1_494' title='bbox 752 3665 973 3729; x_wconf 80' lang='grc' dir='ltr'>ἐλπίδας</span> <span class='ocrx_word' id='word_1_495' title='bbox 1003 3669 1352 3739; x_wconf 81' lang='grc' dir='ltr'>περιορίζειν,</span> <span class='ocrx_word' id='word_1_496' title='bbox 1386 3671 1479 3725; x_wconf 76' lang='grc' dir='ltr'><strong>καὶ</strong></span> <span class='ocrx_word' id='word_1_497' title='bbox 1511 3670 1600 3725; x_wconf 84' lang='grc' dir='ltr'>διὰ</span> <span class='ocrx_word' id='word_1_498' title='bbox 1643 3669 1804 3727; x_wconf 80' lang='grc' dir='ltr'>τοῦτο</span> 
     </span>
    </p>
   </div>
   <div class='ocr_carea' id='block_1_69' title="bbox 229 3756 1805 3829">
    <p class='ocr_par' dir='ltr' id='par_1_69' title="bbox 229 3756 1805 3829">
     <span class='ocr_line' id='line_1_69' title="bbox 229 3756 1805 3829; baseline 0.005 -19"><span class='ocrx_word' id='word_1_499' title='bbox 229 3760 507 3829; x_wconf 80' lang='grc' dir='ltr'>συμφορᾶς</span> <span class='ocrx_word' id='word_1_500' title='bbox 536 3756 687 3825; x_wconf 82' lang='grc' dir='ltr'>ἀξιον</span> <span class='ocrx_word' id='word_1_501' title='bbox 715 3757 991 3812; x_wconf 78' lang='grc' dir='ltr'>ποιοῦνται</span> <span class='ocrx_word' id='word_1_502' title='bbox 1018 3760 1109 3815; x_wconf 78' lang='grc' dir='ltr'><strong>τὸν</strong></span> <span class='ocrx_word' id='word_1_503' title='bbox 1154 3759 1401 3827; x_wconf 88' lang='grc' dir='ltr'>θάνατον,</span> <span class='ocrx_word' id='word_1_504' title='bbox 1430 3763 1512 3817; x_wconf 85' lang='grc' dir='ltr'><strong>ὅτι</strong></span> <span class='ocrx_word' id='word_1_505' title='bbox 1533 3764 1716 3828; x_wconf 83' lang='grc' dir='ltr'>αὐτοῖς</span> <span class='ocrx_word' id='word_1_506' title='bbox 1742 3764 1805 3818; x_wconf 81' lang='grc' dir='ltr'>τὸ</span> 
     </span>
    </p>
   </div>
   <div class='ocr_carea' id='block_1_70' title="bbox 232 3850 1805 3926">
    <p class='ocr_par' dir='ltr' id='par_1_70' title="bbox 232 3850 1805 3926">
     <span class='ocr_line' id='line_1_70' title="bbox 232 3850 1805 3926; baseline 0.006 -26"><span class='ocrx_word' id='word_1_507' title='bbox 232 3851 621 3920; x_wconf 83' lang='grc' dir='ltr'>πιστευόμενον</span> <span class='ocrx_word' id='word_1_508' title='bbox 664 3850 795 3920; x_wconf 83' lang='grc' dir='ltr'>παρ’</span> <span class='ocrx_word' id='word_1_509' title='bbox 823 3850 980 3921; x_wconf 81' lang='grc' dir='ltr'>ἡμῶν</span> <span class='ocrx_word' id='word_1_510' title='bbox 1033 3852 1133 3905; x_wconf 86' lang='grc' dir='ltr'><strong>οὐκ</strong></span> <span class='ocrx_word' id='word_1_511' title='bbox 1168 3851 1495 3917; x_wconf 43' lang='grc' dir='ltr'>ἐλπίζεταιγ</span> <span class='ocrx_word' id='word_1_512' title='bbox 1526 3855 1717 3926; x_wconf 87' lang='grc' dir='ltr'>Ἡμεῖς</span> <span class='ocrx_word' id='word_1_513' title='bbox 1747 3855 1805 3909; x_wconf 81' lang='grc' dir='ltr'><strong>δὲ</strong></span> 
     </span>
    </p>
   </div>
   <div class='ocr_carea' id='block_1_71' title="bbox 229 3939 1808 4016">
    <p class='ocr_par' dir='ltr' id='par_1_71' title="bbox 229 3939 1808 4016">
     <span class='ocr_line' id='line_1_71' title="bbox 229 3939 1808 4016; baseline 0.004 -22"><span class='ocrx_word' id='word_1_514' title='bbox 229 3939 298 4011; x_wconf 82' lang='grc' dir='ltr'>τῷ</span> <span class='ocrx_word' id='word_1_515' title='bbox 330 3942 561 4012; x_wconf 84' lang='grc' dir='ltr'>μεγάλῳ</span> <span class='ocrx_word' id='word_1_516' title='bbox 582 3942 822 4015; x_wconf 82' lang='grc' dir='ltr'>ἐγγυητῇ</span> <span class='ocrx_word' id='word_1_517' title='bbox 855 3943 955 4012; x_wconf 85' lang='grc' dir='ltr'>τῆς</span> <span class='ocrx_word' id='word_1_518' title='bbox 987 3944 1052 3997; x_wconf 89' lang='grc' dir='ltr'><strong>ἐκ</strong></span> <span class='ocrx_word' id='word_1_519' title='bbox 1079 3945 1289 4016; x_wconf 89' lang='grc' dir='ltr'>νεκρῶν</span> <span class='ocrx_word' id='word_1_520' title='bbox 1330 3946 1677 4011; x_wconf 87' lang='grc' dir='ltr'>ἀναστάσεως</span> <span class='ocrx_word' id='word_1_521' title='bbox 1711 3963 1808 4000; x_wconf 87' lang='grc' dir='ltr'>πε-</span> 
     </span>
    </p>
   </div>
   <div class='ocr_carea' id='block_1_72' title="bbox 231 4033 1805 4110">
    <p class='ocr_par' dir='ltr' id='par_1_72' title="bbox 231 4033 1805 4110">
     <span class='ocr_line' id='line_1_72' title="bbox 231 4033 1805 4110; baseline 0.006 -27"><span class='ocrx_word' id='word_1_522' title='bbox 231 4033 782 4105; x_wconf 42' lang='grc' dir='ltr'>πιστευκότεςίαὺτῷ</span> <span class='ocrx_word' id='word_1_523' title='bbox 833 4033 910 4105; x_wconf 82' lang='grc' dir='ltr'>τῷ</span> <span class='ocrx_word' id='word_1_524' title='bbox 936 4034 1178 4108; x_wconf 79' lang='grc' dir='ltr'>Δεσπότῃ</span> <span class='ocrx_word' id='word_1_525' title='bbox 1213 4036 1395 4109; x_wconf 83' lang='grc' dir='ltr'>πάσης</span> <span class='ocrx_word' id='word_1_526' title='bbox 1412 4038 1513 4110; x_wconf 87' lang='grc' dir='ltr'>τῆς</span> <span class='ocrx_word' id='word_1_527' title='bbox 1554 4038 1805 4105; x_wconf 87' lang='grc' dir='ltr'>κτίσεως,</span> 
     </span>
    </p>
   </div>
   <div class='ocr_carea' id='block_1_73' title="bbox 228 4121 1808 4200">
    <p class='ocr_par' dir='ltr' id='par_1_73' title="bbox 228 4121 1808 4200">
     <span class='ocr_line' id='line_1_73' title="bbox 228 4121 1808 4200; baseline 0.006 -25"><span class='ocrx_word' id='word_1_528' title='bbox 228 4121 384 4186; x_wconf 78' lang='grc' dir='ltr'>ὁςδιά</span> <span class='ocrx_word' id='word_1_529' title='bbox 402 4124 570 4177; x_wconf 84' lang='grc' dir='ltr'>τοῦτο</span> <span class='ocrx_word' id='word_1_530' title='bbox 601 4124 693 4177; x_wconf 80' lang='grc' dir='ltr'><strong>καὶ</strong></span> <span class='ocrx_word' id='word_1_531' title='bbox 716 4124 951 4199; x_wconf 86' lang='grc' dir='ltr'>ἀπέθανε</span> <span class='ocrx_word' id='word_1_532' title='bbox 979 4127 1072 4180; x_wconf 74' lang='grc' dir='ltr'>καὶ</span> <span class='ocrx_word' id='word_1_533' title='bbox 1097 4127 1317 4198; x_wconf 84' lang='grc' dir='ltr'>ἀνέστη,</span> <span class='ocrx_word' id='word_1_534' title='bbox 1341 4128 1428 4183; x_wconf 82' lang='grc' dir='ltr'><strong>ἵνα</strong></span> <span class='ocrx_word' id='word_1_535' title='bbox 1450 4126 1528 4198; x_wconf 87' lang='grc' dir='ltr'>τῷ</span> <span class='ocrx_word' id='word_1_536' title='bbox 1557 4129 1702 4200; x_wconf 78' lang='grc' dir='ltr'>ἔργῳ</span> <span class='ocrx_word' id='word_1_537' title='bbox 1716 4129 1808 4184; x_wconf 79' lang='grc' dir='ltr'><strong>τὸν</strong></span> 
     </span>
    </p>
   </div>
   <div class='ocr_carea' id='block_1_74' title="bbox 231 4214 1809 4290">
    <p class='ocr_par' dir='ltr' id='par_1_74' title="bbox 231 4214 1809 4290">
     <span class='ocr_line' id='line_1_74' title="bbox 231 4214 1809 4290; baseline 0.005 -24"><span class='ocrx_word' id='word_1_538' title='bbox 231 4216 352 4286; x_wconf 83' lang='grc' dir='ltr'>περὶ</span> <span class='ocrx_word' id='word_1_539' title='bbox 372 4214 474 4286; x_wconf 84' lang='grc' dir='ltr'><strong>τῆς</strong></span> <span class='ocrx_word' id='word_1_540' title='bbox 522 4216 870 4279; x_wconf 80' lang='grc' dir='ltr'>ἀναστάσεως</span> <span class='ocrx_word' id='word_1_541' title='bbox 895 4216 1051 4285; x_wconf 86' lang='grc' dir='ltr'>λόγον</span> <span class='ocrx_word' id='word_1_542' title='bbox 1105 4217 1466 4288; x_wconf 86' lang='grc' dir='ltr'>πιστώσηται,</span> <span class='ocrx_word' id='word_1_543' title='bbox 1501 4220 1809 4290; x_wconf 79' lang='grc' dir='ltr'>ἀναμφιϐό-</span> 
     </span>
    </p>
   </div>
   <div class='ocr_carea' id='block_1_75' title="bbox 229 4304 1807 4382">
    <p class='ocr_par' dir='ltr' id='par_1_75' title="bbox 229 4304 1807 4382">
     <span class='ocr_line' id='line_1_75' title="bbox 229 4304 1807 4382; baseline 0.004 -24"><span class='ocrx_word' id='word_1_544' title='bbox 229 4304 330 4370; x_wconf 88' lang='grc' dir='ltr'><strong>λως</strong></span> <span class='ocrx_word' id='word_1_545' title='bbox 351 4306 572 4380; x_wconf 82' lang='grc' dir='ltr'>ἔχωμεν</span> <span class='ocrx_word' id='word_1_546' title='bbox 598 4306 705 4361; x_wconf 90' lang='grc' dir='ltr'><strong>τῶν</strong></span> <span class='ocrx_word' id='word_1_547' title='bbox 749 4307 969 4376; x_wconf 89' lang='grc' dir='ltr'>ἀγαθῶν</span> <span class='ocrx_word' id='word_1_548' title='bbox 1000 4309 1100 4378; x_wconf 80' lang='grc' dir='ltr'><strong>τὴν</strong></span> <span class='ocrx_word' id='word_1_549' title='bbox 1136 4308 1346 4373; x_wconf 77' lang='grc' dir='ltr'>ἐλπίδα,</span> <span class='ocrx_word' id='word_1_550' title='bbox 1370 4304 1439 4382; x_wconf 85' lang='grc' dir='ltr'>ἧς</span> <span class='ocrx_word' id='word_1_551' title='bbox 1467 4309 1748 4381; x_wconf 88' lang='grc' dir='ltr'>παρούσης</span> <span class='ocrx_word' id='word_1_552' title='bbox 1773 4313 1807 4382; x_wconf 78' lang='grc' dir='ltr'><strong>ἡ</strong></span> 
     </span>
    </p>
   </div>
   <div class='ocr_carea' id='block_1_76' title="bbox 232 4396 1812 4469">
    <p class='ocr_par' dir='ltr' id='par_1_76' title="bbox 232 4396 1812 4469">
     <span class='ocr_line' id='line_1_76' title="bbox 232 4396 1812 4469; baseline 0.003 -20"><span class='ocrx_word' id='word_1_553' title='bbox 232 4396 321 4449; x_wconf 77' lang='grc' dir='ltr'>ἐπὶ</span> <span class='ocrx_word' id='word_1_554' title='bbox 353 4401 469 4462; x_wconf 80' lang='grc' dir='ltr'>τοῖς</span> <span class='ocrx_word' id='word_1_555' title='bbox 496 4397 909 4469; x_wconf 86' lang='grc' dir='ltr'>κατοιχομένοις</span> <span class='ocrx_word' id='word_1_556' title='bbox 936 4396 1080 4468; x_wconf 88' lang='grc' dir='ltr'>λύπη</span> <span class='ocrx_word' id='word_1_557' title='bbox 1120 4396 1304 4467; x_wconf 84' lang='grc' dir='ltr'>χώραν</span> <span class='ocrx_word' id='word_1_558' title='bbox 1331 4398 1430 4468; x_wconf 83' lang='grc' dir='ltr'><strong>οὐχ</strong></span> <span class='ocrx_word' id='word_1_559' title='bbox 1479 4397 1610 4463; x_wconf 75' lang='grc' dir='ltr'>ἕξει.</span> <span class='ocrx_word' id='word_1_560' title='bbox 1647 4399 1706 4452; x_wconf 88' lang='grc' dir='ltr'>Ὁ</span> <span class='ocrx_word' id='word_1_561' title='bbox 1755 4399 1812 4454; x_wconf 86' lang='grc' dir='ltr'>δὲ</span> 
     </span>
    </p>
   </div>
   <div class='ocr_carea' id='block_1_77' title="bbox 230 4486 1813 4562">
    <p class='ocr_par' dir='ltr' id='par_1_77' title="bbox 230 4486 1813 4562">
     <span class='ocr_line' id='line_1_77' title="bbox 230 4486 1813 4562; baseline 0.004 -22"><span class='ocrx_word' id='word_1_562' title='bbox 230 4486 357 4552; x_wconf 78' lang='grc' dir='ltr'>Θεὸς</span> <span class='ocrx_word' id='word_1_563' title='bbox 386 4489 553 4560; x_wconf 84' lang='grc' dir='ltr'>ήμῶν</span> <span class='ocrx_word' id='word_1_564' title='bbox 594 4488 688 4541; x_wconf 73' lang='grc' dir='ltr'><strong>καὶ</strong></span> <span class='ocrx_word' id='word_1_565' title='bbox 714 4488 918 4560; x_wconf 86' lang='grc' dir='ltr'>Κύριος</span> <span class='ocrx_word' id='word_1_566' title='bbox 953 4487 1157 4560; x_wconf 79' lang='grc' dir='ltr'>Ἰησοῦς</span> <span class='ocrx_word' id='word_1_567' title='bbox 1200 4489 1453 4561; x_wconf 78' lang='grc' dir='ltr'>Χριστὸς,</span> <span class='ocrx_word' id='word_1_568' title='bbox 1488 4490 1516 4543; x_wconf 93' lang='lat'><strong>6</strong></span> <span class='ocrx_word' id='word_1_569' title='bbox 1561 4508 1813 4562; x_wconf 84' lang='grc' dir='ltr'>παρακα-</span> 
     </span>
    </p>
   </div>
   <div class='ocr_carea' id='block_1_78' title="bbox 1901 3300 3478 3373">
    <p class='ocr_par' dir='ltr' id='par_1_78' title="bbox 1901 3300 3478 3373">
     <span class='ocr_line' id='line_1_78' title="bbox 1901 3300 3478 3373; baseline 0.002 -19"><span class='ocrx_word' id='word_1_570' title='bbox 1901 3315 2021 3367; x_wconf 89' lang='lat' dir='ltr'><strong>vos,</strong></span> <span class='ocrx_word' id='word_1_571' title='bbox 2051 3300 2271 3366; x_wconf 81' lang='lat' dir='ltr'><strong>fratres,</strong></span> <span class='ocrx_word' id='word_1_572' title='bbox 2303 3316 2423 3372; x_wconf 73' lang='lat' dir='ltr'><strong>quae</strong></span> <span class='ocrx_word' id='word_1_573' title='bbox 2457 3301 2524 3356; x_wconf 91' lang='lat' dir='ltr'><strong>de</strong></span> <span class='ocrx_word' id='word_1_574' title='bbox 2556 3303 2622 3357; x_wconf 93' lang='lat' dir='ltr'><strong>iis</strong></span> <span class='ocrx_word' id='word_1_575' title='bbox 2654 3303 2747 3373; x_wconf 89' lang='lat' dir='ltr'><strong>qui</strong></span> <span class='ocrx_word' id='word_1_576' title='bbox 2781 3302 3140 3367; x_wconf 89' lang='lat' dir='ltr'><strong>dormierunt,</strong></span> <span class='ocrx_word' id='word_1_577' title='bbox 3168 3302 3478 3364; x_wconf 86' lang='lat' dir='ltr'><strong>didicimus.</strong></span> 
     </span>
    </p>
   </div>
   <div class='ocr_carea' id='block_1_79' title="bbox 1901 3392 3550 3466">
    <p class='ocr_par' dir='ltr' id='par_1_79' title="bbox 1901 3392 3550 3466">
     <span class='ocr_line' id='line_1_79' title="bbox 1901 3392 3550 3466; baseline 0.001 -17"><span class='ocrx_word' id='word_1_578' title='bbox 1901 3398 2025 3449; x_wconf 89' lang='lat' dir='ltr'><strong>etsi</strong></span> <span class='ocrx_word' id='word_1_579' title='bbox 2058 3394 2189 3463; x_wconf 91' lang='lat' dir='ltr'><strong>quid</strong></span> <span class='ocrx_word' id='word_1_580' title='bbox 2223 3403 2487 3465; x_wconf 58' lang='lat' dir='ltr'><strong>pra-terea</strong></span> <span class='ocrx_word' id='word_1_581' title='bbox 2529 3395 2767 3466; x_wconf 84' lang='lat' dir='ltr'><strong>Spiritus</strong></span> <span class='ocrx_word' id='word_1_582' title='bbox 2803 3406 3028 3451; x_wconf 89' lang='lat' dir='ltr'><strong>sanctus</strong></span> <span class='ocrx_word' id='word_1_583' title='bbox 3060 3392 3485 3465; x_wconf 85' lang='lat' dir='ltr'><strong>perfectioribus</strong></span> <span class='ocrx_word' id='word_1_584' title='bbox 3523 3394 3550 3419; x_wconf 85' lang='lat'><strong><em>’</em></strong></span> 
     </span>
    </p>
   </div>
   <div class='ocr_carea' id='block_1_80' title="bbox 1899 3483 3484 3554">
    <p class='ocr_par' dir='ltr' id='par_1_80' title="bbox 1899 3483 3484 3554">
     <span class='ocr_line' id='line_1_80' title="bbox 1899 3483 3484 3554; baseline 0.001 -18"><span class='ocrx_word' id='word_1_585' title='bbox 1899 3483 2181 3552; x_wconf 77' lang='lat' dir='ltr'><strong>patefacit,</strong></span> <span class='ocrx_word' id='word_1_586' title='bbox 2238 3499 2308 3538; x_wconf 92' lang='lat' dir='ltr'><strong>ne</strong></span> <span class='ocrx_word' id='word_1_587' title='bbox 2355 3485 2582 3538; x_wconf 89' lang='lat' dir='ltr'><strong>tristitia</strong></span> <span class='ocrx_word' id='word_1_588' title='bbox 2656 3500 2999 3554; x_wconf 68' lang='lat' dir='ltr'><strong>muarorcque</strong></span> <span class='ocrx_word' id='word_1_589' title='bbox 3036 3483 3371 3551; x_wconf 78' lang='lat' dir='ltr'><strong>alliciamini,</strong></span> <span class='ocrx_word' id='word_1_590' title='bbox 3424 3491 3484 3537; x_wconf 84' lang='lat' dir='ltr'><strong>ut</strong></span> 
     </span>
    </p>
   </div>
   <div class='ocr_carea' id='block_1_81' title="bbox 1902 3572 3479 3646">
    <p class='ocr_par' dir='ltr' id='par_1_81' title="bbox 1902 3572 3479 3646">
     <span class='ocr_line' id='line_1_81' title="bbox 1902 3572 3479 3646; baseline 0 -18"><span class='ocrx_word' id='word_1_591' title='bbox 1902 3574 2086 3629; x_wconf 70' lang='lat' dir='ltr'><strong>caeteri</strong></span> <span class='ocrx_word' id='word_1_592' title='bbox 2131 3574 2227 3644; x_wconf 87' lang='lat' dir='ltr'><strong>qui</strong></span> <span class='ocrx_word' id='word_1_593' title='bbox 2258 3589 2408 3646; x_wconf 85' lang='lat' dir='ltr'><strong>spem</strong></span> <span class='ocrx_word' id='word_1_594' title='bbox 2443 3590 2551 3629; x_wconf 91' lang='lat' dir='ltr'><strong>non</strong></span> <span class='ocrx_word' id='word_1_595' title='bbox 2597 3576 2819 3631; x_wconf 88' lang='lat' dir='ltr'><strong>habent.</strong></span> <span class='ocrx_word' id='word_1_596' title='bbox 2851 3574 2961 3630; x_wconf 91' lang='lat' dir='ltr'><strong>Soli</strong></span> <span class='ocrx_word' id='word_1_597' title='bbox 2987 3575 3155 3640; x_wconf 82' lang='lat' dir='ltr'><strong>enim,</strong></span> <span class='ocrx_word' id='word_1_598' title='bbox 3184 3575 3277 3644; x_wconf 91' lang='lat' dir='ltr'><strong>qui</strong></span> <span class='ocrx_word' id='word_1_599' title='bbox 3312 3589 3343 3628; x_wconf 91' lang='lat' dir='ltr'><strong>a</strong></span> <span class='ocrx_word' id='word_1_600' title='bbox 3374 3572 3479 3628; x_wconf 83' lang='lat' dir='ltr'><strong>fide</strong></span> 
     </span>
    </p>
   </div>
   <div class='ocr_carea' id='block_1_82' title="bbox 1903 3664 3483 3737">
    <p class='ocr_par' dir='ltr' id='par_1_82' title="bbox 1903 3664 3483 3737">
     <span class='ocr_line' id='line_1_82' title="bbox 1903 3664 3483 3737; baseline -0.001 -18"><span class='ocrx_word' id='word_1_601' title='bbox 1903 3666 2063 3721; x_wconf 70' lang='lat' dir='ltr'><strong>alieni</strong></span> <span class='ocrx_word' id='word_1_602' title='bbox 2121 3676 2268 3734; x_wconf 87' lang='lat' dir='ltr'><strong>sunt,</strong></span> <span class='ocrx_word' id='word_1_603' title='bbox 2327 3668 2612 3737; x_wconf 86' lang='lat' dir='ltr'><strong>praesentis</strong></span> <span class='ocrx_word' id='word_1_604' title='bbox 2649 3670 2771 3722; x_wconf 73' lang='lat' dir='ltr'><strong>vitae</strong></span> <span class='ocrx_word' id='word_1_605' title='bbox 2825 3666 3026 3722; x_wconf 86' lang='lat' dir='ltr'><strong>finibus</strong></span> <span class='ocrx_word' id='word_1_606' title='bbox 3064 3664 3281 3721; x_wconf 86' lang='lat' dir='ltr'><strong>vivendi</strong></span> <span class='ocrx_word' id='word_1_607' title='bbox 3330 3679 3483 3734; x_wconf 83' lang='lat' dir='ltr'><strong>spem</strong></span> 
     </span>
    </p>
   </div>
   <div class='ocr_carea' id='block_1_83' title="bbox 1904 3744 3489 3828">
    <p class='ocr_par' dir='ltr' id='par_1_83' title="bbox 1904 3744 3489 3828">
     <span class='ocr_line' id='line_1_83' title="bbox 1904 3744 3489 3828; baseline 0.001 -17"><span class='ocrx_word' id='word_1_608' title='bbox 1904 3759 2204 3814; x_wconf 88' lang='lat' dir='ltr'><strong>terminant</strong></span> <span class='ocrx_word' id='word_1_609' title='bbox 2238 3765 2292 3814; x_wconf 91' lang='lat' dir='ltr'><strong>et</strong></span> <span class='ocrx_word' id='word_1_610' title='bbox 2321 3759 2808 3822; x_wconf 90' lang='lat' dir='ltr'><strong>circumscribunt,</strong></span> <span class='ocrx_word' id='word_1_611' title='bbox 2857 3758 3092 3828; x_wconf 89' lang='lat' dir='ltr'><strong>ideoque</strong></span> <span class='ocrx_word' id='word_1_612' title='bbox 3124 3744 3353 3812; x_wconf 86' lang='lat' dir='ltr'><strong>mortem</strong></span> <span class='ocrx_word' id='word_1_613' title='bbox 3391 3756 3489 3812; x_wconf 85' lang='lat' dir='ltr'><strong>de-</strong></span> 
     </span>
    </p>
   </div>
   <div class='ocr_carea' id='block_1_84' title="bbox 1905 3847 3484 3923">
    <p class='ocr_par' dir='ltr' id='par_1_84' title="bbox 1905 3847 3484 3923">
     <span class='ocr_line' id='line_1_84' title="bbox 1905 3847 3484 3923; baseline 0.001 -19"><span class='ocrx_word' id='word_1_614' title='bbox 1905 3851 2227 3923; x_wconf 87' lang='lat' dir='ltr'><strong>plorandam</strong></span> <span class='ocrx_word' id='word_1_615' title='bbox 2285 3858 2501 3922; x_wconf 86' lang='lat' dir='ltr'><strong>putant,</strong></span> <span class='ocrx_word' id='word_1_616' title='bbox 2555 3852 2701 3921; x_wconf 90' lang='lat' dir='ltr'><strong>quod</strong></span> <span class='ocrx_word' id='word_1_617' title='bbox 2749 3866 2832 3915; x_wconf 88' lang='lat' dir='ltr'><strong>ea,</strong></span> <span class='ocrx_word' id='word_1_618' title='bbox 2891 3866 3011 3921; x_wconf 67' lang='lat' dir='ltr'><strong>qum</strong></span> <span class='ocrx_word' id='word_1_619' title='bbox 3043 3865 3145 3905; x_wconf 90' lang='lat' dir='ltr'><strong>nos</strong></span> <span class='ocrx_word' id='word_1_620' title='bbox 3185 3847 3484 3915; x_wconf 83' lang='lat' dir='ltr'><strong>credimus,</strong></span> 
     </span>
    </p>
   </div>
   <div class='ocr_carea' id='block_1_85' title="bbox 1906 3941 3492 4012">
    <p class='ocr_par' dir='ltr' id='par_1_85' title="bbox 1906 3941 3492 4012">
     <span class='ocr_line' id='line_1_85' title="bbox 1906 3941 3492 4012; baseline 0.001 -16"><span class='ocrx_word' id='word_1_621' title='bbox 1906 3958 2018 3997; x_wconf 86' lang='lat' dir='ltr'><strong>non</strong></span> <span class='ocrx_word' id='word_1_622' title='bbox 2063 3950 2304 4012; x_wconf 87' lang='lat' dir='ltr'><strong>sperant.</strong></span> <span class='ocrx_word' id='word_1_623' title='bbox 2340 3941 2452 3998; x_wconf 91' lang='lat' dir='ltr'><strong>Nos</strong></span> <span class='ocrx_word' id='word_1_624' title='bbox 2488 3950 2693 4007; x_wconf 88' lang='lat' dir='ltr'><strong>autem,</strong></span> <span class='ocrx_word' id='word_1_625' title='bbox 2737 3944 2832 4011; x_wconf 91' lang='lat' dir='ltr'><strong>qui</strong></span> <span class='ocrx_word' id='word_1_626' title='bbox 2870 3957 3068 4012; x_wconf 79' lang='lat' dir='ltr'><strong>magno</strong></span> <span class='ocrx_word' id='word_1_627' title='bbox 3123 3942 3492 4012; x_wconf 82' lang='lat' dir='ltr'><strong>locupletique</strong></span> 
     </span>
    </p>
   </div>
   <div class='ocr_carea' id='block_1_86' title="bbox 1906 4032 3490 4104">
    <p class='ocr_par' dir='ltr' id='par_1_86' title="bbox 1906 4032 3490 4104">
     <span class='ocr_line' id='line_1_86' title="bbox 1906 4032 3490 4104; baseline -0.003 -15"><span class='ocrx_word' id='word_1_628' title='bbox 1906 4033 2334 4089; x_wconf 81' lang='lat' dir='ltr'><strong>resurrectionis</strong></span> <span class='ocrx_word' id='word_1_629' title='bbox 2373 4047 2405 4087; x_wconf 91' lang='lat' dir='ltr'><strong>a</strong></span> <span class='ocrx_word' id='word_1_630' title='bbox 2451 4034 2683 4089; x_wconf 88' lang='lat' dir='ltr'><strong>mortuis</strong></span> <span class='ocrx_word' id='word_1_631' title='bbox 2723 4035 2979 4104; x_wconf 88' lang='lat' dir='ltr'><strong>sponsori</strong></span> <span class='ocrx_word' id='word_1_632' title='bbox 3029 4033 3264 4103; x_wconf 90' lang='lat' dir='ltr'><strong>vadique</strong></span> <span class='ocrx_word' id='word_1_633' title='bbox 3309 4032 3490 4086; x_wconf 90' lang='lat' dir='ltr'><strong>credi-</strong></span> 
     </span>
    </p>
   </div>
   <div class='ocr_carea' id='block_1_87' title="bbox 1910 4118 3489 4194">
    <p class='ocr_par' dir='ltr' id='par_1_87' title="bbox 1910 4118 3489 4194">
     <span class='ocr_line' id='line_1_87' title="bbox 1910 4118 3489 4194; baseline -0.004 -17"><span class='ocrx_word' id='word_1_634' title='bbox 1910 4140 2056 4190; x_wconf 88' lang='lat' dir='ltr'><strong>mus,</strong></span> <span class='ocrx_word' id='word_1_635' title='bbox 2108 4123 2214 4194; x_wconf 88' lang='lat' dir='ltr'><strong>ipsi</strong></span> <span class='ocrx_word' id='word_1_636' title='bbox 2263 4138 2446 4178; x_wconf 89' lang='lat' dir='ltr'><strong>rerum</strong></span> <span class='ocrx_word' id='word_1_637' title='bbox 2485 4124 2733 4179; x_wconf 89' lang='lat' dir='ltr'><strong>omnium</strong></span> <span class='ocrx_word' id='word_1_638' title='bbox 2790 4131 3201 4193; x_wconf 88' lang='lat' dir='ltr'><strong>procreatarum</strong></span> <span class='ocrx_word' id='word_1_639' title='bbox 3237 4118 3489 4184; x_wconf 89' lang='lat' dir='ltr'><strong>Domino,</strong></span> 
     </span>
    </p>
   </div>
   <div class='ocr_carea' id='block_1_88' title="bbox 1910 4208 3493 4283">
    <p class='ocr_par' dir='ltr' id='par_1_88' title="bbox 1910 4208 3493 4283">
     <span class='ocr_line' id='line_1_88' title="bbox 1910 4208 3493 4283; baseline -0.004 -16"><span class='ocrx_word' id='word_1_640' title='bbox 1910 4212 2006 4283; x_wconf 90' lang='lat' dir='ltr'><strong>qui</strong></span> <span class='ocrx_word' id='word_1_641' title='bbox 2056 4213 2127 4268; x_wconf 90' lang='lat' dir='ltr'><strong>ob</strong></span> <span class='ocrx_word' id='word_1_642' title='bbox 2177 4212 2232 4266; x_wconf 92' lang='lat' dir='ltr'><strong>id</strong></span> <span class='ocrx_word' id='word_1_643' title='bbox 2280 4219 2533 4267; x_wconf 88' lang='lat' dir='ltr'><strong>mortuus</strong></span> <span class='ocrx_word' id='word_1_644' title='bbox 2585 4219 2670 4267; x_wconf 91' lang='lat' dir='ltr'><strong>est</strong></span> <span class='ocrx_word' id='word_1_645' title='bbox 2711 4219 2768 4267; x_wconf 90' lang='lat' dir='ltr'><strong>et</strong></span> <span class='ocrx_word' id='word_1_646' title='bbox 2802 4211 3121 4274; x_wconf 80' lang='lat' dir='ltr'><strong>resurrexit,</strong></span> <span class='ocrx_word' id='word_1_647' title='bbox 3177 4216 3235 4263; x_wconf 93' lang='lat' dir='ltr'><strong>ut</strong></span> <span class='ocrx_word' id='word_1_648' title='bbox 3282 4224 3342 4262; x_wconf 93' lang='lat' dir='ltr'><strong>re</strong></span> <span class='ocrx_word' id='word_1_649' title='bbox 3374 4208 3493 4275; x_wconf 77' lang='lat' dir='ltr'><strong>ipsa</strong></span> 
     </span>
    </p>
   </div>
   <div class='ocr_carea' id='block_1_89' title="bbox 1911 4299 3488 4371">
    <p class='ocr_par' dir='ltr' id='par_1_89' title="bbox 1911 4299 3488 4371">
     <span class='ocr_line' id='line_1_89' title="bbox 1911 4299 3488 4371; baseline -0.004 -12"><span class='ocrx_word' id='word_1_650' title='bbox 1911 4304 2334 4360; x_wconf 77' lang='lat' dir='ltr'><strong>resurrectionis</strong></span> <span class='ocrx_word' id='word_1_651' title='bbox 2349 4303 2620 4357; x_wconf 89' lang='lat' dir='ltr'><strong>rationem</strong></span> <span class='ocrx_word' id='word_1_652' title='bbox 2640 4301 2992 4358; x_wconf 82' lang='lat' dir='ltr'><strong>conﬁrmaret</strong></span> <span class='ocrx_word' id='word_1_653' title='bbox 3006 4307 3059 4354; x_wconf 91' lang='lat' dir='ltr'><strong>et</strong></span> <span class='ocrx_word' id='word_1_654' title='bbox 3082 4299 3488 4371; x_wconf 86' lang='lat' dir='ltr'><strong>comprobaret,</strong></span> 
     </span>
    </p>
   </div>
   <div class='ocr_carea' id='block_1_90' title="bbox 1912 4390 3490 4463">
    <p class='ocr_par' dir='ltr' id='par_1_90' title="bbox 1912 4390 3490 4463">
     <span class='ocr_line' id='line_1_90' title="bbox 1912 4390 3490 4463; baseline -0.003 -12"><span class='ocrx_word' id='word_1_655' title='bbox 1912 4405 2116 4451; x_wconf 90' lang='lat' dir='ltr'><strong>certam</strong></span> <span class='ocrx_word' id='word_1_656' title='bbox 2137 4402 2302 4463; x_wconf 89' lang='lat' dir='ltr'><strong>atque</strong></span> <span class='ocrx_word' id='word_1_657' title='bbox 2320 4394 2658 4463; x_wconf 82' lang='lat' dir='ltr'><strong>exploratam</strong></span> <span class='ocrx_word' id='word_1_658' title='bbox 2688 4394 2958 4448; x_wconf 89' lang='lat' dir='ltr'><strong>bonorum</strong></span> <span class='ocrx_word' id='word_1_659' title='bbox 2989 4407 3138 4459; x_wconf 89' lang='lat' dir='ltr'><strong>spem</strong></span> <span class='ocrx_word' id='word_1_660' title='bbox 3164 4390 3490 4456; x_wconf 86' lang='lat' dir='ltr'><strong>habeamus,</strong></span> 
     </span>
    </p>
   </div>
   <div class='ocr_carea' id='block_1_91' title="bbox 1913 4481 3496 4558">
    <p class='ocr_par' dir='ltr' id='par_1_91' title="bbox 1913 4481 3496 4558">
     <span class='ocr_line' id='line_1_91' title="bbox 1913 4481 3496 4558; baseline -0.003 -17"><span class='ocrx_word' id='word_1_661' title='bbox 1913 4502 2023 4558; x_wconf 92' lang='lat' dir='ltr'><strong>qua</strong></span> <span class='ocrx_word' id='word_1_662' title='bbox 2068 4493 2341 4556; x_wconf 74' lang='lat' dir='ltr'><strong>praesente</strong></span> <span class='ocrx_word' id='word_1_663' title='bbox 2377 4485 2559 4540; x_wconf 90' lang='lat' dir='ltr'><strong>luctus</strong></span> <span class='ocrx_word' id='word_1_664' title='bbox 2612 4485 2671 4539; x_wconf 90' lang='lat' dir='ltr'><strong>in</strong></span> <span class='ocrx_word' id='word_1_665' title='bbox 2700 4499 2892 4539; x_wconf 86' lang='lat' dir='ltr'><strong>eorum</strong></span> <span class='ocrx_word' id='word_1_666' title='bbox 2929 4483 3102 4547; x_wconf 88' lang='lat' dir='ltr'><strong>obitu,</strong></span> <span class='ocrx_word' id='word_1_667' title='bbox 3161 4481 3253 4552; x_wconf 80' lang='lat' dir='ltr'><strong>qui</strong></span> <span class='ocrx_word' id='word_1_668' title='bbox 3285 4495 3353 4535; x_wconf 78' lang='lat' dir='ltr'><strong>ex</strong></span> <span class='ocrx_word' id='word_1_669' title='bbox 3393 4483 3496 4537; x_wconf 91' lang='lat' dir='ltr'><strong>hac</strong></span> 
     </span>
    </p>
   </div>
   <div class='ocr_carea' id='block_1_92' title="bbox 232 4569 1790 4665">
    <p class='ocr_par' dir='ltr' id='par_1_92' title="bbox 232 4578 1789 4654">
     <span class='ocr_line' id='line_1_92' title="bbox 232 4578 1789 4654; baseline 0.004 -22"><span class='ocrx_word' id='word_1_670' title='bbox 232 4578 334 4633; x_wconf 88' lang='grc' dir='ltr'><strong>λῶν</strong></span> <span class='ocrx_word' id='word_1_671' title='bbox 357 4583 490 4645; x_wconf 81' lang='grc' dir='ltr'>τοὺς</span> <span class='ocrx_word' id='word_1_672' title='bbox 515 4581 829 4645; x_wconf 84' lang='grc' dir='ltr'>ταπεινοὺς,</span> <span class='ocrx_word' id='word_1_673' title='bbox 854 4580 1218 4653; x_wconf 80' lang='grc' dir='ltr'>παρακαλέσῃ</span> <span class='ocrx_word' id='word_1_674' title='bbox 1253 4581 1405 4652; x_wconf 88' lang='grc' dir='ltr'>ὑμῶν</span> <span class='ocrx_word' id='word_1_675' title='bbox 1435 4580 1535 4647; x_wconf 84' lang='grc' dir='ltr'>τὰς</span> <span class='ocrx_word' id='word_1_676' title='bbox 1564 4583 1789 4654; x_wconf 88' lang='grc' dir='ltr'>καρδίας</span> 
     </span>
    </p>
   </div>
   <div class='ocr_carea' id='block_1_93' title="bbox 1892 4569 3490 4665">
    <p class='ocr_par' dir='ltr' id='par_1_93' title="bbox 1914 4569 3490 4638">
     <span class='ocr_line' id='line_1_93' title="bbox 1914 4569 3490 4638; baseline -0.003 -8"><span class='ocrx_word' id='word_1_677' title='bbox 1914 4577 2024 4631; x_wconf 88' lang='lat' dir='ltr'><strong>vita</strong></span> <span class='ocrx_word' id='word_1_678' title='bbox 2045 4573 2336 4638; x_wconf 87' lang='lat' dir='ltr'><strong>decedunt,</strong></span> <span class='ocrx_word' id='word_1_679' title='bbox 2386 4574 2598 4628; x_wconf 88' lang='lat' dir='ltr'><strong>nullum</strong></span> <span class='ocrx_word' id='word_1_680' title='bbox 2630 4573 2852 4629; x_wconf 90' lang='lat' dir='ltr'><strong>habebit</strong></span> <span class='ocrx_word' id='word_1_681' title='bbox 2885 4573 3087 4628; x_wconf 88' lang='lat' dir='ltr'><strong>locum.</strong></span> <span class='ocrx_word' id='word_1_682' title='bbox 3134 4569 3277 4626; x_wconf 87' lang='lat' dir='ltr'><strong>Deus</strong></span> <span class='ocrx_word' id='word_1_683' title='bbox 3308 4578 3490 4625; x_wconf 89' lang='lat' dir='ltr'><strong>autem</strong></span> 
     </span>
    </p>
   </div>
   <div class='ocr_carea' id='block_1_94' title="bbox 233 4663 1790 4747">
    <p class='ocr_par' dir='ltr' id='par_1_94' title="bbox 233 4671 1790 4747">
     <span class='ocr_line' id='line_1_94' title="bbox 233 4671 1790 4747; baseline 0.004 -24"><span class='ocrx_word' id='word_1_684' title='bbox 233 4672 323 4724; x_wconf 78' lang='grc' dir='ltr'>καὶ</span> <span class='ocrx_word' id='word_1_685' title='bbox 352 4671 591 4746; x_wconf 79' lang='grc' dir='ltr'>στηρίξῃ</span> <span class='ocrx_word' id='word_1_686' title='bbox 617 4673 697 4736; x_wconf 80' lang='grc' dir='ltr'><strong>εἰς</strong></span> <span class='ocrx_word' id='word_1_687' title='bbox 740 4672 838 4743; x_wconf 86' lang='grc' dir='ltr'><strong>τὴν</strong></span> <span class='ocrx_word' id='word_1_688' title='bbox 865 4671 1058 4725; x_wconf 80' lang='grc' dir='ltr'>ἑαυτοῦ</span> <span class='ocrx_word' id='word_1_689' title='bbox 1091 4672 1315 4745; x_wconf 82' lang='grc' dir='ltr'>ἀγάπην</span> <span class='ocrx_word' id='word_1_690' title='bbox 1338 4673 1427 4727; x_wconf 88' lang='grc' dir='ltr'><strong>διὰ</strong></span> <span class='ocrx_word' id='word_1_691' title='bbox 1473 4674 1582 4729; x_wconf 89' lang='grc' dir='ltr'><strong>τῶν</strong></span> <span class='ocrx_word' id='word_1_692' title='bbox 1609 4678 1790 4747; x_wconf 83' lang='grc' dir='ltr'>οἱκτιρ</span> 
     </span>
    </p>
   </div>
   <div class='ocr_carea' id='block_1_95' title="bbox 1892 4663 3498 4747">
    <p class='ocr_par' dir='ltr' id='par_1_95' title="bbox 1920 4663 3498 4734">
     <span class='ocr_line' id='line_1_95' title="bbox 1920 4663 3498 4734; baseline -0.004 -10"><span class='ocrx_word' id='word_1_693' title='bbox 1920 4676 2130 4734; x_wconf 88' lang='lat' dir='ltr'><strong>noster,</strong></span> <span class='ocrx_word' id='word_1_694' title='bbox 2159 4666 2427 4723; x_wconf 86' lang='lat' dir='ltr'><strong>Dominus</strong></span> <span class='ocrx_word' id='word_1_695' title='bbox 2452 4663 2614 4722; x_wconf 81' lang='lat' dir='ltr'><strong>Jesus</strong></span> <span class='ocrx_word' id='word_1_696' title='bbox 2642 4664 2919 4729; x_wconf 87' lang='lat' dir='ltr'><strong>Christus,</strong></span> <span class='ocrx_word' id='word_1_697' title='bbox 2952 4664 3042 4734; x_wconf 88' lang='lat' dir='ltr'><strong>qui</strong></span> <span class='ocrx_word' id='word_1_698' title='bbox 3078 4663 3309 4718; x_wconf 82' lang='lat' dir='ltr'><strong>aﬂllctos</strong></span> <span class='ocrx_word' id='word_1_699' title='bbox 3334 4670 3498 4732; x_wconf 89' lang='lat' dir='ltr'><strong>atque</strong></span> 
     </span>
    </p>
   </div>
   <div class='ocr_carea' id='block_1_96' title="bbox 235 4762 1814 4837">
    <p class='ocr_par' dir='ltr' id='par_1_96' title="bbox 235 4762 1814 4837">
     <span class='ocr_line' id='line_1_96' title="bbox 235 4762 1814 4837; baseline 0.004 -21"><span class='ocrx_word' id='word_1_700' title='bbox 235 4762 348 4833; x_wconf 81' lang='grc' dir='ltr'><strong>μῶν</strong></span> <span class='ocrx_word' id='word_1_701' title='bbox 385 4763 592 4829; x_wconf 80' lang='grc' dir='ltr'>αὐτοῦ,</span> <span class='ocrx_word' id='word_1_702' title='bbox 626 4764 707 4818; x_wconf 85' lang='grc' dir='ltr'>ὅτι</span> <span class='ocrx_word' id='word_1_703' title='bbox 752 4762 903 4837; x_wconf 83' lang='grc' dir='ltr'>αὐτῷ</span> <span class='ocrx_word' id='word_1_704' title='bbox 932 4765 965 4836; x_wconf 85' lang='grc' dir='ltr'>ὴ</span> <span class='ocrx_word' id='word_1_705' title='bbox 998 4763 1123 4831; x_wconf 83' lang='grc' dir='ltr'>δόξα</span> <span class='ocrx_word' id='word_1_706' title='bbox 1162 4767 1242 4830; x_wconf 88' lang='grc' dir='ltr'><strong>είς</strong></span> <span class='ocrx_word' id='word_1_707' title='bbox 1296 4767 1424 4830; x_wconf 85' lang='grc' dir='ltr'>τοὺς</span> <span class='ocrx_word' id='word_1_708' title='bbox 1465 4766 1669 4833; x_wconf 81' lang='grc' dir='ltr'>αἰῶνας</span> <span class='ocrx_word' id='word_1_709' title='bbox 1707 4768 1814 4823; x_wconf 90' lang='grc' dir='ltr'><strong>τῶν</strong></span> 
     </span>
    </p>
   </div>
   <div class='ocr_carea' id='block_1_97' title="bbox 232 4855 707 4943">
    <p class='ocr_par' dir='ltr' id='par_1_97' title="bbox 232 4855 707 4943">
     <span class='ocr_line' id='line_1_97' title="bbox 232 4855 707 4943; baseline 0.002 -32"><span class='ocrx_word' id='word_1_710' title='bbox 232 4855 469 4913; x_wconf 75' lang='grc' dir='ltr'>αἰώνων.</span> <span class='ocrx_word' id='word_1_711' title='bbox 513 4857 574 4910; x_wconf 84' lang='grc' dir='ltr'><strong>Ἀ</strong></span> <span class='ocrx_word' id='word_1_712' title='bbox 583 4857 707 4943; x_wconf 73' lang='grc' dir='ltr'>μήν.</span> 
     </span>
    </p>
   </div>
   <div class='ocr_carea' id='block_1_98' title="bbox 301 5198 1503 5276">
    <p class='ocr_par' dir='ltr' id='par_1_98' title="bbox 301 5198 1503 5276">
     <span class='ocr_line' id='line_1_98' title="bbox 301 5198 1503 5276; baseline 0 -16"><span class='ocrx_word' id='word_1_713' title='bbox 301 5198 344 5232; x_wconf 84' lang='grc'>¹’</span> <span class='ocrx_word' id='word_1_714' title='bbox 371 5198 419 5260; x_wconf 80' lang='lat' dir='ltr'><strong>ll</strong></span> <span class='ocrx_word' id='word_1_715' title='bbox 449 5198 584 5259; x_wconf 86' lang='lat' dir='ltr'><strong>Cor.</strong></span> <span class='ocrx_word' id='word_1_716' title='bbox 617 5218 713 5273; x_wconf 86' lang='lat' dir='ltr'><strong>vn,</strong></span> <span class='ocrx_word' id='word_1_717' title='bbox 744 5203 829 5260; x_wconf 76' lang='grc' dir='ltr'>ιο.</span> <span class='ocrx_word' id='word_1_718' title='bbox 907 5203 953 5236; x_wconf 82' lang='grc'><strong>¹⁰</strong></span> <span class='ocrx_word' id='word_1_719' title='bbox 978 5201 1110 5259; x_wconf 86' lang='lat' dir='ltr'><strong>Luc.</strong></span> <span class='ocrx_word' id='word_1_720' title='bbox 1144 5221 1252 5268; x_wconf 75' lang='lat' dir='ltr'><strong>xw,</strong></span> <span class='ocrx_word' id='word_1_721' title='bbox 1289 5205 1338 5272; x_wconf 81' lang='grc'>1,</span> <span class='ocrx_word' id='word_1_722' title='bbox 1382 5221 1503 5276; x_wconf 84' lang='lat' dir='ltr'><strong>sqq.</strong></span> 
     </span>
    </p>
   </div>
   <div class='ocr_carea' id='block_1_99' title="bbox 1924 4754 3499 4822">
    <p class='ocr_par' dir='ltr' id='par_1_99' title="bbox 1924 4754 3499 4822">
     <span class='ocr_line' id='line_1_99' title="bbox 1924 4754 3499 4822; baseline -0.006 -10"><span class='ocrx_word' id='word_1_723' title='bbox 1924 4759 2157 4815; x_wconf 89' lang='lat' dir='ltr'><strong>humiles</strong></span> <span class='ocrx_word' id='word_1_724' title='bbox 2202 4756 2539 4822; x_wconf 88' lang='lat' dir='ltr'><strong>consolatur,</strong></span> <span class='ocrx_word' id='word_1_725' title='bbox 2580 4756 2896 4812; x_wconf 85' lang='lat' dir='ltr'><strong>consoletur</strong></span> <span class='ocrx_word' id='word_1_726' title='bbox 2922 4754 3132 4809; x_wconf 87' lang='lat' dir='ltr'><strong>animos</strong></span> <span class='ocrx_word' id='word_1_727' title='bbox 3172 4760 3405 4818; x_wconf 89' lang='lat' dir='ltr'><strong>vestros,</strong></span> <span class='ocrx_word' id='word_1_728' title='bbox 3444 4760 3499 4805; x_wconf 86' lang='lat' dir='ltr'><strong>et</strong></span> 
     </span>
    </p>
   </div>
   <div class='ocr_carea' id='block_1_100' title="bbox 1924 4838 3498 4917">
    <p class='ocr_par' dir='ltr' id='par_1_100' title="bbox 1924 4838 3498 4917">
     <span class='ocr_line' id='line_1_100' title="bbox 1924 4838 3498 4917; baseline -0.009 -13"><span class='ocrx_word' id='word_1_729' title='bbox 1924 4846 2302 4904; x_wconf 86' lang='lat' dir='ltr'><strong>misericordia</strong></span> <span class='ocrx_word' id='word_1_730' title='bbox 2321 4847 2765 4917; x_wconf 75' lang='lat' dir='ltr'><strong>henignitateque</strong></span> <span class='ocrx_word' id='word_1_731' title='bbox 2783 4860 2883 4901; x_wconf 90' lang='lat' dir='ltr'><strong>sua</strong></span> <span class='ocrx_word' id='word_1_732' title='bbox 2900 4860 2996 4901; x_wconf 87' lang='lat' dir='ltr'><strong>vos</strong></span> <span class='ocrx_word' id='word_1_733' title='bbox 3013 4843 3079 4897; x_wconf 91' lang='lat' dir='ltr'><strong>ad</strong></span> <span class='ocrx_word' id='word_1_734' title='bbox 3097 4857 3156 4897; x_wconf 86' lang='lat' dir='ltr'><strong>se</strong></span> <span class='ocrx_word' id='word_1_735' title='bbox 3171 4838 3498 4912; x_wconf 71' lang='lat' dir='ltr'><strong>diligendum</strong></span> 
     </span>
    </p>
   </div>
   <div class='ocr_carea' id='block_1_101' title="bbox 1922 4930 3499 5010">
    <p class='ocr_par' dir='ltr' id='par_1_101' title="bbox 1922 4930 3499 5010">
     <span class='ocr_line' id='line_1_101' title="bbox 1922 4930 3499 5010; baseline -0.009 -12"><span class='ocrx_word' id='word_1_736' title='bbox 1922 4939 2222 4998; x_wconf 85' lang='lat' dir='ltr'><strong>inﬂammet</strong></span> <span class='ocrx_word' id='word_1_737' title='bbox 2251 4948 2414 5010; x_wconf 86' lang='lat' dir='ltr'><strong>atque</strong></span> <span class='ocrx_word' id='word_1_738' title='bbox 2436 4939 2776 5003; x_wconf 82' lang='lat' dir='ltr'><strong>corroboret,</strong></span> <span class='ocrx_word' id='word_1_739' title='bbox 2806 4937 3063 5008; x_wconf 89' lang='lat' dir='ltr'><strong>quoniam</strong></span> <span class='ocrx_word' id='word_1_740' title='bbox 3087 4932 3193 5006; x_wconf 87' lang='lat' dir='ltr'><strong>ipsi</strong></span> <span class='ocrx_word' id='word_1_741' title='bbox 3216 4939 3299 4988; x_wconf 90' lang='lat' dir='ltr'><strong>est</strong></span> <span class='ocrx_word' id='word_1_742' title='bbox 3328 4930 3499 5002; x_wconf 76' lang='lat' dir='ltr'><strong>gloria</strong></span> 
     </span>
    </p>
   </div>
   <div class='ocr_carea' id='block_1_102' title="bbox 1922 5029 2803 5089">
    <p class='ocr_par' dir='ltr' id='par_1_102' title="bbox 1922 5029 2803 5089">
     <span class='ocr_line' id='line_1_102' title="bbox 1922 5029 2803 5089; baseline -0.005 -2"><span class='ocrx_word' id='word_1_743' title='bbox 1922 5033 1980 5087; x_wconf 91' lang='lat' dir='ltr'><strong>in</strong></span> <span class='ocrx_word' id='word_1_744' title='bbox 2010 5032 2209 5088; x_wconf 55' lang='lat' dir='ltr'><strong>saecula</strong></span> <span class='ocrx_word' id='word_1_745' title='bbox 2238 5030 2582 5089; x_wconf 62' lang='lat' dir='ltr'><strong>saeculorum.</strong></span> <span class='ocrx_word' id='word_1_746' title='bbox 2610 5029 2803 5084; x_wconf 88' lang='lat' dir='ltr'><strong>Amen.</strong></span> 
     </span>
    </p>
   </div>
  </div>
