3882 6422
184 473 279 530 5H

1435 460 1715 514 CONTRA
1760 457 2203 514 MANICHEOS.

193 605 3380 650 Μ

1463 773 1691 860 ΤΟΥ
1771 771 2150 859 ΑΥΤΟΥ

792 963 1212 1078 ΚΑΤΑ
1295 959 2182 1084 ΜΑΝΙΧΑΙΩΝ
2276 954 2808 1076 ΛΟΓΟΣ

182 1179 401 1238 Δώδεκα
429 1171 881 1244 συλλογισμῶν,
915 1171 1007 1228 ὅτι
1041 1173 1112 1228 τὸ
1141 1172 1352 1240 κακὸν,
1383 1173 1652 1248 φθαρτὸν
1680 1172 1779 1248 και
1808 1171 2103 1248 γεννητὸν
2136 1169 2233 1224 καὶ
2270 1170 2676 1239 ἀνύπαρκτον,
2711 1169 2809 1225 καὶ
2834 1173 2866 1224 ό
2896 1172 3107 1226 τούτου
3140 1172 3208 1226 δὲ
3243 1176 3439 1248 tractu)

1395 1243 1676 1311 διάϐολος
1721 1245 1832 1298 οὐκ
1857 1242 2203 1313 ἀγέννητος.

1523 1505 2067 1598 EJUSDEM

666 1724 1248 1846 CONTRA
1350 1815 1354 1818 .
1405 1720 1759 1836 MANI

1888 1717 2282 1833 uaros
2422 1718 2961 1888 ΟΒᾼΤΙΟ

183 1961 352 2019 Decem
375 1965 626 2016 constans
663 1955 1006 2030 syllogismis,
1035 1971 1137 2027 qua
1155 1949 1676 2030 probatur,__l{alym
1711 1947 2050 2030 corruptibili;
2088 1965 2200 2002 esse
2247 1956 2296 1999 et
2325 1954 2576 2030 [creatum
2613 1953 2664 2000 et
2701 1962 2807 2000 non
2848 1940 3160 2012 subsistens,
3222 1946 3440 2018 ejusque

1185 2035 1386 2097 patrem
1419 2021 1690 2076 diabolum
1725 2022 2018 2073 increatum
2047 2034 2150 2073 non
2187 2033 2295 2073 esse
2320 2016 2418 2087 (ii.

243 2343 308 2398 El'
324 2361 376 2396 τι
402 2339 470 2396 ἃν
498 2338 671 2395 κακὸν
693 2378 708 2403 ,
743 2335 1063 2391 κολαστέον·
1109 2334 1261 2390 οὐδὲν
1295 2333 1353 2388 δὲ
1384 2331 1744 2404 κολαζόμενον

1923 2327 1977 2383 Si
2022 2325 2154 2398 quid
2188 2324 2260 2381 sit
2291 2324 2514 2388 malum,
2545 2323 2879 2393 puniendum
2906 2332 2989 2378 est
3031 2339 3044 2376 :
3086 2324 3220 2377 nihil
3258 2333 3438 2379 autem

186 2430 454 2507 ἄφθαρτον.
486 2431 657 2486 Οὐδὲν
690 2430 798 2501 ἄρα
825 2427 995 2482 κακὸν
1023 2427 1320 2498 ἄφθαρτον.

243 2611 396 2665 Οὐδὲν
428 2608 670 2680 φθαρτὸν
699 2605 991 2679 ἀγέννητον
1017 2623 1032 2638 ·
1059 2607 1174 2660 ἐστι
1205 2605 1262 2659 δὲ
1288 2604 1348 2658 τὸ
1385 2605 1554 2658 κακὸν
1581 2603 1756 2674 φθαρ-

184 2697 279 2753 τόν.
308 2700 378 2754 Τὸ
409 2700 522 2771 ἄρα.
554 2698 723 2752 κακὸν
753 2697 852 2751 οὑκ
879 2697 1194 2767 ἀγέννητον.

244 2787 398 2841 Οὐδὲν
431 2787 558 2842 κατ’
585 2787 772 2840 οὐσίαν
806 2785 972 2840 κακόν
993 2801 1008 2815 ⁶
1035 2783 1114 2856 τῷ
1141 2783 1201 2836 τὸ
1226 2782 1396 2838 κακὸν
1417 2781 1569 2836 ποιὸν
1594 2778 1751 2834 εἶναι.

186 2877 328 2932 Οὐδὲν
357 2878 410 2932 δὲ
443 2876 602 2932 ποιὸν
629 2876 804 2930 οὑσια.
846 2876 920 2929 Τὸ
950 2876 1058 2946 ἄρα
1087 2875 1256 2929 κακὸν
1288 2875 1390 2928 οὑκ
1422 2873 1598 2928 οὐσία.

246 3051 420 3105 Πάντα
441 3051 513 3104 τὰ
538 3048 757 3103 ἐναντία
781 3047 1024 3118 ἀλλήλων
1051 3049 1266 3120 φθαρτά
1282 3066 1296 3080 ο
1318 3048 1388 3101 τὰ
1407 3047 1462 3101 δὲ
1487 3046 1757 3117 ἀγέννητα

187 3141 296 3195 δντα
322 3143 380 3196 οὑ
410 3140 652 3212 φθαρτά.
683 3139 763 3192 Ta
800 3139 908 3210 ἄρα
942 3141 1161 3194 ἐναντία
1191 3140 1292 3193 οὑκ
1321 3138 1592 3210 ἄφθαρτα.

247 3321 399 3374 Οὐδὲν
432 3319 732 3390 ἀγέννητον
765 3320 1019 3390 τρεπτόν·
1073 3318 1333 3389 τρέπεται
1367 3318 1425 3371 δὲ
1460 3319 1519 3372 τὸ
1551 3318 1760 3388 ἀγαθὸν

190 3410 435 3482 κρατηθὲν
459 3409 574 3466 ὑπὸ
592 3408 686 3464 τοὺ
733 3409 923 3467 κακοῦ.
967 3409 1039 3462 Τὸ
1080 3410 1190 3481 ἄρα.
1224 3409 1424 3478 ἀγαθὸν
1455 3410 1556 3462 οὑκ
1605 3411 1762 3478 ἀγέν-

189 3516 348 3571 νητον.

211 3656 224 3670 ⁹
247 3591 315 3644 Τὸ
341 3591 640 3662 ἀγέννητον
668 3591 768 3643 οὐκ
814 3589 959 3644 ἔστιν
996 3592 1280 3662 ὀρεκτικὸν
1333 3592 1540 3664 φθορᾶς
1592 3611 1759 3656 τινος,

1856 2420 2001 2493 quod
2033 2417 2262 2488 punitur
2290 2415 2712 2486 incorruptibile
2742 2423 2847 2470 est.
2880 2413 3024 2468 Nihil
3047 2414 3214 2485 igitur
3237 2416 3440 2469 malum

1861 2523 1947 2570 est
1975 2508 2411 2580 incorruptibile.

1927 2600 2074 2654 Nihil
2107 2597 2467 2666 corruptibile
2488 2603 2572 2651 est
2605 2596 2910 2651 incrcatum
2952 2616 2964 2650 :
2997 2598 3199 2650 malum
3258 2605 3440 2651 autem

1854 2701 1940 2749 est
1966 2690 2343 2759 corruptibile.
2375 2687 2516 2757 Ergo
2551 2687 2753 2742 malum
2786 2703 2895 2742 non
2923 2698 3005 2742 est
3035 2689 3364 2742 incrcatum.

1926 2780 2073 2835 Nihil
2101 2779 2404 2836 secundum
2445 2779 2819 2833 substantiam
2863 2780 3065 2832 malum
3121 2786 3207 2833 est
3248 2797 3261 2832 :
3295 2777 3446 2847 quod

1857 2873 2070 2928 malitia
2098 2873 2170 2926 sit
2203 2873 2463 2942 qualitas.
2500 2869 2659 2924 Nulla
2701 2885 2868 2940 porro
2906 2871 3143 2939 qualitas
3193 2877 3277 2924 est
3311 2871 3447 2925 sub-

1860 2965 2085 3028 stantia,
2124 2964 2328 3016 malum
2362 2961 2531 3031 igitur
2561 2978 2670 3015 non
2703 2969 2786 3015 est
2818 2962 3150 3016 substantia.

1930 3054 2125 3108 Omnia
2155 3051 2432 3107 contraria
2469 3066 2500 3104 ει
2564 3067 2622 3106 se
2658 3051 2893 3106 invicem
2953 3060 3388 3123 corrumpuntur
3427 3067 3443 3104 :

1859 3159 1982 3212 qua:
2007 3150 2186 3197 autem
2224 3142 2467 3196 increata
2497 3149 2650 3206 sunt,
2701 3157 2809 3196 non
2857 3151 2986 3196 sunt
3043 3145 3445 3216 corruptibilia.

1860 3233 2001 3302 Ergo
2030 3233 2307 3287 contraria
2339 3247 2444 3285 non
2477 3239 2605 3287 sunt
2634 3231 3118 3301 incorruptibilia.-

1932 3323 2075 3377 Nihil
2115 3324 2426 3377 increatum
2457 3323 2797 3376 immutabile
2838 3333 2922 3377 est
2954 3342 2968 3376 :
3021 3323 3224 3376 bonum
3262 3331 3441 3379 autem

1864 3427 1892 3464 a
1926 3413 2069 3465 malo
2096 3421 2419 3481 superatum
2453 3417 2719 3464 mutatur.
2749 3409 2959 3463 Bonum
3007 3411 3171 3480 igitur
3205 3426 3314 3466 non
3358 3421 3445 3468 est

1865 3503 2198 3557 increatum.

1934 3592 2089 3658 Quod
2126 3593 2427 3646 increatum
2460 3598 2565 3657 est,
2599 3606 2711 3644 non
2744 3599 2829 3645 est
2865 3591 3159 3660 ejusmodi,
3186 3600 3245 3645 ut
3273 3593 3449 3648 inter-

189 3679 292 3734 οὑδέ
311 3699 371 3750 γε
403 3681 708 3752 φθαρτικόν
727 3700 740 3713 ·
772 3681 832 3735 τὸ
857 3682 913 3735 δέ
939 3700 1002 3750 γε.
1035 3683 1202 3737 κακὸν
1229 3683 1508 3755 ὀρεκτικὸν
1535 3684 1760 3755 φθορᾶς.

1888 3692 2001 3737 tum
2051 3689 2290 3754 appetat,
2330 3689 2423 3735 aut
2471 3682 2754 3736 interitum
2805 3681 3003 3737 afferre
3045 3685 3255 3753 possit:
3297 3687 3450 3755 atqui

190 3768 254 3821 Τδ
277 3770 379 3844 άρα
408 3770 586 3826 κακὸν
623 3772 722 3826 οὑκ
749 3772 1062 3842 ἀγέννητον.

249 3950 309 4005 Αἱ
340 3953 480 4009 θεῖαι
508 3953 731 4026 Γραφαὶ
785 3955 907 4016 ταῖς
953 3953 1208 4008 κολάσεσι
1258 3954 1646 4025 παραδίδοσθαι
1697 3953 1758 4006 οὑ

191 4043 297 4107 τοὺς
354 4045 552 4109 ἄλλους
606 4044 798 4115 μόνους
837 4046 1074 4113 κακοὺς,
1115 4046 1252 4100 ἀλλὰ
1309 4047 1404 4100 καὶ
1456 4045 1618 4100 αὑτὸν
1669 4045 1760 4100 τὸν

191 4133 412 4190 διάϐολον
437 4138 662 4206 λέγουσι
689 4153 703 4168 ·
739 4139 848 4191 πᾶν
880 4137 936 4190 δὲ
979 4137 1038 4190 τὸ
1086 4138 1302 4191 κολάσει
1336 4137 1760 4207 παραδιδόμενον

192 4232 401 4296 τρεπτόν
422 4249 434 4261 ·
469 4229 628 4285 οὐδὲν
656 4229 712 4283 δὲ
738 4230 969 4301 τρεπτὸν
991 4229 1305 4301 ἀγέννητον.
1323 4227 1487 4281 Οὐδὲν
1519 4226 1627 4295 ἄρα
1654 4226 1761 4279 τῶν

195 4319 362 4372 κακῶν
388 4321 710 4390 ἀγέννητον.

256 4410 367 4465 Τῶν
397 4413 465 4467 δι’
496 4412 621 4466 ὅλου
666 4411 1090 4481 ἐναντιουμένων
1115 4451 1130 4474 ,
1175 4411 1326 4464 οὐδὲν
1367 4410 1563 4463 κοινόν.
1599 4408 1762 4462 Ὥστε

197 4503 329 4555 πᾶσα
355 4504 574 4574 ἀνάγκη
613 4502 674 4556 τὸ
723 4501 970 4575 [ἀγαθὸν]
1027 4501 1280 4572 ὑπάρχει,
1339 4501 1412 4572 μὴ
1458 4499 1517 4552 ὃν
1546 4497 1653 4568 ἄρα
1699 4497 1760 4550 τὸ

197 4588 368 4646 κακόν.

259 4681 367 4746 Πᾶς
394 4684 424 4735 ό
456 4681 697 4752 εὐλόγως
734 4681 1058 4752 όρεγόμενός
1117 4697 1260 4743 τινος
1300 4677 1762 4748 ὲπιτετευγμένην

199 4769 298 4842 ἔχει
334 4775 432 4847 τὴν
461 4775 642 4846 δρεξιν
666 4814 681 4839 ,
790 4773 1023 4842 εὐλόγως
1053 4773 1303 4845 ὀρέγεται
1328 4787 1340 4799 ·
1376 4773 1483 4827 τῶν
1512 4772 1764 4841 φθαρτῶν

199 4863 295 4935 ἄρα
317 4867 461 4922 ἐστὶν
488 4870 524 4939 ή
565 4866 730 4920 κακία
749 4883 764 4897 ⁸
798 4865 906 4919 τῶν
953 4865 1207 4936 φθαρτῶν
1237 4859 1370 4918 οὖσα
1396 4861 1765 4933 ἀφανισθήσε-

201 4971 297 5014 ται.
330 4959 724 5031 Ἀφανιξομένη
758 4957 836 5023 δὲ,
860 4958 960 5010 οὑκ
993 4956 1137 5009 ἔστιν
1165 4954 1480 5026 ἀγέννητος.

275 5128 589 5203 Ἀγέννητον
637 5132 698 5186 τὸ
730 5131 932 5198 κακὸν,
967 5129 1108 5184 κατά
1159 5129 1319 5200 φύσιν
1353 5129 1503 5200 αὐτῷ
1532 5129 1766 5200 ὑπάρχει

202 5221 256 5274 τὸ
281 5224 446 5278 κακὸν
474 5219 631 5279 εἶναι.
663 5225 849 5288 Οὐδεὶς
872 5223 929 5278 δὲ
963 5224 1105 5277 κατά
1132 5221 1292 5291 φύσιν
1323 5221 1563 5291 ἐνεργῶν
1591 5222 1772 5292 ἀμαρ-

202 5311 374 5365 τάνει·
424 5313 487 5366 τὸ
548 5314 652 5386 ἄρα
707 5317 998 5385 ἀγέννητον
1044 5315 1142 5386 οὑχ
1202 5313 1526 5384 ἁμαρτάνει.
1579 5311 1654 5364 Τὸ
1699 5312 1774 5381 μὴ

205 5404 506 5476 ἁμαρτάνον
527 5407 624 5477 οὑχ
650 5407 899 5461 ὑπαίτιον
919 5424 932 5439 ·
961 5406 1209 5470 ὑπαίτιος
1237 5404 1294 5459 δὲ
1323 5404 1630 5467 ὁΣατανᾶς.
1659 5401 1775 5458 Οὑκ

204 5491 305 5564 ἄρα
342 5495 655 5568 ἀγέννητον.

246 5763 348 5846 ,ω
372 5766 837 5846 Fragmenta‘haec
851 5769 906 5846 S.
932 5770 1195 5846 Gregorio
1220 5770 1380 5843 Nyss.
1406 5770 1770 5846 abjudicanda

212 5835 966 5912 videntur;quatnioquidem
1020 5835 1406 5912 ivntegrai'nec
1448 5835 1560 5912 nilo
1604 5843 1770 5897 verbo

215 5911 414 5963 mutato
467 5908 525 5963 in
555 5908 714 5966 ’libro
764 5908 971 5968 Didvmi
1001 5908 1175 5968 Alexi
1214 5911 1412 5968 Contra
1447 5910 1769 5970 Manichwos

1865 3773 2068 3829 malum
2103 3774 2387 3828 interitum
2424 3773 2652 3843 appetit.
2690 3773 2893 3828 Malum
2930 3789 3062 3845 ergo
3095 3791 3206 3831 non
3241 3784 3326 3831 est
3360 3776 3446 3830 in-

1866 3875 2133 3920 creatum.

1941 3954 2234 4025 Suppliciis
2263 3954 2425 4022 plecti
2458 3969 2565 4008 non
2627 3954 2765 4010 alios
2817 3961 3028 4009 tantum
3098 3957 3294 4022 malos,
3354 3958 3450 4013 sed

1868 4045 2048 4115 ipsum
2085 4046 2361 4101 diabolum
2394 4045 2697 4115 Scripturae
2731 4062 2905 4101 sacrm
2939 4054 3210 4102 testantur
3237 4066 3253 4108 ;
3288 4048 3450 4117 quid-

1868 4137 1998 4206 quid
2045 4146 2224 4192 autem
2265 4137 2536 4206 supplicio
2584 4137 2845 4205 plectitur
2881 4149 2967 4194 est
3014 4138 3451 4201 mutabile;nihil

1869 4240 2036 4295 porro
2066 4225 2332 4279 mutabile
2360 4227 2663 4279 increatum
2692 4233 2796 4282 est.
2824 4225 2970 4279 Nihil
2999 4225 3166 4296 igitur
3194 4241 3262 4279 ex
3289 4227 3448 4282 malis

1869 4315 2172 4369 increatum
2205 4323 2310 4371 est.

1941 4405 2085 4459 Nihil
2120 4420 2412 4460 commune
2438 4412 2521 4460 est
2557 4405 2645 4470 iis,
2690 4421 2811 4475 qua:
2858 4405 3080 4474 penitus
3132 4418 3260 4461 sunt
3313 4423 3449 4464 con-

1869 4498 2062 4552 traria.
2106 4496 2291 4565 Itaque
2326 4497 2697 4550 necessarium
2760 4496 2984 4550 omnino
3032 4503 3157 4560 est,
3219 4506 3276 4552 ut-
3326 4513 3450 4553 cum

1870 4591 2073 4644 bonum
2105 4589 2356 4651 exsistat,
2394 4587 2445 4640 id
2477 4587 2625 4656 quod
2656 4588 2856 4640 malum
2899 4597 2984 4640 est
3014 4603 3121 4640 non
3161 4590 3412 4644 exsistat.

1942 4681 2266 4751 Quicunque
2299 4695 2423 4735 cum
2458 4681 2673 4733 ratione
2707 4679 2915 4748 appetit
2943 4681 3242 4748 appetitum
3288 4698 3449 4736 suum

1871 4772 2076 4842 expleri
2107 4787 2168 4825 ac
2196 4771 2380 4840 perﬁci
2418 4770 2586 4835 videt,
2620 4778 2891 4840 quatenus
2931 4785 3055 4824 cum
3098 4772 3310 4825 ratione
3353 4787 3450 4840 ap-

1870 4864 2004 4934 petit
2031 4881 2044 4916 :
2076 4877 2200 4916 cum
2232 4869 2415 4916 autem
2451 4863 2888 4932 corruptibilium
2917 4863 3157 4931 appetitu
3200 4869 3450 4916 teneatur

1874 4956 2102 5033 malitia,
2146 4956 2436 5011 delebitur.
2472 4953 2530 5009 Si
2567 4964 2749 5010 autem
2784 4956 3050 5022 deleatur,
3081 4970 3190 5008 non
3237 4963 3320 5008 est
3361 4953 3447 5006 in-

1795 5060 1837 5117 ο
1872 5056 2076 5103 creata.

1946 5138 2252 5195 lncreatum
2285 5137 2331 5193 si
2367 5139 2438 5192 sit
2482 5138 2686 5192 malum
2736 5137 3037 5192 secundum
3077 5145 3350 5203 naturam,
3382 5152 3448 5192 eo

1871 5230 1992 5300 ipso
2019 5228 2240 5284 exsistit
2273 5229 2420 5299 quod
2453 5229 2656 5282 malum
2705 5235 2813 5282 est.
2847 5227 3010 5297 Atqui
3064 5243 3226 5281 nemo
3251 5243 3448 5284 secun-

1871 5323 2000 5378 dum
2034 5330 2282 5376 naturam
2311 5336 2478 5392 agens
2508 5327 2702 5389 peccat
2735 5338 2747 5374 :
2774 5319 2920 5389 quod
2961 5335 3093 5389 ergo
3140 5319 3446 5373 incrcatum

1871 5423 1986 5480 est,
2017 5429 2128 5468 non
2169 5420 2358 5482 peccat
2386 5434 2396 5465 :
2427 5411 2570 5480 quod
2603 5425 2714 5464 non
2755 5416 2966 5479 peccat,
3009 5424 3114 5462 non
3148 5418 3233 5463 est
3274 5409 3448 5461 ohno-

1873 5506 2020 5558 xium
2064 5502 2358 5573 supplicio.
2388 5500 2620 5556 Satanas
2649 5509 2827 5553 autem
2863 5506 2947 5555 cst
2979 5498 3248 5569 supplicio
3273 5499 3450 5553 obno-

1875 5596 2025 5649 xius.
2062 5593 2179 5650 Non
2208 5607 2342 5666 ergo
2367 5608 2456 5649 res
2483 5601 2567 5648 est
2597 5591 2859 5646 iucrcata.

1871 5769 2140 5826 contineri
2197 5771 2394 5826 delexi.
2451 5767 2692 5823 Fassus
2751 5765 2931 5821 Instit.
2991 5766 3143 5820 Patr.
3192 5764 3247 5825 Ι,
3305 5762 3445 5828 595,

1870 5849 1984 5894 not.
2018 5871 2086 5880 —-
2127 5841 2263 5894 Vide
2325 5838 2652 5910 Patrologiw
2711 5837 2939 5908 hujusce
2994 5846 3126 5894 tom.
3189 5831 3447 5900 XXXIX,

1869 5912 1973 5972 col.
2014 5911 2148 5967 £087
2179 5912 2240 5968 C.
