3882 6426
1729 425 1785 478 S.
1814 420 2141 478 t-liEGORlI
2170 417 2463 474 NYSSENI

1587 579 2075 589 -———————_—_———-

2182 559 3693 589 mm:

484 564 3167 619 FW

1389 781 1615 867 ΤΟΥ
1705 778 2084 866 ΑΥΤΟΥ

2189 747 2814 863 ΓΡΗΓΟΡΙΟΥ

1752 983 2153 1039 ΕΠΙΣΚΟΠΟΥ
2199 979 2474 1037 ΝΥΣΣΗΣ

901 1161 1142 1274 ΕΙΣ
1179 1163 1494 1278 ΤΗΝ
1543 1155 2134 1277 ΕΑΥΤΟΥ

1403 1583 1954 1676 EJUSDEM
2049 1584 2144 1674 S.

2207 1145 3308 1267 ΧΕΙΡΟΤΟΝΙΑΝ.

2225 1579 2807 1684 GREGORII

1788 1794 2094 1853 EPISCOPI
2154 1795 2199 1851 N
2211 1794 2450 1853 YSSENI

1200 1992 1353 2109 IN
1417 1991 1796 2112 SUAM
1875 1988 3022 2109 ORDINATIONEM.

1779 2219 1865 2269 Fr.
1889 2217 2060 2268 Ducwo
2088 2211 2366 2290 interprete.

558 2532 638 2588 Ad
665 2547 766 2588 nos
791 2534 955 2589 etiam
983 2534 1284 2604 spiritualis
1314 2536 1621 2592 instruendi
1654 2538 1892 2592 convivii
1924 2553 2045 2593 sors
2098 2545 2143 2601 Α

487 2631 542 2680 et
575 2624 814 2679 officium
869 2623 1183 2680 devolutum
1229 2637 1334 2692 est,
1387 2630 1604 2684 tametsi
1647 2630 1828 2684 idonei
1888 2633 2068 2701 potius

487 2713 682 2778 simus,
739 2723 800 2768 ut
842 2715 1142 2770 alienorum
1193 2717 1488 2787 participes
1527 2718 1722 2775 fiamus
1774 2721 2064 2785 bonorum,

487 2820 654 2874 quam
689 2814 746 2860 ut
781 2805 883 2875 ipsi
915 2815 1104 2862 nostra
1141 2808 1457 2878 largiamur.
1489 2808 1754 2877 Equidem
1787 2810 1936 2865 omni
1967 2825 2070 2880 ope

487 2907 798 2968 conatuque
838 2899 1119 2963 contendi,
1155 2908 1217 2954 ut
1243 2901 1309 2954 ab
1334 2901 1604 2970 ejusmodi
1638 2903 1940 2973 pendendis
1971 2904 2070 2957 tri-

489 2989 637 3044 bulis
669 2994 893 3059 propter
925 3005 1101 3044 meam
1139 2991 1192 3045 in
1222 2989 1458 3046 dicendo
1485 2993 1769 3062 penuriam
1807 2995 2069 3049 immunis

490 3094 689 3144 essem,
731 3090 892 3150 prout
917 3081 1083 3134 etiam
1114 3079 1218 3136 fert
1248 3082 1331 3136 lex
1364 3084 1632 3152 quaepiam
1669 3085 2065 3140 conviviorum.

492 3171 585 3226 Sic
631 3173 777 3226 enim
811 3172 994 3241 accepi
1045 3173 1316 3239 homines,
1363 3176 1456 3245 qui
1489 3175 1636 3230 lauta
1677 3183 1734 3232 et
1781 3176 2071 3247 magnifica

489 3262 668 3314 victus
701 3261 908 3314 ratione
931 3267 1178 3327 utuntur,
1212 3277 1335 3316 cum
1363 3265 1746 3319 communibus
1777 3281 2072 3336 compran-

493 3351 715 3409 soribus
749 3351 1004 3408 omnibus
1059 3353 1114 3407 in
1149 3354 1337 3408 orbem
1381 3356 1632 3409 convivia
1664 3357 2066 3424 instruxerunt,

493 3445 540 3500 si
575 3444 698 3514 quis
727 3459 795 3498 ex
825 3460 1055 3499 numero
1090 3429 1446 3499 convivarum
1489 3445 1560 3501 sit
1591 3448 1924 3516 angustioris
1955 3448 2070 3503 for-

495 3543 660 3598 tunae;
694 3536 883 3590 solitos
909 3551 1031 3590 eum
1080 3549 1110 3589 a
1149 3537 1426 3592 communi
1461 3540 1705 3610 symbola
1732 3541 2069 3598 conferenda

493 3627 788 3680 immunem
833 3641 1035 3681 mensa:
1064 3627 1274 3682 socium
1304 3645 1410 3683 non
1455 3631 1765 3700 repudiare.
1804 3633 1881 3687 ita
1921 3649 2065 3703 quo-

493 3733 601 3788 que
631 3719 888 3788 optabam
922 3719 1039 3789 ipse
1068 3720 1327 3776 ditiorum
1358 3722 1533 3792 epulis
1564 3731 1826 3794 tanquam
1854 3740 2073 3780 mensa-

495 3824 616 3864 rum
673 3810 882 3863 assecla
919 3811 1189 3865 adhiberi.
1235 3810 1463 3878 Quando
1516 3821 1696 3868 autem
1753 3815 1986 3871 eximius
2020 3825 2074 3872 et

2242 2534 2412 2592 Ἷιλθε
2451 2537 2543 2590 καὶ
2572 2536 2656 2605 ἐφ’
2679 2535 2824 2606 ἡμᾶς
2852 2535 2886 2606 ὴ
2920 2531 3020 2603 τῆς
3041 2533 3417 2602 πνευματικῆς
3456 2529 3714 2591 ἑστιάσεως

2173 2630 2500 2702 λειτουργία,
2524 2628 2775 2699 μετέχειν
2805 2627 3002 2698 μᾶλλον
3039 2624 3261 2694 ἑτέρων,
3294 2623 3334 2700 ,ἢ
3365 2624 3580 2687 ἑαυτοὺς
3600 2640 3714 2693 παρ-

2175 2722 2319 2794 έχειν
2371 2721 2570 2785 ἄλλοις,
2609 2719 2769 2782 ὄντας
2820 2717 3175 2787 ἐπιτηδείους.
3214 2717 3408 2769 Καίτοι
3454 2732 3512 2784 γε
3547 2714 3712 2798 -ἔγωγε

2175 2815 2269 2868 καὶ
2302 2812 2580 2876 παντελῶς
2619 2812 2801 2881 ἠξίουν
2834 2808 3027 2880 ἀτελὴς
3056 2802 3192 2861 εἶναι
3232 2808 3344 2862 τῶν
3381 2807 3618 2860 τοιούτων
3638 2808 3713 2874 φό-

2177 2921 2307 2976 ρων,
2330 2905 2417 2957 διὰ
2440 2903 2537 2974 τὴν
2566 2903 2659 2955 τοῦ
2683 2902 2860 2969 λέγειν
2883 2899 3091 2962 πενίαν,
3110 2897 3251 2952 κατά
3288 2916 3407 2952 τινα
3427 2897 3578 2967 νόμον
3604 2907 3716 2961 συμ-

2175 2995 2416 3049 ποτικόν.
2463 2993 2672 3048 ’Δκούω
2715 2993 2822 3064 γὰρ
2865 2992 2990 3054 τοὺς
3023 2990 3356 3062 ἁκροτέρους
3395 2989 3487 3060 τὴν
3518 2987 3712 3050 δίαιταν,

2178 3087 2307 3140 ὅταν
2335 3088 2400 3140 ὲκ
2445 3085 2691 3155 περιόδου
2744 3083 2821 3153 τῷ
2872 3081 3035 3153 κοινῷ
3080 3082 3339 3152 συσσιτίῳ
3377 3080 3472 3144 τὰς
3518 3076 3714 3146 εὐωχίας

2176 3174 2689 3247 παρασκευάσωσιν,
2713 3173 2866 3237 εἴτις
2894 3173 2958 3226 ὲκ
2995 3170 3087 3225 τοῦ
3111 3172 3413 3240 καταλόγου
3441 3170 3540 3224 τῶν
3565 3171 3714 3222 δαιτυ-

2180 3269 2356 3341 μόνων
2385 3265 2706 3336 πενέστερος
2734 3265 2842 3335 είη,
2865 3263 3053 3316 τοῦτον
3073 3263 3261 3332 κοινῆς
3292 3262 3550 3331 συνθήκης
3579 3253 3714 3322 ἀτελῆ

2180 3361 2490 3415 σύνδειπνον
2543 3357 2706 3428 ἔχειν.
2755 3354 2912 3410 Οὕτω
2959 3355 3052 3408 καὶ
3090 3355 3252 3418 αὐτὸς
3296 3355 3578 3424 ἐϐουλόμην
3620 3353 3716 3402 ἐπι-

2180 3453 2346 3514 σίτιος
2374 3445 2509 3503 εἶναι
2534 3448 2633 3517 τῆς
2667 3445 2775 3499 τῶν
2803 3445 3071 3498 πλουσίων
3094 3445 3333 3516 τροφῆς·
3368 3443 3478 3498 ἀλλ’
3507 3441 3667 3510 ἐπειδὴ
3691 3439 3715 3491 ὁ

2179 3542 2347 3605 καλός
2391 3557 2449 3594 τε
2488 3539 2582 3592 καὶ
2631 3537 2881 3599 πλούσιος
2912 3535 3178 3606 ἑστιάτωρ
3230 3529 3386 3597 οὗτος
3426 3533 3538 3586 οὐδὲ
3588 3528 3716 3600 ἡμῶν

2179 3634 2435 3703 φείδεται,
2467 3631 2739 3684 διακονεῖν
2785 3629 2841 3681 δὲ
2876 3628 3236 3699 προστάττει,
3266 3627 3376 3697 ὲρῶ
3407 3626 3534 3696 πρὸς
3562 3620 3712 3682 αὐτὸν,

2180 3724 2341 3786 Φίλε,
2369 3719 2604 3790 χρῆσόν
2620 3737 2722 3789 μοι
2747 3716 2864 3771 τῶν
2895 3715 3021 3771 σῶν
3047 3717 3240 3785 ἀρτων
3267 3732 3283 3746 ·
3314 3715 3502 3786 ἄρτους
3531 3709 3716 3776 δὲλέγω

2179 3814 2277 3885 τὴν
2313 3813 2401 3866 διὰ
2436 3811 2545 3865 τῶν
2578 3811 2750 3881 εὐχῶν
2793 3809 3130 3880 συμμαχίαν.
3183 3808 3312 3872 Πῶς
3337 3807 3443 3878 γὰρ
3483 3806 3587 3858 ἐστι
3627 3799 3717 3862 τοῖς

496 3899 790 3969 opulentus
825 3898 911 3952 hic
941 3901 1179 3956 convivii
1227 3901 1483 3956 dominus
1536 3917 1605 3957 ne
1658 3902 1819 3958 nobis
1851 3902 2071 3972 quidem

2182 3901 2568 3969 πνευματικοῖς
2593 3899 2804 3961 τούτοις
2829 3898 3039 3968 κηρίοις
3069 3897 3166 3968 τὴν
3194 3898 3364 3968 ἀκοὴν
3393 3894 3534 3965 ὑμῶν
3560 3894 3714 3961 ἐντρυ-

497 3991 612 4045 vult
639 4006 885 4062 parcere,
919 3990 1014 4046 scd
1039 3998 1093 4045 et
1127 3990 1440 4046 ministrare
1467 4007 1568 4047 nos
1594 3993 1783 4061 jubet:
1817 3993 1898 4049 sic
1919 4009 2076 4062 agam

497 4093 621 4133 cum
653 4079 767 4143 illo,
799 4077 1003 4140 Amice,
1040 4077 1316 4131 commoda
1354 4077 1483 4130 mihi
1519 4080 1720 4150 aliquot
1748 4096 1814 4134 ea:
1844 4080 2068 4149 panibus

499 4171 605 4226 tuis
632 4170 700 4235 '°,
742 4185 910 4241 panes
939 4176 1120 4224 autem
1179 4169 1411 4241 appello,
1444 4169 1589 4240 quod
1622 4171 1875 4243 precibus
1907 4172 2079 4228 fertur

501 4263 784 4318 auxilium.
825 4261 967 4328 Quid
1014 4260 1159 4316 enim
1209 4261 1402 4317 attinet
1451 4277 1613 4320 aures
1661 4272 1898 4328 vestras,
1953 4278 2075 4335 qua:

499 4352 874 4422 Spiritualibus
934 4353 1055 4407 istis
1102 4351 1242 4408 favis
1298 4367 1422 4408 sese
1469 4353 1836 4419 obiectarum,
1883 4355 2073 4425 jejuna

500 4456 782 4512 egenaque
811 4443 1062 4512 excipere
1085 4444 1369 4499 oratione?
1401 4445 1479 4498 Ac
1519 4444 1757 4502 fortasse
1788 4447 1983 4502 melius
2016 4463 2075 4503 se

500 4533 716 4600 habeat,
759 4534 803 4588 si
833 4533 1290 4602 quemadmodum
1323 4536 1378 4590 in
1401 4538 1667 4608 gymnicis
1684 4539 2077 4594 certaminibus

503 4627 721 4682 illorum
769 4633 856 4682 est
903 4627 1164 4691 stadium,
1214 4629 1306 4698 qui
1341 4629 1550 4686 viribus
1579 4631 1828 4701 corporis
1874 4633 1930 4685 in
1971 4633 2078 4687 illis

503 4719 702 4784 valent,
743 4718 924 4772 caeteri
957 4733 1084 4773 vero
1111 4719 1508 4774 decertantium
1547 4721 1682 4775 fiunt
1713 4730 2077 4792 spectatores:

503 4812 576 4864 ita
623 4810 680 4864 in
723 4809 827 4863 hoc
857 4808 1145 4879 spirit’uale
1183 4809 1424 4864 stadium
1478 4811 1557 4865 illi
1591 4813 1714 4877 soli,
1747 4815 1841 4884 qui
1875 4816 2080 4868 virtute

502 4905 820 4954 sanctorum
878 4913 941 4953 ac
988 4899 1186 4954 robore
1239 4900 1464 4970 pollent,
1528 4902 1792 4958 adversus
1844 4903 2078 4958 athletas

501 4990 767 5058 prodeant
806 5007 818 5042 :
875 4988 920 5044 si
954 4989 1080 5058 quis
1115 4997 1297 5044 autem
1331 4990 1402 5044 sit
1429 5006 1495 5045 ex
1531 4990 1621 5054 iis,
1667 5006 1898 5060 quorum
1937 5008 2080 5059 unus

502 5094 602 5150 ego
641 5095 782 5146 sum,
837 5079 926 5135 cui
978 5081 1100 5134 cani
1133 5079 1245 5135 sint
1293 5081 1495 5148 crines,
1555 5081 1743 5136 fracta:
1787 5091 1967 5138 autem
2010 5083 2080 5138 ob

503 5177 714 5225 mtatem
743 5171 908 5236 vires,
947 5171 1178 5226 tremula
1207 5170 1374 5227 etiam
1401 5180 1454 5227 et
1479 5173 1729 5226 nonnihil
1759 5173 2078 5245 claudicans

503 5260 701 5325 oratio,
732 5261 861 5316 huic
878 5264 1246 5333 permittatur,
1266 5270 1325 5319 ut
1345 5279 1402 5320 se
1429 5264 1755 5319 athletarum
1775 5266 2078 5320 contentio-
2105 5253 2148 5311 (ἶ

508 5353 668 5408 nibus
695 5356 1005 5423 spectandis
1033 5357 1284 5412 oblectet.
1322 5356 1400 5412 Nc
1426 5358 1592 5429 igitur
1636 5356 1851 5426 longius
1899 5357 2074 5421 vobis,

508 5441 724 5505 fratres,
781 5448 1051 5502 sermonis
1107 5448 1392 5502 exordium
1464 5447 1886 5517 protrahamus,
1953 5463 2076 5502 cum

508 5531 753 5586 mirificis
781 5549 967 5589 eorum
999 5539 1091 5606 qui
1126 5550 1253 5594 ante
1299 5555 1400 5596 nos
1430 5540 1688 5594 dixerunt
1734 5539 2077 5596 orationibus

507 5635 728 5690 operam
759 5623 1044 5686 dederitis.
1093 5626 1213 5683 Jam
1259 5631 1490 5686 saturati
1529 5630 1696 5696 estis,
1730 5630 1844 5700 jam
1879 5631 2078 5686 divites

510 5713 636 5770 facti
666 5715 829 5784 estis;
862 5735 891 5793 a
920 5722 1085 5778 rebus
1114 5723 1315 5795 quippe
1345 5725 1601 5782 dulcibus
1641 5727 1865 5783 satietas
1897 5727 2075 5798 gigni-

583 5888 627 5918 "
694 5887 826 5942 Luc.
858 5905 931 5957 ιιι,
965 5891 1016 5945 5.

2180 3993 2449 4061 φήσασαν,
2470 3990 2710 4062 πενιχρῷ
2739 3989 2831 4044 καὶ
2852 3988 3184 4059 πτωχεύοντι
3205 3987 3550 4054 δεξιώσασθαι
3569 3982 3715 4048 λόγῳ;

2179 4084 2287 4138 Καὶ
2318 4084 2460 4154 τάχα
2498 4081 2678 4144 καλῶς
2715 4075 2880 4151 εἶχεν,
2907 4079 2971 4132 ἵν’
2991 4079 3178 4149 ὥσπερ
3211 4080 3307 4132 ἐπὶ
3345 4077 3448 4132 τῶν
3475 4067 3716 4142 γυμνικῶν

2178 4173 2431 4242 ἀγώνωνο
2459 4173 2634 4244 μόνων
2669 4170 2776 4243 γὰρ
2807 4171 2915 4224 τῶν
2949 4169 3238 4240 ἰσχυόντων
3283 4171 3340 4224 ὲν
3377 4166 3586 4228 ἐκείνοις
3620 4157 3718 4213 ἐστὶ

2179 4266 2241 4318 τὸ
2277 4265 2508 4328 στάδιον,
2540 4265 2590 4318 oi
2617 4263 2673 4316 δὲ
2698 4263 2873 4316 λοιποὶ
2923 4262 3110 4316 θεαταὶ
3138 4262 3378 4330 γίνονται
3409 4259 3513 4314 τῶν
3551 4257 3718 4322 ἀγωνι-

2179 4357 2420 4427 ζομένων
2440 4373 2454 4389 ·
2489 4355 2632 4410 οὕτω
2657 4356 2750 4410 καὶ
2777 4357 2856 4419 είς
2879 4355 2940 4407 τὸ
2962 4355 3332 4425 πνευματικὸν
3364 4353 3514 4406 τοῦτο
3540 4346 3716 4402 στάδιον

2183 4449 2374 4518 μόνους
2388 4448 2513 4509 τοὺς
2531 4445 2871 4516 σφριγῶντας
2892 4446 2949 4498 ὲν
2965 4447 3030 4516 τῇ
3056 4444 3284 4514 δυνάμει
3304 4444 3409 4498 τῶν
3433 4441 3589 4510 ἁγίων
3606 4435 3718 4506 πρὸς

2177 4539 2303 4600 τοὺς
2348 4537 2651 4606 ἀγωνιστὰς
2693 4534 3020 4588 ἀποδύεσθαι
3048 4551 3064 4566 ο
3097 4537 3145 4587 εί
3179 4535 3238 4588 δέ.
3279 4553 3363 4598 τις
3398 4533 3480 4603 εἴη
3511 4529 3607 4582 τῶν
3627 4519 3715 4582 οἷος

2179 4628 2309 4697 ἐγὼ,
2327 4621 2371 4696 ᾧ
2402 4626 2564 4680 πολιὰ
2601 4628 2698 4697 μὲν
2728 4628 2762 4698 ἡ
2790 4625 2931 4696 θρὶξ,
2950 4625 3134 4696 νωθρὰ
3155 4625 3212 4678 δὲ
3246 4626 3350 4678 ὑπὸ
3375 4623 3462 4678 τοῦ
3491 4619 3658 4692 χρόνου
3685 4612 3714 4677 ἡ

2178 4720 2405 4791 δύναμις
2426 4761 2440 4784 ,
2466 4720 2770 4789 ὑπότρομος
2802 4718 2859 4771 δὲ
2905 4718 3000 4770 καὶ
3033 4718 3356 4781 ὑποσκάζων
3383 4718 3411 4768 ὁ
3435 4713 3596 4780 λόγος,
3621 4702 3716 4758 τοῦ-

2177 4830 2269 4867 τον
2292 4814 2385 4884 ὲᾷν
2419 4814 2529 4874 τοῖς
2557 4809 2742 4881 ἱδρῶσι
2776 4809 2884 4864 τῶν
2925 4807 3241 4877 ἀγωνιστῶν
3279 4797 3712 4876 ὲπευφραίνεσθαι-

2181 4899 2294 4951 Οὐκ
2326 4893 2418 4952 οὖν
2451 4897 2778 4968 μηκύνωμεν
2810 4897 2958 4966 ὑμῖν,
2985 4895 3224 4964 ἀδελφοὶ,
3254 4897 3315 4950 τὸ
3349 4893 3630 4966 προοίμιον,
3646 4885 3714 4935 ἐν·

2179 4991 2564 5062 ασχολούμενοι
2604 4989 2683 5060 τῷ
2727 4989 2964 5057 θαύματι
3012 4987 3121 5042 τῶν
3171 4987 3554 5060 προλαϐόντων.
3600 4973 3715 5062 Ἤδη

2180 5061 2568 5149 κεκορεσμένοι
2597 5078 2739 5143 ἐστὲ,
2771 5078 2871 5148 ἤδη
2899 5077 3265 5149 ἐπλουτήσατε
3290 5095 3304 5109 ο
3333 5078 3360 5129 ὁ
3383 5076 3436 5129 δὲ
3461 5073 3606 5142 κόρος
3629 5061 3717 5118 ἀπὸ

2178 5165 2579 5236 γλυκασμάτων
2608 5165 2754 5220 ἐστίν
2792 5182 2804 5195 ·
2834 5165 3043 5228 τούτοις
3071 5166 3180 5238 γὰρ
3215 5168 3359 5238 ὑμᾶς
3396 5167 3423 5218 ό
3468 5151 3716 5232 προλαϐὼν

2181 5259 2336 5327 λόγος
2366 5258 2666 5330 ὲτιΟήνατο.
2694 5260 2845 5330 Τάχα
2875 5254 2968 5312 οὖν
3007 5259 3276 5331 ἄχρηστον
3310 5258 3462 5328 κόρον
3489 5243 3715 5306 ἐπέϐαλλε

2187 5353 2332 5424 κόρῳ
2353 5351 2537 5405 ἐπάνω
2559 5350 2666 5404 τῶν
2691 5351 2903 5422 χρυσῶν
2932 5350 3124 5419 λόγων,
3157 5345 3266 5404 οἷόν
3292 5365 3397 5402 τισι
3425 5338 3715 5416 μολυϐδένοις

2189 5445 2481 5515 νομίσμασι
2513 5443 2612 5512 τὴν
2647 5445 2866 5514 μνήμην
2895 5443 3306 5514 ἐπιφορτίζοντα
3327 5457 3336 5468 ·
3361 5439 3492 5506 πλὴν
3515 5435 3586 5488 ὅτι
3612 5442 3713 5481 συν-

2188 5535 2332 5588 τελεῖ
2364 5535 2622 5598 πολλάκις
2659 5535 2737 5597 είς
2776 5534 3093 5606 συνέργειαν
3115 5534 3338 5594 κάλλους
3371 5529 3459 5584 καὶ
3498 5527 3526 5595 ἡ
3552 5519 3715 5592 χείρων

2191 5627 2290 5697 ὕλη
2323 5626 2718 5698 καταμιχθεῖσα
2756 5626 2820 5696 τῇ
2870 5624 3167 5696 κρείττονι,
3202 5622 3360 5692 ἐγγὺς
3399 5621 3432 5690 ἦ
3463 5606 3713 5698 ἀπόδειξιΫ

2201 5723 2364 5792 Ὁρᾷς
2405 5721 2494 5774 τὸν
2541 5719 2679 5789 ὑπὲρ
2721 5716 2961 5787 κεφαλῆς
3005 5715 3191 5770 τοῦτον
3228 5715 3442 5785 ὄροφον,
3470 5705 3540 5768 ὡς
3580 5692 3716 5753 καλδῖ
