3882 6420
189 333 280 393 545
1356 338 1420 392 lN‘
1445 335 1650 395 'SCAM
1707 341 2224 405 ORDINATIONEM
3317 365 3420 420 546

191 454 322 516 ἰδεῖν,
343 449 415 514 ὡς
436 446 712 519 γλαφυρὸς
735 448 852 511 ταῖς
875 447 1104 516 γλυφαῖς
1135 448 1360 502 ἐπανθεῖ
1383 451 1443 503 τὸ
1472 453 1692 522 χρυσίον

1839 465 1960 512 tur:
1996 462 2196 530 quibus
2231 463 2490 520 nimirum
2514 481 2610 526 vos
2633 471 2850 530 abunde
2874 479 3188 546 praecedens
3209 490 3416 541 tracta-

187 538 334 604 Οὗτος
364 542 586 611 χρύσεος
611 538 685 592 ὢν
709 539 827 602 ὅλος
855 539 952 611 τὴν
1001 541 1341 610 ἐπιφάνειαν,
1371 542 1590 608 κύκλοις
1620 546 1714 599 τισ⁴

1839 555 1928 604 tus
1946 551 2228 606 cnutrivit.
2256 554 2441 624 Itaque
2462 556 2574 627 jam
2601 561 2736 617 nihil
2762 538 2910 621 aliud
2935 568 3170 628 fortasse
3197 586 3408 646 agetur,

187 633 510 700 πολυγωνίοις
547 631 722 700 κυανῷ
771 631 1220 704 διακεχρισμένος
1267 633 1708 704 ὑποκεχάρακται

1839 654 2004 708 quam
2036 649 2096 695 ut
2131 645 2359 701 satietas
2377 648 2625 705 satietati
2657 653 2966 724 adjiciatur,
3002 677 3066 715 ac
3091 631 3259 720 veluti
3290 631 3413 737 post

1839 746 2034 786 aureos
2066 749 2348 794 sermones
2374 749 2697 798 memoriam
2742 759 2976 804 vestram
3006 754 3274 822 plumbeis
3310 776 3412 814 nu-

1838 823 2182 880 mismatibus
2239 843 2568 902 oneremus;
2630 837 2735 892 nisi
2773 838 2931 904 forte,
2967 847 3223 912 quoniam
3265 866 3410 920 saepe

1838 916 2087 970 nonnihil
2120 918 2183 972 ad
2229 923 2633 982 conciliandam
2693 932 3152 1000 pulchritudinem
3197 916 3411 996 confert

1835 1005 1998 1060 etiam
2029 1011 2260 1065 materia
2301 1015 2537 1070 deterior
2569 1020 2801 1077 admista
2834 1026 3079 1090 meliori,
3135 1031 3292 1100 cujus
3329 1036 3408 1088 rei

1836 1095 2234 1154 demonstratio
2286 1119 2393 1159 non
2446 1108 2605 1179 longe
2641 1115 2748 1180 peti
2810 1125 3007 1184 potest.
3059 1095 3220 1177 Vides
3267 1123 3408 1180 hanc

1833 1190 2386 1259 concamerationem,
2415 1213 2535 1266 quae
2567 1202 2842 1270 capitibus
2873 1208 3081 1263 nostris
3117 1210 3409 1268 imminet?

179 1271 280 1322 Ἔτι
328 1271 450 1341 ὑμῖν
500 1270 558 1322 ἐν
605 1269 907 1340 προοιμίοις
956 1271 1369 1342 ἀδολεσχοῦμεν,
1408 1271 1522 1325 ἀλλ’
1564 1272 1714 1326 ἀκού-

1832 1287 1995 1342 quam
2045 1278 2271 1344 pulchra
2331 1283 2402 1337 sit
2432 1269 2715 1356 adspectu,
2769 1306 2932 1360 quam
2990 1295 3194 1351 atlabre
3247 1300 3407 1357 factis

176 1377 306 1413 cum
1832 1366 2126 1436 sculpturis
2159 1386 2352 1428 aurum
2376 1377 2840 1449 intersplendeat?
2867 1384 2993 1440 Haec
3020 1403 3143 1442 cum
3179 1399 3289 1444 tota
3324 1393 3404 1446 vi-

175 1454 344 1506 deatur
370 1469 554 1516 aurea,
607 1454 833 1509 circulis
864 1455 1191 1525 quibusdam
1222 1456 1518 1511 multorum
1552 1457 1873 1528 angulorum
1907 1465 2156 1521 caeruleis
2226 1470 2368 1538 picta
2434 1472 2806 1546 distinguitur.
2882 1479 3164 1546 Quodnam
3241 1487 3406 1556 igitur

175 1545 258 1598 fuit
305 1547 587 1601 consilium
642 1548 894 1612 artificis,
944 1549 1073 1602 dum
1129 1549 1420 1603 caeruleum
1479 1551 1718 1606 colorem
1760 1553 2077 1622 adjecitiut
2100 1557 2362 1627 efficeret,
2392 1545 2622 1635 Opinor,
2654 1568 2782 1623 dum
2832 1574 3046 1628 colores
3098 1577 3401 1642 variantur,

182 727 237 778 Τί
260 721 344 777 οὖν
373 721 610 792 βούλεται
638 723 714 793 τῷ
740 723 953 796 τεχνίτῃ
985 727 1017 794 ή
1051 724 1274 792 κυανός;
1319 725 1405 788 Ὡς
1432 725 1518 788 ἂν,
1550 721 1732 797 οἶμαι,

180 815 246 887 τῷ
285 816 652 870 ὲναλλάσσοντι
698 815 798 879 τὰς
822 817 992 887 χρόας
1023 817 1672 890 ἀντιπαραθεωρούμενος
1700 822 1731 874 ’ὁ

179 907 353 976 χρυσὸς
381 908 540 960 πλέον
573 907 859 977 ὲκλάμποι.
889 903 951 960 Ei
983 904 1075 962 οὖν
1102 911 1135 980 ἡ
1167 909 1362 973 κυανὸς
1402 911 1732 981 ὲμμιχθεῖσα

178 1000 244 1068 τῷ
269 997 440 1068 χρυσῷ
470 999 959 1070 περικαλλεστέραν
990 1002 1087 1068 τὴν
1126 1001 1299 1072 αὐγὴν
1330 1001 1728 1068 ἀποδείκνυσιν,

179 1091 259 1141 οὐκ
284 1090 501 1159 ἄκαιρον
546 1090 673 1153 ίσως
705 1093 768 1160 τῇ
816 1089 1120 1160 λαμπηδόνι
1156 1090 1264 1144 τῶν
1309 1092 1730 1163 προρρηθέντων

177 1178 324 1244 λόγων
366 1179 457 1230 καὶ
515 1178 612 1248 τὴν
664 1178 939 1248 ἡμετέραν
987 1179 1418 1251 παραγραφῆναι
1469 1181 1725 1250 μελάνην.

174 1642 222 1686 ιιι
259 1650 439 1690 aurum
486 1637 644 1691 alteri
689 1639 946 1693 collatum
998 1639 1270 1695 illustrius
1310 1638 1609 1711 effulgeret.
1660 1639 1718 1695 Si
1757 1657 1892 1714 ergo
1918 1645 2072 1701 color
2095 1652 2360 1708 caeruleus
2415 1655 2689 1714 immistus
2720 1674 2855 1716 auro
2917 1663 3088 1717 efﬁcit
3150 1675 3208 1719 ut
3235 1668 3406 1724 multo

173 1725 420 1795 pulchrior
446 1729 565 1798 ejus
593 1729 854 1798 splendor
876 1730 1114 1796 emicet,
1157 1745 1267 1784 non
1316 1729 1749 1797 incommodum,
1784 1733 2002 1802 opinor,
2052 1735 2255 1804 fuerit,
2287 1741 2333 1795 si
2378 1742 2492 1812 jam
2542 1749 3018 1815 pronuntiatorum
3089 1770 3404 1814 sermonum

173 1821 342 1891 fulgori
397 1830 710 1878 nostrorum
772 1824 924 1878 color
991 1824 1080 1880 hic
1141 1825 1297 1896 niger
1362 1825 1718 1898 appingatur.
1758 1827 1954 1884 Adhuc
1994 1835 2276 1900 prooemiis
2315 1839 2519 1907 garruli
2573 1855 2670 1896 vos
2743 1842 3080 1912 detinemus,
3145 1851 3241 1906 sed
3310 1867 3410 1907 au-

170 1911 280 1966 dite.

237 2001 426 2054 Ἀκούω
467 2003 711 2057 Μωῦσέα
743 2003 835 2056 τὸν
872 2005 1043 2076 μέγαν
1069 2043 1083 2067 ,
1115 2005 1200 2058 ὅτε
1246 2003 1345 2075 τὴν
1380 2007 1582 2076 σκηνὴν
1613 2008 1714 2069 τοῖς

1897 2005 2150 2077 Magnum
2186 2008 2337 2064 illum
2381 2011 2619 2084 Moysem
2660 2016 2848 2083 audio,
2884 2034 2993 2089 quo
3039 2029 3285 2094 tempore
3318 2032 3405 2080 ta-

176 2093 506 2163 Ἶσραηλίταις
542 2095 833 2166 ἐπήγνυτο,
866 2096 960 2148 καὶ
1000 2094 1092 2148 τὸν
1124 2094 1386 2165 Βεζελεὴλ
1415 2094 1722 2160 ὲκεῖνον,ὂς

167 2182 416 2246 Πνεύματι
443 2183 579 2253 θείῳ
610 2185 708 2256 τὴν
735 2183 928 2253 σοφίαν
959 2183 1114 2255 ἔσχεν
1144 2187 1243 2256 τῆς
1274 2185 1720 2255 ἀρχιτεκτονικῆς

165 2273 535 2338 αὐτοδίδακτον,
568 2278 718 2346 κοινῇ
773 2275 1053 2346 προθεῖναι
1081 2276 1179 2348 τὴν
1209 2275 1519 2347 φιλοτιμίαν
1556 2275 1722 2328 πλου-

165 2365 280 2428 σίοις
304 2365 391 2418 καὶ
413 2367 638 2436 πένησι,
661 2367 768 2420 τῶν
792 2367 889 2438 μὲν
926 2367 1190 2422 πλουσίων
1216 2370 1435 2440 χρυσὸν,
1464 2369 1558 2422 καὶ
1586 2387 1720 2440 πορ-

164 2455 312 2527 φύραν
349 2459 601 2520 καὶτοὺς
650 2459 862 2529 τιμίους
901 2461 1009 2515 τῶν
1047 2461 1210 2514 λίθων
1243 2461 1586 2529 ἐκλέγοντας,
1611 2461 1720 2514 τῶν

163 2544 208 2597 δὲ
256 2547 488 2616 πενήτων
531 2546 666 2612 ξύλα
716 2549 810 2602 καὶ
847 2549 1092 2622 δέρματα
1125 2551 1219 2604 καὶ
1257 2550 1356 2613 τὰς
1405 2552 1515 2604 τῶν
1545 2553 1717 2620 αίγῶν

160 2636 323 2706 τρίχας
366 2639 464 2690 οὐκ
524 2638 947 2704 ἀποϐάλλοντας.
1009 2640 1147 2694 Ἀλλ’
1195 2642 1294 2694 οὐκ
1345 2643 1571 2712 ἄκαιρος
1619 2645 1719 2712 τῆς

164 2729 369 2799 ἱστορίας
399 2731 536 2794 ἴσως
563 2733 596 2800 ή
651 2732 838 2802 μνήμη
866 2748 878 2759 ·
911 2731 940 2784 ὃ
961 2732 1068 2802 γάρ
1098 2749 1199 2802 μου
1239 2732 1338 2801 τὴν
1367 2732 1592 2802 καρδίαν
1616 2734 1716 2784 ὲπ-

161 2818 332 2891 έδραμε
369 2823 589 2893 νόημα,
616 2822 874 2893 βούλομαι
897 2823 990 2876 καὶ
1028 2822 1103 2893 τῷ
1142 2821 1304 2893 κοινῷ
1352 2821 1714 2894 παραθέσθαι.

161 2911 405 2985 Πνεύματι
434 2914 572 2986 θείῳ
593 2915 620 2968 ὁ
640 2911 904 2986 Βεζελεὴλ
945 2913 1106 2983 σοφὸς
1131 2915 1188 2980 ἐξ
1225 2911 1434 2968 ίδιὼτου
1464 2913 1679 2982 ἐγένετο
1699 2928 1717 2944 ⁸

160 3007 275 3062 οὕτω
298 3011 397 3082 γὰρ
427 3012 458 3082 ἡ
500 3010 717 3081 ἱστορία
750 3010 932 3079 φησίν.
983 3009 1253 3062 Ἀκουέτω
1281 3008 1459 3062 τοίνυν
1497 3009 1524 3060 ὁ
1552 3025 1715 3061 πνευ-

161 3104 456 3173 ματομάχος·
484 3105 518 3157 ὁ
551 3101 692 3154 θεῖον
731 3101 901 3155 είπὼν
931 3100 992 3153 τὸ
1023 3100 1247 3171 Πνεῦμα
1277 3101 1339 3153 τὸ
1375 3101 1552 3169 ἅγιον,
1578 3092 1640 3152 οὗ
1677 3101 1711 3170 ἡ

158 3192 375 3258 ἑπίϐασις
396 3190 507 3248 οἷόν
542 3211 595 3246 τι
627 3193 770 3263 ἴχνος
791 3193 891 3262 τὴν
927 3192 1026 3263 τῆς
1055 3193 1248 3262 σοφίας
1282 3193 1439 3262 χάριν
1466 3193 1533 3262 τῇ
1569 3190 1712 3263 ψυχῇ

156 3283 511 3355 ἐνσημαίνεται
539 3325 553 3349 ,
594 3283 700 3355 ἆρα
743 3283 1064 3354 καθυϐρίζει
1097 3287 1164 3354 τῇ
1209 3283 1303 3336 τοῦ
1351 3283 1496 3335 θείου
1547 3299 1715 3353 προσ-

156 3375 324 3446 ηγορία
353 3377 445 3446 τὴν
489 3374 653 3441 ἀξίαν
703 3374 800 3428 τοῦ
853 3373 1173 3443 Πνεύματος
1203 3363 1392 3442 ;⁷Αρα
1425 3375 1618 3444 μικρόν
1661 3391 1713 3425 τι

157 3466 234 3519 καὶ
255 3469 497 3521 ταπεινὸν
531 3467 657 3538 περὶ
687 3465 851 3520 αὑτοῦ
881 3468 1021 3520 νοεῖν
1047 3463 1395 3531 ὑποτίθεται;
1427 3465 1492 3516 Τί
1524 3465 1631 3518 τῶν
1659 3465 1716 3516 ὲν

155 3558 209 3626 τῇ
243 3559 402 3612 κτίσει
441 3559 527 3631 τῷ
562 3559 785 3628 ὀνόματι
838 3556 1013 3628 τούτῳ
1058 3555 1408 3627 σημαίνεται;
1449 3556 1540 3626 Μὴ
1593 3556 1716 3608 ὲπί-

154 3664 321 3718 κτητον
373 3652 554 3705 οἴεται
589 3650 666 3720 τῷ
730 3648 1007 3718 Πνεύματι
1047 3651 1144 3718 τὴν
1183 3648 1413 3720 θεότητα
1450 3666 1464 3714 ;
1499 3649 1590 3718 Μὴ
1638 3648 1715 3701 δι-

154 3739 297 3811 πλόην
317 3743 434 3796 τινὰ
455 3744 557 3797 καὶ
586 3741 832 3795 σύνθεσιν
857 3741 984 3812 περὶ¹
1007 3740 1067 3794 τὸ
1093 3739 1293 3792 ἁπλοῦν
1311 3739 1403 3792 καὶ
1425 3738 1714 3791 ἀσύνθετον

152 3829 326 3896 ἐννοεῖ;
353 3834 492 3904 τάχα
528 3835 626 3886 οὐκ
665 3833 779 3885 ἔστι
806 3835 926 3896 ταῖς
957 3831 1230 3895 τοιαύταις
1267 3830 1545 3892 ὑπονοίαις
1583 3846 1711 3882 συν-

151 3924 422 3996 ενεχθῆναι.
467 3925 615 3978 Ἀλλ’
649 3925 901 3993 ὁμολογεῖ
929 3923 1146 3986 πάντως
1176 3923 1318 3976 θεῖον
1354 3922 1414 3975 ὃν
1442 3922 1504 3976 τὸ
1533 3922 1709 3974 Πνεῦ-

151 4027 216 4080 μα
247 4018 305 4085 τῇ
353 4016 516 4086 φύσει
563 4015 803 4069 τοιοῦτόν
828 4033 887 4068 τε
919 4011 1060 4070 εἷναι
1112 4015 1208 4069 καὶ
1235 4014 1513 4082 λέγεσθαι.
1547 4014 1714 4086 Ὁρᾷς

147 4101 210 4164 ὡς
234 4105 548 4176 αὐτομάτως
592 4105 993 4159 ἐκκαλύπτεταί
1036 4121 1119 4156 σοι
1149 4106 1182 4175 ἡ
1213 4103 1474 4173 ἀλήθεια;
1509 4103 1712 4167 πολλὰς

148 4195 238 4267 γὰρ
267 4197 406 4264 θείας
439 4200 638 4271 φύσεις
677 4200 737 4252 τὸ
767 4199 876 4253 τῶν
922 4199 1265 4269 Χριστιανῶν
1289 4199 1388 4251 οὐκ
1424 4197 1712 4250 ἐπίσταται

149 4287 383 4358 κήρυγμα
428 4305 441 4319 ⁸
480 4290 611 4344 ἐπεὶ
656 4291 872 4361 ἀνάγκη
927 4291 1078 4343 πᾶσα
1133 4289 1226 4342 καὶ
1274 4287 1502 4350 πολλοὺς
1556 4286 1713 4350 θεοὺς

146 4375 578 4436 ἀναπλάττεσθαι.
604 4383 679 4434 Οὐ
712 4383 820 4454 γάρ
861 4384 976 4436 ἐστι
1006 4380 1229 4436 δυνατὸν
1261 4379 1487 4443 πολλοὺς
1515 4378 1712 4448 νοηθῆ-

146 4485 220 4521 va:
237 4471 401 4537 θεοὺς,
435 4474 513 4545 μὴ
537 4473 636 4544 τῆς
663 4473 804 4527 κατὰ
830 4473 990 4541 φύσιν
1013 4475 1328 4545 ἑτερότητος
1356 4471 1416 4524 τὸ
1441 4469 1548 4524 τῶν
1573 4470 1711 4526 θεῶν

145 4561 322 4634 πλῆθος
351 4566 798 4636 διαγγελλούσης.
826 4569 890 4621 El
917 4563 1009 4621 οὖν
1036 4569 1134 4638 μία
1163 4567 1315 4640 παρά
1350 4565 1568 4620 πάντων
1590 4564 1709 4618 θεία

1826 2097 2182 2155 bernaculum
2205 2100 2465 2160 lsraelitis
2487 2107 2749 2177 erigebat,
2781 2125 2844 2165 ac
2869 2111 3198 2170 Bezeleeleln
3223 2119 3399 2185 illum,

1821 2187 1915 2258 qui
1935 2189 2122 2243 divino
2140 2189 2346 2260 Spiritu
2369 2204 2578 2263 partam
2604 2199 2930 2266 sapientiam
2951 2204 3397 2265 architectonica:

1821 2293 1932 2333 non
1969 2282 2035 2335 ab
2082 2283 2189 2337 alio
2239 2285 2465 2342 edoctus
2508 2290 2603 2343 sed
2652 2306 2681 2345 a
2727 2307 2786 2346 se
2822 2293 3076 2362 habebat,
3123 2303 3402 2357 communi

1822 2372 2055 2441 quadam
2088 2375 2436 2433 aemulatione
2465 2379 2663 2435 divites
2694 2383 2856 2438 simul
2883 2400 2946 2438 ac
2973 2401 3240 2458 pauperes
3275 2407 3403 2461 pro-

1820 2467 2004 2519 vocari
2044 2469 2303 2533 voluisse,
2361 2470 2491 2526 dum
2547 2474 2777 2530 divitum
2836 2480 3053 2548 quidem
3104 2498 3295 2538 aurum
3347 2495 3402 2541 et

1821 2570 2143 2625 purpuram,
2184 2561 2501 2632 lapidesque
2539 2568 2810 2634 pretiosos
2841 2572 3153 2643 scligerent,
3199 2592 3401 2646 egeno-

1821 2661 1941 2699 rum
1971 2664 2102 2701 vero
2135 2649 2276 2719 ligna
2334 2655 2612 2724 pellesque
2663 2673 2728 2711 ac
2776 2661 2917 2728 pilos
2949 2678 3238 2732 caprarum
3290 2685 3400 2723 non

1822 2736 2132 2804 rejicerent.
2178 2739 2470 2796 Enimvero
2513 2745 2657 2802 haud
2692 2749 2997 2820 importuna
3045 2755 3206 2810 fuerit
3237 2767 3331 2813 aut
3365 2775 3397 2814 τι

1821 2827 2101 2894 proposito
2146 2828 2324 2883 aliena
2365 2832 2613 2890 fortassis
2659 2837 2902 2894 historiae
2950 2842 3112 2912 hujus
3151 2861 3396 2904 comme~

1820 2917 2088 2972 moratio:
2120 2919 2250 2974 libet
2277 2921 2420 2976 enim
2453 2926 2598 2993 quod
2629 2928 2758 2982 mihi
2796 2930 2849 2983 in
2882 2942 3117 2989 mentem
3140 2939 3307 3002 venit,
3339 2940 3396 2995 in

1819 3009 2057 3063 medium
2101 3013 2365 3081 proferre.
2423 3015 2631 3086 Spiritu
2676 3021 2861 3077 divino
2894 3025 3133 3084 Bezelcel
3180 3046 3244 3085 ex
3292 3032 3398 3086 im-

1817 3101 1992 3168 perito
2010 3105 2227 3171 sapiens
2248 3114 2331 3160 est
2353 3105 2562 3163 factus:
2597 3111 2673 3165 ita
2694 3114 2837 3167 enim
2861 3126 3050 3172 narrat
3074 3121 3393 3180 historia‘“.

1818 3191 2016 3247 Audiat
2043 3210 2173 3264 ergo
2211 3198 2303 3266 qui
2345 3197 2577 3269 Spiritui
2619 3211 2814 3260 sancto
2847 3207 3046 3262 bellum
3082 3210 3313 3282 indixit;
3348 3217 3396 3273 is

1817 3285 1911 3354 qui
1940 3284 2202 3355 Spiritum
2235 3299 2485 3346 sanctum
2519 3294 2657 3348 dixit
2688 3297 2956 3364 divinum,
2989 3304 3148 3374 cujus
3182 3307 3395 3377 ingres-

1819 3393 1914 3432 sus
1944 3385 1998 3432 et
2027 3380 2187 3449 quasi
2229 3384 2516 3454 vestigium
2550 3389 2829 3457 sapientiae
2857 3396 3089 3462 gratiam
3122 3399 3174 3452 in
3212 3402 3396 3459 anima

1821 3469 2088 3540 designat,
2148 3489 2277 3526 num
2335 3475 2580 3546 Spiritus’
2620 3481 2936 3550 dignitatem
2991 3503 3086 3542 seu
3137 3490 3392 3548 deitatem

1817 3560 1986 3615 divini
2004 3565 2365 3632 appellatione
2390 3569 2667 3625 traducit?
2692 3589 2822 3626 num
2852 3577 3065 3642 suadet,
3101 3587 3159 3634 ut
3185 3583 3390 3652 aliquid

1815 3653 2069 3721 exiguum
2118 3663 2212 3708 aut
2253 3655 2458 3713 humile
2497 3661 2564 3714 de
2614 3662 2734 3732 ipso
2772 3667 3185 3736 concipiamus?
3227 3672 3390 3740 Quid,

1817 3760 2021 3813 quaeso,
2077 3761 2144 3800 ex
2201 3748 2365 3804 rebus
2418 3754 2619 3808 creatis
2677 3754 2780 3809 hoc
2830 3760 3052 3814 nomine
3095 3762 3392 3833 significari

1816 3836 1990 3891 solet?
2051 3853 2180 3892 num
2238 3841 2563 3910 acquisitam
2621 3852 2673 3899 et
2731 3848 3023 3904 ascititiam
3079 3868 3200 3910 esse
3239 3865 3394 3925 putat

1819 3926 2044 3998 Spiritui
2071 3930 2447 3987 divinitatem?
2473 3950 2602 3989 num
2633 3937 3005 4008 duplicitatem
3035 3944 3271 4015 aliquam
3300 3957 3393 4002 aut

1815 4021 2262 4090 compositionem
2311 4023 2547 4095 simplici
2595 4038 2648 4083 et
2695 4029 3061 4102 incomposito
3107 4038 3394 4093 attribuit?

1814 4109 2068 4168 Fortasse
2100 4129 2208 4169 non
2245 4116 2370 4171 licet
2401 4118 2672 4188 ejusmodi
2715 4123 3064 4192 Opinionibus
3095 4127 3251 4182 ﬁdem
3293 4131 3390 4184 ad-

1815 4203 2025 4258 hibere.
2057 4205 2220 4276 Atqui
2260 4207 2419 4276 plane
2471 4210 2766 4266 confitetur
2797 4213 3078 4283 Spiritum,
3123 4218 3214 4286 qui
3250 4219 3390 4274 divi-

1811 4309 1918 4350 nus
1946 4303 2050 4358 est,
2102 4305 2297 4350 natura
2346 4299 2508 4352 talem
2541 4299 2647 4354 dici
2683 4317 2748 4355 ac
2781 4304 3089 4373 praedicari.
3124 4306 3290 4363 Vides
3328 4320 3388 4364 ut

1811 4383 1908 4438 tibi
1953 4385 2159 4439 veritas
2210 4386 2358 4439 ultro
2393 4389 2699 4442 reveletur?
2753 4392 2936 4460 plures
2986 4395 3131 4448 enim
3169 4397 3387 4455 divinas

1811 4483 2036 4530 naturas
2081 4473 2396 4531 Christiana
2444 4480 2621 4534 nescit
2659 4481 2879 4552 religio,
2943 4487 3386 4558 quandoquidem

1812 4565 1886 4619 ita
1915 4567 2141 4621 omnino
2169 4582 2398 4624 necesse
2434 4579 2583 4626 esset
2617 4573 2802 4642 plures
2838 4591 3054 4646 quoque
3101 4580 3233 4635 deos
3262 4598 3390 4638 con-

144 4653 282 4720 φύσις
306 4655 441 4713 εἶναι
474 4660 811 4725 πιστεύεται,
838 4659 977 4713 θεῖον
1014 4660 1071 4712 δὲ
1097 4664 1164 4732 τῇ
1198 4659 1356 4729 φύσει
1389 4659 1449 4712 τὸ
1484 4655 1708 4727 Πνεῦμα

1818 4657 2038 4728 lingere.
2065 4657 2184 4713 Non
2218 4660 2365 4714 enim
2398 4660 2517 4716 ﬁeri
2556 4673 2756 4733 potest,
2791 4677 2852 4722 ut
2887 4672 3090 4728 multos
3118 4673 3388 4747 intelliga-

141 4743 192 4796 τὸ
229 4746 372 4816 ἅγιον
395 4768 409 4782 ο
437 4752 492 4805 τί
535 4751 842 4823 διατέμνεις
875 4750 953 4822 τῷ
984 4751 1128 4822 λόγῳ
1164 4751 1224 4804 τὸ
1264 4750 1607 4820 συνημμένον
1638 4753 1705 4822 τῇ

142 4836 316 4904 φύσεις
359 4841 526 4896 Ἀλλά
572 4843 654 4906 τίς
697 4859 787 4913 μοι
815 4841 976 4895 δώσει
1016 4841 1115 4913 τὴν
1154 4841 1381 4911 δύναμιν
1423 4841 1518 4893 τοῦ
1545 4840 1705 4908 λόγου

143 4925 349 4994 ἐκείνου,
387 4927 450 4986 οὗ
504 4934 562 4987 τὸ
596 4933 748 4997 τέλος
800 4933 1044 5006 σωτηρία
1091 4932 1199 4988 τῶν
1249 4932 1556 4987 ἀκουόντων
1588 4928 1702 5003 ἦνς

140 5015 267 5072 Μίαν
297 5027 577 5096 προήκατο
601 5025 786 5096 φωνὴν
821 5025 1272 5097 Ἱεροσολυμίταις
1292 5027 1319 5078 ὁ
1347 5026 1572 5097 Πέτρος,
1610 5026 1704 5080 καὶ

138 5111 373 5167 τοσαῦται
416 5115 654 5184 χιλιάδες
681 5117 985 5189 ἀνθρώπων
1031 5119 1096 5190 τῇ
1135 5117 1391 5189 περιϐολῇ
1426 5117 1520 5170 τοῦ
1541 5118 1700 5187 λόγου

139 5198 228 5254 ὑπὸ
251 5205 341 5258 τοῦ
371 5207 564 5272 ἁλιέως
599 5210 1064 5281 ὲσαγηνεύθησαν.
1091 5209 1346 5264 Τοσοῦτοι
1371 5211 1427 5263 δὲ
1468 5211 1562 5264 καὶ
1591 5229 1702 5265 τοι-

137 5292 266 5348 οῦτοι
317 5299 469 5369 παρὰ
501 5301 606 5355 τῶν
662 5301 994 5356 διδασκάλων
1027 5304 1100 5355 σέν
1134 5303 1266 5373 ἡμῖν
1301 5301 1597 5374 τρίϐονται,
1621 5302 1704 5366 τίς

136 5384 307 5452 γέγονε
332 5390 441 5442 τῶν
476 5392 794 5463 σωζομένων
833 5392 1117 5464 προσθήκη
1149 5411 1164 5459 ;
1201 5392 1270 5446 Τὸ
1299 5391 1581 5446 ἐκλεῖπον
1609 5393 1708 5447 ἐκ-

133 5475 330 5543 λείπει,
368 5479 503 5550 φησί
550 5498 632 5545 τις
690 5481 797 5534 τῶν
843 5483 1136 5554 προφητῶν
1168 5526 1181 5550 ,
1209 5483 1274 5536 τὸ
1313 5480 1708 5552 ἀποθνῆσκον

133 5562 492 5637 ἀποθνήσκει
520 5590 534 5604 ·
562 5572 624 5626 τὸ
653 5573 1064 5644 πεπλανημένον
1089 5574 1188 5627 οὐκ
1217 5575 1535 5645 ἐπιστρέφει
1561 5590 1576 5604 ·
1609 5573 1701 5626 λέ-

132 5649 273 5711 λυται
300 5661 398 5730 τῆς
426 5662 646 5735 ἀγάπης
665 5667 693 5718 ὁ
727 5665 1020 5735 σύνδεσμος
1039 5684 1051 5698 ·
1070 5667 1348 5738 ἥρπασται
1368 5665 1476 5720 τῶν
1499 5665 1701 5736 θησαυ-

202 5789 268 5820 ⁸⁶⁶
311 5791 486 5849 Exod.
513 5814 662 5863 uxr,
700 5797 735 5851 2
775 5813 899 5869 sqq.
985 5825 1029 5862 ’ί
1064 5825 1180 5878 Act.
1222 5837 1282 5886 ιι,
1316 5823 1398 5878 Η·

1813 4763 1937 4803 mus
1964 4749 2116 4813 deos,
2157 4750 2262 4806 nisi
2293 4751 2407 4806 llaec
2434 4752 2660 4809 deorum
2696 4759 2986 4816 multitudo
3022 4779 3116 4832 per
3150 4765 3386 4822 diversi-

1811 4849 1978 4896 tatem
2007 4844 2306 4898 secundum
2349 4854 2601 4902 naturam
2640 4853 2974 4908 enuntietur.
3016 4853 3070 4909 Si
3111 4872 3240 4928 ergo
3275 4874 3381 4913 una

1809 4933 1878 4986 ab
1909 4933 2166 4990 omnibus
2201 4944 2399 4992 natura
2436 4939 2621 4994 divina
2668 4955 2790 4996 esse
2828 4944 3090 5013 creditur,
3141 4946 3380 5018 Spiritus

1807 5038 1974 5094 porro
2001 5035 2227 5082 sanctus
2253 5035 2450 5084 natura
2490 5029 2730 5097 divinus,
2785 5035 2915 5103 quid
2959 5038 3208 5092 oratione
3237 5038 3379 5093 divi-

1807 5114 1895 5169 dis
1924 5115 2071 5185 quod
2093 5128 2286 5172 natura
2317 5119 2671 5189 conjunctum
2698 5123 2816 5177 est?
2842 5121 3040 5178 Verum
3073 5127 3196 5194 quis
3227 5129 3376 5183 illam

1811 5205 1942 5259 mihi
1975 5209 2245 5264 sermonis
2273 5209 2529 5264 virtutem
2565 5212 2846 5280 concedet,
2884 5214 3042 5283 cujus
3077 5216 3199 5272 ﬁnis
3229 5220 3379 5274 salus

1812 5299 2020 5354 exstitit
2047 5301 2406 5356 auditorum?
2442 5301 2612 5358 Unam
2649 5305 2832 5359 emisit
2867 5305 3382 5380 Hierosolymitanis

1819 5405 1999 5444 vocem
2036 5391 2252 5455 Petrus,
2282 5400 2336 5446 et
2368 5400 2447 5445 tot
2476 5393 2756 5448 hominum
2792 5397 2958 5451 millia
2989 5400 3134 5453 nuda
3167 5417 3377 5458 sermo-

1809 5483 1894 5537 nis
1917 5498 2114 5554 sagena
2137 5485 2204 5538 ah
2227 5484 2320 5539 illo
2350 5484 2621 5555 piscatore
2643 5474 2770 5542 sunt
2793 5499 2951 5558 capta
2969 5490 3036 5545 δι.
3063 5490 3196 5545 Tam
3223 5495 3377 5549 multi

1805 5587 1934 5626 vero
1985 5575 2232 5644 tantique
2282 5591 2312 5630 a
2346 5577 2664 5633 doctoribus
2716 5577 2770 5632 in
2825 5594 2925 5634 nos
2984 5581 3375 5652 impenduntur

1805 5679 2261 5737 sermones-.quae
2290 5683 2419 5724 vero
2463 5684 2529 5725 ex
2575 5671 2642 5726 iis
2675 5671 2765 5740 qui
2801 5672 3084 5730 salvantur
3115 5675 3256 5732 facta
3295 5685 3378 5734 est
