3882 6440
485 326 587 381 δι’)

1687 320 1742 374 S.
1785 319 2112 376 GREGORII
2149 317 2444 377 NYSSENI

3639 326 3737 383 MS

488 437 774 495 accessio?
803 437 952 503 Quod
980 438 1152 503 deﬁcit
1203 442 1402 509 deﬁcit,
1433 439 1508 493 ait
1537 439 1806 510 quispiam
1839 453 1904 494 ex
1927 453 2049 508 pro-

2160 441 2268 511 ρῶν
2290 438 2445 510 ήμῶν
2475 439 2506 510 ή
2541 438 2751 510 είρήνη.
2793 440 2856 495 Ὢ
2882 438 2990 492 τῶν
3033 439 3250 493 κακῶνί
3282 440 3605 512 Προάγομαι
3628 441 3733 514 γὰρ

487 530 662 599 ριιοῑίε
684 531 752 592 ⁵¹,
790 529 928 600 quod
975 533 1206 584 moritur
1246 532 1475 586 moritur
1515 547 1532 584 :
1573 530 1719 600 quod
1759 530 2055 596 aberravit,

487 635 593 673 non
628 622 958 689 revertitur;
1013 623 1252 676 solutum
1299 631 1383 678 est
1418 623 1696 676 vinculum
1746 620 2055 683 charitatis,

482 711 708 780 abrepta
735 723 820 767 est
855 727 959 783 pax
1003 729 1067 768 ex
1117 713 1391 768 thesauris
1429 713 1659 768 nostris.
1694 710 1739 766 0
1767 726 1880 766 rem
1910 711 2059 764 cala-

483 803 735 856 mitosam
759 805 771 857 !
805 805 950 874 cogit
975 806 1119 859 enim
1150 821 1236 860 me
1265 805 1393 859 mali
1426 820 1489 860 ac
1511 804 1716 859 doloris
1739 801 2058 874 magnitudo

483 891 870 962 ingemiscere;
930 909 1115 950 nosxra
1147 903 1263 950 erat
1294 896 1422 950 olim
1471 894 1750 966 possessio
1779 894 2052 960 charitas;

483 993 708 1052 paterna
740 995 924 1040 nostra
953 989 1066 1041 haec
1097 987 1410 1053 haereditas,
1437 1001 1599 1057 quam
1630 1001 1727 1056 per
1746 985 2045 1054 discipulos

483 1089 615 1128 suos
649 1075 808 1130 nobis
848 1075 1108 1131 Dominus
1143 1077 1604 1132 thesaurizaverat
1636 1075 1846 1141 dicens,
1894 1073 2054 1127 Man-

481 1165 664 1219 datum
690 1183 878 1220 novum
899 1166 967 1220 do
996 1169 1165 1231 vobis,
1198 1178 1254 1220 ut
1277 1168 1512 1238 diligatis
1535 1169 1756 1222 invicem
1777 1167 1851 1219 ⁵³ε
1888 1166 2048 1220 istam

485 1263 664 1311 autem
715 1256 1080 1312 hacredit-atem
1129 1259 1165 1312 ii
1210 1260 1452 1328 quidem,
1504 1260 1596 1328 qui
1631 1258 1829 1314 deinde
1877 1257 2050 1313 secuti

481 1355 630 1409 sunt,
659 1361 1007 1404 successores
1033 1348 1125 1403 ﬁlii
1158 1365 1187 1403 a
1218 1351 1466 1420 patribus
1496 1351 1685 1404 ordine
1717 1349 2050 1418 excipientes

479 1452 649 1506 usque
678 1437 745 1492 ad
776 1446 958 1507 patres
991 1448 1209 1494 nostros
1242 1449 1658 1495 conservarunt.
1691 1441 1758 1493 At
1781 1441 1894 1494 haec
1923 1454 2051 1509 pro-

476 1526 600 1595 diga
638 1527 920 1595 generatio
947 1528 1098 1582 illam
1136 1529 1363 1583 minime
1414 1527 1729 1584 custodivit.
1764 1527 2049 1594 Quomodo
2082 1563 2124 1618 Β

475 1634 506 1672 e
536 1618 785 1675 manibus
831 1619 1040 1675 nOstris
1089 1620 1288 1690 elapsae
1327 1620 1409 1675 hae
1455 1619 1814 1676 institutionis
1844 1620 2050 1674 divitiae

475 1709 749 1776 pereunt?
793 1724 896 1766 nos
929 1709 1215 1765 charitatis
1243 1710 1408 1782 indigi
1444 1726 1658 1775 sumus,
1691 1717 1746 1765 et
1772 1710 1860 1764 alii
1889 1709 2050 1764 bonis

477 1799 678 1853 nostris
701 1798 974 1854 luxuriant
995 1806 1048 1854 et
1070 1800 1395 1869 gloriantur.
1425 1799 1607 1855 Ζειαυὶ
1631 1817 1785 1868 super
1805 1800 2009 1869 iniquos
2030 1814 2049 1852 :

476 1887 556 1940 sic
600 1889 675 1940 ait
716 1887 1003 1943 Psalmista
1023 1889 1090 1943 ⁸⁸.
1129 1887 1237 1960 Ego
1289 1905 1417 1944 vero
1470 1891 1724 1944 nonnihil
1759 1890 1918 1954 quasi
1953 1904 2052 1959 per

475 1980 756 2049 parodiam
793 1978 1072 2038 inflectens
1105 1981 1311 2038 dictum
1343 1982 1472 2038 illud
1510 1984 1584 2038 ita
1631 1983 1826 2054 legam,
1865 1981 2048 2037 Zelavi

474 2086 639 2140 super
689 2071 928 2142 iniquos,
979 2073 1150 2128 zelavi
1196 2089 1382 2144 pacem
1428 2083 1781 2145 peccatorum
1830 2073 2043 2129 videns.

474 2162 553 2216 llli
579 2163 718 2218 inter
738 2179 797 2220 se
817 2163 1138 2234 junguntur,
1168 2177 1221 2220 et
1243 2181 1344 2220 nos
1367 2166 1436 2221 ab
1457 2167 1688 2222 invicem
1707 2180 2045 2236 separamur.

472 2253 556 2307 illi
592 2254 751 2324 quasi
800 2255 1072 2310 testudine
1119 2257 1261 2312 facta
1302 2266 1504 2312 coeunt
1539 2259 1683 2312 inter
1730 2273 1812 2323 se,
1867 2267 1921 2312 at
1950 2271 2052 2313 nos

473 2344 805 2399 testudinem
847 2353 1090 2400 nostram
1119 2361 1467 2417 cuneumque
1494 2349 1848 2418 dissipamus.
1879 2347 2050 2402 Furto

473 2441 780 2502 surreptam
807 2436 1212 2506 possessionem
1254 2448 1497 2493 nostram
1526 2439 1832 2493 animarum
1865 2438 2050 2509 praedo

2159 529 2502 596 ἐπιστενάξαι
2540 530 2618 602 τῷ
2674 531 2835 586 πάθει
2856 547 2868 560 ·
2894 532 3160 602 ἡμέτερον
3194 533 3379 603 κτῆμα
3397 528 3464 603 ἦν
3505 532 3698 604 ἀγάπη
3720 553 3732 567 ·

2159 623 2287 674 ποτέ
2339 620 2589 692 πατρῷος
2629 621 2759 691 ἡμῖν
2786 615 2937 683 οὗτος
2965 622 2994 672 6
3021 619 3242 691 κλῆρος,
3275 621 3335 675 ὃν
3370 622 3456 675 διὰ
3491 622 3602 675 τῶν
3631 639 3736 694 μα-

2160 713 2337 784 θητῶν
2362 716 2492 784 ήμῖν
2514 716 2542 766 6
2567 713 2770 783 Κύριος
2804 712 3159 784 ἐθησαύρισεν
3204 713 3394 777 είπιὶιν,
3449 714 3739 782 Ἐντολὴν

2159 803 2379 872 καινὴν
2426 803 2633 872 δίδωμι
2681 802 2843 872 ὑμῖν,
2895 805 2995 857 ἵνα
3057 802 3323 872 ἀγαπᾶτε
3377 803 3698 870 ἀλλήλους
3721 821 3735 835 ·

2161 895 2296 949 ἀλλὰ
2324 895 2524 966 ταύτην
2565 894 2664 965 τὴν
2696 894 3058 964 κληρονομίαν
3086 895 3136 946 οἱ
3180 894 3276 964 μὲν
3321 894 3519 963 ἐφεξῆς
3560 893 3736 947 διάδο·

2157 1004 2242 1057 χοι
2289 987 2438 1057 παρὰ
2484 985 2690 1056 πατρὸς
2725 985 3065 1055 ἐκδεχόμενοι
3119 985 3279 1056 μέχρι
3327 985 3432 1038 τῶν
3483 987 3738 1055 πατέρων

2157 1076 2311 1146 ήμῶν
2339 1073 2660 1129 διεσώσαντο
2678 1089 2691 1102 ’
2730 1076 2762 1143 ἡ
2789 1075 2850 1127 δὲ
2880 1074 3087 1137 ἄσωτος
3113 1073 3250 1143 αὕτη
3285 1073 3446 1142 γενεά
3473 1075 3576 1128 οὐκ
3601 1074 3734 1143 ἐφύ-

2156 1165 2301 1231 λαξε.
2335 1164 2458 1228 Πῶς
2504 1164 2706 1234 οἴχεται
2748 1163 2855 1216 τῶν
2901 1164 3096 1234 χειρῶν
3132 1164 3288 1234 ήμῶν
3333 1165 3612 1237 διαρρυεὶς
3639 1165 3737 1236 τῆς

2156 1257 2377 1325 ἀγωγῆς
2420 1256 2449 1308 6
2483 1255 2742 1319 πλοῦτος;
2775 1257 2935 1325 ἡμεῖς
2965 1256 3063 1325 τῆς
3099 1256 3317 1326 ἀγάτως
3361 1255 3733 1326 πτωχεύομεν,

2156 1349 2249 1401 καὶ
2270 1341 2419 1400 ἄλλοι
2453 1348 2738 1418 ἡμετέροις
2759 1348 2980 1415 ἀγαθοῖς
3006 1347 3406 1418 ἐναϐρύνονται.
3439 1347 3736 1415 Ἐζήλωσα

2154 1437 2250 1490 ἐπὶ
2293 1437 2418 1503 τοῖς
2454 1438 2732 1506 ἀνόμοις,
2755 1436 2927 1500 οὕτως
2978 1437 3142 1508 φησὶν
3168 1436 3540 1506 ὁΨαλμῳδὸς.
3593 1436 3736 1505 Ἐγὼ

2153 1527 2210 1581 δὲ
2250 1528 2442 1598 μικρόν
2466 1545 2516 1580 τι
2550 1528 2877 1599 παρῳδήσας
2904 1528 2966 1580 τὺ
2993 1531 3152 1603 ῥηθὲν
3165 1527 3563 1598 ἀναγνώσομαι,
3583 1525 3733 1597 Ἐζή-

2155 1618 2302 1672 λωσα
2325 1619 2418 1671 ἐπὶ
2444 1620 2555 1681 τοῖς
2583 1617 2837 1688 ἀνόμοις,
2864 1618 3109 1687 ἐζήλωσα
3136 1617 3358 1687 εἰρήνην
3392 1615 3730 1686 ἁμαρτωλῶν

2156 1708 2396 1780 θεωρῶν.
2450 1709 2676 1762 Ἐκεῖνοι
2724 1709 2972 1781 ἀλλήλοις
3017 1709 3356 1761 συνίστανται
3378 1750 3390 1774 ,
3441 1709 3537 1762 καὶ
3575 1709 3736 1778 ἡμεῖς

2154 1804 2247 1857 ἀπ’
2268 1803 2511 1874 ἀλλήλων
2532 1802 2946 1873 διατεμνόμεθα.
2973 1803 3198 1855 Ἐκεῖνοι
3231 1802 3441 1864 ἑαυτοῖς
3471 1801 3734 1854 συνασπί-

2155 1899 2330 1961 ζουσι,
2342 1897 2436 1950 καὶ
2454 1897 2614 1967 ἡμεῖς
2634 1895 2724 1949 τὸν
2749 1895 3014 1966 ἡμέτερον
3035 1894 3405 1962 συνασπισμὸν
3422 1891 3730 1961 διαλύομεν.

2155 1989 2374 2058 Κλέψας
2404 1988 2466 2040 τὸ
2490 1987 2753 2058 ἡμέτερον
2781 1986 2966 2056 κτῆμα
2997 1987 3026 2039 6
3069 1985 3177 2040 τῶν
3201 1984 3386 2054 ψυχῶν
3419 1982 3730 2052 λωποδύτης

2154 2079 2269 2140 τοῖς
2315 2077 2530 2147 ἐχθροῖς
2575 2075 2676 2146 τῆς
2722 2074 2976 2145 ἀληθείας
3020 2073 3198 2144 φέρων
3225 2072 3615 2146 προσέρριψεν,
3633 2074 3733 2126 οὐκ

2148 2167 2392 2232 ἐκείνους
2424 2167 2760 2238 εὐεργετῶν,
2793 2165 2952 2218 τοῦτο
3003 2164 3194 2236 μηδεὶς
3249 2163 3443 2217 οἰέσθω
3477 2181 3489 2195 ·
3546 2166 3577 2220 6
3626 2163 3732 2234 γὰρ

2146 2256 2254 2310 τῶν
2283 2255 2469 2311 κακῶν
2493 2255 2720 2328 εὑρετὴς
2752 2254 3044 2325 εὐεργέτης
3087 2253 3340 2321 γενέσθαι
3368 2253 3428 2304 οὐ
3458 2251 3680 2307 δύναται
3706 2269 3720 2285 ·

2146 2345 2261 2400 ἀλλ’
2291 2346 2377 2400 ἵνα
2406 2347 2621 2418 χείρους
2667 2345 2864 2409 αὐτοὺς
2894 2346 2950 2399 ἐν
2979 2347 3045 2416 τῇ
3099 2344 3226 2414 περὶ
3251 2343 3314 2396 τὸ
3363 2342 3535 2397 κακὸν
3593 2361 3730 2414 συμο

2151 2435 2310 2506 πνοίᾳ
2343 2434 2740 2507 παρασκευάσῃ
2751 2475 2762 2488 .

388 2577 396 2586 ,
475 2523 545 2577 ad
572 2519 759 2581 hostes
802 2529 1044 2583 veritatis
1111 2529 1344 2584 delatam
1413 2531 1662 2600 projecit,
1729 2546 1837 2585 non
1870 2538 1930 2585 ut
1987 2528 2254 2586 beneﬁcio
2291 2545 2386 2585 eos
2439 2528 2693 2592 afﬁceret,
2733 2541 2896 2582 nemo
2941 2526 3021 2583 sic
3052 2526 3389 2581 arbitretur:
3436 2539 3547 2580 non
3591 2524 3736 2580 enim

471 2624 649 2684 potest
675 2616 893 2673 afﬁcere
932 2619 1197 2676 beneﬁcio
1225 2622 1478 2678 inventor
1507 2625 1772 2680 malorum
1807 2645 1821 2680 :
1860 2639 2072 2691 verum,

471 2712 734 2767 efﬁceret.

542 2803 646 2858 Sed
674 2805 804 2874 quid
843 2807 975 2861 mihi
1009 2807 1075 2864 de
1115 2808 1182 2865 iis
1213 2809 1303 2880 qui
1343 2810 1474 2867 foris
1517 2819 1644 2868 sunt
1699 2813 1976 2883 judicare?
1999 2822 2058 2867 ut
2085 2817 2127 2874 C

470 2897 646 2966 inquit
679 2898 768 2952 ille
800 2898 871 2946 ⁸⁵.
911 2899 980 2953 At
1025 2913 1124 2968 ego
1163 2900 1256 2969 qui
1285 2901 1489 2969 possim
1525 2903 1906 2958 alienationem
1940 2903 2052 2958 fra-

469 2994 616 3042 trum
665 2990 784 3044 sine
832 2989 1088 3059 lacrymis
1133 2990 1313 3045 ferre?
1356 2994 1628 3062 quomodo
1671 3003 1895 3064 paterna
1919 2995 2053 3051 sub-

471 3080 672 3134 stantia
719 3079 975 3135 derelicta
1021 3081 1212 3149 junior
1257 3083 1344 3137 hic
1392 3083 1561 3139 frater
1590 3085 1880 3141 discessit?
1919 3087 2056 3142 alter

472 3170 564 3223 ille
601 3169 656 3223 in
690 3168 982 3240 Evangelio
1019 3171 1347 3242 descriptus,
1390 3174 1514 3229 licet
1557 3175 1756 3230 canitie
1803 3177 2052 3245 corporis

470 3261 639 3314 animi
680 3261 1072 3331 juvenilitatem
1120 3265 1379 3331 occultet,
1421 3267 1694 3358 q‘uomodo
1732 3267 1989 3337 fugitivus
2020 3283 2052 3322 a

470 3351 576 3406 fide
631 3352 688 3406 in
743 3352 1094 3422 longinquam
1145 3357 1421 3426 regionem
1456 3351 1733 3413 'secessit?
1777 3359 2051 3428 quomodo

469 3442 584 3496 abit
625 3451 678 3498 et
713 3443 829 3513 ipse
869 3446 1109 3514 paternis
1140 3446 1300 3502 bonis
1331 3447 1386 3501 in
1418 3446 1557 3502 duas
1587 3447 1841 3502 dimidias
1870 3456 2051 3518 partes

462 3532 680 3598 divisis,
725 3535 816 3604 qui
852 3535 979 3590 dum
1026 3537 1280 3592 sublimia
1325 3537 1575 3609 dogmata
1621 3537 1686 3592 ad
1732 3539 1966 3594 humiles
1997 3548 2052 3594 et

468 3625 659 3680 suillas
687 3626 970 3696 Opiniones
1005 3629 1224 3698 dejecit,
1263 3644 1388 3684 cum
1415 3630 1794 3687 meretricibus
1828 3631 2047 3686 haereti-

473 3715 557 3769 cis
577 3729 707 3769 suas
729 3714 948 3770 divitias
970 3718 1256 3789 dissipavit
1275 3721 1356 3774 ⁵σῖ
1381 3720 1633 3776 Meretrix
1661 3721 1804 3776 enim
1832 3731 1914 3776 est
1942 3722 2050 3776 hae-

468 3800 632 3868 resis,
674 3818 795 3870 qua:
846 3805 1214 3874 voluptatibus
1260 3808 1416 3876 quasi
1465 3809 1754 3878 praestigiis
1804 3809 2044 3863 attrahit.

469 3889 625 3956 Quod
658 3891 704 3946 si
728 3893 945 3961 quando
967 3895 1019 3947 in
1047 3895 1309 3964 seipsum,
1337 3903 1396 3950 ut
1421 3897 1529 3961 ille,
1558 3913 1811 3952 reversus
1840 3895 2004 3952 fuerit
2032 3917 2045 3954 :

467 3982 513 4037 si
557 3982 773 4051 quando
803 4001 994 4040 rursus
1027 3987 1094 4041 ad
1127 3996 1475 4057 paternorum
1510 3989 1755 4044 ciborum
1777 3989 2047 4059 cupidita-

467 4083 573 4129 tem
599 4077 886 4141 exarserit,
923 4079 966 4132 si
1007 4078 1074 4132 ad
1108 4079 1328 4134 divitem
1363 4095 1607 4136 mensam
1638 4081 1950 4147 recurrerit,
1991 4081 2046 4134 in

2149 2633 2210 2678 ut
2266 2638 2362 2680 eos
2413 2622 2468 2677 in
2521 2622 2790 2676 malarum
2841 2635 3024 2676 rerum
3089 2619 3384 2675 concordia
3431 2617 3737 2675 deteriores

2243 2805 2404 2860 Ἀλλὰ
2434 2805 2487 2858 τί
2519 2817 2608 2875 μοι
2651 2805 2777 2868 τοὺς
2824 2803 2928 2869 ἐξω
2971 2801 3213 2874 κρίνειν;
3251 2803 3415 2872 φησὶν
3461 2802 3491 2854 6
3542 2801 3735 2857 εἰπών.

2167 2898 2310 2967 Ἐγὼ
2337 2899 2394 2952 δέ
2440 2896 2560 2960 πῶς
2586 2895 2849 2966 ἀδακρυτὶ
2888 2893 3141 2964 βαστάσω
3188 2893 3287 2962 τὴν
3330 2892 3441 2945 τῶν
3487 2893 3738 2962 ἀδελφῶν

2155 2989 2544 3061 ἀλλοτρίωσιν;
2591 2986 2716 3050 Πῶς
2767 2985 2937 3056 ᾤχετο
2987 2984 3299 3038 καταλιπὼν
3341 2984 3440 3055 τὴν
3474 2986 3736 3057 πατρῴαν

2151 3081 2338 3134 οὐσίαν
2378 3079 2406 3131 6
2453 3077 2678 3146 ἀδελφὸς
2714 3079 2742 3129 6
2773 3076 2891 3138 νέος
2923 3066 3110 3143 οὗτος
3147 3075 3339 3138 Ἄλλος
3373 3077 3580 3140 ἐκεῖνος
3613 3079 3642 3130 6
3681 3075 3737 3128 ἐν

2153 3170 2230 3241 τῷ
2263 3168 2577 3238 Εὐαγγελίῳ
2601 3166 2949 3236 δηλούμενος,
2984 3163 3088 3218 κᾶν
3121 3163 3448 3235 ὑποκρύπτῃ
3474 3167 3542 3235 τῇ
3576 3164 3734 3235 πολιᾷ

2151 3260 2247 3314 τοῦ
2280 3259 2528 3330 σώματος
2561 3259 2664 3328 τῆς
2693 3257 2869 3327 ψυχῆς
2904 3255 3000 3326 τὴν
3025 3255 3274 3328 νεότητα,
3313 3256 3430 3318 πῶς
3457 3256 3739 3328 ἀνεχώρη-

2155 3369 2246 3405 σεν
2274 3353 2352 3414 είς
2377 3348 2560 3420 χώραν
2583 3346 2798 3418 μακρὰν
2821 3344 3192 3416 δραπετεύσας
3216 3345 3322 3398 ἀπὸ
3342 3345 3439 3415 τῆς
3462 3346 3733 3411 πίστεωςς

2152 3443 2278 3505 Πῶς
2307 3427 2512 3511 οἴχεται
2562 3440 2658 3492 καὶ¹
2688 3437 2848 3500 αὐτὸς
2885 3435 3190 3506 ήμισεύσας
3236 3433 3330 3489 τοῦ
3379 3435 3589 3507 πατρὸς
3633 3437 3734 3509 τὴν

2151 3531 2336 3586 οὐσίαν
2383 3533 2440 3584 ἐν
2486 3527 2563 3597 τῷ
2597 3525 2926 3580 καθελκῦσαι
2969 3524 3040 3577 τὰ
3066 3521 3243 3594 ὑψηλὰ
3287 3521 3396 3576 τῶν
3437 3522 3735 3592 δογμάτων

2152 3622 2289 3694 πρὸς
2338 3620 2408 3674 τὰ
2453 3617 2682 3672 ταπεινὰ
2737 3617 2832 3670 καὶ
2876 3614 3110 3686 χοιρώδη
3155 3615 3404 3686 νοήματα
3431 3654 3446 3681 ,
3488 3616 3611 3676 ταῖς
3654 3612 3736 3667 αί-

2153 3712 2393 3782 ρετικαῖς
2458 3709 2683 3779 πόρναις
2761 3705 3220 3778 προσδαπανήσας
3286 3705 3378 3758 τὸν
3453 3704 3733 3772 πλούτους

2151 3802 2330 3872 Πόρνη
2352 3799 2461 3872 γάρ
2485 3801 2632 3852 ἐστιν
2652 3800 2686 3869 ἡ
2715 3797 2945 3866 αἵρεσις,
2971 3797 3090 3859 ταῖς
3111 3795 3496 3866 ήγαπημέναις
3514 3795 3733 3865 ἡδοναῖς

2149 3893 2504 3962 γοητεύουσα.
2549 3875 2630 3944 Εἰ·
2658 3888 2768 3960 γὰρ
2817 3887 2959 3942 ἐλθοι
2996 3887 3129 3940 ποτὲ
3171 3888 3249 3950 είς
3277 3885 3489 3950 έαυτδν,
3537 3885 3730 3958 ῶσπερ

2150 3985 2354 4044 ἐκεῖνος
2373 3983 2449 4034 ἐί
2471 3980 2576 4050 γὰρ
2605 3978 2959 4048 ἐπιθυμήσειε
2991 3976 3153 4030 πάλιν
3182 3976 3279 4046 τῆς
3308 3973 3568 4047 πατρῴας
3599 3994 3728 4048 τρο-

2151 4074 2292 4144 φῆςο
2344 4073 2391 4125 εί
2419 4072 2527 4140 γὰρ
2566 4067 2920 4139 ἐπαναδράμῃ
2971 4067 3106 4137 πρὸς
3153 4064 3252 4136 τὴν
3297 4065 3558 4120 πλουσίαν
3598 4063 3733 4137 τρά-

465 4181 573 4236 qua
605 4168 809 4222 multus
836 4169 1376 4237 supersubstantialis
1399 4177 1482 4225 est
1508 4170 1685 4241 panis,
1709 4171 1801 4240 qui
1831 4170 2049 4226 Domini

2158 4164 2350 4228 πέζαν,
2381 4164 2439 4215 ἐν
2533 4161 2699 4222 πολὺς
2727 4161 2755 4212 6
2787 4155 3060 4220 ἐπιούσιος
3092 4156 3274 4226 ἀρτος,
3313 4157 3341 4207 6
3362 4155 3579 4226 τρέφων
3607 4158 3733 4217 τοὺς

464 4259 832 4313 mercenaries
861 4260 988 4326 alit;
1020 4261 1342 4316 mercenarii
1361 4263 1560 4331 quippe
1588 4269 1714 4316 sunt
1737 4261 1827 4316 Dei
1858 4277 2048 4318 omnes

465 4349 554 4404 isti
590 4351 684 4420 qui
723 4351 794 4406 ob
841 4367 990 4421 spem
1035 4353 1475 4424 repromissionis
1509 4354 1563 4408 in
1592 4355 1752 4408 vinea
1793 4352 1885 4407 IDei
1921 4367 2048 4422 ope-

463 4449 696 4493 rantur:
731 4443 908 4510 qualis
935 4443 1001 4497 ad
1031 4459 1155 4498 eum
1201 4444 1292 4498 ﬁet
1321 4460 1430 4499 non
1461 4445 1623 4499 unius
1654 4443 1916 4513 parentis,
1951 4441 2045 4497 sed

467 4537 577 4581 tam
627 4530 920 4584 multorum
971 4543 1184 4602 patrum
1229 4549 1551 4598 concursus,
1582 4534 1676 4606 qui
1718 4533 1933 4588 obviam
1971 4529 2049 4587 illi

464 4618 794 4688 prodibunt,
848 4622 942 4689 qui
994 4624 1423 4693 amplectentur,
1483 4625 1575 4694 qui
1630 4624 1833 4681 osculis
1894 4623 2044 4677 illum

463 4707 770 4776 excipient?
800 4709 1013 4763 Prolata
1051 4720 1134 4766 est
1179 4713 1317 4766 stola
1356 4713 1477 4768 ﬁdei
1509 4714 1703 4782 prima,
1739 4728 1898 4782 quam
1932 4719 2045 4766 tre-

460 4805 634 4852 conta:
667 4799 964 4854 octodecim
996 4800 1188 4856 animae
1225 4803 1484 4871 praeclara
1522 4804 1757 4858 textrina
1789 4802 2046 4857 Ecclesiae

361 4912 363 4914 -
462 4897 876 4943 contexuerunt.
921 4888 1076 4945 Unde
1123 4893 1357 4947 annulus
1409 4894 1465 4947 in
1511 4908 1673 4947 manu
1721 4907 2040 4963 expressum

465 4980 586 5035 ﬁdei
617 4980 854 5050 sigillum
889 4981 1114 5046 habens,
1150 4984 1381 5050 choreae,
1429 4984 1651 5047 vitulus,
1694 4984 2036 5055 symphonia,

461 5079 655 5127 caetera
710 5073 892 5126 omnia
932 5088 1052 5141 quae
1096 5075 1150 5128 in
1195 5075 1486 5144 Evangelio
1518 5082 2039 5134 commemorantur,

462 5169 685 5230 excepta
719 5162 902 5218 fratris
948 5164 1169 5218 invidia.
1227 5163 1704 5220 Verumenimvero
1742 5165 1874 5234 quid
1924 5165 2041 5217 fru-

464 5258 576 5303 stra
631 5251 787 5306 nobis
819 5252 952 5320 ipsis
1007 5253 1218 5308 somnia
1259 5255 1551 5324 fingimus?
1601 5254 1879 5308 Obdurata
1908 5261 2038 5306 sunt

464 5339 629 5393 corda
665 5340 925 5406 fratrum,
967 5351 1020 5396 et
1055 5346 1329 5399 contraria
1385 5345 1593 5400 ratione
1640 5353 1768 5400 sunt.
1817 5343 2036 5408 aﬁ‘ecti;

464 5443 778 5484 communes
817 5439 996 5500 patres
1041 5436 1339 5505 objiciunt,
1389 5444 1444 5490 et
1492 5444 1767 5504 acceptam
1819 5435 1887 5488 ab
1931 5433 2037 5486 illis

468 5513 832 5574 hazreditatcm
867 5537 974 5576 non
1002 5525 1318 5593 admittunt;
1352 5541 1693 5580 communem
1725 5525 1829 5580 sibi
1863 5522 2041 5578 vindi-

465 5613 592 5659 cant
615 5609 972 5676 nobilitatcm,
1000 5622 1054 5666 et
1079 5631 1108 5668 a
1139 5624 1324 5671 nostra
1358 5614 1680 5686 cognatione
1710 5614 2036 5678 alienantur;

2155 4256 2248 4309 τοῦ
2289 4255 2494 4324 Κυρίου
2554 4253 2830 4324 μισθίους·
2885 4248 3088 4321 μίσθιοι
3127 4248 3184 4301 δέ
3225 4245 3317 4301 τοῦ
3346 4242 3479 4300 Θεοῦ
3529 4248 3729 4311 πάντες

2155 4341 2321 4410 οὗτοι,
2351 4346 2400 4399 οἱ
2433 4344 2519 4396 ἐπ’
2565 4342 2736 4396 ἐλπίδι
2781 4341 2880 4410 τῆς
2922 4336 3248 4408 ἐπαγγελίας
3289 4335 3378 4390 τὸν
3430 4337 3730 4406 ἀμπελῶνα

2154 4435 2247 4489 τοῦ
2275 4435 2408 4488 Θεοῦ
2437 4431 2810 4504 ἐργαζόμενοι⁶
2841 4423 2950 4494 οἷος
2993 4431 3059 4483 ἂν
3091 4427 3308 4498 ἐγένετο
3335 4427 3472 4499 πρὸς
3507 4427 3676 4481 αὐτὸν
3703 4430 3731 4480 6

2153 4526 2370 4598 δρόμος,
2415 4525 2513 4594 οὐχ
2557 4523 2674 4586 ἐνὸς
2718 4521 2943 4599 πατρὸς,
2990 4519 3126 4575 ἀλλὰ
3171 4519 3436 4573 τοσούτων
3478 4521 3728 4591 πατέρων

2155 4615 2659 4688 προσαπαντώντων
2680 4655 2697 4679 ,
2755 4613 3233 4684 περιπλεκομένων
3258 4652 3274 4678 ,
3325 4611 3726 4682 ἀσπαζομένων

2154 4709 2481 4779 φιλήμασινς
2542 4702 2769 4776 Ἦνέχθη
2824 4701 2982 4774 στολὴ
3027 4702 3126 4774 τῆς
3175 4703 3408 4765 πίστεως
3445 4702 3478 4772 ἠ
3513 4702 3724 4773 πρώτη,

2153 4801 2219 4870 ἢν
2260 4801 2316 4855 αἱ
2355 4798 2663 4871 τριακόσιαι
2706 4795 2849 4849 ὀκτὼ
2894 4796 2988 4848 καὶ
3034 4794 3164 4847 δέκα
3197 4793 3365 4864 ψυχαὶ
3403 4792 3587 4856 καλῶς
3619 4795 3728 4863 ἐριο

2153 4892 2370 4944 θέουσαι
2414 4891 2480 4959 τῇ
2527 4883 2818 4956 Ἐκκλησία
2859 4884 3148 4954 ἐξύφηναν.
3195 4883 3431 4936 Ἐκεῖθεν
3465 4885 3529 4953 τῇ
3582 4881 3725 4954 χειρὶ

2150 4980 2431 5043 δακτύλιος
2475 4975 2923 5044 ἐκτετυπωμένην
2959 4974 3096 5044 ἔχων
3127 4974 3183 5025 ἐν
3214 4968 3389 5042 ἐαυτῷ
3426 4973 3524 5042 τὴν
3557 4988 3727 5042 σφρα-

2150 5071 2271 5138 γῖδα
2299 5070 2395 5138 τῆς
2426 5065 2678 5128 πίστεως,
2720 5066 2768 5117 οἱ
2800 5063 2969 5134 χοροὶ,
3014 5063 3042 5113 6
3095 5062 3310 5131 μόσχος,
3347 5061 3379 5130 ἡ
3409 5062 3721 5129 συμφωνία,

2149 5161 2218 5212 τὰ
2258 5154 2390 5212 ἄλλα
2439 5156 2612 5209 πάντα
2659 5155 2760 5208 ὅσα
2804 5154 2860 5205 ἐν
2893 5146 2968 5220 τῷ
3006 5149 3318 5220 Εὐαγγελίῳ
3361 5149 3721 5212 κατείλεκται,

2150 5249 2288 5321 πλὴν
2313 5245 2412 5318 τῆς
2439 5244 2533 5298 τοῦ
2580 5241 2807 5312 ἀδελφοῦ
2855 5241 3203 5311 ζηλοτυπίας.
3253 5239 3412 5291 Ἀλλά
3457 5239 3512 5291 τί
3547 5241 3723 5309 μάτην

2148 5341 2387 5410 ὀνείρους
2419 5335 2628 5398 ἐαυτοίς
2661 5331 3102 5399 ἀναπλάττομεν;
3155 5327 3545 5398 Ἐσκλήρυνται
3585 5344 3720 5398 καρ-

2147 5429 2254 5484 δίαι
2283 5427 2388 5481 τῶν
2420 5424 2687 5493 ἀδελφῶν,
2725 5424 2820 5476 καὶ
2857 5422 3163 5484 ἀντιτύπως
3201 5419 3404 5489 ἔχουσι,
3441 5420 3569 5482 τοὺς
3607 5436 3718 5471 κοι-

2141 5523 2264 5583 νοὺς
2312 5517 2552 5586 πατέρας
2595 5513 2984 5584 προϐάλλονται
3009 5551 3023 5575 ,
3073 5513 3164 5564 καὶ
3214 5509 3309 5579 τήν
3357 5509 3722 5580 κληρονομίαν

2141 5611 2238 5682 τὴν
2261 5609 2352 5663 ἀπ’
2382 5605 2562 5662 αὐτῶν
2583 5605 2642 5657 οὐ
2674 5603 3080 5675 προσδέχονται,
3111 5606 3207 5674 τῆς
3238 5604 3422 5673 κοινῆς
3441 5605 3720 5671 εὐγενείας

607 5719 650 5750 ⁸¹
689 5717 918 5772 Zachar.
979 5731 1056 5781 ιι,
1096 5717 1147 5772 9.
1225 5719 1271 5750 ⁸³
1305 5716 1462 5773 Joan.
1506 5733 1582 5784 XI,
1640 5716 1730 5771 ⁸54.
1805 5715 1852 5745 ⁸⁵
1883 5711 2026 5768 Psal.

2154 5723 2298 5775 illi",
2335 5707 2392 5761 2.
2465 5707 2511 5739 ⁵³
2549 5708 2568 5761 l
2604 5706 2731 5762 Cor.
2776 5722 2872 5773 ιιι,
2912 5707 2998 5761 ll.
3071 5708 3118 5739 ⁵⁸
3159 5706 3293 5763 Luc.
3335 5714 3422 5765 κν,
3482 5698 3537 5753 Η
3577 5711 3696 5766 sqq-
