3882 6422
249 362 342 418 ὕ-ίθ

1465 355 1528 410 ΙΝ
1562 357 1746 412 SUAM
1773 356 2309 423 ORDINATIONEM.
3377 379 3479 435 5'50

246 471 648 536 ἀντιποιοῦνται,
692 471 786 526 καὶ
827 473 924 544 τῆς
959 473 1096 544 πρὸς
1127 475 1271 544 ἡμᾶς
1306 476 1620 544 συγγενείας
1644 478 1786 532 ἀλλο·

1903 482 2154 541 hostibus
2203 489 2407 544 nostris
2457 504 2515 546 se
2556 502 2858 563 opponunt,
2895 504 2952 552 et
2983 497 3162 556 hostili
3193 500 3376 557 animo
3417 504 3473 558 in

245 562 502 633 τριοῦνται
523 579 536 592 ⁸
568 563 678 625 τοῖς
707 563 917 635 ἐχθροῖς
953 564 1110 635 ἡμῶν
1138 565 1634 630 ἀντικαθίστανται,
1662 568 1799 639 πρὸς

239 663 285 714 δὲ
321 654 460 724 ἡμᾶς
487 652 760 723 δυσμενῶς
791 654 1026 725 ἔχουσιν·
1062 654 1252 726 ὥσπερ
1278 673 1329 707 τι
1367 657 1617 728 μεθόριον
1643 658 1798 728 ἡμῶν

239 764 289 798 τε
326 747 416 798 καὶ
456 745 560 798 τῶν
612 745 882 814 πολεμίων
907 747 1203 818 γενόμενοι,
1248 749 1342 802 καὶ
1382 748 1666 819 ἀμφότερά
1694 752 1799 803 είσι

240 838 322 890 καὶ
351 836 654 906 οὐδέτερον·
694 835 816 890 οὔτε
843 839 936 891 τὸν
971 839 1130 909 ὀρθὸν
1153 839 1308 906 λόγον
1336 837 1674 908 ὁμολογοῦσι,
1704 840 1800 894 καὶ

236 930 488 998 αἱρετικοὶ
531 929 886 998 ὀνομάζεσθαι
936 929 1276 994 ἀπαξιοῦσιν.
1334 932 1399 982 Ὢ
1426 929 1615 985 καινοῦ
1655 931 1798 1001 πρά-

236 1035 431 1087 γματος
449 1035 464 1050 ·
510 1020 602 1071 καὶ
631 1019 766 1088 πρὸς
792 1019 890 1089 τὴν
926 1020 1185 1088 ἀλήθειαν
1218 1021 1312 1074 καὶ
1344 1022 1480 1092 πρὸς
1510 1022 1570 1074 τὸ
1598 1022 1793 1091 ψεῦδος

238 1110 421 1178 ἐπίσης
463 1109 922 1181 ὲκπεπολέμηται,
951 1107 1062 1164 οἷόν
1102 1129 1154 1164 τι
1179 1112 1396 1183 δένδρον
1420 1113 1665 1184 ἄρριζον,
1694 1106 1797 1166 ὦδε

234 1205 323 1258 καὶ
350 1199 448 1258 ὧδε
479 1205 614 1276 πρὸς
638 1206 736 1268 τὰς
766 1205 1012 1270 ἐναντίας
1053 1206 1229 1277 ὁρμὰς
1262 1208 1496 1270 εὐκόλως
1541 1207 1798 1278 μετακλι-

236 1297 456 1366 νόμενοι..
528 1297 773 1350 Ἤκουσα
841 1296 935 1348 τοῦ
1005 1297 1391 1366 εὐαγγελιστοῦ
1449 1297 1692 1351 Ἰωάννου
1738 1300 1796 1352 ὲν

236 1389 563 1460 ἁποκρύφοις
607 1389 742 1460 πρὸς
776 1388 901 1452 τοὺς
946 1388 1220 1452 τοιούτους
1249 1389 1318 1442 δι’
1350 1389 1667 1459 αἰνίγματος
1709 1388 1796 1441 λέ-

235 1478 437 1548 γοντος·
465 1479 542 1542 ὼς
569 1479 686 1532 δέον
716 1480 963 1552 ἀκριϐῶς
991 1479 1134 1544 ζέειν
1166 1481 1264 1550 μὲν
1298 1480 1514 1542 πάντως
1539 1479 1617 1548 τῷ
1649 1478 1812 1531 πνεύ-

238 1589 373 1642 ματι,
424 1569 756 1640 κατεψύχθαι
803 1570 860 1622 δὲ
904 1573 971 1641 τῇ
1032 1571 1276 1641 ἁμαρτίᾳ
1305 1586 1318 1600 °
1371 1571 1634 1638 Ὄφελον
1684 1569 1794 1640 γὰρ

231 1659 397 1731 ἦσθα,
440 1661 594 1732 φησὶ,
638 1659 894 1729 ψυχρὸς,
939 1660 978 1729 ἢ
1025 1660 1266 1728 ζεστόςο
1312 1661 1374 1713 τὺ
1404 1661 1461 1714 δὲ
1497 1660 1792 1732 μηθέτερον

232 1753 442 1816 τούτων,
474 1751 799 1822 ἀμφοτέρων
830 1751 886 1804 δὲ
929 1752 1303 1822 ἐφαπτόμενον
1337 1751 1626 1815 ναυτιῶδες
1653 1753 1788 1816 ἐστι,

1901 588 2002 629 nos
2050 575 2224 630 allecti
2265 586 2431 634 sunt:
2465 588 2719 650 tanquam
2757 586 3048 642 conﬁnium
3089 590 3229 644 inter
3277 605 3378 646 nos
3421 605 3475 646 et

1901 661 2087 720 hostes
2131 667 2281 736 facti,
2330 677 2384 724 et
2433 680 2660 742 utraque
2706 685 2833 733 sunt
2885 688 2938 732 et
2975 689 3260 748 neutrum;
3297 696 3473 752 neque

1897 763 2104 810 rectum
2143 775 2448 816 sermonem
2475 764 2823 833 conﬁtentur,
2847 775 2902 820 et
2945 769 3182 824 haeretici
3213 773 3470 841 appellari

1897 857 2173 905 recusant.
2228 855 2270 902 υ
2316 869 2428 907 rem
2472 855 2804 910 inauditam!
2856 866 2910 912 et.
2956 861 3170 916 veritati
3215 863 3377 916 simul
3417 871 3470 918 et

1899 937 2180 994 mendacio
2209 942 2411 1010 pariter
2441 945 2641 999 bellum
2668 947 3000 1013 indixerunt,
3024 960 3274 1020 tanquam
3307 953 3471 1008 arbor

1899 1033 2159 1100 quaepiam
2184 1034 2462 1091 radicibus
2482 1051 2677 1091 carens
2706 1036 2812 1092 huc
2840 1047 2895 1092 et
2918 1039 3046 1094 illuc
3068 1041 3168 1096 levi
3197 1052 3470 1099 momento

1896 1125 2185 1180 contrariis
2219 1125 2540 1196 impulsibus
2584 1129 2848 1184 inclinati.
2896 1129 3160 1188 Joannem
3187 1134 3471 1206 Evangeli~

1896 1221 2036 1268 stam
2067 1217 2250 1271 audivi
2300 1218 2615 1289 hujusmodi
2659 1222 2909 1285 homines
2952 1225 3293 1292 asnigmatica
3346 1241 3470 1281 ora-

1895 1304 2040 1359 tione
2088 1305 2143 1359 in
2187 1309 2513 1379 apocryphis
2572 1311 2930 1380 alloquentem
2970 1331 2983 1366 :
3023 1328 3144 1366 cum
3194 1321 3470 1382 oporteret

1894 1405 2083 1451 exacte
2129 1395 2333 1453 fervere
2371 1400 2586 1469 quidem
2636 1405 2858 1456 omnino
2897 1404 3111 1472 spiritu,
3143 1403 3339 1473 frigere
3367 1420 3467 1458 au-

1895 1492 2001 1540 tem
2031 1497 2272 1554 peccato.
2309 1488 2522 1544 Utinam
2545 1491 2682 1544 enim
2704 1509 2865 1558 esses,
2895 1494 3089 1562 inquit,
3115 1494 3342 1563 frigidus
3373 1504 3466 1548 aut

1894 1574 2097 1630 calidus
2149 1577 2224 1629 "l
2272 1581 2415 1648 quod
2473 1596 2599 1636 vero
2649 1591 2900 1638 neutrum
2956 1594 3039 1638 est
3119 1585 3333 1653 horum,
3371 1587 3463 1642 sed

1896 1674 2183 1736 utrumque
2212 1669 2443 1739 attingit,
2476 1686 2736 1726 nauseam
2777 1672 2996 1738 excitat,
3023 1683 3076 1729 et
3105 1675 3171 1729 ad
3204 1676 3464 1730 vomitum

1894 1764 1978 1810 est
2007 1757 2279 1812 idoneum.
2315 1757 2456 1824 Quid
2500 1761 2662 1830 igitur
2699 1776 2880 1816 causa;
2910 1772 3013 1828 est,
3051 1777 3152 1818 cur
3181 1764 3309 1818 olim
3340 1764 3463 1834 qui-

232 1846 316 1897 καὶ
349 1844 481 1914 πρὸς
511 1844 702 1915 ἔμετον
731 1844 1051 1914 ἐπιτήδειον.
1090 1843 1154 1895 Τί
1183 1839 1274 1896 οὖν
1303 1843 1365 1895 τὸ
1399 1843 1589 1906 αἴτιον,
1623 1843 1786 1896 πάλαι

1891 1846 2014 1901 dem
2039 1849 2376 1918 temporibus
2397 1825 2786 1921 discipulorum
2815 1853 2882 1907 ad
2913 1825 3206 1910 Ecclesiam
3233 1825 3464 1925 plurima

235 1937 322 2007 μὲν
349 1937 437 1988 ἐπὶ
472 1935 582 1989 τῶν
618 1935 873 2005 μαθητῶν
915 1933 1002 1988 διὰ
1043 1934 1138 1986 τοῦ
1183 1933 1390 2005 Κυρίου
1421 1933 1555 1987 πολὺ
1590 1932 1792 2002 πλῆθος

229 2031 289 2097 τῇ
333 2026 628 2098 Ἐκκλησία
664 2023 1068 2096 προσάγεσθαι,
1117 2025 1232 2078 νυνὶ
1276 2024 1333 2076 δὲ
1376 2024 1500 2087 τοὺς
1544 2023 1786 2094 μακροὺς

231 2119 315 2172 καὶ
338 2117 681 2188 περικαλλεῖς
712 2115 820 2169 τῶν
845 2115 1178 2169 διδασκάλων
1207 2115 1396 2183 λόγους
1424 2116 1790 2186 παρατρέχειν

231 2209 532 2279 ἀπράκτους
549 2223 564 2272 ;

301 2302 440 2370 Ἐρεῖ
470 2317 557 2364 τις
586 2300 734 2362 ἴσως,
762 2298 842 2352 δτι
870 2299 990 2352 τότε
1025 2301 1284 2372 συνήργει
1319 2302 1432 2374 τοῖς
1471 2299 1789 2363 ἀποστόλοις

227 2391 288 2444 τά
317 2392 376 2444 ὲκ
398 2390 509 2444 τῶν
543 2388 715 2459 ἔργων
744 2387 1017 2459 θαύματα,
1069 2390 1164 2442 καὶ
1208 2389 1268 2442 τὸ
1306 2388 1614 2453 ἀξιόπιστον
1645 2391 1674 2442 ό
1704 2389 1790 2442 λό-

228 2499 310 2550 γος
336 2481 421 2534 διὰ
445 2479 560 2532 τῶν
589 2479 942 2550 χαρισμάτων
987 2475 1122 2550 εἶχε.
1167 2480 1315 2548 Φημὶ
1361 2477 1515 2547 κάγὼ
1548 2479 1789 2549 μεγάλην

225 2575 351 2631 εἶναι
376 2575 513 2645 πρὸς
539 2571 601 2624 τὸ
627 2569 830 2624 πείθειν
853 2570 1025 2641 ῥοπὴν
1046 2571 1145 2640 τὴν
1175 2571 1238 2624 ὲκ
1257 2571 1364 2624 τῶν
1393 2571 1568 2642 ἔργων
1597 2571 1750 2643 ἰσχύν
1769 2587 1785 2603 θ

226 2665 330 2718 νυν)⁵
355 2665 410 2718 δὲ
454 2664 511 2716 τί
541 2662 647 2734 χρὴ
687 2661 755 2714 τά
788 2661 1045 2730 γινόμενα
1073 2661 1353 2732 ἡγεῖσθαι;
1394 2662 1504 2714 Καὶ
1537 2662 1635 2732 οὐχ
1656 2663 1787 2733 ὁρᾷς

226 2759 285 2810 τὰ
307 2757 459 2828 ὃμοια
488 2756 590 2824 τῆς
619 2753 853 2815 πίστεως
887 2751 1138 2822 θαύματα
1162 2769 1176 2818 ;
1209 2751 1525 2822 Οῖκειοῦμαι
1548 2753 1656 2822 γὰρ
1678 2752 1787 2806 τῶν

227 2846 518 2916 ὁμοδούλων
550 2842 706 2915 ἡμῶν
745 2842 816 2896 τὰ
841 2841 1285 2914 κατορθώματα,
1328 2841 1406 2911 τῷ
1439 2841 1583 2912 αὐτῷ
1621 2843 1786 2895 πνεύ-

228 2955 341 3008 ματι
367 2935 709 3006 στοιχοῶθτες
747 2936 805 2987 ὲν
829 2937 896 3004 τῇ
923 2933 1148 3003 δυνάμει
1181 2934 1288 2987 τῶν
1322 2932 1534 2988 ἰάσεων.
1565 2935 1787 3004 Μαρτυ-

227 3029 360 3099 ροῢσι
401 3031 467 3100 τῇ
520 3026 745 3096 ἀληθείᾳ
785 3025 879 3077 τοῦ
931 3024 1087 3092 λόγου
1134 3024 1324 3094 ἄνδρες
1374 3024 1432 3090 ἐξ
1489 3022 1785 3095 ὑπερορίας

223 3123 444 3191 ἧκοντες,
481 3120 699 3173 πολῖται
723 3115 816 3170 τοῦ
844 3118 1048 3188 πατρὸς
1072 3117 1227 3188 ἡμῶν
1259 3116 1595 3188 Ἀϐραάμ,ὲξ
1615 3117 1786 3171 Μεσοσ⁸

223 3212 480 3284 ποταμίας
521 3209 870 3282 ὡρμημένοι,
918 3207 1223 3274 ἐξελθόντες
1264 3209 1358 3262 καὶ
1402 3203 1547 3262 οὗτοι
1581 3208 1646 3261 ὲκ
1685 3208 1783 3278 τῆς

221 3302 311 3372 γῆς
336 3305 425 3358 καὶ
474 3305 545 3356 ὲκ
573 3301 669 3372 τῆς
713 3298 1030 3368 συγγενείας
1076 3298 1254 3352 αὐτῶν
1304 3299 1397 3352 καὶ
1443 3295 1538 3350 τοῦ
1571 3297 1782 3368 ,κόσμου

221 3397 423 3462 παντὸς,
465 3396 609 3467 πρὸς
647 3394 872 3466 οὐρανὸν
905 3392 1211 3462 βλέποντες,
1261 3389 1624 3460 ἐκδημοῦντες
1660 3389 1784 3460 τρό-

221 3503 308 3540 πον
338 3488 453 3542 τινά
487 3486 590 3556 τῆς
621 3484 984 3556 ἀνθρωπίνης,
1018 3481 1130 3536 ἄνω
1169 3481 1277 3536 τῶν
1308 3481 1406 3550 τῆς
1434 3481 1648 3549 φύσεως
1680 3497 1784 3533 πα-

223 3578 464 3649 θημάτων
499 3577 801 3648 ἱστάμενοι,
830 3572 1080 3628 τοσοῦτον
1107 3574 1470 3643 ἐφαπτόμενοι
1501 3572 1600 3642 τῆς
1634 3571 1782 3642 ζωῆς

217 3669 402 3740 ταύτης
449 3671 578 3724 ὅσον
627 3667 956 3734 ἐπάναγκες,
1005 3662 1082 3734 τῷ
1131 3663 1188 3717 δὲ
1222 3663 1422 3716 πλείονι
1469 3663 1622 3734 μέρει
1661 3665 1782 3726 ταῖς

219 3759 517 3830 ἀσωμάτοις
548 3757 1134 3828 συμμετεωροποροῦσι
1165 3756 1445 3826 δυνάμεσι,
1479 3755 1700 3826 γηραιοὶ
1719 3753 1781 3806 τὸ

219 3847 360 3917 εἶδος,
391 3852 584 3924 σεμνοὶ
629 3851 764 3921 πρὸς
815 3849 981 3913 ἰδέαν,
1030 3849 1190 3919 πολιᾷ
1239 3847 1562 3914 στίλϐοντες,
1601 3849 1777 3918 σιωπῇ

216 3943 702 4016 κατησφαλισμένοι
733 3941 802 3994 τὰ
850 3941 1112 4010 στόματα,
1153 3940 1475 4010 λογομαχεῖν
1514 3939 1614 3992 οὐκ
1646 3938 1781 3992 εἰδό-

221 4052 317 4099 τες,
349 4037 601 4106 συζητεῖν
649 4033 709 4086 οὐ
761 4031 1022 4104 μαθόντες
1051 4049 1066 4062 ο
1119 4031 1385 4102 τοσαύτην
1419 4031 1599 4102 έχουσι
1639 4029 1781 4083 κατὰ

220 4128 314 4179 τῶν
339 4126 669 4199 πνευμάτων
709 4123 807 4196 τὴν
840 4123 1108 4187 ἐξουσίαν,
1139 4122 1215 4185 ὡς
1243 4121 1495 4190 θαύματα
1532 4121 1677 4192 μόνῳ
1701 4119 1779 4190 τῷ

217 4218 445 4274 δοκοῦντι
473 4215 928 4288 κατεργάζεσθαι,
972 4215 1065 4268 καὶ
1088 4214 1390 4283 ὑποχωρεῖν
1411 4211 1478 4265 τά
1507 4211 1776 4280 δαιμόνια,

217 4309 271 4360 οὐ
307 4305 680 4377 συλλογισμῶν
711 4304 948 4374 τέχναις,
993 4301 1107 4356 ἀλλ’
1148 4300 1366 4371 ἐξουσίᾳ
1393 4300 1493 4369 τῆς
1521 4298 1775 4364 πίστεως,

218 4397 306 4451 οὐκ
347 4401 424 4462 είς
461 4396 702 4467 ἀπορίαν
733 4394 1070 4463 ἀντιφάσεως
1105 4391 1475 4462 περιαγόμενα
1499 4429 1512 4452 ,
1550 4389 1662 4443 ἀλλ’
1700 4389 1779 4450 είς

1890 1937 2182 1992 multitudo
2228 1953 2261 1993 a
2311 1938 2542 1995 Domino
2565 1949 2969 2012 aggregaretur,
2996 1943 3104 2012 iam
3133 1959 3263 1998 vero
3292 1945 3466 2014 longe

1890 2035 1943 2083 et
1994 2036 2200 2083 ornata:
2251 2029 2533 2085 doctorum
2598 2031 2887 2088 conciones
2935 2033 3052 2088 sine
3102 2035 3212 2089 ullo
3269 2034 3467 2090 eﬂ‘ectu

1891 2119 2270 2188 pratervolent
2284 2119 2308 2172 ?

1960 2305 2217 2362 Fortasse
2271 2306 2414 2363 dicet
2461 2307 2764 2379 quispiam,
2814 2310 2962 2380 quod
3021 2321 3132 2366 tum
3187 2311 3464 2382 apostolos

1889 2395 2150 2449 miracula
2175 2411 2241 2451 ex
2271 2397 2527 2467 operibus
2548 2397 2888 2467 adiuvarent,
2917 2409 2972 2455 et
3002 2401 3090 2456 illa
3116 2401 3296 2456 divina
3321 2402 3464 2456 dona

1889 2485 2121 2539 orationi
2154 2483 2312 2540 ﬁdem
2347 2487 2721 2542 conciliarent.
2756 2487 2869 2559 Ego
2907 2505 3039 2561 vero
3081 2505 3336 2561 magnum
3377 2491 3437 2545 af
3444 2523 3464 2536 -

1889 2572 2033 2629 ferre
2065 2575 2130 2628 ad
2156 2576 2568 2644 persuasionem
2601 2589 2932 2632 momentum
2961 2557 3069 2632 vim
3096 2595 3319 2649 operum
3354 2596 3464 2636 non

1888 2663 2135 2719 diﬂiteor.
2170 2665 2366 2720 Verum
2401 2665 2550 2736 quid,
2579 2683 2783 2737 quaeso,
2820 2669 2887 2724 de
2937 2670 3004 2723 iis
3044 2685 3165 2739 quae
3194 2686 3338 2724 nunc
3373 2686 3465 2739 ge-

1886 2761 2082 2807 runtur
2135 2755 2508 2810 arbitrandum
2564 2758 2685 2811 est?
2727 2773 2906 2812 nonne
2954 2759 3106 2834 paria
3156 2759 3278 2813 ﬁdei
3310 2760 3463 2814 vides

1886 2843 2196 2898 miracula?
2226 2859 2614 2900 conservorum
2666 2848 2808 2902 enim
2844 2857 3157 2902 nostrorum
3201 2849 3462 2918 praeclara

1887 2933 2130 2988 facinora
2162 2943 2350 2990 nostra
2375 2945 2584 3006 reputo,
2619 2927 2936 3008 qui-eodem
2979 2939 3036 2992 in
3071 2940 3272 2994 virtute
3299 2955 3462 2994 cura-

1884 3025 2096 3078 tionum
2130 3026 2324 3094 spiritu
2352 3028 2636 3083 nobiscum
2660 3029 2956 3084 ducuntur.
2992 3029 3164 3099 Hujus
3194 3031 3462 3087 orationis

1886 3115 2103 3170 veritati
2141 3117 2509 3173 testimonium
2539 3117 2730 3174 dicunt
2771 3119 2872 3176 viri
2906 3119 2973 3176 ab
3003 3121 3204 3178 exteris
3249 3129 3303 3177 et
3346 3122 3465 3179 lon-

1884 3206 2100 3276 ginquis
2140 3207 2452 3278 regionibus
2493 3209 2725 3276 advecti,
2759 3211 2928 3279 patris
2975 3212 3144 3266 nostri
3185 3211 3461 3287 Abraham

1884 3297 2031 3352 cives
2059 3312 2122 3350 ex
2157 3298 2543 3380 hiesopqtamia
2578 3299 2830 3370 proiecti,
2863 3303 2956 3371 qui
2995 3310 3050 3357 et
3097 3303 3199 3372 ipsi
3221 3304 3288 3359 de
3321 3315 3463 3360 terra

1883 3395 1937 3442 et
1989 3390 2312 3458 cognatione
2363 3407 2500 3455 sua,
2561 3400 2724 3463 atque
2773 3392 2907 3447 adeo
2965 3409 3033 3448 ex
3089 3402 3205 3450 toto
3257 3398 3464 3452 mundo

1882 3479 2129 3548 egressi,
2168 3481 2342 3536 oculis
2381 3481 2445 3536 ad
2489 3484 2688 3538 ccelum
2736 3484 3038 3550 conversis,
3072 3492 3126 3538 et
3165 3493 3318 3540 extra
3358 3487 3462 3540 hu-

1881 3583 2098 3623 manam
2131 3572 2534 3640 quodammodo
2568 3575 2976 3646 peregrinantes
3005 3583 3278 3641 naturam,
3305 3585 3460 3632 extra

1882 3673 2095 3714 omnem
2121 3662 2584 3730 perturbationum
2612 3665 2782 3720 aleam
2824 3667 3124 3731 constituti,
3153 3674 3360 3721 tantum
3392 3684 3462 3724 ex

1883 3751 1985 3806 hac
2011 3752 2120 3806 vita
2148 3752 2411 3820 delibant,
2435 3768 2696 3824 quantum
2718 3771 2944 3814 necesse
2968 3765 3052 3814 est
3077 3776 3090 3825 ;
3115 3760 3310 3828 potiori
3335 3775 3461 3814 vero

1881 3845 1966 3899 sui
2011 3856 2165 3914 parte
2213 3861 2336 3902 cum
2387 3848 2724 3918 incorporeis
2777 3850 3072 3919 virtutibus
3121 3852 3176 3904 in
3226 3852 3460 3907 excelsis

1879 3941 2191 3997 versantur,
2216 3935 2374 3990 senili
2421 3937 2622 4006 specie,
2658 3944 2822 4007 atque
2869 3946 3093 4009 aspectu
3128 3939 3456 4006 venerando,

1880 4024 2082 4079 canitie
2113 4026 2478 4096 splendentes,
2530 4036 2583 4082 et
2625 4028 2911 4099 obsignata
2955 4030 3171 4086 silentio
3209 4036 3454 4084 tenentes

1879 4128 1998 4181 ora,
2022 4115 2116 4183 qui
2150 4115 2430 4170 decertare
2459 4117 2638 4171 verbis
2668 4119 3125 4187 nesciunt,neque
3154 4119 3462 4187 disquirere

1880 4215 1973 4262 aut
1999 4207 2306 4277 disceptare
2343 4207 2672 4271 didicerunt,
2707 4217 3021 4277 tantamque
3053 4209 3316 4262 adversus
3351 4211 3462 4277 spi-

1878 4299 2015 4353 ritus
2060 4298 2305 4353 obtinent
2348 4305 2695 4368 potestatem,
2732 4308 2790 4352 ut
2817 4298 3079 4352 miracula
3108 4301 3225 4353 sola
3264 4301 3460 4354 volun-

1880 4392 1989 4441 tate
2019 4385 2318 4455 perliciant,
2350 4393 2404 4440 et
2449 4386 2713 4440 daemonia
2762 4386 3058 4440 abscedant
3089 4403 3192 4441 non
3238 4390 3460 4460 syllogi-

217 4488 268 4540 τὸ
301 4491 483 4552 σκότος
512 4488 571 4540 τὸ
607 4485 866 4556 ἐξώτερον
895 4483 1325 4553 ἀπελαυνόμενα.
1374 4479 1560 4543 Οὕτως
1586 4477 1724 4532 οἶδεν
1748 4479 1776 4530 ό

1888 4492 2121 4532 smorum
2153 4477 2403 4541 artiﬁcio,
2442 4477 2534 4531 sed
2572 4476 2696 4530 tidei
2718 4477 2977 4546 potentia,
3013 4494 3120 4533 non
3163 4480 3215 4532 in
3250 4495 3343 4536 eas
3375 4497 3460 4535 re-

218 4579 530 4649 Χριστιανὸς
563 4575 1000 4644 συλλογίζεσθαι’
1043 4575 1213 4629 ταῦτα
1242 4573 1342 4642 τῆς
1371 4572 1603 4634 πίστεως
1626 4569 1780 4641 ἡμῶν

217 4669 277 4721 τὰ
295 4669 711 4742 κατορθώματα.
728 4667 828 4719 Διά
845 4666 894 4719 τί
911 4662 1000 4719 οὖν
1018 4667 1080 4719 οὐ
1111 4665 1390 4736 πείθομεν,
1422 4665 1470 4716 εἰ
1499 4663 1780 4725 πλεονάζει

218 4758 315 4812 τῶν
365 4759 609 4830 ἰαμάτων
649 4760 682 4828 ἠ
713 4759 908 4829 χάρις;
953 4758 1000 4808 εἰ
1048 4753 1360 4826 περισσεύει
1402 4756 1435 4824 ὴ
1465 4754 1781 4807 διδασκαλία

220 4851 302 4902 τοῦ
324 4852 483 4919 λόγου
505 4867 518 4914 ;
549 4848 751 4902 Πάντα
781 4847 849 4901 δὲ
871 4848 1054 4900 ταῦτα
1078 4845 1308 4914 eram-ei
1321 4843 1391 4896 ἐν
1421 4844 1606 4897 καὶτὸ
1633 4843 1782 4898 αὐτό

220 4941 448 5011 Πνεῦμα
467 4980 482 5006 ,
509 4941 779 5010 διαιροῦν
821 4939 942 5004 ίδίςι
979 4938 1215 4999 ἑκάστῳ
1247 4935 1440 5000 καθὼς
1467 4935 1778 4999 βούλεται.

218 5029 304 5081 Διά
329 5030 380 5081 τί
409 5032 471 5083 οὐ
505 5030 712 5098 γίνεται
744 5031 777 5098 ἡ
809 5026 918 5079 τῶν
951 5025 1275 5095 σωζομένων
1301 5025 1620 5096 προσθήκη;
1670 5024 1780 5076 Καὶ

221 5122 400 5191 μηδεὶς
447 5122 740 5174 ὑπονοείτω
789 5117 990 5190 μικράν
1043 5116 1139 5188 τὴν
1208 5116 1484 5186 παροῦσαν
1530 5113 1778 5186 ἡγεῖσθαι

221 5212 384 5280 χάριν.
422 5211 571 5283 Ὀρῶ
618 5209 877 5281 κομῶσαν
919 5209 1018 5279 τὴν
1063 5206 1341 5277 ἄμπελον,
1383 5206 1782 5276 εύθηνουμένην

222 5306 328 5367 ταῖς
360 5304 674 5374 κληματίσι,
705 5304 798 5355 καὶ
826 5301 904 5372 τῷ
933 5299 1131 5370 καρπῷ
1175 5297 1571 5361 πλεονάζουσαν
1603 5314 1617 5328 ο
1671 5295 1783 5366 ὁρῶ

223 5395 610 5466 κυμαινομένην
631 5394 708 5465 τῷ
736 5393 927 5464 πλήθει
948 5392 1056 5444 τῶν
1077 5388 1361 5458 ἀσταχύων
1387 5387 1484 5458 τὴν
1511 5387 1776 5458 ἄρουραν·

223 5484 347 5552 βαθὺ
395 5489 457 5540 τὸ
501 5487 680 5559 λήϊον,
727 5485 886 5555 ἁδρὸν
933 5484 994 5536 τὸ
1028 5482 1267 5552 δράγμα,
1299 5479 1465 5542 πολὺς
1501 5479 1529 5530 ὁ
1559 5478 1776 5550 σπόρος.

231 5575 380 5631 Ἀλλά
412 5578 465 5630 τί
506 5579 692 5643 πάθω;
744 5576 1090 5646 Ἀπλήρωτον
1120 5573 1256 5642 ἔχων
1287 5571 1345 5622 ἐν
1379 5572 1490 5631 τοῖς
1521 5568 1780 5633 τοιούτοις

222 5666 309 5737 τὴν
356 5668 518 5737 φύσιν
559 5669 636 5738 τῷ
682 5668 842 5722 πάθει
893 5665 1000 5718 τῶν
1047 5661 1414 5735 φιλοπλούτων
1454 5660 1774 5731 κατέχομαι.

291 5852 333 5883 ⁸⁷
373 5854 540 5922 Apoc.
570 5869 648 5916 in,
692 5853 776 5905 15.
932 5857 978 5889 ⁸⁸
1015 5855 1037 5910 ι
1083 5857 1210 5915 Cor.
1245 5872 1342 5924 xu,
1380 5855 1468 5910 lt.

1879 4567 2024 4622 dacti
2054 4568 2355 4637 angustias,
2387 4574 2444 4620 ut
2488 4565 2621 4620 nihil
2661 4567 3057 4634 contradicant,
3091 4568 3185 4623 sed
3227 4569 3281 4623 in
3311 4578 3462 4625 tene-

1879 4661 2006 4714 bras
2031 4659 2333 4714 exteriores
2359 4659 2557 4714 abacti.
2593 4656 2682 4713 Sic
2711 4659 2860 4713 novit
2893 4660 3236 4731 syllogismos
3278 4670 3459 4716 texere

1877 4748 2262 4804 Christianus:
2299 4763 2361 4802 ea
2410 4756 2539 4802 sunt
2594 4747 2717 4802 ﬁdei
2779 4756 2976 4803 nostrae
3025 4751 3286 4818 praclara
3328 4750 3461 4804 faci-

1877 4856 2031 4894 nora.
2086 4839 2196 4894 Cur
2240 4855 2369 4909 ergo
2411 4855 2519 4893 non
2564 4840 2858 4904 credimus,
2907 4841 2953 4895 si
2999 4839 3238 4893 abundat
3282 4840 3456 4909 gratia

1878 4933 2169 4988 sanitatum
2191 4971 2204 4995 ,
2247 4932 2292 4986 si
2329 4933 2593 4987 exuberat
2619 4931 2867 4986 doctrina
2897 4933 3081 4987 verbi?
3127 4930 3252 4984 "(rc
3282 4941 3458 4984 autem

1880 5026 2059 5079 omnia
2110 5033 2358 5093 operatur
2410 5021 2554 5078 unus
2587 5033 2742 5092 atque
2769 5025 2903 5078 idem
2930 5022 3185 5091 Spiritus,
3223 5021 3456 5076 dividens

1878 5115 2100 5185 singulis
2144 5124 2298 5184 prout
2334 5115 2446 5168 vult
2472 5115 2555 5167 ⁸⁸ι
2593 5129 2691 5168 cur
2719 5130 2826 5168 non
2877 5114 2934 5166 tit
2979 5127 3167 5167 eorum
3214 5113 3308 5181 qui
3351 5113 3458 5166 sal-

1879 5216 2074 5261 ventur
2104 5207 2383 5262 accessio?
2414 5206 2598 5276 Neque
2632 5221 2760 5260 vero
2787 5207 2840 5259 in
2866 5211 3096 5258 mentem
3121 5205 3304 5258 veniat
3342 5204 3459 5257 cui-

1882 5315 2045 5369 quam
2074 5303 2322 5369 exiguam
2350 5307 2670 5367 przesentcm
2696 5298 2920 5368 gratiam
2944 5293 3458 5351 cxistimare.Vidco

1888 5401 2188 5445 comantem
2231 5391 2417 5453 vitem,
2450 5389 2716 5458 pampinis
2748 5396 2801 5444 et
2836 5389 3122 5443 sarmentis
3160 5388 3456 5442 silvescen-

1887 5491 2015 5543 tem,
2054 5497 2115 5534 ac
2160 5481 2390 5534 racemis
2429 5481 2845 5542 exuberantem,
2875 5495 3060 5549 agrum
3101 5479 3266 5549 spicis
3296 5478 3458 5531 luxn-

1886 5575 2152 5641 riantem,
2209 5573 2433 5626 densam
2481 5577 2751 5640 segetem,
2790 5571 3025 5640 amplum
3079 5569 3411 5639 manipulum
3439 5605 3457 5631 ,

1886 5665 2108 5719 multam
2155 5669 2470 5720 sementem.
2520 5660 2661 5727 Quid
2699 5675 2828 5731 ergo
2876 5670 2959 5716 est
3007 5661 3147 5730 quod
3196 5675 3281 5715 me
3321 5657 3460 5712 niale
