3882 6428
419 359 515 413 5ὕ1

1653 348 1709 402 S.
1751 343 2082 402 GREGORII
2123 342 2166 398 Ν
2179 340 2419 399 YSSENI

3568 328 3662 384 552

413 469 612 530 habet?
635 465 947 538 lnexplebili
967 465 1203 537 quadam
1231 465 1286 519 in
1310 461 1579 534 ejusmodi
1607 462 1768 517 rebus
1791 469 1986 515 natura

2121 458 2286 520 iam;
2329 455 2646 528 περιουσίας
2691 454 2814 524 ὄρος
2861 450 2958 524 τὴν
3005 446 3297 518 ἐπιθυμίαν
3349 446 3546 516 ἵστησι.
3591 447 3658 500 Th

412 563 694 634 praeditus,
729 560 917 616 eodem
948 573 1074 613 cum
1109 558 1290 613 avaris
1330 556 1522 611 morbo
1551 555 1776 610 laboro:
1808 553 1992 609 nullus

413 659 581 724 copim
602 659 655 707 et
678 650 1051 708 redundantia:
1072 649 1336 705 terminus
1359 647 1710 718 cupiditatem
1736 645 1988 708 cohibet;

414 747 466 800 id
493 744 639 815 quod
675 745 728 798 in
766 744 882 798 dies
920 741 1153 804 accedit,
1183 739 1252 794 ad
1294 741 1447 810 plura
1480 745 1739 809 provocat
1785 737 1995 806 appeti-

413 848 552 904 tum,
581 845 635 892 et
666 838 722 891 in
768 835 1010 890 fomitem
1052 833 1304 889 desiderii
1350 831 1620 901 majorum
1663 843 1828 899 opum
1861 842 1994 882 con-
2031 862 2036 865 -

415 930 664 983 vertitur.
699 927 781 982 Me
809 927 1026 997 quidem
1062 925 1332 980 oblectant
1359 937 1421 978 ea
1473 935 1590 992 qua:
1615 927 1900 974 versantur
1925 918 1996 973 ob

413 1019 606 1077 oculos
631 1038 646 1087 ;
675 1021 1033 1091 praesentibus
1071 1025 1368 1088 torqueor;
1400 1028 1601 1070 novum
1633 1010 1996 1083 perturbatio-

418 1113 504 1168 nis
537 1127 707 1182 genus
735 1127 801 1166 ex
823 1109 1114 1166 contrariis
1151 1107 1498 1164 commistum
1541 1105 1784 1160 animum
1814 1117 1996 1157 meum

419 1201 727 1270 occupavit,
759 1209 1015 1268 tanquam
1043 1198 1320 1268 voluptate
1357 1213 1480 1252 cum
1509 1195 1730 1251 tristitia
1752 1201 1998 1250 contem.

418 1301 624 1362 perata.
661 1291 836 1360 Atque
881 1290 934 1344 in
965 1304 1062 1345 vos
1101 1288 1320 1360 quidem
1356 1289 1402 1343 si
1441 1295 1756 1343 convertam
1787 1287 1996 1351 oculos,

418 1383 474 1437 in
499 1383 650 1436 vobis
671 1381 1001 1437 desiderium
1025 1387 1274 1436 nostrum
1293 1378 1620 1449 acquiescit;
1649 1379 1695 1434 si
1711 1391 1842 1432 vero
1857 1375 1999 1446 quod

419 1473 570 1528 deest
621 1473 675 1526 in
720 1471 1038 1527 memoriam
1076 1470 1281 1536 redeat,
1323 1485 1430 1525 non
1471 1469 1646 1524 habeo
1690 1485 1800 1540 quo
1839 1475 2000 1538 pacto

419 1565 784 1619 calamitatem
817 1563 1111 1633 deplorem.
1141 1561 1403 1616 Homines
1426 1563 1569 1616 enim
1599 1563 1911 1615 omittentes
1942 1561 1998 1614 in

419 1655 651 1710 Domino
679 1655 936 1726 gaudere,
959 1664 1012 1709 et
1043 1670 1110 1708 ex
1141 1651 1398 1709 Ecclesiae
1431 1667 1561 1722 pace
1591 1652 1776 1706 animo
1804 1665 1999 1722 capere

2099 552 2186 606 ἀεὶ
2215 549 2641 620 προσγινόμενον
2663 545 2797 617 πρὸς
2825 542 2886 596 τὸ
2911 541 3073 595 πλέον
3096 538 3329 610 ἐρεθίζει
3352 537 3449 608 τὴν
3473 537 3657 607 δρεξιν,

2107 641 2442 711 ὑπέκκαυμα
2489 639 2587 708 τῆς
2634 637 2728 691 τοῦ
2770 634 3014 695 πλείονος
3053 630 3344 700 ἐπιθυμίας
3372 630 3653 697 γινόμενον.

2103 733 2398 804 Εύφραίνει
2423 751 2489 802 με
2517 729 2588 783 τὰ
2613 727 2884 799 ὁρώμενα.
2906 727 3031 788 Τοῖς
3058 722 3320 793 παροῦσιν
3350 719 3658 788 άγάλλομαι,

2106 825 2198 878 καὶ
2223 824 2335 885 τοῖς
2365 819 2596 876 ἀποῦσιν
2629 817 2957 887 ἀλγύνομαι·
3002 813 3176 867 κοινόν
3201 829 3252 864 τι
3284 809 3456 872 πάθος
3481 811 3542 862 ἐκ
3563 809 3664 863 τῶν

2103 913 2362 970 ἐναντίων
2385 912 2689 982 σύμμικτον
2713 909 2810 979 τὴν
2834 906 3011 977 ψυχὴν
3038 904 3296 974 περιέχει,
3326 901 3518 972 ἡδονῆς
3537 899 3663 970 πρὸς

2099 1007 2278 1077 λύπην
2312 1001 2786 1072 συγκεκραμένης.
2839 997 2963 1051 Ἐὰν
3003 995 3141 1065 πρὸς
3185 995 3330 1064 ὑμᾶς
3369 990 3660 1059 ἀναϐλέψω,

2103 1101 2230 1171 ὑμῖν
2264 1094 2597 1151 ἐπαναπαύω
2625 1093 2716 1146 τὸν
2756 1089 2918 1144 πόθον
2938 1103 2952 1117 ·
2999 1089 3093 1141 ἐὰν
3129 1085 3190 1139 τὸ
3230 1085 3417 1137 λεῖπον
3446 1081 3662 1171 λογίσω-

2105 1169 2224 1260 μαι,
2247 1187 2348 1240 οὐκ
2369 1186 2476 1257 ἔχω
2498 1185 2646 1246 ὅπως
2679 1177 2919 1244 στενάξω
2946 1177 3042 1248 τὴν
3085 1173 3393 1245 συμφοράν.
3428 1172 3532 1224 Καὶ
3562 1169 3660 1241 γὰρ

2101 1279 2330 1349 ἀφέντες
2357 1279 2407 1330 οἱ
2445 1276 2720 1347 ἄνθρωποι
2747 1273 2807 1326 τὸ
2833 1271 3182 1341 κατατρυφᾷν
3210 1267 3303 1320 τοῦ
3335 1266 3556 1337 Κυρίου,
3579 1264 3664 1318 καὶ

2100 1371 2194 1424 ἐπὶ
2230 1373 2297 1440 τῇ
2337 1369 2526 1439 εἰρήνῃ
2555 1367 2653 1436 τῆς
2697 1363 3021 1433 Ἑκκλησίας
3056 1359 3462 1431 εὐφραίνεσθαι,
3494 1356 3665 1420 οὐσίας

2104 1460 2256 1525 τινὰς
2289 1457 2683 1530 τεχνολογοῦσι,
2707 1457 2800 1509 καὶ
2837 1453 3038 1525 μεγέθη
3067 1449 3524 1520 καταμετροῦσιν,
3551 1448 3665 1500 Υίὸν

2105 1552 2281 1624 Πατρὶ
2301 1549 2800 1622 παραμετροῦντες,
2833 1547 2925 1600 καὶ
2949 1543 3333 1614 περισσότερον
3355 1539 3448 1592 τοῦ
3481 1539 3665 1609 μέτρου

2105 1644 2184 1716 τῷ
2219 1644 2394 1714 Πατρὶ⁵
2418 1640 2784 1712 χαριζόμενοι.
2815 1637 2912 1700 Τίς
2955 1636 3098 1688 εἴποι
3131 1634 3343 1696 αὐτοῖς’
3384 1632 3455 1684 Τὸ
3483 1631 3666 1684 ἄποσον

417 1720 776 1818 voluptatem,
810 1747 877 1802 de
911 1745 1234 1802 substantiis
1275 1720 1460 1800 nescio
1493 1743 1693 1814 quibus
1743 1720 2001 1813 argu'tan-

2121 1735 2162 1789 ιὺ
2193 1736 2468 1806 μετρεῖται
2491 1748 2505 1764 ο
2548 1730 2610 1783 τὸ
2649 1729 2822 1792 ἀειδὲς
2849 1728 2911 1781 οὑ
2939 1725 3291 1797 δοκιμάζεται
3313 1737 3327 1753 ⁸
3359 1722 3422 1775 τὸ
3464 1720 3668 1792 ἀσώμα-

419 1847 533 1904 tur,
573 1846 626 1895 et
668 1839 1069 1910 magnitudines
1101 1837 1478 1900 dimetiuntur,
1511 1834 1709 1890 Filium
1744 1852 1809 1890 ex
1850 1851 2003 1891 com-

420 1932 704 2001 paratione
747 1944 871 1985 cum
919 1927 1078 1983 Patre
1117 1929 1437 1994 metiuntur,
1487 1935 1542 1983 et
1595 1926 1741 1996 quod
1792 1926 2006 1980 excedit

421 2037 760 2085 mensuram,
795 2021 937 2076 Patri
970 2020 1296 2090 largiuntur.
1329 2017 1464 2084 Quis
1503 2018 1606 2073 hoc
1630 2017 1833 2072 dixerit
1856 2017 1993 2071 illis:

422 2113 576 2181 Quod
603 2112 868 2182 quantum
898 2129 1006 2167 non
1036 2121 1142 2176 est,
1183 2127 1291 2165 non
1327 2114 1712 2173 mensuratur;
1745 2106 1888 2176 quod
1923 2107 2007 2160 in-

421 2220 746 2275 corporeum
792 2212 915 2271 est,
970 2219 1081 2258 non
1130 2202 1502 2274 ponderatur;
1547 2199 1692 2270 quod
1734 2198 2003 2252 infinitum

421 2305 528 2363 est,
563 2312 671 2352 non
697 2305 1046 2366 comparatur
1072 2312 1087 2361 ;
1121 2293 1265 2363 quod
1295 2307 1403 2347 non
1431 2299 1802 2361 comparatur,
1833 2289 2006 2359 pluris

423 2396 518 2442 aut
567 2387 795 2442 minoris
827 2386 1094 2441 rationem
1137 2400 1245 2440 non
1283 2383 1519 2438 admittit
1557 2400 1571 2435 :
1623 2381 1890 2451 siquidem
1939 2395 2006 2434 ex

425 2491 608 2533 rerum
649 2476 789 2530 inter
835 2475 984 2544 ipsas
1025 2473 1435 2544 comparatione
1483 2485 1771 2526 excessum
1809 2469 2010 2541 colligi-

425 2581 568 2623 mus.
626 2565 757 2636 Ejus
806 2572 1018 2629 autem,
1065 2565 1225 2634 cujus
1274 2564 1400 2619 linis
1456 2562 1842 2633 comprehendi
1900 2579 2010 2618 non

426 2664 626 2728 potest,
679 2670 963 2710 excessum
1016 2662 1196 2709 mente
1235 2654 1552 2723 contingere
1603 2665 1764 2706 nemo
1806 2649 2015 2721 potest?

427 2747 650 2803 Memini
672 2763 772 2818 ego
796 2747 942 2802 illius
965 2745 1180 2816 psalmi,
1206 2761 1364 2816 quem
1391 2745 1739 2800 succinentes
1761 2757 1824 2797 ac
1847 2741 2010 2798 simul

427 2841 660 2912 hymnos
688 2848 1044 2911 personantes
1075 2840 1536 2911 ingrediebamur,
1569 2842 1796 2908 Magnus
1825 2837 2013 2892 Domi-

2104 1843 2196 1880 τον
2230 1826 2288 1878 οὑ
2330 1823 2682 1894 σταθμίζεται
2703 1838 2716 1852 ·
2753 1820 2814 1872 τὸ
2834 1820 3081 1888 ἀόριστον
3116 1819 3174 1870 οὐ
3209 1813 3555 1886 συγκρίνεται
3576 1829 3591 1845 ο
3614 1811 3668 1864 τὺ

2111 1917 2187 1989 μὴ
2242 1914 2666 1985 συγκρινόμενον
2703 1911 2799 1965 τοῦ
2846 1910 3089 1971 πλείονος
3138 1908 3231 1960 καὶ
3266 1907 3540 1966 ἐλάττονος
3581 1903 3668 1955 οὑκ

2108 2007 2418 2077 ἐπιδέχεται
2440 2005 2618 2073 λόγον.
2665 2003 2758 2055 Ἐκ
2786 2001 2894 2070 γὰρ
2922 2001 3020 2071 τῆς
3053 1999 3162 2052 τῶν
3186 1996 3520 2068 πραγμάτων
3546 1992 3667 2077 πρὸς

2110 2075 2315 2170 ἄλληλα
2340 2095 2699 2168 παραθέσεως
2727 2094 2788 2146 τὸ
2821 2092 2982 2146 πλέον
3017 2087 3473 2158 ἐπιγινώσκομεν.
3513 2075 3583 2138 Οὗ
3619 2081 3670 2135 δὲ

2109 2191 2170 2245 τὸ
2219 2191 2372 2254 τέλος
2426 2189 2685 2258 ἄληπτον,
2743 2184 2934 2238 τούτου
2984 2183 3044 2235 τὸ
3106 2180 3270 2233 πλέον
3320 2175 3674 2244 ἀνεπινόητονς

2116 2283 2362 2336 Ἤκουσα
2398 2279 2492 2333 τοῦ
2527 2277 2935 2347 ὑποψάλματος,
2980 2273 3009 2326 ὃ
3047 2274 3200 2341 κοινῇ
3240 2269 3441 2330 πάντες
3469 2263 3668 2336 ὑμνολο-

2113 2374 2337 2443 γοῦντες
2380 2373 2640 2443 ἐπῄειμεν
2675 2386 2688 2400 ·
2747 2368 2944 2437 Μέγας
2988 2366 3203 2432 Κύριος
3239 2362 3338 2416 καί
3378 2358 3596 2430 μεγάλη
3633 2355 3666 2423 ἠ

2117 2466 2296 2535 ἰσχὺς
2315 2465 2524 2528 αὐτοῦ,
2549 2463 2644 2517 καὶ
2675 2459 2786 2529 τῆς
2808 2457 3117 2522 συνέσεως
3152 2451 3344 2508 αὑτοῦ
3383 2452 3491 2505 οὐκ
3519 2448 3669 2501 ἐστιν

2111 2557 2378 2625 ἀριθμός.
2427 2555 2469 2607 Τ
2476 2555 2491 2606 ί
2527 2549 2621 2607 οὖν
2655 2549 2813 2606 τοῦτό
2845 2550 3028 2613 tactv;
3067 2543 3397 2616 Ἀρίθμησον
3433 2541 3499 2592 τὰ
3537 2537 3670 2607 εἰρη-

2117 2648 2277 2717 μένα,
2319 2649 2412 2701 καὶ
2455 2648 2596 2709 νοεῖς
2637 2644 2697 2697 τὸ
2749 2641 3066 2714 μυστήριον.
3113 2635 3312 2705 Μέγας
3332 2633 3558 2700 Κύριος,
3584 2627 3669 2717 οὐκ

2117 2715 2238 2794 εἷπε
2261 2741 2424 2794 πόσον
2463 2737 2689 2810 μέγεθος
2721 2750 2733 2765 ·
2787 2734 2908 2788 οὑδέ
2936 2732 3045 2803 γὰρ
3070 2726 3137 2802 ἦν
3171 2727 3396 2782 δυνατὸν
3425 2723 3586 2775 εἰπεῖν
3617 2715 3670 2770 τὸ

2118 2832 2304 2897 πόσον,
2335 2829 2473 2886 ἀλλὰ
2506 2827 2584 2898 τῷ
2613 2827 2846 2899 ἀορίστῳ
2871 2824 2970 2894 τῆς
3007 2818 3285 2891 σημασίας
3327 2817 3416 2869 ἐπὶ
3443 2813 3501 2866 τὸ
3536 2811 3670 2864 ἄπει-

428 2948 528 2985 nus
559 2940 609 2985 et
641 2948 834 2999 magna
868 2932 1033 2985 virtus
1060 2918 1174 2999 ejus
1193 2948 1213 2996 ;
1249 2940 1298 2984 et
1349 2932 1623 2999 sapientia:
1654 2930 1769 2999 ejus
1807 2944 1911 2982 non
1936 2937 2014 2983 est

2121 2943 2211 2997 ρον
2253 2925 2437 2994 ὁδηγεῖ
2463 2920 2563 2992 τὴν
2595 2919 2851 2973 διάνοιαν.
2911 2914 3164 2983 Ὁμοίως,
3193 2909 3485 2999 Μεγὰληχ
3505 2903 3667 2999 φησιν,

428 3038 678 3078 numerus
705 3023 771 3076 ⁸⁸.
805 3021 946 3088 Quid
987 3023 1089 3075 hoc
1119 3037 1247 3092 ergo
1277 3023 1394 3077 est?
1433 3021 1702 3076 Enumera
1723 3035 1844 3090 quae
1869 3020 2019 3073 dicta

431 3123 584 3179 sunt,
613 3124 665 3168 et
699 3115 1014 3186 mysterium
1045 3115 1322 3184 intelligis.
1348 3114 1574 3186 Magnus
1595 3113 1880 3180 Dominus,
1909 3127 2017 3168 non

432 3209 594 3273 dixit,
621 3217 824 3280 quanta
859 3210 929 3265 sit
954 3207 1307 3278 magnitudo:
1345 3222 1518 3278 neque
1549 3208 1694 3263 enim
1720 3208 1834 3263 fieri
1866 3215 2017 3278 pote-

433 3309 520 3354 rat
559 3307 620 3354 ut
661 3299 866 3355 diceret
892 3307 1129 3368 quantus
1157 3307 1330 3354 esset:
1352 3297 1444 3355 sed
1469 3299 1575 3353 hoc
1609 3300 1730 3369 ipso
1762 3297 1908 3370 quod
1944 3298 2016 3350 ita

431 3403 554 3444 eam
587 3389 857 3461 designat,
899 3396 959 3442 ut
993 3404 1104 3444 non
1146 3388 1559 3444 circumscribat
1602 3397 1695 3444 aut
1743 3389 2015 3454 terminet,

435 3479 639 3535 sensim
690 3495 755 3534 eo
804 3488 1039 3536 mentem
1083 3479 1352 3550 provehit,
1404 3486 1465 3533 ut
1526 3479 1848 3534 immensam
1896 3493 2018 3534 esse

433 3577 748 3639 cognoscat.
785 3568 908 3624 Pari
942 3570 1125 3638 modo,
1168 3567 1388 3640 Magna,
1420 3569 1615 3637 inquit,
1651 3572 1820 3624 virtus
1853 3569 1968 3639 ejus
1998 3584 2016 3621 :

433 3659 688 3713 virtutem
710 3675 838 3714 vero
871 3675 994 3714 cum
1031 3659 1210 3725 audis,
1249 3659 1542 3729 potentiam
1571 3659 1826 3730 intellige.
1861 3659 2020 3713 Chri-

436 3759 554 3804 stus
589 3759 770 3804 autem
801 3749 894 3804 Dei
924 3750 1167 3819 potentia
1196 3759 1280 3806 est
1312 3757 1366 3804 et
1393 3749 1488 3804 Dei
1519 3749 1806 3818 sapientia,
1837 3747 1933 3804 scd
1965 3755 2020 3803 et

2121 2996 2158 3087 ἦ
2213 3015 2392 3084 ἰσχὺς
2447 3011 2634 3067 αὑτοῦ
2665 3028 2678 3041 ο
2744 3009 2896 3079 ἰσχὺν
2939 3006 2996 3060 δὲ
3053 2999 3438 3072 ἁκούσας,τὴν
3468 2996 3669 3087 δύναμιν

2123 3086 2334 3179 νόησον.
2384 3104 2619 3178 Χριστὸς
2646 3103 2704 3157 δὲ
2747 3099 2882 3156 Θεοῦ
2929 3097 3157 3167 δύναμις
3205 3094 3304 3147 καὶ
3332 3089 3462 3146 Θεοῦ
3493 3086 3667 3179 cog-{cy

2121 3177 2257 3256 ἀλλὰ
2314 3177 2448 3268 τῆς
2492 3195 2760 3256 συνέσεως
2836 3188 3001 3245 αὑτοῦ
3063 3189 3163 3240 οὑκ
3236 3184 3384 3238 ἐστιν
3447 3177 3670 3252 ἀριθμός.

2135 3288 2457 3364 Ἐρμηνεύει
2515 3286 2614 3358 τὴν
2682 3284 2896 3343 σύνεσιν
2955 3281 3183 3344 Ἡσαΐας
3238 3275 3427 3347 σαφῶς
3483 3273 3668 3364 λέγων--

2124 3358 2370 3448 uisam
2415 3376 2636 3446 σοφίας
2677 3373 2777 3426 καί
2821 3369 3149 3434 συνέσεως.
3197 3368 3446 3420 Ἤκουσα
3483 3362 3536 3414 ἐν
3577 3358 3672 3448 τοῖς

2129 3446 2498 3544 μακαρισμοῖς
2561 3461 3033 3538 μακαριζομένους
3093 3459 3222 3522 τοὺς
3288 3455 3543 3544 διψῶντας
3594 3446 3672 3500 τὸν

2125 3542 2353 3637 Κύριον.
2386 3561 2539 3630 Τάχα
2563 3555 2656 3612 οὖν
2696 3557 2798 3610 οὑκ
2836 3553 2939 3618 ἐξω
2973 3551 3068 3606 τοῦ
3099 3549 3297 3622 καιροῦ
3321 3549 3381 3602 τὸ
3410 3542 3668 3640 ἐνθύμιον·

2127 3658 2219 3710 καί
2277 3673 2366 3726 μοι
2413 3651 2634 3720 δέξασθε
2681 3649 2772 3702 τὸν
2816 3647 3012 3716 λόγον,
3063 3642 3166 3698 κᾶν
3209 3637 3552 3715 ἀπηρτῆσθαι
3582 3637 3672 3683 τῶν

2132 3747 2418 3819 παρόντων
2443 3745 2610 3798 δοκεῖ.

435 3843 718 3912 sapientiae
750 3843 868 3911 ejus
915 3859 1023 3898 non
1054 3853 1138 3900 est
1184 3843 1329 3897 ﬁnis.
1367 3841 1702 3913 Sapientiam
1741 3843 1912 3898 lsaias
1943 3843 2334 3915 interpretatur
2362 3846 2548 3910 aperte
2613 3837 2821 3898 dicens,
2895 3832 3131 3902 Spiritus
3160 3828 3434 3900 sapientia:
3493 3831 3538 3876 et
3567 3829 3673 3887 pru-

439 3935 632 3988 dentia:
663 3934 729 3990 °°.
760 3935 954 3990 Audivi
987 3937 1130 3990 inter
1158 3937 1522 3991 beatitudines
1600 3950 1696 3991 eos
1756 3937 1945 3992 beatos
2003 3937 2308 4008 praedicari,
2342 3935 2435 4005 qui
2471 3935 2664 3989 sitiunt
2708 3930 3037 3986 Dominum:
3071 3923 3339 3979 attendite
3383 3932 3505 3989 ergo
3536 3920 3672 3978 θιαυθ

439 4027 672 4097 accipite
719 4043 829 4082 non
880 4028 1115 4083 alienum
1163 4028 1398 4083 fortasse
1431 4043 1461 4081 a
1491 4036 1754 4096 tempore,
1788 4029 1842 4082 id
1876 4007 2021 4098 quod
2061 4029 2230 4084 menti
2262 4042 2395 4083 meae
2431 4040 2578 4081 nunc
2618 4023 2964 4087 observatur,
2993 4015 3209 4072 tametsi
3256 4015 3325 4070 ab
3351 4027 3416 4068 eo
3483 4007 3534 4062 in
3583 4010 3674 4071 quo

440 4132 746 4185 versamur,
769 4119 985 4176 videtur
1023 4117 1424 4190 quodammodo
1454 4118 1780 4188 dependere.

511 4258 571 4315 Si
603 4261 726 4331 quis
771 4260 873 4316 sub
917 4260 1216 4326 meridiem,
1240 4259 1354 4315 sole
1403 4257 1574 4314 radiis
1618 4257 2014 4314 ardentioribut

2205 4255 2272 4310 Εί
2287 4271 2371 4317 τις
2390 4250 2478 4306 διὰ
2499 4245 2844 4322 μεσημϐρίας
2859 4242 3055 4298 ὁδεύων
3070 4237 3164 4293 τοῦ
3183 4237 3339 4309 ἡλίου
3358 4224 3675 4331 θερμοτέραξς

439 4350 608 4420 capiti
685 4351 1000 4406 imminente
1067 4365 1392 4421 omnemque
1453 4352 1698 4421 corporis
1748 4351 2027 4406 humorem

441 4455 543 4496 sua
583 4440 801 4496 flamma
862 4447 1122 4504 torrente.
1168 4444 1272 4498 iter
1326 4442 1556 4506 haheat,
1614 4442 1856 4513 subjecta
1900 4457 2031 4498 vero

441 4533 519 4588 sit
547 4531 666 4601 ejus
697 4533 895 4586 calceis
925 4535 1083 4588 tellus
1113 4548 1328 4603 aspera,
1355 4534 1442 4586 via
1471 4532 1705 4587 difﬁcilis
1759 4541 1814 4586 et
1839 4531 2030 4587 admo-

443 4625 577 4680 dum
603 4621 754 4675 arida
777 4662 793 4688 ,
836 4623 1030 4677 deinde
1073 4631 1327 4678 occurrat
1369 4623 1640 4692 ejusmodi
1675 4623 1882 4678 homini
1910 4622 2032 4680 fons

449 4711 667 4782 aliquis,
693 4711 850 4780 cujus
895 4710 1116 4782 limpida
1149 4722 1275 4766 sunt
1322 4727 1386 4766 ac
1420 4713 1700 4782 perlucida
1729 4713 1954 4780 fluenta,
1979 4721 2034 4768 et

443 4805 649 4860 affatim
683 4803 1082 4874 refrigerantia,
1107 4805 1436 4873 copioseque
1475 4803 1795 4874 proﬂuentia
1833 4824 1846 4859 :
1886 4821 2028 4860 nun-

447 4896 581 4966 quid
616 4903 741 4951 antc
769 4909 969 4965 aquam
995 4894 1318 4961 considebit,
1341 4895 1515 4965 deque
1539 4895 1658 4966 ejus
1689 4907 1882 4951 natura
1913 4897 2034 4966 phi-

443 4989 844 5060 losophabitur,
866 4986 1030 5052 unde,
1065 4994 1121 5042 et
1149 5002 1258 5057 quo
1293 4985 1475 5053 modo,
1507 5002 1722 5058 quaque
1751 5003 1817 5042 ex
1846 5003 2034 5054 causa,

447 5089 754 5149 cmteraque
791 5077 1062 5148 ejusmodi
1109 5077 1451 5147 perquirens,
1497 5092 1618 5147 quae
1661 5078 1729 5132 ab
1779 5079 1885 5134 illis
1924 5087 2039 5132 tra-

446 5173 589 5228 ctari
616 5172 810 5237 solent,
840 5170 932 5240 qui
963 5169 1018 5224 in
1046 5168 1314 5239 ejusmodi
1345 5168 1505 5239 nugis
1557 5179 1914 5238 occupantur,
1945 5185 2040 5225 va-

458 5277 638 5331 porem
667 5263 875 5318 scilicet
896 5260 1185 5331 quemdam
1212 5261 1265 5314 in
1292 5257 1580 5330 profundis
1610 5269 1771 5316 terrae
1794 5261 2040 5330 partibus

459 5351 766 5423 dispersum
824 5361 876 5410 et
944 5355 1314 5424 prosilientem
1387 5361 1550 5421 atque
1620 5367 2031 5425 compressum,

461 5453 653 5509 aquam
684 5443 823 5506 ﬁeri,
859 5451 952 5497 aut
979 5459 1168 5507 venas,
1199 5457 1320 5512 quae
1350 5441 1406 5496 in
1433 5443 1860 5497 concavitatibus
1887 5452 2044 5498 terra:

462 5530 668 5587 diffusa:
692 5542 838 5599 sunt,
869 5535 916 5590 si
945 5535 1024 5590 eis
1053 5549 1144 5590 ora
1177 5535 1430 5590 laxentur
1454 5549 1650 5605 aquam
1672 5533 2036 5604 profundere:

461 5635 530 5674 an
595 5636 722 5676 vero
775 5624 988 5680 cunctis
1063 5625 1331 5694 ejusmodi
1405 5623 1712 5680 valedicens
1778 5623 2042 5679 incumbit

567 5806 611 5836 ’θ
642 5802 786 5857 Psal.
824 5817 1002 5866 CXLVI,
1047 5804 1098 5856 5.
1235 5808 1280 5841 ⁶⁰
1317 5808 1419 5865 Isa.
1457 5826 1533 5875 ιι,
1572 5812 1622 5864 2.

2135 4350 2254 4411 ταῖς
2283 4348 2466 4401 ἀκτῖσι
2492 4317 2590 4412 τῆς
2619 4317 2860 4408 κεφαλῆς
2899 4332 3279 4404 ὑπερζέοντος,
3310 4328 3402 4380 καὶ
3431 4323 3530 4376 πᾶν
3551 4317 3675 4412 τὸᾼὲν

2139 4406 2352 4510 σώματι
2379 4406 2635 4505 ὑγρὸν-τῇ
2667 4406 2826 4501 ιρλογῖ
2856 4421 3364 4496 καταφρύσσοντος⁸
3401 4406 3673 4510 προκείσθω

2137 4532 2195 4586 δὲ
2219 4496 2298 4600 τῷ
2341 4496 2646 4596 ὑποδήματι
2679 4496 2751 4590 γῆ
2795 4520 3023 4592 τραχεῖα
3067 4516 3160 4570 καὶ
3211 4511 3561 4600 δυσπόρεύτος
3598 4496 3674 4600 Et?!

2137 4588 2373 4690 διψώδης
2395 4635 2410 4649 ο
2459 4588 2577 4668 sicut
2618 4588 2860 4680 ἐπιτύχοι
2889 4588 3070 4679 πηγῆς
3107 4609 3134 4659 ὁ
3161 4606 3416 4666 τοιοῦτος,
3452 4593 3515 4690 ἧς
3540 4588 3674 4690 καλὸν

2141 4677 2235 4765 καὶ
2264 4677 2519 4778 διαιρανὲς
2548 4704 2608 4758 τὸ
2633 4677 2809 4772 νᾶμα,
2827 4701 2920 4753 καὶ
2947 4677 3233 4770 προσηνῶς
3265 4688 3577 4760 καταψύχον,
3598 4677 3675 4778 Xa}

2141 4802 2386 4874 ἀφθόνως
2451 4795 2848 4867 ὑπερχεόμενον
2885 4807 2898 4820 '
2970 4786 3078 4862 ἆρα
3138 4783 3569 4874 προσκαθεδεῖται
3611 4784 3676 4874 τίς

2143 4857 2316 4958 ὕδατι,
2349 4857 2442 4944 καὶ
2473 4857 2824 4958 φιλοσοιέήσει
2867 4857 3135 4954 περὶ-τῆς
3175 4857 3405 4948 ιρύσεως,
3443 4871 3571 4930 ὅθεν,
3599 4857 3675 4958 κςὶ

2141 4985 2311 5045 ὅπως,
2337 4980 2433 5034 καὶ
2461 4977 2548 5031 διὰ
2589 4977 2756 5039 τίνος,
2787 4974 2880 5027 καὶ
2910 4972 2978 5024 τὰ
3003 4970 3225 5024 τοιαῦτα
3254 4960 3574 5030 διεξετάζων,
3603 4943 3674 5001 οἷα

2142 5072 2208 5144 δὴ
2237 5071 2352 5133 τοῖς
2382 5065 2793 5139 ματαιολογοῦσι
2829 5061 3056 5131 σύνηθες
3087 5059 3263 5127 λέγειν
3282 5073 3295 5089 ο
3325 5056 3404 5107 ὅτι
3437 5045 3588 5144 licng
3607 5049 3674 5095 τις

2146 5135 2629 5232 ἐγκατεσπασμένη
2659 5157 2738 5228 τῷ
2766 5155 2917 5227 βάθει
2949 5152 3047 5222 τῆς
3076 5155 3198 5222 γῆς,
3245 5148 3336 5201 καὶ
3376 5135 3672 5232 διαπηδῶξῖαν

2147 5228 2239 5309 καὶ
2281 5228 2692 5322 συνθλιϐομένη,
2728 5249 2872 5318 ὕδωρ
2903 5245 3130 5314 γίνεται,
3181 5241 3214 5312 ἢ
3257 5241 3335 5293 ὅτι
3385 5228 3562 5303 φλέϐες
3601 5228 3677 5270 ἐκ·

2147 5347 2442 5419 κεχυμέναι
2472 5347 2591 5406 ταῖς
2638 5342 2788 5395 κάτω
2825 5338 3148 5407 κοιλότησιν,
3203 5332 3356 5400 εἴπερ
3401 5325 3676 5419 ἀναστομυῗ

2149 5396 2916 5506 θωθσνιΪ-τὺγὺδωρσπροχέουσιν
2930 5447 2942 5460 ·
2984 5396 3224 5501 quam
3261 5396 3561 5506 τὰτοιαῦτα.
3579 5396 3677 5506 καίς

2154 5484 2302 5501 *“’“³
2347 5484 2393 5491 ’⁷
2431 5484 2559 5506 ""‘t‘
2604 5484 2789 5504 ’γέλα
3006 5484 3018 5501 ο

2154 5548 2266 5602 ρειν
2301 5530 2468 5592 ἐάσας
2519 5525 2807 5580 ἐπικύπτει
2852 5521 2928 5593 τῷ
2974 5521 3198 5591 νάματι,
3246 5512 3338 5568 καὶ
3367 5484 3677 5602 προσθεῖςυῖἀ

2151 5584 2323 5689 χείλη,
2354 5584 2643 5689 θεραπεύει
2670 5615 2769 5685 τὴν
2797 5584 2954 5680 δίψαν
2988 5584 3082 5666 καὶ
3117 5603 3372 5676 ἀναψύχει
3407 5594 3499 5664 τὴν
3527 5584 3666 5654 ἵλεω·
