3882 6432
453 305 562 365 555

1733 304 1790 360 S.
1832 301 2158 362 GREGOBII
2197 305 2489 365 NYSSENI

3598 324 3685 388 556

452 427 529 480 tio
578 436 856 479 summum
897 424 982 476 est
1026 432 1407 492 saepenumero
1457 435 1566 475 non
1612 425 1984 489 assequuntur
2019 437 2022 470 :

2142 419 2351 475 διάνοια
2384 424 2519 494 πρὸς
2540 422 2632 476 τὸν
2660 423 2899 496 λειμῶνα
2929 426 3028 500 τῆς
3047 427 3272 501 Γραφῆς
3299 429 3684 502 ἀποϐλέποντος.

450 515 853 587 tale'quiddam
881 513 1048 571 etiam
1081 512 1270 567 animo
1302 527 1425 569 meo
1476 521 1691 583 pratum
1724 511 2025 580 Scriptum

449 610 754 682 spectantis
789 623 892 662 usu
930 607 1100 661 venit.
1136 604 1546 660 Sententiarum
1607 604 1751 659 enim
1786 605 2032 675 pulchri-

450 703 657 757 tudinis
683 698 1002 755 varietasad
1025 696 1208 752 omnia
1231 698 1437 768 pariter
1465 697 1706 751 animum
1729 697 2033 761 attraliens,

447 795 619 851 efficit
658 803 719 848 ut
745 790 1020 862 cupiditas
1056 789 1195 860 ejus,
1232 788 1362 843 dum
1419 790 1473 843 in
1509 788 1626 860 pari
1676 788 1873 844 decore
1901 804 2038 857 pra»

448 886 577 942 ditis
597 883 745 940 haud
767 883 930 938 facile
951 882 1098 950 quod
1133 880 1319 951 potius
1368 889 1635 950 sequatur
1668 881 1912 950 reperire
1938 896 2037 951 po-

449 986 578 1040 test,
623 978 948 1031 inconstans
979 975 1072 1039 sit,
1112 980 1167 1028 et
1222 975 1294 1027 ab
1352 972 1477 1028 aliis
1522 972 1588 1028 ad
1636 974 1742 1028 alia
1782 981 2035 1045 properet

451 1077 616 1139 atque
639 1068 883 1123 festinet.
922 1064 1062 1120 Ecce
1083 1064 1230 1120 enim
1261 1063 1538 1135 quomodo
1573 1078 1670 1136 per
1693 1065 2033 1136 preplietiam

450 1159 631 1231 magni
664 1157 884 1213 Davidis
915 1156 1077 1211 ﬂores
1126 1155 1376 1211 enitenti
1400 1156 1583 1225 qualis
1644 1170 1776 1211 vero
1819 1153 1918 1211 nos
1950 1156 2035 1211 di-

451 1251 611 1307 vinus
637 1251 957 1320 Apostolus,
1004 1246 1247 1317 paradisi
1305 1249 1538 1302 culturae
1568 1248 2035 1319 pulchritudinem

449 1340 765 1404 ostendens,
800 1355 865 1394 ac
881 1339 1109 1393 multam
1140 1338 1333 1394 odoris
1361 1337 1570 1393 Christi
1621 1340 1877 1395 redolens
1907 1350 2038 1395 sua-

2142 512 2217 566 Τὺ
2248 514 2360 585 γὰρ
2382 515 2641 570 ἥιοικίλον
2669 517 2768 587 τῆς
2799 516 2951 589 ὥρας
2988 519 3100 574 τῶν
3128 521 3411 592 νοημάτων
3440 524 3686 596 δμοτίμως

2122 603 2235 655 ἐπὶ
2283 605 2461 660 πάντα
2495 604 2594 678 τὴν
2654 607 2831 679 ψυχὴν
2874 609 3258 682 ἐφελκόμενον,
3295 613 3535 668 ἀστατεῖν
3569 623 3690 672 ποιεῖ

2140 694 2239 766 τὴν
2265 695 2581 767 ἐπιθυμίαν,
2609 697 2687 769 τῷ
2719 700 2794 771 μὴ
2827 699 3086 757 δύνασθαι
3112 703 3309 774 ῥᾳδίως
3332 707 3505 777 εὑρεῖν
3523 707 3575 761 ὲν
3594 712 3690 773 τοῖς

2142 784 2426 857 ὁμοτίμοις
2455 787 2518 841 τὸ
2564 792 2977 863 προτιμότερον.
3018 792 3149 847 Ἰδοὺ
3192 793 3298 866 γάρ
3333 795 3447 860 πῶς
3475 797 3690 869 ὑπολάμι

2144 894 2235 930 πει
2261 877 2348 933 διὰ
2377 879 2471 933 τοῦ
2510 880 2746 951 μεγάλου
2771 882 2937 937 Δαϐὶδ
2968 882 3069 955 τῆς
3096 888 3421 958 προφητείας
3451 889 3514 941 τά
3535 889 3653 961 ἄνθη
3674 905 3688 921 ·

2140 965 2252 1023 οἷον
2281 970 2338 1024 δὲ
2372 971 2534 1038 ἄνθος
2562 974 2591 1026 ὁ
2617 974 2759 1040 θεῖος
2799 966 3123 1042 Ἀπόστολος
3146 980 3244 1050 τῆς
3273 979 3366 1033 τοῦ
3393 981 3688 1052 παραδείσου

2140 1061 2414 1131 γεωργίας
2448 1063 2835 1135 ὑποσημαίνων
2867 1066 2928 1120 τὸ
2966 1067 3180 1133 κάλλος,
3223 1071 3314 1123 καὶ
3354 1070 3544 1142 πολλὴν
3576 1073 3690 1125 ἀπο-

2136 1152 2324 1206 πνέων
2351 1152 2446 1207 τοῦ
2485 1156 2722 1227 Χριστοῦ
2764 1156 2866 1229 τὴν
2896 1159 3160 1214 εὐωδίανί
3189 1160 3308 1214 Τῶν
3337 1160 3393 1214 δὲ
3438 1162 3691 1232 εὐαγγελι-

2142 1241 2259 1295 κῶν
2277 1242 2556 1314 λειμώνων
2584 1246 2646 1300 τὸ
2672 1246 2868 1312 κάλλος
2889 1247 2975 1313 τίς
3024 1249 3090 1304 ἂν
3121 1250 3401 1319 ὑπεξέλθοι
3444 1252 3589 1323 λόγος
3616 1255 3690 1307 ἀν·

2143 1334 2417 1408 θρώπινος⁹
2440 1352 2456 1403 ;

450 1432 708 1487 vitatem?
734 1429 866 1484 Nam
909 1426 1362 1497 Evangellcorum
1410 1427 1872 1497 pulchritudinem
1905 1434 2187 1497 pratorum
2220 1439 2470 1495 quaenam
2492 1427 2670 1482 oratio
2703 1427 3234 1499 explieethumana?

517 1526 717 1583 Verum
750 1527 882 1581 mihi
922 1523 1067 1579 haud
1100 1523 1336 1578 alienum
1374 1538 1499 1578 esse
1527 1523 1766 1585 videtur,
1813 1524 1867 1577 in
1890 1530 2032 1576 tem-

448 1632 576 1688 pore
601 1615 961 1687 proverbialis
986 1613 1135 1667 illius
1167 1612 1498 1666 mentionem
1527 1611 1710 1669 facere
1758 1613 2032 1667 laudatio-

448 1711 553 1774 nis,
585 1719 638 1763 et
669 1722 824 1779 apem
856 1704 1061 1760 imitari
1092 1724 1104 1759 :
1139 1717 1305 1774 quam
1339 1704 1473 1759 dicit
1503 1703 1786 1775 Scriptura
1820 1704 2032 1758 viribus

447 1799 668 1870 quidem
722 1796 993 1852 infirmam
1035 1799 1199 1852 esse‘
1239 1797 1543 1867 (nunquam
1597 1796 1743 1851 enim
1792 1796 1911 1849 visa
1949 1802 2032 1851 est

447 1900 620 1947 totum
645 1890 903 1961 colligere
928 1888 1141 1954 ﬂorem,
1160 1899 1216 1944 et
1246 1903 1414 1960 super
1441 1889 1667 1945 dorsum
1696 1889 1762 1944 ad
1793 1888 2032 1943 alvearia

446 1984 710 2054 portare),
737 1980 834 2036 sed
865 1987 1086 2036 tenuem
1120 1979 1271 2033 illum
1290 1980 1384 2050 qui
1409 1979 1462 2033 in
1491 1978 1673 2035 medio
1696 1977 1847 2035 ﬂoris
1870 1975 2030 2048 quasi

446 2073 690 2145 lanugini
724 2072 988 2139 adlimret,
1016 2072 1120 2127 alis
1144 2085 1440 2127 excussum
1473 2071 1752 2141 pulverem
1784 2070 2031 2125 curvatis

446 2166 751 2235 suscipiens
773 2163 1051 2229 cruribus,
1085 2177 1179 2232 per
1202 2160 1292 2215 illa
1317 2163 1515 2218 scitum
1538 2160 1670 2217 illud
1695 2159 1864 2217 efﬁcit
1892 2175 2032 2230 opus

445 2260 597 2313 senis
630 2257 830 2328 pedum
853 2254 1165 2310 curvaturis
1194 2268 1422 2309 numero
1452 2268 1612 2324 pares
1666 2254 1723 2308 in
1762 2253 2029 2308 directum

444 2351 694 2407 excitans
735 2348 985 2419 angulos,
1018 2360 1081 2402 ac
1127 2362 1223 2417 per
1256 2345 1498 2402 medium
1544 2345 1763 2400 levitate
1791 2343 2028 2409 alarum,

444 2441 603 2513 quasi
638 2441 965 2512 quibusdam
989 2437 1265 2503 uncturis,
1321 2446 1514 2493 tenues
1543 2436 1668 2492 illos
1716 2435 1770 2488 in
1808 2432 2029 2489 modum

447 2535 777 2590 membrana:
805 2533 1077 2602 parietum
1105 2531 1327 2585 ordines
1347 2529 1647 2599 expoliens.
1674 2526 1829 2593 Quod
1865 2526 1911 2582 si
1947 2524 2032 2579 fu-

443 2636 625 2680 turum
664 2630 750 2679 est
797 2632 857 2677 ut
911 2631 1097 2677 nostra
1139 2635 1358 2692 quoque
1390 2620 1568 2675 oratio
1612 2627 1667 2674 et
1707 2619 1928 2690 regibus
1975 2626 2031 2675 et

444 2716 673 2787 privatis
703 2713 1039 2779 hominibus,
1076 2721 1135 2767 ut
1165 2713 1347 2782 inquit
1377 2710 1663 2778 Solomon,
1701 2710 1767 2765 ad
1823 2710 2033 2766 sanita.

443 2818 550 2863 lem
589 2805 881 2860 conducat.
920 2803 1172 2874 precibus
1204 2813 1257 2859 et
1288 2804 1427 2859 votis
1452 2816 1573 2857 eam
1602 2803 1837 2873 gratiam
1865 2802 2028 2860 nobis

442 2898 647 2969 pariter
678 2895 1039 2951 conciliemus
1085 2901 1139 2948 et
1181 2909 1281 2964 ego
1313 2902 1367 2949 et
1399 2909 1515 2951 vos.
1577 2892 1818 2950 Lucrum
1879 2893 2030 2949 enim

442 3004 735 3045 commune
795 2994 920 3052 est,
968 2986 1079 3041 imo
1133 2986 1307 3056 major
1355 3000 1485 3056 pars
1529 2985 1648 3056 ejus
1679 2992 1864 3041 vestra
1891 2993 2026 3040 est:

440 3076 883 3149 quandoquidem
940 3076 1189 3145 accipere
1243 3073 1449 3145 aliquid
1502 3073 1634 3129 boni
1683 3072 1809 3143 plus
1869 3070 2025 3125 affert
2053 3093 2097 3156 ο

442 3171 604 3235 lucri,
629 3183 792 3240 quam
821 3167 1026 3238 aliquid
1060 3166 1321 3237 praebere.
1367 3163 1529 3220 Vetat
1576 3163 1929 3234 Evangelium
1968 3163 2023 3218 in

442 3275 592 3318 utres
619 3271 831 3317 veteres
877 3260 1065 3315 vinum
1096 3273 1296 3314 novum
1352 3255 1644 3312 infundere
1689 3256 1748 3310 ἐ
1793 3254 2023 3311 forsitan

436 3355 508 3411 ad
546 3355 658 3410 hate
675 3360 921 3424 tempora
942 3360 1151 3422 spectat
1183 3349 1454 3406 sermonis
1480 3348 1609 3403 tecti
1651 3346 2019 3402 involucrum.

439 3447 575 3503 Nam
623 3446 808 3502 vinum
849 3459 1040 3501 recens
1082 3456 1425 3514 expressum,
1478 3446 1700 3511 propter
1746 3453 1870 3494 eum
1929 3437 2022 3508 qui

439 3539 767 3596 naturaliter
851 3536 1069 3594 exsiStit
1142 3536 1197 3591 in
1251 3549 1319 3590 eo
1396 3533 1629 3605 liquoris
1704 3531 2019 3596 fervorem,

439 3631 568 3687 tlatu
602 3630 831 3700 .pleuuln
883 3635 990 3692 est,
1040 3625 1280 3682 naturali
1330 3631 1480 3680 motu
1518 3623 1744 3680 limosas
1797 3623 1867 3679 ab
1899 3636 2021 3678 sese

436 3740 532 3793 per
590 3735 845 3792 spumam
905 3718 1169 3775 exhalans
1232 3728 1397 3788 atque
1459 3713 1716 3786 rejiciens
1803 3713 2019 3770 sordes.

437 3813 553 3868 Hoc
582 3820 762 3867 autem
820 3810 956 3865 nihil
1008 3808 1157 3863 aliud
1204 3815 1311 3867 est,
1355 3813 1415 3861 ut
1473 3820 1595 3862 mea
1652 3804 1874 3876 quidem
1915 3804 2020 3859 fert

436 3897 643 3969 opinio,
674 3896 779 3953 nisi
834 3910 899 3950 ea
960 3909 1083 3965 quae
1140 3894 1208 3950 de
1260 3893 1471 3963 Spiritu
1519 3901 1716 3952 sancto
1774 3892 2015 3948 traditur

435 3990 725 4055 doctrina,’
754 3984 1214 4058 quemadmodum
1258 3984 1392 4039 dicit
1443 3984 1765 4055 Apostolus,
1811 3983 2017 4053 Spiritu

437 4068 687 4149 ferventes
701 4078 744 4142 ⁸,
763 4093 925 4149 quam
957 4083 1145 4147 putres
1163 4072 1608 4145 perfluentesque
1636 4082 1789 4130 utres
1818 4089 1881 4128 ac
1906 4090 2018 4145 pra:

435 4170 811 4226 incredulitate
834 4165 1122 4223 inveterati
1142 4179 1263 4219 non
1281 4164 1596 4228 continent,
1628 4164 1722 4219 sed
1757 4164 2017 4221 doctrinae

429 4264 715 4335 majestate
746 4266 1094 4331 rumpuntur.
1115 4255 1329 4313 Idcirco
1350 4256 1396 4312 si
1424 4270 1531 4327 qua
1562 4256 1817 4311 sublimis
1842 4257 1924 4313 eis
1947 4271 2012 4312 ex

430 4358 675 4415 doctrina
733 4357 1044 4426 ingenerata
1102 4350 1266 4408 fuerit
1319 4351 1625 4417 sententia,
1683 4350 2015 4406 scinduntur

2225 1519 2386 1575 Ἀλλά
2422 1536 2512 1591 μοι
2533 1521 2686 1576 δοκεῖ
2725 1523 2907 1589 καλῶς
2941 1524 3086 1596 ἔχειν
3116 1526 3174 1579 ὲν
3207 1527 3382 1600 καιρῷ
3415 1528 3687 1602 μνησθῆναι

2138 1612 2237 1683 τῆς
2270 1614 2648 1684 παροιμιακῆς
2674 1616 3026 1683 ὲπαινέσεως,
3071 1619 3165 1673 καὶ¹
3220 1618 3458 1692 ζηλῶσαι
3492 1620 3583 1693 τὴν
3611 1622 3687 1692 μέ-

2066 1754 2108 1807 B
2138 1702 2329 1807 λισσαν
2347 1719 2364 1735 ο
2385 1703 2455 1807 ἦν
2481 1721 2645 1807 φησιν
2674 1707 2923 1807 ἠτραφὴ
2941 1712 3008 1781 τῇ
3035 1708 3192 1782 ῥώμῃ
3226 1712 3324 1783 μὲν
3350 1707 3484 1766 εἶναι
3513 1714 3687 1784 ἀσθενῆ

2140 1796 2221 1864 (οὐ
2257 1795 2365 1867 γὰρ
2398 1794 2554 1867 ὤφθη
2610 1799 2739 1853 ποτὲ
2785 1800 2905 1854 ὅλον
2958 1801 3274 1875 δρεψαμένη
3309 1804 3370 1857 τὸ
3405 1805 3587 1873 ἄνθος,
3610 1808 3689 1861 καὶ

2136 1886 2276 1955 ὑπὲρ
2305 1886 2475 1941 νῶτον
2515 1889 2608 1941 ἐπὶ
2637 1889 2839 1959 σίμϐλα
2877 1891 3226 1965 κομίζουσα),
3259 1894 3393 1949 ἀλλά
3437 1894 3496 1949 τὺ
3521 1895 3688 1948 λεπτὸν

2134 1980 2226 2030 καὶ
2249 1978 2482 2049 χνοῶδες
2514 1982 2615 2051 τῆς
2654 1981 2713 2034 ὲν
2744 1979 2823 2051 τῷ
2875 1981 3028 2052 μέσῳ
3077 1982 3252 2053 κόμης
3294 1984 3594 2055 ὲκτιναχθὲν
3616 1984 3689 2037 διὰ

2131 2070 2241 2123 τῶν
2257 2070 2543 2143 πτερύγων
2568 2074 2688 2136 ταῖς
2716 2072 2980 2141 ἀγκύλαις
3016 2072 3380 2139 ὑπολαϐοῦσα,
3404 2074 3469 2128 δι’
3496 2075 3687 2128 ἐκείνων

2131 2162 2423 2232 ἐργάζεται
2456 2163 2554 2234 τὴν
2578 2162 2745 2234 σοφὴν
2775 2165 3039 2236 ἐργασίαν
3062 2164 3304 2237 ἐκείνην,
3334 2169 3449 2229 ταῖς
3469 2166 3524 2234 ἓξ
3544 2167 3689 2235 ἀγκύ-

2132 2251 2252 2317 λαις
2306 2253 2628 2325 ίσαρίθμους
2658 2253 2968 2323 γωνίαςέίς
3008 2255 3190 2328 ὖρθιον
3234 2257 3689 2329 ἀνεγείρουσα,καὶ

2131 2342 2219 2396 διὰ
2267 2343 2434 2414 μέσου
2484 2346 2551 2415 τῇ
2603 2343 2841 2415 λειότητι
2892 2344 3001 2399 τῶν
3053 2344 3375 2418 πτερύγων,
3418 2342 3522 2400 οἷόν
3570 2362 3687 2398 τισιν

2133 2432 2403 2503 ἀλοιφαῖς,
2427 2435 2553 2497 τοὺς
2577 2433 2808 2499 λεπτοὺς
2831 2434 3072 2500 ἐκείνους
3094 2436 3189 2489 καὶ
3212 2436 3501 2508 ὑμενώδεις
3524 2435 3689 2509 [6110!-

2132 2524 2694 2594 xougﬁmleafvooaa.
2726 2526 2790 2578 Εἰ
2821 2525 2877 2578 δὲ
2929 2524 3113 2596 μέλλοι
3145 2526 3242 2579 καὶ
3273 2530 3301 2580 ὁ
3332 2527 3586 2598 ἡμέτερος
3615 2526 3689 2578 λό-

2131 2632 2228 2684 γος
2264 2616 2547 2686 βασιλεῦσί
2581 2634 2638 2670 τε
2670 2618 2766 2671 καὶ
2805 2616 3041 2681 ίδιώταις
3060 2659 3075 2683 ,
3107 2617 3293 2682 καθώς
3323 2635 3482 2690 φησιν
3503 2620 3529 2671 ὁ
3563 2616 3690 2670 Σολο-

2132 2704 2272 2778 μὼν,
2309 2707 2390 2771 είς
2411 2706 2624 2777 ὑγίειαν
2646 2709 2953 2780 ἐπιτήδειος
2978 2708 3252 2778 γίνεσθαι,
3269 2711 3398 2782 εὐχῇ
3431 2711 3524 2783 τὴν
3551 2711 3686 2782 χάριν

2128 2798 2565 2869 ὲπισπασώμεθα
2616 2798 2741 2873 ἐγώ
2799 2816 2860 2853 τε
2913 2800 3007 2853 καὶ
3074 2800 3235 2873 ὑμεῖς
3304 2802 3682 2874 παραπλησίως.

2127 2887 2321 2940 Κοινδν
2347 2887 2456 2961 γὰρ
2489 2888 2549 2943 τὸ
2577 2891 2640 2943 κέ
2649 2891 2793 2962 ρδος,
2829 2891 3028 2963 μᾶλλον
3051 2892 3109 2947 δὲ
3136 2894 3197 2947 τὸ
3226 2895 3393 2949 πλέον
3424 2896 3682 2968 ὑμέτερον·

2127 2975 2357 3049 ἐπείπερ
2388 2978 2449 3032 τὸ
2485 2979 2671 3033 λαϐεῖν
2696 2999 2748 3035 τι
2777 2983 2940 3037 καλὸν
2977 2984 3071 3037 τοῦ
3106 2990 3411 3058 παρασχεῖν
3437 3005 3489 3040 τι
3516 2986 3684 3057 κερδα-

2128 3069 2413 3142 λεώτερον.
2448 3072 2804 3145 Ἀπαγορεύει
2820 3076 2881 3129 τὸ
2899 3077 3230 3147 Εὑαγγέλιον
3264 3080 3502 3145 παλαιοῖς
3523 3080 3684 3140 ἀσκοῖς

2131 3156 2272 3215 οίνον
2310 3161 2429 3217 νέον
2473 3163 2924 3221 ἐναποτίθεσθαιο
2957 3169 3098 3239 τάχα
3155 3171 3299 3243 πρὸς
3346 3172 3436 3226 τὸν
3477 3171 3687 3243 παρόντα

2131 3253 2324 3325 καιρὸν
2354 3252 2542 3325 βλέπει
2569 3256 2632 3310 τὸ
2666 3258 2915 3329 αἴνιγμα.
2974 3260 3035 3315 '0
3074 3260 3184 3334 γὰρ
3236 3262 3510 3334 νεοθλιϐὴς
3546 3259 3683 3325 οἶνος.

2129 3341 2218 3398 διὰ
2242 3344 2341 3416 τὴν
2372 3346 2618 3416 φυσικῶς
2642 3350 3002 3421 ὲγγινομένην
3024 3351 3120 3405 τοῦ
3158 3353 3334 3427 ὑγροῦ
3362 3355 3522 3419 ζέσιν,
3540 3354 3686 3409 Ilvati-

2132 3450 2303 3505 ματος
2339 3437 2556 3511 πλήρης
2604 3440 2752 3508 ἐστὶ,
2779 3440 2868 3495 διά
2895 3442 2994 3513 τῆς
3044 3445 3288 3516 φυσικῆς
3332 3447 3583 3518 κινήσεως
3617 3443 3686 3510 ἐξ·

2128 3528 2376 3600 αφρίξων
2402 3530 2495 3583 τὸν
2532 3531 2726 3603 ἰλυώδη
2750 3533 2921 3602 ῥύπον
2944 3534 3038 3604 ἀφ’
3062 3535 3277 3592 ἑαυτοῦ.
3299 3538 3463 3593 Τοῦτο
3486 3538 3538 3591 δὲ
3558 3536 3683 3590 οὐδὲν

2127 3618 2256 3673 ἄλλο
2292 3622 2410 3674 ἐστὶ
2435 3661 2451 3687 ,
2487 3622 2629 3677 κατά
2658 3638 2721 3692 γε
2764 3624 2855 3677 τὸν
2900 3625 3033 3695 ὲμὸν
3081 3625 3262 3695 λόγον,
3306 3629 3340 3701 ἢ
3372 3631 3404 3701 ἡ
3447 3630 3565 3702 περὶ
3604 3625 3681 3680 τοῦ

2128 3712 2299 3781 ἁγίου
2344 3714 2659 3783 Πνεύματος
2693 3714 3043 3783 διδασκαλία,
3077 3718 3262 3785 καθώς
3297 3738 3457 3792 φησιν
3479 3724 3506 3775 ὁ
3550 3719 3682 3773 Ἀπό-

2128 3803 2332 3886 στολος,
2362 3804 2444 3858 ὅτι
2478 3804 2562 3872 Τῷ
2604 3808 2902 3876 Πνεύματι
2947 3807 3212 3877 (sartae,
3239 3812 3310 3884 ἢν
3338 3815 3387 3866 οί
3422 3813 3596 3886 σαθροί
3631 3827 3679 3863 τε

2126 3894 2221 3948 καὶ
2251 3885 2631 3967 δίερῤυηκάτες
2668 3898 2860 3963 ἀσκοὶ,
2902 3899 2999 3952 καὶ⁵
3046 3900 3150 3954 ὑπὸ
3182 3902 3284 3973 τῆς
3324 3885 3568 3967 ἀπιστίας
3597 3920 3679 3973 πετ-

2126 3984 2494 4055 παλαιωμένοι
2521 3988 2581 4040 ού
2626 3989 2940 4058 στέγουσιν,
2974 3990 3108 4046 ἀλλά
3146 3970 3598 4069 περιρρήγνυνται
3623 3970 3676 4065 τῇ

2127 4078 2465 4150 μεγαλοφυΐᾳ
2501 4080 2594 4133 τοῦ
2635 4081 2926 4154 δόγματος.
2957 4082 3055 4138 Διά
3096 4084 3258 4140 τοῦτο
3282 4089 3378 4143 ἐάν
3419 4108 3469 4143 τι
3505 4088 3697 4161 ὑψηλὸν⁴

2123 4166 2306 4230 αὑτοῖς
2338 4168 2403 4220 ὲκ
2444 4168 2792 4236 διδασκαλίας
2843 4172 3131 4245 ἐγγένηται
3183 4176 3367 4249 νόημα
3388 4218 3403 4244 ,
3435 4176 3678 4248 σχίζονται

2122 4261 2251 4332 περὶ
2284 4261 2375 4316 τὸν
2400 4261 2564 4331 δγκον
2590 4262 2685 4316 τοῦ
2716 4262 2984 4334 δόγματος
3003 4281 3018 4297 ο
3049 4267 3143 4321 καὶ
3164 4267 3321 4323 αὐτοί
3347 4286 3408 4338 γε
3431 4267 3680 4340 ἀχρειοῦν·

2120 4369 2212 4406 ται
2240 4352 2328 4407 διὰ
2359 4352 2454 4406 τοῦ
2498 4356 2797 4425 ρήγματος,
2834 4356 2932 4427 τήν
2975 4372 3035 4410 τε
3072 4358 3166 4412 τοῦ
3199 4360 3511 4432 Πνεύματος
3540 4360 3676 4432 χάριν

430 4450 579 4502 circa
608 4446 1020 4517 amplitudinem
1051 4444 1318 4499 doctrina:
1349 4457 1364 4494 :
1406 4456 1472 4497 ac
1492 4456 1620 4498 eum
1653 4441 1761 4513 ipsi
1785 4442 2009 4512 quidem

2129 4445 2239 4515 είκῆ
2303 4445 2447 4515 ῥέειν
2491 4446 3024 4517 παρασκευάζουσιν.
3059 4449 3156 4514 Et;
3206 4451 3318 4524 γάρ
3381 4453 3675 4522 κακότεχνον

428 4555 528 4610 per
556 4547 838 4608 rupturam
860 4538 1082 4593 inutiles
1105 4535 1430 4597 redduntur,
1462 4541 1578 4589 tum
1603 4533 1845 4589 elliciunt
1871 4546 1931 4589 ut
1953 4533 2007 4588 in

429 4646 629 4686 vanum
672 4645 738 4684 ac
808 4628 1016 4685 frustra
1067 4626 1249 4683 etlluat
1317 4626 1495 4698 gratia
1533 4624 1776 4695 Spiritus
1808 4624 2005 4679 sancti.

428 4724 486 4777 lu
527 4722 769 4777 animum
820 4719 967 4775 enim
998 4718 1331 4774 malitiosum
1374 4714 1642 4787 sapientia
1688 4730 1799 4769 non
1829 4715 2029 4784 ingre—_

425 4816 630 4881 dietur,
688 4809 1147 4883 quemadmodum
1204 4809 1381 4879 inquit
1449 4805 1735 4877 Scriptura
1796 4806 1838 4860 δ.
1894 4806 2008 4861 lmo

425 4907 587 4979 agite,
617 4902 915 4977 permittite
932 4900 1062 4954 mihi
1085 4913 1383 4972 pauperum
1400 4896 1856 4953 consuetudinem
1880 4896 2004 4951 imi-

422 5001 526 5055 tari
569 5018 583 5055 :
620 5012 749 5053 nam
789 5003 845 5051 et
872 4993 949 5049 illi
996 5009 1023 5050 s
1116 5000 1196 5054 ut,
1229 5007 1352 5045 cum
1400 4989 1599 5060 aliquis
1651 5003 1747 5044 eos
1778 4989 2003 5059 opipara

425 5104 612 5140 mensa
677 5088 841 5140 fuerit
887 4993 1165 5140 duritiam.
1225 5090 1435 5138 remoto
1459 5081 1669 5140 pudore
1704 5080 1774 5135 de
1826 5081 2003 5140 epulis

424 5104 613 5146 mensa
677 5088 841 5145 fuerit
887 5080 1165 5158 dignﬂus,
1225 5090 1435 5138 remoto
1459 5081 1669 5153 pudore
1704 5080 1774 5135 de
1826 5081 2005 5151 epulis

424 5182 526 5237 sibi
558 5180 826 5253 appositis
858 5179 1020 5234 etiam
1076 5176 1131 5231 in
1190 5185 1464 5246 posterum
1508 5172 1650 5227 diem
1681 5172 1837 5228 cibos
1875 5186 2003 5242 pro-

422 5271 627 5326 videre.
657 5269 895 5324 Proinde
924 5283 1027 5338 ego
1078 5281 1300 5338 quoque
1327 5281 1394 5320 ex
1428 5265 1683 5320 hesterna
1746 5261 2001 5332 magnifi-

424 5360 600 5413 centia
618 5360 831 5430 exiguis
853 5356 1184 5431 quibusdam
1205 5356 1544 5427 depromptis
1558 5354 1827 5424 reliquiis,
1850 5353 2003 5408 illinc

424 5462 525 5515 pro
545 5450 752 5508 viribus
775 5454 913 5508 meis
941 5452 1227 5507 conficiam
1262 5450 1591 5512 orationem,
1627 5446 1885 5515 pleraque
1910 5459 2002 5501 eo-

427 5552 569 5604 rum,
647 5556 766 5607 qua:
821 5529 986 5596 hodie
1038 5541 1319 5611 proposita
1370 5546 1522 5603 sunt,
1578 5534 2001 5606 perfectioribus

2114 4537 2293 4609 ψυχὴν
2324 4536 2423 4590 ούκ
2472 4537 2838 4593 είσελεύσεται
2868 4541 3050 4612 σοφία,
3086 4541 3271 4609 καθώς
3305 4561 3467 4617 φησιν
3493 4548 3522 4615 ἡ
3555 4545 3590 4596 Γ
3593 4561 3674 4615 ρα-

2117 4629 2215 4698 φὴ.
2251 4626 2468 4681 Μᾶλλον
2518 4628 2576 4681 δὲ
2636 4632 3032 4703 συγχωρήσατέ
3082 4650 3172 4704 μοι
3218 4634 3557 4706 μιμήσασθαι
3593 4632 3674 4702 τὴν

2114 4719 2222 4773 τῶν
2269 4719 2515 4791 πενήτων
2571 4721 2860 4792 συνήθειαν
2889 4739 2906 4757 ο
2939 4724 3065 4778 ἐπεὶ
3098 4725 3375 4791 κάκείνοις
3433 4724 3670 4795 σύνηθες,

2113 4813 2241 4868 ὅταν
2265 4813 2394 4867 ποτὲ
2425 4813 2682 4877 πλουσίας
2708 4814 2977 4881 ἀξιωθῶσι
3018 4816 3319 4890 τραπέζης,
3338 4815 3671 4888 ἀνεπαισχύνο

2111 4922 2221 4968 τως
2264 4907 2328 4958 ἐκ
2379 4904 2488 4957 τῶν
2527 4903 2896 4976 προτεθέντων
2932 4907 3136 4971 αὐτοῖς,
3160 4910 3254 4962 καὶ
3295 4911 3376 4974 είς
3412 4911 3509 4981 τὴν
3537 4910 3672 4962 ὑστε-

2115 4997 2273 5067 ραίαν
2302 4993 2714 5058 ἐπισιτίζεσθαι.
2742 4994 2913 5064 Κάγὼ
2942 4998 3120 5052 τοίνυν
3154 5000 3218 5053 ὲκ
3247 5001 3349 5072 τῆς
3376 5002 3558 5072 χθιζῆς
3590 5016 3672 5050 πο-

2110 5085 2388 5146 λυτελείας
2412 5085 2606 5155 μικρὸν
2623 5103 2677 5139 τι
2695 5090 3183 5161 προχειρισάμενος
3202 5091 3468 5162 λείψανον,
3484 5091 3670 5144 ἐκεῖθεν

2109 5173 2253 5227 κατά
2283 5174 2380 5244 τὴν
2409 5174 2648 5244 ἐμαυτοῦ
2683 5174 2910 5246 δύναμιν
2950 5178 3262 5249 ὀψοποιήσω
3292 5181 3382 5235 τὸν
3414 5182 3581 5249 λόγον,
3614 5184 3669 5230 τά

2110 5265 2279 5318 πολλὰ
2333 5265 2442 5318 τῶν
2475 5267 2713 5338 σήμερον
2774 5268 3143 5339 προτεθέντων
3191 5274 3306 5337 τοῖς
3341 5272 3670 5342 τελειοτέροις

2109 5356 2218 5409 τῶν
2248 5356 2586 5427 δαιτυμόνων
2612 5359 3068 5429 ταμιευσάμενος.
3106 5362 3171 5416 Τί
3206 5362 3384 5418 τοίνυν
3412 5359 3478 5435 ἦν
3500 5361 3556 5415 τὸ
3582 5359 3670 5428 τῆς

2110 5446 2303 5516 χθιζῆς
2346 5447 2670 5511 πανδαισίας
2720 5448 2966 5521 ἄϐρωτόν
3015 5469 3075 5506 τε
3120 5455 3211 5508 καὶ
3250 5456 3665 5527 ἀκατέργαστον;

2121 5535 2187 5590 Ἦ
2211 5537 2322 5592 τῶν
2359 5538 2733 5594 ἁποστολικῶν
2766 5540 3017 5612 πράξεων
3066 5546 3274 5618 ἱστορία
3298 5546 3397 5621 τὴν
3430 5547 3486 5598 ἐν
3523 5541 3663 5611 Ἀθή-

493 5691 510 5721 ¹
543 5688 710 5747 Eccli.
750 5710 828 5767 τι,
858 5693 914 5747 5.
991 5694 1010 5725 ²
1047 5693 1235 5748 Matth.
1258 5712 1344 5761 vix,
1385 5696 1468 5747 l7.
1546 5695 1565 5725 ³
1598 5694 1756 5752 liom.
1785 5712 1884 5763 xu,
1915 5696 2000 5750 11.

2136 5694 2265 5766 Sap.
2312 5710 2350 5763 ι,
2381 5696 2431 5748 4.
