3882 6418
298 306 505 405 557.

1198 359 1288 416 DE
1308 362 1607 423 DEITATE
1636 370 1791 428 FlLll
1825 374 1912 428 ΕΤ
1950 375 2271 439 SPIRiTUS
2312 385 2574 446 SANCTI.

295 486 416 534 ναις
464 469 760 541 ἐπιδημίαν
817 472 909 528 τοῦ
942 474 1157 532 Παύλου
1209 481 1506 556 διηγήσατο
1564 490 1726 560 ἡμῖν,
1760 495 1827 546 πί]

295 558 785 607 εἰδωὶοιιανοῦντηέ
814 564 909 607 τηῢ
931 567 1056 607 τίδς
1089 569 1219 607 ληηπ
1284 574 1374 607 νηὶ
1411 580 1531 607 ..-ι--
1557 580 1822 607 ι...ε...-ι-

1930 500 1954 557 ι
1980 501 2227 558 convivis
2260 520 2574 566 reservans.
2604 511 2736 580 Quae
2792 528 2921 576 sunt
2952 523 3115 595 igitur
3146 529 3389 589 hesterni
3420 542 3567 607 epuli

292 558 785 629 εἰδωλομανοῦντος
814 564 909 618 τοῦ
931 567 1057 637 τῇδε
1088 569 1241 638 λαοῦ,
1284 574 1378 627 καὶ
1411 580 1531 643 ταῖς
1556 558 1879 654 ἐπιϐωμίοις

291 649 543 715 κνίσσαις
581 657 1011 727 προστετηκότος
1034 699 1049 722 ,
1079 661 1140 715 τὸ
1162 663 1386 737 Πνεῦμα
1419 669 1479 723 τὸ
1525 671 1682 740 ἅγιον
1711 649 1769 729 ἐν
1800 677 1877 748 τῷ

291 740 554 813 μακαρίῳ
597 744 946 816 παρωξύνετο
996 750 1214 823 Παύλῳ,
1244 751 1353 811 οἷόν
1381 775 1433 811 τι
1465 760 1643 832 ῥεῦμα
1696 740 1875 837 πλημζ

292 833 467 906 μύρον
502 836 561 890 ὲν
591 837 817 912 τῇψυχῇ
856 841 950 895 τοῦ
998 844 1316 903 Ἀποστόλου
1348 833 1868 928 στενοχωρούμενοι),

287 928 382 981 καὶ
412 929 490 1001 μὴ
529 932 782 1003 εὑρίσκον
814 936 872 990 ἐν
919 941 1030 1004 τοῖς
1063 941 1304 1010 ἀναξίοις
1346 949 1445 1021 τὴν
1486 951 1736 1018 διέξοδον.
1772 958 1870 1012 Διὰ

285 1017 445 1073 τοῦτο
466 1022 726 1091 Στωϊκοῖς
770 1043 829 1081 τε
876 1029 970 1083 καὶ
1032 1032 1423 1109 Ἐπικουρείοις
1477 1046 1864 1118 συμπλέκεται,

283 1112 378 1166 καὶ⁵
420 1115 502 1178 είς
559 1117 773 1189 Ἀρειον
805 1124 1081 1192 καταστὰς
1130 1130 1323 1200 πάγον,
1365 1135 1432 1189 ἐκ
1457 1112 1565 1192 τῶν
1621 1112 1867 1213 συνήθων

282 1205 481 1270 αὐτοὺς
503 1209 641 1280 πρὸς
663 1212 765 1284 τὴν
787 1213 1117 1285 Θεογνωσίαν
1148 1226 1515 1296 προσάγεται·
1551 1205 1866 1310 βωμὸς-γάρ

280 1293 428 1349 ἐστιν
473 1298 622 1369 αὐτῷ
649 1303 744 1356 καὶ
776 1305 1125 1381 ἐπίγραμμα,
1146 1312 1207 1366 τὸ
1234 1293 1519 1389 τοῦλόγου
1551 1293 1860 1397 προοίμιον.

278 1384 372 1450 Εἰς
397 1387 453 1440 τί
484 1390 662 1446 τοίνυν
690 1394 966 1470 ἐμνήσθην
995 1401 1089 1455 τοῦ
1122 1384 1581 1482 ἀναγνώσματος;
1602 1384 1742 1473 ’νυτὶ
1767 1384 1862 1475 και

278 1476 370 1531 νῦν
399 1481 506 1534 εἰσι
555 1486 674 1538 κατ’
717 1487 961 1555 ἐκείνους
1012 1493 1140 1559 τοὺς
1191 1476 1656 1571 Ἀθηνανίουςῖεξς
1708 1511 1860 1567 οὐδὲν

273 1567 462 1641 ἕτερον
510 1572 920 1648 εὐκαιροῦντες,
949 1583 980 1655 ἢ
1013 1585 1190 1656 λέγειν
1221 1608 1271 1645 τι
1303 1567 1394 1648 καὶ
1422 1567 1649 1654 ἀκούειν⁷
1678 1606 1860 1658 καινό-

276 1678 449 1733 τερον,
480 1664 655 1736 χθιζοί
681 1687 826 1735 τινες
854 1675 945 1729 καὶ
970 1677 1277 1749 πρώῖζοιέκ
1299 1686 1406 1740 τῶν
1431 1688 1716 1759 βαναύσων
1740 1698 1858 1750 ἐπι-

268 1752 624 1825 τηδευμάτων
675 1761 1005 1833 ὁρμώμενοι,
1058 1772 1391 1846 αὐτοσχέδιοι
1423 1752 1567 1846 τινες
1601 1786 1702 1858 τῆς
1741 1787 1855 1843 θεο-

266 1844 457 1912 λογίας
514 1847 890 1923 δογματισταὶ,
930 1860 1071 1930 τάχα
1104 1844 1258 1930 τινὲς
1286 1869 1496 1926 οίκέται
1531 1844 1626 1930 καὶ
1656 1844 1854 1948 μαστι-
1887 1849 1928 1905 Β

264 1936 416 2003 γίαι,
450 1941 546 1995 καὶ
588 1943 697 1997 τῶν
749 1946 1013 2008 δουλικῶν
1080 1956 1496 2032 διακονημάτων
1545 1967 1847 2043 δραπέται,

265 2030 484 2098 σεμνῶς
513 2033 645 2104 ἡμῖν
685 2039 812 2109 περὶ
850 2040 960 2097 τῶν
999 2044 1258 2118 ἀλήπτων
1293 2030 1695 2127 ιριλοσοφοῦσιν.
1737 2030 1849 2119 οωξ

260 2121 509 2191 ἀγνοεῖτε
542 2128 777 2199 πάντως,
810 2134 947 2206 πρὸς
987 2138 1137 2205 τίνας
1169 2144 1196 2196 ὁ
1223 2143 1381 2215 λόγος
1416 2121 1624 2219 βλέπει.
1662 2156 1847 2211 Πάντα

259 2210 371 2282 γὰρ
403 2212 472 2267 τὰ
516 2218 656 2272 κατὰ
698 2221 798 2291 τὴν
838 2224 993 2279 πόλιν
1033 2229 1142 2284 τῶν
1171 2235 1427 2291 τοιούτων
1465 2243 1843 2318 πεπλήρωται,

258 2303 309 2355 οἱ
341 2308 641 2373 στενωποὶ,
687 2313 742 2364 at
780 2312 1009 2385 ἀγοραὶ,
1040 2321 1097 2373 αἱ
1139 2321 1423 2392 πλατεῖαι,
1469 2331 1537 2384 τά
1594 2303 1841 2404 ἄξλφοδαί

256 2395 304 2446 ei
331 2396 442 2449 τῶν
474 2398 704 2468 ἱματίων
757 2405 1016 2477 κάπηλοι,
1043 2413 1089 2464 οἱ
1129 2416 1247 2478 ταῖς
1276 2421 1577 2488 τραπέζαις
1609 2428 1840 2499 ἐφεστη-

255 2486 436 2552 κότες,
488 2491 538 2542 οἱ
594 2493 662 2546 τὰ
720 2494 954 2569 ἐδώδιμα
1009 2504 1143 2573 ἡμῖν
1202 2486 1665 2583 ἀπεμπολῶντεςί
1717 2486 1841 2576 Ἐὲιν

254 2578 384 2647 περὶ
420 2579 530 2633 τῶν
554 2582 754 2640 ὀϐολῶν
782 2588 1089 2665 ἐρωτήσῃς,
1131 2596 1159 2650 ὁ
1188 2597 1245 2651 δέ
1287 2578 1368 2655 σοι
1413 2608 1540 2677 περὶ
1580 2578 1838 2683 γεννητοῦ

252 2672 350 2724 καὶ
404 2672 701 2744 άγεννήτου
737 2679 1097 2755 ἐφιλοσόφησε
1120 2705 1133 2718 ·
1174 2691 1279 2745 κᾶν
1339 2672 1496 2765 περὶ-
1530 2672 1838 2774 τιμήματος

250 2761 419 2832 ἄρτου
452 2764 662 2833 πύθοιο,
705 2770 923 2837 Μείζων
950 2778 979 2830 ὁ
1006 2778 1215 2852 Πατὴρ,
1244 2761 1600 2858 ἀποκρίνεται
1623 2761 1766 2855 ..καὶ

248 2849 380 2917 Υἱὸς
404 2853 733 2928 ὑποχείριος.
769 2862 833 2916 Ei
871 2864 946 2927 δὲ,
980 2867 1052 2921 Τὸ
1080 2849 1302 2943 λουτρὸν
1335 2849 1639 2950 ἐπιτήδειόν
1664 2887 1832 2955 ἐστιν,

243 2944 456 3014 εἴποις,
484 2949 513 3001 ὁ
538 2948 596 3002 δὲ
628 2950 688 3016 ἐξ
715 2954 815 3008 οὐκ
847 2956 1015 3013 ὄντων
1052 2962 1144 3016 τὸν
1179 2965 1305 3020 Υίὸν
1346 2944 1493 3025 εἶναι⁷
1523 2944 1828 3049 διωρίσατοί

245 3034 362 3087 Οὐκ
387 3030 504 3091 οῖδα
530 3039 584 3092 τί
610 3042 714 3115 χρὴ
747 3044 808 3098 τὸ
860 3049 1029 3104 κακὸν
1071 3054 1230 3110 τοῦτο
1270 3059 1556 3132 ὀνομάσαι,
1589 3030 1832 3140 φιρενῖτιν

240 3124 278 3196 ἦ
305 3129 527 3196 μανίαν,
551 3132 585 3203 ἦ
617 3151 671 3188 τι
700 3137 941 3195 τοιοῦτον
973 3145 1141 3201 κακὸν
1169 3150 1474 3224 ἐπιδήμιον,
1504 3156 1532 3211 ὃ
1553 3160 1660 3214 τῶν
1688 3162 1833 3233 λογι-

242 3219 399 3288 σμῶν
422 3222 519 3294 τήν
553 3232 881 3303 παραφορὰν
912 3233 1288 3308 ἐξεργάζεται.

239 3304 417 3367 Filius
451 3316 731 3386 subjectus

1975 882 2211 939 gereret,
2244 879 2707 946 quemadmodum
2748 891 2950 959 populo
3006 892 3155 952 illius
3183 900 3334 958 urbis
3363 904 3560 961 insano
3619 917 3627 928 '

1972 961 2395 1022 simulacrorum
2426 973 2594 1026 cultui
2627 974 2892 1046 dedito,et
2921 987 3316 1045 sacrificiorum
3345 995 3558 1051 nidori-

1974 1050 2075 1107 luts
2110 1053 2349 1121 addicto,
2385 1058 2624 1130 Spiritus
2652 1078 2880 1128 sanctus
2913 1073 2967 1128 in
3005 1077 3169 1135 beato
3209 1080 3384 1140 Paulo
3423 1103 3557 1144 con-

1970 1144 2251 1212 citaretur,
2285 1159 2542 1221 tanquam
2588 1158 2791 1216 flumen
2844 1169 3119 1235 quoddam
3189 1173 3465 1236 inundans
3498 1184 3554 1237 in

1967 1235 2153 1291 animo
2191 1241 2434 1311 Apostoli
2465 1255 2883 1322 coangustatus,
2911 1270 2965 1314 et
2992 1260 3135 1319 inter
3157 1264 3411 1338 indignos
3446 1289 3553 1329 non

1966 1330 2250 1388 inveniens
2278 1335 2456 1394 locum
2481 1347 2827 1412 erumpendi.
2861 1346 3206 1425 Quapropter
3245 1376 3369 1415 cum
3401 1364 3548 1420 Stoi-

1965 1420 2044 1477 cis
2077 1431 2135 1477 et
2187 1423 2469 1497 Epicureis
2525 1433 2891 1508 conﬂictatur,
2956 1420 3011 1497 et
3061 1420 3116 1500 in
3154 1451 3294 1506 colle
3354 1453 3550 1512 Martio

1963 1520 2136 1581 stans,
2174 1531 2241 1571 ex
2280 1519 2497 1577 illorum
2560 1524 2826 1585 institutis
2878 1537 3174 1594 occasione
3205 1553 3447 1614 sumpta,
3478 1549 3545 1603 ad

1960 1600 2056 1657 Dei
2092 1606 2425 1676 agnitionem
2473 1627 2570 1669 eos
2625 1616 2899 1677 adducere
2948 1635 3228 1686 conatur:
3284 1649 3411 1689 nam
3446 1653 3546 1708 pro

1958 1697 2223 1754 orationis
2250 1705 2518 1771 prooemio
2548 1710 2715 1764 sumit
2762 1713 2938 1772 altare
2964 1721 3258 1790 quoddam,
3315 1727 3545 1801 ejusque

1958 1784 2177 1841 titulum
2203 1791 2706 1866 etinscriptionem.
2743 1784 3019 1870 Quorsum
3047 1810 3214 1882 igitur
3242 1815 3387 1874 illius
3426 1835 3526 1876 me-

1956 1876 2090 1932 mini
2119 1880 2408 1941 lectionis?
2461 1888 2730 1955 Quoniam
2780 1911 2931 1954 nunc
2989 1916 3211 1975 quoque
3243 1918 3397 1976 sunt,
3423 1915 3537 1983 qui,

1954 1969 2115 2025 sicuti
2154 1972 2521 2037 Athenienses
2546 1982 2644 2045 illi.
2679 1987 2815 2041 nulli
2853 1990 2945 2045 alii
2981 1994 3058 2048 rei
3090 2007 3312 2067 vacant,
3346 2003 3452 2059 nisi
3481 2016 3539 2059 ttt

1952 2060 2140 2118 dicant
2166 2076 2221 2120 et
2252 2067 2475 2125 audiant
2498 2073 2702 2145 aliquid
2720 2080 2867 2149 novi,
2889 2084 2983 2153 qui
3013 2087 3097 2141 vel
3126 2087 3243 2145 lteri
3273 2060 3355 2148 vel
3373 2098 3538 2165 paulo

1950 2161 2080 2211 ante
2145 2157 2212 2213 ab
2238 2160 2554 2230 sellulariis,
2608 2168 2834 2238 plebeiis
2860 2181 2915 2229 et
2973 2179 3264 2237 servilibus
3303 2157 3537 2256 opiﬁciis

1948 2248 2287 2320 prodierunt,
2314 2254 2566 2311 subitarii
2595 2271 2758 2331 atque
2779 2267 3120 2324 tumultuarii
3139 2248 3358 2342 quidam
3384 2278 3536 2335 theo-

1950 2335 2252 2406 logicarum
2284 2348 2683 2405 sententiarum
2716 2364 3002 2425 auctores,
3052 2361 3283 2422 forsitan
3344 2368 3533 2427 famuli

1947 2431 2171 2496 quidam
2218 2442 2274 2490 et
2307 2439 2641 2499 verberones
2672 2450 3016 2519 a‘servilibus
3047 2457 3370 2518 ministeriis
3401 2480 3533 2534 pro.

1944 2521 2080 2593 fugi,
2118 2528 2405 2598 magnifice
2449 2535 2609 2591 nobis
2638 2536 2707 2594 de
2744 2541 2908 2599 rebus
2961 2521 3531 2620 incomprehensibili-

1942 2614 2046 2669 luts
2070 2616 2551 2692 philosophantur.
2586 2627 2820 2688 Prorsus
2844 2634 2989 2691 haud
3012 2614 3279 2710 ignoratis
3295 2648 3363 2702 ad
3390 2667 3530 2721 quos

1940 2710 2121 2765 oratio
2143 2722 2373 2783 spectet.
2405 2721 2601 2777 Omnia
2621 2740 2859 2797 namque
2881 2730 2999 2786 loca
3031 2737 3184 2794 urbis
3208 2741 3410 2800 talibus
3435 2763 3525 2802 rc-

1940 2797 2084 2866 pleta
2112 2811 2261 2872 sunt,
2302 2807 2609 2878 angiporta,
2642 2813 2810 2882 bivia,
2870 2817 3008 2888 fora,
3071 2826 3263 2895 plateae
3308 2839 3525 2891 :vesti-

1938 2899 2249 2948 mentorum
2303 2896 2606 2967 institores,
2644 2908 2848 2965 mensis
2878 2919 3210 2983 argentariis
3258 2924 3521 2992 praefecti,

1936 2979 2029 3047 qui
2063 2983 2344 3041 esculenta
2388 2989 2547 3046 nobis
2573 2996 2837 3053 vendunt.
2878 2999 2933 3055 Si
2948 2979 2969 2983 v
3003 3021 3165 3076 quem
3210 2979 3402 3071 eorum
3455 3020 3524 3075 de

1935 3072 2113 3130 obolis
2138 3076 2466 3152 interroges,
2517 3086 2608 3143 ille
2659 3090 2756 3146 tibi
2796 3093 2865 3149 de
2913 3072 3082 3168 geniti
3110 3112 3165 3158 et
3215 3123 3323 3163 non
3354 3115 3519 3182 gen-ili

1857 3186 1904 3249 ο
1935 3177 2135 3224 natura
2163 3172 2609 3249 phiIOSOphatur;
2635 3185 2781 3253 quod
2805 3188 2851 3242 si
2883 3191 2947 3246 de
2979 3197 3153 3263 pretio
3198 3208 3252 3256 et
3281 3172 3521 3261 testium-

1931 3262 2080 3317 tione
2109 3266 2267 3332 panis
2290 3267 2614 3340 scisciteris,
2656 3274 2820 3332 Pater
2872 3262 3052 3354 major
3085 3297 3190 3356 est,
3235 3294 3436 3366 inquit,
3468 3312 3520 3357 ct

2110 3328 2124 3332 ν
2601 3328 2614 3340 1
2705 3328 2808 3332 ν-νν-
2872 3328 3041 3354 κ--νδνι
3086 3328 3190 3356 nec,
3235 3328 3436 3366 ιιιιιιιιι,
3468 3328 3514 3357 CI

792 3341 805 3377 :
857 3328 1004 3396 quod
1045 3332 1092 3385 si
1151 3333 1428 3393 lavacrum
1477 3350 1827 3406 commodum
1855 3369 1981 3411 esse
2008 3354 2237 3423 dixeris,
2276 3359 2365 3415 ille
2394 3377 2457 3418 ex
2505 3381 2614 3421 non
2663 3371 2881 3430 entibus
2906 3375 3104 3436 Filium
3139 3400 3261 3442 esse
3307 3404 3514 3451 censet,

794 3432 822 3451 Δ
888 3421 990 3451 lunt.
1062 3428 1258 3451 _\-I--__
1344 3446 1357 3451 -
1390 3450 1393 3451 ,
1478 3446 1488 3451 -
1570 3448 1578 3451 -
1785 3446 1817 3451 --
2062 3450 2070 3451 κ

233 3405 439 3464 Nescio
469 3426 578 3481 quo
601 3416 822 3473 nomine
886 3421 991 3478 hoc
1060 3428 1263 3484 malum
1334 3446 1585 3506 Oporteat
1642 3446 1940 3516 appellare,

2022 3450 2319 3520 phrenesin
2391 3473 2459 3512 an
2496 3460 2735 3521 furorem
2772 3507 2788 3535 ,
2830 3480 2927 3525 aut
2977 3475 3198 3547 aliquod
3246 3485 3515 3554 ejusmodi

233 3505 441 3562 malum
470 3510 614 3577 qttod
650 3511 704 3567 in
734 3518 937 3586 populo
959 3505 1422 3598 grassetur,quod
1479 3537 1679 3600 eﬂiciat
1719 3546 1916 3602 mentis
1946 3548 2372 3616 perversionem.

314 3594 405 3616 .-ι
449 3597 556 3616 __-,
583 3599 597 3616 1
888 3607 900 3616 -
1075 3612 1085 3616 -

302 3594 406 3649 Διά
442 3597 600 3651 τοῦτό
631 3617 771 3672 φημι
806 3607 943 3672 πρὸς
994 3612 1218 3680 τούτους
1268 3594 1493 3690 βλέπειν
1535 3628 1637 3701 τήν

224 3684 326 3739 τὸν
360 3685 680 3748 ’Δπόστολον
710 3695 950 3769 ἱστορίαν
972 3720 986 3734 ο
1019 3702 1056 3758 ὃ.
1080 3706 1187 3779 γὰρ
1219 3684 1346 3783 περὶ
1371 3715 1479 3771 τῶν
1523 3684 1819 3793 Ἀθηναίων

223 3778 263 3846 ή
298 3776 494 3849 Γραφὴ
535 3780 903 3856 διεξέρχεται,
941 3793 1115 3850 ταῦτα
1157 3776 1258 3855 νῦν
1290 3776 1437 3860 έστιν
1476 3809 1570 3863 ἐπὶ

226 3867 392 3924 ιδετν-
442 3872 643 3941 μᾶλλον
693 3877 751 3931 δὲ
798 3882 848 3934 εί
894 3884 1002 3956 χρὴ
1048 3889 1256 3963 τάληοῆ
1305 3894 1503 3967 λέγειν,
1547 3867 1815 3964 κάκείνῷ

224 3960 347 4014 ἐστὶ
388 3961 460 4015 τὰ
501 3966 643 4020 κατά
671 3968 895 4037 τούτους
937 3960 1444 4058 ἀσυγγνωστότερα.
1479 3960 1539 4046 Qi
1575 3960 1811 4072 μὲν

218 4050 390 4103 οἱονεὶ
439 4051 589 4127 λήμῃ
650 4058 759 4113 τινὶ
808 4065 874 4134 τῇ
931 4069 1060 4138 περὶ
1108 4071 1177 4125 τά
1224 4050 1418 4132 εἴδωλα
1471 4050 1659 4157 πλάνη

215 4139 539 4214 ὀφθαλμοὺς
566 4148 665 4218 τῆς
697 4150 876 4224 ψυχῆς
924 4162 1304 4233 κατεχόμενοι,
1351 4170 1478 4225 ἰδεῖν
1502 4139 1809 4250 abrumpo;

1057 4227 1090 4230 ν-
1127 4227 1138 4232 -
1291 4227 1300 4233 .
1510 4227 1519 4228 ί
1551 4227 1559 4228 ί
1588 4227 1774 4250 ν-νίννν

216 4227 391 4295 ώπως
441 4233 542 4306 τήν
595 4237 793 4313 εὐσεϐῆ
852 4247 981 4317 περὶ
1039 4250 1148 4306 τῶν
1202 4254 1370 4311 ὄντων
1423 4261 1811 4334 ἀδυνατοῦντες

213 4317 479 4391 ἀλήθειαν
497 4339 511 4352 ·
542 4324 691 4395 ὅμως
712 4325 823 4387 οἷον
844 4334 1028 4410 iras-ﬁ
1056 4356 1163 4396 τινι
1191 4344 1301 4399 τῶν
1320 4347 1593 4423 λογισμῶν
1619 4359 1810 4413 τοσοῦ-

215 4426 310 4466 τον
341 4414 659 4489 ὲνενόησαν,
695 4423 776 4477 ὅτι
822 4428 883 4480 οὐ
939 4432 1114 4506 πάντη
1159 4414 1504 4513 καταληπτὸν
1555 4447 1617 4502 τὸ
1646 4452 1800 4508 Θεῖόν

213 4504 389 4570 ἐστιν,
424 4509 543 4563 οὐδὲ
575 4508 687 4566 οἷον
716 4517 746 4570 ὁ
774 4516 1030 4592 λογισμὸς
1053 4526 1246 4597 οἴεται,
1278 4535 1519 4593 τοιοῦτον
1544 4543 1612 4612 τῇ
1642 4542 1801 4611 φύσει
1833 4530 1878 4588 D

210 4596 272 4649 τὸ
303 4598 720 4674 ὑπερκείμενον.
751 4610 844 4664 Διὸ
880 4613 971 4667 τὸν
1001 4616 1168 4685 ὅντως
1197 4596 1329 4679 Θεὸν
1357 4596 1631 4696 ἄγνωστον
1653 4596 1802 4692 Etth

211 4688 688 4763 ὁμολογήσαντες,
743 4699 913 4774 βωμῷ
970 4708 1064 4760 καὶ⁵
1110 4688 1416 4784 γράμματι.
1450 4723 1652 4791 τιμῶσι

210 4780 615 4853 ἀγνοούμενον·
662 4792 744 4846 ὅτι
798 4794 906 4868 γὰρ
953 4800 1089 4870 πρὸς
1269 4780 1450 4874 ’ὅντως
1501 4780 1632 4868 (ivvat
1666 4780 1798 4873 Θεδν

208 4869 441 4927 ἔϐλεπεν
485 4876 667 4933 αὐτῶν
711 4884 743 4954 ἡ
791 4869 1032 4954 διάνοιαί,
1067 4901 1336 4967 μαρτυρεί
1368 4869 1528 4967 αὐτὸς
1568 4906 1599 4957 ὁ

208 4963 417 5028 στολος,
460 4967 666 5027 ἐκεῖνον
705 4979 1091 5048 καταγγέλλων
1120 4963 1303 5054 αὐτοις
1338 4991 1426 5045 τὸν
1450 4963 1601 5062 Θεὸν,
1634 5002 1713 5065 είς
1735 5001 1795 5056 ὃν

205 5052 456 5109 εὐσεϐεῖν
499 5060 695 5117 ὲκείνοι
742 5064 831 5121 διά
880 5070 979 5140 τῆς
1023 5073 1118 5127 τοῦ
1170 5052 1355 5149 βωμοῦ
1401 5088 1568 5159 τιμῆς
1601 5091 1790 5161 ῷοντο.

204 5142 336 5209 Πῶς
386 5143 479 5202 οὖν
527 5152 589 5204 ού
641 5154 1011 5233 χαλεπώτεροι
1060 5165 1169 5221 τῶν
1212 5179 1696 5244 μνημονευθέντων
1740 5187 1791 5238 οἱ

204 5235 301 5291 νῦν
355 5243 774 5315 ματαιάζοντες;
821 5254 872 5305 οἱ
933 5255 1006 5325 μὴ
1056 5265 1464 5333 συγχωροῦντες
1504 5272 1645 5345 ὑπὲρ
1690 5276 1789 5349 τὴν

1244 5330 1253 5333 -
1615 5330 1627 5345 .
1746 5330 1757 5349 .

202 5330 514 5402 κατάληψιν
544 5336 723 5391 αὐτῶν
750 5336 890 5397 εἶναι
929 5346 991 5399 τὸ
1019 5347 1192 5417 Θεῖον,
1228 5354 1339 5406 ἀλλ’
1370 5358 1512 5412 οὕτω
1538 5363 1630 5417 τὸν
1656 5366 1788 5422 Θεὸν

200 5423 531 5491 γιγνώσκειν
580 5432 1048 5505 μεγαλαυχοῦντες
1092 5443 1168 5507 ὡς
1210 5448 1373 5513 αὐτὸς
1407 5453 1630 5524 ἑαυτόνς
1661 5461 1787 5526 Πῶς

198 5513 266 5565 ἄν
292 5532 382 5578 τις
423 5518 544 5572 κατ’
591 5522 749 5589 ἀξίαν
776 5528 876 5598 τὴν
906 5532 1153 5602 πήρωσιν
1196 5538 1304 5592 τῶν
1341 5542 1587 5600 δειλαίων
1615 5567 1783 5605 κατα-

198 5602 555 5678 θρηνήσειεν,
610 5616 663 5669 οἳ
712 5618 967 5674 τοσούτου
1017 5628 1194 5693 φωτὸς
1235 5631 1334 5702 τῆς
1387 5602 1783 5715 ἀληθείαςτὴν

197 5698 522 5774 οἰκουμένην
560 5709 740 5763 πᾶσαν
778 5713 836 5764 ἐν
866 5717 929 5784 τῇ
960 5718 1080 5769 καθ’
1110 5723 1259 5792 ἡμᾶς
1285 5698 1396 5798 ζωῇ
1437 5698 1524 5783 δίά
1550 5698 1645 5805 τῆς
1686 5698 1778 5790 εδ-

198 5790 392 5854 σεὸοὖς
420 5795 652 5865 πίστεως
690 5804 1143 5876 περιλάμποντος,
1185 5816 1334 5885 μόνοι
1376 5821 1512 5892 πρὸς
1547 5824 1643 5897 τὴν
1677 5830 1774 5883 αύο

1997 3635 2344 3710 Quapropter
2380 3644 2626 3713 Apostoli
2655 3649 2942 3711 historiam
2970 3661 3039 3716 ad
3068 3663 3168 3723 hos
3191 3668 3314 3727 dico
3343 3679 3514 3747 perti-

1920 3741 2092 3795 nere;
2119 3743 2246 3785 nam
2274 3748 2395 3802 quae
2417 3737 2486 3790 de
2517 3736 2947 3805 Atheniensibus
2982 3766 3171 3812 narrat
3202 3736 3507 3834 Scriptura,

1924 3816 2043 3874 haec
2071 3835 2219 3877 nunc
2262 3822 2317 3879 in
2350 3825 2434 3880 his
2470 3829 2597 3885 licet
2632 3834 2817 3893 videre
2851 3857 2864 3893 :
2923 3842 3036 3898 imo
3070 3863 3199 3906 vero
3225 3853 3271 3909 si
3299 3868 3511 3927 oportet

1913 3925 2043 3967 vera
2078 3912 2282 3980 dicere,
2318 3918 2513 3975 horum
2542 3936 2826 3993 peccatum
2855 3936 3067 3994 minore
3090 3957 3251 4012 quam
3288 3948 3507 4009 illorum

1913 4017 2094 4068 error,
2122 4008 2282 4062 venia
2319 4007 2542 4082 dignum
2564 4025 2670 4082 est,
2704 4029 2870 4094 atque
2888 4026 2973 4084 his
2999 4033 3182 4091 minus
3210 4028 3372 4109 quam
3399 4045 3509 4103 illis

1914 4094 2124 4166 ignosci
2174 4101 2356 4157 debet.
2404 4104 2730 4179 Quanquam
2782 4119 2928 4174 enim
2978 4123 3080 4192 illi,
3124 4094 3271 4197 quod
3313 4094 3503 4195 eorum

1913 4189 2083 4245 animi
2107 4194 2299 4249 oculos
2343 4203 2604 4267 tanquam
2654 4204 2921 4275 lippitudo
2976 4189 3223 4285 quaedam
3278 4227 3505 4284 simula—

1911 4290 2132 4334 crorum
2171 4284 2356 4341 cultus
2384 4302 2543 4345 error
2568 4293 2865 4364 invaserat,
2899 4314 3045 4360 recta
3074 4307 3211 4367 facie
3235 4333 3334 4372 sua
3357 4322 3498 4388 piam

1915 4365 1974 4388 .I-
2014 4383 2039 4388 _
2077 4370 2088 4388 |
2117 4387 2124 4388 κ
2163 4387 2166 4388 ν
2294 4373 2327 4388 ⁸⁸
2653 4387 2659 4388 ί

3189 4365 3207 4367 -
3236 4365 3334 4372 -.-..

1910 4365 1979 4421 de
2014 4370 2177 4426 rebus
2212 4373 2524 4447 quibusque
2550 4387 2834 4442 veritatem
2861 4393 3045 4451 videte
3065 4416 3173 4455 non
3208 4416 3497 4483 poterant;

1910 4463 2090 4483 ιιι-ιιι...
2119 4463 2327 4483 ...-A'_-_,,
2376 4482 2381 4483 ,
2564 4474 2577 4483 .
2735 4479 2748 4483 _

1908 4463 2093 4513 tamen
2119 4463 2389 4519 rationum
2421 4474 2579 4538 quasi
2606 4479 2841 4544 quadam
2867 4463 3254 4554 attrectatione
3286 4463 3496 4561 tantum;

1907 4547 2318 4619 intellexerunt,
2380 4562 2529 4629 quod
2568 4582 2769 4625 numen
2818 4574 3064 4636 divinum
3095 4591 3314 4655 penitus
3345 4611 3498 4655 cont-

1903 4640 2175 4708 prehendi
2206 4661 2315 4702 non
2347 4655 2541 4719 possit,
2573 4672 2673 4714 nec
2706 4665 2866 4731 quale
2890 4682 3005 4725 eam
3037 4679 3179 4732 ratio
3196 4697 3320 4739 esse
3345 4700 3495 4756 putat

1901 4740 2100 4787 natura
2138 4738 2265 4793 talis
2286 4756 2482 4811 supera
2509 4747 2693 4805 divina
2720 4756 2979 4826 majestas
3002 4766 3091 4820 sit.
3126 4738 3490 4836 Quamohrem

1902 4838 2089 4878 verum
2136 4824 2302 4883 Deum
2335 4840 2593 4904 cognosci
2641 4857 2748 4898 non
2782 4862 2943 4916 posse
2985 4853 3238 4929 fatentes,
3267 4880 3362 4920 ara
3410 4882 3490 4923 at-

1897 4933 2005 4986 qtte
2036 4921 2194 4978 titulo
2225 4924 2498 4985 honorant
2532 4950 2692 5004 quem
2731 4940 2984 5011 ignorant
3033 4970 3047 5005 :
3080 4969 3205 5009 nam
3249 4972 3485 5018 mentem

1896 5009 2115 5066 illorum
2144 5030 2293 5083 eum,
2323 5024 2416 5090 qui
2449 5039 2639 5082 revera
2670 5029 2814 5091 Deus
2847 5046 2954 5107 est,
3000 5059 3301 5114 speetasse,
3340 5053 3484 5124 Apo-

1898 5104 2064 5124 ,μιν
2122 5118 2134 5124 _
2211 5119 2222 5124 Α
2272 5120 2282 5124 _
2426 5118 2440 5124 _

1896 5104 2070 5161 stolus
2122 5118 2378 5184 testatur,
2408 5118 2537 5174 dum
2586 5123 2741 5179 illum
2770 5126 2939 5185 Deum
2992 5134 3071 5190 eis
3098 5104 3477 5213 annuntiabrat,

1892 5213 2051 5264 quem
2096 5202 2184 5271 pie
2235 5220 2295 5262 se
2319 5210 2499 5267 colere
2533 5229 2629 5284 per
2654 5217 2917 5277 honorem
2971 5228 3159 5284 altaris
3198 5235 3476 5292 existima-

1892 5286 2045 5343 bant.
2080 5291 2185 5358 Qui
2222 5296 2392 5368 igitur
2431 5310 2750 5365 memoratis
2811 5329 2919 5367 non
2956 5321 3177 5387 gravius
3224 5340 3479 5397 peccant,

1889 5381 1981 5448 qui
2013 5398 2159 5440 nunc
2183 5391 2651 5453 stultitiam-suam
2710 5405 3098 5481 produnt?qui
3131 5432 3241 5473 non
3278 5434 3477 5480 conce-

1887 5471 2024 5526 dunt
2054 5490 2223 5548 supra
2255 5494 2476 5554 captum
2506 5504 2666 5546 suum
2700 5508 2823 5550 esse
2847 5513 3049 5557 numen
3071 5506 3340 5578 divinum,
3378 5518 3473 5572 sed

1886 5564 1958 5618 ita
1988 5565 2157 5625 Deum
2189 5591 2311 5631 sese
2368 5594 2701 5652 cognoscere
2733 5590 3055 5663 gloriantur,
3089 5610 3145 5654 ttt
3187 5605 3303 5676 ipso
3352 5624 3474 5667 sese

1884 5663 2210 5727 cognoscit?
2231 5669 2323 5737 qui
2348 5675 2525 5741 possit
2563 5679 2763 5750 aliquis
2792 5683 2953 5756 digne
3016 5682 3179 5754 talem
3209 5663 3224 5676 ⁸
3246 5701 3473 5757 misero-

1881 5762 2002 5802 rum
2063 5758 2262 5813 tnentis
2317 5767 2615 5824 caecitatem
2667 5772 3113 5855 deplorare?qui
3162 5797 3311 5846 tanta
3346 5794 3468 5850 luce

1882 5844 2196 5906 universum
2220 5861 2489 5914 terrarum
2512 5864 2769 5940 orbcmin
2794 5873 2903 5928 vita
2935 5888 3123 5935 nostra
3151 5898 3244 5951 per
3262 5895 3462 5978 rectam

3422 6114 3445 6151 π
