3882 6428
429 383 534 440 559
1650 376 1706 431 S.
1748 369 2077 430 GREGOIHI
2105 371 2391 429 NYSSENI
3573 377 3669 435 566

430 499 589 553 ﬁdem
620 495 999 559 collustraue,
1035 493 1136 547 soli
1166 491 1232 548 ad
1257 490 1786 562 spiendorcm.quod
1822 490 2014 545 attinet

2122 490 2226 561 γὴν
2271 491 2725 563 ἀμϐλυιυποῦσιν;
2776 493 2809 565 ἦ
2853 492 3095 560 ἀγνοεῖτε
3150 491 3300 544 ποῖον
3351 489 3486 559 λέγω
3529 490 3671 546 πλεο-

426 590 493 643 ad
541 588 786 643 veritatis
839 586 1217 657 agnitionem,
1257 584 1592 638 caacntiunt?
1641 598 1708 636 an
1757 582 2014 651 ignoratis

2124 584 2305 647 νάζειν
2355 584 2471 653 φῶς
2507 586 2564 637 ὲν
2614 587 2682 655 τῇ
2710 585 2956 655 ἡμετέρᾳ
2995 582 3143 654 {rei};
3195 582 3546 654 ’Δριθμήσατὲ
3593 601 3671 653 μοι

424 694 588 750 quam
616 680 791 733 lucem
817 678 868 729 iu
900 676 1006 730 vita
1041 682 1227 730 nostra
1258 676 1436 730 dicam
1476 673 1798 728 abundare?
1822 670 2019 726 Nume-

428 782 542 827 rate
574 770 708 825 mibi
735 770 884 838 regia
910 768 1357 838 luminaria,quae
1377 764 1707 836 evangelicis
1730 764 2019 819 luminari-

393 913 402 929 ,
426 865 528 920 bus
551 878 780 917 numero
809 862 960 932 paria
987 861 1301 915 universum
1323 859 1715 929 propemodum
1736 859 2019 927 complexa

395 1018 402 1026 .
425 957 691 1009 nntndum
717 955 770 1008 in
800 970 933 1025 pace
953 965 1113 1022 atque
1136 954 1329 1021 pietate
1357 952 1669 1006 illustrant:
1690 950 1911 1020 quando
1938 948 2019 1003 fa-

397 1033 545 1103 ἰἰοι-
571 1062 753 1102 rerum
802 1047 1180 1101 universarum
1217 1042 1358 1098 Dens
1394 1043 1630 1113 primum
1660 1041 1796 1097 illud
1826 1043 2016 1097 mundi

423 1141 651 1208 originis
674 1154 812 1209 opus
834 1137 1122 1191 miriﬁcum
1151 1135 1529 1204 imitatur.qui
1547 1149 1657 1189 non
1687 1135 1864 1190 solum
1896 1150 2016 1187 ma-

424 1247 589 1299 gnum
619 1228 888 1283 luminare
924 1225 1210 1279 constituit
1245 1224 1299 1277 in
1330 1225 1643 1294 principatu
1679 1240 1864 1280 rerum
1896 1240 2018 1294 qua:

423 1320 713 1380 videntur,
742 1331 930 1372 verum
955 1316 1120 1370 etiam
1151 1314 1201 1369 ei
1230 1314 1394 1368 simul
1423 1314 1717 1383 conjunxit
1745 1314 2017 1368 luminare

422 1425 642 1481 quoque
659 1408 861 1475 minus,
879 1406 1027 1478 quod
1045 1421 1075 1459 a
1095 1404 1341 1476 paternis
1365 1405 1533 1461 radiis
1556 1412 1783 1475 accepto
1810 1406 2017 1461 lumine

424 1517 532 1556 una
564 1499 819 1555 collucet.
842 1497 905 1552 Et
937 1497 1209 1566 ejusmodi
1242 1496 1401 1552 nobis
1431 1497 1485 1550 in
1507 1495 1786 1551 communi
1815 1510 2015 1567 propo-

422 1593 546 1649 sitis
562 1590 890 1655 commodis,
910 1588 1070 1660 quasi
1096 1603 1125 1642 a
1146 1587 1491 1644 daemonibus
1520 1595 1743 1659 accepta
1772 1589 1928 1659 plaga
1957 1588 2013 1644 in

421 1685 662 1742 furorem
683 1682 814 1749 acti,
834 1681 1178 1752 impudenter
1196 1680 1462 1737 adversus
1486 1680 1767 1736 veritatem
1792 1692 2015 1736 senten-

421 1778 620 1833 tiarum
647 1789 771 1831 sese
785 1773 1110 1843 opponunt?
1140 1772 1598 1841 quemadmodum
1617 1770 1786 1828 Stoici
1814 1781 1868 1828 et
1885 1771 2013 1842 Epi-

2121 675 2249 738 τοὺς
2312 676 2625 746 βασιλικοὺς
2681 678 3007 749 φωστῆρας.
3051 677 3101 729 οἳ
3159 680 3271 738 τοῖς
3317 676 3672 744 Εὑαγγελικοίς

2126 767 2405 839 ίσάριθμοι
2448 771 2627 824 πάντα
2680 769 2879 842 μικροῦ
2916 771 3028 823 δεῖν
3057 769 3149 822 τὸν
3182 768 3384 838 κόσμον
3420 767 3675 820 διαλαϐόν-

2122 875 2236 922 τες.
2269 860 2337 912 δι’
2371 862 2594 932 εἰρήνης
2638 863 2730 914 καὶ
2775 859 3054 924 εὐσεϐείας
3086 858 3568 927 καταφωτίζουσιν·
3597 858 3669 911 ὅτε

2124 956 2371 1022 μιμεῖται
2397 957 2425 1008 ὁ
2453 955 2605 1019 Θεὸς,
2641 956 2670 1008 ὁ
2695 954 2786 1008 τοῦ
2834 953 3037 1016 παντὸς
3070 951 3318 1022 ποιητὴς,
3346 951 3439 1020 τὴν
3473 949 3673 1019 πρώτην

2119 1044 2218 1113 τῆς
2246 1046 2640 1115 κοσμογενείας
2685 1044 3144 1117 θαυματουργίαν,
3188 1043 3249 1096 οὑ
3296 1041 3450 1112 μόνον
3476 1041 3561 1093 τὸν

2119 1150 2222 1202 γαν
2267 1139 2531 1208 φωστῆρα
2577 1140 2654 1201 εἰς
2684 1138 2784 1208 τὴν
2831 1136 2941 1189 τῶν
2973 1135 3263 1206 ὁρωμένων
3297 1133 3456 1199 τάξας
3499 1130 3672 1202 ἀρχὴν,

2116 1224 2253 1278 ἀλλά
2283 1227 2380 1279 καὶ
2423 1226 2885 1297 συμπαραξεύξας
2927 1226 3077 1297 αὑτῷ
3105 1226 3201 1279 καὶ
3226 1224 3316 1278 τὸν
3346 1224 3549 1277 ἐλάσσω
3576 1239 3674 1290 φω-

2119 1320 2323 1389 στῆρα,
2369 1319 2462 1371 τὸν
2522 1321 2641 1381 ταῖς
2702 1321 2995 1388 πατρικαῖς
3058 1319 3240 1371 ἀκτῖσι
3296 1314 3677 1386 συμπαραλάμ-

2117 1424 2312 1462 ποντα.
2340 1404 2473 1461 Εἶτα
2501 1408 2757 1462 τοιούτων
2789 1411 2923 1479 ἡμῖν
2959 1410 3017 1460 ὲν
3050 1407 3126 1477 τῷ
3155 1405 3317 1476 κοινῷ
3344 1405 3450 1459 τῶν
3477 1402 3676 1471 ἀγαθῶν

2118 1500 2515 1570 προκειμένων,
2563 1500 2752 1572 ὥσπερ
2793 1501 2899 1554 ὑπὸ
2947 1499 3218 1570 δαιμόνων
3262 1497 3473 1569 πληγῆς
3511 1496 3670 1548 ἐνθου-

2116 1589 2360 1654 σιῶντες,
2409 1589 2645 1654 ἀναιδῶς
2680 1589 2815 1661 πρὸς
2847 1591 2946 1661 τὴν
2987 1588 3247 1660 ἀλήθειαν
3278 1587 3385 1641 τῶν
3416 1587 3676 1656 δογμάτων

2115 1679 2612 1744 ἀντικαθίστανται,
2663 1680 2805 1733 κατά
2843 1681 2969 1744 τοὺς
3009 1666 3284 1741 ’Στωϊκούς
3315 1694 3373 1731 τε
3418 1677 3510 1731 καὶ
3544 1676 3677 1728 Ἐπι-

2118 1773 2401 1845 κουρείους
2435 1772 2699 1837 ἐκείνους,
2754 1772 2890 1844 πρὸς
2934 1772 3029 1837 οὒς
3071 1775 3100 1826 ὁ
3130 1771 3340 1836 Παῦλος
3371 1772 3496 1841 παρ’
3530 1769 3669 1838 Ἀθη-

422 1866 575 1923 curei
609 1864 707 1929 illi,
733 1879 856 1918 cum
883 1862 1084 1932 quibus
1106 1861 1311 1917 Paulus
1336 1861 1480 1931 apud
1501 1862 1863 1919 Athenienses
1882 1878 2013 1918 con-

2119 1865 2288 1930 ναίοις
2319 1864 2723 1935 συμπλέκεταις
2755 1866 2865 1918 Καὶ
2888 1865 2976 1918 ἵνα
3021 1864 3095 1936 μὴ
3133 1864 3395 1934 νομίσητε
3432 1860 3674 1930 κατατρέ-

421 1960 681 2013 llietatur.
697 1959 775 2009 Ac
796 1970 863 2010 ne
885 1954 1089 2025 putetis
1107 1970 1201 2022 per
1217 1955 1548 2009 calumniam
1565 1954 1865 2011 decurrere
1884 1970 2013 2011 ora-

420 2050 803 2119 tionem,ipsas
820 2048 1122 2103 sententias
1140 2057 1563 2102 memoratarum
1577 2049 2009 2106 consideremus.

421 2140 697 2197 Materiale
729 2154 930 2193 numen
977 2139 1221 2193 divinum
1251 2154 1377 2195 esse
1425 2136 1598 2194 Stoici
1634 2139 2010 2209 suspicantur,

421 2240 667 2288 creatum
697 2231 862 2285 etiam
895 2231 946 2284 bi
982 2229 1323 2299 unigenitum
1365 2228 1562 2284 Filium
1604 2246 1728 2286 esse
1766 2230 2010 2301 ﬁngunt;

416 2338 651 2394 prorsus
680 2330 860 2376 autem
900 2320 1058 2375 scitis
1086 2329 1293 2390 quanta
1332 2328 1519 2375 creato
1580 2336 1708 2376 cum
1743 2323 2012 2377 materiali

423 2413 678 2485 cognatio
707 2413 800 2468 sit.
833 2409 964 2467 Item
990 2409 1237 2481 Epicurei
1273 2412 1570 2481 opinantur
1614 2414 1821 2467 nullam
1852 2429 2016 2484 supe-

425 2521 539 2560 ram
584 2511 1175 2575 potestatemprzcesse
1206 2518 1305 2556 nec
1355 2504 1733 2560 constitutioni
1782 2520 1884 2560 nec
1918 2505 2014 2559 ad-

415 2597 818 2652 ministrationi
868 2610 1078 2659 rerum,
1138 2594 1235 2649 sed
1279 2596 1467 2650 omnia
1505 2603 1712 2652 temere
1765 2612 2013 2668 casuque

410 2688 646 2744 'fortuito
675 2688 825 2754 ferri,
851 2686 1023 2741 nulla
1035 2686 1375 2755 providentia
1406 2702 1494 2743 res
1524 2688 1857 2757 pcrvadente
1887 2708 1901 2744 :
1938 2700 2012 2752 et.

425 2780 778 2836 utconcisius
814 2794 878 2833 ac
930 2778 1149 2833 brevius
1188 2793 1431 2833 errorem
1465 2793 1654 2833 eorum
1685 2779 2013 2843 indicemus.

423 2875 492 2930 ad
526 2871 826 2939 ἀθείαν,.ἰι1
847 2880 951 2930 est.
982 2872 1325 2941 negationem
1352 2871 1593 2926 numinis
1620 2872 1787 2927 divini
1824 2888 2014 2927 eorum

425 2973 676 3035 spectant
713 2962 1026 3034 opiniones.
1075 2959 1371 3017 Videamus
1420 2962 1587 3032 igitur
1606 2977 1686 3016 an
1737 2977 1847 3016 non
1904 2964 2015 3018 sint

422 3051 732 3105 imitatores
766 3047 1187 3117 Epicureorum,
1228 3049 1320 3117 qui
1354 3048 1550 3103 Filium
1593 3048 1734 3120 (Dei)
1777 3050 2012 3121 ignomi-

429 3138 788 3198 niaaﬂiciunt
803 3141 827 3194 ?
843 3142 923 3195 Ac
942 3155 1108 3195 nemo
1132 3141 1368 3194 orationi
1393 3157 1456 3196 ex
1488 3141 1718 3196 adverso
1740 3152 2010 3214 opponat:

2119 1975 2235 2028 χειν
2263 1959 2322 2012 ἐν
2369 1959 2701 2028 συκοφαντίᾳ
2726 1957 2819 2010 τὸν
2847 1957 3026 2025 λόγον,
3058 1955 3196 2011 αὐτὰ
3224 1955 3293 2009 τά
3318 1955 3557 2023 δόγματα
3582 1952 3677 2004 τῶν

2122 2047 2606 2119 μνημονευθέντων
2635 2048 3094 2117 ἐπισκοπήσωμεν
3109 2062 3123 2075 ·
3163 2044 3378 2097 ’Υλικδν
3399 2046 3507 2104 τοῖς
3526 2042 3677 2094 Στωϊ-

2120 2142 2235 2202 κοῖς
2260 2138 2322 2192 τὸ
2351 2138 2505 2203 Θεῐον
2542 2133 2682 2192 εἶναι
2717 2139 3041 2200 ὑπονοεῖται,
3073 2136 3289 2190 κτιστδν
3322 2135 3413 2187 καὶ
3440 2129 3576 2188 οὑτοι
3598 2130 3678 2184 τὸν

2123 2229 2390 2300 μονογενῆ
2426 2228 2556 2283 Υίδν
2589 2224 2732 2282 εἶναι
2763 2226 3281 2291 κατασκευάζουσιν.
3315 2227 3452 2278 Ἵστε
3481 2225 3535 2277 δὲ
3559 2223 3678 2276 πάν-

2120 2338 2248 2384 τως,
2278 2322 2377 2392 ὂση
2410 2321 2528 2374 ἐστὶ
2567 2319 2661 2374 τοῦ
2697 2320 2916 2373 κτιστοῦ
2965 2319 3099 2391 πρὸς
3143 2319 3205 2372 τὸ
3235 2318 3421 2372 ὑλικὸν
3449 2320 3482 2388 ἡ
3510 2315 3680 2384 συγγέρ

2121 2428 2260 2466 νεια.
2320 2411 2486 2466 Πάλιν
2531 2414 2643 2475 τοῖς
2697 2411 3089 2481 Ἐπικουρείοις
3139 2410 3297 2463 οὐδὲν
3350 2409 3678 2481 ὑπερκεῖσθαι

2120 2507 2267 2560 δοκεί
2305 2506 2405 2576 τῆς
2446 2506 2555 2559 τῶν
2599 2507 2771 2560 ὄντων
2802 2504 3114 2567 συστάσεως
3148 2521 3206 2557 τε
3233 2503 3328 2557 καὶ
3353 2504 3675 2573 διοικήσεως,

2120 2597 2237 2650 ἀλλ’
2268 2596 2593 2667 αὐτομάτως
2625 2597 2696 2649 τὰ
2734 2595 2908 2649 πάντα
2958 2592 3239 2665 φέρεσθαι,
3272 2592 3536 2664 μηδεμιᾶς
3564 2606 3678 2661 προ-

2121 2688 2270 2751 νοίας
2294 2687 2381 2741 διὰ
2416 2688 2525 2741 τῶν
2564 2687 2906 2759 πραγμάτων
2937 2684 3209 2757 ἡκούσης·
3247 2684 3345 2737 καὶ
3372 2684 3447 2746 ὼς
3483 2682 3546 2737 ἂν
3576 2698 3680 2734 συν-

2122 2780 2434 2853 τομώτερον
2459 2780 2705 2851 εἴποιμεν
2738 2780 2837 2850 τὴν
2872 2777 3082 2848 πλάνην
3114 2776 3320 2841 αὑτῶν,
3355 2777 3489 2848 πρὸς
3512 2774 3679 2828 ἀθεῖαν

2123 2876 2307 2939 αὐτοῖς
2341 2874 2530 2945 βλέπει
2576 2873 2643 2927 τὰ
2692 2872 2957 2943 δόγματα.
3006 2871 3381 2942 Σκοπήσωμεν
3430 2868 3597 2922 τοίνυν
3638 2865 3679 2917 εί

2126 2967 2202 3038 μὴ
2240 2968 2475 3038 μιμηταὶ
2510 2966 2618 3020 τῶν
2663 2966 3055 3035 Ἐπικουρείων
3088 2965 3138 3017 οἱ
3170 2964 3262 3017 τὸν
3297 2965 3425 3017 Υίῖν
3449 2958 3680 3016 ἀθετοῦν-

2122 3075 2214 3121 τες
2239 3056 2365 3110 είσί.
2414 3058 2523 3110 Καὶ
2582 3056 2768 3127 μηδεὶς
2822 3054 3204 3124 ἀνθυπενέγκῃ
3251 3052 3332 3124 τῷ
3389 3053 3552 3123 λόγῳ,
3609 3050 3679 3103 ὅτι

2136 3146 2456 3216 Ἐπίκουρος
2492 3144 2615 3198 οὑδὲ
2656 3144 2747 3197 τὸν
2790 3144 3012 3212 Πατέρα
3058 3138 3219 3209 οἶδεν,
3283 3142 3404 3196 οὑδὲ
3454 3140 3681 3210 ὁμολογεῖ

428 3233 699 3302 l-Lpicurus
744 3245 923 3300 neque
948 3229 1164 3284 Patrem
1210 3231 1379 3296 norit,
1411 3245 1582 3298 neque
1607 3206 1865 3285 deitatem
1899 3232 2014 3299 ejus

2122 3236 2289 3290 αὑτοῦ
2316 3236 2413 3307 τὴν
2449 3235 2704 3306 θεότητα,
2734 3235 2828 3289 καὶ
2854 3235 2970 3298 πῶς
3005 3233 3146 3288 κατὰ
3174 3233 3238 3286 τὸ
3274 3234 3389 3287 ἴσον
3419 3231 3679 3287 ἀσεϐοῦσιν

427 3325 757 3389 conﬁtetur;
803 3330 859 3377 et
887 3319 1172 3392 quomodo
1190 3335 1352 3390 :eque
1401 3321 1554 3390 impii
1600 3329 1733 3377 sunt
1777 3322 2022 3392 hiatque

430 3419 527 3480 illi,
562 3418 655 3488 qui
693 3414 873 3472 Patris
904 3415 1160 3469 deitatem
1195 3428 1305 3467 non
1346 3422 1547 3485 negant
1594 3430 1692 3469 nec
1729 3416 2022 3485 rcjiciunt?

425 3510 717 3565 Paululum
748 3509 893 3564 enim
923 3512 1174 3561 moratus
1202 3512 1368 3575 atque
1422 3513 1736 3572 cunctatus,
1780 3508 2021 3577 reperies

426 3613 752 3660 Anommum
780 3601 1012 3657 alterum
1056 3612 1280 3669 quoque
1309 3611 1433 3653 esse
1455 3595 1776 3667 Epicurum.
1807 3597 1898 3652 Sic
1919 3613 2017 3652 au-

427 3710 535 3752 tem
568 3712 682 3751 rem
720 3694 1156 3750 consideremus.
1216 3689 1576 3762 Splendorem
1624 3690 1815 3761 gloriae
1846 3689 2004 3745 Chri-

427 3800 573 3844 stum
593 3801 716 3842 esse
743 3784 883 3839 dixit
932 3783 1246 3852 Apostolus,
1286 3790 1339 3836 et
1379 3796 1695 3852 expressam
1726 3780 2017 3852 imaginem

428 3869 754 3936 substantiae
770 3877 818 3942 ⁸,
845 3884 897 3931 et
925 3874 1228 3945 potentiam
1259 3870 1378 3936 Dei,
1426 3881 1482 3926 et
1533 3871 1855 3941 sapientiam
1884 3872 1927 3939 °,
1965 3879 2021 3927 et

427 3968 768 4043 quaecunque
805 3974 933 4023 sunt
950 3966 1097 4031 talia,
1150 3976 1385 4034 quorum
1438 3962 1867 4032 unumquodque
1900 3971 2021 4015 tan-

427 4078 592 4136 quam
638 4062 693 4116 in
752 4055 1243 4128 coniunctionibus
1297 4054 1629 4125 quibusdam
1686 4052 2018 4108 necessariis

430 4156 586 4212 nullo
617 4152 790 4214 modo
799 4166 895 4223 per
918 4165 1042 4205 sese
1070 4148 1250 4204 solum
1268 4161 1334 4202 ac
1352 4146 1650 4218 separatim
1670 4140 2016 4216 intelligitur,

428 4246 524 4301 sed
546 4253 776 4314 utraque
791 4240 1129 4311 conjunctim
1161 4247 1216 4294 et
1234 4253 1404 4292 unum
1427 4252 1551 4292 cum
1570 4236 1745 4291 altero
1768 4250 2018 4306 compre-

429 4337 702 4393 henditur.
719 4334 989 4404 Splendor
1009 4331 1153 4387 enim
1173 4345 1399 4400 prorsus
1411 4328 1650 4399 alicujus
1666 4328 1741 4383 rei
1758 4328 2017 4399 splendor

429 4437 537 4491 cst,
573 4429 700 4481 item
751 4425 959 4495 efﬁgies
993 4435 1046 4478 ct
1079 4426 1259 4494 imago
1285 4422 1520 4493 alicujus
1569 4421 1654 4477 rei
1685 4436 1914 4492 prorsus
1943 4421 2019 4476 ef-

2119 3322 2286 3389 οὗτοι,
2331 3327 2381 3379 οἱ
2429 3326 2504 3397 μὴ
2546 3324 2869 3389 ἀθετοῦντες
2911 3323 3006 3378 τοῦ
3062 3325 3283 3395 Πατρδς
3316 3324 3412 3396 τὴν
3444 3324 3678 3392 θεόιητας

2118 3418 2333 3490 Μικρὸν
2375 3418 2485 3490 γὰρ
2525 3416 2800 3488 ἐπισχὼν,
2854 3417 3106 3488 εὑρήσεις
3136 3416 3230 3470 καὶ
3280 3417 3371 3470 τὸν
3431 3414 3679 3484 ’Δνόμοιον

2116 3514 2275 3569 ἄλλον
2316 3515 2656 3585 Ἐπίκουρον.
2698 3513 2913 3566 Οὑτωσὶ
2958 3511 3015 3565 δὲ
3066 3513 3454 3583 σκοπήσωμενο
3500 3506 3680 3563 ’Δπαύο

2118 3623 2306 3677 γασμα
2341 3606 2444 3675 τῆς
2480 3605 2638 3675 δόξης
2688 3600 2811 3657 εἷπε
2855 3604 2948 3657 τὸν
2992 3603 3121 3656 Υἰὺν
3148 3605 3176 3656 ὁ
3223 3602 3569 3664 Ἀπόστολος,
3599 3597 3680 3650 καὶ

2117 3699 2445 3771 χαρακτῆρα
2480 3699 2579 3768 τῆς
2629 3697 2998 3758 ὑποστάσεως,
3045 3695 3142 3749 καὶ
3185 3693 3420 3765 δύναμιν
3445 3689 3572 3746 Θεοῦ
3599 3686 3680 3741 καὶ

2119 3794 2332 3863 σοφίαν,
2370 3794 2464 3846 καὶ
2517 3793 2619 3845 ὅσα
2651 3790 2907 3844 τοιαῦταο
2952 3783 3027 3844 ὧν
3064 3789 3299 3843 ἕκαστον
3342 3787 3583 3855 καθάπερ
3630 3784 3679 3833 ἐν

2119 3884 2402 3954 συζυγίαις
2444 3886 2586 3938 τισὶν
2617 3883 2979 3951 ἀναγκαίαις,
3025 3881 3178 3935 οὑδὲν
3225 3882 3324 3949 ἀφ’
3358 3876 3547 3932 ἑαυτοῦ
3591 3889 3679 3927 κα-

2115 3977 2359 4044 ταμόνας
2406 3979 2637 4039 νοεῖται,
2671 3975 2808 4029 ἀλλά
2860 3973 3219 4044 συνημμένως
3264 3972 3572 4044 ἀμφότερα,
3597 3964 3679 4018 καὶ

2121 4067 2236 4140 μετ’
2276 4067 2521 4140 ἀλλήλων
2558 4065 3057 4137 καταλαμϐάνεται.
3091 4065 3165 4118 Τὸ
3192 4065 3307 4136 γὰρ
3359 4061 3680 4131 ἀπαύγασμα

2118 4161 2334 4225 πάντως
2372 4161 2519 4224 τινός
2570 4163 2717 4213 ἐστιν
2758 4158 3101 4228 ἀπαύγασμα
3124 4199 3137 4219 ,
3186 4159 3284 4210 καὶ
3331 4157 3361 4209 ό
3393 4150 3678 4227 χαρακτὴρ,

2115 4252 2259 4317 τινὸς
2284 4255 2574 4326 χαρακτὴρ
2603 4254 2823 4315 πάντως
2855 4251 3021 4304 ἐστίν.
3054 4250 3269 4321 Ὠσπερ
3299 4249 3479 4302 τοίνυν
3504 4246 3598 4299 οὑκ
3622 4240 3680 4295 ἂν

2110 4346 2463 4414 ἀπαύγασμα
2496 4345 2581 4413 εἴη
2615 4344 2678 4395 τὸ
2705 4343 2842 4411 φῶς,
2894 4340 2970 4412 μὴ
3001 4339 3169 4411 οὔσης
3195 4340 3298 4411 τῆς
3325 4329 3677 4403 καταυγαζούο

2120 4452 2221 4506 σης
2249 4435 2448 4497 αἰτίας,
2477 4432 2651 4495 οὑτως
2680 4434 2712 4502 ἡ
2737 4431 3131 4499 άπαυγάζουσα
3160 4427 3325 4499 φύσις
3351 4429 3454 4482 οὑκ
3482 4427 3545 4480 ἂν
3572 4418 3678 4475 καθ’

432 4520 582 4588 ﬁgies
606 4523 709 4571 est.
742 4514 1403 4584 Quemadmodumigitur
1422 4530 1486 4569 ex
1520 4513 1728 4567 lumine
1757 4513 2014 4582 splendor

2119 4526 2319 4595 ἑαυτὴν
2352 4523 2603 4593 νοηθείη,
2652 4523 2727 4592 μὴ
2785 4522 3269 4591 συνεπινοουμένου
3318 4520 3416 4573 τοῦ
3442 4512 3681 4581 ἀπαυγά·

429 4610 697 4665 exsistere
722 4621 827 4660 non
850 4606 1021 4676 possit
1041 4620 1148 4658 non
1173 4614 1422 4660 exstante
1436 4620 1601 4659 causa
1627 4605 2009 4659 collustrante:

430 4706 501 4759 ita
531 4698 877 4771 splendOrem
907 4697 1075 4752 edens
1098 4707 1291 4751 natura
1308 4713 1412 4767 per
1443 4712 1566 4752 sese
1587 4699 1693 4752 nisi
1720 4697 1893 4752 simul
1929 4697 2015 4751 in-

431 4795 705 4865 telligatur
721 4790 1000 4862 splendor,
1016 4789 1240 4859 intelligi
1258 4792 1572 4859 nonpossit.
1598 4787 1864 4844 Similiter
1881 4790 2011 4844 item

428 4884 637 4956 efﬁgies
683 4895 907 4952 qucque
942 4890 998 4934 et
1034 4880 1212 4949 imago
1256 4878 1621 4934 substantiam
1659 4880 1922 4944 ostendit,
1957 4887 2014 4934 et

429 4972 743 5030 substantia
756 4986 854 5041 per
872 4970 1161 5039 imaginem
1184 4967 1538 5038 cognoscitur
1559 4986 1572 5022 :
1596 4969 1669 5022 ita
1688 4967 2013 5039 Deiquoque

428 5067 673 5137 potentia
703 5064 909 5134 absque
927 5060 1036 5115 Deo
1061 5076 1184 5116 esse
1211 5077 1318 5114 non
1337 5068 1536 5131 potest,
1560 5076 1624 5116 ac
1640 5060 1785 5117 Deus
1804 5063 2011 5131 absque

429 5159 672 5229 potentia
691 5155 923 5225 intelligi
954 5155 1278 5208 naturaliter
1312 5168 1418 5207 non
1457 5162 1656 5223 potest.
1694 5152 1796 5220 Qui
1847 5156 2012 5226 igitur

419 5232 595 5304 ἰιιιιιιιι
614 5248 834 5319 aliquod
854 5262 1064 5311 eorum,
1082 5262 1201 5316 qua:
1223 5262 1318 5316 per
1343 5246 1482 5301 banc
1505 5248 1906 5318 copulationem
1937 5249 2013 5304 si-

428 5340 776 5409 gniﬁcantur,
815 5354 938 5394 esse
968 5346 1147 5409 negat,
1191 5354 1298 5392 una
1335 5354 1461 5393 cum
1504 5340 1742 5408 potentia
1782 5356 2012 5410 prorsus

428 5432 590 5483 ctiam
609 5431 661 5484 id
679 5430 820 5499 quod
855 5429 1123 5499 reliquum
1151 5440 1233 5485 est
1254 5429 1795 5500 lollit.Atquidicunt
1828 5432 2017 5503 impie-

431 5521 557 5572 tatis
568 5528 998 5588 propugnatores
1009 5519 1203 5574 Filium
1220 5521 1513 5590 aliquando
1535 5537 1643 5575 non
1666 5522 1854 5578 fuisse.
1874 5525 2012 5595 Ergo

429 5611 474 5663 si
510 5608 677 5664 Filius
697 5622 965 5675 nouerat,
998 5612 1220 5665 omnino
1253 5628 1429 5681 neque
1457 5610 1617 5667 Pater
1646 5625 1763 5669 erat
1783 5632 1798 5681 ;
1821 5617 1867 5669 si
1899 5632 2011 5670 non

500 5785 522 5816 ⁵
561 5782 724 5839 Πρω.
745 5798 788 5847 ι,
820 5782 872 5836 5.
938 5783 1009 5835 ³1
1045 5785 1175 5839 (lor.
1207 5800 1245 5847 ι,
1279 5784 1366 5837 24.

2119 4630 2345 4683 σματος.
2388 4611 2618 4682 Ὁμοίως
2660 4611 2718 4664 δὲ
2758 4612 2853 4664 καὶ
2876 4613 2905 4663 ὁ
2947 4611 3238 4682 χαρακτὴρ
3262 4609 3366 4680 τὴν
3404 4606 3679 4661 ὑπόστασιν

2114 4702 2374 4767 δείκνυσι,
2389 4701 2498 4756 ,καὶ
2522 4702 2818 4765 ὑπόστασις
2846 4700 2935 4754 διὰ
2963 4700 3315 4772 χαρακτῆρος
3336 4697 3676 4769 γνωρίζεται⁴

2114 4789 2259 4844 οὕτω
2305 4791 2399 4844 καὶ
2440 4792 2473 4863 ἡ
2514 4790 2608 4844 τοῦ
2655 4790 2791 4844 Θεοῦ
2857 4789 3085 4860 δύναμις
3135 4791 3305 4860 χωρὶς
3364 4786 3497 4840 Θεοῦ
3556 4777 3679 4835 εἶναι

2114 4884 2176 4937 οὑ
2199 4883 2442 4947 δύναται,
2479 4884 2574 4937 καὶ
2601 4885 2629 4937 ὁ
2648 4882 2781 4946 Θεὸς
2812 4880 2982 4953 χωρὶς
3006 4881 3107 4952 τῆς
3135 4881 3418 4951 δυνάμεως
3443 4875 3680 4945 νοηθῆναι

2117 4978 2279 5045 φύσιν
2306 4977 2406 5030 οὐκ
2432 4976 2565 5046 ἔχει.
2606 4976 2665 5031 '0
2693 4976 2875 5029 τοίνυν
2916 4974 2974 5028 ἓν
3002 4991 3056 5028 τι
3081 4972 3190 5026 τῶν
3228 4972 3374 5026 κατά
3408 4970 3505 5037 τὴν
3538 4964 3681 5029 συζυ-

2118 5067 2244 5134 γίαν
2261 5065 2467 5136 ταύτην
2494 5066 2905 5136 σημαινομένων
2941 5063 3016 5136 μὴ
3037 5060 3178 5118 εἶναι
3197 5064 3393 5131 λέγων,
3425 5053 3681 5114 συνανεῖλε

2119 5159 2338 5221 πάντως
2375 5159 2442 5228 τῇ
2481 5157 2709 5228 δυνάμει
2759 5159 2851 5211 καὶ
2894 5156 2956 5209 τὸ
3000 5156 3341 5227 λειπόμενον.
3399 5151 3555 5207 Ἀλλά
3586 5147 3682 5219 μὴν

2117 5249 2369 5315 λέγουσιν
2395 5249 2445 5301 οἱ
2475 5248 2572 5318 τῆς
2597 5248 2855 5311 ἀσεϐείας
2888 5248 3209 5317 προστάται,
3229 5247 3324 5299 ηὸτι
3351 5247 3380 5298 ὁ
3414 5243 3537 5304 Υἱός
3566 5252 3680 5292 ποτε

2119 5340 2220 5392 οὑκ
2244 5334 2331 5409 ἦν.
2364 5339 2427 5392 Εἰ
2455 5334 2549 5393 οὖν
2582 5340 2682 5392 οὑκ
2714 5335 2782 5409 ἦν
2818 5340 2846 5390 ὁ
2877 5338 3025 5403 Υἱὸς,
3055 5341 3271 5400 πάντως
3302 5336 3421 5389 οὑδὲ
3451 5338 3482 5388 ό
3509 5327 3681 5397 Πατὴρ

2118 5427 2185 5503 ἦν
2211 5450 2223 5460 ·
2253 5434 2304 5485 εί
2325 5434 2426 5487 οὑκ
2450 5428 2518 5504 ἦν
2547 5433 2609 5487 τὸ
2630 5433 2992 5503 ἀπαύγασμα,
3020 5431 3142 5485 οὐδὲ
3168 5431 3229 5485 τὺ
3252 5427 3568 5497 ἁπαυγάζον

2120 5527 2169 5578 εί
2214 5525 2314 5579 οὑκ
2360 5521 2427 5597 ἦν
2465 5527 2495 5577 ό
2533 5525 2841 5596 χαρακτὴρ,
2889 5525 3108 5586 πάντως
3156 5521 3277 5576 οὑδὲ
3316 5523 3350 5592 ή
3403 5518 3679 5573 ὑπόστασις

2119 5613 2207 5687 ἦν·
2234 5619 2281 5669 εἰ
2305 5618 2405 5670 οὐκ
2428 5612 2496 5688 ἦν
2522 5618 2557 5687 ἡ
2582 5616 2831 5686 δύναμις,
2867 5617 2969 5671 οὐκ
3001 5611 3071 5687 ἦν
3094 5618 3127 5686 ἡ
3160 5612 3342 5683 σοφία³
3372 5614 3423 5666 εί
3440 5610 3497 5664 δὲ
3523 5605 3679 5660 ταῦτα

2512 5870 2551 5909 ι
