3882 6422
258 442 351 490 biit
1230 440 1319 496 DE
1354 434 1655 500 DEITATE
1677 446 1831 505 FILII
1849 449 1940 505 ET
1971 450 2291 509 SPlRiTUS
2322 450 2587 510 SANCTI.
3408 462 3515 519 5ύέ

258 554 350 605 οὐκ
369 548 453 622 ἦν,
488 546 562 607 ὧν
592 553 719 609 ἄνευ
740 556 868 621 Θεὸς
909 557 1008 612 οὐκ
1037 557 1184 615 ἐστιν
1205 601 1221 626 ,
1253 564 1282 616 6
1313 564 1408 619 ἐπὶ
1434 566 1651 622 πάντων
1688 568 1790 622 Θεὸ

1974 579 2041 624 ἰιι
2096 572 2381 643 splendor,
2431 588 2609 645 neque
2664 574 2720 629 id
2776 576 2920 646 quod
2974 574 3322 647 splendorem
3372 575 3507 641 edit,

256 646 366 707 πῶς
399 640 495 715 ἧν;
542 648 1005 715 κατασκευάζεται
1036 653 1145 726 γὰρ
1184 654 1274 709 διὰ
1326 656 1532 712 τούτων
1563 660 1627 711 τὸ
1674 655 1789 714 εἶναι

1978 674 2074 730 'at;
2111 664 2158 719 si
2189 680 2299 719 non
2328 673 2448 721 erat
2476 666 2686 737 efﬁgies
2733 674 2788 723 et
2816 669 3015 739 imago,
3069 669 3297 724 omnino
3332 682 3511 738 neque

255 734 396 828 βεάν.
433 736 508 788 Οὐ
557 736 664 807 γὰρ
716 738 864 794 ἐστιν
912 743 1160 814 ἐννοῆσαι
1218 744 1376 812 δόξαν
1421 748 1668 821 ἀλαμπῆ,
1716 752 1788 823 ού]

1976 753 2229 808 Ibstantia
2258 763 2378 810 erat
2403 772 2419 822 ;
2453 756 2499 811 si
2533 734 2646 811 non
2675 764 2792 812 erat
2824 734 3088 828 potentia,
3118 773 3229 812 non
3273 765 3394 812 erat
3416 734 3509 811 sa-

255 826 539 920 ύιτόστασιν
573 829 1065 920 άχαρακτήριστον,
1106 837 1206 891 οὐκ
1236 838 1365 893 ἄνευ
1402 841 1593 911 σοφίας
1627 843 1788 912 σοφὸν

1978 845 2124 899 entia
2155 863 2168 900 :
2206 846 2353 916 quod
2384 848 2433 903 si
2467 849 2583 904 haec
2635 864 2748 903 non
2802 858 2963 904 erant
2991 849 3110 905 sine
3134 845 3335 920 quibus
3368 849 3510 904 Deus

251 914 344 968 οὐκ
393 915 525 1011 άνευ
567 916 847 990 δυνάμεως
890 922 1146 992 δυνατὸν,
1180 927 1281 979 οὐκ
1332 928 1537 983 ἄπαιδα
1571 931 1784 1002 Πατέρα

1978 950 2028 988 ιιι
2058 941 2164 1000 est,
2195 914 2243 991 is
2273 937 2366 1007 qui
2398 948 2484 995 est
2515 953 2681 1009 super
2701 940 2905 1005 omnia,
2933 938 3074 996 Deus
3117 914 3209 1011 qui
3233 942 3392 995 erat?
3417 957 3511 1011 per

254 1005 855 1104 tib-itonAarro656etxtat
903 1013 990 1068 διὰ
1023 1015 1130 1087 τῶν
1177 1018 1506 1090 εἰρημένων,
1537 1022 1619 1075 ὅτι
1653 1024 1682 1076 6
1720 1022 1786 1076 τὸ

1975 1040 2035 1082 ec
2060 1028 2205 1083 enim
2230 1030 2468 1086 efﬁcitur
2495 1030 2663 1088 Deum
2714 1049 2823 1089 non
2856 1049 3000 1090 esse.
3033 1033 3154 1090 Non
3182 1036 3328 1090 enim
3359 1037 3508 1104 cogi-

256 1096 374 1195 ]:i6v
412 1097 648 1163 ἀθετῶν,
690 1103 972 1158 συναθετεῖ
1015 1106 1107 1160 καὶ
1157 1109 1249 1162 τὸν
1283 1110 1534 1182 Πατέρα·
1591 1112 1726 1166 ὅπου
1759 1114 1789 1166 δ

1972 1117 2024 1171 ri
2050 1126 2228 1187 potest
2259 1135 2359 1176 nec
2387 1122 2562 1192 gloria
2591 1123 2709 1178 sine
2726 1124 3042 1195 splendore,
3075 1140 3175 1181 nec
3198 1096 3505 1181 substantia

254 1184 421 1288 οὗτεηό
445 1188 570 1288 Υίδς
580 1190 887 1288 Δδοξάζεται,
912 1196 1035 1250 οὔτε
1055 1200 1084 1252 6
1111 1199 1301 1272 Πατὴρ
1316 1197 1456 1256 εἶναι
1478 1204 1787 1259 πιστεύεται

1978 1225 2047 1267 ne.
2070 1209 2271 1282 efﬁgie,
2301 1228 2404 1269 nec
2437 1214 2559 1271 sine
2595 1216 2867 1287 sapientia
2892 1219 3135 1288 sapiens,
3172 1232 3274 1273 nec
3303 1218 3511 1287 absque

254 1275 537 1379 milesimo-il
576 1279 763 1379 θεότης
805 1284 1091 1357 ὴθέτηταιο
1134 1288 1196 1342 τὺ
1223 1290 1280 1344 δὲ
1313 1290 1529 1350 ἀθετεῖν
1569 1295 1669 1365 τὴν
1703 1294 1787 1349 θεά

1994 1275 2192 1357 ιειιιίιι⁷
2215 1310 2428 1373 potens,
2458 1320 2560 1363 nec
2611 1275 2821 1379 alisque
2872 1275 3009 1364 Filio
3063 1308 3246 1365 Pater.
3305 1275 3524 1364 Αιιιιθιιι

251 1384 408 1436 τητα,
442 1369 654 1435 οὐδενὸς
677 1373 836 1429 ἄλλου
868 1376 900 1448 ἢ
944 1379 1264 1453 Ἐπικούρου
1293 1384 1461 1437 ἐστίν.

1973 1406 2017 1446 ιι·
2046 1369 2230 1448 modo
2243 1393 2388 1450 dicta
2415 1369 2865 1454 demonstratum
2902 1410 3004 1468 est,
3032 1416 3156 1457 eum
3185 1403 3276 1471 qui
3309 1400 3506 1455 Filium

254 1472 423 1560 negat,
452 1464 614 1519 simul
643 1468 805 1524 etiam
852 1488 1054 1543 negare
1087 1473 1349 1530 Patrem?
1387 1479 1477 1533 ubi
1544 1488 1727 1536 autem
1795 1500 1971 1556 neque
2017 1485 2190 1543 Filius
2259 1488 2616 1558 gloriﬁcatur,
2668 1507 2769 1547 nec
2825 1464 3000 1548 Pater-
3058 1464 3508 1560 esse-creditur,

255 1553 423 1652 Deitas
440 1572 665 1652 phrors—us
697 1562 1052 1631 reprobatnr:
1086 1569 1383 1638 reprobare
1404 1586 1534 1628 vero
1560 1572 1818 1631 deitatem
1859 1553 2068 1635 nullius
2093 1553 2322 1635 alterius
2352 1589 2517 1651 atque
2546 1553 2769 1652 Epicuri
2800 1590 2907 1638 est.

315 1647 523 1701 Οὐκοῦν
553 1649 918 1725 Ἐπικούρειοι
949 1657 997 1709 οἱ
1030 1658 1124 1712 νῦν
1150 1658 1509 1732 δογματισταὶ
1546 1665 1647 1736 τῆς
1679 1666 1821 1719 ἁπά-

2009 1668 2144 1739 Ergo
2197 1647 2449 1742 Epicurei
2528 1647 2690 1728 nobis
2755 1688 2881 1729 esse
2952 1672 3314 1729 demonstrati
3381 1671 3542 1728 sunt”

251 1754 343 1835 της
366 1740 803 1835 ἀναπεφήνασιν,
832 1747 884 1798 οἱ
919 1747 1008 1801 διὰ
1047 1749 1146 1820 τῆς
1174 1753 1255 1814 εις
1281 1753 1373 1807 τὸν
1401 1756 1667 1827 μονογενῆ
1695 1757 1784 1810 Υἱὲ

1972 1762 2140 1817 audis
2167 1740 2445 1828 doctores,
2477 1763 2571 1832 qui
2606 1777 2705 1832 per
2731 1765 3143 1829 contumeliam,
3176 1779 3285 1835 qua
3330 1763 3505 1819 Filius

253 1825 471 1922 ύδρεως,
513 1831 614 1897 τὰς
642 1833 913 1907 ὑπεροχάς
945 1838 1023 1909 τῷ
1075 1840 1250 1912 Πατρὶ
1298 1825 1681 1914 χαριζόμενοι,
1726 1863 1786 1900 κα

1974 1849 2188 1915 dicitur,
2223 1825 2787 1920 praestantiam-Patri
2845 1825 3284 1922 largiuntttr,.ac
3317 1854 3507 1909 dicunt

251 1919 484 2012 λέγοντες
508 1923 592 1977 ὅτι
617 1927 644 1979 6
670 1926 772 1996 μὲν
802 1929 1023 1999 μείζων,
1052 1934 1081 1985 6
1107 1932 1163 1986 δὲ
1192 1934 1430 1990 ἐλάττων
1452 1953 1465 1967 ’
1494 1939 1522 1990 6
1547 1937 1646 2006 μὲν
1675 1938 1784 2008 πέμ

1991 1955 2067 1994 .nc
2100 1940 2320 2011 quidem
2358 1943 2645 2012 majorem,
2689 1942 2842 1996 illum
2877 1958 3010 1998 vero
3043 1947 3310 1999 minorem
3339 1957 3503 2000 esse:

253 2025 355 2106 πει,
388 2012 415 2063 6
442 2010 500 2063 δὲ
539 2012 953 2084 ἀποστέλλεται,
1001 2023 1050 2073 εί
1076 2020 1167 2074 καί
1209 2039 1363 2087 τινας
1407 2025 1593 2095 ῥήσεις
1625 2026 1689 2079 ὲκ
1721 2027 1786 2098 τῆ

1968 2046 2069 2086 unc
2087 2010 2305 2102 quidem
2331 2010 2565 2099 mittere,
2591 2033 2742 2088 illum
2766 2049 2896 2089 vero
2922 2034 3064 2088 mitti
3092 2054 3105 2090 :
3140 2044 3308 2106 atque
3333 2035 3501 2093 etiam

253 2099 460 2172 Γραφῆς
502 2105 635 2176 περὶ
677 2107 867 2162 τούτου
906 2112 1252 2181 παράγοντες
1283 2114 1333 2168 oi
1358 2116 1572 2186 ἀνόητοι
1600 2116 1786 2187 προτεί

1968 2119 2063 2173 icta
2093 2099 2341 2190 qua'dam
2372 2134 2439 2175 ex
2470 2118 2758 2190 Scriptura
2789 2112 2892 2174 hac
2923 2123 2991 2177 de
3025 2138 3085 2179 re
3136 2099 3501 2195 proferentes,

252 2209 440 2259 νονται,
476 2197 571 2250 καί
610 2215 772 2266 φασιν
804 2200 964 2255 αὑτὸν
1004 2204 1287 2274 ὁμολογεῖν
1333 2206 1424 2260 τὸν
1473 2207 1699 2279 Κύριον,
1737 2210 1785 2263 61

1971 2210 2089 2264 alltc
2123 2209 2496 2280 praetendunt,
2525 2219 2581 2266 et
2609 2212 2763 2265 aiunt
2800 2211 3089 2267 Dominum
3123 2214 3301 2283 ipsum
3337 2214 3504 2268 conii-

252 2283 498 2375 ἐπέμφθη
540 2289 693 2360 παρὰ
721 2290 815 2344 τοῦ
852 2294 1086 2366 Πατρός.
1138 2291 1274 2351 Εἶτα
1308 2298 1391 2351 ὅτι
1432 2298 1531 2368 μὲν
1564 2300 1785 2371 ὲπέμφθ·

1973 2303 2023 2355 :ri
2051 2316 2112 2358 se
2144 2302 2375 2357 missum
2426 2318 2550 2359 esse
2578 2319 2609 2358 a
2647 2303 2826 2359 Patre.
2857 2303 2924 2358 Et
2955 2303 3352 2374 quod‘missum
3384 2305 3506 2375 qui-

253 2372 548 2442 γινώσκεις,
595 2378 678 2432 ὃτι
719 2379 778 2433 δὲ
812 2383 841 2434 6
883 2383 1107 2452 πέμψας
1142 2387 1259 2454 μετ’
1312 2387 1478 2441 αὐτοῦ
1527 2389 1676 2443 ὲστιν
1721 2390 1780 2443 ού

1975 2408 2043 2447 ιιιι
2075 2408 2198 2449 esse
2227 2393 2512 2464 intelligis,
2546 2410 2673 2450 eum
2699 2404 2884 2451 autem
2917 2397 3023 2465 qui.
3045 2396 3346 2450 misircum
3412 2396 3508 2451 illo

253 2462 511 2557 ἀκῄκοαςς
582 2468 637 2521 '0
662 2469 905 2540 πέμψας
920 2490 1017 2542 με,
1050 2477 1216 2546 φησι,
1256 2479 1386 2546 μετ’
1441 2478 1588 2548 ἐμοῦ
1616 2480 1786 2535 ἐστιν

1974 2499 2047 2539 ise
2102 2499 2211 2539 non
2246 2462 2501 2540 audisti?
2550 2485 2656 2552 Qui
2709 2488 2856 2541 misit
2892 2462 3010 2554 me,
3069 2486 3271 2557 inquit,
3305 2502 3507 2540 mecum

255 2555 340 2606 καὶ
365 2556 462 2610 οὐκ
497 2558 784 2631 ἐδιδάχθης
816 2563 903 2617 διὰ
941 2563 1049 2618 τῶν
1089 2567 1415 2638 εἰρημένων,
1447 2569 1529 2622 ὅτι.
1559 2570 1655 2624 καὶ
1687 2572 1788 2624 ἀπο

1971 2575 2036 2627 ςιτ
2064 2582 2163 2641 ςιει
2197 2590 2307 2629 non
2337 2591 2439 2645 per
2466 2591 2529 2631 ea
2567 2576 2715 2632 dicta
2769 2578 3000 2634 edoctus
3029 2592 3090 2632 es
3119 2555 3263 2646 quod
3292 2584 3357 2631 et.
3377 2576 3504 2630 mit-

259 2647 519 2703 στέλλεται
552 2651 649 2704 καὶ
676 2654 737 2705 οὐ
777 2654 1099 2723 χωρίζεται;
1136 2657 1526 2712 ἀποστέλλεται
1573 2659 1670 2730 μὲν
1712 2659 1792 2730 γὰι

1971 2665 2060 2712 tur
2080 2667 2135 2715 et
2166 2675 2274 2714 non
2300 2663 2633 2730 separatur?
2661 2662 2797 2718 Nam
2845 2664 3080 2718 mittitur
3120 2666 3339 2734 quidem
3371 2678 3504 2732 pro—

254 2737 330 2793 διὰ
368 2742 805 2827 φιλανθρωπίαν,
855 2747 914 2799 ού
954 2747 1248 2819 χωρίζεται
1288 2749 1344 2802 δὲ
1373 2749 1462 2803 διὰ
1491 2751 1551 2804 τὸ
1590 2751 1690 2821 τῆς
1720 2751 1787 2818 φύ

1970 2756 2044 2804 ler
2085 2749 2478 2806 humanitatem
2508 2792 2523 2817 ,
2575 2768 2683 2808 non
2731 2745 3021 2823 sep‘aratur
3072 2766 3251 2809 autem
3280 2763 3503 2825 propter

257 2843 381 2890 σεω;⁹
406 2831 670 2902 ἄτμητον.
713 2835 848 2889 Φασὶ
889 2836 947 2888 δὲ
986 2837 1148 2891 πάλιν
1172 2838 1323 2908 παρὰ
1355 2840 1450 2892 τοῦ
1484 2840 1789 2910 Μονογενοῧ

1967 2839 2629 2897 ιιιιιιξεσίιιὰἰνίἀιιίιοιεηι.
2661 2843 2833 2897 Aiunt
2861 2844 2992 2898 item
3046 2859 3243 2899 rursus
3300 2843 3500 2898 Filium

254 2919 647 2995 ὼμολογῆσθαι,
680 2926 740 2978 τὸ
769 2926 991 2995 μείζονα
1017 2926 1156 2984 εἶναι
1189 2930 1355 2991 αὐτοῦ
1379 2931 1470 2984 τὸν
1496 2932 1737 3003 Πατέρα,
1767 2934 1787 2985 ὲ

1979 2930 2267 3000 ιίεεηίιιιιῐι
2320 2931 2635 2988 confessum
2689 2949 2813 2989 esse
2876 2934 3023 3004 quod
3065 2936 3189 3004 ipso
3223 2934 3399 3004 major
3432 2934 3512 2988 sit

252 3010 323 3084 τῷ
341 3013 535 3086 λέγειν,
554 3016 638 3073 ὅτι
674 3017 735 3073 '0
757 3019 959 3091 Πατήρ
977 3041 1090 3092 μου
1109 3021 1321 3095 μείζων
1335 3040 1454 3095 μου
1479 3023 1668 3080 ἐστιν.
1686 3025 1785 3077 Ούι

1974 3030 2105 3086 ater,
2139 3021 2269 3076 dum
2300 3023 2456 3088 dicit,
2489 3023 2654 3078 Pater
2683 3040 2828 3079 meus
2853 3026 3032 3095 major
3052 3042 3135 3079 me
3160 3036 3237 3079 est
3258 3025 3507 3095 '.-Igitur

254 3105 337 3160 οὖν
366 3108 728 3182 ἐξετάσωμεν,
750 3114 986 3184 ἀδελφοὶ,
1017 3112 1126 3186 ἆραι
1158 3117 1232 3188 μὴ
1282 3117 1535 3187 ψεύδεται.
1577 3121 1606 3173 6
1631 3118 1787 3172 είπὼι

1968 3114 2292 3181 ιειιιίιιιιιιιε,
2326 3113 2543 3183 fratres,
2575 3117 2826 3189 nunquid
2858 3118 3159 3173 mentiatur
3199 3117 3293 3188 qui
3339 3116 3501 3179 dixit,

255 3197 330 3251 ὅτι
380 3200 525 3269 Ἐγὼ
564 3201 636 3255 ἐν
677 3202 757 3268 τῷ
789 3183 991 3273 Harp},
1024 3183 1119 3260 κὶιι
1152 3183 1185 3261 ὁ
1220 3183 1424 3277 nam
1461 3209 1532 3262 ἐν
1568 3209 1720 3279 ἐμοί.
1758 3211 1788 3264 E

1972 3206 2038 3277 'go
2072 3208 2127 3261 in
2171 3207 2334 3264 Patre
2375 3226 2522 3275 sum,
2549 3218 2598 3264 et
2627 3209 2793 3263 Pater
2822 3210 2877 3264 in
2932 3226 3012 3264 me
3041 3211 3179 3264 est’.
3237 3208 3294 3264 Si
3329 3206 3505 3277 major

259 3288 444 3358 μείζων
464 3293 493 3345 6
517 3292 712 3363 Πατὴρ
737 3292 829 3347 τοῦ
852 3294 1004 3361 Υἱοῦ,
1032 3296 1149 3360 πῶς
1186 3300 1444 3369 χωρεῖται
1464 3297 1524 3351 τὸ
1551 3298 1735 3370 μεῖζον
1764 3299 1788 3350 ὲ

1974 3299 2066 3353 ilio
2098 3297 2261 3355 Pater
2283 3309 2391 3366 est,
2426 3301 2521 3371 qui
2549 3301 2764 3371 capitur
2792 3308 2848 3356 et
2870 3302 3051 3356 locum
3080 3301 3242 3356 habet
3273 3300 3325 3355 id
3355 3302 3502 3369 quod

254 3376 325 3447 τῷ
364 3378 644 3442 ἐλάττονις
689 3381 749 3434 El
781 3381 1015 3437 ἐλάττων
1062 3386 1091 3436 6
1124 3385 1253 3449 Υἱὸς
1293 3385 1388 3439 τοῦ
1435 3387 1668 3457 Πατρὸς,
1706 3387 1787 3441 πῶ

1969 3388 2115 3455 lajus.
2136 3396 2221 3444 est
2242 3389 2298 3443 in
2329 3390 2573 3445 minore?
2603 3391 2655 3445 si
2681 3390 2860 3445 minor
2881 3389 3042 3445 Patre
3065 3389 3237 3445 Filius
3268 3398 3374 3453 est,
3404 3392 3502 3459 qui

258 3466 545 3540 πληροῦται
589 3471 651 3525 τὸ
697 3471 880 3542 μεῖζον
922 3473 1027 3527 ὑπὸ
1062 3475 1155 3528 τοῦ
1186 3475 1498 3544 λείποντος;
1527 3477 1596 3531 Ὅ
1626 3495 1684 3531 τε
1713 3478 1786 3548 γὰ

1970 3479 2314 3547 ιιιιιριειιιιι-ἰά
2345 3480 2491 3549 quod
2526 3480 2705 3549 majus
2766 3490 2844 3535 est
2882 3495 2911 3533 a
2969 3479 3226 3534 minore?
3275 3478 3413 3535 Nam
3448 3489 3503 3536 et

260 3559 446 3628 μείζων
479 3566 897 3636 στενοχωρεῖται
924 3565 1140 3630 πάντως
1177 3569 1235 3620 έν
1263 3567 1342 3638 τῷ
1375 3567 1639 3633 ἐλάττονι,
1670 3571 1765 3623 καὶ

1968 3567 2103 3636 Iajor
2127 3577 2439 3624 coarctatur
2470 3585 2699 3639 prorsus
2732 3570 2786 3623 in
2820 3571 3048 3633 minore,
3084 3576 3140 3622 et
3186 3570 3365 3624 minor
3403 3586 3501 3624 ex-

258 3650 479 3708 ὲλάττων
514 3655 887 3725 ὲπεκταθῆναι
915 3657 1051 3728 πρὸς
1085 3658 1145 3711 τὸ
1187 3658 1523 3730 ὑπερϐάλλον
1566 3660 1626 3714 οὺ
1660 3660 1791 3714 δύνα

1971 3657 2074 3712 :ndi
2123 3659 2192 3713 ad
2242 3660 2685 3730 exsuperantiam
2758 3666 2814 3714 et
2862 3659 3336 3730 exaggerationem
3394 3674 3504 3714 non

256 3758 363 3798 ται·
409 3746 552 3800 ὥστε
596 3747 843 3818 ἀνάγκην
887 3742 1025 3802 εἶναι
1075 3748 1282 3803 λείπειν
1310 3751 1406 3821 μὲν
1454 3751 1513 3804 έν
1539 3749 1618 3821 τῷ
1649 3753 1789 3822 Πατρ

1973 3756 2107 3804 ntest
2133 3767 2146 3802 :
2179 3750 2314 3804 adeo
2353 3758 2412 3804 ut
2437 3764 2662 3806 necesse
2694 3750 2766 3806 sit
2794 3751 2987 3805 deesse
3012 3750 3231 3819 quidem
3263 3750 3318 3804 in
3340 3750 3506 3806 Patre

257 3834 338 3889 τὸν
360 3837 503 3904 Υίὸν,
533 3838 1042 3909 περισσεύεινδὲέν
1062 3840 1139 3911 τῷ
1161 3840 1278 3912 Υίῷ
1301 3841 1392 3895 τὸν
1422 3843 1662 3915 Πατέρα.
1688 3843 1790 3895 Καὶ

1977 3839 2146 3905 ilium,
2201 3840 2509 3896 redundare
2572 3850 2752 3897 autem
2816 3842 2873 3896 in
2918 3840 3059 3895 Filio
3129 3840 3510 3897 Patrem..Au

255 3925 492 3994 ψεύδεται
532 3930 564 3982 ὁ
617 3928 826 3993 εἰπὼν,
881 3931 962 3984 ὅτι
1016 3931 1162 4001 Ἐγὼ
1192 3933 1263 3987 ἐν
1308 3932 1388 3999 τῷ
1448 3933 1631 4003 Πατρὶ
1675 3934 1788 4003 (δέο

1971 3931 2188 3987 ιειιιίιιιι·
2216 3932 2309 4001 qui
2338 3931 2498 3997 dixit,
2562 3931 2669 4003 Ego
2705 3948 2821 3986 sum
2852 3934 2908 3987 in
2942 3931 3105 3986 Patre
3138 3930 3305 4002 (cum
3340 3947 3504 4003 opor-

257 4019 435 4085 είπεῖν,
470 4020 631 4092 εἴπερ
675 4020 909 4076 ἐλάττων
943 4022 1110 4089 ἐστὶν,
1150 4023 1233 4078 ὅτι
1281 4022 1422 4092 Ἐγὼ
1448 4026 1506 4077 ὲν
1546 4024 1625 4096 τῷ
1667 4025 1790 4097 μέρε

1971 4031 2065 4077 :ret
2093 4023 2299 4087 dicere,
2353 4024 2400 4079 si
2444 4023 2665 4094 quidem
2701 4023 2885 4079 minor
2938 4031 3046 4088 est,
3101 4021 3219 4093 Ego.
3268 4037 3413 4078 sum]:
3447 4025 3504 4078 in

255 4107 340 4161 τοῦ
388 4111 659 4182 Πατρὸς),
689 4112 782 4165 καὶ
822 4111 883 4165 '0
916 4112 1117 4182 Πατὴρ
1143 4114 1214 4167 ἐν
1236 4114 1385 4184 ἐμοί.
1442 4115 1788 4185 Ἀληθέστερο

1972 4119 2086 4167 arte
2111 4112 2293 4168 Patris
2314 4113 2355 4182 ),
2392 4123 2442 4168 et
2469 4113 2634 4168 Pater
2654 4114 2710 4167 in
2738 4130 2829 4168 me.
2851 4122 2928 4167 est
2959 4129 2979 4166 :
3005 4112 3191 4168 verius
3215 4112 3360 4168 enim
3386 4121 3505 4168 erat

256 4199 355 4270 γὰρ
375 4196 441 4279 ἦν
470 4204 668 4265 εἰπεῖν,
702 4203 861 4275 εἴπερ
903 4204 1103 4274 μείζων
1141 4206 1171 4256 6
1213 4206 1424 4277 Πατὴρ,
1451 4207 1534 4259 ὅτι
1557 4207 1736 4275 Μέρος
1771 4224 1789 4258 1

1970 4205 2110 4259 icere
2141 4203 2223 4274 (si
2255 4204 2473 4273 quidem
2505 4206 2685 4274 major.
2704 4211 2791 4260 est
2823 4204 3051 4274 Pater),
3085 4218 3212 4272 pars
3253 4203 3503 4272 quaedam

255 4291 340 4345 τοῦ
379 4295 595 4366 Πατρὸς
632 4297 689 4348 ἐν
725 4295 878 4366 ἐμοί’
925 4297 974 4349 εί
1006 4295 1060 4348 δὲ
1095 4294 1213 4358 ὅλος
1244 4296 1272 4347 6
1308 4296 1497 4366 Πατὴρ
1530 4296 1588 4347 ἐν
1615 4295 1721 4366 ὅλῳ
1743 4300 1788 4348 τι

1972 4294 2107 4350 atris
2129 4301 2219 4349 est
2243 4295 2299 4349 in
2330 4309 2434 4360 me.
2463 4293 2619 4359 Quod
2647 4294 2695 4349 si
2728 4302 2875 4349 totus
2916 4292 3095 4348 P-ater~
3117 4294 3174 4347 in
3219 4300 3335 4349 toto
3364 4294 3504 4349 Filio

257 4382 380 4454 Υίῷ,
403 4389 495 4440 καὶ
523 4386 645 4450 ὅλος
680 4388 708 4439 6
737 4386 865 4450 Υἱὸς
894 4387 950 4439 ὲν
976 4386 1082 4456 ὅλῳ
1114 4383 1190 4455 τῷ
1219 4386 1412 4455 Πατρὶ,
1446 4382 1548 4437 ποῦ
1578 4385 1639 4438 τὺ
1664 4384 1790 4437 πλέο

1969 4393 2031 4449 st,
2060 4394 2114 4440 et
2142 4393 2288 4440 totus
2318 4384 2491 4440 Filius
2523 4384 2578 4438 in
2611 4392 2728 4439 toto
2760 4383 2942 4445 Patre,
2970 4384 3063 4439 ubi
3090 4385 3143 4439 id
3176 4384 3322 4454 quod
3358 4384 3502 4454 plus,

257 4476 342 4528 καὶ
381 4478 481 4531 ποῦ
530 4477 592 4530 τὸ
634 4477 850 4540 λεῖπον;
895 4478 989 4530 καὶ
1021 4477 1073 4529 τί
1100 4475 1205 4547 χρὴ
1237 4475 1408 4529 πολλὰ
1437 4475 1654 4544 λέγειν,
1700 4474 1788 4528 δέο

1969 4486 1983 4527 ι
2015 4475 2109 4529 ubi
2148 4474 2202 4529 id
2235 4473 2382 4545 quod
2419 4474 2602 4529 minus
2630 4474 2769 4531 esti.
2790 4474 2855 4530 Et
2880 4474 3182 4546 quid-opus
3208 4484 3294 4532 est
3333 4477 3502 4530 multa

261 4570 351 4638 μιᾷ
384 4573 535 4641 φωνῇ
575 4571 755 4623 πᾶσαν
797 4569 978 4623 αὐτῶν
1013 4569 1351 4642 περιγράψαι
1377 4568 1475 4639 τὴν
1516 4567 1784 4638 φλυαρίαν

1967 4567 2132 4631 icere,
2159 4579 2284 4619 cum
2330 4579 2437 4619 una
2472 4578 2605 4620 voce
2642 4579 2860 4620 omnem
2910 4579 3100 4619 eorum
3150 4566 3500 4620 circumscri-

262 4672 281 4707 ι
295 4658 386 4722 Ὃς
412 4661 469 4713 ὲν
494 4662 676 4731 μορφῇ
703 4657 837 4713 Θεοῦ
855 4660 1134 4732 ὑπάρχων,
1158 4661 1256 4730 οὐχ
1272 4658 1562 4731 ἁρπαγμὸν
1580 4660 1795 4729 ἡγήσατη

1966 4670 2056 4711 ere
2097 4663 2351 4726 oporteat
2376 4654 2667 4710 verborum
2699 4656 3059 4726 petulantiam
3105 4667 3268 4727 atque
3312 4671 3499 4727 garru-

256 4744 313 4799 τὸ
338 4743 472 4802 εῖναι
514 4745 608 4802 ἶσα
631 4748 768 4820 Θεῷ.
801 4768 822 4801 ι
857 4749 993 4803 Εἰπέ
1024 4766 1136 4820 μοι,
1161 4749 1222 4803 τὸ
1243 4746 1359 4803 ἴσον
1383 4749 1623 4812 ἀκούσας
1649 4749 1711 4802 τὸ
1746 4766 1789 4819 μί

1967 4754 2134 4802 tatem
2159 4746 2306 4816 i-qui
2349 4761 2475 4802 cum
2506 4753 2654 4802 esset
2686 4746 2740 4801 in
2775 4745 2952 4801 forma
2983 4745 3099 4814 Dei,
3160 4762 3271 4801 non
3303 4747 3497 4801 existi-

256 4832 363 4891 ἶσον
389 4837 647 4911 ἐνόησαςς
685 4840 748 4891 Ὠ
780 4839 973 4902 καινῆς
997 4838 1344 4903 διδασκαλίας
1372 4838 1460 4893 διὰ
1490 4838 1585 4892 τοῦ
1619 4839 1736 4891 ἴσου
1760 4855 1789 4891 τ

1969 4838 2096 4892 tavit
2127 4838 2374 4908 rapinam
2407 4851 2530 4893 esse
2555 4836 2701 4908 quod
2727 4837 2837 4892 Deo
2859 4851 2957 4906 par
2978 4844 3125 4892 esset
3147 4836 3212 4891 ιο.
3249 4834 3344 4889 Die
3371 4834 3502 4888 mibi

256 4926 428 4982 ἄνισον
451 4930 886 5001 ἑρμηνευούσηςί
931 4929 1070 4983 Ἀλλ’
1102 4931 1233 4994 ῖσως
1250 4929 1399 4992 εἰκός
1420 4930 1537 4983 ἐστι
1585 4928 1681 4983 καὶ
1710 4928 1789 4984 τῶ

1972 4945 2052 4983 um
2093 4928 2297 4985 audisti
2330 4928 2382 4983 id
2415 4929 2563 4999 quod
2599 4944 2700 4998 par
2745 4935 2852 4991 est,
2880 4926 2935 4982 id
2978 4926 3125 4997 quod
3182 4928 3359 4995 impar
3418 4932 3505 4980 est

257 5019 739 5092 πολυμαθεστέρων
774 5022 897 5076 τινὰ
924 5022 1016 5075 τὸν
1047 5022 1176 5094 περὶ
1210 5022 1414 5077 τούτων
1444 5021 1602 5089 λόγον
1632 5019 1790 5091 ὲπιζη

1972 5020 2249 5076 ntellexisti
2274 5020 2297 5073 ?
2318 5019 2364 5074 Ο
2391 5035 2588 5074 novam
2625 5018 2956 5081 doctrinam,
2986 5032 3110 5086 quae
3137 5031 3235 5085 per
3276 5016 3328 5069 id
3357 5015 3505 5085 quod

257 5113 380 5177 τεῒν,
413 5113 539 5177 Πῶς
564 5114 657 5167 καὶ
700 5114 907 5184 μείζων
926 5115 955 5168 6
983 5113 1170 5185 Πατὴρ
1211 5113 1305 5168 τοῦ
1332 5112 1489 5177 Υίοῦ,
1521 5112 1616 5167 καὶ
1645 5109 1760 5175 ῐσος
1788 5139 1790 5154 ι

1971 5129 2029 5169 ar
2056 5121 2163 5179 est,
2195 5111 2247 5166 id
2282 5110 2426 5182 quod
2462 5112 2639 5182 impar
2672 5120 2755 5166 est
2789 5109 3201 5178 interpretatur.
3254 5107 3358 5162 Sed
3392 5107 3504 5163 for-

259 5202 379 5267 Υίδς
400 5204 493 5257 τοῦ
524 5204 766 5276 Πατρὸς;
797 5206 956 5259 Δοκεῖ
980 5206 1097 5277 γάρ
1132 5222 1252 5269 πως
1279 5205 1355 5276 μὴ
1387 5204 1706 5276 συμϐαίνειν
1733 5202 1792 5257 άλ

1969 5205 2072 5257 itan
2126 5208 2561 5256 consentaneum
2614 5207 2700 5255 est
2749 5199 2913 5252 etiam
2966 5198 3203 5266 aliquem
3254 5196 3502 5252 discendi

257 5290 430 5362 λήλοις
468 5296 659 5351 ταῦτα.
703 5295 913 5349 Οὐκοῦν
968 5295 1127 5366 ἀφεὶς
1153 5293 1219 5347 τὸ
1255 5293 1391 5365 πρὸς
1431 5294 1559 5353 τοὺς
1598 5290 1790 5345 πολλοὺ

1967 5294 2190 5364 upidum
2240 5293 2432 5346 harum
2472 5306 2658 5345 rerum
2706 5289 2988 5359 requirere
3040 5289 3352 5356 rationem,
3406 5287 3500 5357 qui

259 5385 573 5449 ἀντιπάλους
616 5386 1127 5458 διαπληκτίζεσθαι,
1178 5384 1459 5457 πατρικῶς
1509 5383 1638 5454 ὑμῖν
1696 5399 1792 5451 περ

1972 5395 2027 5439 at
2054 5395 2112 5440 ut
2140 5394 2197 5440 et
2227 5383 2386 5439 Pater
2433 5381 2575 5439 Filio
2614 5379 2808 5450 major,
2836 5388 2891 5434 et
2920 5378 3091 5434 Filius
3125 5379 3275 5434 Patri
3316 5394 3503 5450 mqua-

263 5474 362 5527 τῶν
393 5478 764 5548 προκειμένων
811 5476 1263 5550 διαλεχθήσομαι.
1308 5476 1382 5530 Οὐ
1430 5474 1611 5537 πάσας
1643 5473 1796 5544 ὁμοτί

1972 5492 1998 5532 s
2034 5484 2092 5531 et
2123 5489 2224 5545 par
2250 5474 2366 5529 sit?
2397 5471 2662 5527 Videntur
2697 5470 2841 5526 enim
2877 5473 2989 5525 haec
3012 5470 3154 5524 inter
3196 5484 3319 5525 sese
3349 5470 3504 5527 nullo

266 5583 392 5633 μους
422 5564 538 5620 οἶδα
577 5571 674 5632 τὰς
716 5570 810 5623 τοῦ
844 5568 1174 5638 Εὑαγγελίου
1206 5567 1419 5637 φωνὰς,
1443 5566 1567 5619 ὅσαι
1597 5564 1667 5618 τὰ
1694 5581 1799 5634 περ

1968 5566 2091 5621 nodo
2118 5565 2433 5622 convenire.
2482 5563 2653 5633 Igitur
2703 5560 2907 5617 omissa
2952 5561 3327 5617 decertatione
3373 5576 3501 5615 cum

266 5656 352 5709 τοῦ
385 5658 583 5728 Κυρίου
612 5660 971 5726 διδάσκουσιν,
1019 5659 1138 5713 οὐδὲ
1164 5659 1272 5713 ἀπὸ
1300 5661 1398 5728 τῆς
1428 5656 1600 5725 αὐτῆς
1628 5654 1799 5727 δηλουι

1964 5657 2089 5729 ulgo
2111 5654 2574 5717 adversariorum,
2606 5651 2673 5706 de
2699 5650 2862 5708 rebus
2902 5651 3205 5723 propositis
3231 5650 3497 5711 disseram

333 5836 356 5871 ⁷
379 5837 532 5894 Joan.
569 5856 686 5910 vm,
709 5840 799 5897 29.
909 5841 930 5873 ⁸
952 5838 1105 5897 Joan.
1138 5855 1261 5908 xw,
1290 5840 1379 5897 9.8.
1422 5842 1442 5874 ⁹
1475 5840 1607 5896 ibid.
1645 5840 1729 5895 l0.
1810 5841 1851 5870 ιο
1872 5835 2108 5909 Philipp.
2149 5852 2210 5906 ιι,
2237 5837 2292 5892 6.
