  <div class='ocr_page' id='page_1' title='image "/cluster/home/n/w/nwhite01/storage/ocr_20150623/46:no.3/coo.31924054869668/291.png"; bbox 0 0 3882 6420; ppageno 0'>
   <div class='ocr_carea' id='block_1_1' title="bbox 363 435 466 492">
    <p class='ocr_par' dir='ltr' id='par_1_1' title="bbox 363 435 466 492">
     <span class='ocr_line' id='line_1_1' title="bbox 363 435 466 492; baseline 0.01 -1"><span class='ocrx_word' id='word_1_1' title='bbox 363 435 466 492; x_wconf 78' lang='lat'><strong>503</strong></span> 
     </span>
    </p>
   </div>
   <div class='ocr_carea' id='block_1_2' title="bbox 1627 413 2369 527">
    <p class='ocr_par' dir='ltr' id='par_1_2' title="bbox 1627 413 2369 527">
     <span class='ocr_line' id='line_1_2' title="bbox 1627 413 2369 527; baseline -0.003 -37"><span class='ocrx_word' id='word_1_2' title='bbox 1627 436 1682 490; x_wconf 90' lang='lat' dir='ltr'><strong>s.</strong></span> <span class='ocrx_word' id='word_1_3' title='bbox 1711 432 2038 490; x_wconf 70' lang='lat' dir='ltr'><strong>cneconu</strong></span> <span class='ocrx_word' id='word_1_4' title='bbox 2074 413 2369 527; x_wconf 45' lang='grc' dir='ltr'>Νεεδωί</span> 
     </span>
    </p>
   </div>
   <div class='ocr_carea' id='block_1_3' title="bbox 3509 427 3610 485">
    <p class='ocr_par' dir='ltr' id='par_1_3' title="bbox 3509 427 3610 485">
     <span class='ocr_line' id='line_1_3' title="bbox 3509 427 3610 485; baseline 0.01 -1"><span class='ocrx_word' id='word_1_5' title='bbox 3509 427 3610 485; x_wconf 72' lang='lat'><strong>564</strong></span> 
     </span>
    </p>
   </div>
   <div class='ocr_carea' id='block_1_4' title="bbox 373 542 1946 624">
    <p class='ocr_par' dir='ltr' id='par_1_4' title="bbox 373 549 1933 624">
     <span class='ocr_line' id='line_1_4' title="bbox 373 549 1933 624; baseline 0.001 -18"><span class='ocrx_word' id='word_1_6' title='bbox 373 553 524 606; x_wconf 78' lang='lat' dir='ltr'><strong>vobis</strong></span> <span class='ocrx_word' id='word_1_7' title='bbox 560 567 712 605; x_wconf 85' lang='lat' dir='ltr'><strong>more</strong></span> <span class='ocrx_word' id='word_1_8' title='bbox 753 558 999 622; x_wconf 88' lang='lat' dir='ltr'><strong>paterno.</strong></span> <span class='ocrx_word' id='word_1_9' title='bbox 1027 549 1144 606; x_wconf 83' lang='lat' dir='ltr'><strong>Non</strong></span> <span class='ocrx_word' id='word_1_10' title='bbox 1185 567 1376 608; x_wconf 88' lang='lat' dir='ltr'><strong>omnes</strong></span> <span class='ocrx_word' id='word_1_11' title='bbox 1431 551 1708 624; x_wconf 77' lang='lat' dir='ltr'><strong>Evangelii</strong></span> <span class='ocrx_word' id='word_1_12' title='bbox 1749 568 1933 618; x_wconf 89' lang='lat' dir='ltr'><strong>voces,</strong></span> 
     </span>
    </p>
   </div>
   <div class='ocr_carea' id='block_1_5' title="bbox 2051 542 3606 624">
    <p class='ocr_par' dir='ltr' id='par_1_5' title="bbox 2051 542 3606 622">
     <span class='ocr_line' id='line_1_5' title="bbox 2051 542 3606 622; baseline -0.008 -16"><span class='ocrx_word' id='word_1_13' title='bbox 2051 553 2209 622; x_wconf 78' lang='grc' dir='ltr'>μένας</span> <span class='ocrx_word' id='word_1_14' title='bbox 2252 550 2409 616; x_wconf 85' lang='grc' dir='ltr'>ἀξίας</span> <span class='ocrx_word' id='word_1_15' title='bbox 2429 569 2440 580; x_wconf 85' lang='lat'>&#39;</span> <span class='ocrx_word' id='word_1_16' title='bbox 2474 553 2528 605; x_wconf 77' lang='grc' dir='ltr'><strong>αἱ</strong></span> <span class='ocrx_word' id='word_1_17' title='bbox 2557 552 2655 622; x_wconf 76' lang='grc' dir='ltr'>μὲν</span> <span class='ocrx_word' id='word_1_18' title='bbox 2697 550 2805 621; x_wconf 75' lang='grc' dir='ltr'><strong>γὰρ</strong></span> <span class='ocrx_word' id='word_1_19' title='bbox 2848 549 2908 602; x_wconf 85' lang='grc' dir='ltr'><strong>τὸ</strong></span> <span class='ocrx_word' id='word_1_20' title='bbox 2937 547 3069 616; x_wconf 74' lang='grc' dir='ltr'>ὕψος</span> <span class='ocrx_word' id='word_1_21' title='bbox 3099 545 3198 617; x_wconf 78' lang='grc' dir='ltr'>τῆς</span> <span class='ocrx_word' id='word_1_22' title='bbox 3224 542 3476 614; x_wconf 78' lang='grc' dir='ltr'><strong>θεότητος</strong></span> <span class='ocrx_word' id='word_1_23' title='bbox 3517 543 3606 595; x_wconf 84' lang='grc' dir='ltr'><strong>τοῦ</strong></span> 
     </span>
    </p>
   </div>
   <div class='ocr_carea' id='block_1_6' title="bbox 364 641 1934 715">
    <p class='ocr_par' dir='ltr' id='par_1_6' title="bbox 364 641 1934 715">
     <span class='ocr_line' id='line_1_6' title="bbox 364 641 1934 715; baseline 0.001 -20"><span class='ocrx_word' id='word_1_24' title='bbox 364 656 706 712; x_wconf 69' lang='lat' dir='ltr'><strong>quaecunque</strong></span> <span class='ocrx_word' id='word_1_25' title='bbox 761 657 851 698; x_wconf 90' lang='lat' dir='ltr'><strong>res</strong></span> <span class='ocrx_word' id='word_1_26' title='bbox 897 657 926 696; x_wconf 90' lang='lat' dir='ltr'><strong>a</strong></span> <span class='ocrx_word' id='word_1_27' title='bbox 975 641 1207 698; x_wconf 87' lang='lat' dir='ltr'><strong>Domino</strong></span> <span class='ocrx_word' id='word_1_28' title='bbox 1253 651 1434 715; x_wconf 76' lang='lat' dir='ltr'><strong>gestas</strong></span> <span class='ocrx_word' id='word_1_29' title='bbox 1495 645 1677 715; x_wconf 90' lang='lat' dir='ltr'><strong>(nos)</strong></span> <span class='ocrx_word' id='word_1_30' title='bbox 1716 645 1934 707; x_wconf 86' lang='lat' dir='ltr'><strong>docent,</strong></span> 
     </span>
    </p>
   </div>
   <div class='ocr_carea' id='block_1_7' title="bbox 307 731 1934 804">
    <p class='ocr_par' dir='ltr' id='par_1_7' title="bbox 307 731 1934 804">
     <span class='ocr_line' id='line_1_7' title="bbox 307 731 1934 804; baseline 0 -17"><span class='ocrx_word' id='word_1_31' title='bbox 307 800 310 802; x_wconf 92' lang='lat'>_</span> <span class='ocrx_word' id='word_1_32' title='bbox 363 731 608 801; x_wconf 88' lang='lat' dir='ltr'><strong>ejusdem</strong></span> <span class='ocrx_word' id='word_1_33' title='bbox 639 733 878 789; x_wconf 77' lang='lat' dir='ltr'><strong>arbitror</strong></span> <span class='ocrx_word' id='word_1_34' title='bbox 901 750 1026 790; x_wconf 88' lang='lat' dir='ltr'><strong>esse</strong></span> <span class='ocrx_word' id='word_1_35' title='bbox 1055 735 1404 800; x_wconf 76' lang='lat' dir='ltr'><strong>conditionis,</strong></span> <span class='ocrx_word' id='word_1_36' title='bbox 1438 751 1616 804; x_wconf 87' lang='lat' dir='ltr'><strong>neque</strong></span> <span class='ocrx_word' id='word_1_37' title='bbox 1647 735 1714 789; x_wconf 88' lang='lat' dir='ltr'><strong>ab</strong></span> <span class='ocrx_word' id='word_1_38' title='bbox 1747 735 1934 789; x_wconf 88' lang='lat' dir='ltr'><strong>eadem</strong></span> 
     </span>
    </p>
   </div>
   <div class='ocr_carea' id='block_1_8' title="bbox 367 824 1934 897">
    <p class='ocr_par' dir='ltr' id='par_1_8' title="bbox 367 824 1934 897">
     <span class='ocr_line' id='line_1_8' title="bbox 367 824 1934 897; baseline 0.002 -21"><span class='ocrx_word' id='word_1_39' title='bbox 367 824 601 891; x_wconf 80' lang='lat' dir='ltr'><strong>proferri</strong></span> <span class='ocrx_word' id='word_1_40' title='bbox 635 825 942 896; x_wconf 77' lang='lat' dir='ltr'><strong>dignitate;</strong></span> <span class='ocrx_word' id='word_1_41' title='bbox 974 841 1100 880; x_wconf 88' lang='lat' dir='ltr'><strong>nam</strong></span> <span class='ocrx_word' id='word_1_42' title='bbox 1151 827 1270 882; x_wconf 73' lang='lat' dir='ltr'><strong>aliae</strong></span> <span class='ocrx_word' id='word_1_43' title='bbox 1312 827 1531 897; x_wconf 85' lang='lat' dir='ltr'><strong>quidem</strong></span> <span class='ocrx_word' id='word_1_44' title='bbox 1591 827 1934 880; x_wconf 81' lang='lat' dir='ltr'><strong>altitudinem</strong></span> 
     </span>
    </p>
   </div>
   <div class='ocr_carea' id='block_1_9' title="bbox 357 912 1935 985">
    <p class='ocr_par' dir='ltr' id='par_1_9' title="bbox 357 912 1935 985">
     <span class='ocr_line' id='line_1_9' title="bbox 357 912 1935 985; baseline 0.002 -20"><span class='ocrx_word' id='word_1_45' title='bbox 357 912 488 967; x_wconf 82' lang='lat' dir='ltr'><strong>Filii</strong></span> <span class='ocrx_word' id='word_1_46' title='bbox 523 914 619 970; x_wconf 88' lang='lat' dir='ltr'><strong>Dei</strong></span> <span class='ocrx_word' id='word_1_47' title='bbox 657 917 963 971; x_wconf 81' lang='lat' dir='ltr'><strong>divinitatis</strong></span> <span class='ocrx_word' id='word_1_48' title='bbox 1008 933 1133 971; x_wconf 85' lang='lat' dir='ltr'><strong>cum</strong></span> <span class='ocrx_word' id='word_1_49' title='bbox 1168 917 1459 972; x_wconf 82' lang='lat' dir='ltr'><strong>verborum</strong></span> <span class='ocrx_word' id='word_1_50' title='bbox 1505 917 1793 985; x_wconf 75' lang='lat' dir='ltr'><strong>majestate</strong></span> <span class='ocrx_word' id='word_1_51' title='bbox 1835 917 1935 971; x_wconf 86' lang='lat' dir='ltr'><strong>dc-</strong></span> 
     </span>
    </p>
   </div>
   <div class='ocr_carea' id='block_1_10' title="bbox 366 1005 1938 1073">
    <p class='ocr_par' dir='ltr' id='par_1_10' title="bbox 366 1005 1938 1073">
     <span class='ocr_line' id='line_1_10' title="bbox 366 1005 1938 1073; baseline 0.004 -18"><span class='ocrx_word' id='word_1_52' title='bbox 366 1005 620 1073; x_wconf 82' lang='lat' dir='ltr'><strong>clarant;</strong></span> <span class='ocrx_word' id='word_1_53' title='bbox 653 1008 773 1062; x_wconf 74' lang='lat' dir='ltr'><strong>alia:</strong></span> <span class='ocrx_word' id='word_1_54' title='bbox 802 1021 932 1063; x_wconf 90' lang='lat' dir='ltr'><strong>vero</strong></span> <span class='ocrx_word' id='word_1_55' title='bbox 959 1022 1081 1063; x_wconf 88' lang='lat' dir='ltr'><strong>sese</strong></span> <span class='ocrx_word' id='word_1_56' title='bbox 1112 1009 1393 1062; x_wconf 89' lang='lat' dir='ltr'><strong>dimittunt</strong></span> <span class='ocrx_word' id='word_1_57' title='bbox 1435 1017 1490 1062; x_wconf 88' lang='lat' dir='ltr'><strong>et</strong></span> <span class='ocrx_word' id='word_1_58' title='bbox 1525 1007 1938 1062; x_wconf 85' lang='lat' dir='ltr'><strong>accommodant</strong></span> 
     </span>
    </p>
   </div>
   <div class='ocr_carea' id='block_1_11' title="bbox 369 1095 1938 1154">
    <p class='ocr_par' dir='ltr' id='par_1_11' title="bbox 369 1095 1938 1154">
     <span class='ocr_line' id='line_1_11' title="bbox 369 1095 1938 1154; baseline 0.003 -6"><span class='ocrx_word' id='word_1_59' title='bbox 369 1095 436 1149; x_wconf 90' lang='lat' dir='ltr'><strong>ad</strong></span> <span class='ocrx_word' id='word_1_60' title='bbox 467 1098 825 1153; x_wconf 85' lang='lat' dir='ltr'><strong>humilitatem</strong></span> <span class='ocrx_word' id='word_1_61' title='bbox 857 1099 1108 1154; x_wconf 70' lang='lat' dir='ltr'><strong>humanae</strong></span> <span class='ocrx_word' id='word_1_62' title='bbox 1139 1106 1368 1153; x_wconf 70' lang='lat' dir='ltr'><strong>naturae.</strong></span> <span class='ocrx_word' id='word_1_63' title='bbox 1398 1097 1530 1152; x_wconf 87' lang='lat' dir='ltr'><strong>Nam</strong></span> <span class='ocrx_word' id='word_1_64' title='bbox 1553 1099 1643 1152; x_wconf 90' lang='lat' dir='ltr'><strong>ubi</strong></span> <span class='ocrx_word' id='word_1_65' title='bbox 1676 1096 1938 1153; x_wconf 89' lang='lat' dir='ltr'><strong>Dominus</strong></span> 
     </span>
    </p>
   </div>
   <div class='ocr_carea' id='block_1_12' title="bbox 368 1186 1938 1257">
    <p class='ocr_par' dir='ltr' id='par_1_12' title="bbox 368 1186 1938 1257">
     <span class='ocr_line' id='line_1_12' title="bbox 368 1186 1938 1257; baseline 0.001 -20"><span class='ocrx_word' id='word_1_66' title='bbox 368 1187 584 1256; x_wconf 87' lang='lat' dir='ltr'><strong>quidem</strong></span> <span class='ocrx_word' id='word_1_67' title='bbox 625 1189 797 1241; x_wconf 86' lang='lat' dir='ltr'><strong>dicit:</strong></span> <span class='ocrx_word' id='word_1_68' title='bbox 835 1187 941 1257; x_wconf 83' lang='lat' dir='ltr'><strong>Ego</strong></span> <span class='ocrx_word' id='word_1_69' title='bbox 973 1189 1218 1257; x_wconf 62' lang='lat' dir='ltr'><strong>praecipio</strong></span> <span class='ocrx_word' id='word_1_70' title='bbox 1255 1188 1348 1241; x_wconf 83' lang='lat' dir='ltr'><strong>tibi</strong></span> <span class='ocrx_word' id='word_1_71' title='bbox 1374 1189 1454 1254; x_wconf 82' lang='lat'><strong>“;</strong></span> <span class='ocrx_word' id='word_1_72' title='bbox 1486 1199 1557 1249; x_wconf 92' lang='lat' dir='ltr'><strong>et,</strong></span> <span class='ocrx_word' id='word_1_73' title='bbox 1598 1186 1748 1252; x_wconf 81' lang='lat' dir='ltr'><strong>Volo,</strong></span> <span class='ocrx_word' id='word_1_74' title='bbox 1781 1203 1938 1240; x_wconf 78' lang='lat' dir='ltr'><strong>mun-</strong></span> 
     </span>
    </p>
   </div>
   <div class='ocr_carea' id='block_1_13' title="bbox 369 1277 1931 1348">
    <p class='ocr_par' dir='ltr' id='par_1_13' title="bbox 369 1277 1931 1348">
     <span class='ocr_line' id='line_1_13' title="bbox 369 1277 1931 1348; baseline 0.001 -19"><span class='ocrx_word' id='word_1_75' title='bbox 369 1277 468 1331; x_wconf 84' lang='lat' dir='ltr'><strong>dus</strong></span> <span class='ocrx_word' id='word_1_76' title='bbox 501 1281 668 1332; x_wconf 81' lang='lat' dir='ltr'><strong>esto”</strong></span> <span class='ocrx_word' id='word_1_77' title='bbox 699 1295 712 1343; x_wconf 91' lang='lat'><strong>;</strong></span> <span class='ocrx_word' id='word_1_78' title='bbox 744 1287 817 1344; x_wconf 90' lang='lat' dir='ltr'><strong>et,</strong></span> <span class='ocrx_word' id='word_1_79' title='bbox 851 1280 1011 1332; x_wconf 79' lang='lat' dir='ltr'><strong>Pater</strong></span> <span class='ocrx_word' id='word_1_80' title='bbox 1047 1281 1101 1333; x_wconf 89' lang='lat' dir='ltr'><strong>in</strong></span> <span class='ocrx_word' id='word_1_81' title='bbox 1126 1297 1205 1334; x_wconf 89' lang='lat' dir='ltr'><strong>me</strong></span> <span class='ocrx_word' id='word_1_82' title='bbox 1237 1289 1334 1343; x_wconf 87' lang='lat' dir='ltr'><strong>est,</strong></span> <span class='ocrx_word' id='word_1_83' title='bbox 1369 1289 1419 1334; x_wconf 88' lang='lat' dir='ltr'><strong>et</strong></span> <span class='ocrx_word' id='word_1_84' title='bbox 1451 1295 1543 1348; x_wconf 85' lang='lat' dir='ltr'><strong>ego</strong></span> <span class='ocrx_word' id='word_1_85' title='bbox 1573 1294 1689 1332; x_wconf 85' lang='lat' dir='ltr'><strong>sum</strong></span> <span class='ocrx_word' id='word_1_86' title='bbox 1725 1279 1778 1331; x_wconf 85' lang='lat' dir='ltr'><strong>in</strong></span> <span class='ocrx_word' id='word_1_87' title='bbox 1824 1277 1931 1331; x_wconf 81' lang='lat' dir='ltr'><strong>Pa-</strong></span> 
     </span>
    </p>
   </div>
   <div class='ocr_carea' id='block_1_14' title="bbox 371 1370 1940 1439">
    <p class='ocr_par' dir='ltr' id='par_1_14' title="bbox 371 1370 1940 1439">
     <span class='ocr_line' id='line_1_14' title="bbox 371 1370 1940 1439; baseline 0.001 -18"><span class='ocrx_word' id='word_1_88' title='bbox 371 1379 445 1423; x_wconf 82' lang='lat' dir='ltr'><strong>tre</strong></span> <span class='ocrx_word' id='word_1_89' title='bbox 471 1371 512 1400; x_wconf 77' lang='grc'><strong>⁸³</strong></span> <span class='ocrx_word' id='word_1_90' title='bbox 539 1387 552 1436; x_wconf 92' lang='grc'><strong>;</strong></span> <span class='ocrx_word' id='word_1_91' title='bbox 588 1379 659 1432; x_wconf 88' lang='lat' dir='ltr'><strong>et,</strong></span> <span class='ocrx_word' id='word_1_92' title='bbox 694 1370 797 1436; x_wconf 85' lang='lat' dir='ltr'><strong>Qui</strong></span> <span class='ocrx_word' id='word_1_93' title='bbox 827 1371 954 1425; x_wconf 82' lang='lat' dir='ltr'><strong>vidit</strong></span> <span class='ocrx_word' id='word_1_94' title='bbox 988 1388 1088 1435; x_wconf 85' lang='lat' dir='ltr'><strong>me,</strong></span> <span class='ocrx_word' id='word_1_95' title='bbox 1123 1371 1249 1426; x_wconf 78' lang='lat' dir='ltr'><strong>vidit</strong></span> <span class='ocrx_word' id='word_1_96' title='bbox 1282 1371 1500 1425; x_wconf 78' lang='lat' dir='ltr'><strong>Patrem</strong></span> <span class='ocrx_word' id='word_1_97' title='bbox 1523 1371 1568 1403; x_wconf 68' lang='grc' dir='ltr'><strong>ίδ</strong></span> <span class='ocrx_word' id='word_1_98' title='bbox 1595 1389 1609 1436; x_wconf 86' lang='grc'><strong>;</strong></span> <span class='ocrx_word' id='word_1_99' title='bbox 1643 1379 1716 1433; x_wconf 89' lang='lat' dir='ltr'><strong>et,</strong></span> <span class='ocrx_word' id='word_1_100' title='bbox 1747 1373 1858 1439; x_wconf 83' lang='lat' dir='ltr'><strong>Ego</strong></span> <span class='ocrx_word' id='word_1_101' title='bbox 1890 1382 1940 1423; x_wconf 85' lang='lat' dir='ltr'><strong>et</strong></span> 
     </span>
    </p>
   </div>
   <div class='ocr_carea' id='block_1_15' title="bbox 371 1460 1940 1526">
    <p class='ocr_par' dir='ltr' id='par_1_15' title="bbox 371 1460 1940 1526">
     <span class='ocr_line' id='line_1_15' title="bbox 371 1460 1940 1526; baseline 0.001 -14"><span class='ocrx_word' id='word_1_102' title='bbox 371 1460 535 1516; x_wconf 82' lang='lat' dir='ltr'><strong>Pater</strong></span> <span class='ocrx_word' id='word_1_103' title='bbox 560 1479 724 1516; x_wconf 81' lang='lat' dir='ltr'><strong>unum</strong></span> <span class='ocrx_word' id='word_1_104' title='bbox 757 1479 939 1518; x_wconf 83' lang='lat' dir='ltr'><strong>sumus</strong></span> <span class='ocrx_word' id='word_1_105' title='bbox 960 1464 1002 1494; x_wconf 81' lang='grc'>¹³</span> <span class='ocrx_word' id='word_1_106' title='bbox 1037 1480 1050 1526; x_wconf 92' lang='grc'><strong>;</strong></span> <span class='ocrx_word' id='word_1_107' title='bbox 1091 1471 1165 1525; x_wconf 88' lang='lat' dir='ltr'><strong>et,</strong></span> <span class='ocrx_word' id='word_1_108' title='bbox 1205 1462 1381 1517; x_wconf 90' lang='lat' dir='ltr'><strong>Nemo</strong></span> <span class='ocrx_word' id='word_1_109' title='bbox 1427 1462 1632 1516; x_wconf 81' lang='lat' dir='ltr'><strong>Filium</strong></span> <span class='ocrx_word' id='word_1_110' title='bbox 1664 1462 1806 1515; x_wconf 81' lang='lat' dir='ltr'><strong>novit</strong></span> <span class='ocrx_word' id='word_1_111' title='bbox 1836 1462 1940 1514; x_wconf 83' lang='lat' dir='ltr'><strong>nisi</strong></span> 
     </span>
    </p>
   </div>
   <div class='ocr_carea' id='block_1_16' title="bbox 378 1550 1937 1617">
    <p class='ocr_par' dir='ltr' id='par_1_16' title="bbox 378 1550 1937 1617">
     <span class='ocr_line' id='line_1_16' title="bbox 378 1550 1937 1617; baseline 0.001 -15"><span class='ocrx_word' id='word_1_112' title='bbox 378 1550 532 1604; x_wconf 85' lang='lat' dir='ltr'><strong>Pater</strong></span> <span class='ocrx_word' id='word_1_113' title='bbox 551 1551 618 1616; x_wconf 82' lang='grc'><strong>¹⁸;</strong></span> <span class='ocrx_word' id='word_1_114' title='bbox 654 1561 724 1616; x_wconf 85' lang='lat' dir='ltr'><strong>et,</strong></span> <span class='ocrx_word' id='word_1_115' title='bbox 759 1551 953 1606; x_wconf 85' lang='lat' dir='ltr'><strong>Omnia</strong></span> <span class='ocrx_word' id='word_1_116' title='bbox 983 1569 1098 1606; x_wconf 86' lang='lat' dir='ltr'><strong>mea</strong></span> <span class='ocrx_word' id='word_1_117' title='bbox 1129 1563 1219 1606; x_wconf 87' lang='lat' dir='ltr'><strong>tua</strong></span> <span class='ocrx_word' id='word_1_118' title='bbox 1245 1561 1388 1615; x_wconf 86' lang='lat' dir='ltr'><strong>sunt,</strong></span> <span class='ocrx_word' id='word_1_119' title='bbox 1407 1561 1455 1606; x_wconf 87' lang='lat' dir='ltr'><strong>et</strong></span> <span class='ocrx_word' id='word_1_120' title='bbox 1484 1561 1578 1605; x_wconf 79' lang='lat' dir='ltr'><strong>tua</strong></span> <span class='ocrx_word' id='word_1_121' title='bbox 1606 1568 1718 1604; x_wconf 87' lang='lat' dir='ltr'><strong>mea</strong></span> <span class='ocrx_word' id='word_1_122' title='bbox 1745 1551 1786 1584; x_wconf 84' lang='lat'><strong>&quot;</strong></span> <span class='ocrx_word' id='word_1_123' title='bbox 1817 1569 1832 1617; x_wconf 91' lang='lat'><strong>;</strong></span> <span class='ocrx_word' id='word_1_124' title='bbox 1864 1561 1937 1616; x_wconf 88' lang='lat' dir='ltr'><strong>et,</strong></span> 
     </span>
    </p>
   </div>
   <div class='ocr_carea' id='block_1_17' title="bbox 355 1641 1941 1714">
    <p class='ocr_par' dir='ltr' id='par_1_17' title="bbox 355 1641 1941 1714">
     <span class='ocr_line' id='line_1_17' title="bbox 355 1641 1941 1714; baseline 0.001 -18"><span class='ocrx_word' id='word_1_125' title='bbox 355 1641 712 1711; x_wconf 80' lang='lat' dir='ltr'><strong>‘Gloriﬁcatus</strong></span> <span class='ocrx_word' id='word_1_126' title='bbox 739 1658 855 1696; x_wconf 86' lang='lat' dir='ltr'><strong>sum</strong></span> <span class='ocrx_word' id='word_1_127' title='bbox 885 1643 940 1696; x_wconf 87' lang='lat' dir='ltr'><strong>in</strong></span> <span class='ocrx_word' id='word_1_128' title='bbox 969 1643 1044 1696; x_wconf 81' lang='lat' dir='ltr'><strong>eis</strong></span> <span class='ocrx_word' id='word_1_129' title='bbox 1065 1643 1128 1706; x_wconf 82' lang='grc'><strong>¹⁸,</strong></span> <span class='ocrx_word' id='word_1_130' title='bbox 1161 1655 1212 1697; x_wconf 92' lang='lat' dir='ltr'><strong>et</strong></span> <span class='ocrx_word' id='word_1_131' title='bbox 1238 1657 1579 1714; x_wconf 75' lang='lat' dir='ltr'><strong>quaecunque</strong></span> <span class='ocrx_word' id='word_1_132' title='bbox 1616 1650 1745 1698; x_wconf 90' lang='lat' dir='ltr'><strong>sunt</strong></span> <span class='ocrx_word' id='word_1_133' title='bbox 1793 1642 1941 1712; x_wconf 54' lang='lat' dir='ltr'><strong>ejus.</strong></span> 
     </span>
    </p>
   </div>
   <div class='ocr_carea' id='block_1_18' title="bbox 374 1731 1938 1806">
    <p class='ocr_par' dir='ltr' id='par_1_18' title="bbox 374 1731 1938 1806">
     <span class='ocr_line' id='line_1_18' title="bbox 374 1731 1938 1806; baseline 0.003 -22"><span class='ocrx_word' id='word_1_134' title='bbox 374 1731 541 1796; x_wconf 89' lang='lat' dir='ltr'><strong>modi,</strong></span> <span class='ocrx_word' id='word_1_135' title='bbox 571 1733 814 1787; x_wconf 78' lang='lat' dir='ltr'><strong>indicant</strong></span> <span class='ocrx_word' id='word_1_136' title='bbox 839 1748 958 1790; x_wconf 88' lang='lat' dir='ltr'><strong>eam</strong></span> <span class='ocrx_word' id='word_1_137' title='bbox 991 1736 1310 1802; x_wconf 85' lang='lat' dir='ltr'><strong>potentiam,</strong></span> <span class='ocrx_word' id='word_1_138' title='bbox 1361 1749 1485 1804; x_wconf 66' lang='lat' dir='ltr'><strong>qua:</strong></span> <span class='ocrx_word' id='word_1_139' title='bbox 1515 1749 1682 1806; x_wconf 84' lang='lat' dir='ltr'><strong>supra</strong></span> <span class='ocrx_word' id='word_1_140' title='bbox 1720 1750 1938 1790; x_wconf 91' lang='lat' dir='ltr'><strong>omnem</strong></span> 
     </span>
    </p>
   </div>
   <div class='ocr_carea' id='block_1_19' title="bbox 2041 633 3608 712">
    <p class='ocr_par' dir='ltr' id='par_1_19' title="bbox 2041 633 3608 712">
     <span class='ocr_line' id='line_1_19' title="bbox 2041 633 3608 712; baseline -0.008 -16"><span class='ocrx_word' id='word_1_141' title='bbox 2041 642 2170 696; x_wconf 89' lang='grc' dir='ltr'>Υίοῦ</span> <span class='ocrx_word' id='word_1_142' title='bbox 2217 643 2308 697; x_wconf 86' lang='grc' dir='ltr'><strong>τοῦ</strong></span> <span class='ocrx_word' id='word_1_143' title='bbox 2363 642 2498 696; x_wconf 82' lang='grc' dir='ltr'>Θεοῦ</span> <span class='ocrx_word' id='word_1_144' title='bbox 2549 639 2947 712; x_wconf 79' lang='grc' dir='ltr'>μεγαλοφώνως</span> <span class='ocrx_word' id='word_1_145' title='bbox 2999 636 3395 708; x_wconf 82' lang='grc' dir='ltr'><strong>κηρύσσουσιν·</strong></span> <span class='ocrx_word' id='word_1_146' title='bbox 3449 633 3508 686; x_wconf 78' lang='lat' dir='ltr'><strong>ai.</strong></span> <span class='ocrx_word' id='word_1_147' title='bbox 3553 633 3608 684; x_wconf 77' lang='grc' dir='ltr'>δὲ</span> 
     </span>
    </p>
   </div>
   <div class='ocr_carea' id='block_1_20' title="bbox 2040 723 3609 804">
    <p class='ocr_par' dir='ltr' id='par_1_20' title="bbox 2040 723 3609 804">
     <span class='ocr_line' id='line_1_20' title="bbox 2040 723 3609 804; baseline -0.006 -20"><span class='ocrx_word' id='word_1_148' title='bbox 2040 733 2175 804; x_wconf 81' lang='grc' dir='ltr'>πρὸς</span> <span class='ocrx_word' id='word_1_149' title='bbox 2209 734 2267 786; x_wconf 81' lang='grc' dir='ltr'>τὸ</span> <span class='ocrx_word' id='word_1_150' title='bbox 2303 733 2555 786; x_wconf 75' lang='grc' dir='ltr'>ταπεινὸν</span> <span class='ocrx_word' id='word_1_151' title='bbox 2595 733 2696 802; x_wconf 82' lang='grc' dir='ltr'>τῆς</span> <span class='ocrx_word' id='word_1_152' title='bbox 2739 729 3085 801; x_wconf 80' lang='grc' dir='ltr'><strong>ἀνθρωπίνης</strong></span> <span class='ocrx_word' id='word_1_153' title='bbox 3121 723 3609 794; x_wconf 75' lang='grc' dir='ltr'>συγκαταϐαίνωσι</span> 
     </span>
    </p>
   </div>
   <div class='ocr_carea' id='block_1_21' title="bbox 2039 809 3611 890">
    <p class='ocr_par' dir='ltr' id='par_1_21' title="bbox 2039 809 3611 890">
     <span class='ocr_line' id='line_1_21' title="bbox 2039 809 3611 890; baseline -0.01 -15"><span class='ocrx_word' id='word_1_154' title='bbox 2039 823 2272 890; x_wconf 85' lang='grc' dir='ltr'>φύσεως.</span> <span class='ocrx_word' id='word_1_155' title='bbox 2307 822 2478 874; x_wconf 83' lang='grc' dir='ltr'><strong>Ὅταν</strong></span> <span class='ocrx_word' id='word_1_156' title='bbox 2527 821 2628 890; x_wconf 86' lang='grc' dir='ltr'><strong>μὲν</strong></span> <span class='ocrx_word' id='word_1_157' title='bbox 2675 819 2784 889; x_wconf 81' lang='grc' dir='ltr'>γὰρ</span> <span class='ocrx_word' id='word_1_158' title='bbox 2824 818 2957 886; x_wconf 81' lang='grc' dir='ltr'>λέγῃ</span> <span class='ocrx_word' id='word_1_159' title='bbox 2983 816 3011 867; x_wconf 88' lang='grc' dir='ltr'><strong>ό</strong></span> <span class='ocrx_word' id='word_1_160' title='bbox 3040 814 3244 882; x_wconf 78' lang='grc' dir='ltr'>Κύριος</span> <span class='ocrx_word' id='word_1_161' title='bbox 3265 827 3280 842; x_wconf 77' lang='grc'><strong>⁸</strong></span> <span class='ocrx_word' id='word_1_162' title='bbox 3310 809 3462 880; x_wconf 72' lang='grc' dir='ltr'><strong>Ἐγὼ</strong></span> <span class='ocrx_word' id='word_1_163' title='bbox 3493 809 3611 861; x_wconf 73' lang='grc' dir='ltr'>ἐπι-</span> 
     </span>
    </p>
   </div>
   <div class='ocr_carea' id='block_1_22' title="bbox 2039 899 3646 974">
    <p class='ocr_par' dir='ltr' id='par_1_22' title="bbox 2039 899 3646 974">
     <span class='ocr_line' id='line_1_22' title="bbox 2039 899 3646 974; baseline -0.01 -9"><span class='ocrx_word' id='word_1_164' title='bbox 2039 911 2246 966; x_wconf 76' lang='grc' dir='ltr'>τάσσω</span> <span class='ocrx_word' id='word_1_165' title='bbox 2277 927 2407 966; x_wconf 83' lang='grc' dir='ltr'>σοι·</span> <span class='ocrx_word' id='word_1_166' title='bbox 2469 912 2594 972; x_wconf 78' lang='grc' dir='ltr'>καὶ,</span> <span class='ocrx_word' id='word_1_167' title='bbox 2653 910 2835 970; x_wconf 82' lang='grc' dir='ltr'>Θέλω,</span> <span class='ocrx_word' id='word_1_168' title='bbox 2878 905 3298 974; x_wconf 78' lang='grc' dir='ltr'><strong>καθαρίσθητι·</strong></span> <span class='ocrx_word' id='word_1_169' title='bbox 3358 901 3481 963; x_wconf 69' lang='grc' dir='ltr'>καὶ,</span> <span class='ocrx_word' id='word_1_170' title='bbox 3552 899 3646 961; x_wconf 83' lang='grc' dir='ltr'><strong>Ὀ¹</strong></span> 
     </span>
    </p>
   </div>
   <div class='ocr_carea' id='block_1_23' title="bbox 2041 991 3606 1072">
    <p class='ocr_par' dir='ltr' id='par_1_23' title="bbox 2041 991 3606 1072">
     <span class='ocr_line' id='line_1_23' title="bbox 2041 991 3606 1072; baseline -0.01 -16"><span class='ocrx_word' id='word_1_171' title='bbox 2041 1005 2241 1072; x_wconf 77' lang='grc' dir='ltr'>Πατὴρ</span> <span class='ocrx_word' id='word_1_172' title='bbox 2265 1005 2332 1057; x_wconf 76' lang='grc' dir='ltr'>ἐν</span> <span class='ocrx_word' id='word_1_173' title='bbox 2360 1003 2507 1072; x_wconf 79' lang='grc' dir='ltr'>ἐμοὶ,</span> <span class='ocrx_word' id='word_1_174' title='bbox 2540 1001 2702 1071; x_wconf 76' lang='grc' dir='ltr'><strong>κάγὼ</strong></span> <span class='ocrx_word' id='word_1_175' title='bbox 2731 1002 2800 1053; x_wconf 75' lang='grc' dir='ltr'>ἐν</span> <span class='ocrx_word' id='word_1_176' title='bbox 2822 999 2901 1068; x_wconf 79' lang='grc' dir='ltr'>τῷ</span> <span class='ocrx_word' id='word_1_177' title='bbox 2937 996 3122 1064; x_wconf 82' lang='grc' dir='ltr'>Πατρί</span> <span class='ocrx_word' id='word_1_178' title='bbox 3142 1013 3154 1024; x_wconf 92' lang='grc'><strong>·</strong></span> <span class='ocrx_word' id='word_1_179' title='bbox 3179 995 3294 1055; x_wconf 71' lang='grc' dir='ltr'>καὶ,</span> <span class='ocrx_word' id='word_1_180' title='bbox 3335 993 3400 1044; x_wconf 87' lang='lat'><strong>&#39;0</strong></span> <span class='ocrx_word' id='word_1_181' title='bbox 3438 991 3606 1057; x_wconf 84' lang='grc' dir='ltr'>ἑωρα-</span> 
     </span>
    </p>
   </div>
   <div class='ocr_carea' id='block_1_24' title="bbox 2040 1079 3613 1164">
    <p class='ocr_par' dir='ltr' id='par_1_24' title="bbox 2040 1079 3613 1164">
     <span class='ocr_line' id='line_1_24' title="bbox 2040 1079 3613 1164; baseline -0.012 -14"><span class='ocrx_word' id='word_1_182' title='bbox 2040 1098 2157 1161; x_wconf 80' lang='grc' dir='ltr'><strong>κὼς</strong></span> <span class='ocrx_word' id='word_1_183' title='bbox 2185 1097 2309 1164; x_wconf 85' lang='grc' dir='ltr'>ἐμὲ,</span> <span class='ocrx_word' id='word_1_184' title='bbox 2357 1094 2578 1163; x_wconf 75' lang='grc' dir='ltr'>ἑώρακε</span> <span class='ocrx_word' id='word_1_185' title='bbox 2628 1092 2734 1145; x_wconf 77' lang='grc' dir='ltr'><strong>τὸν</strong></span> <span class='ocrx_word' id='word_1_186' title='bbox 2777 1089 3038 1156; x_wconf 83' lang='grc' dir='ltr'><strong>Πατέρα·</strong></span> <span class='ocrx_word' id='word_1_187' title='bbox 3099 1085 3215 1147; x_wconf 76' lang='grc' dir='ltr'>καὶ,</span> <span class='ocrx_word' id='word_1_188' title='bbox 3275 1081 3423 1148; x_wconf 75' lang='grc' dir='ltr'>Ἐγὼ</span> <span class='ocrx_word' id='word_1_189' title='bbox 3455 1079 3549 1133; x_wconf 69' lang='grc' dir='ltr'>καὶ</span> <span class='ocrx_word' id='word_1_190' title='bbox 3581 1082 3613 1132; x_wconf 83' lang='grc' dir='ltr'><em>ὀ</em></span> 
     </span>
    </p>
   </div>
   <div class='ocr_carea' id='block_1_25' title="bbox 2040 1171 3614 1255">
    <p class='ocr_par' dir='ltr' id='par_1_25' title="bbox 2040 1171 3614 1255">
     <span class='ocr_line' id='line_1_25' title="bbox 2040 1171 3614 1255; baseline -0.012 -14"><span class='ocrx_word' id='word_1_191' title='bbox 2040 1187 2240 1255; x_wconf 78' lang='grc' dir='ltr'>Πατὴρ</span> <span class='ocrx_word' id='word_1_192' title='bbox 2272 1187 2342 1240; x_wconf 78' lang='grc' dir='ltr'><strong>ἓν</strong></span> <span class='ocrx_word' id='word_1_193' title='bbox 2387 1187 2606 1254; x_wconf 77' lang='grc' dir='ltr'>ἐσμεν·</span> <span class='ocrx_word' id='word_1_194' title='bbox 2660 1183 2775 1246; x_wconf 74' lang='grc' dir='ltr'>καὶ,</span> <span class='ocrx_word' id='word_1_195' title='bbox 2819 1180 3028 1244; x_wconf 78' lang='grc' dir='ltr'>Οὐδεὶς</span> <span class='ocrx_word' id='word_1_196' title='bbox 3071 1173 3193 1230; x_wconf 77' lang='grc' dir='ltr'>οἶδε</span> <span class='ocrx_word' id='word_1_197' title='bbox 3233 1174 3340 1228; x_wconf 82' lang='grc' dir='ltr'><strong>τὸν</strong></span> <span class='ocrx_word' id='word_1_198' title='bbox 3381 1173 3535 1235; x_wconf 75' lang='grc' dir='ltr'>Υίὸν,</span> <span class='ocrx_word' id='word_1_199' title='bbox 3563 1171 3614 1222; x_wconf 76' lang='grc' dir='ltr'>ει</span> 
     </span>
    </p>
   </div>
   <div class='ocr_carea' id='block_1_26' title="bbox 2035 1259 3613 1346">
    <p class='ocr_par' dir='ltr' id='par_1_26' title="bbox 2035 1259 3613 1346">
     <span class='ocr_line' id='line_1_26' title="bbox 2035 1259 3613 1346; baseline -0.013 -14"><span class='ocrx_word' id='word_1_200' title='bbox 2035 1276 2120 1345; x_wconf 79' lang='grc' dir='ltr'><strong>μὴ</strong></span> <span class='ocrx_word' id='word_1_201' title='bbox 2145 1281 2175 1330; x_wconf 85' lang='grc' dir='ltr'><em>ὀ</em></span> <span class='ocrx_word' id='word_1_202' title='bbox 2212 1275 2432 1346; x_wconf 74' lang='grc' dir='ltr'>Πατήρσ</span> <span class='ocrx_word' id='word_1_203' title='bbox 2482 1276 2594 1338; x_wconf 75' lang='grc' dir='ltr'>καὶ,</span> <span class='ocrx_word' id='word_1_204' title='bbox 2642 1273 2850 1326; x_wconf 78' lang='grc' dir='ltr'>Πάντα</span> <span class='ocrx_word' id='word_1_205' title='bbox 2876 1271 2948 1323; x_wconf 83' lang='grc' dir='ltr'>τὰ</span> <span class='ocrx_word' id='word_1_206' title='bbox 2980 1269 3091 1338; x_wconf 84' lang='grc' dir='ltr'><strong>ἐμὰ</strong></span> <span class='ocrx_word' id='word_1_207' title='bbox 3125 1266 3208 1320; x_wconf 80' lang='grc' dir='ltr'><strong>σά</strong></span> <span class='ocrx_word' id='word_1_208' title='bbox 3237 1265 3388 1326; x_wconf 85' lang='grc' dir='ltr'>ἐστι,</span> <span class='ocrx_word' id='word_1_209' title='bbox 3413 1261 3509 1314; x_wconf 77' lang='grc' dir='ltr'>καὶ</span> <span class='ocrx_word' id='word_1_210' title='bbox 3546 1259 3613 1312; x_wconf 78' lang='grc' dir='ltr'>τὰ</span> 
     </span>
    </p>
   </div>
   <div class='ocr_carea' id='block_1_27' title="bbox 2041 1350 3612 1435">
    <p class='ocr_par' dir='ltr' id='par_1_27' title="bbox 2041 1350 3612 1435">
     <span class='ocr_line' id='line_1_27' title="bbox 2041 1350 3612 1435; baseline -0.013 -15"><span class='ocrx_word' id='word_1_211' title='bbox 2041 1366 2123 1419; x_wconf 87' lang='grc' dir='ltr'>σὰ</span> <span class='ocrx_word' id='word_1_212' title='bbox 2166 1366 2277 1435; x_wconf 83' lang='grc' dir='ltr'><strong>ἐμά</strong></span> <span class='ocrx_word' id='word_1_213' title='bbox 2299 1383 2315 1398; x_wconf 79' lang='grc' dir='ltr'><strong>ο</strong></span> <span class='ocrx_word' id='word_1_214' title='bbox 2373 1365 2488 1431; x_wconf 71' lang='grc' dir='ltr'>καὶ,</span> <span class='ocrx_word' id='word_1_215' title='bbox 2530 1363 2899 1431; x_wconf 79' lang='grc' dir='ltr'>Δεδόξασμαι</span> <span class='ocrx_word' id='word_1_216' title='bbox 2948 1360 3018 1412; x_wconf 83' lang='grc' dir='ltr'>ἐν</span> <span class='ocrx_word' id='word_1_217' title='bbox 3066 1354 3303 1419; x_wconf 77' lang='grc' dir='ltr'>αὐτοῖς’</span> <span class='ocrx_word' id='word_1_218' title='bbox 3371 1351 3468 1405; x_wconf 68' lang='grc' dir='ltr'><strong>κα)⁸</strong></span> <span class='ocrx_word' id='word_1_219' title='bbox 3519 1350 3612 1402; x_wconf 83' lang='grc' dir='ltr'>ὅσα</span> 
     </span>
    </p>
   </div>
   <div class='ocr_carea' id='block_1_28' title="bbox 2040 1441 3612 1529">
    <p class='ocr_par' dir='ltr' id='par_1_28' title="bbox 2040 1441 3612 1529">
     <span class='ocr_line' id='line_1_28' title="bbox 2040 1441 3612 1529; baseline -0.014 -15"><span class='ocrx_word' id='word_1_220' title='bbox 2040 1459 2266 1514; x_wconf 87' lang='grc' dir='ltr'>τοιαῦτα</span> <span class='ocrx_word' id='word_1_221' title='bbox 2290 1458 2389 1529; x_wconf 81' lang='grc' dir='ltr'>τὴν</span> <span class='ocrx_word' id='word_1_222' title='bbox 2419 1457 2676 1510; x_wconf 76' lang='grc' dir='ltr'><strong>ἐπέκεινα</strong></span> <span class='ocrx_word' id='word_1_223' title='bbox 2708 1455 2888 1523; x_wconf 82' lang='grc' dir='ltr'>πάσης</span> <span class='ocrx_word' id='word_1_224' title='bbox 2917 1448 3133 1522; x_wconf 87' lang='grc' dir='ltr'>φύσεώς</span> <span class='ocrx_word' id='word_1_225' title='bbox 3158 1463 3218 1499; x_wconf 90' lang='grc' dir='ltr'><strong>τε</strong></span> <span class='ocrx_word' id='word_1_226' title='bbox 3249 1445 3342 1499; x_wconf 70' lang='grc' dir='ltr'><strong>καὶ</strong></span> <span class='ocrx_word' id='word_1_227' title='bbox 3375 1441 3612 1508; x_wconf 81' lang='grc' dir='ltr'>ἐξουσίας</span> 
     </span>
    </p>
   </div>
   <div class='ocr_carea' id='block_1_29' title="bbox 2043 1533 3612 1618">
    <p class='ocr_par' dir='ltr' id='par_1_29' title="bbox 2043 1533 3612 1618">
     <span class='ocr_line' id='line_1_29' title="bbox 2043 1533 3612 1618; baseline -0.012 -15"><span class='ocrx_word' id='word_1_228' title='bbox 2043 1549 2371 1603; x_wconf 75' lang='grc' dir='ltr'>ἐνδείκνυται</span> <span class='ocrx_word' id='word_1_229' title='bbox 2413 1547 2661 1618; x_wconf 76' lang='grc' dir='ltr'>δύναμιν.</span> <span class='ocrx_word' id='word_1_230' title='bbox 2721 1543 2970 1598; x_wconf 76' lang='grc' dir='ltr'>Ἐπειδὰν</span> <span class='ocrx_word' id='word_1_231' title='bbox 3023 1540 3081 1595; x_wconf 70' lang='grc' dir='ltr'>δὲ</span> <span class='ocrx_word' id='word_1_232' title='bbox 3107 1539 3242 1611; x_wconf 79' lang='grc' dir='ltr'>πρὸς</span> <span class='ocrx_word' id='word_1_233' title='bbox 3287 1535 3350 1589; x_wconf 81' lang='grc' dir='ltr'>τὸ</span> <span class='ocrx_word' id='word_1_234' title='bbox 3399 1533 3612 1594; x_wconf 77' lang='grc' dir='ltr'>ἀσθενὲς</span> 
     </span>
    </p>
   </div>
   <div class='ocr_carea' id='block_1_30' title="bbox 2043 1625 3613 1714">
    <p class='ocr_par' dir='ltr' id='par_1_30' title="bbox 2043 1625 3613 1714">
     <span class='ocr_line' id='line_1_30' title="bbox 2043 1625 3613 1714; baseline -0.02 -8"><span class='ocrx_word' id='word_1_235' title='bbox 2043 1641 2142 1710; x_wconf 81' lang='grc' dir='ltr'>τῆς</span> <span class='ocrx_word' id='word_1_236' title='bbox 2189 1640 2459 1714; x_wconf 82' lang='grc' dir='ltr'>ἡμετέρας</span> <span class='ocrx_word' id='word_1_237' title='bbox 2505 1639 2720 1709; x_wconf 83' lang='grc' dir='ltr'>φύσεως</span> <span class='ocrx_word' id='word_1_238' title='bbox 2765 1634 3016 1703; x_wconf 80' lang='grc' dir='ltr'>ἐπικλίνῃ</span> <span class='ocrx_word' id='word_1_239' title='bbox 3067 1631 3159 1685; x_wconf 82' lang='grc' dir='ltr'><strong>τὸν</strong></span> <span class='ocrx_word' id='word_1_240' title='bbox 3199 1628 3377 1697; x_wconf 90' lang='grc' dir='ltr'>λόγον,</span> <span class='ocrx_word' id='word_1_241' title='bbox 3439 1625 3613 1677; x_wconf 85' lang='grc' dir='ltr'>ἐκεῖνα</span> 
     </span>
    </p>
   </div>
   <div class='ocr_carea' id='block_1_31' title="bbox 2044 1715 3615 1803">
    <p class='ocr_par' dir='ltr' id='par_1_31' title="bbox 2044 1715 3615 1803">
     <span class='ocr_line' id='line_1_31' title="bbox 2044 1715 3615 1803; baseline -0.013 -16"><span class='ocrx_word' id='word_1_242' title='bbox 2044 1734 2365 1803; x_wconf 79' lang='grc' dir='ltr'>φθέγγεταιο</span> <span class='ocrx_word' id='word_1_243' title='bbox 2407 1730 2740 1800; x_wconf 78' lang='grc' dir='ltr'><strong>Περίλυπός</strong></span> <span class='ocrx_word' id='word_1_244' title='bbox 2775 1729 2944 1780; x_wconf 86' lang='grc' dir='ltr'>ἐστιν</span> <span class='ocrx_word' id='word_1_245' title='bbox 2981 1725 3020 1793; x_wconf 82' lang='grc' dir='ltr'>ή</span> <span class='ocrx_word' id='word_1_246' title='bbox 3052 1719 3223 1792; x_wconf 70' lang='grc' dir='ltr'><strong>ψυχή</strong></span> <span class='ocrx_word' id='word_1_247' title='bbox 3259 1730 3405 1789; x_wconf 83' lang='grc' dir='ltr'>μου·</span> <span class='ocrx_word' id='word_1_248' title='bbox 3433 1715 3615 1770; x_wconf 82' lang='grc' dir='ltr'>Είδυ-</span> 
     </span>
    </p>
   </div>
   <div class='ocr_carea' id='block_1_32' title="bbox 371 1805 1946 1893">
    <p class='ocr_par' dir='ltr' id='par_1_32' title="bbox 371 1805 1941 1893">
     <span class='ocr_line' id='line_1_32' title="bbox 371 1805 1941 1893; baseline 0.001 -15"><span class='ocrx_word' id='word_1_249' title='bbox 371 1834 455 1878; x_wconf 85' lang='lat' dir='ltr'><strong>est</strong></span> <span class='ocrx_word' id='word_1_250' title='bbox 486 1833 537 1877; x_wconf 88' lang='lat' dir='ltr'><strong>et</strong></span> <span class='ocrx_word' id='word_1_251' title='bbox 589 1835 835 1879; x_wconf 88' lang='lat' dir='ltr'><strong>naturam</strong></span> <span class='ocrx_word' id='word_1_252' title='bbox 892 1833 947 1880; x_wconf 84' lang='lat' dir='ltr'><strong>et</strong></span> <span class='ocrx_word' id='word_1_253' title='bbox 1000 1832 1341 1893; x_wconf 89' lang='lat' dir='ltr'><strong>potestatem.</strong></span> <span class='ocrx_word' id='word_1_254' title='bbox 1385 1823 1491 1881; x_wconf 91' lang='lat' dir='ltr'><strong>Sed</strong></span> <span class='ocrx_word' id='word_1_255' title='bbox 1518 1805 1641 1880; x_wconf 89' lang='lat' dir='ltr'><strong>cum</strong></span> <span class='ocrx_word' id='word_1_256' title='bbox 1687 1826 1753 1880; x_wconf 91' lang='lat' dir='ltr'><strong>ad</strong></span> <span class='ocrx_word' id='word_1_257' title='bbox 1787 1825 1941 1880; x_wconf 83' lang='lat' dir='ltr'><strong>inﬁr-</strong></span> 
     </span>
    </p>
   </div>
   <div class='ocr_carea' id='block_1_33' title="bbox 2051 1805 3613 1893">
    <p class='ocr_par' dir='ltr' id='par_1_33' title="bbox 2051 1805 3613 1892">
     <span class='ocr_line' id='line_1_33' title="bbox 2051 1805 3613 1892; baseline -0.015 -13"><span class='ocrx_word' id='word_1_258' title='bbox 2051 1825 2246 1888; x_wconf 64' lang='grc' dir='ltr'>κατόν,</span> <span class='ocrx_word' id='word_1_259' title='bbox 2293 1823 2630 1892; x_wconf 77' lang='grc' dir='ltr'><strong>παρελθέτω</strong></span> <span class='ocrx_word' id='word_1_260' title='bbox 2676 1821 2743 1874; x_wconf 84' lang='grc' dir='ltr'>τὸ</span> <span class='ocrx_word' id='word_1_261' title='bbox 2783 1816 3098 1886; x_wconf 79' lang='grc' dir='ltr'>ποτήριον·</span> <span class='ocrx_word' id='word_1_262' title='bbox 3159 1813 3241 1867; x_wconf 80' lang='grc' dir='ltr'><strong>Οὐ</strong></span> <span class='ocrx_word' id='word_1_263' title='bbox 3288 1809 3535 1863; x_wconf 81' lang='grc' dir='ltr'>δύναται</span> <span class='ocrx_word' id='word_1_264' title='bbox 3584 1805 3613 1856; x_wconf 89' lang='grc' dir='ltr'><strong>ό</strong></span> 
     </span>
    </p>
   </div>
   <div class='ocr_carea' id='block_1_34' title="bbox 374 1885 1946 1986">
    <p class='ocr_par' dir='ltr' id='par_1_34' title="bbox 374 1913 1938 1985">
     <span class='ocr_line' id='line_1_34' title="bbox 374 1913 1938 1985; baseline 0.004 -22"><span class='ocrx_word' id='word_1_265' title='bbox 374 1913 615 1968; x_wconf 86' lang='lat' dir='ltr'><strong>mitatem</strong></span> <span class='ocrx_word' id='word_1_266' title='bbox 665 1923 868 1970; x_wconf 52' lang='lat' dir='ltr'><strong>nostra?</strong></span> <span class='ocrx_word' id='word_1_267' title='bbox 917 1923 1125 1969; x_wconf 67' lang='lat' dir='ltr'><strong>naturae</strong></span> <span class='ocrx_word' id='word_1_268' title='bbox 1172 1929 1480 1971; x_wconf 90' lang='lat' dir='ltr'><strong>sermonem</strong></span> <span class='ocrx_word' id='word_1_269' title='bbox 1529 1916 1794 1985; x_wconf 84' lang='lat' dir='ltr'><strong>inclinat,</strong></span> <span class='ocrx_word' id='word_1_270' title='bbox 1847 1916 1938 1971; x_wconf 88' lang='lat' dir='ltr'><strong>illa</strong></span> 
     </span>
    </p>
   </div>
   <div class='ocr_carea' id='block_1_35' title="bbox 2051 1885 3615 1986">
    <p class='ocr_par' dir='ltr' id='par_1_35' title="bbox 2055 1885 3615 1986">
     <span class='ocr_line' id='line_1_35' title="bbox 2055 1885 3615 1986; baseline -0.013 -15"><span class='ocrx_word' id='word_1_271' title='bbox 2055 1918 2187 1982; x_wconf 79' lang='grc' dir='ltr'><strong>Υἱὸς</strong></span> <span class='ocrx_word' id='word_1_272' title='bbox 2225 1885 2326 1986; x_wconf 63' lang='grc' dir='ltr'><strong>ἀφ’</strong></span> <span class='ocrx_word' id='word_1_273' title='bbox 2353 1885 2571 1969; x_wconf 57' lang='grc' dir='ltr'>ἑαυτοῦ</span> <span class='ocrx_word' id='word_1_274' title='bbox 2612 1931 2667 1968; x_wconf 89' lang='grc' dir='ltr'><strong>τι</strong></span> <span class='ocrx_word' id='word_1_275' title='bbox 2710 1911 2922 1965; x_wconf 76' lang='grc' dir='ltr'>ποιεῖν·</span> <span class='ocrx_word' id='word_1_276' title='bbox 2974 1905 3266 1974; x_wconf 76' lang='grc' dir='ltr'><strong>Ἐντολὴν</strong></span> <span class='ocrx_word' id='word_1_277' title='bbox 3308 1901 3530 1956; x_wconf 72' lang='grc' dir='ltr'><strong>ἔλαϐον</strong></span> <span class='ocrx_word' id='word_1_278' title='bbox 3563 1899 3615 1951; x_wconf 78' lang='grc' dir='ltr'>τι</span> 
     </span>
    </p>
   </div>
   <div class='ocr_carea' id='block_1_36' title="bbox 373 2005 1937 2078">
    <p class='ocr_par' dir='ltr' id='par_1_36' title="bbox 373 2005 1937 2078">
     <span class='ocr_line' id='line_1_36' title="bbox 373 2005 1937 2078; baseline 0.003 -21"><span class='ocrx_word' id='word_1_279' title='bbox 373 2006 690 2075; x_wconf 79' lang='lat' dir='ltr'><strong>pronuntiat</strong></span> <span class='ocrx_word' id='word_1_280' title='bbox 716 2024 729 2059; x_wconf 90' lang='lat'><strong>:</strong></span> <span class='ocrx_word' id='word_1_281' title='bbox 760 2005 1038 2061; x_wconf 81' lang='lat' dir='ltr'><strong>Perlristis</strong></span> <span class='ocrx_word' id='word_1_282' title='bbox 1063 2015 1137 2060; x_wconf 81' lang='lat' dir='ltr'><strong>est</strong></span> <span class='ocrx_word' id='word_1_283' title='bbox 1154 2006 1334 2059; x_wconf 86' lang='lat' dir='ltr'><strong>anima</strong></span> <span class='ocrx_word' id='word_1_284' title='bbox 1359 2023 1512 2073; x_wconf 85' lang='lat' dir='ltr'><strong>mea;</strong></span> <span class='ocrx_word' id='word_1_285' title='bbox 1531 2007 1580 2062; x_wconf 87' lang='lat' dir='ltr'><strong>si</strong></span> <span class='ocrx_word' id='word_1_286' title='bbox 1602 2009 1722 2078; x_wconf 77' lang='lat' dir='ltr'><strong>ﬁeri</strong></span> <span class='ocrx_word' id='word_1_287' title='bbox 1749 2017 1937 2078; x_wconf 84' lang='lat' dir='ltr'><strong>potest,</strong></span> 
     </span>
    </p>
   </div>
   <div class='ocr_carea' id='block_1_37' title="bbox 375 2094 1941 2169">
    <p class='ocr_par' dir='ltr' id='par_1_37' title="bbox 375 2094 1941 2169">
     <span class='ocr_line' id='line_1_37' title="bbox 375 2094 1941 2169; baseline 0.003 -23"><span class='ocrx_word' id='word_1_288' title='bbox 375 2104 612 2169; x_wconf 77' lang='lat' dir='ltr'><strong>transeat</strong></span> <span class='ocrx_word' id='word_1_289' title='bbox 647 2095 790 2148; x_wconf 72' lang='lat' dir='ltr'><strong>calix</strong></span> <span class='ocrx_word' id='word_1_290' title='bbox 819 2097 917 2150; x_wconf 83' lang='lat' dir='ltr'><strong>iste</strong></span> <span class='ocrx_word' id='word_1_291' title='bbox 943 2096 984 2127; x_wconf 82' lang='lat'>&quot;</span> <span class='ocrx_word' id='word_1_292' title='bbox 1015 2094 1028 2151; x_wconf 77' lang='grc' dir='ltr'>Ξ</span> <span class='ocrx_word' id='word_1_293' title='bbox 1069 2094 1116 2149; x_wconf 85' lang='lat' dir='ltr'><em>F</em></span> <span class='ocrx_word' id='word_1_294' title='bbox 1119 2096 1242 2150; x_wconf 82' lang='lat' dir='ltr'><strong>ilius</strong></span> <span class='ocrx_word' id='word_1_295' title='bbox 1280 2111 1385 2150; x_wconf 85' lang='lat' dir='ltr'><strong>non</strong></span> <span class='ocrx_word' id='word_1_296' title='bbox 1427 2104 1596 2164; x_wconf 80' lang='lat' dir='ltr'><strong>potest</strong></span> <span class='ocrx_word' id='word_1_297' title='bbox 1636 2113 1671 2151; x_wconf 90' lang='lat' dir='ltr'><strong>a</strong></span> <span class='ocrx_word' id='word_1_298' title='bbox 1710 2113 1822 2151; x_wconf 84' lang='lat' dir='ltr'><strong>sese</strong></span> <span class='ocrx_word' id='word_1_299' title='bbox 1851 2097 1941 2166; x_wconf 84' lang='lat' dir='ltr'><strong>fa-</strong></span> 
     </span>
    </p>
   </div>
   <div class='ocr_carea' id='block_1_38' title="bbox 373 2185 1945 2258">
    <p class='ocr_par' dir='ltr' id='par_1_38' title="bbox 373 2185 1945 2258">
     <span class='ocr_line' id='line_1_38' title="bbox 373 2185 1945 2258; baseline 0.002 -18"><span class='ocrx_word' id='word_1_300' title='bbox 373 2201 487 2240; x_wconf 83' lang='lat' dir='ltr'><strong>cere</strong></span> <span class='ocrx_word' id='word_1_301' title='bbox 510 2186 797 2255; x_wconf 83' lang='lat' dir='ltr'><strong>quidquam</strong></span> <span class='ocrx_word' id='word_1_302' title='bbox 823 2188 892 2242; x_wconf 78' lang='grc' dir='ltr'><strong>³ο.</strong></span> <span class='ocrx_word' id='word_1_303' title='bbox 944 2185 1262 2242; x_wconf 80' lang='lat' dir='ltr'><strong>Mandatum</strong></span> <span class='ocrx_word' id='word_1_304' title='bbox 1301 2189 1477 2256; x_wconf 86' lang='lat' dir='ltr'><strong>accepi</strong></span> <span class='ocrx_word' id='word_1_305' title='bbox 1519 2186 1646 2258; x_wconf 84' lang='lat' dir='ltr'><strong>quid</strong></span> <span class='ocrx_word' id='word_1_306' title='bbox 1687 2186 1864 2242; x_wconf 85' lang='lat' dir='ltr'><strong>dicam</strong></span> <span class='ocrx_word' id='word_1_307' title='bbox 1893 2196 1945 2243; x_wconf 85' lang='lat' dir='ltr'><strong>et</strong></span> 
     </span>
    </p>
   </div>
   <div class='ocr_carea' id='block_1_39' title="bbox 372 2275 1944 2346">
    <p class='ocr_par' dir='ltr' id='par_1_39' title="bbox 372 2275 1944 2346">
     <span class='ocr_line' id='line_1_39' title="bbox 372 2275 1944 2346; baseline 0.004 -18"><span class='ocrx_word' id='word_1_308' title='bbox 372 2275 499 2344; x_wconf 81' lang='lat' dir='ltr'><strong>quid</strong></span> <span class='ocrx_word' id='word_1_309' title='bbox 527 2275 715 2346; x_wconf 78' lang='lat' dir='ltr'><strong>loquar</strong></span> <span class='ocrx_word' id='word_1_310' title='bbox 749 2277 816 2330; x_wconf 83' lang='lat'><strong>“.</strong></span> <span class='ocrx_word' id='word_1_311' title='bbox 872 2276 1020 2332; x_wconf 84' lang='lat' dir='ltr'><strong>Vado</strong></span> <span class='ocrx_word' id='word_1_312' title='bbox 1060 2277 1129 2330; x_wconf 87' lang='lat' dir='ltr'><strong>ad</strong></span> <span class='ocrx_word' id='word_1_313' title='bbox 1159 2277 1374 2333; x_wconf 82' lang='lat' dir='ltr'><strong>Patrem</strong></span> <span class='ocrx_word' id='word_1_314' title='bbox 1409 2294 1584 2333; x_wconf 80' lang='lat' dir='ltr'><strong>meum</strong></span> <span class='ocrx_word' id='word_1_315' title='bbox 1626 2286 1678 2333; x_wconf 85' lang='lat' dir='ltr'><strong>et</strong></span> <span class='ocrx_word' id='word_1_316' title='bbox 1725 2278 1944 2334; x_wconf 88' lang='lat' dir='ltr'><strong>Patrem</strong></span> 
     </span>
    </p>
   </div>
   <div class='ocr_carea' id='block_1_40' title="bbox 374 2368 1942 2432">
    <p class='ocr_par' dir='ltr' id='par_1_40' title="bbox 374 2368 1942 2432">
     <span class='ocr_line' id='line_1_40' title="bbox 374 2368 1942 2432; baseline 0.003 -9"><span class='ocrx_word' id='word_1_317' title='bbox 374 2379 626 2432; x_wconf 73' lang='lat' dir='ltr'><strong>oestrum,</strong></span> <span class='ocrx_word' id='word_1_318' title='bbox 654 2379 702 2423; x_wconf 86' lang='lat' dir='ltr'><strong>et</strong></span> <span class='ocrx_word' id='word_1_319' title='bbox 726 2369 794 2422; x_wconf 82' lang='lat' dir='ltr'><strong>ad</strong></span> <span class='ocrx_word' id='word_1_320' title='bbox 826 2369 987 2424; x_wconf 82' lang='lat' dir='ltr'><strong>Deum</strong></span> <span class='ocrx_word' id='word_1_321' title='bbox 1023 2385 1195 2424; x_wconf 86' lang='lat' dir='ltr'><strong>meum</strong></span> <span class='ocrx_word' id='word_1_322' title='bbox 1218 2379 1267 2424; x_wconf 86' lang='lat' dir='ltr'><strong>et</strong></span> <span class='ocrx_word' id='word_1_323' title='bbox 1306 2368 1375 2423; x_wconf 90' lang='lat' dir='ltr'><strong>ad</strong></span> <span class='ocrx_word' id='word_1_324' title='bbox 1425 2370 1593 2424; x_wconf 87' lang='lat' dir='ltr'><strong>Deum</strong></span> <span class='ocrx_word' id='word_1_325' title='bbox 1623 2379 1852 2427; x_wconf 77' lang='lat' dir='ltr'><strong>vestrum</strong></span> <span class='ocrx_word' id='word_1_326' title='bbox 1876 2376 1942 2428; x_wconf 80' lang='lat'><strong>”.</strong></span> 
     </span>
    </p>
   </div>
   <div class='ocr_carea' id='block_1_41' title="bbox 377 2458 1942 2535">
    <p class='ocr_par' dir='ltr' id='par_1_41' title="bbox 377 2458 1942 2535">
     <span class='ocr_line' id='line_1_41' title="bbox 377 2458 1942 2535; baseline 0.006 -23"><span class='ocrx_word' id='word_1_327' title='bbox 377 2458 432 2513; x_wconf 81' lang='lat' dir='ltr'><strong>In</strong></span> <span class='ocrx_word' id='word_1_328' title='bbox 461 2461 546 2516; x_wconf 92' lang='lat' dir='ltr'><strong>his</strong></span> <span class='ocrx_word' id='word_1_329' title='bbox 570 2475 707 2530; x_wconf 87' lang='lat' dir='ltr'><strong>pone</strong></span> <span class='ocrx_word' id='word_1_330' title='bbox 739 2461 904 2516; x_wconf 91' lang='lat' dir='ltr'><strong>etiam</strong></span> <span class='ocrx_word' id='word_1_331' title='bbox 936 2462 1204 2531; x_wconf 84' lang='lat' dir='ltr'><strong>lacrymas</strong></span> <span class='ocrx_word' id='word_1_332' title='bbox 1231 2477 1397 2532; x_wconf 85' lang='lat' dir='ltr'><strong>super</strong></span> <span class='ocrx_word' id='word_1_333' title='bbox 1425 2462 1632 2519; x_wconf 82' lang='lat' dir='ltr'><strong>Lazaro</strong></span> <span class='ocrx_word' id='word_1_334' title='bbox 1665 2464 1942 2535; x_wconf 83' lang='lat' dir='ltr'><strong>profusas,</strong></span> 
     </span>
    </p>
   </div>
   <div class='ocr_carea' id='block_1_42' title="bbox 368 2551 1944 2627">
    <p class='ocr_par' dir='ltr' id='par_1_42' title="bbox 368 2551 1944 2627">
     <span class='ocr_line' id='line_1_42' title="bbox 368 2551 1944 2627; baseline 0.004 -23"><span class='ocrx_word' id='word_1_335' title='bbox 368 2559 429 2604; x_wconf 89' lang='lat' dir='ltr'><strong>‘et</strong></span> <span class='ocrx_word' id='word_1_336' title='bbox 459 2551 837 2607; x_wconf 89' lang='lat' dir='ltr'><strong>lassitudinem</strong></span> <span class='ocrx_word' id='word_1_337' title='bbox 863 2567 932 2607; x_wconf 77' lang='lat' dir='ltr'><strong>ex</strong></span> <span class='ocrx_word' id='word_1_338' title='bbox 955 2553 1153 2608; x_wconf 85' lang='lat' dir='ltr'><strong>itinere</strong></span> <span class='ocrx_word' id='word_1_339' title='bbox 1199 2559 1559 2618; x_wconf 88' lang='lat' dir='ltr'><strong>contractam,</strong></span> <span class='ocrx_word' id='word_1_340' title='bbox 1613 2562 1667 2609; x_wconf 90' lang='lat' dir='ltr'><strong>et</strong></span> <span class='ocrx_word' id='word_1_341' title='bbox 1697 2556 1805 2610; x_wconf 90' lang='lat' dir='ltr'><strong>cibi</strong></span> <span class='ocrx_word' id='word_1_342' title='bbox 1849 2571 1944 2627; x_wconf 91' lang='lat' dir='ltr'><strong>ap-</strong></span> 
     </span>
    </p>
   </div>
   <div class='ocr_carea' id='block_1_43' title="bbox 377 2638 1945 2710">
    <p class='ocr_par' dir='ltr' id='par_1_43' title="bbox 377 2638 1945 2710">
     <span class='ocr_line' id='line_1_43' title="bbox 377 2638 1945 2710; baseline 0.003 -17"><span class='ocrx_word' id='word_1_343' title='bbox 377 2638 713 2707; x_wconf 79' lang='lat' dir='ltr'><strong>petitionem,</strong></span> <span class='ocrx_word' id='word_1_344' title='bbox 753 2649 808 2695; x_wconf 89' lang='lat' dir='ltr'><strong>et</strong></span> <span class='ocrx_word' id='word_1_345' title='bbox 838 2655 992 2710; x_wconf 68' lang='lat' dir='ltr'><strong>aquae</strong></span> <span class='ocrx_word' id='word_1_346' title='bbox 1018 2641 1360 2710; x_wconf 83' lang='lat' dir='ltr'><strong>petitionem,</strong></span> <span class='ocrx_word' id='word_1_347' title='bbox 1404 2650 1459 2696; x_wconf 90' lang='lat' dir='ltr'><strong>et</strong></span> <span class='ocrx_word' id='word_1_348' title='bbox 1493 2657 1717 2698; x_wconf 87' lang='lat' dir='ltr'><strong>cursum</strong></span> <span class='ocrx_word' id='word_1_349' title='bbox 1753 2644 1820 2698; x_wconf 88' lang='lat' dir='ltr'><strong>ad</strong></span> <span class='ocrx_word' id='word_1_350' title='bbox 1877 2644 1945 2698; x_wconf 81' lang='lat' dir='ltr'><strong>ﬁ-</strong></span> 
     </span>
    </p>
   </div>
   <div class='ocr_carea' id='block_1_44' title="bbox 375 2729 1944 2802">
    <p class='ocr_par' dir='ltr' id='par_1_44' title="bbox 375 2729 1944 2802">
     <span class='ocr_line' id='line_1_44' title="bbox 375 2729 1944 2802; baseline 0.006 -22"><span class='ocrx_word' id='word_1_351' title='bbox 375 2741 523 2792; x_wconf 85' lang='lat' dir='ltr'><strong>eum,</strong></span> <span class='ocrx_word' id='word_1_352' title='bbox 552 2738 609 2784; x_wconf 90' lang='lat' dir='ltr'><strong>et</strong></span> <span class='ocrx_word' id='word_1_353' title='bbox 636 2729 779 2798; x_wconf 86' lang='lat' dir='ltr'><strong>quod</strong></span> <span class='ocrx_word' id='word_1_354' title='bbox 816 2729 1082 2788; x_wconf 86' lang='lat' dir='ltr'><strong>Dominus</strong></span> <span class='ocrx_word' id='word_1_355' title='bbox 1139 2732 1426 2802; x_wconf 77' lang='lat' dir='ltr'><strong>ignorabat</strong></span> <span class='ocrx_word' id='word_1_356' title='bbox 1485 2733 1737 2789; x_wconf 85' lang='lat' dir='ltr'><strong>arborem</strong></span> <span class='ocrx_word' id='word_1_357' title='bbox 1795 2735 1944 2790; x_wconf 83' lang='lat' dir='ltr'><strong>illam</strong></span> 
     </span>
    </p>
   </div>
   <div class='ocr_carea' id='block_1_45' title="bbox 377 2817 1948 2894">
    <p class='ocr_par' dir='ltr' id='par_1_45' title="bbox 377 2817 1948 2894">
     <span class='ocr_line' id='line_1_45' title="bbox 377 2817 1948 2894; baseline 0.004 -22"><span class='ocrx_word' id='word_1_358' title='bbox 377 2817 556 2873; x_wconf 76' lang='lat' dir='ltr'><strong>fructu</strong></span> <span class='ocrx_word' id='word_1_359' title='bbox 591 2835 798 2884; x_wconf 83' lang='lat' dir='ltr'><strong>carere,</strong></span> <span class='ocrx_word' id='word_1_360' title='bbox 845 2830 899 2876; x_wconf 90' lang='lat' dir='ltr'><strong>et</strong></span> <span class='ocrx_word' id='word_1_361' title='bbox 941 2823 999 2876; x_wconf 91' lang='lat' dir='ltr'><strong>in</strong></span> <span class='ocrx_word' id='word_1_362' title='bbox 1039 2823 1258 2894; x_wconf 81' lang='lat' dir='ltr'><strong>navigio</strong></span> <span class='ocrx_word' id='word_1_363' title='bbox 1296 2839 1572 2878; x_wconf 90' lang='lat' dir='ltr'><strong>somnum.</strong></span> <span class='ocrx_word' id='word_1_364' title='bbox 1623 2823 1750 2881; x_wconf 69' lang='lat' dir='ltr'><strong>Haec</strong></span> <span class='ocrx_word' id='word_1_365' title='bbox 1801 2826 1948 2881; x_wconf 88' lang='lat' dir='ltr'><strong>enim</strong></span> 
     </span>
    </p>
   </div>
   <div class='ocr_carea' id='block_1_46' title="bbox 376 2911 1952 2988">
    <p class='ocr_par' dir='ltr' id='par_1_46' title="bbox 376 2911 1952 2988">
     <span class='ocr_line' id='line_1_46' title="bbox 376 2911 1952 2988; baseline 0.004 -23"><span class='ocrx_word' id='word_1_366' title='bbox 376 2911 560 2966; x_wconf 89' lang='lat' dir='ltr'><strong>omnia</strong></span> <span class='ocrx_word' id='word_1_367' title='bbox 593 2919 646 2966; x_wconf 89' lang='lat' dir='ltr'><strong>ct</strong></span> <span class='ocrx_word' id='word_1_368' title='bbox 699 2927 1041 2982; x_wconf 67' lang='lat' dir='ltr'><strong>quaecunque</strong></span> <span class='ocrx_word' id='word_1_369' title='bbox 1076 2921 1209 2970; x_wconf 89' lang='lat' dir='ltr'><strong>sunt</strong></span> <span class='ocrx_word' id='word_1_370' title='bbox 1257 2915 1389 2969; x_wconf 85' lang='lat' dir='ltr'><strong>talia</strong></span> <span class='ocrx_word' id='word_1_371' title='bbox 1446 2931 1556 2969; x_wconf 91' lang='lat' dir='ltr'><strong>non</strong></span> <span class='ocrx_word' id='word_1_372' title='bbox 1607 2916 1751 2985; x_wconf 88' lang='lat' dir='ltr'><strong>ejus,</strong></span> <span class='ocrx_word' id='word_1_373' title='bbox 1804 2917 1952 2988; x_wconf 89' lang='lat' dir='ltr'><strong>quod</strong></span> 
     </span>
    </p>
   </div>
   <div class='ocr_carea' id='block_1_47' title="bbox 2044 1991 3616 2073">
    <p class='ocr_par' dir='ltr' id='par_1_47' title="bbox 2044 1991 3616 2073">
     <span class='ocr_line' id='line_1_47' title="bbox 2044 1991 3616 2073; baseline -0.013 -10"><span class='ocrx_word' id='word_1_374' title='bbox 2044 2010 2209 2073; x_wconf 76' lang='grc' dir='ltr'>εῑπω,</span> <span class='ocrx_word' id='word_1_375' title='bbox 2233 2007 2331 2061; x_wconf 80' lang='grc' dir='ltr'><strong>καί</strong></span> <span class='ocrx_word' id='word_1_376' title='bbox 2354 2005 2412 2061; x_wconf 86' lang='grc' dir='ltr'>τι</span> <span class='ocrx_word' id='word_1_377' title='bbox 2436 2004 2689 2073; x_wconf 67' lang='grc' dir='ltr'>λαλήσω</span> <span class='ocrx_word' id='word_1_378' title='bbox 2705 2019 2717 2032; x_wconf 89' lang='grc'>·</span> <span class='ocrx_word' id='word_1_379' title='bbox 2749 2001 3078 2070; x_wconf 80' lang='grc' dir='ltr'>Πορεύομαι</span> <span class='ocrx_word' id='word_1_380' title='bbox 3100 1995 3248 2067; x_wconf 84' lang='grc' dir='ltr'>πρὸς</span> <span class='ocrx_word' id='word_1_381' title='bbox 3269 1995 3379 2049; x_wconf 85' lang='grc' dir='ltr'>τὸν</span> <span class='ocrx_word' id='word_1_382' title='bbox 3396 1991 3616 2057; x_wconf 84' lang='grc' dir='ltr'><strong>Πατέρα</strong></span> 
     </span>
    </p>
   </div>
   <div class='ocr_carea' id='block_1_48' title="bbox 2039 2079 3616 2168">
    <p class='ocr_par' dir='ltr' id='par_1_48' title="bbox 2039 2079 3616 2168">
     <span class='ocr_line' id='line_1_48' title="bbox 2039 2079 3616 2168; baseline -0.013 -15"><span class='ocrx_word' id='word_1_383' title='bbox 2039 2116 2158 2168; x_wconf 82' lang='grc' dir='ltr'>μου</span> <span class='ocrx_word' id='word_1_384' title='bbox 2200 2097 2300 2152; x_wconf 80' lang='grc' dir='ltr'><strong>καί</strong></span> <span class='ocrx_word' id='word_1_385' title='bbox 2337 2094 2568 2164; x_wconf 80' lang='grc' dir='ltr'><em>Πατέρα</em></span> <span class='ocrx_word' id='word_1_386' title='bbox 2604 2090 2809 2162; x_wconf 84' lang='grc' dir='ltr'>ὑμῶν,</span> <span class='ocrx_word' id='word_1_387' title='bbox 2855 2090 2954 2145; x_wconf 79' lang='grc' dir='ltr'>καὶ</span> <span class='ocrx_word' id='word_1_388' title='bbox 2995 2090 3144 2142; x_wconf 79' lang='grc' dir='ltr'>Θεόν</span> <span class='ocrx_word' id='word_1_389' title='bbox 3172 2102 3294 2156; x_wconf 85' lang='grc' dir='ltr'><strong>μου</strong></span> <span class='ocrx_word' id='word_1_390' title='bbox 3335 2082 3436 2137; x_wconf 75' lang='grc' dir='ltr'>καὶ</span> <span class='ocrx_word' id='word_1_391' title='bbox 3476 2079 3616 2135; x_wconf 79' lang='grc' dir='ltr'><strong>Θεὸν</strong></span> 
     </span>
    </p>
   </div>
   <div class='ocr_carea' id='block_1_49' title="bbox 2045 2175 3611 2260">
    <p class='ocr_par' dir='ltr' id='par_1_49' title="bbox 2045 2175 3611 2260">
     <span class='ocr_line' id='line_1_49' title="bbox 2045 2175 3611 2260; baseline -0.01 -17"><span class='ocrx_word' id='word_1_392' title='bbox 2045 2188 2232 2260; x_wconf 77' lang='grc' dir='ltr'>ὑμῶν.</span> <span class='ocrx_word' id='word_1_393' title='bbox 2271 2188 2360 2241; x_wconf 84' lang='grc' dir='ltr'>Ἐν</span> <span class='ocrx_word' id='word_1_394' title='bbox 2383 2186 2591 2250; x_wconf 80' lang='grc' dir='ltr'>τούτοις</span> <span class='ocrx_word' id='word_1_395' title='bbox 2617 2185 2756 2238; x_wconf 88' lang='grc' dir='ltr'>τίθει</span> <span class='ocrx_word' id='word_1_396' title='bbox 2780 2183 2874 2238; x_wconf 71' lang='grc' dir='ltr'>καὶ</span> <span class='ocrx_word' id='word_1_397' title='bbox 2899 2181 2961 2236; x_wconf 81' lang='grc' dir='ltr'>τὸ</span> <span class='ocrx_word' id='word_1_398' title='bbox 2985 2181 3077 2234; x_wconf 75' lang='grc' dir='ltr'>ἐπὶ</span> <span class='ocrx_word' id='word_1_399' title='bbox 3095 2179 3349 2248; x_wconf 83' lang='grc' dir='ltr'><strong>Λαζάρου</strong></span> <span class='ocrx_word' id='word_1_400' title='bbox 3371 2175 3611 2245; x_wconf 84' lang='grc' dir='ltr'>δάκρυον,</span> 
     </span>
    </p>
   </div>
   <div class='ocr_carea' id='block_1_50' title="bbox 2047 2265 3614 2348">
    <p class='ocr_par' dir='ltr' id='par_1_50' title="bbox 2047 2265 3614 2348">
     <span class='ocr_line' id='line_1_50' title="bbox 2047 2265 3614 2348; baseline -0.005 -14"><span class='ocrx_word' id='word_1_401' title='bbox 2047 2281 2140 2335; x_wconf 78' lang='grc' dir='ltr'><strong>καὶ</strong></span> <span class='ocrx_word' id='word_1_402' title='bbox 2163 2280 2255 2332; x_wconf 86' lang='grc' dir='ltr'><strong>τὸν</strong></span> <span class='ocrx_word' id='word_1_403' title='bbox 2283 2279 2348 2331; x_wconf 89' lang='grc' dir='ltr'><strong>ἐκ</strong></span> <span class='ocrx_word' id='word_1_404' title='bbox 2374 2278 2478 2348; x_wconf 84' lang='grc' dir='ltr'>τῆς</span> <span class='ocrx_word' id='word_1_405' title='bbox 2504 2275 2812 2347; x_wconf 81' lang='grc' dir='ltr'>ὁδοιπορίας</span> <span class='ocrx_word' id='word_1_406' title='bbox 2839 2275 3030 2338; x_wconf 90' lang='grc' dir='ltr'>κόπον,</span> <span class='ocrx_word' id='word_1_407' title='bbox 3062 2272 3158 2325; x_wconf 76' lang='grc' dir='ltr'><strong>καὶ</strong></span> <span class='ocrx_word' id='word_1_408' title='bbox 3184 2269 3285 2341; x_wconf 85' lang='grc' dir='ltr'><strong>τὴν</strong></span> <span class='ocrx_word' id='word_1_409' title='bbox 3306 2268 3406 2338; x_wconf 83' lang='grc' dir='ltr'>τῆς</span> <span class='ocrx_word' id='word_1_410' title='bbox 3422 2265 3614 2338; x_wconf 81' lang='grc' dir='ltr'>τροφῆς</span> 
     </span>
    </p>
   </div>
   <div class='ocr_carea' id='block_1_51' title="bbox 2046 2357 3616 2441">
    <p class='ocr_par' dir='ltr' id='par_1_51' title="bbox 2046 2357 3616 2441">
     <span class='ocr_line' id='line_1_51' title="bbox 2046 2357 3616 2441; baseline -0.01 -16"><span class='ocrx_word' id='word_1_411' title='bbox 2046 2371 2251 2441; x_wconf 74' lang='grc' dir='ltr'>ἔφεσιν,</span> <span class='ocrx_word' id='word_1_412' title='bbox 2286 2369 2382 2423; x_wconf 70' lang='grc' dir='ltr'>καὶ</span> <span class='ocrx_word' id='word_1_413' title='bbox 2407 2368 2504 2440; x_wconf 80' lang='grc' dir='ltr'>τὴν</span> <span class='ocrx_word' id='word_1_414' title='bbox 2527 2367 2620 2422; x_wconf 88' lang='grc' dir='ltr'><strong>τοῦ</strong></span> <span class='ocrx_word' id='word_1_415' title='bbox 2657 2367 2846 2430; x_wconf 90' lang='grc' dir='ltr'>ὕδατος</span> <span class='ocrx_word' id='word_1_416' title='bbox 2877 2363 3112 2434; x_wconf 69' lang='grc' dir='ltr'>αἴτησιν.</span> <span class='ocrx_word' id='word_1_417' title='bbox 3161 2361 3258 2416; x_wconf 76' lang='grc' dir='ltr'>καὶ</span> <span class='ocrx_word' id='word_1_418' title='bbox 3284 2360 3378 2414; x_wconf 82' lang='grc' dir='ltr'><strong>τὸν</strong></span> <span class='ocrx_word' id='word_1_419' title='bbox 3411 2359 3505 2411; x_wconf 71' lang='grc' dir='ltr'>ἐπὶ</span> <span class='ocrx_word' id='word_1_420' title='bbox 3525 2357 3616 2425; x_wconf 82' lang='grc' dir='ltr'>τῆς</span> 
     </span>
    </p>
   </div>
   <div class='ocr_carea' id='block_1_52' title="bbox 2049 2448 3616 2534">
    <p class='ocr_par' dir='ltr' id='par_1_52' title="bbox 2049 2448 3616 2534">
     <span class='ocr_line' id='line_1_52' title="bbox 2049 2448 3616 2534; baseline -0.01 -17"><span class='ocrx_word' id='word_1_421' title='bbox 2049 2463 2220 2533; x_wconf 81' lang='grc' dir='ltr'>συκῆς</span> <span class='ocrx_word' id='word_1_422' title='bbox 2258 2461 2477 2534; x_wconf 82' lang='grc' dir='ltr'>δρόμον,</span> <span class='ocrx_word' id='word_1_423' title='bbox 2534 2461 2628 2514; x_wconf 71' lang='grc' dir='ltr'><strong>καὶ</strong></span> <span class='ocrx_word' id='word_1_424' title='bbox 2678 2462 2777 2531; x_wconf 81' lang='grc' dir='ltr'>τῆς</span> <span class='ocrx_word' id='word_1_425' title='bbox 2824 2457 2919 2511; x_wconf 83' lang='grc' dir='ltr'><strong>τοῦ</strong></span> <span class='ocrx_word' id='word_1_426' title='bbox 2971 2453 3139 2526; x_wconf 88' lang='grc' dir='ltr'>φυτοῦ</span> <span class='ocrx_word' id='word_1_427' title='bbox 3197 2451 3478 2524; x_wconf 86' lang='grc' dir='ltr'>ἀκαρπίας</span> <span class='ocrx_word' id='word_1_428' title='bbox 3527 2448 3616 2520; x_wconf 74' lang='grc' dir='ltr'>τὴν</span> 
     </span>
    </p>
   </div>
   <div class='ocr_carea' id='block_1_53' title="bbox 2048 2538 3617 2624">
    <p class='ocr_par' dir='ltr' id='par_1_53' title="bbox 2048 2538 3617 2624">
     <span class='ocr_line' id='line_1_53' title="bbox 2048 2538 3617 2624; baseline -0.012 -12"><span class='ocrx_word' id='word_1_429' title='bbox 2048 2557 2288 2624; x_wconf 77' lang='grc' dir='ltr'>ἄγνοιαν,</span> <span class='ocrx_word' id='word_1_430' title='bbox 2318 2554 2414 2606; x_wconf 76' lang='grc' dir='ltr'>καὶ</span> <span class='ocrx_word' id='word_1_431' title='bbox 2453 2552 2542 2605; x_wconf 82' lang='grc' dir='ltr'><strong>τὸν</strong></span> <span class='ocrx_word' id='word_1_432' title='bbox 2574 2551 2668 2605; x_wconf 74' lang='grc' dir='ltr'><strong>ἐπὶ</strong></span> <span class='ocrx_word' id='word_1_433' title='bbox 2710 2549 2804 2604; x_wconf 88' lang='grc' dir='ltr'><strong>τοῦ</strong></span> <span class='ocrx_word' id='word_1_434' title='bbox 2850 2549 3032 2603; x_wconf 81' lang='grc' dir='ltr'>πλοίου</span> <span class='ocrx_word' id='word_1_435' title='bbox 3073 2546 3261 2599; x_wconf 88' lang='grc' dir='ltr'>ὕπνον.</span> <span class='ocrx_word' id='word_1_436' title='bbox 3295 2542 3482 2598; x_wconf 86' lang='grc' dir='ltr'>Ταῦτα</span> <span class='ocrx_word' id='word_1_437' title='bbox 3515 2538 3617 2612; x_wconf 78' lang='grc' dir='ltr'>γὰρ</span> 
     </span>
    </p>
   </div>
   <div class='ocr_carea' id='block_1_54' title="bbox 2048 2633 3616 2712">
    <p class='ocr_par' dir='ltr' id='par_1_54' title="bbox 2048 2633 3616 2712">
     <span class='ocr_line' id='line_1_54' title="bbox 2048 2633 3616 2712; baseline -0.01 -12"><span class='ocrx_word' id='word_1_438' title='bbox 2048 2647 2244 2709; x_wconf 82' lang='grc' dir='ltr'>πάντα,</span> <span class='ocrx_word' id='word_1_439' title='bbox 2288 2645 2383 2700; x_wconf 70' lang='grc' dir='ltr'><strong>καὶ</strong></span> <span class='ocrx_word' id='word_1_440' title='bbox 2425 2645 2526 2698; x_wconf 86' lang='grc' dir='ltr'>ὅσα</span> <span class='ocrx_word' id='word_1_441' title='bbox 2572 2641 2821 2706; x_wconf 88' lang='grc' dir='ltr'>τοιαῦτα,</span> <span class='ocrx_word' id='word_1_442' title='bbox 2872 2641 2992 2712; x_wconf 77' lang='grc' dir='ltr'>οὐχὶ</span> <span class='ocrx_word' id='word_1_443' title='bbox 3044 2637 3140 2692; x_wconf 86' lang='grc' dir='ltr'><strong>τοῦ</strong></span> <span class='ocrx_word' id='word_1_444' title='bbox 3178 2640 3236 2692; x_wconf 91' lang='grc' dir='ltr'><strong>ἐν</strong></span> <span class='ocrx_word' id='word_1_445' title='bbox 3284 2639 3430 2708; x_wconf 80' lang='grc' dir='ltr'><strong>ἀρχῇ</strong></span> <span class='ocrx_word' id='word_1_446' title='bbox 3477 2633 3616 2694; x_wconf 71' lang='grc' dir='ltr'>ὄντος</span> 
     </span>
    </p>
   </div>
   <div class='ocr_carea' id='block_1_55' title="bbox 2052 2725 3618 2807">
    <p class='ocr_par' dir='ltr' id='par_1_55' title="bbox 2052 2725 3618 2807">
     <span class='ocr_line' id='line_1_55' title="bbox 2052 2725 3618 2807; baseline -0.012 -14"><span class='ocrx_word' id='word_1_447' title='bbox 2052 2738 2228 2806; x_wconf 85' lang='grc' dir='ltr'>Λόγου</span> <span class='ocrx_word' id='word_1_448' title='bbox 2252 2735 2388 2790; x_wconf 87' lang='grc' dir='ltr'>Θεοῦ</span> <span class='ocrx_word' id='word_1_449' title='bbox 2412 2735 2510 2807; x_wconf 79' lang='grc' dir='ltr'><strong>τὴν</strong></span> <span class='ocrx_word' id='word_1_450' title='bbox 2541 2733 2717 2801; x_wconf 81' lang='grc' dir='ltr'>ἀξίαν,</span> <span class='ocrx_word' id='word_1_451' title='bbox 2746 2731 2880 2786; x_wconf 82' lang='grc' dir='ltr'>ἀλλὰ</span> <span class='ocrx_word' id='word_1_452' title='bbox 2919 2731 3012 2785; x_wconf 91' lang='grc' dir='ltr'><strong>τοῦ</strong></span> <span class='ocrx_word' id='word_1_453' title='bbox 3043 2728 3479 2788; x_wconf 85' lang='grc' dir='ltr'>ταπεινώσαντος</span> <span class='ocrx_word' id='word_1_454' title='bbox 3502 2725 3618 2777; x_wconf 79' lang='grc' dir='ltr'>ἐαυ-</span> 
     </span>
    </p>
   </div>
   <div class='ocr_carea' id='block_1_56' title="bbox 2054 2813 3618 2900">
    <p class='ocr_par' dir='ltr' id='par_1_56' title="bbox 2054 2813 3618 2900">
     <span class='ocr_line' id='line_1_56' title="bbox 2054 2813 3618 2900; baseline -0.006 -17"><span class='ocrx_word' id='word_1_455' title='bbox 2054 2830 2143 2884; x_wconf 87' lang='grc' dir='ltr'><strong>τὸν</strong></span> <span class='ocrx_word' id='word_1_456' title='bbox 2177 2831 2234 2883; x_wconf 89' lang='grc' dir='ltr'><strong>ἐν</strong></span> <span class='ocrx_word' id='word_1_457' title='bbox 2257 2832 2321 2900; x_wconf 80' lang='grc' dir='ltr'>τῇ</span> <span class='ocrx_word' id='word_1_458' title='bbox 2344 2827 2438 2882; x_wconf 88' lang='grc' dir='ltr'><strong>τοῦ</strong></span> <span class='ocrx_word' id='word_1_459' title='bbox 2477 2826 2664 2881; x_wconf 89' lang='grc' dir='ltr'>δούλου</span> <span class='ocrx_word' id='word_1_460' title='bbox 2694 2827 2876 2897; x_wconf 81' lang='grc' dir='ltr'>μορφῇ</span> <span class='ocrx_word' id='word_1_461' title='bbox 2901 2824 3001 2894; x_wconf 79' lang='grc' dir='ltr'><strong>τὴν</strong></span> <span class='ocrx_word' id='word_1_462' title='bbox 3039 2821 3174 2893; x_wconf 81' lang='grc' dir='ltr'>πρὸς</span> <span class='ocrx_word' id='word_1_463' title='bbox 3191 2819 3253 2872; x_wconf 74' lang='grc' dir='ltr'>τὸ</span> <span class='ocrx_word' id='word_1_464' title='bbox 3273 2817 3497 2879; x_wconf 77' lang='grc' dir='ltr'>ἀσθενὲς</span> <span class='ocrx_word' id='word_1_465' title='bbox 3529 2813 3618 2883; x_wconf 83' lang='grc' dir='ltr'>τῆς</span> 
     </span>
    </p>
   </div>
   <div class='ocr_carea' id='block_1_57' title="bbox 2048 2912 3279 2988">
    <p class='ocr_par' dir='ltr' id='par_1_57' title="bbox 2048 2912 3279 2988">
     <span class='ocr_line' id='line_1_57' title="bbox 2048 2912 3279 2988; baseline -0.005 -18"><span class='ocrx_word' id='word_1_466' title='bbox 2048 2917 2264 2988; x_wconf 83' lang='grc' dir='ltr'>φύσεως</span> <span class='ocrx_word' id='word_1_467' title='bbox 2293 2917 2452 2988; x_wconf 83' lang='grc' dir='ltr'>ἡμῶν</span> <span class='ocrx_word' id='word_1_468' title='bbox 2485 2915 2789 2988; x_wconf 80' lang='grc' dir='ltr'>παραδηλοῖ</span> <span class='ocrx_word' id='word_1_469' title='bbox 2809 2912 3237 2983; x_wconf 80' lang='grc' dir='ltr'>συγκατάῢασιν.</span> <span class='ocrx_word' id='word_1_470' title='bbox 3272 2942 3279 2950; x_wconf 87' lang='lat'><strong>-</strong></span> 
     </span>
    </p>
   </div>
   <div class='ocr_carea' id='block_1_58' title="bbox 377 3001 3619 3079">
    <p class='ocr_par' dir='ltr' id='par_1_58' title="bbox 377 3001 3619 3079">
     <span class='ocr_line' id='line_1_58' title="bbox 377 3001 3619 3079; baseline -0.002 -22"><span class='ocrx_word' id='word_1_471' title='bbox 377 3003 583 3057; x_wconf 83' lang='lat' dir='ltr'><strong>eratin</strong></span> <span class='ocrx_word' id='word_1_472' title='bbox 648 3003 938 3074; x_wconf 84' lang='lat' dir='ltr'><strong>principio,</strong></span> <span class='ocrx_word' id='word_1_473' title='bbox 973 3003 1140 3058; x_wconf 84' lang='lat' dir='ltr'><strong>Verbi</strong></span> <span class='ocrx_word' id='word_1_474' title='bbox 1192 3003 1311 3065; x_wconf 86' lang='lat' dir='ltr'><strong>Dei_-</strong></span> <span class='ocrx_word' id='word_1_475' title='bbox 1338 3005 1682 3074; x_wconf 77' lang='lat' dir='ltr'><strong>dignitatem,</strong></span> <span class='ocrx_word' id='word_1_476' title='bbox 1739 3007 1834 3061; x_wconf 89' lang='lat' dir='ltr'><strong>sed</strong></span> <span class='ocrx_word' id='word_1_477' title='bbox 1879 3008 1998 3077; x_wconf 91' lang='lat' dir='ltr'><strong>ejus</strong></span> <span class='ocrx_word' id='word_1_478' title='bbox 2036 3009 2131 3079; x_wconf 87' lang='lat' dir='ltr'><strong>qui</strong></span> <span class='ocrx_word' id='word_1_479' title='bbox 2193 3023 2314 3064; x_wconf 88' lang='lat' dir='ltr'><strong>sese</strong></span> <span class='ocrx_word' id='word_1_480' title='bbox 2359 3009 2414 3063; x_wconf 89' lang='lat' dir='ltr'><strong>in</strong></span> <span class='ocrx_word' id='word_1_481' title='bbox 2452 3006 2625 3061; x_wconf 83' lang='lat' dir='ltr'><strong>forma</strong></span> <span class='ocrx_word' id='word_1_482' title='bbox 2669 3007 2812 3062; x_wconf 83' lang='lat' dir='ltr'><strong>servi</strong></span> <span class='ocrx_word' id='word_1_483' title='bbox 2849 3005 3248 3068; x_wconf 89' lang='lat' dir='ltr'><strong>humiliaverat,</strong></span> <span class='ocrx_word' id='word_1_484' title='bbox 3312 3001 3379 3058; x_wconf 90' lang='lat' dir='ltr'><strong>ad</strong></span> <span class='ocrx_word' id='word_1_485' title='bbox 3427 3009 3619 3056; x_wconf 76' lang='lat' dir='ltr'><strong>natura:</strong></span> 
     </span>
    </p>
   </div>
   <div class='ocr_carea' id='block_1_59' title="bbox 375 3095 2573 3173">
    <p class='ocr_par' dir='ltr' id='par_1_59' title="bbox 375 3095 2573 3173">
     <span class='ocr_line' id='line_1_59' title="bbox 375 3095 2573 3173; baseline 0.002 -22"><span class='ocrx_word' id='word_1_486' title='bbox 375 3105 580 3152; x_wconf 79' lang='lat' dir='ltr'><strong>nostra:</strong></span> <span class='ocrx_word' id='word_1_487' title='bbox 604 3095 1030 3150; x_wconf 85' lang='lat' dir='ltr'><strong>imbecillitatem</strong></span> <span class='ocrx_word' id='word_1_488' title='bbox 1063 3096 1342 3150; x_wconf 89' lang='lat' dir='ltr'><strong>declarant</strong></span> <span class='ocrx_word' id='word_1_489' title='bbox 1377 3099 1934 3155; x_wconf 89' lang='lat' dir='ltr'><strong>accommodationem</strong></span> <span class='ocrx_word' id='word_1_490' title='bbox 1973 3107 2137 3173; x_wconf 88' lang='lat' dir='ltr'><strong>atque</strong></span> <span class='ocrx_word' id='word_1_491' title='bbox 2167 3103 2573 3157; x_wconf 90' lang='lat' dir='ltr'><strong>demissionem.</strong></span> 
     </span>
    </p>
   </div>
   <div class='ocr_carea' id='block_1_60' title="bbox 449 3187 1946 3267">
    <p class='ocr_par' dir='ltr' id='par_1_60' title="bbox 449 3187 1946 3260">
     <span class='ocr_line' id='line_1_60' title="bbox 449 3187 1946 3260; baseline 0.003 -18"><span class='ocrx_word' id='word_1_492' title='bbox 449 3188 660 3242; x_wconf 85' lang='lat' dir='ltr'><strong>Dictum</strong></span> <span class='ocrx_word' id='word_1_493' title='bbox 699 3199 781 3242; x_wconf 88' lang='lat' dir='ltr'><strong>est</strong></span> <span class='ocrx_word' id='word_1_494' title='bbox 813 3188 1016 3258; x_wconf 77' lang='lat' dir='ltr'><strong>igitur:</strong></span> <span class='ocrx_word' id='word_1_495' title='bbox 1054 3187 1158 3254; x_wconf 84' lang='lat' dir='ltr'><strong>Qui</strong></span> <span class='ocrx_word' id='word_1_496' title='bbox 1180 3190 1326 3243; x_wconf 84' lang='lat' dir='ltr'><strong>misit</strong></span> <span class='ocrx_word' id='word_1_497' title='bbox 1359 3207 1459 3256; x_wconf 87' lang='lat' dir='ltr'><strong>me,</strong></span> <span class='ocrx_word' id='word_1_498' title='bbox 1488 3191 1661 3260; x_wconf 86' lang='lat' dir='ltr'><strong>major</strong></span> <span class='ocrx_word' id='word_1_499' title='bbox 1683 3208 1764 3246; x_wconf 87' lang='lat' dir='ltr'><strong>me</strong></span> <span class='ocrx_word' id='word_1_500' title='bbox 1788 3193 1946 3247; x_wconf 75' lang='lat' dir='ltr'><strong>est&quot;.</strong></span> 
     </span>
    </p>
   </div>
   <div class='ocr_carea' id='block_1_61' title="bbox 2051 3187 3618 3267">
    <p class='ocr_par' dir='ltr' id='par_1_61' title="bbox 2125 3187 3618 3267">
     <span class='ocr_line' id='line_1_61' title="bbox 2125 3187 3618 3267; baseline -0.005 -19"><span class='ocrx_word' id='word_1_501' title='bbox 2125 3195 2352 3267; x_wconf 75' lang='grc' dir='ltr'>Εἴρηται</span> <span class='ocrx_word' id='word_1_502' title='bbox 2391 3197 2591 3261; x_wconf 83' lang='grc' dir='ltr'>τοίνυν,</span> <span class='ocrx_word' id='word_1_503' title='bbox 2629 3195 2712 3247; x_wconf 87' lang='grc' dir='ltr'>ὃτι</span> <span class='ocrx_word' id='word_1_504' title='bbox 2763 3192 2814 3245; x_wconf 88' lang='grc' dir='ltr'>Ὀ</span> <span class='ocrx_word' id='word_1_505' title='bbox 2855 3191 3098 3261; x_wconf 67' lang='grc' dir='ltr'>πέμψας</span> <span class='ocrx_word' id='word_1_506' title='bbox 3137 3205 3243 3259; x_wconf 82' lang='grc' dir='ltr'>με,</span> <span class='ocrx_word' id='word_1_507' title='bbox 3272 3187 3490 3258; x_wconf 77' lang='grc' dir='ltr'>μείζων</span> <span class='ocrx_word' id='word_1_508' title='bbox 3513 3202 3618 3256; x_wconf 85' lang='grc' dir='ltr'><strong>μου</strong></span> 
     </span>
    </p>
   </div>
   <div class='ocr_carea' id='block_1_62' title="bbox 379 3279 1954 3351">
    <p class='ocr_par' dir='ltr' id='par_1_62' title="bbox 379 3279 1954 3351">
     <span class='ocr_line' id='line_1_62' title="bbox 379 3279 1954 3351; baseline 0.003 -17"><span class='ocrx_word' id='word_1_509' title='bbox 379 3279 548 3351; x_wconf 74' lang='lat' dir='ltr'><strong>igitur</strong></span> <span class='ocrx_word' id='word_1_510' title='bbox 577 3279 864 3335; x_wconf 82' lang='lat' dir='ltr'><strong>videamus</strong></span> <span class='ocrx_word' id='word_1_511' title='bbox 904 3294 934 3333; x_wconf 89' lang='lat' dir='ltr'><strong>a</strong></span> <span class='ocrx_word' id='word_1_512' title='bbox 957 3295 1066 3350; x_wconf 91' lang='lat' dir='ltr'><strong>quo</strong></span> <span class='ocrx_word' id='word_1_513' title='bbox 1098 3280 1214 3335; x_wconf 73' lang='lat' dir='ltr'><strong>haec</strong></span> <span class='ocrx_word' id='word_1_514' title='bbox 1242 3282 1419 3336; x_wconf 88' lang='lat' dir='ltr'><strong>oratio</strong></span> <span class='ocrx_word' id='word_1_515' title='bbox 1441 3281 1776 3351; x_wconf 78' lang='lat' dir='ltr'><strong>proferatur.</strong></span> <span class='ocrx_word' id='word_1_516' title='bbox 1803 3283 1954 3349; x_wconf 86' lang='lat' dir='ltr'><strong>Quo-</strong></span> 
     </span>
    </p>
   </div>
   <div class='ocr_carea' id='block_1_63' title="bbox 379 3371 1953 3443">
    <p class='ocr_par' dir='ltr' id='par_1_63' title="bbox 379 3371 1953 3443">
     <span class='ocr_line' id='line_1_63' title="bbox 379 3371 1953 3443; baseline 0.002 -16"><span class='ocrx_word' id='word_1_517' title='bbox 379 3373 544 3428; x_wconf 81' lang='lat' dir='ltr'><strong>modo</strong></span> <span class='ocrx_word' id='word_1_518' title='bbox 573 3373 778 3428; x_wconf 90' lang='lat' dir='ltr'><strong>missus</strong></span> <span class='ocrx_word' id='word_1_519' title='bbox 801 3372 930 3428; x_wconf 83' lang='lat' dir='ltr'><strong>est?</strong></span> <span class='ocrx_word' id='word_1_520' title='bbox 958 3373 1055 3426; x_wconf 82' lang='lat' dir='ltr'><strong>An&#39;</strong></span> <span class='ocrx_word' id='word_1_521' title='bbox 1078 3371 1250 3427; x_wconf 85' lang='lat' dir='ltr'><strong>forma</strong></span> <span class='ocrx_word' id='word_1_522' title='bbox 1278 3371 1371 3428; x_wconf 91' lang='lat' dir='ltr'><strong>Dei</strong></span> <span class='ocrx_word' id='word_1_523' title='bbox 1403 3373 1690 3443; x_wconf 67' lang='lat' dir='ltr'><strong>praeditus,</strong></span> <span class='ocrx_word' id='word_1_524' title='bbox 1721 3389 1790 3428; x_wconf 89' lang='lat' dir='ltr'><strong>an</strong></span> <span class='ocrx_word' id='word_1_525' title='bbox 1839 3374 1953 3430; x_wconf 81' lang='lat' dir='ltr'><strong>for-</strong></span> 
     </span>
    </p>
   </div>
   <div class='ocr_carea' id='block_1_64' title="bbox 379 3463 1954 3535">
    <p class='ocr_par' dir='ltr' id='par_1_64' title="bbox 379 3463 1954 3535">
     <span class='ocr_line' id='line_1_64' title="bbox 379 3463 1954 3535; baseline 0.003 -19"><span class='ocrx_word' id='word_1_526' title='bbox 379 3478 466 3516; x_wconf 88' lang='lat' dir='ltr'><strong>ma</strong></span> <span class='ocrx_word' id='word_1_527' title='bbox 523 3464 667 3518; x_wconf 88' lang='lat' dir='ltr'><strong>servi</strong></span> <span class='ocrx_word' id='word_1_528' title='bbox 717 3463 986 3534; x_wconf 84' lang='lat' dir='ltr'><strong>accepta?</strong></span> <span class='ocrx_word' id='word_1_529' title='bbox 1036 3463 1092 3517; x_wconf 90' lang='lat' dir='ltr'><strong>In</strong></span> <span class='ocrx_word' id='word_1_530' title='bbox 1147 3465 1306 3535; x_wconf 90' lang='lat' dir='ltr'><strong>plena</strong></span> <span class='ocrx_word' id='word_1_531' title='bbox 1354 3466 1556 3521; x_wconf 87' lang='lat' dir='ltr'><strong>deitate</strong></span> <span class='ocrx_word' id='word_1_532' title='bbox 1602 3481 1850 3532; x_wconf 87' lang='lat' dir='ltr'><strong>manens,</strong></span> <span class='ocrx_word' id='word_1_533' title='bbox 1883 3481 1954 3521; x_wconf 85' lang='lat' dir='ltr'><strong>an</strong></span> 
     </span>
    </p>
   </div>
   <div class='ocr_carea' id='block_1_65' title="bbox 379 3555 1955 3624">
    <p class='ocr_par' dir='ltr' id='par_1_65' title="bbox 379 3555 1955 3624">
     <span class='ocr_line' id='line_1_65' title="bbox 379 3555 1955 3624; baseline 0.002 -16"><span class='ocrx_word' id='word_1_534' title='bbox 379 3569 501 3608; x_wconf 90' lang='lat' dir='ltr'><strong>cum</strong></span> <span class='ocrx_word' id='word_1_535' title='bbox 530 3555 768 3624; x_wconf 84' lang='lat' dir='ltr'><strong>seipsunt</strong></span> <span class='ocrx_word' id='word_1_536' title='bbox 805 3556 860 3608; x_wconf 90' lang='lat' dir='ltr'><strong>in</strong></span> <span class='ocrx_word' id='word_1_537' title='bbox 893 3555 1067 3610; x_wconf 82' lang='lat' dir='ltr'><strong>forma</strong></span> <span class='ocrx_word' id='word_1_538' title='bbox 1099 3557 1288 3611; x_wconf 83' lang='lat' dir='ltr'><strong>servili</strong></span> <span class='ocrx_word' id='word_1_539' title='bbox 1316 3557 1752 3614; x_wconf 81' lang='lat' dir='ltr'><strong>exinanivisset?</strong></span> <span class='ocrx_word' id='word_1_540' title='bbox 1792 3558 1955 3614; x_wconf 86' lang='lat' dir='ltr'><strong>Peni-</strong></span> 
     </span>
    </p>
   </div>
   <div class='ocr_carea' id='block_1_66' title="bbox 378 3647 1957 3721">
    <p class='ocr_par' dir='ltr' id='par_1_66' title="bbox 378 3647 1957 3721">
     <span class='ocr_line' id='line_1_66' title="bbox 378 3647 1957 3721; baseline 0.006 -24"><span class='ocrx_word' id='word_1_541' title='bbox 378 3654 469 3699; x_wconf 89' lang='lat' dir='ltr'><strong>tus</strong></span> <span class='ocrx_word' id='word_1_542' title='bbox 503 3647 650 3699; x_wconf 92' lang='lat' dir='ltr'><strong>enim</strong></span> <span class='ocrx_word' id='word_1_543' title='bbox 693 3647 1045 3715; x_wconf 89' lang='lat' dir='ltr'><strong>perspicuum</strong></span> <span class='ocrx_word' id='word_1_544' title='bbox 1092 3663 1216 3703; x_wconf 90' lang='lat' dir='ltr'><strong>esse</strong></span> <span class='ocrx_word' id='word_1_545' title='bbox 1264 3649 1518 3714; x_wconf 86' lang='lat' dir='ltr'><strong>arbitror,</strong></span> <span class='ocrx_word' id='word_1_546' title='bbox 1555 3650 1796 3705; x_wconf 86' lang='lat' dir='ltr'><strong>divinam</strong></span> <span class='ocrx_word' id='word_1_547' title='bbox 1855 3666 1957 3721; x_wconf 89' lang='lat' dir='ltr'><strong>po-</strong></span> 
     </span>
    </p>
   </div>
   <div class='ocr_carea' id='block_1_67' title="bbox 379 3736 1956 3812">
    <p class='ocr_par' dir='ltr' id='par_1_67' title="bbox 379 3736 1956 3812">
     <span class='ocr_line' id='line_1_67' title="bbox 379 3736 1956 3812; baseline 0.005 -23"><span class='ocrx_word' id='word_1_548' title='bbox 379 3736 607 3789; x_wconf 76' lang='lat' dir='ltr'><strong>tentiam</strong></span> <span class='ocrx_word' id='word_1_549' title='bbox 661 3745 826 3806; x_wconf 83' lang='lat' dir='ltr'><strong>atque</strong></span> <span class='ocrx_word' id='word_1_550' title='bbox 874 3749 1150 3802; x_wconf 89' lang='lat' dir='ltr'><strong>naturam,</strong></span> <span class='ocrx_word' id='word_1_551' title='bbox 1199 3754 1323 3794; x_wconf 90' lang='lat' dir='ltr'><strong>cum</strong></span> <span class='ocrx_word' id='word_1_552' title='bbox 1357 3741 1560 3810; x_wconf 86' lang='lat' dir='ltr'><strong>ubique</strong></span> <span class='ocrx_word' id='word_1_553' title='bbox 1614 3742 1687 3797; x_wconf 92' lang='lat' dir='ltr'><strong>sit</strong></span> <span class='ocrx_word' id='word_1_554' title='bbox 1739 3755 1804 3797; x_wconf 88' lang='lat' dir='ltr'><strong>ac</strong></span> <span class='ocrx_word' id='word_1_555' title='bbox 1860 3758 1956 3812; x_wconf 88' lang='lat' dir='ltr'><strong>per</strong></span> 
     </span>
    </p>
   </div>
   <div class='ocr_carea' id='block_1_68' title="bbox 378 3826 1954 3898">
    <p class='ocr_par' dir='ltr' id='par_1_68' title="bbox 378 3826 1954 3898">
     <span class='ocr_line' id='line_1_68' title="bbox 378 3826 1954 3898; baseline 0.006 -19"><span class='ocrx_word' id='word_1_556' title='bbox 378 3826 564 3879; x_wconf 90' lang='lat' dir='ltr'><strong>omnia</strong></span> <span class='ocrx_word' id='word_1_557' title='bbox 615 3827 886 3893; x_wconf 85' lang='lat' dir='ltr'><strong>pertineat</strong></span> <span class='ocrx_word' id='word_1_558' title='bbox 919 3835 1083 3896; x_wconf 87' lang='lat' dir='ltr'><strong>atque</strong></span> <span class='ocrx_word' id='word_1_559' title='bbox 1133 3830 1415 3898; x_wconf 85' lang='lat' dir='ltr'><strong>pervadat,</strong></span> <span class='ocrx_word' id='word_1_560' title='bbox 1436 3840 1492 3885; x_wconf 91' lang='lat' dir='ltr'><strong>et</strong></span> <span class='ocrx_word' id='word_1_561' title='bbox 1520 3845 1608 3886; x_wconf 87' lang='lat' dir='ltr'><strong>res</strong></span> <span class='ocrx_word' id='word_1_562' title='bbox 1663 3833 1954 3888; x_wconf 87' lang='lat' dir='ltr'><strong>universas</strong></span> 
     </span>
    </p>
   </div>
   <div class='ocr_carea' id='block_1_69' title="bbox 380 3915 1956 3986">
    <p class='ocr_par' dir='ltr' id='par_1_69' title="bbox 380 3915 1956 3986">
     <span class='ocr_line' id='line_1_69' title="bbox 380 3915 1956 3986; baseline 0.008 -19"><span class='ocrx_word' id='word_1_563' title='bbox 380 3915 630 3983; x_wconf 82' lang='lat' dir='ltr'><strong>amplexa</strong></span> <span class='ocrx_word' id='word_1_564' title='bbox 665 3917 754 3976; x_wconf 88' lang='lat' dir='ltr'><strong>sit.</strong></span> <span class='ocrx_word' id='word_1_565' title='bbox 790 3916 933 3970; x_wconf 89' lang='lat' dir='ltr'><strong>mitti</strong></span> <span class='ocrx_word' id='word_1_566' title='bbox 964 3916 1110 3972; x_wconf 88' lang='lat' dir='ltr'><strong>haud</strong></span> <span class='ocrx_word' id='word_1_567' title='bbox 1139 3927 1286 3974; x_wconf 86' lang='lat' dir='ltr'><strong>recte</strong></span> <span class='ocrx_word' id='word_1_568' title='bbox 1311 3919 1422 3975; x_wconf 90' lang='lat' dir='ltr'><strong>dici</strong></span> <span class='ocrx_word' id='word_1_569' title='bbox 1448 3939 1463 3986; x_wconf 90' lang='lat'><strong>;</strong></span> <span class='ocrx_word' id='word_1_570' title='bbox 1486 3937 1599 3975; x_wconf 91' lang='lat' dir='ltr'><strong>non</strong></span> <span class='ocrx_word' id='word_1_571' title='bbox 1626 3924 1772 3977; x_wconf 91' lang='lat' dir='ltr'><strong>enim</strong></span> <span class='ocrx_word' id='word_1_572' title='bbox 1800 3932 1956 3980; x_wconf 78' lang='lat' dir='ltr'><strong>extra</strong></span> 
     </span>
    </p>
   </div>
   <div class='ocr_carea' id='block_1_70' title="bbox 379 4005 1956 4084">
    <p class='ocr_par' dir='ltr' id='par_1_70' title="bbox 379 4005 1956 4084">
     <span class='ocr_line' id='line_1_70' title="bbox 379 4005 1956 4084; baseline 0.008 -25"><span class='ocrx_word' id='word_1_573' title='bbox 379 4019 500 4059; x_wconf 87' lang='lat' dir='ltr'><strong>eam</strong></span> <span class='ocrx_word' id='word_1_574' title='bbox 534 4005 738 4074; x_wconf 84' lang='lat' dir='ltr'><strong>aliquid</strong></span> <span class='ocrx_word' id='word_1_575' title='bbox 770 4021 1005 4062; x_wconf 84' lang='lat' dir='ltr'><strong>vacuum</strong></span> <span class='ocrx_word' id='word_1_576' title='bbox 1039 4015 1095 4062; x_wconf 91' lang='lat' dir='ltr'><strong>et</strong></span> <span class='ocrx_word' id='word_1_577' title='bbox 1126 4007 1291 4064; x_wconf 85' lang='lat' dir='ltr'><strong>inane</strong></span> <span class='ocrx_word' id='word_1_578' title='bbox 1322 4018 1426 4074; x_wconf 89' lang='lat' dir='ltr'><strong>est,</strong></span> <span class='ocrx_word' id='word_1_579' title='bbox 1463 4027 1594 4080; x_wconf 93' lang='lat' dir='ltr'><strong>quo,</strong></span> <span class='ocrx_word' id='word_1_580' title='bbox 1627 4027 1752 4068; x_wconf 90' lang='lat' dir='ltr'><strong>cum</strong></span> <span class='ocrx_word' id='word_1_581' title='bbox 1801 4017 1956 4084; x_wconf 90' lang='lat' dir='ltr'><strong>prius</strong></span> 
     </span>
    </p>
   </div>
   <div class='ocr_carea' id='block_1_71' title="bbox 379 4096 1952 4168">
    <p class='ocr_par' dir='ltr' id='par_1_71' title="bbox 379 4096 1952 4168">
     <span class='ocr_line' id='line_1_71' title="bbox 379 4096 1952 4168; baseline 0.006 -18"><span class='ocrx_word' id='word_1_582' title='bbox 379 4096 456 4151; x_wconf 87' lang='lat' dir='ltr'><strong>ibi</strong></span> <span class='ocrx_word' id='word_1_583' title='bbox 483 4111 594 4150; x_wconf 83' lang='lat' dir='ltr'><strong>non</strong></span> <span class='ocrx_word' id='word_1_584' title='bbox 621 4106 790 4164; x_wconf 86' lang='lat' dir='ltr'><strong>esset,</strong></span> <span class='ocrx_word' id='word_1_585' title='bbox 840 4105 1031 4168; x_wconf 88' lang='lat' dir='ltr'><strong>postea</strong></span> <span class='ocrx_word' id='word_1_586' title='bbox 1065 4113 1230 4168; x_wconf 87' lang='lat' dir='ltr'><strong>quam</strong></span> <span class='ocrx_word' id='word_1_587' title='bbox 1266 4101 1433 4155; x_wconf 89' lang='lat' dir='ltr'><strong>missa</strong></span> <span class='ocrx_word' id='word_1_588' title='bbox 1487 4100 1654 4156; x_wconf 81' lang='lat' dir='ltr'><strong>fuerit</strong></span> <span class='ocrx_word' id='word_1_589' title='bbox 1687 4104 1952 4159; x_wconf 87' lang='lat' dir='ltr'><strong>accedat:</strong></span> 
     </span>
    </p>
   </div>
   <div class='ocr_carea' id='block_1_72' title="bbox 381 4188 1958 4251">
    <p class='ocr_par' dir='ltr' id='par_1_72' title="bbox 381 4188 1958 4251">
     <span class='ocr_line' id='line_1_72' title="bbox 381 4188 1958 4251; baseline 0.003 -5"><span class='ocrx_word' id='word_1_590' title='bbox 381 4188 475 4246; x_wconf 90' lang='lat' dir='ltr'><strong>sed</strong></span> <span class='ocrx_word' id='word_1_591' title='bbox 504 4204 630 4245; x_wconf 90' lang='lat' dir='ltr'><strong>cum</strong></span> <span class='ocrx_word' id='word_1_592' title='bbox 664 4190 1072 4246; x_wconf 81' lang='lat' dir='ltr'><strong>conservatrice</strong></span> <span class='ocrx_word' id='word_1_593' title='bbox 1113 4191 1168 4246; x_wconf 87' lang='lat' dir='ltr'><strong>vi</strong></span> <span class='ocrx_word' id='word_1_594' title='bbox 1200 4207 1300 4247; x_wconf 86' lang='lat' dir='ltr'><strong>sua</strong></span> <span class='ocrx_word' id='word_1_595' title='bbox 1347 4207 1438 4248; x_wconf 89' lang='lat' dir='ltr'><strong>res</strong></span> <span class='ocrx_word' id='word_1_596' title='bbox 1477 4193 1765 4251; x_wconf 81' lang='lat' dir='ltr'><strong>universas</strong></span> <span class='ocrx_word' id='word_1_597' title='bbox 1800 4211 1958 4251; x_wconf 83' lang='lat' dir='ltr'><strong>coer-</strong></span> 
     </span>
    </p>
   </div>
   <div class='ocr_carea' id='block_1_73' title="bbox 380 4283 1955 4356">
    <p class='ocr_par' dir='ltr' id='par_1_73' title="bbox 380 4283 1955 4356">
     <span class='ocr_line' id='line_1_73' title="bbox 380 4283 1955 4356; baseline 0.002 -18"><span class='ocrx_word' id='word_1_598' title='bbox 380 4290 503 4338; x_wconf 80' lang='lat' dir='ltr'><strong>ceat</strong></span> <span class='ocrx_word' id='word_1_599' title='bbox 527 4291 692 4353; x_wconf 86' lang='lat' dir='ltr'><strong>atque</strong></span> <span class='ocrx_word' id='word_1_600' title='bbox 720 4283 1024 4347; x_wconf 85' lang='lat' dir='ltr'><strong>contineat,</strong></span> <span class='ocrx_word' id='word_1_601' title='bbox 1056 4298 1170 4356; x_wconf 86' lang='lat' dir='ltr'><strong>non</strong></span> <span class='ocrx_word' id='word_1_602' title='bbox 1201 4283 1366 4339; x_wconf 85' lang='lat' dir='ltr'><strong>habet</strong></span> <span class='ocrx_word' id='word_1_603' title='bbox 1397 4300 1508 4356; x_wconf 90' lang='lat' dir='ltr'><strong>quo</strong></span> <span class='ocrx_word' id='word_1_604' title='bbox 1531 4293 1798 4354; x_wconf 85' lang='lat' dir='ltr'><strong>transeat,</strong></span> <span class='ocrx_word' id='word_1_605' title='bbox 1827 4302 1955 4342; x_wconf 89' lang='lat' dir='ltr'><strong>cum</strong></span> 
     </span>
    </p>
   </div>
   <div class='ocr_carea' id='block_1_74' title="bbox 382 4376 1558 4448">
    <p class='ocr_par' dir='ltr' id='par_1_74' title="bbox 382 4376 1558 4448">
     <span class='ocr_line' id='line_1_74' title="bbox 382 4376 1558 4448; baseline 0 -16"><span class='ocrx_word' id='word_1_606' title='bbox 382 4376 498 4446; x_wconf 83' lang='lat' dir='ltr'><strong>ipsa</strong></span> <span class='ocrx_word' id='word_1_607' title='bbox 526 4377 598 4431; x_wconf 89' lang='lat' dir='ltr'><strong>sit</strong></span> <span class='ocrx_word' id='word_1_608' title='bbox 623 4391 807 4432; x_wconf 89' lang='lat' dir='ltr'><strong>rerum</strong></span> <span class='ocrx_word' id='word_1_609' title='bbox 841 4378 1222 4434; x_wconf 84' lang='lat' dir='ltr'><strong>universitatis</strong></span> <span class='ocrx_word' id='word_1_610' title='bbox 1254 4378 1558 4448; x_wconf 87' lang='lat' dir='ltr'><strong>plenitudo.</strong></span> 
     </span>
    </p>
   </div>
   <div class='ocr_carea' id='block_1_75' title="bbox 454 4466 1954 4535">
    <p class='ocr_par' dir='ltr' id='par_1_75' title="bbox 454 4466 1954 4535">
     <span class='ocr_line' id='line_1_75' title="bbox 454 4466 1954 4535; baseline 0.004 -17"><span class='ocrx_word' id='word_1_611' title='bbox 454 4466 764 4522; x_wconf 82' lang='lat' dir='ltr'><strong>Descensus</strong></span> <span class='ocrx_word' id='word_1_612' title='bbox 785 4467 952 4535; x_wconf 73' lang='lat' dir='ltr'><strong>igitur</strong></span> <span class='ocrx_word' id='word_1_613' title='bbox 969 4466 1092 4522; x_wconf 84' lang='lat' dir='ltr'><strong>Filii</strong></span> <span class='ocrx_word' id='word_1_614' title='bbox 1121 4466 1212 4522; x_wconf 87' lang='lat' dir='ltr'><strong>Dei</strong></span> <span class='ocrx_word' id='word_1_615' title='bbox 1242 4469 1308 4524; x_wconf 86' lang='lat' dir='ltr'><strong>ad</strong></span> <span class='ocrx_word' id='word_1_616' title='bbox 1327 4477 1568 4525; x_wconf 88' lang='lat' dir='ltr'><strong>nostram</strong></span> <span class='ocrx_word' id='word_1_617' title='bbox 1591 4470 1954 4526; x_wconf 80' lang='lat' dir='ltr'><strong>humilitatem</strong></span> 
     </span>
    </p>
   </div>
   <div class='ocr_carea' id='block_1_76' title="bbox 2053 3275 3617 3352">
    <p class='ocr_par' dir='ltr' id='par_1_76' title="bbox 2053 3275 3617 3352">
     <span class='ocr_line' id='line_1_76' title="bbox 2053 3275 3617 3352; baseline -0.004 -17"><span class='ocrx_word' id='word_1_618' title='bbox 2053 3282 2248 3339; x_wconf 78' lang='grc' dir='ltr'>ἐστίν.</span> <span class='ocrx_word' id='word_1_619' title='bbox 2311 3283 2521 3337; x_wconf 81' lang='grc' dir='ltr'>Οὐκοῦν</span> <span class='ocrx_word' id='word_1_620' title='bbox 2575 3283 2934 3352; x_wconf 84' lang='grc' dir='ltr'>σκοπήσωμεν</span> <span class='ocrx_word' id='word_1_621' title='bbox 2986 3277 3139 3349; x_wconf 82' lang='grc' dir='ltr'>παρὰ</span> <span class='ocrx_word' id='word_1_622' title='bbox 3179 3278 3334 3340; x_wconf 81' lang='grc' dir='ltr'>τίνος</span> <span class='ocrx_word' id='word_1_623' title='bbox 3384 3278 3412 3330; x_wconf 84' lang='grc' dir='ltr'>ὁ</span> <span class='ocrx_word' id='word_1_624' title='bbox 3455 3275 3617 3344; x_wconf 84' lang='grc' dir='ltr'>λόγος.</span> 
     </span>
    </p>
   </div>
   <div class='ocr_carea' id='block_1_77' title="bbox 2055 3366 3618 3445">
    <p class='ocr_par' dir='ltr' id='par_1_77' title="bbox 2055 3366 3618 3445">
     <span class='ocr_line' id='line_1_77' title="bbox 2055 3366 3618 3445; baseline -0.008 -16"><span class='ocrx_word' id='word_1_625' title='bbox 2055 3375 2177 3438; x_wconf 82' lang='grc' dir='ltr'><strong>Πῶς</strong></span> <span class='ocrx_word' id='word_1_626' title='bbox 2204 3374 2494 3445; x_wconf 83' lang='grc' dir='ltr'>ἐπέμφοη;</span> <span class='ocrx_word' id='word_1_627' title='bbox 2541 3375 2628 3427; x_wconf 88' lang='grc' dir='ltr'>Ἐν</span> <span class='ocrx_word' id='word_1_628' title='bbox 2657 3374 2836 3443; x_wconf 82' lang='grc' dir='ltr'>μορφῇ</span> <span class='ocrx_word' id='word_1_629' title='bbox 2881 3370 3014 3423; x_wconf 85' lang='grc' dir='ltr'><strong>Θεοῦ</strong></span> <span class='ocrx_word' id='word_1_630' title='bbox 3041 3369 3328 3439; x_wconf 83' lang='grc' dir='ltr'><strong>ὑπάρχων,</strong></span> <span class='ocrx_word' id='word_1_631' title='bbox 3361 3369 3392 3438; x_wconf 86' lang='grc' dir='ltr'><strong>ἢ</strong></span> <span class='ocrx_word' id='word_1_632' title='bbox 3422 3366 3618 3437; x_wconf 81' lang='grc' dir='ltr'>μορφὴν</span> 
     </span>
    </p>
   </div>
   <div class='ocr_carea' id='block_1_78' title="bbox 2054 3457 3614 3532">
    <p class='ocr_par' dir='ltr' id='par_1_78' title="bbox 2054 3457 3614 3532">
     <span class='ocr_line' id='line_1_78' title="bbox 2054 3457 3614 3532; baseline -0.006 -15"><span class='ocrx_word' id='word_1_633' title='bbox 2054 3463 2241 3518; x_wconf 89' lang='grc' dir='ltr'>δούλου</span> <span class='ocrx_word' id='word_1_634' title='bbox 2271 3463 2486 3527; x_wconf 73' lang='grc' dir='ltr'>λαϐώνς</span> <span class='ocrx_word' id='word_1_635' title='bbox 2530 3463 2617 3515; x_wconf 87' lang='grc' dir='ltr'>Ἐν</span> <span class='ocrx_word' id='word_1_636' title='bbox 2645 3460 2724 3532; x_wconf 82' lang='grc' dir='ltr'><strong>τῷ</strong></span> <span class='ocrx_word' id='word_1_637' title='bbox 2752 3458 3076 3532; x_wconf 81' lang='grc' dir='ltr'>πληρώματι</span> <span class='ocrx_word' id='word_1_638' title='bbox 3099 3459 3174 3512; x_wconf 84' lang='grc' dir='ltr'><strong>ὢν</strong></span> <span class='ocrx_word' id='word_1_639' title='bbox 3211 3459 3314 3530; x_wconf 80' lang='grc' dir='ltr'>τῆς</span> <span class='ocrx_word' id='word_1_640' title='bbox 3350 3457 3614 3526; x_wconf 69' lang='grc' dir='ltr'>θεότητος,</span> 
     </span>
    </p>
   </div>
   <div class='ocr_carea' id='block_1_79' title="bbox 2053 3548 3612 3627">
    <p class='ocr_par' dir='ltr' id='par_1_79' title="bbox 2053 3548 3612 3627">
     <span class='ocr_line' id='line_1_79' title="bbox 2053 3548 3612 3627; baseline -0.007 -17"><span class='ocrx_word' id='word_1_641' title='bbox 2053 3557 2088 3627; x_wconf 75' lang='grc' dir='ltr'><strong>ἢ</strong></span> <span class='ocrx_word' id='word_1_642' title='bbox 2111 3556 2355 3620; x_wconf 79' lang='grc' dir='ltr'>κενώσας</span> <span class='ocrx_word' id='word_1_643' title='bbox 2404 3555 2594 3609; x_wconf 75' lang='grc' dir='ltr'>ἑαυτὸν</span> <span class='ocrx_word' id='word_1_644' title='bbox 2632 3555 2690 3608; x_wconf 87' lang='grc' dir='ltr'><strong>ἐν</strong></span> <span class='ocrx_word' id='word_1_645' title='bbox 2727 3556 2794 3625; x_wconf 80' lang='grc' dir='ltr'>τῇ</span> <span class='ocrx_word' id='word_1_646' title='bbox 2833 3551 2926 3605; x_wconf 87' lang='grc' dir='ltr'><strong>τοῦ</strong></span> <span class='ocrx_word' id='word_1_647' title='bbox 2961 3550 3145 3604; x_wconf 88' lang='grc' dir='ltr'>δούλου</span> <span class='ocrx_word' id='word_1_648' title='bbox 3191 3553 3404 3622; x_wconf 79' lang='grc' dir='ltr'>μορφῇς</span> <span class='ocrx_word' id='word_1_649' title='bbox 3444 3548 3612 3614; x_wconf 81' lang='grc' dir='ltr'>Πάντη</span> 
     </span>
    </p>
   </div>
   <div class='ocr_carea' id='block_1_80' title="bbox 2054 3635 3615 3718">
    <p class='ocr_par' dir='ltr' id='par_1_80' title="bbox 2054 3635 3615 3718">
     <span class='ocr_line' id='line_1_80' title="bbox 2054 3635 3615 3718; baseline -0.008 -18"><span class='ocrx_word' id='word_1_650' title='bbox 2054 3648 2163 3718; x_wconf 83' lang='grc' dir='ltr'>γὰρ</span> <span class='ocrx_word' id='word_1_651' title='bbox 2188 3644 2340 3718; x_wconf 75' lang='grc' dir='ltr'>οἶμαι</span> <span class='ocrx_word' id='word_1_652' title='bbox 2371 3645 2637 3717; x_wconf 87' lang='grc' dir='ltr'>πρόδηλον</span> <span class='ocrx_word' id='word_1_653' title='bbox 2666 3639 2825 3706; x_wconf 72' lang='grc' dir='ltr'>εἶναι,</span> <span class='ocrx_word' id='word_1_654' title='bbox 2853 3645 2989 3713; x_wconf 80' lang='grc' dir='ltr'>ὅτιή</span> <span class='ocrx_word' id='word_1_655' title='bbox 3037 3641 3157 3694; x_wconf 88' lang='grc' dir='ltr'>θεία</span> <span class='ocrx_word' id='word_1_656' title='bbox 3195 3641 3424 3711; x_wconf 89' lang='grc' dir='ltr'>δύναμίς</span> <span class='ocrx_word' id='word_1_657' title='bbox 3454 3655 3509 3691; x_wconf 83' lang='grc' dir='ltr'><strong>τε</strong></span> <span class='ocrx_word' id='word_1_658' title='bbox 3531 3635 3615 3689; x_wconf 82' lang='grc' dir='ltr'>καὶ</span> 
     </span>
    </p>
   </div>
   <div class='ocr_carea' id='block_1_81' title="bbox 2057 3727 3616 3810">
    <p class='ocr_par' dir='ltr' id='par_1_81' title="bbox 2057 3727 3616 3810">
     <span class='ocr_line' id='line_1_81' title="bbox 2057 3727 3616 3810; baseline -0.008 -17"><span class='ocrx_word' id='word_1_659' title='bbox 2057 3741 2219 3810; x_wconf 87' lang='grc' dir='ltr'>φύσις</span> <span class='ocrx_word' id='word_1_660' title='bbox 2242 3738 2518 3809; x_wconf 77' lang='grc' dir='ltr'>πανταχοῦ</span> <span class='ocrx_word' id='word_1_661' title='bbox 2549 3735 2703 3804; x_wconf 74' lang='grc' dir='ltr'>οὖσα,</span> <span class='ocrx_word' id='word_1_662' title='bbox 2744 3736 2837 3790; x_wconf 77' lang='grc' dir='ltr'>καὶ</span> <span class='ocrx_word' id='word_1_663' title='bbox 2857 3735 2944 3788; x_wconf 80' lang='grc' dir='ltr'>διὰ</span> <span class='ocrx_word' id='word_1_664' title='bbox 2979 3735 3194 3789; x_wconf 82' lang='grc' dir='ltr'>πάντων</span> <span class='ocrx_word' id='word_1_665' title='bbox 3223 3734 3507 3806; x_wconf 76' lang='grc' dir='ltr'>διήκουσα,</span> <span class='ocrx_word' id='word_1_666' title='bbox 3530 3727 3616 3782; x_wconf 69' lang='grc' dir='ltr'>καὶ</span> 
     </span>
    </p>
   </div>
   <div class='ocr_carea' id='block_1_82' title="bbox 2054 3819 3612 3899">
    <p class='ocr_par' dir='ltr' id='par_1_82' title="bbox 2054 3819 3612 3899">
     <span class='ocr_line' id='line_1_82' title="bbox 2054 3819 3612 3899; baseline -0.009 -14"><span class='ocrx_word' id='word_1_667' title='bbox 2054 3833 2149 3886; x_wconf 82' lang='grc' dir='ltr'><strong>τοῦ</strong></span> <span class='ocrx_word' id='word_1_668' title='bbox 2184 3832 2380 3894; x_wconf 81' lang='grc' dir='ltr'>παντὸς</span> <span class='ocrx_word' id='word_1_669' title='bbox 2430 3827 2893 3899; x_wconf 80' lang='grc' dir='ltr'>περιδεδραγμένη</span> <span class='ocrx_word' id='word_1_670' title='bbox 2916 3866 2930 3889; x_wconf 91' lang='grc'><strong>,</strong></span> <span class='ocrx_word' id='word_1_671' title='bbox 2988 3827 3088 3879; x_wconf 75' lang='grc' dir='ltr'><strong>οὐκ</strong></span> <span class='ocrx_word' id='word_1_672' title='bbox 3131 3824 3199 3878; x_wconf 83' lang='grc' dir='ltr'>ἂν</span> <span class='ocrx_word' id='word_1_673' title='bbox 3233 3825 3457 3886; x_wconf 82' lang='grc' dir='ltr'>εἰκότως</span> <span class='ocrx_word' id='word_1_674' title='bbox 3488 3819 3612 3888; x_wconf 80' lang='grc' dir='ltr'>πέμ-</span> 
     </span>
    </p>
   </div>
   <div class='ocr_carea' id='block_1_83' title="bbox 2057 3911 3613 3992">
    <p class='ocr_par' dir='ltr' id='par_1_83' title="bbox 2057 3911 3613 3992">
     <span class='ocr_line' id='line_1_83' title="bbox 2057 3911 3613 3992; baseline -0.01 -15"><span class='ocrx_word' id='word_1_675' title='bbox 2057 3923 2254 3977; x_wconf 85' lang='grc' dir='ltr'>πεσθαι</span> <span class='ocrx_word' id='word_1_676' title='bbox 2294 3923 2521 3991; x_wconf 78' lang='grc' dir='ltr'>λέγοιτο.</span> <span class='ocrx_word' id='word_1_677' title='bbox 2556 3921 2630 3973; x_wconf 84' lang='grc' dir='ltr'><strong>Οὐ</strong></span> <span class='ocrx_word' id='word_1_678' title='bbox 2659 3920 2770 3992; x_wconf 82' lang='grc' dir='ltr'><strong>γάρ</strong></span> <span class='ocrx_word' id='word_1_679' title='bbox 2797 3919 2911 3972; x_wconf 89' lang='grc' dir='ltr'>ἐστί</span> <span class='ocrx_word' id='word_1_680' title='bbox 2933 3936 2984 3972; x_wconf 89' lang='grc' dir='ltr'><strong>τι</strong></span> <span class='ocrx_word' id='word_1_681' title='bbox 3005 3916 3161 3971; x_wconf 79' lang='grc' dir='ltr'>κενὸν</span> <span class='ocrx_word' id='word_1_682' title='bbox 3181 3916 3289 3982; x_wconf 76' lang='grc' dir='ltr'><strong>ἔξω</strong></span> <span class='ocrx_word' id='word_1_683' title='bbox 3313 3915 3528 3984; x_wconf 82' lang='grc' dir='ltr'>ταύτης,</span> <span class='ocrx_word' id='word_1_684' title='bbox 3563 3911 3613 3962; x_wconf 87' lang='grc' dir='ltr'><strong>ἐν</strong></span> 
     </span>
    </p>
   </div>
   <div class='ocr_carea' id='block_1_84' title="bbox 2055 4005 3612 4085">
    <p class='ocr_par' dir='ltr' id='par_1_84' title="bbox 2055 4005 3612 4085">
     <span class='ocr_line' id='line_1_84' title="bbox 2055 4005 3612 4085; baseline -0.01 -16"><span class='ocrx_word' id='word_1_685' title='bbox 2055 4010 2099 4084; x_wconf 83' lang='grc' dir='ltr'>ᾧ</span> <span class='ocrx_word' id='word_1_686' title='bbox 2139 4015 2401 4085; x_wconf 84' lang='grc' dir='ltr'>πρότερον</span> <span class='ocrx_word' id='word_1_687' title='bbox 2444 4013 2517 4083; x_wconf 85' lang='grc' dir='ltr'>μὴ</span> <span class='ocrx_word' id='word_1_688' title='bbox 2563 4007 2732 4075; x_wconf 82' lang='grc' dir='ltr'>οὖσα,</span> <span class='ocrx_word' id='word_1_689' title='bbox 2781 4011 2908 4063; x_wconf 87' lang='grc' dir='ltr'>ὅταν</span> <span class='ocrx_word' id='word_1_690' title='bbox 2947 4007 3194 4080; x_wconf 83' lang='grc' dir='ltr'>πεμφθῇ,</span> <span class='ocrx_word' id='word_1_691' title='bbox 3226 4005 3612 4078; x_wconf 82' lang='grc' dir='ltr'>παραγένηται·</span> 
     </span>
    </p>
   </div>
   <div class='ocr_carea' id='block_1_85' title="bbox 2057 4091 3612 4177">
    <p class='ocr_par' dir='ltr' id='par_1_85' title="bbox 2057 4091 3612 4177">
     <span class='ocr_line' id='line_1_85' title="bbox 2057 4091 3612 4177; baseline -0.011 -16"><span class='ocrx_word' id='word_1_692' title='bbox 2057 4107 2191 4163; x_wconf 71' lang='grc' dir='ltr'>ἀλλὰ</span> <span class='ocrx_word' id='word_1_693' title='bbox 2231 4108 2298 4177; x_wconf 84' lang='grc' dir='ltr'>τῇ</span> <span class='ocrx_word' id='word_1_694' title='bbox 2345 4104 2709 4174; x_wconf 81' lang='grc' dir='ltr'>συντηρητικῇ</span> <span class='ocrx_word' id='word_1_695' title='bbox 2747 4100 2976 4170; x_wconf 84' lang='grc' dir='ltr'>δυνάμει</span> <span class='ocrx_word' id='word_1_696' title='bbox 3007 4098 3376 4169; x_wconf 86' lang='grc' dir='ltr'>διακρατοῦσα</span> <span class='ocrx_word' id='word_1_697' title='bbox 3403 4094 3461 4148; x_wconf 79' lang='grc' dir='ltr'><strong>τὸ</strong></span> <span class='ocrx_word' id='word_1_698' title='bbox 3496 4091 3612 4152; x_wconf 78' lang='grc' dir='ltr'>πᾶν,</span> 
     </span>
    </p>
   </div>
   <div class='ocr_carea' id='block_1_86' title="bbox 2056 4179 3615 4268">
    <p class='ocr_par' dir='ltr' id='par_1_86' title="bbox 2056 4179 3615 4268">
     <span class='ocr_line' id='line_1_86' title="bbox 2056 4179 3615 4268; baseline -0.012 -16"><span class='ocrx_word' id='word_1_699' title='bbox 2056 4201 2157 4252; x_wconf 83' lang='grc' dir='ltr'><strong>οὐκ</strong></span> <span class='ocrx_word' id='word_1_700' title='bbox 2189 4199 2301 4268; x_wconf 82' lang='grc' dir='ltr'>ἔχει</span> <span class='ocrx_word' id='word_1_701' title='bbox 2341 4199 2420 4260; x_wconf 86' lang='grc' dir='ltr'>εἰς</span> <span class='ocrx_word' id='word_1_702' title='bbox 2448 4195 2477 4249; x_wconf 82' lang='grc' dir='ltr'>ὃ</span> <span class='ocrx_word' id='word_1_703' title='bbox 2526 4193 2925 4265; x_wconf 85' lang='grc' dir='ltr'>μεταχωρήσει,</span> <span class='ocrx_word' id='word_1_704' title='bbox 2965 4191 3100 4260; x_wconf 77' lang='grc' dir='ltr'>αὐτὴ</span> <span class='ocrx_word' id='word_1_705' title='bbox 3141 4188 3235 4242; x_wconf 91' lang='grc' dir='ltr'><strong>τοῦ</strong></span> <span class='ocrx_word' id='word_1_706' title='bbox 3273 4185 3468 4248; x_wconf 78' lang='grc' dir='ltr'>παντὸς</span> <span class='ocrx_word' id='word_1_707' title='bbox 3495 4179 3615 4236; x_wconf 73' lang='grc' dir='ltr'>οὖτα</span> 
     </span>
    </p>
   </div>
   <div class='ocr_carea' id='block_1_87' title="bbox 2058 4292 2347 4363">
    <p class='ocr_par' dir='ltr' id='par_1_87' title="bbox 2058 4292 2347 4363">
     <span class='ocr_line' id='line_1_87' title="bbox 2058 4292 2347 4363; baseline -0.007 -17"><span class='ocrx_word' id='word_1_708' title='bbox 2058 4292 2347 4363; x_wconf 82' lang='grc' dir='ltr'>πλήρωμα.</span> 
     </span>
    </p>
   </div>
   <div class='ocr_carea' id='block_1_88' title="bbox 2151 4450 3614 4531">
    <p class='ocr_par' dir='ltr' id='par_1_88' title="bbox 2151 4450 3614 4531">
     <span class='ocr_line' id='line_1_88' title="bbox 2151 4450 3614 4531; baseline -0.01 -13"><span class='ocrx_word' id='word_1_709' title='bbox 2151 4466 2217 4518; x_wconf 83' lang='grc' dir='ltr'><strong>Ἦ</strong></span> <span class='ocrx_word' id='word_1_710' title='bbox 2246 4465 2423 4518; x_wconf 86' lang='grc' dir='ltr'>τοίνυν</span> <span class='ocrx_word' id='word_1_711' title='bbox 2446 4460 2582 4531; x_wconf 81' lang='grc' dir='ltr'>πρὸς</span> <span class='ocrx_word' id='word_1_712' title='bbox 2604 4460 2664 4514; x_wconf 86' lang='grc' dir='ltr'>τὺ</span> <span class='ocrx_word' id='word_1_713' title='bbox 2693 4458 2960 4531; x_wconf 84' lang='grc' dir='ltr'>ἡμέτερον</span> <span class='ocrx_word' id='word_1_714' title='bbox 2986 4455 3239 4511; x_wconf 87' lang='grc' dir='ltr'>ταπεινόν</span> <span class='ocrx_word' id='word_1_715' title='bbox 3266 4473 3328 4510; x_wconf 90' lang='grc' dir='ltr'><strong>τε</strong></span> <span class='ocrx_word' id='word_1_716' title='bbox 3356 4453 3450 4509; x_wconf 77' lang='grc' dir='ltr'>καὶ</span> <span class='ocrx_word' id='word_1_717' title='bbox 3471 4450 3614 4506; x_wconf 83' lang='grc' dir='ltr'>ἀσθε-</span> 
     </span>
    </p>
   </div>
   <div class='ocr_carea' id='block_1_89' title="bbox 380 4540 1946 4628">
    <p class='ocr_par' dir='ltr' id='par_1_89' title="bbox 380 4557 1946 4628">
     <span class='ocr_line' id='line_1_89' title="bbox 380 4557 1946 4628; baseline 0.003 -16"><span class='ocrx_word' id='word_1_718' title='bbox 380 4566 435 4612; x_wconf 84' lang='lat' dir='ltr'><strong>et</strong></span> <span class='ocrx_word' id='word_1_719' title='bbox 461 4557 861 4624; x_wconf 78' lang='lat' dir='ltr'><strong>inﬁrmitatem,</strong></span> <span class='ocrx_word' id='word_1_720' title='bbox 883 4559 978 4628; x_wconf 89' lang='lat' dir='ltr'><strong>qui</strong></span> <span class='ocrx_word' id='word_1_721' title='bbox 1003 4559 1282 4614; x_wconf 84' lang='lat' dir='ltr'><strong>voluntate</strong></span> <span class='ocrx_word' id='word_1_722' title='bbox 1311 4559 1488 4616; x_wconf 86' lang='lat' dir='ltr'><strong>Patris</strong></span> <span class='ocrx_word' id='word_1_723' title='bbox 1511 4563 1733 4625; x_wconf 89' lang='lat' dir='ltr'><strong>accidit,</strong></span> <span class='ocrx_word' id='word_1_724' title='bbox 1763 4563 1946 4617; x_wconf 87' lang='lat' dir='ltr'><strong>missio</strong></span> 
     </span>
    </p>
   </div>
   <div class='ocr_carea' id='block_1_90' title="bbox 2051 4540 3616 4628">
    <p class='ocr_par' dir='ltr' id='par_1_90' title="bbox 2057 4540 3616 4619">
     <span class='ocr_line' id='line_1_90' title="bbox 2057 4540 3616 4619; baseline -0.01 -8"><span class='ocrx_word' id='word_1_725' title='bbox 2057 4557 2145 4619; x_wconf 83' lang='grc' dir='ltr'>νὲς</span> <span class='ocrx_word' id='word_1_726' title='bbox 2177 4556 2272 4609; x_wconf 89' lang='grc' dir='ltr'><strong>τοῦ</strong></span> <span class='ocrx_word' id='word_1_727' title='bbox 2306 4551 2438 4608; x_wconf 86' lang='grc' dir='ltr'>Υίοῦ</span> <span class='ocrx_word' id='word_1_728' title='bbox 2482 4551 2577 4605; x_wconf 89' lang='grc' dir='ltr'><strong>τοῦ</strong></span> <span class='ocrx_word' id='word_1_729' title='bbox 2615 4550 2750 4603; x_wconf 87' lang='grc' dir='ltr'>Θεοῦ</span> <span class='ocrx_word' id='word_1_730' title='bbox 2786 4548 3041 4614; x_wconf 82' lang='grc' dir='ltr'>κάθοδος,</span> <span class='ocrx_word' id='word_1_731' title='bbox 3085 4547 3227 4601; x_wconf 85' lang='grc' dir='ltr'><strong>κατά</strong></span> <span class='ocrx_word' id='word_1_732' title='bbox 3270 4547 3490 4617; x_wconf 86' lang='grc' dir='ltr'>γνώμην</span> <span class='ocrx_word' id='word_1_733' title='bbox 3531 4540 3616 4595; x_wconf 83' lang='grc' dir='ltr'><strong>τοῦ</strong></span> 
     </span>
    </p>
   </div>
   <div class='ocr_carea' id='block_1_91' title="bbox 380 4645 1950 4710">
    <p class='ocr_par' dir='ltr' id='par_1_91' title="bbox 380 4645 1950 4710">
     <span class='ocr_line' id='line_1_91' title="bbox 380 4645 1950 4710; baseline 0.003 -8"><span class='ocrx_word' id='word_1_734' title='bbox 380 4647 606 4702; x_wconf 86' lang='lat' dir='ltr'><strong>dicitur.</strong></span> <span class='ocrx_word' id='word_1_735' title='bbox 643 4645 776 4700; x_wconf 79' lang='lat' dir='ltr'><strong>Nam</strong></span> <span class='ocrx_word' id='word_1_736' title='bbox 805 4650 873 4703; x_wconf 90' lang='lat' dir='ltr'><strong>ab</strong></span> <span class='ocrx_word' id='word_1_737' title='bbox 919 4649 1214 4704; x_wconf 86' lang='lat' dir='ltr'><strong>immortali</strong></span> <span class='ocrx_word' id='word_1_738' title='bbox 1248 4657 1445 4705; x_wconf 88' lang='lat' dir='ltr'><strong>natura</strong></span> <span class='ocrx_word' id='word_1_739' title='bbox 1471 4651 1538 4705; x_wconf 89' lang='lat' dir='ltr'><strong>ad</strong></span> <span class='ocrx_word' id='word_1_740' title='bbox 1576 4661 1822 4710; x_wconf 87' lang='lat' dir='ltr'><strong>nostram</strong></span> <span class='ocrx_word' id='word_1_741' title='bbox 1865 4655 1950 4707; x_wconf 87' lang='lat' dir='ltr'><strong>vi-</strong></span> 
     </span>
    </p>
   </div>
   <div class='ocr_carea' id='block_1_92' title="bbox 380 4738 1951 4807">
    <p class='ocr_par' dir='ltr' id='par_1_92' title="bbox 380 4738 1951 4807">
     <span class='ocr_line' id='line_1_92' title="bbox 380 4738 1951 4807; baseline 0.003 -15"><span class='ocrx_word' id='word_1_742' title='bbox 380 4750 490 4792; x_wconf 86' lang='lat' dir='ltr'><strong>tam</strong></span> <span class='ocrx_word' id='word_1_743' title='bbox 523 4738 778 4807; x_wconf 82' lang='lat' dir='ltr'><strong>migratio</strong></span> <span class='ocrx_word' id='word_1_744' title='bbox 801 4753 914 4794; x_wconf 87' lang='lat' dir='ltr'><strong>non</strong></span> <span class='ocrx_word' id='word_1_745' title='bbox 941 4739 1009 4794; x_wconf 90' lang='lat' dir='ltr'><strong>de</strong></span> <span class='ocrx_word' id='word_1_746' title='bbox 1042 4740 1165 4793; x_wconf 89' lang='lat' dir='ltr'><strong>loco</strong></span> <span class='ocrx_word' id='word_1_747' title='bbox 1192 4740 1259 4794; x_wconf 87' lang='lat' dir='ltr'><strong>ad</strong></span> <span class='ocrx_word' id='word_1_748' title='bbox 1290 4741 1467 4794; x_wconf 89' lang='lat' dir='ltr'><strong>locum</strong></span> <span class='ocrx_word' id='word_1_749' title='bbox 1499 4749 1707 4796; x_wconf 83' lang='lat' dir='ltr'><strong>motum</strong></span> <span class='ocrx_word' id='word_1_750' title='bbox 1735 4741 1951 4797; x_wconf 87' lang='lat' dir='ltr'><strong>Domini</strong></span> 
     </span>
    </p>
   </div>
   <div class='ocr_carea' id='block_1_93' title="bbox 379 4827 1950 4900">
    <p class='ocr_par' dir='ltr' id='par_1_93' title="bbox 379 4827 1950 4900">
     <span class='ocr_line' id='line_1_93' title="bbox 379 4827 1950 4900; baseline 0.003 -18"><span class='ocrx_word' id='word_1_751' title='bbox 379 4827 676 4898; x_wconf 76' lang='lat' dir='ltr'><strong>signiﬁcat,</strong></span> <span class='ocrx_word' id='word_1_752' title='bbox 712 4829 808 4883; x_wconf 90' lang='lat' dir='ltr'><strong>sed</strong></span> <span class='ocrx_word' id='word_1_753' title='bbox 841 4829 912 4884; x_wconf 86' lang='lat' dir='ltr'><strong>ab</strong></span> <span class='ocrx_word' id='word_1_754' title='bbox 939 4829 1443 4900; x_wconf 63' lang='lat' dir='ltr'><strong>altitudinefglorim</strong></span> <span class='ocrx_word' id='word_1_755' title='bbox 1473 4831 1541 4885; x_wconf 90' lang='lat' dir='ltr'><strong>ad</strong></span> <span class='ocrx_word' id='word_1_756' title='bbox 1585 4832 1950 4887; x_wconf 88' lang='lat' dir='ltr'><strong>humilitatem</strong></span> 
     </span>
    </p>
   </div>
   <div class='ocr_carea' id='block_1_94' title="bbox 377 4919 1956 4992">
    <p class='ocr_par' dir='ltr' id='par_1_94' title="bbox 377 4919 1956 4992">
     <span class='ocr_line' id='line_1_94' title="bbox 377 4919 1956 4992; baseline 0.001 -20"><span class='ocrx_word' id='word_1_757' title='bbox 377 4921 565 4974; x_wconf 87' lang='lat' dir='ltr'><strong>carnis</strong></span> <span class='ocrx_word' id='word_1_758' title='bbox 599 4919 806 4974; x_wconf 87' lang='lat' dir='ltr'><strong>indicat</strong></span> <span class='ocrx_word' id='word_1_759' title='bbox 835 4920 1183 4975; x_wconf 88' lang='lat' dir='ltr'><strong>descensum.</strong></span> <span class='ocrx_word' id='word_1_760' title='bbox 1234 4920 1525 4976; x_wconf 88' lang='lat' dir='ltr'><strong>Descendit</strong></span> <span class='ocrx_word' id='word_1_761' title='bbox 1572 4922 1738 4992; x_wconf 79' lang='lat' dir='ltr'><strong>igitur</strong></span> <span class='ocrx_word' id='word_1_762' title='bbox 1774 4931 1831 4977; x_wconf 89' lang='lat' dir='ltr'><strong>et</strong></span> <span class='ocrx_word' id='word_1_763' title='bbox 1857 4937 1956 4991; x_wconf 86' lang='lat' dir='ltr'><strong>ap-</strong></span> 
     </span>
    </p>
   </div>
   <div class='ocr_carea' id='block_1_95' title="bbox 381 5009 1952 5078">
    <p class='ocr_par' dir='ltr' id='par_1_95' title="bbox 381 5009 1952 5078">
     <span class='ocr_line' id='line_1_95' title="bbox 381 5009 1952 5078; baseline 0.004 -17"><span class='ocrx_word' id='word_1_764' title='bbox 381 5009 560 5078; x_wconf 86' lang='lat' dir='ltr'><strong>paruit</strong></span> <span class='ocrx_word' id='word_1_765' title='bbox 589 5025 700 5063; x_wconf 83' lang='lat' dir='ltr'><strong>non</strong></span> <span class='ocrx_word' id='word_1_766' title='bbox 729 5011 937 5066; x_wconf 82' lang='lat' dir='ltr'><strong>nudum</strong></span> <span class='ocrx_word' id='word_1_767' title='bbox 963 5011 1222 5074; x_wconf 83' lang='lat' dir='ltr'><strong>Verbum,</strong></span> <span class='ocrx_word' id='word_1_768' title='bbox 1259 5013 1351 5066; x_wconf 91' lang='lat' dir='ltr'><strong>sed</strong></span> <span class='ocrx_word' id='word_1_769' title='bbox 1387 5027 1520 5065; x_wconf 88' lang='lat' dir='ltr'><strong>caro</strong></span> <span class='ocrx_word' id='word_1_770' title='bbox 1554 5012 1757 5067; x_wconf 82' lang='lat' dir='ltr'><strong>factum</strong></span> <span class='ocrx_word' id='word_1_771' title='bbox 1787 5031 1801 5066; x_wconf 91' lang='lat'><strong>:</strong></span> <span class='ocrx_word' id='word_1_772' title='bbox 1843 5028 1952 5068; x_wconf 91' lang='lat' dir='ltr'><strong>non</strong></span> 
     </span>
    </p>
   </div>
   <div class='ocr_carea' id='block_1_96' title="bbox 381 5100 1949 5177">
    <p class='ocr_par' dir='ltr' id='par_1_96' title="bbox 381 5100 1949 5177">
     <span class='ocr_line' id='line_1_96' title="bbox 381 5100 1949 5177; baseline 0.006 -25"><span class='ocrx_word' id='word_1_773' title='bbox 381 5100 473 5157; x_wconf 80' lang='lat' dir='ltr'><strong>Dei</strong></span> <span class='ocrx_word' id='word_1_774' title='bbox 502 5101 676 5157; x_wconf 81' lang='lat' dir='ltr'><strong>forma</strong></span> <span class='ocrx_word' id='word_1_775' title='bbox 710 5117 809 5174; x_wconf 85' lang='lat' dir='ltr'><strong>per</strong></span> <span class='ocrx_word' id='word_1_776' title='bbox 840 5120 984 5172; x_wconf 90' lang='lat' dir='ltr'><strong>sese,</strong></span> <span class='ocrx_word' id='word_1_777' title='bbox 1030 5105 1126 5160; x_wconf 90' lang='lat' dir='ltr'><strong>sed</strong></span> <span class='ocrx_word' id='word_1_778' title='bbox 1158 5107 1213 5158; x_wconf 90' lang='lat' dir='ltr'><strong>in</strong></span> <span class='ocrx_word' id='word_1_779' title='bbox 1261 5105 1436 5159; x_wconf 87' lang='lat' dir='ltr'><strong>l&#39;orma</strong></span> <span class='ocrx_word' id='word_1_780' title='bbox 1478 5107 1620 5161; x_wconf 88' lang='lat' dir='ltr'><strong>servi</strong></span> <span class='ocrx_word' id='word_1_781' title='bbox 1656 5121 1949 5177; x_wconf 87' lang='lat' dir='ltr'><strong>apparens.</strong></span> 
     </span>
    </p>
   </div>
   <div class='ocr_carea' id='block_1_97' title="bbox 382 5191 1956 5269">
    <p class='ocr_par' dir='ltr' id='par_1_97' title="bbox 382 5191 1956 5269">
     <span class='ocr_line' id='line_1_97' title="bbox 382 5191 1956 5269; baseline 0.006 -25"><span class='ocrx_word' id='word_1_782' title='bbox 382 5191 482 5246; x_wconf 80' lang='lat' dir='ltr'><strong>Hic</strong></span> <span class='ocrx_word' id='word_1_783' title='bbox 512 5193 678 5264; x_wconf 80' lang='lat' dir='ltr'><strong>igitur</strong></span> <span class='ocrx_word' id='word_1_784' title='bbox 702 5206 784 5250; x_wconf 90' lang='lat' dir='ltr'><strong>est</strong></span> <span class='ocrx_word' id='word_1_785' title='bbox 813 5196 905 5266; x_wconf 93' lang='lat' dir='ltr'><strong>qui</strong></span> <span class='ocrx_word' id='word_1_786' title='bbox 935 5196 1075 5251; x_wconf 79' lang='lat' dir='ltr'><strong>dixit</strong></span> <span class='ocrx_word' id='word_1_787' title='bbox 1110 5211 1170 5252; x_wconf 91' lang='lat' dir='ltr'><strong>se</strong></span> <span class='ocrx_word' id='word_1_788' title='bbox 1215 5212 1320 5252; x_wconf 91' lang='lat' dir='ltr'><strong>non</strong></span> <span class='ocrx_word' id='word_1_789' title='bbox 1368 5213 1528 5267; x_wconf 83' lang='lat' dir='ltr'><strong>posse</strong></span> <span class='ocrx_word' id='word_1_790' title='bbox 1562 5198 1742 5254; x_wconf 80' lang='lat' dir='ltr'><strong>facere</strong></span> <span class='ocrx_word' id='word_1_791' title='bbox 1795 5199 1956 5269; x_wconf 84' lang='lat' dir='ltr'><strong>quid-</strong></span> 
     </span>
    </p>
   </div>
   <div class='ocr_carea' id='block_1_98' title="bbox 380 5284 1954 5357">
    <p class='ocr_par' dir='ltr' id='par_1_98' title="bbox 380 5284 1954 5357">
     <span class='ocr_line' id='line_1_98' title="bbox 380 5284 1954 5357; baseline 0.008 -25"><span class='ocrx_word' id='word_1_792' title='bbox 380 5295 544 5347; x_wconf 84' lang='lat' dir='ltr'><strong>quam</strong></span> <span class='ocrx_word' id='word_1_793' title='bbox 579 5284 647 5337; x_wconf 57' lang='grc' dir='ltr'>εἰ</span> <span class='ocrx_word' id='word_1_794' title='bbox 679 5285 882 5355; x_wconf 89' lang='lat' dir='ltr'><strong>seipso.</strong></span> <span class='ocrx_word' id='word_1_795' title='bbox 914 5286 1190 5353; x_wconf 84' lang='lat' dir='ltr'><strong>videlicet,</strong></span> <span class='ocrx_word' id='word_1_796' title='bbox 1226 5288 1281 5341; x_wconf 92' lang='lat' dir='ltr'><strong>in</strong></span> <span class='ocrx_word' id='word_1_797' title='bbox 1313 5296 1578 5357; x_wconf 88' lang='lat' dir='ltr'><strong>quantum</strong></span> <span class='ocrx_word' id='word_1_798' title='bbox 1613 5305 1742 5343; x_wconf 80' lang='lat' dir='ltr'><strong>caro</strong></span> <span class='ocrx_word' id='word_1_799' title='bbox 1775 5289 1954 5346; x_wconf 81' lang='lat' dir='ltr'><strong>factus</strong></span> 
     </span>
    </p>
   </div>
   <div class='ocr_carea' id='block_1_99' title="bbox 382 5380 1952 5446">
    <p class='ocr_par' dir='ltr' id='par_1_99' title="bbox 382 5380 1952 5446">
     <span class='ocr_line' id='line_1_99' title="bbox 382 5380 1952 5446; baseline 0.007 -22"><span class='ocrx_word' id='word_1_800' title='bbox 382 5380 498 5437; x_wconf 81' lang='lat' dir='ltr'><strong>est;</strong></span> <span class='ocrx_word' id='word_1_801' title='bbox 527 5389 652 5427; x_wconf 88' lang='lat' dir='ltr'><strong>nam</strong></span> <span class='ocrx_word' id='word_1_802' title='bbox 687 5393 794 5430; x_wconf 92' lang='lat' dir='ltr'><strong>non</strong></span> <span class='ocrx_word' id='word_1_803' title='bbox 843 5393 1025 5446; x_wconf 90' lang='lat' dir='ltr'><strong>posse,</strong></span> <span class='ocrx_word' id='word_1_804' title='bbox 1084 5381 1478 5436; x_wconf 84' lang='lat' dir='ltr'><strong>imbecillitatis</strong></span> <span class='ocrx_word' id='word_1_805' title='bbox 1524 5390 1628 5436; x_wconf 90' lang='lat' dir='ltr'><strong>est.</strong></span> <span class='ocrx_word' id='word_1_806' title='bbox 1692 5382 1760 5438; x_wconf 90' lang='lat' dir='ltr'><strong>Ut</strong></span> <span class='ocrx_word' id='word_1_807' title='bbox 1807 5382 1952 5438; x_wconf 90' lang='lat' dir='ltr'><strong>enim</strong></span> 
     </span>
    </p>
   </div>
   <div class='ocr_carea' id='block_1_100' title="bbox 339 5461 1947 5542">
    <p class='ocr_par' dir='ltr' id='par_1_100' title="bbox 339 5461 1947 5542">
     <span class='ocr_line' id='line_1_100' title="bbox 339 5461 1947 5542; baseline 0.008 -30"><span class='ocrx_word' id='word_1_808' title='bbox 339 5498 344 5505; x_wconf 89' lang='lat'><strong>.</strong></span> <span class='ocrx_word' id='word_1_809' title='bbox 386 5461 494 5514; x_wconf 90' lang='lat' dir='ltr'><strong>luci</strong></span> <span class='ocrx_word' id='word_1_810' title='bbox 528 5465 784 5529; x_wconf 73' lang='lat' dir='ltr'><strong>tenebm,</strong></span> <span class='ocrx_word' id='word_1_811' title='bbox 813 5476 866 5523; x_wconf 90' lang='lat' dir='ltr'><strong>et</strong></span> <span class='ocrx_word' id='word_1_812' title='bbox 894 5470 1017 5524; x_wconf 63' lang='lat' dir='ltr'><strong>vita;</strong></span> <span class='ocrx_word' id='word_1_813' title='bbox 1049 5486 1218 5533; x_wconf 89' lang='lat' dir='ltr'><strong>mors,</strong></span> <span class='ocrx_word' id='word_1_814' title='bbox 1251 5471 1325 5524; x_wconf 83' lang='lat' dir='ltr'><strong>ita</strong></span> <span class='ocrx_word' id='word_1_815' title='bbox 1357 5472 1616 5542; x_wconf 64' lang='lat' dir='ltr'><strong>potentiae</strong></span> <span class='ocrx_word' id='word_1_816' title='bbox 1645 5472 1947 5541; x_wconf 87' lang='lat' dir='ltr'><strong>opponitur</strong></span> 
     </span>
    </p>
   </div>
   <div class='ocr_carea' id='block_1_101' title="bbox 381 5551 1947 5634">
    <p class='ocr_par' dir='ltr' id='par_1_101' title="bbox 381 5551 1947 5634">
     <span class='ocr_line' id='line_1_101' title="bbox 381 5551 1947 5634; baseline 0.007 -29"><span class='ocrx_word' id='word_1_817' title='bbox 381 5551 711 5609; x_wconf 77' lang='lat' dir='ltr'><strong>inﬁrmitas:</strong></span> <span class='ocrx_word' id='word_1_818' title='bbox 751 5560 900 5628; x_wconf 89' lang='lat' dir='ltr'><strong>atqui</strong></span> <span class='ocrx_word' id='word_1_819' title='bbox 929 5559 1185 5616; x_wconf 81' lang='lat' dir='ltr'><strong>Christus</strong></span> <span class='ocrx_word' id='word_1_820' title='bbox 1216 5561 1311 5618; x_wconf 88' lang='lat' dir='ltr'><strong>Dei</strong></span> <span class='ocrx_word' id='word_1_821' title='bbox 1351 5565 1594 5632; x_wconf 89' lang='lat' dir='ltr'><strong>potentia</strong></span> <span class='ocrx_word' id='word_1_822' title='bbox 1633 5571 1796 5634; x_wconf 87' lang='lat' dir='ltr'><strong>atque</strong></span> <span class='ocrx_word' id='word_1_823' title='bbox 1847 5562 1947 5618; x_wconf 91' lang='lat' dir='ltr'><strong>Dei</strong></span> 
     </span>
    </p>
   </div>
   <div class='ocr_carea' id='block_1_102' title="bbox 454 5703 1946 5781">
    <p class='ocr_par' dir='ltr' id='par_1_102' title="bbox 454 5703 1942 5781">
     <span class='ocr_line' id='line_1_102' title="bbox 454 5703 1942 5781; baseline 0.003 -17"><span class='ocrx_word' id='word_1_824' title='bbox 454 5705 495 5781; x_wconf 55' lang='lat'><strong>1‘</strong></span> <span class='ocrx_word' id='word_1_825' title='bbox 535 5703 702 5759; x_wconf 81' lang='lat' dir='ltr'><strong>Marc.</strong></span> <span class='ocrx_word' id='word_1_826' title='bbox 737 5710 993 5781; x_wconf 16' lang='lat'><strong>1:524.”</strong></span> <span class='ocrx_word' id='word_1_827' title='bbox 1019 5713 1063 5742; x_wconf 74' lang='grc' dir='ltr'><strong>ι’</strong></span> <span class='ocrx_word' id='word_1_828' title='bbox 1102 5713 1268 5767; x_wconf 82' lang='lat' dir='ltr'><strong>Marc.</strong></span> <span class='ocrx_word' id='word_1_829' title='bbox 1306 5733 1346 5781; x_wconf 76' lang='grc' dir='ltr'><strong>ι,</strong></span> <span class='ocrx_word' id='word_1_830' title='bbox 1378 5717 1466 5770; x_wconf 70' lang='lat' dir='ltr'><strong>4t.</strong></span> <span class='ocrx_word' id='word_1_831' title='bbox 1547 5717 1588 5747; x_wconf 78' lang='grc'><strong>’³</strong></span> <span class='ocrx_word' id='word_1_832' title='bbox 1659 5717 1816 5771; x_wconf 86' lang='lat' dir='ltr'><strong>Joan.</strong></span> <span class='ocrx_word' id='word_1_833' title='bbox 1854 5732 1942 5770; x_wconf 77' lang='lat' dir='ltr'><strong>xlv</strong></span> 
     </span>
    </p>
   </div>
   <div class='ocr_carea' id='block_1_103' title="bbox 2051 5703 2459 5781">
    <p class='ocr_par' dir='ltr' id='par_1_103' title="bbox 2051 5714 2459 5770">
     <span class='ocr_line' id='line_1_103' title="bbox 2051 5714 2459 5770; baseline -0.01 -1"><span class='ocrx_word' id='word_1_834' title='bbox 2051 5717 2087 5770; x_wconf 88' lang='lat'><strong>).</strong></span> <span class='ocrx_word' id='word_1_835' title='bbox 2166 5715 2210 5746; x_wconf 77' lang='grc'><strong>¹⁴⁵</strong></span> <span class='ocrx_word' id='word_1_836' title='bbox 2243 5714 2376 5769; x_wconf 82' lang='lat' dir='ltr'><strong>ibid.</strong></span> <span class='ocrx_word' id='word_1_837' title='bbox 2406 5714 2459 5767; x_wconf 85' lang='lat'><strong>9.</strong></span> 
     </span>
    </p>
   </div>
   <div class='ocr_carea' id='block_1_104' title="bbox 383 5772 2048 5857">
    <p class='ocr_par' dir='ltr' id='par_1_104' title="bbox 383 5772 2048 5857">
     <span class='ocr_line' id='line_1_104' title="bbox 383 5772 2048 5857; baseline 0.005 -25"><span class='ocrx_word' id='word_1_838' title='bbox 383 5772 878 5857; x_wconf 64' lang='lat' dir='ltr'><strong>&#39;_&#39;_Joan_.3tvu,10.</strong></span> <span class='ocrx_word' id='word_1_839' title='bbox 934 5780 1001 5857; x_wconf 53' lang='grc' dir='ltr'><strong>ἐξ</strong></span> <span class='ocrx_word' id='word_1_840' title='bbox 1035 5782 1164 5837; x_wconf 86' lang='lat' dir='ltr'><strong>ibid.</strong></span> <span class='ocrx_word' id='word_1_841' title='bbox 1207 5784 1290 5840; x_wconf 86' lang='grc'>10.</span> <span class='ocrx_word' id='word_1_842' title='bbox 1332 5772 1344 5781; x_wconf 77' lang='grc'><strong>’</strong></span> <span class='ocrx_word' id='word_1_843' title='bbox 1371 5787 1411 5819; x_wconf 71' lang='grc'>⁸⁸</span> <span class='ocrx_word' id='word_1_844' title='bbox 1453 5785 1639 5842; x_wconf 74' lang='lat' dir='ltr'><strong>Matth.</strong></span> <span class='ocrx_word' id='word_1_845' title='bbox 1677 5772 2048 5857; x_wconf 47' lang='lat' dir='ltr'><strong>xxv1,38,&#39;59.</strong></span> 
     </span>
    </p>
   </div>
   <div class='ocr_carea' id='block_1_105' title="bbox 385 5843 1022 5911">
    <p class='ocr_par' dir='ltr' id='par_1_105' title="bbox 385 5843 1022 5911">
     <span class='ocr_line' id='line_1_105' title="bbox 385 5843 1022 5911; baseline 0.008 -15"><span class='ocrx_word' id='word_1_846' title='bbox 385 5845 470 5896; x_wconf 80' lang='lat' dir='ltr'><strong>l7.</strong></span> <span class='ocrx_word' id='word_1_847' title='bbox 546 5845 590 5876; x_wconf 79' lang='lat'>”</span> <span class='ocrx_word' id='word_1_848' title='bbox 623 5843 775 5898; x_wconf 79' lang='lat' dir='ltr'><strong>loan.</strong></span> <span class='ocrx_word' id='word_1_849' title='bbox 812 5847 1022 5911; x_wconf 56' lang='grc' dir='ltr'>λιν,πᾶ</span> 
     </span>
    </p>
   </div>
   <div class='ocr_carea' id='block_1_106' title="bbox 2054 4633 3614 4717">
    <p class='ocr_par' dir='ltr' id='par_1_106' title="bbox 2054 4633 3614 4717">
     <span class='ocr_line' id='line_1_106' title="bbox 2054 4633 3614 4717; baseline -0.012 -17"><span class='ocrx_word' id='word_1_850' title='bbox 2054 4645 2265 4717; x_wconf 81' lang='grc' dir='ltr'>[ἰατρὸς</span> <span class='ocrx_word' id='word_1_851' title='bbox 2296 4641 2659 4713; x_wconf 78' lang='grc' dir='ltr'>γεγενημένη,</span> <span class='ocrx_word' id='word_1_852' title='bbox 2706 4641 2980 4710; x_wconf 82' lang='grc' dir='ltr'>ἀποστολὴ</span> <span class='ocrx_word' id='word_1_853' title='bbox 3025 4638 3263 4707; x_wconf 81' lang='grc' dir='ltr'>λέγεται.</span> <span class='ocrx_word' id='word_1_854' title='bbox 3320 4639 3383 4692; x_wconf 84' lang='grc' dir='ltr'>Ἡ</span> <span class='ocrx_word' id='word_1_855' title='bbox 3415 4635 3518 4704; x_wconf 79' lang='grc' dir='ltr'>γὰρ</span> <span class='ocrx_word' id='word_1_856' title='bbox 3556 4633 3614 4683; x_wconf 84' lang='grc' dir='ltr'><strong>ἐκ</strong></span> 
     </span>
    </p>
   </div>
   <div class='ocr_carea' id='block_1_107' title="bbox 2052 4722 3615 4808">
    <p class='ocr_par' dir='ltr' id='par_1_107' title="bbox 2052 4722 3615 4808">
     <span class='ocr_line' id='line_1_107' title="bbox 2052 4722 3615 4808; baseline -0.012 -16"><span class='ocrx_word' id='word_1_857' title='bbox 2052 4738 2151 4808; x_wconf 86' lang='grc' dir='ltr'>τῆς</span> <span class='ocrx_word' id='word_1_858' title='bbox 2181 4737 2459 4808; x_wconf 80' lang='grc' dir='ltr'>ἀκηράτου</span> <span class='ocrx_word' id='word_1_859' title='bbox 2490 4732 2706 4803; x_wconf 80' lang='grc' dir='ltr'>φύσεως</span> <span class='ocrx_word' id='word_1_860' title='bbox 2723 4732 2860 4801; x_wconf 87' lang='grc' dir='ltr'>πρὸς</span> <span class='ocrx_word' id='word_1_861' title='bbox 2881 4731 2980 4801; x_wconf 82' lang='grc' dir='ltr'>τὴν</span> <span class='ocrx_word' id='word_1_862' title='bbox 3003 4730 3279 4801; x_wconf 81' lang='grc' dir='ltr'>ἡμετέραν</span> <span class='ocrx_word' id='word_1_863' title='bbox 3300 4728 3444 4797; x_wconf 81' lang='grc' dir='ltr'>ζωὴν</span> <span class='ocrx_word' id='word_1_864' title='bbox 3470 4722 3615 4795; x_wconf 85' lang='grc' dir='ltr'>μετά·</span> 
     </span>
    </p>
   </div>
   <div class='ocr_carea' id='block_1_108' title="bbox 2056 4818 3612 4896">
    <p class='ocr_par' dir='ltr' id='par_1_108' title="bbox 2056 4818 3612 4896">
     <span class='ocr_line' id='line_1_108' title="bbox 2056 4818 3612 4896; baseline -0.012 -14"><span class='ocrx_word' id='word_1_865' title='bbox 2056 4845 2244 4891; x_wconf 88' lang='grc' dir='ltr'>στασις</span> <span class='ocrx_word' id='word_1_866' title='bbox 2270 4827 2332 4880; x_wconf 85' lang='grc' dir='ltr'><strong>ού</strong></span> <span class='ocrx_word' id='word_1_867' title='bbox 2367 4824 2597 4896; x_wconf 83' lang='grc' dir='ltr'>τοπικὴν</span> <span class='ocrx_word' id='word_1_868' title='bbox 2627 4824 2858 4876; x_wconf 85' lang='grc' dir='ltr'>ποιεῖται</span> <span class='ocrx_word' id='word_1_869' title='bbox 2895 4820 2989 4874; x_wconf 88' lang='grc' dir='ltr'><strong>τοῦ</strong></span> <span class='ocrx_word' id='word_1_870' title='bbox 3020 4821 3224 4892; x_wconf 86' lang='grc' dir='ltr'>Κυρίου</span> <span class='ocrx_word' id='word_1_871' title='bbox 3263 4821 3361 4890; x_wconf 82' lang='grc' dir='ltr'>τὴν</span> <span class='ocrx_word' id='word_1_872' title='bbox 3397 4818 3612 4887; x_wconf 86' lang='grc' dir='ltr'>κίνησιν,</span> 
     </span>
    </p>
   </div>
   <div class='ocr_carea' id='block_1_109' title="bbox 2056 4903 3614 4989">
    <p class='ocr_par' dir='ltr' id='par_1_109' title="bbox 2056 4903 3614 4989">
     <span class='ocr_line' id='line_1_109' title="bbox 2056 4903 3614 4989; baseline -0.012 -13"><span class='ocrx_word' id='word_1_873' title='bbox 2056 4922 2192 4977; x_wconf 86' lang='grc' dir='ltr'>ἀλλὰ</span> <span class='ocrx_word' id='word_1_874' title='bbox 2217 4921 2315 4989; x_wconf 79' lang='grc' dir='ltr'><strong>τὴν</strong></span> <span class='ocrx_word' id='word_1_875' title='bbox 2346 4918 2454 4972; x_wconf 74' lang='grc' dir='ltr'><strong>ἀπὸ</strong></span> <span class='ocrx_word' id='word_1_876' title='bbox 2484 4916 2578 4970; x_wconf 90' lang='grc' dir='ltr'><strong>τοῦ</strong></span> <span class='ocrx_word' id='word_1_877' title='bbox 2608 4915 2774 4985; x_wconf 83' lang='grc' dir='ltr'>ὕψους</span> <span class='ocrx_word' id='word_1_878' title='bbox 2803 4914 2901 4983; x_wconf 87' lang='grc' dir='ltr'>τῆς</span> <span class='ocrx_word' id='word_1_879' title='bbox 2938 4912 3096 4983; x_wconf 79' lang='grc' dir='ltr'>δόξης</span> <span class='ocrx_word' id='word_1_880' title='bbox 3125 4912 3264 4983; x_wconf 82' lang='grc' dir='ltr'>πρὸς</span> <span class='ocrx_word' id='word_1_881' title='bbox 3291 4911 3352 4964; x_wconf 86' lang='grc' dir='ltr'><strong>τὸ</strong></span> <span class='ocrx_word' id='word_1_882' title='bbox 3376 4903 3614 4963; x_wconf 79' lang='grc' dir='ltr'>ταπεινὸν</span> 
     </span>
    </p>
   </div>
   <div class='ocr_carea' id='block_1_110' title="bbox 2057 4994 3613 5084">
    <p class='ocr_par' dir='ltr' id='par_1_110' title="bbox 2057 4994 3613 5084">
     <span class='ocr_line' id='line_1_110' title="bbox 2057 4994 3613 5084; baseline -0.012 -18"><span class='ocrx_word' id='word_1_883' title='bbox 2057 5015 2156 5084; x_wconf 83' lang='grc' dir='ltr'>τῆς</span> <span class='ocrx_word' id='word_1_884' title='bbox 2190 5009 2392 5082; x_wconf 81' lang='grc' dir='ltr'>σαρκὸς</span> <span class='ocrx_word' id='word_1_885' title='bbox 2422 5009 2751 5064; x_wconf 77' lang='grc' dir='ltr'>ἐνδείκνυται</span> <span class='ocrx_word' id='word_1_886' title='bbox 2784 5005 3030 5059; x_wconf 87' lang='grc' dir='ltr'>κάθοδον.</span> <span class='ocrx_word' id='word_1_887' title='bbox 3069 5004 3288 5076; x_wconf 76' lang='grc' dir='ltr'>Κατέδη</span> <span class='ocrx_word' id='word_1_888' title='bbox 3318 5002 3488 5056; x_wconf 89' lang='grc' dir='ltr'>τοίνυν</span> <span class='ocrx_word' id='word_1_889' title='bbox 3528 4994 3613 5050; x_wconf 77' lang='grc' dir='ltr'>καὶ</span> 
     </span>
    </p>
   </div>
   <div class='ocr_carea' id='block_1_111' title="bbox 2059 5089 3613 5174">
    <p class='ocr_par' dir='ltr' id='par_1_111' title="bbox 2059 5089 3613 5174">
     <span class='ocr_line' id='line_1_111' title="bbox 2059 5089 3613 5174; baseline -0.01 -16"><span class='ocrx_word' id='word_1_890' title='bbox 2059 5106 2230 5174; x_wconf 86' lang='grc' dir='ltr'>ἐφάνη</span> <span class='ocrx_word' id='word_1_891' title='bbox 2261 5103 2323 5156; x_wconf 83' lang='grc' dir='ltr'><strong>οὐ</strong></span> <span class='ocrx_word' id='word_1_892' title='bbox 2351 5100 2560 5172; x_wconf 78' lang='grc' dir='ltr'>γυμνὸς</span> <span class='ocrx_word' id='word_1_893' title='bbox 2586 5101 2614 5153; x_wconf 88' lang='grc' dir='ltr'><strong>ό</strong></span> <span class='ocrx_word' id='word_1_894' title='bbox 2637 5098 2828 5166; x_wconf 86' lang='grc' dir='ltr'>Λόγος,</span> <span class='ocrx_word' id='word_1_895' title='bbox 2858 5096 2996 5152; x_wconf 79' lang='grc' dir='ltr'>ἀλλὰ</span> <span class='ocrx_word' id='word_1_896' title='bbox 3029 5096 3166 5167; x_wconf 81' lang='grc' dir='ltr'>σὰρξ</span> <span class='ocrx_word' id='word_1_897' title='bbox 3194 5097 3503 5167; x_wconf 77' lang='grc' dir='ltr'>γενόμενος’</span> <span class='ocrx_word' id='word_1_898' title='bbox 3526 5089 3613 5157; x_wconf 83' lang='grc' dir='ltr'><strong>οὐχ</strong></span> 
     </span>
    </p>
   </div>
   <div class='ocr_carea' id='block_1_112' title="bbox 2058 5180 3610 5267">
    <p class='ocr_par' dir='ltr' id='par_1_112' title="bbox 2058 5180 3610 5267">
     <span class='ocr_line' id='line_1_112' title="bbox 2058 5180 3610 5267; baseline -0.012 -19"><span class='ocrx_word' id='word_1_899' title='bbox 2058 5199 2091 5267; x_wconf 82' lang='grc' dir='ltr'>ἡ</span> <span class='ocrx_word' id='word_1_900' title='bbox 2117 5194 2212 5248; x_wconf 88' lang='grc' dir='ltr'><strong>τοῦ</strong></span> <span class='ocrx_word' id='word_1_901' title='bbox 2235 5191 2370 5247; x_wconf 87' lang='grc' dir='ltr'>Θεοῦ</span> <span class='ocrx_word' id='word_1_902' title='bbox 2403 5191 2583 5262; x_wconf 81' lang='grc' dir='ltr'>μορφὴ</span> <span class='ocrx_word' id='word_1_903' title='bbox 2608 5189 2730 5244; x_wconf 84' lang='grc' dir='ltr'>καθ’</span> <span class='ocrx_word' id='word_1_904' title='bbox 2761 5189 2981 5258; x_wconf 79' lang='grc' dir='ltr'>ἑαυτὴν,</span> <span class='ocrx_word' id='word_1_905' title='bbox 3007 5186 3122 5240; x_wconf 85' lang='grc' dir='ltr'>ἀλλ’</span> <span class='ocrx_word' id='word_1_906' title='bbox 3151 5189 3210 5240; x_wconf 87' lang='grc' dir='ltr'><strong>ἐν</strong></span> <span class='ocrx_word' id='word_1_907' title='bbox 3233 5189 3298 5256; x_wconf 85' lang='grc' dir='ltr'>τῇ</span> <span class='ocrx_word' id='word_1_908' title='bbox 3331 5184 3421 5238; x_wconf 85' lang='grc' dir='ltr'><strong>τοῦ</strong></span> <span class='ocrx_word' id='word_1_909' title='bbox 3443 5180 3610 5235; x_wconf 82' lang='grc' dir='ltr'>δούλου</span> 
     </span>
    </p>
   </div>
   <div class='ocr_carea' id='block_1_113' title="bbox 2062 5267 3609 5357">
    <p class='ocr_par' dir='ltr' id='par_1_113' title="bbox 2062 5267 3609 5357">
     <span class='ocr_line' id='line_1_113' title="bbox 2062 5267 3609 5357; baseline -0.011 -16"><span class='ocrx_word' id='word_1_910' title='bbox 2062 5289 2243 5357; x_wconf 77' lang='grc' dir='ltr'>μορφῇ</span> <span class='ocrx_word' id='word_1_911' title='bbox 2294 5282 2685 5354; x_wconf 89' lang='grc' dir='ltr'>θεωρούμενος.</span> <span class='ocrx_word' id='word_1_912' title='bbox 2721 5274 2888 5344; x_wconf 79' lang='grc' dir='ltr'>Οὗτος</span> <span class='ocrx_word' id='word_1_913' title='bbox 2926 5274 3022 5332; x_wconf 83' lang='grc' dir='ltr'><strong>οῦν</strong></span> <span class='ocrx_word' id='word_1_914' title='bbox 3072 5280 3252 5342; x_wconf 87' lang='grc' dir='ltr'>ἐστιν,</span> <span class='ocrx_word' id='word_1_915' title='bbox 3283 5280 3311 5331; x_wconf 91' lang='grc' dir='ltr'><strong>ό</strong></span> <span class='ocrx_word' id='word_1_916' title='bbox 3352 5273 3511 5329; x_wconf 77' lang='grc' dir='ltr'>εἰπὼν</span> <span class='ocrx_word' id='word_1_917' title='bbox 3544 5267 3609 5340; x_wconf 82' lang='grc' dir='ltr'>μὴ</span> 
     </span>
    </p>
   </div>
   <div class='ocr_carea' id='block_1_114' title="bbox 2058 5362 3609 5440">
    <p class='ocr_par' dir='ltr' id='par_1_114' title="bbox 2058 5362 3609 5440">
     <span class='ocr_line' id='line_1_114' title="bbox 2058 5362 3609 5440; baseline -0.013 -11"><span class='ocrx_word' id='word_1_918' title='bbox 2058 5374 2315 5430; x_wconf 86' lang='grc' dir='ltr'>δύνασθαί</span> <span class='ocrx_word' id='word_1_919' title='bbox 2345 5390 2396 5426; x_wconf 90' lang='grc' dir='ltr'><strong>τι</strong></span> <span class='ocrx_word' id='word_1_920' title='bbox 2426 5372 2518 5440; x_wconf 84' lang='grc' dir='ltr'><strong>ἀφ’</strong></span> <span class='ocrx_word' id='word_1_921' title='bbox 2545 5368 2742 5424; x_wconf 83' lang='grc' dir='ltr'>ἐαυτοῦ</span> <span class='ocrx_word' id='word_1_922' title='bbox 2773 5371 2965 5432; x_wconf 81' lang='grc' dir='ltr'>ποιεῖν,</span> <span class='ocrx_word' id='word_1_923' title='bbox 2993 5368 3150 5438; x_wconf 82' lang='grc' dir='ltr'>δῆλον</span> <span class='ocrx_word' id='word_1_924' title='bbox 3176 5368 3257 5421; x_wconf 82' lang='grc' dir='ltr'>ὅτι</span> <span class='ocrx_word' id='word_1_925' title='bbox 3285 5364 3415 5420; x_wconf 84' lang='grc' dir='ltr'>καθὸ</span> <span class='ocrx_word' id='word_1_926' title='bbox 3439 5362 3609 5430; x_wconf 81' lang='grc' dir='ltr'>γέγονε</span> 
     </span>
    </p>
   </div>
   <div class='ocr_carea' id='block_1_115' title="bbox 2061 5448 3609 5539">
    <p class='ocr_par' dir='ltr' id='par_1_115' title="bbox 2061 5448 3609 5539">
     <span class='ocr_line' id='line_1_115' title="bbox 2061 5448 3609 5539; baseline -0.012 -16"><span class='ocrx_word' id='word_1_927' title='bbox 2061 5469 2196 5539; x_wconf 81' lang='grc' dir='ltr'>σάρξ</span> <span class='ocrx_word' id='word_1_928' title='bbox 2221 5484 2234 5498; x_wconf 77' lang='grc' dir='ltr'><strong>ο</strong></span> <span class='ocrx_word' id='word_1_929' title='bbox 2262 5467 2323 5519; x_wconf 84' lang='grc' dir='ltr'><strong>τὸ</strong></span> <span class='ocrx_word' id='word_1_930' title='bbox 2351 5465 2458 5535; x_wconf 83' lang='grc' dir='ltr'>γὰρ</span> <span class='ocrx_word' id='word_1_931' title='bbox 2484 5465 2557 5533; x_wconf 82' lang='grc' dir='ltr'>μὴ</span> <span class='ocrx_word' id='word_1_932' title='bbox 2586 5461 2865 5526; x_wconf 85' lang='grc' dir='ltr'>δύνασθαι,</span> <span class='ocrx_word' id='word_1_933' title='bbox 2893 5460 3177 5524; x_wconf 85' lang='grc' dir='ltr'>ἀσθενείας</span> <span class='ocrx_word' id='word_1_934' title='bbox 3204 5459 3369 5513; x_wconf 87' lang='grc' dir='ltr'>ἐστίν.</span> <span class='ocrx_word' id='word_1_935' title='bbox 3409 5456 3490 5515; x_wconf 81' lang='grc' dir='ltr'>Ὠς</span> <span class='ocrx_word' id='word_1_936' title='bbox 3513 5448 3609 5519; x_wconf 83' lang='grc' dir='ltr'>γὰρ</span> 
     </span>
    </p>
   </div>
   <div class='ocr_carea' id='block_1_116' title="bbox 2059 5541 3606 5630">
    <p class='ocr_par' dir='ltr' id='par_1_116' title="bbox 2059 5541 3606 5630">
     <span class='ocr_line' id='line_1_116' title="bbox 2059 5541 3606 5630; baseline -0.012 -16"><span class='ocrx_word' id='word_1_937' title='bbox 2059 5560 2137 5630; x_wconf 81' lang='grc' dir='ltr'>τῷ</span> <span class='ocrx_word' id='word_1_938' title='bbox 2165 5558 2305 5627; x_wconf 75' lang='grc' dir='ltr'>φωτὶ</span> <span class='ocrx_word' id='word_1_939' title='bbox 2331 5557 2393 5610; x_wconf 85' lang='grc' dir='ltr'><strong>τὸ</strong></span> <span class='ocrx_word' id='word_1_940' title='bbox 2423 5556 2632 5619; x_wconf 87' lang='grc' dir='ltr'>σκότος,</span> <span class='ocrx_word' id='word_1_941' title='bbox 2669 5553 2763 5607; x_wconf 72' lang='grc' dir='ltr'><strong>καὶ</strong></span> <span class='ocrx_word' id='word_1_942' title='bbox 2797 5556 2825 5606; x_wconf 90' lang='grc' dir='ltr'>ὁ</span> <span class='ocrx_word' id='word_1_943' title='bbox 2864 5552 3092 5617; x_wconf 82' lang='grc' dir='ltr'>θάνατος</span> <span class='ocrx_word' id='word_1_944' title='bbox 3133 5554 3198 5623; x_wconf 82' lang='grc' dir='ltr'>τῇ</span> <span class='ocrx_word' id='word_1_945' title='bbox 3231 5551 3363 5620; x_wconf 83' lang='grc' dir='ltr'>ζωῇ,</span> <span class='ocrx_word' id='word_1_946' title='bbox 3394 5545 3526 5599; x_wconf 86' lang='grc' dir='ltr'>οὕτω</span> <span class='ocrx_word' id='word_1_947' title='bbox 3549 5541 3606 5608; x_wconf 78' lang='grc' dir='ltr'>τῇ</span> 
     </span>
    </p>
   </div>
   <div class='ocr_carea' id='block_1_117' title="bbox 2560 5699 3605 5769">
    <p class='ocr_par' dir='ltr' id='par_1_117' title="bbox 2560 5699 3605 5769">
     <span class='ocr_line' id='line_1_117' title="bbox 2560 5699 3605 5769; baseline -0.014 -4"><span class='ocrx_word' id='word_1_948' title='bbox 2560 5713 2605 5744; x_wconf 83' lang='grc'><strong><em>³⁵</em></strong></span> <span class='ocrx_word' id='word_1_949' title='bbox 2639 5709 2796 5766; x_wconf 84' lang='lat' dir='ltr'><strong>Joan.</strong></span> <span class='ocrx_word' id='word_1_950' title='bbox 2834 5724 2888 5769; x_wconf 86' lang='lat' dir='ltr'><strong>x,</strong></span> <span class='ocrx_word' id='word_1_951' title='bbox 2919 5707 3008 5761; x_wconf 81' lang='grc'><strong>50.</strong></span> <span class='ocrx_word' id='word_1_952' title='bbox 3110 5707 3151 5738; x_wconf 80' lang='grc'><strong>³⁸</strong></span> <span class='ocrx_word' id='word_1_953' title='bbox 3191 5705 3372 5760; x_wconf 78' lang='lat' dir='ltr'><strong>Matth.</strong></span> <span class='ocrx_word' id='word_1_954' title='bbox 3407 5720 3456 5756; x_wconf 72' lang='lat' dir='ltr'><strong>XI</strong></span> <span class='ocrx_word' id='word_1_955' title='bbox 3480 5743 3493 5766; x_wconf 91' lang='lat'><strong>,</strong></span> <span class='ocrx_word' id='word_1_956' title='bbox 3525 5699 3605 5752; x_wconf 71' lang='lat'><strong>27.</strong></span> 
     </span>
    </p>
   </div>
   <div class='ocr_carea' id='block_1_118' title="bbox 2161 5774 3603 5850">
    <p class='ocr_par' dir='ltr' id='par_1_118' title="bbox 2161 5774 3603 5850">
     <span class='ocr_line' id='line_1_118' title="bbox 2161 5774 3603 5850; baseline -0.015 -9"><span class='ocrx_word' id='word_1_957' title='bbox 2161 5785 2206 5817; x_wconf 82' lang='grc'><strong>²⁰</strong></span> <span class='ocrx_word' id='word_1_958' title='bbox 2237 5783 2392 5839; x_wconf 81' lang='lat' dir='ltr'><strong>Joan.</strong></span> <span class='ocrx_word' id='word_1_959' title='bbox 2438 5800 2487 5850; x_wconf 92' lang='lat' dir='ltr'><strong>v,</strong></span> <span class='ocrx_word' id='word_1_960' title='bbox 2532 5782 2616 5837; x_wconf 74' lang='lat'><strong>19.</strong></span> <span class='ocrx_word' id='word_1_961' title='bbox 2695 5782 2735 5811; x_wconf 84' lang='lat'>&quot;</span> <span class='ocrx_word' id='word_1_962' title='bbox 2777 5776 2934 5833; x_wconf 84' lang='lat' dir='ltr'><strong>Joan.</strong></span> <span class='ocrx_word' id='word_1_963' title='bbox 2963 5791 3063 5844; x_wconf 70' lang='grc' dir='ltr'>κη,</span> <span class='ocrx_word' id='word_1_964' title='bbox 3098 5776 3185 5831; x_wconf 66' lang='grc'><strong>49.</strong></span> <span class='ocrx_word' id='word_1_965' title='bbox 3262 5777 3305 5808; x_wconf 86' lang='grc'>¹¹</span> <span class='ocrx_word' id='word_1_966' title='bbox 3333 5774 3482 5829; x_wconf 82' lang='lat' dir='ltr'><strong>Joan.</strong></span> <span class='ocrx_word' id='word_1_967' title='bbox 3524 5785 3603 5832; x_wconf 77' lang='lat' dir='ltr'><strong>xx,</strong></span> 
     </span>
    </p>
   </div>
  </div>
