3882 6470
367 480 468 537 ἷτθτ

1567 484 1623 542 S.
1664 480 1991 541 GREGORII
2031 480 2321 545 NYSSENI

3535 470 3661 546 δῦν’

366 602 511 673 quod
542 602 816 658 acciderat
848 612 1043 674 praeter
1077 613 1351 672 naturam,
1403 607 1593 662 dicens
1622 625 1635 661 :
1671 608 1802 673 Quis
1854 608 1937 659 di-

2068 608 2197 671 ίάζει
2230 609 2445 663 τέκνον
2496 610 2531 678 ἠ
2587 610 2820 679 suppa,-
2854 606 2986 664 Εἶτα
3028 608 3294 682 ήδρύνετο
3350 564 3415 663 τὺ
3449 609 3643 679 νήπιον

365 702 526 755 :eisset
558 699 860 753 Abrahamo
912 697 1103 754 Seram
1148 699 1321 770 ﬁlium
1368 700 1570 754 lactare
1592 701 1682 754 "1’
1740 699 1940 755 Deinde

368 792 549 846 infans
583 790 808 861 grandis
854 790 1141 852 evadebat,
1193 797 1248 844 et
1288 790 1353 845 ad
1396 790 1930 846 adolescentulorum

369 883 625 939 tendebat
653 891 889 944 aetatem,
927 897 992 937 ac
1020 882 1132 952 iam
1169 896 1302 951 puer
1344 888 1462 937 erat
1492 881 1547 935 in
1576 880 1712 935 norc
1738 880 1937 943 aetatis,

371 980 425 1031 in
458 989 676 1032 summo
702 974 1129 1044 pulchritudinis
1161 976 1379 1042 vigore,”
1407 972 1716 1043 jucundum
1750 986 1945 1043 paren-

370 1074 516 1128 tibus
583 1069 955 1139 spectaculum
1016 1066 1422 1137 pulchritudine
1486 1065 1817 1137 proﬁciens,
1876 1064 1943 1118 ad

373 1179 650 1221 summum
690 1160 1043 1232 progrediens
1089 1159 1266 1214 aetatis
1304 1159 1546 1229 vigorem
1572 1200 1587 1224 ,
1644 1172 1756 1212 una
1819 1171 1944 1211 cum

376 1257 624 1327 corporis
674 1251 1078 1325 pulchritudine
1114 1252 1346 1305 virtutes
1392 1264 1620 1320 augens.
1665 1247 1950 1315 Quomodo

377 1356 599 1419 propter
623 1360 747 1401 cum
780 1343 1005 1399 alii-etes
1036 1341 1209 1398 fuisse
1240 1350 1498 1412 parentes
1526 1339 1823 1395 verisimile
1849 1339 1944 1399 sit,

378 1454 473 1494 vos
524 1452 635 1493 rem
700 1434 1130 1507 cogitationibus
1179 1433 1483 1502 subiectam
1542 1434 1685 1487 intra
1742 1433 1946 1502 vosipsi

378 1527 693 1601 perpendite
722 1532 886 1596 atque
922 1525 1196 1592 iudicate:
1253 1530 1314 1578 ut
1360 1522 1631 1578 alﬂciatur
1661 1531 1815 1593 pater
1867 1523 1949 1576 lu-

376 1622 596 1677 dentem
626 1620 822 1673 videns
852 1617 1045 1682 ﬁlium,
1092 1624 1147 1672 et
1184 1617 1473 1686 palaestras,
1513 1616 1736 1680 litteris,
1781 1615 1952 1671 disci-

379 1711 566 1783 plinis,
610 1709 1034 1781 iucundissimis
1080 1708 1373 1778 aequalium
1427 1708 1662 1765 coetibus
1727 1722 1950 1778 operam

382 1800 650 1857 dantem?
696 1800 906 1855 Interea
955 1800 1272 1870 exploratur
1302 1807 1467 1869 atque
1514 1800 1819 1870 periculum
1871 1800 1950 1866 iit,

383 1898 565 1944 utrum
614 1887 896 1946 dilectioni
948 1902 1077 1959 erga
1129 1887 1298 1944 Deum
1336 1889 1649 1959 patriarcha
1683 1890 1808 1961 plus
1858 1892 1956 1945 tri-

2044 703 2162 756 κατ’
2187 701 2386 770 ὀλίγον,
2413 703 2507 755 καὶ
2538 703 2617 766 είς
2645 703 2744 772 τὴν
2773 701 2879 756 τῶν
2908 702 3207 773 μειρακίων
3238 701 3473 773 ἡλικίαν
3502 699 3645 770 ἔτρε-

2044 810 2158 864 χεν,
2198 793 2290 846 καὶ
2319 792 2419 864 ἤδη
2453 796 2582 856 παῖς
2609 788 2676 864 ἦν
2713 794 2769 845 ὲν
2800 791 2952 847 ἄνθει
2979 794 3079 864 τῆς
3110 791 3362 862 ἡλικίας,
3391 793 3453 844 tv
3489 792 3642 863 ἀκμῇ

2042 886 2142 957 τῆς
2172 885 2341 957 ὥρας,
2373 884 2543 953 γλυκὺ
2574 883 2751 954 θέαμα
2769 884 2883 946 τοῖς
2911 883 3366 955 γεννησαμένοις,
3384 885 3469 947 εἰς
3497 882 3647 952 ὦραν

2046 976 2333 1041 ἐπιδιδοὺς,
2367 978 2448 1040 είς
2489 977 2674 1048 ἀκμὴν
2712 976 2938 1049 προῖὼν,
2971 976 3071 1040 τὰς
3102 977 3199 1047 τῆς
3225 975 3420 1047 ψυχῆς
3446 973 3648 1045 ἀρετάς

2050 1068 2327 1135 συναύξων
2354 1068 2432 1140 τῷ
2459 1069 2643 1123 κάλλει
2666 1071 2761 1123 τοῦ
2790 1070 3062 1141 σώματος.
3094 1069 3288 1131 Ὀπως
3316 1066 3471 1138 ἔχειν
3503 1065 3649 1129 είκδς

2048 1160 2134 1215 ἐπ’
2180 1159 2328 1231 αὑτῷ
2369 1161 2495 1224 τοὺς
2541 1161 2931 1232 γεννήσαντας,
2965 1161 3121 1230 ὑμεῖς
3158 1157 3217 1211 τὸ
3253 1158 3503 1228 πρᾶγμα
3540 1157 3649 1220 τοῖς

2047 1252 2327 1323 λογισμοῖς
2381 1251 2690 1318 ὑποθέντες,
2744 1254 2803 1307 tv
2854 1253 3070 1314 ἑαυτοῖς
3116 1249 3446 1314 ἐξετάσατε·
3503 1247 3648 1308 ὅπως

2048 1343 2343 1397 διατίθεται
2383 1344 2568 1415 πατὴρ
2598 1342 2861 1408 παίζοντα
2905 1342 3117 1414 βλέπων
3152 1339 3297 1406 υἱὸν,
3353 1340 3454 1392 καὶ
3489 1354 3652 1390 σπου-

2049 1434 2277 1500 δάζοντα
2309 1434 2366 1488 tv
2391 1434 2773 1508 παλαίστραις,
2817 1437 2875 1489 tv
2914 1434 3176 1495 παιδιαῖς,
3207 1432 3272 1486 tv
3321 1429 3647 1500 μαθήμασιν

2051 1526 2086 1599 ἢ
2131 1528 2188 1579 tv
2225 1528 2344 1591 ταῖς
2376 1526 2618 1597 ἡδίσταις
2652 1526 2762 1580 τῶν
2808 1524 3115 1597 ἡλικιωτῶν
3160 1521 3513 1584 συνουσίαις.
3565 1518 3652 1570 Ἐν

2054 1620 2260 1684 τούτοις
2291 1621 2453 1690 πεῖρα
2498 1619 2831 1691 προσάγεται
2863 1618 2941 1689 τῷ
2973 1616 3294 1689 πατριάρχῃ
3343 1614 3444 1667 καὶ
3487 1611 3651 1682 βάσα-

2053 1727 2162 1774 νος,
2195 1710 2301 1764 τίνι
2322 1710 2386 1764 τὸ
2415 1708 2576 1765 πλέον
2604 1710 2779 1781 νέμει,
2807 1712 2873 1782 τῇ
2904 1710 3040 1782 πρὸς
3073 1709 3166 1762 τὸν
3194 1707 3337 1760 Θεὸν
3364 1705 3582 1776 ἀγάπῃ.
3615 1701 3647 1772 ἢ

2054 1808 2121 1877 τῇ
2152 1806 2280 1877 περὶ¹
2304 1805 2405 1877 τὴν
2430 1805 2591 1875 φύσιν
2619 1807 2780 1877 ῥοπῇ.
2812 1807 3024 1878 Φρίττω
3054 1804 3258 1878 μεταξὺ
3290 1801 3650 1873 διηγούμενος

2056 1896 2118 1950 τὸ
2147 1895 2245 1968 τῆς
2283 1895 2477 1968 πείρας
2508 1895 2803 1968 ἀπότομον.
2840 1895 3186 1968 Χρηματίζει
3225 1895 3399 1950 πάλιν
3440 1896 3471 1947 6
3501 1891 3649 1954 Θεὸς,

381 1982 601 2046 buerct,
649 1994 718 2035 an
754 1980 1109 2052 propensioni
1170 1994 1299 2052 erga
1352 1987 1625 2035 naturam.
1684 1960 1957 2038 Horresco

2068 1986 2152 2040 καὶ
2185 1960 2572 2057 προσκαλεῖται
2601 1960 2697 2040 τὸν
2729 1960 2982 2051 αὑτὸν-ἑξ
3015 1987 3284 2057 ὀνόματος
3309 2002 3324 2015 ’
3358 1986 3390 2037 6
3426 1984 3485 2037 δὲ
3521 1998 3649 2052 προ·

381 2076 511 2130 dum
542 2088 756 2144 expono
784 2073 1108 2128 tentationis
1142 2071 1544 2129 vehementiam
1582 2083 1746 2143 atque
1807 2074 1956 2144 peri-

381 2164 490 2218 culi
522 2162 887 2217 atrocitatem.
914 2160 1061 2217 Deus
1090 2177 1287 2218 rursus
1319 2161 1655 2232 coiloquitur
1678 2177 1804 2217 cum
1837 2164 1954 2229 illo,

382 2270 447 2310 ac
494 2254 814 2310 nominatim
851 2253 1087 2324 appellat
1130 2252 1426 2320 eumdem;
1478 2261 1642 2324 atque
1680 2254 1772 2309 ille
1806 2254 1952 2309 haud

2062 2076 2250 2147 θύμως
2304 2077 2570 2131 ὑπακούει
2611 2080 2679 2150 τῇ
2719 2078 2931 2150 ἱιλήσει,
2979 2079 3037 2144 ἐξ
3078 2070 3152 2133 ὧν
3201 2076 3309 2148 ήδη
3362 2075 3653 2144 τετυχήκει

2062 2166 2279 2230 πάντως
2328 2167 2647 2240 προσθήκην
2692 2169 2953 2241 δευτέρας
2988 2169 3213 2241 χάριτος
3267 2166 3647 2237 ἐκδεχόμενος.

2076 2256 2235 2311 Ἀλλὰ
2261 2257 2324 2311 τὸ
2354 2259 2654 2331 ἐπίταγμα,
2685 2260 2768 2329 τί;

382 2355 706 2402 cunctanter
732 2347 885 2401 dicto
923 2345 1152 2401 audiens
1204 2353 1291 2401 est
1331 2346 1574 2413 vocanti,
1620 2361 1685 2402 ex
1735 2348 1805 2402 iis
1863 2350 2132 2420 quatiam
2187 2363 2520 2410 consecutus
2570 2362 2709 2420 erat,
2756 2353 2985 2411 secundi
3029 2353 3162 2408 doni
3212 2350 3648 2407 additamentum

386 2454 611 2511 prorsus
647 2444 995 2508 exspectans.
1029 2435 1137 2493 Sed
1166 2436 1412 2507 iubetur,
1433 2435 1610 2507 quid?

460 2534 653 2604 Accipe
676 2534 826 2600 mihi,
862 2533 1061 2604 inquit,
1085 2532 1258 2602 ﬁlium
1295 2539 1441 2586 tuum
1462 2532 1531 2587 ".
1567 2530 1823 2586 Nondum
1858 2530 1963 2587 for-

386 2635 533 2684 tasse
567 2643 664 2683 cor
700 2627 873 2698 patris
905 2625 1081 2680 oratio
1113 2624 1391 2696 percutit:
1423 2623 1585 2695 plane
1629 2622 1775 2678 enim
1813 2622 1965 2693 ejus-

387 2718 532 2773 modi
569 2718 696 2789 qnid
721 2717 1058 2788 suspicatur,
1086 2714 1348 2770 nimirum
1380 2714 1528 2786 quod
1553 2715 1759 2785 nuptiis
1793 2714 1962 2768 lilium

386 2810 648 2881 copulare
668 2809 933 2881 iussurus
959 2815 1178 2864 essetet
1202 2808 1612 2863 matrimonium
1633 2807 1962 2871 accelerare,

390 2911 448 2956 ut
479 2910 733 2958 eventum
763 2900 1055 2958 sortiretur
1084 2899 1398 2956 benedictio
1426 2914 1596 2971 super
1627 2899 1841 2955 semine
1885 2898 1967 2953 fa-

394 3004 503 3051 cta.
533 2994 640 3049 Sed
673 2995 956 3050 videamus
983 2993 1115 3064 quid
1143 2992 1434 3062 adiiciatur
1466 2992 1742 3048 orationi:
1779 2991 1982 3059 Accipe-

392 3088 541 3152 mihi,
582 3087 779 3157 inquit,
833 3086 1006 3156 ﬁlium
1065 3093 1213 3139 tuum
1245 3086 1405 3139 istum
1455 3082 1749 3149 dilectum,
1798 3085 1963 3138 istum

393 3179 743 3249 unigenitum.
786 3177 926 3233 Vide
959 3176 1212 3234 stimulos
1265 3176 1556 3239 orationis,
1606 3176 1964 3247 quemadmo-

2131 2539 2287 2594 Λάϐε
2332 2555 2458 2608 μοι,
2499 2536 2662 2607 φησὶ,
2694 2536 2803 2590 τὸν
2842 2536 2978 2591 υἱόν
3020 2551 3157 2592 σου.
3211 2533 3389 2592 Οῦπω
3432 2536 3650 2607 πλήσσει

2060 2627 2200 2700 τάχα
2231 2629 2325 2683 τοῦ
2357 2627 2561 2700 πατρὸς
2594 2627 2692 2699 τὴν
2726 2625 2952 2699 καρδίαν
2984 2628 3014 2681 6
3052 2626 3241 2697 λόγος·
3287 2627 3512 2690 πάντως
3552 2624 3653 2694 γὰρ

2059 2718 2299 2775 τοιοῦτον
2346 2718 2762 2789 ὑπολογίζεται,
2803 2720 2887 2773 ὅτι
2936 2719 3100 2789 γάμῳ
3149 2718 3501 2790 συναρμόσαι
3540 2715 3649 2769 δια-

2061 2810 2343 2864 κελεύεται
2370 2810 2466 2864 καὶ
2493 2808 2818 2864 ἐπισπεῦσαι
2845 2808 2937 2863 τὸν
2961 2809 3225 2880 θάλαμον,
3258 2810 3340 2874 ὡς
3364 2808 3433 2862 ἂν
3460 2808 3539 2871 είς
3570 2805 3652 2858 πέ-

2069 2920 2170 2974 ρας
2198 2902 2340 2957 ἔλθοι
2362 2904 2396 2974 ή
2420 2904 2511 2956 ἐπὶ
2536 2901 2629 2956 τοῦ
2656 2901 2972 2974 σπέρματος
3000 2900 3239 2970 εὐλογία.
3288 2899 3432 2954 Ἀλλ’
3466 2900 3650 2969 ἴδωμεν

2066 2994 2164 3065 τὴν
2196 2993 2512 3067 προσθήκην
2536 2994 2630 3049 τοῦ
2656 2994 2836 3062 λόγου·
2867 2992 3022 3049 Λάϐε
3043 3010 3165 3064 μοι,
3199 2990 3367 3065 φησὶ,
3392 2992 3501 3046 τὸν
3527 2992 3650 3051 υἱόν

2068 3101 2185 3142 σου
2208 3087 2316 3141 τὸν
2346 3086 2677 3155 ἀγαπητὸν,
2704 3087 2807 3140 τὸν
2827 3083 3146 3155 μονογενῆ.
3183 3086 3338 3156 Ὅρα
3364 3084 3431 3138 τά
3460 3083 3647 3153 κέντρα

2065 3177 2158 3231 τοῦ
2184 3176 2365 3245 λόγου,
2389 3176 2506 3241 πῶς
2533 3178 2713 3229 κεντεῖ
2736 3176 2830 3230 τοῦ
2853 3176 3056 3249 πατρὸς
3075 3176 3145 3230 τὰ
3167 3176 3460 3248 σπλάγχνα
3483 3194 3498 3207 ·
3543 3173 3649 3236 πῶς

394 3275 523 3330 ιΙιιιη
568 3277 773 3342 pungat
817 3270 1031 3325 viscera
1081 3267 1272 3338 patris.
1322 3264 1395 3323 Ut
1446 3267 1631 3322 eliciat
1692 3266 1963 3321 ﬂammam

2071 3267 2417 3342 ἁναρῤιπίζει
2447 3269 2546 3340 τὴν
2586 3269 2685 3339 τῆς
2730 3268 2946 3338 φύσεως
2984 3267 3187 3336 φλόγαο
3225 3267 3353 3332 πῶς
3394 3264 3649 3335 ἀνεγείρει

393 3372 644 3430 naturae;
680 3371 739 3415 ut
792 3360 998 3415 excitet
1035 3358 1350 3415 incendium
1404 3357 1648 3420 amoris,
1702 3365 1758 3412 et
1797 3356 1966 3411 illium

2070 3362 2132 3416 τὸ
2158 3362 2397 3432 φίλτρον,
2428 3361 2524 3415 καὶ
2552 3360 2665 3414 υίδν
2692 3360 2972 3433 ἀγαπητὸν
3002 3360 3097 3414 καὶ
3141 3358 3414 3432 μονογενῆ
3444 3356 3643 3412 καλῶν·

393 3456 655 3512 dilectum
685 3462 737 3509 et
767 3453 1108 3522 unigenitum
1153 3464 1401 3516 vocans;
1443 3456 1503 3503 ut
1548 3464 1644 3520 per
1695 3448 1963 3520 ejusmodi

2071 3453 2144 3517 ὡς
2172 3453 2236 3506 ἂν
2258 3451 2345 3505 διὰ
2372 3450 2480 3505 τῶν
2508 3451 2766 3505 τοιούτων
2785 3450 3060 3521 ὀνομάτων
3100 3449 3158 3503 tt
3183 3448 3413 3521 φίλτρον
3443 3448 3501 3502 τὸ
3525 3444 3648 3517 πρὸς

393 3545 614 3601 nomina
636 3541 1020 3599 elfervesceret
1045 3553 1173 3610 erga
1222 3553 1348 3595 eum
1388 3538 1594 3594 amoris
1634 3537 1737 3593 vis.
1774 3536 1841 3592 Et
1875 3537 1971 3592 ubi

393 3650 673 3706 accepero.
716 3634 853 3702 quid
881 3631 1127 3687 faciam?
1148 3630 1298 3702 Οπὶιο
1325 3630 1472 3695 mihi,
1511 3630 1710 3701 inquit.
1755 3631 1837 3684 An
1883 3644 1973 3685 sa-

392 3725 674 3781 cerdotem
694 3724 1031 3779 constituere
1059 3721 1241 3791 iubes,
1291 3737 1454 3792 quem
1478 3721 1674 3777 oﬂerre
1710 3722 1972 3792 praecpi-

397 3814 516 3870 sti?
550 3814 669 3871 Non
719 3814 1083 3878 sacerdotem,
1136 3813 1233 3869 sed
1286 3814 1521 3871 hostiam
1564 3822 1621 3870 et
1669 3815 1970 3879 victimam,

396 3921 519 3979 quae
549 3921 646 3976 per
700 3904 1031 3961 sacrificium
1083 3905 1192 3975 igni
1254 3912 1367 3961 tota
1428 3906 1771 3960 absumatur.
1826 3904 1974 3975 Olfer

395 3997 549 4061 mihi,
577 3995 784 4066 inquit,
818 3995 872 4049 in
922 3994 1250 4063 sacriﬁcium
1301 3995 1602 4049 holocausti
1662 3996 1719 4048 in
1774 4005 1971 4059 monte,

395 4104 753 4162 quemcunque
780 4088 874 4141 tibi
904 4094 1288 4142 monstravere.
1318 4086 1606 4152 Quomodo
1631 4086 1807 4142 ati'ecti
1838 4087 1974 4143 estis

398 4181 768 4236 narrationem
809 4178 1119 4241 audientes,
1151 4177 1473 4248 quicunque
1515 4187 1700 4249 patres
1737 4179 1873 4236 estis
1920 4188 1975 4235 et

397 4273 603 4329 amoris
633 4286 762 4343 erga
793 4270 996 4325 liberos
1041 4268 1388 4325 aliectionem
1438 4270 1514 4326 ab
1557 4278 1754 4325 natura
1808 4285 1972 4327 acce-

397 4372 544 4436 ptam
590 4363 859 4419 habetis?
908 4360 1097 4418 Nostis
1150 4361 1313 4433 plane
1366 4370 1427 4417 ut
1485 4363 1761 4434 accipiant
1813 4378 1977 4419 aures

400 4467 637 4528 paterna:
682 4456 950 4528 unigeniti
983 4454 1077 4509 lilii
1104 4455 1516 4510 mactationem.
1551 4452 1688 4521 Quis
1733 4470 1845 4510 non
1876 4454 1976 4510 ob-

275 4547 287 4558 “
403 4547 702 4618 stupuissct
748 4555 803 4600 et
841 4546 1109 4600 attonitus
1156 4542 1356 4601 fuisset
1412 4545 1481 4600 ad
1545 4547 1690 4601 hanc
1741 4546 1978 4601 vocem?

400 4639 534 4706 Quis
564 4650 726 4693 aures
762 4652 869 4690 non
901 4637 1233 4692 avertisset?
1257 4636 1394 4703 Quis
1423 4639 1479 4693 in
1504 4637 1667 4708 iusso
1692 4639 1975 4709 accipien-
2008 4624 2054 4680 υ

399 4734 472 4788 do
501 4731 683 4805 potius
713 4737 998 4786 emortuus
1020 4745 1128 4786 non
1162 4738 1331 4797 esset,
1360 4744 1524 4801 quam
1558 4730 1614 4785 in
1650 4745 1746 4786 cor
1774 4732 1977 4787 admit-

400 4834 541 4880 teret
570 4821 872 4877 orationem
895 4820 923 4874 *ί
946 4821 1029 4875 An
1063 4836 1174 4877 non
1204 4821 1404 4877 merito
1453 4834 1518 4875 ac
1566 4820 1693 4891 iure
1736 4835 1863 4876 cum
1911 4836 1979 4877 eo

398 4913 842 4987 expostulasset,
894 4912 1069 4982 ipsam
1109 4919 1362 4967 naturam
1412 4925 1513 4981 pro
1574 4926 1636 4966 se
1685 4919 1977 4982 patronam

399 5021 681 5079 opponens
704 5045 718 5070 ,
748 5021 812 5062 ac
839 5004 1088 5069 dixisset,
1130 5002 1242 5059 Cur
1291 5004 1408 5059 base
1441 5043 1456 5067 ,
1483 5003 1732 5071 Domine,
1760 5005 1975 5076 iubes?

402 5101 678 5156 idcircone
715 5105 925 5169 patrem
960 5098 1158 5157 fecisti,
1198 5105 1259 5150 ut
1289 5096 1385 5150 lilii
1433 5111 1815 5166 percussorem
1851 5097 1976 5151 red-

400 5193 560 5247 deres
581 5190 607 5245 ?
632 5189 911 5245 idcircone
933 5202 1019 5243 me
1042 5187 1206 5256 huius
1228 5187 1356 5242 doni
1381 5186 1728 5242 dulcedinem
1751 5194 1976 5257 gustare

402 5281 613 5346 fecisti,
663 5288 725 5334 ut
776 5277 981 5334 mundo
1059 5274 1299 5331 fabulam
1353 5290 1441 5331 me
1493 5274 1782 5332 eliiceres?
1842 5274 1977 5330 Meis

403 5372 574 5443 ipsius
604 5372 857 5427 manibus
894 5370 1063 5425 tilium
1097 5368 1412 5433 trucidabo,
1436 5375 1491 5423 et
1521 5378 1812 5438 cognatum
1847 5383 1978 5422 san-

404 5462 622 5532 guinem
662 5463 760 5516 tibi
793 5462 1020 5526 libabo?
1063 5460 1130 5514 Et
1179 5467 1237 5514 tu
1284 5459 1401 5514 haec
1426 5456 1611 5528 iubes,
1657 5466 1715 5514 et
1773 5458 1978 5512 talibus

404 5552 645 5607 victimis
674 5552 1007 5609 delectaris?
1047 5550 1377 5606 lnterﬁciam
1435 5550 1604 5605 lilium
1673 5567 1702 5603 a
1745 5564 1857 5620 quo
1892 5563 1979 5603 me

406 5644 679 5711 sepultum
727 5643 792 5697 iri
841 5645 1097 5713 speravi?
1154 5640 1510 5712 Eiusmodine
1550 5641 1600 5696 ei
1655 5649 1978 5697 construam

406 5733 744 5787 thalamum?
769 5730 1031 5788 Talemne
1058 5733 1110 5788 ei
1138 5735 1380 5788 laetitiam
1409 5732 1724 5803 nuptiarum
1767 5746 1978 5802 pracpa-

474 5913 519 5945 τθ
563 5912 695 5967 Gen.
742 5927 852 5975 XXI,
886 5911 937 5961 7.
1018 5910 1060 5940 "
1103 5909 1235 5963 Gen.
1276 5924 1409 5974 xxxi,
1443 5908 1475 5961 9.
1506 5924 1625 5977 ειμι.

2073 3545 2232 3600 αὑτὸν
2255 3543 2589 3611 άναζέσειεν.
2620 3539 2751 3597 Εἶτα
2780 3541 2960 3597 λαϐὼν
2984 3542 3037 3595 τί
3066 3543 3319 3614 mettica);
3362 3534 3648 3609 Ἁνένεγκέ

2068 3657 2193 3709 μοι,
2228 3636 2381 3708 φησί.
2421 3637 2514 3708 Μὴ
2563 3635 2712 3707 ίερέα
2757 3637 3092 3706 καταστῆσαι
3122 3635 3375 3699 κελεύεις
3404 3675 3419 3699 ,
3459 3631 3518 3686 6v
3558 3631 3644 3683 άν-

2074 3731 2318 3799 ενεγκεῖν
2349 3726 2683 3798 προσέταξας
2709 3742 2726 3794 ;
2762 3726 2872 3795 Οὐχ
2903 3725 3072 3794 ἱερέα,
3104 3723 3242 3779 ἀλλὰ
3274 3723 3430 3794 θῦμα
3457 3718 3548 3774 καὶ
3582 3718 3647 3770 ίε·

2079 3822 2217 3893 ρεϊον
2264 3817 2353 3874 διὰ
2392 3818 2583 3881 θυσίας
2636 3815 3096 3887 ὁλοκαυτούμενον
3116 3856 3129 3869 .
3183 3812 3503 3884 Ἀνένεγκέ
3532 3824 3643 3881 μοι,

2076 3911 2262 3981 φησὶν,
2282 3911 2371 3976 εἰς
2408 3907 2831 3977 ὀλοκάρπωσιν
2853 3905 2952 3960 ἐπὶ
2977 3904 3087 3959 τοῦ
3109 3904 3311 3974 ὄρους,
3339 3899 3412 3960 οὗ
3436 3901 3542 3956 ἐάν
3558 3912 3645 3953 σοι

2075 4003 2273 4067 δείξω.
2301 4002 2367 4056 Τί
2398 4000 2700 4056 πεπόνθατε
2725 3997 3018 4060 ἀκούοντες
3040 3996 3135 4050 τοῦ
3160 3996 3518 4069 διηγήματος,
3543 3989 3645 4042 ὅσοι

2076 4095 2313 4167 πατέρες
2354 4093 2497 4159 ἐστὲ,
2533 4092 2630 4147 καὶ
2668 4092 2773 4163 τὴν
2815 4091 2953 4163 πρὸς
2997 4090 3124 4152 τοὺς
3176 4089 3377 4151 παῖδας
3432 4077 3643 4153 στοργήν

2077 4186 2228 4259 παρά
2256 4187 2357 4258 τῆς
2387 4185 2603 4256 φύσεως
2641 4183 2998 4255 ὲδιδάχθητε;
3030 4180 3228 4235 οἴδατε
3268 4180 3484 4239 πάντως
3513 4174 3645 4229 ὅπως

2074 4277 2290 4349 δέχεται
2322 4277 2531 4349 πατρὸς
2553 4276 2691 4347 ἀκοὴ
2729 4273 3050 4347 μονογενοῦς
3081 4273 3274 4327 τέκνου
3308 4269 3535 4342 σφαγήν.
3562 4260 3644 4316 Τῖ-

2075 4386 2165 4433 νος
2205 4369 2307 4423 οὐκ
2349 4363 2419 4440 ἧν
2464 4367 2883 4438 καταπλαγῆναι
2931 4366 3069 4438 πρὸς
3115 4366 3213 4437 τὴν
3260 4364 3476 4434 φωνήν;
3524 4357 3643 4410 ἀπο-

2079 4460 2307 4530 στρέψαι
2353 4460 2452 4530 τὴν
2497 4460 2709 4531 άκοήν;
2756 4452 3133 4519 ἐναποθανεῖνῖ
3154 4455 3231 4528 τῷ
3280 4451 3639 4527 προστάγματι

2082 4552 2280 4624 μᾶλλον
2302 4553 2335 4622 ἢ
2368 4553 2437 4624 τῇ
2465 4551 2664 4624 καρδίᾳ
2691 4550 2783 4604 τὸν
2807 4550 2964 4620 λόγον
2993 4548 3289 4616 Missam;
3318 4547 3436 4602 Οὐκ
3462 4542 3525 4597 ἂν
3549 4535 3643 4591 ὲδι-

2081 4639 2407 4711 καιολογήοη
2439 4638 2577 4709 πρὸς
2613 4638 2797 4703 αὑτὸν,
2846 4636 3015 4710 αὐτὴν
3042 4637 3140 4709 τὴν
3172 4636 3335 4707 φύσιν
3369 4632 3645 4701 συνήγορῦν

2077 4731 2274 4786 ἑαυτοῦ
2318 4730 2802 4802 προστησάμενος,
2846 4728 2912 4782 Τί
2948 4728 3125 4783 ταῦτα
3156 4726 3540 4801 προστάσσεις,
3566 4712 3644 4768 λέ-

2079 4839 2211 4891 γων,
2240 4816 2285 4875 ὦ
2310 4821 2515 4896 Κύριε;
2545 4821 2644 4874 Διά
2679 4820 2838 4875 τοῦτο
2870 4820 3081 4892 πατέρα
3105 4819 3390 4890 ἐποίησας,
3416 4814 3500 4868 (va
3530 4821 3641 4896 ttat-

2077 4912 2325 4967 δοκτόνον
2354 4894 2680 4985 ἀπεργάσῃ;
2706 4911 2805 4965 Διά
2831 4910 2990 4964 τοῦτό
3022 4927 3090 4982 με
3108 4911 3209 4981 τῆς
3240 4905 3492 4979 γλυκείας
3518 4894 3637 4953 ταύο

2077 5021 2178 5073 της
2220 5003 2449 5071 ἕγευσας
2474 5003 2702 5074 δωρεᾶς,
2733 5002 2822 5057 ἵνα
2848 5001 3016 5073 μῦθόν
3055 5019 3123 5073 με
3157 5002 3389 5072 ποιήσῃς
3418 4993 3491 5065 τῷ
3517 4989 3634 5074 βίῳξ

2081 5072 2216 5161 Ταῖς
2238 5095 2476 5166 ἐμαυτοῦ
2517 5072 2672 5166 χερσὶ
2712 5072 3065 5164 κατασφάξω
3083 5094 3174 5147 τὸν
3213 5093 3408 5154 παῖδα,
3439 5085 3527 5139 καὶ
3553 5072 3636 5131 τοῦ

2083 5187 2380 5257 συγγενοῦς
2429 5187 2661 5259 αἵματος
2700 5188 2910 5241 σπείσω
2956 5203 3073 5253 σοι;
3107 5186 3218 5239 Καὶ
3259 5186 3323 5239 σὺ
3356 5179 3518 5235 ταῦτα
3560 5184 3641 5223 κε-

2081 5279 2276 5343 λεύεις,
2306 5279 2403 5332 καὶ
2442 5277 2717 5342 τοιαύταις
2746 5278 3017 5350 ὲπιτέρπῃ
3047 5275 3294 5343 θυσίαις;
3336 5260 3637 5325 Ἀποκτείνω

2083 5371 2175 5425 τὸν
2213 5371 2345 5435 υἱὸν,
2387 5370 2477 5441 ὑφ’
2516 5364 2577 5425 οὗ
2611 5370 2949 5442 ταφήσεσθαι
2982 5368 3384 5440 προσεδόκησα;
3410 5351 3637 5415 Τοιοῦτον

2085 5462 2233 5533 αὑτῷ
2260 5462 2416 5534 πήξω
2448 5463 2539 5516 τὸν
2570 5461 2840 5533 θάλαμον;
2870 5461 3140 5532 Τοιαύτην
3164 5458 3312 5529 αὐτῷ
3341 5455 3434 5526 τὴν
3460 5448 3632 5540 εὗῗροξ

2087 5552 2253 5622 σύνην
2284 5552 2689 5624 παρασκευάσω
2724 5551 2820 5605 τοῦ
2853 5551 3069 5622 γάμου;
3105 5552 3214 5604 Καὶ
3243 5549 3361 5620 ἆψω
3397 5540 3477 5599 ἐπ’
3504 5534 3635 5624 ait“?

2082 5642 2203 5712 οὐχὶ
2224 5622 2482 5712 λαμπάδα
2511 5642 2779 5714 γαμήλιον
2799 5682 2815 5707 ,
2854 5641 2990 5696 ἀλλὰ
3029 5641 3142 5714 πῦρ
3172 5640 3479 5707 ὲπιτάφιον;
3510 5622 3630 5679 οὐκ·

2068 5733 2177 5787 ὀῦν
2223 5731 2314 5786 ἐπὶ
2364 5732 2573 5797 τούτοις
2607 5734 2700 5787 καὶ
2745 5731 3189 5803 στεφανώσομαη
3228 5730 3408 5788 Οὕτως
3465 5718 3631 5784 ἔσομαί
