3882 6422
178 481 272 538 θθίῑ
484 522 487 533 .
1070 485 1156 542 DE
1180 484 1481 544 DEITATE
1523 486 1681 544 FlLll
1708 488 1797 544 ΕΤ
1844 482 2174 549 SPlRlTUS
2215 490 2484 549 SANCTI.

3312 495 3416 553 570

175 600 337 672 πατὴρ
372 598 560 669 ἐθνῶν,
599 604 626 657 6
664 604 796 676 μηδὲ
829 605 1013 669 mea;
1054 607 1530 679 συγχωρούμενος;
1574 603 1717 679 τΛρά

1826 611 2000 665 rabo?
2037 611 2099 665 Et
2133 612 2255 680 ejus
2295 612 2520 668 nomine
2554 611 2854 668 accendant
2912 630 3021 669 non
3058 616 3255 670 taedam
3311 634 3414 671 nu-

170 711 212 746 τι
250 692 478 746 τοιοῦτον
524 689 672 748 εἶπεν
703 696 732 748 6
758 696 1026 767 ’Δδραάμ,
1060 696 1093 767 ἢ
1146 699 1458 768 ἐνενόησεν;
1508 698 1720 770 Οΰμεν-

169 804 263 839 ουν.
306 786 438 839 Ἀλλ’
467 787 649 858 ἐπειδὴ
679 788 772 842 τὸν
804 790 1004 844 σκοπὸν
1038 787 1142 844 εἶδε
1173 792 1265 845 τοῦ
1324 793 1716 864 ἐπιτάγματος,

168 877 284 945 πρὸς
310 876 403 948 τὴν
429 876 579 931 θείαν
602 880 907 950 ἀναϐλέψας
936 882 1179 954 ἀγάπην,
1211 883 1372 948 εὐθὺς
1425 884 1525 956 τὴν
1559 884 1721 953 φύσιν

167 968 426 1037 ἠγνόησεν,
454 972 550 1023 καὶ
572 958 682 1025 οἷόν
703 990 755 1027 τι
784 974 983 1041 γεῶδες
1011 974 1175 1046 ἄχθος
1202 976 1300 1040 τὰς
1328 977 1596 1047 ἐμπαθεῖς
1621 976 1722 1046 τῆς

166 1059 356 1128 φύσεως
384 1061 649 1125 διαθέσεις
677 1065 1118 1135 ἀποδυσάμενος,
1154 1066 1273 1120 ὅλον
1302 1067 1500 1120 ἔδωκεν
1526 1067 1720 1121 ἑαυτὸν

164 1148 229 1218 τῷ
270 1149 398 1220 Θεῷ,
456 1152 552 1204 καὶ
587 1151 681 1205 τοῦ
730 1155 1152 1226 προστάγματος
1193 1152 1294 1229 ἦν’
1336 1158 1431 1211 καὶ
1483 1156 1608 1211 οὔτε
1651 1161 1717 1231 τῇ

165 1245 351 1312 γαμετῇ
384 1244 510 1313 περὶ
541 1246 731 1298 τούτου
774 1246 1199 1315 ἀνεκοινώσατο,
1248 1248 1428 1311 καλῶς
1458 1265 1520 1316 γε
1550 1250 1721 1301 ποιῶν

166 1331 245 1383 καὶ
288 1331 576 1399 λυσιτελῶς
614 1336 813 1407 ἐαυτῷ,
853 1337 1233 1403 ἀναξιόπιστον
1285 1342 1364 1403 εἰς
1412 1340 1722 1413 συμϐουλὴν

165 1422 333 1493 κρίνας
361 1424 422 1477 τ’)
451 1425 606 1497 θῆλυ.
640 1428 775 1482 Οὐδὲ
805 1430 916 1500 γάρ
948 1429 1025 1500 τῷ
1073 1431 1244 1501 Ἀδὰμ
1290 1435 1591 1502 συνήνεγκε
1621 1433 1723 1506 τὴν

168 1514 447 1586 συμϐουλὴν
483 1517 763 1591 δεξαμένῳ
788 1521 887 1592 τῆς
914 1520 1079 1587 Εὔας.
1114 1523 1215 1577 Διά
1246 1525 1403 1577 τοῦτο
1428 1525 1503 1589 ὼς
1550 1525 1617 1580 ἂν
1645 1527 1719 1597 μὴ

169 1605 292 1677 πάθῃ
319 1623 369 1659 τι
404 1612 711 1676 γυναικεῖον
744 1610 839 1663 καὶ
886 1613 1138 1685 μητρῷον
1188 1616 1220 1684 ἡ
1257 1616 1466 1687 Σάρρα,
1517 1617 1611 1669 καὶ
1659 1617 1722 1671 τὸ

168 1695 367 1768 σφοδρόν
390 1715 449 1752 τε
481 1701 577 1753 καὶ
604 1701 903 1772 ἀκραιφνὲς
932 1704 1032 1776 τῆς
1060 1705 1197 1776 πρὸς
1220 1706 1312 1760 τὸν
1337 1708 1471 1761 Θεὸν
1500 1710 1722 1779 ἀγάπης

1823 701 2065 772 ptialem,
2107 702 2203 757 sed
2238 717 2431 773 rogum
2481 702 2894 772 sepulcralem?
2934 703 3078 773 Ergo
3125 722 3294 777 super
3330 707 3417 764 his

1821 794 1984 847 etiam
2035 793 2391 849 coronabor?
2420 792 2571 848 Itane
2622 808 2719 849 ero
2766 803 2924 866 pater
2969 796 3213 867 gentium
3246 838 3261 863 ,
3325 798 3415 853 cui

1821 898 1999 950 neque
2036 883 2128 938 ﬁlii
2159 885 2324 939 unius
2356 899 2480 940 esse
2507 893 2715 954 patrem
2742 900 3070 944 concessum
3103 888 3217 944 sit?
3244 889 3407 944 Nun-

1821 974 1955 1042 quid
1980 974 2252 1044 ejusmodi
2282 975 2484 1046 quippe
2510 976 2788 1031 Abraham
2821 978 2960 1034 dixit
2984 989 3078 1035 aut
3106 980 3415 1051 cogitavit?

1821 1057 1967 1114 Nihil
2025 1062 2230 1117 minus.
2283 1061 2391 1118 Sed
2446 1063 2540 1119 ubi
2590 1080 2701 1134 quo
2745 1076 3078 1137 praeceptum
3140 1080 3412 1141 spectaret

1824 1152 2228 1217 animadvertit,
2275 1153 2369 1210 Dei
2412 1156 2721 1227 reSpiciens
2781 1157 3156 1225 dilectionem,
3223 1163 3410 1217 statim

1823 1252 2034 1300 natura-
2061 1246 2268 1303 oblitus
2308 1255 2413 1316 est,
2450 1256 2507 1304 et
2547 1258 2808 1320 tanquam
2859 1259 3139 1307 terrenum
3197 1255 3410 1324 pondus

1821 1336 2052 1394 vitiosos
2086 1347 2299 1394 naturae
2318 1341 2609 1398 excutiens
2641 1351 2695 1398 et
2719 1358 2929 1399 exuens
2961 1343 3209 1409 affectus,
3234 1354 3410 1400 totum

1825 1428 1936 1485 Deo
1986 1446 2109 1486 sese
2147 1432 2420 1502 permisit,
2457 1442 2510 1488 et
2541 1433 2593 1488 id
2642 1433 2788 1504 quod
2823 1435 3123 1503 jubebatur
3173 1435 3407 1507 exsequi

1824 1524 2097 1593 parabat:
2131 1539 2197 1578 ac
2249 1540 2317 1579 ne
2369 1539 2494 1578 cum
2559 1538 2732 1581 uxore
2785 1526 3007 1596 quidem
3063 1525 3169 1583 hac
3234 1528 3304 1583 de
3351 1542 3411 1583 re

1823 1613 2273 1679 communicavit,
2304 1624 2457 1671 recte
2487 1631 2620 1671 sane
2666 1617 2886 1688 sibique
2921 1618 3131 1673 utiliter
3165 1617 3399 1681 faciens.

1824 1707 1916 1777 qui
1965 1706 2223 1762 feminam
2284 1722 2392 1762 non
2452 1707 2708 1763 idoneam
2762 1709 3073 1779 judicaret,
3119 1725 3285 1781 quam
3351 1710 3411 1765 in

164 1786 242 1839 τοῦ
300 1789 545 1863 Ἀϐραὰμ
593 1793 970 1864 ἐπικλάσειεν,
1022 1797 1207 1852 λαθεῖν
1251 1799 1580 1871 ἐπετήδευσε
1622 1803 1717 1875 τὴν

1823 1800 2115 1855 consilium
2142 1799 2450 1857 adhiberet.
2510 1799 2646 1855 Nam
2679 1816 2783 1857 nec
2815 1801 3031 1858 Adamo
3080 1803 3218 1858 utile
3245 1810 3412 1874 atque

164 1878 418 1949 ὀμόζυγον.
449 1883 600 1938 Πόσα
639 1885 749 1959 γὰρ
783 1882 851 1958 ἦν
881 1889 1062 1954 εἰκὸς,
1111 1890 1167 1943 εἴ
1206 1908 1257 1945 τι
1295 1892 1537 1947 τοιοῦτον
1580 1894 1717 1963 ἔγνω

1824 1887 2175 1944 conducibile
2204 1888 2339 1953 fuit,
2382 1889 2529 1960 quod
2555 1891 2850 1944 consilium
2886 1889 3011 1945 Eva:
3050 1898 3275 1947 secutus
3302 1898 3409 1947 est.

165 1969 432 2041 γινόμενον,
461 1973 495 2044 ἢ
527 1950 731 2047 δράσαι
751 1950 851 2047 τήν
881 1950 1118 2051 Σάρραν,
1146 1980 1178 2050 ἢ
1212 1980 1349 2051 πρὸς
1389 1982 1554 2035 αὑτὸν
1582 1950 1717 2036 ἀπο-

1824 1978 2192 2047 Quamobrem
2240 1950 2333 2035 net
2363 1950 2497 2052 quid
2540 1977 2676 2035 Sara
2703 1980 3049 2036 muliebrium
3100 1991 3265 2052 atque
3295 1996 3413 2037 ma-

164 2052 424 2129 δύρασθαι;
450 2059 538 2116 οἶα
566 2063 614 2117 δ’
645 2065 713 2119 ἂν
745 2065 912 2120 ἔπαθε
940 2068 1294 2139 περιχυθεῖσα
1322 2068 1400 2139 τῷ
1431 2070 1584 2124 παιδὶ
1624 2071 1717 2125 καὶ

1824 2084 2108 2130 ternorum
2165 2074 2465 2130 affectuum
2527 2075 2863 2145 impulsione
2909 2076 3306 2140 committeret,
3356 2084 3412 2131 et

165 2152 262 2215 ταῖς
315 2153 578 2222 ἀγκάλαις
630 2155 1036 2228 ὲμπλεξαμένη,
1090 2161 1141 2212 εί
1189 2161 1325 2231 πρὸς
1363 2161 1463 2234 τὴν
1501 2162 1717 2235 σφαγὴν

1822 2167 2052 2221 sincera:
2079 2164 2345 2220 adversus
2377 2166 2543 2223 Deum
2575 2166 2890 2223 dilectionis
2911 2165 3214 2222 Abrahami
3243 2167 3411 2223 vehe-

163 2241 358 2297 ἔϐλεπεν
392 2246 554 2301 αὐτὸν
607 2247 796 2319 βιαίως
842 2250 1166 2322 ὲλκόμενονς
1201 2254 1332 2317 οἵοις
1360 2253 1405 2307 δ’
1446 2255 1512 2308 ἂν
1548 2257 1716 2329 ἐχρή-

1823 2260 2083 2314 mentiam
2117 2257 2459 2329 infringeret,
2493 2258 2786 2330 coniugem
2820 2272 2979 2314 suam
3014 2258 3200 2314 studio
3253 2257 3412 2314 fefel-

165 2349 271 2389 σατο
296 2336 497 2406 λόγοιςς
523 2340 714 2394 Φεῖσαι
738 2341 841 2413 τῆς
867 2342 1112 2412 φύσεως,
1140 2345 1271 2416 ἄνερ
1294 2385 1309 2409 ,
1349 2345 1424 2417 μὴ
1453 2348 1584 2420 γένῃ
1617 2366 1716 2402 πο-

1820 2352 1903 2417 lit,
1944 2360 2004 2407 ut
2035 2367 2097 2407 ea
2139 2351 2286 2423 quod
2317 2352 2580 2422 agebatur
2627 2349 2926 2421 ignoraret.
2987 2349 3125 2404 Nam
3177 2350 3224 2405 si
3278 2350 3410 2421 quid

163 2428 299 2497 νηρὸν
334 2431 421 2484 τοῦ
452 2430 571 2502 βίου
607 2433 855 2505 διήγημα
874 2453 888 2467 ο
924 2440 1221 2510 μονογενής
1265 2457 1353 2510 μοι
1382 2443 1412 2494 6
1439 2441 1596 2506 τόκος
1621 2436 1715 2498 οὗ·

1821 2449 1929 2502 tale
1960 2444 2045 2517 agi
2084 2444 2251 2498 Sarra
2279 2442 2631 2507 rescivisset,
2672 2456 2838 2513 quam
2882 2441 3055 2496 multa
3116 2437 3415 2497 verisimile

162 2536 253 2586 τος,
287 2523 568 2597 μονογενής
598 2527 656 2579 ὲν
697 2527 882 2582 ὠδῖσιν
908 2529 938 2581 6
979 2530 1199 2595 Ἰσαάκ,
1226 2532 1285 2584 ἐν
1325 2533 1591 2601 ἀγκάλαις
1625 2534 1715 2606 μό·

1820 2545 1906 2593 cst
1931 2551 2051 2592 eam
2091 2536 2175 2593 vel
2220 2534 2514 2600 facturam,
2557 2535 2646 2590 vel
2681 2533 2827 2604 apud
2872 2533 3029 2587 illum
3077 2543 3418 2604 conquestu-

162 2629 265 2676 νοςο
299 2611 445 2680 οὗτός
475 2636 567 2690 μοι
598 2619 756 2684 τόκος
785 2622 879 2675 καὶ
913 2622 1132 2693 πρῶτος
1161 2623 1256 2677 καὶ
1296 2623 1540 2689 ὕστατος.
1579 2627 1713 2681 Τίνα

1820 2640 1936 2681 ram
1978 2640 2042 2681 ac
2078 2624 2489 2695 deploraturam
2522 2621 2746 2679 fuisse?
2783 2621 2960 2689 Quam
2992 2635 3127 2676 vero
3179 2621 3416 2676 misera-

167 2704 280 2773 μετά
314 2708 495 2763 τοῦτον
547 2712 644 2765 ἐπὶ
675 2713 955 2785 τραπέζης
987 2714 1263 2787 ὀψόμεθας
1315 2716 1411 2780 Τίς
1453 2721 1715 2790 προσερεῖ

1820 2714 2029 2771 bilibus
2055 2713 2348 2770 affectibus
2373 2710 2713 2768 circumfusa
2728 2711 2839 2765 ﬁlio
2857 2720 3026 2781 atque
3060 2710 3210 2766 ulnis
3232 2708 3416 2778 impli-

1818 2804 1926 2858 oita
1969 2801 2186 2865 fuisset,
2212 2803 2258 2857 si
2282 2816 2407 2856 eum
2431 2801 2703 2855 violenter
2743 2800 2888 2855 trahi
2908 2798 2979 2854 ad
3020 2812 3212 2854 necem
3241 2797 3414 2852 anim-

1819 2894 2190 2951 advertisset?
2222 2893 2434 2959 Quibus
2478 2891 2608 2947 item
2656 2906 2757 2947 usa
2807 2890 2990 2947 verbis
3039 2890 3235 2946 esset?
3276 2888 3416 2944 Par-

1818 2998 1882 3039 ce
1911 2992 2141 3047 naturae,
2167 2995 2202 3036 o
2238 2982 2345 3047 vir,
2387 2995 2459 3037 ne
2487 2995 2655 3051 prava
2703 2980 2773 3035 de
2808 2989 2863 3035 te
2898 2978 3162 3035 narrandi
3196 2980 3404 3035 mundo

1818 3078 2066 3146 praebeas
2083 3075 2477 3130 occasionem:
2524 3072 2725 3129 unicus
2754 3071 2845 3128 hic
2884 3071 3021 3127 mihi
3065 3080 3259 3143 partus
3302 3080 3411 3138 est,

165 2810 239 2864 μοι
261 2798 349 2871 τήν
374 2801 632 2870 γλυκεῖαν
663 2806 847 2876 φωνήν
873 2824 887 2870 ;
928 2806 1025 2871 Τίς
1052 2807 1307 2878 ὀνομάσει
1337 2807 1586 2881 μητέρας
1615 2809 1713 2873 Τίς

163 2883 449 2958 θεραπεύσει
487 2894 548 2948 τὸ
593 2895 803 2966 γῆραςς
845 2898 942 2961 Τίς
981 2899 1289 2969 περιστελεῖ
1326 2900 1464 2970 μετά
1495 2899 1590 2955 τὸν
1617 2900 1714 2955 θά-

162 2994 321 3047 νστον;
361 2984 454 3048 Τίς
496 2984 767 3056 ὲπιχώσει
806 2986 976 3056 τάφον
1018 2988 1096 3059 τῷ
1137 2988 1391 3059 σώματι;
1441 2990 1605 3062 Ὁρᾷς
1649 2991 1712 3044 τὸ

163 3071 294 3138 ἄνθος
316 3076 404 3130 τοῦ
432 3077 580 3144 νέου,
623 3078 652 3131 6
694 3081 784 3132 mi.
818 3081 875 3132 ὲν
904 3081 1085 3153 ἐχθρῷ
1109 3099 1193 3147 τις
1230 3082 1463 3154 βλέπων,
1490 3085 1711 3150 πάντως

163 3164 216 3217 ἂν
249 3166 337 3237 τὴν
375 3167 519 3240 ὤραν
555 3171 813 3241 ἠλέησεν.
861 3167 1027 3237 υῦτος
1063 3174 1162 3244 τῆς
1210 3177 1425 3247 μακρᾶς
1476 3176 1646 3248 εὐχῆς
1681 3180 1712 3232 6

162 3258 357 3328 καρπὸς,
383 3255 533 3326 οὗτος
577 3262 682 3332 τῆς
724 3262 973 3335 διαδοχῆς
1002 3267 1030 3318 6
1059 3264 1275 3331 κλάδος,
1300 3257 1457 3332 οὗτος
1481 3268 1576 3322 τοῦ
1613 3268 1708 3338 γέ-

161 3362 261 3412 νους
290 3351 345 3404 τὸ
378 3352 652 3423 λείψανον,
689 3348 843 3417 οὗτος
887 3357 919 3425 ὴ
965 3355 1238 3428 βακτηρία
1273 3358 1368 3411 τοῦ
1408 3359 1616 3430 γήρως.
1649 3361 1714 3414 El

160 3436 274 3491 κατά
298 3440 475 3495 τούτου
502 3443 697 3514 φέρεις
729 3443 790 3496 τὸ
825 3441 999 3512 ξίφος,
1038 3443 1242 3516 ταύτην
1267 3463 1359 3515 μοι
1383 3446 1472 3510 δὸς
1500 3450 1565 3518 τῇ
1602 3447 1713 3501 δει-

161 3523 263 3600 λαίᾳ
290 3531 380 3601 τὴν
401 3532 559 3603 χάριν
587 3550 602 3563 ·
626 3537 748 3588 κατ’
772 3532 906 3604 ἐμοῦ
933 3534 1150 3603 πρῶτον
1188 3536 1389 3607 χρῆσαι
1427 3534 1508 3606 τῷ
1546 3536 1712 3606 ξίφει,

1820 3168 2019 3221 unicus
2044 3165 2099 3219 in
2131 3163 2397 3234 pariendo
2429 3162 2606 3230 Isaac,
2640 3163 2699 3218 in
2725 3162 2876 3220 ulnis
2906 3163 3059 3219 solus
3086 3180 3101 3219 :
3141 3162 3233 3218 hic
3263 3165 3416 3230 mihi

1818 3265 2011 3328 partus
2034 3266 2090 3312 et
2131 3256 2344 3327 primus
2382 3265 2438 3311 et
2476 3264 2816 3326 postremus.
2869 3255 3044 3324 Quem
3079 3262 3206 3326 post
3265 3257 3415 3312 hunc

1817 3350 1874 3405 in
1917 3362 2110 3404 mensa
2136 3348 2590 3418 conspiciemus?
2626 3346 2761 3414 Quis
2815 3363 2901 3403 me
2955 3347 3105 3401 dulei
3147 3347 3240 3401 illa
3281 3364 3417 3404 voce

1817 3438 2156 3511 appellabit?
2208 3437 2345 3504 Quis
2380 3446 2612 3494 matrem
2678 3438 3026 3494 nominabit?
3094 3439 3231 3506 Quis
3273 3439 3416 3494 colet

1816 3539 1983 3603 atque
2012 3530 2233 3586 curabit
2262 3530 2647 3586 senectutem?
2673 3530 2810 3597 Quis
2847 3538 3122 3585 mortuam
3160 3531 3416 3585 obvolvet

160 3620 236 3672 καὶ
263 3622 371 3676 τότε
410 3626 643 3697 ποίησον
680 3626 743 3681 τὸ
770 3626 962 3681 δοκοῦν
989 3627 1082 3680 ἐπὶ
1120 3626 1313 3681 τούτου
1334 3644 1348 3659 ο
1379 3626 1559 3681 κοινὸν
1605 3628 1717 3700 άμ-

1820 3623 1885 3678 ad
1935 3621 2315 3694 sepulturam?
2367 3619 2504 3688 Quis
2546 3622 2768 3692 corpori
2823 3622 2989 3677 addet
3055 3622 3416 3692 sepulcrum?

161 3712 365 3783 φοτέρων
387 3714 526 3771 ἔστω
548 3717 619 3771 τὸ
649 3718 830 3789 χῶμα,
865 3717 1019 3789 κοινὴ
1048 3717 1196 3781 κόνις
1224 3718 1617 3788 ὲπικαλυιιιάτω
1644 3719 1715 3773 τά

1820 3714 1988 3774 Vides
2010 3714 2201 3771 ﬂorem
2235 3714 2482 3784 juvenis,
2514 3729 2681 3784 quem
2710 3715 2757 3771 si
2791 3715 2921 3786 quis
2964 3715 3022 3769 in
3062 3714 3289 3770 inimico
3333 3715 3419 3768 νὶ-

161 3802 385 3874 σώματα,
419 3810 576 3881 κοινὴ
622 3808 792 3881 στήλη
837 3809 1130 3879 διηγείσθω
1170 3806 1241 3862 τὰ
1276 3807 1461 3879 πάθη*
1505 3808 1580 3880 μὴ
1630 3808 1715 3882 ἴδῃ

1823 3808 2014 3879 ἀει-σιξ,
2060 3805 2495 3880 pulchritudinis
2565 3805 2797 3862 omnino
2876 3805 3257 3862 misereretur.
3315 3804 3416 3860 Hic

161 3894 343 3968 Σάῤῥας
376 3901 404 3953 6
434 3899 719 3971 ὀφθαλμὸς
766 3900 902 3971 μήτε
947 3898 1200 3971 Ἀϐραὰμ
1236 3898 1711 3968 παιδοκτονοῢντα,

1822 3902 2117 3972 longarum
2146 3914 2374 3972 precum
2410 3899 2650 3965 fructus,
2691 3898 2782 3954 bic
2820 3912 3012 3955 ramus
3039 3906 3124 3954 est
3182 3911 3415 3954 succes-

161 3989 275 4058 μήτε
312 3990 486 4046 Ἰσαάκ
512 3993 677 4065 χερσὶ
705 3991 989 4064 πατρῴαις
1022 3991 1568 4063 παιδοκτονούμενον.

1824 3992 2020 4059 sionis,
2048 3992 2132 4048 b8
2172 3993 2392 4064 generis
2437 4000 2569 4047 sunt
2619 3990 2891 4061 reliquiae,
2920 3990 3014 4047 hic
3053 3990 3283 4045 baculus
3331 4000 3417 4046 est

159 4084 441 4141 senectutis.
473 4086 533 4140 Si
565 4086 625 4140 in
659 4084 806 4139 hunc
827 4083 1072 4155 gladium
1105 4083 1239 4151 fers,
1268 4085 1413 4140 hanc
1441 4084 1576 4140 mihi
1604 4083 1823 4141 miserae
1896 4084 2114 4142 veniam
2163 4084 2255 4151 (la,
2324 4084 2380 4139 in
2455 4098 2545 4140 me
2613 4083 2849 4154 primum
2899 4089 3054 4139 utere
3096 4082 3312 4154 gladio,
3359 4090 3417 4137 et

161 4179 269 4229 tunc
301 4176 381 4233 fac
408 4180 554 4250 quod
593 4178 809 4236 videtur
842 4179 896 4233 in
924 4179 1062 4235 hoc:
1091 4179 1403 4250 communis
1452 4180 1739 4236 amborum
1776 4181 2024 4236 tumulus
2059 4186 2200 4246 esto,
2261 4180 2573 4236 communis
2614 4184 2870 4246 contegat
2931 4193 3169 4249 corpora
3212 4178 3413 4258 pulvis,

160 4271 429 4327 communis
489 4271 691 4326 titulus
748 4271 1035 4341 utriusque
1087 4269 1300 4327 cladem
1344 4270 1577 4341 prodat,
1630 4285 1701 4327 ne
1738 4271 1920 4326 videat
1948 4270 2148 4326 oculus
2176 4268 2362 4326 Sarrae
2388 4284 2492 4324 nec
2568 4269 2943 4325 Abrahamum
2999 4268 3171 4323 ﬁlium
3243 4284 3412 4325 suum

161 4356 451 4423 interﬁcere.
507 4378 613 4420 nec
648 4362 894 4420 lsaacum
943 4364 1115 4418 ﬁlium
1155 4363 1415 4420 manibus
1463 4364 1711 4434 paternis
1753 4363 2048 4419 trucidari.

1739 3313 1784 3370 C

216 4452 381 4509 Ταῦτα
402 4457 623 4519 πάντως
654 4454 721 4509 ἂν
754 4454 848 4508 καὶ
875 4455 944 4509 τά
976 4455 1205 4510 τοιαῦτα
1235 4454 1390 4527 παρά
1426 4455 1526 4526 τῆς
1569 4454 1713 4524 Σάῤ-

1893 4451 1994 4510 His
2022 4466 2255 4523 prorsus
2287 4459 2342 4508 et
2370 4448 2645 4521 ejusmodi
2682 4449 2871 4506 verbis
2928 4447 3095 4504 Sarra
3140 4450 3414 4509 adversus

164 4543 243 4611 ρις
268 4545 470 4614 ἐγένετο
492 4547 574 4618 τῷ
610 4545 861 4617 Ἀϐραὰμ
887 4546 955 4599 τά
985 4548 1225 4618 ῥήματα,
1253 4546 1414 4617 εἴπερ
1439 4545 1551 4600 τῶν
1574 4562 1717 4615 γινοο

1821 4545 2201 4601 Abrahamum
2234 4558 2337 4600 usa
2373 4542 2591 4608 fuisset,
2622 4542 2671 4598 si
2705 4540 2928 4613 quidem
2962 4540 3111 4612 quod
3142 4544 3414 4613 agebatur

166 4633 312 4702 μένων
336 4640 655 4712 προῄσθετο.
703 4638 847 4692 Ἀλλ’
878 4638 955 4703 ὡς
988 4639 1054 4694 ἂν
1087 4639 1256 4710 μηδὲν
1290 4639 1550 4710 ἐμπόδιον
1581 4639 1717 4709 πρὸς

1823 4635 2234 4707 praesensisset.
2283 4633 2392 4689 Sed
2425 4649 2495 4689 ne
2550 4632 2684 4705 quid
2724 4647 2841 4689 rem
2881 4647 3045 4703 quam
3078 4635 3273 4704 agebat
3304 4635 3413 4689 im-

160 4723 241 4794 τὴν
264 4726 566 4801 ἐγχείρησιν
587 4732 815 4800 γένοιτο,
839 4730 945 4801 ὄνῳ
963 4730 1063 4794 τὰς
1084 4730 1345 4801 σχίδακας
1368 4729 1599 4794 ἐπιθεὶς,
1623 4730 1717 4785 καί

1822 4728 2066 4799 pediret,
2121 4743 2247 4783 cum
2296 4726 2512 4783 asinum
2545 4725 2711 4797 lignis
2748 4734 3079 4792 onerasset,
3105 4735 3161 4781 et
3216 4741 3406 4785 servos

161 4828 287 4881 τινας
326 4819 431 4874 τῶν
457 4821 669 4875 παίδων
700 4821 1060 4892 ἑπαγόμενος,
1098 4821 1218 4884 ὅλος
1263 4817 1356 4874 τοῦ
1387 4819 1532 4873 θείου
1565 4819 1717 4891 θελή-

1820 4820 2033 4890 aliquot
2070 4822 2488 4889 assumpsisset,
2531 4824 2681 4874 totus
2720 4816 2925 4872 divinat
2953 4816 3224 4873 voluntati
3256 4817 3411 4873 dedi-

166 4922 305 4973 ματος
329 4906 394 4981 ἦν
421 4930 434 4944 ”
477 4910 598 4967 εἶτα
626 4911 939 4967 καταλιπὼν
962 4913 1089 4976 τοὺς
1115 4911 1330 4976 παῖδας,
1361 4910 1437 4976 ὡς
1463 4911 1530 4966 ἀν
1563 4913 1637 4982 μή
1661 4927 1717 4965 τι

162 4996 514 5076 ἀγεννέστερον
542 5005 638 5059 καὶ
665 5004 1068 5078 ἀνδραποδῶδες
1095 5006 1290 5058 ἐκεῖνοι
1321 5003 1714 5074 βουλεύσοιντο,

163 5089 472 5160 κωλύσαντες
515 5096 608 5151 τοῦ
644 5096 831 5159 παιδὸς
860 5096 959 5168 τὴν
989 5094 1299 5168 ἱερουργίαν
1323 5136 1337 5159 ,
1410 5097 1571 5167 μόνον
1613 5098 1717 5150 e1:-

162 5176 328 5245 ἄγεται
351 5183 438 5238 τὸν
473 5186 608 5250 υἱὸν,
642 5187 842 5251 ἱκανῶς
883 5186 984 5258 ήδη
1036 5186 1177 5256 πρὸς
1209 5184 1282 5239 τὰ
1309 5184 1585 5257 βαρύτερα
1606 5186 1718 5240 τῶν

164 5264 317 5339 ἔργων
340 5275 428 5346 ὑφ’
450 5277 664 5348 ἡλικίας
692 5278 1093 5349 ἀνδριζόμενον.
1118 5277 1440 5342 Μετατάξας
1469 5279 1579 5349 γάρ
1604 5277 1717 5331 ἀπὸ

163 5359 246 5431 τῆς
273 5365 386 5421 ὄνου
434 5372 526 5424 ἐπὶ
554 5373 646 5426 τὸν
675 5372 839 5428 παῖδα.
875 5372 936 5426 τὸ
967 5371 1130 5444 ἄχθος
1151 5410 1168 5438 ,
1222 5372 1429 5426 ἐκεῖνον
1461 5371 1719 5441 ὑπήγαγε

162 5451 228 5523 τῷ
254 5458 427 5531 φάρτῳ
471 5462 582 5517 τῶν
613 5463 805 5529 ξύλων.
849 5465 1020 5520 Πάλιν
1051 5463 1338 5537 δριμύσσει
1374 5463 1443 5517 τά
1483 5463 1580 5516 τοῦ
1614 5480 1720 5518 πα-

164 5544 272 5612 τρὸς
300 5552 576 5623 σπλάγχνα
606 5558 638 5627 ἠ
674 5558 826 5628 φωνὴ
854 5557 947 5610 τοῦ
973 5556 1162 5620 παιδός
1185 5572 1203 5590 ο
1232 5555 1392 5620 ἄλλος
1414 5546 1571 5620 οὗτος
1599 5571 1721 5610 πει-

170 5637 351 5706 ρασμδς
399 5644 549 5697 οὐδὲν
603 5645 697 5700 τοῦ
760 5647 1122 5717 προλαϐόντος
1187 5646 1715 5719 φιλανθρωπότερος.

169 5724 531 5796 Προσκαλεῖται
557 5735 647 5792 τὸν
672 5738 883 5809 πατέρα
907 5739 935 5792 6
975 5740 1158 5795 Ἰσαὰκ
1188 5743 1257 5812 τῇ
1283 5739 1514 5810 γλυκείᾳ
1541 5739 1716 5812 ταύτῃ

170 5822 319 5889 φωνῇ»
346 5824 433 5877 καί
464 5843 615 5898 φησι.
646 5829 838 5898 Πάτερ
857 5870 870 5885 .
932 5831 991 5884 Ὀ
1021 5830 1078 5885 δὲ
1108 5833 1171 5884 οὺ
1203 5830 1596 5900 καταπνίγεται
1626 5830 1719 5885 δά-

173 5923 347 5980 κρυσι,
398 5918 473 5989 τῷ
517 5923 707 5995 μικρὸν
757 5923 980 5996 ὕστερον
1030 5925 1227 5997 μηκέτι
1260 5923 1588 5981 ἀκούσεσθαι
1619 5924 1717 5996 τῆς

1820 4921 1910 4969 tus
1943 4920 2064 4969 erat
2101 4933 2113 4967 :
2149 4912 2348 4968 deinde
2378 4911 2587 4968 relictis
2619 4911 2825 4977 servis,
2864 4926 2933 4966 ne
2965 4910 3113 4981 quod
3170 4909 3250 4964 illi
3289 4924 3412 4965 ser-

1819 5004 1912 5058 vili
1944 5019 2061 5061 suae
2085 5002 2391 5060 conditioni
2421 5004 2761 5059 conveniens
2792 5002 3074 5058 sordidum
3107 5000 3407 5057 consilium

1820 5108 2100 5166 caperent,
2135 5095 2470 5167 prohibituri
2500 5094 2598 5149 ﬁlii
2644 5092 3076 5149 immolationem
3103 5131 3119 5157 ,
3145 5093 3321 5148 solum
3350 5092 3414 5148 ﬁ-

1821 5190 1955 5245 lium
1990 5203 2178 5246 secum
2207 5188 2386 5252 ducit,
2415 5186 2513 5259 qui
2542 5186 2656 5256 jam
2684 5195 2846 5242 aetate
2873 5186 3011 5242 satis
3051 5185 3246 5241 ﬁrmus
3290 5193 3414 5241 erat

1821 5281 1888 5335 ad
1914 5293 2080 5347 opera
2112 5279 2367 5350 graviora
2400 5276 2707 5333 subeunda.
2746 5277 2832 5332 Ab
2858 5275 3017 5332 asina
3043 5276 3190 5331 enim
3242 5291 3412 5333 onere

1820 5370 1877 5425 in
1914 5370 2091 5426 ﬁlium
2121 5369 2431 5435 translato,
2462 5367 2617 5422 illum
2648 5366 2895 5422 humeris
2937 5365 3126 5423 subire
3169 5381 3313 5421 onus
3341 5366 3411 5420 li-

1820 5476 2054 5531 gnorum
2100 5459 2289 5532 jussit.
2338 5456 2555 5514 Rursus
2604 5455 2781 5528 patris
2823 5455 3037 5512 viscera
3082 5454 3177 5509 ﬁlii
3212 5455 3409 5511 vulne-

1820 5563 1908 5609 rat
1933 5568 2039 5608 vox
2059 5571 2074 5608 :
2094 5553 2203 5608 alia
2240 5554 2359 5607 haec
2385 5558 2471 5607 est
2502 5549 2738 5606 tentatio
2773 5549 2951 5605 nihilo
2981 5549 3167 5605 mitior
3196 5549 3406 5620 priore.

1820 5647 2072 5718 Appellat
2091 5654 2302 5717 patrem
2332 5643 2491 5701 Isaac
2515 5642 2666 5699 dulci
2686 5643 2790 5698 hac
2820 5656 2957 5700 voce
2988 5649 3044 5699 et
3077 5643 3188 5707 ait,
3224 5641 3409 5696 Pater.

1820 5740 1892 5794 At
1938 5739 2031 5795 ille
2060 5753 2172 5794 non
2205 5736 2513 5794 suffocatur
2564 5736 2866 5807 lacrymis',
2924 5743 2987 5790 ut
3016 5734 3108 5807 qui
3142 5734 3414 5805 cogitaret

1824 5828 1942 5885 fore
1974 5836 2033 5883 ut
2086 5828 2252 5898 paulo
2267 5835 2391 5898 post
2421 5826 2585 5882 talem
2619 5840 2729 5881 non
2763 5825 3001 5897 amplius
3034 5840 3221 5880 vocem
3254 5821 3412 5878 audi-

1823 5931 1927 5988 ret,
1972 5935 2151 5992 neque
2179 5919 2419 5977 orationi
2457 5918 2790 5994 iugcmiscit,
2835 5933 2935 5975 nec
2967 5915 3317 5978 lamentabile
3343 5928 3407 5971 ac
