3882 6416
136 480 225 537 573

131 590 248 647 εἶναι
274 588 362 644 τὸν
390 587 622 659 Πατέρα.
670 587 878 642 Ουκοῦν
902 589 931 641 ὁ
960 587 1252 659 μονογενὴς
1276 587 1425 653 Θεὸς,
1455 588 1582 660 περὶ
1606 582 1667 643 οὖ
1699 593 1742 651 Α

130 681 439 752 ὁΠροφήτης
457 678 639 748 φησὶν,
672 679 753 732 ὅτι
775 678 1050 734 Καλεῖται
1071 679 1138 734 τὸ
1160 679 1347 749 ὄνομα
1366 679 1552 734 αὑτοῦ
1568 696 1672 748 με·

128 769 294 839 rdim-
324 766 561 835 βουλῆς
592 768 895 837 Ἄγγελος.
930 768 1098 824 Τοῦτο
1122 771 1180 824 δὲ
1206 770 1306 824 οὐκ
1333 771 1517 838 ἀγνοεῖ
1541 770 1674 823 πάν-

130 878 217 924 τως
238 862 265 912 ὁ
294 858 501 922 Παῦλος
528 860 557 911 ὁ
593 860 651 912 ὲν
678 859 990 931 παραδείσῳ
1022 861 1247 933 μυηθεὶς
1271 862 1339 916 τὰ
1365 862 1672 933 ἀπόρρητα,

128 952 193 1003 ὅτι
220 948 361 1022 παρὰ
384 948 478 1002 τοῦ
505 949 839 1017 Μονογενοῦς
871 952 903 1021 ἡ
931 951 1150 1023 ἔνορκος
1179 951 1319 1023 αὕτη
1354 953 1670 1022 ὑπόσχεσις.

129 1041 264 1109 Λέγει
286 1041 340 1093 δὲ
389 1031 417 1091 ὅ
462 1039 688 1107 Παῦλος,
716 1041 797 1094 ὅτι
840 1041 924 1106 Τῷ
963 1043 1217 1112 Ἀϐραὰμ
1243 1043 1672 1114 ἐπαγγειλάμε-

129 1146 234 1195 νος.
257 1131 285 1182 ὁ
308 1128 437 1192 Θεὸς
463 1129 654 1198 Λόγος,
684 1130 813 1183 ἐπεὶ
843 1131 967 1185 κατ’
988 1132 1234 1198 οὐδενὸς
1252 1128 1379 1202 εἶχε
1395 1132 1670 1203 μείζονος

129 1220 333 1288 ὀμόσαι,
366 1218 563 1289 ὤμοσε
592 1220 719 1276 καθ’
751 1220 987 1276 ἑαυτοῦ.

1022 472 1110 526 DE
1147 471 1445 528 DEITATE
1482 471 1635 527 FILII
1679 469 1767 526 ET
1809 470 2129 527 SPiRiTUS
2168 467 2435 554 SANCTI.

3250 468 3355 528 5h

1774 587 1890 657 ﬁlio
1920 597 2010 643 tuo
2040 586 2256 649 dilecto,
2286 602 2380 657 per
2436 597 2519 638 me
2565 583 2764 653 juravi,
2807 584 3075 654 facturum
3120 600 3202 638 me
3241 599 3355 638 esse

1770 681 1946 734 omnia
1977 680 2107 747 Iure,
2139 695 2259 753 qua:
2278 679 2441 734 etiam
2479 677 2531 731 in
2560 676 2828 732 orationis
2862 677 3227 746 promissione
3254 691 3355 731 co-

1772 771 1958 839 gnosci
1988 778 2239 840 possunt.
2283 768 2420 836 Quis
2456 769 2623 841 igitur
2643 779 2728 826 est
2764 772 2855 841 qui
2890 787 3013 825 cum
3048 771 3356 826 Abrahamo

1772 862 2081 915 collocutus
2107 871 2187 917 est
2212 862 2236 915 ?
2262 861 2522 931 Nunquid
2552 861 2716 917 Pater
2746 863 2770 914 ?
2795 864 2861 917 At
2890 877 3232 933 nequaquam
3262 860 3349 917 di-

1778 954 1923 1007 xeris
1958 955 2192 1023 alicujus
2253 955 2503 1024 angelum
2543 970 2664 1009 esse
2719 953 2959 1010 Patrem.
3003 954 3145 1025 Ergo
3178 953 3354 1011 Filius

1777 1043 2090 1112 unigenitus
2123 1045 2169 1100 is
2199 1052 2334 1108 erat,
2363 1044 2431 1099 de
2463 1060 2574 1115 quo
2608 1047 2870 1116 propheta
2907 1047 3038 1101 dicit
3063 1086 3079 1109 ,
3126 1045 3357 1100 Vocatur

1776 1135 2108 1204 nonteu,ejus
2160 1139 2343 1207 magni
2390 1139 2604 1193 consilii
2645 1141 2866 1209 Angeias
2894 1139 2960 1191 "'.
3004 1138 3119 1193 Hoc
3170 1147 3353 1192 autem

1777 1224 2004 1289 Paulus,
2040 1228 2131 1297 qui
2180 1229 2400 1284 arcanis
2434 1230 2610 1285 sacris
2644 1229 2697 1283 in
2726 1229 2980 1299 jaradiso
3020 1229 3272 1285 initiatus
3300 1237 3356 1283 et

131 1311 383 1367 institutus
422 1320 548 1379 est,
597 1326 824 1382 prorsus
866 1312 1010 1368 haud
1052 1314 1267 1385 ignorat
1299 1355 1313 1380 ,
1365 1331 1559 1386 nempe
1608 1317 1679 1372 ab
1731 1318 2016 1391 unigenito
2064 1321 2173 1375 ﬂlio
2215 1320 2576 1392 jurejurando
2614 1320 2991 1376 conﬁrmatam
3062 1322 3204 1376 hanc
3271 1322 3354 1376 ίςι-

130 1413 250 1460 ctam
276 1421 393 1463 esse
419 1408 856 1477 promissionem.
914 1408 1055 1466 Dicit
1084 1418 1267 1467 autem
1312 1411 1537 1475 Paulus,
1593 1404 1897 1471 Abrahamo
1940 1417 2208 1486 poliicilus
2258 1417 2392 1473 Deus
2433 1417 2509 1489 (id
2545 1428 2648 1480 est,
2677 1416 2819 1473 Deus
2856 1415 3141 1481 Verbum),
3185 1433 3355 1487 quon.

128 1496 374 1566 doquidem
399 1515 492 1568 per
516 1500 775 1554 nemiuem
804 1500 1058 1569 majorem
1088 1511 1295 1571 poterat
1329 1503 1520 1572 furare
1539 1546 1554 1571 ,
1573 1505 1781 1575 juravit
1811 1523 1904 1578 per
1944 1509 2277 1579 semetipsum
2296 1507 2365 1562 ”.

183 1593 293 1686 Πιξς
314 1591 406 1650 οὖν
435 1589 584 1652 οὗτοι
610 1596 827 1666 λέγουσι
861 1597 1084 1670 μείζονα
1129 1599 1224 1653 τοῦ
1265 1599 1397 1655 Υίοῦ
1429 1602 1521 1655 τὸν
1548 1604 1665 1657 Πα-

128 1684 254 1756 τέρα,
290 1687 381 1740 τοῦ
408 1688 625 1743 Παύλου
654 1690 902 1759 λέγοντος
946 1692 1028 1746 ὅτι
1059 1693 1160 1747 οὐκ
1188 1692 1301 1764 ἔχει
1332 1692 1394 1747 τὸ
1441 1694 1623 1765 μεῖζον
1648 1713 1665 1762 ;

1844 1603 1947 1671 Qui
1981 1605 2145 1676 igitur
2167 1605 2259 1661 isti
2295 1606 2487 1661 dicunt
2512 1602 2731 1659 Patrem
2764 1603 2901 1657 Filio
2925 1602 3185 1672 majorem
3209 1617 3353 1662 esse,

1775 1711 1898 1751 cum
1946 1695 2150 1753 Paulus
2202 1705 2360 1767 neget
2417 1712 2539 1753 eum
2598 1696 2799 1751 habere
2832 1693 3082 1765 (aliquid)
3135 1692 3357 1763 majus?

140 1777 254 1832 Ἀλλ’
275 1779 651 1853 ἐπανέλθωμεν
698 1783 859 1838 πάλιν
887 1785 980 1838 ἐπὶ
1013 1785 1105 1840 τὸν
1145 1785 1497 1855 εὖαγγελικδν
1530 1783 1670 1841 οἶνον

1779 1786 1884 1841 Sed
1919 1786 2206 1843 redeamus
2242 1803 2436 1843 rursus
2470 1786 2536 1840 ad
2577 1785 2955 1855 evangelicum
3000 1783 3135 1838 illud
3166 1784 3354 1837 vinum

127 1866 202 1920 τὸν
222 1868 348 1935 νέον,
375 1871 452 1935 ὡς
498 1849 568 1926 ἂν
612 1872 892 1942 δεξάμενοι
931 1874 1020 1928 διὰ
1058 1875 1158 1945 τῆς
1200 1849 1551 1940 διδασκαλίας
1576 1876 1672 1930 καὶ

1778 1893 1997 1943 novum,
2034 1885 2092 1931 ut
2126 1886 2179 1933 et
2221 1878 2327 1948 ipsi
2369 1893 2465 1948 per
2511 1849 2820 1932 doctrinam
2854 1876 3081 1946 spiritus
3129 1883 3356 1946 accepto

127 1958 252 2014 αὐτοὶ
274 1962 366 2032 τήν
392 1961 541 2026 ζέσιν
566 1963 659 2017 τοῦ
686 1964 1021 2035 Πνεῦματος,
1050 1967 1330 2038 ἐπιτήδεια
1364 1968 1545 2039 δοχεω
1574 1967 1670 2022 τοῦ

128 2051 334 2107 τοιούτου
356 2055 497 2109 οτνου
521 2055 838 2127 γενοίμεθα,
884 2058 1021 2128 μήτε
1063 2058 1218 2112 αὐτοὶ
1246 2057 1667 2131 διασχιζόμενοι,

132 2144 244 2215 μήτε
291 2144 385 2217 τήν
433 2147 894 2219 ἑγκεκρυμμένην
950 2150 1081 2220 ἡμῖν
1138 2149 1298 2222 χάριν
1361 2151 1664 2223 ἐκχέοντες.

137 2234 332 2288 Ἤκουον
356 2237 455 2307 τῆς
479 2237 804 2309 ψαλμῳδίας
840 2240 970 2309 περὶ
999 2240 1110 2294 τῶν
1144 2242 1448 2313 παρόντων,
1494 2238 1668 2314 οἶμαι,

134 2324 284 2380 κακῶν
312 2328 758 2400 προφητευούσης
780 2347 796 2362 ο
832 2330 977 2400 λέγει
1020 2332 1129 2404 γὰρ
1181 2334 1309 2405 περὶ
1353 2334 1462 2388 τῶν
1493 2335 1673 2410 ἁμαρ⁴

134 2414 314 2482 πωλῶν,
362 2418 441 2471 ὅτι
483 2419 1085 2491 Ἀπηλλοτριώθησαν
1128 2424 1243 2478 ἀπὸ
1273 2424 1530 2494 μήτρας,
1569 2428 1670 2483 καί

134 2506 522 2579 ἐπλανήθησαν
577 2512 700 2566 ἀπὸ
751 2515 1050 2582 γαστρός..
1084 2516 1317 2588 Μήτραν
1364 2513 1517 2588 οἶμαι
1562 2518 1672 2573 τῶν

134 2599 247 2653 κατὰ
279 2600 401 2657 Θεὸν
447 2604 828 2672 γεννωμένων,
879 2606 978 2677 τὴν
1024 2607 1348 2677 Ἐκκλησίαν
1379 2609 1631 2677 λέγεσθαι
1652 2627 1668 2642 ο

132 2691 245 2765 αὕτη
268 2696 367 2767 γὰρ
392 2696 742 2769 κυοφοροῦσα
783 2701 849 2770 τῇ
883 2699 988 2771 ἰδίᾳ
1010 2700 1165 2772 νηδύϊ
1189 2702 1313 2765 τοὺς
1341 2704 1399 2755 ὲν
1424 2704 1560 2773 αὑτῇ
1585 2720 1673 2757 τε-

132 2781 577 2859 λεσφορουμένους,
604 2790 686 2852 είς
714 2790 829 2859 φῶς
856 2789 944 2844 διὰ
967 2792 1066 2863 τῆς
1096 2793 1331 2856 πίστεως
1351 2793 1491 2861 ἄγει.
1531 2793 1669 2848 Ἀλλ’

132 2874 170 2925 oi
188 2874 474 2947 ἁμαρτωλοὶ
501 2879 649 2932 κατὰ
674 2878 744 2933 τὰ
768 2879 1144 2951 ἀμϐλωθρίδια
1161 2882 1271 2936 τῶν
1291 2881 1669 2954 γεννημάτων,

132 2962 210 3033 τῆς
239 2966 435 3037 μήτρας
472 2968 922 3040 ὴλλοτριώθησαν
947 3010 962 3035 ,
1015 2971 1108 3026 καὶ
1156 2975 1256 3044 τῆς
1303 2974 1538 3044 γαστρὸς
1570 2975 1672 3045 τῆς

134 3056 321 3125 γνησίας
362 3060 831 3131 ἀπεπλανήθησαν
854 3077 871 3092 ο
920 3062 1019 3133 οὐχ
1064 3064 1175 3135 ὁρῶ
1199 3066 1309 3136 γὰρ
1339 3068 1396 3118 ὲν
1422 3067 1536 3129 τοῖς
1566 3083 1671 3138 μη-

131 3146 552 3241 τρῴοιςᾼκόλποιις
604 3149 732 3213 τοὺς
778 3151 1091 3216 ἀποστάτας
1138 3154 1238 3225 τῆς
1277 3156 1535 3221 πίστεως,
1576 3160 1672 3212 καὶ
1699 3180 1742 3241 ε

134 3234 247 3306 λέγω
267 3239 357 3313 τὴν
396 3243 738 3313 προφητείαν
783 3245 911 3316 περ)⁵
954 3246 1159 3301 τούτων
1202 3246 1400 3316 λέγειν,
1435 3249 1543 3303 τῶν
1583 3250 1672 3305 διὰ

76 3378 84 3389 ,
132 3328 209 3397 τῆς
235 3330 433 3405 ἀπάτης
490 3335 960 3406 πεπλανημένων,
1009 3338 1091 3390 ὅτι
1141 3338 1521 3408 ἐπλανήθησαν
1566 3343 1673 3396 ἀπὸ

134 3424 363 3494 γαστρός·
404 3426 790 3497 ἐπλανήθησαν
840 3428 919 3499 τῷ
964 3429 1191 3507 λαλῆσαι
1222 3430 1412 3502 ψευδῆ.
1480 3434 1675 3502 Θιεμὸς

134 3515 316 3583 αὐτοῖς,
359 3520 510 3590 φησὶ,
550 3521 704 3576 κατὰ
731 3520 845 3588 τὴν
876 3520 1161 3589 ὁμοίωσιν
1198 3524 1306 3577 τοῦ
1334 3524 1543 3592 ὄφεως,
1575 3527 1674 3597 οὐχ

136 3603 282 3672 ἁπλῶς
310 3609 500 3680 ὄφεως,
532 3612 615 3673 ὡς
642 3612 709 3666 ἂν
758 3612 831 3683 μὴ
875 3612 1012 3683 πρὸς
1055 3612 1116 3666 τὸ
1157 3612 1346 3684 θηρίον
1385 3613 1544 3667 τοῦτο
1573 3616 1674 3686 τὴν

135 3695 339 3754 είκασίαν
364 3706 536 3773 σχοῖεν
566 3718 582 3733 ·
613 3702 727 3756 ἀλλ’
762 3704 796 3773 ή
826 3702 919 3755 τοῦ
947 3701 1152 3776 ἄρθρου
1185 3704 1469 3776 προσθήκη
1499 3705 1561 3758 τὸ
1581 3707 1679 3776 ἀρ-

134 3788 325 3855 χέτυπον
352 3794 514 3847 κακὸν
544 3794 616 3847 δι’
661 3796 999 3865 αἰνιγμάτων
1046 3796 1339 3851 δείκνυσιν.
1400 3796 1538 3850 Ἀλλ’
1573 3798 1675 3851 οὐκ

136 3880 322 3952 ἄκαιρος
354 3885 480 3951 ἴσως
525 3887 663 3958 ἡμῖν
695 3888 730 3957 ή
763 3888 947 3958 μνήμη
974 3886 1068 3941 τοῦ
1096 3887 1294 3957 ὄφεως,
1345 3890 1425 3953 είς
1457 3888 1676 3959 ἔλεγχον

134 3966 221 4021 τῶν
245 3970 752 4047 θραωστομοὺντων
780 3978 922 4031 κατὰ
945 3976 1037 4031 τοῦ
1072 3979 1406 4050 Πνεῦματος.
1460 3981 1675 4054 Ἐπειδὴ

135 4058 221 4131 γὰρ
244 4066 426 4122 οἴονται
455 4071 663 4140 ταύτην
695 4069 923 4141 ἰσχυρὰν
954 4068 1099 4141 ἔχειν
1131 4071 1272 4124 κατὰ
1298 4071 1394 4124 τοῦ
1425 4070 1678 4143 Πνεύμα-

134 4167 205 4216 τος
225 4154 397 4229 λαϐὴν,
416 4161 476 4213 τὸ
505 4160 586 4233 μὴ
614 4160 1003 4233 προσειρῆσθαι
1030 4161 1161 4216 Θεὸν
1186 4162 1248 4215 τὸ
1275 4162 1500 4234 Πνεῦμα
1525 4163 1677 4231 παρὰ

134 4242 213 4313 τῆς
238 4247 383 4316 ἁγίας
408 4251 636 4322 Γραφῆς
670 4251 767 4321 (ὡς
798 4250 950 4305 αὐτοί
980 4267 1044 4321 γε
1073 4250 1385 4322 νομίζουσιν
1413 4270 1427 4284 ⁸
1477 4252 1540 4305 οὑ
1568 4252 1676 4323 γὰρ

135 4333 267 4402 ἡμεῖς
293 4341 698 4413 συντιθέμεθα)·
740 4338 837 4397 καί
858 4359 990 4411 φασι
1021 4341 1237 4412 φύσεως
1282 4343 1384 4414 μὲν
1413 4338 1551 4396 εῖναι
1582 4360 1677 4412 ση-

139 4425 364 4498 μαντικὴν
408 4430 506 4500 τὴν
551 4429 801 4501 θεότητα,
845 4429 940 4484 τοῦ
987 4430 1043 4483 δὲ
1088 4431 1347 4501 ὀνόματος
1374 4430 1562 4485 τούτου
1600 4431 1674 4501 μὴ

1778 1966 2012 2032 fervore,
2060 1966 2257 2022 idonea
2304 1981 2435 2023 vasa
2478 1976 2644 2040 atque
2689 1968 3036 2036 receptacula
3072 1967 3196 2021 talis
3240 1966 3354 2020 vini

1778 2058 1993 2119 ﬁamus,
2046 2073 2224 2127 nequte
2273 2058 2376 2129 ipsi
2415 2064 2754 2127 rumpentes,
2799 2072 2975 2126 neque
3011 2056 3353 2111 reconditam

1774 2157 1829 2204 et
1864 2147 2102 2204 abditam
2162 2150 2216 2203 in
2269 2149 2429 2204 nobis
2462 2148 2695 2219 gratiam
2740 2146 3105 2202 eﬂundentes.
3157 2146 3353 2201 Audivi

1775 2240 2098 2310 scriptorem
2156 2237 2500 2294 Psalmorum
2556 2239 2624 2294 de
2670 2240 3070 2310 praesentibus,
3122 2240 3353 2309 opinor,

1774 2330 1937 2385 malis
1966 2330 2357 2385 vaticinantem
2394 2343 2459 2383 ac
2488 2328 2873 2399 praedicentem
2900 2344 2915 2393 ;
2957 2328 3090 2384 dicit
3120 2327 3265 2381 enim
3288 2326 3359 2380 de

1775 2418 2159 2493 peccatoribus
2208 2420 2293 2475 his
2332 2419 2515 2475 verbis
2551 2437 2564 2474 :
2596 2418 2904 2473 Abalienati
2932 2427 3055 2472 sunt
3099 2418 3164 2472 ab
3207 2427 3358 2472 utero

1772 2520 2109 2580 peccatores,
2176 2517 2227 2562 et
2291 2507 2669 2562 aberraverunt
2718 2523 2753 2560 α
2809 2507 3066 2561 uentre".
3126 2504 3355 2562 Uterum

1774 2602 1971 2671 opinor
2023 2615 2212 2655 eorum
2269 2599 2365 2668 qui
2427 2598 2733 2654 secundum
2791 2595 2963 2653 Deum
3017 2606 3355 2663 nascuntur,

1774 2690 2075 2747 Ecclesium
2122 2689 2253 2747 dici.
2303 2688 2427 2743 Haec
2475 2690 2620 2743 enim
2669 2688 2724 2742 in
2769 2696 2931 2742 utero
2974 2703 3075 2742 suo
3134 2697 3357 2758 gestans

1765 2794 1867 2838 'eos
1892 2784 1987 2853 qui
2019 2783 2086 2837 ad
2117 2780 2506 2853 perfectionem
2544 2782 2595 2833 in
2627 2796 2690 2835 ea
2715 2781 3062 2850 perveniunt,
3097 2780 3149 2833 in
3179 2779 3354 2833 lucem

1773 2891 1869 2948 per
1920 2875 2081 2930 ﬁdem
2133 2875 2403 2944 producit.
2466 2873 2574 2928 Sed
2625 2882 2943 2943 peccatores
2999 2871 3355 2941 quemadmo-

1773 2970 1901 3024 dum
1945 2968 2090 3024 l‘ctus
2118 2967 2347 3025 abortivi
2390 2965 2459 3020 ab
2503 2974 2663 3020 utero
2712 2965 3006 3019 abalienati
3049 2970 3201 3027 sunt,
3232 2971 3286 3018 et
3324 2978 3356 3017 a

1774 3076 1904 3117 vero
1957 3067 2122 3129 atque
2174 3072 2436 3129 germano
2490 3065 2680 3111 ventre
2742 3057 3141 3111 aberravcrunt
3188 3073 3201 3108 :
3243 3070 3355 3109 non

1773 3153 1918 3208 enim
1951 3153 2005 3206 in
2041 3158 2292 3206 materno
2318 3152 2442 3205 sinu
2466 3148 2788 3220 gremioque
2822 3148 2979 3201 video
3006 3146 3130 3201 ﬁdei
3164 3146 3356 3201 descr-

1776 3250 1945 3306 tores,
1967 3250 2020 3297 et
2035 3242 2124 3296 aio
2143 3241 2481 3312 prophetiam
2503 3242 2571 3297 de
2600 3242 2684 3297 his
2703 3242 2853 3311 loqui
2879 3241 2970 3310 qui
2993 3257 3089 3310 per
3112 3239 3356 3294 fraudem

1777 3333 1989 3389 seducti
2041 3340 2251 3398 errant,
2310 3349 2503 3403 nempe
2554 3347 2580 3386 a
2637 3341 2829 3387 ventre
2890 3333 3012 3386 illos
3049 3333 3357 3394 aberrasse,

1773 3436 2099 3484 erraverunt
2137 3443 2203 3483 eo
2252 3428 2396 3497 quod
2447 3429 2612 3483 locuti
2660 3437 2790 3483 sunt
2842 3427 3001 3489 falsa,
3038 3425 3218 3479 Furor
3255 3427 3357 3487 eis,

1777 3520 1991 3588 inquit,
2042 3518 2112 3572 ad
2166 3520 2574 3574 similitudinem
2630 3519 2776 3571 illius
2827 3518 3091 3587 serpentis
3118 3517 3193 3577 ⁸¹,
3248 3531 3357 3569 non

1775 3611 1938 3678 plane
1985 3617 2149 3678 atque
2181 3609 2506 3678 simpliciter
2545 3608 2842 3677 serpentis,
2891 3620 2959 3661 ne
3013 3621 3136 3660 cum
3180 3607 3357 3661 bestia

1776 3703 1881 3756 hac
1945 3701 2257 3771 comparari
2312 3707 2477 3770 atque
2536 3699 2830 3753 assimilari
2887 3699 3220 3754 videantur:
3258 3697 3356 3753 sed

1777 3793 2013 3863 adjectio
2044 3790 2256 3845 articuli
2284 3789 2570 3875 ‘originale
2602 3798 2768 3855 atque
2802 3786 3103 3857 principale
3148 3786 3350 3839 malum

1774 3898 1874 3955 per
1925 3882 2218 3953 antigmata
2282 3882 2687 3949 verborumque
2751 3879 3037 3933 involucra
3093 3876 3354 3933 ostendit.

1779 3975 1886 4031 Sed
1935 3972 2172 4033 fortasse
2208 3987 2320 4027 non
2367 3971 2751 4040 intempestive
2802 3984 2831 4023 a
2879 3969 3038 4025 nobis
3083 3968 3356 4039 serpentis

1775 4077 1860 4124 est
1884 4067 2088 4123 mentio
2123 4065 2289 4133 facta,
2331 4065 2398 4119 ad
2443 4062 2852 4132 coarguendum
2888 4077 2983 4118 eos
3011 4061 3105 4131 qui
3154 4070 3359 4116 temere

1775 4166 1832 4213 et
1874 4155 2277 4211 inconsiderate
2324 4155 2591 4210 adversus
2640 4152 2908 4222 Spiritum
2958 4157 3209 4205 sanctum
3275 4150 3358 4202 lo-

1776 4260 2041 4319 quuntur.
2079 4249 2349 4315 Quoniam
2394 4247 2541 4301 enim
2582 4244 2725 4298 hanc
2760 4244 2967 4296 ﬁrmam
3013 4255 3077 4295 ac
3120 4239 3358 4294 validam

1777 4341 2041 4396 adversus
2088 4339 2354 4409 Spiritum
2392 4344 2649 4393 sanctum
2680 4334 2885 4389 habere
2935 4348 2995 4387 se
3028 4342 3226 4403 putant
3267 4345 3357 4387 re-

1779 4431 2221 4503 prehensionem,
2246 4427 2392 4499 quod
2440 4443 2471 4483 a
2522 4437 2714 4483 sancta
2755 4427 3015 4481 nimirum
3071 4424 3357 4494 Scriptura

141 4515 441 4593 ἐπικειμένου
468 4520 549 4591 τῷ
586 4519 884 4591 Πνεύματι,
922 4522 984 4573 τὸ
1018 4521 1095 4592 μὴ
1122 4522 1223 4593 τῆς
1263 4522 1434 4592 αὐτῆς
1463 4520 1673 4591 φύσεως

1781 4522 2021 4593 Spiritus
2057 4527 2284 4577 sanctus
2330 4534 2441 4574 non
2474 4519 2780 4589 appelletur
2809 4518 2951 4573 Deus
2998 4518 3080 4589 (ut
3112 4515 3359 4585 ipsorum

140 4590 250 4684 εἶναι
270 4607 341 4677 τῷ
370 4590 549 4680 Harp).
595 4610 689 4664 ita).
720 4590 799 4682 τῷ
838 4610 953 4683 Υἰῷ
979 4590 1040 4664 τὸ
1074 4590 1298 4684 Πνεῦμα
1334 4590 1677 4668 κατασκευά-

139 4683 320 4749 ζουσιν·
352 4698 667 4757 λαϐέτωσαν
707 4702 808 4771 τῆς
849 4703 1078 4774 ἀνοήτου
1121 4683 1299 4759 αὐτῶν
1330 4705 1679 4776 βλασφημίας

134 4777 209 4835 τὸν
227 4784 336 4855 ὅφιν
364 4793 692 4863 κατήγορον.
741 4792 829 4856 Ὠς
852 4792 960 4864 γὰρ
986 4795 1148 4864 ἡμεῖς
1178 4810 1358 4864 φαμεν
1387 4796 1468 4847 ὅτι
1495 4796 1528 4865 ή
1558 4795 1680 4849 θεία

139 4871 270 4939 φύσις
295 4878 457 4951 ὄνομα
510 4881 902 4953 σημαντικὸνῆ
932 4882 1032 4937 οὐκ
1069 4882 1181 4953 ἔχει
1228 4884 1427 4954 ἑαυτῆς
1464 4883 1497 4954 ἢ
1543 4887 1678 4955 ἡμῖν

138 4964 217 5019 οὐκ
258 4969 361 5041 ἔχει
386 4990 401 5005 ·
450 4974 567 5027 ἀλλ’
599 4975 654 5028 ετ
678 4992 732 5029 τι
761 4977 853 5030 καὶ
883 4974 1098 5043 λέγεται
1128 4974 1239 5029 εἴτε
1263 4975 1415 5047 παρὰ
1442 4977 1541 5047 τῆς
1584 4979 1679 5030 ἀν-

139 5051 381 5132 θρωπίνης
418 5065 726 5135 συνηθείας,
770 5064 882 5119 εἴτε
908 5065 1059 5135 παρά
1090 5065 1190 5136 τῆς
1233 5065 1395 5135 ἁγίας
1428 5066 1675 5137 Γραφῆςν

138 5144 224 5200 τῶν
244 5165 289 5204 τι
311 5152 436 5224 περὶ
463 5155 633 5228 αὐτὴν
656 5154 1148 5228 ἀποσημανθέντων
1177 5156 1325 5210 ἐστίν
1352 5173 1365 5186 ·
1396 5156 1533 5228 αὐτὴ
1561 5157 1619 5210 δὲ
1641 5158 1676 5227 ἡ

139 5236 237 5291 θεία
276 5243 430 5310 φύσις
486 5246 761 5319 ἄφραστός
804 5265 865 5301 τε
913 5248 1007 5301 καὶ
1066 5247 1443 5319 ἀνεκφώνητος
1503 5247 1677 5318 μένει,

138 5323 500 5396 ὕπερϐαίνουσα
528 5339 706 5392 πᾶσαν
750 5337 847 5410 τὴν
874 5338 962 5392 διὰ
1003 5339 1184 5410 φωνῆς
1218 5339 1495 5409 σημασίαν
1519 5356 1534 5370 ο
1585 5338 1677 5393 εῦο

138 5431 299 5489 καιρον
324 5416 483 5496 οἶμαι
501 5428 658 5483 τοῦτο
685 5430 786 5500 τῆς
822 5431 1043 5501 Γραφῆς
1076 5431 1202 5502 ὑμῖν
1244 5430 1587 5502 παραθέσθαι
1619 5433 1680 5486 τὸ

140 5505 295 5577 μέρος,
322 5513 348 5566 δ
378 5517 509 5587 πρὸς
534 5520 635 5593 τὴν
662 5518 803 5575 Εὔαν
822 5522 1093 5593 διεξῆλθεν
1121 5525 1149 5576 ὁ
1172 5523 1316 5592 ὄφις,
1355 5523 1566 5588 δεικνὺς
1595 5525 1677 5578 ὄτι

134 5593 187 5646 τὺ
208 5600 295 5670 τῆς
325 5604 572 5679 θεότητος
605 5611 775 5683 ὄνομα
818 5613 916 5683 τῆς
952 5614 1216 5685 ὁρατικῆς
1256 5615 1535 5686 ἐνεργείας
1577 5615 1676 5686 τὴν

139 5696 375 5756 σημασίαν
399 5698 533 5769 ἔχει.
566 5702 956 5775 Συμϐουλεύων
986 5704 1095 5776 γὰρ
1145 5704 1385 5775 ἅψασθαι
1412 5704 1523 5758 τῶν
1564 5706 1674 5759 ἁπ-

1773 4614 1964 4669 saltem
2012 4612 2200 4683 opinio
2231 4611 2336 4667 fert
2369 4629 2383 4666 :
2414 4625 2522 4666 non
2558 4609 2707 4665 enim
2756 4626 2859 4670 nos
2906 4623 3031 4663 cum
3084 4608 3194 4661 illis
3225 4622 3358 4661 con-

1773 4705 2109 4775 cordamus),
2141 4712 2195 4760 et
2223 4705 2377 4760 aiunt
2416 4712 2628 4758 natura!
2655 4704 2876 4772 quidem
2910 4698 3359 4772 signiﬁcatricem

1774 4814 1898 4854 esse
1936 4813 2127 4853 vocem
2161 4796 2410 4863 deitatis;
2459 4802 2514 4851 et
2542 4795 2689 4865 quod
2737 4794 2842 4848 hoc
2885 4807 3085 4847 nomen
3128 4789 3358 4860 Spiritui

1777 4895 1968 4943 sancto
1993 4885 2307 4958 impositum
2343 4900 2452 4940 non
2486 4886 2576 4950 sit,
2618 4900 2728 4938 non
2761 4883 3010 4952 ejusdem
3041 4896 3165 4936 cum
3199 4880 3363 4935 Patre.

1776 4996 1841 5035 ac
1888 4978 2028 5034 Filio
2068 4988 2282 5033 natura:
2335 4976 2601 5048 Spiritum
2646 4984 2894 5032 sanctum
2943 4987 3068 5029 esse
3120 4971 3362 5041 lingunt,

1775 5071 2049 5141 accipiant
2091 5078 2403 5139 serpentem
2444 5069 2599 5123 illum
2632 5067 2815 5123 stultae
2843 5079 2958 5121 suae
2999 5063 3357 5132 vituperatio-

1776 5162 1863 5215 nis
1911 5175 1976 5214 ac
2024 5158 2421 5214 maledicentia:
2450 5166 2830 5213 accusatorem
2861 5172 2874 5208 :
2910 5152 3361 5224 quandoquidem

1774 5249 1921 5306 enim
1968 5264 2071 5304 nos
2126 5248 2364 5305 dicimus
2410 5247 2655 5302 divinam
2708 5253 2956 5299 naturam
2999 5258 3198 5297 nomen
3244 5257 3362 5311 quo

1777 5341 2134 5408 signiﬁcetur,
2189 5348 2284 5394 aut
2336 5354 2446 5395 non
2493 5338 2715 5403 habere,
2763 5344 2857 5390 aut
2903 5335 3063 5390 nobis
3100 5349 3210 5388 non
3250 5334 3354 5388 lia-

1775 5433 1937 5499 bere;
1976 5431 2069 5488 sed
2117 5431 2165 5486 si
2198 5429 2346 5501 quod
2378 5428 2546 5485 etiam
2587 5427 2795 5482 dicitur
2836 5425 2952 5482 sive
2994 5440 3025 5479 a
3058 5432 3354 5481 consuetu.

1774 5523 1904 5578 dine
1929 5522 2186 5586 humana,
2220 5522 2338 5577 sive
2366 5534 2397 5573 a
2431 5527 2627 5575 sancta
2676 5516 2964 5587 Scriptura
2994 5516 3201 5586 aliquid
3231 5530 3355 5572 esse

1773 5629 1962 5669 eorum
1975 5628 2096 5684 qua:
2113 5614 2258 5667 circa
2276 5627 2398 5668 cam
2420 5616 2679 5665 notantur
2698 5616 2752 5663 et
2767 5622 2889 5663 esse
2908 5608 3353 5663 animadvertun-

1772 5714 1890 5770 tur,
1920 5705 2094 5776 ipsam
2122 5718 2249 5761 vero
2278 5703 2519 5759 divinam
2545 5710 2798 5758 naturam
2838 5699 3277 5771 inexplicabilem
3299 5704 3357 5761 et

229 5867 267 5900 ’⁸
290 5868 385 5930 lsa.
414 5891 490 5944 Ix,
521 5881 578 5939 6.
673 5883 891 5941 l"'llebr.
915 5901 991 5953 v1,
1035 5886 1119 5946 13.
1158 5887 1204 5919 ³ο
1242 5884 1384 5943 Psal-
1426 5900 1555 5955 LV",
1587 5886 1639 5938 4·

1797 5884 1926 5941 ibitl.
1967 5886 2019 5940 5.
