3882 6422
509 438 537 466 r:
547 439 609 466 τις

507 460 537 489 ε)
556 463 610 493 ιι)

1709 452 1766 507 s.
1808 449 2135 508 GREGORII
2181 452 2465 512 NYSSENI
3642 477 3726 534 εηε

495 546 822 606 ineﬁ'abilem
848 569 1088 618 manere,
1113 565 1166 613 et
1183 574 1400 617 omnem
1426 578 1547 633 quae
1565 579 1660 634 per
1677 581 1864 622 vocem
1886 566 1964 633 ﬁt,
1990 583 2079 622 su-

2186 571 2590 642 ηγορευμένων,
2631 575 2788 630 τοῦτο
2820 577 2919 647 τῆς
2948 579 3232 650 παρακοῆς
3262 580 3440 645 αὐτοῖς
3472 583 3528 636 τὸ
3573 587 3730 656 κέρδος

495 654 686 705 perure
713 642 1174 711 signiﬁcationem
1209 666 1222 702 :
1257 654 1642 722 tempestivum
1672 653 1891 710 videtur
1936 656 2079 711 lianc

494 731 650 784 vobis
686 730 989 800 Scriptura).
1033 748 1239 807 partem
1276 757 1602 812 proponere,
1634 745 1778 813 quod
1815 744 1880 798 ad
1912 745 2077 799 Evam

496 821 743 890 loquitur
799 826 890 881 ille
948 845 1201 898 serpens,
1259 834 1557 890 ostendens
1607 834 1830 891 deitatis
1880 852 2078 890 nomen

498 916 715 970 videndi
751 918 1054 975 eﬂicicntiae
1077 924 1361 980 continere
1405 926 1890 996 signiﬁcationem.
1937 928 2080 983 Sua-

495 1009 633 1062 (ἵε-ηε
675 1012 817 1064 cnim
864 1013 944 1066 eis
999 1022 1060 1066 ut
1099 1017 1294 1071 vetitos
1349 1015 1561 1072 fructus
1616 1027 1924 1088 gnstarent,
1974 1020 2078 1074 hoc

497 1099 646 1168 ipsos
695 1118 757 1155 cx
801 1104 1164 1160 inobedientia
1203 1110 1548 1164 commodum
1597 1126 1660 1165 ac
1697 1112 1910 1166 lucrum
1947 1128 2080 1167 con-

499 1201 790 1248 secuturos
861 1211 982 1250 csse
1055 1199 1363 1266 pollicetur.
1434 1205 1793 1272 Aperiantur,
1855 1205 2076 1274 inquit,

497 1283 636 1336 oculi
663 1285 838 1349 vestri,
879 1295 928 1340 et
958 1289 1106 1342 eritis
1133 1292 1267 1343 sicut
1300 1292 1377 1345 dii
1402 1294 1468 1348 ³’.
1502 1294 1671 1350 Vides
1699 1296 1846 1366 quod
1890 1312 2076 1352 vocem

495 1373 716 1431 deitatis
749 1377 802 1430 in
837 1393 958 1433 sese
988 1383 1250 1435 cernendi
1283 1383 1584 1440 eilicientia:
1623 1387 2079 1458 significationem

495 1467 784 1523 continuere
810 1479 1066 1526 testatur.
1114 1472 1234 1528 Non
1277 1476 1421 1530 enirn
1471 1487 1651 1547 potest
1684 1479 1890 1548 aliquid
1928 1480 2079 1534 cerni

497 1557 604 1612 nisi
643 1559 823 1615 oculis
858 1562 1086 1631 apertis.
1125 1563 1270 1634 Ergo
1307 1581 1415 1621 non
1453 1579 1730 1632 naturam,
1771 1571 1867 1626 Sed
1904 1570 2077 1626 iacul-

498 1657 664 1703 tatcm
698 1650 920 1705 videndi
957 1653 1232 1724 signiﬁcat
1263 1657 1556 1726 appellatio
1596 1661 1838 1718 deitatis.
1885 1662 2078 1719 Nonne

498 1740 666 1809 igitur
718 1741 1050 1798 conﬁtentur
1086 1745 1349 1815 Spiritum
1397 1761 1646 1808 sanctum
1713 1756 1938 1813 videre?
1994 1759 2079 1812 An

498 1831 662 1884 etiam
698 1832 768 1888 de
815 1833 917 1889 hoc
963 1838 1336 1892 contendent?
1384 1841 1517 1896 Nam
1572 1847 1617 1900 si
1665 1847 1882 1916 quidem
1914 1850 2076 1914 videt,

499 1921 570 1975 ab
592 1923 880 1978 eﬁicientia
913 1941 1142 1994 prorsus
1165 1933 1588 1998 cognominatur
1613 1953 1626 1990 :
1654 1936 1738 1990 sin
1769 1946 1949 1994 autem
1975 1940 2079 1996 hoc

497 2014 662 2067 etiam
713 2015 928 2072 ratione
963 2026 1128 2088 atque
1173 2024 1424 2079 oratione
1477 2043 1598 2082 sese
1630 2029 1816 2085 doceri
1865 2032 2080 2090 deside-

501 2112 643 2168 rant,
675 2107 779 2160 etsi
801 2123 1200 2177 supervacuum
1234 2113 1450 2182 quidem
1475 2127 1562 2172 est
1597 2121 1870 2177 confessis
1900 2124 2079 2194 iisque

500 2190 666 2246 rebus
701 2191 771 2247 de
823 2196 1025 2262 quibus
1063 2207 1284 2254 constat
1333 2201 1656 2271 immorari,
1701 2190 2076 2264 verumtamen

499 2280 644 2336 hanc
672 2299 893 2354 quoque
931 2301 1054 2340 cum
1097 2290 1264 2343 animi
1312 2291 1536 2349 lenitate
1573 2297 1956 2367 ignorantibus
1986 2304 2081 2357 ad-

498 2371 758 2443 jiciamus
789 2377 1114 2433 orationem.
1147 2379 1282 2445 Quis
1332 2381 1560 2439 Ananiae
1591 2390 1938 2460 sacrilegium
1988 2393 2083 2448 de-

501 2466 837 2533 prehendit?
890 2467 992 2535 Qui
1063 2471 1259 2528 Petrus
1306 2476 1528 2531 rescivit
1575 2480 1842 2535 Ananiam
1903 2484 2080 2554 ipsum

503 2557 578 2608 rei
617 2573 729 2611 sua:
766 2558 940 2614 furem
989 2561 1182 2622 fuisse.
1217 2567 1362 2634 quod
1409 2570 1756 2640 sacrilegium
1800 2590 1904 2628 una
1957 2592 2080 2630 cum

503 2647 737 2717 conjuge
768 2651 922 2704 solus
963 2651 1019 2705 in
1057 2657 1274 2708 occulto
1306 2659 1696 2716 commiserat?
1735 2663 1928 2722 Nonne
1963 2667 2084 2738 Spi-

501 2735 645 2790 ritus
696 2747 924 2797 sanctus
971 2753 1024 2797 et
1075 2745 1128 2798 in
1184 2747 1345 2801 Petro
1393 2761 1530 2816 erat,
1586 2754 1808 2810 Ananim
1850 2735 2084 2819 Satanas

501 2826 727 2882 aderat?
757 2831 963 2887 Idcirco
1004 2835 1138 2888 dicit
1169 2837 1384 2903 Petrus,
1423 2841 1535 2896 Cur
1584 2846 1814 2916 implevit
1849 2850 2084 2909 Satanas

503 2936 597 2974 cor
622 2929 789 2986 tuum,
827 2937 882 2979 ut
935 2931 1230 2984 ntentireris
1263 2931 1489 3000 Spiritui
1511 2948 1692 2992 sancto
1723 2942 1748 2994 ?
1781 2959 1883 2996 non
1942 2963 2087 3000 men-

505 3011 633 3065 titus
662 3030 715 3069 es
744 3014 1062 3083 hominibus,
1084 3020 1174 3075 sed
1207 3023 1312 3076 Deo
1331 3025 1400 3078 ³³.
1420 3027 1891 3091 Quemadmodum
1923 3038 2087 3108 igitur

505 3102 554 3157 is
588 3105 679 3174 qui
713 3105 847 3158 dicit
882 3108 1025 3174 :Qni
1064 3112 1264 3167 animal
1313 3118 1526 3172 ratione
1563 3125 1848 3190 prteditum
1893 3102 2086 3183 co'ntu-

509 3195 670 3248 mclia
709 3195 892 3262 aﬁicit,
940 3201 1212 3256 hominem
1248 3210 1580 3264 contumelia
1631 3212 1816 3278 allicit.
1858 3234 1965 3274 non
2018 3222 2084 3276 ad

507 3285 647 3340 duos
698 3288 967 3356 quosdam
1017 3291 1179 3347 refert
1220 3300 1635 3366 contumeliam,
1672 3307 1765 3360 sed
1813 3309 1881 3364 ad
1916 3328 2079 3368 unam

2181 666 2700 732 κατεπαγγέλλεται,
2727 671 2809 722 ὅτι
2834 671 3270 739 Ἀνοιγήσονται
3294 673 3453 742 ὑμῶν
3472 678 3524 728 οἱ
3539 678 3729 745 ὀφθαλ-
3764 732 3768 737 ,

2173 755 2309 821 μοι,
2375 757 2471 809 καὶ
2539 759 2756 813 ἔσεσθε
2815 761 2895 826 ὡς
2944 763 3087 816 θεοί.
3152 764 3310 834 Ὁρᾷς
3371 767 3453 818 ὅτι
3510 766 3732 841 θεατικὴν

2181 843 2464 915 ἐνέργειαν
2508 853 2921 920 προσμαρτυρεί
2963 855 3028 921 τῇ
3063 855 3212 923 φωνῇ
3248 853 3343 924 τῆς
3373 855 3631 926 θεότητος.
3663 862 3724 912 Οὐ

2181 935 2286 1008 γὰρ
2311 936 2425 988 ἔστι
2456 936 2752 993 θεάσασθαί
2781 959 2834 994 τι
2861 941 2935 1012 μὴ
2963 942 3069 996 τῶν
3096 944 3387 1014 ὀφθαλμῶν
3418 947 3728 1016 ἁνοιγέντων.
3759 1019 3765 1030 ι

2181 1028 2388 1081 Οὐκοῦν
2421 1030 2541 1099 οὐχὶ
2585 1032 2683 1101 τὴν
2710 1032 2893 1100 φύσιν,
2943 1034 3077 1087 ἀλλὰ
3109 1034 3208 1105 τὴν
3238 1035 3494 1108 θεατικήν
3532 1041 3729 1112 δύναμιν

2181 1123 2214 1190 ἡ
2240 1121 2339 1191 τῆς
2364 1122 2618 1194 θεότητος
2651 1126 2988 1197 προσηγορία
3020 1127 3364 1197 παρίστησιν.
3395 1124 3517 1201 'Ap’
3547 1129 3630 1185 οὖν
3653 1137 3731 1206 οὐχ

2179 1213 2496 1282 ὁμολογοῦσι
2529 1215 2822 1270 θεάσασθαι
2863 1216 2924 1268 τὸ
2973 1217 3195 1286 Πνεῦμα
3238 1221 3297 1273 τὸ
3332 1221 3512 1289 ᾶγιονς
3561 1224 3622 1276 Ἣ
3654 1227 3730 1278 καὶ

2182 1305 2308 1376 περὶ
2333 1305 2524 1358 τούτου
2556 1305 3066 1378 ζυγομαχήσουσιν;
3127 1311 3188 1362 Εἰ
3221 1311 3318 1380 μὲν
3360 1313 3468 1382 γὰρ
3494 1315 3730 1380 τεθέαται,

2178 1400 2245 1468 τῇ
2273 1399 2518 1470 ἐνεργείᾳ
2560 1400 2779 1457 πάντως
2807 1400 3238 1470 ἐπονομάζεταιο
3289 1404 3340 1454 εἰ
3392 1404 3448 1457 δὲ
3489 1406 3731 1461 καὶτοῦτο

2180 1485 2403 1556 ζητοῦσι
2431 1487 2574 1558 λόγῳ
2605 1489 2821 1558 μαθεῖν,
2855 1491 3105 1560 περιττὸν
3137 1492 3234 1560 μὲν
3262 1495 3376 1556 τοῖς
3406 1493 3732 1565 ὁμολογουμέο

2180 1595 2291 1641 νοις
2309 1579 2684 1650 ἐνδιατρίϐειν·
2710 1579 2846 1650 πλὴν
2870 1580 3004 1632 ἀλλὰ
3032 1581 3359 1652 προσθῶμεν
3377 1586 3488 1647 τοῖς
3517 1586 3730 1666 ἀγνορῦσι

2180 1671 2275 1724 καὶ
2307 1670 2494 1723 τοῦτον
2521 1673 2580 1723 ἐν
2611 1671 2962 1743 μακροθυμίᾳ
3001 1673 3092 1726 τὸν
3139 1673 3328 1740 λόγον’
3363 1675 3458 1738 Τίς
3487 1677 3574 1728 τοῦ
3605 1679 3730 1730 Ἀνα-

2179 1763 2294 1816 νίου
2329 1762 2428 1832 τὴν
2477 1762 2780 1833 ἱεροσυλίαν
2830 1762 3150 1833 ὲφὼρασενς
3205 1764 3330 1828 Πῶς
3378 1765 3516 1834 ἔγνω
3559 1767 3729 1837 Πέτρος

2181 1855 2342 1908 αὑτὸν
2389 1854 2579 1907 ἑαυτοῦ
2625 1855 2716 1907 τὸν
2761 1855 3012 1908 Ἀνανίαν
3047 1856 3289 1924 κλέπτην
3332 1858 3639 1928 γενόμενον,
3679 1859 3732 1928 ἢν

2180 1949 2236 1999 ὲν
2263 1945 2590 2016 παραϐύστῳ
2621 1945 2758 2015 μετὰ
2791 1946 2892 2016 τῆς
2914 1945 3185 2016 ὁμοζύγου
3234 1947 3398 2018 μόνος
3439 1949 3730 2020 εἰργάσατος

2179 2038 2256 2094 Οὐ
2283 2040 2344 2093 τὸ
2375 2039 2600 2108 Πνεῦμα
2642 2039 2702 2092 τὺ
2737 2039 2889 2107 ἆγιον
2933 2039 3026 2091 καὶ
3067 2039 3127 2090 ὲν
3179 2039 3373 2110 Πέτρῳ
3417 2035 3503 2110 ἦν,
3543 2041 3629 2093 καὶ
3666 2040 3730 2108 τῷ

2192 2131 2408 2202 Ἀνανίᾳ
2452 2132 2482 2183 ὁ
2512 2131 2754 2194 Σατανᾶς
2803 2129 3022 2201 παρῆνς
3071 2129 3171 2182 Διὰ
3218 2130 3379 2183 τοῦτό
3415 2147 3573 2200 φησιν
3599 2133 3624 2184 ό
3651 2131 3730 2184 Πέ-

2179 2241 2328 2294 τροςο
2346 2225 2446 2288 Εἰς
2466 2225 2520 2275 τί
2537 2223 2897 2290 ἐπλήρωσεν
2913 2224 2944 2274 ὀ
2962 2219 3234 2287 Σατανᾶς
3259 2222 3375 2289 τὴν
3395 2223 3628 2291 καρδίαι·
3640 2240 3730 2276 σου

2180 2315 2527 2384 ψεύσασθαί
2560 2329 2634 2368 σε
2669 2315 2733 2368 τὸ
2758 2313 2997 2380 Πνεῦμα
3022 2315 3086 2367 τὸ
3127 2314 3346 2383 ἅγιον;
3383 2319 3500 2370 Οὐκ
3530 2317 3731 2384 ἐψεύσω

2181 2404 2528 2471 ἀνθρώποις,
2571 2405 2730 2459 ἀλλὰ
2759 2403 2839 2468 τῷ
2879 2404 3020 2469 Θεῷ.
3067 2405 3280 2477 Ὠσπερ
3325 2407 3500 2460 τοίνυν
3525 2409 3551 2459 ὁ
3587 2406 3730 2472 λέγων

2181 2497 2263 2550 ὅτι
2285 2496 2345 2548 τὸ
2369 2495 2582 2563 λογικὸν
2613 2496 2862 2566 ὑϐρίσας,
2881 2495 2972 2548 τὸν
2996 2495 3282 2567 ἄνθρωπον
3312 2499 3544 2569 ὕϐρισεν,
3567 2499 3651 2550 οὐκ
3670 2498 3730 2557 είς

2181 2587 2274 2641 δύο
2288 2588 2438 2650 τινὰς
2455 2587 2609 2657 φέρει
2629 2589 2729 2659 τὴν
2751 2588 2928 2659 ὓϐριν,
2951 2590 3084 2643 ἀλλὰ
3107 2590 3243 2662 πρὸς
3269 2591 3328 2643 ἓν
3355 2593 3467 2643 ἐστι
3487 2591 3729 2660 πρόσωπον

2184 2675 2217 2745 ἡ
2240 2674 2486 2746 ἀναφορὰ
2508 2675 2783 2746 διαφόροις
2806 2677 3054 2748 ἰδιώματι
3073 2679 3496 2750 γνωριζόμενοψ
3521 2675 3729 2732 οὕτωκαὶ

2183 2769 2211 2820 ό
2246 2766 2485 2837 Πέτρος,
2537 2767 2630 2820 καὶ¹
2679 2767 2901 2838 Πνεῦμα
2943 2769 3037 2822 καὶ
3080 2769 3214 2822 θεὸν
3264 2769 3438 2823 εἰπὼν
3655 2765 3726 2818 τοῦ

2197 2859 2438 2911 Ἀνανίου
2481 2857 2905 2928 διεψευσμένον,
2949 2860 3145 2913 ταύτὸν
3189 2860 3259 2914 τὰ
3297 2860 3390 2913 δύο
3429 2862 3533 2922 τοῖς
3558 2856 3729 2910 νοοῦσιν

2186 2949 2426 3011 εὐσεϐῶς
2469 2949 2871 3003 ἀποδείκνυσιν.
2935 2951 3095 3005 Ἀλλὰ
3141 2951 3438 3022 γενοίμεθα
3483 2951 3569 3004 καὶ
3601 2949 3726 3018 ἡμεῖς

2185 3040 2479 3112 διορατικοὶ
2517 3041 2616 3109 τῆς
2663 3040 2943 3112 ἀληθείας,
2997 3043 3091 3095 καὶ
3115 3044 3336 3114 μέτοχοι
3364 3044 3458 3113 τῆς
3500 3042 3728 3138 θεότητος,

2188 3132 2330 3184 κατὰ
2359 3130 2456 3201 τὴν
2489 3131 2695 3201 δωρεὰν
2727 3131 2820 3184 τοῦ
2871 3132 3026 3199 ἁγίου
3077 3133 3393 3204 Πνεῦματος
3445 3136 3500 3186 ὲν
3544 3130 3723 3202 Χριστῷ

2114 3245 2159 3306 C
2203 3226 2378 3296 Ἰησοῦ
2407 3225 2483 3296 τῷ
2512 3226 2702 3296 Κυρίῳ
2731 3227 2908 3297 ἡμῶν,
2957 3219 3001 3293 ᾧ
3031 3228 3063 3296 ἡ
3096 3226 3225 3292 δόξα
3256 3228 3354 3282 καὶ
3375 3226 3433 3280 τὸ
3461 3225 3638 3297 κράτος
3666 3221 3725 3282 εἰς

2191 3319 2318 3381 τοὺς
2343 3317 2544 3380 αἰῶνας
2568 3317 2675 3370 τῶν
2705 3317 2936 3373 αἰώνων.
2982 3319 3177 3388 Ἀμήν.

510 3395 798 3450 personam
839 3400 959 3454 qua:
1018 3387 1251 3446 diversis
1309 3397 1732 3464 proprietatibus
1787 3413 2139 3476 cognoscitur
2182 3414 2379 3469 relatio
2435 3415 2534 3467 ﬁt:
2585 3415 2658 3467 ita
2718 3412 2915 3470 Petrus
2957 3431 3206 3486 quoque,
3260 3431 3385 3470 cum
3435 3421 3486 3470 et
3541 3409 3724 3482 Spiritui

510 3482 702 3530 sancto
757 3485 812 3532 et
883 3477 992 3535 Deo
1044 3481 1271 3538 dixisset
1315 3487 1581 3544 Ananiam
1633 3509 1757 3551 esse
1806 3505 2115 3571 mentitum,
2155 3523 2268 3562 rem
2305 3509 2550 3561 eamdem
2594 3522 2690 3575 per
2726 3507 2836 3561 duo
2872 3509 3138 3563 vocabula
3188 3508 3280 3577 pie
3352 3501 3725 3574 intelligentibus

509 3568 870 3628 demonstrat.
933 3573 1132 3630 Verum
1183 3581 1484 3638 etiiciamnr
1549 3588 1713 3644 etiam
1770 3609 1872 3651 nos
1938 3599 2083 3654 dnno
2147 3601 2384 3673 Spiritus
2439 3601 2612 3656 sancti
2666 3602 3012 3671 perspicaces
3057 3602 3309 3657 veritatis
3361 3599 3726 3667 investigatorcs

513 3671 564 3713 et
619 3661 912 3730 participes
951 3663 1205 3730 deitatis.

515 3751 637 3804 cula
666 3754 1012 3807 seculorum.
1049 3757 1242 3812 Amen.

592 3925 636 3957 ³³
678 3927 807 3985 Gen.
845 3945 926 3995 ιιι,
1095 3934 1138 3967 ³³
1171 3939 1292 3992 Act.
1320 3955 1372 4004 ν,
1399 3942 1456 3996 5.

1282 3686 1376 3740 per
1424 3673 1704 3732 Christum
1773 3681 1959 3741 Jesum
2011 3689 2298 3747 hominum
2337 3701 2617 3757 nostrum,
2653 3691 2742 3744 cui
2791 3692 2963 3761 gloria
3013 3699 3177 3762 atque
3226 3691 3509 3762 imperium
3549 3687 3597 3741 in
3637 3695 3726 3738 sa:-
