3882 6442
174 319 260 376 $77
1367 308 1433 363 IN
1472 305 1877 365 BAPTISMUM
1912 304 2214 364 CHRISTI.
3320 315 3435 375 573

216 435 3428 478 mm

1379 597 1661 686 ’ΤΟΥ
1742 598 2121 687 ΑΥΤΟΥ

576 813 816 927 ΕΙΣ
906 812 1224 928 ΤΗΝ
1320 811 1965 931 ΗΜΕΡΑΝ
2049 813 2353 931 ΤΩΝ
2418 817 2964 967 ΦΩΤΩΝ,

1309 1026 1399 1081 Ἐν
1431 1018 1787 1099 ᾗὲὸαπτίσθη
1812 1026 1841 1080 ό
1857 1024 2061 1100 Κύριος
2093 1026 2263 1099 ήμῶν.

1520 1350 2060 1444 EJUSDEM

1032 1568 1195 1682 ΙΝ
1304 1566 1718 1681 ΒΙΕΜ
1801 1566 2565 1685 LUMINUM

1192 1789 1253 1846 In
1286 1804 1398 1862 quo
1436 1790 1747 1862 baptizatus
1770 1799 1857 1847 est
1889 1789 2151 1848 Dominus
2176 1798 2387 1850 noster.

1448 1940 1702 1996 Laurentio
1724 1941 1898 2009 Sifano
1926 1940 2124 2009 interpr.

1752 2118 1823 2134 ..ι-

227 2266 331 2323 Νῦν
379 2266 636 2340 γνωρίζω
665 2264 764 2338 τὴν
820 2263 959 2338 ἐμὴν
986 2263 1211 2336 ἀγέλην,
1258 2265 1501 2338 σήμερον
1553 2264 1738 2336 βλέπω

1916 2262 2075 2319 Nunc
2110 2278 2557 2335 agnoscomcum
2592 2268 2843 2338 gregem;
2893 2268 3059 2327 hodie
3111 2269 3269 2328 video
3324 2275 3437 2332 for.

173 2362 334 2433 σχῆμα
382 2361 481 2433 τῆς
524 2357 855 2430 Ἐκκλησίας
908 2357 971 2411 τὸ
997 2356 1262 2428 σύνηθες,
1299 2358 1464 2429 ἡνίκα
1501 2360 1595 2413 καὶ
1636 2359 1706 2412 τᾶ

1906 2372 1993 2411 am
2029 2356 2286 2412 Ecclesiae
2318 2365 2665 2425 consuetam,
2697 2361 2918 2429 quando
2938 2362 3102 2417 etiam
3129 2367 3432 2422 carnalium

172 2430 431 2525 capitati);
456 2451 759 2524 φροντίδων
785 2450 883 2522 τὴν
913 2450 1169 2521 ἀσχολίαν
1229 2451 1563 2522 μισήσαντες
1588 2491 1604 2515 ,
1626 2452 1705 2505 duo

1900 2463 2107 2503 Irarum
2152 2448 2470 2518 posthabito
2498 2451 2740 2521 negotio,
2774 2451 2925 2520 justa
2980 2455 3321 2525 plenitudine
3368 2459 3433 2513 ad

177 2547 288 2617 ρσίῳ
313 2543 387 2615 τῷ
432 2542 767 2613 πληρώματι
807 2542 946 2613 πρὸς
990 2541 1090 2613 τὴν
1128 2541 1427 2615 θεραπείαν
1462 2542 1558 2595 τοῦ
1599 2543 1710 2596 Θεοη

1903 2541 2053 2594 dtum
2097 2539 2191 2595 Dei
2214 2541 2602 2606 concurristis,
2625 2550 2789 2614 atque
2821 2545 2991 2600 :cdem
3016 2548 3236 2618 quidem
3266 2567 3436 2623 popu-

177 2637 514 2709 συνεδράμετε
540 2652 556 2667 ⁸
592 2635 685 2689 καὶ
719 2637 1044 2706 στενοχωρεῖ
1077 2633 1179 2705 μὲν
1217 2636 1245 2687 ὁ
1272 2632 1399 2697 λαὸς
1441 2633 1534 2688 τὸν
1566 2628 1710 2686 οἷκον

1899 2646 1935 2685 ~s
1973 2638 2268 2700 angustam
2291 2632 2494 2697 reddit,
2525 2632 2670 2688 intra
2709 2650 2868 2690 sacra
2922 2638 3083 2709 adyta
3143 2652 3432 2711 penetrans

144 2786 160 2798 _
176 2729 287 2781 εἴσω
308 2728 412 2782 τῶν
445 2727 614 2799 ἱερῶν
641 2725 850 2779 ἀδύτων
870 2727 1155 2797 γινόμενος
1174 2741 1187 2756 ’
1209 2726 1411 2797 πληροῖ
1433 2726 1489 2779 δὲ
1516 2727 1608 2780 τὸν
1636 2726 1677 2782 εξ

1929 2722 2246 2791 irrumpens
2270 2739 2285 2776 :
2309 2729 2582 2793 quotquot
2602 2732 2785 2780 autent
2823 2725 2892 2782 ab
2922 2728 2989 2783 iis
3015 2731 3107 2799 qui
3134 2731 3283 2788 intus
3309 2741 3436 2788 sunt

174 2819 325 2891 χῶρον
366 2822 422 2873 ὲν
458 2823 576 2883 τοῖς
612 2818 1137 2891 προτεμενίσμασιν,
1196 2818 1321 2872 ὅσον
1366 2819 1428 2872 οὐ
1480 2820 1707 2891 χωρεῖτα

1905 2830 1952 2867 »η
1983 2814 2371 2881 admittuntur,
2425 2829 2587 2885 apum
2648 2817 2702 2871 in
2759 2817 2981 2873 modum
3019 2820 3198 2876 locum
3254 2834 3438 2881 exter-

175 2911 303 2982 παρὰ
327 2912 430 2965 τῶν
462 2910 632 2972 ἔνδον,
667 2908 810 2962 κατὰ
840 2908 941 2980 τὴν
981 2910 1163 2962 εἰκόνα
1187 2908 1297 2963 τῶν
1354 2909 1641 2981 μελισσῶν.
1672 2912 1708 2963 Α

1896 2920 1974 2959 tm
2002 2905 2059 2959 in
2092 2906 2382 2963 vestibulis
2428 2907 2675 2977 implent.
2737 2908 2870 2963 Nam
2921 2925 3084 2981 apum
3143 2914 3263 2970 alia:
3313 2917 3429 2987 qui-

176 3001 259 3070 μὲν
280 3003 379 3075 γὰρ
410 3003 559 3056 ἔνδον
592 2998 940 3073 ἐργάζονται,
962 3003 1019 3054 αἱ
1041 3000 1098 3054 δὲ
1120 3000 1318 3065 ἔξωθεν
1344 3000 1709 3073 περιϐομϐοὖσ

1897 3010 1965 3051 2m
2023 2996 2174 3052 intus
2233 2997 2289 3052 in
2337 3012 2502 3069 opere
2554 3010 2834 3070 occupatae
2888 3012 3060 3060 sunt:
3121 3007 3240 3063 aliae
3303 3026 3430 3067 vero

174 3093 223 3147 τὸ
245 3095 451 3167 σμῆνος.
485 3094 678 3159 Οὕτως
705 3089 798 3148 οὖν
829 3095 1057 3156 ποιεῖτε,
1083 3087 1128 3147 ὦ
1156 3094 1375 3159 παῖδες,
1406 3095 1502 3148 καὶ
1530 3095 1707 3166 μήποτ

1896 3088 1981 3145 tris
2012 3089 2230 3146 alveare
2258 3089 2745 3161 circumstrepunt.
2788 3091 2882 3148 Sic
2924 3095 3089 3167 igitur
3138 3098 3324 3166 facite,
3393 3118 3429 3159 ο

174 3182 349 3255 ταύτην
370 3184 468 3255 τὴν
506 3183 749 3252 σπουδὴν
778 3181 1104 3253 ἀπολίπητε.
1148 3182 1331 3247 Πάθος
1356 3183 1465 3254 γὰρ
1494 3183 1707 3254 ὁμολογέ

1902 3181 1960 3245 ii,
2022 3189 2079 3236 et
2125 3196 2405 3253 nunquam
2438 3181 2543 3236 hoc
2581 3183 2822 3239 studium
2874 3185 3165 3246 deseratis.
3224 3191 3431 3249 Aﬂ'ectu

176 3277 370 3346 πάσχων
406 3275 789 3347 ποιμαντικδν,
838 3274 934 3327 καὶ
968 3273 1235 3345 βούλομαι
1264 3274 1356 3328 ἐπὶ
1382 3273 1482 3345 τῆς
1526 3273 1706 3346 ὑψηλῆ

1897 3273 1985 3326 tim
2006 3288 2093 3327 me
2109 3274 2373 3342 pastorali
2407 3271 2544 3327 allici
2577 3272 2782 3341 fateor;
2809 3289 2873 3331 ac
2896 3277 3021 3332 volo
3049 3278 3105 3334 in
3126 3280 3229 3336 hac
3256 3283 3430 3337 subli-

174 3363 351 3437 ταύτης
376 3364 686 3435 καθήμενος
715 3362 949 3427 σκοπιᾶς
971 3402 985 3427 ,
1016 3362 1201 3432 κύκλῳ
1226 3364 1356 3434 περὶ
1379 3364 1507 3426 τοὺς
1530 3364 1707 3435 πρόπο

1899 3364 1914 3417 i
1979 3365 2203 3434 specula
2276 3366 2474 3421 sedens
2513 3365 2660 3421 circa
2704 3367 2983 3438 subjectos
3034 3373 3226 3426 vertici
3267 3375 3431 3431 colles

175 3450 363 3523 δαςτῆς
392 3451 644 3526 κορυφῆς
686 3451 906 3522 βλέπειν
942 3449 1305 3521 ἠθροισμένον
1346 3450 1409 3504 τὸ
1440 3452 1692 3522 ποίμνιον

1898 3455 2082 3526 tdique
2094 3467 2483 3528 congregatum
2505 3471 2721 3528 gregem
2742 3462 2990 3515 contueri
3009 3478 3023 3526 ;
3042 3470 3096 3517 et
3113 3463 3202 3518 ubi
3226 3464 3278 3518 id
3303 3466 3431 3520 mihi

177 3545 255 3596 καὶ
277 3544 435 3610 οὕτως
475 3560 571 3617 μοι
606 3541 917 3614 συμϐαίνει,
953 3541 1266 3613 προθυμίας
1290 3558 1352 3596 τε
1381 3543 1710 3614 έμπίπλαμα

1897 3547 2152 3616 mtigerit,
2181 3562 2305 3602 cum
2328 3550 2465 3601 mira
2512 3548 2743 3619 impleor
2787 3551 2953 3605 animi
2980 3553 3288 3618 alacritate,
3314 3562 3430 3609 tum

177 3632 482 3709 θαυμαστῆς,
510 3635 614 3690 καὶ
643 3635 840 3705 κάμνω
881 3634 973 3688 τὸν
1002 3633 1160 3702 λόγον
1199 3633 1394 3705 ἡδέως,
1429 3633 1507 3699 ὡς
1536 3638 1589 3689 oi.
1619 3653 1710 3691 ποι

1895 3639 2004 3693 cuti
2034 3644 2286 3707 pastores
2324 3637 2472 3693 circa
2508 3639 2750 3694 rusticas
2792 3640 3122 3707 cantilenas,
3158 3643 3233 3696 ita
3280 3644 3428 3699 circa

179 3726 313 3794 μένες
333 3729 397 3782 τὰ
434 3728 577 3798 μέλη
606 3726 677 3780 τὰ
709 3727 930 3796 νομαῖα.
970 3725 1143 3780 Ὅταν
1169 3725 1228 3780 δὲ
1257 3726 1463 3798 ἑτέρως
1494 3726 1616 3801 ἔχῃ,
1644 3744 1712 3783 κα

1893 3724 2145 3779 'ationem
2176 3736 2398 3793 operam
2417 3739 2577 3779 sumo
2602 3724 2872 3779 lubenter.
2900 3725 3037 3781 Cum
3060 3734 3240 3782 autem
3266 3730 3426 3784 aliter

177 3817 257 3889 τὴν
283 3819 378 3884 ἔξω
400 3820 610 3888 πλάνην
637 3813 736 3889 ἦτε
762 3816 1126 3888 πλανώμενοι,
1140 3817 1216 3881 ὡς
1239 3818 1500 3888 ὑπόγυιον
1524 3820 1617 3874 ἐπὶ
1640 3820 1705 3892 τῆ

1895 3831 2015 3871 :res
2043 3816 2227 3881 habet,
2256 3822 2311 3870 et
2344 3823 2571 3870 externo
2609 3816 2894 3887 gentilium
2933 3831 3123 3874 errore
3181 3821 3428 3890 occupati

180 3910 520 3985 παρελθούσης
535 3909 826 3983 Κυριακῆς
847 3909 1205 3980 πεποιήκατε,
1226 3909 1525 3980 σχετλιάζω
1546 3911 1713 3966 πολλὰ

1894 3908 1997 3970 MS,
2028 3908 2174 3964 sicut
2201 3921 2311 3963 non
2341 3906 2414 3962 ita
2432 3907 2641 3977 pridem
2664 3907 2911 3979 (nempe)
2940 3910 3216 3979 praeterita
3248 3909 3427 3966 Domi-

181 4005 256 4057 καὶ
269 4004 358 4076 τὴν
378 4006 592 4076 σιωπὴν
609 4002 950 4072 ἀσπάζομαι·
978 4001 1303 4073 βουλεύομαι
1318 4002 1377 4055 δὲ
1399 4003 1499 4075 τὴν
1526 4003 1714 4060 ὲνθένδ

1894 4015 1963 4055 ca
1996 3997 2240 4055 fecistis:
2277 4011 2476 4068 magna
2506 3998 2760 4054 molestia
2790 3997 3018 4063 aiiicior,
3050 4008 3105 4055 et
3153 3999 3427 4056 silentium

184 4095 349 4168 ῖυγὴν,
367 4099 457 4152 καὶ
483 4096 637 4169 ζητῶ
670 4095 764 4149 τὸν
784 4094 978 4147 *Ηλίου
997 4091 1093 4146 τοῦ
1113 4094 1393 4165 προφήτου
1420 4093 1714 4168 Κάρμηλον

1897 4104 2001 4145 neo
2038 4108 2052 4144 :
2091 4096 2256 4158 atque
2295 4090 2423 4144 hinc
2469 4089 2656 4161 fugere
2703 4092 2898 4162 cupio,
2945 4106 3009 4146 ac
3064 4108 3249 4161 quer
3304 4093 3428 4149 Elite

174 4186 207 4258 ἠ
224 4205 329 4242 τινα
353 4191 561 4263 πέτραν
577 4187 859 4258 ἀοίκητον.
885 4186 1044 4239 Φίλον
1064 4185 1173 4256 γάρ
1191 4201 1309 4248 πως
1330 4187 1442 4249 τοῖς
1466 4185 1707 4257 ἀθυμοΰα

1894 4180 2120 4250 'ophetaa
2139 4179 2476 4244 Carmelum,
2508 4189 2603 4234 aut
2633 4181 2873 4250 aliquam
2898 4189 3111 4250 petram
3156 4183 3427 4239 inhabita-

176 4278 229 4331 τὸ
251 4279 463 4351 ἄμικτον
489 4281 590 4336 καὶ
622 4279 946 4352 φιλέρημον.
979 4276 1097 4330 Νῦν
1128 4276 1186 4329 δὲ
1219 4276 1434 4346 βλέπων
1464 4277 1610 4348 ὑμᾶς
1638 4279 1709 4333 σὺλ

1894 4286 1977 4325 [ιη.
2012 4271 2205 4326 Amica
2239 4272 2386 4326 enim
2434 4272 2843 4341 quodammodo
2890 4272 3060 4327 animi
3110 4274 3427 4343 aegritudine

180 4369 335 4436 αὐτοῖς
359 4377 467 4438 τοῖς
497 4373 716 4441 γένεσιν
750 4368 966 4441 ἀθρόως
994 4368 1492 4439 πανηγυρίζοντας,
1531 4368 1713 4441 ὑπομιι

1894 4362 2049 4418 lectis
2075 4361 2203 4433 fuga
2242 4361 2662 4418 consuetudinis
2708 4371 2764 4418 et
2816 4364 3059 4433 captatio
3117 4365 3427 4425 solitudinis

182 4462 464 4535 μνήσκομαι
494 4462 681 4532 λογίου
714 4458 1079 4533 προφητικοῢ,
1120 4459 1149 4512 ὃ
1176 4459 1463 4532 πόρρωθεν
1506 4461 1715 4515 Ἡσαΐας

1892 4463 1944 4511 ιι.
1979 4454 2137 4509 Nunc
2161 4469 2298 4509 vero
2323 4469 2448 4508 cum
2479 4454 2640 4510 video
2679 4469 2777 4510 vos
2810 4470 2917 4509 una
2948 4469 3073 4510 cum
3114 4456 3248 4527 ipsis
3267 4458 3425 4514 fami-

180 4552 447 4627 ὀνύμνησε,
475 4557 576 4629 τὴν
605 4553 859 4608 εὔτεκνον
882 4552 978 4606 καὶ
999 4550 1308 4606 πολύπαιδα
1328 4552 1713 4624 προαναφωνῶε

1893 4547 1928 4601 Ls
1957 4554 2010 4600 et
2066 4543 2490 4616 cognationibus
2534 4546 2855 4600 catervatim
2906 4556 3234 4603 conventum
3286 4549 3426 4605 cele-

192 4641 503 4716 Ἐκκλησίαν.
539 4646 729 4710 Τίνες,
761 4643 945 4715 φησὶν,
968 4643 1130 4707 οίδε;
1162 4643 1244 4710 ὡς
1262 4642 1510 4713 νεφέλαι
1526 4644 1725 4699 πέτον-

1890 4652 2018 4703 rare,
2055 4638 2202 4692 venit
2245 4637 2378 4691 mihi
2416 4637 2471 4691 in
2516 4645 2755 4693 mentem
2816 4640 3031 4695 oraculi
3078 4642 3423 4713 prophetici:

182 4750 277 4800 ται,
297 4739 386 4792 καὶ
418 4740 498 4806 ὡς
526 4735 868 4806 περιστεραὶ.
903 4735 1028 4789 σὺν
1063 4735 1349 4802 νεοσσοῖς
1378 4737 1472 4790 ἐπ’
1499 4736 1624 4807 ἐμέ.
1659 4739 1715 4791 01‘

1892 4729 1986 4784 tod
2039 4728 2172 4785 olim
2221 4728 2443 4799 alonge
2493 4729 2810 4800 praedicavit
2865 4731 3052 4799 Isaias,
3109 4735 3425 4791 felicitatem

186 4824 274 4897 μὴν
293 4829 420 4883 ἀλλὰ
444 4830 581 4901 πρὸς
602 4828 812 4891 τούτοις
833 4827 1074 4891 κάκεῖνο,
1098 4826 1320 4892 Στενός
1337 4843 1438 4896 μοι
1461 4829 1493 4881 ὁ
1518 4828 1719 4894 τόποςι

1891 4820 2099 4876 cclesite
2144 4820 2199 4874 in
2230 4835 2524 4878 numerosa
2556 4834 2717 4893 atque
2745 4825 2961 4897 egregia
2992 4827 3181 4883 sobole
3209 4843 3424 4898 procre-

184 4915 415 4983 ποίησόν
434 4936 537 4989 μοι
563 4920 773 4980 τόπον,
807 4918 903 4971 ἵνα
952 4917 1312 4984 ﬂammifera).
1357 4915 1545 4971 Ταῦτα
1569 4918 1717 4991 γὰρπ

1891 4912 1989 4967 nda
2016 4911 2338 4982 praedicens.
2375 4912 2480 4979 Qui
2506 4923 2666 4977 sunt,
2727 4916 2905 4985 inqult
2928 4954 2944 4980 ,
2976 4917 3110 4974 isti?
3156 4928 3215 4971 ut
3266 4921 3424 4975 nubes

181 5003 260 5057 τοῦ
294 5006 600 5081 Πνεύματος
646 5009 875 5080 δύναμις
921 5010 1003 5073 είς
1049 5009 1148 5081 τὴν
1182 5008 1609 5081 πολυάνθρωπον
1638 5012 1714 5065 toi

1888 5003 2100 5068 plant,"
2122 5012 2180 5057 ut
2202 5004 2459 5058 columbae
2485 5020 2607 5058 cum
2624 5005 2785 5074 pullis
2810 5005 2879 5059 ad
2909 5022 2990 5061 me
3014 5008 3052 5060 ί.
3089 5008 3230 5071 Quin
3253 5007 3421 5063 etiam

185 5091 297 5147 θεοῦ
335 5098 653 5171 Ἐκκλησίαν
676 5098 989 5165 ἐθέσπισεν,
1020 5098 1054 5169 ἢ
1077 5099 1291 5169 χρόνοις
1317 5099 1544 5173 ὕστερον
1571 5100 1718 5173 ἔμελ-

1891 5112 1926 5152 ιε
1953 5097 2145 5167 adjicit
2181 5097 2351 5152 illud:
2389 5099 2659 5168 Angustus
2684 5109 2767 5151 est
2792 5097 2920 5151 mihi
2949 5099 3117 5160 locus.
3164 5100 3251 5159 fac
3296 5101 3424 5153 milia

183 5181 258 5238 λεν
289 5189 368 5242 ἐπ’
393 5190 577 5261 ἄκρων
611 5191 713 5263 τῆς
743 5192 847 5261 γῆς
898 5191 978 5254 είς
1009 5189 1157 5263 ἄκρα
1193 5190 1505 5263 πληρώσειν
1532 5194 1630 5265 τὴν
1655 5197 1716 5248 οίι

1887 5178 2011 5247 ium
2043 5202 2102 5245 ut
2131 5191 2422 5247 inhabitem
2452 5195 2495 5247 ’.
2530 5192 2657 5247 Haec
2689 5192 2834 5246 enim
2864 5191 3041 5248 virtus
3069 5191 3307 5262 Spiritus
3357 5192 3420 5248 de

185 5281 429 5353 κουμένην
456 5284 690 5338 ἃπασαν.
730 5279 876 5337 Ἧκε
917 5282 1096 5336 τοίνυν
1125 5281 1274 5351 ἄγων
1303 5283 1395 5336 καὶ
1421 5286 1718 5357 περιφέρωη

1889 5287 2105 5356 apulosa
2133 5285 2380 5341 Ecclesia
2407 5285 2498 5342 Dei
2527 5286 2828 5342 vaticinata
2854 5294 2974 5341 est:
3001 5301 3124 5356 quae
3154 5287 3422 5356 posterio-

185 5367 395 5438 ὁχρόνος
427 5375 644 5447 μνήμην
677 5374 848 5443 ἁγίων
882 5372 1216 5444 μυστηρίων,
1247 5371 1618 5445 καθαιρόντων
1641 5377 1718 5430 τοι

1876 5378 1997 5433 ibus
2030 5379 2368 5448 temporibus
2397 5379 2465 5434 ab
2491 5378 2933 5434 extremitatibus
2967 5387 3125 5433 terra:
3148 5377 3214 5432 ad
3245 5385 3409 5433 extre

186 5456 461 5532 ἄνθρωπον,
490 5464 526 5519 ἃ
546 5466 639 5520 καὶ
658 5465 756 5537 τὴν
778 5466 1135 5519 δυσέκνιπτον
1176 5464 1452 5536 ἁμαρτίαν
1492 5467 1707 5539 ἀπορρύ

1886 5470 2060 5525 ιὶῑοιοε
2104 5484 2325 5525 omnem
2391 5477 2661 5526 terrarum
2715 5468 2903 5543 orbem
2955 5470 3229 5539 repletura
3281 5478 3419 5525 erat.

188 5561 293 5603 πτει
324 5557 418 5626 τῆς
441 5558 617 5630 ψυχῆς
643 5560 737 5612 καὶ
767 5557 862 5611 τοῦ
894 5557 1145 5628 σώματος
1163 5573 1176 5587 '
1207 5557 1473 5627 ἐπανάγει
1505 5558 1563 5613 δὲ
1578 5544 1721 5624 ’ποὺς

1885 5559 2006 5615 'cnit
2056 5559 2423 5633 igiturvagens
2459 5569 2514 5617 et
2547 5562 2602 5617 in
2645 5562 2831 5618 orbem
2885 5558 3172 5618 revolvens
3210 5571 3418 5633 tempus

246 5726 381 5787 ‘lsa,
429 5746 519 5800 ιι,
553 5737 606 5791 8.
666 5735 819 5792 ’Isa.
865 5751 1012 5800 XLIX,
1056 5737 1149 5793 ‘20.
