3882 6476
497 311 599 365 579

1738 302 1795 357 S.
1838 298 2165 356 GREGORII
2203 295 2494 356 NYSSENl
3684 296 3777 351 530

498 425 815 482 memoriam
877 429 1195 482 sanctorum
1265 421 1567 486 initiorum,
1625 436 1748 490 qua:
1799 419 2074 474 hominem

2186 416 2240 470 τὸ
2279 416 2338 483 ἐξ
2370 417 2543 487 ἀρχῆς
2577 414 2793 480 κάλλος,
2826 416 2964 485 ὅπερ
2996 416 3025 468 6
3069 411 3479 484 ἀριστοτέχνης
3529 411 3658 477 Θεὸς
3699 414 3776 481 ἐφ’

497 523 753 589 purgant,
812 532 935 586 qua:
988 515 1175 571 etiam-
1218 522 1525 585 peccatum,
1594 513 1739 583 quod
1792 510 2079 566 difliculter

495 608 722 673 eluitur,
777 615 893 660 tum
927 607 996 661 ab
1026 605 1230 669 anima,
1264 614 1380 659 tum
1432 619 1463 657 a
1497 619 1726 674 corpore
1760 605 2083 674 abstergnnt

474 706 662 767 _atque
705 698 1022 768 depellunt:
1058 712 1179 765 quas
1212 697 1338 752 item
1372 695 1438 750 ad
1462 696 1748 766 pristinam
1777 695 2081 765 pulchritu-

494 787 706 855 dinem,
734 803 898 857 quam
934 788 1176 857 optimus
1202 786 1398 841 artifex
1436 785 1579 840 Deus
1626 785 1683 840 in
1711 785 1870 840 nobis
1925 784 2079 840 eﬂino

497 888 675 943 xerat,
705 879 996 934 reducunt.
1036 876 1212 949 Atque
1240 877 1445 933 idcirco
1479 892 1577 933 vos
1615 876 1856 947 quidem,
1892 877 1987 947 qui
2014 892 2082 931 ex

497 970 602 1025 hoc
625 971 834 1040 populo
872 970 1071 1025 initiati
1092 971 1247 1035 estis,
1284 970 1424 1023 bona
1459 967 1583 1023 ﬁdei
1613 977 1817 1025 nostra:
1866 968 2078 1038 experti

497 1062 1038 1132 convenistis,atque
1059 1061 1332 1116 adducitis
1347 1060 1510 1114 etiam
1524 1068 1800 1129 expertem
1822 1060 2001 1113 adhuc
2028 1065 2083 1113 et

500 1153 807 1223 imperitam
840 1153 1035 1207 harum
1075 1166 1258 1207 rerum
1317 1151 1752 1221 multitudinem,
1816 1158 2080 1220 tanquam

500 1244 628 1299 boni
659 1252 843 1313 patres
872 1258 1004 1298 cura
1035 1253 1197 1313 atque
1223 1242 1614 1297 conciliatione
1668 1257 1777 1295 non
1836 1241 2083 1296 initiatos

500 1334 567 1388 ad
607 1334 899 1403 perfectam
928 1334 1146 1405 pietatis
1200 1333 1745 1403 comprehensionem
1807 1330 2085 1388 deducen-

498 1433 601 1481 tes.
645 1424 759 1497 Ego
788 1440 919 1480 vero
944 1426 1190 1496 gratulor
1216 1425 1503 1494 utrisque:
1549 1424 1782 1479 initiatis
1838 1424 2083 1493 quidem.

496 1518 641 1583 quod
678 1531 875 1587 magno
903 1516 1050 1571 dono
1077 1515 1235 1570 ditati
1268 1515 1444 1581 estis;
1477 1530 1584 1568 nun
1635 1514 1868 1570 initiatis
1930 1529 2082 1578 vero,

497 1607 642 1676 quod
675 1607 818 1662 bona
849 1606 1037 1661 futura
1065 1606 1323 1675 speratis,
1343 1604 1541 1676 judicii
1573 1606 1785 1661 scilicet
1812 1615 1864 1660 et
1910 1619 2084 1674 preme

499 1699 909 1763 remissionem,
940 1699 1285 1752 vinculorum
1326 1698 1681 1761 solutionem,
1738 1698 2083 1752 conciliatio-

2179 509 2312 578 ήμῖν
2347 507 2692 562 διεπλάσατο.
2743 507 2854 560 Καὶ
2886 505 2974 559 διὰ
3015 505 3172 558 τοῦτο
3211 504 3245 556 6
3286 504 3512 575 μύστης
3543 502 3703 569 λαὸς,
3733 509 3776 557 οἱ

2181 598 2581 670 πεπειραμένοι
2623 598 2733 652 τῶν
2781 599 3003 667 ἀγαθῶν
3048 598 3148 667 τῆς
3180 596 3484 668 ἡμετέρας
3521 593 3774 658 πίστεως.

2181 689 2538 761 ἠθροίσθητεο
2590 690 2863 759 ὲπάγεσθε
2895 690 2953 743 δὲ
2989 692 3084 743 καὶ
3116 689 3206 743 τὸν
3250 688 3502 759 ἄπειρον
3548 686 3628 740 ἐτι
3653 726 3668 751 ,
3698 682 3776 740 οἶα

2183 781 2417 857 πατέρες
2442 784 2693 855 χρηστοὶ,
2730 782 2929 856 μελέτῃ
2964 783 3055 836 καὶ
3086 783 3442 852 προσαγωγῇ
3472 778 3776 850 ὁδηγοῦντες

2181 873 2309 937 τοὺς
2336 874 2614 946 ἀμυήτους
2660 875 2797 946 πρὸς
2829 874 2930 945 τὴν
2970 874 3183 929 τελείαν
3224 872 3340 942 τῆς
3372 870 3662 935 εὐσεϐείας
3689 889 3775 925 κα·

2182 964 2437 1036 τάληψιν.
2485 964 2629 1035 Ἐγὼ
2673 966 2729 1019 δὲ
2770 964 3102 1038 ἀμφοτέροις
3144 964 3464 1035 συνήδομαι
3489 980 3505 995 ο
3540 964 3653 1027 τοῖς
3690 962 3774 1033 μὲν

2182 1055 2534 1121 τελεσθεῖσιν,
2562 1057 2645 1110 ὄτι
2677 1055 2920 1127 μεγάλην
2949 1056 3159 1126 δωρεὰν
3204 1054 3604 1124 ἐπλουτήσατε
3629 1067 3644 1082 ’
3675 1054 3772 1117 τοῖς

2181 1147 2240 1201 δὲ
2270 1148 2565 1218 ἀμυήτοις,
2594 1149 2677 1201 ὅτι
2707 1147 2880 1218 καλὴν
2906 1146 3235 1219 προσδοκίαν
3265 1145 3536 1209 ἐλπίζετε
3555 1184 3571 1208 ,
3599 1144 3772 1215 ἄφεσιν

2183 1239 2441 1304 εὐθυνῶν,
2485 1238 2640 1293 λύσιν
2683 1239 2919 1309 δεσμῶν,
2957 1238 3230 1291 οίκείωσιν
3269 1237 3422 1309 πρὸς
3456 1237 3613 1301 Θεὸν,
3650 1242 3771 1308 mp-

2186 1332 2382 1405 ρησίαν
2416 1330 2741 1402 ἐλευθέριον,
2774 1330 2895 1384 ἀντὶ
2922 1329 3172 1398 δουλικῆς
3196 1326 3612 1397 ταπεινότητος
3635 1327 3772 1379 ἰσοτι-

2187 1424 2316 1494 μίαν
2344 1423 2443 1495 τήν
2481 1424 2614 1494 πρὸς
2645 1422 2933 1491 ἀγγέλους.
2964 1420 3151 1475 Ταῦτα
3181 1420 3299 1491 γάρ
3329 1421 3494 1490 ἡμῖν,
3521 1419 3617 1472 καὶ⁵
3644 1419 3693 1471 εἴ
3724 1436 3767 1471 τι

2183 1513 2393 1577 τούτοις
2418 1513 2730 1571 ἀκόλουθον.
2763 1515 2795 1583 ή
2823 1511 2919 1565 τοῦ
2943 1510 3170 1583 λουτροῦ
3201 1513 3379 1582 χάρις
3400 1511 3669 1578 ἐγγυᾶται
3690 1510 3769 1562 καὶ

2182 1601 2385 1657 δίδωσι.
2416 1602 2508 1657 Διδ
2534 1601 2634 1664 τὰς
2656 1600 2822 1665 ἄλλας
2845 1600 2954 1653 τῶν
2983 1600 3214 1672 Γραφῶν
3249 1600 3554 1663 ὑποθέσεις
3585 1600 3764 1669 ἑτέροις

2187 1696 2400 1767 καιροῖς
2436 1693 2780 1764 ἀναθέμενοι,
2807 1691 2884 1763 τῷ
2904 1692 3257 1763 προκειμένῳ
3294 1690 3495 1760 σκοπῷ
3522 1690 3769 1761 παραμεί-

498 1804 623 1844 nem
648 1796 704 1844 et
728 1789 1176 1859 conjunctionem
1206 1805 1330 1845 cum
1354 1786 1487 1854 Deo,
1512 1789 1763 1846 ﬁduciam
1786 1790 2078 1861 ingenuam

2186 1766 2383 1857 νωμεν,
2430 1786 2501 1840 τά
2551 1788 2728 1839 οἰκεία
2759 1786 2854 1839 καὶ
2902 1785 3188 1858 πρόσφορα
3235 1786 3311 1855 τῇ
3350 1785 3519 1854 ἑορτῇ
3553 1782 3764 1854 δωροφο-

497 1888 553 1935 et
580 1880 788 1935 aditum
820 1881 1053 1936 liberum
1087 1882 1208 1937 loco
1239 1882 1457 1937 servilis
1493 1883 1840 1944 humilitatis.
1896 1898 2078 1952 parem

2190 1881 2408 1951 ροῦντες
2434 1882 2513 1943 είς
2538 1879 2767 1949 δύναμιν
2786 1895 2801 1909 ο
2834 1877 2987 1946 φίλον
3014 1878 3124 1947 γὰρ
3149 1876 3370 1950 ἑκάστῃ
3399 1875 3701 1946 πανηγύρει
3717 1874 3765 1926 τὺ

498 1984 625 2024 cum
665 1970 871 2039 angelis
899 1971 1123 2026 honoris
1153 1971 1548 2027 conditionem.
1582 1972 1706 2027 Hmc
1722 1975 1867 2028 enim
1900 1974 2079 2036 nobis,

2186 1974 2338 2029 ῐδιον.
2374 1973 2532 2028 Οὕτω
2580 1974 2756 2044 γάμον
2789 1972 2888 2043 μὲν
2921 1974 3039 2034 ταῖς
3069 1971 3470 2041 ὲπιθαλαμίοις
3511 1971 3667 2041 ᾠδαῖς
3690 1969 3760 2022 δε-

499 2075 564 2114 ae
592 2060 637 2114 si
663 2061 793 2130 quid
832 2061 918 2118 his
953 2062 1133 2118 simile
1169 2070 1256 2118 est
1303 2077 1367 2117 ac
1422 2063 1600 2131 aliine,
1644 2065 1849 2120 lavacri
1908 2066 2079 2135 gratia

2190 2065 2447 2137 ξιούμεθα
2468 2083 2482 2097 ο
2507 2065 2691 2119 πένθει
2708 2065 2765 2118 δὲ
2784 2064 2852 2118 τὰ
2869 2064 3239 2136 νενομισμένα
3263 2066 3388 2127 τοῖς
3408 2059 3762 2133 ὲπικηδ[ε]ίοις

498 2154 730 2222 spondet
781 2160 836 2208 et
886 2154 1001 2207 dat.
1062 2154 1429 2222 Quamobrem
1494 2157 1618 2212 aliis
1671 2157 2079 2228 Scripturarum

2191 2159 2408 2232 θρήνοις
2425 2158 2772 2230 εἰσφέρομενο
2794 2159 2852 2210 ὲν
2873 2158 3161 2228 πράγματι
3184 2153 3755 2224 σπουδαιολογούμεθα·

499 2243 743 2297 materiis
785 2252 839 2298 et
888 2246 1226 2315 argumentis
1260 2247 1314 2300 in
1348 2247 1453 2301 alia
1489 2255 1737 2316 tempora
1774 2248 1992 2318 rejectis
2024 2251 2079 2309 in

2188 2252 2246 2303 ὲν
2278 2250 2534 2321 εὐωχίαις
2566 2248 2766 2323 λύομεν
2791 2248 2891 2318 τῆς
2923 2248 3103 2319 ψυχῆς
3130 2247 3193 2301 τὸ
3224 2246 3664 2317 πεπυκνωμένον
3683 2243 3760 2295 καὶ

497 2333 785 2402 proposito
834 2348 1158 2404 argumento
1225 2352 1669 2406 permaneamus.
1718 2354 1818 2409 pro
1867 2341 2079 2397 viribus

2190 2340 2438 2395 σύντονον
2461 2355 2472 2366 ·
2503 2340 2737 2395 ἕκαστον
2756 2340 2813 2394 δὲ
2838 2339 3029 2412 καιρὸν
3049 2337 3338 2410 τηροῦμεν
3359 2338 3474 2391 τῶν
3492 2335 3757 2407 ἀλλοτρίων

497 2425 886 2479 convenientia
910 2434 1077 2496 atque
1116 2429 1529 2484 accommodata
1581 2430 1688 2485 diei
1738 2429 1880 2486 festo
1940 2431 2079 2488 dona

2190 2432 2606 2487 ἀνεπιθόλωτον.

497 2513 1013 2571 offerenteszsuum
1057 2518 1204 2573 enim
1256 2527 1310 2574 et
1376 2521 1658 2592 preprium
1724 2523 1923 2594 cuique
1992 2523 2293 2579 celebritati
2332 2534 2544 2593 gratum
2574 2533 2628 2578 et
2670 2532 2957 2593 acceptum
3008 2530 3115 2577 est.
3171 2519 3253 2576 lta
3304 2520 3534 2592 nuptias
3564 2516 3752 2589 quidem

495 2609 866 2680 epitlialamiis
900 2613 1190 2669 cantilenis
1221 2615 1598 2685 celebramus;
1649 2617 1800 2674 luctu
1856 2634 1987 2675 vero
2028 2618 2463 2690 funebribusque
2508 2618 2993 2674 lamentationibus
3017 2617 3167 2688 justa
3194 2617 3443 2672 mortuis
3481 2622 3536 2669 et
3559 2611 3753 2667 inferias

492 2705 728 2772 damus;
765 2709 820 2762 in
862 2711 1081 2780 negotio
1110 2710 1255 2766 serio
1288 2711 1590 2784 loquimur;
1624 2713 1679 2768 in
1710 2714 1973 2769 conviviis
2023 2716 2453 2773 contractionem
2490 2723 2546 2769 et
2584 2714 2990 2769 contentionem
3044 2712 3215 2767 animi
3249 2711 3545 2775 solvimus,
3591 2719 3751 2762 unum-

494 2797 752 2870 quodque
811 2808 1026 2871 tempus
1076 2802 1145 2855 ab
1180 2803 1482 2858 alienarum
1532 2820 1716 2862 rerum
1760 2805 2087 2862 confusione
2118 2816 2283 2878 atque
2322 2807 2733 2877 perturbatione
2767 2805 3039 2876 integrum
3070 2819 3391 2860 servamus.

569 2885 743 2942 Natus
775 2888 944 2959 igitur
984 2897 1068 2945 est
1097 2889 1372 2957 Christus,
1404 2892 1552 2948 velut
1581 2901 1710 2950 ante
1735 2910 1943 2966 paucos
1971 2895 2089 2950 dies

496 2978 593 3049 qui
620 2987 746 3034 ante
775 2994 995 3035 omnem
1024 2989 1305 3044 naturam.
1336 2990 1448 3037 tam
1475 2984 1733 3041 sensilem
1769 3000 1932 3057 quam
1973 2986 2089 3056 spi-

2272 2896 2566 2966 Ἐγεννήθη
2590 2896 2769 2949 τοίνυν
2798 2894 3052 2966 Χριστὸς,
3079 2894 3154 2959 ὡς
3180 2895 3293 2967 πρὸ
3318 2895 3518 2963 ὀλίγων
3539 2889 3745 2966 ἡμερῶν,

2188 2990 2217 3042 6
2248 2989 2354 3059 πρὸ
2393 2987 2573 3056 πάσης
2602 2987 2790 3047 οὐσίας
2821 2985 3086 3057 αἰσθητῆς
3124 3003 3185 3039 τε
3225 2987 3327 3041 καὶ
3364 2985 3562 3056 νοητῆς
3589 2997 3747 3049 γεννη-

494 3069 773 3135 ritualem,
810 3079 973 3124 natus
1006 3078 1111 3125 est.
1160 3070 1475 3140 Baptizatur
1525 3074 1690 3132 hodie
1721 3076 1791 3131 ab
1850 3075 2079 3142 Joanne,

2191 3078 2326 3142 θείς.
2358 3076 2687 3140 Βαπτίζεται
2726 3076 2969 3146 σήμερον
3000 3073 3153 3145 παρὰ
3215 3074 3474 3129 Ἰωάννου
3497 3114 3512 3139 ,
3557 3071 3636 3124 ἵνα
3674 3067 3745 3121 τὸν

496 3167 556 3215 ιιι
590 3158 931 3216 sordidatum
959 3168 1015 3215 et
1043 3163 1477 3219 contaminatum
1513 3176 1864 3238 expurgaret,
1919 3169 2081 3239 spiri-

495 3258 723 3322 tumque
756 3267 995 3323 superne
1051 3253 1369 3320 adduceret,
1403 3266 1459 3312 et
1488 3256 1762 3314 hominem
1797 3261 1855 3315 in
1907 3261 2080 3316 caelos

493 3343 811 3399 extolleret:
843 3354 903 3397 ut
935 3343 1123 3415 lapsus
1170 3346 1494 3417 erigeretur,
1549 3356 1604 3405 et
1635 3351 1730 3421 qui
1784 3351 2077 3421 dejecerat,

491 3432 923 3489 confunderetur
956 3442 1011 3490 et
1039 3436 1511 3494 dehonestaretur.
1559 3441 1642 3495 Ac
1684 3457 1753 3497 ne
1792 3443 2081 3500 admireris

494 3523 641 3595 quod
674 3522 785 3579 Deo
821 3540 908 3581 res
940 3536 1143 3583 nostra:
1171 3536 1324 3583 tanto
1350 3531 1536 3586 studio
1565 3546 1630 3587 ac
1654 3547 1802 3588 cura:
1833 3532 2077 3598 fuerunt,

493 3624 555 3671 ut
583 3615 748 3669 etiam
780 3617 897 3687 ipse
928 3634 1027 3688 per
1056 3635 1180 3675 sese
1212 3621 1453 3677 hominis
1511 3623 1743 3681 salutem
1797 3634 2081 3697 praestaret

492 3724 559 3763 ac
585 3719 1026 3780 repraesentaret.
1059 3713 1441 3771 Sollicitudine
1464 3718 1610 3773 enim
1630 3718 1880 3779 adhibita
1910 3722 2081 3775 male-

492 3803 630 3857 ficus
665 3804 825 3858 nobis
860 3805 1158 3862 insidiatus
1188 3815 1290 3871 est,
1323 3823 1448 3862 cum
1479 3824 1614 3865 cura
1646 3811 1776 3866 item
1812 3811 2078 3867 creatoris

492 3907 800 3948 servantur.
836 3893 1017 3966 Atque
1052 3896 1143 3951 ille
1187 3897 1408 3966 quidem
1463 3899 1683 3956 invidus
1717 3907 1773 3955 et
1819 3916 2077 3971 nequam,

496 3998 623 4036 cum
656 3992 945 4054 peccatum
987 3986 1253 4042 adversus
1289 4004 1390 4042 nos
1424 3990 1821 4057 introduceret,
1851 3993 2075 4064 dignum

493 4087 594 4130 suo
628 4075 862 4131 consilio
899 4077 1266 4134 velamentum
1331 4091 1642 4150 serpentem
1697 4094 1892 4139 nactus
1950 4095 2074 4142 est:

496 4166 745 4237 impurus
781 4170 836 4223 in
865 4169 1100 4226 similem
1115 4186 1240 4227 sese
1256 4172 1862 4239 insinuans,voluntate
1877 4193 1941 4233 ac
1962 4188 2079 4234 stu-

496 4258 590 4312 dio
645 4267 900 4317 terrenus
946 4268 1002 4318 et
1049 4262 1447 4321 subterraneus
1502 4268 1682 4337 reptili
1737 4269 2071 4327 inhabitans.

493 4347 749 4407 Christus
779 4367 930 4419 vero,
966 4368 1090 4409 cum
1136 4354 1287 4411 illius
1322 4355 1624 4426 nequitiam
1658 4365 1714 4413 et
1760 4359 2080 4429 improbita-

2189 3168 2579 3241 ὲρῤυπωμένον
2600 3166 2947 3238 ἀποκαθάρῃ.
2988 3165 3216 3237 Πνεῦμα
3247 3165 3308 3220 δὲ
3343 3164 3549 3219 ἄνωθεν
3570 3162 3740 3231 ἀγάγῃ.

2187 3262 2281 3314 καὶ
2307 3260 2398 3314 τδν
2433 3259 2719 3331 ἄνθρωπον
2748 3260 2830 3322 είς
2866 3258 3130 3329 οὐρανοὺς
3161 3257 3436 3331 ἀνυψώσῃ
3459 3272 3474 3287 ’
3515 3256 3596 3311 ἱνα
3617 3255 3642 3306 6
3665 3267 3742 3303 πε-

2189 3350 2298 3404 σὼν
2326 3350 2603 3422 διεγερθῇ,
2620 3349 2715 3403 καὶ
2740 3352 2769 3402 6
2797 3348 2961 3420 ῥίψας
2986 3349 3390 3420 καταισχυνθῇ.
3423 3348 3530 3402 Καὶ
3553 3345 3620 3416 μὴ
3642 3344 3742 3395 θαυ-

2193 3443 2391 3514 μάσῃς,
2422 3444 2472 3495 εἰ
2494 3441 2750 3497 τοσοῦτον
2778 3441 2990 3510 ἐγίνετο
3010 3439 3089 3511 τῷ
3116 3440 3241 3512 Θεῷ
3270 3440 3337 3494 τὸ
3366 3438 3488 3495 καθ’
3513 3437 3650 3510 ἡμᾶς
3664 3447 3741 3484 πε-

2197 3532 2613 3603 ρισπούδαστον,
2642 3532 2729 3586 ἵνα
2751 3532 2847 3587 καὶ
2865 3532 3218 3605 αὐτουργήσῃ
3238 3530 3337 3586 τοῦ
3366 3527 3637 3600 ἀνθρώπου
3660 3522 3738 3592 τὴν

2188 3625 2484 3696 σωτηρίαν.
2514 3623 2673 3678 Μετὰ
2707 3624 2980 3695 μερίμνης
3003 3624 3113 3694 γὰρ
3144 3625 3252 3691 τῆς
3282 3622 3382 3678 τοῦ
3408 3613 3739 3688 κακουργοῦν-

2185 3734 2277 3780 τος
2308 3716 2804 3787 ὲπεϐουλεύθημεν,
2840 3716 2978 3787 μετά
3000 3716 3288 3787 φροντίδος
3306 3715 3368 3769 δὲ
3387 3712 3482 3767 τοῦ
3507 3714 3737 3780 Any.th-

2185 3809 2284 3879 γοῦ
2326 3808 2633 3878 σωζόμεθα.
2681 3806 2793 3863 Καὶ
2829 3810 2858 3864 6
2904 3809 3003 3879 μὲν
3060 3808 3338 3879 μοχθηρὸς
3372 3807 3468 3861 καὶ
3506 3803 3735 3874 βάσκανος

2184 3884 2331 3954 κατά
2379 3900 2473 3954 τοῦ
2521 3901 2715 3967 γένους
2751 3899 2911 3971 ήμῶν
2951 3901 3049 3972 τήν
3098 3902 3383 3971 ἁμαρτίαν
3415 3889 3731 3964 καινοτομιῖινν

2186 3991 2338 4058 ἀξιον
2370 3993 2469 4063 τῆς
2499 3993 2696 4046 ἑαυτοῦ
2736 3992 2961 4065 γνώμης
2983 3993 3367 4065 προκάλυμμα
3390 3992 3480 4045 τὸν
3497 3989 3610 4057 ὅφιν
3636 3980 3733 4036 ἐσύ-

2187 4100 2344 4155 ρετο,
2376 4083 2403 4134 ὁ
2446 4084 2753 4155 ἀκάθαρτος
2785 4084 2864 4155 τῷ
2906 4084 3077 4155 ὁμοίῳ
3121 4082 3488 4146 ἐπεισελθὼν,
3518 4080 3546 4131 6
3580 4076 3731 4147 γήϊνος

2186 4176 2282 4230 καὶ
2324 4176 2534 4246 χθόνιος
2576 4176 2675 4248 τὴν
2711 4176 3033 4248 προαίρεσιν
3073 4178 3369 4248 ὲνοικήσας
3412 4173 3488 4243 τῷ
3531 4161 3727 4240 ἑρπετῷο

2185 4268 2417 4338 Χριστὸς
2432 4267 2489 4320 δὲ
2506 4268 2534 4321 6
2554 4268 2652 4338 τὴν
2678 4267 2889 4323 ἐκείνου
2911 4268 3176 4339 πονηρίαν
3199 4265 3535 4337 ἐπανορθῶν,
3561 4258 3728 4312 τέλειον

2185 4359 2559 4430 ἀναλαμϐάνει
2585 4360 2675 4413 τὸν
2704 4359 3013 4428 ἄνθρωπον,
3039 4360 3136 4412 καὶ
3161 4359 3328 4425 σώζει
3347 4359 3440 4411 τὸν
3464 4353 3725 4422 ἀνθρωπῡνν

494 4451 599 4495 tem
647 4445 969 4516 corrigeret,
1025 4446 1300 4505 hominem
1337 4448 1639 4519 perfectum
1702 4453 1959 4518 assumit,
2021 4461 2077 4509 et

2186 4453 2520 4522 καὶγίνεται
2564 4452 2782 4507 πάντων
2824 4453 2981 4523 ήμῶν
3020 4451 3189 4516 τύπος
3222 4452 3316 4506 καὶ
3361 4430 3725 4531 χαρακτὴριξί

493 4542 679 4587 servat
701 4534 999 4599 hominem,
1023 4544 1078 4592 et
1101 4539 1347 4592 omnium
1380 4541 1553 4595 nostri
1587 4540 1763 4596 furma
1791 4552 1955 4612 atque
1998 4543 2078 4599 fi—

2186 4540 2421 4612 ὲκάστης
2453 4540 2703 4610 πράξεως
2736 4541 2940 4613 ἁγιάσῃ
2979 4540 3075 4612 τὴν
3105 4541 3383 4612 ἀπαρχὴν,
3424 4536 3515 4589 καὶ
3541 4530 3620 4583 τὸν
3644 4524 3721 4613 δί’

495 4632 633 4694 gnra
661 4625 901 4693 exsistit,
930 4635 993 4683 ut
1019 4630 1461 4701 uniuscujusque
1513 4635 1749 4691 actionis
1805 4637 2079 4705 primitias

492 4715 883 4785 sanctificaret,
909 4729 963 4774 et
981 4719 1219 4778 Studium
1250 4723 1558 4779 traditionis
1586 4725 1730 4780 haud
1761 4728 2078 4797 ambiguum

493 4808 670 4866 servis
729 4808 1064 4879 relinqueret
1158 4811 1434 4882 Baptisma
1496 4816 1664 4886 igitur
1724 4827 2078 4888 peccatorum

490 4901 735 4971 expiatio
763 4909 868 4967 est,
897 4903 1157 4959 remissio
1186 4903 1537 4970 delictorum,
1602 4911 1981 4965 renovationis
2026 4922 2083 4966 et

492 4994 928 5065 regenerationis
1020 5010 1210 5051 causa.
1299 4996 1794 5068 Regeuerationem
1894 5010 2079 5061 autem

492 5084 735 5158 intellige
791 5101 909 5142 eam
963 5103 1086 5159 qua:
1140 5087 1475 5158 cogitatione
1527 5091 1797 5156 cernitur,
1900 5093 2078 5148 oculis

492 5194 600 5233 non
684 5179 916 5236 videtur.
997 5179 1115 5235 Non
1180 5181 1325 5235 enim
1413 5197 1539 5237 vere
1615 5182 2076 5253 quemadmodum

493 5268 758 5326 ilehrzeus
880 5272 973 5328 ille
1049 5270 1380 5326 Nicodcmus
1458 5272 1615 5337 dixit,
1704 5281 1869 5345 atque
1954 5292 2079 5332 vero

493 5362 734 5417 crassius
787 5363 1151 5426 intellexerat,
1210 5379 1396 5421 senem
1452 5366 1787 5421 mutabimus
1838 5369 1893 5422 in
1944 5362 2078 5438 pue-

492 5465 658 5518 rum;
710 5471 888 5524 neque
946 5472 1207 5526 rugosum
1262 5468 1317 5511 et
1368 5471 1567 5513 canum
1615 5461 1670 5512 in
1727 5468 1973 5517 tenerum
2023 5469 2079 5517 et

488 5539 747 5608 juvenem
776 5546 1321 5613 transformabimus,
1352 5558 1448 5605 aut
1477 5550 1679 5605 iterum
1707 5550 1987 5608 hominem
2019 5554 2074 5607 in

497 5634 714 5684 uterum
748 5633 941 5690 matris
988 5635 1336 5703 reducemus,
1369 5640 1463 5695 sed
1503 5651 1898 5712 compunctum
1933 5644 2077 5699 notis

495 5729 845 5785 peccatorum
893 5734 949 5779 et
984 5727 1142 5780 malis
1190 5731 1435 5787 moribus
1484 5732 1847 5789 inveteratum
1900 5736 2075 5805 gratia

2183 4633 2273 4686 λον
2301 4632 2401 4702 τῆς
2434 4632 2787 4702 παραδόσεως
2820 4612 3191 4703 ἀναμφίϐολον
3213 4628 3485 4697 καταλίπῃ
3508 4623 3608 4682 τοῖς
3627 4612 3720 4667 δού-

2182 4727 2314 4790 λοις.
2370 4728 2661 4797 Βάπτισμα
2705 4727 2884 4782 τοίνυν
2929 4730 3076 4781 ἐστὶν
3125 4725 3411 4799 ἀμαρτιῶν
3461 4717 3716 4783 κάθαρσιςν

2182 4819 2288 4888 ἄφε
2300 4838 2377 4885 an;
2402 4820 2507 4890 πλη
2519 4820 2916 4891 μμελημάτων.
2935 4819 3332 4890 ἀνακαινισμοῦ
3358 4816 3449 4869 καὶ
3474 4799 3718 4874 ἀναγεννίγ

2185 4928 2323 4976 σεως
2362 4913 2531 4966 αἰτία.
2575 4913 2955 4983 Ἀναγέννησιν
2993 4913 3052 4966 δὲ
3081 4914 3293 4983 νόησον,
3320 4907 3496 4976 ἐννοίᾳ
3521 4902 3716 4966 θεωρου-

2186 5002 2374 5072 μένην,
2425 5000 2724 5072 ὀφθαλμοῖς
2765 5003 2829 5056 ού
2884 5002 3246 5075 βλεπομένην.
3296 5002 3372 5056 Ού
3427 4995 3529 5066 γὰρ
3577 4988 3714 5040 ὅντως

2191 5093 2332 5148 κατὰ
2360 5095 2453 5148 τὸν
2511 5095 2764 5167 Ἐϐραῖον
2798 5096 3139 5167 Νικόδημον,
3169 5098 3263 5152 καὶ
3290 5094 3390 5163 τὴν
3416 5086 3604 5144 ἐκείνου
3641 5089 3714 5128 πᾶα

2180 5186 2413 5257 χυτέραν
2433 5185 2670 5240 διάνοιαν
2688 5188 2781 5241 τὸν
2811 5187 3137 5261 πρεσϐύτην
3154 5184 3500 5254 ὲναλλάξομεν
3521 5176 3591 5235 είς
3612 5180 3711 5261 πίεν

2179 5254 2290 5331 δίον
2310 5254 2337 5326 ί.
2362 5277 2487 5331 οὔτε
2534 5278 2624 5332 τὸν
2661 5279 2825 5349 ῥυσὸν
2856 5254 2952 5335 καὶ
2989 5254 3393 5350 πεπολιωμένον
3421 5273 3495 5333 είς
3538 5254 3708 5350 ἁπαλὸν

2181 5372 2277 5424 καὶ
2308 5370 2427 5424 νέον
2459 5346 2959 5444 μετασιίευάσομεν,
3002 5373 3070 5427 ἂν
3101 5346 3261 5427 πάλιν
3288 5371 3367 5432 είς
3389 5366 3483 5432 τὴν
3508 5346 3705 5425 γαστέρα

2180 5463 2280 5533 τῆς
2303 5465 2505 5536 μητρὸς
2522 5466 2615 5520 τὸν
2643 5466 2927 5535 ἄνθρωπον
2956 5468 3295 5538 ἐπανάξομεν
3314 5479 3327 5493 ·
3356 5455 3485 5515 ἀλλά
3509 5449 3589 5503 τὸν
3603 5451 3705 5538 ξατ-
3776 5482 3783 5491 .

2180 5533 2498 5627 εστιγμένον
2531 5560 2650 5621 ταῖς
2690 5533 3008 5630 ἁμαρτίαις,
3041 5560 3137 5615 καὶ⁸
3185 5533 3366 5617 κακοῖς
3391 5533 3703 5630 ἐπιτῖτῖδεύμ

2183 5664 2267 5699 σιν
2296 5616 2753 5718 έίλπαλαιωθέντα
2780 5616 3258 5721 χάριτι-’βασιλικῇ
3293 5616 3605 5703 ἐπανάγομεν
3636 5616 3698 5671 εἷς

2181 5737 2240 5790 ’τὸ
2264 5738 2359 5791 τοῦ
2385 5738 2615 5810 βρέφους
2643 5742 2954 5798 ἀνεύθυνον.
2993 5742 3081 5806 Ὠς
3103 5742 3210 5811 γὰρ
3232 5741 3291 5794 τὸ
3317 5732 3578 5790 εὐθύτοκον
3602 5724 3700 5764 παι-
