3882 6422
157 329 236 385 58l
1330 296 1399 351 IN
1429 291 1713 350 BArrtsu

1820 291 1830 345 ί
1863 286 2160 346 CHRISTI.

3309 289 3413 344 58?.

154 433 248 486 δίον
297 425 574 495 ἐλεύθερόν
624 423 773 477 ἐστιν
828 420 1195 492 ἐγκλημάτων
1248 422 1345 474 καὶ
1397 418 1713 492 τιμωριῶν,

1820 413 1971 486 regia
2007 426 2074 468 eo
2111 408 2439 480 redigimus,
2493 414 2552 462 ut
2584 407 2856 487 innocens
2897 405 2971 462 sit
3003 402 3170 460 sicuti
3202 400 3409 458 infans.

153 516 307 581 οὕτως
330 516 419 570 καὶ
434 517 465 568 ὁ
491 513 586 585 τῆς
601 510 1007 580 άναγεννήσεως
1021 512 1149 573 παῖς
1177 509 1275 563 οὐκ
1290 508 1402 579 ἔχει
1424 526 1490 562 πε
1500 510 1552 580 ρὶ
1563 508 1708 571 τίνος

153 608 546 675 ἀπολογήσεται,
571 603 825 675 βασιλικῇ
850 602 1027 673 δωρεᾷ
1052 601 1161 655 τῶν
1201 600 1442 655 εὐθυνῶν
1463 598 1704 670 ἀφεθείς.

154 696 347 767 Ταύτην
366 696 422 749 δὲ
444 696 544 766 τὴν
582 694 903 764 εὐεργεσίαν
939 692 1001 746 οὐ
1037 692 1099 745 τὸ
1128 690 1272 763 ὕδωρ
1296 690 1581 763 χαρίζεται
1610 686 1708 761 (ἦν

153 790 246 861 γάρ
282 788 345 843 ἂν
377 786 555 857 πάσης
584 786 687 854 τῆς
721 785 951 848 κτίσεως
994 783 1369 854 ὑψηλότερον),
1410 782 1542 837 ἀλλὰ
1571 781 1707 834 Θεοῦ

155 881 459 953 πρόσταγμα
478 916 493 939 ,
526 875 617 930 καὶ
644 877 680 946 ἡ
706 873 802 927 τοῦ
838 874 1154 945 Πνεῦματος
1182 872 1529 943 ἐπιφοίτησις
1552 911 1568 937 ,
1614 886 1709 941 μυ-

155 970 331 1033 στικῶς
392 967 658 1039 ἐρχομένη
712 966 848 1036 πρὸς
897 964 997 1036 τὴν
1044 965 1319 1036 ἡμετέραν
1372 962 1705 1033 ἐλευθερίαν.

156 1060 317 1130 ’Υδωρ
354 1058 411 1111 δὲ
444 1059 706 1129 ὑπηρετεῖ
755 1056 893 1129 πρὸς
940 1056 1165 1123 ἔνδειξιν
1210 1058 1312 1127 τῆς
1363 1055 1703 1125 καθάρσεως.

166 1149 357 1221 Ἐπειδὴ
379 1148 486 1220 γὰρ
519 1148 785 1219 εἰώθαμεν
818 1147 977 1219 ῥύπῳ
1021 1148 1115 1201 καὶ
1158 1146 1403 1218 βορϐόρῳ
1440 1144 1503 1199 τὺ
1548 1144 1708 1215 σῶμα

156 1240 487 1313 καθυϐρισθὲν
530 1238 682 1293 ὕδατι
742 1239 1023 1302 νίπτοντες
1067 1237 1309 1309 καθαρὸν
1347 1238 1703 1308 ἀποφαίνειν,

154 1333 227 1388 διὰ
248 1332 395 1387 τοῦτο
432 1332 527 1386 καὶ
555 1332 648 1385 ἐπὶ
673 1331 772 1402 τῆς
808 1331 1076 1403 μυστικῆς
1099 1329 1352 1402 πράξεως
1378 1329 1514 1382 αὐτὸ
1536 1345 1707 1400 προσ-

155 1423 503 1496 λαμϐάνομεν,
545 1422 624 1494 τῷ
663 1422 904 1494 αἰσθητῷ
939 1423 1226 1493 πράγματι
1263 1423 1364 1492 τὴν
1416 1420 1709 1493 ἀσώματον

154 1515 407 1588 δηλοῦντες
435 1516 819 1587 λαμπρότητα.
847 1513 1066 1569 Μᾶλλον
1094 1514 1174 1579 δὲ,
1212 1514 1261 1566 εί
1289 1514 1455 1576 δοκεῖ,
1495 1513 1591 1567 καὶ
1616 1513 1705 1566 λε-

156 1610 384 1682 πτότερον
428 1608 1005 1679 προσκαρτερήσωμεν
1045 1608 1115 1678 τῇ
1164 1606 1293 1675 περ).
1332 1603 1429 1658 τοῦ
1478 1603 1706 1676 λουτροῦ

158 1702 387 1774 ζητήσει,
416 1695 530 1756 οἷον
560 1702 625 1754 ὲκ
655 1701 838 1772 πηγῆς
866 1715 1013 1763 τινος
1050 1698 1347 1771 ἀρξάμενοι
1382 1696 1477 1752 τοῦ
1511 1699 1709 1770 Γραφι-

1821 506 1893 560 Ut
1916 505 2064 560 enim
2095 500 2261 557 modo
2290 507 2456 555 natus
2481 500 2695 569 puellus
2727 514 2758 553 a
2790 497 3121 553 criminibus
3149 505 3203 551 et
3233 496 3412 565 poenis

1817 598 1960 653 liber
1989 602 2097 661 est,
2128 594 2204 649 ita
2234 592 2400 649 etiam
2433 590 2870 663 regenerationis
2898 605 3036 661 puer
3063 604 3173 644 non
3201 588 3409 650 habet,

1815 688 1980 760 cujus
2031 686 2258 743 nomine
2305 698 2532 740 causam
2590 681 2759 747 dicat,
2807 692 2871 737 ut
2917 682 3013 753 qui
3063 681 3217 752 regio
3268 683 3414 735 dono

1815 794 2001 835 causa:
2051 777 2283 834 dictioni
2333 783 2663 847 exemptus,
2722 783 2778 831 et
2828 789 2859 829 a
2919 774 3228 829 rationibus
3288 772 3415 825 vitae

1815 865 2413 925 reddendis'liberatus
2451 868 2544 925 sit.
2580 866 2694 923 lloc
2723 872 2906 920 autem
2933 864 3263 920 beneﬁcium
3300 877 3412 915 non

1790 977 1961 1041 _aqua
1980 960 2226 1034 «largitur
2254 961 2422 1033 (esset
2452 960 2600 1017 enim
2627 960 2778 1014 omni
2815 966 3072 1014 creatura
3097 955 3411 1023 sublimior)

1815 1053 1914 1110 sed
1961 1052 2056 1109 Dei
2106 1061 2439 1125 pmceptum
2491 1060 2546 1107 et
2598 1051 2862 1124 Spiritus,
2903 1051 2998 1121 qui
3057 1048 3291 1120 mystice
3343 1046 3410 1099 ad

1813 1155 2066 1203 nostram
2125 1147 2436 1203 libertatem
2495 1146 2669 1213 venit,
2727 1158 3016 1200 accessus.
3072 1143 3230 1213 Aqua
3279 1154 3412 1196 vero

1814 1240 2096 1296 subservit
2143 1239 2211 1293 ad
2242 1237 2640 1295 ostendendam
2693 1237 3101 1308 purgationem.
3136 1233 3409 1300 Quoniam

1814 1333 1961 1389 enim
2005 1331 2266 1388 sordibus
2297 1338 2354 1387 et
2396 1346 2556 1387 coeno
2603 1330 2865 1386 fmdatum
2896 1343 3100 1397 corpus
3146 1340 3288 1393 aqua
3339 1326 3414 1378 la-

1813 1432 2008 1479 vantes
2041 1438 2239 1493 purum
2266 1422 2498 1478 reddere
2531 1421 2795 1485 solemus,
2830 1426 3120 1490 propterta
3151 1418 3315 1472 etiam
3352 1416 3409 1470 in

1815 1516 2053 1585 mystica
2085 1515 2305 1570 actione
2355 1529 2477 1571 eam
2528 1513 2876 1576 adhibemus,
2934 1527 2993 1565 re
3026 1512 3129 1566 sub
3180 1524 3408 1565 sensum

1814 1607 2032 1662 cadenti
2060 1608 2448 1678 incorporeum
2477 1606 2824 1676 splendorem
2865 1605 3262 1675 signiﬁcantes.
3294 1602 3411 1655 lmo

1814 1715 1970 1765 vero,
2014 1701 2061 1755 si
2105 1700 2346 1765 videtur,
2378 1700 2543 1757 etiam
2575 1699 2835 1755 subtilius
2865 1698 3191 1768 explicando
3224 1710 3410 1768 perse-

158 1792 240 1850 κοῦ
264 1793 734 1867 παραγγέλματος
754 1792 898 1846 Ἐὰν
913 1789 1001 1861 μή
1022 1808 1113 1858 τις
1126 1789 1414 1867 γεννηθῇ,
1436 1790 1620 1861 φησιν,
1642 1789 1712 1855 ἐξ

1820 1807 2070 1848 veremus
2124 1794 2178 1847 in
2229 1794 2536 1863 quaestione
2590 1791 2816 1856 lava’cri,
2856 1798 3117 1860 tanquam
3174 1804 3204 1843 a
3266 1789 3413 1843 fonte

155 1886 345 1951 ὕδατος
391 1885 490 1939 καὶ
516 1886 884 1955 Πνεύμιιτος,
915 1884 987 1937 οὺ
1019 1882 1269 1938 δύναται
1299 1882 1598 1937 εἰσελθεῖν
1629 1884 1717 1948 είς

156 1978 250 2047 τὴν
264 1978 588 2043 ,ϐασιλείαν
613 1976 720 2031 τοῦ
762 1977 932 2031 Θεοῦ.
984 1977 1082 2031 Διά
1121 1975 1175 2029 τί
1203 1975 1273 2029 τὰ
1321 1974 1436 2039 δύο,
1468 1975 1561 2027 καὶ
1590 1975 1715 2045 οὐχὶ

160 2069 294 2139 μόνον
306 2069 365 2122 τὸ
380 2070 607 2140 Πνεῦμα
625 2066 899 2140 αὔταρκες
922 2065 1177 2138 ἐνομίσθη
1200 2067 1336 2137 πρὸς
1349 2067 1448 2138 τὴν
1470 2066 1718 2138 συμπλή-

160 2178 301 2233 ρωσιν
322 2161 413 2215 τοῦ
428 2160 808 2233 βαπτίσματος
826 2176 841 2224 ;
854 2159 1115 2223 Σύνθετος
1130 2160 1159 2212 δ
1184 2159 1282 2213 ἄνθ
1291 2177 1491 2231 ρωπος,
1507 2160 1603 2212 καὶ
1618 2160 1718 2231 οὐχ

157 2252 361 2318 ἁπλοῦς,
402 2254 477 2319 ὡς
519 2252 767 2324 ἀκριϐῶς
800 2252 1144 2324 ἐπιστάμεθα
1166 2269 1180 2283 ·
1217 2254 1310 2307 καὶ
1338 2253 1426 2306 διὰ
1453 2252 1612 2307 τοῦτο
1637 2253 1718 2325 τῷ

156 2345 298 2414 διπλῷ
317 2346 406 2398 καὶ
445 2343 862 2415 συνεζευγμένῳ
890 2342 959 2396 τὰ
988 2344 1225 2415 συγγενῆ
1260 2344 1350 2397 καὶ
1379 2345 1540 2414 ὅμοια
1573 2345 1716 2416 φάρ-

156 2452 284 2504 μακα
319 2434 448 2506 πρὸς
486 2434 792 2507 θεραπείαν
828 2431 1196 2503 άπεκληρώθη
1221 2450 1236 2464 ·
1267 2432 1481 2503 σώματι
1515 2434 1612 2503 μὲν
1641 2433 1717 2503 τῷ

158 2528 447 2600 φαινομένῴ,
486 2527 637 2598 ὕδωρ
664 2527 726 2581 τὺ
757 2526 1041 2596 αἰσθητόν·
1082 2528 1227 2596 ψυχῇ
1258 2526 1315 2579 δὲ
1362 2530 1429 2599 τῇ
1478 2528 1715 2597 ἀοράτῳ,

160 2620 349 2693 Πνεῦμα
375 2622 437 2675 τὸ
461 2620 694 2691 ἀφανὲς,
719 2619 900 2673 πίστει
939 2619 1295 2688 καλούμενον,
1334 2620 1589 2690 ἀρρήτως
1615 2638 1718 2673 πα-

163 2711 503 2783 ραγινόμενον.
559 2711 634 2765 Τὸ
658 2711 772 2782 γὰρ
806 2711 1053 2781 Πνεῦμα
1072 2751 1086 2773 ,
1132 2711 1285 2764 ὅπου
1311 2711 1471 2764 θέλει
1494 2751 1507 2774 ,
1542 2710 1712 2765 πνεῖ·

161 2798 238 2851 καὶ
272 2800 377 2868 τὴν
417 2798 637 2870 φωνὴν
669 2798 858 2853 αὐτοῦ
892 2799 1166 2863 ἀκούεις·
1206 2798 1342 2851 ἀλλ’
1390 2800 1502 2851 οὐκ
1550 2793 1719 2864 οἶδας

164 2887 315 2942 πόθεν
343 2886 617 2959 ἔρχεται,
642 2887 744 2941 καὶ
784 2887 903 2941 ποῦ
943 2887 1179 2957 ὑπάγει.
1211 2887 1439 2956 Εὑλογεῖ
1463 2888 1522 2939 τὸ
1558 2888 1717 2957 σῶμα

162 2975 210 3029 rb
245 2978 650 3051 βαπτιζόμενον,
684 2979 780 3033 καὶ
813 2978 873 3032 τὸ
908 2977 1052 3050 ὓδωρ
1085 2978 1147 3032 τὸ
1182 2978 1464 3051 βαπτίζον.
1503 2981 1595 3033 Διὸ
1643 2980 1716 3051 μὴ

164 3072 546 3143 καταφρονήσῃς
592 3069 687 3123 τοῦ
737 3069 881 3123 θείου
932 3069 1191 3143 λουτροῦ,
1231 3072 1365 3143 μηδὲ
1417 3072 1493 3137 ὡς
1537 3075 1715 3127 κοινὸν

1817 1886 2056 1957 quodam
2083 1886 2302 1941 initium
2336 1885 2597 1957 praecepti
2631 1884 2933 1955 Scriptura:
2959 1882 3245 1937 facientes.
3284 1879 3411 1934 Nisi

1816 1980 1958 2049 quis,
2009 1978 2209 2048 inquit,
2266 1988 2426 2032 natus
2471 1977 2633 2046 fuerit
2668 1992 2733 2030 ea;
2777 1992 2917 2045 aqua
2960 1983 3010 2029 et
3047 1973 3277 2042 Spiritu,
3308 1989 3410 2026 non

1814 2079 1985 2139 potest
2016 2074 2219 2125 intrare
2251 2071 2307 2123 in
2339 2086 2558 2141 regnum
2591 2068 2692 2123 Dei
2712 2069 2753 2122 ³.
2788 2069 2972 2133 Quare
3014 2068 3139 2122 bina
3184 2066 3301 2131 illa,
3358 2074 3412 2119 (ι

1818 2177 1928 2216 non
1977 2163 2130 2217 solus
2183 2161 2426 2233 Spiritus
2474 2160 2752 2216 suillciens
2802 2159 3155 2213 existimatus
3207 2166 3293 2212 est
3344 2158 3408 2208 ait

1819 2255 2239 2324 completionem
2291 2252 3088 2325 baptismatis?'Compositus
3123 2259 3208 2305 est
3244 2250 3412 2304 homo

1818 2353 1872 2401 et
1918 2362 2027 2401 non
2079 2347 2334 2417 simplex,
2391 2353 2450 2400 ut
2497 2355 2650 2401 certo
2698 2348 2926 2400 scimus.
2982 2346 3166 2415 Atque
3204 2344 3413 2398 ideirco

1819 2437 2026 2509 duplici
2077 2440 2487 2509 conjunctoque
2526 2445 2758 2509 cognata
2805 2437 3119 2507 similiaque
3173 2436 3413 2491 medica-

1818 2537 2004 2585 menta
2058 2529 2123 2584 ad
2188 2533 2533 2586 curationem
2585 2530 2858 2585 destinata
2910 2539 3074 2601 atque
3141 2530 3408 2585 attributa

1819 2631 1952 2675 sunt
1987 2640 2000 2674 :
2040 2623 2256 2692 corpori
2292 2623 2542 2692 quidem,
2598 2621 2745 2692 quod
2786 2632 3043 2692 apparet;
3078 2637 3242 2692 aqua,
3282 2628 3414 2692 'quze

1820 2713 1924 2767 sub
1957 2728 2182 2767 sensum
2211 2713 2391 2780 cadit;
2430 2716 2626 2768 animae
2648 2729 2798 2775 vero,
2828 2730 2949 2783 qua:
2984 2715 3161 2767 visum
3192 2714 3411 2784 ellugit,

1822 2801 2085 2871 Spiritus,
2130 2802 2225 2871 qui
2273 2816 2380 2855 non
2433 2811 2681 2871 apparet,
2736 2803 2827 2871 qui
2881 2802 2984 2856 [ide
3029 2811 3282 2867 vocatur,
3319 2804 3412 2873 qui

1819 2891 2176 2948 ineffabiliter
2206 2893 2437 2947 accedit.
2478 2892 2734 2961 Spiritus,
2779 2894 2948 2959 enim,
2998 2892 3088 2945 ubi
3118 2892 3247 2953 vult,
3298 2896 3412 2963 spi-

1819 2993 1906 3038 rat
1930 3024 1944 3049 ,
1988 2993 2036 3039 et
2074 3001 2246 3038 vocem
2289 2984 2404 3053 ejus
2438 2984 2614 3049 audis,
2645 2983 2739 3037 sed
2768 2986 2937 3037 nescis
2963 2982 3100 3037 unde
3134 2984 3326 3049 veniat,
3364 2994 3412 3036 et

1820 3094 1924 3151 quo
1952 3076 2185 3133 vadat‘:
2223 3092 2426 3147 corpus
2454 3075 2600 3146 quod
2629 3076 2961 3146 baptizatur,
2994 3086 3047 3129 et
3069 3091 3262 3145 aquam
3294 3092 3415 3147 qua:

161 3160 269 3213 αὐτὸ
297 3162 653 3235 ὲξευτελίσῃς,
675 3162 763 3217 διὰ
786 3161 885 3234 τὴν
910 3164 1105 3236 χρῆσιν
1136 3164 1231 3219 τοῦ
1263 3164 1474 3230 ὕδατος.
1507 3167 1581 3221 Τὸ
1607 3168 1713 3240 γὰρ

1825 3170 2090 3240 baptizat,
2129 3167 2429 3223 benedicit.
2469 3167 2651 3235 Quare
2690 3182 2760 3222 ne
2790 3176 3114 3221 contemnas
3164 3164 3410 3221 divinum

162 3249 379 3323 ἐνεργοῦν
409 3254 577 3325 μέγα,
605 3253 700 3307 καὶ
722 3254 817 3307 ἀπ’
844 3255 1058 3308 ἐκείνου
1093 3254 1385 3327 θαυμαστά
1410 3259 1616 3327 γίνεται
1647 3260 1717 3314 τὰ

163 3343 440 3415 τελούμενα.
459 3346 619 3400 Ἐπεὶ
644 3346 739 3399 καὶ
766 3344 830 3398 τὸ
858 3344 1247 3417 θυσιαστήριον
1269 3347 1429 3402 τοῦτο
1454 3349 1516 3401 τὸ
1540 3350 1712 3415 ἅγιον.

161 3425 198 3500 ᾧ
224 3438 651 3509 παρεστήκαμεν,
684 3435 827 3500 λίθος
858 3436 978 3490 ἐστὶ
1017 3436 1156 3490 κατὰ
1185 3437 1283 3509 τὴν
1309 3438 1470 3508 φύσιν
1503 3441 1713 3508 κοινὸς,

164 3527 287 3582 οὐδὲν
316 3530 587 3601 διαφέρων
612 3529 723 3583 τῶν
758 3528 932 3584 ἄλλων
964 3529 1209 3597 πλακῶν,
1254 3531 1311 3585 αἳ
1348 3533 1475 3596 τοὺς
1504 3533 1717 3603 τοίχους

168 3619 294 3689 ἡμῶν
338 3621 681 3693 οίκοδομοῦσι
707 3660 723 3684 ,
775 3621 869 3674 καὶ
927 3620 1333 3687 καλλωπίζουσι
1391 3625 1460 3677 τά
1519 3626 1713 3696 ἐδάφη.

176 3707 360 3782 Ἐπειδὴ
402 3711 457 3765 δὲ
490 3708 808 3782 καθιερώθη
843 3711 910 3781 τῇ
945 3709 1040 3763 τοῦ
1090 3710 1225 3765 Θεοῦ
1261 3712 1528 3786 θεραπείᾳ
1552 3755 1568 3781 ,
1622 3717 1717 3769 καὶ

166 3798 244 3870 τὴν
272 3802 504 3872 εὐλογίαν
531 3803 783 3868 ἐδέξατο,
815 3800 931 3855 ἔστι
964 3804 1214 3875 τράπεζα
1239 3806 1390 3875 ἁγία,
1425 3806 1718 3879 θυσιαστή-

166 3906 260 3959 ριον
295 3894 579 3965 ἄχραντον,
618 3894 803 3949 οὐκέτι
839 3895 989 3966 παρὰ
1036 3896 1256 3950 πάντων
1290 3895 1715 3969 ψηλαφώμενον,

163 3981 279 4036 ἀλλὰ
305 3986 456 4056 μόνον
492 3986 609 4039 τῶν
650 3986 860 4059 ἱερέων,
900 3987 996 4041 καὶ⁵
1035 3987 1241 4041 τούτων
1279 3987 1713 4061 εὐλαϐουμένων.

173 4070 222 4125 ‘0
242 4075 388 4145 ἄρτος
409 4078 578 4133 πάλιν
606 4079 769 4150 ἄρτος
798 4079 915 4132 ἐστὶ
930 4078 1067 4143 τέως
1091 4079 1269 4142 κοινός
1287 4096 1302 4110 ·
1329 4080 1445 4134 ἀλλ’
1464 4082 1594 4137 ὅταν
1618 4084 1718 4136 αὑ-

163 4163 240 4217 τὸν
260 4167 315 4219 τὸ
342 4171 634 4243 μυστήριον
664 4172 1016 4244 ίερουργήσῃ,
1046 4170 1207 4243 σῶμα
1233 4171 1471 4244 Χριστοῦ
1499 4173 1717 4243 λέγεται

163 4271 214 4309 τε
249 4259 331 4313 καί
366 4263 596 4330 γίνεται.
634 4263 823 4329 Οὕτως
860 4264 922 4317 τὸ
952 4264 1212 4335 μυστικὸν
1249 4265 1460 4333 ἔλαιον,
1493 4267 1667 4333 οὕτως
1688 4269 1717 4321 ὁ

164 4341 283 4412 οἶνος
301 4368 314 4382 ·
338 4352 512 4422 ὀλίγου
541 4354 690 4418 τινὸς
711 4351 837 4418 ἄξια
859 4353 987 4407 ὄντα
1013 4353 1121 4425 πρὸ
1150 4354 1251 4424 τῆς
1281 4355 1549 4424 εὐλογίας,
1578 4358 1716 4428 μετά

165 4435 239 4490 τὸν
275 4440 530 4513 ἁγιασμόν
568 4444 660 4499 τὸν
700 4441 796 4496 τοῦ
846 4442 1194 4514 Πνεῦματος,
1240 4444 1501 4518 ἑκάτερον
1534 4448 1717 4502 αὐτῶν

166 4527 348 4602 ἐνεργεί
374 4533 664 4605 διαφόρως.

1821 3259 2125 3324 lavacrum,
2189 3274 2368 3330 neque
2422 3259 2472 3311 id
2530 3266 2795 3328 tanquam
2847 3272 3139 3311 commune
3190 3264 3415 3325 proptrr

1821 3362 1983 3402 usum
2025 3362 2184 3417 aqua;
2215 3347 2369 3418 parvi
2420 3346 2613 3411 facias,
2660 3354 2714 3401 et
2757 3345 2861 3400 levi
2913 3352 3190 3399 momento
3217 3345 3409 3399 ducas.

1818 3437 1956 3493 Nam
1992 3438 2069 3504 id,
2110 3439 2259 3509 quod
2306 3447 2589 3510 operatur,
2638 3452 2896 3508 magnum
2939 3445 3046 3501 est,
3094 3445 3149 3491 ct
3200 3437 3270 3490 ab
3321 3436 3414 3491 illo

1820 3531 2105 3587 mirabiles
2143 3530 2424 3587 exsistunt
2477 3529 2726 3585 eﬂ’ectus.
2778 3527 2914 3583 Nam
2968 3536 3024 3583 et
3082 3529 3256 3582 altare
3309 3529 3413 3581 hoc

1820 3632 2098 3689 sanctum,
2131 3624 2219 3679 cui
2263 3624 2601 3684 assistimus,
2638 3622 2779 3693 lapis
2818 3631 2902 3677 est
2936 3630 3133 3676 natura
3164 3635 3413 3675 commu—

1818 3716 1931 3785 nis,
1967 3717 2106 3771 nihil
2130 3713 2390 3771 diﬂerens
2420 3716 2489 3769 ab
2519 3715 2644 3770 aliis
2672 3715 2878 3769 crustis
2912 3712 3165 3783 lapideis,
3195 3727 3262 3767 ex
3296 3712 3415 3782 qui-

1819 3809 1924 3865 bus
1980 3808 2226 3880 parietes
2284 3808 2462 3863 nostri
2518 3815 2921 3873 cxstruuntur,
2980 3814 3034 3861 et
3101 3806 3412 3877 pavimenta

1819 3913 2181 3959 exornantur.
2215 3902 2323 3958 Sed
2354 3902 2615 3974 quoniam
2662 3900 2758 3958 Dei
2806 3901 2980 3956 cultui
3030 3910 3411 3955 consecratum

1821 4001 2009 4065 atque,
2035 3993 2348 4049 dedicatum
2392 4003 2498 4060 est,
2556 4007 2623 4048 ac
2684 3991 3128 4047 benedictionem
3176 3988 3410 4059 accepit,

1822 4101 2013 4143 mensa
2046 4096 2261 4152 sancta,
2308 4087 2484 4142 altare
2525 4086 2936 4141 immaculatum
2982 4093 3088 4151 est,
3119 4080 3267 4152 quod
3300 4098 3411 4135 non

1820 4180 2061 4251 amplius
2095 4179 2164 4235 ab
2193 4180 2473 4244 omnibus,
2511 4179 2606 4235 sed
2650 4194 2681 4233 a
2723 4179 2858 4235 solis
2905 4174 3281 4231 sacerdotilms
3314 4174 3410 4226 iis-

1821 4287 1927 4341 que
1961 4273 2357 4327 venerantibus
2388 4277 2785 4326 contrectatur.
2837 4267 3005 4323 Panis
3054 4268 3208 4330 item,
3248 4265 3408 4337 panis

1821 4372 1905 4417 est
1934 4362 2092 4417 initio
2122 4361 2476 4427 communis;
2510 4361 2607 4416 sed
2645 4361 2737 4415 ubi
2783 4375 2906 4414 eum
2954 4359 3276 4431 mysterium
3321 4370 3409 4409 sa-

1822 4451 2175 4515 criﬁcaverit,
2221 4466 2423 4521 corpus
2452 4448 2657 4505 Christi
2705 4448 2852 4505 lit'et
2887 4448 3113 4504 dicitur.
3163 4445 3257 4502 Sic
3290 4462 3407 4518 my-

1750 4537 2024 4598 Dsﬁcum
2088 4544 2292 4609 oleum,
2349 4544 2431 4598 sic
2480 4543 2692 4610 vinum,
2747 4557 2871 4597 cum
2923 4542 3035 4598 sint
3089 4555 3176 4597 res
3233 4538 3412 4611 exigui

166 4626 298 4689 pretii
344 4637 466 4684 ante
512 4628 979 4695 benedictionem,
1025 4636 1153 4699 post
1203 4629 1723 4699 sanctiﬁcationcm,
1791 4652 1915 4707 quae
1965 4654 1995 4691 a
2050 4637 2260 4710 Spiritu
2308 4635 2579 4709 procedit,
2631 4646 2925 4709 utrumque
2996 4649 3188 4691 eorum
3234 4632 3416 4689 excel-

167 4713 314 4775 lenter
340 4734 617 4794 operatur.

231 4814 288 4870 Ἠ
319 4820 450 4892 αὑτὴ
473 4821 532 4875 δὲ
555 4819 650 4874 τοῦ
677 4818 837 4889 λόγου
871 4819 1123 4890 δύναμις,
1157 4820 1364 4874 καὶτὸν
1391 4821 1544 4893 ίερέα
1576 4828 1720 4879 ποιεῖ

168 4910 335 4976 σεμνὸν
366 4914 457 4965 καὶ
493 4913 697 4985 τίμιον,
739 4915 808 4983 τῇ
850 4914 1129 4985 καινότητι
1177 4915 1278 4985 τῆς
1327 4916 1579 4986 εὐλογίας
1621 4919 1720 4990 τῆς

165 4999 277 5068 πρὸς
303 5004 423 5068 τοὺς
444 5004 671 5070 πολλοὺς
698 5004 1007 5075 κοινότητος
1033 5005 1421 5078 χωριζόμενον.
1447 5008 1591 5073 Χθὲς
1610 5010 1719 5083 γὰρ

164 5088 240 5141 καὶ
272 5091 453 5165 πρώην
486 5089 567 5157 εἷς
595 5095 856 5167 ὑπάρχων
888 5094 995 5147 τῶν
1030 5095 1240 5151 πολλῶν
1273 5098 1365 5151 καὶ
1399 5100 1492 5153 τοῦ
1520 5099 1715 5170 δήμου,

164 5175 331 5249 ἀθρόον
378 5184 760 5242 ἀποδείκνυται
814 5186 1168 5261 καθηγεμὼν,
1219 5191 1513 5262 πρόεδρος,
1569 5192 1717 5247 διδά-

166 5272 333 5338 σκαλος
356 5276 658 5345 εὐσεϐείας,
692 5279 1005 5351 μυστηρίων
1031 5279 1403 5337 λανθανόντων
1428 5300 1718 5355 μυσταγω-

166 5358 259 5425 τός·
283 5366 370 5419 καὶ
398 5366 570 5422 ταῦτα
601 5374 765 5437 ποιεῖ,
797 5372 963 5444 μηδὲν
990 5372 1085 5426 τοῦ
1109 5373 1362 5445 σώματος
1387 5375 1420 5447 ἢ
1453 5377 1553 5447 τῆς
1588 5395 1719 5448 μορ·

165 5449 256 5520 φῆς
292 5456 604 5528 άμειφθείςο
648 5461 763 5515 ἀλλ’
815 5462 1072 5534 ὑπάρχων
1112 5463 1255 5517 κατὰ
1285 5464 1347 5517 τὸ
1394 5466 1721 5538 φαινόμενον

166 5540 344 5611 ἐκεῖνος
378 5548 434 5612 ὃς
475 5545 567 5622 ἦν,
607 5552 825 5624 ἀοράτῳ
857 5555 967 5606 τινὶ
996 5556 1224 5625 δυνάμει
1258 5559 1351 5612 καὶ
1397 5559 1577 5631 χάριτι
1617 5558 1716 5629 τὴν

233 5717 252 5752 ³
284 5720 432 5782 Joau.
462 5742 546 5795 ιιι,
573 5729 627 5784 5.
735 5729 756 5761 δ
784 5730 914 5787 ibid.
972 5733 1025 5786 8.

1897 4825 2099 4882 Eadem
2148 4826 2277 4882 item
2328 4823 2484 4879 verbi
2522 4823 2606 4878 vis
2643 4824 2809 4879 etiam
2850 4820 3194 4878 sacerdotem
3244 4839 3417 4893 augu-

1826 4926 1971 4973 stum
2002 4928 2061 4987 ει¹
2104 4918 2489 4972 honorandum
2526 4917 2677 4981 facit,
2723 4915 2968 4969 novitate
3014 4913 3415 4968 benedictionis

1825 5026 1854 5064 a
1895 5011 2292 5066 communitate
2326 5011 2473 5082 vulgi
2520 5017 2898 5079 segregatum.
2932 5004 3069 5060 Cum
3120 5005 3265 5060 enim
3296 5005 3414 5060 heri

1825 5118 1890 5157 ac
1919 5113 2165 5174 tempore
2195 5102 2470 5175 superiori
2518 5086 2661 5156 unus
2709 5117 2738 5154 e
2770 5098 3125 5152 multitudine
3165 5112 3229 5151 ac
3258 5096 3416 5166 plebe

1824 5201 1992 5259 esset,
2027 5206 2250 5266 repente
2287 5193 2536 5248 redditur
2567 5200 2894 5263 prteceptor,
2941 5204 3164 5259 prtcses,
3219 5188 3419 5243 doctor

1826 5286 2083 5358 pietatis,
2138 5287 2528 5358 mysteriorum
2579 5284 2861 5338 latentium
2928 5282 3126 5351 praesul
3176 5301 3190 5337 :
3236 5296 3411 5351 eaque

1827 5380 2159 5450 contingunt
2204 5378 2277 5443 ei,
2327 5394 2452 5432 cum
2508 5377 2647 5432 nihil
2687 5376 2772 5429 vel
2813 5389 3065 5443 corpore,
3115 5374 3198 5429 vel
3241 5374 3417 5451 forma

1830 5479 2095 5539 mutatus,
2142 5471 2236 5526 sed
2272 5470 2418 5543 quod
2461 5468 2529 5524 ad
2572 5468 2810 5539 speciem
2862 5476 3145 5521 externam
3200 5466 3415 5531 attinet,

1826 5562 1916 5616 ille
1968 5564 2059 5628 sit,
2099 5563 2189 5635 qui
2247 5572 2389 5628 erat,
2435 5560 2695 5618 invisibili
2739 5559 2975 5631 quadam
3015 5559 3064 5616 vi
3100 5576 3164 5617 ac
3213 5563 3415 5635 gratia,
