3882 6428
512 275 622 331 533

1726 277 1786 335 Β.
1819 276 2151 334 GREGORII
2190 275 2487 334 NYSSENI
3654 290 3743 344 534

509 388 842 444 iuvisibilem
876 388 1117 446 animam
1166 391 1225 447 in
1281 391 1479 448 melius
1524 392 1974 449 transformatam
2002 410 2091 465 ge-

2204 393 2436 464 ἀόρατον
2460 394 2639 467 ψυχὴν
2671 394 3125 468 μεταμορφωθεὶς
3157 398 3291 467 πρδς
3323 397 3385 451 τὸ
3416 397 3627 468 βέλτιον.
3655 401 3744 459 Καὶ

510 497 657 535 rcus.
691 480 872 550 Atque
906 482 984 537 ita
1011 483 1079 538 ad
1130 485 1333 539 multas
1370 501 1459 541 res
1494 486 1740 540 animum
1780 487 2095 554 advertens,

510 573 918 627 contemnenda
972 574 1195 644 quidem
1241 576 1451 633 videbis
1494 592 1594 643 ea,
1643 594 1765 647 qua:
1809 586 2097 649 apparent,

508 678 710 732 magna
755 680 909 731 vero,
946 683 1069 738 quae
1111 668 1180 723 ab
1230 668 1340 725 illis
1368 669 1720 725 eﬂiciuntur:
1756 685 1822 725 ac
1863 670 2099 725 maxime

511 769 633 809 cum
667 770 735 811 ex
768 759 939 813 veleri
983 759 1211 815 historia
1250 770 1480 831 cognata
1513 769 1678 831 atque
1721 761 1922 816 similia
1947 761 2093 832 ejus,

507 846 574 899 de
624 861 737 916 quo
788 849 1080 921 quaeritur,
1132 852 1440 922 argumenti
1482 853 1734 922 exempla
1783 852 2094 924 collegeris.

508 934 674 1008 Virga
710 937 937 1007 Moysis,
968 942 1118 1012 virga
1147 951 1267 998 erat
1296 959 1327 999 e
1348 959 1488 999 nuce
1520 959 1618 1001 seu
1643 946 1852 1017 corylo.
1883 945 2095 1002 Etenim

505 1030 637 1098 quid
666 1031 814 1085 aliud
849 1041 1013 1104 atque
1057 1034 1265 1105 lignum
1294 1052 1609 1103 connnune,
1647 1038 1794 1108 quod
1833 1052 1865 1092 a
1908 1038 2097 1109 cujus-

507 1138 617 1192 que
648 1141 813 1179 manu
844 1127 1074 1182 caeditur
1100 1135 1153 1182 et
1182 1137 1461 1198 portatur,
1496 1140 1551 1184 ct
1608 1129 1972 1184 concinnatur
2001 1130 2096 1185 ad-

502 1222 836 1283 0ptaturquc
867 1215 935 1270 ad
968 1216 1020 1269 id
1048 1218 1193 1286 quod
1218 1219 1394 1274 visum
1425 1220 1614 1287 fuerit,
1632 1228 1688 1276 et
1716 1220 1827 1291 igni
1848 1220 1918 1275 ad
1950 1221 2097 1276 arbi-

504 1303 669 1357 trium
724 1305 988 1359 traditur?
1022 1306 1122 1363 Ubi
1171 1318 1354 1366 autem
1401 1311 1547 1368 Deus
1580 1298 1754 1368 voluit
1807 1327 1904 1382 per
1942 1313 2094 1368 illam

501 1391 723 1449 efﬁcere
762 1395 1021 1450 sublimia
1056 1399 1172 1463 illa,
1198 1415 1432 1473 quaeque
1466 1404 1618 1459 nulla
1653 1405 1704 1459 vi
1738 1404 1955 1460 dicendi
2003 1420 2095 1459 ex-

503 1485 665 1553 primi
736 1497 1004 1557 possunt,
1055 1490 1344 1558 miracula,
1408 1497 1729 1551 mutabatur
1773 1497 1982 1567 lignum
2035 1497 2092 1552 in

503 1585 815 1644 serpentem
840 1576 884 1629 ⁸.
921 1576 991 1631 Et
1037 1578 1167 1635 item
1207 1582 1339 1638 alibi
1370 1586 1685 1654 percutiens
1720 1602 1916 1659 aquas,
1956 1587 2093 1643 alias

502 1664 724 1733 quidem
775 1665 831 1720 in
890 1670 1217 1738 sanguinem
1270 1686 1469 1749 aquam
1522 1676 1846 1757 redigebat“
1898 1694 1911 1730 :
1954 1677 2093 1730 alias

2206 485 2380 550 οὕτως
2418 488 2509 540 ἐπὶ
2542 487 2713 540 πολλὰ
2749 488 2859 541 τῶν
2901 488 3237 559 πραγμάτων
3285 489 3466 560 φέρων
3504 490 3591 544 τὸν
3623 496 3742 560 νοῦν,

2206 575 2662 648 εὐκαταφρόνητα
2708 578 2809 648 μὲν
2848 577 2970 646 ὄψει
3014 579 3084 631 τὰ
3113 579 3446 649 φαινόμενα,
3483 582 3673 650 μεγάλα
3701 585 3744 639 δὲ

2205 667 2274 719 τά
2302 666 2395 720 ἀπ’
2424 667 2649 721 ἐκείνων
2677 667 2976 738 τελούμενα
2997 687 3009 698 ·
3034 668 3130 722 καὶ
3154 669 3408 739 μάλιστα,
3436 672 3560 726 ὅταν
3587 675 3645 726 ἐκ
3665 675 3744 744 τῆς

2190 757 2442 821 παλαιᾶς
2486 759 2726 832 ἱστορίας
2757 759 2990 830 ἀναλέξῃ
3019 760 3090 814 τὰ
3126 761 3365 831 συγγενῆ
3391 761 3486 815 τοῦ
3518 763 3745 835 ζητουμέ-

2204 866 2297 902 νου
2332 849 2426 903 xal
2458 851 2641 921 ὅμοια.
2674 848 2781 903 Τοῦ
2818 850 3096 915 Μωῠσέως
3132 853 3165 922 ὴ
3201 852 3397 922 ῥάϐδος
3427 849 3492 925 ἦν
3525 858 3740 928 καρυῖνη.

2204 939 2314 993 Καὶ
2337 939 2391 993 τί
2419 938 2688 1011 γὰρᾶλλο,
2717 940 2751 1012 ἢ
2780 939 2934 1005 ξύλον
2963 940 3170 1005 κοινὸν,
3204 942 3233 995 ὃ
3270 943 3422 998 πᾶσα
3445 944 3561 1014 χεὶρ
3585 945 3743 1000 κόπτει

2203 1032 2300 1085 καὶ
2327 1032 2521 1104 φέρει,
2552 1033 2804 1104 ῥυθμίζει
2830 1049 2892 1087 τε
2919 1034 3056 1105 πρὸς
3088 1034 3150 1088 τό
3176 1035 3391 1096 δοκοῦν.
3419 1038 3511 1090 καὶ
3536 1037 3610 1104 τῷ
3634 1042 3743 1110 πυρὶ

2202 1123 2323 1177 κατ’
2364 1122 2612 1187 ἐξουσίαν
2645 1122 2893 1190 δίδωσιν;
2937 1123 3130 1178 Ἠνίκα
3175 1124 3232 1178 δέ
3275 1128 3306 1178 ὁ
3345 1125 3476 1190 Θεὸς
3515 1128 3742 1199 ἠθέλησεν

2202 1212 2512 1267 ἐπιτελέσαι
2532 1212 2599 1266 δι’
2623 1213 2840 1282 ἐκείνης
2867 1212 2936 1267 τὰ
2960 1213 3143 1285 ὑψηλὰ
3170 1214 3267 1271 καὶ⁵
3299 1215 3395 1269 τοῦ
3419 1216 3571 1285 λόγου
3596 1220 3742 1290 κρείτ-

2200 1322 2328 1359 τονα
2367 1303 2654 1375 θαύματα,
2689 1305 3043 1376 μετεϐάλλετο
3081 1307 3142 1361 τὺ
3171 1306 3328 1375 ξύλον
3372 1311 3451 1373 είς
3489 1311 3622 1379 ὅφιν.
3655 1312 3742 1364 Καὶ

2202 1394 2365 1448 πάλιν
2404 1393 2632 1463 ἑτέρωθι
2660 1393 2880 1449 τύπτων
2910 1394 2981 1448 τὰ
3024 1395 3221 1461 ῦδατα,
3265 1397 3398 1450 ποτέ
3427 1397 3522 1468 μὲν
3551 1392 3673 1469 αἷμα
3692 1399 3741 1452 τὸ

2201 1484 2346 1555 ὕδωρ
2392 1485 2567 1538 ἐποίει
2588 1522 2603 1549 ,
2667 1485 2799 1539 ποτέ
2837 1486 2897 1539 δέ
2940 1486 3227 1557 βατράχων
3278 1489 3445 1558 γονὴν
3490 1489 3741 1555 ἀνέϐλυζεν

2198 1575 2442 1647 ἄπειρον.
2477 1575 2587 1630 Kal
2625 1576 2787 1630 πάλιν
2821 1576 2923 1648 τὴν
2954 1578 3222 1633 θάλατταν
3251 1578 3443 1650 ἔτεμνε
3477 1580 3625 1653 μέχρι
3662 1581 3736 1652 βυ-

2200 1667 2311 1720 θῶν
2365 1667 2799 1738 διακοπτομένην
2843 1669 2939 1723 καὶ
3005 1670 3082 1741 μὴ
3127 1670 3484 1741 συῤῥέουσαν.
3545 1673 3739 1744 Ὁμοίως

501 1770 632 1809 vero
675 1771 932 1812 ranarum
964 1758 1134 1813 fetum
1178 1760 1454 1818 infinitum
1495 1765 1692 1821 edebat
1720 1750 2091 1838 ac‘produce-

2195 1758 2314 1822 ἐνὸς
2342 1758 2451 1811 τῶν
2483 1760 2779 1830 προφητῶν
2818 1760 3076 1833 μηλωτὴ,
3112 1764 3271 1831 αἰγὸς
3297 1759 3431 1818 οὖσα
3455 1765 3637 1838 δέρμα,
3661 1768 3732 1822 λό·

500 1845 630 1901 bat'
664 1863 679 1901 :
708 1856 765 1902 et
815 1864 1009 1906 rursus
1059 1865 1212 1906 mare
1258 1854 1564 1921 scindebat,
1606 1857 1755 1929 quod
1806 1875 1979 1929 usque
2023 1859 2092 1914 ad

501 1935 673 1990 imum
724 1936 952 1993 fundum
1006 1941 1392 2009 diducebatur,
1449 1953 1504 2000 et
1548 1961 1656 2002 non
1713 1948 2090 2003 confluebat“.

501 2023 768 2081 Similiter
814 2030 977 2086 unius
1020 2032 1297 2101 propheta:
1339 2034 1715 2090 indumentum
1744 2078 1761 2103 ,
1791 2040 1938 2108 quod
1973 2046 2093 2093 erat

498 2131 566 2170 cx
624 2117 764 2186 pelle
821 2120 1081 2189 caprina,
1136 2120 1389 2178 Elisscum
1449 2140 1546 2194 per
1600 2134 1773 2180 totum
1819 2134 2092 2183 terrarum

500 2205 688 2259 orbem
751 2205 897 2262 fama
953 2210 1292 2265 celebratum
1346 2212 1549 2269 cﬂecit.
1621 2213 1851 2287 Lignum
1908 2226 2092 2271 autem

502 2297 690 2351 crucis
736 2299 998 2354 omnibus
1046 2301 1363 2360 hominibus
1409 2305 1652 2361 salutare
1699 2317 1802 2372 est,
1852 2323 1977 2361 cum
2023 2308 2094 2362 sit

500 2402 651 2456 pars,
712 2396 773 2443 ut
839 2390 1026 2456 audio,
1091 2391 1307 2448 arboris
1364 2394 1512 2459 vilis,
1568 2397 2094 2467 coutemptiorisque

500 2494 667 2547 quam
725 2479 844 2533 alia:
904 2481 1091 2537 multae
1160 2483 1294 2537 sint.
1357 2482 1424 2537 Et
1487 2484 1666 2541 frutex
1726 2488 1847 2542 rubi
1919 2486 2093 2560 Moysi

502 2570 723 2625 divinas
793 2572 1169 2641 apparitiones
1227 2576 1536 2631 ostendit”.
1588 2580 1721 2634 ltetn
1778 2579 1953 2635 Elismi
2009 2595 2094 2636 re-

502 2661 689 2733 liquiae
748 2672 1029 2718 mortuum
1097 2667 1483 2723 excitaverunt
1526 2670 1603 2737 ¹⁹;
1651 2679 1707 2727 et
1755 2672 1929 2727 lutum
1986 2687 2093 2728 ca:-

501 2768 628 2806 cum
668 2767 734 2809 ex
774 2762 933 2809 utero
999 2756 1196 2811 matris
1260 2767 1450 2813 natum
1519 2759 1869 2817 illuminavit.
1913 2761 2093 2833 Atque

502 2843 619 2900 haec
670 2847 855 2900 omnia
890 2863 1016 2903 curn
1066 2849 1313 2905 materiae
1377 2853 1487 2906 sint
1540 2852 1858 2908 inanimatae
1924 2864 2092 2925 atque

502 2951 701 2993 sensus
739 2947 1014 3008 expertes,
1059 2951 1418 3013 posteaquam
1454 2945 1564 2999 vim
1603 2944 1699 3001 Dei
1728 2945 2089 3014 accepissent,

510 3030 728 3099 magnis
764 3030 1052 3086 miraculis
1113 3033 1294 3087 media
1334 3034 1788 3092 intercesserunt.
1814 3035 1892 3091 Ac
1922 3036 2088 3091 simili

501 3120 904 3188 consequentia
976 3122 1251 3177 rationum
1283 3165 1298 3189 ,
1346 3125 1510 3179 etiam
1564 3141 1729 3197 aqua,
1783 3143 1908 3183 cum
1954 3128 2093 3183 nihil

503 3210 652 3264 aliud
700 3211 771 3266 sit
800 3225 962 3279 quam
1009 3227 1185 3285 aqua,
1227 3230 1463 3285 superna
1509 3219 1685 3287 gratia
1738 3218 2095 3276 bcnedicente

503 3299 577 3363 ei,
613 3301 667 3354 in
708 3315 827 3356 eam
855 3315 978 3371 qua:
1025 3311 1207 3357 mente
1240 3306 1566 3375 percipitur,
1607 3306 1884 3362 hominem
1929 3324 2091 3364 reno-

503 3399 596 3445 vat
621 3391 1123 3462 regenerationem.
1159 3392 1315 3460 Quod
1353 3396 1398 3451 si
1434 3396 1560 3467 quis
1587 3397 1719 3451 mihi
1756 3413 1951 3454 rursus
1987 3399 2091 3454 du-

505 3482 730 3537 bitando
772 3491 825 3536 et
880 3484 1209 3554 ambigendo
1266 3488 1545 3558 negotium
1574 3488 1851 3553 exhibeat,
1911 3492 2091 3544 conti-

506 3583 703 3630 neuter
723 3574 1074 3646 interrogans
1103 3585 1158 3630 et
1195 3577 1513 3641 sciscitans.
1546 3597 1653 3652 qua
1686 3583 1897 3637 ratione
1926 3597 2089 3653 aqua,

502 3681 568 3720 ca
621 3680 742 3735 qua:
774 3682 868 3736 per
907 3668 1055 3722 illam
1099 3671 1401 3741 peragitur,
1442 3673 2089 3744 initiationeregeneret,

501 3756 684 3810 dicam
711 3756 919 3826 Optimo
954 3758 1080 3826 jure
1119 3760 1185 3813 ad
1213 3777 1337 3817 eum
1379 3782 1392 3818 :
1426 3763 1668 3820 Ostende
1687 3764 1821 3820 mihi
1866 3765 2088 3821 modum

503 3847 845 3911 nativitatis,
877 3864 998 3918 quae
1036 3852 1095 3904 lit
1120 3853 1424 3907 secundum
1460 3869 1683 3910 carnem
1712 3873 1727 3922 ;
1770 3864 1826 3911 et
1856 3871 1960 3926 ego
1990 3857 2088 3912 tibi

506 3940 614 3993 vim
667 3941 1127 4009 regenerationis,
1188 3960 1311 4014 qua:
1374 3947 1681 4001 secundum
1723 3948 1963 4002 animam
2009 3949 2088 4013 ﬁt,

505 4045 800 4111 exponam.
829 4031 988 4089 Dices
1019 4032 1257 4091 fortasse
1300 4037 1461 4106 quasi
1493 4037 1787 4108 quamdam
1821 4034 2087 4096 rationem

507 4121 744 4179 reddens
782 4141 798 4178 :
830 4124 1031 4180 Semen
1063 4140 1233 4181 causa
1268 4126 1512 4185 hominis
1559 4129 1799 4186 effectrix
1831 4140 1935 4187 est.
1977 4133 2090 4186 Au-

505 4212 559 4269 di
622 4215 789 4286 igitur
821 4224 1018 4271 contra
1060 4232 1090 4270 a
1118 4217 1300 4284 nobis,
1332 4219 1478 4289 quod
1517 4236 1658 4292 aqua
1707 4237 1828 4292 quae
1876 4223 2092 4279 benedi-

505 4308 671 4372 citur,
704 4315 901 4378 purgat
925 4316 979 4365 et
1008 4311 1280 4364 illuminat
1331 4310 1629 4368 hominem.
1665 4311 1820 4381 Quod
1850 4315 1895 4369 si
1954 4315 2087 4371 mihi

2193 1866 2290 1917 γον
2320 1850 2418 1919 τῆς
2446 1851 2772 1920 οἰκουμένης
2795 1853 2887 1907 τὸν
2931 1853 3234 1908 Ἐλισσαῖον
3271 1856 3577 1926 εἰργάσατο.
3605 1858 3669 1911 Τὸ
3690 1857 3735 1911 δὲ

2193 1941 2287 1994 τοῦ
2317 1940 2550 2012 σταυροῦ
2585 1940 2758 2007 ξύλον,
2800 1944 2967 1997 πᾶσιν
2993 1944 3305 2015 ἀνθρώποις
3339 1947 3456 2000 ἐστὶ⁸
3487 1948 3732 2020 σωτήριον,

2196 2033 2363 2105 μέρος
2390 2033 2470 2099 ὃν,
2506 2033 2582 2098 ὡς
2605 2033 2809 2101 ἀκούω,
2832 2036 3312 2107 εὐκαταφρονήτου
3335 2039 3518 2107 φυτοῦ,
3540 2038 3730 2093 καὶτῶν

2193 2123 2406 2177 πολλῶν
2427 2124 2770 2195 ἀτιμοτέρου.
2797 2125 2907 2181 Kal
2937 2124 3139 2195 θάμνος
3170 2126 3338 2195 βάτου
3360 2127 3438 2198 τῷ
3458 2129 3662 2182 Μωῦσεί
3682 2128 3738 2179 τὸ.

2194 2215 2482 2287 θεοφάνεια
2495 2216 2661 2284 ἔδειξε
2679 2234 2692 2249 ·
2712 2218 2807 2272 καὶ
2822 2216 2915 2271 τοῦ
2944 2216 3250 2271 Ἐλισσαίου
3265 2218 3335 2271 τὰ
3345 2218 3563 2288 λείψανα
3575 2216 3733 2287 νεκρὸν

2193 2307 2478 2374 ἀνέστησε·
2517 2306 2611 2359 καὶ
2635 2305 2804 2376 πηλὸς
2824 2305 2916 2359 τὸν
2941 2307 3138 2377 τυφλὸν
3166 2306 3260 2360 τὸν
3306 2310 3369 2361 ἐκ
3408 2307 3600 2370 κοιλίας
3616 2305 3734 2376 ἐφὼο

2192 2413 2333 2452 τισε.
2367 2398 2476 2451 Kal
2509 2398 2679 2452 ταῦτα
2717 2398 2895 2451 πάντα
2928 2397 3050 2452 ὕλαι
3082 2399 3421 2471 τυγχάνοντα
3460 2398 3637 2468 ἄψυχοι
3659 2397 3731 2449 καὶ

2192 2491 2507 2562 ἀναίσθητοι
2532 2494 2646 2556 τοῖς
2680 2490 2936 2563 μεγάλοις
2966 2490 3241 2561 θαύμασιν
3264 2492 3625 2563 ἐμεσίτευσαν,
3651 2487 3727 2557 τὴν

2191 2580 2286 2634 τοῦ
2304 2581 2439 2634 Θεοῦ
2461 2581 2731 2654 δεξάμενα
2750 2582 2998 2654 δύναμιν.
3030 2584 3187 2636 Κατὰ
3217 2581 3277 2636 δέ
3305 2582 3403 2652 τὴν
3429 2580 3604 2651 ὁμοίαν
3628 2579 3728 2631 ἀκο-

2192 2671 2412 2726 λουθίαν
2432 2671 2539 2726 τῶν
2558 2670 2851 2742 λογισμῶν,
2876 2671 2968 2724 καὶ
2994 2671 3055 2724 τὸ
3084 2669 3230 2740 ὕδωρ
3257 2669 3408 2723 οὐδὲν
3433 2667 3553 2723 ἄλλο
3570 2663 3730 2733 rumi-

2193 2783 2283 2820 vov
2306 2765 2339 2837 ἢ
2371 2765 2534 2835 ὕδωρ,
2558 2763 2895 2828 ἀνακαινίζει
2913 2763 3006 2817 τὸν
3044 2762 3336 2835 ἄνθρωπον
3358 2762 3436 2824 είς
3453 2758 3545 2830 τὴν
3569 2753 3728 2825 νοητὴν

2192 2859 2579 2928 ἀναγέννησιν,
2624 2857 2725 2928 τῆς
2752 2856 2957 2911 ἄνωθεν
2998 2856 3217 2927 χάριτος
3260 2854 3574 2924 εὐλογούσης
3608 2848 3725 2905 αὐτό.

2206 2951 2334 3004 Ἐάν
2355 2951 2412 3004 δέ
2438 2966 2529 3020 μοι
2557 2948 2719 3002 πάλιν
2743 2947 3006 3013 διστάζων
3025 2965 3108 3012 τις
3132 2948 3230 3002 καὶ
3257 2945 3597 3018 ἀμφιϐάλλων
3619 2939 3727 3011 πρᾶο

2117 3078 2165 3141 c
2194 3058 2382 3112 γματα
2413 3038 2660 3111 παρέχῃ,
2692 3037 2928 3108 συνεχῶς
2959 3028 3177 3108 ἐρωτῶν
3218 3038 3315 3092 καὶ
3345 3029 3725 3141 διαπυνθανόμεο

2196 3150 2287 3197 νος
2306 3173 2320 3197 ,
2360 3132 2479 3195 πῶς
2508 3130 2652 3201 ὓδωρ
2677 3131 2949 3201 ἁναγεννᾷ
2971 3130 3066 3187 καὶ
3095 3131 3128 3201 ἡ
3157 3132 3246 3184 ἐπ’
3269 3130 3458 3200 ἐκείνῳ
3479 3124 3725 3193 τελουμένη

2199 3224 2576 3298 μυσταγωγία,
2624 3223 2763 3288 λέξω
2801 3222 2937 3293 πρὸς
2980 3222 3141 3275 αὐτὸν
3168 3222 3513 3277 δικαιότατα·
3561 3214 3725 3285 Στῆσόν

2198 3335 2287 3388 μοι
2315 3315 2405 3369 τὸν
2425 3315 2627 3386 τρόπον
2646 3315 2744 3386 τῆς
2766 3314 3068 3384 γεννήσεως
3085 3314 3183 3383 τῆς
3215 3314 3356 3368 κατὰ
3388 3312 3553 3384 σάρκα
3568 3326 3581 3341 ·
3605 3302 3723 3372 κάγώ

2197 3425 2279 3462 σοι
2303 3407 2633 3477 διηγήσομαι
2662 3406 2760 3476 τῆς
2805 3403 2948 3459 κατὰ
2995 3402 3173 3475 ψυχὴν
3211 3400 3609 3473 παλιγγενεσίας
3649 3394 3723 3463 τὴν

2193 3499 2442 3569 δύναμιν.
2508 3495 2686 3567 Ἐρεῖς
2738 3495 2924 3566 τυχὸν,
2973 3494 3049 3559 ὣς
3085 3513 3209 3549 τινα
3266 3495 3418 3564 λόγον
3468 3484 3720 3546 ἀποδιδούς’

2196 3590 2517 3662 Σπέρματος
2542 3587 2693 3641 αίτία
2725 3588 2872 3639 ποιεῖ
2897 3585 2989 3639 τὸν
3017 3586 3330 3659 ἄνθρωπον.
3360 3583 3614 3639 Αὐτάκουε
3639 3573 3724 3627 τοί-

2194 3695 2289 3730 νυν
2318 3677 2412 3728 καὶ
2437 3674 2567 3746 παρ’
2599 3670 2780 3745 ἡμῶν,
2813 3673 2888 3736 ὡς
2924 3671 3066 3744 ὕδωρ
3096 3671 3482 3744 εύλογούμενον
3521 3663 3722 3732 καθαίρει

2194 3770 2290 3824 καὶ
2329 3766 2551 3838 φωτίζει
2590 3766 2683 3819 τὸν
2725 3764 3032 3836 ἄνθρωπον.
3069 3766 3166 3818 “Av
3213 3764 3272 3819 δέ
3317 3781 3406 3834 μοι
3450 3761 3594 3815 πάλιν
3620 3754 3720 3809 ἁνυ-

2196 3861 2543 3932 υποκρούσῃς
2571 3857 2652 3921 τὸ,
2688 3857 2841 3921 πῶς.;
2874 3856 3266 3928 ἀντιϐοήσομαί
3290 3873 3370 3910 σοι
3395 3850 3715 3924 σφοδρότερον

2195 3951 2319 4016 Πῶς
2347 3953 2381 4022 ἡ
2418 3948 2563 4021 ὑγρὰ
2589 3949 2684 4003 καὶ
2709 3949 2955 4021 ἄμορφος
2983 3946 3170 4009 οὐσία,
3207 3946 3490 4018 ἄνθρωπος
3519 3938 3718 4009 vivam;

2193 4044 2304 4099 Kal
2337 4041 2479 4096 κατὰ
2505 4041 2687 4111 πάσης
2712 4040 2813 4112 τῆς
2835 4038 3066 4100 κτίσεως
3094 4036 3271 4100 οὔτως
3294 4037 3322 4089 ὁ
3356 4035 3503 4103 λόγος
3532 4022 3717 4099 προσαί-

2193 4150 2299 4189 νων
2330 4135 2416 4202 ἐφ’
2443 4132 2658 4202 ἐκάστῳ
2710 4129 2996 4203 πράγματι
3024 4127 3493 4198 γυμνασθήσεταισ
3525 4118 3625 4179 πῶς
3648 4113 3718 4166 οὗ·

2197 4225 2390 4299 ρανόςς
2419 4223 2536 4287 πῶς
2560 4223 2632 4295 γῆ
2655 4238 2671 4289 ;
2701 4221 2818 4285 πῶς
2845 4220 3089 4274 Θάλασσα
3112 4236 3127 4285 ;
3160 4218 3280 4283 πῶς
3308 4216 3376 4274 τὰ
3402 4211 3714 4305 καθέκαστοῇ

2194 4315 2480 4388 Πανταχοῦ
2519 4314 2629 4386 γὰρ
2669 4316 2698 4368 ὁ
2738 4311 2995 4383 λογισμὸς
3045 4312 3155 4365 τῶν
3203 4309 3498 4384 ἀνθρώπων
3538 4305 3716 4388 ampth

506 4414 706 4455 rursus
746 4411 939 4455 contra
970 4403 1260 4473 subjicias,
1293 4405 1614 4474 quomodo?
1657 4406 1918 4462 Clamabo
1954 4422 2087 4463 con-

2195 4412 2329 4484 πρὸς
2355 4386 2453 4479 την
2481 4407 2717 4479 εὕρεσιν,
2749 4404 2885 4479 πρὸς
2920 4402 3124 4475 ταύτην
3148 4401 3474 4472 καταφεύγει
3498 4394 3585 4484 τὴν
3616 4386 3715 4442 συλ·

508 4497 593 4541 tra
618 4497 670 4543 te
688 4490 1085 4555 vehementius,
1107 4495 1384 4562 quomodo
1407 4495 1627 4550 humida
1647 4504 1813 4567 atque
1835 4497 2087 4555 informis

509 4588 708 4633 natura
740 4582 902 4634 homo
937 4581 1036 4635 lit?
1074 4583 1252 4654 Atque
1280 4584 1347 4640 de
1379 4587 1529 4643 omni
1560 4598 1810 4643 creatura
1843 4589 1919 4643 ita
1955 4604 2086 4645 ora-

509 4673 585 4727 tio
608 4672 987 4742 progrediens,
1035 4675 1089 4728 in
1134 4691 1460 4747 unaquaque
1503 4695 1564 4734 re
1597 4680 1963 4749 exercebitur,
1992 4683 2084 4752 qui

509 4763 755 4840 canum?
793 4763 885 4831 qui
911 4764 1199 4835 terra?qui
1251 4770 1437 4821 mare?
1490 4769 1585 4838 qui
1628 4785 1718 4825 res
1747 4771 2089 4841 singulares?

512 4854 724 4924 Ubique
755 4856 899 4908 enim
936 4856 1078 4909 ratio
1117 4856 1398 4912 hominum
1450 4860 1518 4913 ad
1557 4859 1925 4917 inventionem
1967 4879 2094 4933 per-

506 4947 665 5015 plexa
695 4944 954 5000 haesitans
999 4945 1066 4998 ad
1106 4945 1247 4999 hanc
1285 4947 1546 5018 syllabam
1597 4949 1865 5021 confugit,
1922 4953 2084 5007 sicuti

507 5035 574 5089 ad
603 5036 812 5101 sellam,
842 5035 935 5106 qui
979 5035 1187 5106 ingredi
1210 5044 1267 5092 et
1292 5039 1575 5095 ambulare
1608 5055 1717 5095 non
1740 5051 1992 5112 possunt.
2023 5044 2087 5099 Et

506 5133 568 5178 ut
608 5140 726 5180 rem
780 5126 973 5195 paucis
1005 5127 1309 5191 absolvam,
1346 5129 1550 5200 ubique
1577 5131 1762 5187 divina
1796 5134 1876 5189 vis
1904 5142 1958 5189 et
1979 5136 2086 5191 elli-

507 5218 713 5272 cacitas
743 5217 1321 5288 incomprehensibilis
1341 5230 1446 5283 est,
1467 5223 1724 5294 nullaque
1743 5227 1825 5281 vel
1851 5228 2085 5294 ratione,

507 5306 592 5359 vel
624 5314 740 5361 arte
769 5321 834 5361 ex
848 5308 1052 5377 plorari
1084 5318 1284 5379 potest,
1309 5325 1505 5368 creaus
1527 5314 1744 5383 quidem
1776 5327 1937 5385 atque
1966 5332 2090 5387 pro-

508 5394 717 5452 ducens
738 5396 894 5453 facile
931 5415 1276 5471 quaecunque
1312 5403 1452 5468 vult,
1512 5405 1769 5462 subtilem
1830 5422 1958 5463 vero
1995 5423 2088 5462 co-

507 5484 803 5552 gnitionem
826 5490 1127 5547 efﬁcientia:
1166 5508 1266 5548 nos
1297 5496 1502 5551 celans.
1544 5497 1725 5562 Quare
1762 5498 1925 5552 etiam
1954 5498 2083 5554 bea-

2190 4482 2385 4572 λαϐὴν,
2419 4498 2495 4562 ὡς
2532 4497 2666 4567 πρὸς
2706 4494 2973 4565 καθέδραν
3012 4495 3062 4547 οί
3110 4493 3190 4563 τῷ
3219 4492 3450 4564 βαδίζειν
3488 4482 3712 4572 ἀδύνατοι.

2191 4592 2303 4648 Kal
2322 4571 2412 4645 ἵνα
2436 4585 2669 4641 συνελὼν
2702 4586 2861 4648 εἴπω,
2892 4582 3164 4654 πανταχοῦ
3191 4584 3225 4654 ἠ
3257 4582 3350 4635 τοῦ
3378 4574 3504 4633 Θεοῦ
3529 4571 3713 4636 δύναμις

2193 4683 2290 4738 xal
2326 4679 2580 4751 ἐνέργεια
2624 4676 3009 4745 ἀκατάληπτός
3045 4677 3162 4728 ἐστι
3192 4674 3286 4728 καὶ
3317 4665 3710 4741 ἀτεχνολόγητος”

2193 4774 2475 4847 ὐφιστῶσα
2508 4771 2609 4842 μὲν
2660 4770 2895 4832 εὐκόλως
2930 4769 3071 4840 ἆπερ
3118 4769 3185 4823 ἃν
3218 4767 3372 4838 ἐθέλῃ
3396 4807 3411 4831 ,
3448 4764 3536 4833 τὴν
3567 4758 3615 4812 δὲ
3644 4752 3711 4847 is:

2191 4838 2438 4937 πτομερῆ
2468 4838 2667 4932 γνῶσιν
2689 4863 2786 4931 τῆς
2816 4838 3097 4930 ἐνεργείας
3118 4860 3246 4930 ἡμῖν
3267 4851 3620 4948 ἀποκρύψασα.
3641 4838 3710 4948 Διέ

2193 4929 2344 5012 καλό
2373 4929 2657 5026 ’μακάριος
2689 4929 2855 5004 Δαόὶδ
2875 4991 2886 5013 ,
2912 4929 3222 5020 ἐπιστήσας
3255 4947 3379 5001 ποτέ
3405 4944 3492 4997 τὸν
3522 4937 3630 5026 νοῦν
3658 4929 3708 4997 τῇ

2196 5023 2645 5120 μεγαλόπρεπείςι
2675 5041 2775 5111 τῆς
2808 5040 3073 5107 κτίσεως,
3102 5041 3196 5112 καὶ
3234 5036 3499 5108 θαύματος
3540 5023 3708 5120 aucte?»

2192 5108 2503 5209 πληρωθεὶς
2532 5108 2631 5204 τὴν
2655 5108 2856 5204 φυγὴν,
2901 5131 3080 5184 ἐκεῖνο
3111 5108 3173 5184 τὸ
3210 5127 3360 5201 παρὰ
3384 5125 3584 5179 πάντων

2192 5246 2354 5301 μενον
2375 5223 2752 5295 ἀπεφθέγξατο
2768 5239 2781 5253 ο
2825 5224 2918 5289 Ὠς
2948 5223 3317 5293 ὲμεγτιλύνθη
3350 5218 3415 5273 τὰ
3441 5217 3570 5285 ἔργα
3595 5218 3703 5301 σοι),

2189 5292 2408 5389 Κύριε]
2450 5292 2649 5373 πάντα
2689 5315 2759 5368 ἐν
2783 5314 2970 5383 σοφίᾳ
3011 5292 3323 5382 ἐποίησας.
3360 5308 3463 5379 Τὴν
3509 5302 3595 5374 μὲν
3622 5292 3707 5389 γᾴρ

2190 5382 2378 5475 σοφίαν
2432 5406 2682 5475 ἐνενόησε
2704 5419 2719 5434 ·
2761 5382 2871 5472 τὴν
2906 5401 2960 5454 δὲ
3018 5401 3212 5473 τέχνην
3266 5400 3363 5471 τῆς
3417 5394 3584 5463 σοφίας
3629 5382 3705 5450 οὐχ

2189 5493 2365 5570 εὗρεν.

509 5582 602 5626 tus
642 5574 806 5631 David
829 5595 953 5634 cum
985 5583 1281 5650 aliquando
1310 5588 1553 5641 animum
1578 5596 1633 5643 et
1654 5597 1893 5644 mentem
1918 5590 2262 5648 adhibuisset
2322 5590 2389 5644 ad
2422 5585 2880 5658 magniﬁcentiam
2950 5591 3235 5648 creaturae,
3298 5576 3553 5645 animique
3608 5573 3704 5635 νοτ·

582 5674 795 5768 {xlvii
836 5714 907 5758 tv,
940 5699 1117 5768 esqq.

504 5754 556 5788 ³³
590 5752 654 5810 ιγ
690 5758 801 5831 licg
853 5752 968 5833 χιιι,
1001 5752 1092 5821 ἓίί

1227 5702 1441 5762 “Exod.
1464 5721 1557 5774 vn,
1584 5705 1671 5760 l7.
1749 5706 1770 5739 '
1814 5705 1983 5763 Exod.
2030 5722 2146 5773 vut,
2177 5708 2230 5762 6.

2342 5709 2364 5739 ⁸
2404 5707 2577 5762 Exod.
2612 5719 2735 5766 xiv,
2775 5700 2846 5756 20
2901 5716 3020 5772 sqq.
3134 5704 3156 5734 ⁹
3206 5700 3369 5756 Exod.
3408 5708 3499 5757 ιιι,
3534 5684 3564 5740 2
3603 5687 3700 5746 59'1-
