3882 6422
221 299 321 364 585

221 420 472 492 plexitate
509 417 580 471 ob
612 415 989 472 inscrutabilia
1018 416 1282 470 miracula
1341 415 1582 484 repletus
1651 417 1820 475 esset,

1410 295 1475 350 IN
1519 289 1914 348 BAPTISMUM
1964 289 2241 345 CHRISTI

3362 286 3466 343 586

1899 408 2035 462 illud
2077 407 2223 478 quod
2277 405 2347 461 ab
2393 405 2650 464 omnibus
2701 405 2918 464 canitur
2971 406 3211 463 notabile
3260 406 3466 463 dictum

220 491 626 582 pronuntiavit:
671 509 886 574 Quanta
943 507 1344 580 magniﬁcentia
1396 507 1627 575 perfecta
1675 511 1800 557 sunt
1838 517 1995 570 opera
2027 513 2141 566 tua,
2207 500 2479 554 Domine!
2509 491 2688 554 omnia
2731 517 2850 555 cum
2889 501 3150 569 sapientia
3187 501 3362 570 fecisti
3400 502 3464 552 ".

220 605 345 659 Nam
376 604 699 674 sapientiam
745 603 969 674 quidem
1021 605 1208 658 animo
1262 603 1537 672 concepit,
1599 609 1776 654 artem
1814 613 1946 653 vero
1975 597 2258 667 sapientiae
2287 611 2393 650 non
2421 595 2650 649 invenit.

281 697 682 760 Καταλιπόντες
707 697 886 749 τοίνυν
917 697 980 749 τὸ
1009 698 1149 769 ὑπὲρ
1177 697 1406 766 δύναμιν
1434 692 1783 766 άνθρωπικὴν

1960 689 2286 744 Omittentes
2341 689 2506 758 igitur
2567 686 2844 757 inquirere
2904 696 3069 757 atque
3107 685 3340 741 scrutari
3403 699 3468 738 ea

218 786 698 858 πολυπραγμονεῖν,
745 789 917 840 ἐκεῖνο
969 788 1170 858 μᾶλλον
1221 788 1562 858 ζητήσωμεν,
1612 783 1642 836 ὃ
1689 782 1783 834 καὶ

177 903 196 914 -
224 879 445 949 μερικὴν
462 878 749 945 ὑποφαίνει
771 877 1094 948 κατάληψιν·
1117 879 1272 941 Τίνος
1293 877 1477 930 ἕνεκεν
1497 877 1565 928 δι’
1588 875 1783 937 ὓδατος

216 970 573 1041 ήκάθαρσις;
614 971 708 1022 καὶ
751 971 885 1040 πρὸς
931 971 1092 1024 ποίαν
1117 969 1309 1041 χρείαν
1347 971 1400 1022 αἱ
1431 971 1580 1039 τρεῖς
1613 985 1783 1020 κατα-

217 1061 384 1123 δύσεις
428 1060 978 1131 παραλαμϐάνονται;
1023 1063 1088 1114 '0
1116 1060 1296 1114 τοίνυν
1338 1061 1431 1113 καὶ
1457 1061 1505 1112 οἱ
1540 1059 1784 1129 Πατέρες

185 1179 189 1182 -
219 1149 470 1214 ἐδίδαξαν,
495 1149 591 1202 καὶ
626 1152 655 1201 ὁ
687 1150 953 1220 ἡμέτερος
986 1149 1110 1215 νοῦς
1143 1149 1521 1218 συντιθέμενος
1559 1148 1782 1201 κατεδέ-

220 1239 356 1302 ξατο,
385 1240 543 1292 τοῦτο
572 1241 848 1310 τυγχάνειο
880 1241 1134 1312 Τέσσαρα
1157 1244 1395 1312 στοιχεῖα
1421 1241 1779 1312 γνωρίζομεν,

219 1332 300 1401 ἀφ’
331 1325 403 1383 ὧν
441 1331 469 1383 ὁ
515 1332 717 1401 κόσμος
752 1331 865 1401 εχει
891 1333 988 1404 τὴν
1017 1333 1296 1398 σύστασιν,
1325 1333 1578 1404 γνώριμα
1623 1336 1779 1399 πᾶσι,

219 1423 311 1479 κᾶν
338 1423 586 1493 σιωπηθῇ
632 1423 700 1476 τὰ
741 1425 1000 1493 ὀνόματα.
1040 1425 1102 1477 Εί
1151 1425 1207 1477 δὲ
1235 1425 1480 1495 προσῆκε
1502 1466 1517 1490 ,
1545 1425 1635 1478 διὰ
1655 1427 1783 1490 τοὺς

217 1514 626 1584 ἁπλουστέρους,
660 1515 755 1568 καὶ¹
783 1516 879 1577 τὰς
910 1517 1277 1587 προσηγορίας
1317 1519 1510 1570 εἰπεῖν·
1544 1518 1656 1589 πῦρ
1688 1519 1784 1573 καὶ

216 1605 330 1675 ἀὴρ,
362 1605 430 1674 γῆ
461 1606 557 1657 καὶ
589 1605 750 1675 ὕδωρ.
788 1605 845 1657 '0
874 1606 1051 1659 τοίνυν
1079 1607 1210 1670 Θεὸς
1239 1607 1396 1677 ἡμῶν
1431 1609 1522 1660 καὶ
1551 1608 1741 1681 Σωτὴρ
1763 1650 1779 1674 ,

215 1697 302 1764 τὴν
335 1697 472 1766 ὑπὲρ
495 1695 654 1765 ἡμῶν
679 1697 989 1768 οίκονομίαν
1018 1697 1262 1768 πληρῶν,
1291 1699 1352 1751 τὸ
1380 1699 1638 1771 τέταρτον
1666 1701 1783 1755 τού-

215 1805 310 1840 των
339 1787 546 1857 ὑπῆλθε
577 1787 676 1858 τὴν
713 1789 837 1858 γῆν,
872 1789 938 1841 ἶν’
970 1790 1178 1843 ἐκεῖθεν
1207 1790 1304 1860 τὴν
1335 1790 1477 1862 ζωὴν
1505 1793 1781 1865 ἀνατείλῃ.

227 1877 401 1945 Ἡμεῖς
425 1877 482 1930 δὲ
525 1877 584 1930 τὸ
613 1877 893 1948 βάπτισμα
927 1881 1465 1952 παραλαμϐάνοντες,
1499 1884 1579 1946 είς
1610 1885 1782 1956 μίμη-

215 1987 289 2022 σιν
311 1970 400 2023 τοῦ
419 1970 624 2040 Κυρίου
645 1973 736 2023 καὶ
753 1972 1073 2026 διδασκάλου
1096 1974 1188 2028 καὶ
1209 1974 1580 2044 καθηγεμὸνος
1602 1978 1779 2046 ἡμῶν,

213 2063 283 2123 εἰς
302 2061 399 2129 γῆν
428 2061 534 2129 μὲν
553 2063 613 2114 οὺ
643 2061 959 2133 θαπτόμεθα
977 2064 994 2135 (
1014 2063 1150 2134 αὕτη
1174 2065 1282 2134 γὰρ
1302 2064 1396 2118 τοῦ
1423 2067 1782 2136 νεκρωοέντος

215 2153 473 2215 παντελῶς
513 2153 761 2224 σώματος
783 2155 988 2222 γίνεται
1016 2158 1214 2228 σκέπη,
1243 2157 1341 2229 τὴν
1374 2158 1656 2213 ἀσθένειαν
1691 2161 1782 2213 καὶ

213 2244 399 2314 φθορὰν
425 2248 531 2316 τῆς
570 2245 782 2314 φύσεως
809 2248 964 2318 ήμῶν
992 2249 1444 2320 περιστέλλουσα)
1471 2280 1487 2315 ,
1519 2251 1609 2303 ἐπὶ
1638 2250 1693 2303 δὲ
1722 2250 1784 2304 τὸ

213 2336 454 2402 συγγενὲς
470 2339 579 2406 τῆς
596 2339 697 2407 γῆς
721 2342 1068 2408 στοιχεῖον,τδ
1093 2340 1570 2412 ὖδωρ,ὲρχόμενοι,
1591 2343 1783 2412 ἐκείνῳ

212 2427 418 2489 ἑαυτοὺς
448 2427 858 2499 ἐγκρύπτομεν,
893 2431 968 2494 ὡς
989 2434 1018 2484 ὁ
1041 2433 1230 2503 Σωτὴρ
1253 2436 1320 2504 τῇ
1345 2436 1414 2504 γῇ
1434 2451 1446 2463 ’
1482 2434 1576 2486 καὶ
1598 2435 1782 2504 τρίτον

211 2519 351 2571 τοῦτο
384 2521 750 2590 ποιήσαντες,
806 2521 904 2592 τὴν
934 2524 1234 2594 τριήμερον
1268 2526 1476 2587 ἑαυτοῖς
1510 2525 1607 2595 τῆς
1653 2527 1782 2578 ἀνα-

214 2611 434 2674 στάσεως
462 2612 634 2682 χάριν
661 2611 1075 2683 ἐξεικονίξομεν-
1112 2615 1206 2666 καὶ
1234 2613 1406 2668 ταῦτα
1435 2615 1694 2684 ποιοῦμεν
1720 2615 1779 2667 οὐ

213 2705 372 2772 σιωπῇ
425 2702 956 2772 παραλαμϐάνοντες
1006 2704 1065 2757 τὸ
1119 2705 1439 2776 μυστήριον,
1486 2705 1620 2758 ἀλλὰ
1671 2705 1781 2758 τῶν

211 2797 360 2866 τριῶν
385 2799 570 2866 ἁγίων
615 2798 964 2852 ὑποστάσεων
994 2800 1394 2870 ἐπιλεγομένων
1427 2803 1578 2870 ἡμῖν,
1611 2802 1688 2864 είς
1714 2799 1782 2865 ἃς

211 2889 628 2959 ἐπιστεύσαμεν,
679 2891 764 2960 ἐφ’
808 2887 893 2955 αἷς
941 2894 1030 2945 καὶ
1077 2894 1389 2964 ἐλπίζομεν,
1442 2894 1500 2961 ἐξ
1542 2889 1617 2948 ὧν
1651 2896 1784 2966 ἡμῖν

210 2982 292 3033 καὶ
324 2983 381 3035 τὸ
408 2983 518 3035 νῦν.)
557 2979 718 3048 εἶναι,
749 2985 843 3038 καὶ
876 2985 937 3038 τὸ
972 2987 1131 3039 πάλιν
1161 2985 1378 3039 ἔσεσθαι
1421 2987 1780 3057 περιγίνεται.

208 3074 342 3143 Τάχα
378 3074 764 3146 δυσχεραίνεις
794 3077 822 3129 ὁ
865 3077 998 3148 πρὸς
1031 3079 1130 3148 τὴν
1159 3077 1314 3142 δόξαν
1343 3077 1438 3131 τοῦ
1471 3079 1785 3150 Πνεύματος

211 3165 477 3237 τολμηρῶς
533 3167 860 3238 μαχόμενος,
887 3169 982 3222 καὶ
1015 3169 1335 3240 ζηλοτυπεῖς
1361 3169 1452 3223 τὸν
1489 3171 1782 3242 Παράκλη-

215 3274 296 3310 τον
324 3259 414 3311 τοῦ
449 3259 796 3330 σεδάσματος
816 3300 830 3323 ,
878 3252 922 3328 ᾦ
957 3260 1109 3332 παρὰ
1136 3261 1246 3315 τῶν
1274 3261 1514 3315 εὐσεϐῶν
1544 3253 1780 3317 σέϐεται.

218 3347 530 3402 Καταλιπὼν
562 3349 618 3401 δὲ
645 3349 768 3420 ἐμοὶ
787 3351 1214 3421 συμπλέκεσθαι,
1242 3351 1522 3421 ἀντίστηοι
1549 3354 1668 3416 ταῖς
1689 3353 1782 3406 τοῦ

218 3439 402 3510 Κυρίου
428 3444 657 3512 φωναῖς,
691 3444 739 3494 εί
768 3443 1012 3508 δύνασαι,
1045 3443 1100 3496 αἳ
1125 3444 1224 3514 τὴν
1251 3444 1538 3514 ἐπίκλησιν
1565 3444 1661 3496 τοῦ
1691 3444 1788 3514 βα-

218 3531 502 3600 πτίσματος
538 3535 656 3594 τοῖς
687 3523 995 3603 ἀνθρώποις
1022 3532 1442 3603 ἐνομοθέτησαν.
1479 3534 1542 3586 Τί
1568 3534 1625 3589 δέ
1656 3551 1788 3604 φησι

217 3620 269 3673 τὸ
295 3623 383 3675 τοῦ
411 3623 686 3676 Δεσπότου
720 3624 1087 3695 παράγγελμα
1110 3641 1124 3690 ;
1148 3615 1542 3693 Βαπτίξοντες
1567 3628 1790 3694 αὐτοὺς

214 3715 289 3778 εις
315 3716 374 3767 τὸ
406 3715 602 3785 ὄνομα
637 3716 742 3770 τοῦ
785 3718 1016 3792 Harpth
1056 3710 1157 3771 καί
1193 3717 1303 3772 τοῦ
1344 3719 1482 3773 Υίοῦ
1533 3719 1632 3773 καί
1682 3719 1789 3773 τοῦ

216 3807 372 3874 ἁγίου
409 3809 778 3876 Πνεύματος.
817 3807 941 3873 Πῶς
980 3806 1060 3874 είς
1099 3799 1160 3863 τὸ
1201 3809 1372 3881 ὄνομα
1403 3810 1498 3864 τοῦ
1541 3811 1787 3882 Πατρός;

227 3897 428 3969 Ἐπειδὴ
457 3899 605 3971 ἀρχὴ
630 3899 738 3952 τῶν
763 3900 998 3954 πάντων.
1029 3887 1153 3964 Πῶς
1181 3903 1263 3965 είς
1289 3889 1380 3954 τδν
1403 3901 1532 3955 Υίόν
1553 3919 1566 3966 ;
1600 3902 1788 3973 ἐπειδὴ

214 3987 525 4060 δημιουργὸς
589 3992 687 4062 τῆς
731 3993 980 4052 κτίσεως.
1037 3981 1158 4056 Πῶς
1197 3995 1276 4057 είς
1331 3993 1394 4047 τὸ
1445 3980 1670 4064 Πνεῦμα
1724 3984 1786 4048 τὸ

215 4080 385 4148 ἆγιονς
420 4082 640 4154 Ἐπειδὴ
671 4084 1010 4137 τελειωτικὺν
1036 4086 1142 4139 τῶν
1172 4087 1407 4140 πάντων.
1457 4076 1789 4140 Ύποκύπτο-

217 4189 307 4240 μεν
347 4172 436 4228 οὖν
476 4175 557 4246 τῷ
600 4177 808 4247 Πατρὶ,
839 4178 925 4230 ἵνα
975 4179 1348 4248 ἁγιασθῶμενο
1397 4166 1786 4248 ὗποκῦπτομεν

213 4265 298 4317 καὶ
325 4266 454 4336 rio,
493 4268 585 4320 ἵνα
621 4269 754 4322 αὐτὸ
784 4270 940 4323 τοῦτο
968 4270 1190 4340 γένηται
1218 4288 1230 4300 ·
1280 4269 1666 4339 ὑποκύπτομεν
1692 4272 1786 4324 καὶ

213 4355 340 4427 ἁγίῳ
388 4359 668 4429 Πνεύματι
689 4400 704 4422 ,
734 4361 820 4413 ἵνα
869 4361 1026 4413 τοῦτο
1069 4361 1354 4430 γενώμεθα
1384 4361 1518 4433 ὅπερ
1547 4363 1662 4413 ἐστὶ
1691 4361 1784 4414 καὶ

213 4445 434 4516 λέγεται.
468 4454 584 4505 Οὐκ
629 4452 742 4506 ἐστι
775 4454 868 4506 τοῦ
909 4453 1182 4525 ἁγιασμοῦ
1229 4454 1480 4524 διαφορὰ,
1516 4454 1591 4517 ὡς
1623 4453 1784 4507 πλέον

211 4539 295 4592 τοῦ
321 4543 530 4614 Πατρδς
557 4544 873 4612 άγιάζονεος
892 4587 906 4608 ,
939 4546 1158 4600 ἔλαττον
1202 4547 1258 4598 δὲ
1299 4546 1392 4599 τοῦ
1419 4545 1546 4598 Υἱοῦ
1570 4589 1583 4611 ,
1621 4542 1783 4619 ἦττον

210 4628 259 4682 δὲ
287 4633 390 4684 τῶν
409 4634 504 4687 δύο
531 4635 626 4688 τοῦ
650 4636 804 4704 ἁγίου
834 4637 1169 4706 Πνεύματος.
1199 4639 1296 4691 Διὰ
1323 4638 1376 4691 τί
1402 4634 1492 4692 οὖν
1513 4637 1610 4702 τὰς
1637 4641 1782 4709 τρεῖς

1888 795 2010 850 quae
2036 779 2182 834 vires
2227 787 2490 848 superant
2529 777 2829 843 humanas,
2865 777 2995 830 illud
3023 776 3206 845 potius
3255 790 3468 844 quiera-

1886 886 2031 934 mus,
2065 871 2214 942 quod
2282 867 2873 942 etiamparticularetn
2925 867 3164 923 ostendit
3215 881 3465 936 compre-

1885 962 2229 1028 hensionem,
2266 962 2426 1032 cujus
2478 961 2556 1015 rei
2586 961 2764 1032 gratia
2801 976 2897 1030 per
2949 975 3146 1030 aquam
3214 960 3468 1030 purgatio

1885 1056 1978 1110 ﬁat
2006 1056 2108 1111 iet
2139 1070 2240 1110 cur
2263 1065 2434 1110 terna:
2465 1054 2848 1109 immersiones
2878 1054 3286 1108 adhibeantur?
3309 1051 3468 1118 Quod

1881 1147 2048 1216 igitur
2087 1153 2142 1201 et
2175 1146 2364 1202 Patres
2397 1145 2730 1209 docuerunt,
2759 1155 2812 1200 et
2840 1155 3031 1201 noStra
3064 1159 3220 1200 mens
3278 1160 3471 1201 assen-

1883 1253 2004 1294 sum
2056 1235 2304 1307 pmbens
2343 1237 2578 1306 accepit,
2622 1236 2726 1290 hoc
2765 1243 2849 1292 est
2876 1253 2890 1288 :
2921 1235 3173 1301 Quatuor
3197 1235 3469 1290 elementa

1883 1337 2012 1385 nota
2043 1330 2324 1393 habemus,
2353 1344 2422 1383 ex
2451 1329 2652 1399 quibus
2695 1328 2933 1383 mundus
2962 1328 3298 1384 constitutus
3341 1337 3426 1382 est
3451 1344 3468 1380 :

1882 1437 2004 1493 qua:
2035 1421 2200 1476 etiam
2243 1423 2289 1475 si
2322 1421 2542 1475 nomina
2569 1420 2784 1476 silentio
2822 1428 3256 1490 praetereantur,
3292 1421 3472 1474 omni-

1884 1515 1987 1570 bus
2016 1522 2144 1569 nota
2184 1521 2334 1569 sunt.
2363 1511 2520 1578 Quod
2549 1511 2595 1568 si
2636 1519 2863 1582 propter
2893 1511 3262 1581 simpliciores
3303 1510 3467 1566 etiam

1883 1606 2104 1660 nomina
2155 1604 2433 1676 (eorum)
2494 1604 2656 1658 edere
2713 1603 2780 1656 ad
2847 1617 2960 1657 rem
3025 1604 3296 1673 pertinet:
3330 1603 3472 1673 ignis

1885 1698 2032 1768 (est)
2077 1706 2132 1751 et
2164 1711 2274 1760 aer,
2319 1704 2462 1750 terra
2510 1703 2565 1750 et
2626 1709 2789 1766 aqua;
2820 1689 2955 1750 Cum
3009 1695 3178 1765 igitur
3230 1695 3372 1750 Dens
3415 1705 3470 1749 et

1885 1797 2134 1844 servator
2195 1795 2380 1843 uoster
2416 1803 2514 1857 pro
2543 1788 2702 1842 nobis
2741 1795 3056 1856 susceptam
3113 1785 3470 1842 administra-

1885 1883 2087 1936 tionem
2144 1881 2444 1950 impleret,
2502 1895 2670 1933 umun
2728 1896 2795 1934 ex
2829 1879 2915 1934 his
2974 1887 3234 1948 quatuor,
3267 1886 3469 1933 terram

1887 1971 2401 2042 (scilicet)subiit,
2459 1980 2520 2024 ut
2573 1970 2724 2024 illinc
2792 1971 2957 2023 vitam
3015 1970 3302 2024 excitaret.
3359 1968 3471 2022 Nos

1888 2079 2018 2119 vero
2050 2063 2318 2133 baptisma
2351 2074 2702 2118 assumentes
2743 2062 2808 2116 ad
2856 2062 3217 2116 imitationem
3259 2061 3469 2116 Doniini

1888 2165 1942 2213 et
1969 2156 2212 2211 doctoris
2258 2165 2310 2210 et
2349 2156 2699 2226 praeceptoris
2719 2155 2894 2210 nostri
2922 2195 2938 2220 ,
2987 2154 3042 2208 in
3073 2163 3218 2208 terra
3249 2155 3470 2224 quidem

1889 2264 1998 2304 non
2024 2249 2323 2319 sepeliinur
2353 2248 2372 2319 (
2400 2248 2515 2302 hate
2573 2249 2718 2302 enim
2767 2247 3143 2302 inﬁrmitatem
3180 2254 3236 2302 et
3276 2262 3469 2300 eorru-

1891 2345 2150 2414 ptionenr
2208 2350 2420 2397 natura:
2441 2353 2644 2396 nosme
2686 2341 3010 2410 conperiens
3043 2348 3219 2395 morte
3254 2341 3474 2411 penitus

1891 2437 2153 2508 perempti
2208 2436 2461 2506 corporis
2499 2441 2876 2507 tegumentum
2931 2435 3225 2504 exsistit),
3262 2434 3358 2490 sed
3403 2435 3472 2488 ad

1890 2535 2050 2582 terrae
2085 2537 2377 2598 cognatum
2437 2527 2771 2581 elementum
2815 2540 3011 2596 aquam
3055 2524 3377 2589 venientes,
3418 2524 3472 2577 in

1891 2621 2004 2686 illa,
2059 2620 2221 2675 sicuti
2266 2619 2525 2675 Servatur
2579 2619 2632 2672 in
2670 2627 2816 2672 terra
2845 2660 2860 2681 ,
2895 2633 2994 2672 nos
3029 2617 3424 2672 abscondimus
3456 2657 3472 2679 ,

1889 2710 2056 2781 idque
2103 2725 2227 2766 eum
2277 2720 2358 2765 ter
2397 2711 2559 2766 simul
2627 2710 2858 2764 fecimus
2889 2750 2903 2773 ,
2945 2709 3130 2763 triduo
3195 2717 3474 2778 peractam

1891 2790 2052 2859 nobis
2082 2804 2504 2858 resurrectionis
2548 2802 2776 2872 gratiam
2814 2799 3119 2870 eﬁlngimns
3140 2840 3154 2862 ,
3181 2814 3357 2869 eaque
3394 2798 3474 2851 fa-

1891 2898 2090 2961 cimus,
2123 2912 2232 2952 non
2284 2895 2504 2951 silentio
2554 2893 2872 2966 mysterium
2930 2903 3317 2954 assumentes,
3378 2892 3472 2946 srd

1892 2990 2056 3045 trium
2091 2995 2408 3045 sanctarum
2441 2987 2830 3058 hypostaseon,
2859 2986 2912 3038 in
2945 2999 3084 3055 quas
3110 2984 3470 3045 credidimus,

1893 3081 2116 3151 inquas
2141 3080 2302 3135 etiam
2341 3091 2663 3148 speramus,
2710 3093 2774 3131 ex
2811 3076 3012 3146 quibus
3069 3073 3228 3128 nobis
3257 3073 3478 3126 contin-

1891 3175 1990 3244 git,
2020 3183 2077 3228 ut
2109 3178 2162 3228 et
2191 3186 2338 3226 nunc
2369 3170 2563 3235 simus,
2604 3179 2658 3224 et
2687 3184 2881 3224 rursus
2915 3167 3084 3221 futuri
3115 3166 3293 3221 simus
3320 3205 3334 3230 ,
3370 3179 3470 3219 no-

1892 3265 2135 3318 minibus
2187 3275 2354 3332 SUper
2409 3277 2508 3315 nos
2557 3259 2945 3331 pronuntiatis.
2982 3256 3240 3312 Forsitan
3301 3255 3475 3310 oll'cn-

1891 3357 2076 3422 deris,
2129 3357 2222 3426 qui
2263 3355 2529 3409 adversus
2565 3353 2795 3423 gloriam
2853 3350 3095 3421 Spiritus
3134 3348 3474 3404 conﬁdenter

1892 3459 2125 3515 pugnas,
2157 3453 2212 3500 et
2249 3445 2460 3500 invides
2489 3443 2770 3498 Paracleto
2805 3442 3236 3502 venerationem,
3261 3456 3368 3508 qua
3398 3441 3474 3510 pii

1891 3552 2014 3591 eum
2041 3545 2393 3592 venerantur.
2443 3535 2548 3592 Sed
2579 3537 2770 3591 omitte
2822 3549 3036 3589 mecum
3069 3532 3386 3603 conﬂigere,
3420 3542 3476 3585 et

1891 3635 2107 3700 Oppone
2132 3637 2204 3693 te,
2243 3629 2290 3684 si
2333 3638 2508 3699 potes,
2549 3628 2763 3682 Domini
2810 3626 3058 3689 vocibus,
3091 3640 3214 3695 quae
3252 3625 3474 3676 invoca-

1893 3721 2094 3775 tionem
2123 3726 2179 3775 et
2206 3718 2742 3789 cdgnominationem
2775 3715 3124 3785 baptismatis
3153 3712 3473 3780 hominibus

1889 3813 2337 3870 insdtueru‘nt“.
2375 3814 2440 3866 Et
2491 3825 2614 3881 qua:
2645 3817 2772 3864 sunt
2799 3807 2968 3862 verba
3024 3804 3292 3858 Dominici
3332 3818 3472 3873 pra:—

1890 3904 2076 3976 cepti?
2107 3904 2450 3975 Baptizanles
2500 3919 2588 3957 eos
2631 3903 2686 3956 in
2728 3916 2915 3956 nomen
2954 3897 3136 3952 Patris
3171 3906 3220 3950 et
3271 3893 3396 3947 Filii
3423 3904 3473 3948 et

1891 3999 2125 4068 Spiritus
2173 3997 2365 4052 amicti.
2411 3994 2698 4062 Quomodo
2728 3993 2784 4048 in
2843 4007 3043 4046 nomen
3077 3987 3306 4043 Patris?
3343 3987 3471 4054 quia

1891 4091 2216 4162 principium
2246 4099 2329 4144 est
2365 4089 2608 4143 omnium
2650 4099 2854 4141 rerum.
2883 4083 3000 4150 Qua
3045 4083 3260 4136 ratione
3296 4080 3350 4132 in
3383 4077 3472 4131 Fi-

1890 4181 2068 4235 lium?
2099 4181 2358 4252 quoniam
2414 4179 2672 4234 conditor
2723 4185 2991 4233 creatum
3031 4182 3135 4229 est.
3183 4170 3471 4237 Quomodo

1890 4271 1946 4325 in
1983 4270 2246 4339 Spiritum
2293 4269 2593 4325 sanctum?
2625 4267 2752 4337 quia
2811 4268 2918 4320 vim
2982 4264 3168 4318 omnia
3219 4259 3469 4314 absoluta

1890 4362 2149 4416 reddendi
2195 4362 2376 4416 habet.
2429 4360 2818 4414 Snbmiuinms
2870 4356 3038 4427 igitur
3074 4367 3173 4408 nos
3207 4350 3380 4411 Patri,
3413 4358 3471 4402 nt

1889 4453 2301 4510 sanctiﬁcemur
2326 4459 2342 4520 ξ
2369 4451 2747 4507 submittimus
2787 4451 2915 4504 item
2951 4462 3051 4501 nos
3083 4444 3244 4507 Filio,
3278 4454 3338 4496 ut
3370 4443 3472 4496 hoc

1887 4545 2067 4617 ipsum
2106 4544 2198 4598 ﬁat
2227 4562 2240 4611 ;
2273 4543 2648 4598 snbmittimus
2680 4557 2779 4596 nos
2820 4539 3051 4611 Spiritui
3105 4551 3324 4607 quoque
3349 4551 3475 4589 san-

1887 4647 1996 4698 cto,
2032 4646 2092 4690 ut
2143 4637 2195 4691 id
2242 4635 2540 4690 efficiamur
2574 4676 2589 4700 ,
2632 4635 2775 4704 quod
2809 4633 2975 4704 (ille)
3011 4640 3096 4686 est
3133 4645 3200 4684 ac
3250 4628 3473 4682 dicitur.

213 4717 527 4787 ὑποστάσεις
574 4725 1065 4794 κατακερματίζεις
1109 4729 1187 4790 είς
1225 4726 1513 4797 διαφόρους
1555 4719 1774 4795 φύσεις,

1889 4727 2003 4783 Non
2056 4738 2142 4783 est
2176 4728 2486 4783 diﬁ'ercntia
2540 4725 3037 4788 sanctiﬁcationis,
3092 4720 3252 4792 quasi
3312 4717 3473 4771 Patre

211 4811 294 4862 καὶ
342 4817 490 4884 τρεῖς
545 4815 752 4888 ἐργάζῃ
800 4815 966 4880 Θεοὺς
1008 4810 1290 4887 ἀνομοίους
1336 4819 1598 4888 ἀλλήλων,
1653 4818 1781 4889 μίαν

211 4901 348 4970 παρὰ
380 4906 596 4957 πάντων
626 4907 716 4958 καὶ
745 4906 839 4978 τὴν
869 4906 1033 4976 αὐτὴν
1062 4906 1219 4978 χάριν
1243 4901 1565 4978 δεχόμενος;

1889 4821 2145 4890 amplius,
2181 4819 2321 4874 Filio
2350 4822 2552 4880 minus,
2585 4830 2640 4872 ct
2685 4817 2866 4871 minus
2895 4831 3055 4886 quam
3085 4820 3316 4880 uterque
3348 4807 3473 4874 Spi-

1888 4913 1998 4968 ritu
2032 4922 2223 4968 sancto
2247 4910 2644 4967 sanctiﬁcante.
2670 4910 2782 4964 Cur
2813 4909 2978 4978 igitur
3005 4906 3177 4962 trinas
3217 4903 3339 4956 illas
3373 4899 3474 4967 lty~

208 5002 444 5058 postascs
506 4998 748 5052 concidis
787 5015 849 5052 ac
887 4999 1085 5053 dividis
1128 4999 1181 5053 in
1210 4999 1455 5056 diversas
1501 5011 1728 5056 naturas
1763 5039 1778 5068 ,
1821 5018 1884 5059 ac
1937 5015 2051 5060 tres
2084 5005 2251 5059 eﬁicis
2281 5001 2422 5058 Deos
2457 5004 2598 5057 inter
2639 5018 2696 5058 se
2729 4999 3046 5059 dissimiles,
3114 5009 3239 5049 eum
3306 5005 3470 5045 unatn

206 5091 254 5136 et
291 5085 536 5139 eamdem
581 5089 648 5142 ab
680 5087 938 5143 omnibus
992 5090 1155 5144 etiam
1213 5093 1443 5160 gratiam
1487 5089 1782 5162 accipias?

281 5174 500 5246 Ἐπειδὴ
529 5176 582 5230 δὲ
616 5177 684 5228 τὰ
713 5179 1085 5248 ὑποδείγματα
1125 5177 1494 5250 ἐμψυχότερον
1525 5182 1612 5233 ἀεὶ
1643 5180 1779 5251 πρὸς

204 5267 321 5327 τοὺς
351 5266 650 5331 ἀκούοντας
677 5268 942 5339 τὸνλόγον
970 5270 1284 5340 ἐργάζεται,
1319 5271 1484 5323 εἰκόνι
1519 5270 1780 5341 βούλομαι

204 5356 484 5412 παιδεῦσαι
513 5361 618 5414 τῶν
657 5361 1115 5432 βλασφημούντων
1143 5363 1239 5431 τὴν
1291 5360 1538 5431 γνώμην,
1573 5363 1634 5414 ἐκ
1669 5361 1778 5414 τῶν

204 5450 396 5514 γηΐνων
423 5450 517 5502 καὶ
543 5455 813 5505 ταπεινῶν
845 5454 1156 5524 σαφηνίζων
1175 5452 1240 5506 τὰ
1271 5455 1501 5522 μεγάλα,
1533 5454 1627 5504 καὶ
1656 5455 1778 5505 κατ’

203 5537 443 5608 αἴσθησιν
476 5540 552 5611 μὴ
580 5539 904 5613 βλεπόμενα,
929 5540 992 5597 ΕΞ
1023 5546 1131 5614 γάρ
1162 5562 1243 5596 σοι
1273 5543 1466 5595 συνέϐη
1498 5543 1780 5614 συμφορὰν

272 5708 309 5738 ¹¹
350 5709 493 5768 Psal.
536 5734 653 5780 cm,
681 5717 771 5772 24.
852 5721 894 5750 ¹⁹
930 5721 1121 5776 Mallia.
1168 5738 1358 5784 χιι-ιη,
1399 5719 1480 5775 19.

527 5807 799 5872 ιδῃ-ποι.
827 5814 943 5872 Gn.
991 5813 1134 5881 XM
1167 5815 1206 5872 l.

1949 5176 2219 5244 Quoniam
2253 5184 2439 5231 autem
2489 5173 2876 5229 similitudines
2915 5186 3132 5240 semper
3164 5171 3468 5224 oralionem

1877 5271 2018 5340 apud
2059 5268 2338 5324 auditores
2369 5268 2542 5337 magis
2575 5266 2808 5318 vividam
2847 5261 3080 5316 reddunt
3110 5282 3122 5316 :
3167 5262 3471 5317 simulacro

1878 5364 2005 5416 volo
2033 5360 2481 5416 tnaledicentium
2538 5365 2775 5412 mentem
2831 5354 3072 5421 erudire,
3117 5371 3214 5424 per
3251 5364 3469 5409 terrena

1879 5463 2042 5521 atque
2088 5451 2352 5514 humilia,
2408 5464 2603 5520 magna
2630 5488 2644 5513 ,
2687 5462 2916 5518 quaeque
2964 5461 3128 5502 sensu
3174 5461 3282 5500 non
3345 5461 3469 5500 cer-

1881 5535 2126 5612 nuntur,
2176 5545 2486 5599 declarans.
2522 5541 2659 5597 Nam
2693 5543 2738 5597 si
2781 5539 3052 5610 ejusmodi
3101 5540 3200 5595 tibi
3241 5539 3468 5594 calami-
3529 5559 3531 5566 ί

3056 5807 3125 5865 19
