3882 6432
424 292 529 349 587

1674 285 1732 342 S.
1767 283 2097 342 GREGORII
2126 283 2430 340 NYSSENI
3583 291 3672 348 533

425 420 508 464 tas
539 407 850 468 accidisset,
883 414 940 460 ut
975 405 1222 477 captivus
1260 421 1414 462 esses
1452 403 1595 475 apud
1643 403 1830 462 hostes
1857 425 1871 474 ;
1895 421 2005 460 ser-

2119 407 2495 477 αἰχμαλωσίας
2530 405 2881 477 ὑπομείναντι
2907 401 3046 461 εἶναι
3079 405 3232 478 παρά
3261 408 3375 469 τοῖς
3397 406 3673 479 πολεμίοις·

423 515 524 554 vus
572 507 753 554 autent
789 507 843 553 et
891 498 1124 554 amictus
1169 513 1301 554 cum
1351 499 1553 568 gemitu
1603 498 1888 567 antiquam
1943 497 2009 549 li-

425 591 730 653 bertatem,
787 605 948 659 quam
1010 590 1345 653 habuisses,
1399 589 1791 653 desiderares;
1849 598 2013 656 atque

425 689 645 750 repente
671 683 783 735 noti
817 691 872 737 et
898 683 1048 737 cives
1081 692 1214 744 tres,
1249 682 1342 752 qui
1376 682 1429 735 in
1467 681 1751 751 regionem
1786 691 2006 734 tuorum

420 771 768 826 doniinorum
799 787 864 828 ac
908 783 1265 843 tyrannorum
1315 771 1697 836 advenissent,
1735 787 1803 825 ex
1835 770 2010 840 aequis

423 862 672 929 partibus
705 862 832 916 dato
883 864 1078 933 pretio,
1105 877 1214 932 quo
1249 861 1598 916 redimereris
1621 899 1638 925 ,
1676 869 2010 930 sumptuque

425 955 742 1023 pecuniaria
793 956 1077 1025 aequaliter
1125 954 1266 1007 inter
1301 967 1361 1007 se
1413 951 1590 1006 diviso
1618 991 1635 1017 ,
1670 951 2008 1006 liberassent

423 1055 476 1101 te
515 1047 584 1100 ab
618 1055 848 1118 urgente
906 1046 1268 1100 necessitate:
1304 1058 1373 1097 an
1411 1058 1519 1098 non
1543 1043 1648 1097 hoc
1679 1042 2005 1098 beneﬁcium

423 1148 758 1192 consecutus
789 1177 804 1202 ,
851 1137 1102 1190 similiter
1133 1135 1260 1190 illos
1307 1141 1421 1189 tres
1485 1149 1585 1203 pro
1635 1132 2008 1188 benef-actori-

423 1231 526 1284 bus
564 1230 830 1292 haberes,
868 1237 922 1282 et
960 1227 1116 1297 pretii
1158 1241 1268 1295 quo
1302 1225 1618 1294 redemptus
1663 1239 1820 1279 esses
1853 1239 2006 1279 cem-

423 1323 800 1391 pcnsationem
833 1335 898 1374 ex
952 1319 1123 1388 aequis
1155 1318 1408 1388 partibus
1442 1317 1714 1372 tribueres
1743 1336 1757 1372 :
1791 1332 1914 1372 cum
1947 1325 2005 1372 et

423 1411 667 1465 studium
693 1423 799 1479 pro
825 1417 878 1463 te
901 1423 1196 1463 commune
1225 1447 1239 1471 ,
1276 1415 1640 1476 sumptusque
1695 1407 2004 1462 communis

423 1504 637 1564 fuisset.
666 1502 712 1557 si
745 1500 910 1556 modo
942 1501 1129 1570 justus
1161 1499 1413 1556 beneﬁcii
1449 1499 1754 1554 a-stimator
1806 1499 2004 1554 esses?

421 1600 598 1666 Atque
633 1597 746 1649 lucc
773 1594 996 1664 quidem
1031 1601 1308 1661 quatenus
1340 1607 1434 1661 per
1456 1591 1706 1660 exempla
1762 1604 1876 1645 rem
1908 1589 2003 1644 de-

422 1695 732 1740 monstrare
795 1682 1204 1737 conveniebat:
1254 1698 1361 1735 non
1431 1682 1576 1735 enim
1637 1695 1784 1735 nunc
1842 1681 2000 1737 nobis

2118 500 2390 553 δουλεύειν
2435 500 2491 553 δέ
2542 500 2636 552 καὶ
2679 498 3172 570 ταλαιπωρεῖσθαι,
3219 501 3310 553 καὶ
3353 500 3554 554 στένειν
3591 502 3680 572 τὴν

2119 591 2355 644 παλαιὰν
2384 590 2695 662 ἐλευθερίαν
2720 593 2787 662 ἢν
2819 587 2962 662 εἶχες
2980 609 2994 622 ·
3025 591 3222 661 ἀθρόον
3249 589 3306 643 δὲ
3334 593 3484 662 τρεῖς
3502 591 3681 663 γνώρι-

2121 702 2212 756 μοι
2253 687 2351 737 καὶ
2388 685 2601 738 πολῖται
2641 685 2698 737 ἐν
2735 687 2801 756 τῇ
2843 683 3000 756 χώρᾳ
3027 684 3136 736 τῶν
3166 681 3271 737 σῶν
3299 684 3573 737 δεσποτῶν
3601 686 3680 736 καὶ

2117 777 2395 848 τυράννων
2426 776 2709 846 γενόμενοι
2733 774 3114 848 ῆλευθέρωσάν
3139 791 3198 828 σε
3222 777 3320 846 τῆς
3345 775 3680 845 ἐπικειμένης

2116 870 2382 940 ἀνάγκης,
2408 869 2578 942 λύτρα
2609 869 2790 933 δόντες
2829 867 3013 937 ἐξίσης
3032 907 3048 930 ,
3079 868 3173 921 καὶ
3196 867 3290 939 τήν
3323 867 3562 936 δαπάνην
3582 867 3679 918 τῶν

2116 962 2412 1033 χρημάτων
2455 961 2514 1026 ἐξ
2565 961 2870 1033 ἰσομοιρίας
2911 960 3048 1031 πρὸς
3091 961 3319 1022 ἑαυτοὺς
3367 957 3677 1028 διελόμενοι·

2114 1051 2225 1125 ἆρα
2247 1055 2347 1124 τῆς
2379 1055 2600 1126 χάριτος
2631 1056 2849 1125 ἐκείνης
2879 1051 3081 1122 τυχὼν,
3110 1051 3213 1104 οὑκ
3250 1049 3318 1104 ἀν
3347 1051 3546 1120 ὁμοίως
3567 1051 3680 1112 τοὺς

2111 1149 2261 1216 τρεῖς
2287 1147 2364 1208 ὼς
2390 1147 2681 1217 εὐεργέτας
2707 1145 2905 1216 ἐώρας,
2930 1144 3026 1198 καὶ
3046 1143 3154 1196 τῶν
3180 1141 3390 1214 λύτρων
3419 1141 3516 1210 τήν
3543 1139 3681 1209 ἀμοι-

2111 1239 2211 1311 ϐὴν
2243 1238 2303 1303 ἐξ
2345 1239 2649 1310 ἰσομοιρίας
2685 1238 2996 1308 εἰσέφερε-ες,
3046 1234 3229 1303 κοινῆς
3268 1231 3412 1302 ὑπὲρ
3460 1231 3551 1285 σοῦ
3599 1233 3678 1283 καὶ

2109 1331 2208 1402 τῆς
2234 1329 2475 1400 σπουδῆς
2506 1330 2598 1382 καὶ
2637 1329 2737 1399 τῆς
2768 1327 3014 1396 δαπάνης
3057 1323 3454 1394 γεγενημένης,
3483 1323 3544 1376 ἄν
3578 1339 3670 1391 περ

2108 1422 2312 1486 δίκαιος
2342 1421 2592 1493 ὑπάρχῃς
2621 1420 2722 1491 τῆς
2755 1418 3072 1490 εὐεργεσίας
3107 1418 3335 1488 κριτής;
3373 1416 3481 1470 Καὶ
3515 1413 3670 1468 ταῦτα

2112 1514 2211 1585 μὲν
2247 1514 2369 1567 ὅσον
2403 1515 2461 1566 ἐν
2503 1512 2914 1582 ὑποδείγμασιν·
2944 1511 3006 1564 ού
3040 1510 3148 1582 γάρ
3180 1509 3276 1563 νῦν
3305 1510 3440 1578 ἡμῖν
3483 1511 3666 1575 σκοπὸς

2107 1603 2201 1657 τὸν
2227 1603 2328 1674 τῆς
2359 1603 2592 1665 πίστεως
2621 1601 2949 1656 ἀπευθύνειν
2987 1602 3164 1671 λόγον.
3203 1601 3349 1672 Πρὸς
3400 1602 3457 1655 δέ
3481 1602 3566 1656 τδν
3593 1604 3668 1655 Ev-

2109 1696 2321 1750 εστῶτα
2359 1696 2550 1768 καιρὸν
2589 1698 2685 1749 καὶ
2725 1695 2822 1768 τὴν
2863 1694 3231 1766 προκειμένην
3253 1694 3508 1748 ὑπόθεσιν
3553 1695 3672 1748 ἀνα-

423 1771 764 1846 ρτοροείἰυηι
799 1780 905 1835 est,
957 1783 1118 1825 rectae
1149 1770 1277 1824 lizlei
1311 1769 1528 1824 tradere
1571 1768 1861 1824 rationem.
1893 1768 2000 1826 Sed

2111 1787 2424 1859 δράμωμεν.
2470 1788 2726 1858 Εὑρίσκω
2763 1789 2873 1860 γάρ
2915 1789 2996 1841 ὅτι
3034 1789 3134 1859 τὴν
3174 1785 3268 1841 τοῦ
3317 1787 3674 1856 βαπτίσματος

422 1869 490 1921 ad
536 1881 776 1936 przesens
824 1875 1038 1932 tempus
1101 1877 1166 1916 ac
1220 1860 1563 1931 propositum
1615 1867 2001 1930 argumentum

422 1971 791 2013 recurramus.
841 1953 978 2008 Nam
1014 1953 1254 2014 invenio,
1291 1953 1440 2023 quod
1489 1967 1596 2006 non
1651 1954 1830 2007 solum
1886 1961 2010 2020 post

427 2059 684 2113 crucem,
724 2045 1012 2116 Evangelia
1045 2045 1280 2116 gratiam
1336 2045 1681 2115 baptismatis
1749 2045 2010 2114 [medica-

420 2150 619 2196 vernnt
642 2180 657 2206 ,
693 2139 789 2194 sed
815 2146 874 2192 et
908 2149 1037 2193 ante
1068 2137 1503 2192 incarnationem
1549 2134 1766 2190 Domini
1801 2135 2009 2205 ubique

419 2241 580 2287 vetus
617 2228 906 2298 Scriptura
974 2226 1407 2296 regenerationis
1458 2235 1658 2282 nostrae
1712 2226 2007 2296 imaginem

426 2321 844 2393 prmliguravit:
878 2334 987 2372 non
1025 2325 1210 2387 aperte
1239 2325 1293 2372 et
1335 2317 1615 2371 evidenter
1655 2317 1882 2372 fortnam
1915 2331 2009 2370 os-

421 2412 655 2467 tendens
683 2449 698 2475 ,
750 2407 848 2464 sed
906 2406 1294 2476 atuigmatibus
1317 2414 1374 2461 et
1405 2406 1708 2462 involucris
1755 2405 2008 2460 humani-

423 2515 586 2558 tatem
619 2501 716 2558 Dei
766 2508 1222 2571 praemonstrans.
1263 2497 1326 2552 Et
1361 2509 1418 2552 ut
1463 2513 1640 2569 agnus
1703 2509 1832 2552 ante
1869 2513 2009 2568 prte-

297 2599 318 2623 °
420 2591 727 2650 dicabatur,
760 2596 816 2644 et
843 2603 978 2642 crux
1005 2587 1450 2656 prophetabatur,
1513 2588 1585 2640 ita
1622 2587 1787 2640 etiam
1833 2582 2011 2658 bapti-

422 2696 541 2737 sma
568 2720 584 2746 ,
632 2688 688 2736 et
717 2680 898 2736 verbis
931 2686 986 2734 et
1028 2693 1086 2733 re
1123 2678 1240 2748 ipsa
1277 2677 1641 2732 indicabatur.
1673 2681 1742 2731 At
1795 2679 2010 2749 rediga-

423 2789 542 2828 mus
599 2772 956 2828 honestarum
1009 2785 1192 2825 rerum
1245 2770 1514 2826 studiosis
1570 2771 1624 2824 in
1685 2772 2007 2830 memoriam

422 2866 665 2934 ﬁguras;
698 2865 868 2934 exigit
896 2861 1043 2918 enim
1079 2870 1296 2932 tempus
1357 2863 1618 2916 feriarum
1647 2863 1665 2932 (
1690 2863 1845 2932 eam)
1883 2873 2009 2918 tan-

420 2974 585 3027 quam
657 2955 1029 3012 necessariam
1090 2955 1702 3010 commemorationem.
1733 2952 1880 3024 Agar
1908 2969 2010 3008 an-

420 3049 548 3102 cilla
599 3044 986 3108 Abrahami",
1015 3045 1173 3112 cujus
1219 3045 1384 3098 etiam
1420 3042 1625 3099 Paulus
1668 3042 1738 3098 ad
1789 3041 2010 3099 Galatas

420 3139 587 3200 verba
618 3135 849 3200 iaciens,
882 3135 1238 3205 allegoricam
1298 3134 1632 3188 mentionem
1669 3131 1797 3186 facit
1821 3132 1886 3198 ιδ,

419 3229 586 3284 domo
647 3227 857 3282 domini
911 3226 996 3280 sui
1052 3233 1276 3296 propter
1332 3225 1468 3278 iram
1519 3223 1698 3280 Sarra:
1764 3225 2012 3295 ablegata

421 3320 691 3391 (molesta
719 3318 863 3374 enim
915 3317 1172 3388 legitimis
1229 3315 1498 3371 uxoribus
1529 3331 1618 3373 res
1643 3323 1750 3383 est,
1786 3325 2013 3387 propter

417 3412 701 3466 dominum
749 3418 1006 3480 suspecta
1049 3409 1317 3478 ancilla),
1353 3408 1570 3464 deserta
1623 3423 1689 3462 ac
1747 3409 2011 3464 destituta

418 3503 693 3558 ferebatur
713 3502 782 3557 ad
811 3510 1012 3556 terram
1037 3501 1334 3565 desertam,
1380 3501 1672 3555 laetantem
1696 3515 1881 3558 secum
1915 3503 2010 3556 ha-

415 3595 551 3650 bens
575 3609 803 3666 puerum
835 3593 1116 3650 lsmaelem
1145 3592 1210 3646 ³⁵.
1235 3591 1369 3646 Cum
1396 3600 1580 3648 autem
1603 3592 1824 3648 redacta
1863 3602 2011 3651 esset

416 3689 484 3742 ad
525 3687 763 3757 inopiam
829 3700 1015 3740 rerum
1062 3686 1530 3748 necessariarum,
1567 3684 1796 3756 ipsaque
1841 3701 2012 3756 prope

416 3791 664 3840 mortem,
687 3786 742 3833 et
764 3784 894 3832 ante
923 3792 1043 3834 eam
1069 3776 1206 3832 adeo
1230 3791 1364 3846 puer
1389 3776 1628 3832 venisset
1646 3786 1830 3847 (quam
1863 3778 2008 3833 enim

417 3869 473 3923 in
496 3878 618 3922 utre
640 3881 835 3937 aquam
867 3866 1172 3932 habuerat,
1205 3873 1531 3936 consumpta
1575 3867 2008 3937 erat:quoniam

419 3975 488 4014 ne
513 3958 629 4012 ﬁeri
661 3955 882 4028 quidem
919 3966 1156 4026 p0terat,
1193 3965 1254 4011 ut
1284 3955 1592 4028 Synagoga,
1621 3970 1744 4027 quae
1787 3957 1920 4011 olim
1953 3960 2008 4012 in

415 4051 607 4122 ﬁguris
643 4051 905 4122 perennis
963 4047 1127 4104 fontis
1181 4049 1549 4114 versabatur,
1627 4047 2008 4105 sullieientiam

417 4146 540 4200 vitae
573 4143 862 4212 haberet),
892 4143 1119 4214 angelus
1150 4143 1203 4197 in
1240 4143 1523 4212 insperato
1553 4151 1798 4214 apparet,
1832 4151 1885 4198 et
1918 4157 2010 4198 os-

419 4236 594 4293 tendit
628 4236 678 4292 ei
727 4246 957 4308 puteum
993 4250 1148 4306 aquae
1185 4235 1454 4290 viventis:
1486 4245 1650 4304 atque
1701 4233 1828 4290 inde
1879 4249 2004 4290 eum

418 4331 735 4395 hausisset,
777 4335 960 4384 servat
1019 4329 1323 4384 lsmaelem.
1376 4317 1511 4383 Vide
1562 4328 1730 4399 igitur
1778 4329 2006 4398 figuram

420 4422 754 4492 mysticam,
791 4422 1250 4491 quemadmodum
1305 4423 1489 4476 statim
1561 4421 1635 4476 ab
1695 4421 1851 4474 initio
1909 4436 2084 4518 perD

421 4527 620 4582 aquam
664 4511 956 4578 viventem,
989 4529 1111 4583 quae
1142 4531 1250 4568 non
1281 4513 1435 4584 prius
1466 4521 1631 4578 esset,
1663 4513 1757 4568 sed
1797 4529 1892 4584 per
1914 4529 2010 4567 an-

420 4604 602 4675 gelum
633 4602 779 4657 dono
827 4603 954 4658 data
1004 4613 1171 4669 esset,
1215 4606 1464 4674 pereunti
1499 4605 1649 4660 salus
1691 4604 2002 4676 contigerit.

421 4691 553 4748 Item
599 4692 887 4762 posteriori
925 4700 1181 4762 tempme
1232 4695 1441 4763 nuptiis
1488 4695 1744 4764 conjungi
1782 4702 2004 4764 oporte-

418 4786 513 4842 bat
583 4787 835 4841 lsaaeum
864 4785 928 4844 ιο,
959 4794 1182 4854 prOptcr
1231 4800 1392 4854 quem
1440 4787 1604 4840 etiam
1647 4784 1842 4842 lsntael
1897 4802 2008 4842 una

418 4893 542 4933 cum
571 4885 744 4932 matre
775 4884 997 4945 paterna
1029 4875 1160 4931 sede
1192 4875 1387 4946 pulsus
1419 4883 1556 4931 erat.
1585 4875 1785 4932 Missus
1826 4887 2008 4934 autem

419 4986 617 5026 servus
649 4967 954 5022 Abrahami
991 4967 1281 5038 pronubus
1317 4975 1376 5024 et
1404 4968 1715 5038 nuptiarum
1743 4970 2009 5024 cont-ilia-

418 5070 525 5121 tor.
561 5068 621 5114 ut
674 5059 899 5114 domino
949 5073 1052 5113 suo
1097 5074 1360 5129 sponsam
1409 5059 1745 5121 adduceret,
1800 5060 2007 5114 ith‘llil

419 5148 721 5205 [leber-cam
776 5149 845 5204 ad
896 5161 1118 5220 puteum
1160 5166 1174 5204 :
1211 5164 1276 5204 ac
1338 5148 1562 5220 nuptiat,
1622 5166 1746 5220 qua:
1801 5150 2006 5205 Christi

419 5258 590 5311 genus
623 5243 897 5298 eﬂecturae
935 5249 1112 5310 erant,
1161 5242 1228 5297 ad
1275 5259 1475 5313 aquam
1535 5243 1749 5298 i‘nitium
1783 5259 1847 5297 ac
1891 5243 2005 5313 pri—-

421 5349 564 5387 mam
596 5336 901 5404 pactionem
933 5337 1467 5408 conventionetnque
1497 5337 1829 5393 habuerunt.
1859 5337 2002 5404 Quin

421 5423 585 5476 etiam
630 5425 745 5493 ipse
775 5441 996 5497 quoque
1035 5427 1188 5482 Isaae
1223 5443 1346 5482 cum
1398 5428 1654 5498 gregibus
1708 5428 2002 5506 praefectus

431 5519 612 5577 esset,
651 5515 710 5570 in
743 5519 1002 5574 omnibus
1031 5520 1167 5576 locis
1201 5520 1535 5587 solitudinis,
1593 5529 1790 5591 puteos
1830 5520 2004 5575 fodie-

493 5687 538 5718 η
571 5686 706 5745 Gen,
740 5706 854 5757 χιιι,
892 5692 975 5744 t5.
1053 5695 1095 5726 “
1125 5693 1302 5749 Galat.
1346 5710 1418 5758 tv,
1454 5693 1527 5747 εἳ
1565 5710 1685 5766 ειμι-

1767 5695 1811 5725 ¹⁸
1839 5692 1974 5749 Gen.
2019 5705 2137 5758 ιιι,
2167 5689 2201 5744 9
2230 5704 2355 5760 sqq.

2111 1880 2272 1950 χάριν
2292 1881 2354 1934 οὐ
2383 1880 2541 1950 μόνον
2568 1880 2638 1933 τὰ
2673 1881 2812 1950 μετά
2839 1880 2930 1933 τὸν
2958 1881 3189 1952 σταυρὸν
3220 1881 3487 1950 ἐκήρυξεν
3518 1881 3675 1948 Εὐαγ-

2111 1972 2288 2040 γέλια,
2320 1971 2457 2026 ἀλλά
2485 1974 2579 2026 καὶ
2605 1973 2710 2044 πρὸ
2738 1973 2841 2043 τῆς
2872 1971 3346 2044 ἐνανθρωπήσεως
3368 1971 3463 2025 τοῦ
3489 1971 3674 2043 Κυρίου

2112 2063 2390 2135 πανταχοῦ
2415 2066 2448 2134 ὴ
2485 2065 2701 2119 Παλαιὰ
2730 2064 2922 2136 Γραφὴ
2950 2065 3051 2134 τῆς
3085 2065 3509 2133 παλιγγενεσίας
3537 2064 3675 2134 ήμῶν

2111 2156 2468 2228 προετύπωσε
2511 2159 2611 2229 τὴν
2655 2158 2873 2213 εἰκόνα·
2914 2160 2973 2212 οὐ
3005 2158 3297 2229 τηλαυγῶς
3343 2158 3442 2227 τὴν
3483 2157 3674 2228 μορφήν

2113 2251 2520 2322 ἐμφανίζουσα,
2557 2253 2844 2323 αἰνίγμασι
2867 2252 2925 2305 δέ
2961 2251 3056 2305 τοῦ
3085 2251 3220 2305 Θεοῦ
3261 2251 3364 2322 τήν
3396 2249 3676 2320 φιλανθρω-

2113 2345 2243 2399 πίαν
2267 2345 2768 2415 προῦποφαίνουσα.
2793 2344 2903 2397 Καὶ
2922 2344 2996 2408 ὡς
3015 2345 3043 2397 6
3067 2342 3235 2414 ἀμνὸς
3261 2340 3674 2414 προεκηρύττετο

2113 2439 2206 2491 καὶ
2236 2439 2265 2490 ὁ
2295 2439 2528 2508 σταυρὸς
2555 2435 2977 2509 προεφητεύετο·
3003 2436 3146 2490 οὕτω
3189 2435 3289 2488 καὶ
3327 2435 3389 2489 τὸ
3418 2435 3673 2504 βάπτισμα

2113 2529 2432 2596 πρακτικῶς
2459 2530 2553 2584 καὶ
2577 2529 2812 2597 λογικῶς
2839 2527 3128 2599 ἐμηνύετο.
3180 2527 3596 2597 Ἀναμνήσωμεν
3625 2523 3671 2575 δὲ

2112 2623 2237 2684 τοὺς
2255 2621 2576 2690 φιλοκάλους
2597 2620 2704 2674 τῶν
2729 2620 2936 2674 τύπων·
2962 2621 3185 2673 άπαιτεῖ
3207 2618 3320 2687 γὰρ
3339 2621 3367 2672 6
3385 2618 3480 2688 τῆς
3503 2614 3672 2686 ἑορτῆς

2112 2713 2303 2784 καιρὸς
2325 2714 2405 2776 ὼς
2433 2713 2736 2781 ἀναγκαίαν
2769 2712 2869 2785 τὴν
2907 2714 3146 2783 μνήμην.
3189 2711 3256 2764 Ἠ
3298 2712 3474 2780 Ἀγαρ
3500 2711 3531 2779 ή
3563 2723 3672 2760 παι-

2110 2807 2268 2879 δίσκη
2315 2806 2409 2861 τοῦ
2472 2806 2718 2877 Ἀϐράμ,
2752 2808 2819 2877 ἢν
2855 2806 2951 2859 καὶ
2983 2805 3194 2868 Παῦλος
3231 2805 3523 2875 ἀλληγορεῖ
3555 2800 3670 2871 πρὸς

2113 2899 2358 2962 Γαλάτας
2390 2899 2770 2970 διαλεγόμενος
2789 2939 2802 2962 ,
2835 2897 3215 2968 ἐκπεμφθεῖσα
3246 2898 3354 2968 τῆς
3395 2895 3562 2957 οἰκίας
3589 2891 3670 2946 τοῦ

2113 2993 2327 3064 κυρίου,
2350 2994 2438 3047 διὰ
2463 2994 2562 3066 τὴν
2583 2994 2752 3066 ὀργὴν
2777 2995 2874 3066 τῆς
2896 2994 3113 3066 Σάρρας
3139 2997 3155 3063 (
3177 2993 3418 3065 χαλεπὸν
3443 2992 3542 3063 γὰρ
3567 2991 3671 3051 ταῖς

1941 3085 2010 3189 ;,;
2038 3111 2080 3169 c
2113 3088 2646 3189 νομίμοις-γυναιξὶν
2689 3089 3104 3160 ὑποπτευομένη
3131 3089 3296 3160 δούλη
3324 3089 3456 3161 πρὸς
3493 3085 3671 3189 τὸν-δε-

2115 3181 2322 3252 σπότην
2340 3186 2356 3248 )
2377 3181 2584 3255 ἕρημος
2610 3183 2834 3255 ἐφέρετο
2855 3184 2991 3254 πρὸς
3015 3183 3221 3255 ἔρημον
3249 3185 3374 3254 γῆν,
3399 3179 3672 3252 ὕπομάζιιν

2113 3273 2314 3345 ἔχουσα
2341 3275 2539 3346 βρέφος
2586 3277 2677 3330 τὸν
2729 3275 2970 3349 Ἰσμαήλ.
3033 3276 3253 3349 Ἐπειδὴ
3301 3278 3358 3331 δὲ
3397 3277 3452 3330 ἐν
3492 3270 3670 3342 ἀπορίᾳ

2112 3366 2220 3421 τῶν
2244 3369 2556 3438 ἀναγκαίων
2577 3369 2820 3438 γέγονεν,
2848 3370 2984 3440 αὐτή
3007 3386 3066 3422 τε
3094 3370 3263 3438 ἐγγὺς
3289 3367 3418 3441 ἦλθε
3443 3365 3666 3427 θανάτου,

2113 3462 2209 3516 καὶ
2241 3463 2346 3535 πρό
2379 3479 2443 3532 γε
2478 3462 2646 3534 αὐτῆς
2676 3463 2736 3516 τὺ
2769 3461 2980 3514 παιδίον
3001 3461 3086 3534 (τὸ
3111 3461 3217 3532 γὰρ
3245 3461 3304 3514 ὃν
3339 3462 3396 3513 ἐν
3435 3457 3510 3529 τῷ
3539 3455 3668 3522 ἀσκῷ

2114 3554 2259 3626 ὕδωρ
2301 3553 2612 3626 ἐδαπανήθη
2634 3571 2646 3582 ·
2675 3553 2797 3606 ἐπεὶ
2830 3552 2967 3624 μηδέ
3001 3547 3112 3606 οἷόν
3140 3569 3200 3604 τε
3233 3553 3334 3622 τὴν
3369 3546 3667 3616 Συναγωτὴν

2112 3647 2442 3719 αὐτάρκειαν
2469 3646 2611 3717 ἔχειν
2643 3647 2788 3718 ζωῆς
2807 3687 2823 3710 ,
2853 3646 2951 3718 τὴν
2988 3646 3128 3709 τέως
3153 3648 3212 3698 ἐν
3237 3648 3350 3708 τοῖς
3371 3644 3551 3704 τύποις
3570 3637 3664 3692 διά-

2111 3755 2316 3808 γουσαν
2351 3742 2451 3811 τῆς
2479 3740 2703 3794 ἀεννάου
2734 3739 2939 3812 πηγῆς)
2963 3754 2977 3769 ·
3019 3739 3250 3808 ἄγγελος
3281 3740 3346 3792 ἐκ
3386 3736 3477 3791 τοῦ
3515 3747 3666 3803 παρα·

2110 3835 2262 3902 δόξου
2305 3835 2584 3904 φαίνεται,
2641 3835 2735 3888 καὶ
2774 3834 3044 3888 δείκνυσιν
3093 3834 3232 3906 αὐτῇ
3289 3835 3458 3905 φρέαρ
3500 3828 3665 3887 ὕδατος

2111 3927 2344 3994 ξῶντο;’
2396 3927 2650 3982 κάκεῖθεν
2697 3927 3049 3999 ἀρυσαμένη,
3094 3927 3258 3992 σώζει
3305 3928 3394 3980 τὸν
3449 3918 3662 3992 Ἰσμαήλ.

2113 4020 2257 4093 Ὅρα
2286 4021 2465 4075 τοίνυν
2495 4020 2665 4076 τύπον
2703 4021 2965 4090 μυστικόν
2986 4035 2999 4048 ·
3031 4021 3179 4082 ὅπως
3210 4020 3374 4082 εὐθὺς
3415 4017 3470 4083 ἐξ
3514 4011 3666 4082 ἀρχῆς

2108 4115 2176 4169 δι’
2216 4115 2406 4178 ὓδατος
2452 4114 2657 4178 ζῶντος
2706 4112 2784 4182 τῷ
2815 4111 3174 4182 ἀπολλυμένῳ
3215 4113 3249 4183 ή
3297 4109 3566 4180 σωτηρία,
3613 4101 3663 4154 οὐ

2111 4207 2376 4280 πρότερον
2405 4205 2574 4269 ὄντος,
2605 4204 2742 4259 ἀλλά
2781 4205 2849 4258 δι’
2878 4203 3112 4274 ἀγγέλου
3157 4203 3301 4257 κατά
3329 4202 3482 4273 χάριν
3509 4193 3664 4250 δοθέν·

2108 4317 2218 4364 τος.
2249 4299 2476 4371 Χρόνοις
2496 4299 2552 4352 δὲ
2579 4296 2805 4369 ὕστερον
2839 4296 3000 4350 πάλιν
3037 4295 3239 4365 γάμοις
3279 4295 3380 4348 ἔδει
3424 4290 3660 4352 καταζευ-

2109 4391 2304 4463 χθῆναι
2327 4390 2416 4444 τὸν
2455 4389 2656 4453 Ἰσαὰκ,
2683 4388 2750 4442 δι’
2778 4389 2837 4442 ὃν
2867 4389 2960 4442 καὶ
2983 4388 3011 4439 ὁ
3047 4387 3272 4458 Ἰσμαὴλ
3305 4388 3398 4439 σὺν
3426 4385 3487 4453 τῇ
3521 4374 3662 4450 μητρὶ

2108 4484 2209 4553 τῆς
2233 4483 2505 4555 πατρικῆς
2533 4481 2716 4544 ἑστίας
2736 4480 2932 4551 ἠλάθη.
2975 4479 3324 4541 Ἀποσταλείς
3348 4477 3404 4530 δὲ
3427 4476 3454 4528 6
3472 4471 3661 4535 οἰκέτης

2116 4576 2202 4631 τοῦ
2255 4576 2504 4648 Ἀϐραὰμ
2531 4575 2929 4647 προμνήστωρ,
2967 4573 3108 4627 ὥστε
3139 4571 3218 4642 τῷ
3243 4571 3412 4644 κυρίῳ
3449 4559 3660 4635 νυμφεύ·

2109 4667 2342 4731 σασθαι,
2389 4667 2634 4738 εὑρίσκει
2680 4665 2778 4736 τὴν
2835 4665 3133 4719 Ῥεϐέκκαν
3172 4664 3265 4717 ἐπὶ
3301 4662 3394 4716 τοῦ
3427 4657 3632 4729 φρέατος
3645 4663 3657 4677 ⁵

2110 4761 2206 4814 καὶ
2233 4759 2409 4830 γάμος
2429 4797 2443 4821 ,
2491 4761 2519 4811 6
2553 4757 2760 4829 μέλλων
2793 4759 2965 4810 ποιεῖν
3003 4755 3064 4808 τὸ
3097 4756 3253 4825 γένος
3286 4747 3516 4824 Χριστοῦ
3536 4787 3548 4806 ,
3581 4741 3659 4794 ἐπὶ

2111 4852 2300 4918 ὓδατος
2329 4851 2487 4906 ἔλαϐε
2514 4852 2613 4924 τὴν
2650 4849 2826 4922 ἀρχὴν
2865 4849 2957 4904 καὶ
3000 4847 3097 4920 τὴν
3129 4847 3350 4920 πρώτην
3392 4841 3654 4908 συνθήκηνο

2110 4951 2184 5004 Οὐ
2219 4949 2325 5022 μὴν
2352 4947 2488 5001 ἀλλά
2518 4945 2613 5000 καὶ
2639 4945 2802 5008 αὐτὸς
2821 4945 2849 4996 6
2890 4943 3097 5008 Ἰσαὰκ,
3127 4941 3291 5014 ήνίκα
3318 4941 3434 5000 ταῖς
3465 4931 3657 5000 ἀγέλαις

2111 5047 2436 5114 ἐφεστήκει,
2474 5040 2746 5112 πανταχοῦ
2780 5038 2882 5108 τῆς
2925 5036 3160 5109 ἐρημίας
3200 5034 3410 5106 ὤρυσσε
3436 5025 3655 5114 φρέατα-ν

2109 5110 2251 5208 ἅπερ
2291 5110 2619 5206 ἐνέφραττον
2653 5110 2746 5186 καὶ
2775 5130 3149 5201 κατεχώννυον
3181 5131 3229 5182 οἰ
3259 5119 3566 5193 ἀλλόφυλοι·
3592 5110 3658 5208 εἰς

2109 5230 2278 5284 τύπον
2316 5227 2422 5283 τῶν
2463 5228 2542 5292 εἰς
2571 5227 2797 5298 ὓστερον
2832 5224 3066 5290 ἀσεϐῶν,
3102 5224 3212 5277 ὅσοι
3243 5220 3339 5292 τὴν
3362 5215 3450 5270 τοῦ
3485 5203 3654 5304 patr?!-

2113 5339 2317 5394 σμπος
2345 5321 2503 5393 χάριν
2538 5319 2776 5374 ἐκώλυον
2802 5318 2896 5372 καὶ
2936 5317 3287 5387 ἀνεστόμουν,
3321 5311 3656 5394 ζυγομαχουνζ-

2109 5383 2199 5482 τές
2229 5383 2486 5488 προέτὲιν
2515 5415 2792 5486 ἀλήθειαν.
2835 5412 2972 5466 Ἀλλ’
3000 5383 3147 5482 ὅμως
3190 5410 3239 5464 οι
3282 5406 3542 5478 μάρτυρες
3575 5383 3652 5488 καὶ

2109 5474 2358 5580 οίνίεριεῖς
2401 5474 2852 5580 φρεωρύχοῦντες
2892 5474 3174 5572 ἐνίκησαν,
3210 5474 3302 5554 καῖ
3353 5493 3521 5546 πᾶσαν
3568 5474 3652 5547 τὴν

2437 5687 2481 5722 ¹⁶
2507 5686 2645 5743 Gen.
2690 5701 2840 5748 XXIV,
2870 5685 2904 5738 3
2926 5699 3048 5754 sqq.
