3882 6418
207 316 299 374 589

1399 308 1466 364 IN
1506 305 1906 363 BAPTISMUM
1943 305 2242 365 CHRISTI.

3362 320 3465 376 590

216 419 514 496 οἰκουμένην
554 418 617 473 τὸ
667 416 765 473 τοῦ
812 416 1187 490 βαπτίσματος
1240 418 1413 491 δῶρον
1476 417 1768 474 ἐπέκλυσε.

1880 418 1972 473 bat
1990 458 2006 483 ,
2038 426 2182 490 quos
2211 420 2532 493 alienigenae
2555 422 2939 492 obstruebant,
2958 434 3012 480 et
3044 442 3240 500 aggere
3268 430 3463 486 obrue-

215 515 355 573 Κατὰ
374 515 469 586 τὴν
504 511 671 584 αὐτὴν
693 510 753 564 δὲ
782 509 876 564 τοῦ
904 509 1064 580 λόγου
1091 511 1319 581 δύναμιν
1347 508 1594 564 σπεύδων
1623 509 1718 564 καὶ
1739 512 1770 564 6

224 604 400 662 Ἰακὼϐ
441 603 532 656 ἐπὶ
567 600 861 673 μνηστείαν
882 639 898 665 ,
946 600 1224 673 ἀδοκήτως
1267 602 1360 655 ἐπὶ
1388 598 1484 653 τοῦ
1533 599 1771 673 φρέατος

213 699 488 767 συνήντησε
525 697 591 766 τῇ
636 693 862 766 Ῥαχήλ.
919 692 1201 748 Ἑπέκειτο
1228 693 1286 748 δὲ
1315 692 1461 755 λίθος
1494 693 1669 763 μέγας
1694 694 1771 764 τῷ

209 789 406 860 φρέατι,
435 786 494 840 ὃν
526 785 729 857 πλῆθος
756 783 1033 856 ποιμένων
1060 785 1240 840 συνιὸν
1273 783 1626 839 ἀπεκύλισεν·
1667 781 1769 840 εἷθ’

207 880 361 941 οὕτως
403 880 611 941 ἑαυτοῖς
646 877 742 933 καὶ
780 880 894 943 τοῖς
928 879 1222 950 προϐάτοις
1261 879 1566 952 ὑδρεύοντο.
1629 880 1687 933 '0
1713 878 1772 934 δέ

219 972 399 1026 Ἰακὼϐ
433 971 589 1043 μόνος
637 970 923 1025 ἀποκυλίει
962 970 1051 1024 τὸν
1080 971 1248 1038 λίθον,
1287 973 1382 1026 καὶ
1420 972 1631 1038 ποτίζει
1671 971 1772 1043 τῆς

209 1061 435 1134 μνηστῆς
466 1060 533 1113 τὰ
575 1058 846 1130 πρόϐατα.
878 1060 1154 1132 Αίνιγμα,
1199 1056 1388 1131 οἶμαι,
1436 1058 1767 1134 τὸ“πρᾶγμα

206 1156 289 1209 καὶ
316 1153 437 1207 σκιὰ
458 1152 552 1206 τοῦ
580 1151 888 1224 μέλλοντος.
917 1153 1013 1215 Τίς
1041 1153 1147 1224 γὰρ
1173 1156 1201 1208 6
1224 1155 1573 1225 ἐπικείμενος
1603 1153 1769 1217 λίθος,

202 1246 409 1318 ἢαύτὸς
451 1247 481 1299 6
516 1243 782 1315 Χριστός;
826 1245 960 1317 Περὶ
1003 1242 1065 1301 οὗ
1120 1263 1285 1317 φησιν
1346 1247 1541 1300 Ἠσαΐα
1599 1263 1613 1279 ·
1660 1244 1773 1301 Καὶ

201 1338 415 1410 ἐμϐαλῶ
437 1340 524 1403 είς
557 1342 629 1392 τὰ
656 1338 901 1408 θεμέλια
930 1338 1087 1392 Σιὼν
1107 1339 1283 1393 λίθον
1307 1338 1636 1408 πολυτελῆ,
1674 1338 1772 1393 ἓν·

202 1449 373 1503 τιμον,
393 1431 701 1486 ἐκλεκτόν.
723 1433 832 1485 Καὶ
852 1432 1049 1504 Δανιὴλ.
1064 1432 1286 1504 ὁμοίωςο
1321 1433 1581 1503 Ἐτμήθη
1600 1434 1774 1500 λίθος

201 1524 332 1580 ἄνευ
365 1524 596 1593 χειρόςυ
644 1524 947 1589 τουτέστιν,
1000 1524 1298 1596 Ἐγεννήθη
1359 1522 1594 1595 Χριστὸς
1642 1526 1770 1580 ἄνευ

200 1617 392 1690 ἀνδρός.
440 1619 531 1681 Ὠς
575 1617 687 1690 γὰρ
730 1617 916 1672 καινόν
960 1618 1077 1672 ἐστι
1118 1617 1214 1671 καὶ
1262 1617 1586 1689 παράδοξον,
1624 1610 1825 1672 λίθου’

200 1708 388 1780 πέτρας
413 1708 937 1780 ἁποτμηθῆναιᾶνευ
951 1707 1234 1781 λιθοτόμου
1267 1709 1362 1763 καὶ
1385 1707 1635 1781 ὀργάνων
1656 1708 1771 1763 λιθε-

1875 512 2010 568 bant
2065 520 2119 569 et
2140 514 2519 578 occultabant,
2548 515 2615 569 ad
2652 517 2880 587 figuram
2905 534 3118 583 eorum,
3150 522 3242 591 qui
3273 532 3463 592 postea

1875 604 2127 673 fuerunt,
2161 605 2475 677 impiorum,
2511 608 2606 679 qui
2663 610 2864 664 donum
2894 612 3244 683 baptismatis
3271 616 3461 685 prohi-

1866 694 2080 751 bebant
2128 706 2184 753 et
2223 697 2620 767 impediebant,
2670 701 2890 757 veritati
2942 718 3065 760 sese
3097 714 3457 776 opponentes.

1874 785 2264 844 Verumtamen
2292 796 2562 861 martyres
2590 798 2644 846 et
2669 793 2986 849 sacerdotes
3016 801 3213 864 puteos
3246 795 3462 851 fodien-

1866 888 1957 934 tes
1989 880 2285 947 vicerunt,
2318 896 2648 954 omnemque
2706 892 2977 940 terrarum
3025 889 3214 943 orbem
3288 889 3464 960 bapti-

1872 970 2068 1026 smatis
2126 970 2333 1026 donum
2366 965 2687 1028 ’inundavit.
2720 972 2825 1030 Per
2872 975 3118 1032 eamdem
3147 978 3275 1033 item
3313 978 3465 1033 Scri-

1887 1067 2064 1130 ptura:
2083 1061 2194 1116 vim
2230 1062 2499 1120 festinans
2528 1064 2597 1119 ad
2625 1066 2902 1135 sponsalia
2923 1068 3087 1122 etiam
3118 1066 3311 1132 Jacob,
3343 1071 3464 1125 ino-

1872 1153 2061 1222 pinato
2082 1154 2151 1208 ad
2169 1165 2389 1224 puteum
2407 1153 2624 1211 Obviam
2649 1156 2828 1215 factus
2844 1169 2927 1216 est
2949 1160 3174 1221 Racheli
3198 1164 3263 1218 ".
3289 1164 3467 1234 Impo-

1873 1247 2040 1300 situm
2075 1253 2258 1302 autem
2285 1255 2404 1302 erat
2429 1257 2595 1319 puteo
2623 1265 2818 1306 saxum
2849 1267 3109 1325 magnum
3134 1297 3149 1321 ,
3187 1257 3332 1327 quod
3371 1257 3463 1311 ubi

1871 1347 2051 1395 coetus
2095 1350 2379 1410 pastorum
2420 1343 2796 1412 convenisset,
2840 1346 3140 1414 revolvere,
3165 1364 3230 1403 ac
3261 1350 3341 1405 sic
3373 1350 3465 1405 de-

1874 1430 2003 1487 inde
2039 1439 2094 1486 et
2121 1432 2228 1487 sibi
2268 1441 2326 1488 et
2354 1433 2552 1491 ovibus
2598 1448 2795 1506 aquam
2834 1437 3056 1494 haurire
3092 1440 3363 1496 solebant.
3397 1442 3468 1494 At

1870 1521 2044 1579 Jacob
2077 1524 2230 1580 solus
2273 1533 2493 1582 amovet
2540 1540 2758 1595 saxum,
2795 1544 2860 1584 ac
2907 1540 3037 1601 potu
3099 1548 3315 1603 sponsa:
3354 1550 3471 1589 sua:

1872 1614 2049 1671 reﬁcit
2075 1631 2228 1673 oves.
2262 1615 2540 1691 Enigma,
2577 1621 2792 1693 opinor,
2817 1636 2880 1677 ea
2916 1637 3005 1679 res
3028 1624 3235 1695 (erat),
3263 1634 3317 1680 et
3349 1643 3466 1679 lllll-

1872 1707 1973 1763 bra
2007 1706 2198 1764 futuri.
2239 1708 2379 1775 Quis
2407 1712 2553 1766 enim
2604 1711 2894 1783 impositus
2931 1715 3070 1786 lapis
3104 1717 3247 1773 alius
3304 1728 3466 1788 atque

198 1798 470 1869 ουργικῶν·
529 1798 677 1854 οὕτω
696 1799 896 1864 παντὸς
917 1799 1176 1853 ἐπέκεινα
1198 1798 1497 1873 θαύματος,
1522 1799 1581 1867 ἐξ
1602 1801 1773 1872 ἀνυμ-

1880 1800 1993 1872 ipse
2037 1800 2344 1859 Christus?
2378 1802 2454 1859 De
2513 1819 2625 1875 quo
2687 1807 2823 1862 dicit
2857 1808 3074 1864 Isaias:
3140 1807 3210 1863 Et
3257 1786 3461 1864 immit-

199 1891 378 1962 φεύτου
413 1891 687 1964 παρθένου
721 1891 881 1946 τόκον
904 1891 1159 1962 ὀφθῆναι.

1876 1902 1986 1948 tam
2035 1894 2092 1950 in
2125 1895 2480 1966 fundamenta
2517 1898 2652 1955 Sion
2702 1900 2930 1971 lapidem
2978 1904 3270 1972 pretiosum
3298 1944 3313 1967 ,
3370 1902 3465 1959 ho-

199 1997 449 2051 noratum,
473 1988 706 2043 electum
730 1986 797 2040 ⁸⁸.
835 1984 903 2041 Et
925 1984 1117 2043 Daniel
1142 1985 1432 2043 similiter:
1463 1984 1651 2042 Sectus
1695 1997 1774 2041 est
1812 1984 1952 2056 lapis
2008 1986 2204 2059 absque
2249 2005 2413 2044 manu
2436 1991 2503 2057 ¹⁹,
2555 1989 2613 2047 id
2651 1999 2736 2048 est
2769 2030 2782 2057 ,
2857 1991 3029 2049 Natus
3077 2003 3161 2050 est
3213 1995 3466 2051 Christus

199 2082 388 2151 absque
416 2084 557 2139 viro.
596 2080 668 2138 Ut
690 2081 838 2137 enim
873 2096 1095 2147 novum.
1138 2081 1446 2137 inauditum
1477 2089 1531 2136 et
1563 2083 1884 2137 inusitatum
1913 2091 2020 2148 est,
2048 2083 2285 2154 lapidem
2320 2084 2392 2140 ab
2431 2099 2568 2157 rupe
2598 2086 2848 2143 abscindi
2878 2088 2998 2143 sine
3037 2103 3205 2159 opera
3252 2089 3462 2156 latomi,

199 2182 346 2245 atque
374 2171 766 2229 instrumentis
787 2173 1103 2229 latomicis:
1138 2173 1216 2229 ita
1248 2181 1474 2237 superat
1511 2186 1676 2228 omne
1706 2173 2055 2239 miraculum,
2083 2173 2255 2229 vide-ri
2289 2180 2510 2246 partum
2537 2189 2601 2233 ex
2629 2176 2845 2249 virgine
2880 2178 3136 2251 innupta.

269 2363 547 2417 Ἐπέκειτο
577 2361 757 2416 τοίνυν
783 2361 863 2432 τῷ
901 2360 1097 2433 φρέατι
1125 2363 1155 2416 6
1197 2359 1344 2426 λίθος
1370 2362 1400 2416 6
1428 2360 1617 2432 νοητὸς
1642 2362 1778 2432 Χρι-

201 2455 336 2522 στὸς,
367 2454 634 2526 κρύπτων
659 2455 720 2509 ἐν
752 2453 906 2525 βάθει
932 2456 1026 2508 καὶ
1056 2454 1341 2526 μυστηρίῳ
1360 2453 1422 2509 τὺ
1448 2454 1550 2526 τῆς
1577 2453 1777 2521 παλιγ-

201 2548 427 2616 γενεσίας
485 2545 736 2615 λουτρὸν,
795 2545 876 2600 ἔτι
905 2546 1100 2618 χρόνου
1144 2546 1341 2601 πολλοῦ
1386 2545 1641 2618 δεόμενον
1700 2545 1782 2609 είς

199 2638 522 2709 ἀποκάλυψιν
567 2638 644 2701 ὡς
674 2636 910 2708 σχοινίου
942 2637 1181 2709 μακροῦ.
1213 2636 1407 2702 Οὐδεὶς
1433 2638 1490 2691 δέ
1514 2636 1607 2691 τὸν
1634 2636 1782 2689 λίθον

201 2731 531 2799 ἀπεκύλισεν,
577 2732 627 2785 εί
656 2729 730 2801 μὴ
775 2730 1016 2802 Ἰσραὴλ,
1039 2730 1097 2793 ὃς
1129 2731 1248 2783 ἐστι
1291 2729 1417 2793 νοῦς
1449 2729 1593 2800 ὁρῶν
1618 2728 1770 2782 Θεόν.

211 2822 354 2876 Ἀλλὰ
373 2823 466 2878 καὶ
496 2823 765 2893 ἀνιμᾶται
786 2821 847 2875 τὸ
877 2821 1042 2893 ὕδωρ,
1069 2822 1165 2876 καὶ
1191 2820 1403 2885 ποτίζει
1430 2819 1499 2874 τὰ
1525 2819 1774 2892 πρόϐατα

198 2916 287 2986 τῆς
325 2917 552 2990 Ῥαχὴλ,
587 2914 858 2981 τουτέστι,
900 2917 1197 2987 μυστήριον
1235 2914 1619 2988 κεκρυμμένον
1639 2914 1774 2968 ἀποο

200 3008 422 3078 καλύψας
434 3009 623 3063 δίδωσι
642 3005 873 3071 ζωτικὸν
886 3005 1033 3081 ὕδωρ
1045 3009 1110 3080 τῇ
1126 3007 1298 3080 ἀγέλῃ
1310 3007 1410 3078 τῆς
1423 3004 1772 3077 Ἐκκλησίας.

200 3098 368 3152 Καὶτδ
389 3098 499 3152 τῶν
520 3095 692 3168 τριῶν
715 3095 926 3168 ῥάϐδων
946 3095 1040 3149 τοῦ
1073 3095 1271 3150 Ἰακὼϐ
1280 3091 1536 3164 πρόσθες.
1568 3094 1689 3165 ’Δφ⁴
1713 3083 1776 3148 οὗ

1944 2356 2241 2430 Ιηιροεὶιυε
2274 2358 2444 2430 igitur
2503 2367 2623 2415 erat
2685 2368 2853 2431 puteo
2901 2360 3081 2432 lapis,
3136 2363 3231 2433 qui
3285 2373 3467 2420 mente

1874 2452 2125 2506 cernitur
2152 2450 2429 2517 Christus,
2489 2451 2837 2510 abscondens
2897 2452 2953 2508 in
2985 2452 3265 2525 profundo
3304 2467 3468 2527 atque

1876 2542 2147 2613 mysterio
2198 2543 2484 2598 lavacrum
2539 2546 3003 2615 regenerationis,
3073 2548 3220 2618 quod
3285 2548 3466 2604 adhuc

1878 2636 2056 2690 multo
2099 2641 2370 2705 tempore,
2407 2642 2672 2706 tanquam
2726 2638 2892 2708 longo
2952 2636 3104 2703 fune,
3158 2640 3224 2693 ad
3258 2643 3466 2696 revela-

1878 2726 2084 2782 tionem
2138 2741 2279 2796 opus
2308 2726 2567 2784 habebat.
2603 2726 2773 2783 Nemo
2807 2741 2989 2784 autem
3047 2730 3282 2801 lapidem
3313 2749 3465 2787 amo-

1878 2818 2059 2881 vebat,
2081 2817 2187 2874 nisi
2214 2818 2401 2883 Israel,
2427 2834 2546 2890 quae
2572 2827 2657 2876 est
2682 2835 2835 2876 mens
2854 2821 3045 2876 videns
3069 2822 3259 2877 Deum.
3292 2823 3464 2890 Quiu-

1878 2912 2049 2965 etiam
2080 2911 2263 2965 haurit
2306 2926 2527 2983 aquam,
2558 2922 2613 2972 et
2644 2918 2830 2982 potum
2875 2913 3080 2983 praebet
3126 2916 3326 2991 ovibus
3353 2914 3464 2969 Ra-

1889 3002 2088 3068 chelis,
2115 3001 2221 3058 hoc
2251 3012 2359 3069 est,
2389 3005 2675 3076 mysterio,
2717 3007 2865 3076 quod
2913 3006 3294 3064 absconditqu
3323 3020 3461 3075 erat,

1881 3094 2146 3160 revelato,
2191 3094 2284 3150 dat
2325 3110 2522 3166 aquam
2556 3097 2778 3151 vitalem
2814 3095 3075 3155 Ecclesia:
3108 3101 3282 3172 gregi.
3313 3102 3466 3157 Adde

201 3195 296 3262 γὰρ
323 3193 379 3245 αἱ
409 3194 566 3262 τρεῖς
597 3188 786 3260 ῥάϐδοι
823 3190 888 3260 τῇ
921 3191 1072 3260 πηγῇ
1101 3187 1504 3259 παρετέθησαν,
1551 3186 1617 3241 ἐκ
1646 3185 1771 3241 τότε

1880 3187 1984 3244 huc
2042 3189 2210 3242 trium
2246 3189 2523 3261 virgarum
2573 3188 2761 3246 Jacobi
2796 3207 2913 3248 rem
2967 3201 3202 3263 gestam.
3242 3195 3321 3249 Ex
3356 3211 3466 3266 quo

197 3282 224 3334 6
251 3282 424 3337 Λὰϐαν
449 3284 478 3337 6
509 3278 798 3343 πολύθεος,
831 3278 1002 3350 πένης
1031 3279 1270 3347 ἐγένετο,
1311 3280 1565 3342 πλούσιος
1592 3278 1650 3332 δὲ
1681 3278 1777 3332 καὶ

200 3373 484 3449 πολύαρνος
544 3370 763 3428 Ἰακώϐ.
809 3370 1263 3443 Ἀλληγορηθήτω
1303 3370 1361 3424 δέ
1404 3371 1434 3425 6
1483 3369 1668 3424 Λάϐαν
1696 3370 1777 3433 είς

197 3467 279 3520 τὸν
322 3466 590 3528 διάϐολον,
637 3465 732 3518 καὶ
767 3465 797 3518 6
838 3462 1033 3517 Ἰακὼϐ
1071 3463 1152 3525 είς
1205 3461 1297 3515 τὸν
1327 3460 1583 3528 Χριστόν.
1621 3460 1777 3514 Μετὰ

200 3556 296 3624 γὰρ
329 3558 389 3613 τὸ
435 3557 751 3629 βάπτισμα,
798 3554 1034 3627 Χριστὸς
1064 3554 1246 3610 πᾶσαν
1292 3549 1397 3625 ἦρε
1442 3552 1543 3624 τὴν
1576 3551 1779 3647 ἀγέλην

197 3651 281 3705 τοῦ
310 3652 527 3706 Σατανᾶ
549 3692 567 3716 ,
602 3650 698 3704 καὶ
712 3645 876 3710 αὐτὸς
895 3648 1219 3719 ἐπλούτησε.
1250 3645 1494 3716 Μωῠσῆς
1530 3645 1587 3699 δέ
1612 3646 1641 3699 6
1677 3643 1776 3716 μέ-

199 3757 310 3809 γας,
344 3743 543 3813 βρέφος
595 3741 855 3812 ὑπάρχων
890 3741 1103 3795 ἀστεῖον
1136 3738 1232 3793 καὶ
1280 3735 1604 3809 ύπομάζιον,
1640 3735 1778 3790 ὑποι

200 3833 370 3889 πεσὼν
390 3838 458 3907 τῇ
503 3835 664 3904 κοινῇ
695 3834 791 3888 καὶ
820 3832 1119 3906 σκυθρωπῇ
1144 3830 1332 3903 ψήφῳ,
1377 3829 1446 3902 ἢν
1481 3830 1512 3883 6
1542 3827 1779 3901 σκληρὸς

201 3925 383 3995 Φαραὼ
428 3925 579 3981 κατὰ
602 3925 713 3980 τῶν
759 3923 975 3997 βρεφῶν
1005 3923 1114 3977 τῶν
1164 3922 1412 3995 ἀρρένων
1461 3920 1776 3993 ἐξήνεγκεν,

201 4015 405 4092 ἐξετέθη
444 4017 593 4092 πρὸς
631 4021 756 4082 ταῖς
786 4016 975 4088 ὄχθαις
1016 4015 1111 4070 τοῦ
1151 4014 1420 4085 ποταμοῦ,
1450 4016 1510 4068 οὐ
1551 4013 1778 4086 γυμνὸς,

200 4108 305 4162 ἀλλ’
328 4111 626 4183 ἐμϐληθεὶς
644 4110 899 4184 λάρνακι.
938 4108 1085 4162 Ἔδει
1114 4107 1223 4178 γὰρ
1257 4102 1396 4161 εῖναι
1421 4106 1668 4170 τυπικῶς
1690 4105 1780 4160 τὸν

202 4198 352 4270 νόμον
387 4201 446 4257 ἐν
474 4199 720 4271 κιϐωτῷ.
784 4198 983 4268 Ἐγγὺς
1011 4196 1067 4252 δὲ
1113 4195 1383 4267 κατετέθη
1428 4196 1523 4250 τοῦ
1565 4195 1778 4260 ὕδατος.

200 4287 403 4363 Γειτνιᾷ
422 4292 537 4363 γὰρ
568 4291 597 4343 6
626 4289 790 4361 νόμος
824 4291 892 4360 τῇ
921 4286 1107 4359 χάριτι
1128 4303 1143 4317 ο
1174 4285 1271 4341 καὶ
1302 4285 1372 4340 τὰ
1401 4285 1653 4357 ἐφήμερα
1672 4285 1782 4340 τῶν

213 4380 468 4456 Ἐϐραίων
509 4382 882 4454 ραντίσματα,
907 4380 946 4437 ἃ.
990 4378 1185 4453 μικρὸν
1221 4378 1453 4451 ὕστερον
1483 4377 1678 4450 ἔμελλε
1702 4375 1783 4448 τῷ

200 4474 376 4546 τελείῳ
397 4475 496 4528 καὶ
513 4472 813 4545 θαυμαστῷ
834 4471 1169 4543 βαπτίσματι
1193 4468 1659 4541 καλυφθήσεσθαι.
1694 4468 1783 4533 Ὠς

205 4561 256 4616 δὲ
278 4564 474 4637 Παύλῳ
503 4564 586 4635 τῷ
629 4563 900 4634 θεσπεσίῳ
934 4563 1101 4629 δοκεῖ,
1129 4563 1225 4618 καὶ
1254 4564 1284 4616 6
1311 4560 1440 4625 λαὸς
1478 4559 1643 4626 αὐτὸς
1678 4559 1778 4633 τὴν

215 4655 468 4729 Ἐρυθρὰν
494 4656 824 4729 περαιωθεὶς
853 4655 1150 4722 θάλασσαν,
1176 4654 1275 4727 τὴν
1294 4654 1353 4722 ἐξ
1379 4653 1570 4718 ὓδατος
1598 4671 1778 4725 σωτη-

205 4745 317 4817 ρίαν
362 4747 779 4820 εὐηγγελίσατο.
824 4746 1109 4819 Παρῆλθεν
1143 4747 1172 4800 6
1200 4746 1350 4810 λαὸς,
1380 4744 1476 4799 καὶ
1528 4744 1780 4815 βασιλεὺς

204 4839 229 4890 ὁ
254 4839 552 4909 Λίγύπτιος
592 4838 730 4912 μετὰ
755 4839 857 4910 τῆς
895 4839 1154 4910 στρατιᾶς
1180 4836 1459 4907 ἐϐυθίσθη,
1495 4835 1590 4889 καὶ
1622 4834 1782 4889 τοῦτο

203 4928 259 4981 τὸ
285 4932 587 5002 μυστήριον
611 4931 701 4985 διὰ
723 4929 833 4984 τῶν
871 4930 1048 5002 ἔργων
1085 4927 1509 5001 προεφητεύετο.
1543 4927 1651 4981 Καὶ
1683 4926 1782 4981 νῦν

204 5021 322 5091 γὰρ,
360 5020 530 5093 ἡνίκα
556 5020 621 5076 ἂν
645 5023 675 5073 6
697 5019 825 5083 λαὸς
851 5021 908 5072 ἐν
930 5017 1009 5090 τῷ
1040 5017 1140 5088 τῆς
1178 5014 1597 5086 παλιγγενεσίας
1627 5014 1781 5069 ὕδατι

202 5110 439 5181 γένηται,
476 5111 696 5180 φεύγων
716 5109 815 5181 τὴν
844 5108 1140 5177 Αἴγυπτον,
1162 5106 1261 5179 τὴν
1298 5104 1578 5178 μοχθηρὰν
1600 5106 1781 5175 ἁμαρ-

203 5201 337 5266 τίαν,
367 5201 537 5265 αύτδς
565 5203 664 5275 μὲν
691 5199 1068 5273 ἐλευθεροῦται
1090 5198 1185 5252 καὶ
1204 5196 1457 5261 σώζεται,
1474 5198 1503 5249 6
1522 5197 1578 5250 δὲ
1600 5195 1783 5250 διάϐο-

202 5290 286 5356 λος
308 5294 446 5364 μετὰ
476 5292 589 5350 τῶν
620 5294 767 5348 ἰδίων
795 5290 1086 5364 ὑπηρετῶν
1112 5289 1276 5362 (λέγω
1298 5287 1363 5359 δὴ
1392 5288 1502 5341 τῶν
1533 5287 1783 5358 πνευμὰ-

202 5402 302 5439 των
331 5388 432 5459 τῆς
475 5386 765 5460 πονηρίας)
801 5385 1166 5454 ἀποπνίγεται
1208 5385 1277 5453 τῇ
1311 5379 1459 5451 λύπῃ
1490 5381 1586 5435 καὶ
1630 5379 1785 5448 φθεί-

205 5491 370 5542 ρεται,
411 5477 705 5549 συμφορὰν
745 5476 884 5530 ίδίαν
909 5474 1009 5546 τὴν
1030 5475 1139 5529 τῶν
1162 5470 1468 5544 ἀνθρώπιον
1510 5471 1785 5542 σωτηρίαν

274 5680 312 5710 ’⁷
348 5677 486 5734 Cen.
553 5695 708 5742 uix,
748 5678 782 5733 9
818 5693 942 5742 sqq.
1045 5676 1091 5708 ¹⁸
1122 5674 1228 5732 lsa.
1264 5690 1472 5737 xxvm,
1513 5672 1600 5729 16.

275 5693 310 5710 υ
348 5693 486 5734 uen.
553 5695 708 5742 uix,
748 5693 782 5733 υ
818 5694 844 5734 ε
885 5693 942 5748 q.
1048 5693 1058 5708 ·

205 5742 383 5819 5sq1.
458 5750 505 5781 ι’
551 5749 727 5805 lCor.
768 5694 884 5812 χλ
932 5762 1058 5817 sqq.

1704 5672 1747 5703 ¹⁹
1790 5671 1924 5728 Dan.
1972 5689 2031 5740 η,
2077 5673 2167 5728 45.

1136 5748 1182 5779 ’³
1216 5746 1389 5801 Exod.
1421 5761 1537 5810 xw,
1566 5744 1638 5797 τε
1668 5758 1789 5812 sqq.

1879 3281 2025 3336 enim
2060 3288 2175 3335 tres
2231 3279 2336 3335 illm
2365 3281 2532 3353 virgae
2587 3280 2725 3336 fonti
2785 3285 3051 3354 appositae
3097 3294 3246 3349 sunt,
3296 3301 3363 3341 ex
3399 3300 3465 3341 eo

1879 3376 2125 3440 tempore
2144 3367 2329 3424 Laban
2354 3370 2443 3424 ille
2475 3369 2769 3425 multorum
2795 3369 3023 3428 deorum
3071 3375 3467 3444 superstitione

1879 3460 2206 3531 implicitus,
2263 3474 2472 3531 pauper
2528 3461 2736 3527 evasit;
2768 3460 2941 3518 Jacob
2981 3473 3159 3519 autem
3195 3465 3359 3520 ditari
3410 3476 3464 3520 et

1879 3553 2039 3623 agnis
2072 3551 2359 3607 abundare
2406 3552 2667 3624 cmpit".
2714 3552 3026 3625 Allegorico
3064 3566 3246 3610 autem
3297 3574 3462 3612 sensu

1879 3641 2066 3699 Laban
2098 3643 2164 3699 ad
2199 3643 2500 3707 diabolum,
2544 3643 2716 3701 Jacob
2751 3645 2817 3702 ad
2854 3646 3137 3702 Christum
3170 3649 3461 3704 referatur.

1877 3731 2014 3787 Nam
2046 3738 2172 3804 post
2224 3733 2495 3805 baptisma
2539 3734 2796 3792 Christus
2832 3752 3050 3795 omnem
3100 3740 3303 3796 diaboli
3341 3758 3466 3813 gre-

1879 3830 2001 3898 ‘geui
2028 3826 2275 3895 abstulit,
2303 3834 2357 3884 et
2386 3828 2504 3899 ipse
2538 3828 2749 3886 ditatus
2775 3839 2882 3889 est.
2910 3829 3126 3904 Moyses
3159 3843 3343 3888 autem
3377 3836 3467 3889 ille

1881 3931 2134 3988 magnus,
2161 3933 2287 3974 cum
2322 3934 2458 3989 puer
2499 3921 2675 3978 scitus
2714 3929 2770 3977 et
2797 3924 3039 3996 elegans,
3091 3932 3256 3996 atque
3299 3927 3466 3980 etiam

1881 4020 2030 4063 nunc
2053 4009 2157 4066 sub
2179 4009 2445 4067 uberibus
2471 4018 2639 4078 esset,
2672 4013 2951 4068 communi
2983 4029 3047 4070 ac
3070 4016 3211 4070 tristi
3243 4025 3467 4071 sentcno

1881 4100 2004 4166 tiae,
2041 4116 2204 4171 quam
2252 4101 2427 4156 durus
2481 4103 2574 4158 ille
2626 4101 2843 4159 Pharao
2901 4102 3165 4159 adversus
3231 4105 3468 4160 infantes

1881 4192 2161 4247 masculos
2188 4192 2408 4258 tulerat,
2438 4193 2747 4262 subjectus,
2784 4195 3071 4264 expositus
3099 4204 3183 4250 est
3218 4196 3286 4248 ad
3321 4196 3468 4264 ripas

1884 4283 2086 4350 amnis,
2119 4299 2229 4337 non
2288 4284 2494 4347 nudus,
2525 4284 2619 4339 sed
2656 4284 2809 4339 cista:
2863 4286 3155 4355 impositus
3186 4286 3255 4340 ¹¹.
3289 4286 3467 4357 Opor~

1885 4375 2032 4430 lebat
2060 4377 2207 4432 enim
2253 4375 2426 4446 legem
2453 4376 2636 4446 typice
2663 4385 2718 4431 et
2747 4377 3042 4448 allegorice
3072 4394 3195 4435 esse
3230 4382 3285 4434 in
3319 4395 3466 4436 arca.

1885 4465 2067 4538 Prope
2113 4482 2311 4539 aquam
2365 4480 2546 4524 autem
2612 4469 2897 4541 depositus
2924 4481 3032 4526 cst.
3069 4469 3263 4527 Vicina
3322 4474 3468 4527 enim

1810 4537 1858 4597 θ
1884 4537 2074 4631 gratia:
2107 4537 2190 4614 lex
2222 4568 2327 4624 est,
2351 4567 2405 4615 et
2437 4537 2775 4630 quotidiana:
2809 4561 3161 4618 Hebraeorum
3196 4558 3473 4634 aspersio—

1887 4667 1985 4707 nes
2020 4669 2033 4706 :
2065 4664 2206 4721 quae,
2241 4650 2407 4720 paulo
2465 4660 2590 4721 post
2637 4652 2881 4707 futurum
2932 4663 3053 4708 erat
3109 4663 3169 4709 ut
3229 4655 3473 4725 perfecto

1883 4754 2049 4812 atque
2103 4741 2426 4797 admirando
2464 4742 2796 4814 baptismate
2853 4745 3254 4816 obtegerentur.
3294 4747 3472 4817 Atque

1884 4842 1945 4889 ut
1975 4834 2164 4889 divino
2194 4834 2366 4889 Paulo
2399 4837 2702 4901 videtur“,
2737 4837 2901 4893 etiam
2936 4840 3172 4908 populus
3203 4840 3338 4909 ipse,
3374 4840 3466 4907 qui

1885 4925 2133 4981 Rubrum
2169 4944 2320 4984 mare
2348 4930 2625 4994 transivit,
2662 4946 2805 4990 eam.
2841 4947 2962 5001 qua“:
2990 4945 3055 4987 ex
3083 4946 3222 5001 aqua
3254 4933 3470 4987 contin—

1887 5019 1986 5089 git,
2013 5020 2246 5075 salutem
2269 5022 2639 5076 annuntiavit.
2673 5020 2957 5079 Transivit
3005 5023 3259 5093 populus,
3291 5033 3346 5078 et
3374 5040 3469 5078 rex

1890 5108 2183 5182 Egyptius
2214 5127 2338 5166 cum
2364 5114 2611 5168 exercitu
2634 5113 2959 5170 submersus
2986 5122 3072 5169 est
3093 5115 3160 5178 ",
3184 5121 3239 5169 et
3268 5124 3472 5186 myste-

1891 5205 2033 5259 rium
2068 5218 2165 5273 per
2193 5218 2359 5274 opera
2392 5204 2812 5274 praedicebatur.
2837 5204 3049 5261 Etenim
3078 5222 3224 5262 nunc
3251 5209 3473 5276 quando

1891 5294 2129 5364 populus
2186 5295 2401 5364 fugiens
2461 5295 2791 5367 Egyptum,
2845 5297 3155 5367 improbum
3215 5298 3472 5367 (scilicet)

1890 5388 2199 5450 peccatum,
2238 5383 2293 5437 in
2352 5400 2490 5454 aqua
2543 5386 2976 5455 regenerationis
3038 5396 3311 5449 versatur,
3356 5390 3473 5458 ipse

1890 5472 2111 5543 quidem
2151 5474 2417 5530 liberatur
2470 5483 2525 5530 et
2565 5483 2861 5544 servatur;
2889 5475 3144 5533 diabolus
3185 5493 3320 5551 vero
3346 5494 3471 5534 cum

2266 5675 2311 5706 ὀ
2357 5675 2494 5730 Ceu.
2551 5691 2680 5740 xxx,
2716 5674 2786 5729 27
2821 5690 2943 5745 sqq.
3023 5677 3066 5707 ’ί
3109 5671 3287 5730 Exod.
3336 5689 3471 5740 ml,
