3882 6448
398 322 496 380 ὅθί

1651 318 1710 375 S.
1738 315 2067 376 GREGOR“
2086 316 2383 375 NYSSENI

3587 325 3686 386 592

400 445 518 502 suis
559 443 827 502 ministris
846 443 949 515 (de
978 443 1266 517 spiritibus
1298 442 1559 499 nimirum
1609 443 1875 514 improbis
1907 443 1986 498 lo-

2102 443 2412 515 ήγοὺμενος.
2460 441 2643 497 Ἱκανὰ
2677 442 2776 513 μὲν
2804 437 2899 497 οῦν
2932 442 3029 498 καὶ
3068 442 3245 499 ταῦτα
3287 445 3374 508 είς
3403 444 3689 516 βεϐαίωσιν

396 535 561 611 quor)
597 530 770 592 animi
821 536 1012 593 dolore
1060 534 1386 600 suﬁ'ocatur,
1432 544 1489 591 et
1535 534 1849 601 conﬁcitur,
1881 548 1983 605 pro

400 643 500 684 sua
565 628 880 683 calamitate
908 627 1212 683 hominum
1264 626 1501 683 salutem
1533 626 1763 682 ducens.
1804 626 1983 695 Atque

342 702 355 720 ’
397 721 563 774 etiam
596 718 713 774 haec
737 718 1158 789 quidem-nobis
1187 717 1254 772 ad
1289 717 1984 787 conﬁrniatiouemipropo-

397 812 487 868 siti
529 819 798 867 tractatus
831 810 1169 867 suﬁ'ecerint.
1211 808 1596 865 Verumtamen
1626 822 1702 863 ne
1749 822 1981 878 sequen-

398 906 474 959 tia
505 903 728 974 quidem
765 905 1118 960 honestarum
1160 917 1342 958 rerum
1377 899 1628 957 studioso
1661 898 1983 971 negligenda

404 1007 561 1051 sunt.
598 994 785 1052 Multis
812 994 958 1051 enim
997 991 1356 1051 incommodis
1376 991 1744 1057 conﬂictatum,
1784 1007 1991 1063 quemq

403 1086 699 1143 admodum
785 1086 1114 1148 didicimus,
1163 1082 1519 1140 Hebraeorum
1600 1084 1876 1155 populus,
1931 1092 1986 1140 et

401 1179 678 1235 laborioso
710 1187 871 1249 atque
938 1177 1173 1234 molesto
1215 1174 1532 1231 solitudinis
1583 1174 1841 1232 confecto
1870 1175 1998 1231 αἰτι-

401 1271 577 1336 cuitu,
601 1284 709 1326 non
735 1270 890 1340 prius
925 1276 1127 1324 terram
1155 1267 1541 1339 promissionis
1570 1266 1798 1338 recepit,
1823 1279 1990 1337 quam

402 1364 643 1420 ducente
673 1362 826 1428 Jesu,
860 1361 1140 1432 vitamque
1169 1360 1292 1431 ejus
1318 1360 1658 1431 gubernante
1690 1358 1759 1414 ad
1794 1355 1989 1414 Iorda-

403 1472 527 1512 nem
561 1457 811 1528 pervenit
838 1455 905 1511 “.
929 1453 1288 1526 Perspicuum
1316 1460 1406 1508 est
1424 1458 1629 1516 autem,
1654 1450 1800 1522 quod
1826 1450 1989 1505 etiam

401 1545 589 1615 Jesus,
631 1546 726 1617 qui
789 1543 1080 1601 duodecim
1145 1556 1279 1599 saxa
1331 1541 1387 1597 in
1437 1539 1663 1596 ﬂumine
1712 1538 1989 1610 deposuit,

403 1637 694 1695 duodecim
726 1637 1031 1707 discipulos
1073 1634 1364 1691 ministros
1394 1633 1742 1704 baptismatis
1775 1644 1993 1701 praepa-

405 1731 565 1787 rabat
613 1744 679 1786 ac
730 1727 1185 1800 praedestinabat.
1241 1724 1415 1780 Porro
1481 1722 1814 1781 sacriﬁcium
1860 1720 1995 1776 illud

407 1821 766 1887 admirabile,
818 1818 1076 1890 quodque
1144 1832 1364 1873 omnem
1410 1816 1715 1872 humanam
1770 1822 1994 1903 superat
2024 1848 2066 1903 Β

409 1922 672 1978 mentem,
711 1909 986 1965 Thesbitae
1028 1908 1175 1962 illius
1202 1907 1373 1969 senis,
1423 1906 1554 1976 quid
1581 1904 1729 1959 aliud
1769 1902 1987 1958 tandem

409 2013 573 2075 atque
597 2018 656 2059 re
685 2002 802 2073 ipsa
840 1998 1235 2072 ,prtesigniﬁcat
1281 1997 1442 2053 ﬁdem
1493 1996 1549 2053 in
1571 1994 1785 2052 Patrem
1815 2005 1869 2051 et
1898 1992 1991 2048 Fi-

408 2095 542 2149 lium
586 2101 641 2149 et
675 2093 939 2163 Spiritum
992 2099 1265 2154 sanctum,
1314 2099 1478 2159 atque
1529 2086 1994 2157 redemptionem?

408 2182 773 2254 Posteaquam
830 2179 976 2236 enim
1023 2180 1318 2234 universus
1352 2176 1707 2234 Hebraeorum
1756 2175 1993 2247 populus

412 2276 587 2346 patria
641 2274 963 2329 conculcata
1004 2273 1236 2343 pietate,
1285 2269 1339 2324 in
1392 2283 1634 2325 errorem
1693 2269 1992 2323 multorum

411 2369 646 2422 deorum
699 2365 884 2420 cultus
917 2365 1211 2435 prolapsus
1251 2368 1370 2418 erat
1401 2378 1416 2416 :
1451 2370 1509 2416 et
1536 2375 1632 2417 rex
1681 2359 1869 2417 Achab
1909 2358 1994 2414 ab

414 2459 836 2515 simulacro‘rum
868 2456 1020 2512 cultu
1057 2452 1440 2516 deludebatur,
1469 2468 1595 2508 cum
1628 2453 1827 2507 malam
1873 2451 1997 2508 vita

413 2550 624 2606 sociam
675 2546 1244 2617 scelestissimamque
1304 2543 1602 2615 impietatis
1675 2542 1994 2614 magistram

416 2642 644 2697 haberet
702 2638 996 2695 infaustam
1060 2648 1114 2693 et
1177 2634 1571 2692 exsecrandum
1628 2631 1935 2689 Jezabelem
1968 2652 1994 2689 Δι

418 2734 658 2804 repletus
680 2731 949 2803 propheta
974 2728 1149 2800 gratia
1181 2725 1477 2797 spirituali,
1501 2732 1557 2781 et
1593 2738 1720 2779 cum
1772 2723 1997 2779 Achabo

418 2837 775 2896 congressus,
813 2827 952 2877 teste
994 2833 1150 2891 rege,
1181 2817 1441 2889 omnique
1492 2816 1698 2888 populo
1739 2815 1999 2873 sacerdo-

418 2918 568 2990 tibps
598 2914 724 2970 Baal
756 2928 816 2970 se
838 2911 1097 2985 opposuit
1148 2910 1216 2966 ad
1245 2918 1525 2966 certamen
1576 2910 1770 2982 ingens
1799 2916 1854 2966 et
1904 2909 2002 2965 ad-

420 3007 709 3074 mirabile;
767 3012 932 3075 atque
992 3002 1119 3057 illos
1146 3043 1162 3069 ,
1216 2990 1329 3073 qui
1355 3006 1773 3072 proposuerant
1837 3007 2003 3073 atque

2080 536 2182 607 τῆς
2197 535 2567 607 προκειμένης
2587 534 2976 607 πραγματείας
2991 531 3081 607 ἦν.
3106 535 3262 609 Πλὴν
3282 535 3415 591 οὐδὲ
3436 536 3547 590 τῶν
3567 538 3690 608 ἑξῆς

2082 627 2389 698 ἀμελητέον
2416 627 2498 699 τῷ
2526 628 2821 700 φιλοκάλῳ.
2850 627 3030 682 Πολλὰ
3070 627 3179 700 γὰρ
3206 625 3434 694 παθὼν,
3466 625 3544 692 ὡς
3570 622 3689 683 ‘15:-

2082 719 2383 791 δάχθημεν,
2412 721 2441 775 ό
2472 720 2580 774 τῶν
2626 720 2895 794 Ἑϐραίων
2937 719 3088 789 λαὸς,
3127 721 3225 774 καὶ
3253 720 3364 792 τὴν
3412 720 3691 791 μοχθηρὰν

2083 811 2343 875 διανύσας
2373 811 2472 882 τῆς
2505 812 2716 884 ἐρήμου
2746 812 2997 884 περίοδον
3020 852 3036 878 ,
3066 813 3128 867 οὐ
3167 812 3447 884 πρότερον
3471 811 3572 885 τὴν
3590 813 3690 884 γῆν

2085 904 2186 974 τῆς
2229 904 2562 974 ἐπαγγελίας
2609 904 2872 971 ἀπέλαϐε,
2919 904 3051 977 πρὶν
3094 905 3435 977 όδηγοῦντος
3492 904 3686 977 Ἰησοῦ,

2082 996 2182 1049 καὶ
2222 995 2321 1068 τὴν
2344 994 2490 1068 ζωὴν
2532 995 2702 1050 αὑτοῦ
2731 995 3125 1069 κυϐερνῶντος,
3160 998 3241 1059 είς
3284 996 3387 1050 τὸν
3422 997 3688 1068 Ἰορδάνην

2087 1085 2416 1159 ἐπεραιώθη.
2459 1087 2668 1158 Ἰησοῦς
2709 1088 2764 1143 δὲ
2805 1089 3054 1153 καὶτοὺς
3080 1088 3296 1143 δώδεκα
3342 1088 3535 1151 λίθους
3559 1090 3689 1142 ἀπο-

2088 1177 2314 1249 θέμενος
2332 1179 2393 1233 ὲν
2416 1177 2496 1250 τῷ
2529 1179 2783 1251 ῥεύματι,
2810 1179 3079 1252 πρόδηλόν
3102 1181 3276 1247 ἐστιν,
3307 1180 3395 1233 ὅτι
3427 1180 3556 1244 τοὺς
3591 1179 3685 1233 δώ-

2087 1268 2225 1324 δεκα
2246 1268 2514 1341 μαθητὰς,
2541 1271 2669 1333 τοὺς
2692 1270 2970 1342 ὑπηρέτας
2996 1268 3088 1325 τοῦ
3118 1270 3533 1341 βαπτίσματος,
3563 1286 3687 1341 προ-

2089 1359 2436 1432 ηυτρέπιζεν.
2474 1361 2539 1414 Ἥ
2559 1360 2616 1414 δὲ
2637 1359 2924 1433 θαυμαστὴ
2943 1361 3221 1435 ἱερουργία
3247 1362 3351 1415 καὶ
3376 1360 3687 1417 πάντανοῦν

2091 1450 2397 1523 ἀνθρώπων
2426 1454 2829 1527 ὑπερϐαίνουσα
2856 1453 2951 1508 τοῦ
2985 1454 3245 1508 Θεσϐίτου
3279 1452 3382 1507 τοῦ
3416 1454 3685 1525 γέροντος,

2091 1543 2145 1599 τί
2173 1560 2305 1597 ποτε
2327 1544 2475 1609 ἀλλο,
2506 1546 2540 1618 ἢ
2565 1546 2882 1617 πρακτικῶς
2909 1544 3212 1618 προμηνῦει
3238 1545 3346 1619 τὴν
3376 1550 3461 1612 εἰς
3476 1544 3686 1620 Πατέρα

2093 1637 2190 1693 καὶ
2212 1637 2341 1691 Υίδν
2367 1640 2462 1693 καὶ
2486 1638 2640 1708 ἀγιον
2667 1639 2890 1711 Πνεῦμα
2913 1638 3120 1705 πίστιν,
3146 1640 3245 1694 καὶ
3267 1639 3684 1710 ἀπολύτρωσινε

2108 1730 2328 1804 Ἐπειδὴ
2356 1730 2465 1802 γὰρ
2486 1731 2631 1795 ἀπας
2657 1734 2686 1786 ὁ
2711 1731 2824 1787 τῶν
2855 1732 3119 1805 Ἐϐραίων
3137 1732 3271 1798 λαὸς
3294 1733 3402 1806 τὴν
3434 1734 3684 1806 πατρῴαν

2096 1825 2349 1896 πατήσας
2370 1823 2671 1888 εὐσέϐειαν,
2692 1825 2771 1888 είς
2795 1824 2893 1897 τήν
2916 1824 3175 1878 πολύθεον
3196 1825 3418 1897 πλάνην
3441 1825 3681 1891 ἐξέπεσε,

2093 1914 2189 1967 καὶ
2241 1916 2271 1969 ό
2315 1914 2570 1985 βασιλεὺς
2631 1913 2838 1985 Ἀχαάϐ
2894 1913 3045 1984 παρά
3091 1912 3193 1984 τῆς
3240 1913 3682 1986 είδωλολατρείας

2089 2005 2366 2071 ὲπαίζετο,
2398 2006 2577 2078 κακὴν
2615 2003 2713 2059 τοῦ
2757 2004 2875 2075 βίου
2921 2003 3179 2058 κοινωνὸν
3228 2004 3328 2060 καὶ
3373 2005 3685 2076 παμμίαρον

2084 2097 2192 2168 τῆς
2222 2096 2475 2161 ἀσεϐείας
2505 2096 2647 2168 ἔχων
2679 2096 2999 2151 διδάσκαλον
3033 2095 3132 2165 τὴν
3159 2094 3490 2166 δυσώνυμον
3526 2093 3683 2157 Ἰεζά-

2090 2188 2190 2243 ϐελ
2207 2206 2222 2220 ·
2256 2189 2519 2259 πλησθεὶς
2537 2191 2566 2243 ό
2595 2189 2885 2260 Προφήτης
2912 2190 3015 2258 τῆς
3048 2188 3437 2258 πνευματικῆς
3456 2187 3682 2260 χάριτος.

2094 2280 2265 2336 ἐλθὼν
2295 2280 2352 2334 δὲ
2387 2282 2467 2345 είς
2494 2280 2784 2352 συντυχίαν
2814 2278 2894 2351 τῷ
2935 2278 3161 2350 Ἀχαάϐ,
3199 2279 3312 2332 ὑπὸ
3349 2279 3585 2351 μάρτυρι
3615 2275 3685 2346 τῷ

2097 2374 2311 2445 βασιλεῖ
2342 2374 2437 2428 καὶ⁸
2472 2374 2637 2428 παντλ⁵
2668 2372 2747 2443 τῷ
2789 2370 2929 2443 λαῷ,
2962 2373 3077 2436 τοῖς
3118 2372 3218 2443 τῆς
3259 2371 3418 2426 Βάαλ
3461 2368 3684 2442 ἱερεῦσιν

2094 2464 2458 2535 ἀντικατέστη
2491 2464 2630 2535 πρὸς
2674 2463 2862 2533 ἀγῶνα
2909 2461 3224 2534 θαυμαστὸν
3282 2461 3385 2515 καὶ
3438 2460 3682 2529 ἐξαίσιον.

2096 2554 2207 2609 Καὶ
2236 2553 2674 2626 προϐαλλόμενος
2689 2553 2873 2616 αὑτοῖς
2889 2553 2954 2607 τὸ
2981 2551 3153 2623 χωρὶς
3180 2550 3366 2623 πυρὸς
3407 2549 3678 2621 ἱερουργῆ-

2099 2664 2189 2701 σαι
2209 2648 2300 2700 τὸν
2327 2646 2454 2718 βοῦν
2478 2686 2493 2707 ,
2530 2645 2969 2714 καταγελάστους
2995 2643 3160 2709 ἔδειξε
3199 2644 3297 2697 καὶ
3320 2641 3559 2705 ἀθλίους,
3596 2639 3685 2710 μά-

2097 2757 2199 2811 την
2235 2738 2563 2810 εὐχομένους
2608 2736 2705 2790 καὶ
2732 2734 3034 2805 κράζοντας
3060 2736 3175 2799 τοῖς
3216 2734 3326 2787 οὑκ
3366 2728 3488 2786 οὖσι
3535 2728 3681 2790 θεοῖς.

2099 2831 2286 2897 Τέλος,
2321 2828 2786 2901 ἐπικαλεσάμενος
2828 2828 2993 2892 αὑτὸς
3021 2826 3115 2880 τὸν
3149 2826 3288 2881 [διον
3311 2825 3410 2880 καὶ
3447 2819 3681 2893 ἀληθινὸν

2100 2922 2258 2989 Θεὸν,
2309 2921 2639 2995 ὑπερϐολαῖς
2676 2919 2886 2974 πλείοσι
2919 2919 3016 2973 καὶ
3064 2917 3440 2990 προσθήκαις,
3486 2914 3682 2981 θαυμα-

2102 3013 2246 3078 στῶς
2299 3012 2576 3078 ἐξετέλεσε
2624 3012 2688 3066 τὸ
2733 3009 3042 3083 προϐληθὲν
3093 3008 3418 3079 ἀγώνισμα.
3473 3003 3546 3058 οὗ
3587 2999 3682 3070 γὰρ

420 3099 659 3172 professi
702 3103 880 3164 erant,
914 3093 1062 3165 quod
1095 3092 1304 3164 absque
1344 3093 1453 3164 igni
1488 3093 1680 3149 bovem
1718 3093 2001 3149 sacriﬁca-

2104 3103 2293 3169 ἀπλῶς
2314 3103 2612 3175 εὐξάμενος
2638 3104 2817 3175 ἦγαγε
2845 3092 2908 3156 τδ
2935 3101 3048 3174 πῦρ
3076 3101 3137 3168 ἐξ
3163 3096 3405 3169 οὐρανοῦ
3429 3093 3566 3149 κατά
3584 3090 3679 3145 τῶν

420 3192 535 3248 turi
569 3195 776 3256 essent,
803 3186 1066 3242 ridiculos
1111 3199 1174 3240 ac
1221 3185 1451 3240 miseros
1486 3184 1747 3251 ostendit,
1794 3184 2001 3243 frustra

2116 3196 2287 3262 ξύλων
2308 3194 2491 3267 ξηρῶν
2521 3194 2896 3267 ὑπαρχόντων,
2920 3193 3057 3248 ἀλλὰ
3079 3194 3189 3255 τοῖς
3212 3189 3521 3261 ὑπηρέταις
3544 3185 3683 3252 ἐγκε-

418 3289 713 3355 prccantes
742 3286 795 3334 et
825 3278 1147 3333 invocantes
1174 3274 1329 3342 deos,
1380 3276 1474 3345 qui
1511 3275 1647 3331 nulli
1672 3284 1821 3334 sunt.
1857 3276 2006 3334 Tan-

423 3375 548 3431 dem
572 3372 690 3446 ipse
720 3384 823 3427 suo
854 3383 919 3423 ac
946 3380 1074 3422 vero
1094 3364 1205 3423 Deo
1232 3365 1506 3434 invocato,
1537 3367 1858 3426 excessibus
1879 3368 2004 3441 plu-

418 3467 581 3523 ribus
610 3472 666 3522 et
711 3460 1115 3534 adiectionibus
1148 3459 1475 3517 mirabiliter
1508 3462 1851 3532 propositum
1882 3479 2005 3520 cer-

422 3568 606 3615 tamen
635 3550 949 3630 -peregit".
990 3548 1118 3610 Non
1156 3554 1302 3609 enim
1334 3553 1659 3623 simpliciter
1708 3565 2002 3626 precatus,

425 3654 627 3725 lignis,
662 3666 786 3723 quae
834 3648 988 3706 arida
1028 3656 1250 3715 essent,
1283 3647 1462 3719 ignem
1492 3663 1523 3703 c
1555 3648 1697 3702 coelo
1754 3652 2008 3721 superiu-

423 3742 605 3807 duxit,
633 3733 733 3796 sed
754 3753 888 3794 cum
919 3738 1200 3793 ministros
1230 3736 1482 3793 hortatus
1514 3745 1663 3794 esset
1714 3752 1779 3793 ac
1801 3739 2006 3808 jussis.

2110 3288 2441 3360 λευσάμενος
2461 3288 2556 3343 καὶ
2579 3287 2889 3361 προστάξας
2907 3286 3050 3359 ὕδωρ
3070 3283 3301 3356 κομίσαι
3325 3280 3482 3336 πολύ.
3507 3274 3681 3348 Τρίτον

2110 3380 2170 3435 δὲ
2194 3380 2303 3435 τῶν
2332 3380 2603 3451 σχιδάκων
2648 3380 2928 3451 καταχέας
2964 3378 3092 3443 τοὺς
3130 3377 3534 3449 ἀμφορίσκοι-ις.
3561 3365 3677 3436 είδκῇ

2109 3475 2173 3530 τὸ
2212 3472 2326 3546 πῦρ
2352 3471 2557 3543 ἀνῆψεν
2591 3472 2652 3540 ἐξ
2698 3471 2917 3536 ὑδατοςο
2959 3470 3048 3525 ἵνα
3084 3470 3150 3522 ὲκ
3181 3468 3284 3540 τῆς
3320 3462 3552 3538 φυσικῆς
3583 3455 3675 3510 τῶν

2112 3565 2391 3637 στοιχείων
2435 3563 2828 3633 ἐναντιότητος,
2872 3563 2938 3616 ὲκ
2972 3560 3069 3614 τοῦ
3124 3556 3436 3631 παραδόξου
3474 3547 3674 3616 συνδραο

2116 3655 2325 3727 μόντων
2346 3656 2425 3719 είς
2455 3654 2640 3723 φιλίαν
2668 3653 2760 3708 καὶ
2788 3651 3099 3724 συνεργίαν,
3127 3648 3271 3720 μετά
3304 3644 3505 3713 milia:
3532 3640 3677 3706 ὑπερ-

2114 3746 2276 3818 ϐολῆς
2305 3744 2400 3801 τοῦ
2439 3745 2568 3799 ίδίου
2606 3745 2742 3799 Θεοῦ
2773 3743 2873 3817 τὴν
2900 3743 3128 3814 δύναμιν
3162 3739 3487 3810 ἐνδείξηται.

423 3841 533 3898 set,
554 3838 618 3886 ut
647 3827 874 3886 multam
899 3843 1099 3899 aquam
1122 3826 1403 3894 afferrent,
1427 3841 1491 3882 ac
1519 3836 1601 3883 ter
1624 3828 1680 3883 in
1707 3829 1853 3901 ligna
1884 3832 2012 3890 ﬁssa
2050 3838 2437 3911 amplioriscos
2467 3836 2775 3902 eﬁudisset,
2797 3838 3050 3892 oratione
3110 3835 3291 3906 ignem
3322 3824 3560 3886 accendit
3607 3830 3676 3874 ω

426 3937 594 3994 aqua,
682 3930 744 3976 ut
800 3932 872 3976 ex
926 3920 1288 3990 repugnantia
1351 3921 1590 3976 naturali
1641 3922 2060 3995 elementorum,
2101 3947 2225 4003 qua:
2244 3941 2444 4004 praeter
2470 3947 2626 4004 spem
2675 3939 2731 3987 et
2785 3930 3103 4001 opinionem
3165 3927 3234 3983 ad
3265 3919 3606 3982 concordiam
3624 3913 3676 3966 et

426 4028 678 4074 mutuum
734 4014 1112 4086 adiumentum
1162 4022 1593 4083 concurrerant,
1643 4030 1772 4073 cum
1818 4035 2017 4094 magna
2057 4029 2449 4101 exsuperantia
2484 4036 2654 4101 atque
2681 4040 2915 4084 excessu
2957 4030 3190 4089 naturae,
3210 4021 3309 4078 sui
3374 4015 3476 4073 Dei
3504 4015 3678 4082 -Ρθίθίν

428 4113 559 4167 tiam
593 4109 1021 4165 demonstraret.
1120 4114 1131 4127 '

499 4200 615 4257 Hoc
645 4201 806 4256 modo
836 4198 985 4255 Elias
1019 4196 1240 4270 quidem
1263 4206 1450 4271 aperte
1479 4214 1623 4267 eam,
1655 4217 1779 4274 quae
1823 4205 1877 4262 in
1906 4223 2009 4280 po-

429 4302 636 4351 sterum
670 4290 978 4365 peragenda
1023 4299 1163 4356 erat,
1196 4290 1556 4362 baptismatis
1603 4294 2033 4355 institutionem-

429 4394 486 4443 et
539 4385 926 4449 initiationem,
986 4398 1085 4456 per
1133 4382 1461 4440 admirabile
1501 4384 1639 4441 illud
1676 4389 2011 4446 sacriﬁcium

432 4482 592 4537 nobis
623 4480 894 4550 praedixit.
936 4480 1091 4550 Aqua
1121 4479 1266 4535 enim
1297 4487 1382 4534 ter
1424 4480 1778 4552 superinfusa
1819 4497 2016 4540 acoen-

2177 4210 2365 4265 Ταῦτα
2398 4209 2498 4281 μὲν
2526 4208 2570 4262 ιο
2615 4206 2803 4270 Ἠλίας
2837 4202 3027 4274 σαφῶς
3076 4200 3178 4272 τὴν
3200 4202 3270 4265 ἐς
3316 4198 3536 4266 ὕστερον
3563 4185 3675 4281 lt“?

2110 4302 2309 4358 λουσαν
2336 4274 2609 4355 τελεῖσθαι
2636 4297 2734 4353 τοῦ
2770 4294 3148 4369 βαπτίσματος
3188 4284 3572 4363 μυσταγωγίαν
3593 4274 3670 4369 διὰ

2109 4394 2211 4465 τῆς
2241 4391 2563 4463 θαυμαστῆς
2594 4366 2810 4464 ἐκείνης
2848 4384 3162 4459 ἱερουργίας
3200 4384 3335 4456 ἡμῖν
3384 4366 3674 4465 προανειρὼ-

2112 4461 2297 4553 νησεν.
2327 4461 2521 4535 ’Υδατι
2556 4479 2667 4550 γὰρ
2715 4461 2931 4548 ἀνήφθη
2963 4474 3025 4528 τὸ
3058 4472 3180 4546 ’πῦρ
3217 4472 3401 4545 τριτον
3429 4461 3671 4553 amyci“-
3713 4470 3728 4499 -.

432 4587 527 4629 sus
551 4549 636 4637 est
662 4572 826 4640 ignis,
847 4578 907 4624 ut
928 4549 1349 4639 signiﬁcaretur,
1374 4549 1520 4642 quod
1547 4571 1638 4627 ubi
1660 4586 1799 4643 aqua
1825 4574 2001 4645 mysti-

2118 4549 2264 4628 θέντι
2286 4572 2469 4625 ’ὥστε
2495 4549 2805 4640 δηλοῦσθαι,
2846 4568 2926 4621 ’ὁτι
2955 4566 3090 4619 ὅπου
3127 4564 3274 4636 ὑδωρ
3310 4561 3372 4615 τὸ
3415 4549 3669 4630 μυστικὸν,

432 4679 498 4719 ca
555 4669 662 4723 est,
700 4660 814 4715 illic
864 4660 1030 4715 etiam
1071 4661 1300 4730 spiritus
1333 4669 1417 4717 est
1472 4662 1563 4717 ille
1590 4663 1899 4728 viviﬁcans,
1924 4678 2015 4718 ar-

433 4757 593 4816 dens,
631 4752 847 4823 igneus,
892 4751 987 4820 qui
1019 4751 1216 4821 impios
1248 4752 1547 4817 comburit,
1582 4762 1635 4807 et
1678 4753 1865 4809 ﬁdeles
1890 4754 2015 4807 illu-

434 4846 628 4899 minat.
661 4841 973 4909 Quinetiam
1000 4840 1163 4910 hujus
1184 4857 1404 4913 quoque
1432 4842 1738 4912 discipulus
1762 4843 2012 4909 Elisaeus,

377 4974 382 4979 .
435 4952 560 4991 cum
605 4933 670 4988 ad
718 4947 842 4989 cum
891 4933 1119 5003 supplex
1161 4933 1401 4988 venisset
1448 4931 1691 4988 Naaman
1742 4933 1915 5006 Syrus
1944 4936 2013 5000 “,

433 5028 528 5097 qui
563 5028 726 5096 lepra:
771 5024 965 5079 morbo
1001 5023 1304 5090 laborabat,
1350 5037 1476 5078 cum
1513 5024 1735 5079 lavisset
1784 5024 1841 5079 in
1878 5022 2016 5079 Jor-

434 5120 596 5185 daue,
628 5129 825 5189 purgat
857 5126 1147 5188 aegrotum,
1201 5127 1256 5173 et
1306 5117 1545 5189 generali
1603 5134 1706 5174 usu
1757 5132 1933 5188 aquae,
1968 5125 2022 5172 et

436 5210 661 5280 speciali
697 5209 876 5265 amnis
925 5208 1075 5264 illius
1124 5209 1477 5267 immersione
1529 5221 1716 5280 aperte
1748 5223 2020 5278 praemon-

438 5309 619 5355 straus
654 5299 918 5354 futurum.
952 5298 1030 5354 Ex
1068 5300 1321 5355 amnibus
1366 5301 1511 5356 enim
1554 5300 1706 5355 solus
1736 5298 2017 5365 Iordanis,

442 5404 564 5445 eum
599 5392 656 5443 in
687 5406 747 5445 se
776 5391 1076 5460 recepisset
1102 5390 1559 5447 sanctiﬁcationis
1586 5398 1641 5445 et
1677 5390 2018 5446 benedictio-

441 5478 529 5531 nis
550 5480 846 5548 primitias,
877 5491 1141 5551 tauquam
1190 5499 1259 5538 ex
1286 5482 1522 5554 quodam
1559 5482 1712 5537 fonte
1735 5498 1849 5537 sua:
1882 5483 2015 5552 ligu-

444 5581 520 5621 ra:
552 5568 605 5619 iu
653 5576 825 5622 totum
880 5574 1143 5627 mundum
1185 5574 1390 5629 donum
1442 5574 1808 5644 baptismatis,
1855 5573 2015 5643 quasi

2115 4666 2234 4720 ἒκεϊ
2255 4666 2348 4720 καὶ
2380 4663 2598 4735 πνεῦμα
2623 4661 2685 4715 τὸ
2709 4658 3019 4731 ζωπυροῦν,
3047 4657 3110 4711 τὸ
3140 4656 3368 4729 θερμὸν,
3396 4651 3456 4705 τδ
3471 4656 3670 4735 πυροεξ⁶

2113 4758 2224 4823 δὲς,
2260 4757 2323 4811 τὸ
2355 4757 2482 4820 τοὺς
2523 4728 2747 4817 ’ἀσεϐεῖς
2791 4728 2944 4806 καίον
2975 4750 3071 4804 καὶ
3111 4749 3235 4812 τοὺς
3269 4744 3486 4804 πιστοὺς
3528 4728 3670 4805 φωτί⁴

2117 4849 2230 4914 ξον.
2255 4850 2341 4905 ὒὺ
2378 4850 2484 4922 μὴν
2510 4848 2651 4902 ἀλλά
2676 4846 2778 4900 ’καὶ
2808 4848 2836 4899 ὁ
2863 4844 3054 4897 τούτου
3088 4841 3335 4913 μαθητὴς
3377 4828 3663 4924 Ἐλισσαῖοςξ

2117 4940 2367 5004 ἐλθόντος
2395 4940 2534 5011 πρὸς
2577 4938 2739 4995 αὑτὸν
2786 4936 2963 4991 ἱκέτου
2995 4934 3217 5004 Νεεμὰν
3244 4931 3338 4986 τοῦ
3386 4926 3545 4996 Σύρου
3588 4931 3666 4969 του

2119 5032 2217 5104 τὴν
2242 5031 2453 5103 λέπραν
2481 5032 2832 5102 νοσήσαντος,
2862 5027 3061 5089 λούσας
3100 5028 3160 5079 ὲν
3194 5024 3274 5096 τῷ
3314 5018 3666 5104 Ἰορδάνῃη-ξαν

2120 5097 2300 5194 θαίρει
2327 5097 2420 5175 {ev
2452 5097 2734 5193 ἄρρωστον
2753 5138 2767 5149 ·
2801 5119 2898 5173 καὶ
2916 5120 2984 5189 τῇ
3016 5119 3205 5188 ravum
3237 5116 3426 5187 χῖνῆσέῑ
3450 5102 3537 5160 τθῦ
3560 5097 3665 5195 ὓδξν

2118 5227 2211 5273 τος
2256 5210 2353 5263 καὶ
2399 5209 2476 5279 τῷ
2511 5208 2663 5279 ἰδικῷ
2691 5207 2787 5261 τοῦ
2837 5204 3082 5276 ποταμοῦ
3126 5206 3455 5276 βαπτίσματι
3501 5197 3662 5255 σαξως

2123 5302 2545 5374 προὺποφαίνων
2573 5300 2634 5354 τὺ
2662 5300 2872 5371 μέλλον.
2899 5298 3075 5361 Μόνος
3100 5298 3205 5368 γὰρ
3243 5292 3498 5366 Ἰορδάνης
3523 5290 3661 5374 mar

2128 5362 2243 5461 μῶν
2282 5362 2564 5460 ὲνΙέαυτῷ
2595 5362 2886 5459 δεξάμενος
2920 5387 3015 5440 τοῦ
3049 5362 3323 5457 ἁγιασμοῦ-
3354 5379 3442 5436 καὶ
3467 5362 3659 5461 τῆςξθ

2123 5451 2307 5549 λογίας
2327 5481 2429 5551 τὴν
2455 5451 2739 5550 ἀπαρχήν,
2758 5476 2948 5546 ὥσπερ
2971 5475 3041 5528 ἐκ
3060 5451 3204 5539 τινος
3220 5451 3410 5544 *πηγῆς
3431 5461 3516 5517 τοῦ
3547 5451 3655 5551 ἰδίιξυ

2122 5537 2305 5625 τύπου⁷
2327 5537 2404 5642 τῶ
2428 5537 2811 5642 κόσμίιῖπαντὶ
2842 5537 2941 5639 τὴν
2968 5565 3062 5620 τοῦ
3094 5537 3454 5637 βαπτίσματος
3476 5537 3653 5612 έπωκέθ

524 5737 572 5771 ³⁸
599 5739 713 5797 Jos.
746 5757 830 5807 m,
888 5744 905 5796 ι
938 5759 1059 5812 sqq.
1133 5749 1180 5783 ³⁸
1210 5748 1275 5805 Ill
1306 5749 1437 5822 Reg.
1471 5765 1627 5819 ιιι-ιιι,
1664 5751 1735 5804 ‘22
1765 5766 1885 5820 sqq.
1965 5751 2001 5782 ²⁴

2102 5747 2119 5802 ἶ
2154 5748 2289 5820 Reg.
2336 5767 2385 5815 v,
2426 5750 2453 5823 Ι,
2482 5763 2604 5819 sqq.
