3882 6474
360 476 458 530 :“93
1603 483 1659 538 S.
1697 481 2024 539 GREGORII
2061 483 2352 542 NYSSENI

3543 487 3642 543 596

360 595 650 662 la-tabitur,
681 609 942 668 tanquam
989 601 1170 656 bonus
1207 604 1484 671 plantator
1515 604 1632 658 suis
1678 603 1937 672 operibus

2052 605 2098 656 ὲν
2131 605 2309 676 καιρῷ
2337 603 2630 676 δεξάμενος
2659 609 2688 658 ὀ
2726 607 2858 670 Θεὸς
2893 608 3370 679 εὐφρανθήσεται,
3403 606 3481 672 ὡς
3511 612 3644 677 ἀγα-

357 689 624 752 gaudens.
660 687 835 746 Porro
861 692 1086 748 divinus
1116 693 1290 771 David
1339 695 1503 750 etiam
1535 711 1722 750 vocem
1747 693 1942 764 ρι’ωάί-

360 795 512 845 cens,
536 797 700 851 quam
726 783 794 841 de
817 786 970 841 caelis
992 785 1156 842 Pater
1179 802 1346 857 super
1369 787 1587 853 Filium,
1611 788 1740 842 dum
1768 789 1941 856 bapti-

357 882 596 937 zarctur,
627 875 832 936 emisit,
862 885 923 931 ut
952 877 1018 932 ad
1039 879 1344 935 naturalem
1369 877 1589 933 deitatis
1614 877 1936 949 dignitatem

355 966 655 1022 deduceret
701 968 1011 1034 audientes,
1067 972 1158 1041 qui
1208 973 1362 1040 prius
1417 972 1482 1025 ad
1516 986 1806 1040 eam,qu:e
1836 973 1942 1027 sub

357 1073 580 1113 sensum
605 1061 858 1128 cadebat,
886 1064 1181 1116 humanam
1223 1065 1486 1118 vilitatem
1546 1064 1940 1134 respiciebant,

361 1151 503 1204 libro
528 1149 875 1208 Psalmorum
910 1169 1012 1209 suo
1038 1155 1246 1208 dictum
1292 1155 1426 1210 illud
1461 1156 1743 1226 inscripsit
1774 1173 1786 1207 :
1829 1156 1939 1210 Vox

357 1239 574 1294 Domini
604 1258 759 1311 super
781 1258 968 1314 aquas,
1000 1260 1099 1299 vos:
1121 1244 1332 1300 Domini
1370 1247 1424 1300 in
1456 1248 1851 1316 magniﬁcentia
1873 1247 1942 1304 ".

361 1330 561 1387 Verum
593 1335 928 1391 testimoniis
965 1338 1207 1408 quidem,
1239 1339 1525 1420 ex.divina
1570 1338 1856 1409 Scriptura
1888 1339 1941 1393 in

359 1424 602 1480 medium
654 1425 972 1496 afferendis,
1010 1431 1101 1488 hic
1151 1432 1278 1488 finis
1325 1442 1447 1490 esto
1496 1433 1947 1503 :(progredictur

356 1517 502 1572 enim
532 1519 712 1575 oratio
730 1521 1080 1578 adiufinitam
1109 1525 1505 1594 prolixitatem,
1537 1526 1583 1581 si
1608 1525 1731 1596 quis
1759 1525 1946 1580 volue‘

358 1608 429 1662 rit
455 1610 640 1664 omnia
669 1612 950 1682 sigillatim
972 1614 1146 1669 electa
1186 1616 1286 1670 uni.
1311 1616 1454 1670 libro
1485 1616 1796 1683 mandare.)

430 1697 544 1756 Vos
581 1709 766 1757 autem
797 1718 990 1760 omnes
1010 1745 1025 1769 ,
1057 1706 1152 1776 qui
1183 1706 1330 1761 dono
1372 1706 1806 1776 regenerationis
1843 1721 1940 1761 vo-

361 1794 448 1852 bis
481 1796 714 1868 placetis
736 1838 750 1862 ,
784 1814 848 1854 ae
878 1815 977 1870 pro
1005 1801 1176 1872 gloria
1208 1801 1506 1857 salutarem
1537 1800 1946 1854 renovationem

363 1889 616 1954 habetis,
668 1891 940 1946 ostendite
992 1891 1126 1945 mihi
1187 1899 1311 1962 post
1367 1892 1656 1963 mysticam
1712 1890 1944 1960 gratiam

361 1995 578 2035 morum
621 1981 1096 2046 immutationem,
1139 1990 1194 2038 et
1239 1984 1293 2037 in
1340 1984 1537 2038 melius
1581 1981 1943 2038 transforma-
1976 1969 2018 2024 Β

362 2073 532 2130 tionis
567 2073 937 2129 diﬂ'erentiam
972 2077 1214 2145 puritate
1249 2077 1372 2130 vita:
1401 2075 1639 2130 instituti
1678 2073 1938 2128 indicate.

363 2165 496 2217 Nam
530 2165 664 2219 nihil
699 2167 920 2235 quidem
965 2183 1030 2221 ex
1079 2168 1148 2223 iis
1198 2168 1393 2232 rebus,
1439 2181 1562 2238 qua
1605 2167 1710 2222 sub
1751 2165 1946 2220 oculos

361 2256 602 2320 cadunt,
651 2257 996 2322 immntatur,
1047 2261 1299 2327 corporis
1349 2260 1478 2313 item
1527 2258 1683 2328 signa
1733 2257 1944 2326 intng

363 2358 621 2413 manent,
651 2349 887 2418 ejusque
927 2365 1049 2419 quae
1093 2350 1312 2404 videtur
1363 2358 1575 2404 natura:
1620 2349 1792 2419 figura
1834 2361 1946 2402 non

363 2447 630 2492 mutatur.
687 2439 793 2492 Sed
849 2454 989 2508 opus
1042 2449 1127 2494 est
1183 2440 1367 2510 aliqua
1417 2455 1649 2510 prorsus
1708 2439 1946 2494 evidenti

362 2528 870 2594 demonstratione,
914 2547 1011 2601 per
1051 2547 1213 2601 quam
1254 2547 1623 2602 agnoscamus
1668 2533 1945 2586 hominem

363 2635 558 2676 recens
586 2631 776 2675 natum
803 2664 818 2687 ,
863 2623 1040 2692 signis
1084 2623 1416 2692 quibusdam
1460 2623 1808 2685 manifestis,
1849 2637 1946 2678 no-

362 2728 490 2766 vum
522 2727 552 2766 a
588 2722 771 2769 vetere
806 2716 1185 2773 discernentes
1214 2735 1227 2770 :
1263 2717 1379 2771 haec
1415 2726 1598 2770 autem
1637 2716 1794 2786 signa
1821 2731 1949 2772 esse

359 2804 558 2872 opinor
589 2819 721 2871 eos,
755 2808 850 2878 qui
885 2808 1190 2864 secundum
1227 2810 1574 2879 propositum
1614 2808 1785 2876 fiunt,
1828 2809 1947 2864 ani-

359 2910 462 2952 nue
491 2906 673 2957 motus
696 2938 709 2962 ,
746 2913 845 2968 per
875 2915 1015 2970 quos
1048 2916 1172 2956 sese
1211 2916 1512 2972 segregans
1539 2917 1570 2954 a
1604 2913 1784 2956 vetere
1815 2917 1948 2956 con-

357 2993 684 3058 suetudine,
714 3007 780 3046 ac
809 3007 1013 3048 novum
1042 2994 1168 3048 vitae
1198 2994 1438 3049 instituti
1469 2997 1575 3049 iter
1604 2995 1946 3065 ingrediens,

361 3092 551 3153 aperte
599 3083 901 3140 familiares
945 3085 1199 3151 docebit,
1247 3088 1394 3156 quod
1442 3087 1548 3140 alia
1593 3087 1841 3156 quaedam
1881 3101 1948 3140 ex

361 3173 467 3226 alia
496 3171 639 3228 facta
668 3175 770 3238 sit,
807 3176 1016 3230 nullum
1050 3187 1176 3245 post
1205 3191 1264 3231 se
1307 3177 1510 3232 veteris
1542 3177 1802 3247 nequitiae
1857 3195 1949 3236 ve-

361 3263 585 3334 stigium
611 3279 678 3320 ac
705 3266 923 3337 signum
948 3267 1290 3338 relinquens.
1326 3268 1418 3322 Est
1453 3276 1636 3325 autem
1667 3270 1758 3324 hic
1778 3279 1952 3327 trans-
1977 3294 2024 3356 ο

361 3355 715 3413 formationis
765 3359 998 3426 modus,
1060 3361 1108 3415 si
1147 3361 1279 3415 mihi
1317 3362 1607 3417 credentes
1635 3363 1944 3419 orationem

361 3461 464 3517 pro
495 3447 614 3519 lege
659 3452 1058 3507 servaveritis:
1093 3449 1226 3504 Erat
1277 3462 1406 3508 ante
1460 3454 1734 3523 baptisma
1785 3455 1950 3510 homo

361 3548 658 3612 protervus
678 3583 692 3606 ,
724 3557 925 3600 avarus
958 3551 1012 3599 et
1041 3542 1351 3611 fraudator,
1384 3554 1574 3616 raptor
1608 3562 1791 3602 rerum
1824 3547 1951 3602 alie-

360 3645 558 3686 narum
581 3673 597 3700 ,
626 3633 960 3690 convitiator
985 3644 1040 3688 et
1069 3635 1407 3701 maledicus,
1444 3637 1678 3692 mendax
1701 3679 1715 3703 ,
1751 3638 1952 3693 calum-

363 3725 566 3791 niator,
601 3741 664 3781 ac
692 3725 738 3782 si
767 3724 917 3796 quod
947 3725 1035 3783 bis
1064 3727 1246 3784 simile
1279 3728 1542 3802 (vitium)
1569 3740 1654 3786 est
1681 3738 1736 3787 ct
1765 3731 1946 3791 aliine.

365 3816 449 3868 Sit
479 3831 627 3870 nunc.
654 3817 970 3881 modestus,
1007 3819 1230 3875 sobrius
1251 3861 1265 3885 ,
1296 3822 1413 3878 suis
1445 3830 1772 3888 contentus,
1803 3832 1858 3878 et
1883 3839 1948 3878 ex

363 3909 454 3964 his
487 3918 812 3977 paupertate
840 3909 1287 3968 conflictantibus
1317 3914 1668 3984 impartiens,
1701 3915 1953 3974 veritatis

363 3997 656 4054 studiosus
677 4037 691 4063 ,
728 3999 993 4055 honorem
1027 4002 1263 4058 libenter
1291 4004 1417 4060 aliis
1447 4005 1704 4062 deferens
1725 4045 1740 4069 ,
1774 4007 1952 4062 comis

365 4098 422 4145 et
450 4088 686 4147 affabilis
711 4109 724 4146 :
759 4100 819 4147 ut
848 4093 1166 4148 summatim
1194 4094 1414 4163 dicam,
1445 4111 1662 4152 omnem
1691 4098 1851 4156 laude
1878 4099 1954 4153 di-

362 4198 525 4254 gnam
554 4183 826 4238 actionem
857 4201 1142 4243 exercens.
1175 4188 1244 4244 Ut
1274 4189 1417 4244 enim
1446 4190 1778 4246 adventante
1807 4193 1948 4258 luce,

363 4274 607 4329 tenebrae
633 4275 1036 4344 discutiuntur,
1064 4287 1119 4335 et
1149 4281 1275 4336 albo
1301 4281 1488 4337 colore
1516 4283 1656 4338 illito
1682 4294 1956 4340 atramen~

366 4371 482 4418 tum
528 4366 818 4423 aboletur:
854 4368 927 4423 ita
959 4371 1130 4426 etiam
1163 4381 1326 4429 vetus
1360 4374 1528 4429 homo
1552 4374 1783 4446 iustitia:
1821 4391 1954 4448 ope-

366 4455 524 4510 ribus
553 4468 856 4516 exornatus
882 4460 1154 4518 aboletur.
1199 4463 1367 4521 Vides
1409 4473 1468 4520 ut
1492 4467 1658 4522 etiam
1687 4466 1954 4525 Zachqu

365 4546 675 4602 mutatione
719 4550 844 4627 vita:
889 4552 1128 4609 instituti
1168 4557 1524 4626 publicanum
1569 4561 1810 4627 occidit,
1845 4563 1950 4627 iis,

2041 698 2132 761 θὺς
2158 699 2460 769 φυτοκόμος
2490 701 2604 760 τοῖς
2645 697 2797 761 ίδίοις
2843 697 3025 768 ἔργοις
3062 699 3549 769 ἐπαγαλλόμενος.
3591 702 3648 754 Ὀ

2040 789 2096 843 δέ
2128 789 2413 852 θεσπέσιος
2433 789 2597 842 Δασὶδ
2637 790 2732 843 καὶ
2761 789 2861 860 τὴν
2904 791 3090 860 φωνὴν
3136 789 3542 862 προφητεύων,
3584 795 3646 863 ἢν

2041 881 2102 946 ἐξ
2125 880 2369 953 οὐρανῶν
2401 882 2428 932 ὁ
2471 880 2658 952 Πατὴρ
2690 883 2944 952 ἐπαφῆκε
2967 882 3046 952 τῷ
3073 881 3189 951 Υίῴ
3224 881 3645 952 βαπτιζομένῳ,

2042 975 2130 1028 ἵνα
2150 972 2286 1042 πρὸς
2301 973 2362 1026 τὸ
2382 973 2612 1042 φυσικὸν
2630 973 2732 1043 τῆς
2757 972 3005 1044 θεότητος
3029 973 3252 1043 ἀξίωμα
3271 973 3410 1036 τοὺς
3433 974 3649 1028 ἀκούον-

2041 1083 2139 1129 τας
2167 1065 2430 1138 όδηγήσῃ,
2461 1066 2598 1135 πρὸς
2632 1065 2733 1137 τὴν
2770 1064 3034 1136 αἰσθητὴν
3071 1066 3211 1129 τέως
3241 1066 3354 1138 τὴν
3380 1065 3530 1119 κατά
3563 1067 3650 1120 τὸν

2043 1157 2330 1228 ἄνθρωπον
2363 1157 2638 1211 εὐτέλειαν
2684 1156 3001 1226 βλέποντας,
3034 1155 3352 1227 ἐνέγραψεν
3381 1158 3565 1210 ἐκεῖνο
3585 1157 3649 1228 τῇ

2047 1249 2232 1320 βίϐλῳ,
2285 1249 2375 1312 τὸ,
2407 1244 2578 1316 Φωνὴ
2627 1249 2852 1316 Κυρίου
2889 1247 2988 1301 ἐπὶ
3013 1248 3134 1301 τῶν
3166 1247 3446 1312 ὑδάτων,
3481 1248 3648 1316 φωνὴ

2045 1340 2267 1407 Κυρίου
2315 1341 2385 1392 ἐν
2414 1338 2920 1408 μεγαλοπρεπείᾳ.
2960 1337 3120 1390 Ἀλλά
3157 1339 3268 1401 τὰς
3308 1337 3416 1408 μὲν
3453 1338 3522 1390 ἐκ
3547 1336 3652 1389 τῶν

2047 1430 2205 1484 θείων
2245 1430 2478 1502 Γραφῶν
2513 1429 2840 1500 μαρτυρίας,
2883 1429 3046 1499 μέχρι
3091 1427 3291 1482 τούτου
3341 1428 3648 1482 παυστέον·

2046 1522 2286 1590 χωρήσοι
2319 1520 2428 1590 γὰρ
2456 1521 2483 1571 ὁ
2511 1519 2669 1589 λόγος
2702 1521 2782 1584 είς
2809 1520 3010 1592 πλῆθος
3039 1520 3296 1592 ἄπειρον,
3334 1521 3392 1574 ετ
3415 1538 3504 1584 τις
3535 1523 3653 1592 βου·

2047 1611 2185 1684 ληθῇ
2216 1613 2285 1666 τά
2308 1611 2644 1666 καθέκαστον
2673 1611 2916 1680 ἐκλέγων
2939 1612 3020 1665 ἐνὶ
3048 1611 3410 1680 παραθέσθαι
3438 1611 3647 1683 βιϐλίῳ.

2131 1706 2319 1776 Ὑμεῖς
2340 1705 2394 1758 δὲ
2420 1705 2640 1769 πάντες,
2665 1705 2777 1758 ὅσοι
2803 1703 2883 1775 τῷ
2911 1703 3069 1776 δώρῳ
3095 1705 3186 1775 τῆς
3218 1705 3650 1772 παλιγγενεσίας

2047 1797 2542 1866 ἐγκαλλωπίζεσθε,
2575 1797 2671 1850 καὶ
2715 1797 2977 1866 καύχημα
3019 1796 3214 1867 φέρετε
3251 1797 3649 1866 ἀνακαινισμὸν

2049 1888 2141 1942 τὸν
2168 1889 2432 1958 σωτήριον
2451 1928 2466 1950 ,
2493 1885 2703 1951 δείξατέ
2745 1904 2836 1957 μοι
2871 1887 3008 1957 μετά
3037 1887 3136 1959 τὴν
3180 1887 3466 1958 μυστικὴν
3496 1887 3649 1958 χάριν

2047 1980 2146 2052 τὴν
2174 1979 2283 2034 τῶν
2319 1981 2537 2052 τρόπων
2572 1979 2894 2050 ἐναλλαγὴν,
2925 1979 3018 2032 καὶ
3045 1980 3144 2050 τῆς
3175 1980 3274 2032 ἐπὶ
3306 1980 3370 2032 τὸ
3407 1981 3648 2050 κρεῖττον

2051 2073 2514 2143 μετακοσμήσεως
2544 2072 2641 2144 τὴν
2664 2071 2929 2143 διαφορὰν
2953 2074 3020 2143 τῇ
3047 2072 3404 2143 καθαρότητι
3425 2071 3528 2142 τῆς
3557 2087 3646 2122 πο-

2047 2164 2250 2227 λιτείας
2279 2164 2608 2236 γνωρίσατε.
2645 2164 2766 2216 Τῶν
2806 2163 2905 2235 μὲν
2947 2164 3058 2235 γὰρ
3084 2164 3516 2218 ὑποπιπτόντων
3541 2165 3646 2224 τοῖς

2047 2255 2346 2327 ὀφθαλμοῖς
2400 2256 2550 2309 οὐδὲν
2591 2255 2919 2319 ἀλλοιοῦται,
2952 2257 3004 2309 oi.
3043 2256 3101 2310 δὲ
3137 2256 3236 2309 τοῦ
3269 2255 3530 2327 σώματος
3552 2273 3646 2324 χα-

2051 2348 2226 2420 ρακτῆ
2236 2365 2326 2420 ρες
2357 2348 2610 2419 μένουσιν
2630 2348 3020 2419 ἀμετάϐλητοι,
3053 2349 3150 2402 καὶ
3173 2350 3208 2420 ή
3233 2348 3342 2418 τῆς
3367 2348 3644 2419 ὁρωμένης

2051 2439 2265 2510 φύσεως
2312 2439 2600 2504 διάπλασις
2629 2441 2730 2494 οὐκ
2772 2439 3083 2510 ἀμείϐεται.
3127 2440 3308 2510 Χρεία
3349 2441 3407 2493 δὲ
3435 2439 3645 2500 πάντως

2051 2532 2198 2595 τινος
2225 2530 2492 2603 ἐναργοῦς
2534 2532 2883 2600 ἀποδείξεως,
2913 2532 2979 2585 δι’
3005 2528 3073 2603 ἧς
3099 2530 3530 2602 ἐπιγνωσόμεθα
3559 2529 3645 2581 τὸν

2049 2623 2335 2695 ἀρτίτοκον
2373 2621 2682 2694 ἄνθρωπον,
2733 2624 3024 2694 συμϐόλοις
3084 2624 3200 2676 τισὶ
3241 2623 3507 2692 φανεροῖς
3562 2617 3644 2669 τὸν

2049 2715 2168 2769 νέον
2201 2713 2310 2768 ἀπὸ
2339 2713 2434 2767 τοῦ
2479 2712 2712 2766 παλαιοῦ
2755 2714 3143 2785 διακρίνοντες.
3175 2712 3372 2765 Ταῦτα
3413 2710 3471 2763 δὲ
3496 2704 3641 2778 οἶμαι

2049 2806 2337 2876 τυγχάνειν
2385 2804 2454 2858 τὰ
2481 2805 2624 2858 κα.τά
2674 2805 2932 2876 πρόθεσιν
2962 2805 3062 2876 τῆς
3109 2804 3297 2875 ψυχῆς
3353 2803 3638 2872 κινήματα,

2054 2900 2150 2968 ἀφ’
2194 2892 2269 2952 ὧν
2318 2897 2520 2968 ἑαυτὴν
2557 2895 2870 2968 χωρίζουσα
2901 2897 3001 2967 τῆς
3031 2895 3275 2960 παλαιᾶς
3332 2892 3634 2964 συνηθείας,

2050 2989 2320 3058 νεωτέραν
2339 2987 2397 3041 δὲ
2420 2987 2690 3056 τέμνουσα
2714 2987 2814 3056 τῆς
2848 2987 3123 3050 πολιτείας
3149 2987 3297 3048 ὁδὸν,
3325 2984 3529 3046 διδάξει
3555 2998 3640 3033 σα-

2054 3081 2168 3152 φῶς
2201 3082 2326 3144 τοὺς
2357 3080 2689 3152 γνωρίμους,
2719 3080 2795 3143 ὼς
2823 3079 2956 3150 ἄλλη
2989 3091 3093 3143 τις·
3117 3079 3178 3144 ἐξ
3208 3079 3386 3148 ἄλλης
3423 3074 3640 3145 γεγένη-

2051 3189 2164 3234 ται,
2199 3170 2348 3224 οὐδὲν
2370 3171 2467 3240 τῆς
2494 3170 2730 3233 παλαιᾶς
2759 3169 3097 3240 ἐφελκομένη
3137 3168 3462 3239 γνώρισμα.
3498 3165 3640 3218 Ἔστι

2053 3263 2112 3317 δὲ
2132 3255 2286 3326 οὗτος
2313 3261 2409 3332 τῆς
2441 3262 2852 3332 μεταποιήσεως
2871 3262 2903 3314 ὁ
2924 3261 3126 3332 τρόπος
3146 3303 3161 3325 ,
3190 3260 3265 3314 ἄν
3292 3277 3384 3330 μοι
3407 3256 3639 3312 πεισθέν-

2053 3374 2145 3420 τες
2171 3356 2263 3410 τὸν
2291 3355 2447 3424 λόγον
2473 3355 2549 3419 ὡς
2571 3356 2736 3426 νόμον
2765 3355 3056 3426 φυλάξητεο
3086 3351 3194 3408 Ἦν
3219 3355 3254 3406 ὁ
3290 3354 3400 3426 πρὸ
3423 3352 3516 3406 τοῦ
3551 3350 3637 3419 βα-

2051 3447 2355 3517 πτίσματος
2385 3446 2672 3519 ἄνθρωπος
2725 3445 3049 3510 ἀκόλαστος,
3078 3445 3440 3513 πλεονέκτης,
3471 3440 3637 3513 ἅρπαξ

2049 3540 2158 3594 τῶν
2192 3539 2508 3610 ἀλλοτρίων,
2545 3537 2807 3610 λοίδορος,
2840 3538 3105 3609 ψεύστης,
3139 3539 3516 3606 συκοφάντης,
3553 3533 3635 3586 καὶ

2051 3631 2106 3686 εῐ
2134 3649 2187 3686 τι
2221 3630 2432 3696 τούτοις
2463 3632 2648 3702 ὅμοιον
2678 3631 2772 3685 καὶ⁵
2797 3630 3114 3686 ἀκόλουθον.
3140 3631 3394 3686 Γενέσθω
3434 3630 3526 3683 νῦν
3554 3626 3633 3680 κό-

2053 3739 2231 3792 σμιος,
2270 3720 2527 3794 σώφρων,
2575 3720 2913 3793 ἀρκούμενος
2951 3724 3064 3785 τοῖς
3102 3722 3276 3786 ἰδίοις,
3309 3723 3404 3774 καὶ
3435 3722 3502 3773 ἐκ
3522 3715 3631 3770 τού-

2052 3831 2161 3868 των
2182 3816 2294 3878 τοῖς
2325 3817 2383 3868 ἐν
2414 3813 2576 3886 πενίᾳ
2607 3814 2942 3884 μεταδιδοὺς,
2973 3813 3300 3886 φιλαλήθης,
3335 3807 3631 3884 τιμητικὸς,

2053 3907 2479 3979 εὐπροσήγορος,
2523 3908 2702 3960 πᾶσαν
2748 3905 2934 3970 ἁπλῶς
2986 3907 3396 3978 ἐπαινουμένην
3447 3900 3632 3974 πρᾶξιν

2053 3998 2260 4053 ἀσκῶν.
2303 3999 2390 4062 Ὠς
2415 3998 2525 4071 γὰρ
2545 3998 2624 4070 τῷ
2650 3999 2792 4069 φωτὶ
2822 3998 2884 4051 τὸ
2921 3997 3110 4061 σκότος
3131 3997 3345 4060 λύεται,
3387 3995 3484 4050 καὶ.
3509 3994 3632 4059 ἀφα-

2053 4088 2262 4153 νίζεται
2309 4090 2372 4144 τὸ
2418 4090 2587 4158 μέλαν
2637 4088 3074 4162 ἐπιχρωσθείσης
3109 4089 3469 4162 λευκότητοςο
3501 4081 3632 4137 οὕτω

2054 4183 2150 4236 καὶ
2175 4183 2204 4236 ὁ
2237 4182 2466 4246 παλαιὸς
2507 4181 2792 4254 ἄνθρωπος
2829 4183 2940 4242 τοῖς
2969 4181 3070 4252 τῆς
3093 4179 3439 4250 δικαιοσύνης
3466 4175 3630 4245 ἔργοις

2054 4275 2450 4346 ἐπικοσμηθεὶς
2473 4273 2816 4343 ἀφανίζεται.
2857 4274 3019 4345 Ὁρᾷς
3039 4273 3191 4330 ὅπως
3211 4273 3308 4327 καὶ⁵
3329 4275 3358 4325 ὀ
3377 4265 3627 4336 Ζακχαῖος

2054 4369 2120 4438 τῇ
2151 4365 2422 4438 μεταϐολῇ
2452 4364 2548 4420 τοῦ
2580 4365 2696 4436 βίου
2737 4366 2830 4419 τὸν
2857 4363 3096 4436 τελώνην
3159 4365 3468 4426 ἀπέκτεινε,
3503 4354 3626 4426 πρὸς

2057 4456 2158 4528 μὲν
2185 4457 2312 4520 τοὺς
2359 4455 2742 4529 ζημιωθέντας,
2765 4456 2967 4519 ἀδίκως
3001 4456 3314 4527 τετραπλῆν
3354 4448 3624 4514 ἐπανάγων

2053 4549 2154 4622 τὴν
2180 4550 2436 4606 ἀπόδοσιν
2457 4565 2472 4579 ο
2498 4548 2722 4620 ἐμέριζε
2746 4548 2805 4602 δὲ
2829 4551 2942 4612 τοῖς
2965 4551 3201 4619 πτωχοῖς
3227 4549 3298 4601 τὰ
3318 4544 3621 4600 κατάλοιπα,

365 4639 460 4708 qui
497 4638 758 4694 damnum
794 4643 998 4712 injuria
1028 4657 1394 4717 acceperant,
1429 4651 1799 4722 quadruplum
1828 4655 1947 4724 ejus

2055 4641 2093 4698 ἃ.
2143 4643 2407 4714 πρότερον
2456 4641 2608 4712 παρά
2648 4640 2756 4695 τῶν
2801 4641 3032 4712 πτωχῶν
3076 4641 3407 4712 θλιϐομένων
3453 4630 3622 4724 nstitit;

366 4728 514 4800 quod
549 4730 885 4797 amiserant,
916 4749 1188 4806 reponens
1216 4757 1230 4792 :
1266 4740 1548 4795 distribuit
1581 4743 1710 4799 item
1743 4759 1951 4816 paupe-

367 4820 523 4876 ribus
551 4821 783 4891 reliqua,
808 4838 929 4893 quae
957 4825 1110 4894 prius
1139 4841 1170 4881 a
1199 4830 1536 4898 pauperibus
1564 4833 1707 4888 male
1734 4841 1950 4888 extorta

364 4911 664 4982 collegerat
702 4911 772 4964 ⁸⁸.
804 4912 1152 4986 Evangelista
1191 4915 1482 4974 Matthaeus
1521 4920 1667 4976 alius
1709 4921 1953 4990 publica-

284 4999 294 5008 '
367 5018 471 5058 nus
519 5003 564 5036 “
625 5003 878 5060 eumdem
929 5021 1054 5062 cum
1103 5006 1336 5063 Zachaao
1377 5019 1648 5078 quaestum
1699 5011 1946 5076 faciens,

363 5091 728 5164 eamdemque
767 5103 941 5149 artem
981 5111 1285 5161 exercens,
1319 5100 1505 5153 statim
1549 5109 1675 5170 post
1704 5103 1952 5157 vocatio-

365 5200 489 5240 nem
541 5192 808 5256 tanquam
854 5203 1149 5257 personam
1198 5192 1496 5262 quamdam
1544 5193 1670 5249 vita;
1718 5194 1957 5251 mutavit

367 5278 710 5335 institutum.
763 5280 1097 5337 Persecutor
1155 5284 1349 5354 (erat)
1399 5284 1632 5352 Paulus,
1677 5285 1776 5342 sed
1827 5293 1956 5357 post

366 5370 597 5436 gratiam
650 5372 952 5442 Apostolus
1002 5375 1070 5440 ",
1119 5391 1320 5446 graves
1372 5377 1568 5446 (illas)
1620 5378 1804 5434 ferens
1851 5392 1954 5449 pro

365 5457 587 5513 Christo
612 5471 839 5519 catenas
865 5464 933 5518 ad
963 5467 1340 5535 pmnitentiam
1368 5475 1424 5522 et
1454 5469 1832 5538 purgationem
1863 5471 1953 5523 in-

363 5545 640 5615 justorum
671 5553 1050 5622 vincuionum,
1079 5574 1202 5629 quas
1232 5575 1358 5614 cum
1391 5560 1690 5630 aliquando
1715 5577 1958 5631 accepts-

369 5647 454 5693 set
497 5653 527 5692 a
575 5639 728 5710 lege,
780 5644 1048 5703 adversus
1093 5648 1388 5721 Evangelia
1435 5652 1716 5720 portabat.
1758 5651 1952 5708 Talem

369 5732 629 5786 convenit
658 5747 781 5789 esse
814 5739 1287 5806 regenerationem
1309 5783 1325 5808 ,
1364 5743 1440 5797 ita
1467 5743 1692 5798 abolere
1733 5751 1955 5814 oportet

443 5908 653 5971 "Psal.
689 5927 880 5980 xxvm,
916 5913 968 5982 5,
992 5916 1044 5969 οἱ.

1123 5917 1168 5949 ιο
1200 5917 1331 5977 Luc.
1363 5938 1476 5989 XIX,
1509 5923 1564 5979 8.
1645 5926 1687 5957 “
1731 5925 1922 5981 Matth.
1966 5941 2040 5993 ις,
2076 5924 2128 5980 9-

2056 4733 2438 4804 ἐθησαύρισεν.
2478 4731 2884 4804 Εὐαγγελιστὴς
2915 4735 2944 4787 ὁ
2971 4733 3250 4796 Ματθαῖος
3278 4731 3434 4792 ἄλλος
3468 4719 3619 4778 τελώο

2053 4843 2172 4898 νης,
2201 4826 2492 4897 ὁμότεχνος
2521 4824 2618 4880 τοῦ
2647 4825 2945 4896 Ζακχαίου,
2973 4824 3175 4888 εὐθέως
3206 4823 3344 4895 μετά
3378 4820 3472 4889 τὴν
3500 4813 3615 4880 κλῆ⁴

2058 4935 2141 4974 σιν
2168 4917 2359 4989 ὥσπερ
2381 4936 2436 4971 τι
2469 4921 2812 4989 προσωπεῖον
2829 4917 3030 4987 ήμειψε
3060 4915 3154 4969 τὸν
3183 4915 3315 4985 βίον.
3342 4911 3570 4974 Διώκτης
3591 4901 3615 4954 ὁ

2057 5010 2290 5076 Παῦλος,
2307 5010 2441 5064 ἀλλὰ
2472 5010 2609 5081 μετὰ
2623 5011 2724 5082 τὴν
2745 5010 2904 5081 χάριν
2934 5009 3272 5072 Ἀπόστολος,
3298 5003 3514 5078 βαρείας
3533 4995 3614 5064 φέο

2053 5120 2164 5174 ρων
2179 5103 2279 5166 τὰς
2292 5102 2512 5166 ἁλύσεις
2528 5102 2667 5173 ὑπὲρ
2685 5100 2946 5173 Χριστοῦ,
2964 5103 3042 5166 εἰς
3059 5101 3351 5170 ἀπολογίαν
3368 5094 3457 5151 καὶ
3475 5085 3615 5163 μετά-

2052 5210 2202 5248 νοιαν
2235 5193 2345 5248 τῶν
2377 5193 2576 5247 ἀδίκων
2623 5193 2840 5264 δεσμῶν
2859 5231 2876 5257 ,
2902 5192 2939 5247 ἃ.
2987 5192 3139 5262 παρὰ
3188 5189 3281 5244 τοῦ
3313 5189 3471 5258 νόμου
3500 5175 3611 5232 ποτὲ

2050 5285 2230 5341 λαϐὼν
2282 5287 2424 5341 κατά
2468 5286 2578 5340 τῶν
2621 5285 2971 5355 Εὐαγγελίων
3024 5285 3310 5340 ἐϐάστασε.
3370 5272 3609 5334 Τοιαύτην

2057 5380 2338 5452 προσῆκεν
2382 5375 2522 5434 εἶναι
2561 5380 2659 5452 τὴν
2700 5380 3088 5450 ἀναγέννησιν·
3130 5377 3302 5439 οὕτως
3336 5364 3610 5464 ἐξαλείφξιν

2058 5471 2158 5542 τὴν
2187 5471 2328 5543 πρὸς
2353 5472 2452 5543 τὴν
2494 5471 2768 5544 ἁμαρτίαν
2808 5468 3100 5540 συνήθειαν
3119 5485 3134 5500 ·
3162 5467 3304 5521 οὓτω
3359 5459 3606 5544 πολιτενε⁸

2060 5539 2183 5615 σθαι
2210 5539 2338 5627 τοὺς
2368 5539 2660 5627 υίοὺςττοῦ
2693 5561 2830 5616 Θεοῦ
2849 5580 2864 5594 ’
2903 5539 3068 5616 τέκνα
3093 5562 3202 5633 γὰρ
3247 5557 3447 5613 ἐκείνου
3484 5539 3603 5617 μετά

2055 5653 2154 5724 τὴν
2189 5655 2347 5725 χάριν
2378 5655 2669 5726 ἀκούομεν.
2711 5654 2820 5709 Καὶ
2852 5655 2940 5708 διὰ
2981 5653 3141 5708 τοῦτο
3175 5641 3599 5736 προσῆκεν

2061 5744 2172 5808 ϐῶς
2216 5746 2690 5816 ἐπισκοπήσασθαι
2727 5746 2795 5800 τὰ
2824 5745 2918 5799 τοῦ
2946 5743 3262 5816 γεννήτορος
3305 5734 3448 5810 ἡμῶν
3479 5725 3592 5782 ἰδίαν

2207 5927 2250 5958 ⁸²
2283 5927 2401 5981 Act.
2459 5941 2536 5991 ix,
2572 5924 2592 5978 Ι
2627 5939 2748 5994 sqq.
