3882 6424
208 475 301 530 597

1387 478 1453 535 ιιι
1492 477 1895 537 BAPTISMUM
1943 480 2238 541 CHRISTI:

3359 473 3463 533 598

212 606 367 662 ματα,
399 589 485 642 ἵνα
522 587 656 658 πρὸς
685 590 976 662 ὁμοιότητα
1009 591 1103 647 τοῦ
1136 594 1344 666 πατρὸς
1392 597 1621 661 ἑαυτοὺς
1650 613 1804 668 μορ-η

1907 604 2335 660 onsuetudinem
2366 617 2493 659 cum
2526 607 2787 672 peccato,
2833 598 2910 652 ita
2945 594 3089 651 ﬁlios
3125 592 3220 649 Dei
3256 593 3315 646 in
3347 593 3461 646 vita

210 682 422 752 φοῦντες
451 683 546 736 καὶ
574 682 1019 754 σχηματίζοντες,
1046 686 1261 757 γνήσιοι
1300 687 1621 759 φαινώμεθα
1646 691 1779 742 παῖ·

208 774 290 838 δες
329 772 423 827 τοῦ
462 774 600 845 πρὸς
633 774 730 845 τὴν
773 777 1076 847 εἰσποίησιν
1104 778 1256 849 ἡμᾶς
1293 778 1393 851 τὴν
1436 779 1580 833 κατὰ
1620 778 1782 850 χάριν

210 864 544 928 καλέσαντος.
591 865 797 920 natm
838 866 947 937 γὰρ
999 868 1369 940 κατηγόρημα
1413 871 1442 923 6
1482 869 1634 934 νόθος
1686 870 1782 924 καὶ

210 952 601 1023 ὑποϐολιμαῖος,
624 953 723 1026 τὴν
752 954 1025 1028 πατρικὴν
1048 958 1324 1027 εὐγένειαν
1355 959 1583 1015 ἐπὶτῶν
1606 961 1783 1032 ἔργων

209 1044 641 1114 ψευδόμενοςΔιό
665 1063 758 1115 μοι
782 1047 931 1103 δοκεῖ
955 1049 1050 1103 καὶ
1069 1049 1229 1114 αὐτὸς
1246 1052 1277 1105 6
1296 1051 1500 1123 Κύριος
1520 1055 1581 1107 ὲν
1604 1053 1780 1123 Εὐαγ-

210 1136 391 1203 γελίοις
428 1138 558 1201 τοὺς
583 1138 679 1192 τοῦ
712 1139 829 1210 βίου
857 1140 1083 1205 κανόνας
1111 1142 1415 1198 διατάττων
1449 1145 1604 1215 ἡμῖν,
1635 1146 1783 1199 ὲκεί-

210 1246 308 1291 νοις
334 1227 570 1299 χρῆσθαι
597 1229 735 1303 πρὸς
761 1233 890 1296 τοὺς
928 1232 1403 1305 μαθητευομένους
1430 1238 1544 1300 τοῖς
1583 1236 1782 1307 λόγοις,

213 1320 412 1388 Καλῶς
452 1320 675 1376 ποιεῖτε
696 1323 823 1389 τοῖς
839 1325 1135 1394 μισοῦσιν
1161 1325 1340 1396 ὑμᾶς,
1365 1329 1786 1397 προσεύχεσθε

212 1411 349 1480 ὑπὲρ
397 1410 520 1467 τῶν
572 1413 1017 1484 ἐπιτωθαζόντων·
1057 1417 1217 1487 ὑμᾶς
1262 1420 1362 1474 καί
1408 1419 1750 1475 διωκόντων
1765 1465 1789 1489 ,ν

212 1501 356 1569 ὅπως
387 1504 648 1574 γένησθε
675 1506 792 1562 υἱοί
822 1507 930 1563 τοῦ
970 1509 1203 1577 Πατρός
1238 1510 1408 1581 ὑμῶν
1430 1511 1536 1566 τοῦ
1579 1511 1650 1565 ἐν
1684 1515 1784 1567 οὐκ·

208 1592 416 1662 ρανοῖς,
456 1594 550 1650 ὅτι
575 1595 685 1651 τὸν
710 1596 889 1665 ἣλιον
914 1600 1103 1653 αὐτοῦ
1126 1601 1451 1656 ἀνατέλλει
1469 1604 1568 1658 ἐπὶ
1598 1619 1785 1672 πονιτ.-

209 1686 340 1754 ροὺς
384 1687 486 1741 καὶ
526 1689 808 1758 ἀγαθοὺς,
849 1691 952 1744 καὶ
989 1691 1201 1762 βρέχει
1240 1692 1341 1747 ἐπὶ
1382 1692 1655 1762 δικαίους
1682 1695 1783 1750 καὶ

213 1776 461 1844 ἀδίκους.
493 1778 660 1844 Υίοὺς
700 1780 810 1850 γὰρ
842 1780 963 1834 τότε
1002 1783 1247 1851 γίνεσθαι
1292 1783 1465 1853 λέγει,
1506 1786 1636 1840 ὅταν
1683 1788 1785 1857 τῆς

213 1871 470 1942 πατρικῆς
499 1872 839 1943 ἁγαθότητος
880 1873 981 1945 τὴν
1004 1874 1266 1945 ὁμοίωσιν
1295 1878 1353 1930 ὲν
1376 1878 1444 1948 τῇ
1486 1878 1622 1947 πρὸς
1657 1880 1783 1943 τοὺς

1883 706 2007 748 sese
2030 708 2219 764 gerere
2247 694 2404 751 decet
2433 713 2446 749 :
2477 693 2575 748 [itii
2600 691 2749 746 enim
2777 688 2930 744 illius
2957 693 3087 758 post
3111 684 3346 756 gratiam
3372 697 3466 735 vo-

1883 798 2094 840 camur;
2122 786 2302 856 Atque
2331 785 2544 841 idcirco
2571 790 2767 840 exacte
2800 778 3062 837 convenit
3080 776 3356 847 inspicere
3376 789 3465 844 ge-

1882 876 2083 932 nitoris
2112 878 2720 948 nostri-proprietates,
2748 882 2810 928 ut
2837 871 2905 927 ad
2931 866 3348 926 similitudinem
3374 878 3465 935 pa-

1882 969 2227 1026 trisnosmet
2258 969 2560 1025 formantes
2585 978 2638 1024 et
2661 968 2984 1037 eﬂingentes
3001 1000 3016 1027 ,
3043 959 3159 1016 veri
3180 998 3195 1019 ,
3220 957 3466 1028 iustique

1883 1076 1949 1116 ac
1981 1061 2213 1134 legitimi
2258 1060 2354 1116 ﬁlii
2399 1061 2598 1115 ﬁamus
2640 1057 2800 1128 ejus,
2834 1055 2929 1126 qui
2973 1068 3077 1108 nos
3109 1051 3176 1105 ad
3220 1048 3469 1116 adoptio-

1882 1168 2048 1218 nem,
2075 1167 2200 1224 ηοω
2239 1167 2339 1224 per
2382 1151 2621 1223 gratiam
2659 1147 2965 1215 contingit,
3013 1140 3248 1199 vocavit.
3287 1136 3469 1193 Grave

1883 1241 2032 1298 enim
2061 1242 2326 1312 probrum
2358 1247 2477 1305 est,
2508 1238 2859 1294 adulterinus
2878 1232 3156 1304 ,‘spurius
3187 1238 3242 1285 et
3274 1226 3469 1284 subdi-

1885 1334 2076 1400 titius,
2108 1335 2203 1404 qui
2234 1332 2400 1388 factis
2431 1333 2550 1389 suis
2597 1339 2881 1402 paternam
2924 1324 3272 1381 nobilitatem
3319 1318 3466 1373 fallat

1884 1435 2049 1496 atque
2090 1424 2411 1480 ludiﬁcetur
2447 1443 2461 1478 :
2522 1429 2813 1492 propterea
2862 1417 2998 1472 mihi
3047 1415 3266 1469 videtur
3302 1409 3469 1465 etiam

1886 1516 2004 1587 ipse
2036 1517 2304 1571 Dominus
2342 1516 2411 1570 in-
2435 1513 2746 1583 Evangeliis
2775 1509 2997 1565 vivendi
3038 1504 3262 1575 regulas
3309 1500 3471 1555 nobis

1885 1608 2301 1679 praescribens,
2323 1608 2434 1661 illis
2463 1606 2531 1660 ad
2562 1603 2868 1673 discipulos
2917 1600 2996 1653 uti
3026 1596 3215 1652 verbis
3249 1612 3262 1646 :
3308 1591 3475 1646 Bene-

1883 1694 2046 1765 facits
2078 1698 2200 1753 odio
2253 1695 2691 1768 prosequentibus
2736 1710 2863 1760 vos,
2904 1698 3057 1746 orate
3100 1702 3198 1757 pro
3256 1685 3323 1737 iis
3384 1680 3476 1749 qui

1883 1787 2087 1843 trudunt
2138 1804 2201 1841 ac
2250 1794 2640 1858 persequuntur
2684 1792 2806 1847 ves,
2857 1790 2918 1836 ut
2963 1780 3087 1835 sitis
3136 1776 3239 1848 ﬁlii
3290 1772 3476 1827 Patris

1883 1881 2070 1946 uestri,
2097 1881 2188 1948 qui
2215 1890 2295 1934 est
2321 1881 2375 1933 iu
2401 1878 2547 1933 oculis
2568 1918 2584 1945 ,
2614 1875 2869 1946 quoniam
2899 1872 3066 1928 solem
3089 1884 3247 1926 suum
3272 1862 3479 1921 exoriri

213 1962 505 2033 ὁμοφύλους
547 1964 932 2038 φιλανθρωπίᾳ
969 1968 1083 2031 τοῖς
1116 1967 1342 2033 οίκείόις
1384 1970 1667 2040 λογισμοῖς
1701 1972 1786 2024 ἐν·

1907 1972 2020 2025 :init
2049 1987 2210 2040 super
2243 1970 2418 2024 malas
2450 1979 2499 2024 et
2528 1969 2693 2022 bonos
2712 2008 2726 2031 ,
2764 1976 2815 2021 et
2846 1966 3085 2034 pluviam
3115 1959 3281 2016 mittit
3322 1968 3483 2023 super

212 2052 578 2111 τυπώσωνται.

1882 2062 2064 2133 justas
2103 2071 2156 2117 et
2195 2063 2429 2133 injustas
2462 2062 2527 2116 “.
2562 2059 2736 2114 Filios
2778 2058 2928 2113 enim
2961 2062 3099 2109 tunc
3142 2051 3260 2107 ﬁeri
3304 2046 3479 2109 dicit,

215 2160 328 2199 cum
359 2147 785 2207 similitudinem
809 2158 1052 2221 paternas
1090 2150 1377 2219 bonitatis,
1437 2151 1833 2211 humanitatem
1872 2170 2001 2229 erga
2045 2155 2339 2226 populares
2383 2161 2441 2209 et
2484 2152 2772 2224 proximos
2816 2146 3169 2221 praestando,
3222 2139 3484 2199 sensibus

215 2241 321 2297 suis
348 2250 402 2300 et
430 2246 867 2315 cogitationibus
893 2246 1303 2317 impresserint.

276 2337 368 2393 Διὰ
392 2340 555 2395 τοῦτο
589 2342 684 2395 καὶ
719 2340 858 2412 μετὰ
887 2340 949 2395 τὺ
990 2343 1091 2412 τῆς
1119 2340 1391 2406 υίοθεσίας
1420 2339 1660 2413 ἀξίωμα,
1692 2342 1789 2398 καὶ

214 2433 240 2483 6
263 2432 496 2497 διάϐολος
528 2432 666 2504 ἡμῖν
717 2432 1060 2487 ἐπιϐουλεύει
1103 2434 1490 2508 σφοδρότερον·
1533 2434 1789 2508 βασκάνῳ

216 2524 495 2595 τηκόμενος
524 2524 814 2596 ὀφθαλμῷ,
849 2525 976 2583 ὅταν
1011 2524 1184 2599 βλέπῃ
1220 2525 1319 2579 τοῦ
1366 2527 1647 2596 νεογενοῦς
1696 2530 1791 2583 άν-

217 2613 417 2683 θρώπου
452 2616 518 2670 τὸ
550 2616 771 2680 κάλλος,
806 2616 1127 2681 σπεύδοντος
1166 2617 1304 2689 πρὸς
1341 2616 1441 2689 τὴν
1469 2619 1789 2690 ἐπουράνιον

219 2707 496 2774 πολιτείαν,
525 2708 627 2777 ἀφ’
652 2704 722 2779 ἦς
743 2711 950 2773 ἐκεῖνος
977 2708 1204 2777 ἐξέπεσε
1219 2726 1235 2738 ⁸
1255 2710 1351 2762 καὶ⁵
1377 2708 1646 2781 πυρώδεις
1663 2712 1799 2781 ἡμῖν

219 2800 475 2871 ὲτεγείρει
504 2800 640 2862 τοὺς
669 2802 1034 2872 πειρασμοὺς,
1084 2801 1317 2871 συλῆσαι
1347 2802 1662 2865 σπουδάζων
1700 2804 1794 2856 καὶ

220 2891 308 2959 τὴν
335 2891 596 2964 δευτέραν
644 2892 1031 2963 ὲπικόσμησιν,
1062 2892 1140 2957 ὡς
1167 2891 1257 2945 τὸν
1287 2891 1492 2964 κόσμον
1532 2891 1623 2946 τὸν
1661 2891 1795 2963 πρό-

221 2996 379 3051 τερον.
412 2982 552 3035 Ἀλλ’
584 2983 713 3039 ὅταν
735 2981 1054 3053 αἰσθώμεθα
1070 2981 1181 3035 τῶν
1204 2983 1413 3036 ἐκείνου
1443 2982 1758 3055 προσϐαλῶν
1775 3022 1795 3050 ,

223 3074 450 3144 προσῆκε
481 3075 586 3146 τὴν
627 3074 994 3145 ἅποστολικὴν
1043 3074 1201 3147 ῥῆσιν
1235 3076 1447 3138 ἑαυτοῖς
1490 3075 1792 3141 ἐπιλέγεινο

227 3165 372 3220 Ὅσοι
390 3169 475 3233 εὶς
503 3167 769 3235 Χριστὸν
791 3167 1257 3237 ἐϐαπτίσθημεν,
1285 3168 1374 3234 εἰς
1401 3167 1510 3222 τὸν
1538 3166 1800 3222 θάνατον

224 3257 392 3311 αὐτοῦ
419 3256 891 3327 ἐϐαπτίσθημεν.
922 3257 988 3310 Et
1018 3256 1076 3310 δὲ
1104 3256 1418 3328 σύμμορφοι
1437 3255 1534 3310 τοῦ
1567 3257 1798 3311 θανάτου

226 3349 507 3421 γεγόναμεν
525 3390 542 3416 ,
583 3324 769 3421 νεκρὰ⁷
800 3349 1019 3412 πάντως
1067 3324 1253 3403 λοιπὸν
1285 3324 1353 3401 ἐν.
1379 3351 1510 3421 ἡμῖν
1545 3350 1579 3418 ἡ
1620 3349 1803 3420 άμαρ-
1828 3324 1872 3382 c

225 3439 325 3503 τία,
353 3441 427 3512 τῷ
448 3442 788 3514 σειρομάστῃ
820 3440 1125 3495 διελαθεῖσα
1172 3440 1266 3494 τοῦ
1297 3440 1693 3511 βαπτίσματος,
1727 3439 1803 3503 ὡς

228 3533 254 3585 6
281 3534 465 3606 πόρνος
496 3538 712 3598 ἐκεῖνος
763 3534 915 3605 παρὰ
952 3533 1196 3603 ζηλωτοῦ
1245 3532 1341 3587 τοῦ
1387 3533 1599 3601 Φινεές.Δ
1628 3530 1803 3600 Φεῦγε

228 3625 391 3681 τοίνυν
430 3629 523 3697 ἀφ’
558 3625 740 3698 ἡμῶν,
768 3625 1086 3697 δυσώνυμε·
1119 3624 1312 3694 νεκρὸν
1339 3623 1449 3694 γὰρ
1491 3623 1670 3687 θέλεις
1704 3640 1803 3676 συν

231 3713 411 3781 λεύειν,
440 3717 531 3770 τὸν
565 3715 736 3770 πάλαι
766 3733 849 3768 σοι
881 3713 1306 3785 συνταξάμενον,
1336 3713 1429 3767 τὸν
1467 3713 1808 3768 ἀπολέσαντα

233 3806 383 3859 πάλαι
411 3808 551 3879 πρὸς
580 3806 680 3871 τὰς
724 3806 921 3878 ἡδονὰς
954 3806 1059 3870 τὰς
1093 3804 1397 3878 αἰσθήσεις.
1451 3804 1667 3877 Νεκρὸς
1702 3822 1809 3858 σωο-

235 3896 405 3967 μάτων
451 3900 557 3953 οὐκ
591 3900 713 3971 ἐρᾷ,
746 3898 940 3968 νεκρὸς
987 3899 1086 3970 οὐχ
1134 3898 1414 3952 ἁλίσκεται
1451 3896 1687 3969 πλούτῳ,
1719 3916 1808 3952 vs-

234 3989 352 4059 κρδς
368 3992 433 4045 οὐ
466 3994 818 4059 συκοφαντεῖ,
854 3990 1045 4063 νεκρὸς
1086 3994 1148 4045 οὐ
1187 3991 1464 4063 ψεύδεται,
1498 3992 1597 4063 οὐχ
1629 3992 1819 4063 αρπά-·

236 4078 309 4143 ζει
327 4082 391 4136 τὰ
419 4084 492 4154 μὴ
523 4083 895 4153 προσήκοντα,
917 4084 978 4136 ού
999 4083 1316 4153 λοιδορεῖται
1330 4085 1442 4147 τοῖς
1471 4084 1815 4155 προστυγχά-

236 4188 392 4229 νουσι.
445 4175 593 4246 Πρὸς
639 4174 808 4245 ἄλλην
865 4191 955 4246 μοι
1014 4174 1157 4245 ζωὴν
1209 4175 1238 4227 6
1292 4174 1405 4245 βίος
1453 4174 1812 4245 ὲκανονίσθη·

238 4263 550 4336 ἐπαιδεύθην
594 4264 704 4319 τῶν
750 4265 1060 4335 ὲγκοσμίων
1103 4265 1485 4335 καταφρονεῖν,
1533 4263 1603 4318 τὰ
1650 4264 1817 4335 γήϊνα

241 4358 615 4429 παρατρέχειν,
662 4359 754 4412 καὶ
801 4356 1052 4410 σπεύδειν
1084 4355 1220 4427 πρὸς
1247 4356 1316 4409 τὰ
1353 4355 1601 4425 οὐράνια,
1636 4355 1817 4416 καθὼς

241 4445 326 4497 καὶ
393 4446 609 4509 Παῦλος
673 4446 972 4517 διαρρήδην
1034 4443 1405 4516 μαρτύρεται,
1472 4446 1552 4498 ὅτι
1616 4444 1818 4513 κόσμος

243 4536 423 4608 ἐκείνῳ
454 4539 815 4609 ἐσταύρωται,
865 4540 1115 4601 κάκεῖνος
1143 4536 1222 4608 τῷ
1254 4536 1462 4608 κόσμῳ.
1511 4534 1698 4589 Ταῦτα
1724 4533 1821 4604 ψυ-

1969 2336 2180 2392 Ideirco
2222 2335 2390 2389 etiam
2441 2340 2563 2404 post
2610 2330 2924 2401 adoptionis
2966 2324 3333 2398 dignitatem,
3364 2321 3488 2378 dia-

1895 2432 2056 2487 bolus
2096 2429 2260 2484 nobis
2302 2425 2680 2482 vehementius
2722 2421 3034 2485 insidiatur,
3080 2414 3270 2472 invido
3315 2415 3481 2468 oculo

1896 2522 2331 2585 contabesceus,
2366 2519 2496 2574 dum
2544 2532 2742 2572 recens
2777 2517 2893 2570 nati
2942 2510 3187 2568 hominis
3223 2506 3490 2563 festinan-

1897 2612 1979 2667 tis
2016 2611 2087 2665 ad
2111 2610 2392 2665 caelestem
2435 2607 2826 2676 rempublicam
2851 2646 2866 2669 ,
2917 2602 3063 2658 unde
3109 2603 3204 2657 ille
3247 2601 3476 2668 excidit,

1903 2700 2372 2775 pulchritudinem
2403 2699 2673 2762 intuetur,
2699 2706 2757 2753 et
2783 2696 3013 2751 acerbas
3044 2694 3212 2750 nobis
3239 2706 3304 2748 ac
3332 2694 3492 2749 vehe-

1907 2803 2121 2851 mentes
2160 2792 2373 2848 excitat
2403 2791 2743 2845 tentationes
2762 2828 2779 2852 ,
2810 2786 3115 2841 secundum
3145 2800 3368 2856 quoque
3396 2801 3493 2839 or-

1903 2894 2223 2941 namentum
2250 2883 2415 2941 sicuti
2444 2883 2682 2954 priorem
2711 2888 2967 2935 ornatum
2993 2876 3213 2934 auferre
3237 2878 3491 2933 studens.

1905 2975 2108 3033 Verum
2139 2975 2232 3032 ubi
2261 2973 3060 3043 seuserimusejusincursus,
3085 2971 3345 3026 convenit
3366 2985 3492 3040 apo-

1905 3069 2163 3125 stolicum
2181 3068 2393 3125 dictum
2412 3065 2825 3137 nobismetipsis
2839 3063 3119 3133 subjicere
3142 3081 3156 3119 :
3185 3060 3495 3133 Quicunque

1904 3162 1960 3215 in
1987 3159 2260 3215 Christum
2286 3159 2545 3229 baptismi
2568 3174 2773 3221 sumus,
2797 3156 2858 3209 in
2881 3164 3103 3210 mortem
3130 3153 3297 3225 ipsius
3326 3152 3497 3219 bapti-

1908 3254 2018 3308 zati
2051 3269 2234 3309 sumus
2264 3251 2336 3306 “.
2377 3250 2537 3320 Quod
2582 3251 2628 3306 si
2671 3247 2991 3304 conformes
3040 3245 3203 3301 morti
3235 3243 3366 3299 facti
3401 3260 3496 3300 su-

1906 3360 2053 3409 mus,
2084 3351 2362 3398 mortuum
2391 3355 2625 3412 prorsus
2648 3338 2908 3408 deinceps
2932 3336 3003 3390 inv
3022 3334 3184 3390 nobis
3212 3339 3495 3405 peccatum

1906 3443 1993 3491 est
2014 3474 2029 3499 ,
2058 3435 2252 3489 lancea
2278 3431 2636 3503 baptismatis
2656 3472 2672 3497 ,
2705 3429 2853 3484 sicut
2878 3426 2971 3483 ille
2998 3433 3276 3482 scortator
3308 3440 3335 3477 a
3362 3421 3499 3477 Phi-

1907 3541 2076 3583 neeso
2103 3526 2301 3590 zelote,
2325 3524 2420 3594 qui
2450 3523 2637 3578 studio
2665 3531 2832 3591 atque
2862 3532 3050 3572 amore
3080 3515 3172 3570 Dei
3202 3514 3495 3585 ﬂagrabat,

1908 3616 2297 3689 expulsum".
2324 3615 2475 3684 Fuge
2502 3614 2671 3684 igitur
2695 3627 2724 3665 a
2756 3609 2940 3671 nobis,
2967 3605 3306 3663 cxsecrande
3334 3612 3502 3672 atque

1911 3708 2185 3771 infausto,
2222 3715 2501 3761 mortuum
2534 3703 2680 3759 enim
2716 3701 2954 3771 spoliare
2982 3699 3098 3762 vis,
3133 3696 3225 3766 qui
3273 3695 3404 3749 olim
3443 3709 3502 3748 sc

1911 3798 2014 3855 tibi
2048 3792 2452 3867 conjunxtcrat,
2484 3778 2587 3864 qui
2610 3777 2835 3863 propter
2859 3786 3172 3856 voluptates
3206 3782 3340 3836 olim
3372 3796 3501 3837 sen-

1913 3907 2035 3947 sum
2082 3890 2364 3944 amiscrat.
2410 3882 2660 3939 Mortuus
2699 3894 2933 3951 corpora
2978 3886 3085 3932 non
3135 3882 3317 3936 annuat,
3351 3887 3501 3925 mor-

1914 3981 2436 4051 tuus-noncapitur
2460 3976 2699 4038 divitiis,
2740 3981 2995 4027 mortuus
3038 3982 3157 4023 non‘
3196 3963 3504 4021 calumnia-

1914 4084 2030 4143 tur,
2060 4083 2315 4130 mortuus
2346 4088 2458 4127 non
2515 4069 2802 4131 mentitur,
2839 4061 3131 4132 [nostrapit
3159 4074 3223 4114 ea
3277 4072 3399 4128 quae
3435 4055 3504 4111 ad

1915 4185 1976 4226 se
2010 4183 2126 4224 non
2155 4168 2439 4237 pertinent
2459 4204 2474 4231 ,
2510 4178 2621 4217 non
2650 4158 3001 4216 conviciatur
3032 4153 3139 4208 sibi
3170 4150 3390 4205 obviam
3426 4147 3507 4201 fa-

1917 4261 2042 4315 ctis.
2090 4257 2268 4312 Aliam
2320 4258 2445 4311 vitae
2488 4254 2770 4324 regulam,
2805 4249 2969 4302 aliam
3021 4259 3238 4300 morum
3292 4239 3503 4296 institui

1918 4347 2401 4415 normamsdidici
2434 4362 2522 4401 res
2551 4332 2861 4398 mundanas
2886 4345 3261 4400 contemnere,
3285 4341 3505 4388 terrena

1923 4450 2386 4513 prmtercurrere,
2438 4443 2493 4491 et
2537 4434 2604 4488 ad
2639 4431 2905 4501 :cmlestia
2956 4427 3261 4489 festinare,
3310 4438 3508 4495 quem-

1922 4531 2218 4587 admodum
2273 4529 2455 4583 etiamx
2488 4525 2691 4580 Pacius
2744 4523 2925 4593 palam
2972 4535 3037 4575 ac
3080 4519 3287 4573 diserte
3332 4522 3507 4571 testa-

246 4628 336 4699 χῆς
368 4606 581 4702 άληθῶς
626 4606 1089 4701 άναγεννηθείσης
1126 4606 1204 4682 τά
1244 4606 1463 4699 ῥήματα
1485 4643 1505 4657 σ
1536 4620 1696 4679 αὗται
1725 4623 1804 4678 cci

1926 4621 2126 4685 tur“,
2157 4619 2317 4690 quod
2339 4615 2768 4677 munditsisibi,
2810 4621 2866 4669 et
2910 4613 3030 4683 ipse
3074 4607 3281 4665 mundo
3325 4606 3511 4661 cruci-

248 4724 511 4788 νεοτελοῦς
543 4722 830 4796 ἀνθρώπου
873 4724 1070 4793 φωναὶ,
1103 4721 1205 4775 τοῦς
1237 4721 1585 4793 μεμνημένου
1610 4721 1709 4791 τῆς
1741 4720 1821 4772 0i-

250 4815 392 4880 κείας
435 4817 742 4889 ὁμολογίας,
791 4816 858 4889 ἢν
908 4817 966 4869 ὲν
1020 4816 1088 4887 τῇ
1136 4813 1434 4886 παραδόσει
1473 4811 1567 4867 τοῦ
1616 4829 1824 4884 μυστη-

255 4903 360 4974 ρίου
395 4908 529 4979 πρὸς
560 4907 692 4981 Θεὸν
744 4909 1059 4978 ἐποιήσατο,
1094 4904 1275 4976 πάσης
1312 4904 1406 4958 καὶ
1434 4904 1704 4976 τιμωρίας
1733 4903 1829 4958 καὶ

253 4998 434 5069 ἡδονῆς
489 5000 630 5074 ὑπὲρ
679 5001 778 5071 τῆς
826 5001 907 5062 είς
968 4998 1133 5052 αὐτὸν
1187 4997 1409 5066 ἀγάπης
1465 4997 1828 5065 καταφρονεῖν

256 5088 635 5162 ὑποσχόμενος.
685 5090 872 5145 Ταῦτα
915 5090 1013 5161 μὲν
1060 5085 1153 5143 οὖν
1200 5088 1493 5159 αὐτάρκως
1542 5086 1680 5157 πρὸς
1728 5085 1830 5156 τὴν

260 5179 401 5251 ἱερὰν
425 5184 526 5255 της
553 5182 765 5255 ἡμέρας
795 5180 1071 5241 ὑπόθεσιν.
1104 5180 1171 5253 ἣν
1197 5180 1226 5232 6
1257 5177 1556 5241 κυκλωθεὶς
1587 5175 1830 5239 ἐνιαυτὸς

257 5274 607 5344 τεταγμέναις
648 5274 785 5347 πρὸς
818 5274 965 5345 ἡμᾶς
993 5272 1189 5343 ῆνεγκε
1236 5269 1521 5341 περιόδοις.
1556 5267 1736 5320 Καλὸν
1774 5266 1833 5318 δὲ

260 5359 435 5416 λοιπὸν
457 5362 537 5434 τῷ
562 5360 926 5436 φιλανθρώπῳ
953 5362 1048 5433 τῆς
1075 5361 1344 5429 τοσαύτης
1369 5358 1577 5430 δωρεᾶς
1612 5355 1832 5427 χορηγῷ

265 5453 705 5523 προσαναπαύσαι
733 5454 824 5509 τὸν
860 5454 1037 5524 λόγον,
1070 5452 1252 5524 φωνὴν
1283 5450 1469 5522 ὀλίγην
1513 5448 1654 5519 ὑπὲρ
1695 5463 1835 5521 πραο

266 5544 482 5613 γμάτων
520 5548 766 5617 μεγάλων
808 5547 909 5619 τὴν
953 5545 1187 5617 ἀμοιϐὴν
1233 5541 1708 5613 ἀντεισφέροντας.
1759 5536 1831 5591 Σὺ

267 5636 370 5706 γὰρ
403 5638 614 5708 ἀληθῶς
639 5639 924 5712 ὑπάρχεις,
955 5639 1219 5702 Δέσποτα,
1248 5633 1466 5705 καθαρὰ
1492 5631 1585 5688 καὶ
1615 5630 1835 5693 ὰένναος

270 5730 362 5801 τῆς
380 5732 732 5808 ἀγαθωσύνης
761 5731 932 5804 πηγὴ,
951 5732 1011 5797 ὃς
1033 5728 1391 5803 ἀπεστράφης
1419 5726 1565 5798 ἡμᾶς
1588 5716 1833 5787 δικαίως,

345 5908 389 5941 ⁸³
420 5909 607 5968 Matth.
641 5928 694 5974 v,
730 5910 818 5977 4.5,
846 5909 935 5965 45.

1084 5909 1127 5941 ιι
1158 5908 1313 5965 liam.
1344 5907 1486 5975 “,3.
1559 5905 1605 5939 “
1628 5902 1790 5961 Num.
1818 5918 1957 5969 xxv,
1990 5902 2022 5956 3
2056 5914 2178 5970 διιίιρ

1927 4715 2073 4769 ﬁxus
2094 4719 2263 4768 esset.
2295 4709 2422 4767 Haec
2452 4708 2653 4765 anima:
2680 4721 2805 4763 vere
2831 4709 3168 4775 regeneratae
3192 4700 3357 4756 verba
3385 4716 3401 4766 ;
3429 4698 3512 4752 lia:

1928 4819 2125 4860 recens
2176 4802 2377 4858 initiati
2429 4798 2668 4855 hominis
2712 4813 2910 4861 voces,
2954 4796 3239 4866 proprium
3288 4798 3509 4863 pactum

1928 4895 2201 4953 memoria
2243 4894 2533 4960 tenentis,
2582 4890 2731 4961 quod
2792 4898 3016 4960 pactum
3087 4887 3143 4955 in
3215 4882 3513 4939 traditione

1929 4988 2179 5059 mysterii
2203 5001 2329 5040 cum
2357 4983 2468 5039 Deo
2498 4983 2657 5046 fecit,
2688 4995 2825 5034 cum.
2844 4991 3060 5033 omnem
3092 4986 3309 5044 poenam
3332 5013 3348 5039 ,
3380 4984 3512 5024 cru-

1928 5080 2135 5135 ciatum
2163 5087 2220 5133 et
2249 5077 2583 5147 voluptatem
2611 5086 2712 5143 pro
2739 5071 2897 5126 illius
2918 5065 3218 5123 dilectione
3246 5077 3306 5117 se
3332 5061 3515 5130 negle-

1928 5184 2149 5229 cturum
2171 5184 2296 5226 esse
2313 5167 2586 5239 promisit.
2610 5163 2792 5234 Atque
2816 5163 2933 5216 haec
2959 5156 3180 5229 quidem
3204 5153 3271 5208 ad
3294 5168 3513 5208 sacrum

1930 5265 2040 5320 diei
2071 5269 2489 5333 argumentum,
2518 5270 2679 5326 quem
2720 5252 2866 5307 diem
2901 5250 2955 5304 in
2986 5247 3177 5303 orbem
3211 5246 3374 5309 statis
3402 5244 3514 5299 cir-

1932 5357 2179 5412 cuitibus
2220 5367 2399 5407 annus
2447 5359 2606 5404 actus
2636 5345 2723 5401 'ad
2767 5358 2868 5400 nos
2918 5342 3145 5408 retulit,
3176 5340 3324 5395 dicta
3364 5336 3517 5395 δυω-

1932 5449 2104 5504 ciant.
2137 5444 2292 5499 Haud
2323 5443 2560 5498 alienum
2608 5438 2870 5506 deinceps
2909 5433 3108 5500 fuerit,
3138 5438 3199 5486 ut
3237 5430 3306 5485 ad
3353 5445 3477 5486 eum
3499 5468 3514 5494 ,

1935 5539 2028 5612 qui
2056 5544 2268 5592 tantum
2297 5533 2456 5588 nobis
2482 5532 2690 5586 donum
2719 5527 2956 5596 benigne
2986 5524 3220 5596 largitus
3248 5527 3366 5585 est,
3393 5534 3520 5574 con-

1936 5646 2097 5688 verso
2127 5642 2380 5685 sermone
2404 5667 2418 5692 ,
2452 5626 2555 5680 hoc
2585 5621 2749 5677 modo
2778 5620 2943 5674 ﬁnem
2969 5615 3188 5673 dicendi
3219 5612 3517 5676 faciamus,

1937 5722 2191 5794 exiguam
2223 5731 2411 5774 vocem
2455 5728 2777 5793 magnarum
2820 5724 3005 5767 rerum
3048 5701 3518 5793 compensationis

2254 5896 2299 5929 “
2326 5894 2502 5952 Galat.
2524 5907 2599 5958 vt,
2634 5890 2720 5945 14.
