3882 6446
400 477 502 534 599

1655 480 1711 535 S.
1744 477 2069 537 (ΗΠ-110811
2105 477 2188 530 ΝΥ
2201 475 2389 533 SSENI

3564 480 3658 534 600

396 597 518 651 loco
553 597 913 666 proferentes.
945 599 1027 654 T-n
1058 603 1208 657 enim
1243 617 1432 658 revera
1453 642 1469 667 ,
1502 602 1767 669 Domine,
1800 617 1973 672 purus

2078 601 2170 652 καὶ
2213 597 2450 670 ὴλέησας
2481 592 2896 666 φιλανθρώπως.
2943 593 3265 664 Ἐμίσησας,
3321 594 3418 648 καὶ
3457 595 3660 666 διηλλά.

396 700 458 739 ac
492 689 754 755 perennis
787 688 910 746 fons
942 691 1209 748 bonitatis
1231 708 1325 758 es,
1353 694 1447 764 qui
1485 697 1636 764 juste
1677 709 1782 748 nos
1813 709 1975 749 aver-

394 784 577 844 satus,
629 794 694 834 ac
743 781 977 853 benigne
1004 785 1179 839 nostri
1219 785 1478 842 misertus
1523 801 1627 852 es;
1673 785 1804 841 odio
1847 801 1975 857 pro-

394 878 642 934 secutus,
664 879 719 926 et
739 874 1125 932 reconciliatus
1151 892 1243 944 es;
1272 887 1593 933 exsecratus
1619 893 1700 943 es,
1718 883 1773 933 et
1800 877 1972 933 bene-

393 958 585 1014 dixiin
611 978 626 1027 ;
658 963 1041 1020 esterminasti
1073 982 1139 1022 ex
1169 968 1455 1037 paradiso,
1500 977 1557 1024 et
1583 969 1780 1024 iterum
1814 983 1973 1024 revo-

393 1051 573 1116 casti;
622 1053 828 1110 exuisti
880 1071 982 1113 nos
1030 1057 1176 1115 foliis
1226 1059 1508 1124 ﬁculneis,
1563 1059 1828 1116 indecoro
1875 1059 1974 1114 illo

395 1148 743 1210 tegumenta,
771 1153 828 1200 et
863 1147 1274 1204 circumdedisti
1317 1149 1484 1220 pallio
1524 1151 1802 1221 pretioso;
1843 1165 1972 1220 ape-
2013 1223 2016 1227 ι

395 1231 556 1287 rnisti
590 1249 896 1300 carcerem,
927 1253 992 1294 ac
1020 1239 1278 1296 dimisisti
1306 1241 1704 1298 condemnatos
1734 1260 1749 1310 ;
1781 1257 1972 1312 asper-

393 1327 512 1380 sisti
557 1342 700 1397 aqua
750 1345 930 1400 pura,
973 1339 1029 1386 et
1073 1348 1105 1387 a
1135 1333 1395 1389 sordibus
1439 1334 1742 1390 mundasti.
1770 1333 1889 1389 Non
1923 1334 1971 1389 si

395 1418 627 1484 posthac
655 1433 686 1471 a
716 1431 769 1476 te
792 1431 1022 1476 vocetur
1045 1422 1220 1478 Adam
1240 1464 1255 1490 ,
1286 1425 1607 1490 erubescet,
1635 1441 1814 1496 neque
1839 1440 1972 1480 con-

394 1507 623 1562 scientia
653 1519 1022 1582 coarguente,
1052 1515 1156 1570 sub
1197 1515 1322 1570 luco
1358 1517 1601 1586 paradisi
1646 1517 1823 1572 latens
1862 1531 1972 1587 pra

397 1599 604 1664 pudore
631 1616 692 1657 se
719 1602 1016 1658 obvelabit.
1047 1603 1236 1676 Neque
1283 1622 1414 1662 vero
1442 1606 1729 1663 ﬂammeus
1755 1608 1971 1678 gladius

394 1689 710 1756 paradisum
743 1693 1147 1760 circumdabit,
1179 1697 1273 1768 qui
1307 1698 1459 1752 aditu
1490 1699 1814 1754 accedentes
1844 1715 1970 1769 pro-

394 1778 612 1841 hibeat,
653 1787 708 1835 et
740 1781 923 1836 locum
971 1783 1174 1839 eﬂiciat
1219 1786 1604 1854 inaccessum,
1645 1791 1738 1844 sed
1785 1791 1971 1845 omnia

392 1868 551 1923 nobis
578 1869 890 1927 haeredibus
915 1874 1126 1944 peccati
1147 1875 1217 1930 ad
1249 1877 1490 1931 lmtitiam
1516 1880 1773 1933 traducta
1803 1888 1965 1944 sunt,

2076 707 2211 761 γης·
2235 687 2552 759 κατηράσω,
2579 685 2672 738 καὶ
2701 684 3009 756 ηὐλόγησας
3028 701 3040 714 ·
3073 683 3345 756 ὲξὼρισας
3372 687 3467 740 τοῦ
3493 705 3660 758 παρα.

2075 782 2274 846 δείσου,
2305 781 2399 833 καὶ
2432 777 2593 832 πάλιν
2617 776 2929 831 ἀνεκαλέσω
2946 792 2961 806 ⁶
2995 775 3250 840 ὲξέδυσας
3269 778 3344 830 τὰ
3365 777 3540 845 φύλλα
3565 779 3658 849 τῆς

2079 873 2249 942 συκῆς
2268 871 2368 942 τὴν
2401 871 2685 940 ἀσχήμονα
2711 868 2948 938 σκέπην,
2983 868 3079 922 καὶ
3107 866 3439 939 περιέϐαλες
3456 869 3659 940 ἱμάτιον

2077 963 2371 1034 πολύτιμον
2394 978 2408 992 ·
2462 961 2678 1032 ἧνοιξας
2736 960 2798 1013 τὺ
2846 960 3238 1032 δεσμωτήριον.
3297 963 3396 1014 καὶ
3448 963 3659 1032 ἀφῆκας

2075 1059 2202 1121 τοὺς
2247 1053 2748 1126 κατακεκριμένους
2768 1069 2784 1083 ·
2839 1051 3162 1124 ὲρρἀτισας
3207 1052 3370 1107 ὕδατι
3418 1053 3655 1125 καθαρῷ,

2077 1149 2173 1203 καὶ
2216 1148 2325 1201 τῶν
2352 1146 2540 1216 ρὑων
2584 1144 2884 1215 ὲκάθαρας.
2918 1144 3119 1197 Οὐκέτι
3150 1143 3489 1214 καλούμενος
3519 1145 3658 1216 παρὰ

2077 1239 2173 1294 σοῦ
2218 1241 2248 1294 ὁ
2291 1237 2462 1307 Ἀδὰμ
2491 1235 2933 1306 αἰσχυνθήσεταιι,
2975 1233 3098 1287 οὐδὲ
3137 1233 3293 1306 παρὰ
3339 1233 3438 1287 τοῦ
3491 1252 3658 1289 συνειο

2071 1330 2226 1393 δότπ
2267 1327 2620 1398 ἐλεγχόμενος
2669 1325 3058 1394 ὲγκαλύψεται.
3094 1325 3198 1378 ὑπὸ
3234 1328 3303 1396 τῇ
3349 1325 3529 1399 λόχμῃ
3573 1327 3658 1380 τοῦ

2074 1421 2404 1492 παραδείσου
2439 1417 2834 1490 κρυπτόμενος.
2868 1416 3006 1470 Οὔτε
3040 1416 3146 1487 μὴν
3178 1419 3211 1485 ὴ
3249 1417 3481 1488 φλογίνη
3531 1421 3656 1488 ῥομ-

2074 1512 2206 1582 φαία
2249 1509 2518 1564 κυκλώσει
2549 1509 2642 1562 τὸν
2684 1507 3031 1578 παράδεισον,
3078 1507 3380 1578 ἀπρόσιτον
3427 1509 3538 1570 τοῖς
3570 1511 3656 1576 ὲγ-

2072 1603 2284 1672 γίζουσι
2332 1598 2563 1654 ποιοῦσα
2605 1597 2702 1668 τὴν
2751 1597 2986 1650 εἴσοδον·
3037 1597 3215 1651 πάντα
3259 1596 3318 1650 δὲ
3372 1599 3504 1667 ἡμῖν
3551 1601 3657 1661 τοῖς

2073 1692 2430 1764 κληρονόμοις
2477 1690 2576 1760 τῆς
2625 1687 2899 1758 ἁμαρτίας
2949 1687 3364 1758 μτεσκευᾶσθη
3401 1687 3539 1759 πρὸς
3578 1689 3657 1740 εὑ-

2073 1785 2382 1858 φροσύνην’
2417 1784 2512 1839 καὶ
2542 1781 2701 1852 βατδς
2741 1781 2840 1851 μὲν
2869 1777 3144 1850 ἀνθρώπῳ
3183 1781 3540 1850 παράδεισος,
3567 1783 3654 1834 καὶ

2072 1876 2298 1948 οὐρανὸς
2325 1875 2486 1938 αὐτός
2507 1890 2521 1904 °
2557 1870 2908 1946 συνηρμόσθη
2955 1871 3014 1924 δὲ
3057 1872 3138 1934 είς
3169 1871 3359 1940 φιλίαν
3393 1873 3428 1941 ἡ
3465 1871 3653 1936 κτίσις,

389 1975 452 2013 ac
483 1960 774 2028 paradisus
805 1963 1024 2034 quidem
1058 1974 1222 2036 atque
1249 1969 1429 2038 ipsum
1465 1970 1602 2024 adeo
1630 1971 1830 2026 ccelum
1869 1972 1969 2026 bo-

2070 1971 2104 2041 ή
2137 1944 2428 2039 εγκόσμιός
2458 1984 2517 2020 τε
2541 1965 2636 2020 καὶ
2667 1944 3057 2034 ὑπερκόσμιος,
3099 1963 3268 2016 πάλαι
3302 1963 3441 2033 πρὸς
3467 1963 3652 2032 ἑαυτὴν

387 2051 522 2104 mini
563 2061 750 2122 patet:
783 2063 1039 2112 creatura
1073 2065 1260 2115 autem
1314 2067 1423 2115 tam
1479 2062 1755 2117 mundana
1799 2079 1965 2134 quam

385 2143 834 2218 snpramundana
852 2147 984 2202 olim
1011 2149 1158 2205 inter.
1179 2166 1241 2206 se
1263 2151 1545 2210 dissidens
1569 2153 1638 2208 ad
1665 2155 1965 2210 amicitiam

385 2233 553 2298 coiit,
584 2241 748 2305 atque
785 2240 1137 2295 reconciliata
1167 2248 1286 2308 est,
1315 2251 1371 2296 et
1408 2244 1662 2301 homines
1701 2261 1828 2301 cum
1865 2262 1967 2301 an-

382 2321 518 2386 gclis
549 2322 774 2378 illorum
814 2326 1060 2391 colentes
1105 2329 1438 2402 theologiam
1481 2336 1788 2392 concordes
1835 2337 1966 2392 facti

380 2429 578 2470 sumus
606 2423 770 2485 atque
798 2421 1206 2479 consensimus.
1239 2423 1470 2494 Propter
1496 2427 1612 2482 haec
1647 2428 1816 2496 igitur
1855 2444 1967 2483 om-

379 2505 504 2566 nia,
535 2504 724 2574 gaudii
754 2507 1018 2579 hymnum
1062 2512 1175 2572 Deo
1207 2529 1510 2585 canamus,
1537 2533 1701 2589 quem
1732 2534 1798 2578 os
1837 2519 1966 2592 Spia

381 2595 488 2656 ritu
518 2597 808 2654 obsessum
837 2601 972 2656 olim
1001 2605 1322 2676 pr0phetice
1353 2624 1545 2680 magna
1566 2626 1704 2668 voce
1728 2629 1968 2683 pronun-

377 2686 534 2741 tiavit
551 2704 566 2741 :
587 2686 833 2746 Exsultat
851 2694 1033 2750 anima
1049 2712 1168 2752 mea
1184 2698 1237 2752 in
1257 2698 1485 2756 Domino
1496 2719 1516 2768 ;
1535 2702 1708 2758 induit
1729 2706 1868 2759 enim
1885 2723 1966 2761 me

374 2778 544 2845 pallio.
573 2780 805 2838 satu-tari
830 2825 846 2852 ,
874 2794 924 2842 et
953 2789 1134 2844 tunica
1157 2789 1362 2848 laetitia
1387 2794 1737 2852 circumdedit
1765 2815 1880 2864 me;
1905 2809 1966 2854 ut

373 2881 567 2935 sponso
596 2872 874 2942 adamavit
903 2879 1034 2937 mihi
1068 2883 1288 2938 mitram
1310 2927 1326 2951 ,
1355 2895 1404 2940 et
1440 2895 1497 2940 ut
1526 2905 1776 2957 sponsam
1809 2907 1964 2946 exor-

373 2963 518 3014 navit
550 2979 632 3017 me
655 2979 967 3022 ornamento
993 2972 1060 3025 ιτ.
1093 2974 1333 3031 Ornator
1357 2985 1542 3034 autem
1570 2995 1788 3050 sponsa:
1816 2996 1966 3050 pror-

2067 2059 2460 2124 στασιάζουσαο
2513 2059 2608 2112 καὶ
2644 2057 2904 2126 ἀγγέλοις
2943 2057 3001 2122 ,οί
3047 2054 3332 2127 ἄνθρωποι
3368 2054 3653 2124 ἐγενόμεθα

2067 2152 2370 2224 σύμφωνοι,
2419 2150 2522 2222 τὴν
2571 2149 2797 2203 ἐκείνων
2843 2147 3196 2212 εὐσεϐοῦντες
3229 2146 3529 2215 θεολογίαν.
3562 2145 3650 2198 Διὰ

2065 2244 2131 2316 δὴ
2172 2242 2348 2297 ταῦτα
2380 2242 2578 2308 πάντα,
2627 2240 2720 2294 τὸν
2772 2240 2873 2311 τῆς
2904 2241 3082 2310 χαρᾶς
3129 2238 3300 2310 ὕμνον
3329 2238 3547 2310 ᾅσωμεν
3581 2235 3654 2307 τῷ

2065 2335 2204 2406 Θεῷ,
2236 2335 2296 2390 ὃν
2325 2333 2501 2404 στόμα
2533 2332 2612 2404 τῷ
2645 2330 2925 2400 Πνεύματι
2970 2329 3200 2399 κάτοχον
3247 2327 3418 2382 πάλαι
3448 2342 3648 2398 προφη-

2070 2427 2239 2493 τικῶς
2273 2426 2591 2498 ἐξεϐόησεν
2637 2421 3051 2495 Ἀγαλλιάσθω
3093 2420 3132 2488 ἡ
3177 2419 3358 2489 ψυχή
3401 2435 3517 2488 μου
3559 2415 3648 2469 ἐπι

2071 2520 2152 2588 τῷ
2187 2519 2404 2588 Κυρίῳ,
2432 2517 2689 2573 ἐνέδυσε
2717 2517 2830 2587 γάρ
2847 2531 2924 2586 με
2947 2512 3181 2585 ἱμάτιον
3211 2511 3532 2580 σωτηρίου,
3555 2509 3643 2561 καὶ

2070 2611 2294 2683 χιτῶνα
2319 2610 2711 2680 εὐφροσύνης
2743 2606 3060 2677 περιέϐαλέ
3096 2622 3200 2676 μοι
3227 2622 3241 2637 ·
3294 2605 3377 2670 ὠς
3427 2599 3647 2671 νυμφίῳ

2071 2702 2389 2775 περιέθηκέ
2431 2720 2535 2773 μοι
2564 2703 2803 2771 μίτραν,
2851 2699 2953 2754 καί
2999 2698 3081 2764 ὡς
3116 2696 3370 2766 νύμφην
3418 2691 3640 2747 κατεκό-

2069 2795 2364 2866 σμησέμε
2381 2795 2610 2866 κόσμῳ.
2637 2793 2950 2864 Κοσμήτωρ
2975 2790 3033 2844 δὲ
3062 2790 3283 2852 πάντως
3315 2787 3416 2857 τῆς
3443 2784 3642 2854 νύμφης

2068 2891 2099 2943 ό
2129 2886 2383 2961 Χριστὸς,
2411 2887 2442 2940 ὸ
2465 2887 2561 2952 ὢν,
2596 2885 2693 2940 καὶ
2721 2883 2925 2957 προὼν,
2950 2881 3347 2952 καὶὲσόμενος,
3379 2872 3640 2945 εὐλογητὸς

2071 2981 2167 3036 νῦν
2196 2981 2294 3036 καὶ
2321 2981 2402 3044 είς
2431 2980 2558 3043 τοὺς
2591 2977 2815 3042 αἰῶνας.
2852 2976 3049 3046 Ἀμήν.

373 3064 471 3106 sus
499 3057 584 3110 est
606 3050 864 3112 Christus
883 3095 900 3123 ,
941 3059 1038 3128 qui
1071 3070 1186 3135 est,
1221 3075 1278 3120 et
1305 3073 1442 3124 ante
1459 3077 1582 3124 erat
1601 3108 1617 3134 ,
1647 3077 1703 3126 et
1732 3070 1956 3134 futurus
1979 3079 2084 3138 est,
2114 3070 2435 3136 benedictus
2466 3085 2616 3126 nunc
2647 3077 2702 3124 et
2736 3070 2794 3136 in,
2817 3067 3043 3138 szecula.
3069 3065 3271 3120 Arnen.

442 3207 486 3239 ⁵⁷
523 3207 632 3266 Isa.
664 3224 784 3285 Lm,
823 3212 914 3281 lt).

1655 3589 1884 3677 ΤΟΥ
1978 3583 2357 3678 ΑΥΤΟΥ

1089 3774 1330 3889 ΕΙΣ
1437 3779 1645 3896 ΤΟ
1757 3783 1998 3896 ΑΓ]

2070 3783 2240 3899 )N
2355 3784 2889 3899 ΠΑΣΧΑ

444 3981 566 4036 ΚΑΙ
603 3983 763 4051 IIEPI
799 3985 938 4056 ΤῌΣ
972 3988 1377 4061 ΤΡῘΗΜΕΡΟΥ
1414 3992 1854 4064 ΠΒΟΘΕΣΜΙΑΣ
1888 3996 2028 4050 ΤΗΣ
2064 3998 2203 4055 ΤΟΥ
2239 3999 2540 4058 ΧΡΙΣΤΟΥ
2576 3999 3025 4058 ΑΝΑΣΤΑΣΕΩΣ
3062 4002 3266 4059 AOI'OI
3306 4003 3547 4061 ΠΕΝΤΕ.

1977 4207 1988 4214 ι

1714 4323 2261 4419 EJUSDEM

1230 4541 1380 4657 IN
1442 4540 2126 4660 SANCTUM
2217 4541 2765 4660 PASCHA

691 4758 783 4830 Efl’
820 4760 911 4830 DE
943 4760 1298 4829 TRIDUANO
1335 4761 1559 4828 FESTO
1588 4765 2197 4838 RESURRECTIONIS
2230 4768 2510 4840 CHRISTI
2543 4768 2938 4828 ORATIUNES
2975 4773 3304 4856 QUINQUE.

503 4914 749 4983 [Quarum
779 4915 1062 4998 ἱπιενρτεια
1086 4919 1244 4986 fuere.
1271 4919 1449 4997 prima:
1475 4924 1649 4976 Petrus
1674 4921 1982 5041 Ιπὲϐ

2070 4924 2255 5052 τωὲὖέ
2271 4925 2428 5052 ἵει-τίαν
2445 4933 2493 4981 et
2515 4934 2705 4994 quarta:
2734 4930 3022 4984 Laurentius
3043 4931 3247 4997 Sifanus
3261 4967 3276 4995 ,
3309 4930 3479 4999 quinta:

2070 5001 2125 5045 ar
2253 5026 2265 5037 .

875 5215 1134 5286 ORATIO
1173 5216 1413 5290 annm.

2673 5232 2900 5286 ΛΟΓΟΣ
2931 5234 3011 5288 A'.

429 5303 487 5360 Si
524 5323 634 5379 qua
662 5309 1100 5379 patriarcharum
1157 5313 1467 5372 benedictio
1505 5317 1692 5386 divino
1731 5319 1939 5392 Spiritu
1969 5329 1998 5386 ε

2114 5326 2183 5388 EI.
2208 5342 2294 5391 τις
2324 5326 2682 5398 πατριαρχῶν
2729 5326 2948 5393 εὐλογία
2976 5325 3106 5397 θείῳ
3139 5325 3408 5397 Πνεύματι
3435 5317 3488 5378 τὸ
3519 5311 3594 5382 βέ-

353 5396 680 5454 conﬁrmata
711 5411 816 5466 est,
848 5402 896 5457 si
926 5402 1071 5474 quod
1105 5404 1156 5458 in
1189 5405 1306 5476 lege
1333 5408 1616 5478 praemium
1670 5411 1839 5467 vitam
1873 5430 1937 5470 ex

2070 5419 2191 5474 ῖαιον
2243 5417 2476 5487 ἔχουσα,
2530 5418 2585 5469 εἴ
2633 5435 2686 5470 τι
2734 5417 2834 5488 τῆς
2883 5422 3259 5488 πνευματικῆς
3306 5403 3590 5483 νομοθεσίας

356 5489 561 5543 virtute
592 5492 1014 5566 instituentibus
1045 5499 1406 5566 promissum,
1443 5501 1491 5556 si
1523 5503 1654 5580 quid
1689 5505 1940 5561 veritatis

2070 5507 2242 5576 μγαθὸν
2273 5509 2337 5563 δι’
2367 5508 2698 5577 ἐπαγγελίας
2727 5511 2839 5572 τοῖς
2865 5508 3217 5578 κατορθοῦσιν
3248 5503 3522 5566 ἐλπίζεταιν
3548 5490 3591 5542 εί

356 5587 604 5635 veterum
661 5583 1018 5640 historiarum
1072 5590 1358 5660 mnigmata
1409 5594 1831 5670 portenderunt,
1892 5595 1939 5652 si

2070 5616 2123 5662 ις
2167 5598 2254 5653 διὰ
2299 5599 2409 5654 τῶν
2471 5598 2757 5669 ἱστορικῶν
2820 5599 3158 5669 αἰνιγμάτων
3211 5600 3309 5668 τῆς
3359 5586 3586 5682 ἀληθείας

354 5672 484 5738 (ιιιΞά
517 5674 645 5730 boni
698 5677 844 5746 quod
879 5693 1046 5749 supra
1100 5690 1354 5738 naturam
1403 5667 1497 5753 Sit,
1547 5687 1940 5757 prophetarum

2070 5686 2480 5756 ιροδιατύπωσις
2530 5684 2669 5741 εἶναι
2705 5687 3040 5754 πιστεύεται,
3087 5688 3142 5742 εἴ
3183 5706 3266 5752 τις
3307 5687 3583 5760 προφητικη

356 5763 580 5820 oracula
615 5768 1079 5836 praenuntiarunt,
1111 5787 1174 5827 ea
1195 5773 1382 5828 omnia
1407 5774 1678 5832 hodierno
1713 5794 1939 5834 munere

2070 5769 2196 5850 >ωνὴ
2240 5778 2309 5832 τὰ
2355 5779 2496 5851 ὑπὲρ
2528 5778 2689 5848 φύσιν
2735 5780 3165 5850 εὐαγγελίζεται,
3208 5781 3379 5834 πάντα
3423 5767 3581 5851 ἐκεῖνέ

357 5855 736 5925 continentur.
774 5857 896 5938 Quo
935 5860 1096 5916 nobis
1119 5877 1238 5942 non
1254 5863 1412 5932 aliter
1444 5880 1608 5946 quam
1639 5869 1685 5924 si
1713 5878 1932 5945 specta-

2045 5873 2141 5939 τῆς
2192 5849 2473 5945 παρούσης
2525 5873 2748 5946 χάριτός
2791 5849 2920 5932 εἰσι.
2973 5875 3085 5930 Καὶ
3133 5873 3318 5945 ὥσπερ
3365 5857 3491 5923 κατὰ
3526 5849 3579 5904 τδ
