  <div class='ocr_page' id='page_1' title='image "/cluster/home/n/w/nwhite01/storage/ocr_20150623/46:no.3/coo.31924054869668/310.png"; bbox 0 0 3882 6422; ppageno 0'>
   <div class='ocr_carea' id='block_1_1' title="bbox 166 499 2474 575">
    <p class='ocr_par' dir='ltr' id='par_1_1' title="bbox 166 499 2474 575">
     <span class='ocr_line' id='line_1_1' title="bbox 166 499 2474 575; baseline -0.002 -15"><span class='ocrx_word' id='word_1_1' title='bbox 166 503 251 561; x_wconf 74' lang='grc' dir='ltr'><strong>θοι</strong></span> <span class='ocrx_word' id='word_1_2' title='bbox 1090 500 1157 556; x_wconf 85' lang='grc' dir='ltr'><strong>ΙΝ</strong></span> <span class='ocrx_word' id='word_1_3' title='bbox 1194 500 1468 557; x_wconf 81' lang='lat' dir='ltr'><strong>CHRISTI</strong></span> <span class='ocrx_word' id='word_1_4' title='bbox 1509 499 2141 557; x_wconf 74' lang='lat' dir='ltr'><strong>RESUIlllECTlONEM</strong></span> <span class='ocrx_word' id='word_1_5' title='bbox 2181 499 2391 558; x_wconf 80' lang='lat' dir='ltr'><strong>ORAT.</strong></span> <span class='ocrx_word' id='word_1_6' title='bbox 2429 501 2474 575; x_wconf 90' lang='lat' dir='ltr'><strong>l._</strong></span> 
     </span>
    </p>
   </div>
   <div class='ocr_carea' id='block_1_2' title="bbox 3291 496 3399 556">
    <p class='ocr_par' dir='ltr' id='par_1_2' title="bbox 3291 496 3399 556">
     <span class='ocr_line' id='line_1_2' title="bbox 3291 496 3399 556; baseline 0 -1"><span class='ocrx_word' id='word_1_7' title='bbox 3291 496 3399 556; x_wconf 76' lang='lat'><strong>602</strong></span> 
     </span>
    </p>
   </div>
   <div class='ocr_carea' id='block_1_3' title="bbox 165 615 1726 690">
    <p class='ocr_par' dir='ltr' id='par_1_3' title="bbox 165 615 1714 688">
     <span class='ocr_line' id='line_1_3' title="bbox 165 615 1714 688; baseline -0.002 -16"><span class='ocrx_word' id='word_1_8' title='bbox 165 615 503 688; x_wconf 82' lang='grc' dir='ltr'>προκείμενον</span> <span class='ocrx_word' id='word_1_9' title='bbox 550 619 655 681; x_wconf 75' lang='grc' dir='ltr'>τοις</span> <span class='ocrx_word' id='word_1_10' title='bbox 703 616 998 687; x_wconf 78' lang='grc' dir='ltr'><strong>ὀφθαλμοῖς</strong></span> <span class='ocrx_word' id='word_1_11' title='bbox 1046 617 1206 688; x_wconf 83' lang='grc' dir='ltr'>ἡμῶν</span> <span class='ocrx_word' id='word_1_12' title='bbox 1249 617 1446 688; x_wconf 83' lang='grc' dir='ltr'>θέαμα,</span> <span class='ocrx_word' id='word_1_13' title='bbox 1495 617 1553 670; x_wconf 81' lang='grc' dir='ltr'>ἓν</span> <span class='ocrx_word' id='word_1_14' title='bbox 1597 616 1714 688; x_wconf 85' lang='grc' dir='ltr'><strong>φῶς</strong></span> 
     </span>
    </p>
   </div>
   <div class='ocr_carea' id='block_1_4' title="bbox 1828 615 3396 690">
    <p class='ocr_par' dir='ltr' id='par_1_4' title="bbox 1828 617 3396 690">
     <span class='ocr_line' id='line_1_4' title="bbox 1828 617 3396 690; baseline -0.004 -15"><span class='ocrx_word' id='word_1_15' title='bbox 1828 623 1944 676; x_wconf 74' lang='lat' dir='ltr'><strong>culo</strong></span> <span class='ocrx_word' id='word_1_16' title='bbox 1969 621 2130 676; x_wconf 90' lang='lat' dir='ltr'><strong>nobis</strong></span> <span class='ocrx_word' id='word_1_17' title='bbox 2160 621 2347 690; x_wconf 89' lang='lat' dir='ltr'><strong>aliquo</strong></span> <span class='ocrx_word' id='word_1_18' title='bbox 2383 617 2666 690; x_wconf 81' lang='lat' dir='ltr'><strong>proposito</strong></span> <span class='ocrx_word' id='word_1_19' title='bbox 2715 617 2902 672; x_wconf 87' lang='lat' dir='ltr'><strong>lumen</strong></span> <span class='ocrx_word' id='word_1_20' title='bbox 2935 632 3102 671; x_wconf 90' lang='lat' dir='ltr'><strong>unum</strong></span> <span class='ocrx_word' id='word_1_21' title='bbox 3132 631 3198 671; x_wconf 87' lang='lat' dir='ltr'><strong>ex</strong></span> <span class='ocrx_word' id='word_1_22' title='bbox 3232 617 3396 670; x_wconf 88' lang='lat' dir='ltr'><strong>innu-</strong></span> 
     </span>
    </p>
   </div>
   <div class='ocr_carea' id='block_1_5' title="bbox 166 709 1719 781">
    <p class='ocr_par' dir='ltr' id='par_1_5' title="bbox 166 709 1719 781">
     <span class='ocr_line' id='line_1_5' title="bbox 166 709 1719 781; baseline -0.001 -18"><span class='ocrx_word' id='word_1_23' title='bbox 166 711 568 781; x_wconf 80' lang='grc' dir='ltr'>περιαστράπτει</span> <span class='ocrx_word' id='word_1_24' title='bbox 620 709 680 763; x_wconf 88' lang='grc' dir='ltr'><strong>τὸ</strong></span> <span class='ocrx_word' id='word_1_25' title='bbox 721 710 820 774; x_wconf 83' lang='grc' dir='ltr'><strong>τὰς</strong></span> <span class='ocrx_word' id='word_1_26' title='bbox 869 710 1024 780; x_wconf 77' lang='grc' dir='ltr'>ὄψεις</span> <span class='ocrx_word' id='word_1_27' title='bbox 1073 713 1139 764; x_wconf 82' lang='grc' dir='ltr'>ὲκ</span> <span class='ocrx_word' id='word_1_28' title='bbox 1185 711 1392 781; x_wconf 77' lang='grc' dir='ltr'>μυρίων</span> <span class='ocrx_word' id='word_1_29' title='bbox 1425 711 1719 780; x_wconf 78' lang='grc' dir='ltr'><strong>λαμπάδων</strong></span> 
     </span>
    </p>
   </div>
   <div class='ocr_carea' id='block_1_6' title="bbox 164 798 1716 873">
    <p class='ocr_par' dir='ltr' id='par_1_6' title="bbox 164 798 1716 873">
     <span class='ocr_line' id='line_1_6' title="bbox 164 798 1716 873; baseline -0.001 -19"><span class='ocrx_word' id='word_1_30' title='bbox 164 798 553 872; x_wconf 72' lang='grc' dir='ltr'>ἐρανιζόμενον·</span> <span class='ocrx_word' id='word_1_31' title='bbox 603 800 746 854; x_wconf 83' lang='grc' dir='ltr'>οὕτω</span> <span class='ocrx_word' id='word_1_32' title='bbox 780 802 929 854; x_wconf 81' lang='grc' dir='ltr'>πᾶσα</span> <span class='ocrx_word' id='word_1_33' title='bbox 977 801 1011 872; x_wconf 77' lang='grc' dir='ltr'>ἠ</span> <span class='ocrx_word' id='word_1_34' title='bbox 1068 799 1162 855; x_wconf 84' lang='grc' dir='ltr'><strong>τοῦ</strong></span> <span class='ocrx_word' id='word_1_35' title='bbox 1196 801 1433 873; x_wconf 82' lang='grc' dir='ltr'><strong>Χριστοῦ</strong></span> <span class='ocrx_word' id='word_1_36' title='bbox 1479 801 1716 870; x_wconf 76' lang='grc' dir='ltr'>εὐλογία,</span> 
     </span>
    </p>
   </div>
   <div class='ocr_carea' id='block_1_7' title="bbox 165 891 1720 963">
    <p class='ocr_par' dir='ltr' id='par_1_7' title="bbox 165 891 1720 963">
     <span class='ocr_line' id='line_1_7' title="bbox 165 891 1720 963; baseline -0.001 -18"><span class='ocrx_word' id='word_1_37' title='bbox 165 892 352 960; x_wconf 55' lang='grc' dir='ltr'>πυρσοῦ</span> <span class='ocrx_word' id='word_1_38' title='bbox 382 892 539 963; x_wconf 87' lang='grc' dir='ltr'>δίκην</span> <span class='ocrx_word' id='word_1_39' title='bbox 578 892 700 946; x_wconf 88' lang='grc' dir='ltr'>καθ’</span> <span class='ocrx_word' id='word_1_40' title='bbox 740 892 938 962; x_wconf 76' lang='grc' dir='ltr'>ἑαυτὴν</span> <span class='ocrx_word' id='word_1_41' title='bbox 966 891 1276 961; x_wconf 83' lang='grc' dir='ltr'><strong>λάμπουσα,</strong></span> <span class='ocrx_word' id='word_1_42' title='bbox 1309 891 1466 945; x_wconf 82' lang='grc' dir='ltr'>τοῦτο</span> <span class='ocrx_word' id='word_1_43' title='bbox 1497 895 1629 963; x_wconf 81' lang='grc' dir='ltr'>ἡμῖν</span> <span class='ocrx_word' id='word_1_44' title='bbox 1659 893 1720 944; x_wconf 90' lang='grc' dir='ltr'><strong>τὸ</strong></span> 
     </span>
    </p>
   </div>
   <div class='ocr_carea' id='block_1_8' title="bbox 167 983 1718 1056">
    <p class='ocr_par' dir='ltr' id='par_1_8' title="bbox 167 983 1718 1056">
     <span class='ocr_line' id='line_1_8' title="bbox 167 983 1718 1056; baseline -0.001 -20"><span class='ocrx_word' id='word_1_45' title='bbox 167 985 292 1054; x_wconf 82' lang='grc' dir='ltr'>μέγα</span> <span class='ocrx_word' id='word_1_46' title='bbox 318 983 430 1051; x_wconf 81' lang='grc' dir='ltr'><strong>φῶς</strong></span> <span class='ocrx_word' id='word_1_47' title='bbox 461 985 850 1056; x_wconf 83' lang='grc' dir='ltr'>ἀπεργάζεται,</span> <span class='ocrx_word' id='word_1_48' title='bbox 879 984 941 1038; x_wconf 87' lang='grc' dir='ltr'><strong>τὸ</strong></span> <span class='ocrx_word' id='word_1_49' title='bbox 979 985 1044 1037; x_wconf 81' lang='grc' dir='ltr'>ὲκ</span> <span class='ocrx_word' id='word_1_50' title='bbox 1083 984 1296 1038; x_wconf 86' lang='grc' dir='ltr'>πολλῶν</span> <span class='ocrx_word' id='word_1_51' title='bbox 1321 1001 1380 1036; x_wconf 89' lang='grc' dir='ltr'><strong>τε</strong></span> <span class='ocrx_word' id='word_1_52' title='bbox 1410 984 1504 1036; x_wconf 76' lang='grc' dir='ltr'>καὶ</span> <span class='ocrx_word' id='word_1_53' title='bbox 1539 983 1718 1035; x_wconf 80' lang='grc' dir='ltr'>ποικί-</span> 
     </span>
    </p>
   </div>
   <div class='ocr_carea' id='block_1_9' title="bbox 165 1074 1720 1148">
    <p class='ocr_par' dir='ltr' id='par_1_9' title="bbox 165 1074 1720 1148">
     <span class='ocr_line' id='line_1_9' title="bbox 165 1074 1720 1148; baseline 0.001 -22"><span class='ocrx_word' id='word_1_54' title='bbox 165 1077 255 1127; x_wconf 80' lang='grc' dir='ltr'><strong>λων</strong></span> <span class='ocrx_word' id='word_1_55' title='bbox 279 1076 373 1146; x_wconf 84' lang='grc' dir='ltr'>τῆς</span> <span class='ocrx_word' id='word_1_56' title='bbox 415 1077 635 1148; x_wconf 83' lang='grc' dir='ltr'>Γραφῆς</span> <span class='ocrx_word' id='word_1_57' title='bbox 667 1077 903 1132; x_wconf 82' lang='grc' dir='ltr'><strong>ἀκτίνων</strong></span> <span class='ocrx_word' id='word_1_58' title='bbox 937 1076 1463 1148; x_wconf 83' lang='grc' dir='ltr'><strong>συγκεραννύμενον.</strong></span> <span class='ocrx_word' id='word_1_59' title='bbox 1503 1074 1720 1139; x_wconf 81' lang='grc' dir='ltr'>Ἔξεστι</span> 
     </span>
    </p>
   </div>
   <div class='ocr_carea' id='block_1_10' title="bbox 165 1166 1721 1237">
    <p class='ocr_par' dir='ltr' id='par_1_10' title="bbox 165 1166 1721 1237">
     <span class='ocr_line' id='line_1_10' title="bbox 165 1166 1721 1237; baseline 0 -19"><span class='ocrx_word' id='word_1_60' title='bbox 165 1166 257 1236; x_wconf 76' lang='grc' dir='ltr'><strong>γὰρ</strong></span> <span class='ocrx_word' id='word_1_61' title='bbox 275 1167 453 1220; x_wconf 80' lang='grc' dir='ltr'>λαόετν</span> <span class='ocrx_word' id='word_1_62' title='bbox 477 1169 568 1237; x_wconf 87' lang='grc' dir='ltr'><strong>ἀφ’</strong></span> <span class='ocrx_word' id='word_1_63' title='bbox 598 1169 828 1222; x_wconf 76' lang='grc' dir='ltr'><strong>ἑκάστου</strong></span> <span class='ocrx_word' id='word_1_64' title='bbox 857 1169 967 1222; x_wconf 89' lang='grc' dir='ltr'><strong>τῶν</strong></span> <span class='ocrx_word' id='word_1_65' title='bbox 990 1168 1360 1222; x_wconf 89' lang='grc' dir='ltr'>θεοπνεύστων</span> <span class='ocrx_word' id='word_1_66' title='bbox 1393 1166 1721 1236; x_wconf 81' lang='grc' dir='ltr'>ἀποδειγμά-</span> 
     </span>
    </p>
   </div>
   <div class='ocr_carea' id='block_1_11' title="bbox 164 1257 1722 1332">
    <p class='ocr_par' dir='ltr' id='par_1_11' title="bbox 164 1257 1722 1332">
     <span class='ocr_line' id='line_1_11' title="bbox 164 1257 1722 1332; baseline 0.001 -24"><span class='ocrx_word' id='word_1_67' title='bbox 164 1274 256 1310; x_wconf 86' lang='grc' dir='ltr'><strong>των</strong></span> <span class='ocrx_word' id='word_1_68' title='bbox 285 1257 343 1309; x_wconf 88' lang='grc' dir='ltr'><strong>τὸ</strong></span> <span class='ocrx_word' id='word_1_69' title='bbox 372 1259 470 1328; x_wconf 86' lang='grc' dir='ltr'>τῆς</span> <span class='ocrx_word' id='word_1_70' title='bbox 499 1259 776 1330; x_wconf 81' lang='grc' dir='ltr'><strong>παρούσης</strong></span> <span class='ocrx_word' id='word_1_71' title='bbox 807 1258 1122 1332; x_wconf 78' lang='grc' dir='ltr'>ἱερομηνίας</span> <span class='ocrx_word' id='word_1_72' title='bbox 1149 1257 1501 1328; x_wconf 80' lang='grc' dir='ltr'>κατάλληλον.</span> <span class='ocrx_word' id='word_1_73' title='bbox 1529 1258 1722 1328; x_wconf 86' lang='grc' dir='ltr'>Ζητεῖς</span> 
     </span>
    </p>
   </div>
   <div class='ocr_carea' id='block_1_12' title="bbox 163 1347 1721 1422">
    <p class='ocr_par' dir='ltr' id='par_1_12' title="bbox 163 1347 1721 1422">
     <span class='ocr_line' id='line_1_12' title="bbox 163 1347 1721 1422; baseline 0.001 -23"><span class='ocrx_word' id='word_1_74' title='bbox 163 1347 248 1418; x_wconf 75' lang='grc' dir='ltr'>τὴν</span> <span class='ocrx_word' id='word_1_75' title='bbox 273 1348 360 1401; x_wconf 83' lang='grc' dir='ltr'>τοῦ</span> <span class='ocrx_word' id='word_1_76' title='bbox 393 1349 639 1421; x_wconf 80' lang='grc' dir='ltr'>’Δὸραάμ</span> <span class='ocrx_word' id='word_1_77' title='bbox 663 1351 912 1419; x_wconf 82' lang='grc' dir='ltr'>εὐλογίαν</span> <span class='ocrx_word' id='word_1_78' title='bbox 932 1367 947 1416; x_wconf 91' lang='grc'>;</span> <span class='ocrx_word' id='word_1_79' title='bbox 981 1352 1166 1422; x_wconf 81' lang='grc' dir='ltr'>Ἔχεις</span> <span class='ocrx_word' id='word_1_80' title='bbox 1188 1350 1248 1404; x_wconf 86' lang='grc' dir='ltr'><strong>τὸ</strong></span> <span class='ocrx_word' id='word_1_81' title='bbox 1270 1349 1617 1420; x_wconf 79' lang='grc' dir='ltr'>ζητούμενον,</span> <span class='ocrx_word' id='word_1_82' title='bbox 1640 1349 1721 1413; x_wconf 86' lang='grc' dir='ltr'><strong>είς</strong></span> 
     </span>
    </p>
   </div>
   <div class='ocr_carea' id='block_1_13' title="bbox 165 1437 1721 1512">
    <p class='ocr_par' dir='ltr' id='par_1_13' title="bbox 165 1437 1721 1512">
     <span class='ocr_line' id='line_1_13' title="bbox 165 1437 1721 1512; baseline 0.001 -22"><span class='ocrx_word' id='word_1_83' title='bbox 165 1437 222 1490; x_wconf 70' lang='grc' dir='ltr'><strong>τά</strong></span> <span class='ocrx_word' id='word_1_84' title='bbox 266 1439 504 1510; x_wconf 86' lang='grc' dir='ltr'>παρόντα</span> <span class='ocrx_word' id='word_1_85' title='bbox 548 1440 778 1511; x_wconf 85' lang='grc' dir='ltr'>βλέπων.</span> <span class='ocrx_word' id='word_1_86' title='bbox 821 1441 984 1512; x_wconf 81' lang='grc' dir='ltr'>Ὁρᾷς</span> <span class='ocrx_word' id='word_1_87' title='bbox 1014 1439 1084 1494; x_wconf 84' lang='grc' dir='ltr'><strong>τὰ</strong></span> <span class='ocrx_word' id='word_1_88' title='bbox 1124 1440 1299 1510; x_wconf 80' lang='grc' dir='ltr'>ἄστρα</span> <span class='ocrx_word' id='word_1_89' title='bbox 1327 1438 1420 1492; x_wconf 80' lang='grc' dir='ltr'><strong>τοῦ</strong></span> <span class='ocrx_word' id='word_1_90' title='bbox 1455 1438 1721 1509; x_wconf 82' lang='grc' dir='ltr'>οὐρανοῦ,</span> 
     </span>
    </p>
   </div>
   <div class='ocr_carea' id='block_1_14' title="bbox 165 1531 1720 1603">
    <p class='ocr_par' dir='ltr' id='par_1_14' title="bbox 165 1531 1720 1603">
     <span class='ocr_line' id='line_1_14' title="bbox 165 1531 1720 1603; baseline 0.001 -21"><span class='ocrx_word' id='word_1_91' title='bbox 165 1531 316 1583; x_wconf 77' lang='grc' dir='ltr'>ταῦτα</span> <span class='ocrx_word' id='word_1_92' title='bbox 347 1531 487 1600; x_wconf 86' lang='grc' dir='ltr'>λέγω</span> <span class='ocrx_word' id='word_1_93' title='bbox 515 1532 581 1585; x_wconf 77' lang='grc' dir='ltr'><strong>τά</strong></span> <span class='ocrx_word' id='word_1_94' title='bbox 612 1533 805 1603; x_wconf 78' lang='grc' dir='ltr'>ἄστρα,</span> <span class='ocrx_word' id='word_1_95' title='bbox 849 1531 921 1585; x_wconf 78' lang='grc' dir='ltr'><strong>τὰ</strong></span> <span class='ocrx_word' id='word_1_96' title='bbox 959 1533 1024 1586; x_wconf 83' lang='grc' dir='ltr'>ὲκ</span> <span class='ocrx_word' id='word_1_97' title='bbox 1051 1532 1145 1585; x_wconf 81' lang='grc' dir='ltr'>τοῦ</span> <span class='ocrx_word' id='word_1_98' title='bbox 1184 1531 1397 1603; x_wconf 88' lang='grc' dir='ltr'>Πατρὸς</span> <span class='ocrx_word' id='word_1_99' title='bbox 1427 1533 1459 1601; x_wconf 80' lang='grc' dir='ltr'><strong>ἡ</strong></span> <span class='ocrx_word' id='word_1_100' title='bbox 1471 1531 1586 1600; x_wconf 89' lang='grc' dir='ltr'><strong>μῶν</strong></span> <span class='ocrx_word' id='word_1_101' title='bbox 1619 1532 1720 1601; x_wconf 88' lang='grc' dir='ltr'>ἀρ-</span> 
     </span>
    </p>
   </div>
   <div class='ocr_carea' id='block_1_15' title="bbox 165 1621 1721 1696">
    <p class='ocr_par' dir='ltr' id='par_1_15' title="bbox 165 1621 1721 1696">
     <span class='ocr_line' id='line_1_15' title="bbox 165 1621 1721 1696; baseline 0.001 -24"><span class='ocrx_word' id='word_1_102' title='bbox 165 1621 276 1684; x_wconf 80' lang='grc' dir='ltr'>τίως</span> <span class='ocrx_word' id='word_1_103' title='bbox 305 1622 675 1687; x_wconf 79' lang='grc' dir='ltr'>ἀνατείλαντα,</span> <span class='ocrx_word' id='word_1_104' title='bbox 714 1624 810 1678; x_wconf 74' lang='grc' dir='ltr'>καὶ</span> <span class='ocrx_word' id='word_1_105' title='bbox 838 1624 1065 1696; x_wconf 86' lang='grc' dir='ltr'>οὐρανὸν</span> <span class='ocrx_word' id='word_1_106' title='bbox 1092 1623 1301 1692; x_wconf 88' lang='grc' dir='ltr'>ἀθρόως</span> <span class='ocrx_word' id='word_1_107' title='bbox 1342 1622 1440 1694; x_wconf 71' lang='grc' dir='ltr'>τὴν</span> <span class='ocrx_word' id='word_1_108' title='bbox 1492 1623 1721 1694; x_wconf 84' lang='grc' dir='ltr'>Ἐκκλη-</span> 
     </span>
    </p>
   </div>
   <div class='ocr_carea' id='block_1_16' title="bbox 167 1710 1721 1788">
    <p class='ocr_par' dir='ltr' id='par_1_16' title="bbox 167 1710 1721 1788">
     <span class='ocr_line' id='line_1_16' title="bbox 167 1710 1721 1788; baseline 0.005 -25"><span class='ocrx_word' id='word_1_109' title='bbox 167 1711 271 1765; x_wconf 83' lang='grc' dir='ltr'>σίαν</span> <span class='ocrx_word' id='word_1_110' title='bbox 293 1715 606 1785; x_wconf 86' lang='grc' dir='ltr'>ποιήσαντα,</span> <span class='ocrx_word' id='word_1_111' title='bbox 641 1710 716 1770; x_wconf 80' lang='grc' dir='ltr'>ὧν</span> <span class='ocrx_word' id='word_1_112' title='bbox 741 1719 773 1788; x_wconf 86' lang='grc' dir='ltr'>ἡ</span> <span class='ocrx_word' id='word_1_113' title='bbox 802 1718 901 1788; x_wconf 84' lang='grc' dir='ltr'><strong>τῆς</strong></span> <span class='ocrx_word' id='word_1_114' title='bbox 927 1716 1106 1787; x_wconf 79' lang='grc' dir='ltr'>ψυχῆς</span> <span class='ocrx_word' id='word_1_115' title='bbox 1134 1716 1518 1786; x_wconf 83' lang='grc' dir='ltr'>ἀστράπτουσα</span> <span class='ocrx_word' id='word_1_116' title='bbox 1545 1715 1721 1787; x_wconf 79' lang='grc' dir='ltr'>χάρις,</span> 
     </span>
    </p>
   </div>
   <div class='ocr_carea' id='block_1_17' title="bbox 166 1806 1726 1880">
    <p class='ocr_par' dir='ltr' id='par_1_17' title="bbox 166 1806 1726 1880">
     <span class='ocr_line' id='line_1_17' title="bbox 166 1806 1726 1880; baseline 0.003 -24"><span class='ocrx_word' id='word_1_117' title='bbox 166 1807 269 1869; x_wconf 81' lang='grc' dir='ltr'>ταῖς</span> <span class='ocrx_word' id='word_1_118' title='bbox 303 1806 408 1859; x_wconf 88' lang='grc' dir='ltr'><strong>τῶν</strong></span> <span class='ocrx_word' id='word_1_119' title='bbox 450 1809 674 1880; x_wconf 85' lang='grc' dir='ltr'>πυρσῶν</span> <span class='ocrx_word' id='word_1_120' title='bbox 705 1810 886 1861; x_wconf 84' lang='grc' dir='ltr'>ἀκτῖσι</span> <span class='ocrx_word' id='word_1_121' title='bbox 929 1808 1384 1878; x_wconf 86' lang='grc' dir='ltr'>διασημαίνεται;</span> <span class='ocrx_word' id='word_1_122' title='bbox 1423 1809 1516 1861; x_wconf 68' lang='grc' dir='ltr'>καὶ</span> <span class='ocrx_word' id='word_1_123' title='bbox 1550 1806 1726 1860; x_wconf 81' lang='grc' dir='ltr'>ταῦτά</span> 
     </span>
    </p>
   </div>
   <div class='ocr_carea' id='block_1_18' title="bbox 166 1893 1723 1970">
    <p class='ocr_par' dir='ltr' id='par_1_18' title="bbox 166 1893 1723 1970">
     <span class='ocr_line' id='line_1_18' title="bbox 166 1893 1723 1970; baseline 0 -21"><span class='ocrx_word' id='word_1_124' title='bbox 166 1913 236 1960; x_wconf 80' lang='grc' dir='ltr'><strong>τις</strong></span> <span class='ocrx_word' id='word_1_125' title='bbox 265 1895 423 1950; x_wconf 81' lang='grc' dir='ltr'>εἰπὼν</span> <span class='ocrx_word' id='word_1_126' title='bbox 460 1899 631 1964; x_wconf 76' lang='grc' dir='ltr'>ὅντως</span> <span class='ocrx_word' id='word_1_127' title='bbox 655 1897 750 1953; x_wconf 80' lang='grc' dir='ltr'>τοῦ</span> <span class='ocrx_word' id='word_1_128' title='bbox 797 1899 1047 1970; x_wconf 76' lang='grc' dir='ltr'>Ἀϐραὰμ</span> <span class='ocrx_word' id='word_1_129' title='bbox 1077 1893 1220 1951; x_wconf 74' lang='grc' dir='ltr'>εἶναι</span> <span class='ocrx_word' id='word_1_130' title='bbox 1246 1897 1408 1951; x_wconf 82' lang='grc' dir='ltr'>τέκνα</span> <span class='ocrx_word' id='word_1_131' title='bbox 1455 1897 1514 1962; x_wconf 80' lang='grc' dir='ltr'><strong>ἐξ</strong></span> <span class='ocrx_word' id='word_1_132' title='bbox 1548 1899 1723 1964; x_wconf 76' lang='grc' dir='ltr'>ὲπαγ-</span> 
     </span>
    </p>
   </div>
   <div class='ocr_carea' id='block_1_19' title="bbox 167 1988 1722 2062">
    <p class='ocr_par' dir='ltr' id='par_1_19' title="bbox 167 1988 1722 2062">
     <span class='ocr_line' id='line_1_19' title="bbox 167 1988 1722 2062; baseline 0.002 -23"><span class='ocrx_word' id='word_1_133' title='bbox 167 1988 327 2054; x_wconf 83' lang='grc' dir='ltr'>γελίας</span> <span class='ocrx_word' id='word_1_134' title='bbox 356 1989 505 2060; x_wconf 87' lang='grc' dir='ltr'><strong>αὐτῷ</strong></span> <span class='ocrx_word' id='word_1_135' title='bbox 534 1990 896 2062; x_wconf 83' lang='grc' dir='ltr'>γεγενημένα.</span> <span class='ocrx_word' id='word_1_136' title='bbox 930 1990 1000 2043; x_wconf 82' lang='grc' dir='ltr'><strong>τά</strong></span> <span class='ocrx_word' id='word_1_137' title='bbox 1037 1992 1151 2052; x_wconf 79' lang='grc' dir='ltr'>τοῖς</span> <span class='ocrx_word' id='word_1_138' title='bbox 1178 1988 1400 2060; x_wconf 82' lang='grc' dir='ltr'>ἄστροις</span> <span class='ocrx_word' id='word_1_139' title='bbox 1438 1989 1532 2042; x_wconf 80' lang='grc' dir='ltr'>τοῦ</span> <span class='ocrx_word' id='word_1_140' title='bbox 1559 1989 1722 2059; x_wconf 89' lang='grc' dir='ltr'>οὐρα-</span> 
     </span>
    </p>
   </div>
   <div class='ocr_carea' id='block_1_20' title="bbox 168 2077 1724 2151">
    <p class='ocr_par' dir='ltr' id='par_1_20' title="bbox 168 2077 1724 2151">
     <span class='ocr_line' id='line_1_20' title="bbox 168 2077 1724 2151; baseline 0.002 -22"><span class='ocrx_word' id='word_1_141' title='bbox 168 2077 244 2129; x_wconf 84' lang='grc' dir='ltr'>νοῦ</span> <span class='ocrx_word' id='word_1_142' title='bbox 269 2079 612 2151; x_wconf 84' lang='grc' dir='ltr'>όμοιούμενα,</span> <span class='ocrx_word' id='word_1_143' title='bbox 641 2081 739 2150; x_wconf 80' lang='grc' dir='ltr'>τῆς</span> <span class='ocrx_word' id='word_1_144' title='bbox 771 2079 1027 2150; x_wconf 82' lang='grc' dir='ltr'>ἀληθείας</span> <span class='ocrx_word' id='word_1_145' title='bbox 1052 2080 1148 2150; x_wconf 91' lang='grc' dir='ltr'><strong>οὐχ</strong></span> <span class='ocrx_word' id='word_1_146' title='bbox 1179 2080 1576 2150; x_wconf 83' lang='grc' dir='ltr'>ἁμαρτήσεται.</span> <span class='ocrx_word' id='word_1_147' title='bbox 1616 2079 1724 2132; x_wconf 76' lang='grc' dir='ltr'><strong>Καὶ</strong></span> 
     </span>
    </p>
   </div>
   <div class='ocr_carea' id='block_1_21' title="bbox 166 2167 1722 2242">
    <p class='ocr_par' dir='ltr' id='par_1_21' title="bbox 166 2167 1722 2242">
     <span class='ocr_line' id='line_1_21' title="bbox 166 2167 1722 2242; baseline 0.001 -23"><span class='ocrx_word' id='word_1_148' title='bbox 166 2167 441 2238; x_wconf 81' lang='grc' dir='ltr'>θαυμάζεις</span> <span class='ocrx_word' id='word_1_149' title='bbox 477 2170 573 2223; x_wconf 85' lang='grc' dir='ltr'><strong>τὸν</strong></span> <span class='ocrx_word' id='word_1_150' title='bbox 609 2170 808 2242; x_wconf 76' lang='grc' dir='ltr'>ὑψηλὸν</span> <span class='ocrx_word' id='word_1_151' title='bbox 841 2170 1100 2232; x_wconf 84' lang='grc' dir='ltr'>Μωῦσέα,</span> <span class='ocrx_word' id='word_1_152' title='bbox 1151 2169 1245 2224; x_wconf 88' lang='grc' dir='ltr'><strong>τὸν</strong></span> <span class='ocrx_word' id='word_1_153' title='bbox 1273 2171 1453 2222; x_wconf 85' lang='grc' dir='ltr'>πᾶσαν</span> <span class='ocrx_word' id='word_1_154' title='bbox 1485 2168 1583 2238; x_wconf 82' lang='grc' dir='ltr'>τὴν</span> <span class='ocrx_word' id='word_1_155' title='bbox 1628 2167 1722 2221; x_wconf 86' lang='grc' dir='ltr'><strong>τοῦ</strong></span> 
     </span>
    </p>
   </div>
   <div class='ocr_carea' id='block_1_22' title="bbox 166 2257 1722 2332">
    <p class='ocr_par' dir='ltr' id='par_1_22' title="bbox 166 2257 1722 2332">
     <span class='ocr_line' id='line_1_22' title="bbox 166 2257 1722 2332; baseline 0.01 -23"><span class='ocrx_word' id='word_1_156' title='bbox 166 2257 282 2311; x_wconf 88' lang='grc' dir='ltr'><strong>Θεοῦ</strong></span> <span class='ocrx_word' id='word_1_157' title='bbox 327 2260 499 2314; x_wconf 88' lang='grc' dir='ltr'>κτίσιν</span> <span class='ocrx_word' id='word_1_158' title='bbox 546 2260 870 2316; x_wconf 79' lang='grc' dir='ltr'>διαλαὸόντα</span> <span class='ocrx_word' id='word_1_159' title='bbox 913 2264 979 2332; x_wconf 81' lang='grc' dir='ltr'>τῇ</span> <span class='ocrx_word' id='word_1_160' title='bbox 1019 2260 1246 2332; x_wconf 87' lang='grc' dir='ltr'>δυνάμει</span> <span class='ocrx_word' id='word_1_161' title='bbox 1294 2260 1392 2330; x_wconf 81' lang='grc' dir='ltr'><strong>τῆς</strong></span> <span class='ocrx_word' id='word_1_162' title='bbox 1434 2258 1722 2328; x_wconf 84' lang='grc' dir='ltr'>γνώσεως;</span> 
     </span>
    </p>
   </div>
   <div class='ocr_carea' id='block_1_23' title="bbox 179 2347 1724 2423">
    <p class='ocr_par' dir='ltr' id='par_1_23' title="bbox 179 2347 1724 2423">
     <span class='ocr_line' id='line_1_23' title="bbox 179 2347 1724 2423; baseline 0.002 -23"><span class='ocrx_word' id='word_1_163' title='bbox 179 2347 290 2402; x_wconf 85' lang='grc' dir='ltr'>Ἰδού</span> <span class='ocrx_word' id='word_1_164' title='bbox 319 2367 398 2404; x_wconf 92' lang='grc' dir='ltr'>σοι</span> <span class='ocrx_word' id='word_1_165' title='bbox 439 2351 539 2422; x_wconf 86' lang='grc' dir='ltr'>τῆς</span> <span class='ocrx_word' id='word_1_166' title='bbox 587 2350 810 2423; x_wconf 82' lang='grc' dir='ltr'>πρώτης</span> <span class='ocrx_word' id='word_1_167' title='bbox 839 2352 1229 2422; x_wconf 86' lang='grc' dir='ltr'>κοσμογενείας</span> <span class='ocrx_word' id='word_1_168' title='bbox 1270 2351 1332 2404; x_wconf 90' lang='grc' dir='ltr'><strong>τὸ</strong></span> <span class='ocrx_word' id='word_1_169' title='bbox 1362 2349 1724 2420; x_wconf 82' lang='grc' dir='ltr'>εὐλογημένον</span> 
     </span>
    </p>
   </div>
   <div class='ocr_carea' id='block_1_24' title="bbox 168 2442 1722 2517">
    <p class='ocr_par' dir='ltr' id='par_1_24' title="bbox 168 2442 1722 2517">
     <span class='ocr_line' id='line_1_24' title="bbox 168 2442 1722 2517; baseline 0.001 -24"><span class='ocrx_word' id='word_1_170' title='bbox 168 2442 438 2498; x_wconf 73' lang='grc' dir='ltr'><strong>1⁵.ἷά66ιιτον.</strong></span> <span class='ocrx_word' id='word_1_171' title='bbox 514 2443 792 2517; x_wconf 85' lang='grc' dir='ltr'>Γνώρισον</span> <span class='ocrx_word' id='word_1_172' title='bbox 854 2445 921 2498; x_wconf 81' lang='grc' dir='ltr'>δι’</span> <span class='ocrx_word' id='word_1_173' title='bbox 997 2444 1206 2498; x_wconf 78' lang='grc' dir='ltr'>ἐκείνου</span> <span class='ocrx_word' id='word_1_174' title='bbox 1276 2443 1372 2496; x_wconf 79' lang='grc' dir='ltr'>τοῦ</span> <span class='ocrx_word' id='word_1_175' title='bbox 1443 2442 1722 2497; x_wconf 79' lang='grc' dir='ltr'>Σαϐϐάτου</span> 
     </span>
    </p>
   </div>
   <div class='ocr_carea' id='block_1_25' title="bbox 168 2533 1722 2609">
    <p class='ocr_par' dir='ltr' id='par_1_25' title="bbox 168 2533 1722 2609">
     <span class='ocr_line' id='line_1_25' title="bbox 168 2533 1722 2609; baseline -0.001 -22"><span class='ocrx_word' id='word_1_176' title='bbox 168 2533 394 2590; x_wconf 75' lang='grc' dir='ltr'>τοῦτο’τὸ</span> <span class='ocrx_word' id='word_1_177' title='bbox 435 2536 739 2601; x_wconf 76' lang='grc' dir='ltr'>Σάϐϐατον,</span> <span class='ocrx_word' id='word_1_178' title='bbox 769 2538 869 2609; x_wconf 81' lang='grc' dir='ltr'>τὴν</span> <span class='ocrx_word' id='word_1_179' title='bbox 897 2537 998 2608; x_wconf 85' lang='grc' dir='ltr'><strong>τῆς</strong></span> <span class='ocrx_word' id='word_1_180' title='bbox 1045 2535 1444 2599; x_wconf 88' lang='grc' dir='ltr'>καταπαύσεως</span> <span class='ocrx_word' id='word_1_181' title='bbox 1487 2534 1722 2606; x_wconf 82' lang='grc' dir='ltr'>ἡμέραν,</span> 
     </span>
    </p>
   </div>
   <div class='ocr_carea' id='block_1_26' title="bbox 169 2626 1726 2701">
    <p class='ocr_par' dir='ltr' id='par_1_26' title="bbox 169 2626 1726 2701">
     <span class='ocr_line' id='line_1_26' title="bbox 169 2626 1726 2701; baseline -0.001 -21"><span class='ocrx_word' id='word_1_182' title='bbox 169 2629 224 2697; x_wconf 73' lang='grc' dir='ltr'>ἣν</span> <span class='ocrx_word' id='word_1_183' title='bbox 264 2629 548 2701; x_wconf 79' lang='grc' dir='ltr'>εὐλόγησεν</span> <span class='ocrx_word' id='word_1_184' title='bbox 591 2631 620 2682; x_wconf 99' lang='lat'><strong>6</strong></span> <span class='ocrx_word' id='word_1_185' title='bbox 663 2629 794 2692; x_wconf 82' lang='grc' dir='ltr'>Θεὸς</span> <span class='ocrx_word' id='word_1_186' title='bbox 843 2629 984 2700; x_wconf 81' lang='grc' dir='ltr'>ὑπὲρ</span> <span class='ocrx_word' id='word_1_187' title='bbox 1031 2629 1132 2694; x_wconf 78' lang='grc' dir='ltr'><strong>τάς</strong></span> <span class='ocrx_word' id='word_1_188' title='bbox 1171 2629 1334 2690; x_wconf 79' lang='grc' dir='ltr'>ἄλλας</span> <span class='ocrx_word' id='word_1_189' title='bbox 1362 2627 1596 2698; x_wconf 77' lang='grc' dir='ltr'>ἡμέρας.</span> <span class='ocrx_word' id='word_1_190' title='bbox 1635 2626 1726 2679; x_wconf 89' lang='grc' dir='ltr'>Ἐν</span> 
     </span>
    </p>
   </div>
   <div class='ocr_carea' id='block_1_27' title="bbox 169 2717 1726 2792">
    <p class='ocr_par' dir='ltr' id='par_1_27' title="bbox 169 2717 1726 2792">
     <span class='ocr_line' id='line_1_27' title="bbox 169 2717 1726 2792; baseline 0.001 -23"><span class='ocrx_word' id='word_1_191' title='bbox 169 2718 316 2792; x_wconf 77' lang='grc' dir='ltr'>ταύτῃ</span> <span class='ocrx_word' id='word_1_192' title='bbox 355 2720 461 2792; x_wconf 82' lang='grc' dir='ltr'><strong>γὰρ</strong></span> <span class='ocrx_word' id='word_1_193' title='bbox 502 2720 852 2776; x_wconf 83' lang='grc' dir='ltr'>κατέπαυσεν</span> <span class='ocrx_word' id='word_1_194' title='bbox 907 2719 1122 2790; x_wconf 87' lang='grc' dir='ltr'>ἀληθῶς</span> <span class='ocrx_word' id='word_1_195' title='bbox 1176 2718 1284 2773; x_wconf 85' lang='grc' dir='ltr'><strong>ἀπὸ</strong></span> <span class='ocrx_word' id='word_1_196' title='bbox 1344 2718 1560 2771; x_wconf 90' lang='grc' dir='ltr'>πάντων</span> <span class='ocrx_word' id='word_1_197' title='bbox 1616 2717 1726 2771; x_wconf 88' lang='grc' dir='ltr'><strong>τῶν</strong></span> 
     </span>
    </p>
   </div>
   <div class='ocr_carea' id='block_1_28' title="bbox 171 2807 1724 2882">
    <p class='ocr_par' dir='ltr' id='par_1_28' title="bbox 171 2807 1724 2882">
     <span class='ocr_line' id='line_1_28' title="bbox 171 2807 1724 2882; baseline 0.002 -23"><span class='ocrx_word' id='word_1_198' title='bbox 171 2807 320 2877; x_wconf 76' lang='grc' dir='ltr'>ἔργων</span> <span class='ocrx_word' id='word_1_199' title='bbox 357 2810 518 2864; x_wconf 82' lang='grc' dir='ltr'>αὐτοῦ</span> <span class='ocrx_word' id='word_1_200' title='bbox 571 2812 600 2863; x_wconf 88' lang='lat'><strong>6</strong></span> <span class='ocrx_word' id='word_1_201' title='bbox 633 2811 941 2882; x_wconf 77' lang='grc' dir='ltr'>Μονογενὴς</span> <span class='ocrx_word' id='word_1_202' title='bbox 970 2810 1100 2873; x_wconf 86' lang='grc' dir='ltr'>Θεὸς</span> <span class='ocrx_word' id='word_1_203' title='bbox 1122 2851 1139 2876; x_wconf 84' lang='grc'><strong>,</strong></span> <span class='ocrx_word' id='word_1_204' title='bbox 1187 2809 1277 2863; x_wconf 87' lang='grc' dir='ltr'>διὰ</span> <span class='ocrx_word' id='word_1_205' title='bbox 1315 2810 1415 2880; x_wconf 81' lang='grc' dir='ltr'>τῆς</span> <span class='ocrx_word' id='word_1_206' title='bbox 1451 2808 1593 2863; x_wconf 88' lang='grc' dir='ltr'><strong>κατά</strong></span> <span class='ocrx_word' id='word_1_207' title='bbox 1633 2808 1724 2862; x_wconf 87' lang='grc' dir='ltr'><strong>τὸν</strong></span> 
     </span>
    </p>
   </div>
   <div class='ocr_carea' id='block_1_29' title="bbox 171 2899 1726 2974">
    <p class='ocr_par' dir='ltr' id='par_1_29' title="bbox 171 2899 1726 2974">
     <span class='ocr_line' id='line_1_29' title="bbox 171 2899 1726 2974; baseline 0.001 -22"><span class='ocrx_word' id='word_1_208' title='bbox 171 2899 369 2956; x_wconf 77' lang='grc' dir='ltr'>θάνατον</span> <span class='ocrx_word' id='word_1_209' title='bbox 417 2902 734 2974; x_wconf 76' lang='grc' dir='ltr'>οἰκονομίας</span> <span class='ocrx_word' id='word_1_210' title='bbox 760 2905 825 2974; x_wconf 83' lang='grc' dir='ltr'><strong>τῇ</strong></span> <span class='ocrx_word' id='word_1_211' title='bbox 855 2901 1020 2972; x_wconf 77' lang='grc' dir='ltr'>σαρκὶ</span> <span class='ocrx_word' id='word_1_212' title='bbox 1049 2901 1412 2964; x_wconf 77' lang='grc' dir='ltr'>σαϐϐατίσαςο</span> <span class='ocrx_word' id='word_1_213' title='bbox 1451 2900 1546 2955; x_wconf 75' lang='grc' dir='ltr'>καὶ</span> <span class='ocrx_word' id='word_1_214' title='bbox 1579 2900 1658 2964; x_wconf 80' lang='grc' dir='ltr'><strong>είς</strong></span> <span class='ocrx_word' id='word_1_215' title='bbox 1697 2899 1726 2953; x_wconf 81' lang='grc' dir='ltr'>ὃ</span> 
     </span>
    </p>
   </div>
   <div class='ocr_carea' id='block_1_30' title="bbox 170 2985 1727 3065">
    <p class='ocr_par' dir='ltr' id='par_1_30' title="bbox 170 2985 1727 3065">
     <span class='ocr_line' id='line_1_30' title="bbox 170 2985 1727 3065; baseline 0.001 -22"><span class='ocrx_word' id='word_1_216' title='bbox 170 2985 226 3059; x_wconf 77' lang='grc' dir='ltr'>ἦν</span> <span class='ocrx_word' id='word_1_217' title='bbox 264 2992 416 3047; x_wconf 87' lang='grc' dir='ltr'>πάλιν</span> <span class='ocrx_word' id='word_1_218' title='bbox 461 2993 798 3060; x_wconf 79' lang='grc' dir='ltr'>ἐπανελθὼν,</span> <span class='ocrx_word' id='word_1_219' title='bbox 833 2994 921 3048; x_wconf 83' lang='grc' dir='ltr'><strong>διὰ</strong></span> <span class='ocrx_word' id='word_1_220' title='bbox 951 2995 1051 3065; x_wconf 83' lang='grc' dir='ltr'>τῆς</span> <span class='ocrx_word' id='word_1_221' title='bbox 1095 2993 1447 3056; x_wconf 80' lang='grc' dir='ltr'>ἀναστάσεως</span> <span class='ocrx_word' id='word_1_222' title='bbox 1487 2991 1635 3047; x_wconf 82' lang='grc' dir='ltr'>άπαν</span> <span class='ocrx_word' id='word_1_223' title='bbox 1663 2992 1727 3045; x_wconf 87' lang='grc' dir='ltr'><strong>τὸ</strong></span> 
     </span>
    </p>
   </div>
   <div class='ocr_carea' id='block_1_31' title="bbox 174 3079 1725 3154">
    <p class='ocr_par' dir='ltr' id='par_1_31' title="bbox 174 3079 1725 3154">
     <span class='ocr_line' id='line_1_31' title="bbox 174 3079 1725 3154; baseline 0.005 -24"><span class='ocrx_word' id='word_1_224' title='bbox 174 3079 392 3150; x_wconf 78' lang='grc' dir='ltr'>κείμενον</span> <span class='ocrx_word' id='word_1_225' title='bbox 441 3081 628 3152; x_wconf 81' lang='grc' dir='ltr'>ἑαυτῷ</span> <span class='ocrx_word' id='word_1_226' title='bbox 671 3083 1057 3154; x_wconf 82' lang='grc' dir='ltr'>συνανέστησε,</span> <span class='ocrx_word' id='word_1_227' title='bbox 1090 3081 1225 3154; x_wconf 81' lang='grc' dir='ltr'>ζωὴ,</span> <span class='ocrx_word' id='word_1_228' title='bbox 1273 3083 1368 3135; x_wconf 78' lang='grc' dir='ltr'>καὶ</span> <span class='ocrx_word' id='word_1_229' title='bbox 1411 3082 1725 3146; x_wconf 82' lang='grc' dir='ltr'>ἀνάστασις.</span> 
     </span>
    </p>
   </div>
   <div class='ocr_carea' id='block_1_32' title="bbox 173 3171 1728 3252">
    <p class='ocr_par' dir='ltr' id='par_1_32' title="bbox 173 3171 1728 3252">
     <span class='ocr_line' id='line_1_32' title="bbox 173 3171 1728 3252; baseline 0.001 -29"><span class='ocrx_word' id='word_1_230' title='bbox 173 3171 250 3224; x_wconf 75' lang='grc' dir='ltr'><strong>καὶ</strong></span> <span class='ocrx_word' id='word_1_231' title='bbox 284 3173 526 3245; x_wconf 83' lang='grc' dir='ltr'>ἀνατολὴ,</span> <span class='ocrx_word' id='word_1_232' title='bbox 588 3172 681 3226; x_wconf 72' lang='grc' dir='ltr'>καὶ</span> <span class='ocrx_word' id='word_1_233' title='bbox 717 3172 904 3244; x_wconf 79' lang='grc' dir='ltr'>ἡμέρα</span> <span class='ocrx_word' id='word_1_234' title='bbox 953 3175 1067 3236; x_wconf 85' lang='grc' dir='ltr'>τοῖς</span> <span class='ocrx_word' id='word_1_235' title='bbox 1099 3175 1157 3226; x_wconf 85' lang='grc' dir='ltr'>ὲν</span> <span class='ocrx_word' id='word_1_236' title='bbox 1206 3173 1388 3226; x_wconf 88' lang='grc' dir='ltr'>σκότει</span> <span class='ocrx_word' id='word_1_237' title='bbox 1447 3173 1542 3252; x_wconf 71' lang='grc' dir='ltr'>καὶ</span> <span class='ocrx_word' id='word_1_238' title='bbox 1599 3172 1728 3244; x_wconf 75' lang='grc' dir='ltr'>σκιᾷ</span> 
     </span>
    </p>
   </div>
   <div class='ocr_carea' id='block_1_33' title="bbox 1825 709 3395 778">
    <p class='ocr_par' dir='ltr' id='par_1_33' title="bbox 1825 709 3395 778">
     <span class='ocr_line' id='line_1_33' title="bbox 1825 709 3395 778; baseline -0.001 -14"><span class='ocrx_word' id='word_1_239' title='bbox 1825 713 2184 768; x_wconf 86' lang='lat' dir='ltr'><strong>merabilibus</strong></span> <span class='ocrx_word' id='word_1_240' title='bbox 2212 712 2422 766; x_wconf 81' lang='lat' dir='ltr'><strong>facibus</strong></span> <span class='ocrx_word' id='word_1_241' title='bbox 2462 709 2758 765; x_wconf 83' lang='lat' dir='ltr'><strong>conﬂatum</strong></span> <span class='ocrx_word' id='word_1_242' title='bbox 2789 710 3196 778; x_wconf 65' lang='lat' dir='ltr'><strong>praestringeret</strong></span> <span class='ocrx_word' id='word_1_243' title='bbox 3224 710 3395 763; x_wconf 90' lang='lat' dir='ltr'><strong>aciem</strong></span> 
     </span>
    </p>
   </div>
   <div class='ocr_carea' id='block_1_34' title="bbox 1821 799 3399 871">
    <p class='ocr_par' dir='ltr' id='par_1_34' title="bbox 1821 799 3399 871">
     <span class='ocr_line' id='line_1_34' title="bbox 1821 799 3399 871; baseline -0.003 -13"><span class='ocrx_word' id='word_1_244' title='bbox 1821 806 2128 871; x_wconf 91' lang='lat' dir='ltr'><strong>oculorum,</strong></span> <span class='ocrx_word' id='word_1_245' title='bbox 2170 804 2352 858; x_wconf 89' lang='lat' dir='ltr'><strong>omnis</strong></span> <span class='ocrx_word' id='word_1_246' title='bbox 2390 802 2595 858; x_wconf 90' lang='lat' dir='ltr'><strong>Christi</strong></span> <span class='ocrx_word' id='word_1_247' title='bbox 2650 799 2964 856; x_wconf 84' lang='lat' dir='ltr'><strong>benedictio</strong></span> <span class='ocrx_word' id='word_1_248' title='bbox 3011 809 3272 868; x_wconf 79' lang='lat' dir='ltr'><strong>tanquam</strong></span> <span class='ocrx_word' id='word_1_249' title='bbox 3305 799 3399 854; x_wconf 89' lang='lat' dir='ltr'><strong>lux</strong></span> 
     </span>
    </p>
   </div>
   <div class='ocr_carea' id='block_1_35' title="bbox 1821 892 3399 968">
    <p class='ocr_par' dir='ltr' id='par_1_35' title="bbox 1821 892 3399 968">
     <span class='ocr_line' id='line_1_35' title="bbox 1821 892 3399 968; baseline -0.004 -17"><span class='ocrx_word' id='word_1_250' title='bbox 1821 912 1920 968; x_wconf 91' lang='lat' dir='ltr'><strong>per</strong></span> <span class='ocrx_word' id='word_1_251' title='bbox 1947 913 2005 952; x_wconf 91' lang='lat' dir='ltr'><strong>se</strong></span> <span class='ocrx_word' id='word_1_252' title='bbox 2038 897 2274 967; x_wconf 78' lang='lat' dir='ltr'><strong>fulgens,</strong></span> <span class='ocrx_word' id='word_1_253' title='bbox 2307 910 2562 966; x_wconf 84' lang='lat' dir='ltr'><strong>magnum</strong></span> <span class='ocrx_word' id='word_1_254' title='bbox 2598 894 2743 948; x_wconf 92' lang='lat' dir='ltr'><strong>hunc</strong></span> <span class='ocrx_word' id='word_1_255' title='bbox 2775 893 2973 946; x_wconf 89' lang='lat' dir='ltr'><strong>animis</strong></span> <span class='ocrx_word' id='word_1_256' title='bbox 2998 893 3198 946; x_wconf 83' lang='lat' dir='ltr'><strong>nostris</strong></span> <span class='ocrx_word' id='word_1_257' title='bbox 3221 892 3399 960; x_wconf 85' lang='lat' dir='ltr'><strong>splen-</strong></span> 
     </span>
    </p>
   </div>
   <div class='ocr_carea' id='block_1_36' title="bbox 1820 983 3401 1054">
    <p class='ocr_par' dir='ltr' id='par_1_36' title="bbox 1820 983 3401 1054">
     <span class='ocr_line' id='line_1_36' title="bbox 1820 983 3401 1054; baseline -0.005 -12"><span class='ocrx_word' id='word_1_258' title='bbox 1820 990 2012 1042; x_wconf 90' lang='lat' dir='ltr'><strong>dorem</strong></span> <span class='ocrx_word' id='word_1_259' title='bbox 2043 1004 2108 1042; x_wconf 80' lang='lat' dir='ltr'><strong>ex</strong></span> <span class='ocrx_word' id='word_1_260' title='bbox 2145 988 2332 1042; x_wconf 89' lang='lat' dir='ltr'><strong>multis</strong></span> <span class='ocrx_word' id='word_1_261' title='bbox 2364 995 2417 1041; x_wconf 90' lang='lat' dir='ltr'><strong>et</strong></span> <span class='ocrx_word' id='word_1_262' title='bbox 2450 985 2616 1038; x_wconf 90' lang='lat' dir='ltr'><strong>variis</strong></span> <span class='ocrx_word' id='word_1_263' title='bbox 2659 985 2961 1054; x_wconf 70' lang='lat' dir='ltr'><strong>Scriptura:</strong></span> <span class='ocrx_word' id='word_1_264' title='bbox 3005 983 3174 1036; x_wconf 89' lang='lat' dir='ltr'><strong>radiis</strong></span> <span class='ocrx_word' id='word_1_265' title='bbox 3208 997 3401 1050; x_wconf 78' lang='lat' dir='ltr'><strong>prove-</strong></span> 
     </span>
    </p>
   </div>
   <div class='ocr_carea' id='block_1_37' title="bbox 1821 1075 3402 1146">
    <p class='ocr_par' dir='ltr' id='par_1_37' title="bbox 1821 1075 3402 1146">
     <span class='ocr_line' id='line_1_37' title="bbox 1821 1075 3402 1146; baseline -0.004 -12"><span class='ocrx_word' id='word_1_266' title='bbox 1821 1081 2059 1134; x_wconf 88' lang='lat' dir='ltr'><strong>nientem</strong></span> <span class='ocrx_word' id='word_1_267' title='bbox 2091 1081 2312 1134; x_wconf 86' lang='lat' dir='ltr'><strong>emittit.</strong></span> <span class='ocrx_word' id='word_1_268' title='bbox 2338 1079 2493 1133; x_wconf 89' lang='lat' dir='ltr'><strong>Licet</strong></span> <span class='ocrx_word' id='word_1_269' title='bbox 2513 1077 2662 1133; x_wconf 90' lang='lat' dir='ltr'><strong>enim</strong></span> <span class='ocrx_word' id='word_1_270' title='bbox 2692 1093 2758 1132; x_wconf 79' lang='lat' dir='ltr'><strong>ex</strong></span> <span class='ocrx_word' id='word_1_271' title='bbox 2785 1077 3018 1146; x_wconf 80' lang='lat' dir='ltr'><strong>singulis</strong></span> <span class='ocrx_word' id='word_1_272' title='bbox 3049 1075 3169 1144; x_wconf 83' lang='lat' dir='ltr'><strong>ejus</strong></span> <span class='ocrx_word' id='word_1_273' title='bbox 3201 1075 3402 1128; x_wconf 88' lang='lat' dir='ltr'><strong>divinis</strong></span> 
     </span>
    </p>
   </div>
   <div class='ocr_carea' id='block_1_38' title="bbox 1820 1169 3399 1242">
    <p class='ocr_par' dir='ltr' id='par_1_38' title="bbox 1820 1169 3399 1242">
     <span class='ocr_line' id='line_1_38' title="bbox 1820 1169 3399 1242; baseline -0.005 -14"><span class='ocrx_word' id='word_1_274' title='bbox 1820 1173 2087 1242; x_wconf 78' lang='lat' dir='ltr'><strong>exemplis</strong></span> <span class='ocrx_word' id='word_1_275' title='bbox 2116 1180 2362 1226; x_wconf 90' lang='lat' dir='ltr'><strong>mutuum</strong></span> <span class='ocrx_word' id='word_1_276' title='bbox 2392 1170 2622 1240; x_wconf 85' lang='lat' dir='ltr'><strong>hujusce</strong></span> <span class='ocrx_word' id='word_1_277' title='bbox 2657 1169 2992 1224; x_wconf 84' lang='lat' dir='ltr'><strong>celebritatis</strong></span> <span class='ocrx_word' id='word_1_278' title='bbox 3024 1169 3399 1222; x_wconf 88' lang='lat' dir='ltr'><strong>testimonium</strong></span> 
     </span>
    </p>
   </div>
   <div class='ocr_carea' id='block_1_39' title="bbox 1821 1258 3399 1334">
    <p class='ocr_par' dir='ltr' id='par_1_39' title="bbox 1821 1258 3399 1334">
     <span class='ocr_line' id='line_1_39' title="bbox 1821 1258 3399 1334; baseline -0.004 -16"><span class='ocrx_word' id='word_1_279' title='bbox 1821 1264 2098 1334; x_wconf 82' lang='lat' dir='ltr'><strong>colligere.</strong></span> <span class='ocrx_word' id='word_1_280' title='bbox 2133 1263 2343 1329; x_wconf 68' lang='lat' dir='ltr'><strong>Quaeris</strong></span> <span class='ocrx_word' id='word_1_281' title='bbox 2376 1261 2609 1316; x_wconf 68' lang='lat' dir='ltr'><strong>Abrahae</strong></span> <span class='ocrx_word' id='word_1_282' title='bbox 2639 1259 3118 1316; x_wconf 87' lang='lat' dir='ltr'><strong>benedictionem?</strong></span> <span class='ocrx_word' id='word_1_283' title='bbox 3153 1258 3399 1312; x_wconf 70' lang='lat' dir='ltr'><strong>Praesen-</strong></span> 
     </span>
    </p>
   </div>
   <div class='ocr_carea' id='block_1_40' title="bbox 1820 1347 3398 1424">
    <p class='ocr_par' dir='ltr' id='par_1_40' title="bbox 1820 1347 3398 1424">
     <span class='ocr_line' id='line_1_40' title="bbox 1820 1347 3398 1424; baseline -0.006 -15"><span class='ocrx_word' id='word_1_284' title='bbox 1820 1356 1898 1410; x_wconf 85' lang='lat' dir='ltr'><strong>tia</strong></span> <span class='ocrx_word' id='word_1_285' title='bbox 1937 1353 2326 1424; x_wconf 87' lang='lat' dir='ltr'><strong>contemplare,</strong></span> <span class='ocrx_word' id='word_1_286' title='bbox 2361 1362 2414 1406; x_wconf 90' lang='lat' dir='ltr'><strong>et</strong></span> <span class='ocrx_word' id='word_1_287' title='bbox 2439 1353 2666 1408; x_wconf 85' lang='lat' dir='ltr'><strong>habebis</strong></span> <span class='ocrx_word' id='word_1_288' title='bbox 2705 1352 2761 1406; x_wconf 89' lang='lat' dir='ltr'><strong>id</strong></span> <span class='ocrx_word' id='word_1_289' title='bbox 2795 1351 2940 1420; x_wconf 91' lang='lat' dir='ltr'><strong>quod</strong></span> <span class='ocrx_word' id='word_1_290' title='bbox 2975 1349 3230 1418; x_wconf 85' lang='lat' dir='ltr'><strong>requiris.</strong></span> <span class='ocrx_word' id='word_1_291' title='bbox 3261 1347 3398 1402; x_wconf 68' lang='grc' dir='ltr'>(ἰαιιί</span> 
     </span>
    </p>
   </div>
   <div class='ocr_carea' id='block_1_41' title="bbox 1824 1441 3396 1514">
    <p class='ocr_par' dir='ltr' id='par_1_41' title="bbox 1824 1441 3396 1514">
     <span class='ocr_line' id='line_1_41' title="bbox 1824 1441 3396 1514; baseline -0.007 -11"><span class='ocrx_word' id='word_1_292' title='bbox 1824 1445 2012 1503; x_wconf 88' lang='lat' dir='ltr'><strong>stellas</strong></span> <span class='ocrx_word' id='word_1_293' title='bbox 2042 1462 2150 1500; x_wconf 89' lang='lat' dir='ltr'><strong>non</strong></span> <span class='ocrx_word' id='word_1_294' title='bbox 2181 1445 2333 1500; x_wconf 87' lang='lat' dir='ltr'><strong>vides</strong></span> <span class='ocrx_word' id='word_1_295' title='bbox 2353 1445 2406 1498; x_wconf 72' lang='lat'><strong>‘?</strong></span> <span class='ocrx_word' id='word_1_296' title='bbox 2430 1444 2560 1508; x_wconf 89' lang='lat' dir='ltr'><strong>llas,</strong></span> <span class='ocrx_word' id='word_1_297' title='bbox 2615 1445 2859 1514; x_wconf 85' lang='lat' dir='ltr'><strong>inquam,</strong></span> <span class='ocrx_word' id='word_1_298' title='bbox 2893 1441 3107 1504; x_wconf 89' lang='lat' dir='ltr'><strong>stellas,</strong></span> <span class='ocrx_word' id='word_1_299' title='bbox 3135 1456 3257 1507; x_wconf 63' lang='lat' dir='ltr'><strong>quae</strong></span> <span class='ocrx_word' id='word_1_300' title='bbox 3291 1455 3396 1492; x_wconf 93' lang='lat' dir='ltr'><strong>nu-</strong></span> 
     </span>
    </p>
   </div>
   <div class='ocr_carea' id='block_1_42' title="bbox 1825 1530 3401 1610">
    <p class='ocr_par' dir='ltr' id='par_1_42' title="bbox 1825 1530 3401 1610">
     <span class='ocr_line' id='line_1_42' title="bbox 1825 1530 3401 1610; baseline -0.007 -17"><span class='ocrx_word' id='word_1_301' title='bbox 1825 1555 1924 1610; x_wconf 88' lang='lat' dir='ltr'><strong>per</strong></span> <span class='ocrx_word' id='word_1_302' title='bbox 1959 1555 2026 1595; x_wconf 82' lang='lat' dir='ltr'><strong>ex</strong></span> <span class='ocrx_word' id='word_1_303' title='bbox 2059 1538 2254 1608; x_wconf 87' lang='lat' dir='ltr'><strong>spiritu</strong></span> <span class='ocrx_word' id='word_1_304' title='bbox 2303 1536 2461 1591; x_wconf 90' lang='lat' dir='ltr'><strong>nobis</strong></span> <span class='ocrx_word' id='word_1_305' title='bbox 2499 1545 2722 1600; x_wconf 78' lang='lat' dir='ltr'><strong>exortae,</strong></span> <span class='ocrx_word' id='word_1_306' title='bbox 2748 1534 2929 1588; x_wconf 89' lang='lat' dir='ltr'><strong>statim</strong></span> <span class='ocrx_word' id='word_1_307' title='bbox 2963 1535 3162 1587; x_wconf 73' lang='lat' dir='ltr'><strong>coelum</strong></span> <span class='ocrx_word' id='word_1_308' title='bbox 3212 1530 3401 1584; x_wconf 88' lang='lat' dir='ltr'><strong>Eccle—</strong></span> 
     </span>
    </p>
   </div>
   <div class='ocr_carea' id='block_1_43' title="bbox 1827 1621 3399 1693">
    <p class='ocr_par' dir='ltr' id='par_1_43' title="bbox 1827 1621 3399 1693">
     <span class='ocr_line' id='line_1_43' title="bbox 1827 1621 3399 1693; baseline -0.01 -5"><span class='ocrx_word' id='word_1_309' title='bbox 1827 1633 1964 1688; x_wconf 87' lang='lat' dir='ltr'><strong>siam</strong></span> <span class='ocrx_word' id='word_1_310' title='bbox 1999 1629 2358 1686; x_wconf 89' lang='lat' dir='ltr'><strong>reddiderunt</strong></span> <span class='ocrx_word' id='word_1_311' title='bbox 2391 1647 2404 1683; x_wconf 93' lang='lat'><strong>:</strong></span> <span class='ocrx_word' id='word_1_312' title='bbox 2439 1628 2723 1684; x_wconf 88' lang='lat' dir='ltr'><strong>stellarum</strong></span> <span class='ocrx_word' id='word_1_313' title='bbox 2756 1625 2900 1680; x_wconf 89' lang='lat' dir='ltr'><strong>enim</strong></span> <span class='ocrx_word' id='word_1_314' title='bbox 2941 1624 3110 1678; x_wconf 90' lang='lat' dir='ltr'><strong>radiis</strong></span> <span class='ocrx_word' id='word_1_315' title='bbox 3140 1621 3399 1693; x_wconf 66' lang='lat' dir='ltr'><strong>praeclara</strong></span> 
     </span>
    </p>
   </div>
   <div class='ocr_carea' id='block_1_44' title="bbox 1825 1713 3402 1789">
    <p class='ocr_par' dir='ltr' id='par_1_44' title="bbox 1825 1713 3402 1789">
     <span class='ocr_line' id='line_1_44' title="bbox 1825 1713 3402 1789; baseline -0.006 -14"><span class='ocrx_word' id='word_1_316' title='bbox 1825 1723 2068 1776; x_wconf 84' lang='lat' dir='ltr'><strong>virorum</strong></span> <span class='ocrx_word' id='word_1_317' title='bbox 2101 1721 2302 1776; x_wconf 90' lang='lat' dir='ltr'><strong>virtute</strong></span> <span class='ocrx_word' id='word_1_318' title='bbox 2329 1719 2639 1789; x_wconf 85' lang='lat' dir='ltr'><strong>pietateque</strong></span> <span class='ocrx_word' id='word_1_319' title='bbox 2692 1715 3068 1786; x_wconf 79' lang='lat' dir='ltr'><strong>praestantium</strong></span> <span class='ocrx_word' id='word_1_320' title='bbox 3124 1713 3298 1784; x_wconf 88' lang='lat' dir='ltr'><strong>gratia</strong></span> <span class='ocrx_word' id='word_1_321' title='bbox 3329 1713 3402 1767; x_wconf 86' lang='lat' dir='ltr'><strong>si-</strong></span> 
     </span>
    </p>
   </div>
   <div class='ocr_carea' id='block_1_45' title="bbox 1826 1803 3403 1882">
    <p class='ocr_par' dir='ltr' id='par_1_45' title="bbox 1826 1803 3403 1882">
     <span class='ocr_line' id='line_1_45' title="bbox 1826 1803 3403 1882; baseline -0.005 -18"><span class='ocrx_word' id='word_1_322' title='bbox 1826 1810 2117 1882; x_wconf 88' lang='lat' dir='ltr'><strong>gniﬁcatnr</strong></span> <span class='ocrx_word' id='word_1_323' title='bbox 2157 1828 2171 1864; x_wconf 91' lang='lat'><strong>:</strong></span> <span class='ocrx_word' id='word_1_324' title='bbox 2212 1823 2352 1879; x_wconf 89' lang='lat' dir='ltr'><strong>quos</strong></span> <span class='ocrx_word' id='word_1_325' title='bbox 2382 1808 2427 1863; x_wconf 89' lang='lat' dir='ltr'><strong>si</strong></span> <span class='ocrx_word' id='word_1_326' title='bbox 2470 1807 2594 1876; x_wconf 91' lang='lat' dir='ltr'><strong>quis</strong></span> <span class='ocrx_word' id='word_1_327' title='bbox 2627 1806 2860 1860; x_wconf 67' lang='lat' dir='ltr'><strong>Abrahae</strong></span> <span class='ocrx_word' id='word_1_328' title='bbox 2899 1806 3043 1859; x_wconf 87' lang='lat' dir='ltr'><strong>ﬁlios</strong></span> <span class='ocrx_word' id='word_1_329' title='bbox 3072 1819 3139 1859; x_wconf 80' lang='lat' dir='ltr'><strong>ex</strong></span> <span class='ocrx_word' id='word_1_330' title='bbox 3170 1803 3403 1874; x_wconf 88' lang='lat' dir='ltr'><strong>promis-</strong></span> 
     </span>
    </p>
   </div>
   <div class='ocr_carea' id='block_1_46' title="bbox 1828 1893 3402 1962">
    <p class='ocr_par' dir='ltr' id='par_1_46' title="bbox 1828 1893 3402 1962">
     <span class='ocr_line' id='line_1_46' title="bbox 1828 1893 3402 1962; baseline -0.007 -5"><span class='ocrx_word' id='word_1_331' title='bbox 1828 1905 1981 1958; x_wconf 88' lang='lat' dir='ltr'><strong>sione</strong></span> <span class='ocrx_word' id='word_1_332' title='bbox 2027 1910 2186 1956; x_wconf 87' lang='lat' dir='ltr'><strong>natos</strong></span> <span class='ocrx_word' id='word_1_333' title='bbox 2224 1901 2346 1955; x_wconf 65' lang='lat' dir='ltr'><strong>coeli</strong></span> <span class='ocrx_word' id='word_1_334' title='bbox 2379 1899 2652 1955; x_wconf 88' lang='lat' dir='ltr'><strong>sideribus</strong></span> <span class='ocrx_word' id='word_1_335' title='bbox 2686 1897 2893 1953; x_wconf 91' lang='lat' dir='ltr'><strong>similes</strong></span> <span class='ocrx_word' id='word_1_336' title='bbox 2937 1895 3159 1962; x_wconf 84' lang='lat' dir='ltr'><strong>dixerit,</strong></span> <span class='ocrx_word' id='word_1_337' title='bbox 3192 1909 3223 1947; x_wconf 92' lang='lat' dir='ltr'><strong>a</strong></span> <span class='ocrx_word' id='word_1_338' title='bbox 3255 1893 3402 1947; x_wconf 87' lang='lat' dir='ltr'><strong>veri-</strong></span> 
     </span>
    </p>
   </div>
   <div class='ocr_carea' id='block_1_47' title="bbox 1826 1985 3402 2046">
    <p class='ocr_par' dir='ltr' id='par_1_47' title="bbox 1826 1985 3402 2046">
     <span class='ocr_line' id='line_1_47' title="bbox 1826 1985 3402 2046; baseline -0.004 -2"><span class='ocrx_word' id='word_1_339' title='bbox 1826 1998 1934 2046; x_wconf 89' lang='lat' dir='ltr'><strong>tate</strong></span> <span class='ocrx_word' id='word_1_340' title='bbox 1969 2006 2078 2044; x_wconf 75' lang='lat' dir='ltr'><strong>non</strong></span> <span class='ocrx_word' id='word_1_341' title='bbox 2113 1990 2410 2045; x_wconf 80' lang='lat' dir='ltr'><strong>aberrabit.</strong></span> <span class='ocrx_word' id='word_1_342' title='bbox 2440 1988 2644 2044; x_wconf 85' lang='lat' dir='ltr'><strong>Mosem</strong></span> <span class='ocrx_word' id='word_1_343' title='bbox 2689 1987 2840 2042; x_wconf 91' lang='lat' dir='ltr'><strong>illum</strong></span> <span class='ocrx_word' id='word_1_344' title='bbox 2872 1987 3132 2042; x_wconf 81' lang='lat' dir='ltr'><strong>eximium</strong></span> <span class='ocrx_word' id='word_1_345' title='bbox 3163 1985 3402 2039; x_wconf 82' lang='lat' dir='ltr'><strong>admira-</strong></span> 
     </span>
    </p>
   </div>
   <div class='ocr_carea' id='block_1_48' title="bbox 1825 2074 3402 2151">
    <p class='ocr_par' dir='ltr' id='par_1_48' title="bbox 1825 2074 3402 2151">
     <span class='ocr_line' id='line_1_48' title="bbox 1825 2074 3402 2151; baseline -0.003 -17"><span class='ocrx_word' id='word_1_346' title='bbox 1825 2081 1923 2144; x_wconf 89' lang='lat' dir='ltr'><strong>ris,</strong></span> <span class='ocrx_word' id='word_1_347' title='bbox 1979 2080 2070 2151; x_wconf 90' lang='lat' dir='ltr'><strong>qui</strong></span> <span class='ocrx_word' id='word_1_348' title='bbox 2145 2080 2389 2134; x_wconf 68' lang='lat' dir='ltr'><strong>scientiae</strong></span> <span class='ocrx_word' id='word_1_349' title='bbox 2455 2077 2894 2149; x_wconf 77' lang='lat' dir='ltr'><strong>cognitionisque</strong></span> <span class='ocrx_word' id='word_1_350' title='bbox 2940 2074 3253 2146; x_wconf 66' lang='lat' dir='ltr'><strong>prmstanlia</strong></span> <span class='ocrx_word' id='word_1_351' title='bbox 3312 2089 3402 2130; x_wconf 87' lang='lat' dir='ltr'><strong>res</strong></span> 
     </span>
    </p>
   </div>
   <div class='ocr_carea' id='block_1_49' title="bbox 1823 2163 3399 2240">
    <p class='ocr_par' dir='ltr' id='par_1_49' title="bbox 1823 2163 3399 2240">
     <span class='ocr_line' id='line_1_49' title="bbox 1823 2163 3399 2240; baseline -0.006 -15"><span class='ocrx_word' id='word_1_352' title='bbox 1823 2188 2016 2227; x_wconf 84' lang='lat' dir='ltr'><strong>omnes</strong></span> <span class='ocrx_word' id='word_1_353' title='bbox 2057 2187 2086 2224; x_wconf 92' lang='lat' dir='ltr'><strong>a</strong></span> <span class='ocrx_word' id='word_1_354' title='bbox 2135 2169 2244 2225; x_wconf 91' lang='lat' dir='ltr'><strong>Deo</strong></span> <span class='ocrx_word' id='word_1_355' title='bbox 2280 2178 2597 2240; x_wconf 82' lang='lat' dir='ltr'><strong>procreatas</strong></span> <span class='ocrx_word' id='word_1_356' title='bbox 2626 2165 3078 2237; x_wconf 82' lang='lat' dir='ltr'><strong>comprehendit?</strong></span> <span class='ocrx_word' id='word_1_357' title='bbox 3110 2165 3250 2219; x_wconf 90' lang='lat' dir='ltr'><strong>Ecce</strong></span> <span class='ocrx_word' id='word_1_358' title='bbox 3298 2163 3399 2218; x_wconf 88' lang='lat' dir='ltr'><strong>tibi</strong></span> 
     </span>
    </p>
   </div>
   <div class='ocr_carea' id='block_1_50' title="bbox 1827 2257 3400 2336">
    <p class='ocr_par' dir='ltr' id='par_1_50' title="bbox 1827 2257 3400 2336">
     <span class='ocr_line' id='line_1_50' title="bbox 1827 2257 3400 2336; baseline -0.005 -18"><span class='ocrx_word' id='word_1_359' title='bbox 1827 2265 2018 2336; x_wconf 58' lang='lat' dir='ltr'><strong>prima;</strong></span> <span class='ocrx_word' id='word_1_360' title='bbox 2049 2263 2237 2317; x_wconf 87' lang='lat' dir='ltr'><strong>mundi</strong></span> <span class='ocrx_word' id='word_1_361' title='bbox 2293 2262 2690 2332; x_wconf 78' lang='lat' dir='ltr'><strong>procreationis</strong></span> <span class='ocrx_word' id='word_1_362' title='bbox 2737 2260 3061 2318; x_wconf 87' lang='lat' dir='ltr'><strong>Sabbatum,</strong></span> <span class='ocrx_word' id='word_1_363' title='bbox 3096 2258 3183 2311; x_wconf 92' lang='lat' dir='ltr'><strong>cui</strong></span> <span class='ocrx_word' id='word_1_364' title='bbox 3232 2257 3400 2310; x_wconf 84' lang='lat' dir='ltr'><strong>bene-</strong></span> 
     </span>
    </p>
   </div>
   <div class='ocr_carea' id='block_1_51' title="bbox 1824 2348 3405 2422">
    <p class='ocr_par' dir='ltr' id='par_1_51' title="bbox 1824 2348 3405 2422">
     <span class='ocr_line' id='line_1_51' title="bbox 1824 2348 3405 2422; baseline -0.008 -10"><span class='ocrx_word' id='word_1_365' title='bbox 1824 2357 1962 2412; x_wconf 82' lang='lat' dir='ltr'><strong>dixit</strong></span> <span class='ocrx_word' id='word_1_366' title='bbox 2012 2357 2177 2412; x_wconf 89' lang='lat' dir='ltr'><strong>Deus.</strong></span> <span class='ocrx_word' id='word_1_367' title='bbox 2234 2355 2312 2408; x_wconf 87' lang='lat' dir='ltr'><strong>Ex</strong></span> <span class='ocrx_word' id='word_1_368' title='bbox 2351 2356 2443 2409; x_wconf 91' lang='lat' dir='ltr'><strong>illo</strong></span> <span class='ocrx_word' id='word_1_369' title='bbox 2477 2354 2718 2410; x_wconf 87' lang='lat' dir='ltr'><strong>Sabbato</strong></span> <span class='ocrx_word' id='word_1_370' title='bbox 2757 2367 2996 2422; x_wconf 56' lang='lat' dir='ltr'><strong>praesens</strong></span> <span class='ocrx_word' id='word_1_371' title='bbox 3040 2351 3144 2405; x_wconf 86' lang='lat' dir='ltr'><strong>hoc</strong></span> <span class='ocrx_word' id='word_1_372' title='bbox 3193 2348 3405 2402; x_wconf 88' lang='lat' dir='ltr'><strong>Sabba-</strong></span> 
     </span>
    </p>
   </div>
   <div class='ocr_carea' id='block_1_52' title="bbox 1825 2435 3404 2524">
    <p class='ocr_par' dir='ltr' id='par_1_52' title="bbox 1825 2435 3404 2524">
     <span class='ocr_line' id='line_1_52' title="bbox 1825 2435 3404 2524; baseline -0.008 -17"><span class='ocrx_word' id='word_1_373' title='bbox 1825 2461 1939 2508; x_wconf 92' lang='lat' dir='ltr'><strong>tum</strong></span> <span class='ocrx_word' id='word_1_374' title='bbox 1978 2468 2232 2524; x_wconf 84' lang='lat' dir='ltr'><strong>agnosce,</strong></span> <span class='ocrx_word' id='word_1_375' title='bbox 2263 2450 2462 2522; x_wconf 88' lang='lat' dir='ltr'><strong>quietis</strong></span> <span class='ocrx_word' id='word_1_376' title='bbox 2507 2449 2654 2502; x_wconf 85' lang='lat' dir='ltr'><strong>hunc</strong></span> <span class='ocrx_word' id='word_1_377' title='bbox 2701 2447 2868 2510; x_wconf 91' lang='lat' dir='ltr'><strong>diem,</strong></span> <span class='ocrx_word' id='word_1_378' title='bbox 2925 2435 3008 2500; x_wconf 81' lang='lat' dir='ltr'><strong>cui</strong></span> <span class='ocrx_word' id='word_1_379' title='bbox 3070 2458 3233 2513; x_wconf 83' lang='lat' dir='ltr'><strong>snpra</strong></span> <span class='ocrx_word' id='word_1_380' title='bbox 3285 2441 3404 2495; x_wconf 81' lang='lat' dir='ltr'><strong>dies</strong></span> 
     </span>
    </p>
   </div>
   <div class='ocr_carea' id='block_1_53' title="bbox 1828 2533 3406 2601">
    <p class='ocr_par' dir='ltr' id='par_1_53' title="bbox 1828 2533 3406 2601">
     <span class='ocr_line' id='line_1_53' title="bbox 1828 2533 3406 2601; baseline -0.01 -2"><span class='ocrx_word' id='word_1_381' title='bbox 1828 2547 1970 2601; x_wconf 89' lang='lat' dir='ltr'><strong>alios</strong></span> <span class='ocrx_word' id='word_1_382' title='bbox 2001 2545 2263 2599; x_wconf 88' lang='lat' dir='ltr'><strong>Dominus</strong></span> <span class='ocrx_word' id='word_1_383' title='bbox 2319 2539 2614 2597; x_wconf 82' lang='lat' dir='ltr'><strong>benedixit.</strong></span> <span class='ocrx_word' id='word_1_384' title='bbox 2647 2539 2704 2592; x_wconf 92' lang='lat' dir='ltr'><strong>In</strong></span> <span class='ocrx_word' id='word_1_385' title='bbox 2743 2539 2846 2593; x_wconf 93' lang='lat' dir='ltr'><strong>hoc</strong></span> <span class='ocrx_word' id='word_1_386' title='bbox 2870 2537 3014 2592; x_wconf 90' lang='lat' dir='ltr'><strong>enim</strong></span> <span class='ocrx_word' id='word_1_387' title='bbox 3047 2550 3172 2590; x_wconf 86' lang='lat' dir='ltr'><strong>vere</strong></span> <span class='ocrx_word' id='word_1_388' title='bbox 3198 2533 3267 2588; x_wconf 91' lang='lat' dir='ltr'><strong>ab</strong></span> <span class='ocrx_word' id='word_1_389' title='bbox 3288 2547 3406 2586; x_wconf 85' lang='lat' dir='ltr'><strong>om—</strong></span> 
     </span>
    </p>
   </div>
   <div class='ocr_carea' id='block_1_54' title="bbox 1825 2623 3402 2704">
    <p class='ocr_par' dir='ltr' id='par_1_54' title="bbox 1825 2623 3402 2704">
     <span class='ocr_line' id='line_1_54' title="bbox 1825 2623 3402 2704; baseline -0.01 -12"><span class='ocrx_word' id='word_1_390' title='bbox 1825 2638 1989 2692; x_wconf 87' lang='lat' dir='ltr'><strong>nibus</strong></span> <span class='ocrx_word' id='word_1_391' title='bbox 2033 2635 2292 2704; x_wconf 81' lang='lat' dir='ltr'><strong>operibus</strong></span> <span class='ocrx_word' id='word_1_392' title='bbox 2341 2632 2458 2688; x_wconf 91' lang='lat' dir='ltr'><strong>suis</strong></span> <span class='ocrx_word' id='word_1_393' title='bbox 2505 2630 2647 2686; x_wconf 89' lang='lat' dir='ltr'><strong>Deus</strong></span> <span class='ocrx_word' id='word_1_394' title='bbox 2695 2628 3020 2698; x_wconf 88' lang='lat' dir='ltr'><strong>Unigenitus</strong></span> <span class='ocrx_word' id='word_1_395' title='bbox 3070 2623 3402 2693; x_wconf 80' lang='lat' dir='ltr'><strong>conquievit,</strong></span> 
     </span>
    </p>
   </div>
   <div class='ocr_carea' id='block_1_55' title="bbox 1824 2717 3401 2799">
    <p class='ocr_par' dir='ltr' id='par_1_55' title="bbox 1824 2717 3401 2799">
     <span class='ocr_line' id='line_1_55' title="bbox 1824 2717 3401 2799; baseline -0.011 -16"><span class='ocrx_word' id='word_1_396' title='bbox 1824 2729 1917 2799; x_wconf 90' lang='lat' dir='ltr'><strong>qui</strong></span> <span class='ocrx_word' id='word_1_397' title='bbox 1949 2727 2136 2782; x_wconf 82' lang='lat' dir='ltr'><strong>divino</strong></span> <span class='ocrx_word' id='word_1_398' title='bbox 2185 2725 2382 2780; x_wconf 88' lang='lat' dir='ltr'><strong>salutis</strong></span> <span class='ocrx_word' id='word_1_399' title='bbox 2416 2724 2668 2777; x_wconf 62' lang='lat' dir='ltr'><strong>humana</strong></span> <span class='ocrx_word' id='word_1_400' title='bbox 2703 2719 2960 2774; x_wconf 79' lang='lat' dir='ltr'><strong>curandae</strong></span> <span class='ocrx_word' id='word_1_401' title='bbox 2995 2717 3248 2778; x_wconf 87' lang='lat' dir='ltr'><strong>consilio,</strong></span> <span class='ocrx_word' id='word_1_402' title='bbox 3278 2729 3401 2769; x_wconf 89' lang='lat' dir='ltr'><strong>cum</strong></span> 
     </span>
    </p>
   </div>
   <div class='ocr_carea' id='block_1_56' title="bbox 1827 2804 3401 2888">
    <p class='ocr_par' dir='ltr' id='par_1_56' title="bbox 1827 2804 3401 2888">
     <span class='ocr_line' id='line_1_56' title="bbox 1827 2804 3401 2888; baseline -0.01 -15"><span class='ocrx_word' id='word_1_403' title='bbox 1827 2833 1924 2888; x_wconf 88' lang='lat' dir='ltr'><strong>per</strong></span> <span class='ocrx_word' id='word_1_404' title='bbox 1950 2824 2183 2871; x_wconf 89' lang='lat' dir='ltr'><strong>mortem</strong></span> <span class='ocrx_word' id='word_1_405' title='bbox 2242 2815 2396 2869; x_wconf 91' lang='lat' dir='ltr'><strong>carni</strong></span> <span class='ocrx_word' id='word_1_406' title='bbox 2450 2813 2686 2883; x_wconf 81' lang='lat' dir='ltr'><strong>quietem</strong></span> <span class='ocrx_word' id='word_1_407' title='bbox 2733 2809 3077 2880; x_wconf 65' lang='lat' dir='ltr'><strong>praebuisset,</strong></span> <span class='ocrx_word' id='word_1_408' title='bbox 3105 2814 3160 2861; x_wconf 90' lang='lat' dir='ltr'><strong>et</strong></span> <span class='ocrx_word' id='word_1_409' title='bbox 3215 2807 3270 2860; x_wconf 90' lang='lat' dir='ltr'><strong>in</strong></span> <span class='ocrx_word' id='word_1_410' title='bbox 3325 2804 3401 2866; x_wconf 89' lang='lat' dir='ltr'><strong>id,</strong></span> 
     </span>
    </p>
   </div>
   <div class='ocr_carea' id='block_1_57' title="bbox 1827 2897 3408 2981">
    <p class='ocr_par' dir='ltr' id='par_1_57' title="bbox 1827 2897 3408 2981">
     <span class='ocr_line' id='line_1_57' title="bbox 1827 2897 3408 2981; baseline -0.008 -16"><span class='ocrx_word' id='word_1_411' title='bbox 1827 2910 1974 2981; x_wconf 91' lang='lat' dir='ltr'><strong>quod</strong></span> <span class='ocrx_word' id='word_1_412' title='bbox 2017 2915 2158 2972; x_wconf 87' lang='lat' dir='ltr'><strong>erat,</strong></span> <span class='ocrx_word' id='word_1_413' title='bbox 2213 2923 2310 2977; x_wconf 89' lang='lat' dir='ltr'><strong>per</strong></span> <span class='ocrx_word' id='word_1_414' title='bbox 2367 2903 2825 2962; x_wconf 88' lang='lat' dir='ltr'><strong>resurrectionem</strong></span> <span class='ocrx_word' id='word_1_415' title='bbox 2879 2902 3219 2965; x_wconf 84' lang='lat' dir='ltr'><strong>revertisset,</strong></span> <span class='ocrx_word' id='word_1_416' title='bbox 3249 2897 3408 2968; x_wconf 88' lang='lat' dir='ltr'><strong>quid-</strong></span> 
     </span>
    </p>
   </div>
   <div class='ocr_carea' id='block_1_58' title="bbox 1827 2997 3404 3073">
    <p class='ocr_par' dir='ltr' id='par_1_58' title="bbox 1827 2997 3404 3073">
     <span class='ocr_line' id='line_1_58' title="bbox 1827 2997 3404 3073; baseline -0.005 -17"><span class='ocrx_word' id='word_1_417' title='bbox 1827 3002 1957 3073; x_wconf 88' lang='lat' dir='ltr'><strong>quid</strong></span> <span class='ocrx_word' id='word_1_418' title='bbox 1984 3001 2204 3072; x_wconf 74' lang='lat' dir='ltr'><strong>iacebat</strong></span> <span class='ocrx_word' id='word_1_419' title='bbox 2237 3015 2425 3056; x_wconf 90' lang='lat' dir='ltr'><strong>secum</strong></span> <span class='ocrx_word' id='word_1_420' title='bbox 2468 2997 2836 3061; x_wconf 79' lang='lat' dir='ltr'><strong>exsuscitans,</strong></span> <span class='ocrx_word' id='word_1_421' title='bbox 2887 2997 3018 3059; x_wconf 87' lang='lat' dir='ltr'><strong>vita,</strong></span> <span class='ocrx_word' id='word_1_422' title='bbox 3063 3002 3118 3048; x_wconf 89' lang='lat' dir='ltr'><strong>et</strong></span> <span class='ocrx_word' id='word_1_423' title='bbox 3154 3009 3404 3049; x_wconf 81' lang='lat' dir='ltr'><strong>resurre-</strong></span> 
     </span>
    </p>
   </div>
   <div class='ocr_carea' id='block_1_59' title="bbox 1828 3086 3409 3161">
    <p class='ocr_par' dir='ltr' id='par_1_59' title="bbox 1828 3086 3409 3161">
     <span class='ocr_line' id='line_1_59' title="bbox 1828 3086 3409 3161; baseline -0.008 -10"><span class='ocrx_word' id='word_1_424' title='bbox 1828 3097 1960 3161; x_wconf 89' lang='lat' dir='ltr'><strong>ctio,</strong></span> <span class='ocrx_word' id='word_1_425' title='bbox 1989 3104 2044 3150; x_wconf 91' lang='lat' dir='ltr'><strong>et</strong></span> <span class='ocrx_word' id='word_1_426' title='bbox 2084 3107 2306 3156; x_wconf 89' lang='lat' dir='ltr'><strong>aurora,</strong></span> <span class='ocrx_word' id='word_1_427' title='bbox 2365 3100 2419 3148; x_wconf 88' lang='lat' dir='ltr'><strong>et</strong></span> <span class='ocrx_word' id='word_1_428' title='bbox 2473 3106 2650 3151; x_wconf 89' lang='lat' dir='ltr'><strong>mane.</strong></span> <span class='ocrx_word' id='word_1_429' title='bbox 2716 3096 2771 3145; x_wconf 89' lang='lat' dir='ltr'><strong>et</strong></span> <span class='ocrx_word' id='word_1_430' title='bbox 2836 3089 2954 3144; x_wconf 90' lang='lat' dir='ltr'><strong>dies</strong></span> <span class='ocrx_word' id='word_1_431' title='bbox 3004 3088 3058 3141; x_wconf 93' lang='lat' dir='ltr'><strong>in</strong></span> <span class='ocrx_word' id='word_1_432' title='bbox 3091 3086 3330 3141; x_wconf 81' lang='lat' dir='ltr'><strong>tenebris</strong></span> <span class='ocrx_word' id='word_1_433' title='bbox 3353 3093 3409 3140; x_wconf 89' lang='lat' dir='ltr'><strong>et</strong></span> 
     </span>
    </p>
   </div>
   <div class='ocr_carea' id='block_1_60' title="bbox 1831 3177 3408 3254">
    <p class='ocr_par' dir='ltr' id='par_1_60' title="bbox 1831 3177 3408 3254">
     <span class='ocr_line' id='line_1_60' title="bbox 1831 3177 3408 3254; baseline -0.006 -13"><span class='ocrx_word' id='word_1_434' title='bbox 1831 3187 2027 3241; x_wconf 89' lang='lat' dir='ltr'><strong>umbra</strong></span> <span class='ocrx_word' id='word_1_435' title='bbox 2057 3186 2251 3240; x_wconf 88' lang='lat' dir='ltr'><strong>mortis</strong></span> <span class='ocrx_word' id='word_1_436' title='bbox 2286 3183 2613 3254; x_wconf 79' lang='lat' dir='ltr'><strong>degentibus</strong></span> <span class='ocrx_word' id='word_1_437' title='bbox 2646 3181 2824 3237; x_wconf 85' lang='lat' dir='ltr'><strong>factus</strong></span> <span class='ocrx_word' id='word_1_438' title='bbox 2849 3181 2991 3237; x_wconf 79' lang='lat' dir='ltr'><strong>est’.</strong></span> <span class='ocrx_word' id='word_1_439' title='bbox 3032 3177 3211 3232; x_wconf 89' lang='lat' dir='ltr'><strong>Simili</strong></span> <span class='ocrx_word' id='word_1_440' title='bbox 3242 3177 3408 3231; x_wconf 59' lang='lat' dir='ltr'><strong>iveneo</strong></span> 
     </span>
    </p>
   </div>
   <div class='ocr_carea' id='block_1_61' title="bbox 172 3260 1726 3369">
    <p class='ocr_par' dir='ltr' id='par_1_61' title="bbox 172 3260 1726 3334">
     <span class='ocr_line' id='line_1_61' title="bbox 172 3260 1726 3334; baseline 0.001 -22"><span class='ocrx_word' id='word_1_441' title='bbox 172 3260 373 3316; x_wconf 84' lang='grc' dir='ltr'>θανάτου</span> <span class='ocrx_word' id='word_1_442' title='bbox 434 3263 772 3334; x_wconf 84' lang='grc' dir='ltr'>καθημένοις</span> <span class='ocrx_word' id='word_1_443' title='bbox 804 3263 1111 3334; x_wconf 85' lang='grc' dir='ltr'>γενόμενος.</span> <span class='ocrx_word' id='word_1_444' title='bbox 1148 3263 1364 3333; x_wconf 86' lang='grc' dir='ltr'>Πλήρης</span> <span class='ocrx_word' id='word_1_445' title='bbox 1400 3281 1481 3316; x_wconf 88' lang='grc' dir='ltr'>τοι</span> <span class='ocrx_word' id='word_1_446' title='bbox 1511 3264 1544 3333; x_wconf 82' lang='grc' dir='ltr'><strong>ἡ</strong></span> <span class='ocrx_word' id='word_1_447' title='bbox 1585 3263 1726 3315; x_wconf 81' lang='grc' dir='ltr'>ἱστο-</span> 
     </span>
    </p>
   </div>
   <div class='ocr_carea' id='block_1_62' title="bbox 1828 3260 3409 3369">
    <p class='ocr_par' dir='ltr' id='par_1_62' title="bbox 1833 3268 3409 3334">
     <span class='ocr_line' id='line_1_62' title="bbox 1833 3268 3409 3334; baseline -0.007 -1"><span class='ocrx_word' id='word_1_448' title='bbox 1833 3279 2070 3334; x_wconf 85' lang='lat' dir='ltr'><strong>dictione</strong></span> <span class='ocrx_word' id='word_1_449' title='bbox 2101 3277 2329 3333; x_wconf 85' lang='lat' dir='ltr'><strong>historia</strong></span> <span class='ocrx_word' id='word_1_450' title='bbox 2361 3277 2488 3330; x_wconf 88' lang='lat' dir='ltr'><strong>item</strong></span> <span class='ocrx_word' id='word_1_451' title='bbox 2520 3274 2719 3330; x_wconf 90' lang='lat' dir='ltr'><strong>referta</strong></span> <span class='ocrx_word' id='word_1_452' title='bbox 2746 3281 2830 3327; x_wconf 87' lang='lat' dir='ltr'><strong>est</strong></span> <span class='ocrx_word' id='word_1_453' title='bbox 2847 3273 2886 3324; x_wconf 87' lang='grc'>³.</span> <span class='ocrx_word' id='word_1_454' title='bbox 2915 3271 3077 3325; x_wconf 87' lang='lat' dir='ltr'><strong>Pater</strong></span> <span class='ocrx_word' id='word_1_455' title='bbox 3101 3268 3254 3323; x_wconf 82' lang='lat' dir='ltr'><strong>Isaae</strong></span> <span class='ocrx_word' id='word_1_456' title='bbox 3276 3268 3409 3322; x_wconf 84' lang='lat' dir='ltr'><strong>dilc-</strong></span> 
     </span>
    </p>
   </div>
   <div class='ocr_carea' id='block_1_63' title="bbox 176 3352 1726 3440">
    <p class='ocr_par' dir='ltr' id='par_1_63' title="bbox 176 3352 1726 3425">
     <span class='ocr_line' id='line_1_63' title="bbox 176 3352 1726 3425; baseline -0.001 -19"><span class='ocrx_word' id='word_1_457' title='bbox 176 3353 252 3423; x_wconf 83' lang='grc' dir='ltr'><strong>ρία</strong></span> <span class='ocrx_word' id='word_1_458' title='bbox 291 3355 384 3425; x_wconf 81' lang='grc' dir='ltr'>τῆς</span> <span class='ocrx_word' id='word_1_459' title='bbox 426 3354 730 3425; x_wconf 81' lang='grc' dir='ltr'>συγγενοῦς</span> <span class='ocrx_word' id='word_1_460' title='bbox 773 3355 1024 3424; x_wconf 83' lang='grc' dir='ltr'>εὐλογίας</span> <span class='ocrx_word' id='word_1_461' title='bbox 1054 3371 1069 3387; x_wconf 77' lang='grc' dir='ltr'><strong>ο</strong></span> <span class='ocrx_word' id='word_1_462' title='bbox 1113 3355 1143 3408; x_wconf 93' lang='lat'><strong>6</strong></span> <span class='ocrx_word' id='word_1_463' title='bbox 1193 3355 1376 3425; x_wconf 78' lang='grc' dir='ltr'>πατὴρ</span> <span class='ocrx_word' id='word_1_464' title='bbox 1409 3354 1501 3406; x_wconf 79' lang='grc' dir='ltr'><strong>τοῦ</strong></span> <span class='ocrx_word' id='word_1_465' title='bbox 1545 3352 1726 3406; x_wconf 83' lang='grc' dir='ltr'>Ἰσαὰκ</span> 
     </span>
    </p>
   </div>
   <div class='ocr_carea' id='block_1_64' title="bbox 1828 3352 3410 3440">
    <p class='ocr_par' dir='ltr' id='par_1_64' title="bbox 1831 3361 3410 3440">
     <span class='ocr_line' id='line_1_64' title="bbox 1831 3361 3410 3440; baseline -0.009 -15"><span class='ocrx_word' id='word_1_466' title='bbox 1831 3379 1924 3426; x_wconf 88' lang='lat' dir='ltr'><strong>cto</strong></span> <span class='ocrx_word' id='word_1_467' title='bbox 1966 3370 2078 3424; x_wconf 86' lang='lat' dir='ltr'><strong>ﬁlio</strong></span> <span class='ocrx_word' id='word_1_468' title='bbox 2109 3385 2218 3423; x_wconf 92' lang='lat' dir='ltr'><strong>non</strong></span> <span class='ocrx_word' id='word_1_469' title='bbox 2261 3381 2494 3440; x_wconf 89' lang='lat' dir='ltr'><strong>parcens</strong></span> <span class='ocrx_word' id='word_1_470' title='bbox 2527 3381 2648 3429; x_wconf 90' lang='lat' dir='ltr'><strong>suo,</strong></span> <span class='ocrx_word' id='word_1_471' title='bbox 2679 3372 2732 3420; x_wconf 90' lang='lat' dir='ltr'><strong>et</strong></span> <span class='ocrx_word' id='word_1_472' title='bbox 2765 3362 3075 3433; x_wconf 85' lang='lat' dir='ltr'><strong>unigenitus</strong></span> <span class='ocrx_word' id='word_1_473' title='bbox 3108 3361 3332 3420; x_wconf 84' lang='lat' dir='ltr'><strong>oblatio,</strong></span> <span class='ocrx_word' id='word_1_474' title='bbox 3356 3366 3410 3413; x_wconf 90' lang='lat' dir='ltr'><strong>et</strong></span> 
     </span>
    </p>
   </div>
   <div class='ocr_carea' id='block_1_65' title="bbox 173 3443 1734 3517">
    <p class='ocr_par' dir='ltr' id='par_1_65' title="bbox 173 3443 1734 3517">
     <span class='ocr_line' id='line_1_65' title="bbox 173 3443 1734 3517; baseline 0.001 -22"><span class='ocrx_word' id='word_1_475' title='bbox 173 3443 355 3498; x_wconf 81' lang='grc' dir='ltr'>ἐκείνου</span> <span class='ocrx_word' id='word_1_476' title='bbox 379 3446 470 3500; x_wconf 77' lang='grc' dir='ltr'>τοῦ</span> <span class='ocrx_word' id='word_1_477' title='bbox 515 3445 806 3515; x_wconf 87' lang='grc' dir='ltr'>ἀγαπητοῦ</span> <span class='ocrx_word' id='word_1_478' title='bbox 847 3445 922 3517; x_wconf 81' lang='grc' dir='ltr'>μὴ</span> <span class='ocrx_word' id='word_1_479' title='bbox 951 3445 1281 3516; x_wconf 79' lang='grc' dir='ltr'>φειδόμενος,</span> <span class='ocrx_word' id='word_1_480' title='bbox 1315 3445 1408 3498; x_wconf 75' lang='grc' dir='ltr'>καὶ</span> <span class='ocrx_word' id='word_1_481' title='bbox 1445 3445 1474 3496; x_wconf 89' lang='lat'><strong>6</strong></span> <span class='ocrx_word' id='word_1_482' title='bbox 1513 3459 1734 3514; x_wconf 86' lang='grc' dir='ltr'>μονογε-</span> 
     </span>
    </p>
   </div>
   <div class='ocr_carea' id='block_1_66' title="bbox 175 3535 1731 3611">
    <p class='ocr_par' dir='ltr' id='par_1_66' title="bbox 175 3535 1731 3611">
     <span class='ocr_line' id='line_1_66' title="bbox 175 3535 1731 3611; baseline -0.002 -20"><span class='ocrx_word' id='word_1_483' title='bbox 175 3537 253 3607; x_wconf 76' lang='grc' dir='ltr'>νὴς</span> <span class='ocrx_word' id='word_1_484' title='bbox 279 3540 556 3611; x_wconf 86' lang='grc' dir='ltr'>προσφορά</span> <span class='ocrx_word' id='word_1_485' title='bbox 588 3537 680 3592; x_wconf 73' lang='grc' dir='ltr'>καὶ</span> <span class='ocrx_word' id='word_1_486' title='bbox 714 3537 872 3591; x_wconf 90' lang='grc' dir='ltr'>θυσία</span> <span class='ocrx_word' id='word_1_487' title='bbox 911 3540 1222 3606; x_wconf 89' lang='grc' dir='ltr'>γενόμενος,</span> <span class='ocrx_word' id='word_1_488' title='bbox 1276 3536 1371 3588; x_wconf 78' lang='grc' dir='ltr'>καὶ</span> <span class='ocrx_word' id='word_1_489' title='bbox 1403 3535 1573 3607; x_wconf 87' lang='grc' dir='ltr'>ἀμνὸς</span> <span class='ocrx_word' id='word_1_490' title='bbox 1609 3535 1731 3589; x_wconf 76' lang='grc' dir='ltr'>ἀντὶ</span> 
     </span>
    </p>
   </div>
   <div class='ocr_carea' id='block_1_67' title="bbox 174 3627 1730 3702">
    <p class='ocr_par' dir='ltr' id='par_1_67' title="bbox 174 3627 1730 3702">
     <span class='ocr_line' id='line_1_67' title="bbox 174 3627 1730 3702; baseline -0.001 -23"><span class='ocrx_word' id='word_1_491' title='bbox 174 3629 335 3685; x_wconf 76' lang='grc' dir='ltr'>τούτου</span> <span class='ocrx_word' id='word_1_492' title='bbox 369 3629 825 3702; x_wconf 78' lang='grc' dir='ltr'>σφαγιαζόμενος.</span> <span class='ocrx_word' id='word_1_493' title='bbox 871 3629 1088 3696; x_wconf 81' lang='grc' dir='ltr'>Ἔξεστι</span> <span class='ocrx_word' id='word_1_494' title='bbox 1127 3627 1236 3697; x_wconf 81' lang='grc' dir='ltr'>γὰρ</span> <span class='ocrx_word' id='word_1_495' title='bbox 1269 3628 1394 3681; x_wconf 75' lang='grc' dir='ltr'>ἰδεῖν</span> <span class='ocrx_word' id='word_1_496' title='bbox 1415 3627 1558 3697; x_wconf 78' lang='grc' dir='ltr'>εντῇ</span> <span class='ocrx_word' id='word_1_497' title='bbox 1587 3628 1730 3680; x_wconf 86' lang='grc' dir='ltr'>ίστο-</span> 
     </span>
    </p>
   </div>
   <div class='ocr_carea' id='block_1_68' title="bbox 178 3717 1730 3791">
    <p class='ocr_par' dir='ltr' id='par_1_68' title="bbox 178 3717 1730 3791">
     <span class='ocr_line' id='line_1_68' title="bbox 178 3717 1730 3791; baseline -0.001 -19"><span class='ocrx_word' id='word_1_498' title='bbox 178 3720 253 3790; x_wconf 69' lang='grc' dir='ltr'>ρίᾳ</span> <span class='ocrx_word' id='word_1_499' title='bbox 277 3723 376 3776; x_wconf 80' lang='grc' dir='ltr'>πᾶν</span> <span class='ocrx_word' id='word_1_500' title='bbox 411 3723 473 3776; x_wconf 88' lang='grc' dir='ltr'><strong>τὸ</strong></span> <span class='ocrx_word' id='word_1_501' title='bbox 504 3722 612 3791; x_wconf 79' lang='grc' dir='ltr'>τῆς</span> <span class='ocrx_word' id='word_1_502' title='bbox 653 3719 935 3783; x_wconf 84' lang='grc' dir='ltr'>εὐσεϐείας</span> <span class='ocrx_word' id='word_1_503' title='bbox 969 3719 1284 3790; x_wconf 85' lang='grc' dir='ltr'>μυστήριον.</span> <span class='ocrx_word' id='word_1_504' title='bbox 1327 3719 1384 3770; x_wconf 91' lang='lat'><strong>&#39;0</strong></span> <span class='ocrx_word' id='word_1_505' title='bbox 1429 3717 1600 3788; x_wconf 85' lang='grc' dir='ltr'>ἀμνὸς</span> <span class='ocrx_word' id='word_1_506' title='bbox 1635 3717 1730 3771; x_wconf 82' lang='grc' dir='ltr'><strong>τοῦ</strong></span> 
     </span>
    </p>
   </div>
   <div class='ocr_carea' id='block_1_69' title="bbox 177 3809 1732 3886">
    <p class='ocr_par' dir='ltr' id='par_1_69' title="bbox 177 3809 1732 3886">
     <span class='ocr_line' id='line_1_69' title="bbox 177 3809 1732 3886; baseline -0.001 -23"><span class='ocrx_word' id='word_1_507' title='bbox 177 3809 308 3874; x_wconf 79' lang='grc' dir='ltr'>ξύλου</span> <span class='ocrx_word' id='word_1_508' title='bbox 343 3813 661 3886; x_wconf 74' lang='grc' dir='ltr'>ἐξήρτηται,</span> <span class='ocrx_word' id='word_1_509' title='bbox 695 3814 760 3866; x_wconf 80' lang='grc' dir='ltr'>ὲκ</span> <span class='ocrx_word' id='word_1_510' title='bbox 781 3812 892 3867; x_wconf 90' lang='grc' dir='ltr'><strong>τῶν</strong></span> <span class='ocrx_word' id='word_1_511' title='bbox 919 3812 1163 3883; x_wconf 80' lang='grc' dir='ltr'>κεράτων</span> <span class='ocrx_word' id='word_1_512' title='bbox 1187 3809 1548 3881; x_wconf 88' lang='grc' dir='ltr'>κατεχόμενος</span> <span class='ocrx_word' id='word_1_513' title='bbox 1571 3824 1585 3840; x_wconf 74' lang='grc'><strong>⁸</strong></span> <span class='ocrx_word' id='word_1_514' title='bbox 1616 3812 1644 3862; x_wconf 88' lang='grc' dir='ltr'>ὁ</span> <span class='ocrx_word' id='word_1_515' title='bbox 1675 3810 1732 3863; x_wconf 86' lang='grc' dir='ltr'>δὲ</span> 
     </span>
    </p>
   </div>
   <div class='ocr_carea' id='block_1_70' title="bbox 179 3901 1732 3978">
    <p class='ocr_par' dir='ltr' id='par_1_70' title="bbox 179 3901 1732 3978">
     <span class='ocr_line' id='line_1_70' title="bbox 179 3901 1732 3978; baseline 0.001 -24"><span class='ocrx_word' id='word_1_516' title='bbox 179 3905 440 3976; x_wconf 82' lang='grc' dir='ltr'>μονογενὴς</span> <span class='ocrx_word' id='word_1_517' title='bbox 461 3905 724 3978; x_wconf 71' lang='grc' dir='ltr'>βαστάζει</span> <span class='ocrx_word' id='word_1_518' title='bbox 757 3903 843 3972; x_wconf 76' lang='grc' dir='ltr'><strong>ἐφ’</strong></span> <span class='ocrx_word' id='word_1_519' title='bbox 870 3902 1064 3956; x_wconf 80' lang='grc' dir='ltr'>ἑαυτοῦ</span> <span class='ocrx_word' id='word_1_520' title='bbox 1086 3902 1153 3956; x_wconf 71' lang='grc' dir='ltr'><strong>τά</strong></span> <span class='ocrx_word' id='word_1_521' title='bbox 1180 3903 1278 3972; x_wconf 83' lang='grc' dir='ltr'><strong>τῆς</strong></span> <span class='ocrx_word' id='word_1_522' title='bbox 1305 3901 1732 3972; x_wconf 77' lang='grc' dir='ltr'>ὁλοκαρπὼσεως</span> 
     </span>
    </p>
   </div>
   <div class='ocr_carea' id='block_1_71' title="bbox 176 3993 1728 4070">
    <p class='ocr_par' dir='ltr' id='par_1_71' title="bbox 176 3993 1728 4070">
     <span class='ocr_line' id='line_1_71' title="bbox 176 3993 1728 4070; baseline 0.003 -25"><span class='ocrx_word' id='word_1_523' title='bbox 176 3993 306 4058; x_wconf 79' lang='grc' dir='ltr'>ξύλα.</span> <span class='ocrx_word' id='word_1_524' title='bbox 353 3998 550 4070; x_wconf 78' lang='grc' dir='ltr'>Ὁρᾷς,</span> <span class='ocrx_word' id='word_1_525' title='bbox 585 3998 614 4050; x_wconf 88' lang='grc' dir='ltr'><strong>ό</strong></span> <span class='ocrx_word' id='word_1_526' title='bbox 643 3996 820 4050; x_wconf 88' lang='grc' dir='ltr'>πάντα</span> <span class='ocrx_word' id='word_1_527' title='bbox 862 3995 1042 4066; x_wconf 78' lang='grc' dir='ltr'>φέρων</span> <span class='ocrx_word' id='word_1_528' title='bbox 1075 3993 1153 4065; x_wconf 83' lang='grc' dir='ltr'><strong>τῷ</strong></span> <span class='ocrx_word' id='word_1_529' title='bbox 1187 3995 1392 4066; x_wconf 78' lang='grc' dir='ltr'>ῥήματι</span> <span class='ocrx_word' id='word_1_530' title='bbox 1438 3997 1536 4066; x_wconf 84' lang='grc' dir='ltr'>τῆς</span> <span class='ocrx_word' id='word_1_531' title='bbox 1570 3994 1728 4049; x_wconf 84' lang='grc' dir='ltr'>δυνά·</span> 
     </span>
    </p>
   </div>
   <div class='ocr_carea' id='block_1_72' title="bbox 179 4086 1732 4158">
    <p class='ocr_par' dir='ltr' id='par_1_72' title="bbox 179 4086 1732 4158">
     <span class='ocr_line' id='line_1_72' title="bbox 179 4086 1732 4158; baseline -0.001 -17"><span class='ocrx_word' id='word_1_532' title='bbox 179 4103 320 4153; x_wconf 81' lang='grc' dir='ltr'>μεως,</span> <span class='ocrx_word' id='word_1_533' title='bbox 367 4089 395 4141; x_wconf 88' lang='lat'><strong>6</strong></span> <span class='ocrx_word' id='word_1_534' title='bbox 441 4089 609 4151; x_wconf 85' lang='grc' dir='ltr'>αὐτὸς</span> <span class='ocrx_word' id='word_1_535' title='bbox 639 4087 734 4141; x_wconf 71' lang='grc' dir='ltr'><strong>καὶ</strong></span> <span class='ocrx_word' id='word_1_536' title='bbox 780 4087 841 4141; x_wconf 87' lang='grc' dir='ltr'><strong>τὸ</strong></span> <span class='ocrx_word' id='word_1_537' title='bbox 871 4086 1088 4158; x_wconf 83' lang='grc' dir='ltr'>φορτίον</span> <span class='ocrx_word' id='word_1_538' title='bbox 1126 4086 1283 4158; x_wconf 80' lang='grc' dir='ltr'>φέρει</span> <span class='ocrx_word' id='word_1_539' title='bbox 1309 4086 1420 4138; x_wconf 90' lang='grc' dir='ltr'><strong>τῶν</strong></span> <span class='ocrx_word' id='word_1_540' title='bbox 1449 4086 1732 4156; x_wconf 83' lang='grc' dir='ltr'>ἡμετέρων</span> 
     </span>
    </p>
   </div>
   <div class='ocr_carea' id='block_1_73' title="bbox 178 4177 1731 4250">
    <p class='ocr_par' dir='ltr' id='par_1_73' title="bbox 178 4177 1731 4250">
     <span class='ocr_line' id='line_1_73' title="bbox 178 4177 1731 4250; baseline 0.001 -19"><span class='ocrx_word' id='word_1_541' title='bbox 178 4177 344 4245; x_wconf 78' lang='grc' dir='ltr'>ξύλων,</span> <span class='ocrx_word' id='word_1_542' title='bbox 381 4182 475 4236; x_wconf 75' lang='grc' dir='ltr'>καὶ</span> <span class='ocrx_word' id='word_1_543' title='bbox 502 4180 612 4236; x_wconf 85' lang='grc' dir='ltr'><strong>ὐπὸ</strong></span> <span class='ocrx_word' id='word_1_544' title='bbox 643 4178 735 4234; x_wconf 78' lang='grc' dir='ltr'>τοῦ</span> <span class='ocrx_word' id='word_1_545' title='bbox 765 4178 923 4247; x_wconf 81' lang='grc' dir='ltr'>ξύλου</span> <span class='ocrx_word' id='word_1_546' title='bbox 947 4179 1408 4250; x_wconf 75' lang='grc' dir='ltr'>ἀναλαμϐάνεται,</span> <span class='ocrx_word' id='word_1_547' title='bbox 1446 4179 1731 4248; x_wconf 79' lang='grc' dir='ltr'>βαστάζων</span> 
     </span>
    </p>
   </div>
   <div class='ocr_carea' id='block_1_74' title="bbox 176 4266 1731 4342">
    <p class='ocr_par' dir='ltr' id='par_1_74' title="bbox 176 4266 1731 4342">
     <span class='ocr_line' id='line_1_74' title="bbox 176 4266 1731 4342; baseline -0.001 -22"><span class='ocrx_word' id='word_1_548' title='bbox 176 4268 239 4332; x_wconf 86' lang='grc' dir='ltr'>ὡς</span> <span class='ocrx_word' id='word_1_549' title='bbox 266 4271 387 4336; x_wconf 84' lang='grc' dir='ltr'>Θεὸς</span> <span class='ocrx_word' id='word_1_550' title='bbox 411 4310 429 4337; x_wconf 92' lang='grc'><strong>,</strong></span> <span class='ocrx_word' id='word_1_551' title='bbox 458 4275 555 4326; x_wconf 79' lang='grc' dir='ltr'>καὶ</span> <span class='ocrx_word' id='word_1_552' title='bbox 596 4271 766 4342; x_wconf 84' lang='grc' dir='ltr'>ἀμνὸς</span> <span class='ocrx_word' id='word_1_553' title='bbox 795 4269 1224 4340; x_wconf 82' lang='grc' dir='ltr'>βασταζόμενος·</span> <span class='ocrx_word' id='word_1_554' title='bbox 1259 4268 1402 4321; x_wconf 73' lang='grc' dir='ltr'>οὕτω</span> <span class='ocrx_word' id='word_1_555' title='bbox 1429 4266 1523 4321; x_wconf 82' lang='grc' dir='ltr'>τοῦ</span> <span class='ocrx_word' id='word_1_556' title='bbox 1577 4268 1731 4334; x_wconf 83' lang='grc' dir='ltr'>ἁγίου</span> 
     </span>
    </p>
   </div>
   <div class='ocr_carea' id='block_1_75' title="bbox 179 4358 1733 4433">
    <p class='ocr_par' dir='ltr' id='par_1_75' title="bbox 179 4358 1733 4433">
     <span class='ocr_line' id='line_1_75' title="bbox 179 4358 1733 4433; baseline 0 -23"><span class='ocrx_word' id='word_1_557' title='bbox 179 4359 464 4433; x_wconf 87' lang='grc' dir='ltr'>Πνεύματος</span> <span class='ocrx_word' id='word_1_558' title='bbox 493 4363 558 4418; x_wconf 82' lang='grc' dir='ltr'><strong>τὸ</strong></span> <span class='ocrx_word' id='word_1_559' title='bbox 605 4362 750 4432; x_wconf 84' lang='grc' dir='ltr'>μέγα</span> <span class='ocrx_word' id='word_1_560' title='bbox 782 4361 1083 4431; x_wconf 88' lang='grc' dir='ltr'>μυστήριον</span> <span class='ocrx_word' id='word_1_561' title='bbox 1122 4358 1371 4422; x_wconf 83' lang='grc' dir='ltr'>τυπικῶς</span> <span class='ocrx_word' id='word_1_562' title='bbox 1405 4358 1733 4429; x_wconf 82' lang='grc' dir='ltr'>ἀμφοτέροις</span> 
     </span>
    </p>
   </div>
   <div class='ocr_carea' id='block_1_76' title="bbox 177 4447 1734 4523">
    <p class='ocr_par' dir='ltr' id='par_1_76' title="bbox 177 4447 1734 4523">
     <span class='ocr_line' id='line_1_76' title="bbox 177 4447 1734 4523; baseline -0.001 -21"><span class='ocrx_word' id='word_1_563' title='bbox 177 4448 590 4523; x_wconf 81' lang='grc' dir='ltr'>ὲπιμερίσαντος,</span> <span class='ocrx_word' id='word_1_564' title='bbox 620 4452 700 4522; x_wconf 78' lang='grc' dir='ltr'>τῷ</span> <span class='ocrx_word' id='word_1_565' title='bbox 734 4469 794 4504; x_wconf 86' lang='grc' dir='ltr'><strong>τε</strong></span> <span class='ocrx_word' id='word_1_566' title='bbox 829 4450 1169 4522; x_wconf 76' lang='grc' dir='ltr'>ἠγαπημένῳ</span> <span class='ocrx_word' id='word_1_567' title='bbox 1195 4450 1332 4520; x_wconf 85' lang='grc' dir='ltr'>Υίῷ,</span> <span class='ocrx_word' id='word_1_568' title='bbox 1363 4449 1458 4502; x_wconf 78' lang='grc' dir='ltr'>καὶ</span> <span class='ocrx_word' id='word_1_569' title='bbox 1486 4447 1563 4520; x_wconf 79' lang='grc' dir='ltr'>τῷ</span> <span class='ocrx_word' id='word_1_570' title='bbox 1595 4465 1734 4518; x_wconf 82' lang='grc' dir='ltr'>συμ-</span> 
     </span>
    </p>
   </div>
   <div class='ocr_carea' id='block_1_77' title="bbox 180 4539 1732 4616">
    <p class='ocr_par' dir='ltr' id='par_1_77' title="bbox 180 4539 1732 4616">
     <span class='ocr_line' id='line_1_77' title="bbox 180 4539 1732 4616; baseline -0.002 -20"><span class='ocrx_word' id='word_1_571' title='bbox 180 4545 567 4616; x_wconf 77' lang='grc' dir='ltr'>παραδειχθέντι</span> <span class='ocrx_word' id='word_1_572' title='bbox 600 4545 857 4616; x_wconf 75' lang='grc' dir='ltr'>προϐάτῳ</span> <span class='ocrx_word' id='word_1_573' title='bbox 882 4559 900 4576; x_wconf 85' lang='grc'><strong>⁸</strong></span> <span class='ocrx_word' id='word_1_574' title='bbox 921 4543 1061 4600; x_wconf 85' lang='grc' dir='ltr'>ὥστε</span> <span class='ocrx_word' id='word_1_575' title='bbox 1107 4543 1384 4615; x_wconf 83' lang='grc' dir='ltr'>δειχθῆναι</span> <span class='ocrx_word' id='word_1_576' title='bbox 1428 4543 1487 4594; x_wconf 81' lang='grc' dir='ltr'>ὲν</span> <span class='ocrx_word' id='word_1_577' title='bbox 1528 4540 1626 4611; x_wconf 82' lang='grc' dir='ltr'>μὲν</span> <span class='ocrx_word' id='word_1_578' title='bbox 1654 4539 1732 4612; x_wconf 84' lang='grc' dir='ltr'>τῷ</span> 
     </span>
    </p>
   </div>
   <div class='ocr_carea' id='block_1_78' title="bbox 179 4633 1730 4709">
    <p class='ocr_par' dir='ltr' id='par_1_78' title="bbox 179 4633 1730 4709">
     <span class='ocr_line' id='line_1_78' title="bbox 179 4633 1730 4709; baseline -0.001 -21"><span class='ocrx_word' id='word_1_579' title='bbox 179 4636 408 4709; x_wconf 78' lang='grc' dir='ltr'>προϐάτῳ</span> <span class='ocrx_word' id='word_1_580' title='bbox 441 4639 504 4693; x_wconf 88' lang='grc' dir='ltr'><strong>τὸ</strong></span> <span class='ocrx_word' id='word_1_581' title='bbox 543 4636 640 4690; x_wconf 83' lang='grc' dir='ltr'>τοῦ</span> <span class='ocrx_word' id='word_1_582' title='bbox 683 4636 912 4691; x_wconf 82' lang='grc' dir='ltr'>θανάτου</span> <span class='ocrx_word' id='word_1_583' title='bbox 963 4637 1282 4708; x_wconf 86' lang='grc' dir='ltr'>μυστήριον,</span> <span class='ocrx_word' id='word_1_584' title='bbox 1326 4637 1383 4687; x_wconf 81' lang='grc' dir='ltr'>ὲν</span> <span class='ocrx_word' id='word_1_585' title='bbox 1425 4633 1482 4687; x_wconf 85' lang='grc' dir='ltr'>δὲ</span> <span class='ocrx_word' id='word_1_586' title='bbox 1523 4633 1600 4704; x_wconf 82' lang='grc' dir='ltr'>τῷ</span> <span class='ocrx_word' id='word_1_587' title='bbox 1637 4649 1730 4704; x_wconf 85' lang='grc' dir='ltr'><strong>μο-</strong></span> 
     </span>
    </p>
   </div>
   <div class='ocr_carea' id='block_1_79' title="bbox 185 4723 1724 4802">
    <p class='ocr_par' dir='ltr' id='par_1_79' title="bbox 185 4723 1724 4802">
     <span class='ocr_line' id='line_1_79' title="bbox 185 4723 1724 4802; baseline 0 -24"><span class='ocrx_word' id='word_1_588' title='bbox 185 4731 358 4793; x_wconf 67' lang='grc' dir='ltr'>θογενεῖ</span> <span class='ocrx_word' id='word_1_589' title='bbox 385 4730 482 4802; x_wconf 80' lang='grc' dir='ltr'>τὴν</span> <span class='ocrx_word' id='word_1_590' title='bbox 509 4729 678 4800; x_wconf 75' lang='grc' dir='ltr'>ζωὴν,</span> <span class='ocrx_word' id='word_1_591' title='bbox 704 4729 803 4799; x_wconf 86' lang='grc' dir='ltr'>τὴν</span> <span class='ocrx_word' id='word_1_592' title='bbox 835 4727 909 4798; x_wconf 80' lang='grc' dir='ltr'>μὴ</span> <span class='ocrx_word' id='word_1_593' title='bbox 927 4726 1357 4796; x_wconf 84' lang='grc' dir='ltr'>διακοπτομένην</span> <span class='ocrx_word' id='word_1_594' title='bbox 1380 4724 1460 4796; x_wconf 84' lang='grc' dir='ltr'><strong>τῷ</strong></span> <span class='ocrx_word' id='word_1_595' title='bbox 1491 4723 1724 4796; x_wconf 86' lang='grc' dir='ltr'>θανάτῳ.</span> 
     </span>
    </p>
   </div>
   <div class='ocr_carea' id='block_1_80' title="bbox 178 4814 1728 4892">
    <p class='ocr_par' dir='ltr' id='par_1_80' title="bbox 178 4814 1728 4892">
     <span class='ocr_line' id='line_1_80' title="bbox 178 4814 1728 4892; baseline -0.003 -19"><span class='ocrx_word' id='word_1_596' title='bbox 178 4815 230 4870; x_wconf 82' lang='lat' dir='ltr'><strong>El</strong></span> <span class='ocrx_word' id='word_1_597' title='bbox 261 4820 312 4873; x_wconf 83' lang='grc' dir='ltr'>δὲ</span> <span class='ocrx_word' id='word_1_598' title='bbox 331 4821 506 4892; x_wconf 85' lang='grc' dir='ltr'>βούλει</span> <span class='ocrx_word' id='word_1_599' title='bbox 552 4821 646 4875; x_wconf 73' lang='grc' dir='ltr'>καὶ</span> <span class='ocrx_word' id='word_1_600' title='bbox 691 4819 852 4875; x_wconf 88' lang='grc' dir='ltr'>αὐτὸν</span> <span class='ocrx_word' id='word_1_601' title='bbox 883 4819 975 4872; x_wconf 90' lang='grc' dir='ltr'><strong>τὸν</strong></span> <span class='ocrx_word' id='word_1_602' title='bbox 1019 4818 1258 4874; x_wconf 84' lang='grc' dir='ltr'>Μωῡσέα</span> <span class='ocrx_word' id='word_1_603' title='bbox 1287 4817 1491 4880; x_wconf 80' lang='grc' dir='ltr'>λαόεϊν,</span> <span class='ocrx_word' id='word_1_604' title='bbox 1521 4819 1587 4886; x_wconf 82' lang='grc' dir='ltr'>τῇ</span> <span class='ocrx_word' id='word_1_605' title='bbox 1620 4814 1728 4868; x_wconf 92' lang='grc' dir='ltr'><strong>τῶν</strong></span> 
     </span>
    </p>
   </div>
   <div class='ocr_carea' id='block_1_81' title="bbox 179 4905 1729 4980">
    <p class='ocr_par' dir='ltr' id='par_1_81' title="bbox 179 4905 1729 4980">
     <span class='ocr_line' id='line_1_81' title="bbox 179 4905 1729 4980; baseline -0.006 -14"><span class='ocrx_word' id='word_1_606' title='bbox 179 4912 352 4980; x_wconf 82' lang='grc' dir='ltr'>χειρῶν</span> <span class='ocrx_word' id='word_1_607' title='bbox 396 4913 616 4966; x_wconf 76' lang='grc' dir='ltr'>ἐκτάσει</span> <span class='ocrx_word' id='word_1_608' title='bbox 661 4911 752 4965; x_wconf 88' lang='grc' dir='ltr'><strong>τὸν</strong></span> <span class='ocrx_word' id='word_1_609' title='bbox 801 4910 1032 4980; x_wconf 84' lang='grc' dir='ltr'>σταυρὸν</span> <span class='ocrx_word' id='word_1_610' title='bbox 1078 4908 1467 4979; x_wconf 87' lang='grc' dir='ltr'>διαγράφοντα,</span> <span class='ocrx_word' id='word_1_611' title='bbox 1515 4908 1610 4960; x_wconf 74' lang='grc' dir='ltr'>καὶ</span> <span class='ocrx_word' id='word_1_612' title='bbox 1652 4905 1729 4969; x_wconf 86' lang='grc' dir='ltr'>ὼς</span> 
     </span>
    </p>
   </div>
   <div class='ocr_carea' id='block_1_82' title="bbox 177 4999 1727 5074">
    <p class='ocr_par' dir='ltr' id='par_1_82' title="bbox 177 4999 1727 5074">
     <span class='ocr_line' id='line_1_82' title="bbox 177 4999 1727 5074; baseline -0.001 -23"><span class='ocrx_word' id='word_1_613' title='bbox 177 5001 242 5069; x_wconf 87' lang='grc' dir='ltr'>τῷ</span> <span class='ocrx_word' id='word_1_614' title='bbox 276 5005 507 5074; x_wconf 84' lang='grc' dir='ltr'>σχήματι</span> <span class='ocrx_word' id='word_1_615' title='bbox 553 5002 726 5073; x_wconf 83' lang='grc' dir='ltr'>τούτῳ</span> <span class='ocrx_word' id='word_1_616' title='bbox 769 5000 861 5054; x_wconf 88' lang='grc' dir='ltr'><strong>τὸν</strong></span> <span class='ocrx_word' id='word_1_617' title='bbox 916 4999 1162 5069; x_wconf 77' lang='grc' dir='ltr'>’Ᾱμαλὴχ</span> <span class='ocrx_word' id='word_1_618' title='bbox 1195 4999 1727 5069; x_wconf 86' lang='grc' dir='ltr'>καταστρεφόμενον,</span> 
     </span>
    </p>
   </div>
   <div class='ocr_carea' id='block_1_83' title="bbox 178 5087 1729 5165">
    <p class='ocr_par' dir='ltr' id='par_1_83' title="bbox 178 5087 1729 5165">
     <span class='ocr_line' id='line_1_83' title="bbox 178 5087 1729 5165; baseline -0.004 -20"><span class='ocrx_word' id='word_1_619' title='bbox 178 5089 330 5155; x_wconf 71' lang='grc' dir='ltr'>ἔξεστί</span> <span class='ocrx_word' id='word_1_620' title='bbox 354 5112 436 5148; x_wconf 90' lang='grc' dir='ltr'>σοι</span> <span class='ocrx_word' id='word_1_621' title='bbox 467 5095 681 5165; x_wconf 83' lang='grc' dir='ltr'>βλέπειν</span> <span class='ocrx_word' id='word_1_622' title='bbox 718 5095 777 5148; x_wconf 79' lang='grc' dir='ltr'>ἐν</span> <span class='ocrx_word' id='word_1_623' title='bbox 811 5095 877 5164; x_wconf 79' lang='grc' dir='ltr'>τῇ</span> <span class='ocrx_word' id='word_1_624' title='bbox 917 5091 1142 5162; x_wconf 79' lang='grc' dir='ltr'>ἀληθείᾳ</span> <span class='ocrx_word' id='word_1_625' title='bbox 1177 5091 1265 5144; x_wconf 85' lang='grc' dir='ltr'><strong>τὸν</strong></span> <span class='ocrx_word' id='word_1_626' title='bbox 1308 5090 1496 5150; x_wconf 85' lang='grc' dir='ltr'>τύπον,</span> <span class='ocrx_word' id='word_1_627' title='bbox 1531 5089 1627 5144; x_wconf 78' lang='grc' dir='ltr'>καὶ</span> <span class='ocrx_word' id='word_1_628' title='bbox 1649 5087 1729 5159; x_wconf 85' lang='grc' dir='ltr'>τῷ</span> 
     </span>
    </p>
   </div>
   <div class='ocr_carea' id='block_1_84' title="bbox 180 5181 1728 5258">
    <p class='ocr_par' dir='ltr' id='par_1_84' title="bbox 180 5181 1728 5258">
     <span class='ocr_line' id='line_1_84' title="bbox 180 5181 1728 5258; baseline -0.001 -23"><span class='ocrx_word' id='word_1_629' title='bbox 180 5185 374 5256; x_wconf 77' lang='grc' dir='ltr'>σταυρῷ</span> <span class='ocrx_word' id='word_1_630' title='bbox 416 5187 510 5240; x_wconf 87' lang='grc' dir='ltr'><strong>τὸν</strong></span> <span class='ocrx_word' id='word_1_631' title='bbox 566 5187 810 5258; x_wconf 82' lang='grc' dir='ltr'>’Δμαλὴχ</span> <span class='ocrx_word' id='word_1_632' title='bbox 853 5184 1248 5238; x_wconf 82' lang='grc' dir='ltr'>ὑποπίπτοντα.</span> <span class='ocrx_word' id='word_1_633' title='bbox 1299 5183 1484 5251; x_wconf 87' lang='grc' dir='ltr'>Ἔχεις</span> <span class='ocrx_word' id='word_1_634' title='bbox 1515 5181 1728 5234; x_wconf 77' lang='grc' dir='ltr'>καὶτὸν</span> 
     </span>
    </p>
   </div>
   <div class='ocr_carea' id='block_1_85' title="bbox 188 5270 1729 5348">
    <p class='ocr_par' dir='ltr' id='par_1_85' title="bbox 188 5270 1729 5348">
     <span class='ocr_line' id='line_1_85' title="bbox 188 5270 1729 5348; baseline -0.001 -23"><span class='ocrx_word' id='word_1_635' title='bbox 188 5270 414 5342; x_wconf 78' lang='grc' dir='ltr'>Ἡσαΐαν,</span> <span class='ocrx_word' id='word_1_636' title='bbox 445 5277 506 5330; x_wconf 90' lang='grc' dir='ltr'>οὐ</span> <span class='ocrx_word' id='word_1_637' title='bbox 546 5279 715 5348; x_wconf 89' lang='grc' dir='ltr'>μικρά</span> <span class='ocrx_word' id='word_1_638' title='bbox 755 5294 836 5331; x_wconf 92' lang='grc' dir='ltr'>σοι</span> <span class='ocrx_word' id='word_1_639' title='bbox 877 5276 1012 5346; x_wconf 86' lang='grc' dir='ltr'>πρὸς</span> <span class='ocrx_word' id='word_1_640' title='bbox 1055 5274 1153 5344; x_wconf 84' lang='grc' dir='ltr'>τὴν</span> <span class='ocrx_word' id='word_1_641' title='bbox 1201 5272 1481 5343; x_wconf 82' lang='grc' dir='ltr'>παροῦσαν</span> <span class='ocrx_word' id='word_1_642' title='bbox 1521 5287 1729 5324; x_wconf 89' lang='grc' dir='ltr'>συνεισ-</span> 
     </span>
    </p>
   </div>
   <div class='ocr_carea' id='block_1_86' title="bbox 180 5362 1729 5440">
    <p class='ocr_par' dir='ltr' id='par_1_86' title="bbox 180 5362 1729 5440">
     <span class='ocr_line' id='line_1_86' title="bbox 180 5362 1729 5440; baseline -0.001 -23"><span class='ocrx_word' id='word_1_643' title='bbox 180 5365 392 5436; x_wconf 71' lang='grc' dir='ltr'>φέροντα</span> <span class='ocrx_word' id='word_1_644' title='bbox 438 5370 620 5440; x_wconf 86' lang='grc' dir='ltr'>χάριν.</span> <span class='ocrx_word' id='word_1_645' title='bbox 677 5371 814 5440; x_wconf 76' lang='grc' dir='ltr'>Παρ⁹</span> <span class='ocrx_word' id='word_1_646' title='bbox 859 5365 1023 5420; x_wconf 81' lang='grc' dir='ltr'>αὐτοῦ</span> <span class='ocrx_word' id='word_1_647' title='bbox 1057 5367 1164 5435; x_wconf 83' lang='grc' dir='ltr'><strong>γὰρ</strong></span> <span class='ocrx_word' id='word_1_648' title='bbox 1197 5363 1584 5436; x_wconf 89' lang='grc' dir='ltr'>προεδιδάχθης</span> <span class='ocrx_word' id='word_1_649' title='bbox 1629 5362 1729 5434; x_wconf 77' lang='grc' dir='ltr'>τὴν</span> 
     </span>
    </p>
   </div>
   <div class='ocr_carea' id='block_1_87' title="bbox 180 5449 1730 5531">
    <p class='ocr_par' dir='ltr' id='par_1_87' title="bbox 180 5449 1730 5531">
     <span class='ocr_line' id='line_1_87' title="bbox 180 5449 1730 5531; baseline -0.003 -24"><span class='ocrx_word' id='word_1_650' title='bbox 180 5453 499 5528; x_wconf 82' lang='grc' dir='ltr'>ἀνύμφευτον</span> <span class='ocrx_word' id='word_1_651' title='bbox 531 5459 758 5531; x_wconf 79' lang='grc' dir='ltr'>μητέρα,</span> <span class='ocrx_word' id='word_1_652' title='bbox 787 5456 885 5528; x_wconf 79' lang='grc' dir='ltr'><strong>τὴν</strong></span> <span class='ocrx_word' id='word_1_653' title='bbox 910 5455 1157 5525; x_wconf 86' lang='grc' dir='ltr'>ἀπάτορα</span> <span class='ocrx_word' id='word_1_654' title='bbox 1190 5454 1388 5524; x_wconf 89' lang='grc' dir='ltr'>σάρκα,</span> <span class='ocrx_word' id='word_1_655' title='bbox 1409 5452 1508 5522; x_wconf 81' lang='grc' dir='ltr'>τὴν</span> <span class='ocrx_word' id='word_1_656' title='bbox 1534 5449 1730 5505; x_wconf 86' lang='grc' dir='ltr'>ἀνώδυ-</span> 
     </span>
    </p>
   </div>
   <div class='ocr_carea' id='block_1_88' title="bbox 181 5539 1728 5617">
    <p class='ocr_par' dir='ltr' id='par_1_88' title="bbox 181 5539 1728 5617">
     <span class='ocr_line' id='line_1_88' title="bbox 181 5539 1728 5617; baseline -0.005 -19"><span class='ocrx_word' id='word_1_657' title='bbox 181 5560 258 5598; x_wconf 83' lang='grc' dir='ltr'><strong>νον</strong></span> <span class='ocrx_word' id='word_1_658' title='bbox 302 5545 480 5611; x_wconf 85' lang='grc' dir='ltr'>ὠδῖνα,</span> <span class='ocrx_word' id='word_1_659' title='bbox 531 5548 622 5602; x_wconf 81' lang='grc' dir='ltr'><strong>τὸν</strong></span> <span class='ocrx_word' id='word_1_660' title='bbox 673 5547 970 5617; x_wconf 87' lang='grc' dir='ltr'>ἀμόλυντον</span> <span class='ocrx_word' id='word_1_661' title='bbox 1019 5544 1178 5597; x_wconf 88' lang='grc' dir='ltr'>τόκον</span> <span class='ocrx_word' id='word_1_662' title='bbox 1198 5559 1211 5572; x_wconf 84' lang='lat'><strong><em>°</em></strong></span> <span class='ocrx_word' id='word_1_663' title='bbox 1261 5541 1434 5605; x_wconf 78' lang='grc' dir='ltr'>οὕτως</span> <span class='ocrx_word' id='word_1_664' title='bbox 1483 5539 1728 5604; x_wconf 73' lang='grc' dir='ltr'>εἰπόντος</span> 
     </span>
    </p>
   </div>
   <div class='ocr_carea' id='block_1_89' title="bbox 182 5630 1730 5710">
    <p class='ocr_par' dir='ltr' id='par_1_89' title="bbox 182 5630 1730 5710">
     <span class='ocr_line' id='line_1_89' title="bbox 182 5630 1730 5710; baseline 0.001 -26"><span class='ocrx_word' id='word_1_665' title='bbox 182 5633 267 5687; x_wconf 77' lang='grc' dir='ltr'>τοῦ</span> <span class='ocrx_word' id='word_1_666' title='bbox 293 5637 570 5710; x_wconf 79' lang='grc' dir='ltr'>Προφήτου</span> <span class='ocrx_word' id='word_1_667' title='bbox 588 5653 612 5671; x_wconf 54' lang='grc' dir='ltr'>’ν</span> <span class='ocrx_word' id='word_1_668' title='bbox 653 5639 794 5694; x_wconf 81' lang='grc' dir='ltr'><strong>Ἰδοὺ</strong></span> <span class='ocrx_word' id='word_1_669' title='bbox 817 5638 855 5705; x_wconf 77' lang='grc' dir='ltr'><em>ἠ</em></span> <span class='ocrx_word' id='word_1_670' title='bbox 891 5635 1184 5704; x_wconf 77' lang='grc' dir='ltr'>παρθένος</span> <span class='ocrx_word' id='word_1_671' title='bbox 1201 5635 1271 5688; x_wconf 84' lang='grc' dir='ltr'><strong>ἐν</strong></span> <span class='ocrx_word' id='word_1_672' title='bbox 1304 5632 1514 5703; x_wconf 76' lang='grc' dir='ltr'>γαστρί</span> <span class='ocrx_word' id='word_1_673' title='bbox 1539 5630 1730 5700; x_wconf 71' lang='grc' dir='ltr'><strong>λήψε-</strong></span> 
     </span>
    </p>
   </div>
   <div class='ocr_carea' id='block_1_90' title="bbox 185 5724 1729 5795">
    <p class='ocr_par' dir='ltr' id='par_1_90' title="bbox 185 5724 1729 5795">
     <span class='ocr_line' id='line_1_90' title="bbox 185 5724 1729 5795; baseline -0.004 -11"><span class='ocrx_word' id='word_1_674' title='bbox 185 5729 380 5790; x_wconf 71' lang='grc' dir='ltr'>ται.καὶ</span> <span class='ocrx_word' id='word_1_675' title='bbox 396 5730 622 5795; x_wconf 81' lang='grc' dir='ltr'>τέξεται</span> <span class='ocrx_word' id='word_1_676' title='bbox 633 5733 784 5786; x_wconf 74' lang='grc' dir='ltr'>υἱόν·</span> <span class='ocrx_word' id='word_1_677' title='bbox 798 5728 895 5783; x_wconf 78' lang='grc' dir='ltr'>καὶ</span> <span class='ocrx_word' id='word_1_678' title='bbox 913 5727 1242 5782; x_wconf 77' lang='grc' dir='ltr'>καλέσουσι</span> <span class='ocrx_word' id='word_1_679' title='bbox 1262 5727 1326 5781; x_wconf 88' lang='grc' dir='ltr'>τὸ</span> <span class='ocrx_word' id='word_1_680' title='bbox 1344 5727 1529 5785; x_wconf 74' lang='grc' dir='ltr'>ὄνομα</span> <span class='ocrx_word' id='word_1_681' title='bbox 1542 5724 1729 5780; x_wconf 83' lang='grc' dir='ltr'>αὐτοῦ</span> 
     </span>
    </p>
   </div>
   <div class='ocr_carea' id='block_1_91' title="bbox 249 5904 1108 5977">
    <p class='ocr_par' dir='ltr' id='par_1_91' title="bbox 249 5904 1108 5977">
     <span class='ocr_line' id='line_1_91' title="bbox 249 5904 1108 5977; baseline 0.008 -17"><span class='ocrx_word' id='word_1_682' title='bbox 249 5904 413 5963; x_wconf 78' lang='lat' dir='ltr'><strong>‘Gen.</strong></span> <span class='ocrx_word' id='word_1_683' title='bbox 460 5912 681 5977; x_wconf 60' lang='lat' dir='ltr'><strong>xxvql.</strong></span> <span class='ocrx_word' id='word_1_684' title='bbox 755 5911 776 5940; x_wconf 84' lang='lat'><strong>’</strong></span> <span class='ocrx_word' id='word_1_685' title='bbox 812 5909 916 5964; x_wconf 88' lang='lat' dir='ltr'><strong>lsa.</strong></span> <span class='ocrx_word' id='word_1_686' title='bbox 957 5909 1108 5976; x_wconf 64' lang='lat'><strong>“,2.</strong></span> 
     </span>
    </p>
   </div>
   <div class='ocr_carea' id='block_1_92' title="bbox 1255 5903 1818 5975">
    <p class='ocr_par' dir='ltr' id='par_1_92' title="bbox 1255 5903 1818 5975">
     <span class='ocr_line' id='line_1_92' title="bbox 1255 5903 1818 5975; baseline -0.007 -13"><span class='ocrx_word' id='word_1_687' title='bbox 1255 5907 1274 5938; x_wconf 84' lang='grc'>³</span> <span class='ocrx_word' id='word_1_688' title='bbox 1299 5905 1434 5961; x_wconf 88' lang='lat' dir='ltr'><strong>Gen.</strong></span> <span class='ocrx_word' id='word_1_689' title='bbox 1466 5919 1604 5968; x_wconf 70' lang='grc' dir='ltr'>χχιι,</span> <span class='ocrx_word' id='word_1_690' title='bbox 1637 5903 1661 5956; x_wconf 86' lang='lat' dir='ltr'><strong>l</strong></span> <span class='ocrx_word' id='word_1_691' title='bbox 1697 5919 1818 5975; x_wconf 84' lang='lat' dir='ltr'><strong>sqq.</strong></span> 
     </span>
    </p>
   </div>
   <div class='ocr_carea' id='block_1_93' title="bbox 1829 3449 3408 3528">
    <p class='ocr_par' dir='ltr' id='par_1_93' title="bbox 1829 3449 3408 3528">
     <span class='ocr_line' id='line_1_93' title="bbox 1829 3449 3408 3528; baseline -0.009 -12"><span class='ocrx_word' id='word_1_692' title='bbox 1829 3462 2049 3516; x_wconf 79' lang='lat' dir='ltr'><strong>victima</strong></span> <span class='ocrx_word' id='word_1_693' title='bbox 2086 3459 2282 3522; x_wconf 89' lang='lat' dir='ltr'><strong>factus,</strong></span> <span class='ocrx_word' id='word_1_694' title='bbox 2315 3469 2368 3513; x_wconf 88' lang='lat' dir='ltr'><strong>et</strong></span> <span class='ocrx_word' id='word_1_695' title='bbox 2392 3473 2565 3528; x_wconf 84' lang='lat' dir='ltr'><strong>agnus</strong></span> <span class='ocrx_word' id='word_1_696' title='bbox 2604 3458 2726 3511; x_wconf 90' lang='lat' dir='ltr'><strong>loco</strong></span> <span class='ocrx_word' id='word_1_697' title='bbox 2769 3455 2914 3508; x_wconf 91' lang='lat' dir='ltr'><strong>illius</strong></span> <span class='ocrx_word' id='word_1_698' title='bbox 2953 3452 3046 3522; x_wconf 88' lang='lat' dir='ltr'><strong>qui</strong></span> <span class='ocrx_word' id='word_1_699' title='bbox 3088 3449 3408 3505; x_wconf 89' lang='lat' dir='ltr'><strong>immolaba-</strong></span> 
     </span>
    </p>
   </div>
   <div class='ocr_carea' id='block_1_94' title="bbox 1832 3538 3408 3607">
    <p class='ocr_par' dir='ltr' id='par_1_94' title="bbox 1832 3538 3408 3607">
     <span class='ocr_line' id='line_1_94' title="bbox 1832 3538 3408 3607; baseline -0.011 -4"><span class='ocrx_word' id='word_1_700' title='bbox 1832 3557 1940 3603; x_wconf 90' lang='lat' dir='ltr'><strong>tur.</strong></span> <span class='ocrx_word' id='word_1_701' title='bbox 1974 3547 2126 3603; x_wconf 88' lang='lat' dir='ltr'><strong>Licet</strong></span> <span class='ocrx_word' id='word_1_702' title='bbox 2155 3548 2299 3601; x_wconf 89' lang='lat' dir='ltr'><strong>enim</strong></span> <span class='ocrx_word' id='word_1_703' title='bbox 2331 3553 2503 3600; x_wconf 92' lang='lat' dir='ltr'><strong>totum</strong></span> <span class='ocrx_word' id='word_1_704' title='bbox 2541 3545 2596 3598; x_wconf 91' lang='lat' dir='ltr'><strong>in</strong></span> <span class='ocrx_word' id='word_1_705' title='bbox 2637 3543 2740 3598; x_wconf 88' lang='lat' dir='ltr'><strong>hac</strong></span> <span class='ocrx_word' id='word_1_706' title='bbox 2781 3540 3005 3596; x_wconf 84' lang='lat' dir='ltr'><strong>historia</strong></span> <span class='ocrx_word' id='word_1_707' title='bbox 3036 3538 3254 3607; x_wconf 87' lang='lat' dir='ltr'><strong>pietatis</strong></span> <span class='ocrx_word' id='word_1_708' title='bbox 3290 3551 3408 3606; x_wconf 83' lang='lat' dir='ltr'><strong>my-</strong></span> 
     </span>
    </p>
   </div>
   <div class='ocr_carea' id='block_1_95' title="bbox 1831 3627 3403 3705">
    <p class='ocr_par' dir='ltr' id='par_1_95' title="bbox 1831 3627 3403 3705">
     <span class='ocr_line' id='line_1_95' title="bbox 1831 3627 3403 3705; baseline -0.013 -9"><span class='ocrx_word' id='word_1_709' title='bbox 1831 3639 2061 3696; x_wconf 77' lang='lat' dir='ltr'><strong>SIerium</strong></span> <span class='ocrx_word' id='word_1_710' title='bbox 2110 3635 2334 3691; x_wconf 91' lang='lat' dir='ltr'><strong>intueri.</strong></span> <span class='ocrx_word' id='word_1_711' title='bbox 2379 3637 2570 3705; x_wconf 79' lang='lat' dir='ltr'><strong>Agnus</strong></span> <span class='ocrx_word' id='word_1_712' title='bbox 2618 3647 2648 3687; x_wconf 93' lang='lat' dir='ltr'><strong>e</strong></span> <span class='ocrx_word' id='word_1_713' title='bbox 2696 3633 2844 3701; x_wconf 88' lang='lat' dir='ltr'><strong>ligno</strong></span> <span class='ocrx_word' id='word_1_714' title='bbox 2891 3628 3154 3684; x_wconf 90' lang='lat' dir='ltr'><strong>cornibus</strong></span> <span class='ocrx_word' id='word_1_715' title='bbox 3185 3627 3403 3680; x_wconf 75' lang='lat' dir='ltr'><strong>haerens</strong></span> 
     </span>
    </p>
   </div>
   <div class='ocr_carea' id='block_1_96' title="bbox 1832 3721 3410 3802">
    <p class='ocr_par' dir='ltr' id='par_1_96' title="bbox 1832 3721 3410 3802">
     <span class='ocr_line' id='line_1_96' title="bbox 1832 3721 3410 3802; baseline -0.013 -14"><span class='ocrx_word' id='word_1_716' title='bbox 1832 3731 2120 3802; x_wconf 87' lang='lat' dir='ltr'><strong>pendebat.</strong></span> <span class='ocrx_word' id='word_1_717' title='bbox 2160 3728 2486 3798; x_wconf 88' lang='lat' dir='ltr'><strong>Unigenitus</strong></span> <span class='ocrx_word' id='word_1_718' title='bbox 2509 3733 2690 3781; x_wconf 89' lang='lat' dir='ltr'><strong>autem</strong></span> <span class='ocrx_word' id='word_1_719' title='bbox 2720 3722 3026 3777; x_wconf 89' lang='lat' dir='ltr'><strong>holocausti</strong></span> <span class='ocrx_word' id='word_1_720' title='bbox 3053 3721 3198 3790; x_wconf 86' lang='lat' dir='ltr'><strong>ligna</strong></span> <span class='ocrx_word' id='word_1_721' title='bbox 3230 3725 3410 3788; x_wconf 81' lang='lat' dir='ltr'><strong>gesta-</strong></span> 
     </span>
    </p>
   </div>
   <div class='ocr_carea' id='block_1_97' title="bbox 1828 3807 3412 3890">
    <p class='ocr_par' dir='ltr' id='par_1_97' title="bbox 1828 3807 3412 3890">
     <span class='ocr_line' id='line_1_97' title="bbox 1828 3807 3412 3890; baseline -0.011 -12"><span class='ocrx_word' id='word_1_722' title='bbox 1828 3827 1942 3878; x_wconf 86' lang='lat' dir='ltr'><strong>bat.</strong></span> <span class='ocrx_word' id='word_1_723' title='bbox 1968 3821 2163 3877; x_wconf 86' lang='lat' dir='ltr'><strong>Cernis</strong></span> <span class='ocrx_word' id='word_1_724' title='bbox 2192 3834 2300 3890; x_wconf 86' lang='lat' dir='ltr'><strong>quo</strong></span> <span class='ocrx_word' id='word_1_725' title='bbox 2329 3817 2493 3874; x_wconf 91' lang='lat' dir='ltr'><strong>modo</strong></span> <span class='ocrx_word' id='word_1_726' title='bbox 2525 3817 2619 3888; x_wconf 93' lang='lat' dir='ltr'><strong>qui</strong></span> <span class='ocrx_word' id='word_1_727' title='bbox 2665 3823 2862 3870; x_wconf 89' lang='lat' dir='ltr'><strong>cuncta</strong></span> <span class='ocrx_word' id='word_1_728' title='bbox 2898 3812 3005 3868; x_wconf 82' lang='lat' dir='ltr'><strong>fert</strong></span> <span class='ocrx_word' id='word_1_729' title='bbox 3037 3811 3206 3866; x_wconf 87' lang='lat' dir='ltr'><strong>verbo</strong></span> <span class='ocrx_word' id='word_1_730' title='bbox 3237 3807 3412 3862; x_wconf 89' lang='lat' dir='ltr'><strong>virtu-</strong></span> 
     </span>
    </p>
   </div>
   <div class='ocr_carea' id='block_1_98' title="bbox 1831 3901 3410 3981">
    <p class='ocr_par' dir='ltr' id='par_1_98' title="bbox 1831 3901 3410 3981">
     <span class='ocr_line' id='line_1_98' title="bbox 1831 3901 3410 3981; baseline -0.014 -13"><span class='ocrx_word' id='word_1_731' title='bbox 1831 3915 1905 3970; x_wconf 91' lang='lat' dir='ltr'><strong>tis</strong></span> <span class='ocrx_word' id='word_1_732' title='bbox 1929 3927 2060 3976; x_wconf 72' lang='lat' dir='ltr'><strong>suaa,</strong></span> <span class='ocrx_word' id='word_1_733' title='bbox 2091 3911 2139 3968; x_wconf 91' lang='lat' dir='ltr'><strong>is</strong></span> <span class='ocrx_word' id='word_1_734' title='bbox 2171 3919 2224 3966; x_wconf 89' lang='lat' dir='ltr'><strong>et</strong></span> <span class='ocrx_word' id='word_1_735' title='bbox 2255 3911 2526 3981; x_wconf 89' lang='lat' dir='ltr'><strong>lignorum</strong></span> <span class='ocrx_word' id='word_1_736' title='bbox 2551 3913 2866 3960; x_wconf 88' lang='lat' dir='ltr'><strong>nostrorum</strong></span> <span class='ocrx_word' id='word_1_737' title='bbox 2897 3901 3003 3957; x_wconf 85' lang='lat' dir='ltr'><strong>fert</strong></span> <span class='ocrx_word' id='word_1_738' title='bbox 3031 3915 3196 3960; x_wconf 91' lang='lat' dir='ltr'><strong>onus,</strong></span> <span class='ocrx_word' id='word_1_739' title='bbox 3227 3903 3281 3952; x_wconf 90' lang='lat' dir='ltr'><strong>et</strong></span> <span class='ocrx_word' id='word_1_740' title='bbox 3315 3911 3410 3948; x_wconf 75' lang='lat' dir='ltr'><strong>su-</strong></span> 
     </span>
    </p>
   </div>
   <div class='ocr_carea' id='block_1_99' title="bbox 1834 3980 3411 4074">
    <p class='ocr_par' dir='ltr' id='par_1_99' title="bbox 1834 3980 3411 4074">
     <span class='ocr_line' id='line_1_99' title="bbox 1834 3980 3411 4074; baseline -0.013 -16"><span class='ocrx_word' id='word_1_741' title='bbox 1834 4018 1934 4074; x_wconf 88' lang='lat' dir='ltr'><strong>per</strong></span> <span class='ocrx_word' id='word_1_742' title='bbox 1957 4003 2167 4072; x_wconf 81' lang='lat' dir='ltr'><strong>lignum</strong></span> <span class='ocrx_word' id='word_1_743' title='bbox 2202 3980 2506 4062; x_wconf 83' lang='lat' dir='ltr'><strong>extollitur,</strong></span> <span class='ocrx_word' id='word_1_744' title='bbox 2538 3996 2716 4052; x_wconf 87' lang='lat' dir='ltr'><strong>fcrens</strong></span> <span class='ocrx_word' id='word_1_745' title='bbox 2741 3993 2958 4064; x_wconf 87' lang='lat' dir='ltr'><strong>quidem</strong></span> <span class='ocrx_word' id='word_1_746' title='bbox 2991 3998 3052 4044; x_wconf 88' lang='lat' dir='ltr'><strong>ut</strong></span> <span class='ocrx_word' id='word_1_747' title='bbox 3084 3989 3246 4052; x_wconf 85' lang='lat' dir='ltr'><strong>Deus,</strong></span> <span class='ocrx_word' id='word_1_748' title='bbox 3281 3987 3411 4040; x_wconf 85' lang='lat' dir='ltr'><strong>sub-</strong></span> 
     </span>
    </p>
   </div>
   <div class='ocr_carea' id='block_1_100' title="bbox 1832 4079 3412 4161">
    <p class='ocr_par' dir='ltr' id='par_1_100' title="bbox 1832 4079 3412 4161">
     <span class='ocr_line' id='line_1_100' title="bbox 1832 4079 3412 4161; baseline -0.011 -11"><span class='ocrx_word' id='word_1_749' title='bbox 1832 4096 1977 4150; x_wconf 88' lang='lat' dir='ltr'><strong>latus</strong></span> <span class='ocrx_word' id='word_1_750' title='bbox 2025 4101 2208 4148; x_wconf 89' lang='lat' dir='ltr'><strong>autem</strong></span> <span class='ocrx_word' id='word_1_751' title='bbox 2263 4100 2526 4161; x_wconf 90' lang='lat' dir='ltr'><strong>tanquam</strong></span> <span class='ocrx_word' id='word_1_752' title='bbox 2583 4086 2794 4159; x_wconf 86' lang='lat' dir='ltr'><strong>agnus?</strong></span> <span class='ocrx_word' id='word_1_753' title='bbox 2857 4084 2949 4138; x_wconf 92' lang='lat' dir='ltr'><strong>Sic</strong></span> <span class='ocrx_word' id='word_1_754' title='bbox 2985 4082 3129 4136; x_wconf 88' lang='lat' dir='ltr'><strong>enim</strong></span> <span class='ocrx_word' id='word_1_755' title='bbox 3172 4079 3412 4147; x_wconf 87' lang='lat' dir='ltr'><strong>Spiritus</strong></span> 
     </span>
    </p>
   </div>
   <div class='ocr_carea' id='block_1_101' title="bbox 1833 4170 3412 4254">
    <p class='ocr_par' dir='ltr' id='par_1_101' title="bbox 1833 4170 3412 4254">
     <span class='ocr_line' id='line_1_101' title="bbox 1833 4170 3412 4254; baseline -0.014 -12"><span class='ocrx_word' id='word_1_756' title='bbox 1833 4196 2055 4242; x_wconf 89' lang='lat' dir='ltr'><strong>sanctus</strong></span> <span class='ocrx_word' id='word_1_757' title='bbox 2101 4194 2333 4254; x_wconf 88' lang='lat' dir='ltr'><strong>utraque</strong></span> <span class='ocrx_word' id='word_1_758' title='bbox 2363 4198 2424 4238; x_wconf 90' lang='lat' dir='ltr'><strong>re</strong></span> <span class='ocrx_word' id='word_1_759' title='bbox 2471 4181 2651 4250; x_wconf 80' lang='lat' dir='ltr'><strong>magni</strong></span> <span class='ocrx_word' id='word_1_760' title='bbox 2686 4177 2934 4249; x_wconf 82' lang='lat' dir='ltr'><strong>mysterii</strong></span> <span class='ocrx_word' id='word_1_761' title='bbox 2985 4174 3212 4242; x_wconf 85' lang='lat' dir='ltr'><strong>ﬁguram</strong></span> <span class='ocrx_word' id='word_1_762' title='bbox 3243 4170 3412 4238; x_wconf 83' lang='lat' dir='ltr'><strong>parti-</strong></span> 
     </span>
    </p>
   </div>
   <div class='ocr_carea' id='block_1_102' title="bbox 1831 4265 3408 4336">
    <p class='ocr_par' dir='ltr' id='par_1_102' title="bbox 1831 4265 3408 4336">
     <span class='ocr_line' id='line_1_102' title="bbox 1831 4265 3408 4336; baseline -0.011 -7"><span class='ocrx_word' id='word_1_763' title='bbox 1831 4284 1922 4332; x_wconf 92' lang='lat' dir='ltr'><strong>tus</strong></span> <span class='ocrx_word' id='word_1_764' title='bbox 1948 4286 2051 4336; x_wconf 90' lang='lat' dir='ltr'><strong>est,</strong></span> <span class='ocrx_word' id='word_1_765' title='bbox 2082 4282 2195 4328; x_wconf 92' lang='lat' dir='ltr'><strong>tum</strong></span> <span class='ocrx_word' id='word_1_766' title='bbox 2231 4273 2433 4327; x_wconf 89' lang='lat' dir='ltr'><strong>dilecto</strong></span> <span class='ocrx_word' id='word_1_767' title='bbox 2463 4269 2598 4332; x_wconf 87' lang='lat' dir='ltr'><strong>ﬁlio,</strong></span> <span class='ocrx_word' id='word_1_768' title='bbox 2633 4276 2748 4321; x_wconf 92' lang='lat' dir='ltr'><strong>tum</strong></span> <span class='ocrx_word' id='word_1_769' title='bbox 2787 4265 2951 4318; x_wconf 86' lang='lat' dir='ltr'><strong>simul</strong></span> <span class='ocrx_word' id='word_1_770' title='bbox 2978 4271 3204 4316; x_wconf 85' lang='lat' dir='ltr'><strong>ostenso</strong></span> <span class='ocrx_word' id='word_1_771' title='bbox 3233 4273 3408 4329; x_wconf 87' lang='lat' dir='ltr'><strong>agno;</strong></span> 
     </span>
    </p>
   </div>
   <div class='ocr_carea' id='block_1_103' title="bbox 1831 4350 3412 4434">
    <p class='ocr_par' dir='ltr' id='par_1_103' title="bbox 1831 4350 3412 4434">
     <span class='ocr_line' id='line_1_103' title="bbox 1831 4350 3412 4434; baseline -0.013 -15"><span class='ocrx_word' id='word_1_772' title='bbox 1831 4375 1892 4419; x_wconf 93' lang='lat' dir='ltr'><strong>ut</strong></span> <span class='ocrx_word' id='word_1_773' title='bbox 1924 4380 2019 4434; x_wconf 90' lang='lat' dir='ltr'><strong>per</strong></span> <span class='ocrx_word' id='word_1_774' title='bbox 2045 4377 2244 4433; x_wconf 86' lang='lat' dir='ltr'><strong>agnum</strong></span> <span class='ocrx_word' id='word_1_775' title='bbox 2277 4360 2472 4414; x_wconf 87' lang='lat' dir='ltr'><strong>mortis</strong></span> <span class='ocrx_word' id='word_1_776' title='bbox 2499 4363 2902 4412; x_wconf 85' lang='lat' dir='ltr'><strong>sacramentum</strong></span> <span class='ocrx_word' id='word_1_777' title='bbox 2930 4350 3284 4421; x_wconf 85' lang='lat' dir='ltr'><strong>signiﬁcaret,</strong></span> <span class='ocrx_word' id='word_1_778' title='bbox 3315 4361 3412 4415; x_wconf 87' lang='lat' dir='ltr'><strong>per</strong></span> 
     </span>
    </p>
   </div>
   <div class='ocr_carea' id='block_1_104' title="bbox 1831 4445 3410 4526">
    <p class='ocr_par' dir='ltr' id='par_1_104' title="bbox 1831 4445 3410 4526">
     <span class='ocr_line' id='line_1_104' title="bbox 1831 4445 3410 4526; baseline -0.014 -15"><span class='ocrx_word' id='word_1_779' title='bbox 1831 4455 2172 4526; x_wconf 87' lang='lat' dir='ltr'><strong>unigenitum</strong></span> <span class='ocrx_word' id='word_1_780' title='bbox 2199 4459 2378 4506; x_wconf 89' lang='lat' dir='ltr'><strong>autem</strong></span> <span class='ocrx_word' id='word_1_781' title='bbox 2410 4451 2578 4502; x_wconf 88' lang='lat' dir='ltr'><strong>vitam</strong></span> <span class='ocrx_word' id='word_1_782' title='bbox 2611 4453 2785 4499; x_wconf 87' lang='lat' dir='ltr'><strong>morte</strong></span> <span class='ocrx_word' id='word_1_783' title='bbox 2816 4458 2921 4496; x_wconf 84' lang='lat' dir='ltr'><strong>non</strong></span> <span class='ocrx_word' id='word_1_784' title='bbox 2955 4448 3197 4509; x_wconf 87' lang='lat' dir='ltr'><strong>ereptam</strong></span> <span class='ocrx_word' id='word_1_785' title='bbox 3223 4445 3410 4492; x_wconf 85' lang='lat' dir='ltr'><strong>osten-</strong></span> 
     </span>
    </p>
   </div>
   <div class='ocr_carea' id='block_1_105' title="bbox 1831 4531 3413 4607">
    <p class='ocr_par' dir='ltr' id='par_1_105' title="bbox 1831 4531 3413 4607">
     <span class='ocr_line' id='line_1_105' title="bbox 1831 4531 3413 4607; baseline -0.015 -2"><span class='ocrx_word' id='word_1_786' title='bbox 1831 4549 2006 4605; x_wconf 86' lang='lat' dir='ltr'><strong>deret.</strong></span> <span class='ocrx_word' id='word_1_787' title='bbox 2065 4546 2123 4601; x_wconf 91' lang='lat' dir='ltr'><strong>Si</strong></span> <span class='ocrx_word' id='word_1_788' title='bbox 2163 4545 2248 4600; x_wconf 88' lang='lat' dir='ltr'><strong>vis</strong></span> <span class='ocrx_word' id='word_1_789' title='bbox 2300 4551 2354 4596; x_wconf 90' lang='lat' dir='ltr'><strong>et</strong></span> <span class='ocrx_word' id='word_1_790' title='bbox 2409 4541 2613 4595; x_wconf 78' lang='lat' dir='ltr'><strong>Mosem</strong></span> <span class='ocrx_word' id='word_1_791' title='bbox 2652 4539 2831 4607; x_wconf 89' lang='lat' dir='ltr'><strong>ipsum</strong></span> <span class='ocrx_word' id='word_1_792' title='bbox 2889 4531 3264 4596; x_wconf 83' lang='lat' dir='ltr'><strong>considerare,</strong></span> <span class='ocrx_word' id='word_1_793' title='bbox 3297 4543 3413 4582; x_wconf 88' lang='lat' dir='ltr'><strong>ma—</strong></span> 
     </span>
    </p>
   </div>
   <div class='ocr_carea' id='block_1_106' title="bbox 1761 4626 3412 4695">
    <p class='ocr_par' dir='ltr' id='par_1_106' title="bbox 1761 4626 3412 4695">
     <span class='ocr_line' id='line_1_106' title="bbox 1761 4626 3412 4695; baseline -0.013 0"><span class='ocrx_word' id='word_1_794' title='bbox 1761 4639 2006 4695; x_wconf 90' lang='lat' dir='ltr'><strong>Dnuum</strong></span> <span class='ocrx_word' id='word_1_795' title='bbox 2070 4636 2396 4692; x_wconf 84' lang='lat' dir='ltr'><strong>extensione</strong></span> <span class='ocrx_word' id='word_1_796' title='bbox 2453 4645 2676 4686; x_wconf 88' lang='lat' dir='ltr'><strong>crucem</strong></span> <span class='ocrx_word' id='word_1_797' title='bbox 2743 4626 3183 4687; x_wconf 90' lang='lat' dir='ltr'><strong>describentem,</strong></span> <span class='ocrx_word' id='word_1_798' title='bbox 3241 4636 3412 4691; x_wconf 86' lang='lat' dir='ltr'><strong>eaque</strong></span> 
     </span>
    </p>
   </div>
   <div class='ocr_carea' id='block_1_107' title="bbox 1835 4714 3414 4792">
    <p class='ocr_par' dir='ltr' id='par_1_107' title="bbox 1835 4714 3414 4792">
     <span class='ocr_line' id='line_1_107' title="bbox 1835 4714 3414 4792; baseline -0.013 -5"><span class='ocrx_word' id='word_1_799' title='bbox 1835 4732 2013 4786; x_wconf 89' lang='lat' dir='ltr'><strong>forma</strong></span> <span class='ocrx_word' id='word_1_800' title='bbox 2082 4725 2416 4782; x_wconf 86' lang='lat' dir='ltr'><strong>Amalccitas</strong></span> <span class='ocrx_word' id='word_1_801' title='bbox 2470 4723 2525 4777; x_wconf 91' lang='lat' dir='ltr'><strong>in</strong></span> <span class='ocrx_word' id='word_1_802' title='bbox 2590 4720 2772 4792; x_wconf 86' lang='lat' dir='ltr'><strong>fugam</strong></span> <span class='ocrx_word' id='word_1_803' title='bbox 2823 4725 3148 4778; x_wconf 79' lang='lat' dir='ltr'><strong>vertentem,</strong></span> <span class='ocrx_word' id='word_1_804' title='bbox 3181 4714 3414 4769; x_wconf 88' lang='lat' dir='ltr'><strong>veritate</strong></span> 
     </span>
    </p>
   </div>
   <div class='ocr_carea' id='block_1_108' title="bbox 1834 4805 3410 4891">
    <p class='ocr_par' dir='ltr' id='par_1_108' title="bbox 1834 4805 3410 4891">
     <span class='ocr_line' id='line_1_108' title="bbox 1834 4805 3410 4891; baseline -0.015 -14"><span class='ocrx_word' id='word_1_805' title='bbox 1834 4823 2068 4891; x_wconf 80' lang='lat' dir='ltr'><strong>ﬁguram</strong></span> <span class='ocrx_word' id='word_1_806' title='bbox 2099 4831 2438 4887; x_wconf 81' lang='lat' dir='ltr'><strong>expressam,</strong></span> <span class='ocrx_word' id='word_1_807' title='bbox 2499 4821 2554 4869; x_wconf 89' lang='lat' dir='ltr'><strong>et</strong></span> <span class='ocrx_word' id='word_1_808' title='bbox 2603 4810 2864 4867; x_wconf 84' lang='lat' dir='ltr'><strong>Amalech</strong></span> <span class='ocrx_word' id='word_1_809' title='bbox 2926 4807 3078 4864; x_wconf 86' lang='lat' dir='ltr'><strong>cruci</strong></span> <span class='ocrx_word' id='word_1_810' title='bbox 3131 4805 3410 4860; x_wconf 87' lang='lat' dir='ltr'><strong>cedentem</strong></span> 
     </span>
    </p>
   </div>
   <div class='ocr_carea' id='block_1_109' title="bbox 1834 4894 3410 4969">
    <p class='ocr_par' dir='ltr' id='par_1_109' title="bbox 1834 4894 3410 4969">
     <span class='ocr_line' id='line_1_109' title="bbox 1834 4894 3410 4969; baseline -0.015 -1"><span class='ocrx_word' id='word_1_811' title='bbox 1834 4909 2300 4967; x_wconf 67' lang='lat' dir='ltr'><strong>animadvertes‘.</strong></span> <span class='ocrx_word' id='word_1_812' title='bbox 2340 4905 2520 4961; x_wconf 86' lang='lat' dir='ltr'><strong>Habes</strong></span> <span class='ocrx_word' id='word_1_813' title='bbox 2563 4911 2618 4958; x_wconf 92' lang='lat' dir='ltr'><strong>et</strong></span> <span class='ocrx_word' id='word_1_814' title='bbox 2653 4901 2870 4965; x_wconf 77' lang='lat' dir='ltr'><strong>Isaiam,</strong></span> <span class='ocrx_word' id='word_1_815' title='bbox 2915 4899 3019 4969; x_wconf 76' lang='lat' dir='ltr'><strong>qu&#39;r</strong></span> <span class='ocrx_word' id='word_1_816' title='bbox 3054 4897 3282 4968; x_wconf 83' lang='lat' dir='ltr'><strong>gratiam</strong></span> <span class='ocrx_word' id='word_1_817' title='bbox 3311 4894 3410 4946; x_wconf 88' lang='lat' dir='ltr'><strong>ho—</strong></span> 
     </span>
    </p>
   </div>
   <div class='ocr_carea' id='block_1_110' title="bbox 1834 4985 3415 5067">
    <p class='ocr_par' dir='ltr' id='par_1_110' title="bbox 1834 4985 3415 5067">
     <span class='ocr_line' id='line_1_110' title="bbox 1834 4985 3415 5067; baseline -0.015 -10"><span class='ocrx_word' id='word_1_818' title='bbox 1834 5002 2083 5057; x_wconf 89' lang='lat' dir='ltr'><strong>diernam</strong></span> <span class='ocrx_word' id='word_1_819' title='bbox 2129 5013 2239 5052; x_wconf 89' lang='lat' dir='ltr'><strong>non</strong></span> <span class='ocrx_word' id='word_1_820' title='bbox 2293 5011 2488 5067; x_wconf 88' lang='lat' dir='ltr'><strong>parum</strong></span> <span class='ocrx_word' id='word_1_821' title='bbox 2533 4995 2792 5049; x_wconf 86' lang='lat' dir='ltr'><strong>illustrat.</strong></span> <span class='ocrx_word' id='word_1_822' title='bbox 2832 4991 2915 5045; x_wconf 84' lang='lat' dir='ltr'><strong>Ab</strong></span> <span class='ocrx_word' id='word_1_823' title='bbox 2949 4991 3068 5059; x_wconf 90' lang='lat' dir='ltr'><strong>ipso</strong></span> <span class='ocrx_word' id='word_1_824' title='bbox 3111 4985 3254 5040; x_wconf 88' lang='lat' dir='ltr'><strong>enim</strong></span> <span class='ocrx_word' id='word_1_825' title='bbox 3302 4997 3415 5034; x_wconf 84' lang='lat' dir='ltr'><strong>ma—</strong></span> 
     </span>
    </p>
   </div>
   <div class='ocr_carea' id='block_1_111' title="bbox 1834 5075 3414 5161">
    <p class='ocr_par' dir='ltr' id='par_1_111' title="bbox 1834 5075 3414 5161">
     <span class='ocr_line' id='line_1_111' title="bbox 1834 5075 3414 5161; baseline -0.016 -10"><span class='ocrx_word' id='word_1_826' title='bbox 1834 5103 1974 5150; x_wconf 87' lang='lat' dir='ltr'><strong>trem</strong></span> <span class='ocrx_word' id='word_1_827' title='bbox 2001 5094 2308 5161; x_wconf 87' lang='lat' dir='ltr'><strong>innuptam,</strong></span> <span class='ocrx_word' id='word_1_828' title='bbox 2343 5089 2463 5144; x_wconf 89' lang='lat' dir='ltr'><strong>sine</strong></span> <span class='ocrx_word' id='word_1_829' title='bbox 2523 5093 2681 5156; x_wconf 89' lang='lat' dir='ltr'><strong>patre</strong></span> <span class='ocrx_word' id='word_1_830' title='bbox 2736 5097 2981 5145; x_wconf 89' lang='lat' dir='ltr'><strong>carnem,</strong></span> <span class='ocrx_word' id='word_1_831' title='bbox 3043 5079 3162 5134; x_wconf 90' lang='lat' dir='ltr'><strong>sine</strong></span> <span class='ocrx_word' id='word_1_832' title='bbox 3225 5075 3414 5129; x_wconf 89' lang='lat' dir='ltr'><strong>dolore</strong></span> 
     </span>
    </p>
   </div>
   <div class='ocr_carea' id='block_1_112' title="bbox 1835 5162 3414 5258">
    <p class='ocr_par' dir='ltr' id='par_1_112' title="bbox 1835 5162 3414 5258">
     <span class='ocr_line' id='line_1_112' title="bbox 1835 5162 3414 5258; baseline -0.014 -18"><span class='ocrx_word' id='word_1_833' title='bbox 1835 5183 2205 5258; x_wconf 90' lang='lat' dir='ltr'><strong>puerperium,</strong></span> <span class='ocrx_word' id='word_1_834' title='bbox 2259 5182 2378 5237; x_wconf 91' lang='lat' dir='ltr'><strong>sine</strong></span> <span class='ocrx_word' id='word_1_835' title='bbox 2421 5179 2544 5233; x_wconf 89' lang='lat' dir='ltr'><strong>labe</strong></span> <span class='ocrx_word' id='word_1_836' title='bbox 2587 5184 2802 5244; x_wconf 89' lang='lat' dir='ltr'><strong>partum</strong></span> <span class='ocrx_word' id='word_1_837' title='bbox 2849 5181 2975 5226; x_wconf 88' lang='lat' dir='ltr'><strong>ante</strong></span> <span class='ocrx_word' id='word_1_838' title='bbox 3028 5166 3290 5223; x_wconf 90' lang='lat' dir='ltr'><strong>didicisti.</strong></span> <span class='ocrx_word' id='word_1_839' title='bbox 3323 5162 3414 5218; x_wconf 92' lang='lat' dir='ltr'><strong>Sic</strong></span> 
     </span>
    </p>
   </div>
   <div class='ocr_carea' id='block_1_113' title="bbox 1831 5258 3408 5342">
    <p class='ocr_par' dir='ltr' id='par_1_113' title="bbox 1831 5258 3408 5342">
     <span class='ocr_line' id='line_1_113' title="bbox 1831 5258 3408 5342; baseline -0.013 -13"><span class='ocrx_word' id='word_1_840' title='bbox 1831 5275 1977 5330; x_wconf 87' lang='lat' dir='ltr'><strong>enim</strong></span> <span class='ocrx_word' id='word_1_841' title='bbox 2009 5273 2254 5342; x_wconf 87' lang='lat' dir='ltr'><strong>loquitur</strong></span> <span class='ocrx_word' id='word_1_842' title='bbox 2279 5268 2544 5339; x_wconf 81' lang='lat' dir='ltr'><strong>prepbeta</strong></span> <span class='ocrx_word' id='word_1_843' title='bbox 2573 5285 2585 5319; x_wconf 93' lang='lat'>:</span> <span class='ocrx_word' id='word_1_844' title='bbox 2616 5263 2749 5319; x_wconf 81' lang='lat' dir='ltr'><strong>Ecce</strong></span> <span class='ocrx_word' id='word_1_845' title='bbox 2791 5264 2930 5331; x_wconf 84' lang='lat' dir='ltr'><strong>virgo</strong></span> <span class='ocrx_word' id='word_1_846' title='bbox 2964 5262 3018 5314; x_wconf 78' lang='lat' dir='ltr'><strong>in</strong></span> <span class='ocrx_word' id='word_1_847' title='bbox 3052 5267 3200 5312; x_wconf 83' lang='lat' dir='ltr'><strong>utero</strong></span> <span class='ocrx_word' id='word_1_848' title='bbox 3230 5258 3408 5310; x_wconf 84' lang='lat' dir='ltr'><strong>conci-</strong></span> 
     </span>
    </p>
   </div>
   <div class='ocr_carea' id='block_1_114' title="bbox 1834 5347 3411 5433">
    <p class='ocr_par' dir='ltr' id='par_1_114' title="bbox 1834 5347 3411 5433">
     <span class='ocr_line' id='line_1_114' title="bbox 1834 5347 3411 5433; baseline -0.012 -15"><span class='ocrx_word' id='word_1_849' title='bbox 1834 5365 1960 5433; x_wconf 78' lang='lat' dir='ltr'><strong>piet,</strong></span> <span class='ocrx_word' id='word_1_850' title='bbox 1997 5374 2045 5417; x_wconf 83' lang='lat' dir='ltr'><strong>et</strong></span> <span class='ocrx_word' id='word_1_851' title='bbox 2089 5362 2259 5432; x_wconf 82' lang='lat' dir='ltr'><strong>pariet</strong></span> <span class='ocrx_word' id='word_1_852' title='bbox 2295 5361 2468 5429; x_wconf 79' lang='lat' dir='ltr'><strong>ﬁlium</strong></span> <span class='ocrx_word' id='word_1_853' title='bbox 2505 5373 2523 5411; x_wconf 91' lang='lat'><strong><em>:</em></strong></span> <span class='ocrx_word' id='word_1_854' title='bbox 2557 5365 2607 5410; x_wconf 85' lang='lat' dir='ltr'><strong>et</strong></span> <span class='ocrx_word' id='word_1_855' title='bbox 2637 5354 2892 5410; x_wconf 80' lang='lat' dir='ltr'><strong>vocabunt</strong></span> <span class='ocrx_word' id='word_1_856' title='bbox 2920 5367 3106 5405; x_wconf 81' lang='lat' dir='ltr'><strong>nomen</strong></span> <span class='ocrx_word' id='word_1_857' title='bbox 3129 5348 3242 5418; x_wconf 81' lang='lat' dir='ltr'><strong>ejus</strong></span> <span class='ocrx_word' id='word_1_858' title='bbox 3282 5347 3411 5400; x_wconf 81' lang='lat' dir='ltr'><strong>Em-</strong></span> 
     </span>
    </p>
   </div>
   <div class='ocr_carea' id='block_1_115' title="bbox 1836 5437 3414 5522">
    <p class='ocr_par' dir='ltr' id='par_1_115' title="bbox 1836 5437 3414 5522">
     <span class='ocr_line' id='line_1_115' title="bbox 1836 5437 3414 5522; baseline -0.01 -13"><span class='ocrx_word' id='word_1_859' title='bbox 1836 5454 2069 5518; x_wconf 86' lang='lat' dir='ltr'><strong>manuel,</strong></span> <span class='ocrx_word' id='word_1_860' title='bbox 2096 5468 2218 5522; x_wconf 71' lang='lat' dir='ltr'><strong>qua:</strong></span> <span class='ocrx_word' id='word_1_861' title='bbox 2249 5466 2351 5504; x_wconf 83' lang='lat' dir='ltr'><strong>vox</strong></span> <span class='ocrx_word' id='word_1_862' title='bbox 2399 5448 2693 5519; x_wconf 86' lang='lat' dir='ltr'><strong>significat,</strong></span> <span class='ocrx_word' id='word_1_863' title='bbox 2728 5444 3024 5499; x_wconf 84' lang='lat' dir='ltr'><strong>Nobiscum</strong></span> <span class='ocrx_word' id='word_1_864' title='bbox 3083 5441 3280 5494; x_wconf 77' lang='lat' dir='ltr'><strong>Deus&quot;.</strong></span> <span class='ocrx_word' id='word_1_865' title='bbox 3323 5437 3414 5493; x_wconf 83' lang='lat' dir='ltr'><strong>Et-</strong></span> 
     </span>
    </p>
   </div>
   <div class='ocr_carea' id='block_1_116' title="bbox 1838 5530 3412 5610">
    <p class='ocr_par' dir='ltr' id='par_1_116' title="bbox 1838 5530 3412 5610">
     <span class='ocr_line' id='line_1_116' title="bbox 1838 5530 3412 5610; baseline -0.011 -10"><span class='ocrx_word' id='word_1_866' title='bbox 1838 5545 1984 5600; x_wconf 85' lang='lat' dir='ltr'><strong>enim</strong></span> <span class='ocrx_word' id='word_1_867' title='bbox 2017 5543 2135 5598; x_wconf 90' lang='lat' dir='ltr'><strong>siue</strong></span> <span class='ocrx_word' id='word_1_868' title='bbox 2157 5543 2345 5597; x_wconf 87' lang='lat' dir='ltr'><strong>dolore</strong></span> <span class='ocrx_word' id='word_1_869' title='bbox 2378 5548 2591 5610; x_wconf 88' lang='lat' dir='ltr'><strong>partum</strong></span> <span class='ocrx_word' id='word_1_870' title='bbox 2630 5537 2929 5599; x_wconf 78' lang='lat' dir='ltr'><strong>exstitisse,</strong></span> <span class='ocrx_word' id='word_1_871' title='bbox 2982 5535 3098 5602; x_wconf 88' lang='lat' dir='ltr'><strong>ipsa</strong></span> <span class='ocrx_word' id='word_1_872' title='bbox 3131 5531 3206 5586; x_wconf 90' lang='lat' dir='ltr'><strong>rei</strong></span> <span class='ocrx_word' id='word_1_873' title='bbox 3239 5530 3412 5600; x_wconf 62' lang='lat' dir='ltr'><strong>aequi-</strong></span> 
     </span>
    </p>
   </div>
   <div class='ocr_carea' id='block_1_117' title="bbox 1834 5622 3410 5694">
    <p class='ocr_par' dir='ltr' id='par_1_117' title="bbox 1834 5622 3410 5694">
     <span class='ocr_line' id='line_1_117' title="bbox 1834 5622 3410 5694; baseline -0.011 -4"><span class='ocrx_word' id='word_1_874' title='bbox 1834 5643 1921 5690; x_wconf 91' lang='lat' dir='ltr'><strong>tas</strong></span> <span class='ocrx_word' id='word_1_875' title='bbox 1965 5641 2019 5688; x_wconf 89' lang='lat' dir='ltr'><strong>te</strong></span> <span class='ocrx_word' id='word_1_876' title='bbox 2049 5632 2286 5687; x_wconf 90' lang='lat' dir='ltr'><strong>docebit.</strong></span> <span class='ocrx_word' id='word_1_877' title='bbox 2321 5629 2454 5684; x_wconf 81' lang='lat' dir='ltr'><strong>Nam</strong></span> <span class='ocrx_word' id='word_1_878' title='bbox 2498 5644 2620 5683; x_wconf 91' lang='lat' dir='ltr'><strong>cum</strong></span> <span class='ocrx_word' id='word_1_879' title='bbox 2669 5627 2849 5682; x_wconf 90' lang='lat' dir='ltr'><strong>omnis</strong></span> <span class='ocrx_word' id='word_1_880' title='bbox 2886 5627 3140 5694; x_wconf 87' lang='lat' dir='ltr'><strong>voluptas</strong></span> <span class='ocrx_word' id='word_1_881' title='bbox 3167 5622 3410 5676; x_wconf 88' lang='lat' dir='ltr'><strong>do&#39;orcm</strong></span> 
     </span>
    </p>
   </div>
   <div class='ocr_carea' id='block_1_118' title="bbox 1835 5712 3412 5793">
    <p class='ocr_par' dir='ltr' id='par_1_118' title="bbox 1835 5712 3412 5793">
     <span class='ocr_line' id='line_1_118' title="bbox 1835 5712 3412 5793; baseline -0.009 -13"><span class='ocrx_word' id='word_1_882' title='bbox 1835 5724 2187 5793; x_wconf 88' lang='lat' dir='ltr'><strong>conjunctum</strong></span> <span class='ocrx_word' id='word_1_883' title='bbox 2215 5720 2431 5786; x_wconf 78' lang='lat' dir='ltr'><strong>habeat,</strong></span> <span class='ocrx_word' id='word_1_884' title='bbox 2463 5734 2689 5775; x_wconf 84' lang='lat' dir='ltr'><strong>necesse</strong></span> <span class='ocrx_word' id='word_1_885' title='bbox 2727 5725 2836 5782; x_wconf 91' lang='lat' dir='ltr'><strong>cst,</strong></span> <span class='ocrx_word' id='word_1_886' title='bbox 2869 5725 2928 5772; x_wconf 94' lang='lat' dir='ltr'><strong>ut</strong></span> <span class='ocrx_word' id='word_1_887' title='bbox 2963 5718 3017 5772; x_wconf 91' lang='lat' dir='ltr'><strong>in</strong></span> <span class='ocrx_word' id='word_1_888' title='bbox 3052 5717 3139 5784; x_wconf 92' lang='lat' dir='ltr'><strong>iis,</strong></span> <span class='ocrx_word' id='word_1_889' title='bbox 3175 5728 3295 5786; x_wconf 72' lang='lat' dir='ltr'><strong>qua:</strong></span> <span class='ocrx_word' id='word_1_890' title='bbox 3337 5712 3412 5766; x_wconf 81' lang='lat' dir='ltr'><strong>ita</strong></span> 
     </span>
    </p>
   </div>
   <div class='ocr_carea' id='block_1_119' title="bbox 1895 5895 2868 5965">
    <p class='ocr_par' dir='ltr' id='par_1_119' title="bbox 1895 5895 2868 5965">
     <span class='ocr_line' id='line_1_119' title="bbox 1895 5895 2868 5965; baseline -0.007 -7"><span class='ocrx_word' id='word_1_891' title='bbox 1895 5903 1915 5936; x_wconf 71' lang='grc'><strong>⁸</strong></span> <span class='ocrx_word' id='word_1_892' title='bbox 1943 5902 2116 5958; x_wconf 80' lang='lat' dir='ltr'><strong>Exod.</strong></span> <span class='ocrx_word' id='word_1_893' title='bbox 2147 5915 2282 5965; x_wconf 81' lang='lat' dir='ltr'><strong>xvtt,</strong></span> <span class='ocrx_word' id='word_1_894' title='bbox 2318 5901 2405 5955; x_wconf 84' lang='lat' dir='ltr'><strong>ll.</strong></span> <span class='ocrx_word' id='word_1_895' title='bbox 2480 5898 2501 5930; x_wconf 83' lang='lat'><strong>&#39;</strong></span> <span class='ocrx_word' id='word_1_896' title='bbox 2532 5896 2637 5953; x_wconf 90' lang='lat' dir='ltr'><strong>lsa.</strong></span> <span class='ocrx_word' id='word_1_897' title='bbox 2672 5895 2868 5962; x_wconf 75' lang='lat' dir='ltr'><strong>vn,l-l.</strong></span> 
     </span>
    </p>
   </div>
  </div>
