3882 6436
175 490 257 540 (10::
1052 487 1121 543 ΙΝ
1166 488 1438 547 CllRlSTl
1479 491 2119 554 RESUBRECTIONEM
2158 500 2364 558 ORAT.
2409 506 2450 560 l.
2661 500 2667 509 ’
3278 513 3383 570 606

173 597 427 695 ἐνεστῶσαν
692 599 774 655 Τὰ
813 601 922 674 γὰρ
968 603 1105 661 ἄλλα
1133 607 1202 662 τὰ
1242 612 1374 682 περὶ
1420 612 1484 666 τὸ
1517 613 1687 677 πάθος

1844 615 2174 673 lcruciatus
2226 628 2577 689 mortemque
2635 623 2929 690 pertinent,
2987 628 3377 695 percurrisset,

171 691 381 759 θαύματα
399 689 688 756 διεξελθὼν,
723 692 817 747 καὶ
846 692 1001 749 τοῦτό
1030 713 1163 768 φησι
1196 701 1329 771 περὶ
1375 700 1469 755 τοῦ
1494 703 1691 773 καιροῦ

1846 725 1863 765 3
1894 717 2142 780 tempore
2180 710 2308 773 hoc,
2349 709 2532 781 Neque
2569 689 2707 779 dies,
2742 713 2942 784 inquit,
2979 689 3141 786 neque
3188 689 3379 771 nam".

168 783 353 846 τούτου,
383 783 457 836 ὅτι
490 785 610 852 Οὐχ
653 784 865 854 ἡμέρα,
911 788 1010 841 καὶ
1032 784 1169 860 οὐῇιὶ
1214 792 1350 857 νύξ.
1374 793 1453 847 Δι’
1498 789 1575 850 ὧν
1603 796 1689 850 ὲν-

1850 801 2014 856 uibus
2047 801 2229 857 verbis
2257 802 2523 866 ostendit,
2564 818 2742 875 neque
2773 783 2941 876 diem,
2988 783 3112 863 cum
3145 811 3228 865 sol
3272 826 3379 866 non

167 874 414 966 δείκνυται,
441 875 523 966 ὅτι
548 875 725 947 ἡμέρα
756 876 855 948 μὲν
882 878 1152 951 κληθῆναι
1174 883 1235 937 οὐ
1264 883 1507 951 δύναται,
1538 887 1689 958 ἡλίου

1850 891 1964 955 lsit,
1997 893 2180 947 vocari
2213 908 2398 963 posse,
2428 909 2606 966 neque
2652 906 2898 963 noctem,
2925 874 3065 960 cum.
3093 902 3277 957 absint
3306 911 3383 957 te-

166 964 226 1035 μὴ
249 964 402 1028 ὄντος,
444 964 539 1031 νὺξ
564 966 621 1019 δὲ
651 968 751 1022 ούκ
786 968 902 1023 ἐστι
929 970 1008 1042 τῷ
1038 973 1176 1044 μηδὲ
1206 975 1398 1040 σκότος
1425 973 1586 1034 εἶναι.
1618 979 1692 1032 Τὸ

1853 982 2002 1046 alme,
2030 999 2171 1055 quas
2194 984 2359 1053 Deus,
2392 994 2455 1042 ut
2511 964 2690 1046 Moses
2712 991 2931 1057 scribit,
2962 1002 3179 1049 noctem
3212 995 3386 1049 nomi-

164 1063 251 1132 γὰρ
287 1062 459 1126 σκότος
510 1063 766 1119 ἐκάλεσεν
818 1068 846 1121 6
898 1067 1032 1134 Θεὸς
1084 1068 1284 1139 νύκτα,
1334 1073 1517 1139 καθώς
1558 1091 1691 1148 φησι
1798 1074 2022 1129 navit".

164 1151 384 1222 Μωῦσῆς.

229 1245 363 1299 Ἐπεὶ
411 1242 504 1300 οὖν
555 1248 695 1303 κατὰ
751 1249 851 1320 μὲν
910 1250 1005 1307 τὸν
1065 1253 1294 1326 χρόνον,
1355 1256 1493 1323 νὺξ,
1553 1257 1697 1314 κατὰ

1873 1245 2274 1315 Quamobrem,
2309 1266 2434 1307 cum
2473 1262 2530 1310 et
2557 1270 2667 1311 nox
2698 1256 2974 1320 tenebris.
3013 1266 3071 1315 et
3106 1258 3227 1316 dies
3259 1260 3380 1316 sole

163 1332 207 1386 δὲ
234 1332 286 1387 τὸ
336 1332 466 1403 φῶς,
499 1336 678 1408 ήμὲρα
703 1354 720 1368 ο
747 1338 938 1393 τούτου
989 1340 1174 1397 ἕνεκέν
1221 1361 1387 1414 φησιν
1414 1347 1443 1400 6
1475 1347 1696 1418 Προφή-

1854 1340 2228 1410 razscribatur,
2264 1344 2534 1414 propheta
2559 1388 2576 1414 ,
2616 1347 2799 1419 Neque
2838 1350 2988 1416 dies,
3034 1352 3246 1422 inquit,
3293 1368 3387 1405 ne-

169 1440 278 1492 της·
299 1424 399 1477 Καὶ
421 1426 543 1496 Οὐχ
584 1426 797 1496 ἡμέρα,
846 1430 945 1484 καὶ
970 1431 1110 1502 οὐχὶ
1142 1432 1279 1499 νύξ.
1306 1436 1370 1489 Et
1418 1429 1510 1489 οὖν
1557 1437 1696 1509 μήτε

1851 1449 1900 1486 ιε
1930 1448 2057 1488 nam.
2093 1432 2251 1500 Quod
2287 1435 2338 1492 si
2369 1452 2551 1509 neque
2577 1453 2687 1495 nox
2710 1483 2726 1507 ,
2757 1457 2935 1512 neque
2965 1443 3122 1511 dies,
3168 1454 3384 1514 tempus

164 1513 257 1580 νὺξ,
278 1515 406 1569 κατὰ
431 1516 523 1571 τὸν
544 1520 829 1591 Προφήτου
858 1522 1038 1592 λόγον,
1074 1526 1103 1579 6
1135 1526 1324 1598 καιρὸς
1343 1520 1499 1592 οὗτός
1527 1528 1696 1594 ἐστιν,

1855 1536 1909 1576 ac
1952 1522 2060 1577 dici
2123 1530 2342 1593 potest,
2399 1526 2509 1583 alio
2561 1530 2786 1585 nomine
2845 1532 3099 1601 proiecto
3145 1513 3388 1602 praesens

163 1606 267 1659 ἄλλο
315 1625 365 1662 τι
422 1608 574 1680 παρά
640 1610 816 1666 ταῦτα
862 1613 1081 1679 πάντως
1140 1616 1174 1685 ή
1235 1615 1486 1687 παροῦσα
1540 1617 1696 1690 χάρις

1854 1613 1981 1667 ratia
2050 1622 2136 1671 est
2200 1617 2552 1688 appellanda.
2617 1617 2802 1678 Vultis
2862 1638 3137 1694 exponam
3200 1624 3387 1689 vobis,

164 1698 259 1751 ἐστὶ
277 1699 360 1752 καὶ
392 1699 736 1770 ὀνομάζεται.
766 1703 1030 1759 Βούλεσθε
1058 1706 1199 1761 εῐπω
1222 1707 1251 1761 ὃ
1279 1707 1655 1781 ἐντεθύμημαι
1680 1727 1697 1779 ;

1858 1706 1936 1762 aid
1978 1708 2096 1777 ipse
2139 1710 2418 1766 sentiam?
2448 1709 2579 1767 Haec
2613 1722 2695 1769 est
2733 1713 2848 1770 dies
2884 1715 3024 1778 illa,
3075 1732 3235 1786 quam
3266 1716 3391 1786 fecit

161 1789 292 1858 Αὕτη
324 1791 491 1847 ἐστιν
534 1794 725 1864 ἡμέρα
781 1795 859 1865 ἢν
878 1797 1173 1866 ἐποίησεν
1213 1801 1248 1854 ὁ
1273 1802 1489 1871 Κύριος
1512 1819 1526 1834 ο
1565 1802 1694 1873 ἄλλη

1860 1797 2172 1863 ominus”,
2230 1814 2260 1854 a
2324 1800 2521 1859 diebus
2577 1803 2688 1860 illis
2751 1805 2916 1876 longe
2982 1806 3238 1871 diversa,
3296 1806 3391 1876 qui

162 1881 284 1952 παρὰ
304 1883 396 1947 τὰς
423 1886 481 1939 ὲν
505 1888 648 1959 ἀρχῇ
670 1889 818 1942 ἐστιν
845 1888 1006 1961 αῦτη.
1049 1891 1138 1945 Ἐν
1157 1891 1329 1965 ταύτῃ
1362 1893 1471 1965 γὰρ
1500 1896 1647 1948 ποιεῖ
1674 1895 1695 1949 d

1868 1888 1997 1943 undi
2046 1891 2451 1959 procreationis
2482 1893 2645 1950 initio
2684 1904 2818 1950 sunt
2849 1899 3136 1953 constituti
3160 1897 3222 1970 ,[
3255 1914 3394 1968 quos

156 1971 265 2036 Θεὸς
302 1976 367 2047 τῇ
418 1977 604 2050 ἡμέρᾳ
645 1979 875 2050 οὐρανὸν
928 1983 1152 2050 καινὸν,
1181 1983 1277 2037 καὶ
1320 1987 1424 2055 γῆν
1472 1983 1689 2057 καινὴν,

1862 1978 2078 2048 imperis
2111 1993 2313 2036 cursus
2338 1980 2641 2037 dimetitur.
2668 1981 2915 2041 Alterius
2958 1986 3078 2041 haec
3115 1994 3202 2041 est
3267 2001 3395 2057 pro—

158 2062 308 2128 καθώς
341 2039 512 2137 ἰρησίιν
531 2039 589 2120 ’δ
611 2039 929 2142 Προφήτης.
960 2071 1120 2127 Ποῖον
1138 2039 1151 2050 1
1177 2039 1441 2144 οὐρανόν;
1470 2072 1532 2127 τὸ
1584 2039 1691 2126 ore:

1862 2069 2108 2142 Leationis
2167 2070 2458 2144 initium.]
2513 2073 2573 2128 in
2612 2074 2716 2129 hac
2759 2077 2915 2130 enim
2943 2077 3032 2133 die
3062 2079 3261 2132 cadum
3298 2092 3395 2131 no-

157 2152 317 2224 ρέωμα
348 2157 444 2229 τῆς
499 2161 583 2224 είς
614 2161 846 2233 Χριστὸν
902 2162 1138 2227 πίστεως
1167 2180 1182 2196 ·
1221 2165 1381 2218 ποίαν
1427 2164 1574 2236 γῆν;
1606 2164 1690 2238 τὴη

1864 2174 1936 2213 tm
1986 2158 2125 2215 facit
2156 2160 2303 2217 Deus
2357 2170 2412 2217 et
2461 2172 2663 2218 terram
2717 2180 2952 2228 novam,
3004 2176 3065 2223 ut
3126 2169 3202 2223 ait
3263 2168 3397 2222 Pro-

157 2243 339 2317 ἀγαθὴν
387 2250 618 2322 καρδίαν
651 2252 820 2324 φημὶ,
869 2254 1052 2319 καθὼς
1099 2250 1251 2311 εἶπεν
1293 2257 1570 2330 ὁΚύριος,
1606 2258 1690 2329 rip

1863 2260 1972 2306 teta
2001 2252 2072 2305 '°.
2136 2254 2364 2325 Ecquod
2403 2256 2646 2311 caelum?
2678 2257 3082 2316 {irritamentum
3114 2260 3237 2331 ejus
3274 2276 3396 2331 quae

155 2338 237 2408 γῆν
261 2339 350 2412 τήν
379 2342 643 2398 πίνουσαν
680 2345 773 2400 τὸν
797 2345 884 2398 ἐπ’
916 2347 1054 2420 αὐτῇ
1092 2350 1386 2421 ἐρχόμενον
1409 2350 1584 2414 ὑετὸν,
1615 2352 1688 2405 καὶ

1863 2371 1867 2399 ι
1895 2344 2122 2401 Christo
2156 2356 2243 2403 est
2282 2347 2433 2404 ﬁdei.
2471 2351 2715 2420 Ecquam
2747 2351 2997 2407 terram?
3027 2367 3123 2407 cor
3156 2352 3396 2417 bonum,

154 2427 226 2482 τὸν
250 2430 502 2504 πολύχουν
538 2435 744 2506 στάχυν
781 2436 1139 2509 ἀδρύνουσαν.
1188 2441 1277 2494 Ἐν
1304 2440 1476 2513 ταύτῃ
1505 2443 1572 2513 τῇ
1598 2441 1687 2497 κτί

1874 2452 2038 2506 quam
2062 2475 2077 2502 ,
2123 2445 2183 2492 ut
2211 2437 2351 2493 dixit
2380 2439 2649 2499 Dominus
2672 2482 2688 2507 ,
2723 2452 2922 2498 terram
2977 2460 3100 2514 quae
3133 2444 3272 2499 bibit
3307 2461 3400 2500 su-

152 2534 239 2585 σει,
262 2520 403 2591 ἥλιος
455 2523 559 2595 μέν
596 2525 744 2580 ἐστιν
771 2526 800 2579 6
843 2526 1084 2599 καθαρὸς
1132 2527 1248 2600 βίος
1283 2548 1297 2563 ⁸
1325 2529 1502 2603 ἄστρα
1543 2531 1621 2600 δὲ,
1653 2551 1685 2586 α

1865 2543 1914 2584 ar
1948 2543 2009 2583 se
2039 2530 2350 2586 venientem
2402 2531 2635 2588 imbrem
2657 2572 2672 2597 ,
2696 2541 2753 2589 et
2784 2534 2997 2603 Spicam
3038 2533 3398 2605 multiplicem

152 2609 342 2678 ἀρεταί·
372 2614 481 2688 ἀὴρ
507 2616 601 2683 δὲ,
628 2619 662 2688 ή
687 2617 952 2692 διαφανὴς
981 2621 1226 2675 πολιτεία
1244 2638 1259 2651 ο
1279 2621 1525 2677 θάλασσα
1549 2623 1626 2691 δὲ,
1651 2642 1685 2680 τι

1867 2620 2046 2677 irit".
2100 2619 2160 2675 ln
2212 2621 2317 2678 hac
2371 2624 2691 2690 creatione,
2755 2625 2838 2680 sol
2889 2626 3110 2695 quidem
3161 2635 3246 2682 est
3291 2628 3400 2681 vita

150 2700 290 2769 βάθος
322 2707 435 2761 ἐστὶ
459 2709 561 2764 τοῦ
595 2709 824 2764 πλούτου
856 2696 957 2781 τῆς
995 2713 1187 2783 σοφίας
1209 2732 1269 2768 τε
1296 2716 1391 2770 καὶ
1420 2715 1676 2784 γνώσεως

1876 2710 2017 2765 unda
2038 2752 2053 2775 ,
2077 2712 2284 2778 stellae,
2322 2713 2593 2781 virtutes;
2626 2729 2744 2779 aer,
2778 2716 3046 2784 praeclara
3102 2730 3403 2769 conversa—

153 2795 257 2847 πὸαι
299 2798 387 2852 καὶ
422 2800 809 2874 βλαστήματα,
844 2805 1083 2878 ήὸιγαθὴ
1137 2807 1456 2863 διδασκαλία
1505 2809 1598 2862 καὶ⁵
1646 2826 1686 2862 τι

1869 2817 1928 2871 ο;
1965 2818 2138 2867 mare,
2185 2802 2422 2858 altitudo
2459 2804 2803 2871 divitiarum,
2833 2806 3117 2876 sapientia:
3141 2814 3198 2862 et
3219 2807 3402 2862 scien-

150 2884 246 2940 θεῖα
281 2889 521 2963 δόγματα
543 2935 562 2960 ,
598 2895 743 2968 ἆπερ
772 2898 800 2950 ὁ
826 2897 955 2963 λαὸς
989 2900 1088 2969 τῆς
1138 2901 1310 2971 νομῆς
1331 2941 1345 2963 .
1373 2902 1654 2957 τουτέστιν
1679 2922 1683 2931 ·

1871 2909 1943 2961 ae;
1988 2893 2173 2949 herba:
2212 2902 2269 2949 et
2315 2894 2563 2964 germina
2593 2935 2607 2957 .
2643 2895 2789 2950 bona
2839 2895 3133 2961 doctrina,
3185 2895 3404 2949 divina-

151 2980 322 3054 ποίμνη
342 2986 435 3040 τοῦ
460 2987 604 3042 Θεοῦ
641 2989 957 3061 ἐπινέμεται
976 3007 991 3024 ο
1022 2992 1217 3064 δένδρα
1237 2993 1295 3047 δὲ
1316 2994 1573 3050 ποιοῦντα
1592 3013 1684 3068 καί

1967 2983 2333 3051 documenta,
2368 3000 2491 3055 quae
2548 2986 2786 3057 populus
2822 3000 3045 3056 pascuae
3069 3023 3084 3049 ,
3146 2986 3254 3040 hoc
3287 2993 3404 3047 est.
3475 2999 3498 3024 ο

149 3073 248 3141 nev,
280 3078 309 3149 ή
348 3079 459 3135 τῶν
499 3081 737 3136 ἐντολῶν
777 3084 1029 3157 ἐργασία.
1080 3085 1169 3139 Ἐν
1197 3086 1371 3160 ταύτῃ
1421 3087 1664 3153 κτίζεται

1877 3077 1930 3133 ei.
1950 3092 2082 3148 grex
2111 3077 2330 3148 carpit,
2366 3084 2533 3149 atque
2573 3077 2931 3148 depascitur;
2963 3077 3192 3132 arbores
3228 3076 3410 3132 feren-

149 3165 370 3236 ἁληθινδς
416 3172 749 3244 ἄνθρωπος,
779 3176 809 3227 6
853 3176 974 3231 κατ’
1006 3176 1194 3232 εἰκόνα
1248 3178 1543 3250 γενόμενος
1583 3180 1682 3233 Θεο

1877 3184 1903 3225 s
1936 3168 2174 3225 fructum
2200 3208 2216 3233 ,
2243 3169 2630 3226 mandatorum
2675 3170 3018 3226 observatio.
3068 3169 3127 3223 lu
3184 3168 3290 3223 hac
3324 3168 3410 3222 die

146 3257 231 3310 καὶ
248 3261 523 3331 ὁμοίωσιν.
567 3259 721 3336 *Αρά
769 3282 851 3319 σοι
903 3267 964 3320 ού
1023 3267 1229 3339 κόσμος
1284 3269 1493 3338 γίνεται
1525 3271 1679 3343 ήὰρχ

1875 3277 1985 3318 :rus
2028 3262 2194 3318 homo
2244 3270 2570 3333 procreatur
2603 3262 2672 3318 ad
2707 3262 3002 3331 imaginem
3049 3268 3107 3315 et
3146 3259 3408 3316 similitu-

146 3348 287 3423 αὕτη,
327 3355 393 3413 Ἡ
433 3356 658 3427 ἡμέρα,
692 3355 773 3426 ἢν
815 3359 1108 3428 ἐποίησεν
1133 3362 1167 3415 ὁ
1192 3362 1444 3429 Κύριος;
1490 3359 1679 3437 Περὶῆ

1866 3355 2003 3408 incm
2037 3354 2152 3409 Dei.
2186 3353 2385 3410 Annon
2416 3354 2655 3410 mundus
2689 3354 2786 3408 tibi
2809 3355 2867 3407 tit
2896 3351 3001 3407 hoc
3037 3352 3399 3422 principium,

147 3458 291 3515 φησιν
330 3449 360 3501 6
389 3450 690 3522 προφήτης
722 3450 1027 3523 Ζαχαρίας,
1059 3452 1142 3507 ὅτι
1192 3451 1316 3507 οὕτε
1356 3453 1541 3525 ήμέρα
1580 3472 1680 3509 κατ

1882 3461 1957 3499 ατ
1991 3443 2133 3511 dies,
2166 3461 2326 3515 quam
2366 3444 2489 3514 fecit
2519 3444 2826 3498 Domitius?
2851 3442 3027 3509 Quam
3062 3457 3243 3511 neque
3268 3443 3411 3496 diem

146 3533 228 3598 τὰς
248 3536 408 3602 ἄλλας
428 3542 673 3613 ἡμέρας,
700 3540 825 3596 οὔτε
854 3542 950 3607 νὺξ
981 3543 1123 3597 κατὰ
1160 3543 1258 3608 τὰς
1288 3543 1454 3607 ἄλλας
1487 3543 1679 3607 νύκτας

1879 3552 1948 3592 ;sc
1977 3535 2111 3590 dicit
2157 3536 2425 3606 propheta
2500 3535 2698 3592 diebus
2724 3535 2851 3589 aliis
2878 3574 2892 3599 ,
2959 3549 3140 3605 neque
3194 3540 3412 3587 noctem

145 3625 240 3681 Καὶ
274 3629 424 3686 οὔπω
450 3634 517 3688 τὸ
543 3632 824 3706 ἐξαίρετον
848 3636 949 3707 τῆς
969 3634 1250 3706 παρούσης
1277 3634 1495 3707 χάριτος
1520 3637 1549 3689 6
1567 3636 1678 3703 λόγε

1882 3628 1950 3681 iis
1999 3625 2258 3680 noctibus
2291 3625 2575 3680 similem?
2622 3623 2731 3679 Sed
2788 3622 2934 3693 quod
2990 3622 3044 3675 in
3085 3622 3188 3676 hac
3239 3620 3414 3691 gratia

146 3718 408 3791 ἒκήρυξεν.
437 3725 601 3795 Αὕτη
640 3724 797 3779 ἔλυσε
827 3725 927 3796 τὴν
965 3726 1063 3780 τοῦ
1104 3726 1335 3780 θανάτου
1358 3726 1544 3790 ὠδῖνα.
1577 3725 1679 3780 Αῦτ

1884 3717 2344 3774 mstantissimum
2389 3726 2511 3782 est,
2543 3715 2789 3773 nondum
2825 3714 3245 3786 explicavimus.
3292 3711 3417 3767 Hazc

145 3809 225 3867 τὸν
246 3814 351 3869 τῶν
379 3819 609 3891 νεκρῶν
640 3819 982 3890 πρωτότοκον
1015 3820 1366 3891 ὲμαιεύσατο.
1415 3821 1504 3874 Ἑν
1551 3818 1678 3872 ταύτ

1886 3808 2024 3864 ortis
2074 3806 2292 3862 dolores
2345 3806 2618 3863 dissolvit.
2654 3803 2780 3861 Haec
2811 3812 3155 3860 mortuorum
3212 3803 3416 3874 primo-

145 3908 534 3979 συνετρίϐησαν
586 3911 644 3965 at
693 3908 915 3980 σιδηραῖ
963 3910 1057 3964 τοῦ
1116 3910 1349 3965 θανάτου
1400 3911 1583 3967 πύλαι.
1641 3912 1678 3964 Ἰ

1887 3900 2072 3955 :nitum
2119 3899 2313 3955 edidit.
2344 3899 2400 3954 ln
2448 3899 2552 3954 bac
2606 3897 2797 3954 ferreae
2837 3898 3028 3953 mortis
3084 3903 3256 3968 porta:
3289 3911 3420 3950 con-

144 3996 299 4069 ταύτῃ
352 4002 403 4053 ol.
452 4002 657 4073 χαλκοῖ
697 4001 793 4056 τοῦ
841 4002 969 4074 ᾅδου
1027 4004 1214 4075 μοχλοὶ
1266 4002 1676 4076 συνεθλάσθησα

1888 4001 2022 4049 actae
2059 4002 2208 4049 sunt.
2254 3991 2309 4047 In
2353 3992 2455 4047 hac
2508 3993 2636 4049 aerei
2687 3991 2989 4047 inferorum
3044 3998 3226 4045 vectes
3277 4003 3421 4042 com-

142 4084 247 4140 Νῦν
267 4090 558 4161 ἀνοίγεται
592 4091 688 4146 τοῦ
712 4091 945 4148 θανάτου
967 4094 1028 4148 τὸ
1058 4094 1449 4166 δεσμωτήριον.
1483 4093 1597 4149 Νῦν
1633 4112 1675 4149 κί

1894 4085 2057 4140 inuti.
2096 4082 2256 4139 Nunc
2291 4083 2488 4138 mortis
2512 4096 2702 4138 carcer
2731 4082 2999 4151 aperitur.
3032 4079 3191 4134 Nunc
3241 4078 3420 4147 capti-

144 4177 393 4249 ρύσσεται
443 4189 565 4251 τοῖς
619 4185 985 4258 αἰχμαλώτοις
1029 4188 1063 4255 ἡ
1097 4187 1310 4257 ἀφεσις.
1362 4188 1479 4242 Νῦν
1525 4187 1674 4257 γίνετ

1880 4178 1923 4232 is
1960 4176 2188 4233 libertas
2210 4175 2593 4231 denuntiatur.
2624 4172 2784 4229 Nunc
2808 4173 2971 4227 caecis
2997 4171 3216 4226 videndi
3242 4170 3413 4223 facul-

142 4275 243 4336 τοῖς
274 4276 509 4346 τυφλοῖς
567 4277 604 4348 ἡ
636 4278 951 4347 ἀνάϐλεψις.
1002 4277 1118 4332 Νῦν
1151 4281 1263 4343 τοῖς
1307 4280 1367 4335 ἐν
1415 4279 1598 4334 σκότει
1642 4297 1675 4334 κ

1888 4285 1923 4325 ιε
1957 4270 2252 4339 praebetur.
2288 4267 2445 4325 Nune
2497 4267 2686 4323 oriens
2723 4281 2790 4321 ex
2825 4266 2936 4319 alto
2970 4265 3161 4320 invisit
3190 4278 3289 4320 eos
3325 4263 3421 4334 qui

145 4364 265 4434 σκιᾷ
315 4366 564 4422 θανάτου
616 4369 967 4438 καθημένοις,
992 4371 1026 4440 ἡ
1055 4369 1114 4433 ἐξ
1155 4368 1323 4439 ὕψους
1358 4370 1591 4443 ἀνατολὴ
1620 4373 1678 4425 ὲτπ

1891 4360 2174 4417 ιιεηθιπὶε
2218 4369 2275 4415 et
2317 4359 2513 4414 umbra
2554 4359 2754 4413 mortis
2797 4357 3179 4413 considebant.
3244 4354 3424 4411 Vultis

142 4456 453 4514 σκέπτεται.
481 4458 759 4514 Βούλεσθε
785 4476 839 4512 τι
866 4460 961 4514 καὶ
993 4461 1122 4532 περὶ
1154 4461 1251 4532 τῆς
1273 4460 1575 4534 τριημέρου
1603 4479 1675 4531 πρ

1893 4453 2005 4507 iam
2036 4451 2105 4507 de
2135 4450 2304 4505 tridui
2367 4448 2639 4521 praeﬁnito
2669 4450 2906 4504 termino
2956 4447 3169 4518 aliquid
3222 4446 3426 4502 intelli-

143 4543 367 4618 θεσμίας
391 4550 636 4621 μαθεῖν;
669 4551 857 4620 Ἀρκεῖ
881 4550 1135 4607 τοσοῦτον
1171 4552 1383 4624 μαθεῖν,
1401 4554 1485 4608 ὃτι
1512 4553 1571 4607 ὲν
1599 4552 1676 4606 ούπ

1893 4543 2171 4601 ereilllud
2201 4542 2413 4599 dixisse
2446 4541 2695 4599 contenti
2752 4541 2965 4606 simus,
3009 4551 3118 4595 tam
3168 4540 3426 4612 exiguum

138 4637 296 4712 ὀλίγῳ
328 4642 413 4714 τῷ
446 4641 695 4715 χρονικῷ
726 4643 1074 4715 διαστήματι,
1099 4644 1384 4716 ήρκεσενή
1414 4643 1671 4700 παντοδύν

1900 4637 2108 4708 mporis
2146 4635 2389 4706 spatium
2428 4635 2601 4692 fuisse
2631 4636 2805 4700 satis,
2839 4644 2900 4689 ut
2928 4634 3284 4703 omnipotens
3339 4645 3429 4685 sa-

144 4748 237 4797 μος
253 4734 425 4802 σοφία
453 4737 519 4788 ὲν
549 4736 617 4806 τῇ
661 4734 858 4807 καρδίᾳ
889 4735 988 4806 τῆς
1023 4735 1126 4806 γῆς
1163 4737 1430 4807 γενομένη
1452 4738 1484 4790 6
1515 4735 1677 4808 Κύριε

1895 4729 2052 4785 lentia
2109 4728 2167 4784 in
2226 4728 2397 4784 corde
2431 4736 2595 4785 terrae
2655 4729 2936 4785 exsistens
2970 4741 3225 4797 magnam
3279 4724 3428 4778 illam

137 4822 223 4875 τὸν
247 4826 428 4895 μέγαν
462 4827 679 4881 ἐκεῖνον
705 4825 831 4881 νοῦν
856 4825 964 4910 ,τὸν
998 4829 1057 4880 ὲν
1086 4828 1221 4899 αὐτῇ
1249 4826 1609 4898 διαιτώμενον
1645 4844 1670 4880 κ

1903 4832 2086 4878 entem
2139 4821 2196 4875 in
2226 4835 2294 4877 eo
2328 4820 2665 4877 habitantem
2728 4820 2953 4875 stultam
3012 4818 3285 4873 redderet.
3340 4812 3430 4867 Sic

138 4918 497 4986 ταμωρᾶναι.
533 4916 691 4971 Οὕτω
718 4917 828 4988 γὰρ
857 4919 887 4971 ὁ
919 4917 1217 4990 Προφήτης
1242 4918 1405 4973 αὑτὸν
1432 4935 1671 4988 κατονομ

1897 4914 1990 4967 tim
2023 4912 2180 4967 illum
2229 4913 2479 4968 nominat
2513 4911 2830 4982 Propheta,
2878 4924 3132 4981 magnam
3193 4914 3430 4961 mentem

139 5002 254 5071 ζει,
291 5008 485 5078 μέγαν
541 5007 666 5063 νοῦν
726 5009 889 5063 αὐτὸν
939 5008 1229 5064 ἀποκαλῶν
1291 5010 1386 5064 καὶ
1440 5009 1672 5081 Ἀσσύρυ

1898 5020 1999 5060 tum
2053 5012 2110 5060 et
2166 5004 2457 5076 Assyrium
2491 5005 2774 5074 appellans
2797 5005 2866 5056 ".
2927 5000 3203 5068 Quoniam
3268 4996 3431 5065 igitur

148 5093 302 5149 Ἐπεὶ
351 5093 458 5153 οὖν
495 5097 652 5151 ἑστία
676 5097 759 5162 τίς
789 5101 907 5152 ἐστι
928 5096 1024 5153 τοῦ
1061 5096 1155 5151 νοῦ
1178 5100 1212 5170 ή
1244 5099 1547 5172 καρδία(ὲν
1574 5099 1681 5154 ταύη

1898 5097 2186 5154 >micilium
2243 5096 2525 5167 quoddam
2561 5096 2763 5153 mentis
2791 5102 2877 5151 est
2912 5108 3046 5157 eor;
3085 5092 3139 5145 in
3175 5104 3243 5143 eo
3286 5087 3431 5142 enim

137 5186 243 5258 γὰρ
270 5189 337 5243 τὸ
371 5191 722 5261 ἡγεμονικὸν
749 5187 892 5244 εἶναι
924 5190 1286 5261 πιστεύεται),
1308 5192 1397 5246 διὰ
1418 5193 1576 5247 τοῦτο
1607 5193 1670 5263 γίε

1901 5193 2205 5264 rincipatus
2253 5192 2427 5247 animi
2466 5207 2593 5248 esse
2615 5191 2861 5245 creditur
2892 5206 2905 5241 :
2938 5186 3146 5239 idcirco
3172 5181 3434 5235 Dominus

134 5294 223 5334 ται
250 5283 311 5336 ἐν
336 5287 408 5356 τῇ
447 5283 657 5356 καρδία
693 5284 794 5356 τῆς
845 5284 952 5355 γῆς
992 5286 1023 5338 6
1074 5284 1300 5356 Κύριος,
1342 5285 1467 5356 ἣτις
1489 5286 1608 5339 ἐστὶ
1656 5305 1667 5322 ι

1901 5293 2036 5342 .anet
2064 5286 2121 5341 in
2150 5285 2317 5341 corde
2344 5294 2541 5347 terrae,
2584 5282 2676 5337 ubi
2711 5289 2798 5336 est
2823 5277 3024 5333 mentis
3073 5274 3224 5327 illius
3269 5271 3434 5325 caele-

139 5371 226 5426 νοῦ
293 5375 535 5431 ἐκείνου
573 5377 824 5448 οὐράνιον
859 5377 1178 5449 ἐνδιαίτημα
1199 5393 1213 5408 ·
1252 5376 1394 5432 ὥστε
1427 5377 1527 5448 τὴν
1561 5377 1672 5448 βου]

1901 5392 1939 5433 ‘e
1960 5377 2329 5441 domicilium,
2367 5383 2428 5431 ut
2463 5373 2761 5431 consilium
2795 5370 2918 5440 ejus
2951 5366 3185 5422 stultum
3218 5361 3434 5425 reddat,

137 5463 308 5519 αὑτοῦ
339 5466 633 5538 μωρᾶναι,
657 5466 841 5531 καθὼς
874 5467 1214 5540 ὁΠροφήτης
1248 5470 1401 5538 φησὶ,
1434 5469 1530 5522 καὶ
1554 5469 1670 5541 δράί

1903 5476 1919 5522 ι
1973 5468 2052 5523 ait
2118 5469 2434 5539 pr0pheta,
2494 5476 2548 5522 et
2596 5461 2975 5535 apprehendat
3041 5458 3319 5528 sapientes
3382 5454 3436 5509 in

137 5551 265 5608 σθαι
296 5555 400 5610 τὸν
432 5555 605 5624 σοφὸν
634 5558 693 5610 ὲν
722 5559 789 5628 τῇ
844 5558 1150 5631 πανουργίᾳ
1173 5557 1338 5613 αὑτοῦ
1368 5560 1462 5613 καὶ
1501 5576 1670 5632 περιτι

1904 5562 2066 5615 stutia
2112 5576 2305 5617 eorum
2330 5561 2411 5629 ηπ,
2446 5566 2501 5615 et
2539 5557 2816 5628 sapientes
2845 5554 3090 5623 ipsorum
3123 5556 3356 5604 conatus
3384 5551 3437 5600 in

136 5643 237 5713 ψαι
283 5646 455 5717 αὐτῷ
520 5648 654 5718 πρὶς
690 5648 752 5702 τὸ
779 5648 1020 5703 ἐναντίον
1060 5649 1130 5704 τὰ
1173 5651 1313 5720 σοφὰ
1356 5652 1669 5723 ὲγχειρήμα·

1906 5653 2204 5707 nntrarium
2252 5657 2455 5707 vertat.
2482 5649 2622 5704 Nam
2658 5646 2789 5717 quia
2821 5644 2938 5700 ﬁeri
2969 5657 3080 5698 non
3126 5648 3341 5711 poterat
3380 5645 3439 5693 ut

154 5734 391 5809 Ἐπειδὴ
426 5736 548 5808 γὰρ
587 5739 873 5812 ἀμήχανον
895 5733 964 5810 ἦν
990 5739 1082 5795 τὸν
1116 5740 1350 5813 ἄρχοντα
1396 5740 1491 5796 τοῦ
1529 5742 1687 5797 σκὸτο

1901 5746 2121 5816 riuceps
2171 5744 2521 5800 tenebrarum
2593 5753 2799 5795 meram
2872 5737 3014 5791 lucis
3080 5731 3431 5803 pra-sentiam

217 5850 263 5922 ξτ
294 5849 488 5904 Zach.
514 5865 621 5915 xw,
646 5852 701 5909 7.
756 5851 832 5922 A'ﬁ
854 5850 990 5907 Gen.
1027 5867 1066 5914 ι,
1102 5854 1155 5909 '5.
1235 5856 1278 5889 ¹⁹
1295 5856 1445 5922 Psal.
1479 5870 1647 5919 cxvn,
1677 5856 1747 5911 24

1902 5855 2049 5913 ’lsa.
2078 5872 2204 5922 ειν,
2230 5856 2318 5910 17.
2415 5856 2458 5889 ’⁸
2502 5853 2608 5910 lsa.
2641 5868 2750 5917 ut,
2812 5849 2898 5905 ll.
2992 5849 3039 5881 ¹¹
3075 5846 3181 5901 lsa.
3242 5858 3295 5909 χ,
3334 5841 3435 5909 l2;

145 5916 329 5977 “lsa.
369 5935 541 5986 xxix,
564 5923 650 5977 14.
726 5920 775 5954 ’⁸
805 5920 909 5979 Job
942 5938 992 5988 ν,
1024 5923 1111 5978 15.
