3882 6428
204 348 288 406 509
1129 334 1196 390 lN
1234 333 1509 392 CHRISTI
1548 334 2185 393 RESURRECTIONEM
2223 336 2433 395 ORAT.
2474 339 2515 395 Ι.

3321 335 3428 391 610

199 456 339 515 νοῧσα
385 450 668 523 συνδιεξῄει
700 452 822 516 ταῖς
868 451 959 506 ἀεὶ
1002 450 1417 523 ἑπιγενομέναις
1455 454 1671 521 γενεαῖς
1697 453 1732 523 ἡ

1851 450 2074 508 lecunda
2094 450 2319 508 'malitia
2351 450 2607 507 mtatibus
2630 449 2825 507 ordine
2852 448 3274 506 succedentibus
3308 464 3430 520 pcr-

199 547 340 606 κακία
356 546 580 618 ,χεομένη
611 543 691 616 τῷ
718 543 915 615 πλήθει
951 544 1089 615 πρὸς
1128 543 1377 617 ἄπειρον,
1407 545 1514 610 ἕως
1560 546 1641 610 εἰς
1680 545 1741 599 τὸ

197 639 459 711 ἀκρδτατον
497 634 587 688 τοῦ
626 633 800 687 κακοῦ
834 631 1172 706 προελθοῦσα
1197 674 1213 698 ,
1247 632 1430 707 πάσης
1465 634 1740 706 κατεκρά-

195 746 304 801 τησε
333 726 424 797 τῆς
460 724 802 796 ἀνθρωπίνης
835 724 1053 794 φύσεως
1088 740 1104 757 °
1132 724 1274 779 οὕτω
1311 724 1406 779 τοῦ
1452 726 1740 799 Προφὴτου

194 818 459 882 καθολικῶς
507 817 929 889 ἀποφηναμένου
950 856 967 881 ,
998 818 1080 871 ὅτι
1112 816 1344 884 Πάντες
1377 817 1702 883 ἐξέκλιναν
1724 859 1739 885 ,

193 914 295 983 ἅμα
332 910 756 981 ήχρειώθησαν,
799 911 890 965 καὶ
912 911 1012 965 οὑκ
1045 906 1115 983 ἦν
1144 915 1201 964 ὲν
1240 913 1355 975 τοῖς
1387 907 1537 966 οὖσιν
1569 911 1741 978 οὐδὲν,

189 1006 303 1078 δμὴ
328 1006 514 1069 κακίας
557 1004 787 1075 ὄργανον
817 999 906 1076 ἦν.
928 1003 1039 1076 Τὴν
1079 999 1172 1058 οὖν
1203 1003 1473 1075 τοσαύτην
1514 1005 1612 1061 τοῦ
1643 1020 1744 1057 κα-

192 1097 273 1152 κοῦ
308 1096 526 1169 σωρείαν
552 1095 650 1168 τὴν
680 1095 792 1149 ἀπὸ
836 1095 1150 1165 καταϐολῆς
1190 1095 1396 1167 κόσμου
1452 1101 1615 1167 μέχρι
1646 1096 1744 1168 τῆς

188 1188 311 1244 κατὰ
343 1189 399 1242 τὸ
423 1189 587 1253 πάθος
613 1187 706 1242 τοῦ
749 1188 958 1259 Κυρίου
1003 1189 1317 1259 οἰκονομίας
1347 1186 1748 1261 συναθροισθεῖ-

190 1300 291 1349 σαν,
316 1285 343 1336 ὁ
375 1284 431 1334 ὲν
453 1283 598 1352 τρισὶ
629 1282 850 1353 διαχέας
885 1282 1144 1353 ἡμέραις,
1178 1282 1380 1353 μικράν
1402 1298 1485 1336 σοι
1518 1280 1747 1354 πεποίη-

113 1382 132 1435 i‘
190 1392 260 1429 ται
299 1375 391 1445 τῆς
426 1374 871 1447 ὑπερϐαλλούσης
911 1371 1195 1445 δυνάμεως
1224 1374 1325 1446 τὴν
1375 1373 1668 1442 ὲπίδειξινς
1707 1374 1742 1448 ἢ

109 1518 115 1527 ,
188 1469 287 1538 οὐχὶ
319 1468 501 1521 πασῶν
567 1468 678 1521 τῶν
724 1469 783 1522 ὲν
834 1468 955 1531 ταῖς
1006 1467 1268 1539 ἱστορίαις
1322 1466 1746 1538 θαυματοποιῶν

188 1560 551 1635 ἰσχυροτέραν;
588 1561 800 1632 ’Ὥσπερ
841 1561 950 1633 γὰρ
978 1558 1264 1624 πλεονάζει
1288 1558 1381 1613 τοῦ
1412 1559 1652 1632 Σαμψὼν
1684 1558 1747 1613 τὸ

186 1649 364 1722 θαῦμα,
390 1651 450 1705 οὑ
500 1651 642 1706 κατά
686 1652 750 1706 τὸ
790 1653 1120 1724 κατισχύσαι
1166 1654 1327 1725 μόνον
1370 1651 1467 1707 τοῦ
1509 1653 1742 1720 λέοντος,

182 1744 297 1805 ἀλλὰ
327 1747 413 1799 καὶ
455 1746 516 1800 τὸ
562 1746 779 1810 ἀπόνως
822 1746 986 1802 αὑτὸν
1032 1746 1469 1818 διαχειρίσασθαι
1510 1749 1746 1819 γυμναῖς

181 1837 260 1890 καὶ
288 1835 499 1900 ἀόπλοις
532 1838 691 1909 χερσὶ
711 1837 803 1892 τὸν
827 1838 972 1910 θῆρα
1008 1838 1418 1903 καταπαίζοντα
1439 1838 1742 1893 διασπάσα-

184 1928 315 1983 σθαι·
346 1928 487 1983 οὑτω
516 1929 614 1984 καὶ
644 1930 740 1985 τοῦ
767 1930 891 2002 δίχα
914 1930 1096 2001 πάσης
1123 1930 1393 2001 ὲργωδίας
1422 1932 1514 1986 τὸν
1537 1931 1743 2004 Κύριον

180 2019 261 2090 τὴν
299 2020 564 2094 τοσαύτην
618 2022 882 2093 ἀφανίσαι
940 2023 1169 2091 κακίαν,
1219 2023 1495 2091 ἀπόδειξις
1542 2022 1744 2095 μείζων

178 2111 278 2165 ἐστὶ
312 2111 402 2167 τοῦ
434 2113 534 2184 τῆς
571 2113 854 2186 δυνάμεως
891 2115 1341 2187 ὑπερϐάλλοντος.
1376 2117 1489 2187 Οὑχ
1537 2116 1744 2170 ὑδάτων

176 2199 395 2273 ἀπείρων
430 2206 697 2277 ἐπιρροαὶ
743 2207 807 2260 ὲκ
849 2205 959 2260 τῶν
1009 2205 1217 2262 ἄνωθεν
1263 2206 1624 2278 καταρακτῶν
1668 2205 1748 2278 τῷ

174 2293 494 2369 ὑποκειμένῳ
554 2298 1068 2367 ὲγκαταπίπτουσαι
1091 2339 1106 2365 ,
1155 2298 1276 2358 οὑδὲ
1348 2298 1577 2378 ἄϐυσσοι
1637 2299 1747 2354 τῶν

174 2384 305 2441 ίδίων
339 2389 476 2460 ὅρων
521 2390 1012 2463 ὑπεροιδαίνουσαι,
1050 2393 1144 2446 καὶ
1194 2394 1307 2455 τοῖς
1344 2391 1608 2462 πελάγεσι
1648 2392 1747 2465 τὴν

176 2475 264 2547 γῆν
292 2478 702 2547 ὲπικλύζουσαι,
727 2482 850 2536 οὑδὲ
876 2484 1078 2555 πᾶσαὴ
1104 2484 1398 2555 οἰκουμένη
1432 2486 1559 2557 νηὸς
1590 2484 1747 2557 δίκην

170 2567 444 2643 αὑτανδρος
464 2572 546 2645 τῷ
584 2572 731 2644 βυθῷ
752 2574 1161 2649 καλυπτομένη,
1196 2576 1318 2631 οὑδὲ
1359 2577 1460 2650 ὅρη
1487 2578 1748 2649 γινόμενα

168 2656 333 2731 βύθια,
360 2665 455 2718 καὶ
480 2665 726 2737 κορυφαὶ
762 2666 871 2722 τῶν
894 2667 1040 2739 ὁρῶν
1078 2667 1402 2740 ὑποϐρύχιοι
1421 2686 1435 2700 ο
1467 2671 1590 2724 οὑδὲ
1623 2670 1747 2725 καθ’

172 2754 441 2829 ὁμοιότητα
474 2759 733 2831 Σοδόμων
756 2761 814 2813 at
835 2760 936 2832 τῆς
958 2761 1157 2831 φλογὸς
1181 2761 1481 2835 ἐπομϐρίαι
1514 2763 1593 2835 τῷ
1612 2763 1748 2837 πυρὶ

173 2844 225 2899 τὸ
246 2846 518 2923 διεφθορὸς
574 2853 1039 2926 ὲκκαθαίρουσαι·
1079 2855 1202 2909 οὑδὲ
1238 2856 1366 2911 ἄλλο
1407 2873 1462 2911 τι
1504 2856 1748 2912 τοιοῦτον

170 2933 305 2990 οὐδέν
346 2956 362 2971 ν
399 2940 540 2996 ἀλλά
591 2942 741 3013 ἁπλῆ
780 2960 864 3007 τις
911 2945 1006 2999 καὶ
1052 2945 1439 3019 ἀκατάληπτος
1486 2948 1749 3021 ἐπιδημία

175 3028 294 3100 μόνη
318 3031 464 3103 ζωῆς
487 3074 504 3100 ,
533 3034 634 3087 καὶ
663 3034 843 3103 φωτὸς
874 3037 1145 3110 παρουσία
1170 3077 1186 3104 ,
1220 3041 1333 3103 τοῖς
1356 3041 1414 3093 έν
1446 3039 1629 3094 σκότει
1654 3040 1750 3095 καὶ

167 3119 282 3190 σκιᾷ
337 3120 579 3177 θανάτου
628 3123 962 3196 καθημένοις
984 3166 1000 3192 ,
1053 3126 1297 3199 ἔκλειψιν
1352 3129 1590 3201 παντελῆ
1654 3131 1749 3184 καὶ

164 3205 453 3282 ἀφανισμὸν
475 3213 576 3268 τοῦ
595 3232 655 3270 τε
682 3216 909 3281 σκότους
931 3217 1142 3273 καὶτοῦ
1166 3217 1398 3273 θανάτου
1425 3218 1739 3293 πεποίηται.

164 3295 304 3356 arm
333 3321 385 3357 τι
411 3305 559 3379 πρὸς
603 3309 716 3372 τοῖς
754 3309 1066 3389 εἰρημέναις
1096 3312 1191 3365 καὶ
1217 3310 1441 3383 ἕτερον;
1486 3312 1657 3384 Ἐφύη
1684 3313 1746 3367 τὸ

158 3392 319 3448 «κακὸν
351 3397 412 3451 ἐν
442 3398 528 3471 τῷ
578 3398 699 3470 ὄφει
725 3417 740 3433 ο
781 3400 990 3474 ἡττήθη
1023 3403 1058 3474 ἡ
1106 3402 1244 3475 γυνὴ
1277 3405 1378 3476 τῆς
1421 3405 1621 3476 πείρας
1648 3406 1746 3461 τοῦ

156 3478 448 3555 δράκοντος
480 3507 496 3523 ο
551 3491 769 3565 ἡττήθη
824 3493 964 3565 μετά
1016 3494 1191 3550 ταῦτα
1249 3497 1351 3569 τῆς
1414 3497 1676 3568 γυναικὸς
1717 3500 1748 3554 6

164 3573 307 3649 ἀνήρ.
328 3582 428 3636 Διά
455 3584 638 3659 τριῶν
657 3584 784 3658 έσχε
803 3586 865 3640 τὸ
893 3587 1064 3642 κακὸν
1100 3587 1199 3662 τὴν
1228 3589 1462 3660 γένεσιν.
1510 3590 1656 3663 Πρὸς
1695 3591 1748 3645 τί

132 3651 251 3779 ί
280 3670 469 3779 βλέπει
494 3651 772 3749 τούτωνψὴ
828 3680 1052 3752 μνήμης
1085 3651 1252 3735 Ἒὲττὶ
1274 3682 1397 3737 τινά
1424 3682 1519 3736 τοῦ
1539 3651 1746 3747 ἀγαθοῦ

119 3760 299 3866 ita?”
328 3765 427 3821 διὰ
455 3768 565 3866 Τῆς
594 3770 653 3823 ἐν
669 3770 757 3866 τῷ
778 3771 935 3866 κακῷ
955 3772 1179 3866 ,τάξεως
1218 3776 1572 3848 κατανοῆσαι.
1609 3777 1749 3866 Τρία

114 3846 133 3941 ξ
159 3846 330 3921 βλέπω
373 3859 564 3917 ταῦτα
603 3860 697 3916 τοῦ
728 3863 902 3918 κακοῦ
946 3864 1128 3937 δοχεῖα
1151 3882 1166 3899 ο
1197 3867 1414 3939 πρῶτον
1445 3846 1547 3941 μὲν
1571 3910 1586 3936 ,
1619 3846 1677 3924 ὲν
1705 3864 1751 3941 ᾧ

111 3939 116 3951 ’
156 3943 213 3997 τὺ
241 3949 460 4021 πρῶτον
493 3953 732 4028 συνέστη
756 3971 772 3986 ο
803 3955 1077 4030 δεύτερον,
1125 3961 1206 4025 εἰς
1234 3960 1264 4013 ὃ
1292 3939 1566 4036 μετερρύη
1587 3982 1601 3995 ·
1634 3939 1753 4037 τρί-

153 4053 256 4107 τον,
282 4044 345 4101 ἐν
366 4038 412 4115 ᾧ
458 4044 609 4118 μετὰ
651 4046 825 4102 ταῦτα
857 4050 1170 4120 ἐπεγένετο.
1212 4051 1429 4126 Ἐπειδὴ
1478 4054 1658 4108 τοίνυν
1692 4056 1752 4110 ἐν

152 4138 259 4200 τοῖς
287 4142 439 4212 τρισὶ
466 4140 691 4206 τούτοις
716 4144 750 4214 ἡ
784 4142 953 4197 κακία
986 4143 1420 4220 ἐπλήμμυρε,τῇ
1443 4147 1749 4222 διαϐολικῇ,

150 4224 311 4299 λέγω,
342 4232 537 4303 φύσει,
583 4235 681 4291 καὶ
726 4233 808 4308 τῷ
851 4235 962 4290 τῶν
1008 4238 1286 4308 γυναικῶν
1334 4239 1501 4308 γένει,
1543 4241 1639 4294 καὶ
1673 4241 1753 4312 τῷ

151 4320 483 4395 πληρώματι
509 4325 625 4381 τῶν
661 4328 870 4401 ἀνδρῶν
895 4345 911 4361 ο
941 4329 1134 4384 τούτου
1164 4330 1326 4402 χάριν
1359 4331 1669 4397 ἀκολούθως
1693 4335 1752 4388 ὲν

158 4418 322 4486 τρισὶν
348 4420 603 4494 ἡμέραις
640 4421 675 4493 ἡ
730 4422 884 4487 νόσος
913 4423 1318 4494 ἐξαφανίζεται,
1356 4424 1572 4497 ἑκάστῳ
1601 4426 1751 4496 γένει

1847 542 1967 598 fusa
2004 543 2242 600 creverit
2278 543 2332 598 in
2364 542 2659 607 inﬁnitum,
2690 541 2867 597 donec
2890 541 2959 596 ad
2985 556 3259 597 summum
3304 542 3430 595 ntuli

1844 637 2126 691 cumulum
2190 637 2516 707 perveniens
2581 642 2754 691 totam
2818 645 3069 690 naturam
3132 633 3430 687 humanam

1844 727 2177 795 occupavit?
2214 725 2308 782 Sic
2335 726 2480 782 enim
2511 725 2632 781 sine
2656 725 2976 795 exceptione
3006 724 3273 793 Propheta
3305 737 3429 777 sen-

1844 822 2074 876 tentiam
2139 824 2284 888 tulit,
2345 821 2561 889 Omnes,
2622 820 2877 892 inquiens
2902 822 2968 881 ",
3015 820 3428 907 declinaverynt,

1844 914 2008 969 simul
2036 915 2251 970 inutiles
2286 917 2417 986 facti
2450 924 2597 978 sunt,
2632 914 2770 969 adeo
2796 922 2854 968 ut
2896 913 3032 967 nihil
3070 901 3427 975 inveniretur,
3520 901 3531 908 ’

1843 1008 1990 1077 quod
2044 1008 2268 1080 malitiae
2319 1023 2428 1063 non
2487 1014 2636 1062 esset
2697 1006 3145 1060 instrumentum.
3194 1001 3429 1058 Tantum

1845 1099 2015 1169 igitur
2054 1099 2326 1154 malorum
2380 1113 2662 1164 acervum,
2709 1097 2779 1152 ab
2805 1097 2925 1167 ipsa
2954 1095 3144 1151 mundi
3166 1097 3433 1151 constitu-

1846 1192 1997 1249 tione
2033 1191 2102 1247 ad
2131 1201 2360 1247 mortem
2391 1206 2568 1263 usque
2601 1190 2817 1247 Domini
2848 1191 3194 1244 cumulatum
3225 1198 3280 1244 et
3330 1204 3432 1243 au-

1847 1291 2019 1350 ctum,
2067 1285 2160 1355 qui
2201 1283 2377 1340 tribus
2404 1283 2600 1340 diebus
2628 1282 2903 1350 dissolvit,
2936 1288 2991 1337 et
3035 1281 3253 1348 evertit,
3303 1297 3433 1352 par-

1848 1391 2047 1432 vamne
2095 1376 2196 1431 tibi
2243 1376 2559 1446 praestantis
2610 1374 2885 1446 polentia},
2938 1373 3268 1444 virtutisque
3322 1389 3437 1432 suae

1847 1467 2308 1538 signiﬁcationem
2343 1465 2535 1521 dedit?
2564 1465 2757 1521 Nonne
2785 1466 2870 1522 vis
2902 1465 3046 1535 ejus,
3092 1481 3277 1521 rerum
3316 1479 3437 1521 oru-

1847 1560 2022 1627 nium,
2083 1575 2206 1630 qua:
2254 1560 2630 1616 monumentis
2685 1558 3042 1615 historiarum
3092 1557 3438 1613 admiranda:

1845 1662 2375 1719 commemorantur,
2411 1654 2667 1726 apparuit
2695 1653 3202 1710 excellentissima?
3236 1651 3437 1719 Quem-

1847 1747 2145 1804 admodum
2170 1748 2316 1805 enim
2347 1747 2633 1805 Samsonis
2655 1747 2871 1803 facinus
2895 1761 2962 1803 eo
2986 1747 3162 1817 magis
3191 1746 3435 1801 admira-

1847 1855 1992 1906 mur,
2026 1840 2173 1912 quod
2211 1856 2323 1896 non
2358 1840 2537 1896 solum
2573 1840 2786 1896 leonem
2830 1839 2983 1906 vicit,
3030 1839 3125 1895 sed
3158 1854 3283 1895 eum
3316 1839 3437 1893 sine

1848 1932 2034 1989 labore
2066 1933 2367 2004 superavit,
2430 1931 2689 2004 quodque
2717 1933 2864 1989 nuda
2916 1933 3223 2003 inermique
3268 1946 3434 1985 manu

1848 2031 2058 2078 tantam
2082 2022 2279 2087 feram,
2314 2032 2579 2093 tanquam
2628 2021 2823 2079 ludens
2854 2022 3058 2078 occidit
3084 2032 3136 2079 et
3166 2022 3437 2077 dilacera-

1847 2114 1926 2171 vit
1942 2116 2009 2147 "‘
2036 2133 2050 2170 :
2074 2115 2156 2171 sic
2181 2131 2244 2172 ea
2266 2131 2324 2171 re
2349 2114 2566 2170 Domini
2590 2116 2767 2171 virtus
2794 2115 3074 2183 excelluit,
3104 2116 3251 2187 quod
3285 2117 3438 2171 nullo

1847 2209 2067 2280 negotio
2094 2209 2360 2263 malitiam
2390 2208 2615 2265 delevit.
2644 2207 2833 2280 Neque
2856 2209 3004 2264 enim
3056 2208 3440 2279 superioribus

1847 2302 2146 2358 cataractis
2174 2300 2489 2372 patefactis,
2542 2301 2869 2373 abyssisque
2893 2302 3146 2372 proprios
3173 2304 3440 2357 terminos

1848 2393 2312 2457 transilientibus,
2359 2399 2415 2448 et
2460 2391 2799 2459 tumefactis,
2849 2407 3117 2463 aquarum
3171 2393 3439 2448 immensa

1848 2483 1934 2541 vis
1964 2483 2195 2555 ingruit,
2229 2497 2353 2554 quae
2387 2490 2591 2538 terram
2630 2482 2873 2538 obruens
2906 2481 3258 2562 universam,
3279 2495 3440 2534 mou-

1849 2584 2044 2647 tesque
2068 2576 2487 2642 transcendens,
2515 2585 2571 2630 et
2598 2574 2870 2629 montium
2902 2573 3123 2644 fastigia
3149 2587 3439 2641 superans,

1848 2670 2039 2725 orbem
2069 2677 2329 2738 tanquam
2378 2667 2658 2737 navigium
2708 2666 2872 2721 simul
2908 2680 3035 2720 cum
3090 2665 3226 2734 ipsis
3254 2664 3441 2718 nautis

1849 2768 2017 2832 atque
2044 2761 2363 2816 vectoribus
2394 2759 2739 2815 demerserit.
2781 2757 2990 2829 Neque,
3030 2764 3090 2812 ut
3123 2756 3438 2812 Sodomita-

1850 2869 1973 2908 rum
2032 2851 2372 2923 temporibus
2433 2851 2683 2921 contigit,
2753 2851 2917 2921 ignis.
2984 2859 3038 2906 et
3094 2851 3438 2906 ﬂammarum

1851 2946 2049 3012 imber,
2111 2944 2258 3016 quod
2316 2952 2637 3014 corruptum
2688 2952 2829 3009 erat,
2884 2958 3124 3014 purgans
3174 2944 3436 3014 expiavit.

1851 3036 2039 3109 Neque
2071 3038 2218 3092 aliud
2248 3037 2547 3109 quidquam
2586 3035 2787 3090 accidit
2824 3035 3115 3105 ejusmodi.
3165 3035 3269 3090 Sed
3305 3035 3440 3090 sim-

1773 3170 1819 3232 α
1854 3130 1977 3202 plex
2008 3131 2254 3201 quaedam
2288 3138 2344 3185 et
2376 3128 2833 3199 incomprehensa
2878 3128 3265 3199 peregrinatio,
3323 3129 3438 3182 sola

1852 3225 1977 3279 vitae.
2009 3223 2260 3294 lucisque
2288 3224 2578 3293 praesentia
2610 3220 2664 3274 in
2688 3221 2950 3287 tenebris,
2979 3229 3036 3275 et
3078 3219 3301 3291 regione
3330 3235 3443 3273 Illn-

1848 3315 1965 3372 brze
1990 3316 2185 3369 mortis
2227 3310 2645 3369 considentibus
2672 3313 2929 3367 tenebras
2970 3326 3163 3367 omnes
3191 3311 3438 3381 dispulit,

1848 3415 1904 3463 et
1966 3416 2198 3463 mortem
2259 3406 2435 3476 ipsam
2500 3404 2794 3460 interfecit.
2854 3404 3089 3459 Aliudne
3141 3404 3439 3474 quidquam

1851 3497 2148 3568 adiungam
2186 3489 2253 3552 iis
2296 3511 2420 3567 quae
2449 3496 2597 3551 dicta
2631 3494 2801 3550 sunt?
2845 3496 2905 3549 In
2937 3505 3192 3565 serpente
3237 3495 3440 3549 malum

1850 3598 2102 3645 exortum
2131 3596 2235 3645 est.
2267 3588 2462 3643 Mulier
2502 3587 2760 3644 draconis
2791 3586 3007 3643 insidiis
3044 3588 3271 3658 decepta
3315 3587 3436 3642 fuit.

1850 3680 2096 3737 Mulieris
2132 3681 2402 3737 illecebris
2465 3681 2550 3734 vir
2596 3680 2715 3750 ipse
2776 3680 2966 3736 cessit.
3026 3679 3230 3736 Tribus
3292 3680 3442 3737 hisce

1851 3773 2115 3846 gradibus
2172 3774 2377 3828 malum
2438 3774 2682 3829 emersit.
2744 3773 3018 3840 Quorsum
3066 3774 3180 3830 haec
3231 3784 3443 3846 spectat

1853 3865 2309 3922 commemoratio
2336 3865 2359 3919 ?
2383 3863 2536 3920 Licet
2564 3881 2628 3921 ex
2654 3865 2759 3919 hoc
2781 3865 2909 3918 mali
2936 3864 3129 3920 ordine
3149 3865 3441 3935 quemdam

1854 3959 1985 4015 boui
2010 3958 2258 4013 ordinem
2285 3958 2362 4012 illi
2390 3957 2814 4028 respondentem
2838 3955 3292 4013 animadvertere.
3320 3956 3443 4012 llam

1856 4052 1960 4106 tria
1983 4066 2151 4107 cerno
2179 4051 2306 4105 mali
2338 4049 2683 4121 receptacula
2711 4068 2723 4104 :
2755 4051 3014 4119 primum,
3048 4050 3103 4103 in
3131 4064 3240 4119 quo
3264 4050 3442 4119 primo

1856 4144 2149 4200 constitit:
2202 4128 2459 4207 alterum,
2509 4144 2563 4198 in
2594 4144 2738 4215 quod
2777 4141 3042 4210 deﬂuxit;
3097 4142 3344 4208 tertium,
3386 4143 3441 4197 in

1856 4251 1970 4307 quo
2008 4244 2196 4307 postea
2229 4234 2466 4290 inhaesit.
2511 4233 2692 4301 Quare
2718 4248 2843 4288 cum
2878 4233 2935 4287 in
2968 4232 3055 4287 his
3085 4231 3266 4287 tribus
3289 4231 3446 4286 mali-

1857 4331 1934 4385 tia
1988 4329 2336 4395 redundarit,
2378 4342 2574 4396 nempe
2615 4327 2669 4381 in
2724 4333 2920 4380 natura
2951 4323 3243 4386 diabolica,
3301 4325 3447 4379 etin

1863 4439 2061 4495 genere
2094 4421 2409 4489 mulierum,
2446 4428 2499 4475 et
2531 4421 2585 4474 in
2615 4419 2861 4474 virormn
2903 4418 3277 4489 plenitudine;
3309 4434 3445 4474 con-

150 4506 252 4562 τῶν
291 4513 352 4565 ὲν
382 4512 570 4585 κακίᾳ
608 4514 979 4587 νενοσηκότων
1017 4517 1146 4588 μιᾶς
1170 4517 1386 4590 ἡμέρας
1426 4518 1746 4592 ἀποκληρω-

1859 4524 2182 4573 sentaneum
2238 4513 2360 4577 fuit,
2420 4521 2477 4567 ut
2526 4512 2690 4566 trium
2744 4510 2959 4567 dierum
2993 4511 3171 4582 spatio
3221 4514 3450 4567 morbus
3511 4514 3516 4580 ξ

150 4593 332 4674 οείσης
371 4603 521 4677 πρὸς
563 4604 711 4659 ἴασιν
731 4623 745 4636 ο
778 4608 837 4660 ἐν
883 4608 984 4679 μιᾷ
1011 4606 1194 4681 ἡμέρᾳ
1222 4610 1273 4663 ot
1320 4608 1512 4683 ἄνδρες
1543 4612 1643 4683 τῆς
1665 4612 1755 4665 νό-

154 4706 239 4746 σου
293 4696 700 4769 καθαίλρονταιο
752 4699 812 4753 ὲν
859 4701 927 4772 τῇ
980 4699 1232 4774 δευτέρᾳ,
1257 4702 1320 4757 τὸ
1343 4703 1456 4758 τῶν
1480 4705 1757 4774 γυναικῶν

146 4781 526 4857 θεραπεύεται
559 4790 719 4857 γένος
737 4806 752 4821 ο
789 4793 848 4846 ὲν
875 4794 940 4865 τῇ
964 4793 1254 4867 τελευταίᾳ
1272 4835 1287 4860 ,
1309 4793 1536 4867 ἔσχατος
1563 4797 1757 4870 ἐχθρὸς

154 4884 517 4953 καταργεῖται
550 4884 579 4937 ό
600 4883 852 4951 θάνατος,
884 4886 979 4940 καὶ
1014 4887 1143 4958 περὶ¹
1178 4887 1342 4942 αὑτὸν
1362 4888 1528 4962 ἀρχαί
1548 4907 1630 4956 τε,
1662 4890 1758 4945 καὶ

146 4968 409 5043 ἐξουσίαι,
445 4977 555 5032 καὶ
598 4977 860 5049 δυνάμεις
907 4978 1018 5033 τῶν
1065 4978 1460 5053 ἀντικειμένων
1480 4983 1760 5057 δυνάμεων

54 5066 63 5078 ’
143 5066 245 5120 τῶν
269 5086 333 5127 τε
370 5068 829 5142 προκαθημένων
846 5070 1320 5141 συναφανῖζονται.
1352 5074 1445 5145 Μὴ
1476 5074 1764 5149 θαυμάσῃς

142 5155 197 5215 δὲ
241 5162 291 5214 εί
348 5165 643 5236 χρονικοῖς
696 5164 1062 5237 διαστήμασιν
1110 5167 1142 5234 ή
1189 5165 1285 5218 τοῦ
1340 5167 1543 5237 ἀγαθοῦ
1584 5168 1763 5235 κτίσις

142 5249 567 5326 ἐπιμερίζεται.
596 5256 709 5310 Καὶ
754 5255 863 5328 γὰρ
916 5257 1068 5328 παρὰ
1118 5258 1218 5328 τὴν
1256 5257 1480 5332 πρώτην
1518 5259 1612 5314 τοῦ
1668 5262 1760 5315 κό-

142 5349 279 5410 σμου
305 5342 566 5412 γένεσιν,
594 5344 695 5397 οὑκ
745 5345 927 5415 ἠτόνει
955 5348 987 5418 ἡ
1026 5345 1146 5400 θεία
1190 5347 1422 5423 δύναμκ
1456 5350 1675 5407 ἅπαντα
1700 5354 1758 5407 ὲν

140 5430 344 5505 ἀκαρεῖ
391 5433 698 5490 τελειῶσαι
736 5435 802 5490 τὰ
838 5436 991 5499 ὄντα,
1021 5437 1136 5491 ἀλλ’
1174 5438 1325 5510 ὅμως
1356 5442 1759 5515 συμπαραλαμ-

139 5521 291 5579 ϐάνει
327 5529 399 5599 τῇ
431 5525 780 5599 δημιουργίᾳ
807 5528 915 5581 τῶν
948 5527 1119 5583 ὄντων
1145 5531 1241 5585 καὶ
1284 5530 1353 5584 τά
1386 5530 1612 5603 χρονικᾶ
1639 5533 1757 5587 δια·-

140 5620 440 5692 στὴματαο
469 5617 556 5681 ὡς
590 5618 709 5673 τόδε
738 5620 838 5691 μέν
882 5637 937 5673 τι
973 5619 1114 5674 κατὰ
1139 5621 1240 5693 τὴν
1274 5622 1498 5694 πρώτην
1544 5622 1757 5696 ἡμέραν

210 5799 256 5831 ⁸⁸
290 5799 450 5859 Psal.
485 5814 617 5867 xm,
648 5798 701 5857 3.
780 5797 1046 5856 "‘Judic.
1089 5815 1200 5871 xw,
1236 5801 1293 5858 6.

1860 4609 2247 4680 expelleretur,
2297 4605 2531 4677 singulis
2564 4603 2859 4675 generibus
2888 4603 3099 4659 malitia
3148 4603 3451 4659 laboranti—

1860 4703 1964 4759 bus
1989 4702 2196 4757 tributo
2227 4699 2527 4755 curationis
2556 4699 2661 4761 die,
2699 4705 2758 4752 ut
2784 4712 2894 4753 uno
2917 4695 3137 4768 quidem
3161 4697 3263 4752 viri
3296 4712 3452 4751 cura-
3512 4696 3524 4765 l_

1862 4804 2075 4859 rentur,
2129 4794 2303 4849 altero
2355 4792 2684 4848 feminarum
2734 4798 3225 4868 genushextremo
3261 4798 3444 4845 autem

1860 4895 2140 4940 extremus
2174 4882 2371 4946 hostis,
2404 4896 2572 4946 mors,
2607 4880 3005 4945 destrueretur,
3041 4885 3095 4933 et
3122 4877 3216 4949 qui
3247 4878 3446 4933 mortis

1860 4977 2097 5034 ministri
2128 4987 2256 5033 sunt
2283 4975 2586 5047 principes,
2633 4982 2686 5030 et
2713 4980 3013 5044 potestates
3045 4972 3309 5026 virtutum
3351 4971 3450 5024 ad-

1860 5069 2231 5125 versariarum
2288 5074 2344 5123 et
2401 5066 2788 5136 imperantium
2845 5063 3286 5135 proﬂigarentur.
3337 5061 3449 5117 Nec
3504 5093 3511 5100 -

1862 5160 2154 5217 admireris
2189 5160 2312 5216 boni
2342 5166 2665 5231 proventum
2698 5157 2814 5211 ﬁeri
2841 5154 3105 5226 temporis
3134 5155 3447 5209 intervallo.

1860 5253 1998 5309 Nam
2053 5261 2106 5310 et
2157 5253 2211 5307 in
2271 5252 2446 5322 prima
2505 5249 2697 5304 mundi
2743 5250 3126 5319 procreatione
3172 5260 3450 5305 momento

1864 5353 2079 5418 poterat
2136 5344 2319 5399 divina
2376 5344 2555 5397 virtus
2615 5350 2812 5396 cuncta
2863 5340 3144 5411 perlicere,
3208 5349 3449 5397 attamen

1862 5454 2046 5496 rerum
2110 5436 2457 5496 fabricationi
2513 5443 2759 5506 tempora
2806 5434 3125 5504 distribuit;
3171 5443 3223 5489 ut
3274 5435 3451 5505 primo

1863 5532 2083 5603 quidem
2117 5529 2205 5586 die
2230 5545 2359 5601 pars
2383 5543 2573 5583 earum
2598 5542 2707 5582 una
2731 5527 3179 5595 constitueretur,
3212 5528 3451 5585 secundo

1866 5633 2048 5681 autem
2101 5623 2293 5691 altera,
2344 5630 2509 5693 atque
2559 5620 2635 5675 ita
2663 5617 2929 5693 deinceps
2970 5619 3215 5693 reliquae,
3274 5618 3450 5676 donec

3080 5942 3086 5946 ,
3116 5934 3210 5945 αι-..
