3882 6428
527 352 621 408 611

1801 341 1861 398 S.
1899 337 2235 399 GREGORII
2271 335 2565 396 NYSSENI

3631 349 3714 408 θίἳ

527 469 707 524 omnia
757 462 995 535 perfecta
1033 468 1184 526 sunt,
1217 467 1273 518 et
1305 460 1578 524 absoluta,
1629 472 1695 516 eo
1725 459 1938 516 dierum
1996 475 2097 515 nu-

2205 456 2555 528 τελειωθῆναι
2579 455 2641 509 τὺ
2662 454 2829 528 μέρος
2855 454 2955 527 τῆς
2984 430 3213 521 κτίσεως
3235 498 3250 526 ,
3274 457 3331 513 ὲν
3362 456 3415 513 ἃ
3442 462 3502 533 τῇ
3531 461 3717 538 δευτέρᾳ

528 571 697 621 mero,
733 556 825 625 qui
856 554 1094 623 scriptus
1134 560 1239 618 est,
1272 551 1381 609 Deo
1408 560 1604 608 cuncta
1635 550 1990 620 perﬁciente:
2023 549 2104 605 sic

524 649 687 702 etiam
720 647 809 701 hic
840 661 905 701 ea
929 645 1210 715 sapientia:
1235 644 1467 709 ratione,
1491 656 1612 712 quae
1635 641 1817 696 verbis
1837 638 2103 711 explicari

525 754 633 793 non
686 746 887 806 potest,
921 737 1098 791 tribus
1142 734 1336 790 diebus
1385 733 1590 787 malum
1641 730 1879 802 ejicitur,
1926 736 1981 786 et
2008 745 2105 785 er.-

523 828 768 890 cluditur
796 830 866 884 ab
918 826 1249 889 hominibus,
1312 822 1651 887 mulieribus,
1708 829 1765 877 et
1803 836 1834 875 a
1873 835 2126 897 serpen-g

525 923 660 975 tium
710 935 930 991 genere,
983 917 1039 972 in
1069 916 1270 987 quibus
1320 915 1513 985 primis
1544 920 1738 968 natura
1769 912 1888 969 vitii
1918 921 2102 967 ortum

526 1010 741 1065 habuit.

477 1203 488 1255 ζ
598 1193 725 1248 llaec
757 1192 823 1247 de
852 1191 1015 1245 trium
1039 1188 1250 1243 dierum
1267 1186 1479 1242 numeri
1510 1197 1679 1240 causa
1700 1182 2098 1255 cogitavimus:

475 1236 693 1347 jrecte,
745 1297 957 1347 necne,
1013 1279 1325 1334 auditorum
1403 1276 1669 1347 judicium
1719 1286 1859 1332 esto.
1918 1273 2103 1344 Neque

523 1376 670 1431 enim
715 1373 882 1429 verba
924 1379 1115 1428 nostra
1166 1376 1372 1425 certam
1417 1367 1903 1422 demonstrationis
1937 1367 2103 1421 ratiu—

522 1482 647 1523 nem
684 1466 886 1521 habere
921 1464 1197 1528 volumus,
1240 1460 1334 1517 sed
1369 1461 1442 1514 ita
1468 1458 1762 1531 quaerendo
1795 1473 1895 1514 nos
1940 1474 2100 1515 exer-

522 1568 730 1615 Cemus.
755 1556 910 1623 Quod
941 1555 987 1609 si
1022 1568 1084 1609 re
1127 1552 1245 1623 ipsa
1297 1549 1621 1622 praefinitum
1654 1547 1851 1603 borum
1890 1546 2101 1603 dierum

522 1663 816 1705 numerum
863 1649 1024 1718 plane
1074 1644 1161 1701 vis
1205 1643 1516 1715 perspicere
1567 1640 1786 1712 (neque
1828 1640 1973 1696 enim
2025 1640 2101 1695 illi

523 1755 720 1812 parum
768 1740 945 1805 deest,
995 1737 1043 1794 si
1093 1744 1221 1807 post
1286 1735 1476 1790 horam
1541 1747 1741 1788 nonam
1793 1746 2102 1803 parascevse

523 1844 740 1904 tempus
768 1830 1106 1898 consideres,
1139 1843 1246 1902 qua
1281 1827 1499 1900 quidem
1530 1825 1663 1881 hora
1694 1823 1957 1879 Dominus
1993 1821 2100 1877 Pa-

523 1925 624 1981 tris
648 1923 905 1979 mauibus
935 1921 1192 1993 spiritum
1228 1916 1675 1989 commendavit),
1704 1915 1983 1987 paulisper
2009 1922 2096 1969 at-

2203 548 2264 601 τὺ
2292 548 2515 620 ἓτερονο
2546 548 2643 601 καὶ
2684 546 2885 618 ἑφεξῆς
2933 547 3135 619 ὁμοίως
3171 549 3470 623 ἐπεραιώθη
3506 552 3568 608 τὰ
3598 555 3715 621 ὄντα,

2206 640 2398 710 ῥηταῖς
2421 637 2661 711 ἡμέραις
2682 637 2777 692 τοῦ
2813 637 2950 691 Θεοῦ
2978 638 3079 711 τὴν
3106 640 3281 695 κτίσιν
3336 641 3536 697 ἃπασαν
3562 662 3720 719 συναρ-

2208 730 2488 800 μόσαντος.
2514 727 2673 783 Οὕτω
2695 729 2790 783 καὶ
2811 729 3042 783 ἐνταῦθα
3068 729 3211 785 κατὰ
3239 731 3327 786 τὸν
3348 734 3564 806 ἄρρητον
3585 737 3717 792 αὑτοῦ

2201 821 2303 890 τῆς
2346 820 2536 888 σοφίας
2568 820 2744 889 λόγον,
2770 821 2829 873 ὲν
2871 821 3051 893 τρισὶν
3078 821 3310 894 ἡμέραις
3354 824 3455 879 τῶν
3506 825 3652 881 όντων
3672 831 3720 883 τὸ

2203 913 2372 968 κακὸν
2402 910 2745 978 ὲξοικίζεται,
2779 912 2837 980 ἐξ
2859 913 3099 987 ἀνδρῶν,
3128 916 3193 968 ὲκ
3228 916 3517 984 γυναικῶν,
3539 920 3619 973 καὶ
3645 921 3719 973 τοῦ

2201 1004 2391 1073 γένους
2415 1001 2525 1057 τῶν
2565 1002 2761 1071 ὄφεων,
2793 1001 2852 1054 ὲν
2878 996 2958 1065 οἷς
2993 1000 3229 1073 πρώτοις
3259 1004 3294 1075 ἡ
3320 1004 3414 1076 τῆς
3443 1006 3617 1070 κακίας
3651 1009 3707 1077 φύ

2204 1115 2287 1161 σις
2313 1095 2438 1167 ἔσχε
2459 1095 2559 1166 τὴν
2594 1093 2827 1162 γένεσιν.

2284 1187 2443 1241 Ἀλλὰ
2482 1185 2610 1258 περὶ
2642 1184 2743 1257 μὲν
2786 1187 2884 1258 τῆς
2912 1183 3004 1240 τοῦ
3042 1184 3275 1257 ἀριθμοῦ
3306 1186 3409 1240 τῶν
3436 1187 3630 1259 ἡμερῶν
3655 1190 3699 1242 ai

2201 1279 2321 1344 τίας
2340 1322 2357 1345 ,
2407 1278 2582 1333 ταῦτα
2617 1281 2994 1350 ὕπενοήσαμεν
3019 1295 3033 1309 ·
3088 1278 3200 1331 εἴτε
3229 1278 3286 1332 δὲ
3320 1278 3506 1350 ὀρθῶς,
3532 1280 3628 1333 εἴτε
3648 1284 3722 1334 καὶ

2202 1372 2301 1443 μὴ,
2337 1374 2395 1426 ὲν
2427 1374 2493 1444 τῇ
2538 1371 2718 1443 κρίσει
2767 1370 2875 1425 τῶν
2909 1369 3194 1442 ἀκροατῶν
3225 1370 3619 1442 καταλείψομεν.
3663 1374 3721 1426 Οὐ

2201 1462 2311 1534 γὰρ
2339 1463 2611 1533 ἀπόφασις
2647 1464 2677 1516 ό
2700 1462 2858 1531 λόγος
2885 1462 3055 1527 ἐστὶν,
3086 1459 3220 1514 ἀλλὰ
3248 1462 3513 1531 γυμνασία
3536 1464 3621 1517 καὶ
3650 1462 3724 1534 ζή-

2200 1572 2379 1627 τησις.
2412 1554 2476 1610 El
2506 1553 2566 1608 δὲ
2598 1553 2781 1626 ζητεῖς
2823 1554 2890 1607 δι’
2920 1553 3206 1626 ἀκριῦείας
3244 1553 3368 1607 ίόεῖν
3409 1554 3464 1606 ὲν
3498 1554 3570 1625 τῷ
3596 1555 3722 1609 πάθει

2200 1646 2312 1701 τῶν
2359 1646 2581 1720 ἡμερῶν
2620 1644 2826 1700 τούτων
2850 1646 2952 1718 τὴν
2982 1643 3321 1717 προθεσμίαν
3348 1645 3540 1717 (λείπει
3558 1645 3725 1717 γὰρτῷ

2206 1737 2424 1810 ἀριθμῷ
2449 1739 2550 1792 οὐκ
2576 1738 2777 1807 ὀλίγον,
2825 1738 2875 1791 εἰ
2908 1737 3045 1809 μετά
3074 1736 3175 1809 τὴν
3202 1737 3431 1807 ἑννάτην
3464 1737 3556 1809 τῆς
3592 1755 3728 1809 παρο-

2208 1830 2412 1900 σκευῆς
2437 1827 2587 1902 ὥραν
2614 1827 2906 1901 ἀριθμοίης
2932 1829 3023 1884 τὸν
3052 1829 3267 1901 χρόνον,
3295 1830 3387 1899 ἀφ’
3412 1823 3478 1902 ἧς
3516 1831 3621 1892 ταῖς
3647 1846 3728 1882 πα-

2203 1923 2421 1993 τρικαῖς
2452 1921 2610 1994 χερσὶ
2638 1920 2699 1975 τὸ
2730 1920 2947 1992 πνεῦμα
2977 1921 3288 1994 παρέθετο),
3320 1922 3506 1994 μικρὸν
3526 1920 3724 1990 ἐπίσχες,

522 2016 704 2081 tende,
732 2023 789 2071 et
809 2014 1064 2078 fortasse,
1092 2011 1237 2082 quod
1267 2009 1493 2082 quaeris,
1531 2007 1798 2063 invenies.
1824 2005 2096 2075 Quonam,

2201 2014 2298 2068 καὶ
2325 2012 2553 2084 παρέξει
2587 2029 2669 2066 σοι
2700 2011 2863 2083 τυχὸν
2907 2013 2936 2067 6
2963 2011 3121 2081 λόγος
3160 2013 3259 2084 τὴν
3304 2013 3430 2084 περὶ
3459 2013 3629 2067 τούτου
3653 2029 3726 2065 σα-

520 2106 761 2177 inquies,
788 2115 948 2176 pacto
963 2104 988 2158 Ἰ
1002 2102 1208 2159 Divinas
1230 2100 1483 2173 potentia
1512 2096 1944 2171 magnitudinem
1964 2111 2099 2153 con-

521 2198 722 2263 sidera,
751 2204 808 2253 et
837 2194 985 2268 quod
1013 2196 1156 2252 scire
1188 2195 1366 2266 cupis,
1423 2193 1718 2265 intelliges.
1767 2190 2099 2257 Recordare,

520 2288 653 2360 quid
693 2288 762 2342 de
797 2302 858 2343 se
888 2285 1154 2343 Dominus
1205 2283 1599 2355 pronuntiarit,
1657 2291 1714 2339 et
1740 2297 1863 2338 eam
1924 2283 2098 2353 ipsius

520 2397 644 2438 esse
669 2381 926 2435 virtutem
943 2392 1267 2450 cognosces,
1309 2384 1368 2431 ut
1410 2375 1709 2442 voluntate,
1760 2388 1869 2430 non
1916 2385 2097 2430 autem

521 2481 734 2545 natura:
787 2467 1116 2523 necessitate
1168 2465 1406 2519 animam
1456 2478 1488 2518 a
1525 2477 1754 2534 corpore
1804 2463 2097 2536 disiungat.

523 2561 695 2616 Nemo
724 2560 892 2624 enim,
922 2556 1121 2628 inquit,
1154 2555 1294 2611 tollit
1323 2555 1559 2611 animam
1586 2570 1756 2609 meam
1789 2571 1823 2608 α
1873 2572 1973 2612 me.
2009 2555 2100 2610 sed

522 2671 617 2726 ego
649 2669 788 2723 pono
831 2652 985 2706 illam
1029 2669 1061 2704 a
1110 2650 1323 2717 meipso.
1375 2646 1705 2703 Potestatem
1743 2648 1883 2703 enim
1932 2647 2099 2703 habeo

519 2745 747 2815 ponendi
775 2760 913 2806 eam,
944 2753 994 2797 et
1016 2751 1325 2811 potestatem
1374 2740 1539 2796 habeo
1584 2741 1777 2796 iterum
1825 2757 2101 2796 assumen-

525 2839 584 2892 di
606 2838 673 2892 ³⁰.
708 2835 825 2891 Hoc
854 2835 1015 2890 nobis
1045 2835 1121 2889 ita
1149 2834 1469 2900 constituto,
1499 2832 1788 2904 perspicue
1807 2833 2015 2903 patebit
2042 2832 2098 2888 id

520 2929 670 3000 quod
697 2927 994 2999 qumsitum
1031 2933 1139 2982 est.

592 3113 695 3179 Qui
728 3109 874 3166 enim
901 3112 1172 3177 potestate
1212 3118 1313 3158 sua
1350 3112 1548 3159 cuncta
1575 3104 1838 3175 disponit,
1869 3119 1978 3161 non
2029 3121 2094 3161 ex
2125 3118 2172 3181 ο

521 3203 835 3277 proditione
889 3196 995 3253 sibi
1047 3193 1454 3265 impendentem
1509 3197 1931 3260 necessitatem,
1987 3212 2095 3252 non

520 3296 840 3354 Iudaeorum
862 3290 1021 3361 quasi
1054 3288 1371 3358 praedonum
1394 3286 1680 3357 impetum,
1711 3304 1820 3343 non
1848 3289 2089 3360 iniquam

520 3386 687 3443 Piiati
718 3382 1050 3441 sententiam
1084 3385 1390 3449 exspectat,
1441 3386 1502 3433 ut
1542 3395 1737 3434 eorum
1785 3381 1993 3436 malitia
2027 3381 2100 3439 sit

521 3477 833 3537 communis
882 3472 1168 3530 hominum
1202 3470 1400 3528 salutis
1430 3471 1762 3542 principium
1795 3481 1848 3527 et
1890 3487 2095 3540 causa;

520 3572 620 3629 sed
668 3567 902 3626 consilio
950 3579 1053 3621 suo
1100 3564 1440 3628 antevertit,
1486 3572 1543 3619 et
1590 3578 1794 3619 arcano
1841 3565 2098 3620 sacriﬁcii

520 3678 742 3734 genere,
772 3657 921 3730 quod
962 3657 1031 3712 ab
1062 3655 1379 3712 hominibus
1416 3655 1569 3710 cerni
1605 3672 1714 3711 non
1744 3664 1980 3726 poterat,
2010 3671 2099 3712 se-

518 3758 700 3826 ipsum
734 3767 834 3822 pro
861 3750 1022 3813 nobis
1061 3748 1298 3804 hostiam
1344 3747 1527 3811 oil’ert,
1567 3755 1623 3803 et
1667 3748 1949 3802 victimam
1986 3747 2093 3801 im-

519 3846 722 3906 molat,
764 3841 1027 3898 sacerdos
1057 3838 1223 3896 simul
1250 3839 1543 3901 exsistens,
1574 3845 1631 3892 et
1654 3853 1829 3908 agnus
1860 3836 1976 3901 Dei,
2006 3838 2097 3892 ille

519 3935 613 4006 qui
650 3932 839 3990 mundi
875 3939 1163 4002 peceatum
1212 3929 1376 3985 tollit.
1412 3928 1645 3995 Quando
1679 3929 1735 3983 id
1795 3929 2099 4000 ρεπειίιὶιῖ

517 4040 643 4081 cum
675 4036 877 4092 corpus
910 4034 1069 4075 suum
1108 4018 1393 4087 discipulis
1417 4018 1759 4089 congregatis
1797 4018 2094 4085 edendum,

514 4125 569 4171 ct
609 4112 933 4184 sanguinem
963 4108 1260 4165 bibendum
1292 4107 1544 4177 praebuit,
1585 4108 1721 4162 tune
1763 4116 1952 4178 aperte
1996 4107 2093 4164 de-

513 4207 745 4263 claravit
775 4201 901 4274 agni
936 4198 1269 4256 sacriﬁcium
1291 4198 1403 4269 jam
1431 4212 1556 4254 esse
1590 4197 1916 4269 perfectum.
1954 4198 2092 4255 Nam

514 4299 756 4353 victimae
783 4308 987 4364 corpus
1016 4306 1128 4346 non
1170 4299 1256 4346 est
1301 4287 1371 4345 ad
1425 4288 1695 4344 edendum
1729 4289 2010 4357 idoneum,
2043 4291 2092 4349 si

512 4390 816 4444 animatum
871 4386 960 4440 sit.
1013 4382 1196 4449 Quare
1251 4396 1375 4437 cum
1427 4396 1630 4452 corpus
1673 4383 1984 4449 edendum,
2037 4390 2093 4439 et

2203 2106 2450 2177 φήνειαν.
2501 2104 2598 2168 Τίς
2623 2100 2717 2159 οὖν
2749 2105 2779 2158 6
2808 2103 2966 2174 λόγος
2990 2121 3006 2171 ;
3064 2102 3390 2173 Ἀνάϐλεψον
3413 2105 3489 2169 εις
3513 2103 3569 2158 τὺ
3595 2119 3726 2174 μεγα.

2201 2199 2345 2253 λεῖον
2375 2200 2477 2268 τῆς
2506 2197 2658 2262 θείας
2696 2196 3010 2268 δυνάμεως,
3068 2196 3163 2250 καὶ
3186 2196 3288 2251 οὐκ
3321 2197 3588 2265 ἀγνοήσεις
3608 2196 3660 2249 τὺ
3684 2196 3726 2247 ἑν

2204 2290 2355 2362 τόπῳ
2383 2289 2738 2360 ζητούμενον.
2768 2287 3046 2360 Μνήσθητι
3074 2288 3177 2357 τῆς
3201 2288 3528 2360 Δεσποτικῆς
3555 2286 3726 2354 ἀποφά-

2207 2400 2367 2449 σεως,
2391 2381 2444 2435 τί
2472 2383 2601 2453 περὶ
2628 2379 2794 2435 αὐτοῦ
2818 2378 3179 2449 ἀποφαίνεται
3204 2382 3234 2433 6
3264 2379 3358 2433 τοῦ
3386 2379 3572 2443 παντὸς
3595 2377 3727 2447 ἐξημ-

2210 2475 2374 2547 μένος
2400 2475 2463 2528 τδ
2505 2474 2708 2547 κράτος
2740 2490 2755 2505 ο
2783 2471 2905 2537 πῶς
2953 2473 3387 2546 αὐτοκρατορικῇ
3416 2472 3627 2544 ἐξουσίᾳ,
3654 2470 3726 2523 καὶ

2201 2569 2264 2622 οὐ
2309 2566 2525 2637 φύσεως
2571 2567 2786 2639 ἀνᾶγκῃ
2832 2564 3174 2633 διαζεύγνυσι
3216 2561 3320 2638 τὴν
3362 2564 3529 2637 ψυχὴν
3565 2565 3621 2617 ὲκ
3654 2562 3725 2615 τοῦ

2204 2659 2458 2730 σώματος
2482 2700 2495 2725 ,
2540 2660 2597 2711 ὲν
2626 2651 2709 2723 οἷς
2742 2674 2927 2728 φησιν,
2966 2657 3049 2711 ὅτι
3080 2656 3299 2723 οὐδεὶς
3338 2657 3485 2726 αἵρει
3512 2655 3616 2723 τὴν
3639 2658 3727 2724 ψυ-

2204 2751 2326 2820 χήν
2347 2767 2487 2819 μου,
2513 2749 2651 2803 ἀλλ’
2676 2746 2794 2817 ἐγὼ
2822 2747 3022 2815 τίθημι
3040 2745 3237 2814 αὐτὴν
3266 2747 3368 2817 ἀφ’
3385 2745 3605 2801 ἑαυτοῦ.
3630 2744 3725 2808 Ἐξ·

2205 2842 2423 2897 ουσίαν
2464 2840 2583 2910 ἔχω
2612 2839 2801 2895 θεῖναι
2826 2836 3050 2907 αὐτὴν,
3077 2838 3177 2892 καὶ
3209 2838 3500 2904 ἐξουσίαν
3522 2837 3626 2906 ἔχω
3648 2834 3727 2888 πώ

2203 2935 2307 2987 λιν
2329 2930 2541 2986 λαϐεῖν
2577 2928 2791 2996 αὐτὴν.
2830 2927 3002 2984 Τοῦτό
3032 2946 3122 3000 μοι
3148 2929 3352 3002 στήτω,
3380 2927 3471 2983 καὶ
3498 2925 3554 2981 τὸ
3576 2924 3726 2997 ζητούο

2207 3039 2368 3094 μενον
2408 3022 2818 3093 σεσαφήνισται.

2282 3112 2343 3165 '0
2389 3112 2500 3183 γὰρ
2548 3110 2725 3165 πάντα
2774 3109 2917 3164 κατὰ
2969 3108 3071 3182 τὴν
3120 3108 3446 3184 δεσποτικὴν
3492 3110 3727 3166 αὐθεντίαν

2199 3203 2540 3274 οἰκονομῶν,
2593 3203 2694 3256 οὐκ
2746 3202 3004 3273 ἀναμένει
3066 3200 3165 3274 τὴν
3218 3202 3290 3256 ὲκ
3339 3204 3436 3274 τῆς
3487 3200 3724 3274 προδοσίας

2198 3295 2464 3365 ἀνάγκην,
2513 3295 2608 3348 καὶ
2631 3294 2731 3365 τὴν
2763 3292 3059 3365 λῃστρικὴν
3100 3294 3293 3362 ἔφοδον
3329 3294 3436 3349 τῶν
3477 3294 3725 3358 Ἰουδαίων,

2198 3383 2295 3438 καὶ
2338 3384 2436 3455 τὴν
2480 3381 2573 3436 τοῦ
2619 3383 2854 3437 Πιλάτου
2896 3383 3212 3454 παράνομον
3255 3384 3452 3455 κρίσιν,
3492 3382 3616 3437 ὥστε
3650 3380 3725 3451 τὴν

2196 3473 2422 3529 ἐκείνων
2502 3475 2701 3528 κακίαν
2782 3474 3026 3545 ἀρχηγὸν
3073 3476 3165 3529 καὶ
3211 3476 3393 3530 αἰτίαν
3442 3476 3533 3547 τῆς
3580 3473 3724 3543 κοινῆς

2195 3567 2307 3622 τῶν
2345 3565 2648 3639 ἀνθρώπων
2696 3566 2971 3639 σωτηρίας
3006 3564 3260 3635 γενέσθαι
3284 3583 3302 3601 ο
3349 3567 3482 3623 ἀλλὰ
3523 3566 3725 3638 προλαμ-

2197 3660 2349 3714 ϐάνει
2389 3662 2455 3731 τῇ
2517 3658 2800 3731 οἰκονομίᾳ
2829 3658 2930 3731 τὴν
2967 3658 3174 3727 ἔφοδον,
3220 3660 3364 3714 κατὰ
3404 3660 3492 3714 τὸν
3531 3660 3722 3731 ἄρρητον

2195 3753 2295 3822 τῆς
2326 3750 2644 3823 ἱερουργίας
2668 3751 2893 3823 τρόπον,
2920 3751 3016 3805 καὶ
3043 3752 3157 3815 τοῖς
3192 3751 3499 3824 ἀνθρώποις
3519 3751 3720 3822 ἀόρατον,

2196 3843 2293 3897 καὶ
2315 3844 2506 3897 ἑαυτὸν
2552 3842 2895 3916 προσήνεγκε
2935 3842 3254 3915 προσφορὰν
3282 3846 3379 3898 καὶ
3402 3843 3581 3898 θυσίαν
3615 3836 3724 3908 ὑπὲρ

2194 3933 2374 4005 ἡμῶν,
2420 3934 2450 3986 6
2477 3935 2655 4006 ἱερεὺς
2681 3934 2816 4003 ἅμα,
2845 3931 2939 3986 καὶ
2969 3932 2997 3985 6
3026 3929 3197 4002 ἀμνὸς
3224 3933 3322 3987 τοῦ
3358 3931 3511 3995 Θεοῦ,
3537 3933 3563 3985 6
3589 3928 3723 3998 αίρων

2194 4022 2293 4092 τὴν
2325 4023 2600 4093 ἁμαρτίαν
2629 4020 2725 4075 τοῦ
2750 4019 2978 4090 κόσμου.
3010 4020 3151 4075 Πότε
3172 4021 3334 4076 τοῦτο
3360 4038 3375 4088 ;
3410 4022 3531 4076 Ὅτε
3558 4015 3721 4090 βρωτὸν

2194 4112 2389 4167 ἑαυτοῦ
2430 4112 2493 4167 τὸ
2530 4111 2692 4184 σῶμα
2726 4111 2808 4174 είς
2853 4110 3056 4182 βρῶσιν
3111 4111 3303 4180 σαφῶς
3329 4111 3636 4165 ἐνδείκνυται
3666 4103 3722 4172 τῷ

2193 4206 2295 4278 ἥδη
2319 4204 2648 4276 γεγενῆσθαι
2677 4202 2862 4275 ἔντελῆ
2881 4200 2974 4257 τοῦ
2999 4200 3174 4274 ἀμνοῦ
3202 4202 3302 4275 τὴν
3327 4202 3530 4261 θυσίαν.
3554 4200 3620 4253 Οὐ
3638 4198 3722 4266 γὰρ

2193 4298 2260 4354 ἂν
2290 4294 2360 4372 ἦν
2388 4299 2451 4353 τὸ
2480 4298 2641 4371 σῶμα
2663 4296 2758 4353 τοῦ
2788 4296 2987 4370 ἱερείου
3021 4296 3158 4368 πρὸς
3204 4296 3408 4368 ἐδωδὴν
3441 4293 3718 4363 ἐπιτήδειον,

2192 4388 2352 4462 εἴπερ
2377 4388 2619 4463 ἔμψυχον
2636 4383 2724 4460 ἣν.
2751 4385 2964 4442 Οὐκοῦν
2987 4386 3077 4440 ὅτε
3108 4386 3353 4458 παρέσχε
3372 4387 3483 4450 τοῖς
3498 4379 3718 4455 μαθηταῖς

511 4476 835 4545 sanguinem
867 4472 1159 4526 bibendum
1189 4470 1479 4542 discipulis
1528 4471 1796 4540 exhibuit,
1836 4472 1948 4542 jam
1996 4486 2087 4527 ar-

2196 4481 2458 4551 ἐμφαγεῖν
2478 4479 2574 4533 τοῦ
2610 4476 2881 4549 σώματος,
2906 4477 3002 4531 καὶ
3029 4476 3123 4531 τοῦ
3147 4477 3380 4548 αἵματος
3404 4475 3621 4547 ἐμπιεῖν,
3638 4467 3716 4540 ἠδη

511 4582 649 4621 caua
683 4573 738 4619 et
788 4578 899 4617 non
950 4563 1271 4633 aspectabili
1303 4564 1517 4619 ratione
1564 4579 1770 4634 corpus
1823 4572 1943 4619 erat
1981 4565 2088 4619 im-

512 4661 800 4722 molatum,
832 4666 896 4710 ut
923 4656 1100 4725 ipsius
1138 4657 1458 4727 mysterium
1495 4658 1806 4728 peragentis
1827 4658 2086 4729 potestati

506 4751 856 4807 collibuerat.
894 4745 960 4800 Et
986 4747 1169 4800 anima
1199 4746 1254 4800 iu
1297 4747 1404 4823 illis
1429 4758 1567 4814 erat,
1598 4749 1651 4803 in
1674 4749 1877 4819 quibus
1894 4748 2111 4805 eadem-

460 4900 469 4907 ,
506 4845 625 4915 ipsa
658 4847 905 4913 potestas
942 4838 1092 4892 illam
1125 4837 1399 4907 deposuit,
1442 4839 1716 4911 simulque
1743 4856 1868 4896 cum
1900 4841 2082 4896 divina

506 4935 733 4999 virtute,
767 4943 891 5000 qua:
922 4943 1045 4982 cum
1069 4927 1161 4981 illa
1190 4935 1313 4981 erat
1341 4927 1658 4998 conjuncta,
1692 4929 1748 4984 in
1770 4945 1834 4985 ea
1862 4930 2085 5001 regione

505 5022 693 5080 cordis
728 5027 947 5076 versata
977 5026 1078 5073 est.
1116 5018 1305 5087 itaque
1336 5017 1383 5073 si
1406 5019 1532 5089 quis
1568 5020 1695 5075 inde
1745 5030 1960 5091 tempus
1993 5022 2082 5076 in-

396 5150 403 5155 ι
504 5115 675 5185 cipiat
715 5110 977 5174 dimetiri,
1010 5123 1134 5163 cum
1171 5107 1505 5165 sacriﬁcium
1551 5110 1660 5166 Deo
1697 5112 1898 5167 iactum
1933 5123 2016 5168 est
2051 5128 2083 5168 a

505 5219 705 5276 magno
726 5203 821 5257 illo
853 5200 1107 5270 Principe
1151 5200 1524 5266 sacerdotum,
1554 5203 1648 5273 qui
1682 5205 1920 5269 ratione,
1958 5219 2084 5275 quae

504 5313 605 5351 nec
638 5295 824 5351 verbis
849 5291 1136 5362 explicari,
1166 5308 1268 5347 nec
1301 5293 1477 5348 oculis
1504 5296 1740 5364 perspici
1768 5296 1975 5366 potuit,
2001 5311 2082 5351 se-

507 5401 682 5453 ipsum
749 5399 847 5453 pro
909 5382 1189 5437 communi
1261 5382 1544 5437 hominum
1602 5385 1777 5439 salute
1819 5394 2081 5455 tauquam

507 5490 701 5544 agnum
732 5475 951 5539 obtulit,
1003 5490 1111 5528 non
1162 5473 1381 5532 recedet
1414 5490 1446 5529 a
1491 5477 1739 5530 veritate.
1775 5474 1903 5530 Erat
1933 5478 2077 5531 enim

508 5581 728 5635 vespera
757 5607 772 5630 ,
816 5582 940 5621 cum
993 5579 1209 5620 sacrum
1264 5565 1397 5620 illud
1439 5582 1641 5636 corpus
1676 5567 2075 5622 comederunt:

508 5668 667 5722 quam
697 5655 917 5725 quidem
951 5669 1238 5724 vesperam
1290 5672 1418 5724 nox,
1449 5673 1567 5729 qme
1599 5673 1931 5727 parasceren
1979 5675 2076 5713 au-

575 5746 620 5777 “
675 5746 831 5800 Joan.
863 5763 917 5811 κ,
949 5745 1035 5800 18.

2189 4570 2328 4624 κατὰ
2349 4570 2411 4623 τὸ
2441 4567 2667 4640 θελητδν
2718 4568 2787 4638 τῇ
2820 4566 3040 4639 ἐξουσίᾳ
3063 4563 3159 4620 τοῦ
3187 4565 3250 4619 τὸ
3294 4564 3580 4635 μυστήριον
3603 4558 3717 4611 οἱκο-

2186 4659 2478 4732 νομοῢντος
2499 4659 2752 4731 ἀρρήτως
2778 4673 2839 4710 τε
2860 4657 2966 4714 ,καὶ
2985 4655 3232 4728 ἀοράτως
3250 4655 3313 4710 τὸ
3340 4654 3497 4726 σῶμα
3513 4649 3715 4705 ἐτέθυτο.

2186 4750 2299 4804 Καὶ
2322 4752 2356 4820 ὴ
2401 4747 2547 4820 ψυχὴ
2588 4749 2646 4800 ὲν
2679 4747 2907 4808 ἐκείνοις
2945 4741 3036 4819 ἦν,
3066 4748 3126 4800 ὲν
3152 4739 3235 4808 οῖς
3270 4744 3440 4815 αὐτὴν
3478 4744 3509 4813 ή
3538 4734 3716 4804 ἐξουσία

2185 4840 2281 4896 τοῦ
2309 4839 2716 4914 οίκονομοῦντος
2738 4836 3031 4892 ἐναπέθετο
3060 4835 3201 4908 μετὰ
3228 4835 3328 4906 τῆς
3349 4825 3714 4903 ἐγκεκραμένης

2186 4934 2323 5006 αὐτῇ
2365 4933 2516 4996 θείας
2552 4931 2851 5002 δυνάμεως,
2885 4929 2974 4982 τὸν
3006 4930 3064 4982 ὲν
3110 4926 3311 4998 καρδίᾳ,
3339 4927 3536 4979 ἐκεῖνον
3574 4915 3715 5006 χῶροῖι

2186 5004 2574 5097 περιπολοῦσα.
2627 5021 2835 5076 Οὐκοῦν
2878 5020 2972 5090 ἀφ’
3005 5012 3068 5073 οὗ
3118 5017 3400 5091 προσήχθη
3442 5013 3516 5085 τῷ
3547 5007 3650 5078 Θεῷ
3779 5034 3785 5043 ·

2185 5094 2343 5169 θυσία
2369 5114 2521 5185 παρὰ
2549 5113 2641 5168 τοῦ
2670 5113 2908 5185 μεγάλου
2942 5111 3283 5185 Ἀρχιερέως.
3317 5109 3410 5163 τοῦ
3446 5107 3531 5163 τὸν
3555 5094 3714 5157 ἑαυτοῦ

2184 5207 2354 5278 ἀμνὸν
2369 5205 2508 5278 ὑπὲρ
2525 5205 2624 5277 τῆς
2645 5206 2830 5276 κοινῆς
2850 5203 3120 5275 ἁμαρτίας
3136 5202 3390 5274 ἀρρήτως
3407 5217 3463 5252 τε
3484 5198 3571 5251 καὶ
3586 5185 3715 5259 ἀορά-

2180 5315 2288 5362 τως
2310 5297 2779 5370 ἱερουργήσαντος,
2803 5296 2911 5351 ἀπὸ
2923 5295 3046 5348 τότε
3068 5311 3150 5356 τις
3178 5291 3426 5363 ἀριθμῶν
3452 5289 3538 5341 τὸν
3559 5282 3714 5370 χρόνον

2181 5390 2282 5461 τῆς
2308 5365 2565 5460 ἀληθείόίς
2596 5389 2695 5459 οὐχ
2717 5387 3117 5459 ἁμαρτήσεται.
3162 5382 3399 5452 Ἑσπέρα
3429 5380 3522 5449 μὲν
3548 5365 3715 5461 γὰρ

2180 5458 2270 5534 ὅτε
2305 5458 2522 5554 ἐϐρώθη
2560 5480 2621 5534 τὸ
2663 5458 2811 5551 ispr
2842 5458 3024 5531 νὲκεῖνο
3082 5477 3176 5530 καὶ⁵
3216 5474 3368 5543 ἅγιον
3409 5471 3576 5540 σῶμα.
3620 5458 3713 5554 Νξξὲ

2181 5568 2238 5623 δὲ
2265 5551 2632 5642 τὴν-ἑσπέραν
2653 5568 2867 5641 ἐκείνην
2895 5569 2930 5640 ἡ
2958 5568 3065 5640 πρὸ
3083 5571 3183 5640 τῆς
3210 5565 3552 5639 παρασκευῆς
3573 5551 3710 5611 διεόέο

2182 5659 2330 5724 ξατο.
2375 5656 2509 5713 Εἶτα
2534 5660 2569 5730 ἡ
2598 5657 2699 5730 τῆς
2730 5654 3084 5730 παρασκευῆς
3116 5658 3315 5728 ἡμέρα,
3344 5657 3411 5726 τῇ
3442 5648 3711 5710 ἐπεισάκτῳ
