3882 6436
180 341 270 399 613

1056 330 1122 385 ΙΝ
1160 328 1439 387 CHRISTI
1497 322 2134 384 RESURBECTIONEM
2173 324 2383 381 ORAT.
2424 324 2459 380 1.

3298 327 3402 382 (ΞΜ

180 450 314 508 νυκτὶ
354 447 727 520 διατμηθεῖσα,
773 448 853 510 είς
893 448 1023 519 μίαν
1048 447 1218 503 νύκτα
1259 448 1354 502 καὶ
1392 449 1472 511 είς
1500 444 1715 518 ἡμέρας

1823 443 2045 510 Iecedit,
2060 443 2296 514 excepit.
2325 442 2466 498 lluic
2488 444 2761 499 successit
2783 441 3102 500 Parascevte
3124 442 3263 508 dies,
3283 458 3405 513 qua:

181 544 260 600 δύο
288 538 722 611 καταψηφίζεται.
752 539 811 592 El
826 537 936 608 γὰρ
959 539 1020 593 τὸ
1046 539 1235 604 σκότος
1261 541 1291 593 ὁ
1318 538 1450 603 Θεὸς
1488 540 1714 594 ἐκάλεσε

1824 540 1985 589 nocte
2014 533 2105 587 illa
2133 541 2363 604 prepter
2391 532 2527 588 solis
2557 532 3000 590 obscurationem
3030 533 3317 603 interiecta
3345 534 3403 590 in

180 636 342 699 νύκτα,
371 635 425 687 ἐν
464 632 517 685 δέ
555 633 675 695 ταῖς
719 632 896 702 τρισὶν
944 630 1118 701 ὥραις
1154 630 1370 700 ἐγένετο
1401 629 1591 693 σκότος
1623 630 1717 685 ἐπὶ

1823 625 1943 681 dies
1980 626 2123 681 duos
2171 634 2226 680 et
2282 635 2502 680 noctem
2550 639 2714 679 unam
2756 625 2930 680 divisa
2979 633 3088 681 est.
3145 624 3302 691 Nam,
3353 625 3401 681 si

180 727 334 780 πᾶσαν
359 723 452 793 τὴν
473 720 791 791 οἰκουμένην
822 736 835 749 ’
869 719 1008 791 αὕτη
1051 721 1198 774 ἐστὶν
1226 722 1261 791 ή
1291 719 1433 774 κατὰ
1462 720 1523 774 τὸ
1555 720 1718 791 μέσον

176 818 258 888 τῆς
289 815 483 886 ἡμέρας
531 812 988 884 καινοτομηθείσα
1017 810 1144 877 νὺξ,
1191 810 1259 865 τὰ
1307 811 1401 866 δύο
1459 813 1720 882 τμήματα

178 910 267 962 τῶν
297 906 503 979 ἡμερῶν
537 906 604 959 δι’
655 906 855 976 ἐαυτῆς
893 905 1330 975 περιγράφουσα,
1366 904 1428 959 τὺ
1473 905 1570 976 μὲν
1613 904 1721 959 ἀπὸ

177 999 255 1054 τοῦ
278 999 461 1071 ὄρθρου
509 998 600 1051 ἐπὶ
618 998 716 1069 τὴν
736 997 902 1068 ἕκτην
929 996 1100 1069 ὥραν,
1123 997 1183 1051 τὸ
1210 998 1267 1050 δέ
1301 997 1408 1051 ὰπὸ
1428 998 1527 1067 τῆς
1554 996 1709 1052 ἐννά-

176 1108 260 1162 της
284 1090 368 1144 ἐπὶ
397 1090 492 1161 τὴν
528 1089 787 1160 ἑσπέραν.
841 1089 1005 1142 Ὥστε
1033 1084 1172 1141 εἶναι
1203 1089 1364 1160 μέχρι
1387 1086 1600 1149 τούτου,
1624 1086 1720 1141 δύο

176 1183 348 1246 νύκτας
369 1182 457 1236 καὶ⁸
481 1180 696 1253 ἡμέρας
716 1180 828 1234 δύο.
859 1176 1013 1245 Εἶτα,
1046 1179 1152 1251 πρὸ
1172 1180 1265 1235 τοῦ
1290 1178 1576 1233 Σαϐϐάτου
1597 1178 1717 1244 νὺξ,

175 1273 252 1327 καὶ
286 1272 417 1343 μετὰ
447 1271 647 1340 ταύτην
682 1273 716 1342 ἡ
764 1270 858 1325 τοῦ
902 1270 1183 1325 Σαϐὅάτου
1213 1271 1413 1342 ἡμέρα,
1449 1271 1590 1341 ἔχεις
1623 1270 1723 1335 τὰς

172 1367 300 1437 τρεῖς
336 1363 549 1429 νύκτας.
600 1363 844 1434 Ζήτησόν
877 1380 970 1434 μοι
1009 1363 1194 1416 λοιπὸν
1226 1363 1325 1435 τὴν
1356 1365 1722 1433 ἁναστάσιμον

172 1454 314 1525 ὥραν,
342 1454 431 1509 καὶ
458 1454 711 1526 εὑρήσεις
749 1453 846 1526 τὴν
880 1456 936 1506 ἐν
961 1457 1074 1519 τοῖς
1099 1455 1416 1525 εἰρημένοις
1444 1453 1719 1525 ἀλήθειαν.

174 1547 289 1600 Πότε
314 1541 400 1601 οὖν
419 1547 595 1615 teuto;
634 1546 779 1617 Ὀψὲ
797 1546 1135 1611 Σαϐϐάτων,
1152 1546 1425 1611 Ματθαῖος
1446 1545 1717 1617 βοᾷ.Αὖτη

170 1653 237 1690 τοι
258 1638 288 1708 ἠ
307 1636 418 1708 ὥρα
447 1637 548 1708 τῆς
566 1638 935 1701 Ἀναστὰσεως
961 1635 1100 1691 κατὰ
1116 1636 1213 1707 τὴν
1236 1635 1330 1689 τοῦ
1353 1637 1585 1707 ἀγγέλου
1618 1653 1725 1705 φω-

172 1729 269 1799 νήν.
297 1724 453 1794 Οὗτος
479 1730 603 1800 ὅρος
628 1728 727 1799 τῆς
759 1730 815 1781 ἐν
851 1728 1047 1800 καρδίᾳ
1072 1728 1173 1799 τῆς
1205 1730 1307 1799 γῆς
1327 1727 1604 1797 διαγωγῆς
1628 1725 1720 1780 τοῦ

1828 719 1973 776 Deus
2003 729 2221 776 noctem
2272 722 2530 778 tenebras
2567 721 2862 791 appellavit
2885 722 2951 787 ³¹,
2985 722 3161 778 tribus
3220 730 3399 777 autem

1826 811 1978 868 horis
2001 812 2240 867 tenebrae
2258 812 2417 868 factae
2443 821 2573 869 sunt
2597 828 2762 883 super
2781 814 3310 875 universamterram
3332 814 3398 876 ",

1826 904 2065 973 spatium
2101 904 2236 959 illud
2261 906 2317 958 in
2355 904 2461 960 diei
2501 905 2683 961 medio
2727 905 3091 961 constitutum
3126 919 3232 959 nox
3279 904 3399 967 fuit,

1824 1010 1948 1065 quae
1978 996 2211 1063 singulis
2266 996 2418 1052 illius
2466 1013 2535 1051 ex
2584 1005 2819 1067 utraque
2858 1007 3015 1067 parte
3068 997 3402 1052 sectionibus

1830 1087 1990 1143 binos
2017 1087 2136 1143 dies
2167 1087 2417 1143 deﬁnivit
2464 1108 2479 1144 :
2524 1104 2697 1144 unum
2729 1086 2948 1158 quidem
3002 1088 3071 1144 ab
3113 1096 3236 1143 ortu
3274 1088 3405 1143 solis

1828 1195 2006 1250 usque
2034 1179 2101 1234 ad
2128 1190 2336 1235 sextam
2384 1181 2600 1245 horam,
2647 1181 2883 1235 alterum
2939 1188 3123 1236 autem
3153 1181 3221 1235 ab
3273 1180 3404 1235 hora

1828 1287 1973 1326 noua
2001 1287 2176 1340 usque
2205 1273 2273 1327 ad
2313 1288 2623 1343 vesperam.
2650 1272 2829 1341 Atque
2862 1272 2938 1326 ita
2965 1273 3104 1326 duas
3152 1270 3264 1340 jam
3305 1288 3406 1325 no-

1827 1371 1944 1419 ctes
1986 1362 2274 1427 habemus,
2315 1370 2370 1419 et
2425 1363 2652 1419 totidem
2686 1364 2827 1419 dies.
2863 1362 3002 1417 Hinc
3036 1362 3263 1417 Sabbati
3295 1377 3404 1416 nox

1827 1464 1913 1510 est
1938 1455 2259 1520 subsecuta,
2295 1463 2351 1511 et
2382 1453 2603 1511 Sabbati
2628 1454 2767 1511 dies.
2792 1455 2872 1510 Ex
2898 1455 3100 1525 quibus
3133 1464 3244 1508 tres
3261 1454 3400 1514 dies.

1829 1556 1885 1603 et
1934 1556 2130 1604 noctes
2184 1547 2370 1603 itidem
2411 1557 2525 1604 tres
2566 1548 2956 1605 coniiciuntur.
2991 1548 3286 1618 Reliquum
3321 1556 3406 1602 est

1829 1646 1889 1693 ut
1916 1640 2341 1697 resurrectionis
2377 1641 2564 1696 horam
2618 1641 3003 1712 inquiramus:
3046 1656 3153 1711 qua
3183 1641 3404 1710 quidem

1829 1731 2076 1797 inventa,
2114 1732 2321 1788 veritas
2365 1733 2628 1789 exstabit.
2682 1731 2915 1800 Quando
2966 1733 3132 1804 igitur
3162 1733 3403 1788 surrexit

169 1821 365 1894 Κυρίου.
381 1822 650 1895 Ἐσπέρας
661 1823 770 1894 γὰρ
787 1822 886 1893 ἤδη
911 1821 1130 1893 βαθείας
1157 1822 1527 1893 γεγενημένης
1550 1821 1720 1893 (ἀρχῆ

1827 1821 2135 1880 Dominus?
2164 1822 2387 1894 Vespere
2413 1823 2773 1879 Sabbatorum
2793 1867 2809 1892 ,
2847 1823 2947 1879 tibi
2983 1823 3272 1879 Matthmus
3298 1825 3406 1877 cla-

169 1914 215 1968 δὲ
233 1910 293 1987 ἧν
337 1916 431 1987 τῆς
458 1916 654 1983 νυκτὸς
687 1916 903 1986 ἐκείνης
934 1917 967 1986 ἡ
996 1916 1223 1987 ἑσπέρα,
1251 1914 1319 1986 ἣν
1354 1914 1658 1985 διαδέχεται
1685 1914 1720 1984 ἡ

170 2007 251 2076 μία
270 2005 365 2062 τῶν
393 2006 687 2061 Σαϐϐάτων
725 2008 905 2079 ἡμέρα
924 2008 968 2079 ),
1014 2008 1134 2061 τότε
1165 2009 1194 2060 ὁ
1239 2005 1461 2077 σεισμὸς
1490 2006 1717 2073 γίνεται.

169 2094 279 2150 Τότε
303 2099 329 2150 ὁ
355 2099 794 2170 καταστράπτων
834 2101 946 2163 τοῖς
986 2098 1278 2170 ἐνδύμασιν
1321 2097 1550 2167 ἄγγελος
1589 2098 1724 2151 ἁπο-

166 2187 313 2242 κυλίει
335 2189 421 2243 τὸν
451 2188 602 2243 λίθον
629 2189 724 2245 τοῦ
750 2190 1042 2261 μνημείου.
1071 2191 1135 2243 Δί
1164 2190 1222 2244 δέ
1239 2192 1499 2259 γυναῖκες
1530 2187 1723 2259 μικρὸν

164 2279 550 2352 ἐπορθρίσασαι,
577 2281 982 2352 ὑποφαινούσης
1011 2282 1109 2354 ἤδη
1140 2282 1238 2353 τῆς
1265 2281 1376 2353 the
1388 2298 1486 2350 ρας
1517 2280 1581 2334 τὸ
1600 2280 1724 2349 φέγ-

163 2372 350 2440 γο;,ὼς
375 2373 466 2427 καί
498 2391 626 2427 τινα
665 2373 895 2445 ἡλιακὴν
928 2374 1102 2443 αὐγὴν
1137 2375 1236 2444 τῆς
1260 2372 1529 2443 ἀνατολῆς
1554 2373 1724 2443 ὑπερ·

164 2464 439 2533 φαίνεσθαι,
466 2466 591 2520 τότε
618 2464 891 2537 ἱστοροῦσι
918 2464 1017 2535 τὴν
1041 2464 1143 2535 ἥδη
1171 2462 1548 2534 γεγενημένην
1588 2461 1723 2516 ἀνά.

166 2572 358 2612 στασιν·
391 2559 446 2612 αἳ
477 2558 544 2612 τὸ
572 2557 673 2629 μὲν
702 2556 887 2629 Θαῦμα
917 2557 1182 2625 ἔγνωσαν,
1224 2555 1323 2626 τὴν
1362 2555 1418 2608 δὲ
1450 2554 1599 2626 ὥραν
1621 2555 1722 2608 οὐκ

164 2648 506 2723 ἐδιδάχθησαν.
530 2650 655 2704 Ὀτι
690 2649 789 2721 μὲν
814 2648 922 2721 γὰρ
952 2648 1184 2721 ἠγέρθη,
1231 2642 1355 2700 εἷπε
1386 2646 1524 2717 πρὸς
1550 2646 1722 2710 αὑτὰς

163 2740 422 2809 ὁᾶγγελος
448 2759 462 2774 ·
511 2740 578 2794 τὸ
604 2741 662 2794 δέ
701 2741 853 2803 πότε,
886 2739 966 2810 τῷ
1008 2741 1213 2812 ῥήματι
1256 2739 1318 2792 οὑ
1358 2737 1716 2810 προσέθηκεν.

176 2830 291 2883 Ἀλλ’
333 2833 361 2886 ὁ
404 2832 583 2904 μέγας
633 2831 909 2894 Ματοαῖος
955 2831 1137 2902 μόνος·
1163 2831 1273 2883 τῶν
1318 2828 1721 2899 εὐαγγελιστῶν

163 2922 353 2978 πάντων
374 2924 463 2980 τὸν
488 2924 688 2995 καιρὸν
718 2923 784 2976 δι’
810 2924 1101 2995 ἀκριϐείας
1123 2924 1526 2994 ἐπεσημήνατο,
1549 2922 1721 2977 εἰπὼν

161 3012 242 3085 τὴν
267 3016 495 3090 ἑσπέραν
525 3012 669 3079 εἶναι
688 3015 783 3070 τοῦ
808 3016 1110 3080 Σαϐϐάτου,
1141 3014 1239 3087 τὴν
1264 3014 1416 3088 ὥραν
1437 3015 1536 3086 τῆς
1569 3015 1722 3070 Ἀνα-

164 3105 402 3175 στάσεως.

1827 1932 1887 1972 ra
1916 1929 2053 1972 voce
2091 1914 2381 1972 denuntiat
2401 1916 2470 1971 ³³.
2508 1916 2633 1971 Haec
2664 1923 2752 1972 est
2788 1916 3218 1972 resurrectionis
3247 1917 3403 1982 hora,

1822 2008 2129 2065 secundum
2187 2007 2369 2079 angeli
2420 2022 2633 2065 vocem.
2665 2007 2769 2063 Hic
2809 2008 3078 2064 terminus
3126 2008 3230 2064 fuit
3258 2024 3409 2064 com-

1824 2098 2152 2157 morationis
2179 2097 2396 2154 Domini
2447 2100 2503 2154 in
2533 2099 2703 2155 corde
2751 2108 2931 2156 terrae.
2989 2098 3231 2170 Vespera
3259 2100 3404 2156 enim

1821 2192 1933 2263 jam
1965 2191 2259 2262 profunda,
2296 2207 2419 2263 qua:
2445 2190 2667 2261 quidem
2711 2196 2939 2262 vespera
2989 2192 3193 2259 noctis,
3241 2207 3405 2262 quam

1825 2299 1931 2339 una
1960 2284 2325 2339 Sabbatorum
2351 2283 2472 2340 dies
2498 2283 2882 2353 consequitur,
2910 2283 3243 2355 principium
3267 2294 3405 2347 erat,

1825 2383 2168 2431 teri-semotus
2203 2373 2383 2430 factus
2408 2382 2511 2431 est.
2545 2374 2703 2430 Tunc
2743 2374 2973 2446 angelus
3009 2374 3065 2428 in
3114 2372 3407 2428 vestimen-

1823 2468 1897 2524 tis
1938 2467 2154 2539 fulgens
2186 2467 2421 2524 revolvit
2446 2466 2681 2538 lapidem
2726 2465 3092 2521 monumenti.
3147 2464 3406 2520 Mulieres

1825 2566 2012 2614 autem
2034 2575 2195 2614 mane
2217 2568 2532 2630 surgentes,
2563 2573 2689 2615 cum
2715 2557 2825 2613 diei
2845 2558 2958 2629 jam
2979 2558 3071 2613 lux
3099 2564 3407 2629 appareret,

1821 2659 1876 2707 et
1904 2651 2140 2707 orientis
2167 2651 2304 2708 solis
2356 2651 2621 2722 splendor
2670 2657 3014 2715 cerneretur,
3058 2660 3173 2705 tum
3229 2652 3407 2705 visum
3465 2663 3473 2669 '

1826 2747 2059 2811 pergunt
2087 2741 2575 2807 resurrectionem,
2618 2756 2742 2811 qua:
2771 2740 2887 2811 jam
2939 2739 3089 2796 facta
3138 2749 3300 2796 erat:
3353 2748 3410 2797 et

1823 2832 2151 2887 miraculum
2180 2832 2405 2903 quidem
2439 2840 2840 2903 cognoverunt,
2876 2833 3065 2887 horam
3093 2842 3270 2889 autem
3298 2848 3407 2904 qua

1822 2922 2165 2992 contigisset,
2201 2937 2311 2977 non
2353 2921 2687 2979 didicerunt.
2721 2923 2964 2994 Angelus
3015 2924 3163 2980 enim
3218 2941 3406 2980 surre-

1822 3014 1971 3070 xisse
2002 3013 2224 3084 quidem
2259 3012 2551 3070 Dominum
2605 3014 2917 3080 nuntiavit;
2952 3015 3174 3084 quando
3226 3025 3406 3070 autem

1825 3106 2150 3171 surrexerit,
2184 3121 2293 3161 non
2323 3105 2603 3176 patefecit.
2635 3107 2704 3161 At
2736 3122 2968 3177 magnus
2997 3107 3282 3164 Mattheus
3314 3124 3405 3165 so-

162 3198 234 3255 lus
271 3216 331 3257 ex
383 3202 652 3260 omnibus
692 3201 1048 3272 evangelistis
1102 3207 1320 3271 tempus
1370 3211 1629 3257 accurate
1675 3199 1993 3270 descripsit,
2057 3198 2251 3255 dicens
2294 3198 2745 3257 Resurrectionis
2813 3200 3005 3263 horam
3054 3198 3227 3256 fuisse
3270 3198 3403 3258 Sab-

160 3291 253 3351 bati
278 3310 579 3364 vesperam.

220 3386 276 3439 Εί
300 3386 356 3442 δέ
382 3387 564 3443 ταῦτα
590 3387 777 3440 τοῦτον
806 3386 919 3457 ἔχει
947 3386 1039 3439 τὸν
1071 3385 1290 3458 τρόπον,
1335 3385 1566 3457 ἔστηκεν
1583 3387 1716 3456 ἡμῖν

1891 3384 2024 3450 Quae
2054 3399 2178 3440 cum
2217 3384 2293 3439 ita
2322 3400 2385 3441 se
2415 3385 2677 3448 habeant,
2708 3394 2927 3441 constat
2956 3385 3117 3441 nobis
3165 3364 3405 3455 pra'ﬁni-

158 3475 525 3552 ἠπροθεσμία.
569 3478 679 3533 ἀπὸ
707 3479 807 3548 τῆς
836 3477 976 3549 μετὰ
1012 3476 1109 3549 τὴν
1153 3477 1413 3549 πέμπτην
1456 3476 1716 3547 ἑσπέρας,

157 3568 226 3631 είς
258 3571 352 3643 τὴν
380 3573 474 3627 τοῦ
505 3571 792 3626 Σαϐϐάτου
835 3571 1075 3642 ἑσπέραν
1115 3569 1575 3642 διαμετρουμένω
1623 3568 1719 3624 τοῦ

156 3657 348 3729 χρόνου,
391 3665 502 3735 τῆς,
524 3662 825 3733 ἐμϐολίμου
856 3661 1050 3724 νυκτὸς
1071 3700 1087 3723 ,
1139 3660 1323 3724 καθὼς
1356 3659 1593 3733 εἴρηται.
1619 3659 1720 3733 τὴν

159 3754 486 3826 παρασκευὴν
525 3757 611 3817 εἰς
654 3754 865 3826 ἡμέρας
893 3753 988 3809 δύο
1024 3754 1117 3808 καὶ
1144 3754 1317 3807 νύκτα
1352 3754 1482 3824 μίαν
1510 3769 1723 3825 κερμα-

156 3843 405 3919 τιζούσης.
437 3848 592 3901 Ἔδει
620 3847 730 3917 γὰρ
752 3847 844 3900 ἐπὶ
880 3846 974 3900 τοῦ
1003 3846 1358 3911 δεσπόζοντος
1384 3847 1442 3899 ἐν
1470 3848 1535 3917 τῇ
1565 3845 1722 3899 δυναο

158 3937 289 4008 στείᾳ
311 3940 476 3995 αὐτοῦ
499 3939 600 3994 τοῦ
638 3939 852 4004 αἰῶνος,
893 3940 968 4013 μὴ
992 3943 1104 4005 τοῖς
1135 3940 1586 4011 συντεταγμένοις
1629 3938 1719 3994 τοῦ

154 4025 324 4095 χρόνου
353 4031 583 4104 μέτροις
618 4030 691 4084 τὰ
721 4029 858 4102 ἔργα
899 4032 1020 4084 κατ’
1068 4031 1315 4102 ἀνάγκην
1348 4031 1723 4106 συμπαρατείο

154 4117 319 4172 νεσθαι
337 4135 352 4151 ’
379 4121 520 4176 ἀλλὰ
542 4120 683 4190 πρὸς
710 4118 809 4192 τὴν
830 4120 938 4173 τῶν
959 4120 1128 4174 ὄντων
1155 4120 1345 4191 χρείαν
1377 4121 1721 4191 καινοτομεῖ-

156 4207 262 4263 σθαι
286 4212 378 4266 τοῦ
397 4214 600 4285 χρόνου
621 4213 690 4267 τὰ
714 4212 908 4284 μέτρα,
942 4212 1040 4266 καὶ
1066 4211 1472 4285 συντομώτερον
1492 4212 1591 4284 τὴν
1613 4211 1723 4266 τῶν

154 4299 349 4368 ἀγαθῶν
380 4306 669 4378 ἐνέργειαν
697 4303 798 4374 τῆς
831 4303 984 4368 θείας
1029 4304 1311 4371 δυνάμεως
1342 4302 1719 4375 ἐπιτελούσης»

156 4389 477 4467 κολοϐὡτερα
516 4394 614 4449 τοῦ
659 4394 853 4466 χρόνου
891 4394 1270 4465 σχεδιασθῆναι
1300 4394 1369 4448 τὰ
1398 4394 1574 4467 μέτρα
1598 4411 1612 4425 ο
1647 4395 1722 4458 ὡς

155 4481 274 4552 μήτε
297 4485 561 4540 ἐλάττονα
603 4485 712 4542 τῶν
738 4485 906 4559 τριῶν
940 4486 1166 4560 ἡμερῶν
1207 4486 1430 4542 καὶτῶν
1455 4486 1724 4542 τοσούτων

154 4575 341 4629 νυκτῶν
363 4578 742 4650 ἀριθμηθῆναι
768 4578 857 4632 τὸν
886 4579 1100 4649 χρόνον.
1161 4578 1380 4651 Ἐπειδὴ
1408 4578 1599 4634 τοῦτον
1631 4579 1722 4633 τὸν

151 4660 364 4733 ἀριθμὸν
393 4669 424 4722 ὁ
469 4669 732 4739 μυστικὸς
772 4670 868 4724 καὶ
909 4671 1224 4744 ἀπόρρητος
1254 4671 1504 4743 ἐπιζητεῖ
1539 4671 1717 4741 λόγος,

1822 3484 1937 3530 tum
1973 3475 2142 3530 tridui
2175 3476 2414 3546 spatium
2446 3491 2476 3531 a
2499 3491 2724 3544 vespera
2753 3484 2878 3546 post
2914 3477 3163 3546 quintam
3212 3492 3388 3545 usque

1820 3567 1889 3621 ad
1941 3582 2224 3638 vesperam
2279 3566 2506 3623 Sabbati
2553 3576 2769 3635 tempus
2838 3568 3263 3624 resurrectionis
3325 3570 3400 3621 ita

1820 3658 2257 3727 dimetientibus,
2317 3668 2377 3714 ut
2435 3660 2721 3730 interjecta
2763 3674 2889 3722 nox,
2939 3660 3403 3729 quemadmodum

1820 3751 2027 3806 dictum
2057 3760 2163 3818 est,
2205 3760 2660 3815 connumeretur,
2691 3767 2815 3822 quae
2839 3766 3171 3823 parasceven
3205 3752 3261 3808 in
3284 3751 3403 3807 dies

1821 3844 1964 3900 duos
1993 3853 2050 3899 et
2075 3853 2294 3900 noctem
2336 3858 2502 3899 unam
2553 3844 2813 3915 partitur.
2855 3843 3095 3900 Decebat
3142 3845 3310 3911 enim,
3343 3852 3404 3898 ut

1823 3935 1876 3989 in
1916 3934 2039 4005 ejus
2072 3936 2327 4006 imperio,
2359 3937 2453 4007 qui
2493 3936 2713 3993 saeculis
2743 3935 3081 4003 dominatur,
3133 3951 3273 3990 nova
3311 3952 3402 3989 ra-

1823 4025 1972 4081 tione
2002 4027 2182 4096 spatia
2215 4027 2480 4098 temporis
2520 4028 3074 4083 accommodarentur
3106 4028 3175 4083 ad
3220 4043 3402 4083 rerum

1823 4115 2137 4182 utilitatem,
2170 4133 2281 4173 non
2311 4129 2495 4174 autem
2529 4135 2620 4176 res
2644 4120 2964 4178 necessario
2999 4120 3222 4176 statutis
3267 4126 3403 4174 tem-

1821 4208 1976 4277 poris
2031 4210 2287 4267 terminis
2329 4211 2779 4276 extenderentur,
2832 4219 2888 4268 et
2925 4210 3113 4265 divina
3160 4210 3402 4280 potentia

1821 4298 2061 4355 celerius
2086 4300 2232 4353 bona
2258 4299 2423 4357 nobis
2448 4300 2516 4355 ad
2546 4302 2754 4356 exitum
2786 4301 3139 4372 perducente,
3185 4300 3404 4356 termini

1824 4389 2088 4458 temporis
2120 4389 2195 4444 ita
2229 4390 2712 4456 contraherentur,
2747 4400 2806 4446 ut
2840 4406 2951 4446 non
3006 4392 3295 4462 pauciores
3321 4399 3402 4446 ta-

1822 4495 1967 4546 men,
2012 4496 2175 4549 quam
2208 4490 2320 4539 tres
2359 4483 2482 4539 dies
2538 4491 2593 4539 et
2645 4484 2874 4540 totidem
2912 4493 3104 4540 noctes
3145 4484 3404 4539 contine-

1822 4580 1965 4626 rent.
2000 4571 2158 4627 llunc
2180 4574 2327 4629 enim
2363 4590 2656 4631 numerum
2686 4577 2920 4648 mystica
2948 4584 3003 4632 et
3024 4577 3229 4632 arcana
3263 4578 3405 4631 ratio

1825 4664 2158 4733 postulabat,
2180 4679 2251 4720 ne
2270 4665 2432 4721 solita
2469 4666 2683 4722 dierum
2706 4677 2760 4723 et
2784 4668 3024 4723 noctium
3054 4668 3232 4739 spatia
3260 4669 3406 4724 cele-

156 4752 276 4823 μήτε
304 4758 374 4813 τὰ
418 4760 630 4830 συνήθη
672 4760 782 4814 τῶν
813 4760 1036 4832 ἡμερῶν
1067 4779 1125 4816 τε
1156 4762 1250 4816 καὶ
1276 4762 1487 4818 νυκτῶν
1516 4764 1720 4834 ἀναμέ-

1828 4772 1941 4812 rcm
2007 4757 2208 4813 divinae
2256 4759 2482 4814 virtutis
2549 4761 2822 4817 actionem
2875 4762 3238 4818 retardarent.
3296 4762 3400 4828 Qui

152 4858 329 4902 νουσαν
356 4850 707 4923 διαστήματα
741 4852 877 4923 πρὸς
919 4852 980 4906 τὸ
1005 4854 1170 4924 τάχος
1199 4853 1297 4925 τῆς
1318 4854 1597 4926 ἐνεργείας
1620 4856 1718 4927 τὴν

154 4931 286 4990 θείαν
323 4941 715 5011 ἐμποδίζεσθαι
755 4944 1001 5015 δύναμιν.
1050 4943 1113 5000 Ὀ
1157 4945 1264 5018 γὰρ
1307 4945 1556 5012 ἐξουσίαν
1582 4945 1718 5018 ἔχων

150 5026 233 5079 καὶ
268 5027 441 5085 θεῖναι
483 5034 576 5103 ἀφ’
620 5034 815 5089 ἐαυτοῦ
853 5035 954 5107 τὴν
995 5034 1175 5108 ψυχὴν
1200 5039 1291 5091 καὶ
1315 5037 1600 5092 ἀναλαϐεῖν
1630 5038 1719 5092 ὅτε

150 5112 403 5183 ἐϐούλετο,
455 5120 703 5185 ἐξουσίαν
752 5118 897 5193 εἶχεν
929 5122 1006 5186 ὼς
1055 5123 1283 5195 ποιητὴς
1329 5125 1438 5179 τῶν
1481 5126 1715 5190 αἰώνων,

147 5203 256 5276 οὐχὶ
279 5208 569 5265 δουλεῦσαι
607 5213 695 5267 διὰ
720 5214 828 5269 τῶν
857 5213 1032 5287 ἔργων
1056 5214 1136 5286 τῷ
1168 5216 1363 5287 χρόνῳ,
1401 5216 1538 5270 ἀλλά
1561 5221 1718 5289 ποιῆ’

148 5309 228 5348 σαι
263 5302 406 5355 κατὰ
437 5301 512 5356 τὰ
535 5303 669 5376 ἔργα
695 5304 787 5359 τὸν
817 5306 1028 5376 χρόνον.
1079 5307 1221 5360 Ἀλλ’
1246 5306 1399 5361 οὔπω
1431 5308 1525 5362 τοῦ
1564 5310 1724 5378 μεγί-ιί

147 5401 261 5441 στου
284 5392 396 5447 τῶν
431 5397 740 5464 κεφαλαίων
766 5400 794 5451 ὁ
816 5398 973 5467 λόγος
1003 5398 1201 5470 ἥψατο.
1239 5401 1433 5470 Ζητεῖν
1458 5400 1567 5472 γὰρ
1594 5401 1720 5466 τοὺς

148 5478 637 5557 φιλομαθεστέρους
659 5489 830 5555 εἰκὸς,
854 5488 973 5554 πῶς
1002 5492 1060 5543 ἐν
1088 5490 1163 5560 τῷ
1187 5490 1364 5563 χρόνῳ
1389 5492 1568 5562 τρισὶν
1593 5494 1721 5547 ἐαυ-

143 5568 228 5624 τὸν
257 5573 286 5627 ὁ
326 5575 538 5649 Κύριος
587 5580 790 5646 δίδωσι,
830 5584 897 5653 τῇ
936 5599 997 5636 τε
1030 5583 1229 5655 καρδίᾳ
1261 5583 1361 5655 τῆς
1384 5584 1488 5655 γῆς
1517 5585 1610 5637 καὶ
1642 5583 1719 5655 τῷ

1822 4847 1969 4903 enim
1997 4855 2051 4903 et
2082 4851 2347 4920 ponenda:
2371 4859 2427 4907 et
2449 4867 2672 4908 rursum
2701 4856 2982 4910 sumenda
3021 4856 3235 4917 animae,
3276 4869 3401 4907 cum

1823 4940 2006 5006 vellet,
2037 4940 2275 4997 habebat
2302 4950 2652 5014 potestatem,
2679 4954 2894 5015 poterat
2925 4946 3110 5009 etiam,
3137 4953 3400 5012 tanquam

1823 5033 2151 5088 saeculorum
2187 5045 2403 5102 auctor,
2430 5036 2665 5102 eﬂicere,
2692 5045 2751 5091 ut
2783 5036 3090 5092 actionibus
3114 5034 3228 5089 suis
3263 5041 3402 5088 tem-

1825 5140 1930 5196 pus
1963 5125 2277 5191 inserviret,
2324 5144 2437 5183 non
2474 5136 2659 5183 autem
2695 5128 2944 5183 actiones
2985 5124 3235 5194 tempori.
3294 5123 3400 5179 Sed

1826 5233 2008 5272 rerum
2038 5219 2401 5275 maximarum
2428 5227 2593 5290 caput
2629 5219 2870 5279 nondum
2898 5218 3206 5287 attigimus.
3260 5216 3399 5271 Illud

1820 5312 1963 5365 enim
1999 5327 2027 5365 a
2058 5313 2321 5368 studiosis
2349 5314 2592 5381 oportuit
2613 5311 2952 5381 investigari,
2983 5308 3258 5379 quomodo
3291 5323 3402 5364 uno

1821 5407 2122 5475 eodemque
2156 5414 2404 5477 tempore
2428 5405 2692 5463 Dominus
2732 5420 2790 5459 se
2830 5404 3009 5459 tribus
3042 5402 3127 5459 his
3166 5402 3401 5470 dederit,

1821 5493 1974 5549 cordi
2000 5502 2179 5563 terrae,
2216 5498 2473 5566 paradiso
2498 5512 2622 5552 cum
2663 5496 2899 5562 latrone,
2942 5494 3235 5577 Patrisque
3282 5509 3403 5548 ma-

1819 5588 2000 5642 nibus.
2043 5587 2179 5643 Nam
2207 5589 2273 5644 ad
2305 5589 2605 5660 pharisaeos
2651 5587 2904 5659 quidem,
2930 5584 3403 5658 quemadmodum,

209 5746 250 5780 ³⁸
279 5747 417 5807 Gen.
456 5769 497 5816 ι,
528 5754 576 5809 5.
655 5756 698 5789 ³²
737 5755 926 5811 Matth.
981 5773 1149 5822 xxvn,
1192 5758 1281 5813 43.
1360 5758 1405 5790 ³³
1464 5758 1655 5813 Matth.
1696 5775 1720 5813 x

1830 5777 1889 5827 ll,
1929 5763 1980 5816 1.
