3882 6420
175 438 267 493 617

1096 435 1161 491 IN
1205 434 1480 493 CHRISTI
1522 430 2157 491 RESURRECTIONEM
2197 434 2407 492 ORAT.
2445 434 2488 490 l.

3319 432 3424 488 6l8

170 552 292 624 πρὸς
315 550 381 623 ἢν
412 548 505 603 νῦν
531 552 560 604 6
587 549 742 620 λόγος
769 550 955 623 βλέπει
980 569 992 582 ’
1026 553 1109 606 ὃτι
1148 553 1268 607 ὅλον
1316 555 1408 607 τὸν
1432 553 1721 626 ἄνθρωπον

1837 553 2012 609 Altera
2048 552 2249 610 solutio
2286 561 2372 609 est
2397 553 2512 615 illa,
2535 552 2600 607 ad
2627 566 2791 623 quam
2820 565 2965 607 nunc
2999 549 3180 607 oratio
3231 558 3420 606 nostra

167 641 249 696 τοῦ
276 639 404 694 Θεοῦ
448 641 535 695 διὰ
582 642 685 711 τῆς
716 642 849 713 πρὸς
875 643 1067 698 ἑαυτὸν
1119 644 1473 716 ἀνακράσεως
1511 646 1592 709 εἰς
1629 645 1730 715 τὴν

168 736 301 790 θείαν
328 734 487 804 φύσιν
514 736 1041 804 μετασκευάσαντος,
1074 739 1134 791 έν
1157 736 1236 808 τῷ
1265 737 1444 811 καιρῷ
1462 738 1560 809 τῆς
1589 738 1730 793 κατά

165 828 218 880 τὸ
242 826 407 890 πάθος
442 827 756 898 οἰκονομίας
784 828 846 881 ού
878 828 1111 899 θατέρου
1143 830 1341 902 μέρους
1381 830 1442 883 τὸ
1468 830 1615 895 ἅπαξ
1640 831 1731 899 ἐγ-

168 917 347 991 κραθὲν
378 916 729 989 ἀνεχώρησεν
760 918 1180 991 (ἀμεταμέλητα
1200 921 1310 991 γὰρ
1340 919 1435 975 τοῦ
1465 919 1600 973 Θεοῦ
1654 920 1727 975 τά

167 1010 475 1082 χαρίσματα)
496 1028 512 1043 ⁸
566 1011 702 1066 ἀλλά
743 1012 840 1083 τὴν
881 1014 981 1085 μὲν
1011 1013 1194 1085 ψυχὴν
1242 1012 1338 1068 τοῦ
1383 1015 1656 1085 σώματος,
1693 1016 1728 1087 ἡ

168 1102 335 1171 θεότης
362 1102 624 1166 ἑκουσίως
644 1102 938 1170 διέζευξεν,
974 1105 1175 1176 ἑαυτὴν
1213 1104 1270 1159 δὲ
1303 1107 1361 1159 ἐν
1396 1105 1729 1177 ἀμφοτέροις

170 1194 410 1266 μένουσαν
440 1194 659 1260 ἔδειξεν.
724 1194 826 1249 Διά
866 1198 964 1268 μὲν
999 1197 1110 1270 γάρ
1162 1196 1251 1251 τοῦ
1296 1196 1567 1269 σώματος,
1601 1199 1660 1251 ὲν

165 1288 248 1359 τὴν
278 1288 337 1341 ὲκ
358 1287 449 1340 τοῦ
469 1287 701 1343 Θανάτου
732 1290 1084 1362 καταφθορὰν
1113 1290 1215 1345 οὐκ
1247 1291 1485 1359 ἐδέξατο,
1515 1293 1726 1364 κατήρ-

166 1394 285 1448 γησε
328 1377 419 1430 τὸν
462 1377 656 1448 ἔχοντα
681 1379 776 1433 τοῦ
808 1380 1039 1435 θανάτου
1070 1382 1130 1435 τὸ
1159 1382 1380 1452 κράτος,
1428 1383 1515 1438 διὰ
1549 1384 1607 1437 δὲ
1628 1385 1730 1454 τῆς

165 1470 318 1541 ψυχῆς
343 1470 643 1542 ὡδοποίησε
686 1471 767 1542 τῷ
807 1472 976 1545 λῃστῇ
1016 1474 1114 1545 τὴν
1152 1474 1246 1528 ἐπὶ
1274 1474 1366 1529 τὸν
1399 1476 1728 1546 παράδεισον

167 1564 343 1616 εἴσοδον
362 1581 377 1594 ·
426 1563 520 1616 καὶ
541 1564 610 1618 τὰ
633 1564 727 1617 δύο
756 1565 879 1619 κατ’
909 1566 1074 1620 αὑτὸν
1099 1569 1426 1640 ἐνεργεῖται,
1456 1568 1523 1622 δι’
1550 1569 1729 1639 ἀμφο-

166 1658 316 1728 τέρων
343 1658 443 1729 τῆς
471 1658 727 1730 θεότητος
751 1659 813 1712 τὸ
843 1660 1050 1728 ἀγαθὸν
1073 1661 1468 1733 κατορθούσης·
1504 1662 1594 1717 διά
1629 1664 1728 1735 μὲν

165 1748 249 1817 τῆς
280 1748 368 1802 τοῦ
395 1747 648 1819 σώματος
676 1750 1010 1823 ἀφθαρσίας,
1042 1752 1140 1823 τὴν
1169 1751 1263 1805 τοῦ
1297 1752 1526 1807 θανάτου
1566 1753 1730 1809 κατά-

165 1838 297 1893 λυσιν
319 1855 332 1870 ·
358 1840 445 1894 διὰ
473 1840 532 1894 δὲ.
561 1842 660 1911 τῆς
684 1840 865 1911 ψυχῆς
896 1841 1035 1913 πρὸς
1056 1840 1153 1912 τὴν
1198 1842 1334 1897 ίδίαν
1364 1843 1549 1896 ἑστίαν
1578 1845 1727 1897 ἐπει-

165 1933 393 2004 γομένης,
423 1934 523 2005 τὴν
552 1910 646 1987 ἐπὶ
670 1910 771 1987 τὸν
796 1910 1123 2004 παράδεισον
1153 1935 1262 1990 τῶν
1289 1936 1593 2007 ἀνθρώπων
1620 1939 1720 1991 ὲπ-
1759 1910 1800 1970 Β

166 2026 341 2081 άνοδον.
398 2025 554 2079 Ἐπεὶ
594 2022 689 2080 οὖν
729 2025 950 2080 διπλοῦν
987 2026 1085 2097 μὲν
1127 2027 1187 2081 τὸ
1226 2027 1566 2100 ἀνθρώπινον
1596 2029 1727 2099 σύγ-

164 2135 350 2190 κραμα,
374 2118 521 2190 ἁπλῆ
557 2118 615 2172 δὲ
647 2119 741 2172 καὶ
766 2119 1043 2191 μονοειδὴς
1073 2122 1107 2190 ἡ
1137 2120 1237 2190 τῆς
1267 2120 1518 2193 θεότητος
1540 2121 1723 2192 φύσις,

120 2218 125 2225 ”
165 2213 212 2263 ὲν
241 2210 312 2281 τῷ
334 2209 508 2283 καιρῷ
540 2210 644 2280 τῆς
667 2209 762 2264 τοῦ
785 2210 1038 2281 σώματος
1065 2210 1172 2265 ἀπὸ
1200 2211 1301 2282 τῆς
1318 2211 1497 2283 ψυχῆς
1519 2210 1726 2278 διαζεύ-

165 2302 309 2368 εεως,
342 2303 401 2357 οὐ
433 2302 871 2372 συνδιασχίζεται
904 2300 983 2373 τῷ
1011 2302 1253 2374 συνθέτῳ
1290 2303 1350 2356 τὸ
1395 2302 1723 2375 ἀδιαίρετον,

163 2394 281 2449 ἀλλά
309 2396 366 2449 τὸ
392 2394 631 2466 ἔμπαλιν
670 2394 899 2463 γίνεται.
963 2395 1042 2467 Τῇ
1081 2394 1191 2466 γὰρ
1221 2395 1431 2467 ἐνότητι
1457 2395 1555 2469 τῆς
1576 2393 1726 2461 θείας

165 2486 354 2554 φύσεως
373 2491 474 2560 τῆς
497 2487 644 2542 κατά
672 2487 733 2541 τὸ
758 2482 877 2542 ἴσον
901 2488 960 2541 ὲν
988 2487 1320 2560 ἀμφοτέροις
1339 2482 1532 2561 ὀῦσης,
1564 2489 1727 2545 πάλιν

164 2580 279 2651 πρὸς
303 2580 499 2653 ἄλληλα
531 2580 604 2635 τὰ
627 2580 891 2635 διεστῶτα
921 2581 1251 2651 συμφύεται.
1278 2583 1389 2636 Καὶ
1410 2583 1553 2637 οὔτω
1581 2583 1727 2654 γίνε⁹

163 2674 295 2736 ται,ὁ
316 2672 541 2737 θάνατος
562 2672 681 2743 μὲν,
712 2674 775 2725 ὲκ
803 2673 904 2743 τῆς
924 2673 1032 2726 τῶν
1055 2674 1493 2744 συμπεφυκότων
1522 2675 1728 2746 διαιρέ-

168 2779 303 2827 σεως·
335 2766 366 2836 ή
396 2763 696 2828 ἀνάστασις
728 2763 805 2826 δὲ,
826 2764 892 2816 ὲκ
921 2762 1023 2833 τῆς
1049 2763 1159 2817 τῶν
1188 2762 1569 2836 διαιρεθέντων
1596 2764 1727 2820 ἑνώ-

168 2870 302 2920 σεως.
361 2857 425 2909 Εί
471 2857 530 2909 δὲ
580 2853 761 2926 ζητεῖς
802 2853 920 2918 πῶς
964 2855 1022 2907 ὲν
1059 2853 1137 2925 τῷ
1186 2855 1498 2928 παραδείσῳ
1532 2854 1628 2923 ὢν,
1667 2858 1725 2910 ὲν

165 2948 264 3010 ταῖς
288 2946 436 3017 χερσὶ
456 2946 559 3000 τοῦ
587 2943 803 3017 Πατρὺς
833 2944 1026 2997 ἑαυτὸν
1051 2944 1434 3016 παρατίθεται,
1457 2948 1727 3019 ἑρμηνεύ-

169 3054 235 3091 σει
258 3056 330 3094 σοι
356 3041 384 3094 6
403 3038 611 3111 ὑψηλὸς
645 3038 875 3101 Ἡσαΐας
902 3038 964 3091 τὸ
995 3038 1345 3109 περὶτούτων
1375 3040 1724 3113 ζητούμενον.

166 3127 281 3183 Εἷπε
308 3130 413 3202 γάρ
456 3130 670 3192 ἐκεῖνος
698 3128 763 3182 ὲκ
804 3130 1099 3200 προσώπου
1147 3128 1243 3184 τοῦ
1282 3130 1417 3185 Θεοῦ
1468 3134 1597 3204 περί
1630 3134 1730 3207 τῆς

165 3219 261 3275 ἀνω
292 3220 649 3294 Ἰερουσαλὴμ
667 3258 683 3285 ,
723 3219 791 3290 ἢν
813 3218 914 3273 οὐκ
962 3221 1129 3291 ἀλλην
1157 3221 1309 3293 παρά
1343 3223 1436 3278 τὸν
1467 3225 1728 3297 παράδει-

166 3328 242 3365 σον
266 3311 395 3369 εἶναι
427 3312 784 3385 πιστεύομεν,
808 3313 891 3366 ὅτι
926 3313 1051 3367 Ἐπί
1076 3308 1196 3367 τῶν
1216 3315 1431 3385 χειρῶν
1452 3335 1572 3387 μου
1597 3317 1729 3379 ἐζω-

167 3404 416 3475 ΊῬάφησά
450 3422 576 3462 σου
613 3406 688 3460 τὰ
733 3406 923 3475 τείχη.
984 3405 1047 3458 Et
1089 3400 1183 3459 οὖν
1208 3408 1266 3460 ὲν
1298 3410 1416 3470 ταῖς
1442 3407 1598 3479 χερσὶ
1634 3409 1729 3463 τοῦ

167 3495 354 3570 [ἰατρὸς
384 3499 835 3571 περιγέγραπται
872 3500 906 3568 ὴ
944 3495 1320 3569 Ἰερουσαλὴμ,
1352 3499 1474 3569 ἥτις
1518 3500 1665 3554 ἐστὶν
1702 3502 1733 3553 6

169 3589 490 3659 παράδεισος,
518 3589 768 3662 δηλονότι
805 3589 833 3642 6
862 3589 919 3642 ὲν
950 3588 1263 3660 παραδείσῳ
1295 3588 1581 3661 γενόμενος
1613 3592 1731 3655 ταῖς

156 3681 422 3753 ¹πατρῴαις
469 3682 692 3745 πάντως
736 3679 1069 3735 ἐνδιαιτᾶται
1119 3682 1432 3753 παλάμαις,
1485 3684 1543 3736 ὲν
1575 3678 1729 3755 αἷςή

168 3771 269 3828 θεία
289 3776 435 3840 πόλις
475 3774 579 3848 τὴν
612 3773 959 3847 περιγραφὴν
991 3774 1124 3848 ἔχει.
1158 3776 1268 3830 Καὶ
1310 3775 1485 3829 ταῦτα
1514 3774 1613 3846 μὲν
1651 3777 1733 3840 είς

165 3867 410 3923 τοσοῦτον.

225 3957 357 4013 Ὅσα
379 3958 434 4014 δὲ
479 3959 593 4014 τῶν
638 3960 914 4015 Ἰουδαίων
964 3960 1238 4031 ἀκούομεν
1289 3959 1734 4033 κατατρεχόντων

165 4048 215 4104 ὲν
254 4053 445 4126 σφοδρᾷ
491 4054 804 4126 κατηγορίᾳ
858 4053 952 4107 τοῦ
1006 4054 1295 4125 δόγματος,
1343 4053 1494 4118 ἀξιον
1536 4052 1602 4107 ἂν
1649 4054 1733 4125 εἴη

167 4144 455 4214 προσθεῖναι
491 4145 581 4201 διά
615 4146 862 4218 βραχέων
883 4146 959 4218 τῷ
979 4146 1142 4216 λόγῳ.
1177 4145 1409 4217 Λέγουσι
1436 4148 1545 4218 γάρ
1571 4147 1629 4200 έν
1658 4146 1735 4217 τῷ

168 4237 280 4305 περὶ
313 4237 405 4292 τοῦ
437 4239 637 4326 Πάσχα
663 4238 807 4310 λόγῳ
827 4241 940 4302 τοῖς
974 4238 1247 4301 Ἰουδαίοις
1280 4237 1735 4307 νενομοθετῆσθαι

166 4331 297 4401 παρὰ
332 4333 422 4388 τοῦ
445 4333 727 4397 Μωῦσέως
751 4333 849 4404 τὴν
878 4330 1478 4404 τεσσαρεσκαιδεκάτην
1518 4329 1611 4385 τοῦ
1644 4347 1733 4384 σε-

165 4418 362 4492 ληναίου
385 4425 588 4499 δρόμου
634 4427 909 4497 περίοδον,
952 4424 1178 4479 καὶτῶν
1210 4425 1352 4478 ἑπτὰ
1390 4424 1611 4496 ἡμερῶν
1638 4424 1735 4493 τὴν

166 4512 557 4587 ἀξυμοφαγίαν,
609 4519 703 4572 καὶ
736 4518 866 4589 ὄψον
914 4519 1007 4572 ἐπὶ
1040 4520 1155 4582 τοῖς
1202 4517 1434 4588 ἀζύμοις
1464 4516 1736 4570 ποιεῖσθαι

1755 3273 1799 3333 C

1833 654 2083 716 spectat:
2131 662 2330 718 nempe
2383 646 2551 702 Deum
2600 646 2693 716 qui
2749 653 2926 699 totum
2982 643 3259 699 hominem
3324 658 3421 714 per

1832 754 1989 795 suam
2015 756 2141 794 cum
2173 740 2268 795 illo
2298 739 2747 810 coniunctionem
2797 738 2852 792 iu
2889 745 3141 793 naturam
3176 736 3417 791 divinam

1831 837 2160 895 mutaverat,
2191 831 2388 887 mortis
2445 839 2693 901 tempore
2734 844 2764 883 a
2815 836 3009 883 neutra
3042 827 3211 893 illius,
3256 842 3418 897 quem

1831 923 2001 977 semel
2062 933 2470 995 assumpserat,
2533 930 2689 993 parte
2760 919 3081 977 recessisse.
3129 917 3419 988 Nunquam

1829 1013 1974 1068 enim
2008 1014 2160 1069 illum
2195 1030 2421 1071 suorum
2462 1029 2755 1071 munerum
2791 1012 3021 1084 pmnitet
3043 1011 3114 1065 δ’.
3152 1007 3421 1064 Divinitas

1828 1119 1961 1176 ergo
2001 1107 2282 1164 voluntate
2302 1108 2521 1180 quidem
2555 1108 2797 1163 animum
2819 1122 2849 1161 a
2872 1118 3107 1177 corpore
3127 1102 3419 1172 disjunxit,

1830 1198 1926 1256 sed
1982 1198 2039 1254 in
2099 1208 2336 1271 utroque
2384 1208 2564 1256 tamen
2615 1214 2676 1256 se
2721 1213 2945 1254 manere
2995 1194 3419 1252 demonstravit.

1828 1288 1964 1343 Nam
2005 1306 2102 1360 per
2148 1306 2373 1362 corpus,
2405 1292 2459 1346 in
2508 1306 2618 1363 quo
2657 1289 3070 1360 corruptionem
3123 1302 3190 1342 ex
3245 1295 3424 1340 morte

1830 1385 2246 1453 provenientem
2288 1399 2399 1439 non
2442 1384 2666 1452 admisit
2687 1384 2756 1449 “,
2787 1381 2982 1438 evertit
3010 1392 3159 1444 eum,
3200 1378 3292 1449 qui
3325 1378 3422 1431 ha-

1829 1474 1992 1530 bebat
2011 1476 2206 1532 mortis
2258 1476 2648 1547 imperium“:
2694 1491 2792 1546 per
2826 1475 3070 1529 animum
3107 1479 3288 1526 autem
3339 1470 3420 1523 la-

1830 1566 1973 1620 troni
2031 1565 2286 1638 patefecit
2324 1567 2533 1621 aditum
2590 1566 2648 1621 in
2706 1564 3064 1636 paradisum:
3124 1569 3421 1629 utrumque

1828 1666 2010 1712 autem
2041 1656 2233 1713 eodem
2263 1665 2512 1730 tempore
2534 1658 2837 1729 perfectum
2868 1665 2975 1721 est,
3006 1654 3295 1709 divinitate
3323 1667 3420 1723 per

1830 1756 2123 1820 utramque
2150 1750 2393 1807 hOminis
2432 1760 2641 1821 partem
2676 1750 2792 1805 haec
2821 1750 2965 1805 bona
3004 1754 3322 1818 praestante,
3364 1754 3423 1799 ut

1830 1855 1929 1911 per
1976 1842 2231 1913 corporis
2281 1845 2756 1914 incorruptionem
2805 1849 3037 1898 mortem
3068 1842 3262 1912 ,ipsam
3302 1839 3422 1895 disc

1833 1932 2103 1999 solveret,
2165 1949 2262 2004 per
2298 1935 2469 1989 animi
2531 1948 2662 1989 vero
2701 1934 2758 1989 in
2802 1934 2934 1989 sede
2997 1930 3220 2003 propria
3286 1945 3421 1985 con-

1833 2024 2170 2081 stitutionem
2199 2025 2513 2081 hominibus
2547 2025 2754 2080 aditum
2797 2025 2851 2079 in
2887 2024 3204 2095 paradisum
3237 2023 3421 2093 aperi-

1835 2125 1936 2172 ret.
1973 2116 2243 2183 Quoniam
2280 2117 2444 2190 igitur
2472 2117 2672 2188 duplex
2718 2126 2797 2173 est
2836 2115 3075 2170 hominis
3110 2113 3415 2177 concretio,

1834 2207 2065 2278 simplex
2103 2218 2283 2263 autem
2330 2216 2495 2278 atque
2530 2222 2639 2261 una
2681 2206 2984 2263 divinitatis
3031 2212 3251 2269 natura,
3296 2214 3421 2258 cum

1833 2298 2002 2353 homo
2050 2298 2345 2353 dirimatur
2386 2304 2554 2367 atque
2594 2296 2950 2360 distrahatur,
3001 2294 3264 2349 divinitas
3303 2292 3422 2361 ipsa

1835 2412 1957 2469 quas
1974 2396 2252 2453 individua
2277 2404 2382 2461 est,
2406 2412 2515 2452 non
2551 2404 2857 2462 separatur,
2885 2391 2980 2449 sed
3010 2374 3217 2446 contra‘
3236 2389 3420 2461 potius

1835 2498 2062 2563 prOpter
2092 2490 2361 2546 unitatem
2388 2496 2599 2545 naturae
2650 2488 2872 2555 divinze,
2902 2501 3023 2559 qua:
3057 2486 3273 2555 utrique
3310 2482 3425 2537 ho-

1836 2581 2005 2639 minis
2033 2584 2176 2656 parti
2206 2598 2272 2640 ex
2300 2597 2460 2654 azquo
2485 2583 2651 2650 inest,
2697 2596 2818 2653 qua:
2852 2580 3104 2650 seiuncta
3145 2584 3425 2647 separata-

1836 2691 1944 2746 que
1975 2686 2152 2741 erant,
2184 2693 2405 2733 rursum
2440 2683 2641 2732 coeunt
2673 2683 2729 2729 et
2774 2673 3210 2744 coniunguntur.
3242 2668 3425 2739 Atque

1836 2768 1913 2823 ita
1952 2783 2017 2824 ex
2048 2769 2287 2840 partium
2342 2768 2768 2839 conjunctarum
2817 2764 3092 2821 divisione
3136 2776 3290 2817 mors
3332 2775 3423 2818 se-

1836 2861 2047 2935 quitur,
2080 2878 2145 2917 ex
2197 2862 2501 2918 divisarum
2557 2867 2743 2915 autem
2792 2856 3187 2927 conjunctione
3236 2868 3425 2909 resur-

1838 2955 2029 3011 rectio.
2070 2952 2227 3021 Quod
2279 2954 2325 3010 si
2385 2952 2590 3024 quaeris
2632 2950 2908 3023 quomodo
2951 2949 3006 3004 in
3058 2945 3313 3019 paradiso
3366 2958 3426 2999 se

1836 3045 2019 3101 Patris
2054 3044 2309 3102 manibus
2346 3044 2769 3106 commendarit,
2803 3041 2905 3098 tibi
2949 3039 3203 3096 sublimis
3251 3034 3425 3092 Isaias

1839 3132 2195 3205 respondebit
2215 3134 2283 3190 de
2306 3132 2518 3190 cmlesti
2545 3131 2873 3200 Jerusalem,
2903 3142 3068 3201 quam
3111 3128 3246 3183 nihil
3274 3127 3425 3183 aliud

1838 3228 1947 3286 nisi
1982 3227 2299 3300 paradisum
2332 3243 2457 3285 esse
2478 3226 2758 3284 credimus
2783 3242 2848 3282 ex
2881 3224 2976 3281 Dei
3005 3237 3241 3296 persona
3271 3240 3285 3278 :
3321 3219 3427 3276 De-

1833 3319 2022 3387 scripsi
2049 3333 2266 3385 muros,
2315 3318 2605 3389 inquiens,
2654 3326 2773 3373 tuos
2805 3317 2859 3370 in
2906 3315 3150 3371 manibus
3195 3313 3326 3369 meis
3353 3312 3424 3366 ⁵³.

1835 3408 2017 3476 Quare
2043 3409 2089 3466 si
2118 3408 2446 3477 Jerusalem,
2473 3410 2577 3467 hoc
2599 3417 2707 3474 est,
2742 3409 3059 3480 paradisus,
3086 3408 3141 3463 in
3169 3407 3425 3462 manibus

1834 3498 2014 3556 Patris
2042 3498 2318 3571 descripta
2351 3509 2455 3566 est,
2488 3507 2707 3557 constat
2741 3516 2891 3566 eum,
2925 3500 3020 3571 qui
3064 3499 3120 3553 in
3165 3498 3426 3569 paradiso

1836 3593 1927 3657 sit,
1959 3593 2014 3648 in
2059 3590 2242 3650 Patris
2281 3594 2570 3660 manibus,
2619 3593 2675 3648 in
2733 3594 2938 3664 quibus
2989 3590 3419 3661 descriptionem

1834 3685 2002 3740 habet
2032 3684 2218 3740 divina
2242 3683 2460 3751 civitas,
2492 3683 2843 3741 commorari.
2878 3684 2956 3738 Ac
2982 3683 3051 3739 de
3083 3682 3168 3738 his
3205 3680 3425 3753 quidem

1835 3775 2127 3832 hactenus.

1910 3976 2114 4033 Verum
2157 3976 2287 4047 quia
2326 3974 2502 4031 ιιιόωὶ
2565 3975 2917 4032 vehementer
2959 3973 3273 4029 institutum
3324 3988 3428 4028 no-

1839 4078 2015 4129 strum
2061 4079 2362 4136 accusant,
2400 4084 2512 4126 non
2549 4068 2786 4125 alienum
2832 4068 2957 4133 erit,
2990 4074 3069 4132 ut,
3111 4081 3235 4138 quae
3268 4065 3427 4121 nobis

1839 4162 2149 4232 objiciunt,
2197 4161 2441 4218 breviter
2500 4158 2838 4218 refellamus.
2891 4158 3092 4213 Dicunt
3145 4158 3314 4228 igitur
3371 4157 3428 4212 in

1838 4252 2110 4310 Paschate
2135 4251 2467 4310 celebrando
2494 4253 2576 4309 sic
2616 4266 2648 4307 a
2690 4252 2841 4307 Mose
2887 4249 3426 4322 quartumdecimum

1841 4345 1985 4400 lunae
2020 4358 2219 4399 cursus
2265 4344 2558 4398 circuitum
2594 4343 2649 4397 in
2684 4343 2801 4413 lege
2857 4341 3238 4413 praescriptum
3279 4356 3427 4411 esse,

1839 4444 1902 4492 ut
1926 4443 2134 4507 septem
2193 4434 2389 4491 diebus
2423 4450 2564 4505 pane
2613 4435 2733 4490 sine
2784 4433 3089 4500 fermento,
3141 4443 3199 4490 et
3240 4433 3428 4490 herbis

1840 4528 2046 4583 amaris
2080 4540 2182 4598 pro
2230 4526 2461 4582 obsonio
2503 4534 2858 4582 vescerentur
2876 4524 2946 4582 “.
2975 4524 3342 4597 Quapropter,
3379 4526 3428 4580 si

165 4603 258 4659 τῶν
277 4610 537 4680 πικρίδων
564 4610 663 4681 τὴν
687 4610 843 4663 πόαν.
897 4610 960 4664 Et
992 4607 1087 4665 οῦν
1112 4608 1379 4681 ἐπιμελὴς
1404 4610 1533 4680 ὑμῖν
1573 4610 1605 4681 ἡ
1630 4608 1730 4679 τῆς

1838 4618 2373 4690 quartumdecimum
2402 4658 2417 4685 ,
2466 4619 2755 4690 inquiunt,
2785 4618 2929 4674 diem
2963 4619 3297 4683 observatis,
3356 4618 3430 4674 si-

165 4702 741 4774 τεσσαρεσκαιδεκάτης
776 4703 893 4756 ἐστὶ
922 4704 1326 4774 παρατήρησις,
1361 4718 1732 4773 συμπαραφυ-

165 4783 442 4857 λαττέσθω,
487 4796 652 4866 φησιν
679 4797 708 4849 6
752 4793 1038 4860 Ἰουδαῖος,
1078 4795 1175 4848 καὶ
1207 4794 1241 4864 ἡ
1291 4795 1478 4864 πικρὶς
1526 4793 1622 4846 καὶ
1672 4794 1733 4847 τὸ

166 4874 373 4950 ἄζυμον.
425 4883 490 4937 Et
538 4884 595 4938 δὲ
631 4884 803 4939 ταῦτα
849 4885 944 4938 τοῦ
981 4884 1326 4957 παρορᾶσθαι
1364 4883 1521 4952 ἀξια,
1578 4885 1660 4949 τίς
1697 4887 1729 4957 ἢ

169 4972 279 5041 περὶ
321 4976 533 5047 ἐκείνης
569 4977 810 5050 σπουδή;
859 4977 935 5031 Οὐ
976 4975 1084 5047 γάρ
1124 4976 1188 5047 δὴ
1226 4976 1320 5030 τοῦ
1369 4977 1534 5033 αὐτοῦ
1575 4996 1733 5049 νομο-

167 5057 323 5129 θέτου,
355 5066 415 5119 τὸ
443 5068 541 5138 μέν
571 5087 621 5122 τι
654 5068 862 5124 δίκαιον
889 5069 984 5123 καὶ
1013 5068 1363 5140 ψυχωφελὲςο
1390 5069 1450 5124 τὸ
1477 5069 1534 5123 δὲ
1564 5069 1735 5141 άΧρτΓ

170 5168 276 5210 στον
300 5160 537 5231 κρίνεται
563 5163 657 5215 καὶ
687 5161 993 5234 ἀπόϐλητον
1016 5180 1030 5193 σ
1064 5162 1139 5226 ὡς
1166 5162 1482 5231 ἐπάναγκες
1504 5158 1668 5228 εἶναι,
1699 5162 1733 5233 ἢ

169 5247 330 5305 πάντα
355 5254 747 5328 κατορθοῦσθαι
767 5255 897 5326 παρ’
929 5254 1105 5327 ἡμῶν,
1136 5257 1235 5308 ὅσα
1267 5257 1396 5325 περὶ
1420 5254 1513 5309 τοῦ
1540 5256 1733 5325 Πάσχα

168 5335 511 5413 διηγόρευται,
547 5349 581 5419 ἣ
634 5347 858 5419 μηδενὸς
897 5348 1044 5420 ἡμᾶς
1093 5346 1466 5419 περιέχεσθαι.
1532 5346 1599 5401 Τί
1642 5342 1734 5402 οὖν

167 5428 351 5500 ἡμεῖςς
384 5438 731 5509 Μνησθιῖῳεν
763 5438 857 5493 τοῦ
891 5439 1361 5512 παραγγείλαντος
1390 5478 1405 5503 ,
1439 5438 1513 5510 μὴ
1550 5439 1733 5508 φοϐεῖ-

172 5521 281 5577 σθαι
307 5527 394 5581 τὸν
423 5528 721 5603 ὀνειδισμὸν
744 5530 853 5585 τῶν
874 5531 1199 5604 ἀνθρώπων,
1227 5532 1320 5584 καὶ
1349 5530 1426 5601 τῷ
1443 5529 1735 5603 φαυλισμῷ

172 5614 333 5671 αὐτῶν
368 5621 441 5691 μὴ
479 5623 762 5693 ἡττᾶσθαι.
817 5625 1051 5694 Οἴδαμεν
1093 5624 1201 5695 γὰρ
1233 5622 1342 5676 τῶν
1379 5620 1607 5693 ἀζύμων
1636 5621 1734 5694 τὴν

171 5701 448 5782 ψυχωφελῆ
484 5715 898 5788 παρατήρησιν,
932 5716 1027 5769 καὶ
1059 5715 1167 5769 τῶν
1203 5714 1465 5786 πικρίδων
1505 5713 1566 5768 τὸ
1604 5715 1733 5785 κέρ-

1843 4712 1957 4765 mul
1991 4710 2155 4766 etiam
2189 4711 2291 4766 hos
2332 4711 2487 4767 cibos
2518 4710 2807 4766 comedite.
2848 4707 2944 4765 Sin
2979 4709 3107 4766 illos
3131 4709 3427 4779 respuitis,

1841 4816 1943 4856 cur
1977 4804 2034 4857 in
2089 4804 2180 4859 die
2237 4802 2581 4858 observando
2656 4802 2903 4858 studium
2963 4800 3431 4872 ponitis?Neque

1840 4895 1987 4950 enim
2020 4895 2315 4951 dicendum
2338 4904 2443 4958 est,
2477 4909 2599 4965 quae
2625 4894 2695 4950 ab
2721 4895 2913 4950 eodem
2947 4894 3267 4963 legislatore
3297 4900 3429 4947 sunt

1842 4987 2169 5051 constituta,
2196 4987 2396 5057 partim
2423 5001 2546 5044 esse
2569 4996 2830 5055 tanquam
2853 4989 3003 5055 iusta
3030 4995 3197 5053 atque
3222 4984 3425 5040 animis

1841 5078 1995 5133 utilia
2026 5078 2438 5148 comprobanda
2473 5118 2489 5144 ,
2526 5078 2727 5147 partim
2759 5082 2817 5129 ut
2864 5075 3070 5145 injusta
3109 5082 3160 5129 et
3213 5073 3427 5128 inutilia

1840 5168 2201 5238 repudianda.
2236 5166 2334 5224 llis
2388 5166 2728 5238 argumentis
2757 5164 3131 5228 concludunt,
3182 5171 3278 5217 aut
3305 5177 3427 5217 om-

1838 5261 1953 5326 nia,
1986 5275 2112 5331 qute
2166 5260 2224 5316 in
2264 5258 2537 5314 Paschate
2565 5254 2894 5312 celebrando
2922 5255 3079 5325 iussa
3136 5261 3301 5319 sunt,
3331 5264 3430 5307 aut

1839 5352 1978 5408 nihil
2008 5353 2309 5409 observare
2341 5366 2443 5408 nos
2490 5356 2769 5420 oportere.
2804 5347 2943 5414 Quid
3003 5355 3187 5401 autem
3224 5361 3325 5401 nos
3358 5347 3426 5400 ad

1844 5445 1961 5499 haec
1988 5445 2011 5497 ?
2041 5442 2449 5499 Meminerimus
2479 5439 2641 5497 nobis
2670 5453 2795 5496 esse
2851 5436 3193 5504 mandatum,
3230 5453 3300 5491 ne
3338 5436 3431 5492 ho-

1845 5533 2055 5586 minum
2104 5531 2413 5588 maledictis
2446 5540 2501 5586 et
2529 5528 2882 5586 contumeliis
2913 5528 3340 5607 succumbamus
3359 5528 3426 5580 ⁸⁷.

1842 5623 2107 5680 Novimus
2139 5625 2327 5680 utilem
2379 5624 2537 5695 panis
2584 5622 2706 5678 sine
2736 5622 3005 5677 fermento
3054 5618 3296 5677 confecti
3329 5619 3430 5675 ob-

1846 5716 2236 5782 servationem,
2272 5731 2376 5771 nec
2404 5729 2718 5772 amararum
2744 5713 3042 5771 herbarum
3070 5713 3311 5779 lucrum,
3335 5718 3429 5765 aut

235 5888 276 5921 ⁴⁵¹
302 5890 457 5951 Rom.
496 5913 570 5964 at,
591 5898 682 5955 29.
758 5898 804 5931 ⁸³
831 5899 952 5954 Act.
986 5899 1135 5961 ιι,ἓῖ
1232 5900 1276 5932 ⁸⁵
1301 5900 1463 5956 llcbr.
1493 5916 1548 5963 tt,
1580 5898 1667 5955 Η.

1837 5901 1925 5954 ευ.
1952 5913 2077 5968 ην,
2121 5898 2209 5953 12.
2286 5895 2523 5954 “Exod.
2558 5911 2654 5965 xu,
2690 5893 2743 5949 8.
2822 5894 2865 5926 ⁴⁷
2889 5892 3082 5948 Matth.
3114 5908 3167 5956 v,
3202 5890 3270 5948 59
3302 5903 3428 5963 sqq.

347 5991 611 6058 Ριτιιοι..
652 5995 769 6056 Gn.
817 5995 1042 6056 XLVI.

3007 5987 3087 6047 20
