3882 6428
503 432 611 480 σιν

1786 427 1845 480 S.
1885 426 2216 483 GREGORII
2241 427 2542 483 NYSSENI
3649 440 3737 497 (ἱξο

504 545 612 599 diei
647 542 1084 614 quartadecima:
1116 558 1277 600 usum
1310 545 1647 615 ignoramus.
1686 542 1796 599 Lex
1819 585 1834 607 ,
1866 555 1926 599 ιιι
1955 560 2071 614 pau-

2189 546 2302 610 δος.
2322 547 2418 602 καὶ
2445 547 2547 617 τῆς
2574 546 3174 620 τεσσαρεσκαιδεκάτης
3202 549 3266 603 τὸ
3292 551 3577 622 χρήσιμον,
3616 556 3667 611 ὀ
3689 560 3735 614 δέ.

502 637 586 690 eis
617 637 889 691 rationem
942 636 1083 692 banc
1114 636 1455 706 explicemus
1489 675 1504 700 ,
1556 636 1863 691 futurorum
1913 636 2086 690 bono-

504 742 625 781 rum
660 728 912 782 umbram
943 729 1236 784 continens
1252 730 1321 795 δ’,
1361 743 1532 783 unum
1580 727 1713 783 illud
1741 728 2086 797 propositum

505 818 690 882 habet,
749 828 811 874 ut
844 818 1017 875 variis
1048 820 1322 875 mandatis
1358 820 1522 874 homo
1557 819 1627 873 ab
1660 818 1901 874 immista
1931 828 2087 874 natu-

500 923 713 965 msum
749 910 955 965 malitia
1000 918 1283 981 purgetur.
1318 907 1431 964 Huc
1461 916 1672 979 spectat
1707 908 2084 974 circumcisio,

504 999 869 1055 inuersabbati
902 1040 919 1066 ,
963 1001 1074 1056 huc
1107 1001 1383 1064 ciborum,
1420 1001 1528 1055 huc
1557 999 1726 1055 varia:
1762 999 2084 1054 animalium

502 1089 915 1153 immolationis,
945 1090 1053 1144 huc
1085 1089 1332 1144 omnium
1376 1087 1612 1159 denique
1643 1087 1778 1157 legis
1822 1100 2086 1147 caremu-

502 1180 717 1235 niarum
753 1188 807 1236 et
838 1180 1225 1236 institutorum
1254 1180 1591 1237 observatio.
1627 1180 1872 1251 Longum
1904 1188 2084 1235 autem

500 1279 668 1339 esset,
697 1288 761 1327 ea
794 1288 917 1343 qme
945 1273 1031 1328 lex
1081 1288 1177 1342 per
1214 1274 1503 1344 mnigmata
1539 1273 1889 1343 praescribit,
1926 1288 2085 1328 mun-

499 1360 691 1414 ditiam
755 1363 924 1417 animi
979 1363 1344 1433 signiﬁcantia
1380 1403 1395 1427 ,
1458 1364 1737 1434 sigillatim
1776 1378 2083 1421 recensere.

496 1452 966 1517 Quemadmodum
993 1454 1159 1524 igitur
1178 1470 1277 1525 per
1302 1455 1775 1511 circumcisionem
1791 1495 1807 1521 ,
1829 1472 1949 1526 quae
1973 1457 2085 1527 spi-

487 1547 605 1598 ritu
629 1545 927 1615 peragitur,
958 1554 1150 1601 natura
1175 1547 1504 1618 cupiditates
1537 1546 1746 1616 abjicit,
1774 1548 1936 1602 vitam
1960 1563 2085 1602 car-

494 1638 555 1693 ni
589 1637 883 1692 obnoxiam
920 1647 1214 1709 amputans
1260 1647 1316 1694 et
1349 1639 1754 1695 circumcidens
1780 1678 1797 1704 ,
1828 1653 1924 1709 per
1951 1637 2088 1694 Sab-

2187 638 2342 705 λόγος
2369 630 2524 702 οὗτός
2549 639 2717 701 ἐστιν,
2745 638 2805 692 δν
2828 639 2904 692 δι’
2924 638 3123 706 ὀλίγων
3143 641 3572 714 ἐπισκεψόμεθα⁹
3587 646 3639 702 '0
3653 657 3738 721 τὴν

2188 730 2347 784 σκιὰν
2378 730 2487 783 τῶν
2534 730 2837 801 μελλόντων
2869 730 3089 799 ἀγαθῶν
3116 731 3259 802 ἔχων
3294 733 3481 805 νόμος,
3503 739 3630 809 πρὸς
3658 740 3737 796 Eva

2187 821 2332 874 κατά
2356 821 2419 875 τδ
2462 821 2875 894 προηγούμενον
2925 821 3113 892 βλέπει
3144 825 3348 879 σκοπὸν
3374 865 3390 892 ,
3417 827 3560 894 ὅπως
3586 829 3647 885 ἂν
3665 830 3737 886 διὰ

2186 912 2293 965 τῶν
2324 912 2583 967 ποικίλων
2620 914 3101 985 παραγγελμάτων
3139 915 3440 989 καθαρθείη
3461 918 3558 989 τῆς
3591 921 3734 993 ἐμμιο

2185 1004 2406 1075 χθείσης
2450 1003 2648 1068 κακίας
2687 1007 2717 1058 ὁ
2744 1004 3048 1076 ἄνθρωπος.
3090 1005 3261 1060 Τοῦτο
3300 1009 3360 1060 ἐν
3380 1011 3447 1081 τῇ
3475 1016 3732 1084 περιτομῇ.

2185 1094 2344 1149 τοῦτο
2372 1096 2430 1149 ἐν
2454 1094 2531 1165 τῷ
2554 1093 2839 1167 Σαϐϐάτῳ,
2862 1094 3021 1149 τοῦτο
3048 1097 3105 1150 ἐν
3136 1098 3203 1167 τῇ
3227 1097 3340 1150 τῶν
3361 1099 3625 1171 ἐδωδίμων
3647 1119 3733 1156 πα-

2190 1189 2507 1259 ρατηρήσει,
2547 1187 2705 1241 τοῦτο
2743 1190 2802 1242 ἐν
2843 1191 2909 1261 τῇ
2947 1190 3166 1262 ποικίλῃ
3197 1190 3491 1263 ζωοθυσίᾳ,
3526 1194 3735 1249 τοῦτοὲν

2185 1281 2297 1342 τοῖς
2339 1277 2460 1332 καθ’
2500 1278 2731 1333 ἕκαστον
2783 1282 3218 1353 παρατηρήμασι
3274 1285 3624 1356 ητορθοῦται
3656 1287 3734 1342 τοῦ

2185 1367 2370 1437 νόμου.
2435 1368 2544 1421 Καὶ
2589 1367 2798 1438 μακρὸν
2841 1368 2908 1422 ἂν
2947 1370 3034 1440 είη
3082 1372 3149 1425 τά
3201 1372 3337 1443 περὶ
3384 1373 3606 1429 ἑκάστου
3622 1380 3732 1448 ἡμῖν

2185 1457 2596 1529 αἰνιγματωδῶς
2624 1461 2705 1522 είς
2743 1458 2804 1512 τὸ
2839 1459 2933 1514 τοῦ
2976 1460 3091 1530 βίου
3138 1461 3441 1533 καθάρσιον
3485 1466 3627 1536 παρὰ
3656 1468 3731 1521 τοῦ

2186 1549 2352 1618 νόμου
2405 1548 2712 1619 δηλούμενα
2751 1549 2820 1603 δι’
2867 1552 3150 1623 ἀκριϐείας
3188 1553 3521 1612 ἐκτίθεσθαι.
3553 1554 3731 1629 Ὠσπερ

2184 1639 2363 1695 τοίνυν
2394 1638 2481 1692 διὰ
2502 1639 2604 1710 τῆς
2629 1642 2930 1713 περιτομῆς
2956 1643 3057 1714 τῆς
3077 1645 3466 1715 πνευματικῶς
3490 1649 3732 1703 ἐπιτελου-

496 1729 684 1784 batum
719 1738 901 1783 autem
924 1728 1290 1795 instituimur,
1326 1737 1386 1785 ut
1409 1732 1759 1801 quiescentes
1784 1744 1816 1784 a
1845 1728 2071 1800 peccati:

2187 1728 2354 1799 μένης
2378 1729 2411 1799 ἠ
2437 1728 2598 1797 φύσις
2618 1728 2679 1783 τὸ
2701 1729 2949 1800 ἐμπαθὲς
2970 1732 3311 1802 ἀποτίθεται,
3337 1739 3730 1809 περιαιρουμένη

497 1819 1003 1887 διιειίιιοιιωιιεπρι
1062 1820 1381 1877 animalium
1446 1821 1706 1876 mactatio
1751 1834 1855 1875 nos
1886 1819 2081 1885 docet,

2185 1816 2276 1870 τὸν
2308 1817 2560 1890 σαρκώδη
2588 1818 2702 1890 βίον
2727 1836 2742 1851 ο
2792 1820 2884 1875 διά
2913 1821 2972 1875 δὲ
2997 1822 3095 1877 τοῦ
3126 1824 3529 1898 Σαϐϐατισμοῦ,
3563 1829 3651 1900 τὴν
3682 1831 3731 1883 ὲν

498 1918 560 1966 ιιι
612 1910 1051 1981 perturbationes
1081 1921 1136 1968 et
1171 1912 1299 1968 vitia
1345 1920 1682 1977 mactemus,
1734 1919 1788 1968 et
1826 1912 2071 1967 ciborum

2180 1907 2256 1979 τῷ
2277 1909 2432 1981 κακῷ
2454 1911 2726 1982 ἀπραξίαν
2753 1911 3062 1970 διδάσκεται
3084 1933 3098 1947 ·
3127 1918 3161 1989 ἡ
3190 1917 3247 1973 δέ
3275 1918 3539 1985 ζωοθυσία
3587 1938 3733 1977 κειται·

494 1998 902 2055 immundorum
928 1999 1244 2056 interdictio
1275 2016 1376 2057 nos
1400 2009 1605 2067 monet,
1647 2009 1704 2056 ut
1737 2000 1806 2056 ab
1860 2001 2072 2072 impura

493 2088 885 2160 immundaque
912 2090 1022 2145 vita
1062 2090 1389 2146 recedamus
1424 2109 1437 2145 :
1474 2091 1557 2147 sic
1605 2099 1660 2145 ct
1693 2089 1809 2145 bace
1841 2089 2073 2145 celebri-

493 2188 578 2237 tas
623 2181 770 2236 illam
821 2181 1029 2237 indicat
1080 2182 1481 2247 celebritatem,
1522 2180 1592 2235 ad
1635 2195 1802 2252 quam
1854 2180 2075 2238 animus

493 2286 591 2343 per
620 2287 807 2343 azyma
843 2283 1203 2343 praeparatur,
1235 2273 1369 2328 dum
1409 2280 1621 2345 septem
1669 2272 1867 2329 diebus
1894 2286 1927 2327 a
1966 2272 2076 2328 fer-

486 2371 679 2418 mento
698 2364 858 2433 jubet
882 2365 1185 2420 abstinere.
1220 2363 1440 2435 Septem
1476 2364 1623 2420 enim
1646 2363 1861 2419 dierum
1883 2379 2076 2421 nume-

482 2467 590 2507 rus
631 2445 1050 2522 prmtereuntem
1104 2452 1250 2507 hunc
1282 2453 1547 2523 temporis
1578 2468 1803 2508 cursum
1861 2452 2071 2524 signiﬁ-

492 2550 602 2609 cat,
633 2542 726 2614 qni
757 2558 852 2614 per
874 2542 1243 2599 hebdomadas
1281 2542 1747 2600 circumvolvitur.
1782 2542 2077 2615 Diligenter

478 2634 633 2689 enim
672 2632 914 2703 quotidie
939 2632 1242 2689 cavendum
1271 2643 1385 2700 est,
1428 2648 1497 2688 ne
1536 2633 1656 2689 dies
1688 2633 1904 2690 instans
1937 2632 2076 2689 ullas

489 2723 760 2781 hesterna:
830 2725 1053 2780 malitiae
1113 2725 1376 2797 reliquias
1432 2734 1762 2791 conservet,
1813 2723 2074 2797 nequid

487 2814 810 2871 acerbitatis
888 2826 983 2871 aut
1040 2815 1429 2873 amaritudinis
1481 2815 1752 2872 hodierno
1805 2814 2076 2871 fermento

487 2903 691 2960 veteris
719 2903 1092 2975 improbitatis
1127 2905 1313 2960 mistio
1349 2905 1546 2976 pariat.
1595 2903 1692 2961 Sat
1744 2920 1807 2961 ne
1867 2903 2076 2959 occidat

487 3009 644 3062 super
669 2993 1006 3048 iracundiam
1034 3002 1283 3061 vestram,
1341 2992 1523 3063 inquit
1560 2993 1855 3064 Apostolus
1881 2992 1947 3060 “,
1980 2993 2077 3063 qui

486 3086 750 3156 praecipit,
784 3093 840 3139 ut
876 3085 1017 3140 diem
1056 3083 1253 3140 festum
1306 3083 1669 3151 celebremus,
1725 3101 1829 3139 non
1876 3085 1930 3138 in
1969 3085 2077 3154 fer-

486 3182 659 3229 mento
689 3175 868 3238 veteri,
905 3190 997 3229 nec
1025 3174 1285 3244 fermento
1321 3174 1548 3230 malitia:
1578 3183 1628 3229 et
1688 3175 1955 3245 nequitiae,
1980 3175 2071 3229 sed

485 3266 540 3318 in
575 3265 780 3335 azymis
825 3239 1146 3319 sinceritatis
1194 3273 1244 3320 et
1298 3265 1535 3321 veritatis
1553 3266 1624 3323 ⁸ο.
1674 3239 1857 3332 Quod'
1887 3272 2071 3320 autem
2100 3239 2143 3300 α

485 3355 554 3411 de
585 3370 692 3409 uno
725 3356 944 3412 malitiae
974 3370 1176 3427 genere
1211 3354 1534 3425 didicimus,
1566 3357 1620 3412 id
1648 3356 1814 3414 simlli
1859 3357 2071 3414 ratione

485 3444 554 3500 de
598 3445 828 3516 reliquis
881 3446 1104 3502 malitia:
1170 3447 1465 3519 generibus
1531 3447 1741 3503 dictant
1790 3448 2072 3505 existime-

484 3550 629 3591 mus.
684 3534 1013 3593 Amaritudo
1072 3537 1217 3593 enim
1252 3553 1285 3593 e
1315 3536 1425 3591 vita
1472 3545 1750 3610 torporem
1808 3545 1864 3594 et
1918 3539 2072 3608 igna-

485 3627 628 3681 viam
662 3627 907 3698 expellit,
963 3637 1019 3684 et
1067 3628 1214 3685 illius
1256 3628 1380 3684 loco
1423 3628 1617 3686 l'ortem
1651 3638 1707 3685 et
1771 3630 1966 3686 duram
2015 3637 2071 3686 et

484 3730 736 3787 asperam
812 3718 1032 3774 vivendi
1090 3718 1359 3776 rationem
1419 3721 1743 3789 introducit,
1797 3722 2067 3792 siquidem

483 3806 666 3861 omnis
711 3806 1003 3876 disciplina
1045 3810 1317 3882 principio
1359 3810 1573 3865 videtur
1632 3825 1740 3866 non
1801 3811 2063 3878 laetitiam,

484 3896 581 3951 sed
617 3894 924 3952 molestiam
956 3896 1173 3954 ali‘erre.

552 4154 737 4222 Quare
782 4158 878 4229 qui
924 4157 1051 4212 vita;
1085 4157 1258 4214 totius
1284 4157 1680 4218 bebdomadem
1716 4163 1868 4217 nulla
1894 4162 2063 4219 veteri

481 4247 692 4303 malitia
744 4249 1117 4313 commistam,
1171 4250 1266 4305 sed
1311 4249 1382 4304 ab
1415 4251 1589 4321 ipsius
1636 4250 1901 4309 fermento
1929 4253 2067 4310 [ibe-

467 4353 600 4393 .ram
651 4338 953 4410 transigit,
993 4341 1413 4411 temperantiam
1470 4343 1525 4398 in
1593 4343 1744 4399 victu
1801 4352 2061 4416 tanquam

466 4429 774 4487 obsonium
826 4431 1119 4498 adhibens,
1149 4433 1197 4489 is
1241 4435 1311 4489 ab
1362 4436 1513 4490 omni
1568 4437 1917 4494 tenebricosa
1957 4438 2062 4494 mi-

468 4519 668 4576 -stione
696 4535 757 4575 se
803 4522 981 4592 ipsum
1035 4531 1249 4580 avocat.
1284 4522 1401 4579 Hoc
1452 4528 1599 4581 enim
1621 4529 2061 4599 quartadecima:

469 4613 627 4667 lunae
670 4625 868 4668 cursus
943 4614 1238 4685 signiﬁcat.
1285 4615 1421 4670 Nam
1450 4632 1589 4687 ⁸οιιιῐι
1646 4629 1824 4676 totum
1883 4622 2060 4693 ipsius
2090 4623 2135 4678 D

479 4717 707 4758 cursum
737 4718 933 4759 novem
961 4713 1015 4761 et
1068 4706 1260 4776 viginti
1296 4707 1416 4763 dies
1462 4724 1588 4764 cum
1627 4712 1854 4768 dimidio
1879 4713 2056 4768 conﬁ-

467 4796 647 4859 ciant,
691 4810 802 4866 quo
835 4796 1055 4866 quidem
1085 4799 1265 4868 spatio
1294 4800 1422 4854 luna
1461 4809 1576 4856 tum
1618 4806 1917 4862 crescendo
1950 4808 2062 4862 circ

466 4888 664 4944 culum
692 4888 928 4960 perﬁcit,
959 4897 1072 4945 tum
1108 4890 1480 4950 decrescendo
1513 4897 1781 4952 minuitur
1801 4938 1817 4964 ,
1851 4909 1911 4954 ut
1941 4915 2061 4955 om-

466 4981 537 5035 ni
576 4980 805 5050 prorsus
832 4981 954 5037 luce
981 4981 1220 5048 deﬁciat,
1260 4984 1338 5048 ﬁt,
1373 4992 1433 5040 ut
1483 4987 1679 5044 borum
1718 4990 1932 5046 dierum
1970 4991 2059 5046 di-

482 5068 708 5125 midium
735 5072 949 5127 numeri
972 5076 1386 5143 quatuordecim
1409 5078 1528 5134 dies
1549 5087 1604 5134 et
1634 5081 1796 5150 paulo
1825 5082 2059 5153 amplius

480 5161 777 5217 contineat.
817 5162 953 5218 Cum
992 5165 1159 5235 igitur
1208 5169 1431 5238 proprio
1478 5183 1647 5227 cursu
1707 5175 2060 5245 progrediens

470 5257 753 5307 :nocturno
782 5254 963 5323 spatio
992 5257 1073 5312 sic
1104 5257 1292 5313 orbem
1326 5274 1486 5315 suum
1528 5261 1649 5318 luce
1679 5267 2056 5336 compleverit,

478 5348 542 5396 ut
574 5343 682 5399 diei
729 5346 1010 5414 splendori
1046 5348 1277 5405 nitorem
1334 5352 1595 5424 adjungat
1649 5371 1830 5422 suum,
1869 5361 2057 5430 sequi-

479 5440 590 5499 tur,
637 5442 700 5489 ut
726 5451 903 5507 neque
932 5441 1170 5510 vesperi,
1218 5458 1395 5513 neque
1421 5459 1581 5502 mane
1624 5450 1880 5506 tenebras
1913 5452 2056 5508 ullas

480 5524 626 5578 sinat
669 5526 984 5598 interponi,
1035 5532 1238 5601 quibus
1289 5536 1551 5592 continua
1583 5538 1721 5596 lucis
1770 5543 1941 5598 series
1981 5546 2057 5599 iu-

480 5621 873 5686 terrumpatur,
915 5635 1043 5675 cum
1093 5623 1149 5677 in
1179 5625 1464 5683 elementis
1505 5643 1769 5700 perpetua
1829 5634 2055 5694 luminis

552 5835 601 5870 “
632 5834 795 5895 ﬂcbr.
830 5857 884 5907 x,
919 5842 972 5896 i.
1047 5844 1095 5877 “
1117 5844 1316 5918 Ephcs.
1358 5867 1429 5917 tv,
1459 5853 1548 5909 26.
1627 5857 1673 5887 ⁵ο
1700 5854 1868 5914 lCcr.
1902 5876 1955 5927 v,
1991 5862 2049 5916 8.

2174 1996 2369 2065 σφάζει
2401 1997 2469 2052 τά
2506 1998 2676 2071 πάθη,
2710 2001 2805 2055 καὶ
2828 2004 2862 2075 ἡ
2889 2005 3255 2078 νενομισμένη
3279 2007 3413 2080 περὶ
3443 2009 3511 2063 τά
3536 2009 3727 2083 βρώμα-

2173 2107 2243 2145 τα
2271 2090 2382 2144 τῶν
2437 2092 2765 2165 ἀκαθάρτων
2812 2096 3085 2169 διάκρισις
3123 2100 3487 2171 συμϐουλεύει
3526 2119 3604 2163 σοι
3648 2102 3725 2157 τοῦ

2177 2183 2471 2253 ρυποῦντός
2517 2201 2577 2238 τε
2610 2187 2706 2240 καὶ
2739 2188 3054 2261 ἀκαθάρτου
3086 2190 3204 2262 βίου
3240 2193 3342 2264 τὴν
3383 2194 3719 2266 ἀλλοτρίωσιν·

2173 2274 2317 2328 οὕτω
2359 2275 2514 2347 καὶὴ
2556 2277 2717 2349 ἑορτή
2763 2296 2846 2334 σοι
2878 2280 3017 2354 αὕτη
3057 2283 3158 2355 τὴν
3197 2283 3398 2355 ἑορτὴν
3419 2285 3621 2356 ἐκείνην
3650 2286 3721 2338 ἐν-

2172 2363 2475 2431 δείκνυται,
2520 2366 2657 2439 πρὸς
2701 2368 2768 2440 ἢν
2802 2371 2836 2440 ἡ
2867 2369 3012 2443 ψυχὴ
3051 2373 3141 2430 διά
3183 2375 3298 2429 τῶν
3325 2374 3545 2449 ἀζύμων
3578 2392 3725 2448 παρα-

2176 2455 2521 2523 σκευάζεται,
2565 2458 2622 2514 ἐν
2651 2459 2791 2519 ἐπτά
2819 2460 3051 2534 ἡμέραις
3079 2464 3179 2536 τῆς
3215 2467 3316 2522 τοῦ
3349 2467 3589 2539 ζυμωτοῦ

2176 2562 2315 2611 σεως
2346 2546 2757 2618 καθαρεύουσα,
2812 2545 2887 2609 ὧν
2937 2554 3000 2607 τὸ
3039 2556 3278 2625 αίνιγμα
3321 2558 3555 2613 τοιοῦτόν
3579 2561 3718 2612 ἐστιν’

2187 2637 2246 2690 '0
2290 2636 2398 2691 τῶν
2443 2638 2583 2692 ὲπτά
2639 2641 2862 2714 ἡμερῶν
2915 2645 3149 2718 ἀριθμὸς
3194 2649 3294 2704 τὸν
3347 2650 3619 2723 παροδιιών
3657 2664 3721 2702 σοι

2174 2727 2360 2783 τοῦτον
2384 2730 2576 2801 χρόνον
2613 2732 2973 2802 ἐκδείκνυται,
2996 2736 3087 2791 τὸν
3115 2737 3183 2792 δι’
3210 2741 3523 2815 ἑϐδομάδων
3551 2745 3720 2798 ἀνακυ-

2176 2817 2492 2891 κλούμενον.
2544 2823 2635 2877 Ἐν
2661 2818 2706 2894 ᾧ
2734 2825 2839 2897 χρὴ
2863 2826 2930 2880 δι’
2958 2829 3282 2900 ἐπιμελείας
3307 2836 3388 2900 εἰς
3410 2835 3506 2905 τὴν
3527 2830 3719 2889 ἐνεστῶ-

2176 2928 2275 2967 σαν
2305 2913 2521 2986 ἡμέραν
2583 2917 2748 2989 μηδέν
2791 2923 2891 2991 τῆς
2915 2920 3105 2994 χθιζῆς
3136 2926 3342 2993 κακίας
3367 2927 3600 2998 λείψανον
3626 2926 3718 2981 δια-

2178 3005 2447 3070 σώζεσθαι
2474 3045 2490 3071 ,
2536 3008 2613 3074 ὡς
2652 3010 2718 3065 ἂν
2751 3012 2824 3084 μή
2857 3030 2977 3069 τινα
3017 3016 3208 3088 στύψιν
3245 3020 3343 3074 καὶ
3385 3021 3526 3088 δξίδα
3546 3019 3616 3091 τῷ
3646 3037 3721 3089 ση-

2178 3093 2385 3166 μερινῷ
2419 3096 2701 3167 φυράματι
2730 3100 2764 3170 ἡ
2802 3102 2902 3172 τῆς
2932 3101 3101 3158 ἑώλου
3128 3107 3333 3171 κακίας
3360 3109 3632 3178 ποιήσειεν.
3669 3107 3719 3159 Ὀ

2177 3185 2353 3255 ἣλιος
2390 3186 2478 3257 μὴ
2526 3187 2816 3245 ἐπιδυέτω
2871 3192 2970 3247 ἐπὶ
3017 3194 3098 3261 τῷ
3137 3197 3521 3269 παροργισμῷ
3561 3196 3714 3267 ὑμῶν,

2176 3276 2342 3347 φησιν
2369 3280 2399 3332 ὁ
2437 3279 2779 3348 Ἀπόστολος,
2848 3287 2882 3338 ό
2908 3286 2997 3356 μὴ
3043 3287 3116 3342 ἐν
3153 3289 3307 3360 ζύμῃ
3338 3288 3569 3359 παλαιᾷ,
3590 3277 3718 3361 ιῖηόὲ

2171 3368 2244 3424 ἐν
2268 3368 2413 3441 ζύμῃ
2445 3374 2659 3441 κακίας
2682 3376 2782 3430 καὶ
2807 3380 3124 3448 πονηρίας,
3161 3382 3308 3437 ἀλλ’
3326 3384 3397 3438 ἐν
3416 3382 3634 3453 ἀζύμοις
3653 3381 3715 3434 ει-

2170 3465 2500 3532 λικρινεὶας
2549 3467 2648 3521 καὶ
2688 3460 2976 3538 ἀληθείας
3014 3473 3292 3545 ἑορτάζειν
3321 3477 3707 3547 ἐγκελευόμενος.

2177 3553 2244 3605 "0
2270 3553 2327 3606 δὲ
2358 3555 2486 3626 περὶ
2519 3556 2612 3610 τοῦ
2645 3558 2763 3621 ἐνὸς
2793 3560 2893 3631 τῆς
2913 3562 3111 3628 κακίας
3137 3564 3317 3630 εἴδους
3339 3567 3588 3639 ἔγνωμεν,
3608 3568 3711 3621 ἀνα-

2170 3642 2347 3711 λόγως
2365 3646 2522 3700 τοῦτο
2547 3649 2673 3718 περὶ
2706 3650 2813 3705 τῶν
2837 3651 3038 3708 λοιπῶν
3063 3656 3157 3727 τῆς
3190 3648 3393 3724 κακίας
3423 3658 3568 3713 εἰδῶν
3596 3656 3711 3711 διδα-

2172 3736 2414 3805 σκόμεθα
2441 3755 2454 3768 ·
2511 3739 2630 3809 ἡδὲ
2680 3743 2868 3813 πικρὶς
2907 3745 3158 3800 ἐκϐάλλει
3204 3750 3269 3804 τὺ
3308 3750 3708 3806 καταϐεϐλακευ-

2171 3824 2331 3895 μένον
2378 3828 2435 3882 ἐν
2484 3827 2562 3900 τῷ
2607 3828 2708 3901 βίῳ
2745 3832 2838 3885 καὶ
2885 3833 3107 3893 ἔκλυτον
3132 3855 3145 3869 ο
3209 3841 3513 3911 ἀντεισάγει
3555 3839 3607 3893 δέ
3636 3837 3707 3891 τίν

2167 3917 2413 3988 ἐγκρατῆ
2440 3920 2535 3974 καὶ
2566 3923 2999 3996 κατεσκληκότα,
3049 3931 3144 3984 καὶ
3178 3934 3244 4003 τῇ
3280 3934 3525 4005 αἰσθήσει
3546 3930 3705 3997 δύσλη-

2168 4024 2299 4062 πτον
2330 4007 2464 4077 βίον.
2509 4012 2729 4084 Ἐπειδὴ
2774 4017 2924 4070 πᾶσα
2959 4020 3178 4075 παιδεία
3221 4026 3286 4079 ού
3333 4026 3477 4080 δοκεῖ
3505 4023 3625 4096 πρὸς
3660 4016 3708 4072 τὸ

2167 4099 2341 4170 παρὸν
2367 4104 2542 4173 χαρᾶς
2574 4102 2733 4173 εἶναι,
2762 4107 2899 4163 ἀλλά
2923 4109 3119 4182 λύπης.

2251 4189 2309 4243 '0
2337 4192 2517 4246 τοίνυν
2548 4194 2636 4250 διὰ
2674 4197 2855 4270 πάσης
2881 4200 2979 4269 τῆ..
3010 4201 3107 4256 τοῦ
3151 4203 3272 4274 βίου
3302 4206 3487 4260 τούτου
3515 4200 3705 4274 ἑϐδομά-

2163 4280 2252 4345 δος
2288 4283 2645 4356 ἀνεπίμικτον
2679 4291 2910 4356 παλαιᾶς
2939 4294 3137 4359 κακίας
3178 4298 3274 4352 καὶ
3301 4298 3501 4369 ἄζυμον
3529 4295 3615 4367 τὴν
3637 4292 3705 4348 ἀεὶ

2163 4370 2467 4428 ἐνεστῶσαν
2508 4379 2789 4451 κατορθῶν
2819 4382 3051 4452 ἡμέραν,
3088 4384 3219 4455 ὄψον
3256 4388 3355 4458 τῆς
3380 4388 3518 4457 ζωῆς
3553 4381 3704 4439 ποιού-

2165 4480 2324 4534 μενος
2349 4466 2448 4539 τὴν
2474 4469 2819 4541 ἐγκράτειαν,
2849 4466 3004 4539 οὗτος
3035 4477 3229 4533 ἑαυτὸν
3259 4481 3436 4551 πάσης
3470 4472 3703 4543 σκοτεινῆς

2162 4554 2440 4624 ἐπιμιξίας
2470 4560 2715 4631 χωρίζει.
2756 4564 2926 4618 Τοῦτο
2963 4567 3072 4640 γὰρ
3115 4569 3148 4640 ἡ
3182 4565 3699 4642 τεσσαρεσκαιδεκάτη

2160 4643 2255 4697 τοῦ
2284 4645 2567 4717 σεληναίου
2587 4650 2787 4724 δρόμου
2830 4657 3185 4714 ἐνδείκνυται.
3225 4661 3440 4734 Ἐπειδὴ
3461 4660 3559 4731 γὰρ
3576 4654 3700 4710 ἐννέα

2162 4736 2299 4790 εἰσιν
2330 4739 2385 4791 αἱ
2413 4741 2583 4803 πᾶσαι
2616 4743 2710 4797 τοῦ
2747 4747 3027 4818 σεληναίου
3057 4750 3258 4823 δρόμου
3277 4795 3293 4820 ,
3325 4753 3417 4807 καὶ
3440 4750 3595 4805 είκοσι
3628 4744 3700 4799 καὶ

2163 4827 2387 4897 ἡμίσεια
2408 4872 2423 4895 ,
2453 4832 2512 4885 ἐν
2540 4829 2628 4898 αἷς
2652 4836 2717 4889 ἐκ
2763 4839 3053 4910 νεομηνίας
3145 4822 3339 4915 σελήνη
3371 4844 3436 4897 δι’
3465 4840 3699 4911 αὐξήσεωῖ

2161 4919 2508 4976 τελειωθεῖσα
2554 4925 2633 4997 τῷ
2662 4926 2867 5000 κύκλῳ,
2900 4932 3060 4987 πάλιν
3084 4934 3171 4988 διὰ
3205 4937 3476 5007 μειώσεως
3515 4933 3588 4994 εἷς
3619 4924 3698 4995 τὴν

2167 5010 2406 5081 παντελῆ
2434 5011 2527 5064 τοῦ
2555 5016 2733 5082 φωτὸς
2756 5018 2997 5090 ἔκλειψιν
3018 5024 3392 5096 ἐπανέρχεται,
3418 5020 3630 5094 δηλονότι
3648 5013 3697 5067 τδ

2165 5099 2335 5170 ἥμισυ
2380 5102 2476 5156 τοῦ
2515 5111 2980 5178 μνημονευθέντος
3022 5115 3255 5188 ἀριθμοῦ
3301 5107 3697 5186 τεσσαρεσκαιδε-

2165 5191 2304 5264 κάτη
2324 5194 2459 5256 ἐστὶ,
2481 5197 2576 5250 καὶ
2595 5200 2789 5272 μικρὸν
2812 5202 2892 5257 ἔτι
2919 5208 3075 5275 πρός.
3102 5207 3332 5275 Οὐκοῦν,
3352 5209 3473 5262 ὅταν
3488 5207 3541 5258 ἐν
3556 5199 3696 5265 τούτῳ

2163 5282 2301 5358 τύχῃ
2332 5282 2466 5341 οὖσα
2494 5291 2525 5361 ἡ
2558 5293 2752 5365 σελήνη
2772 5295 2849 5367 τῷ
2867 5299 3128 5370 σχήματι,
3152 5302 3337 5373 ἐπειδὴ
3368 5292 3694 5371 συμπροῖοῧσα

2163 5377 2306 5431 κατὰ
2320 5377 2410 5431 τὸν
2428 5380 2555 5435 ίδιον
2578 5383 2777 5456 δρόμον
2801 5388 2877 5458 τῷ
2898 5394 3058 5445 νυκιτε
3068 5391 3196 5464 ρινῷ
3211 5393 3539 5462 διαστήματι.
3556 5394 3692 5454 προσσ

2161 5467 2342 5538 τίθησι
2389 5471 2450 5524 τὸ
2484 5473 2669 5529 λεῖπον
2706 5477 2782 5546 τῷ
2817 5480 3023 5553 κύκλῳ,
3044 5483 3183 5538 ὥστε
3231 5482 3582 5555 πληρωθεῖσαν
3608 5486 3691 5541 Ψ

2163 5555 2253 5646 ’ᾡς
2280 5560 2401 5622 ταῖς
2429 5561 2622 5631 αὑταῖς
2652 5568 2750 5637 τῆς
2775 5568 2985 5640 ἡμέρας
3016 5572 3115 5637 τὰς
3140 5575 3267 5646 παρ’
3296 5569 3485 5640 ἑαυτῆς
3509 5565 3688 5633 λαμπη-

2162 5643 2319 5709 δόνας
2348 5658 2944 5729 συμπαρακαταμίξαι,
2974 5662 3051 5726 ὡς
3094 5643 3229 5736 μήτε
3272 5662 3407 5717 κατὰ
3444 5660 3533 5731 τὴν
3554 5645 3687 5708 ἐσπέ·
