3882 6418
157 461 244 519 621

1079 440 1148 498 ΙΝ
1193 434 1471 496 CHRISTI
1512 429 2144 490 RESURRECTIONEM
2177 428 2385 485 ()RAT.
2424 429 2463 481 1.

3275 422 3379 479 692

155 588 264 646 ραν,
299 569 430 641 μήτε
463 564 599 621 κατὰ
629 564 719 619 τὸν
752 562 969 635 ὄρθρον,
1010 560 1234 623 σκότους
1270 556 1393 611 τινὰ
1426 553 1700 627 παρενθή-

1825 549 2089 604 .uccessio
2140 557 2378 603 maneat.
2423 546 2745 617 Priusquam
2771 547 2915 600 enim
2950 543 3081 600 solis
3114 541 3380 597 occideri-

154 681 244 731 κην
264 659 506 729 διακόψαι
533 655 625 710 τοῦ
649 655 823 724 φωτὸς
848 653 946 725 τὴν
979 651 1277 722 συνέχειαν,
1302 652 1359 703 ἐν
1387 651 1454 719 τῇ
1483 648 1703 718 διαδοχῇ

161 755 247 811 νῶν
277 752 560 822 στοιχείων,
587 748 891 819 ἀδιαιρέτου
919 747 1017 817 τῆς
1045 744 1219 815 αὐγῆς
1252 741 1538 814 μενούσης.
1569 739 1706 810 Πρὶν

152 847 245 919 γὰρ
271 842 505 916 ἀκριϐῶς
543 840 639 912 τὴν
678 839 910 912 ἡλιακὴν
950 838 1145 892 ἀκτῖνα
1189 836 1502 899 καταδῦναι,
1553 835 1704 888 ἀντι·

154 938 377 1007 φαίνεται
405 934 470 987 δι’
498 932 769 1003 εὐθείαςή
800 930 993 1002 σελήνη
1029 929 1106 1002 τῷ
1137 929 1272 1000 ἡλίῳ
1315 928 1456 983 κατὰ
1486 927 1547 982 τὸ
1586 926 1705 981 διά-

156 1041 330 1098 μετρον
349 1065 364 1090 ,
398 1022 490 1075 καὶ
515 1020 592 1092 τῷ
623 1019 738 1090 ἰδίῳ
768 1018 907 1089 φωτὶ
936 1016 1281 1089 καταλάμπει
1319 1015 1380 1069 τὸ
1414 1014 1706 1085 ὑποκείμε-

152 1134 245 1171 νον.
266 1115 369 1169 Καὶ
394 1113 551 1167 πάλιν
583 1111 713 1182 πρὶν
740 1111 957 1175 πάντως
984 1110 1075 1165 τὸν
1108 1108 1306 1164 κύκλον
1334 1107 1505 1179 αὐτῆς
1538 1106 1705 1160 ὑπελ-

153 1206 250 1261 θεῖν
264 1206 347 1259 τὸν
366 1205 629 1277 ὁρίζοντα,
662 1206 774 1269 τοῖς
796 1202 1068 1273 λειψάνοις
1100 1201 1193 1256 τοῦ
1229 1201 1512 1272 σεληναίου
1533 1201 1707 1271 φωτὸς

153 1298 307 1368 ήτῆς
350 1297 561 1369 ἡμέρας
605 1294 748 1367 αὐγὴ
806 1297 1220 1367 κατακιρνᾶται.
1264 1296 1373 1349 Καὶ
1419 1294 1561 1349 οὕτω
1609 1297 1708 1366 τῆς

154 1388 459 1459 πανσελήνου
487 1387 699 1457 ἐκείνης
736 1386 949 1457 ἡμέρας
988 1385 1050 1439 τὸ
1094 1386 1282 1449 σκότος
1305 1382 1705 1455 ἐξαφανίζεται,

153 1480 274 1533 κατά
299 1497 355 1532 τε
386 1477 479 1531 τὸν
518 1478 713 1549 ὄρθρον
756 1480 848 1532 καὶ
882 1479 981 1547 τὴν
1035 1477 1306 1550 ἑσπέραν,
1340 1480 1405 1550 τῇ
1440 1477 1549 1531 τῶν
1592 1496 1707 1548 φω-

157 1572 341 1642 στήρων
389 1569 604 1640 διαδοχῇ
653 1568 1127 1641 λαμπρυνόμενον.
1178 1570 1357 1641 Ὅπερ
1396 1571 1577 1623 τοίνυν
1631 1569 1709 1642 τῷ

154 1659 366 1731 αίσθητῷ
409 1659 547 1729 φωτὶ
597 1659 738 1714 κατά
788 1659 886 1730 τὴν
928 1659 1524 1730 τεσσαρεσκαιδεκάτην
1573 1678 1710 1731 συμ-

157 1748 326 1814 ϐαίνει,
356 1748 416 1801 τὺ
451 1748 539 1801 διὰ
576 1748 755 1819 πάσης
786 1748 979 1811 νυκτός
1018 1765 1078 1800 τε
1110 1748 1204 1801 καὶ
1250 1749 1465 1820 ἡμέρας
1493 1748 1712 1820 ἀπαρά-

153 1840 314 1893 δεκτον
354 1835 491 1894 εἶναι
525 1839 626 1910 τῆς
660 1839 938 1912 ἐπιμιξίας
969 1838 1063 1892 τοῦ
1112 1839 1356 1905 σκότους,
1391 1840 1547 1893 τοῦτο
1587 1840 1710 1910 βού-

155 1931 282 1985 λεται
311 1934 339 1985 ὁ
378 1931 748 2001 πνευματικὸς
779 1930 941 2002 νόμος
964 1970 979 1993 ,
1011 1930 1278 2001 σύμϐολον
1308 1930 1560 1998 γενέσθαι
1596 1934 1708 1996 τοῖς

157 2020 510 2091 πνευματικῶς
540 2021 910 2092 ἑορτάζουσιν,
939 2020 1078 2074 ὥστε
1106 2021 1195 2075 διὰ
1230 2021 1409 2093 πάσης
1438 2022 1538 2091 τῆς
1565 2022 1708 2077 κατὰ

157 2112 239 2184 τὴν
263 2113 400 2184 ζωὴν
425 2112 741 2183 ἐῦδομάδος,
776 2111 834 2166 ἓν
877 2113 1068 2184 Πάσχα
1102 2113 1362 2182 φωτεινὸν
1419 2112 1514 2165 καὶ
1544 2113 1702 2167 ἀσκόο

156 2223 310 2259 τιστον
335 2206 448 2260 ὅλον
478 2206 572 2260 τδν
609 2206 799 2276 χρόνον
827 2205 1011 2268 αὐτοῖς
1053 2205 1153 2276 τῆς
1181 2204 1327 2277 ζωῆς
1352 2203 1705 2275 ἐργάζεσθαι.

157 2296 282 2368 Δῦτη
306 2298 409 2366 γὰρ
444 2296 557 2351 τῶν
586 2297 715 2368 περὶ
751 2296 812 2349 τὸ
861 2295 1053 2367 Πάσχα
1085 2294 1562 2367 παραγγελμάτων
1597 2298 1711 2359 τοῖς

158 2389 470 2460 Χριστιανοῖς
501 2391 536 2459 ἡ
573 2388 927 2452 κατάποσις.
962 2389 1062 2443 Διὰ
1093 2386 1249 2442 τοῦτο
1291 2388 1427 2460 πρὸς
1450 2386 1552 2460 τὴν
1584 2405 1709 2442 τεσ-

162 2481 634 2551 σαρεσκαιδεκάτην
671 2480 959 2551 βλέπομεν,
994 2480 1082 2534 διὰ
1107 2478 1199 2533 τοῦ
1230 2479 1489 2552 αἰσθητοῦ
1519 2479 1710 2533 τούτου

160 2574 239 2624 καὶ
268 2572 442 2627 {mmo
477 2573 680 2643 φωτὸς,
710 2572 804 2626 τοῦ
829 2572 993 2626 ἀΰλου
1018 2589 1078 2625 τε
1106 2572 1202 2626 καὶ¹
1226 2572 1417 2644 νοητοῦ
1444 2574 1544 2645 τὴν
1576 2590 1712 2643 φαν-

161 2662 327 2717 τασίαν
356 2664 863 2735 ἀναλαμϐάνοντες,
901 2664 978 2727 ὠς
1022 2663 1085 2717 τὸ
1119 2665 1218 2734 μὲν
1263 2664 1439 2720 δοκεῖν
1484 2665 1715 2737 σελήνην

162 2752 441 2824 πλήθουσαν
467 2753 771 2824 ἐπιζητεῖν,
792 2753 852 2807 τὸ
884 2754 1011 2825 παρ’
1041 2754 1240 2826 ἑαυτῆς
1267 2754 1471 2824 φέγγος
1497 2755 1719 2827 διαρκές

164 2846 513 2918 παρεχομένην
548 2846 680 2916 ἡμῖν
719 2846 1031 2916 παννύχιον,
1065 2847 1132 2918 τῇ
1163 2845 1219 2900 δέ
1254 2845 1516 2918 ἀληθείᾳ,
1553 2846 1720 2918 νόμον

165 2933 275 3003 ἡμῖν
301 2933 433 2990 εἶναι
462 2938 525 2991 τὸ
554 2939 930 3009 παρατήρημα
955 2937 1049 2992 τοῦ
1080 2938 1259 2993 πάντα
1280 2939 1372 2992 τὸν
1394 2938 1605 3010 χρόνον,
1629 2940 1721 2994 τὸν

1806 642 1878 696 tis
1916 642 2051 696 radii
2094 641 2253 712 plane
2303 639 2582 703 deficiant,
2615 654 2645 693 e
2683 637 2905 709 regione
2950 636 3195 692 cernitur
3226 635 3378 699 luna,

1808 750 1925 805 qum
1951 735 2071 789 luce
2101 749 2199 789 sua
2230 731 2493 787 mundum
2542 731 2803 786 illustrat.
2860 729 2925 782 Et
2958 745 3175 783 rursum
3234 735 3384 782 ante-

1804 842 1971 897 quam
2019 826 2147 881 hinc
2207 840 2375 881 cursu
2433 823 2688 880 confecto
2720 823 2847 877 luna
2906 821 3183 886 discedat,
3240 819 3383 873 lucis

1805 918 1924 987 ejus
1959 917 2209 989 reliquiis
2255 916 2359 971 diei
2411 916 2670 987 splendor
2700 912 3038 985 adjungilur.
3088 913 3265 982 Atque
3307 910 3383 965 ita

1804 1028 1867 1068 ex
1904 1011 1993 1065 illa
2027 1019 2208 1076 nocte,
2238 1025 2346 1081 qua
2378 1010 2507 1064 luna
2548 1008 2706 1078 plena
2732 1014 2839 1073 est,
2880 1004 3120 1061 tenebrae
3164 1002 3385 1075 penitus

1805 1102 2193 1166 excluduntur,
2244 1111 2434 1157 mutua
2494 1100 2628 1158 solis
2690 1110 2745 1156 et
2798 1099 2941 1154 luna:
2996 1105 3111 1153 tum
3172 1096 3384 1167 vesperi

1806 1206 1921 1250 tum
1957 1210 2118 1250 mane
2169 1195 2539 1251 successione.
2572 1192 2730 1260 Quod
2762 1192 2928 1264 igitur
2959 1192 3067 1247 luci
3125 1189 3386 1246 sensibus

1806 1286 2066 1356 expositae
2097 1285 2506 1356 quartadecima
2535 1286 2625 1339 die
2660 1283 2952 1354 contingit,
2996 1292 3053 1337 ut
3084 1298 3181 1353 per
3214 1290 3386 1337 totam

1808 1387 2021 1433 noclem
2057 1385 2224 1449 atque
2250 1377 2393 1433 diem
2429 1377 2635 1431 nullam
2670 1376 3024 1432 tenebrarum
3072 1375 3384 1430 mistionem

1808 1470 2081 1536 admittat,
2118 1470 2170 1524 id
2207 1470 2511 1542 spiritualis
2548 1471 2633 1525 lex
2662 1470 2777 1523 vult
2822 1483 2944 1525 esse
2974 1468 3386 1532 documentum,

1810 1571 1869 1617 ut
1904 1577 2001 1632 per
2026 1571 2193 1616 totam
2228 1563 2353 1617 vita:
2381 1561 2777 1618 hebdomadam
2841 1561 3160 1632 praeclarum
3217 1576 3387 1616 unum

1809 1653 2017 1709 Pascha
2061 1662 2115 1709 et
2154 1669 2183 1708 a
2232 1653 2473 1710 tenebris
2517 1652 2949 1709 remotissimum
2997 1653 3339 1709 celebrantes
3373 1692 3390 1718 ,

1811 1759 1972 1800 omne
2005 1746 2266 1815 temporis
2316 1746 2555 1816 spatium
2601 1746 2656 1799 in
2689 1746 2809 1801 luce
2844 1745 3235 1816 lransigamus.
3268 1745 3393 1801 llaec

1812 1846 1898 1892 est
1947 1837 2260 1893 celebrandi
2311 1837 2599 1893 Paschatis
2646 1838 2787 1909 apud
2826 1839 3169 1895 Christianos
3222 1840 3388 1896 insti-

1725 1907 1952 1992 ,Blutio
2005 1937 2169 2000 atque
2197 1930 2530 1986 observatio.
2593 1907 2803 1985 Idcirco
2869 1931 3393 2001 quartamdecimam
3474 1920 3478 1924 ’

1816 2020 1958 2076 hanc
1996 2022 2138 2076 diem
2171 2023 2528 2087 attendimus,
2561 2033 2619 2077 ut
2647 2038 2715 2078 ex
2757 2022 2860 2077 hac
2892 2023 3032 2087 luce,
3064 2038 3187 2094 quae
3227 2038 3394 2079 sensu

1815 2112 2118 2184 percipitur
2175 2122 2229 2168 et
2269 2113 2323 2169 in
2360 2114 2593 2168 materia
2624 2114 2731 2169 sita
2779 2123 2861 2170 est
2889 2153 2905 2180 ,
2935 2115 3114 2169 lucem
3156 2133 3187 2167 a
3222 2122 3395 2169 mate-

1816 2206 1897 2260 ria
1930 2206 2238 2275 sejunctam
2268 2216 2318 2261 et
2354 2221 2479 2277 qua:
2512 2208 2628 2262 sola
2668 2217 2848 2263 mente
2891 2205 3395 2278 comprehenditur,

1819 2295 2212 2368 intelligamus,
2253 2304 2329 2363 et,
2357 2296 2487 2351 dum
2526 2296 2778 2352 videmur
2827 2298 3015 2352 lunam
3062 2299 3279 2369 plenam
3311 2297 3399 2351 in-

1818 2391 2057 2462 quirere,
2111 2406 2233 2461 qua:
2283 2396 2606 2461 perpetuum
2636 2405 2701 2445 ex
2755 2405 2816 2446 se
2845 2391 3029 2445 lumen
3068 2399 3182 2447 tota
3240 2401 3402 2449 nocte

1821 2483 2078 2553 praebeat,
2112 2482 2249 2538 nihil
2284 2483 2430 2538 aliud
2480 2483 2638 2539 nobis
2686 2498 2749 2539 ea
2794 2499 2855 2539 re
2908 2484 3080 2557 legem
3146 2486 3401 2556 prmscri-

1820 2575 1954 2632 bere
2014 2574 2396 2631 existimemus
2425 2617 2438 2640 ,
2475 2576 2582 2630 nisi
2634 2584 2693 2631 ut
2741 2592 2906 2632 omne
2966 2586 3180 2649 tempus
3207 2622 3221 2645 ,
3255 2578 3400 2649 quod

1822 2682 1933 2722 nox
1971 2666 2198 2738 diesque
2254 2666 2905 2732 djmetitur,virtutibus
2964 2668 3300 2721 illustratum
3351 2678 3405 2723 et

1824 2758 2205 2829 splendidum,
2236 2766 2291 2814 et
2331 2758 2498 2814 nullis
2561 2760 2871 2815 tenebrosis
2924 2761 3239 2817 actionibus
3278 2776 3404 2832 per-

1826 2854 2051 2908 mistum
2087 2851 2500 2923 inquinatumve
2530 2853 2904 2910 traducamus.
2958 2854 3036 2911 Ac
3064 2854 3131 2910 de
3166 2855 3253 2911 his
3278 2853 3403 2926 qui—

1827 2944 1950 3000 dem
1998 2944 2156 2999 satis.

165 3028 297 3081 νυκτὶ
347 3031 439 3084 καὶ
481 3031 674 3102 ἡμέρᾳ
730 3030 1227 3103 διαμετρούμενον,
1277 3033 1530 3106 λαμπρὸν
1587 3037 1721 3108 ἡμῖν
1759 3036 1997 3110 διαρκῶς
2033 3034 2194 3104 εἶναι,
2246 3038 2340 3091 καὶ
2380 3037 2487 3091 τῶν
2520 3036 2696 3110 ἔργων
2736 3036 2844 3092 τῶν
2886 3038 3173 3093 σκοτεινῶν
3217 3037 3405 3092 ἀνεπί-

169 3133 353 3187 μικτον.
379 3121 488 3175 Καὶ
512 3123 644 3192 περὶ
676 3122 774 3193 μὲν
798 3121 1023 3187 τούτων,
1040 3125 1295 3181 τοσαῦτα.

230 3215 355 3269 Ὅσα
391 3218 447 3272 δέ
492 3220 524 3273 ὁ
566 3218 798 3290 σταυρὸς
848 3221 1163 3292 ἐμπεριέχει
1214 3223 1484 3295 νοήματα,
1539 3225 1607 3278 δι’
1657 3217 1719 3279 οὗ

1902 3223 2034 3291 Quae
2065 3239 2195 3280 vero
2227 3222 2295 3278 ad
2322 3237 2541 3278 crucem
2573 3221 2846 3292 pertinent
2874 3263 2889 3289 ,
2931 3238 3027 3292 per
3074 3239 3236 3293 quam
3286 3241 3411 3297 pas-

166 3306 431 3364 τελειοῦται
456 3312 521 3366 τὸ
564 3312 693 3383 περὶ
720 3312 781 3365 τὸ
814 3312 984 3376 πάθος
1020 3315 1344 3386 μυστήριον,
1392 3316 1476 3380 τίς
1506 3316 1571 3370 ἂν
1620 3319 1721 3388 ρᾳ-

169 3399 276 3465 δίως
299 3402 371 3474 τῷ
405 3404 556 3475 λόγῳ
594 3403 946 3476 σαφηνίσειε;
984 3405 1074 3476 Μὴ
1107 3406 1214 3477 γὰρ
1239 3407 1339 3459 οὐκ
1368 3401 1509 3477 ἦσαν
1540 3408 1723 3478 μυρίοι

170 3492 334 3562 τρόποι
370 3496 505 3567 πρὸς
553 3495 781 3550 θάνατον
819 3495 1108 3567 φέροντες,
1154 3498 1221 3552 δι’
1268 3491 1344 3552 ὧν
1384 3495 1453 3571 ἦν
1501 3499 1725 3552 δυνατὸν

173 3583 493 3657 πληρωθῆναι
524 3584 627 3657 τὴν
656 3585 796 3657 ὑπὲρ
820 3586 978 3656 ἡμῶν
999 3585 1091 3639 τοῦ
1125 3586 1353 3641 θανάτου
1382 3587 1724 3658 οἱκονομίαν;

182 3673 301 3729 Ἀλλ’
324 3677 385 3731 ἐκ
412 3678 635 3732 πάντων
661 3671 812 3740 οὗτος
837 3678 1046 3749 ὡρίσθη
1077 3680 1207 3750 παρ’
1235 3680 1397 3733 αὐτοῦ
1427 3678 1520 3732 τοῦ
1550 3678 1728 3749 ἐαυτῷ

174 3767 273 3816 κατ’
303 3767 549 3835 ἐξουσίαν
572 3768 632 3821 τὸ
656 3769 823 3832 πάθος
847 3770 1147 3840 ὁρίσαντος.
1170 3770 1267 3823 Δεῖ
1284 3769 1412 3841 γὰρ,
1439 3771 1591 3841 φησὶ,
1622 3769 1730 3823 τὸν

182 3853 299 3907 ϊὶὸν
326 3856 425 3912 τοῦ
451 3856 791 3926 ἀνθρώπου.
819 3860 932 3913 Οὐκ
962 3855 1104 3926 εἶπε,
1142 3861 1222 3914 Τὰ
1266 3863 1360 3915 καὶ
1390 3862 1459 3915 τὰ
1484 3862 1730 3915 πείσεται

173 3948 198 3997 ὁ
218 3948 331 4013 Υἱὸς
356 3951 447 4005 τοῦ
476 3949 791 4021 ἀνθρώπου,
821 3953 895 4016 ὡς
922 3954 987 4008 ἄν
1010 3971 1095 4018 τις
1124 3953 1306 4018 ἁπλῶς
1331 3954 1474 4009 εἴποι
1498 3972 1732 4025 προαγο-

178 4040 329 4109 ρεύων
373 4045 432 4098 τὸ
472 4043 769 4113 λεγόμενον
790 4083 806 4107 ,
838 4044 973 4097 ἀλλὰ
1009 4045 1069 4098 τὸ
1103 4044 1399 4114 ἀναγκαῖον
1438 4047 1579 4099 κατά
1612 4064 1733 4100 τινα

176 4129 312 4200 λόγον
363 4135 675 4207 ἀπόρρητον
730 4134 982 4204 γενέσθαι
1031 4135 1242 4205 ὀφεῖλον
1296 4136 1610 4207 δογματίζει
1655 4136 1734 4207 τῷ

178 4222 389 4294 ῥήματι,
417 4229 474 4281 ἐν
511 4225 595 4296 τῷ
625 4227 822 4293 εἰπεῖν,
854 4229 937 4281 ὅτι
962 4227 1063 4280 Δεῖ
1085 4226 1191 4280 τὸν
1231 4226 1369 4280 Υίόν
1390 4226 1495 4282 τοῦ
1516 4226 1736 4295 ἀνθρώ-

173 4329 277 4387 grav
325 4319 524 4373 πολλὰ
583 4317 794 4373 παθεῖν
834 4318 932 4371 καὶ
983 4315 1575 4384 ἀποδοκιμασθῆναι,
1634 4316 1734 4369 καὶ

178 4411 606 4481 σταυρωθῆναι,
655 4411 753 4464 καὶ
803 4409 877 4479 τῇ
923 4410 1090 4479 τρίτῃ
1139 4408 1328 4479 ἡμέρᾳ
1375 4406 1731 4477 ἀναστῆναι.

180 4500 504 4575 Κατανόησόν
555 4521 644 4575 μοι
690 4503 799 4574 γὰρ
840 4503 935 4557 τοῦ
982 4502 1082 4557 Δεῖ
1110 4503 1208 4575 τὴν
1249 4502 1511 4567 διάνοιαν,
1550 4501 1616 4555 δι’
1662 4494 1730 4571 ἧς

1826 3316 2002 3372 sionis
2039 3316 2359 3387 mysterium
2386 3314 2684 3385 perﬁcitur,
2722 3314 2848 3384 quis
2878 3330 2942 3371 ea
2975 3315 3134 3372 facile
3176 3316 3413 3376 dicendo

1825 3417 1989 3476 queat
2041 3404 2582 3476 explicare?Annon
2614 3405 2759 3460 enim
2793 3405 3220 3462 innumerabiles
3254 3388 3414 3463 erant

1825 3498 2092 3555 moriendi
2131 3498 2392 3564 rationes,
2423 3498 2626 3566 quibus
2652 3496 2846 3551 mortis
2878 3511 2978 3566 pro
3000 3497 3160 3552 nobis
3212 3497 3419 3553 obeun-

1828 3591 1912 3645 da:
1981 3590 2273 3645 consilium
2342 3588 2549 3658 expleri
2609 3586 3055 3657 poteratHlanc
3109 3596 3293 3644 tamen
3344 3606 3414 3645 ex

1829 3679 2085 3733 omnibus
2130 3693 2294 3732 unam
2339 3678 2405 3742 is,
2452 3678 2544 3746 qui
2590 3681 2779 3732 mortis
2809 3718 2824 3745 ,
2868 3693 3030 3748 quam
3076 3680 3259 3743 vellet,
3294 3682 3415 3751 opi-

1830 3772 2049 3828 nionem
2103 3770 2368 3836 habebat,
2423 3770 2526 3825 sibi
2586 3769 2787 3841 delegit
2837 3778 3004 3841 atque
3045 3772 3409 3845 praescripsit.

1834 3861 2054 3931 Oportet
2089 3861 2257 3922 enim,
2295 3860 2473 3929 inquit
2501 3899 2516 3922 ,
2554 3858 2757 3914 Filium
2796 3859 3043 3916 hominis.
3096 3861 3215 3917 Non
3243 3863 3413 3929 dixit,

1835 3955 1949 4009 haec
1977 3962 2031 4009 et
2098 3953 2214 4008 haec
2249 3952 2423 4008 Filius
2487 3951 2731 4008 hominis
2783 3955 3041 4023 patietur,
3095 3961 3152 4008 ut
3215 3955 3415 4027 aliquis

1837 4048 2021 4100 futura
2080 4045 2455 4116 prmnuntians
2513 4045 2841 4115 simpliciter
2878 4046 3139 4113 dixisset,
3176 4047 3273 4102 sed
3319 4063 3417 4103 ne-

1835 4138 2137 4193 cessarium
2206 4151 2408 4192 arcana
2478 4137 2714 4206 quadam
2779 4136 2995 4191 ratione
3053 4151 3119 4190 ac
3171 4138 3413 4192 debitum

1835 4244 1958 4285 esse
1988 4228 2281 4298 signiﬁcat,
2313 4228 2465 4292 dum,
2503 4227 2753 4295 Oportet,
2788 4228 2981 4296 inquit,
3015 4226 3217 4281 Filium
3242 4228 3416 4283 homi-

1839 4321 1921 4373 nis
1954 4318 2121 4372 multa
2167 4319 2302 4386 pati,
2344 4326 2394 4370 et
2456 4317 2750 4384 reprobari,
2817 4326 2865 4371 et
2901 4317 3163 4387 cruci/Egi,
3205 4326 3256 4371 et
3313 4326 3418 4373 ler-

1840 4412 1915 4465 tia
1944 4411 2030 4465 die
2062 4425 2330 4480 resurgere
2353 4409 2421 4465 ⁵¹.
2456 4408 2575 4462 Vim
2600 4408 2747 4464 enim
2792 4408 2941 4464 illius
2974 4410 3149 4474 verbi,
3182 4421 3414 4479 oportet,

1841 4502 1972 4556 mihi
2005 4502 2318 4566 considera,
2352 4512 2406 4556 et
2438 4500 2683 4555 invenies
2724 4500 2778 4554 id
2826 4500 2879 4554 i'n
2919 4515 2981 4556 ea
3028 4501 3322 4567 contineri,
3360 4512 3421 4558 ut

180 4574 466 4663 εὑρίσκεται
495 4574 565 4650 to
594 4598 668 4668 μὴ
695 4598 805 4651 δεῖν
839 4597 1013 4659 ἄλλως
1038 4597 1071 4668 ἢ
1109 4574 1195 4665 δια
1226 4596 1319 4651 τοῦ
1360 4594 1593 4666 σταυροῦ
1638 4611 1720 4662 γε·

1845 4593 2136 4666 signifieet,
2182 4592 2296 4647 ﬁeri
2350 4592 2507 4645 aliter
2562 4605 2671 4645 non
2730 4598 3014 4661 oportere,
3068 4592 3172 4649 nisi
3222 4603 3280 4647 ut
3325 4609 3422 4664 per

181 4683 344 4739 νέσθαι
378 4689 597 4751 πάντως
621 4687 682 4741 τὸ
714 4687 884 4751 πάθος
909 4688 971 4741 τὸ
1000 4687 1481 4759 δογματιζόμενον.
1519 4685 1616 4750 Τίς
1643 4680 1736 4739 οὖν

182 4775 206 4826 ὁ
242 4780 359 4850 περὶ
400 4781 591 4835 τούτου
627 4781 815 4850 λόγος;
865 4782 1043 4835 Μάνου
1090 4780 1185 4835 τοῦ
1232 4780 1470 4851 μεγάλου
1520 4777 1734 4832 Παύλου

183 4869 301 4936 ἐστὶ,
339 4875 431 4929 τοῦ
482 4878 548 4930 ἐκ
578 4875 686 4929 τῶν
730 4875 985 4947 ἀρρήτων
1028 4873 1288 4945 ῥημάτων
1320 4870 1735 4932 παιδευθέντος,

183 4959 214 5013 ἃ
236 4963 287 5015 ἐν
310 4969 415 5029 τοῖς
445 4967 659 5031 ἀδύτοις
679 4967 772 5020 τοῦ
797 4966 1124 5037 παραδείσου
1153 4964 1379 5035 μυηθεὶς
1404 4961 1736 5034 ἠκροάσατο,

186 5055 265 5106 καὶ
294 5056 351 5109 τὸ
378 5058 506 5129 περὶ
535 5059 725 5112 τούτου
761 5059 1056 5129 μυστήριον
1086 5056 1441 5126 διασαφῆσαι,
1472 5052 1655 5116 καθὼς
1677 5055 1734 5106 ἐν

189 5144 327 5215 μέρει
371 5148 460 5203 διὰ
505 5151 614 5203 τῶν
661 5150 798 5221 πρὸς
848 5149 1125 5218 Ἐφεσίους
1170 5147 1343 5215 λόγων
1386 5145 1446 5199 τὸ
1499 5145 1737 5216 κρυπτὸν

186 5237 461 5309 ὑπῃνίξατο
490 5242 694 5312 λέγων·
736 5243 868 5297 Ἵνα
901 5240 1267 5309 ἐξισχύσητε
1302 5236 1739 5291 καταλαϐέσθαι

186 5330 293 5383 σὺν
315 5332 463 5387 πᾶσι
496 5334 619 5401 τοῖς
666 5334 885 5403 ἁγίοις,
922 5333 979 5385 τί
1015 5331 1078 5385 τὸ
1113 5330 1339 5395 πλάτος
1372 5330 1469 5382 καὶ
1507 5327 1705 5398 μῆκος
1726 5367 1742 5391 ,

1844 4701 2062 4741 crucem
2103 4699 2252 4740 mors
2302 4690 2610 4755 oppetatur.
2662 4681 2794 4749 Qua:
2840 4683 3069 4753 hujusce
3104 4684 3179 4739 rei
3210 4685 3422 4740 causa?

1843 4779 1996 4835 Pauli
2016 4777 2189 4833 solius
2207 4784 2292 4832 est
2316 4792 2433 4831 eam
2457 4790 2751 4845 exponere,
2779 4789 2872 4844 per
2893 4790 3097 4829 arcana
3118 4775 3207 4828 illa
3229 4776 3416 4849 verba.

1843 4888 1965 4942 qua:
1989 4872 2039 4925 in
2064 4870 2242 4941 adytis
2266 4867 2504 4937 paradisi
2526 4867 2858 4923 constitutus
2878 4865 3083 4921 audivit
3103 4883 3114 4917 :
3133 4866 3320 4921 solius.
3345 4865 3420 4919 in-

1845 4977 2032 5032 quam,
2057 4961 2206 5013 Pauli
2237 4966 2344 5021 est,
2379 4958 2483 5012 hoc
2507 4956 2689 5011 crucis
2724 4954 3043 5026 mysterium
3079 4953 3377 5023 explanare
3403 4994 3418 5019 ,

1846 5052 2301 5124 quemadmodum
2332 5051 2494 5107 etiam
2528 5064 2592 5104 ex
2622 5057 2773 5118 parte
2792 5047 2970 5114 aliqua
3007 5045 3060 5098 in
3092 5043 3323 5112 epistola
3353 5045 3420 5099 ad

1846 5146 2111 5217 Ephesios
2141 5144 2304 5208 facit,
2326 5143 2455 5196 dum
2488 5156 2749 5195 arcanum
2786 5138 2890 5192 hoc
2943 5134 3280 5207 patefaciens
3304 5176 3319 5200 ,
3355 5133 3421 5188 Ut

1846 5239 2085 5308 possitis,
2112 5235 2312 5305 inquit,
2341 5230 2769 5299 comprehendere
2790 5245 2906 5282 cum
2935 5226 3176 5281 omnibus
3201 5227 3422 5291 sanctis,

1849 5344 1964 5398 qua:
1996 5328 2065 5380 sit
2098 5323 2347 5389 latitudo,
2376 5332 2423 5377 et
2454 5318 2745 5390 longitudo,
2775 5330 2823 5372 et
2859 5317 3185 5379 sublimitas,
3227 5326 3276 5369 et
3299 5332 3425 5384 pro-
3518 5332 3523 5337 ·

186 5423 241 5477 τὸ
257 5423 440 5492 βάθος
456 5427 554 5481 καὶ
576 5426 755 5495 ὕψος,
776 5424 997 5495 γνῶναί
1021 5442 1083 5479 τε
1102 5424 1217 5491 τὴν
1241 5422 1720 5490 ὑπερϐάλλουσα]

1849 5417 2095 5485 fundum,
2132 5414 2265 5468 scire
2294 5415 2453 5468 etiam
2492 5411 2960 5479 supereminentem
2991 5408 3223 5463 scientia:
3246 5409 3426 5462 chari-

185 5513 408 5583 ἀγάπην
446 5515 558 5585 τῆς
590 5518 865 5589 γνώσεως
902 5517 1008 5571 τοῦ
1052 5515 1328 5584 Χριστοῦ,
1373 5515 1473 5567 ἵνα
1512 5516 1746 5582 πληρω-

188 5604 314 5671 θῆτε
336 5610 420 5672 εἰς
448 5607 573 5663 πᾶν
599 5608 665 5661 τὸ
706 5607 996 5676 πλήρωμα
1032 5606 1139 5660 τοῦ
1171 5606 1338 5659 Θεοῦ.
1377 5604 1450 5656 Οὐ
1488 5602 1596 5673 γὰρ
1636 5604 1740 5673 ἀρ-

1854 5518 2017 5561 tatem
2082 5504 2301 5567 Christi,
2332 5514 2387 5557 ut
2411 5500 2733 5570 impteamini
2772 5502 2828 5554 in
2867 5515 3073 5554 omnem
3134 5498 3423 5569 plenitudi-

1853 5616 1969 5653 nem
1986 5599 2083 5653 Dei
2105 5598 2171 5652 ⁸⁸.
2204 5596 2391 5665 Neque
2420 5596 2564 5650 enim
2590 5592 2794 5646 frustra
2812 5591 3033 5646 divinus
3056 5591 3145 5645 ille
3175 5590 3425 5660 Apostoli

191 5694 289 5762 τῶς
331 5700 360 5752 ὁ
399 5699 542 5769 θεῖος
590 5702 792 5762 ἐκεῖνος
834 5697 1107 5769 ὀφθαλμὸς
1148 5697 1243 5750 τοῦ
1296 5693 1639 5757 Ἀποστόλου,
1686 5710 1716 5745 τ

1856 5692 2051 5745 oculus
2081 5688 2264 5744 crucis
2305 5687 2529 5757 figuram
2566 5683 2915 5755 excogitavit.
2954 5680 3062 5738 Sed
3102 5696 3166 5737 ea
3206 5681 3334 5736 item
3370 5694 3428 5761 re

260 5875 299 5909 ⁸¹
324 5876 509 5935 Matth.
542 5898 649 5947 xvi,
678 5884 740 5937 2i
774 5882 979 5952 ﬂlarc.
1014 5896 1136 5951 vm,
1170 5881 1227 5936 3|
1257 5897 1271 5947 ;
1300 5875 1431 5931 Luc.
1464 5889 1540 5939 is,
1574 5869 1679 5940 22;
1712 5903 1720 5921 ς

1825 5882 1873 5922 n.
1905 5883 2002 5935 xu,
2040 5866 2100 5921 ’51
2131 5880 2253 5935 sqq.
2332 5864 2374 5895 ⁵³
2408 5860 2606 5932 Ephes.
2647 5874 2732 5928 ιιι,
2777 5859 2979 5928 18,19.
