3882 6426
532 472 642 530 623

1806 466 1866 525 s.
1904 463 2237 521 enuconn
2258 461 2555 521 ursam!
3642 472 3722 529 δίῃ

530 589 691 644 facile
718 586 978 655 ostendit,
1010 602 1070 645 se
1100 586 1361 647 omnibus
1393 586 1719 659 ignorantiae
1760 587 2005 657 squamis
2039 587 2088 642 al

2211 585 2397 657 σχῆμα
2425 584 2518 639 τοῦ
2576 585 2808 658 σταυροῦ
2844 586 3168 658 κατενόησεν
3192 602 3207 617 ⁸
3242 589 3351 641 ἀλλ’
3374 581 3524 651 ἔδειξε
3549 594 3629 643 καὶ
3652 592 3720 645 διὰ

529 680 702 735 oculis
762 680 960 736 mentis
1011 680 1309 747 excussis,
1347 679 1524 749 ipsam
1576 694 1760 732 rerum
1821 680 2112 733 veritatem

526 771 674 825 clare
736 770 1107 842 perspexisse.
1133 770 1296 825 Novit
1328 770 1498 834 enim,
1531 784 1595 824 ea
1636 768 1810 839 ﬁgura
1832 811 1848 837 ,
1881 777 2115 840 quatuor

526 861 790 917 cornibus
816 877 848 917 e
884 861 1067 916 medio
1101 861 1556 931 provenientibus
1578 859 1888 930 descripta,
1920 873 2113 931 poten-

529 954 660 1008 tiam
719 967 818 1023 per
870 953 1056 1009 omnia
1144 961 1540 1007 commeantem
1607 960 1661 1007 et
1708 952 2109 1023 providentiam

525 1046 697 1113 illius,
730 1045 823 1115 qui
865 1048 920 1099 in
948 1045 1064 1114 ipsa
1098 1042 1483 1100 manifestatus
1520 1050 1605 1099 est
1637 1088 1650 1108 ,
1706 1042 2025 1114 signiﬁcari,
2058 1051 2112 1098 et

528 1140 736 1195 idcirco
765 1145 950 1211 partes
1009 1137 1159 1193 illius
1204 1136 1455 1208 singulas
1502 1137 1739 1207 propriis
1796 1136 2110 1192 nominibus

526 1231 838 1302 appellavit.
874 1228 1007 1284 Eam
1030 1228 1175 1285 enim
1199 1269 1215 1294 ,
1245 1244 1365 1302 qua:
1405 1241 1436 1281 a
1468 1228 1648 1281 medio
1703 1227 1959 1284 deorsum
1990 1243 2114 1283 ver-

522 1323 600 1393 git
627 1363 642 1388 ,
675 1321 1004 1393 profundum
1035 1328 1198 1376 vocat
1232 1338 1247 1388 ;
1297 1335 1421 1391 qua
1453 1329 1631 1375 autem
1667 1336 1908 1386 sursum,
1937 1318 2109 1374 subli-

525 1417 801 1483 mitatem;
829 1413 1176 1470 latitudinem
1216 1429 1348 1470 vero
1395 1422 1449 1470 et
1474 1412 1870 1484 longitudinem
1933 1412 2055 1467 illas
2089 1454 2104 1480 ,

520 1522 642 1578 quae
687 1508 943 1585 utrinque
992 1513 1319 1561 transversa!
1353 1506 1749 1575 protenduntur
1775 1542 1789 1563 .
1850 1511 1905 1557 ut
1931 1543 1945 1569 ,
1986 1517 2108 1572 quas

520 1599 650 1654 hinc
706 1613 736 1651 a
790 1596 972 1652 medio
1034 1595 1359 1667 producitur
1387 1639 1399 1661 ,
1439 1595 1673 1651 latitudo
1701 1635 1717 1661 ,
1762 1611 1885 1668 quae
1921 1604 2103 1649 autem

520 1687 672 1742 illinc
694 1726 709 1751 ,
745 1685 1031 1757 longitudo
1098 1687 1412 1742 nominetur
1445 1706 1458 1741 :
1498 1687 1697 1757 quibus
1747 1697 1933 1756 aperte
1969 1683 2102 1739 mihi

516 1778 734 1834 videtur
757 1791 1015 1833 sermone
1050 1776 1356 1845 declarare,
1394 1777 1526 1832 nihil
1582 1777 1635 1831 in
1685 1777 1851 1832 rebus
1902 1774 2103 1831 creatis

515 1886 678 1937 esse,
712 1869 860 1941 quod
890 1885 999 1925 non
1039 1869 1224 1925 divina
1277 1878 1471 1925 natura
1521 1869 1795 1924 incolume
1840 1875 2058 1922 tueatur
2083 1909 2098 1933 ,

2214 678 2403 732 τούτου
2430 678 2636 749 σαφῶς,
2662 679 2744 733 ὅτι
2765 680 2871 743 πᾶς
2895 680 2992 751 τῆς
3016 677 3238 749 ἀγνοίας
3257 679 3466 745 λεπίδας
3488 681 3722 736 ἀποϐαλὼν

2213 770 2321 824 τῶν
2341 771 2624 842 ὀμμάτων,
2648 771 2782 843 πρὸς
2806 771 2974 842 αὐτὴν
2998 772 3100 844 ὁρᾷ
3126 771 3372 844 καθαρῶς
3389 772 3479 843 τὴν
3495 772 3723 843 ἀλήθειαν.

2213 859 2337 917 Οἵδε
2365 862 2473 935 γὰρ
2501 862 2581 915 ὅτι
2610 861 2669 915 τὸ
2695 862 2880 933 σχῆμα
2904 862 3059 916 τοῦτο
3083 862 3333 931 τέτταρσι
3359 862 3618 936 προϐολαῖς
3645 864 3727 916 dab

2210 955 2312 1026 τῆς
2345 957 2402 1009 ὲν
2429 955 2505 1027 τῷ
2536 956 2688 1025 μέσῳ
2719 954 2990 1027 συμϐολῆς
3022 954 3389 1027 μεριζόμενον,
3412 957 3502 1027 τὴν
3528 955 3605 1011 διὰ
3624 956 3705 1010 πάι

2210 1065 2318 1101 των
2349 1048 2590 1119 ἥκουσαν
2621 1047 2716 1101 τοῦ
2748 1049 2806 1101 έν
2851 1047 3000 1120 αὐτῷ
3039 1047 3295 1117 φανέντος
3329 1046 3542 1119 δύναμιν
3572 1064 3623 1101 τε
3655 1049 3727 1101 καὶ

2211 1139 2468 1211 πρόνοιαν
2529 1137 2904 1210 διασημαίνει,
2960 1140 3057 1193 καὶ
3105 1138 3295 1193 τούτου
3342 1139 3493 1210 χάριν
3536 1139 3726 1210 ἑκάστην

2211 1230 2477 1304 προϐολὴν
2509 1231 2838 1297 ἰδιαζούσαις
2870 1232 3228 1303 κατονομάζει
3256 1234 3485 1302 φωναῖς·
3509 1231 3644 1303 βάθος
3664 1231 3729 1284 λέ-

2208 1341 2321 1393 γων
2372 1324 2432 1377 τὺ
2459 1325 2523 1378 ὲκ
2549 1323 2642 1378 τοῦ
2673 1324 2839 1396 μέσου
2867 1324 3018 1380 κάτω
3036 1365 3052 1389 ,
3078 1325 3173 1379 καὶ
3200 1324 3332 1396 ὕψος
3363 1323 3423 1378 τὸ
3446 1325 3724 1397 ὑπερκείμε-

2207 1431 2326 1472 νον’
2359 1415 2560 1480 πλάτος
2584 1415 2641 1469 δὲ
2673 1417 2766 1470 καὶ
2800 1417 2992 1487 μῆκος,
3017 1415 3080 1470 τὸ
3107 1418 3172 1470 ὲκ
3203 1416 3427 1486 πλαγίου
3452 1417 3725 1488 παρατεινό-

2211 1524 2371 1578 μενον
2414 1507 2552 1578 μετὰ
2585 1507 2684 1577 τὴν
2725 1506 2999 1579 συμϐολὴν
3043 1508 3381 1579 ἑκατέρωθεν
3409 1525 3422 1539 ·
3456 1508 3525 1573 ὡς
3570 1507 3622 1562 τδ
3655 1509 3728 1579 μὲν

2206 1597 2356 1653 ἐνθεν
2378 1598 2469 1652 τοῦ
2493 1598 2679 1671 μέσου,
2702 1598 2922 1663 πλάτος,
2940 1598 3000 1651 τὸ
3022 1598 3078 1651 δὲ
3104 1599 3387 1669 ἑτέρωθεν,
3408 1597 3567 1669 μῆκος
3593 1615 3726 1669 προσ-

2204 1688 2532 1762 αγορεῦσαι·
2577 1689 2643 1743 δι’
2694 1682 2770 1744 ὧν
2806 1689 2965 1743 τοῦτό
3030 1706 3120 1760 μοι
3169 1689 3315 1742 δοκεῖ
3358 1689 3533 1759 σαφῶς
3577 1689 3726 1759 διαση-

2207 1782 2417 1853 μαίνειν
2448 1780 2525 1853 τῷ
2564 1780 2729 1853 λόγῳ,
2762 1782 2844 1835 ὅτι
2881 1780 3033 1835 οὐδὲν
3073 1781 3185 1836 τῶν
3220 1781 3386 1836 ὄντων
3421 1782 3574 1846 ἐστὶν,
3615 1781 3639 1835 ὃ
3672 1781 3728 1853 μὴ

2201 1875 2267 1945 τῇ
2322 1872 2445 1944 θείς]⁸
2495 1872 2863 1943 διακρατεῖται
2916 1871 3097 1941 φύσει,
3149 1872 3210 1925 τὸ
3259 1872 3639 1944 ὑπερουράνιον,
3682 1872 3728 1924 τὸ

516 1961 664 2035 quod
689 1968 775 2018 est
798 1976 966 2032 supra
995 1962 1191 2029 caelos,
1222 1961 1368 2032 quod
1400 1961 1503 2017 sub
1550 1968 1717 2025 terra,
1752 1957 2007 2030 quodque
2030 1956 2088 2011 ad

2202 1962 2553 2035 ὑποχθόνιον,
2579 1965 2641 2018 τὸ
2668 1964 2762 2017 ἐπὶ
2804 1963 2872 2018 τὰ
2900 1963 3113 2033 πέρατα
3158 1963 3268 2017 τῶν
3309 1963 3471 2018 ὅντων
3510 1961 3728 2018 πάντοθεν

516 2062 763 2109 extrema
803 2053 991 2107 mundi
1039 2060 1420 2109 transversum
1461 2051 1703 2122 undique
1732 2050 2095 2121 protenditur.

516 2143 649 2200 Nam
678 2161 776 2215 per
803 2144 1163 2211 altitudinem,
1196 2144 1250 2199 id
1272 2143 1416 2216 quod
1441 2151 1528 2200 est
1564 2159 1823 2210 sursum;
1849 2156 1945 2214 per
1971 2156 2100 2214 pro-

518 2235 767 2305 fundum,
804 2237 950 2309 quod
1003 2236 1460 2301 subterraneum;
1490 2252 1587 2307 per
1605 2234 2003 2307 longitudinem
2042 2241 2098 2291 et

513 2327 855 2384 latitudinem
920 2328 976 2383 in
1041 2326 1222 2383 medio
1256 2327 1436 2399 posita
1486 2334 1730 2382 extrema
1770 2325 2093 2397 signiﬁcat,

512 2432 634 2488 quae
665 2432 694 2472 a
725 2418 927 2472 virtute
953 2422 1130 2473 totum
1163 2417 1270 2473 hoc
1317 2417 1633 2472 universum
1690 2423 1878 2471 tuente
1914 2415 2093 2470 conti-

512 2518 732 2565 nentur.
765 2508 926 2565 Potes
957 2517 1141 2564 autem
1170 2523 1235 2563 ex
1261 2506 1332 2563 iis
1353 2522 1476 2578 quae
1504 2506 1560 2561 in
1589 2505 1771 2559 anima
1805 2512 1897 2561 tua
1934 2504 2092 2573 ﬁunt,

509 2614 573 2655 ea
603 2615 724 2671 qua:
744 2599 813 2656 de
843 2599 951 2655 Deo
985 2599 1277 2671 cogitanda
1324 2605 1457 2654 sunt
1503 2597 1780 2653 declarata
1842 2606 2092 2655 eontem-

509 2694 667 2764 plari.
704 2692 914 2749 Caelum
953 2693 1097 2747 enim
1122 2690 1366 2762 suspice,
1392 2698 1447 2745 et
1479 2697 1665 2761 partes
1696 2688 1918 2746 inﬁmas
1973 2690 2092 2746 ani-

510 2797 599 2836 mo
641 2781 1039 2853 complectere,
1098 2789 1483 2850 extremosque
1517 2792 1582 2833 ac
1624 2790 1871 2836 summos
1937 2779 2091 2835 orbis

507 2873 772 2928 terminos
814 2872 1147 2944 cogitatione
1204 2869 1645 2940 comprehende,
1682 2878 1850 2940 atque
1905 2871 2090 2928 consi-

505 2962 658 3027 dera,
689 2978 937 3034 quaenam
971 2962 1214 3034 potentia
1256 2973 1516 3033 tanquam
1543 2962 1918 3017 universitatis
1963 2962 2087 3017 vin-

506 3055 692 3111 culum
726 3056 842 3112 haae
874 3056 1059 3111 omnia
1098 3054 1378 3110 devinciat
1434 3060 1597 3122 atque
1641 3055 1924 3109 contineat
1956 3071 1970 3110 :
2002 3055 2086 3108 vi-

505 3143 770 3213 debisque
792 3151 989 3214 sponte
1020 3158 1120 3198 sua
1144 3143 1198 3198 in
1225 3157 1292 3199 ea
1319 3141 1520 3198 divinae
1561 3143 1821 3212 potentia:
1846 3150 2088 3199 contem-

505 3234 744 3307 platione
772 3232 959 3290 erucis
988 3233 1214 3305 ﬁguram
1238 3233 1468 3306 exprimi
1507 3234 1562 3287 in
1589 3233 1775 3290 animo
1803 3251 1869 3292 ac
1900 3243 2084 3292 mente
2110 3277 2153 3338 ϐ

505 3335 621 3394 tua,
656 3340 687 3380 a
712 3326 926 3396 superis
973 3326 1040 3381 ad
1083 3324 1255 3382 infera
1282 3369 1298 3394 ,
1338 3325 1406 3380 ab
1446 3325 1706 3381 extremis
1732 3326 1800 3383 ad
1839 3336 2084 3385 estrema

503 3422 812 3489 protentam
844 3425 1009 3488 atque
1037 3419 1386 3489 descriptam.

575 3506 834 3580 Figuram
861 3508 1006 3565 hanc
1032 3498 1263 3580 magnus
1298 3509 1461 3564 etiam
1477 3509 1647 3568 David
1665 3511 1733 3569 de
1758 3525 1819 3568 se
1854 3511 2088 3580 loquens

502 3600 777 3672 expressit
808 3613 822 3652 :
859 3599 978 3667 Quo
1006 3599 1111 3665 ibo,
1154 3600 1351 3671 inquit,
1385 3617 1419 3656 a
1454 3603 1648 3673 spiritu
1691 3615 1801 3670 tuo,
1841 3612 2014 3674 etquo
2053 3619 2086 3657 a

500 3691 639 3760 facie
663 3701 757 3745 tua
784 3690 1041 3762 fugiam?
1070 3690 1133 3747 Si
1186 3693 1471 3748 ascendere
1494 3695 1552 3749 in
1609 3694 1797 3749 caelum
1828 3694 1967 3766 (haec
2002 3703 2086 3751 est

500 3782 862 3854 sublimitas),
889 3792 947 3836 tu
998 3781 1113 3837 illic
1146 3798 1222 3837 es.
1253 3781 1313 3838 Si
1341 3784 1661 3840 descendere
1709 3788 1767 3840 in
1818 3786 2083 3854 infernum

500 3874 631 3945 (hoc
657 3883 741 3930 est
771 3873 1148 3945 profundum),
1167 3874 1317 3928 ades.
1341 3874 1402 3929 Si
1419 3892 1693 3946 sumpsero
1717 3892 1916 3944 pennas
1939 3894 2082 3933 meas

498 3961 759 4026 diluculo,
794 3961 846 4015 id
876 3970 981 4027 est,
1009 3962 1076 4017 ad
1107 3971 1288 4016 ortum
1315 3964 1448 4019 solis
1485 3963 1625 4035 (haec
1657 3974 1743 4022 est
1801 3967 2079 4039 latitudo),

495 4064 546 4110 et
573 4054 948 4111 habitaveroin
973 4057 1222 4110 extremis
1253 4058 1418 4111 maris
1446 4056 1527 4111 "z
1580 4058 1664 4114 sic
1711 4059 1855 4115 enim
1914 4076 2080 4116 ocea-

496 4161 618 4201 sum
642 4148 879 4218 appellat
904 4147 1044 4219 (hzec
1069 4156 1153 4203 est
1180 4148 1511 4219 longitudo).
1537 4148 1731 4207 Cernis
1771 4166 1879 4222 quo
1915 4151 2097 4209 modo-

494 4241 681 4295 erucis
709 4240 938 4311 ﬁguram
974 4241 1289 4296 describat?
1324 4238 1406 4296 Tu
1436 4257 1519 4306 es,
1582 4244 1782 4314 inquit,
1836 4243 1931 4315 qui
1982 4260 2081 4316 per

491 4331 676 4385 omnia
705 4346 1000 4396 commeas,
1041 4335 1133 4403 qui
1167 4343 1365 4387 cuncta
1390 4332 1655 4400 devincis,
1677 4335 1772 4406 qui
1805 4336 1861 4391 in
1892 4337 2079 4408 teipso

494 4422 916 4491 comprehendis
949 4424 1227 4480 universa.
1264 4420 1345 4479 Tu
1373 4440 1538 4497 Supra
1566 4442 1648 4492 es,
1677 4436 1734 4483 tu
1787 4444 1847 4485 es
1908 4429 2073 4484 inira.

493 4512 554 4566 In
585 4512 687 4565 hac
712 4522 956 4567 extrema
999 4527 1152 4584 parte
1177 4531 1371 4572 manus
1400 4526 1486 4573 est
1515 4526 1629 4579 tua,
1689 4529 1744 4574 et
1797 4521 1851 4574 in
1905 4519 2074 4575 altera

2200 2057 2266 2114 έκ
2320 2056 2550 2126 πλαγίου
2596 2054 3080 2127 παρατεινόμενον.
3124 2054 3387 2126 Σημαίνει
3422 2055 3525 2126 γὰρ
3553 2055 3629 2109 διὰ
3653 2053 3727 2125 μὲν

2198 2145 2291 2202 τοῦ
2326 2146 2512 2218 ὕψους.
2547 2145 2608 2201 τὺ
2648 2147 3061 2218 ὑπερκείμενον·
3103 2145 3191 2200 διὰ
3226 2146 3287 2200 δὲ
3320 2146 3410 2202 τοῦ
3455 2146 3648 2217 βάθους,
3680 2146 3727 2198 τὸ

2197 2238 2515 2313 ὑποχθόνιον
2533 2254 2548 2271 ⁸
2579 2237 2657 2310 τῷ
2687 2240 2852 2312 μήκει
2880 2237 2938 2293 δὲ
2968 2239 3061 2293 καὶ
3090 2237 3170 2310 τῷ
3203 2237 3415 2305 πλάτει,
3449 2239 3514 2292 τὰ
3548 2235 3625 2290 διὰ
3649 2236 3726 2307 μέ-

2197 2351 2292 2389 σου
2324 2332 2556 2407 πέρατα,
2584 2332 2653 2387 τὰ
2682 2330 2787 2386 ὑπὸ
2812 2330 2911 2404 τῆς
2944 2333 3052 2386 πᾶν
3077 2331 3473 2403 διακρατούσης
3494 2331 3727 2401 δυνάμεως

2200 2424 2553 2496 συνεχόμενα.
2585 2421 2768 2477 Ἔστω
2787 2421 2844 2476 δὲ
2877 2421 2966 2475 διὰ
2988 2421 3095 2475 τῶν
3119 2423 3178 2476 ὲν
3199 2424 3268 2492 τῇ
3299 2424 3362 2493 σῇ
3383 2419 3520 2492 ψυχῇ
3548 2418 3726 2489 γινομέ-

2194 2535 2301 2571 νων
2330 2519 2389 2571 ὲν
2419 2518 2487 2589 τῇ
2522 2514 2651 2588 περ)⁵
2688 2514 2823 2569 Θεοῦ
2863 2515 3105 2586 έννοῐᾳὴ
3147 2513 3258 2569 τῶν
3296 2512 3586 2585 λεγομένων
3623 2508 3726 2564 ἀπό-

2192 2610 2378 2679 δειξις.
2422 2608 2748 2681 ’Δνάόλεψον
2776 2609 2885 2681 γὰρ
2912 2611 2993 2674 εἰς
3019 2607 3113 2662 τὸν
3135 2607 3389 2680 οὐρανὸν,
3413 2607 3502 2662 καὶ
3526 2605 3589 2659 τὰ
3609 2603 3727 2657 κάτω

2195 2703 2332 2776 βάθη
2356 2702 2435 2775 τῷ
2454 2702 2702 2775 λογισμῷ
2726 2701 3084 2772 κατανόησον,
3106 2699 3347 2754 ἔκτεινον
3369 2697 3460 2753 ἐπὶ
3481 2697 3544 2752 τὰ
3562 2695 3727 2764 πλάγια

2192 2797 2288 2852 καὶ
2307 2795 2376 2851 τὰ
2400 2796 2546 2868 ἂκρα
2568 2795 2669 2866 τῆς
2696 2794 2789 2849 τοῦ
2817 2793 3016 2858 παντὸς
3043 2794 3359 2858 συστάσεως
3387 2792 3484 2865 τὴν
3511 2790 3725 2853 διάνοιαν,

2190 2886 2284 2941 καὶ
2332 2887 2544 2956 λόγισαι
2583 2885 2669 2949 τίς
2716 2886 2864 2938 ἐστιν
2899 2886 2933 2957 ἡ
2978 2884 3152 2939 ταῦτα
3187 2884 3483 2955 συνέχουσα
3520 2870 3726 2951 δύναμις,

2189 2971 2300 3030 οἷόν
2325 2994 2410 3041 τις
2438 2976 2731 3047 σύνδεσμος
2761 2973 2856 3029 τοῦ
2888 2974 3088 3039 παντὸς
3110 2974 3396 3047 γινομένη.
3427 2973 3526 3029 Καὶ
3544 2970 3648 3042 ὄψει
3666 2970 3726 3031 ὡς

2187 3064 2509 3135 αὐτομάτως
2541 3064 2599 3118 ὲν
2626 3067 2693 3137 τῇ
2726 3063 2936 3136 διανοίᾳ
2963 3067 2996 3136 ἠ
3031 3065 3158 3137 περ)⁴
3183 3067 3287 3136 τῆς
3315 3065 3462 3131 θείας
3492 3061 3725 3133 δυνάμεως

2186 3155 2365 3210 έννοια
2397 3156 2458 3209 τὸ
2497 3160 2683 3229 σχῆμα
2713 3156 2807 3209 τοῦ
2840 3155 3076 3226 σταυροῦ
3116 3159 3535 3228 ὲγχαρὰσσεται,
3565 3157 3621 3208 ἐκ
3644 3151 3727 3206 τῶν

2187 3248 2533 3320 ὑψηλοτέρων
2557 3249 2647 3303 ἐπὶ
2670 3249 2738 3303 τὰ
2770 3248 2908 3320 βάθη
2934 3247 3194 3319 καθῆκον,
3221 3251 3320 3304 καλ⁸
3347 3249 3437 3305 ἐπὶ
3460 3248 3525 3302 τὰ
3558 3246 3725 3317 πέρατα

2189 3341 2297 3394 τῶν
2326 3340 2512 3413 ἄκρων
2540 3342 2847 3415 ὲγκαρσίως
2870 3342 3353 3414 παρατεινόμενον.

2260 3498 2430 3554 Τοῦτο
2466 3500 2527 3553 τὸ
2574 3500 2759 3572 σχῆμα
2803 3500 2896 3555 καὶ
2936 3502 2965 3554 ό
3015 3501 3189 3571 μέγας
3232 3501 3402 3557 Δαὸὶδ
3446 3501 3501 3556 ἐν
3526 3498 3594 3570 τῷ
3628 3494 3724 3550 καθ’

2187 3593 2381 3647 ἑαυτὸν
2416 3591 2626 3664 ὕμνησε
2651 3590 2813 3663 λόγῳ·
2846 3593 2972 3647 Ποῦ
3001 3592 3274 3662 πορευθῶ
3302 3594 3420 3649 ἀπὸ
3448 3592 3550 3648 τοῦ
3577 3588 3723 3645 11νεύ-

2180 3684 2371 3754 ματός
2395 3700 2535 3744 σου.
2566 3684 2664 3738 καὶ
2685 3684 2803 3739 ἀπὸ
2824 3683 2932 3739 τοῦ
2954 3684 3286 3754 προσώπου
3303 3701 3422 3741 σου
3442 3683 3552 3739 ποῦ
3569 3683 3723 3751 em;

2199 3775 2339 3830 Ἐὰν
2380 3772 2580 3829 ἀνοϐῶ
2625 3777 2713 3841 εἰς
2756 3775 2863 3829 τὸν
2904 3775 3165 3845 οὐρανὸν
3209 3776 3410 3846 (τοῦτο
3457 3775 3515 3828 τὸ
3562 3767 3721 3840 ὕψος).

2195 3866 2338 3921 Ἐὰν
2361 3864 2594 3920 καταϐῶ
2617 3868 2705 3933 εις
2731 3866 2840 3921 τὸν
2864 3866 3020 3938 ᾅδην
3047 3867 3240 3939 (τοῦτο
3268 3869 3331 3923 τὺ
3364 3865 3578 3939 βάθος).
3617 3861 3724 3914 Ἐὰν

2182 3958 2535 4028 ἀναλάϐοιμι
2561 3961 2667 4026 τὰς
2691 3958 2987 4029 πτέρυγάς
3003 3977 3123 4028 μου
3154 3960 3285 4014 κατ’
3310 3961 3535 4029 ὄρθρον,
3563 3958 3588 4010 ὃ
3607 3956 3722 4006 ἐστιν

2181 4054 2215 4124 ἡ
2257 4052 2490 4124 ἀνατολὴ
2524 4051 2615 4106 τοῦ
2661 4052 2815 4124 ἡλίου
2850 4052 3038 4124 (τοῦτο
3073 4052 3135 4105 τὸ
3170 4052 3429 4129 πλάτος).
3470 4052 3535 4106 El
3579 4060 3723 4101 xam-

2181 4145 2558 4216 σκηνώσαιμι
2590 4148 2678 4212 εις
2709 4146 2781 4201 τὰ
2807 4147 3037 4216 ἔσχατα
3089 4146 3201 4214 τῆς
3242 4146 3557 4212 θαλάσσης
3592 4139 3722 4212 (οὕτω

2179 4236 2289 4309 γὰρ
2322 4236 2421 4301 τὰς
2451 4237 2662 4308 δυσμὰς
2700 4235 3015 4308 ὀνομάζειὶ·
3072 4236 3229 4291 τοῦτο
3257 4237 3325 4291 τὸ
3370 4236 3554 4308 μῆκος.
3591 4228 3721 4300 Ὁρᾷς

2178 4327 2297 4392 πῶς
2337 4327 2712 4398 διαζωγραφεῖ
2761 4325 2821 4379 τὸ
2863 4325 2960 4380 τοῦ
3013 4325 3247 4398 σταυροῦ
3298 4328 3483 4398 σχῆμα
3523 4321 3603 4377 διὰ
3636 4316 3720 4370 τῶν

2176 4402 2515 4488 λεγομένων;
2564 4419 2635 4470 Σὺ
2670 4413 2739 4482 εἰ,
2776 4418 2960 4489 φησὶν,
3013 4420 3043 4471 ὁ
3072 4418 3159 4472 διὰ
3189 4418 3409 4472 πάντων
3449 4416 3619 4486 ἥκων,
3644 4406 3718 4461 καὶ

2177 4510 2473 4581 σύνδεσμος
2503 4508 2611 4563 τῶν
2645 4511 2964 4580 γινομένων,
2997 4509 3091 4563 καὶ
3127 4511 3305 4563 πάντα
3337 4511 3394 4562 ἐν
3424 4504 3590 4575 ἑαυτῷ
3621 4502 3715 4555 δια·

496 4600 594 4656 τίω
620 4601 731 4655 dux
765 4609 849 4657 est
868 4601 1093 4658 dextera
1123 4614 1234 4659 tua.
1275 4606 1357 4661 Ub
1382 4607 1436 4661 id
1483 4623 1714 4679 magnus
1764 4610 1892 4665 item
1927 4609 2071 4679 Apo-

2192 4600 2466 4672 tap6o'tvwv
2505 4601 2573 4654 τὰ
2607 4601 2839 4672 πέρατα.
2890 4602 3038 4655 Ἀνω
3069 4602 3134 4654 σὺ
3177 4596 3249 4663 εἴ,
3282 4601 3433 4656 κάτω
3462 4600 3524 4653 σὺ
3561 4595 3714 4663 πάρει.

493 4691 689 4759 stolus,
731 4707 855 4747 cum
892 4694 1072 4748 omnia
1130 4694 1233 4751 ﬁde
1281 4704 1336 4752 et
1369 4700 1677 4768 cognitione
1722 4701 1927 4769 repleta
1956 4700 2073 4756 fue-

491 4786 626 4850 rint,
661 4785 777 4841 l‘ore
799 4786 952 4852 dicit,
981 4795 1041 4839 ut
1075 4787 1139 4852 is,
1172 4787 1265 4857 qui
1297 4802 1464 4859 super
1498 4791 1681 4844 omnia
1713 4799 1818 4856 est,
1866 4791 1923 4845 in
1970 4806 2069 4845 no-

490 4878 637 4933 mine
657 4876 785 4933 Jesu
816 4876 1022 4932 Christi
1064 4877 1341 4945 adoretur,
1391 4890 1444 4933 et
1488 4894 1518 4933 a
1553 4881 1893 4948 cmlestibus,
1933 4891 1988 4937 et
2035 4897 2064 4935 α

490 4967 870 5034 terrestribus,
902 4974 956 5022 et
991 4967 1062 5022 ab
1090 4964 1323 5022 infernis
1362 4967 1408 5000 "
1434 4987 1449 5023 :
1477 4970 1676 5039 quibus
1726 4971 1910 5025 verbis
1966 4984 2065 5039 per

487 5061 668 5117 crucis
709 5060 938 5131 ﬁgurant
956 5060 1147 5117 dividit
1163 5060 1365 5117 Christi
1380 5061 1772 5118 adorationem.
1813 5063 2066 5120 Calestis

485 5156 631 5208 enim
659 5156 809 5223 regio
841 5154 898 5208 in
931 5153 1154 5209 sublimi
1186 5157 1371 5211 crucis
1405 5166 1559 5225 parte
1588 5156 1926 5211 adorationis
1948 5156 2063 5211 cui.

484 5252 599 5298 tum
632 5245 868 5310 exhibet,
902 5246 1176 5301 mundana
1203 5247 1256 5301 in
1299 5245 1517 5312 mediis,
1570 5244 1784 5300 inferna
1812 5247 1880 5302 ad
1930 5261 2060 5317 pro-

485 5335 713 5391 fundum
741 5338 1000 5406 pertinet.
1047 5338 1195 5394 Idem
1239 5354 1360 5394 mea
1398 5338 1619 5409 quidem
1657 5342 1927 5395 sententia
1984 5342 2060 5396 si-

2176 4693 2234 4746 ὲν
2265 4691 2345 4762 τῷ
2392 4692 2586 4760 πέρατι
2632 4692 2806 4762 τούτῳ
2858 4693 2891 4763 ὴ
2942 4692 3064 4762 χείρ
3111 4690 3203 4744 σού
3244 4693 3415 4756 ἐστιν,
3458 4689 3556 4753 καὶ,
3582 4688 3631 4738 ἐν
3657 4679 3717 4750 τῷ

2174 4783 2410 4856 ἑτέρῳή
2453 4781 2603 4848 δεξιά
2649 4800 2745 4837 σου
2791 4782 2997 4853 ὁδηγεῖ.
3042 4782 3142 4837 Διὰ
3179 4782 3338 4836 τοῦτο
3381 4782 3474 4837 καὶ
3516 4781 3543 4833 ὁ
3574 4774 3717 4848 μέγας

2184 4877 2527 4941 Ἀπόστολος,
2556 4877 2683 4930 ἔνθα
2707 4875 2971 4947 πληρωθῇ
2995 4876 3061 4930 τὰ
3086 4876 3262 4931 πάντα
3283 4876 3384 4946 τῆς
3408 4874 3626 4931 πίστεως
3640 4863 3714 4919 καὶ

2170 4968 2551 5038 ἐπιγνώσεως,
2617 4968 3040 5038 προσκυνεῖσθαι
3110 4968 3258 5037 λέγει
3319 4970 3413 5021 τὸν
3458 4963 3588 5036 ὑπὲρ
3627 4957 3714 5012 πᾶν

2170 5063 2339 5131 δνομα
2367 5061 2494 5114 ὄντα
2528 5063 2585 5114 ἐν
2628 5061 2707 5132 τῷ
2745 5062 2969 5131 ὀνόματι
3021 5060 3196 5132 Ἰησοῦ
3243 5057 3507 5130 Χριστοῦ,
3539 5051 3633 5107 ὑπό
3665 5061 3712 5100 τε

2167 5153 2277 5207 τῶν
2299 5153 2565 5225 οὐρανίων
2590 5154 2684 5207 καὶ
2705 5151 2813 5206 τῶν
2834 5152 3092 5222 ἐπιγείων
3111 5152 3204 5205 καὶ
3225 5150 3334 5204 τῶν
3354 5141 3710 5217 καταχθονίων

2168 5242 2330 5298 πάλιν
2375 5244 2470 5296 καὶ
2513 5244 2601 5298 διὰ
2632 5242 2835 5297 τούτων
2884 5244 3024 5297 κατᾶ
3061 5242 3121 5297 τὸ
3166 5242 3352 5313 σχῆμα
3379 5239 3474 5293 τοῦ
3508 5226 3710 5303 σταυροῦ

2168 5335 2381 5408 μερίζει
2417 5334 2512 5388 τοῦ
2543 5335 2778 5406 σταυροῦ
2811 5335 2911 5406 τὴν
2951 5332 3342 5406 προσκύνησιν.
3390 5332 3453 5384 Ἢ
3500 5327 3591 5418 μὲν
3621 5319 3709 5418 γάρ

483 5427 708 5495 gniﬁcat
741 5430 905 5481 etiam
945 5430 1058 5483 iota
1088 5429 1244 5495 illud,
1278 5432 1322 5486 si
1357 5444 1483 5485 cum
1513 5430 1668 5500 apice
1701 5430 2055 5500 coniunctum

2192 5428 2534 5498 »περκόσμιος
2561 5424 2714 5496 λῆξις
2752 5425 2809 5477 ὲν
2836 5425 2914 5496 τῷ
2949 5425 3062 5479 ἄνω
3085 5423 3180 5478 τοῦ
3214 5418 3448 5492 σταυροῦ
3478 5417 3620 5488 μέρει

482 5514 1037 5588 consideretur,quod
1066 5528 1122 5573 et
1143 5522 1283 5575 coelo
1320 5520 1593 5585 stabilius,
1623 5528 1679 5575 et
1708 5527 1857 5575 terra
1886 5518 2053 5573 ﬁrmi:

483 5616 570 5669 us,
605 5610 659 5657 et
695 5608 839 5660 omni
870 5622 1054 5662 rerum
1081 5610 1478 5665 constitutione
1525 5611 1732 5665 certius
1788 5622 1891 5666 εει.
1935 5609 2053 5665 ϐω-

2162 5519 2405 5589 Δεσπότῃ
2433 5518 2629 5590 πληροῖ
2648 5517 2746 5588 τὴν
2777 5515 3165 5588 προσκύνησιν·
3199 5516 3230 5585 ἡ
3254 5513 3312 5567 δὲ
3345 5509 3640 5578 ἐγκόσμιοςς
3660 5499 3707 5550 έν

2161 5613 2272 5673 τοῖς
2308 5611 2512 5680 μέσοις
2559 5611 2592 5679 ἡ
2642 5609 2700 5662 δὲ
2742 5606 3092 5679 ὑποχθόνιος,
3138 5605 3231 5661 τοῦ
3284 5603 3482 5675 βάθους
3528 5596 3703 5680 ἔχεται.

482 5693 591 5748 lum
619 5694 833 5751 enimet
896 5707 1037 5751 terra
1081 5701 1380 5755 transibunt
1406 5702 1476 5769 ⁸⁸,
1523 5710 1596 5764 et,
1644 5698 1821 5771 Hujus
1870 5701 2056 5756 mundi

2192 5675 2333 5755 Teii-co
2374 5702 2469 5754 καὶ
2500 5675 2769 5758 τὸἾῶτὰ
2798 5675 2914 5754 ἐστι
2954 5699 3095 5755 κατά
3144 5699 3231 5752 τὸν
3279 5694 3412 5764 ἐμὸν
3455 5689 3618 5759 λόγον,
3654 5675 3707 5732 τδ

550 5871 598 5903 ⁸³
627 5867 770 5925 Psal.
803 5885 1069 5935 cxxxvtu,
1119 5873 1149 5925 7
1176 5888 1297 5940 sqq.

1376 5874 1421 5905 ’³
1450 5874 1685 5943 Philipp.
1713 5891 1773 5941 tt,
1828 5878 1913 5931 to.
1988 5875 2035 5908 ⁸³
2071 5875 2260 5933 Matth.
2296 5892 2444 5942 XXIV,
2468 5877 2557 5931 55.
