  <div class='ocr_page' id='page_1' title='image "/cluster/home/n/w/nwhite01/storage/ocr_20150623/46:no.3/coo.31924054869668/322.png"; bbox 0 0 3882 6418; ppageno 0'>
   <div class='ocr_carea' id='block_1_1' title="bbox 190 325 283 381">
    <p class='ocr_par' dir='ltr' id='par_1_1' title="bbox 190 325 283 381">
     <span class='ocr_line' id='line_1_1' title="bbox 190 325 283 381; baseline -0.022 0"><span class='ocrx_word' id='word_1_1' title='bbox 190 325 283 381; x_wconf 75' lang='lat'><strong>6‘25</strong></span> 
     </span>
    </p>
   </div>
   <div class='ocr_carea' id='block_1_2' title="bbox 1115 312 2499 377">
    <p class='ocr_par' dir='ltr' id='par_1_2' title="bbox 1115 312 2499 377">
     <span class='ocr_line' id='line_1_2' title="bbox 1115 312 2499 377; baseline 0.004 -8"><span class='ocrx_word' id='word_1_2' title='bbox 1115 312 1184 370; x_wconf 82' lang='lat' dir='ltr'><strong>IN</strong></span> <span class='ocrx_word' id='word_1_3' title='bbox 1218 314 1496 375; x_wconf 79' lang='lat' dir='ltr'><strong>CHRISTI</strong></span> <span class='ocrx_word' id='word_1_4' title='bbox 1531 314 2173 375; x_wconf 78' lang='lat' dir='ltr'><strong>RESURRECTIONEM</strong></span> <span class='ocrx_word' id='word_1_5' title='bbox 2205 319 2420 377; x_wconf 82' lang='lat' dir='ltr'><strong>ORAT.</strong></span> <span class='ocrx_word' id='word_1_6' title='bbox 2456 320 2499 376; x_wconf 87' lang='lat' dir='ltr'><strong>l.</strong></span> 
     </span>
    </p>
   </div>
   <div class='ocr_carea' id='block_1_3' title="bbox 3318 318 3422 376">
    <p class='ocr_par' dir='ltr' id='par_1_3' title="bbox 3318 318 3422 376">
     <span class='ocr_line' id='line_1_3' title="bbox 3318 318 3422 376; baseline -0.019 0"><span class='ocrx_word' id='word_1_7' title='bbox 3318 318 3422 376; x_wconf 73' lang='lat'><em>626</em></span> 
     </span>
    </p>
   </div>
   <div class='ocr_carea' id='block_1_4' title="bbox 193 433 1785 513">
    <p class='ocr_par' dir='ltr' id='par_1_4' title="bbox 193 433 1785 513">
     <span class='ocr_line' id='line_1_4' title="bbox 193 433 1785 513; baseline -0.003 -19"><span class='ocrx_word' id='word_1_8' title='bbox 193 440 320 513; x_wconf 83' lang='grc' dir='ltr'><strong>μετά</strong></span> <span class='ocrx_word' id='word_1_9' title='bbox 347 436 442 508; x_wconf 80' lang='grc' dir='ltr'>τῆς</span> <span class='ocrx_word' id='word_1_10' title='bbox 467 435 695 507; x_wconf 79' lang='grc' dir='ltr'><strong>κεραίας</strong></span> <span class='ocrx_word' id='word_1_11' title='bbox 715 434 1109 506; x_wconf 82' lang='grc' dir='ltr'><strong>θεωρούμενον,</strong></span> <span class='ocrx_word' id='word_1_12' title='bbox 1140 435 1169 489; x_wconf 85' lang='lat'><strong>6</strong></span> <span class='ocrx_word' id='word_1_13' title='bbox 1199 437 1295 489; x_wconf 69' lang='lat' dir='ltr'><strong>xui.</strong></span> <span class='ocrx_word' id='word_1_14' title='bbox 1346 434 1456 488; x_wconf 85' lang='grc' dir='ltr'><strong>τῶν</strong></span> <span class='ocrx_word' id='word_1_15' title='bbox 1488 433 1734 507; x_wconf 73' lang='grc' dir='ltr'>οὐρανῶν</span> <span class='ocrx_word' id='word_1_16' title='bbox 1764 439 1785 497; x_wconf 61' lang='grc' dir='ltr'><em>Α</em></span> 
     </span>
    </p>
   </div>
   <div class='ocr_carea' id='block_1_5' title="bbox 1885 433 3423 513">
    <p class='ocr_par' dir='ltr' id='par_1_5' title="bbox 1885 436 3423 509">
     <span class='ocr_line' id='line_1_5' title="bbox 1885 436 3423 509; baseline 0 -19"><span class='ocrx_word' id='word_1_17' title='bbox 1885 452 2015 509; x_wconf 76' lang='lat' dir='ltr'><strong>gura</strong></span> <span class='ocrx_word' id='word_1_18' title='bbox 2047 439 2288 509; x_wconf 64' lang='grc' dir='ltr'>ρωποι-ἐι</span> <span class='ocrx_word' id='word_1_19' title='bbox 2317 439 2386 504; x_wconf 81' lang='grc'>⁸⁸,</span> <span class='ocrx_word' id='word_1_20' title='bbox 2415 438 2528 492; x_wconf 77' lang='lat' dir='ltr'><strong>iota</strong></span> <span class='ocrx_word' id='word_1_21' title='bbox 2556 444 2734 492; x_wconf 83' lang='lat' dir='ltr'><strong>autem</strong></span> <span class='ocrx_word' id='word_1_22' title='bbox 2768 452 2834 491; x_wconf 72' lang='lat' dir='ltr'><strong>ex</strong></span> <span class='ocrx_word' id='word_1_23' title='bbox 2864 436 2995 507; x_wconf 71' lang='lat' dir='ltr'><strong>iege,</strong></span> <span class='ocrx_word' id='word_1_24' title='bbox 3024 443 3075 490; x_wconf 80' lang='lat' dir='ltr'><strong>et</strong></span> <span class='ocrx_word' id='word_1_25' title='bbox 3107 448 3242 505; x_wconf 70' lang='lat' dir='ltr'><strong>apex</strong></span> <span class='ocrx_word' id='word_1_26' title='bbox 3285 450 3423 490; x_wconf 78' lang='lat' dir='ltr'><strong>unus</strong></span> 
     </span>
    </p>
   </div>
   <div class='ocr_carea' id='block_1_6' title="bbox 194 525 1746 601">
    <p class='ocr_par' dir='ltr' id='par_1_6' title="bbox 194 525 1746 601">
     <span class='ocr_line' id='line_1_6' title="bbox 194 525 1746 601; baseline -0.003 -17"><span class='ocrx_word' id='word_1_27' title='bbox 194 528 549 601; x_wconf 73' lang='grc' dir='ltr'>μονιμιίνιερον</span> <span class='ocrx_word' id='word_1_28' title='bbox 570 568 584 593; x_wconf 92' lang='grc'><strong>,</strong></span> <span class='ocrx_word' id='word_1_29' title='bbox 611 528 703 582; x_wconf 75' lang='grc' dir='ltr'>καὶ</span> <span class='ocrx_word' id='word_1_30' title='bbox 727 526 827 597; x_wconf 82' lang='grc' dir='ltr'>τῆς</span> <span class='ocrx_word' id='word_1_31' title='bbox 852 528 956 597; x_wconf 83' lang='grc' dir='ltr'><strong>γῆς</strong></span> <span class='ocrx_word' id='word_1_32' title='bbox 985 526 1412 599; x_wconf 74' lang='grc' dir='ltr'>σταθεριῖηερον,</span> <span class='ocrx_word' id='word_1_33' title='bbox 1444 527 1538 583; x_wconf 82' lang='grc' dir='ltr'>καὶ</span> <span class='ocrx_word' id='word_1_34' title='bbox 1564 525 1746 598; x_wconf 81' lang='grc' dir='ltr'><strong>πάσης</strong></span> 
     </span>
    </p>
   </div>
   <div class='ocr_carea' id='block_1_7' title="bbox 189 618 1748 693">
    <p class='ocr_par' dir='ltr' id='par_1_7' title="bbox 189 618 1748 693">
     <span class='ocr_line' id='line_1_7' title="bbox 189 618 1748 693; baseline -0.003 -18"><span class='ocrx_word' id='word_1_35' title='bbox 189 625 280 693; x_wconf 78' lang='grc' dir='ltr'>τῆς</span> <span class='ocrx_word' id='word_1_36' title='bbox 298 619 401 673; x_wconf 87' lang='grc' dir='ltr'>τῶν</span> <span class='ocrx_word' id='word_1_37' title='bbox 422 620 591 672; x_wconf 77' lang='grc' dir='ltr'>ὄντων</span> <span class='ocrx_word' id='word_1_38' title='bbox 613 618 923 682; x_wconf 80' lang='grc' dir='ltr'><strong>συστάσεως</strong></span> <span class='ocrx_word' id='word_1_39' title='bbox 946 618 1349 692; x_wconf 88' lang='grc' dir='ltr'>διαρκέστερον.</span> <span class='ocrx_word' id='word_1_40' title='bbox 1393 618 1456 672; x_wconf 83' lang='lat'><strong>&#39;0</strong></span> <span class='ocrx_word' id='word_1_41' title='bbox 1489 619 1748 686; x_wconf 81' lang='grc' dir='ltr'>οὐρανὸς</span> 
     </span>
    </p>
   </div>
   <div class='ocr_carea' id='block_1_8' title="bbox 192 708 1749 778">
    <p class='ocr_par' dir='ltr' id='par_1_8' title="bbox 192 708 1749 778">
     <span class='ocr_line' id='line_1_8' title="bbox 192 708 1749 778; baseline -0.003 -13"><span class='ocrx_word' id='word_1_42' title='bbox 192 710 280 765; x_wconf 78' lang='grc' dir='ltr'><strong>καί</strong></span> <span class='ocrx_word' id='word_1_43' title='bbox 312 710 349 776; x_wconf 78' lang='grc' dir='ltr'>ἡ</span> <span class='ocrx_word' id='word_1_44' title='bbox 388 708 466 778; x_wconf 79' lang='grc' dir='ltr'><strong>τῆ</strong></span> <span class='ocrx_word' id='word_1_45' title='bbox 496 709 928 777; x_wconf 69' lang='grc' dir='ltr'><strong>παρελεύσεται</strong></span> <span class='ocrx_word' id='word_1_46' title='bbox 949 724 964 740; x_wconf 76' lang='grc' dir='ltr'><strong>ο</strong></span> <span class='ocrx_word' id='word_1_47' title='bbox 998 709 1112 775; x_wconf 71' lang='grc' dir='ltr'>καὶ,</span> <span class='ocrx_word' id='word_1_48' title='bbox 1134 709 1324 763; x_wconf 75' lang='grc' dir='ltr'>Ὄλου</span> <span class='ocrx_word' id='word_1_49' title='bbox 1365 708 1474 762; x_wconf 84' lang='grc' dir='ltr'>τοῦ</span> <span class='ocrx_word' id='word_1_50' title='bbox 1516 708 1749 778; x_wconf 83' lang='grc' dir='ltr'><em>κόσμου</em></span> 
     </span>
    </p>
   </div>
   <div class='ocr_carea' id='block_1_9' title="bbox 193 798 1747 870">
    <p class='ocr_par' dir='ltr' id='par_1_9' title="bbox 193 798 1747 870">
     <span class='ocr_line' id='line_1_9' title="bbox 193 798 1747 870; baseline -0.003 -14"><span class='ocrx_word' id='word_1_51' title='bbox 193 799 424 870; x_wconf 73' lang='grc' dir='ltr'>παράγει</span> <span class='ocrx_word' id='word_1_52' title='bbox 454 799 521 853; x_wconf 85' lang='grc' dir='ltr'>τὸ</span> <span class='ocrx_word' id='word_1_53' title='bbox 555 798 763 870; x_wconf 82' lang='grc' dir='ltr'>σχῆμα</span> <span class='ocrx_word' id='word_1_54' title='bbox 781 816 794 829; x_wconf 80' lang='grc'><em>’</em></span> <span class='ocrx_word' id='word_1_55' title='bbox 824 799 891 853; x_wconf 83' lang='grc' dir='ltr'>τὸ</span> <span class='ocrx_word' id='word_1_56' title='bbox 918 799 987 854; x_wconf 79' lang='grc' dir='ltr'>δὲ</span> <span class='ocrx_word' id='word_1_57' title='bbox 1021 800 1160 853; x_wconf 83' lang='grc' dir='ltr'>ίῶτα</span> <span class='ocrx_word' id='word_1_58' title='bbox 1189 799 1258 853; x_wconf 85' lang='grc' dir='ltr'>ἐκ</span> <span class='ocrx_word' id='word_1_59' title='bbox 1285 799 1391 854; x_wconf 85' lang='grc' dir='ltr'>τοῦ</span> <span class='ocrx_word' id='word_1_60' title='bbox 1414 799 1626 869; x_wconf 78' lang='grc' dir='ltr'>νόμου,</span> <span class='ocrx_word' id='word_1_61' title='bbox 1652 798 1747 853; x_wconf 73' lang='grc' dir='ltr'>καὶ</span> 
     </span>
    </p>
   </div>
   <div class='ocr_carea' id='block_1_10' title="bbox 195 889 1751 963">
    <p class='ocr_par' dir='ltr' id='par_1_10' title="bbox 195 889 1751 963">
     <span class='ocr_line' id='line_1_10' title="bbox 195 889 1751 963; baseline 0 -19"><span class='ocrx_word' id='word_1_62' title='bbox 195 894 231 961; x_wconf 73' lang='grc' dir='ltr'><strong><em>ὴ</em></strong></span> <span class='ocrx_word' id='word_1_63' title='bbox 256 893 454 960; x_wconf 81' lang='grc' dir='ltr'>κεραία</span> <span class='ocrx_word' id='word_1_64' title='bbox 481 893 556 945; x_wconf 85' lang='grc' dir='ltr'>οὐ</span> <span class='ocrx_word' id='word_1_65' title='bbox 578 891 993 961; x_wconf 81' lang='grc' dir='ltr'>παραδέχεται.</span> <span class='ocrx_word' id='word_1_66' title='bbox 1035 892 1100 945; x_wconf 83' lang='grc' dir='ltr'><em>Ἡ</em></span> <span class='ocrx_word' id='word_1_67' title='bbox 1123 890 1415 961; x_wconf 81' lang='grc' dir='ltr'>ὲγκάθετος</span> <span class='ocrx_word' id='word_1_68' title='bbox 1440 889 1693 963; x_wconf 84' lang='grc' dir='ltr'>γραμμὴ,</span> <span class='ocrx_word' id='word_1_69' title='bbox 1717 890 1751 960; x_wconf 82' lang='grc' dir='ltr'>ἡ</span> 
     </span>
    </p>
   </div>
   <div class='ocr_carea' id='block_1_11' title="bbox 194 982 1753 1056">
    <p class='ocr_par' dir='ltr' id='par_1_11' title="bbox 194 982 1753 1056">
     <span class='ocr_line' id='line_1_11' title="bbox 194 982 1753 1056; baseline -0.003 -16"><span class='ocrx_word' id='word_1_70' title='bbox 194 985 385 1040; x_wconf 76' lang='grc' dir='ltr'>ἀνωθεν</span> <span class='ocrx_word' id='word_1_71' title='bbox 412 985 506 1038; x_wconf 79' lang='grc' dir='ltr'><strong>ἐπὶ</strong></span> <span class='ocrx_word' id='word_1_72' title='bbox 533 984 594 1038; x_wconf 88' lang='grc' dir='ltr'><strong>τδ</strong></span> <span class='ocrx_word' id='word_1_73' title='bbox 617 984 778 1056; x_wconf 83' lang='grc' dir='ltr'>βάθος</span> <span class='ocrx_word' id='word_1_74' title='bbox 809 984 1146 1055; x_wconf 80' lang='grc' dir='ltr'><strong>καθήκουσα,</strong></span> <span class='ocrx_word' id='word_1_75' title='bbox 1177 984 1309 1038; x_wconf 77' lang='grc' dir='ltr'>ἰῶτα</span> <span class='ocrx_word' id='word_1_76' title='bbox 1331 984 1547 1053; x_wconf 87' lang='grc' dir='ltr'>λέγεται</span> <span class='ocrx_word' id='word_1_77' title='bbox 1581 1000 1596 1015; x_wconf 75' lang='grc' dir='ltr'><strong>ο</strong></span> <span class='ocrx_word' id='word_1_78' title='bbox 1637 984 1671 1055; x_wconf 76' lang='grc' dir='ltr'><strong>ἡ</strong></span> <span class='ocrx_word' id='word_1_79' title='bbox 1697 982 1753 1036; x_wconf 77' lang='grc' dir='ltr'>δὲ</span> 
     </span>
    </p>
   </div>
   <div class='ocr_carea' id='block_1_12' title="bbox 198 1072 1751 1147">
    <p class='ocr_par' dir='ltr' id='par_1_12' title="bbox 198 1072 1751 1147">
     <span class='ocr_line' id='line_1_12' title="bbox 198 1072 1751 1147; baseline -0.002 -20"><span class='ocrx_word' id='word_1_80' title='bbox 198 1073 490 1144; x_wconf 68' lang='grc' dir='ltr'>ἐγκαρσίως</span> <span class='ocrx_word' id='word_1_81' title='bbox 515 1074 754 1147; x_wconf 76' lang='grc' dir='ltr'>ἀγομένη</span> <span class='ocrx_word' id='word_1_82' title='bbox 790 1074 880 1128; x_wconf 78' lang='grc' dir='ltr'>διὰ</span> <span class='ocrx_word' id='word_1_83' title='bbox 902 1074 1156 1144; x_wconf 77' lang='grc' dir='ltr'><strong>πλαγίου,</strong></span> <span class='ocrx_word' id='word_1_84' title='bbox 1179 1075 1373 1146; x_wconf 89' lang='grc' dir='ltr'>κεραία</span> <span class='ocrx_word' id='word_1_85' title='bbox 1405 1072 1751 1144; x_wconf 78' lang='grc' dir='ltr'>ὀνομάζεται,</span> 
     </span>
    </p>
   </div>
   <div class='ocr_carea' id='block_1_13' title="bbox 198 1164 1756 1239">
    <p class='ocr_par' dir='ltr' id='par_1_13' title="bbox 198 1164 1756 1239">
     <span class='ocr_line' id='line_1_13' title="bbox 198 1164 1756 1239; baseline -0.001 -19"><span class='ocrx_word' id='word_1_86' title='bbox 198 1164 365 1230; x_wconf 87' lang='grc' dir='ltr'>καθὼς</span> <span class='ocrx_word' id='word_1_87' title='bbox 398 1166 514 1220; x_wconf 81' lang='grc' dir='ltr'>ἐστι</span> <span class='ocrx_word' id='word_1_88' title='bbox 551 1168 644 1221; x_wconf 76' lang='grc' dir='ltr'><strong>καὶ</strong></span> <span class='ocrx_word' id='word_1_89' title='bbox 682 1169 833 1238; x_wconf 86' lang='grc' dir='ltr'><strong>παρά</strong></span> <span class='ocrx_word' id='word_1_90' title='bbox 858 1167 967 1221; x_wconf 86' lang='grc' dir='ltr'><strong>τῶν</strong></span> <span class='ocrx_word' id='word_1_91' title='bbox 1001 1167 1432 1239; x_wconf 81' lang='grc' dir='ltr'><strong>ναυτιλλομένων</strong></span> <span class='ocrx_word' id='word_1_92' title='bbox 1459 1165 1615 1219; x_wconf 79' lang='grc' dir='ltr'>τοῦτο</span> <span class='ocrx_word' id='word_1_93' title='bbox 1654 1181 1756 1235; x_wconf 88' lang='grc' dir='ltr'>μα-</span> 
     </span>
    </p>
   </div>
   <div class='ocr_carea' id='block_1_14' title="bbox 199 1255 1758 1329">
    <p class='ocr_par' dir='ltr' id='par_1_14' title="bbox 199 1255 1758 1329">
     <span class='ocr_line' id='line_1_14' title="bbox 199 1255 1758 1329; baseline -0.001 -20"><span class='ocrx_word' id='word_1_94' title='bbox 199 1255 316 1312; x_wconf 84' lang='grc' dir='ltr'>θεῖν.</span> <span class='ocrx_word' id='word_1_95' title='bbox 342 1257 412 1310; x_wconf 82' lang='grc' dir='ltr'><strong>Τὸ</strong></span> <span class='ocrx_word' id='word_1_96' title='bbox 439 1257 549 1328; x_wconf 83' lang='grc' dir='ltr'><strong>γὰρ</strong></span> <span class='ocrx_word' id='word_1_97' title='bbox 580 1258 734 1324; x_wconf 82' lang='grc' dir='ltr'>ξύλον</span> <span class='ocrx_word' id='word_1_98' title='bbox 764 1257 825 1311; x_wconf 75' lang='grc' dir='ltr'>τὸ</span> <span class='ocrx_word' id='word_1_99' title='bbox 847 1257 936 1312; x_wconf 84' lang='grc' dir='ltr'>διὰ</span> <span class='ocrx_word' id='word_1_100' title='bbox 963 1258 1191 1327; x_wconf 80' lang='grc' dir='ltr'>πλαγίου</span> <span class='ocrx_word' id='word_1_101' title='bbox 1212 1258 1290 1329; x_wconf 80' lang='grc' dir='ltr'><strong>τῷ</strong></span> <span class='ocrx_word' id='word_1_102' title='bbox 1315 1256 1444 1327; x_wconf 85' lang='grc' dir='ltr'>ίστῷ</span> <span class='ocrx_word' id='word_1_103' title='bbox 1476 1256 1758 1325; x_wconf 76' lang='grc' dir='ltr'>ἐπικείμε-</span> 
     </span>
    </p>
   </div>
   <div class='ocr_carea' id='block_1_15' title="bbox 200 1339 1750 1421">
    <p class='ocr_par' dir='ltr' id='par_1_15' title="bbox 200 1339 1750 1421">
     <span class='ocr_line' id='line_1_15' title="bbox 200 1339 1750 1421; baseline 0 -22"><span class='ocrx_word' id='word_1_104' title='bbox 200 1364 296 1410; x_wconf 89' lang='grc' dir='ltr'>νον,</span> <span class='ocrx_word' id='word_1_105' title='bbox 317 1339 377 1400; x_wconf 75' lang='grc' dir='ltr'>οὗ</span> <span class='ocrx_word' id='word_1_106' title='bbox 402 1348 497 1401; x_wconf 67' lang='grc' dir='ltr'><strong>καὶ¹</strong></span> <span class='ocrx_word' id='word_1_107' title='bbox 525 1349 625 1420; x_wconf 78' lang='grc' dir='ltr'>τὴν</span> <span class='ocrx_word' id='word_1_108' title='bbox 656 1349 848 1421; x_wconf 82' lang='grc' dir='ltr'>ὀθόνην</span> <span class='ocrx_word' id='word_1_109' title='bbox 878 1348 1189 1417; x_wconf 81' lang='grc' dir='ltr'>ὲξαπλοῦσι,</span> <span class='ocrx_word' id='word_1_110' title='bbox 1224 1349 1450 1419; x_wconf 84' lang='grc' dir='ltr'>κεραίαν</span> <span class='ocrx_word' id='word_1_111' title='bbox 1477 1348 1750 1417; x_wconf 86' lang='grc' dir='ltr'>λέγουσιν,</span> 
     </span>
    </p>
   </div>
   <div class='ocr_carea' id='block_1_16' title="bbox 200 1436 1759 1511">
    <p class='ocr_par' dir='ltr' id='par_1_16' title="bbox 200 1436 1759 1511">
     <span class='ocr_line' id='line_1_16' title="bbox 200 1436 1759 1511; baseline 0.001 -20"><span class='ocrx_word' id='word_1_112' title='bbox 200 1439 256 1491; x_wconf 78' lang='grc' dir='ltr'>ἐκ</span> <span class='ocrx_word' id='word_1_113' title='bbox 274 1436 358 1490; x_wconf 82' lang='grc' dir='ltr'>τοῦ</span> <span class='ocrx_word' id='word_1_114' title='bbox 381 1439 656 1508; x_wconf 87' lang='grc' dir='ltr'>σχήματος</span> <span class='ocrx_word' id='word_1_115' title='bbox 673 1439 1043 1510; x_wconf 75' lang='grc' dir='ltr'>ὀνομάζοντες.</span> <span class='ocrx_word' id='word_1_116' title='bbox 1062 1439 1152 1493; x_wconf 91' lang='grc' dir='ltr'>Διό</span> <span class='ocrx_word' id='word_1_117' title='bbox 1175 1458 1265 1511; x_wconf 90' lang='grc' dir='ltr'><strong>μοι</strong></span> <span class='ocrx_word' id='word_1_118' title='bbox 1281 1440 1427 1493; x_wconf 82' lang='grc' dir='ltr'>δοκεῖ</span> <span class='ocrx_word' id='word_1_119' title='bbox 1451 1439 1585 1510; x_wconf 84' lang='grc' dir='ltr'>πρὸς</span> <span class='ocrx_word' id='word_1_120' title='bbox 1603 1439 1759 1493; x_wconf 78' lang='grc' dir='ltr'>τοῦτο</span> 
     </span>
    </p>
   </div>
   <div class='ocr_carea' id='block_1_17' title="bbox 204 1527 1760 1603">
    <p class='ocr_par' dir='ltr' id='par_1_17' title="bbox 204 1527 1760 1603">
     <span class='ocr_line' id='line_1_17' title="bbox 204 1527 1760 1603; baseline 0.003 -23"><span class='ocrx_word' id='word_1_121' title='bbox 204 1527 401 1600; x_wconf 78' lang='grc' dir='ltr'>βλέπειν</span> <span class='ocrx_word' id='word_1_122' title='bbox 423 1531 455 1600; x_wconf 92' lang='grc' dir='ltr'><strong>ή</strong></span> <span class='ocrx_word' id='word_1_123' title='bbox 484 1529 607 1583; x_wconf 90' lang='grc' dir='ltr'>θεία</span> <span class='ocrx_word' id='word_1_124' title='bbox 627 1530 720 1584; x_wconf 82' lang='grc' dir='ltr'>τοῦ</span> <span class='ocrx_word' id='word_1_125' title='bbox 745 1531 1076 1601; x_wconf 84' lang='grc' dir='ltr'>Εὑαγγελίου</span> <span class='ocrx_word' id='word_1_126' title='bbox 1110 1532 1285 1603; x_wconf 66' lang='grc' dir='ltr'>φωνίγ</span> <span class='ocrx_word' id='word_1_127' title='bbox 1314 1532 1396 1585; x_wconf 85' lang='grc' dir='ltr'><strong>δτι</strong></span> <span class='ocrx_word' id='word_1_128' title='bbox 1419 1530 1592 1585; x_wconf 75' lang='grc' dir='ltr'>ἐκεῖνό</span> <span class='ocrx_word' id='word_1_129' title='bbox 1615 1531 1760 1584; x_wconf 76' lang='grc' dir='ltr'>ἐστιν</span> 
     </span>
    </p>
   </div>
   <div class='ocr_carea' id='block_1_18' title="bbox 202 1616 1760 1695">
    <p class='ocr_par' dir='ltr' id='par_1_18' title="bbox 202 1616 1760 1695">
     <span class='ocr_line' id='line_1_18' title="bbox 202 1616 1760 1695; baseline 0.002 -21"><span class='ocrx_word' id='word_1_130' title='bbox 202 1624 252 1674; x_wconf 83' lang='grc' dir='ltr'>ὲν</span> <span class='ocrx_word' id='word_1_131' title='bbox 279 1616 320 1689; x_wconf 84' lang='grc' dir='ltr'>ᾧ</span> <span class='ocrx_word' id='word_1_132' title='bbox 348 1622 415 1674; x_wconf 72' lang='grc' dir='ltr'><strong>τὰ</strong></span> <span class='ocrx_word' id='word_1_133' title='bbox 438 1622 618 1677; x_wconf 82' lang='grc' dir='ltr'>πάντα</span> <span class='ocrx_word' id='word_1_134' title='bbox 651 1623 971 1694; x_wconf 83' lang='grc' dir='ltr'>συνέστηκε,</span> <span class='ocrx_word' id='word_1_135' title='bbox 996 1624 1058 1677; x_wconf 84' lang='grc' dir='ltr'>τὸ</span> <span class='ocrx_word' id='word_1_136' title='bbox 1086 1624 1194 1678; x_wconf 83' lang='grc' dir='ltr'><strong>τῶν</strong></span> <span class='ocrx_word' id='word_1_137' title='bbox 1224 1626 1282 1678; x_wconf 76' lang='grc' dir='ltr'>ὲν</span> <span class='ocrx_word' id='word_1_138' title='bbox 1312 1622 1461 1695; x_wconf 83' lang='grc' dir='ltr'>αὐτῷ</span> <span class='ocrx_word' id='word_1_139' title='bbox 1494 1640 1760 1695; x_wconf 83' lang='grc' dir='ltr'>περικρα-</span> 
     </span>
    </p>
   </div>
   <div class='ocr_carea' id='block_1_19' title="bbox 202 1713 1762 1786">
    <p class='ocr_par' dir='ltr' id='par_1_19' title="bbox 202 1713 1762 1786">
     <span class='ocr_line' id='line_1_19' title="bbox 202 1713 1762 1786; baseline 0.003 -22"><span class='ocrx_word' id='word_1_140' title='bbox 202 1713 460 1782; x_wconf 82' lang='grc' dir='ltr'>τουμένων</span> <span class='ocrx_word' id='word_1_141' title='bbox 490 1714 826 1785; x_wconf 86' lang='grc' dir='ltr'>ἀῖδιώτερον,</span> <span class='ocrx_word' id='word_1_142' title='bbox 856 1715 885 1768; x_wconf 85' lang='lat'><strong>6</strong></span> <span class='ocrx_word' id='word_1_143' title='bbox 912 1716 1011 1786; x_wconf 77' lang='grc' dir='ltr'>τὴν</span> <span class='ocrx_word' id='word_1_144' title='bbox 1040 1714 1232 1769; x_wconf 81' lang='grc' dir='ltr'>ἑαυτοῦ</span> <span class='ocrx_word' id='word_1_145' title='bbox 1258 1714 1486 1783; x_wconf 86' lang='grc' dir='ltr'>δύναμιν</span> <span class='ocrx_word' id='word_1_146' title='bbox 1508 1714 1607 1784; x_wconf 85' lang='grc' dir='ltr'><strong>τὴν</strong></span> <span class='ocrx_word' id='word_1_147' title='bbox 1637 1730 1762 1768; x_wconf 83' lang='grc' dir='ltr'>συν-</span> 
     </span>
    </p>
   </div>
   <div class='ocr_carea' id='block_1_20' title="bbox 204 1775 1836 1874">
    <p class='ocr_par' dir='ltr' id='par_1_20' title="bbox 204 1775 1836 1874">
     <span class='ocr_line' id='line_1_20' title="bbox 204 1775 1836 1874; baseline 0.002 -22"><span class='ocrx_word' id='word_1_148' title='bbox 204 1775 484 1873; x_wconf 73' lang='grc' dir='ltr'>τηρητικὴν</span> <span class='ocrx_word' id='word_1_149' title='bbox 529 1775 752 1857; x_wconf 68' lang='grc' dir='ltr'>πάντων</span> <span class='ocrx_word' id='word_1_150' title='bbox 789 1775 898 1857; x_wconf 78' lang='grc' dir='ltr'><strong>τῶν</strong></span> <span class='ocrx_word' id='word_1_151' title='bbox 940 1775 1111 1858; x_wconf 64' lang='grc' dir='ltr'>ὄντων</span> <span class='ocrx_word' id='word_1_152' title='bbox 1132 1844 1147 1868; x_wconf 95' lang='grc'><strong>,</strong></span> <span class='ocrx_word' id='word_1_153' title='bbox 1192 1799 1303 1858; x_wconf 73' lang='grc' dir='ltr'>οἷον</span> <span class='ocrx_word' id='word_1_154' title='bbox 1336 1775 1407 1857; x_wconf 47' lang='grc' dir='ltr'>διξ</span> <span class='ocrx_word' id='word_1_155' title='bbox 1438 1775 1764 1874; x_wconf 69' lang='grc' dir='ltr'>αἰνίγματος</span> <span class='ocrx_word' id='word_1_156' title='bbox 1795 1775 1836 1831; x_wconf 77' lang='grc' dir='ltr'><strong>Β</strong></span> 
     </span>
    </p>
   </div>
   <div class='ocr_carea' id='block_1_21' title="bbox 207 1893 1767 1966">
    <p class='ocr_par' dir='ltr' id='par_1_21' title="bbox 207 1893 1767 1966">
     <span class='ocr_line' id='line_1_21' title="bbox 207 1893 1767 1966; baseline 0.001 -21"><span class='ocrx_word' id='word_1_157' title='bbox 207 1893 290 1945; x_wconf 84' lang='grc' dir='ltr'>καὶ</span> <span class='ocrx_word' id='word_1_158' title='bbox 319 1893 589 1965; x_wconf 78' lang='grc' dir='ltr'>ἐσόπτρου</span> <span class='ocrx_word' id='word_1_159' title='bbox 624 1894 769 1959; x_wconf 81' lang='grc' dir='ltr'>τινὸς</span> <span class='ocrx_word' id='word_1_160' title='bbox 794 1894 888 1948; x_wconf 81' lang='grc' dir='ltr'>τοῦ</span> <span class='ocrx_word' id='word_1_161' title='bbox 923 1896 1065 1949; x_wconf 88' lang='grc' dir='ltr'><strong>κατά</strong></span> <span class='ocrx_word' id='word_1_162' title='bbox 1093 1896 1185 1949; x_wconf 83' lang='grc' dir='ltr'><strong>τὸν</strong></span> <span class='ocrx_word' id='word_1_163' title='bbox 1220 1896 1450 1966; x_wconf 72' lang='grc' dir='ltr'>σταυρὸν</span> <span class='ocrx_word' id='word_1_164' title='bbox 1488 1897 1767 1966; x_wconf 78' lang='grc' dir='ltr'>σχήματος</span> 
     </span>
    </p>
   </div>
   <div class='ocr_carea' id='block_1_22' title="bbox 205 1983 1767 2059">
    <p class='ocr_par' dir='ltr' id='par_1_22' title="bbox 205 1983 1767 2059">
     <span class='ocr_line' id='line_1_22' title="bbox 205 1983 1767 2059; baseline 0.003 -24"><span class='ocrx_word' id='word_1_165' title='bbox 205 1983 557 2039; x_wconf 81' lang='grc' dir='ltr'>ὑποδείκνυσι.</span> <span class='ocrx_word' id='word_1_166' title='bbox 601 1986 699 2039; x_wconf 86' lang='grc' dir='ltr'>Διά</span> <span class='ocrx_word' id='word_1_167' title='bbox 740 1985 805 2056; x_wconf 80' lang='grc' dir='ltr'>δὴ</span> <span class='ocrx_word' id='word_1_168' title='bbox 846 1986 1002 2040; x_wconf 78' lang='grc' dir='ltr'>τοῦτό</span> <span class='ocrx_word' id='word_1_169' title='bbox 1046 2004 1240 2059; x_wconf 84' lang='grc' dir='ltr'>φησιν,</span> <span class='ocrx_word' id='word_1_170' title='bbox 1273 1985 1465 2039; x_wconf 83' lang='grc' dir='ltr'>ὅτιδεῖ</span> <span class='ocrx_word' id='word_1_171' title='bbox 1497 1985 1585 2039; x_wconf 84' lang='grc' dir='ltr'><strong>τὸν</strong></span> <span class='ocrx_word' id='word_1_172' title='bbox 1640 1985 1767 2040; x_wconf 85' lang='grc' dir='ltr'>Υίὸν</span> 
     </span>
    </p>
   </div>
   <div class='ocr_carea' id='block_1_23' title="bbox 203 2074 1770 2151">
    <p class='ocr_par' dir='ltr' id='par_1_23' title="bbox 203 2074 1770 2151">
     <span class='ocr_line' id='line_1_23' title="bbox 203 2074 1770 2151; baseline 0.004 -26"><span class='ocrx_word' id='word_1_173' title='bbox 203 2074 286 2127; x_wconf 77' lang='grc' dir='ltr'>τοῦ</span> <span class='ocrx_word' id='word_1_174' title='bbox 314 2076 625 2147; x_wconf 82' lang='grc' dir='ltr'>ἀνθρώπου,</span> <span class='ocrx_word' id='word_1_175' title='bbox 656 2078 755 2151; x_wconf 82' lang='grc' dir='ltr'><strong>οὐχ</strong></span> <span class='ocrx_word' id='word_1_176' title='bbox 784 2078 970 2142; x_wconf 82' lang='grc' dir='ltr'>ἁπλῶς</span> <span class='ocrx_word' id='word_1_177' title='bbox 1007 2077 1316 2145; x_wconf 81' lang='grc' dir='ltr'>ἀποθανεῖν,</span> <span class='ocrx_word' id='word_1_178' title='bbox 1353 2077 1489 2132; x_wconf 83' lang='grc' dir='ltr'>ἀλλὰ</span> <span class='ocrx_word' id='word_1_179' title='bbox 1523 2094 1770 2148; x_wconf 87' lang='grc' dir='ltr'>σταυρω-</span> 
     </span>
    </p>
   </div>
   <div class='ocr_carea' id='block_1_24' title="bbox 206 2165 1771 2241">
    <p class='ocr_par' dir='ltr' id='par_1_24' title="bbox 206 2165 1771 2241">
     <span class='ocr_line' id='line_1_24' title="bbox 206 2165 1771 2241; baseline 0.002 -23"><span class='ocrx_word' id='word_1_180' title='bbox 206 2165 370 2237; x_wconf 82' lang='grc' dir='ltr'>θῆναι,</span> <span class='ocrx_word' id='word_1_181' title='bbox 412 2168 501 2223; x_wconf 82' lang='grc' dir='ltr'><strong>ἴνα</strong></span> <span class='ocrx_word' id='word_1_182' title='bbox 544 2169 771 2241; x_wconf 85' lang='grc' dir='ltr'>γένηται</span> <span class='ocrx_word' id='word_1_183' title='bbox 812 2172 924 2234; x_wconf 80' lang='grc' dir='ltr'>τοῖς</span> <span class='ocrx_word' id='word_1_184' title='bbox 964 2170 1438 2241; x_wconf 88' lang='grc' dir='ltr'>διορατικωτέροις</span> <span class='ocrx_word' id='word_1_185' title='bbox 1468 2168 1714 2237; x_wconf 77' lang='grc' dir='ltr'>θεολόγος</span> <span class='ocrx_word' id='word_1_186' title='bbox 1742 2169 1771 2221; x_wconf 90' lang='lat'><strong>6</strong></span> 
     </span>
    </p>
   </div>
   <div class='ocr_carea' id='block_1_25' title="bbox 208 2259 1774 2334">
    <p class='ocr_par' dir='ltr' id='par_1_25' title="bbox 208 2259 1774 2334">
     <span class='ocr_line' id='line_1_25' title="bbox 208 2259 1774 2334; baseline -0.001 -21"><span class='ocrx_word' id='word_1_187' title='bbox 208 2261 423 2333; x_wconf 76' lang='grc' dir='ltr'>σταυρὸς</span> <span class='ocrx_word' id='word_1_188' title='bbox 467 2261 573 2333; x_wconf 85' lang='grc' dir='ltr'>τὴν</span> <span class='ocrx_word' id='word_1_189' title='bbox 613 2261 1018 2334; x_wconf 86' lang='grc' dir='ltr'>παντοδύναμον</span> <span class='ocrx_word' id='word_1_190' title='bbox 1055 2260 1305 2327; x_wconf 76' lang='grc' dir='ltr'>ἐξουσίαν</span> <span class='ocrx_word' id='word_1_191' title='bbox 1349 2260 1444 2315; x_wconf 79' lang='grc' dir='ltr'>τοῦ</span> <span class='ocrx_word' id='word_1_192' title='bbox 1491 2261 1578 2313; x_wconf 78' lang='grc' dir='ltr'>ἐπ’</span> <span class='ocrx_word' id='word_1_193' title='bbox 1624 2259 1774 2331; x_wconf 84' lang='grc' dir='ltr'><strong>αὑτῷ</strong></span> 
     </span>
    </p>
   </div>
   <div class='ocr_carea' id='block_1_26' title="bbox 204 2348 1775 2424">
    <p class='ocr_par' dir='ltr' id='par_1_26' title="bbox 204 2348 1775 2424">
     <span class='ocr_line' id='line_1_26' title="bbox 204 2348 1775 2424; baseline 0.003 -21"><span class='ocrx_word' id='word_1_194' title='bbox 204 2350 505 2421; x_wconf 81' lang='grc' dir='ltr'>δειχθέντος,</span> <span class='ocrx_word' id='word_1_195' title='bbox 539 2355 633 2407; x_wconf 74' lang='grc' dir='ltr'>καὶ</span> <span class='ocrx_word' id='word_1_196' title='bbox 669 2353 846 2409; x_wconf 84' lang='grc' dir='ltr'>πάντα</span> <span class='ocrx_word' id='word_1_197' title='bbox 881 2355 940 2407; x_wconf 83' lang='grc' dir='ltr'>ὲν</span> <span class='ocrx_word' id='word_1_198' title='bbox 968 2355 1135 2407; x_wconf 73' lang='grc' dir='ltr'>πᾶσιν</span> <span class='ocrx_word' id='word_1_199' title='bbox 1164 2353 1341 2418; x_wconf 79' lang='grc' dir='ltr'>δντος,</span> <span class='ocrx_word' id='word_1_200' title='bbox 1364 2348 1775 2424; x_wconf 67' lang='grc' dir='ltr'>ἀνακηρύσσων</span> 
     </span>
    </p>
   </div>
   <div class='ocr_carea' id='block_1_27' title="bbox 204 2442 1776 2519">
    <p class='ocr_par' dir='ltr' id='par_1_27' title="bbox 204 2442 1776 2519">
     <span class='ocr_line' id='line_1_27' title="bbox 204 2442 1776 2519; baseline 0.002 -25"><span class='ocrx_word' id='word_1_201' title='bbox 204 2442 273 2512; x_wconf 83' lang='grc' dir='ltr'>τῷ</span> <span class='ocrx_word' id='word_1_202' title='bbox 292 2446 547 2515; x_wconf 76' lang='grc' dir='ltr'>σχήματι.</span> <span class='ocrx_word' id='word_1_203' title='bbox 576 2445 668 2517; x_wconf 77' lang='grc' dir='ltr'><strong>Μὴ</strong></span> <span class='ocrx_word' id='word_1_204' title='bbox 698 2447 1233 2519; x_wconf 85' lang='grc' dir='ltr'>παρασιωπήσωμεν,</span> <span class='ocrx_word' id='word_1_205' title='bbox 1256 2444 1497 2514; x_wconf 72' lang='grc' dir='ltr'>ἀδελφοὶ,</span> <span class='ocrx_word' id='word_1_206' title='bbox 1529 2444 1662 2516; x_wconf 78' lang='grc' dir='ltr'>μηδὲ</span> <span class='ocrx_word' id='word_1_207' title='bbox 1683 2443 1776 2497; x_wconf 80' lang='grc' dir='ltr'><strong>τὸν</strong></span> 
     </span>
    </p>
   </div>
   <div class='ocr_carea' id='block_1_28' title="bbox 205 2534 1777 2609">
    <p class='ocr_par' dir='ltr' id='par_1_28' title="bbox 205 2534 1777 2609">
     <span class='ocr_line' id='line_1_28' title="bbox 205 2534 1777 2609; baseline 0.001 -23"><span class='ocrx_word' id='word_1_208' title='bbox 205 2536 501 2606; x_wconf 81' lang='grc' dir='ltr'>εὐσχήμονα</span> <span class='ocrx_word' id='word_1_209' title='bbox 546 2536 841 2609; x_wconf 82' lang='grc' dir='ltr'>βουλευτὴν</span> <span class='ocrx_word' id='word_1_210' title='bbox 886 2540 1125 2605; x_wconf 79' lang='grc' dir='ltr'>ἐκεῖνον,</span> <span class='ocrx_word' id='word_1_211' title='bbox 1171 2537 1264 2591; x_wconf 80' lang='grc' dir='ltr'><strong>τὸν</strong></span> <span class='ocrx_word' id='word_1_212' title='bbox 1300 2537 1408 2591; x_wconf 82' lang='grc' dir='ltr'><strong>ἀπὸ</strong></span> <span class='ocrx_word' id='word_1_213' title='bbox 1452 2534 1777 2607; x_wconf 86' lang='grc' dir='ltr'>Ἀριμαθίας</span> 
     </span>
    </p>
   </div>
   <div class='ocr_carea' id='block_1_29' title="bbox 216 2626 1780 2701">
    <p class='ocr_par' dir='ltr' id='par_1_29' title="bbox 216 2626 1780 2701">
     <span class='ocr_line' id='line_1_29' title="bbox 216 2626 1780 2701; baseline 0 -23"><span class='ocrx_word' id='word_1_214' title='bbox 216 2626 419 2699; x_wconf 81' lang='grc' dir='ltr'>Ἰωσὴφ,</span> <span class='ocrx_word' id='word_1_215' title='bbox 437 2629 496 2692; x_wconf 81' lang='grc' dir='ltr'>ὃς</span> <span class='ocrx_word' id='word_1_216' title='bbox 523 2628 701 2699; x_wconf 83' lang='grc' dir='ltr'>δῶρον</span> <span class='ocrx_word' id='word_1_217' title='bbox 729 2629 790 2683; x_wconf 83' lang='grc' dir='ltr'><strong>τὸ</strong></span> <span class='ocrx_word' id='word_1_218' title='bbox 816 2630 1083 2701; x_wconf 81' lang='grc' dir='ltr'>ἄχραντον</span> <span class='ocrx_word' id='word_1_219' title='bbox 1118 2630 1211 2683; x_wconf 75' lang='grc' dir='ltr'>καὶ</span> <span class='ocrx_word' id='word_1_220' title='bbox 1234 2628 1390 2698; x_wconf 82' lang='grc' dir='ltr'>ἆγιον</span> <span class='ocrx_word' id='word_1_221' title='bbox 1416 2630 1592 2681; x_wconf 81' lang='grc' dir='ltr'>έκεῖνο</span> <span class='ocrx_word' id='word_1_222' title='bbox 1622 2626 1780 2697; x_wconf 86' lang='grc' dir='ltr'>σῶμα</span> 
     </span>
    </p>
   </div>
   <div class='ocr_carea' id='block_1_30' title="bbox 207 2715 1783 2792">
    <p class='ocr_par' dir='ltr' id='par_1_30' title="bbox 207 2715 1783 2792">
     <span class='ocr_line' id='line_1_30' title="bbox 207 2715 1783 2792; baseline -0.001 -21"><span class='ocrx_word' id='word_1_223' title='bbox 207 2715 387 2785; x_wconf 79' lang='grc' dir='ltr'>λαϐὼν,</span> <span class='ocrx_word' id='word_1_224' title='bbox 421 2719 674 2790; x_wconf 76' lang='grc' dir='ltr'>καθαρὰν</span> <span class='ocrx_word' id='word_1_225' title='bbox 696 2722 1039 2792; x_wconf 82' lang='grc' dir='ltr'>περιτίθησιν</span> <span class='ocrx_word' id='word_1_226' title='bbox 1066 2721 1214 2792; x_wconf 77' lang='grc' dir='ltr'>αὑτῷ</span> <span class='ocrx_word' id='word_1_227' title='bbox 1238 2720 1469 2785; x_wconf 86' lang='grc' dir='ltr'>σινδόνα,</span> <span class='ocrx_word' id='word_1_228' title='bbox 1495 2719 1591 2772; x_wconf 78' lang='grc' dir='ltr'><strong>καὶ</strong></span> <span class='ocrx_word' id='word_1_229' title='bbox 1617 2717 1783 2772; x_wconf 89' lang='grc' dir='ltr'>καθα-</span> 
     </span>
    </p>
   </div>
   <div class='ocr_carea' id='block_1_31' title="bbox 1848 527 3425 600">
    <p class='ocr_par' dir='ltr' id='par_1_31' title="bbox 1848 527 3425 600">
     <span class='ocr_line' id='line_1_31' title="bbox 1848 527 3425 600; baseline -0.002 -15"><span class='ocrx_word' id='word_1_230' title='bbox 1848 546 1952 585; x_wconf 83' lang='grc' dir='ltr'><strong>ηοη</strong></span> <span class='ocrx_word' id='word_1_231' title='bbox 1976 531 2217 600; x_wconf 76' lang='grc' dir='ltr'>ρνωιθτίι</span> <span class='ocrx_word' id='word_1_232' title='bbox 2242 530 2309 587; x_wconf 83' lang='grc'><strong>⁸⁷.</strong></span> <span class='ocrx_word' id='word_1_233' title='bbox 2345 528 2512 584; x_wconf 81' lang='lat' dir='ltr'><strong>Linea</strong></span> <span class='ocrx_word' id='word_1_234' title='bbox 2543 537 2693 586; x_wconf 89' lang='lat' dir='ltr'><strong>recta</strong></span> <span class='ocrx_word' id='word_1_235' title='bbox 2730 545 2762 584; x_wconf 88' lang='lat' dir='ltr'><strong>e</strong></span> <span class='ocrx_word' id='word_1_236' title='bbox 2791 528 3011 585; x_wconf 83' lang='lat' dir='ltr'><strong>sublimi</strong></span> <span class='ocrx_word' id='word_1_237' title='bbox 3039 529 3094 583; x_wconf 90' lang='lat' dir='ltr'><strong>in</strong></span> <span class='ocrx_word' id='word_1_238' title='bbox 3127 528 3296 583; x_wconf 90' lang='lat' dir='ltr'><strong>imum</strong></span> <span class='ocrx_word' id='word_1_239' title='bbox 3329 527 3425 583; x_wconf 85' lang='lat' dir='ltr'><strong>de-</strong></span> 
     </span>
    </p>
   </div>
   <div class='ocr_carea' id='block_1_32' title="bbox 1849 617 3425 689">
    <p class='ocr_par' dir='ltr' id='par_1_32' title="bbox 1849 617 3425 689">
     <span class='ocr_line' id='line_1_32' title="bbox 1849 617 3425 689; baseline -0.004 -13"><span class='ocrx_word' id='word_1_240' title='bbox 1849 620 2120 676; x_wconf 82' lang='lat' dir='ltr'><strong>scendens</strong></span> <span class='ocrx_word' id='word_1_241' title='bbox 2153 620 2264 674; x_wconf 95' lang='lat' dir='ltr'><strong>iota</strong></span> <span class='ocrx_word' id='word_1_242' title='bbox 2314 618 2539 675; x_wconf 90' lang='lat' dir='ltr'><strong>dicitur.</strong></span> <span class='ocrx_word' id='word_1_243' title='bbox 2597 618 2831 689; x_wconf 87' lang='lat' dir='ltr'><strong>Obiique</strong></span> <span class='ocrx_word' id='word_1_244' title='bbox 2889 626 3070 674; x_wconf 88' lang='lat' dir='ltr'><strong>autem</strong></span> <span class='ocrx_word' id='word_1_245' title='bbox 3134 617 3202 672; x_wconf 90' lang='lat' dir='ltr'><strong>ad</strong></span> <span class='ocrx_word' id='word_1_246' title='bbox 3253 618 3425 672; x_wconf 91' lang='lat' dir='ltr'><strong>latera</strong></span> 
     </span>
    </p>
   </div>
   <div class='ocr_carea' id='block_1_33' title="bbox 1851 709 3427 782">
    <p class='ocr_par' dir='ltr' id='par_1_33' title="bbox 1851 709 3427 782">
     <span class='ocr_line' id='line_1_33' title="bbox 1851 709 3427 782; baseline -0.003 -17"><span class='ocrx_word' id='word_1_247' title='bbox 1851 710 2169 782; x_wconf 70' lang='lat' dir='ltr'><strong>pertingens</strong></span> <span class='ocrx_word' id='word_1_248' title='bbox 2199 725 2338 782; x_wconf 79' lang='lat' dir='ltr'><strong>apex</strong></span> <span class='ocrx_word' id='word_1_249' title='bbox 2364 711 2704 773; x_wconf 89' lang='lat' dir='ltr'><strong>nominatur,</strong></span> <span class='ocrx_word' id='word_1_250' title='bbox 2767 709 2822 765; x_wconf 88' lang='lat' dir='ltr'><strong>id</strong></span> <span class='ocrx_word' id='word_1_251' title='bbox 2849 710 2995 780; x_wconf 90' lang='lat' dir='ltr'><strong>quod</strong></span> <span class='ocrx_word' id='word_1_252' title='bbox 3029 710 3097 764; x_wconf 90' lang='lat' dir='ltr'><strong>ab</strong></span> <span class='ocrx_word' id='word_1_253' title='bbox 3149 710 3285 779; x_wconf 85' lang='lat' dir='ltr'><strong>ipsis</strong></span> <span class='ocrx_word' id='word_1_254' title='bbox 3335 722 3427 762; x_wconf 89' lang='lat' dir='ltr'><strong>na-</strong></span> 
     </span>
    </p>
   </div>
   <div class='ocr_carea' id='block_1_34' title="bbox 1854 799 3428 871">
    <p class='ocr_par' dir='ltr' id='par_1_34' title="bbox 1854 799 3428 871">
     <span class='ocr_line' id='line_1_34' title="bbox 1854 799 3428 871; baseline -0.002 -16"><span class='ocrx_word' id='word_1_255' title='bbox 1854 800 2164 871; x_wconf 81' lang='lat' dir='ltr'><strong>vigantibus</strong></span> <span class='ocrx_word' id='word_1_256' title='bbox 2194 800 2322 855; x_wconf 90' lang='lat' dir='ltr'><strong>licet</strong></span> <span class='ocrx_word' id='word_1_257' title='bbox 2352 800 2587 864; x_wconf 78' lang='lat' dir='ltr'><strong>discere,</strong></span> <span class='ocrx_word' id='word_1_258' title='bbox 2624 799 2716 869; x_wconf 89' lang='lat' dir='ltr'><strong>qui</strong></span> <span class='ocrx_word' id='word_1_259' title='bbox 2753 799 2962 870; x_wconf 93' lang='lat' dir='ltr'><strong>lignum</strong></span> <span class='ocrx_word' id='word_1_260' title='bbox 2991 799 3125 853; x_wconf 88' lang='lat' dir='ltr'><strong>illud</strong></span> <span class='ocrx_word' id='word_1_261' title='bbox 3150 806 3428 852; x_wconf 86' lang='lat' dir='ltr'><strong>transver-</strong></span> 
     </span>
    </p>
   </div>
   <div class='ocr_carea' id='block_1_35' title="bbox 1852 887 3429 961">
    <p class='ocr_par' dir='ltr' id='par_1_35' title="bbox 1852 887 3429 961">
     <span class='ocr_line' id='line_1_35' title="bbox 1852 887 3429 961; baseline -0.005 -12"><span class='ocrx_word' id='word_1_262' title='bbox 1852 907 1974 949; x_wconf 92' lang='lat' dir='ltr'><strong>sum</strong></span> <span class='ocrx_word' id='word_1_263' title='bbox 2003 891 2148 946; x_wconf 87' lang='lat' dir='ltr'><strong>malo</strong></span> <span class='ocrx_word' id='word_1_264' title='bbox 2173 889 2452 961; x_wconf 87' lang='lat' dir='ltr'><strong>adjacens,</strong></span> <span class='ocrx_word' id='word_1_265' title='bbox 2506 891 2595 945; x_wconf 92' lang='lat' dir='ltr'><strong>cui</strong></span> <span class='ocrx_word' id='word_1_266' title='bbox 2652 890 2769 945; x_wconf 84' lang='lat' dir='ltr'><strong>vela</strong></span> <span class='ocrx_word' id='word_1_267' title='bbox 2827 888 3190 960; x_wconf 86' lang='lat' dir='ltr'><strong>suspendunt,</strong></span> <span class='ocrx_word' id='word_1_268' title='bbox 3242 887 3429 943; x_wconf 61' lang='lat' dir='ltr'><strong>Graece</strong></span> 
     </span>
    </p>
   </div>
   <div class='ocr_carea' id='block_1_36' title="bbox 1853 981 3426 1054">
    <p class='ocr_par' dir='ltr' id='par_1_36' title="bbox 1853 981 3426 1054">
     <span class='ocr_line' id='line_1_36' title="bbox 1853 981 3426 1054; baseline -0.004 -15"><span class='ocrx_word' id='word_1_269' title='bbox 1853 983 2045 1040; x_wconf 89' lang='lat' dir='ltr'><strong>eodem</strong></span> <span class='ocrx_word' id='word_1_270' title='bbox 2083 984 2306 1038; x_wconf 87' lang='lat' dir='ltr'><strong>nomine</strong></span> <span class='ocrx_word' id='word_1_271' title='bbox 2353 996 2462 1054; x_wconf 88' lang='lat' dir='ltr'><strong>quo</strong></span> <span class='ocrx_word' id='word_1_272' title='bbox 2500 982 2712 1053; x_wconf 79' lang='lat' dir='ltr'><strong>apicem</strong></span> <span class='ocrx_word' id='word_1_273' title='bbox 2757 981 3066 1047; x_wconf 87' lang='lat' dir='ltr'><strong>nominant,</strong></span> <span class='ocrx_word' id='word_1_274' title='bbox 3100 994 3296 1049; x_wconf 84' lang='lat' dir='ltr'><strong>nempe</strong></span> <span class='ocrx_word' id='word_1_275' title='bbox 3334 992 3426 1033; x_wconf 90' lang='lat' dir='ltr'><strong>ce-</strong></span> 
     </span>
    </p>
   </div>
   <div class='ocr_carea' id='block_1_37' title="bbox 1854 1070 3429 1144">
    <p class='ocr_par' dir='ltr' id='par_1_37' title="bbox 1854 1070 3429 1144">
     <span class='ocr_line' id='line_1_37' title="bbox 1854 1070 3429 1144; baseline -0.004 -13"><span class='ocrx_word' id='word_1_276' title='bbox 1854 1090 2039 1131; x_wconf 76' lang='lat' dir='ltr'><strong>neam.</strong></span> <span class='ocrx_word' id='word_1_277' title='bbox 2067 1072 2430 1140; x_wconf 83' lang='lat' dir='ltr'><strong>Quamobrem</strong></span> <span class='ocrx_word' id='word_1_278' title='bbox 2456 1074 2639 1129; x_wconf 90' lang='lat' dir='ltr'><strong>divina</strong></span> <span class='ocrx_word' id='word_1_279' title='bbox 2665 1075 2782 1128; x_wconf 75' lang='lat' dir='ltr'><strong>haec</strong></span> <span class='ocrx_word' id='word_1_280' title='bbox 2807 1072 3085 1144; x_wconf 79' lang='lat' dir='ltr'><strong>Evangelii</strong></span> <span class='ocrx_word' id='word_1_281' title='bbox 3111 1072 3274 1128; x_wconf 88' lang='lat' dir='ltr'><strong>verba</strong></span> <span class='ocrx_word' id='word_1_282' title='bbox 3294 1070 3429 1126; x_wconf 88' lang='lat' dir='ltr'><strong>mihi</strong></span> 
     </span>
    </p>
   </div>
   <div class='ocr_carea' id='block_1_38' title="bbox 1855 1165 3431 1238">
    <p class='ocr_par' dir='ltr' id='par_1_38' title="bbox 1855 1165 3431 1238">
     <span class='ocr_line' id='line_1_38' title="bbox 1855 1165 3431 1238; baseline -0.004 -13"><span class='ocrx_word' id='word_1_283' title='bbox 1855 1169 2111 1225; x_wconf 77' lang='lat' dir='ltr'><strong>videnlur</strong></span> <span class='ocrx_word' id='word_1_284' title='bbox 2140 1169 2195 1222; x_wconf 88' lang='lat' dir='ltr'><strong>in</strong></span> <span class='ocrx_word' id='word_1_285' title='bbox 2224 1168 2407 1223; x_wconf 89' lang='lat' dir='ltr'><strong>crucis</strong></span> <span class='ocrx_word' id='word_1_286' title='bbox 2434 1167 2606 1238; x_wconf 81' lang='lat' dir='ltr'><strong>ﬁgura</strong></span> <span class='ocrx_word' id='word_1_287' title='bbox 2632 1175 2891 1236; x_wconf 82' lang='lat' dir='ltr'><strong>tanquam</strong></span> <span class='ocrx_word' id='word_1_288' title='bbox 2924 1165 3211 1233; x_wconf 82' lang='lat' dir='ltr'><strong>aenigmate</strong></span> <span class='ocrx_word' id='word_1_289' title='bbox 3233 1171 3431 1232; x_wconf 81' lang='lat' dir='ltr'><strong>elspe-</strong></span> 
     </span>
    </p>
   </div>
   <div class='ocr_carea' id='block_1_39' title="bbox 1857 1257 3432 1332">
    <p class='ocr_par' dir='ltr' id='par_1_39' title="bbox 1857 1257 3432 1332">
     <span class='ocr_line' id='line_1_39' title="bbox 1857 1257 3432 1332; baseline -0.006 -15"><span class='ocrx_word' id='word_1_290' title='bbox 1857 1262 1983 1317; x_wconf 93' lang='lat' dir='ltr'><strong>culo</strong></span> <span class='ocrx_word' id='word_1_291' title='bbox 2016 1259 2255 1332; x_wconf 84' lang='lat' dir='ltr'><strong>quodam</strong></span> <span class='ocrx_word' id='word_1_292' title='bbox 2290 1258 2424 1314; x_wconf 90' lang='lat' dir='ltr'><strong>illud</strong></span> <span class='ocrx_word' id='word_1_293' title='bbox 2462 1258 2775 1323; x_wconf 90' lang='lat' dir='ltr'><strong>ostendere,</strong></span> <span class='ocrx_word' id='word_1_294' title='bbox 2814 1257 2870 1311; x_wconf 94' lang='lat' dir='ltr'><strong>in</strong></span> <span class='ocrx_word' id='word_1_295' title='bbox 2902 1271 3013 1327; x_wconf 93' lang='lat' dir='ltr'><strong>quo</strong></span> <span class='ocrx_word' id='word_1_296' title='bbox 3058 1257 3244 1310; x_wconf 86' lang='lat' dir='ltr'><strong>omnia</strong></span> <span class='ocrx_word' id='word_1_297' title='bbox 3295 1269 3432 1310; x_wconf 88' lang='lat' dir='ltr'><strong>con-</strong></span> 
     </span>
    </p>
   </div>
   <div class='ocr_carea' id='block_1_40' title="bbox 1858 1343 3432 1419">
    <p class='ocr_par' dir='ltr' id='par_1_40' title="bbox 1858 1343 3432 1419">
     <span class='ocr_line' id='line_1_40' title="bbox 1858 1343 3432 1419; baseline -0.009 -11"><span class='ocrx_word' id='word_1_298' title='bbox 1858 1352 2139 1416; x_wconf 86' lang='lat' dir='ltr'><strong>stiterunt,</strong></span> <span class='ocrx_word' id='word_1_299' title='bbox 2172 1347 2315 1419; x_wconf 91' lang='lat' dir='ltr'><strong>quod</strong></span> <span class='ocrx_word' id='word_1_300' title='bbox 2356 1347 2635 1408; x_wconf 87' lang='lat' dir='ltr'><strong>omnibus.</strong></span> <span class='ocrx_word' id='word_1_301' title='bbox 2668 1361 2789 1417; x_wconf 81' lang='lat' dir='ltr'><strong>quae</strong></span> <span class='ocrx_word' id='word_1_302' title='bbox 2827 1345 2883 1399; x_wconf 92' lang='lat' dir='ltr'><strong>in</strong></span> <span class='ocrx_word' id='word_1_303' title='bbox 2913 1345 3031 1414; x_wconf 93' lang='lat' dir='ltr'><strong>ipso</strong></span> <span class='ocrx_word' id='word_1_304' title='bbox 3057 1343 3432 1405; x_wconf 87' lang='lat' dir='ltr'><strong>continentur,</strong></span> 
     </span>
    </p>
   </div>
   <div class='ocr_carea' id='block_1_41' title="bbox 1856 1436 3435 1510">
    <p class='ocr_par' dir='ltr' id='par_1_41' title="bbox 1856 1436 3435 1510">
     <span class='ocr_line' id='line_1_41' title="bbox 1856 1436 3435 1510; baseline -0.009 -11"><span class='ocrx_word' id='word_1_305' title='bbox 1856 1441 2117 1500; x_wconf 81' lang='lat' dir='ltr'><strong>stabilius</strong></span> <span class='ocrx_word' id='word_1_306' title='bbox 2142 1450 2244 1505; x_wconf 88' lang='lat' dir='ltr'><strong>est,</strong></span> <span class='ocrx_word' id='word_1_307' title='bbox 2278 1448 2442 1510; x_wconf 89' lang='lat' dir='ltr'><strong>atque</strong></span> <span class='ocrx_word' id='word_1_308' title='bbox 2484 1450 2784 1501; x_wconf 64' lang='lat' dir='ltr'><strong>arternum,</strong></span> <span class='ocrx_word' id='word_1_309' title='bbox 2819 1436 2980 1506; x_wconf 88' lang='lat' dir='ltr'><strong>cujus</strong></span> <span class='ocrx_word' id='word_1_310' title='bbox 3019 1436 3261 1505; x_wconf 87' lang='lat' dir='ltr'><strong>potentia</strong></span> <span class='ocrx_word' id='word_1_311' title='bbox 3298 1447 3435 1486; x_wconf 83' lang='lat' dir='ltr'><strong>cun-</strong></span> 
     </span>
    </p>
   </div>
   <div class='ocr_carea' id='block_1_42' title="bbox 1861 1521 3436 1595">
    <p class='ocr_par' dir='ltr' id='par_1_42' title="bbox 1861 1521 3436 1595">
     <span class='ocr_line' id='line_1_42' title="bbox 1861 1521 3436 1595; baseline -0.008 -5"><span class='ocrx_word' id='word_1_312' title='bbox 1861 1543 1949 1590; x_wconf 85' lang='lat' dir='ltr'><strong>cta</strong></span> <span class='ocrx_word' id='word_1_313' title='bbox 1980 1534 2317 1589; x_wconf 83' lang='lat' dir='ltr'><strong>moderatur.</strong></span> <span class='ocrx_word' id='word_1_314' title='bbox 2346 1529 2583 1585; x_wconf 76' lang='lat' dir='ltr'><strong>Proinde</strong></span> <span class='ocrx_word' id='word_1_315' title='bbox 2608 1528 2872 1585; x_wconf 89' lang='lat' dir='ltr'><strong>Dominus</strong></span> <span class='ocrx_word' id='word_1_316' title='bbox 2899 1527 2993 1593; x_wconf 88' lang='lat' dir='ltr'><strong>ait,</strong></span> <span class='ocrx_word' id='word_1_317' title='bbox 3043 1531 3296 1595; x_wconf 86' lang='lat' dir='ltr'><strong>oportere</strong></span> <span class='ocrx_word' id='word_1_318' title='bbox 3344 1521 3436 1577; x_wconf 82' lang='lat' dir='ltr'><strong>Fi-</strong></span> 
     </span>
    </p>
   </div>
   <div class='ocr_carea' id='block_1_43' title="bbox 1862 1611 3431 1692">
    <p class='ocr_par' dir='ltr' id='par_1_43' title="bbox 1862 1611 3431 1692">
     <span class='ocr_line' id='line_1_43' title="bbox 1862 1611 3431 1692; baseline -0.012 -9"><span class='ocrx_word' id='word_1_319' title='bbox 1862 1627 1994 1683; x_wconf 86' lang='lat' dir='ltr'><strong>lium</strong></span> <span class='ocrx_word' id='word_1_320' title='bbox 2028 1624 2286 1688; x_wconf 84' lang='lat' dir='ltr'><strong>hominis,</strong></span> <span class='ocrx_word' id='word_1_321' title='bbox 2326 1637 2436 1678; x_wconf 89' lang='lat' dir='ltr'><strong>non</strong></span> <span class='ocrx_word' id='word_1_322' title='bbox 2472 1620 2792 1692; x_wconf 87' lang='lat' dir='ltr'><strong>simpliciter</strong></span> <span class='ocrx_word' id='word_1_323' title='bbox 2820 1620 2981 1682; x_wconf 89' lang='lat' dir='ltr'><strong>mori,</strong></span> <span class='ocrx_word' id='word_1_324' title='bbox 3013 1617 3109 1674; x_wconf 88' lang='lat' dir='ltr'><strong>sed</strong></span> <span class='ocrx_word' id='word_1_325' title='bbox 3160 1611 3431 1683; x_wconf 78' lang='lat' dir='ltr'><strong>cruciﬁgi,</strong></span> 
     </span>
    </p>
   </div>
   <div class='ocr_carea' id='block_1_44' title="bbox 1865 1699 3441 1784">
    <p class='ocr_par' dir='ltr' id='par_1_44' title="bbox 1865 1699 3441 1784">
     <span class='ocr_line' id='line_1_44' title="bbox 1865 1699 3441 1784; baseline -0.013 -11"><span class='ocrx_word' id='word_1_326' title='bbox 1865 1725 1923 1773; x_wconf 93' lang='lat' dir='ltr'><strong>ut</strong></span> <span class='ocrx_word' id='word_1_327' title='bbox 1940 1731 2075 1772; x_wconf 73' lang='lat' dir='ltr'><strong>crux</strong></span> <span class='ocrx_word' id='word_1_328' title='bbox 2095 1714 2260 1770; x_wconf 88' lang='lat' dir='ltr'><strong>Deum</strong></span> <span class='ocrx_word' id='word_1_329' title='bbox 2280 1720 2499 1784; x_wconf 84' lang='lat' dir='ltr'><strong>gestans</strong></span> <span class='ocrx_word' id='word_1_330' title='bbox 2528 1708 2860 1765; x_wconf 89' lang='lat' dir='ltr'><strong>adversariis</strong></span> <span class='ocrx_word' id='word_1_331' title='bbox 2876 1706 3310 1776; x_wconf 89' lang='lat' dir='ltr'><strong>omnipotentem</strong></span> <span class='ocrx_word' id='word_1_332' title='bbox 3334 1699 3441 1754; x_wconf 88' lang='lat' dir='ltr'><strong>illi-</strong></span> 
     </span>
    </p>
   </div>
   <div class='ocr_carea' id='block_1_45' title="bbox 1867 1791 3440 1881">
    <p class='ocr_par' dir='ltr' id='par_1_45' title="bbox 1867 1791 3440 1881">
     <span class='ocr_line' id='line_1_45' title="bbox 1867 1791 3440 1881; baseline -0.013 -14"><span class='ocrx_word' id='word_1_333' title='bbox 1867 1810 2051 1881; x_wconf 86' lang='lat' dir='ltr'><strong>us,qui</strong></span> <span class='ocrx_word' id='word_1_334' title='bbox 2081 1809 2139 1863; x_wconf 90' lang='lat' dir='ltr'><strong>in</strong></span> <span class='ocrx_word' id='word_1_335' title='bbox 2159 1808 2273 1879; x_wconf 89' lang='lat' dir='ltr'><strong>ipsa</strong></span> <span class='ocrx_word' id='word_1_336' title='bbox 2293 1806 2575 1877; x_wconf 88' lang='lat' dir='ltr'><strong>penderet,</strong></span> <span class='ocrx_word' id='word_1_337' title='bbox 2592 1802 2725 1867; x_wconf 92' lang='lat' dir='ltr'><strong>vim,</strong></span> <span class='ocrx_word' id='word_1_338' title='bbox 2744 1801 2952 1872; x_wconf 87' lang='lat' dir='ltr'><strong>quique</strong></span> <span class='ocrx_word' id='word_1_339' title='bbox 2968 1797 3151 1853; x_wconf 87' lang='lat' dir='ltr'><strong>omnia</strong></span> <span class='ocrx_word' id='word_1_340' title='bbox 3186 1796 3242 1851; x_wconf 88' lang='lat' dir='ltr'><strong>in</strong></span> <span class='ocrx_word' id='word_1_341' title='bbox 3258 1791 3440 1849; x_wconf 88' lang='lat' dir='ltr'><strong>omni-</strong></span> 
     </span>
    </p>
   </div>
   <div class='ocr_carea' id='block_1_46' title="bbox 1866 1888 3444 1969">
    <p class='ocr_par' dir='ltr' id='par_1_46' title="bbox 1866 1888 3444 1969">
     <span class='ocr_line' id='line_1_46' title="bbox 1866 1888 3444 1969; baseline -0.013 -10"><span class='ocrx_word' id='word_1_342' title='bbox 1866 1903 1970 1959; x_wconf 88' lang='lat' dir='ltr'><strong>bus</strong></span> <span class='ocrx_word' id='word_1_343' title='bbox 1990 1906 2075 1956; x_wconf 91' lang='lat' dir='ltr'><strong>est</strong></span> <span class='ocrx_word' id='word_1_344' title='bbox 2100 1899 2167 1964; x_wconf 81' lang='grc'>⁸⁸,</span> <span class='ocrx_word' id='word_1_345' title='bbox 2191 1898 2362 1969; x_wconf 81' lang='lat' dir='ltr'><strong>ﬁgura</strong></span> <span class='ocrx_word' id='word_1_346' title='bbox 2380 1911 2480 1953; x_wconf 89' lang='lat' dir='ltr'><strong>sua</strong></span> <span class='ocrx_word' id='word_1_347' title='bbox 2511 1892 2861 1965; x_wconf 74' lang='lat' dir='ltr'><strong>patefaceret.</strong></span> <span class='ocrx_word' id='word_1_348' title='bbox 2880 1888 3090 1945; x_wconf 84' lang='lat' dir='ltr'><strong>Nobilis</strong></span> <span class='ocrx_word' id='word_1_349' title='bbox 3113 1888 3203 1942; x_wconf 92' lang='lat' dir='ltr'><strong>ille</strong></span> <span class='ocrx_word' id='word_1_350' title='bbox 3222 1895 3444 1942; x_wconf 80' lang='lat' dir='ltr'><strong>senator</strong></span> 
     </span>
    </p>
   </div>
   <div class='ocr_carea' id='block_1_47' title="bbox 1866 1974 3445 2062">
    <p class='ocr_par' dir='ltr' id='par_1_47' title="bbox 1866 1974 3445 2062">
     <span class='ocr_line' id='line_1_47' title="bbox 1866 1974 3445 2062; baseline -0.015 -14"><span class='ocrx_word' id='word_1_351' title='bbox 1866 1990 2091 2062; x_wconf 88' lang='lat' dir='ltr'><strong>Joscph,</strong></span> <span class='ocrx_word' id='word_1_352' title='bbox 2132 1987 2350 2049; x_wconf 81' lang='lat' dir='ltr'><strong>fratres,</strong></span> <span class='ocrx_word' id='word_1_353' title='bbox 2389 1986 2458 2040; x_wconf 91' lang='lat' dir='ltr'><strong>ab</strong></span> <span class='ocrx_word' id='word_1_354' title='bbox 2489 1982 2820 2038; x_wconf 67' lang='lat' dir='ltr'><strong>Arimathaaa</strong></span> <span class='ocrx_word' id='word_1_355' title='bbox 2850 1994 2960 2035; x_wconf 91' lang='lat' dir='ltr'><strong>non</strong></span> <span class='ocrx_word' id='word_1_356' title='bbox 2990 1985 3074 2033; x_wconf 91' lang='lat' dir='ltr'><strong>est</strong></span> <span class='ocrx_word' id='word_1_357' title='bbox 3099 1974 3445 2032; x_wconf 81' lang='lat' dir='ltr'><strong>nobissilen-</strong></span> 
     </span>
    </p>
   </div>
   <div class='ocr_carea' id='block_1_48' title="bbox 1870 2066 3448 2155">
    <p class='ocr_par' dir='ltr' id='par_1_48' title="bbox 1870 2066 3448 2155">
     <span class='ocr_line' id='line_1_48' title="bbox 1870 2066 3448 2155; baseline -0.015 -14"><span class='ocrx_word' id='word_1_358' title='bbox 1870 2087 1949 2141; x_wconf 91' lang='lat' dir='ltr'><strong>tio</strong></span> <span class='ocrx_word' id='word_1_359' title='bbox 1988 2080 2419 2155; x_wconf 62' lang='lat' dir='ltr'><strong>praetereundus,</strong></span> <span class='ocrx_word' id='word_1_360' title='bbox 2474 2076 2719 2147; x_wconf 89' lang='lat' dir='ltr'><strong>quicum</strong></span> <span class='ocrx_word' id='word_1_361' title='bbox 2756 2070 3094 2128; x_wconf 86' lang='lat' dir='ltr'><strong>immaculati</strong></span> <span class='ocrx_word' id='word_1_362' title='bbox 3158 2066 3448 2135; x_wconf 88' lang='lat' dir='ltr'><strong>sanctique</strong></span> 
     </span>
    </p>
   </div>
   <div class='ocr_carea' id='block_1_49' title="bbox 1871 2155 3455 2245">
    <p class='ocr_par' dir='ltr' id='par_1_49' title="bbox 1871 2155 3455 2245">
     <span class='ocr_line' id='line_1_49' title="bbox 1871 2155 3455 2245; baseline -0.016 -10"><span class='ocrx_word' id='word_1_363' title='bbox 1871 2180 2018 2236; x_wconf 91' lang='lat' dir='ltr'><strong>illius</strong></span> <span class='ocrx_word' id='word_1_364' title='bbox 2045 2173 2298 2245; x_wconf 92' lang='lat' dir='ltr'><strong>corporis</strong></span> <span class='ocrx_word' id='word_1_365' title='bbox 2328 2185 2531 2226; x_wconf 91' lang='lat' dir='ltr'><strong>munus</strong></span> <span class='ocrx_word' id='word_1_366' title='bbox 2576 2166 2904 2235; x_wconf 88' lang='lat' dir='ltr'><strong>accepisset,</strong></span> <span class='ocrx_word' id='word_1_367' title='bbox 2940 2161 3176 2221; x_wconf 85' lang='lat' dir='ltr'><strong>sindone</strong></span> <span class='ocrx_word' id='word_1_368' title='bbox 3238 2155 3455 2212; x_wconf 88' lang='lat' dir='ltr'><strong>mundo</strong></span> 
     </span>
    </p>
   </div>
   <div class='ocr_carea' id='block_1_50' title="bbox 1872 2247 3452 2324">
    <p class='ocr_par' dir='ltr' id='par_1_50' title="bbox 1872 2247 3452 2324">
     <span class='ocr_line' id='line_1_50' title="bbox 1872 2247 3452 2324; baseline -0.014 -1"><span class='ocrx_word' id='word_1_369' title='bbox 1872 2267 2006 2324; x_wconf 90' lang='lat' dir='ltr'><strong>illud</strong></span> <span class='ocrx_word' id='word_1_370' title='bbox 2032 2264 2285 2324; x_wconf 83' lang='lat' dir='ltr'><strong>involvit.</strong></span> <span class='ocrx_word' id='word_1_371' title='bbox 2319 2271 2374 2317; x_wconf 91' lang='lat' dir='ltr'><strong>et</strong></span> <span class='ocrx_word' id='word_1_372' title='bbox 2407 2260 2464 2315; x_wconf 93' lang='lat' dir='ltr'><strong>in</strong></span> <span class='ocrx_word' id='word_1_373' title='bbox 2496 2264 2854 2313; x_wconf 86' lang='lat' dir='ltr'><strong>monumento</strong></span> <span class='ocrx_word' id='word_1_374' title='bbox 2881 2268 3023 2308; x_wconf 86' lang='lat' dir='ltr'><strong>novo</strong></span> <span class='ocrx_word' id='word_1_375' title='bbox 3060 2266 3124 2306; x_wconf 85' lang='lat' dir='ltr'><strong>ac</strong></span> <span class='ocrx_word' id='word_1_376' title='bbox 3169 2265 3306 2319; x_wconf 89' lang='lat' dir='ltr'><strong>puro</strong></span> <span class='ocrx_word' id='word_1_377' title='bbox 3331 2247 3452 2302; x_wconf 82' lang='lat' dir='ltr'><strong>col-</strong></span> 
     </span>
    </p>
   </div>
   <div class='ocr_carea' id='block_1_51' title="bbox 1874 2344 3452 2420">
    <p class='ocr_par' dir='ltr' id='par_1_51' title="bbox 1874 2344 3452 2420">
     <span class='ocr_line' id='line_1_51' title="bbox 1874 2344 3452 2420; baseline -0.016 -5"><span class='ocrx_word' id='word_1_378' title='bbox 1874 2357 2093 2415; x_wconf 82' lang='lat' dir='ltr'><strong>locavit.</strong></span> <span class='ocrx_word' id='word_1_379' title='bbox 2136 2351 2293 2420; x_wconf 86' lang='lat' dir='ltr'><strong>Quod</strong></span> <span class='ocrx_word' id='word_1_380' title='bbox 2332 2351 2401 2406; x_wconf 88' lang='lat' dir='ltr'><strong>ab</strong></span> <span class='ocrx_word' id='word_1_381' title='bbox 2430 2350 2661 2405; x_wconf 88' lang='lat' dir='ltr'><strong>honesto</strong></span> <span class='ocrx_word' id='word_1_382' title='bbox 2694 2348 2797 2401; x_wconf 83' lang='lat' dir='ltr'><strong>hoc</strong></span> <span class='ocrx_word' id='word_1_383' title='bbox 2812 2352 3065 2402; x_wconf 81' lang='lat' dir='ltr'><strong>senatore</strong></span> <span class='ocrx_word' id='word_1_384' title='bbox 3086 2348 3300 2413; x_wconf 87' lang='lat' dir='ltr'><strong>gestum</strong></span> <span class='ocrx_word' id='word_1_385' title='bbox 3342 2344 3452 2401; x_wconf 87' lang='lat' dir='ltr'><strong>est,</strong></span> 
     </span>
    </p>
   </div>
   <div class='ocr_carea' id='block_1_52' title="bbox 1875 2434 3455 2513">
    <p class='ocr_par' dir='ltr' id='par_1_52' title="bbox 1875 2434 3455 2513">
     <span class='ocr_line' id='line_1_52' title="bbox 1875 2434 3455 2513; baseline -0.018 -9"><span class='ocrx_word' id='word_1_386' title='bbox 1875 2448 2036 2504; x_wconf 89' lang='lat' dir='ltr'><strong>nobis</strong></span> <span class='ocrx_word' id='word_1_387' title='bbox 2058 2445 2129 2501; x_wconf 90' lang='lat' dir='ltr'><strong>sit</strong></span> <span class='ocrx_word' id='word_1_388' title='bbox 2167 2450 2430 2513; x_wconf 86' lang='lat' dir='ltr'><strong>tanquam</strong></span> <span class='ocrx_word' id='word_1_389' title='bbox 2460 2439 2571 2502; x_wconf 81' lang='lat' dir='ltr'><strong>lex,</strong></span> <span class='ocrx_word' id='word_1_390' title='bbox 2600 2445 2657 2491; x_wconf 91' lang='lat' dir='ltr'><strong>ut</strong></span> <span class='ocrx_word' id='word_1_391' title='bbox 2700 2434 2843 2490; x_wconf 89' lang='lat' dir='ltr'><strong>idem</strong></span> <span class='ocrx_word' id='word_1_392' title='bbox 2892 2445 2992 2487; x_wconf 88' lang='lat' dir='ltr'><strong>nos</strong></span> <span class='ocrx_word' id='word_1_393' title='bbox 3038 2442 3256 2499; x_wconf 88' lang='lat' dir='ltr'><strong>quoque</strong></span> <span class='ocrx_word' id='word_1_394' title='bbox 3312 2437 3455 2497; x_wconf 67' lang='lat' dir='ltr'><strong>prat-</strong></span> 
     </span>
    </p>
   </div>
   <div class='ocr_carea' id='block_1_53' title="bbox 1879 2518 3461 2603">
    <p class='ocr_par' dir='ltr' id='par_1_53' title="bbox 1879 2518 3461 2603">
     <span class='ocr_line' id='line_1_53' title="bbox 1879 2518 3461 2603; baseline -0.018 -7"><span class='ocrx_word' id='word_1_395' title='bbox 1879 2547 2109 2603; x_wconf 89' lang='lat' dir='ltr'><strong>stemus,</strong></span> <span class='ocrx_word' id='word_1_396' title='bbox 2138 2548 2264 2590; x_wconf 89' lang='lat' dir='ltr'><strong>cum</strong></span> <span class='ocrx_word' id='word_1_397' title='bbox 2299 2529 2434 2586; x_wconf 85' lang='lat' dir='ltr'><strong>illud</strong></span> <span class='ocrx_word' id='word_1_398' title='bbox 2464 2526 2714 2597; x_wconf 90' lang='lat' dir='ltr'><strong>corporis</strong></span> <span class='ocrx_word' id='word_1_399' title='bbox 2751 2539 2953 2580; x_wconf 88' lang='lat' dir='ltr'><strong>munus</strong></span> <span class='ocrx_word' id='word_1_400' title='bbox 2984 2518 3341 2589; x_wconf 87' lang='lat' dir='ltr'><strong>suscipimus,</strong></span> <span class='ocrx_word' id='word_1_401' title='bbox 3389 2528 3461 2569; x_wconf 83' lang='lat' dir='ltr'><strong>ne</strong></span> 
     </span>
    </p>
   </div>
   <div class='ocr_carea' id='block_1_54' title="bbox 1880 2600 3461 2687">
    <p class='ocr_par' dir='ltr' id='par_1_54' title="bbox 1880 2600 3461 2687">
     <span class='ocr_line' id='line_1_54' title="bbox 1880 2600 3461 2687; baseline -0.019 0"><span class='ocrx_word' id='word_1_402' title='bbox 1880 2632 1936 2687; x_wconf 90' lang='lat' dir='ltr'><strong>id</strong></span> <span class='ocrx_word' id='word_1_403' title='bbox 1964 2628 2189 2686; x_wconf 89' lang='lat' dir='ltr'><strong>sordido</strong></span> <span class='ocrx_word' id='word_1_404' title='bbox 2211 2623 2565 2681; x_wconf 76' lang='lat' dir='ltr'><strong>conscientia:</strong></span> <span class='ocrx_word' id='word_1_405' title='bbox 2590 2621 2759 2674; x_wconf 90' lang='lat' dir='ltr'><strong>linteo</strong></span> <span class='ocrx_word' id='word_1_406' title='bbox 2795 2615 3160 2673; x_wconf 83' lang='lat' dir='ltr'><strong>involvamus,</strong></span> <span class='ocrx_word' id='word_1_407' title='bbox 3215 2600 3373 2662; x_wconf 83' lang='lat' dir='ltr'><strong>neve</strong></span> <span class='ocrx_word' id='word_1_408' title='bbox 3402 2604 3461 2658; x_wconf 90' lang='lat' dir='ltr'><strong>in</strong></span> 
     </span>
    </p>
   </div>
   <div class='ocr_carea' id='block_1_55' title="bbox 1881 2696 3464 2778">
    <p class='ocr_par' dir='ltr' id='par_1_55' title="bbox 1881 2696 3464 2778">
     <span class='ocr_line' id='line_1_55' title="bbox 1881 2696 3464 2778; baseline -0.019 0"><span class='ocrx_word' id='word_1_409' title='bbox 1881 2720 2065 2778; x_wconf 89' lang='lat' dir='ltr'><strong>cordis</strong></span> <span class='ocrx_word' id='word_1_410' title='bbox 2096 2723 2455 2772; x_wconf 90' lang='lat' dir='ltr'><strong>monumento</strong></span> <span class='ocrx_word' id='word_1_411' title='bbox 2517 2719 2860 2766; x_wconf 89' lang='lat' dir='ltr'><strong>mortuorum</strong></span> <span class='ocrx_word' id='word_1_412' title='bbox 2911 2702 3135 2758; x_wconf 89' lang='lat' dir='ltr'><strong>ossibus</strong></span> <span class='ocrx_word' id='word_1_413' title='bbox 3201 2696 3464 2765; x_wconf 90' lang='lat' dir='ltr'><strong>omnique</strong></span> 
     </span>
    </p>
   </div>
   <div class='ocr_carea' id='block_1_56' title="bbox 210 2791 1785 2885">
    <p class='ocr_par' dir='ltr' id='par_1_56' title="bbox 210 2791 1782 2885">
     <span class='ocr_line' id='line_1_56' title="bbox 210 2791 1782 2885; baseline -0.003 -16"><span class='ocrx_word' id='word_1_414' title='bbox 210 2809 280 2882; x_wconf 83' lang='grc' dir='ltr'>ρῷ</span> <span class='ocrx_word' id='word_1_415' title='bbox 316 2814 575 2885; x_wconf 83' lang='grc' dir='ltr'>μνημείῳ</span> <span class='ocrx_word' id='word_1_416' title='bbox 603 2791 997 2870; x_wconf 85' lang='grc' dir='ltr'>ἐναποτίθεται.</span> <span class='ocrx_word' id='word_1_417' title='bbox 1032 2791 1215 2885; x_wconf 85' lang='grc' dir='ltr'>Νόμος</span> <span class='ocrx_word' id='word_1_418' title='bbox 1251 2815 1382 2885; x_wconf 77' lang='grc' dir='ltr'>ἡμῖν</span> <span class='ocrx_word' id='word_1_419' title='bbox 1413 2812 1553 2866; x_wconf 75' lang='grc' dir='ltr'>ἔστω</span> <span class='ocrx_word' id='word_1_420' title='bbox 1595 2811 1657 2866; x_wconf 81' lang='grc' dir='ltr'><strong>τὸ</strong></span> <span class='ocrx_word' id='word_1_421' title='bbox 1688 2809 1782 2865; x_wconf 83' lang='grc' dir='ltr'>τοῦ</span> 
     </span>
    </p>
   </div>
   <div class='ocr_carea' id='block_1_57' title="bbox 1885 2791 3465 2885">
    <p class='ocr_par' dir='ltr' id='par_1_57' title="bbox 1885 2791 3465 2877">
     <span class='ocr_line' id='line_1_57' title="bbox 1885 2791 3465 2877; baseline -0.019 -8"><span class='ocrx_word' id='word_1_422' title='bbox 1885 2809 2238 2869; x_wconf 89' lang='lat' dir='ltr'><strong>immunditia</strong></span> <span class='ocrx_word' id='word_1_423' title='bbox 2263 2806 2427 2877; x_wconf 90' lang='lat' dir='ltr'><strong>pleno</strong></span> <span class='ocrx_word' id='word_1_424' title='bbox 2452 2814 2804 2871; x_wconf 87' lang='lat' dir='ltr'><strong>reponamus.</strong></span> <span class='ocrx_word' id='word_1_425' title='bbox 2844 2796 2947 2850; x_wconf 86' lang='lat' dir='ltr'><strong>Sed</strong></span> <span class='ocrx_word' id='word_1_426' title='bbox 2986 2791 3465 2861; x_wconf 88' lang='lat' dir='ltr'><strong>unusquisquc,ut</strong></span> 
     </span>
    </p>
   </div>
   <div class='ocr_carea' id='block_1_58' title="bbox 208 2875 1785 2976">
    <p class='ocr_par' dir='ltr' id='par_1_58' title="bbox 208 2875 1785 2976">
     <span class='ocr_line' id='line_1_58' title="bbox 208 2875 1785 2976; baseline 0.003 -25"><span class='ocrx_word' id='word_1_427' title='bbox 208 2875 553 2971; x_wconf 54' lang='grc' dir='ltr'>εὗσχήμόνοξ</span> <span class='ocrx_word' id='word_1_428' title='bbox 596 2903 805 2956; x_wconf 79' lang='grc' dir='ltr'>ἐκείνου</span> <span class='ocrx_word' id='word_1_429' title='bbox 838 2875 1128 2973; x_wconf 56' lang='grc' dir='ltr'>βουλευτοῑέ</span> <span class='ocrx_word' id='word_1_430' title='bbox 1169 2875 1330 2976; x_wconf 64' lang='grc' dir='ltr'>ἔργον</span> <span class='ocrx_word' id='word_1_431' title='bbox 1368 2903 1465 2958; x_wconf 78' lang='grc' dir='ltr'>τοῦ</span> <span class='ocrx_word' id='word_1_432' title='bbox 1497 2904 1595 2957; x_wconf 78' lang='grc' dir='ltr'><strong>καὶ</strong></span> <span class='ocrx_word' id='word_1_433' title='bbox 1636 2903 1785 2974; x_wconf 77' lang='grc' dir='ltr'>ἡμᾶς</span> 
     </span>
    </p>
   </div>
   <div class='ocr_carea' id='block_1_59' title="bbox 1885 2875 3467 2976">
    <p class='ocr_par' dir='ltr' id='par_1_59' title="bbox 1885 2875 3467 2968">
     <span class='ocr_line' id='line_1_59' title="bbox 1885 2875 3467 2968; baseline -0.02 -9"><span class='ocrx_word' id='word_1_434' title='bbox 1885 2901 2079 2959; x_wconf 86' lang='lat' dir='ltr'><strong>scribit</strong></span> <span class='ocrx_word' id='word_1_435' title='bbox 2111 2875 2443 2968; x_wconf 81' lang='lat' dir='ltr'><strong>Apostolus,</strong></span> <span class='ocrx_word' id='word_1_436' title='bbox 2478 2906 2539 2948; x_wconf 86' lang='lat' dir='ltr'><strong>se</strong></span> <span class='ocrx_word' id='word_1_437' title='bbox 2576 2892 2757 2960; x_wconf 85' lang='lat' dir='ltr'><strong>ipsum</strong></span> <span class='ocrx_word' id='word_1_438' title='bbox 2781 2885 2998 2957; x_wconf 86' lang='lat' dir='ltr'><strong>probet,</strong></span> <span class='ocrx_word' id='word_1_439' title='bbox 3029 2897 3095 2937; x_wconf 92' lang='lat' dir='ltr'><strong>ne</strong></span> <span class='ocrx_word' id='word_1_440' title='bbox 3140 2892 3344 2935; x_wconf 88' lang='lat' dir='ltr'><strong>munus</strong></span> <span class='ocrx_word' id='word_1_441' title='bbox 3385 2875 3467 2930; x_wconf 83' lang='lat' dir='ltr'><strong>in-</strong></span> 
     </span>
    </p>
   </div>
   <div class='ocr_carea' id='block_1_60' title="bbox 209 2970 1785 3093">
    <p class='ocr_par' dir='ltr' id='par_1_60' title="bbox 209 2970 1785 3093">
     <span class='ocr_line' id='line_1_60' title="bbox 209 2970 1785 3093; baseline 0.003 -50"><span class='ocrx_word' id='word_1_442' title='bbox 209 2991 394 3093; x_wconf 69' lang='grc' dir='ltr'>δμρίως</span> <span class='ocrx_word' id='word_1_443' title='bbox 426 2993 815 3065; x_wconf 72' lang='grc' dir='ltr'>βουλεύεσθαι,</span> <span class='ocrx_word' id='word_1_444' title='bbox 838 2970 994 3051; x_wconf 40' lang='grc' dir='ltr'>-ὅταν</span> <span class='ocrx_word' id='word_1_445' title='bbox 1022 2970 1279 3068; x_wconf 79' lang='grc' dir='ltr'>λάϐωμεν</span> <span class='ocrx_word' id='word_1_446' title='bbox 1311 2998 1486 3050; x_wconf 73' lang='grc' dir='ltr'>έκεῖνο</span> <span class='ocrx_word' id='word_1_447' title='bbox 1518 2994 1579 3049; x_wconf 84' lang='grc' dir='ltr'><strong>τδ</strong></span> <span class='ocrx_word' id='word_1_448' title='bbox 1614 2970 1785 3067; x_wconf 60' lang='grc' dir='ltr'>δωρον</span> 
     </span>
    </p>
   </div>
   <div class='ocr_carea' id='block_1_61' title="bbox 1885 2970 3470 3093">
    <p class='ocr_par' dir='ltr' id='par_1_61' title="bbox 1885 2970 3470 3093">
     <span class='ocr_line' id='line_1_61' title="bbox 1885 2970 3470 3067; baseline -0.019 -15"><span class='ocrx_word' id='word_1_449' title='bbox 1885 2996 2049 3067; x_wconf 86' lang='lat' dir='ltr'><strong>digne</strong></span> <span class='ocrx_word' id='word_1_450' title='bbox 2067 2987 2384 3061; x_wconf 72' lang='lat' dir='ltr'><strong>suscipienti</strong></span> <span class='ocrx_word' id='word_1_451' title='bbox 2402 2987 2473 3043; x_wconf 90' lang='lat' dir='ltr'><strong>sit</strong></span> <span class='ocrx_word' id='word_1_452' title='bbox 2494 2985 2548 3039; x_wconf 91' lang='lat' dir='ltr'><strong>in</strong></span> <span class='ocrx_word' id='word_1_453' title='bbox 2567 2981 2835 3055; x_wconf 81' lang='lat' dir='ltr'><strong>judicium</strong></span> <span class='ocrx_word' id='word_1_454' title='bbox 2853 2979 2923 3033; x_wconf 82' lang='lat'><strong>”.</strong></span> <span class='ocrx_word' id='word_1_455' title='bbox 2954 2977 3174 3039; x_wconf 84' lang='lat' dir='ltr'><strong>Verum,</strong></span> <span class='ocrx_word' id='word_1_456' title='bbox 3197 2972 3327 3026; x_wconf 90' lang='lat' dir='ltr'><strong>dum</strong></span> <span class='ocrx_word' id='word_1_457' title='bbox 3351 2970 3470 3024; x_wconf 66' lang='lat' dir='ltr'><strong>hac</strong></span> 
     </span>
     <span class='ocr_line' id='line_1_62' title="bbox 1891 3064 3470 3093; baseline -0.021 12"><span class='ocrx_word' id='word_1_458' title='bbox 1891 3092 1903 3093; x_wconf 41' lang='grc' dir='ltr'><em>κ</em></span> <span class='ocrx_word' id='word_1_459' title='bbox 2137 3084 2152 3093; x_wconf 86' lang='grc'><strong>.</strong></span> <span class='ocrx_word' id='word_1_460' title='bbox 2234 3083 2284 3093; x_wconf 89' lang='grc'><strong>..</strong></span> <span class='ocrx_word' id='word_1_461' title='bbox 2492 3079 2525 3093; x_wconf 93' lang='grc'><strong>..</strong></span> <span class='ocrx_word' id='word_1_462' title='bbox 2742 3072 2940 3093; x_wconf 31' lang='lat' dir='ltr'><strong>“AL</strong></span> <span class='ocrx_word' id='word_1_463' title='bbox 2975 3069 3141 3093; x_wconf 53' lang='lat' dir='ltr'><strong>“,m</strong></span> <span class='ocrx_word' id='word_1_464' title='bbox 3169 3064 3299 3093; x_wconf 49' lang='lat' dir='ltr'><strong>Mm</strong></span> <span class='ocrx_word' id='word_1_465' title='bbox 3346 3078 3470 3093; x_wconf 45' lang='lat' dir='ltr'><strong>ML</strong></span> 
     </span>
    </p>
   </div>
   <div class='ocr_carea' id='block_1_62' title="bbox 211 3064 1785 3171">
    <p class='ocr_par' dir='ltr' id='par_1_62' title="bbox 211 3064 1785 3161">
     <span class='ocr_line' id='line_1_63' title="bbox 211 3064 1785 3161; baseline 0.01 -26"><span class='ocrx_word' id='word_1_466' title='bbox 211 3081 295 3136; x_wconf 82' lang='grc' dir='ltr'>τοῦ</span> <span class='ocrx_word' id='word_1_467' title='bbox 333 3086 607 3157; x_wconf 81' lang='grc' dir='ltr'>σώματος,</span> <span class='ocrx_word' id='word_1_468' title='bbox 655 3088 731 3158; x_wconf 85' lang='grc' dir='ltr'>μὴ</span> <span class='ocrx_word' id='word_1_469' title='bbox 766 3089 1133 3161; x_wconf 77' lang='grc' dir='ltr'>ὲρρυπωμένῃ</span> <span class='ocrx_word' id='word_1_470' title='bbox 1170 3064 1237 3161; x_wconf 76' lang='grc' dir='ltr'>τῇ</span> <span class='ocrx_word' id='word_1_471' title='bbox 1278 3089 1377 3160; x_wconf 83' lang='grc' dir='ltr'><strong>τῆς</strong></span> <span class='ocrx_word' id='word_1_472' title='bbox 1425 3064 1785 3160; x_wconf 69' lang='grc' dir='ltr'>συνειδήσέως</span> 
     </span>
    </p>
   </div>
   <div class='ocr_carea' id='block_1_63' title="bbox 1885 3064 3471 3171">
    <p class='ocr_par' dir='ltr' id='par_1_63' title="bbox 1890 3064 3471 3160">
     <span class='ocr_line' id='line_1_64' title="bbox 1890 3064 3471 3160; baseline -0.019 -14"><span class='ocrx_word' id='word_1_473' title='bbox 1890 3064 2109 3160; x_wconf 78' lang='lat' dir='ltr'><strong>loquor,</strong></span> <span class='ocrx_word' id='word_1_474' title='bbox 2137 3083 2322 3139; x_wconf 86' lang='lat' dir='ltr'><strong>lucida</strong></span> <span class='ocrx_word' id='word_1_475' title='bbox 2352 3079 2529 3150; x_wconf 82' lang='lat' dir='ltr'><strong>angeli</strong></span> <span class='ocrx_word' id='word_1_476' title='bbox 2571 3075 2712 3133; x_wconf 87' lang='lat' dir='ltr'><strong>stola</strong></span> <span class='ocrx_word' id='word_1_477' title='bbox 2741 3072 2943 3128; x_wconf 89' lang='lat' dir='ltr'><strong>mentis</strong></span> <span class='ocrx_word' id='word_1_478' title='bbox 2974 3069 3144 3124; x_wconf 87' lang='lat' dir='ltr'><strong>aciem</strong></span> <span class='ocrx_word' id='word_1_479' title='bbox 3169 3064 3303 3121; x_wconf 90' lang='lat' dir='ltr'><strong>mihi</strong></span> <span class='ocrx_word' id='word_1_480' title='bbox 3346 3078 3471 3133; x_wconf 59' lang='lat' dir='ltr'><strong>per-</strong></span> 
     </span>
    </p>
   </div>
   <div class='ocr_carea' id='block_1_64' title="bbox 215 3154 1785 3253">
    <p class='ocr_par' dir='ltr' id='par_1_64' title="bbox 215 3154 1785 3253">
     <span class='ocr_line' id='line_1_65' title="bbox 215 3154 1785 3253; baseline 0.005 -27"><span class='ocrx_word' id='word_1_481' title='bbox 215 3176 393 3232; x_wconf 89' lang='grc' dir='ltr'>σινδόνι</span> <span class='ocrx_word' id='word_1_482' title='bbox 414 3154 731 3251; x_wconf 76' lang='grc' dir='ltr'>λαμϐάνειν</span> <span class='ocrx_word' id='word_1_483' title='bbox 750 3223 764 3248; x_wconf 90' lang='grc'><strong>,</strong></span> <span class='ocrx_word' id='word_1_484' title='bbox 796 3154 940 3252; x_wconf 43' lang='grc' dir='ltr'>’μηδὲ</span> <span class='ocrx_word' id='word_1_485' title='bbox 977 3154 1295 3251; x_wconf 45' lang='grc' dir='ltr'>όδωδότιηὲξ</span> <span class='ocrx_word' id='word_1_486' title='bbox 1336 3154 1541 3237; x_wconf 69' lang='grc' dir='ltr'>δστέων</span> <span class='ocrx_word' id='word_1_487' title='bbox 1578 3154 1785 3253; x_wconf 67' lang='grc' dir='ltr'>νεκρῶν</span> 
     </span>
    </p>
   </div>
   <div class='ocr_carea' id='block_1_65' title="bbox 1885 3154 3469 3253">
    <p class='ocr_par' dir='ltr' id='par_1_65' title="bbox 1892 3154 3469 3251">
     <span class='ocr_line' id='line_1_66' title="bbox 1892 3154 3469 3251; baseline -0.02 -13"><span class='ocrx_word' id='word_1_488' title='bbox 1892 3154 2136 3251; x_wconf 77' lang='lat' dir='ltr'><strong>stringit,</strong></span> <span class='ocrx_word' id='word_1_489' title='bbox 2164 3183 2218 3232; x_wconf 89' lang='lat' dir='ltr'><strong>et</strong></span> <span class='ocrx_word' id='word_1_490' title='bbox 2249 3171 2428 3229; x_wconf 89' lang='lat' dir='ltr'><strong>dulcis</strong></span> <span class='ocrx_word' id='word_1_491' title='bbox 2454 3170 2550 3225; x_wconf 89' lang='lat' dir='ltr'><strong>ille</strong></span> <span class='ocrx_word' id='word_1_492' title='bbox 2572 3176 2731 3224; x_wconf 63' lang='lat' dir='ltr'><strong>terra:</strong></span> <span class='ocrx_word' id='word_1_493' title='bbox 2769 3172 2972 3226; x_wconf 91' lang='lat' dir='ltr'><strong>motus,</strong></span> <span class='ocrx_word' id='word_1_494' title='bbox 3004 3174 3113 3232; x_wconf 90' lang='lat' dir='ltr'><strong>quo</strong></span> <span class='ocrx_word' id='word_1_495' title='bbox 3142 3157 3323 3231; x_wconf 80' lang='lat' dir='ltr'><strong>gravis</strong></span> <span class='ocrx_word' id='word_1_496' title='bbox 3376 3154 3469 3209; x_wconf 87' lang='lat' dir='ltr'><strong>ille</strong></span> 
     </span>
    </p>
   </div>
   <div class='ocr_carea' id='block_1_66' title="bbox 215 3248 1785 3347">
    <p class='ocr_par' dir='ltr' id='par_1_66' title="bbox 215 3248 1785 3347">
     <span class='ocr_line' id='line_1_67' title="bbox 215 3248 1785 3347; baseline 0.011 -27"><span class='ocrx_word' id='word_1_497' title='bbox 215 3268 299 3321; x_wconf 71' lang='grc' dir='ltr'><strong>καὶ</strong></span> <span class='ocrx_word' id='word_1_498' title='bbox 346 3248 528 3343; x_wconf 82' lang='grc' dir='ltr'>πάσης</span> <span class='ocrx_word' id='word_1_499' title='bbox 586 3248 927 3345; x_wconf 82' lang='grc' dir='ltr'>ἀκαθαρσίας</span> <span class='ocrx_word' id='word_1_500' title='bbox 982 3275 1063 3347; x_wconf 82' lang='grc' dir='ltr'>τῷ</span> <span class='ocrx_word' id='word_1_501' title='bbox 1116 3248 1356 3347; x_wconf 78' lang='grc' dir='ltr'>μνήματι</span> <span class='ocrx_word' id='word_1_502' title='bbox 1411 3276 1512 3346; x_wconf 82' lang='grc' dir='ltr'><strong>τῆς</strong></span> <span class='ocrx_word' id='word_1_503' title='bbox 1564 3248 1785 3346; x_wconf 75' lang='grc' dir='ltr'>καρδίας</span> 
     </span>
    </p>
   </div>
   <div class='ocr_carea' id='block_1_67' title="bbox 1885 3248 3469 3347">
    <p class='ocr_par' dir='ltr' id='par_1_67' title="bbox 1890 3248 3469 3332">
     <span class='ocr_line' id='line_1_68' title="bbox 1890 3248 3469 3332; baseline -0.017 -4"><span class='ocrx_word' id='word_1_504' title='bbox 1890 3248 2117 3328; x_wconf 79' lang='lat' dir='ltr'><strong>humani</strong></span> <span class='ocrx_word' id='word_1_505' title='bbox 2152 3261 2496 3323; x_wconf 89' lang='lat' dir='ltr'><strong>monumenti</strong></span> <span class='ocrx_word' id='word_1_506' title='bbox 2520 3258 2663 3332; x_wconf 87' lang='lat' dir='ltr'><strong>lapis</strong></span> <span class='ocrx_word' id='word_1_507' title='bbox 2702 3256 2984 3314; x_wconf 86' lang='lat' dir='ltr'><strong>revolutus</strong></span> <span class='ocrx_word' id='word_1_508' title='bbox 3022 3261 3126 3315; x_wconf 87' lang='lat' dir='ltr'><strong>est,</strong></span> <span class='ocrx_word' id='word_1_509' title='bbox 3182 3248 3469 3305; x_wconf 82' lang='lat' dir='ltr'><strong>munibus-</strong></span> 
     </span>
    </p>
   </div>
   <div class='ocr_carea' id='block_1_68' title="bbox 216 3339 1785 3437">
    <p class='ocr_par' dir='ltr' id='par_1_68' title="bbox 216 3339 1785 3437">
     <span class='ocr_line' id='line_1_69' title="bbox 216 3339 1785 3437; baseline 0.003 -25"><span class='ocrx_word' id='word_1_510' title='bbox 216 3339 622 3417; x_wconf 71' lang='grc' dir='ltr'>ἐναποτίθεσθαι</span> <span class='ocrx_word' id='word_1_511' title='bbox 663 3380 675 3392; x_wconf 91' lang='grc'><strong>·</strong></span> <span class='ocrx_word' id='word_1_512' title='bbox 720 3339 877 3431; x_wconf 70' lang='grc' dir='ltr'>ἀλλὰ,</span> <span class='ocrx_word' id='word_1_513' title='bbox 929 3339 1129 3430; x_wconf 52' lang='grc' dir='ltr'><strong>καθὼς⁷</strong></span> <span class='ocrx_word' id='word_1_514' title='bbox 1156 3339 1322 3437; x_wconf 69' lang='grc' dir='ltr'>φησιν</span> <span class='ocrx_word' id='word_1_515' title='bbox 1358 3366 1388 3418; x_wconf 97' lang='lat'><strong>6</strong></span> <span class='ocrx_word' id='word_1_516' title='bbox 1437 3339 1785 3428; x_wconf 65' lang='grc' dir='ltr'><strong>’Ᾱττόειτολος1</strong></span> 
     </span>
    </p>
   </div>
   <div class='ocr_carea' id='block_1_69' title="bbox 1885 3339 3477 3437">
    <p class='ocr_par' dir='ltr' id='par_1_69' title="bbox 1893 3339 3477 3437">
     <span class='ocr_line' id='line_1_70' title="bbox 1893 3339 3477 3437; baseline -0.018 -17"><span class='ocrx_word' id='word_1_517' title='bbox 1893 3379 2000 3437; x_wconf 89' lang='lat' dir='ltr'><strong>que</strong></span> <span class='ocrx_word' id='word_1_518' title='bbox 2027 3354 2453 3425; x_wconf 80' lang='lat' dir='ltr'><strong>resurrectionis</strong></span> <span class='ocrx_word' id='word_1_519' title='bbox 2489 3351 2635 3408; x_wconf 78' lang='lat' dir='ltr'><strong>fores</strong></span> <span class='ocrx_word' id='word_1_520' title='bbox 2667 3347 2953 3421; x_wconf 70' lang='lat' dir='ltr'><strong>patefacta:</strong></span> <span class='ocrx_word' id='word_1_521' title='bbox 2981 3351 3143 3408; x_wconf 89' lang='lat' dir='ltr'><strong>sunt,</strong></span> <span class='ocrx_word' id='word_1_522' title='bbox 3177 3356 3290 3414; x_wconf 67' lang='lat' dir='ltr'><strong>prie</strong></span> <span class='ocrx_word' id='word_1_523' title='bbox 3317 3339 3477 3397; x_wconf 69' lang='grc' dir='ltr'><strong>νοιιισ⁸</strong></span> 
     </span>
    </p>
   </div>
   <div class='ocr_carea' id='block_1_70' title="bbox 214 3430 1785 3527">
    <p class='ocr_par' dir='ltr' id='par_1_70' title="bbox 214 3430 1785 3527">
     <span class='ocr_line' id='line_1_71' title="bbox 214 3430 1785 3527; baseline 0.008 -23"><span class='ocrx_word' id='word_1_524' title='bbox 214 3450 519 3524; x_wconf 79' lang='grc' dir='ltr'>δοκιμάζειν</span> <span class='ocrx_word' id='word_1_525' title='bbox 560 3453 792 3509; x_wconf 74' lang='grc' dir='ltr'>ἕκαστον</span> <span class='ocrx_word' id='word_1_526' title='bbox 828 3454 1055 3520; x_wconf 78' lang='grc' dir='ltr'>ἑαυτὸν,</span> <span class='ocrx_word' id='word_1_527' title='bbox 1086 3430 1181 3511; x_wconf 69' lang='grc' dir='ltr'>ἵνα</span> <span class='ocrx_word' id='word_1_528' title='bbox 1338 3457 1515 3527; x_wconf 81' lang='grc' dir='ltr'>κρίμα</span> <span class='ocrx_word' id='word_1_529' title='bbox 1555 3456 1589 3525; x_wconf 76' lang='grc' dir='ltr'>ἡ</span> <span class='ocrx_word' id='word_1_530' title='bbox 1634 3453 1785 3524; x_wconf 82' lang='grc' dir='ltr'>χάρις</span> 
     </span>
    </p>
   </div>
   <div class='ocr_carea' id='block_1_71' title="bbox 1885 3430 3479 3527">
    <p class='ocr_par' dir='ltr' id='par_1_71' title="bbox 1896 3430 3479 3526">
     <span class='ocr_line' id='line_1_72' title="bbox 1896 3430 3479 3526; baseline -0.015 -17"><span class='ocrx_word' id='word_1_531' title='bbox 1896 3430 2048 3526; x_wconf 72' lang='lat' dir='ltr'><strong>piata</strong></span> <span class='ocrx_word' id='word_1_532' title='bbox 2070 3466 2169 3507; x_wconf 88' lang='lat' dir='ltr'><strong>cur</strong></span> <span class='ocrx_word' id='word_1_533' title='bbox 2194 3461 2378 3505; x_wconf 89' lang='lat' dir='ltr'><strong>meum</strong></span> <span class='ocrx_word' id='word_1_534' title='bbox 2408 3442 2675 3500; x_wconf 85' lang='lat' dir='ltr'><strong>concutit.</strong></span> <span class='ocrx_word' id='word_1_535' title='bbox 2706 3438 3007 3495; x_wconf 87' lang='lat' dir='ltr'><strong>Curramus</strong></span> <span class='ocrx_word' id='word_1_536' title='bbox 3030 3442 3083 3489; x_wconf 91' lang='lat' dir='ltr'><strong>et</strong></span> <span class='ocrx_word' id='word_1_537' title='bbox 3109 3448 3212 3488; x_wconf 83' lang='lat' dir='ltr'><strong>nos</strong></span> <span class='ocrx_word' id='word_1_538' title='bbox 3246 3430 3314 3484; x_wconf 91' lang='lat' dir='ltr'><strong>ad</strong></span> <span class='ocrx_word' id='word_1_539' title='bbox 3344 3444 3479 3485; x_wconf 82' lang='lat' dir='ltr'><strong>eon-</strong></span> 
     </span>
    </p>
   </div>
   <div class='ocr_carea' id='block_1_72' title="bbox 217 3519 1785 3619">
    <p class='ocr_par' dir='ltr' id='par_1_72' title="bbox 217 3519 1785 3619">
     <span class='ocr_line' id='line_1_73' title="bbox 217 3519 1785 3619; baseline -0.004 -16"><span class='ocrx_word' id='word_1_540' title='bbox 217 3519 428 3614; x_wconf 69' lang='grc' dir='ltr'>γένηται</span> <span class='ocrx_word' id='word_1_541' title='bbox 458 3545 540 3618; x_wconf 82' lang='grc' dir='ltr'>τῷ</span> <span class='ocrx_word' id='word_1_542' title='bbox 570 3545 802 3613; x_wconf 77' lang='grc' dir='ltr'>ἀναξίως</span> <span class='ocrx_word' id='word_1_543' title='bbox 841 3547 1115 3619; x_wconf 79' lang='grc' dir='ltr'>δεχομένῳ</span> <span class='ocrx_word' id='word_1_544' title='bbox 1143 3519 1243 3619; x_wconf 73' lang='grc' dir='ltr'><strong>τὴν</strong></span> <span class='ocrx_word' id='word_1_545' title='bbox 1275 3519 1453 3619; x_wconf 47' lang='grc' dir='ltr'>χάρινξ</span> <span class='ocrx_word' id='word_1_546' title='bbox 1497 3519 1668 3599; x_wconf 28' lang='grc' dir='ltr'>Ἀλλά.</span> <span class='ocrx_word' id='word_1_547' title='bbox 1686 3519 1785 3615; x_wconf 66' lang='grc' dir='ltr'>γὰρ</span> 
     </span>
    </p>
   </div>
   <div class='ocr_carea' id='block_1_73' title="bbox 1885 3519 3477 3619">
    <p class='ocr_par' dir='ltr' id='par_1_73' title="bbox 1896 3519 3477 3616">
     <span class='ocr_line' id='line_1_74' title="bbox 1896 3519 3477 3616; baseline -0.018 -15"><span class='ocrx_word' id='word_1_548' title='bbox 1896 3519 2235 3616; x_wconf 76' lang='lat' dir='ltr'><strong>spiciendum</strong></span> <span class='ocrx_word' id='word_1_549' title='bbox 2267 3534 2643 3608; x_wconf 85' lang='lat' dir='ltr'><strong>spectaculum</strong></span> <span class='ocrx_word' id='word_1_550' title='bbox 2671 3530 2777 3586; x_wconf 84' lang='lat' dir='ltr'><strong>hoc</strong></span> <span class='ocrx_word' id='word_1_551' title='bbox 2833 3540 3033 3582; x_wconf 84' lang='lat' dir='ltr'><strong>novum</strong></span> <span class='ocrx_word' id='word_1_552' title='bbox 3057 3531 3111 3579; x_wconf 89' lang='lat' dir='ltr'><strong>et</strong></span> <span class='ocrx_word' id='word_1_553' title='bbox 3135 3519 3477 3576; x_wconf 84' lang='lat' dir='ltr'><strong>admirabile.</strong></span> 
     </span>
    </p>
   </div>
   <div class='ocr_carea' id='block_1_74' title="bbox 224 3634 1796 3708">
    <p class='ocr_par' dir='ltr' id='par_1_74' title="bbox 224 3634 1796 3708">
     <span class='ocr_line' id='line_1_75' title="bbox 224 3634 1796 3708; baseline 0.002 -22"><span class='ocrx_word' id='word_1_554' title='bbox 224 3635 411 3703; x_wconf 80' lang='grc' dir='ltr'>μεταξὺ</span> <span class='ocrx_word' id='word_1_555' title='bbox 437 3636 619 3706; x_wconf 69' lang='grc' dir='ltr'>λέγων</span> <span class='ocrx_word' id='word_1_556' title='bbox 654 3636 979 3707; x_wconf 82' lang='grc' dir='ltr'>αίσθάνομαι</span> <span class='ocrx_word' id='word_1_557' title='bbox 1008 3640 1074 3708; x_wconf 78' lang='grc' dir='ltr'>τῇ</span> <span class='ocrx_word' id='word_1_558' title='bbox 1106 3639 1338 3708; x_wconf 77' lang='grc' dir='ltr'>φωτεινῇ</span> <span class='ocrx_word' id='word_1_559' title='bbox 1369 3636 1528 3707; x_wconf 85' lang='grc' dir='ltr'>στολῇ</span> <span class='ocrx_word' id='word_1_560' title='bbox 1554 3634 1647 3687; x_wconf 85' lang='grc' dir='ltr'>τοῦ</span> <span class='ocrx_word' id='word_1_561' title='bbox 1692 3635 1796 3703; x_wconf 70' lang='grc' dir='ltr'><strong>ἀγ⁸</strong></span> 
     </span>
    </p>
   </div>
   <div class='ocr_carea' id='block_1_75' title="bbox 222 3725 1800 3800">
    <p class='ocr_par' dir='ltr' id='par_1_75' title="bbox 222 3725 1800 3800">
     <span class='ocr_line' id='line_1_76' title="bbox 222 3725 1800 3800; baseline 0.001 -22"><span class='ocrx_word' id='word_1_562' title='bbox 222 3725 367 3792; x_wconf 80' lang='grc' dir='ltr'>γέλου</span> <span class='ocrx_word' id='word_1_563' title='bbox 392 3728 969 3800; x_wconf 86' lang='grc' dir='ltr'>καταστραπτόμενος,</span> <span class='ocrx_word' id='word_1_564' title='bbox 991 3728 1083 3781; x_wconf 87' lang='grc' dir='ltr'><strong>καί</strong></span> <span class='ocrx_word' id='word_1_565' title='bbox 1113 3746 1214 3800; x_wconf 89' lang='grc' dir='ltr'><strong>μου</strong></span> <span class='ocrx_word' id='word_1_566' title='bbox 1243 3727 1469 3781; x_wconf 89' lang='grc' dir='ltr'>διασείει</span> <span class='ocrx_word' id='word_1_567' title='bbox 1490 3726 1579 3797; x_wconf 76' lang='grc' dir='ltr'><strong>ὑφ’</strong></span> <span class='ocrx_word' id='word_1_568' title='bbox 1604 3725 1800 3797; x_wconf 82' lang='grc' dir='ltr'>ἡδονῆς</span> 
     </span>
    </p>
   </div>
   <div class='ocr_carea' id='block_1_76' title="bbox 224 3813 1801 3890">
    <p class='ocr_par' dir='ltr' id='par_1_76' title="bbox 224 3813 1801 3890">
     <span class='ocr_line' id='line_1_77' title="bbox 224 3813 1801 3890; baseline 0.002 -23"><span class='ocrx_word' id='word_1_569' title='bbox 224 3813 313 3886; x_wconf 79' lang='grc' dir='ltr'><strong>τὴν</strong></span> <span class='ocrx_word' id='word_1_570' title='bbox 343 3817 575 3887; x_wconf 79' lang='grc' dir='ltr'>καρδίαν</span> <span class='ocrx_word' id='word_1_571' title='bbox 610 3818 638 3868; x_wconf 91' lang='grc' dir='ltr'>ὁ</span> <span class='ocrx_word' id='word_1_572' title='bbox 677 3817 882 3887; x_wconf 81' lang='grc' dir='ltr'>γλυκὺς</span> <span class='ocrx_word' id='word_1_573' title='bbox 919 3820 1126 3884; x_wconf 78' lang='grc' dir='ltr'>ἐκεῖνος</span> <span class='ocrx_word' id='word_1_574' title='bbox 1160 3818 1401 3890; x_wconf 79' lang='grc' dir='ltr'>σεισμὸς,</span> <span class='ocrx_word' id='word_1_575' title='bbox 1435 3818 1464 3870; x_wconf 91' lang='lat'><strong>6</strong></span> <span class='ocrx_word' id='word_1_576' title='bbox 1495 3816 1590 3871; x_wconf 80' lang='grc' dir='ltr'><strong>τὸν</strong></span> <span class='ocrx_word' id='word_1_577' title='bbox 1632 3817 1801 3887; x_wconf 81' lang='grc' dir='ltr'>βαρὺν</span> 
     </span>
    </p>
   </div>
   <div class='ocr_carea' id='block_1_77' title="bbox 224 3902 1803 3982">
    <p class='ocr_par' dir='ltr' id='par_1_77' title="bbox 224 3902 1803 3982">
     <span class='ocr_line' id='line_1_78' title="bbox 224 3902 1803 3982; baseline 0.004 -24"><span class='ocrx_word' id='word_1_578' title='bbox 224 3905 359 3962; x_wconf 82' lang='grc' dir='ltr'>λίθον</span> <span class='ocrx_word' id='word_1_579' title='bbox 394 3910 491 3963; x_wconf 78' lang='grc' dir='ltr'>τοῦ</span> <span class='ocrx_word' id='word_1_580' title='bbox 535 3910 877 3981; x_wconf 82' lang='grc' dir='ltr'>ἀνθρωπίνου</span> <span class='ocrx_word' id='word_1_581' title='bbox 924 3912 1207 3982; x_wconf 81' lang='grc' dir='ltr'>μνήματος</span> <span class='ocrx_word' id='word_1_582' title='bbox 1252 3909 1598 3973; x_wconf 86' lang='grc' dir='ltr'>ἀποκυλίων,</span> <span class='ocrx_word' id='word_1_583' title='bbox 1646 3908 1713 3961; x_wconf 88' lang='grc' dir='ltr'>δι’</span> <span class='ocrx_word' id='word_1_584' title='bbox 1742 3902 1803 3964; x_wconf 74' lang='grc' dir='ltr'><strong>οὗ</strong></span> 
     </span>
    </p>
   </div>
   <div class='ocr_carea' id='block_1_78' title="bbox 227 4001 1805 4078">
    <p class='ocr_par' dir='ltr' id='par_1_78' title="bbox 227 4001 1805 4078">
     <span class='ocr_line' id='line_1_79' title="bbox 227 4001 1805 4078; baseline 0.001 -24"><span class='ocrx_word' id='word_1_585' title='bbox 227 4001 488 4072; x_wconf 77' lang='grc' dir='ltr'>ἀνοίγεται</span> <span class='ocrx_word' id='word_1_586' title='bbox 528 4005 698 4057; x_wconf 77' lang='grc' dir='ltr'>πᾶσιν</span> <span class='ocrx_word' id='word_1_587' title='bbox 728 4005 762 4074; x_wconf 86' lang='grc' dir='ltr'>ὴ</span> <span class='ocrx_word' id='word_1_588' title='bbox 797 4003 935 4078; x_wconf 83' lang='grc' dir='ltr'>θύρα</span> <span class='ocrx_word' id='word_1_589' title='bbox 964 4005 1064 4076; x_wconf 78' lang='grc' dir='ltr'>τῆς</span> <span class='ocrx_word' id='word_1_590' title='bbox 1089 4005 1456 4068; x_wconf 81' lang='grc' dir='ltr'>ἀναστάσεως.</span> <span class='ocrx_word' id='word_1_591' title='bbox 1497 4003 1805 4075; x_wconf 81' lang='grc' dir='ltr'>Δράμωμεν</span> 
     </span>
    </p>
   </div>
   <div class='ocr_carea' id='block_1_79' title="bbox 229 4093 1804 4168">
    <p class='ocr_par' dir='ltr' id='par_1_79' title="bbox 229 4093 1804 4168">
     <span class='ocr_line' id='line_1_80' title="bbox 229 4093 1804 4168; baseline 0.002 -22"><span class='ocrx_word' id='word_1_592' title='bbox 229 4095 317 4148; x_wconf 75' lang='grc' dir='ltr'><strong>καὶ</strong></span> <span class='ocrx_word' id='word_1_593' title='bbox 362 4099 523 4167; x_wconf 77' lang='grc' dir='ltr'>ἡμεῖς</span> <span class='ocrx_word' id='word_1_594' title='bbox 571 4098 664 4150; x_wconf 71' lang='grc' dir='ltr'>ἐπὶ</span> <span class='ocrx_word' id='word_1_595' title='bbox 702 4097 803 4168; x_wconf 82' lang='grc' dir='ltr'>τὴν</span> <span class='ocrx_word' id='word_1_596' title='bbox 855 4097 984 4151; x_wconf 84' lang='grc' dir='ltr'>θέαν</span> <span class='ocrx_word' id='word_1_597' title='bbox 1026 4096 1119 4151; x_wconf 78' lang='grc' dir='ltr'>τοῦ</span> <span class='ocrx_word' id='word_1_598' title='bbox 1162 4093 1468 4168; x_wconf 82' lang='grc' dir='ltr'>παραδόξου</span> <span class='ocrx_word' id='word_1_599' title='bbox 1509 4095 1804 4167; x_wconf 73' lang='grc' dir='ltr'>θεάματος*</span> 
     </span>
    </p>
   </div>
   <div class='ocr_carea' id='block_1_80' title="bbox 230 4183 1809 4259">
    <p class='ocr_par' dir='ltr' id='par_1_80' title="bbox 230 4183 1809 4259">
     <span class='ocr_line' id='line_1_81' title="bbox 230 4183 1809 4259; baseline 0.001 -23"><span class='ocrx_word' id='word_1_600' title='bbox 230 4183 497 4253; x_wconf 77' lang='grc' dir='ltr'>διαγέγονε</span> <span class='ocrx_word' id='word_1_601' title='bbox 542 4186 653 4259; x_wconf 76' lang='grc' dir='ltr'>γὰρ</span> <span class='ocrx_word' id='word_1_602' title='bbox 700 4187 800 4259; x_wconf 76' lang='grc' dir='ltr'><strong>ήδη</strong></span> <span class='ocrx_word' id='word_1_603' title='bbox 845 4188 906 4241; x_wconf 85' lang='grc' dir='ltr'><strong>τὸ</strong></span> <span class='ocrx_word' id='word_1_604' title='bbox 944 4187 1258 4240; x_wconf 80' lang='grc' dir='ltr'>Σάϐϐατον·</span> <span class='ocrx_word' id='word_1_605' title='bbox 1312 4185 1388 4257; x_wconf 81' lang='grc' dir='ltr'>μὴ</span> <span class='ocrx_word' id='word_1_606' title='bbox 1433 4185 1665 4239; x_wconf 86' lang='grc' dir='ltr'>κατόπιν</span> <span class='ocrx_word' id='word_1_607' title='bbox 1701 4184 1809 4237; x_wconf 83' lang='grc' dir='ltr'><strong>τῶν</strong></span> 
     </span>
    </p>
   </div>
   <div class='ocr_carea' id='block_1_81' title="bbox 231 4275 1813 4353">
    <p class='ocr_par' dir='ltr' id='par_1_81' title="bbox 231 4275 1813 4353">
     <span class='ocr_line' id='line_1_82' title="bbox 231 4275 1813 4353; baseline -0.004 -19"><span class='ocrx_word' id='word_1_608' title='bbox 231 4283 499 4349; x_wconf 81' lang='grc' dir='ltr'>γυναικῶν</span> <span class='ocrx_word' id='word_1_609' title='bbox 542 4282 962 4353; x_wconf 87' lang='grc' dir='ltr'>ἀπαντήσωμεν.</span> <span class='ocrx_word' id='word_1_610' title='bbox 1007 4280 1200 4332; x_wconf 88' lang='grc' dir='ltr'>Ἔσται</span> <span class='ocrx_word' id='word_1_611' title='bbox 1233 4277 1329 4331; x_wconf 80' lang='grc' dir='ltr'><strong>καὶ</strong></span> <span class='ocrx_word' id='word_1_612' title='bbox 1360 4278 1418 4331; x_wconf 85' lang='grc' dir='ltr'>ὲν</span> <span class='ocrx_word' id='word_1_613' title='bbox 1452 4278 1575 4341; x_wconf 85' lang='grc' dir='ltr'>ταῖς</span> <span class='ocrx_word' id='word_1_614' title='bbox 1613 4275 1813 4347; x_wconf 74' lang='grc' dir='ltr'>ἡμετέ-</span> 
     </span>
    </p>
   </div>
   <div class='ocr_carea' id='block_1_82' title="bbox 238 4365 1807 4445">
    <p class='ocr_par' dir='ltr' id='par_1_82' title="bbox 238 4365 1807 4445">
     <span class='ocr_line' id='line_1_83' title="bbox 238 4365 1807 4445; baseline -0.004 -21"><span class='ocrx_word' id='word_1_615' title='bbox 238 4386 349 4442; x_wconf 82' lang='grc' dir='ltr'>ραις</span> <span class='ocrx_word' id='word_1_616' title='bbox 379 4374 539 4445; x_wconf 75' lang='grc' dir='ltr'>χερσὶ</span> <span class='ocrx_word' id='word_1_617' title='bbox 569 4371 640 4425; x_wconf 82' lang='grc' dir='ltr'>τὰ</span> <span class='ocrx_word' id='word_1_618' title='bbox 685 4372 977 4444; x_wconf 81' lang='grc' dir='ltr'>ἀρώματα,</span> <span class='ocrx_word' id='word_1_619' title='bbox 1003 4371 1037 4441; x_wconf 88' lang='grc' dir='ltr'><strong>ή</strong></span> <span class='ocrx_word' id='word_1_620' title='bbox 1074 4368 1254 4432; x_wconf 84' lang='grc' dir='ltr'>πίστις</span> <span class='ocrx_word' id='word_1_621' title='bbox 1281 4368 1377 4421; x_wconf 74' lang='grc' dir='ltr'>καὶ</span> <span class='ocrx_word' id='word_1_622' title='bbox 1408 4369 1438 4438; x_wconf 80' lang='grc' dir='ltr'>ἡ</span> <span class='ocrx_word' id='word_1_623' title='bbox 1484 4365 1807 4434; x_wconf 86' lang='grc' dir='ltr'>συνείδησις.</span> 
     </span>
    </p>
   </div>
   <div class='ocr_carea' id='block_1_83' title="bbox 1900 3615 3485 3697">
    <p class='ocr_par' dir='ltr' id='par_1_83' title="bbox 1900 3615 3485 3697">
     <span class='ocr_line' id='line_1_84' title="bbox 1900 3615 3485 3697; baseline -0.016 -6"><span class='ocrx_word' id='word_1_624' title='bbox 1900 3615 2200 3691; x_wconf 79' lang='lat' dir='ltr'><strong>sabbatum</strong></span> <span class='ocrx_word' id='word_1_625' title='bbox 2235 3628 2379 3686; x_wconf 89' lang='lat' dir='ltr'><strong>enim</strong></span> <span class='ocrx_word' id='word_1_626' title='bbox 2424 3626 2538 3697; x_wconf 88' lang='lat' dir='ltr'><strong>jam</strong></span> <span class='ocrx_word' id='word_1_627' title='bbox 2573 3622 2776 3679; x_wconf 79' lang='lat' dir='ltr'><strong>illuxit.</strong></span> <span class='ocrx_word' id='word_1_628' title='bbox 2839 3617 2920 3674; x_wconf 89' lang='lat' dir='ltr'><strong>Ne</strong></span> <span class='ocrx_word' id='word_1_629' title='bbox 2967 3615 3372 3688; x_wconf 90' lang='lat' dir='ltr'><strong>permittamus,</strong></span> <span class='ocrx_word' id='word_1_630' title='bbox 3422 3618 3485 3666; x_wconf 91' lang='lat' dir='ltr'><strong>ut</strong></span> 
     </span>
    </p>
   </div>
   <div class='ocr_carea' id='block_1_84' title="bbox 1899 3702 3483 3786">
    <p class='ocr_par' dir='ltr' id='par_1_84' title="bbox 1899 3702 3483 3786">
     <span class='ocr_line' id='line_1_85' title="bbox 1899 3702 3483 3786; baseline -0.018 0"><span class='ocrx_word' id='word_1_631' title='bbox 1899 3729 2161 3786; x_wconf 89' lang='lat' dir='ltr'><strong>mulieres</strong></span> <span class='ocrx_word' id='word_1_632' title='bbox 2184 3725 2552 3779; x_wconf 82' lang='lat' dir='ltr'><strong>antevertant.</strong></span> <span class='ocrx_word' id='word_1_633' title='bbox 2577 3715 2699 3772; x_wconf 86' lang='lat' dir='ltr'><strong>Sint</strong></span> <span class='ocrx_word' id='word_1_634' title='bbox 2727 3713 2894 3769; x_wconf 89' lang='lat' dir='ltr'><strong>etiam</strong></span> <span class='ocrx_word' id='word_1_635' title='bbox 2924 3710 2980 3764; x_wconf 88' lang='lat' dir='ltr'><strong>in</strong></span> <span class='ocrx_word' id='word_1_636' title='bbox 3004 3706 3260 3763; x_wconf 88' lang='lat' dir='ltr'><strong>manibus</strong></span> <span class='ocrx_word' id='word_1_637' title='bbox 3275 3702 3483 3759; x_wconf 88' lang='lat' dir='ltr'><strong>nostris</strong></span> 
     </span>
    </p>
   </div>
   <div class='ocr_carea' id='block_1_85' title="bbox 1902 3795 3482 3882">
    <p class='ocr_par' dir='ltr' id='par_1_85' title="bbox 1902 3795 3482 3882">
     <span class='ocr_line' id='line_1_86' title="bbox 1902 3795 3482 3882; baseline -0.019 -7"><span class='ocrx_word' id='word_1_638' title='bbox 1902 3825 2147 3875; x_wconf 87' lang='lat' dir='ltr'><strong>aromata</strong></span> <span class='ocrx_word' id='word_1_639' title='bbox 2176 3813 2298 3870; x_wconf 85' lang='lat' dir='ltr'><strong>ﬁdei</strong></span> <span class='ocrx_word' id='word_1_640' title='bbox 2347 3824 2606 3882; x_wconf 77' lang='lat' dir='ltr'><strong>puraeque</strong></span> <span class='ocrx_word' id='word_1_641' title='bbox 2663 3800 3042 3861; x_wconf 66' lang='lat' dir='ltr'><strong>conscientiae.</strong></span> <span class='ocrx_word' id='word_1_642' title='bbox 3093 3797 3152 3851; x_wconf 93' lang='lat' dir='ltr'><strong>ln</strong></span> <span class='ocrx_word' id='word_1_643' title='bbox 3206 3796 3294 3851; x_wconf 89' lang='lat' dir='ltr'><strong>his</strong></span> <span class='ocrx_word' id='word_1_644' title='bbox 3335 3795 3482 3848; x_wconf 84' lang='lat' dir='ltr'><strong>enim</strong></span> 
     </span>
    </p>
   </div>
   <div class='ocr_carea' id='block_1_86' title="bbox 1903 3884 3486 3965">
    <p class='ocr_par' dir='ltr' id='par_1_86' title="bbox 1903 3884 3486 3965">
     <span class='ocr_line' id='line_1_87' title="bbox 1903 3884 3486 3965; baseline -0.018 0"><span class='ocrx_word' id='word_1_645' title='bbox 1903 3906 2157 3965; x_wconf 89' lang='lat' dir='ltr'><strong>consistit</strong></span> <span class='ocrx_word' id='word_1_646' title='bbox 2187 3906 2367 3961; x_wconf 87' lang='lat' dir='ltr'><strong>bonus</strong></span> <span class='ocrx_word' id='word_1_647' title='bbox 2400 3900 2535 3957; x_wconf 91' lang='lat' dir='ltr'><strong>odor</strong></span> <span class='ocrx_word' id='word_1_648' title='bbox 2560 3895 2789 3953; x_wconf 86' lang='lat' dir='ltr'><strong>Christi.</strong></span> <span class='ocrx_word' id='word_1_649' title='bbox 2822 3892 2898 3948; x_wconf 88' lang='lat' dir='ltr'><strong>Ne</strong></span> <span class='ocrx_word' id='word_1_650' title='bbox 2913 3904 3227 3963; x_wconf 65' lang='lat' dir='ltr'><strong>quaeramus</strong></span> <span class='ocrx_word' id='word_1_651' title='bbox 3248 3884 3486 3961; x_wconf 85' lang='lat' dir='ltr'><strong>amplius</strong></span> 
     </span>
    </p>
   </div>
   <div class='ocr_carea' id='block_1_87' title="bbox 1903 3982 3488 4056">
    <p class='ocr_par' dir='ltr' id='par_1_87' title="bbox 1903 3982 3488 4056">
     <span class='ocr_line' id='line_1_88' title="bbox 1903 3982 3488 4056; baseline -0.017 0"><span class='ocrx_word' id='word_1_652' title='bbox 1903 4002 2173 4056; x_wconf 86' lang='lat' dir='ltr'><strong>viventem</strong></span> <span class='ocrx_word' id='word_1_653' title='bbox 2202 4010 2327 4050; x_wconf 85' lang='lat' dir='ltr'><strong>eum</strong></span> <span class='ocrx_word' id='word_1_654' title='bbox 2384 3988 2639 4047; x_wconf 89' lang='lat' dir='ltr'><strong>mortuis.</strong></span> <span class='ocrx_word' id='word_1_655' title='bbox 2682 3985 2948 4042; x_wconf 85' lang='lat' dir='ltr'><strong>Dominus</strong></span> <span class='ocrx_word' id='word_1_656' title='bbox 2984 3982 3130 4038; x_wconf 88' lang='lat' dir='ltr'><strong>enim</strong></span> <span class='ocrx_word' id='word_1_657' title='bbox 3150 3994 3274 4036; x_wconf 87' lang='lat' dir='ltr'><strong>eum</strong></span> <span class='ocrx_word' id='word_1_658' title='bbox 3310 3992 3341 4032; x_wconf 91' lang='lat' dir='ltr'><strong>a</strong></span> <span class='ocrx_word' id='word_1_659' title='bbox 3378 3991 3488 4047; x_wconf 83' lang='lat' dir='ltr'><strong>quo</strong></span> 
     </span>
    </p>
   </div>
   <div class='ocr_carea' id='block_1_88' title="bbox 1908 4069 3519 4161">
    <p class='ocr_par' dir='ltr' id='par_1_88' title="bbox 1908 4069 3519 4161">
     <span class='ocr_line' id='line_1_89' title="bbox 1908 4069 3519 4161; baseline -0.019 -12"><span class='ocrx_word' id='word_1_660' title='bbox 1908 4098 1990 4151; x_wconf 91' lang='lat' dir='ltr'><strong>sic</strong></span> <span class='ocrx_word' id='word_1_661' title='bbox 2025 4090 2345 4161; x_wconf 86' lang='lat' dir='ltr'><strong>requiritur,</strong></span> <span class='ocrx_word' id='word_1_662' title='bbox 2390 4083 2573 4156; x_wconf 87' lang='lat' dir='ltr'><strong>rejicit</strong></span> <span class='ocrx_word' id='word_1_663' title='bbox 2622 4089 2677 4135; x_wconf 90' lang='lat' dir='ltr'><strong>et</strong></span> <span class='ocrx_word' id='word_1_664' title='bbox 2714 4086 2887 4142; x_wconf 86' lang='lat' dir='ltr'><strong>arcet,</strong></span> <span class='ocrx_word' id='word_1_665' title='bbox 2939 4075 3133 4131; x_wconf 86' lang='lat' dir='ltr'><strong>dicens</strong></span> <span class='ocrx_word' id='word_1_666' title='bbox 3166 4087 3182 4125; x_wconf 88' lang='lat'><strong>:</strong></span> <span class='ocrx_word' id='word_1_667' title='bbox 3217 4069 3347 4124; x_wconf 83' lang='lat' dir='ltr'><strong>Noli</strong></span> <span class='ocrx_word' id='word_1_668' title='bbox 3406 4084 3519 4122; x_wconf 84' lang='lat' dir='ltr'><strong>me.</strong></span> 
     </span>
    </p>
   </div>
   <div class='ocr_carea' id='block_1_89' title="bbox 1911 4162 3491 4254">
    <p class='ocr_par' dir='ltr' id='par_1_89' title="bbox 1911 4162 3491 4254">
     <span class='ocr_line' id='line_1_90' title="bbox 1911 4162 3491 4254; baseline -0.018 -13"><span class='ocrx_word' id='word_1_669' title='bbox 1911 4196 2124 4254; x_wconf 80' lang='lat' dir='ltr'><strong>tangere</strong></span> <span class='ocrx_word' id='word_1_670' title='bbox 2145 4182 2221 4234; x_wconf 74' lang='lat'><strong>‘°.</strong></span> <span class='ocrx_word' id='word_1_671' title='bbox 2257 4178 2397 4235; x_wconf 91' lang='lat' dir='ltr'><strong>Cum</strong></span> <span class='ocrx_word' id='word_1_672' title='bbox 2427 4184 2609 4230; x_wconf 90' lang='lat' dir='ltr'><strong>autem</strong></span> <span class='ocrx_word' id='word_1_673' title='bbox 2644 4170 2949 4228; x_wconf 80' lang='lat' dir='ltr'><strong>ascendere</strong></span> <span class='ocrx_word' id='word_1_674' title='bbox 2985 4165 3054 4222; x_wconf 89' lang='lat' dir='ltr'><strong>ad</strong></span> <span class='ocrx_word' id='word_1_675' title='bbox 3082 4162 3327 4227; x_wconf 87' lang='lat' dir='ltr'><strong>Patrem,</strong></span> <span class='ocrx_word' id='word_1_676' title='bbox 3355 4169 3491 4231; x_wconf 70' lang='lat' dir='ltr'><strong>tunc</strong></span> 
     </span>
    </p>
   </div>
   <div class='ocr_carea' id='block_1_90' title="bbox 1910 4261 3492 4339">
    <p class='ocr_par' dir='ltr' id='par_1_90' title="bbox 1910 4261 3492 4339">
     <span class='ocr_line' id='line_1_91' title="bbox 1910 4261 3492 4339; baseline -0.019 -8"><span class='ocrx_word' id='word_1_677' title='bbox 1910 4292 1998 4331; x_wconf 88' lang='lat' dir='ltr'><strong>me</strong></span> <span class='ocrx_word' id='word_1_678' title='bbox 2027 4271 2211 4329; x_wconf 87' lang='lat' dir='ltr'><strong>licebit</strong></span> <span class='ocrx_word' id='word_1_679' title='bbox 2234 4270 2524 4339; x_wconf 83' lang='lat' dir='ltr'><strong>attingere.</strong></span> <span class='ocrx_word' id='word_1_680' title='bbox 2583 4261 2665 4338; x_wconf 81' lang='lat' dir='ltr'><strong>[Id</strong></span> <span class='ocrx_word' id='word_1_681' title='bbox 2693 4268 2801 4325; x_wconf 88' lang='lat' dir='ltr'><strong>est,</strong></span> <span class='ocrx_word' id='word_1_682' title='bbox 2834 4273 2958 4314; x_wconf 93' lang='lat' dir='ltr'><strong>cum</strong></span> <span class='ocrx_word' id='word_1_683' title='bbox 3006 4270 3120 4310; x_wconf 91' lang='lat' dir='ltr'><strong>non</strong></span> <span class='ocrx_word' id='word_1_684' title='bbox 3170 4264 3492 4322; x_wconf 88' lang='lat' dir='ltr'><strong>corpoream</strong></span> 
     </span>
    </p>
   </div>
   <div class='ocr_carea' id='block_1_91' title="bbox 1912 4339 3493 4434">
    <p class='ocr_par' dir='ltr' id='par_1_91' title="bbox 1912 4339 3493 4434">
     <span class='ocr_line' id='line_1_92' title="bbox 1912 4339 3493 4434; baseline -0.017 -15"><span class='ocrx_word' id='word_1_685' title='bbox 1912 4365 2150 4434; x_wconf 90' lang='lat' dir='ltr'><strong>amplius</strong></span> <span class='ocrx_word' id='word_1_686' title='bbox 2211 4359 2574 4427; x_wconf 82' lang='lat' dir='ltr'><strong>servilemque</strong></span> <span class='ocrx_word' id='word_1_687' title='bbox 2605 4354 2861 4414; x_wconf 79' lang='lat' dir='ltr'><strong>formam,</strong></span> <span class='ocrx_word' id='word_1_688' title='bbox 2900 4348 2994 4403; x_wconf 91' lang='lat' dir='ltr'><strong>sed</strong></span> <span class='ocrx_word' id='word_1_689' title='bbox 3022 4360 3170 4409; x_wconf 88' lang='lat' dir='ltr'><strong>eum,</strong></span> <span class='ocrx_word' id='word_1_690' title='bbox 3195 4341 3400 4413; x_wconf 87' lang='lat' dir='ltr'><strong>quiest</strong></span> <span class='ocrx_word' id='word_1_691' title='bbox 3437 4339 3493 4393; x_wconf 92' lang='lat' dir='ltr'><strong>in</strong></span> 
     </span>
    </p>
   </div>
   <div class='ocr_carea' id='block_1_92' title="bbox 234 4426 1785 4537">
    <p class='ocr_par' dir='ltr' id='par_1_92' title="bbox 234 4426 1785 4537">
     <span class='ocr_line' id='line_1_93' title="bbox 234 4426 1785 4537; baseline -0.005 -22"><span class='ocrx_word' id='word_1_692' title='bbox 234 4426 525 4537; x_wconf 45' lang='grc' dir='ltr'>λῦτηλγάρ</span> <span class='ocrx_word' id='word_1_693' title='bbox 555 4462 648 4517; x_wconf 82' lang='grc' dir='ltr'>τοῦ</span> <span class='ocrx_word' id='word_1_694' title='bbox 687 4426 924 4533; x_wconf 63' lang='grc' dir='ltr'>ὶίριστοῦ</span> <span class='ocrx_word' id='word_1_695' title='bbox 952 4426 1098 4514; x_wconf 68' lang='grc' dir='ltr'>έστιν</span> <span class='ocrx_word' id='word_1_696' title='bbox 1120 4460 1155 4531; x_wconf 80' lang='grc' dir='ltr'><strong>ἡ</strong></span> <span class='ocrx_word' id='word_1_697' title='bbox 1181 4426 1397 4513; x_wconf 32' lang='grc' dir='ltr'>εὐνωδία.</span> <span class='ocrx_word' id='word_1_698' title='bbox 1427 4426 1648 4528; x_wconf 53' lang='grc' dir='ltr'>’Μηκέτι</span> <span class='ocrx_word' id='word_1_699' title='bbox 1672 4426 1785 4527; x_wconf 62' lang='grc' dir='ltr'>μετέ</span> 
     </span>
    </p>
   </div>
   <div class='ocr_carea' id='block_1_93' title="bbox 1885 4426 3494 4537">
    <p class='ocr_par' dir='ltr' id='par_1_93' title="bbox 1885 4426 3494 4525">
     <span class='ocr_line' id='line_1_94' title="bbox 1885 4426 3494 4525; baseline -0.016 -17"><span class='ocrx_word' id='word_1_700' title='bbox 1885 4481 1886 4489; x_wconf 60' lang='grc' dir='ltr'><strong>ι</strong></span> <span class='ocrx_word' id='word_1_701' title='bbox 1914 4426 2085 4525; x_wconf 66' lang='lat' dir='ltr'><strong>gloria</strong></span> <span class='ocrx_word' id='word_1_702' title='bbox 2121 4449 2321 4513; x_wconf 89' lang='lat' dir='ltr'><strong>Patris,</strong></span> <span class='ocrx_word' id='word_1_703' title='bbox 2351 4446 2444 4515; x_wconf 89' lang='lat' dir='ltr'><strong>qui</strong></span> <span class='ocrx_word' id='word_1_704' title='bbox 2473 4426 2556 4499; x_wconf 85' lang='lat' dir='ltr'><strong>est</strong></span> <span class='ocrx_word' id='word_1_705' title='bbox 2580 4442 2635 4499; x_wconf 86' lang='lat' dir='ltr'><strong>in</strong></span> <span class='ocrx_word' id='word_1_706' title='bbox 2673 4440 2847 4496; x_wconf 77' lang='lat' dir='ltr'><strong>forma</strong></span> <span class='ocrx_word' id='word_1_707' title='bbox 2881 4436 3001 4503; x_wconf 89' lang='lat' dir='ltr'><strong>Dei,</strong></span> <span class='ocrx_word' id='word_1_708' title='bbox 3048 4442 3103 4489; x_wconf 89' lang='lat' dir='ltr'><strong>et</strong></span> <span class='ocrx_word' id='word_1_709' title='bbox 3136 4431 3307 4487; x_wconf 89' lang='lat' dir='ltr'><strong>Deum</strong></span> <span class='ocrx_word' id='word_1_710' title='bbox 3358 4426 3494 4483; x_wconf 81' lang='lat' dir='ltr'><strong>Ver-</strong></span> 
     </span>
    </p>
   </div>
   <div class='ocr_carea' id='block_1_94' title="bbox 237 4546 1811 4630">
    <p class='ocr_par' dir='ltr' id='par_1_94' title="bbox 237 4546 1811 4630">
     <span class='ocr_line' id='line_1_95' title="bbox 237 4546 1811 4630; baseline -0.008 -20"><span class='ocrx_word' id='word_1_711' title='bbox 237 4556 338 4610; x_wconf 83' lang='grc' dir='ltr'>τῶν</span> <span class='ocrx_word' id='word_1_712' title='bbox 374 4557 586 4630; x_wconf 81' lang='grc' dir='ltr'>νεκρῶν</span> <span class='ocrx_word' id='word_1_713' title='bbox 618 4556 708 4610; x_wconf 71' lang='grc' dir='ltr'>τὸν</span> <span class='ocrx_word' id='word_1_714' title='bbox 744 4553 923 4621; x_wconf 77' lang='grc' dir='ltr'>ζῶντα</span> <span class='ocrx_word' id='word_1_715' title='bbox 954 4552 1300 4625; x_wconf 76' lang='grc' dir='ltr'>ζητήσωμεν.</span> <span class='ocrx_word' id='word_1_716' title='bbox 1348 4550 1451 4603; x_wconf 86' lang='grc' dir='ltr'>Τὸν</span> <span class='ocrx_word' id='word_1_717' title='bbox 1490 4549 1599 4620; x_wconf 82' lang='grc' dir='ltr'>γὰρ</span> <span class='ocrx_word' id='word_1_718' title='bbox 1638 4546 1811 4609; x_wconf 73' lang='grc' dir='ltr'>οὓτως</span> 
     </span>
    </p>
   </div>
   <div class='ocr_carea' id='block_1_95' title="bbox 239 4640 1812 4721">
    <p class='ocr_par' dir='ltr' id='par_1_95' title="bbox 239 4640 1812 4721">
     <span class='ocr_line' id='line_1_96' title="bbox 239 4640 1812 4721; baseline -0.006 -18"><span class='ocrx_word' id='word_1_719' title='bbox 239 4650 390 4704; x_wconf 67' lang='grc' dir='ltr'>αὑτὸν</span> <span class='ocrx_word' id='word_1_720' title='bbox 415 4649 704 4721; x_wconf 79' lang='grc' dir='ltr'>ζητοῦντα,</span> <span class='ocrx_word' id='word_1_721' title='bbox 732 4647 1034 4702; x_wconf 83' lang='grc' dir='ltr'>ἀπωθεῖται</span> <span class='ocrx_word' id='word_1_722' title='bbox 1059 4646 1088 4699; x_wconf 92' lang='lat'><strong>6</strong></span> <span class='ocrx_word' id='word_1_723' title='bbox 1110 4643 1334 4717; x_wconf 81' lang='grc' dir='ltr'>Κύριος,</span> <span class='ocrx_word' id='word_1_724' title='bbox 1354 4641 1548 4711; x_wconf 84' lang='grc' dir='ltr'>λέγων’</span> <span class='ocrx_word' id='word_1_725' title='bbox 1570 4640 1667 4710; x_wconf 79' lang='grc' dir='ltr'>Μή</span> <span class='ocrx_word' id='word_1_726' title='bbox 1691 4656 1812 4709; x_wconf 77' lang='grc' dir='ltr'><strong>μου</strong></span> 
     </span>
    </p>
   </div>
   <div class='ocr_carea' id='block_1_96' title="bbox 240 4731 1813 4807">
    <p class='ocr_par' dir='ltr' id='par_1_96' title="bbox 240 4731 1813 4807">
     <span class='ocr_line' id='line_1_97' title="bbox 240 4731 1813 4807; baseline -0.007 -13"><span class='ocrx_word' id='word_1_727' title='bbox 240 4739 425 4794; x_wconf 70' lang='grc' dir='ltr'>ἅπτου</span> <span class='ocrx_word' id='word_1_728' title='bbox 463 4758 477 4770; x_wconf 75' lang='grc' dir='ltr'><strong>ο</strong></span> <span class='ocrx_word' id='word_1_729' title='bbox 510 4740 625 4794; x_wconf 83' lang='grc' dir='ltr'>ἀλλ’</span> <span class='ocrx_word' id='word_1_730' title='bbox 657 4742 788 4795; x_wconf 78' lang='grc' dir='ltr'>ὅταν</span> <span class='ocrx_word' id='word_1_731' title='bbox 814 4737 1001 4792; x_wconf 73' lang='grc' dir='ltr'>ἀναόὦ</span> <span class='ocrx_word' id='word_1_732' title='bbox 1033 4735 1169 4807; x_wconf 77' lang='grc' dir='ltr'>πρὸς</span> <span class='ocrx_word' id='word_1_733' title='bbox 1193 4736 1285 4788; x_wconf 78' lang='grc' dir='ltr'><strong>τὸν</strong></span> <span class='ocrx_word' id='word_1_734' title='bbox 1310 4731 1555 4805; x_wconf 81' lang='grc' dir='ltr'>Πατέρα,</span> <span class='ocrx_word' id='word_1_735' title='bbox 1578 4732 1699 4785; x_wconf 89' lang='grc' dir='ltr'>τότε</span> <span class='ocrx_word' id='word_1_736' title='bbox 1731 4747 1813 4784; x_wconf 93' lang='grc' dir='ltr'><strong>σοι</strong></span> 
     </span>
    </p>
   </div>
   <div class='ocr_carea' id='block_1_97' title="bbox 243 4823 1815 4899">
    <p class='ocr_par' dir='ltr' id='par_1_97' title="bbox 243 4823 1815 4899">
     <span class='ocr_line' id='line_1_98' title="bbox 243 4823 1815 4899; baseline -0.006 -15"><span class='ocrx_word' id='word_1_737' title='bbox 243 4832 440 4899; x_wconf 75' lang='grc' dir='ltr'>ἔξεστιν</span> <span class='ocrx_word' id='word_1_738' title='bbox 471 4832 761 4888; x_wconf 70' lang='grc' dir='ltr'>ἅπτεσθαι.</span> <span class='ocrx_word' id='word_1_739' title='bbox 806 4830 1153 4899; x_wconf 83' lang='grc' dir='ltr'>Ἀκοὺσωμεν</span> <span class='ocrx_word' id='word_1_740' title='bbox 1182 4826 1236 4880; x_wconf 88' lang='grc' dir='ltr'><strong>τί</strong></span> <span class='ocrx_word' id='word_1_741' title='bbox 1268 4823 1680 4894; x_wconf 79' lang='grc' dir='ltr'>εὐαγγελίζεται</span> <span class='ocrx_word' id='word_1_742' title='bbox 1720 4824 1815 4878; x_wconf 72' lang='grc' dir='ltr'><strong>καὶ</strong></span> 
     </span>
    </p>
   </div>
   <div class='ocr_carea' id='block_1_98' title="bbox 243 4913 1816 4998">
    <p class='ocr_par' dir='ltr' id='par_1_98' title="bbox 243 4913 1816 4998">
     <span class='ocr_line' id='line_1_99' title="bbox 243 4913 1816 4998; baseline -0.009 -19"><span class='ocrx_word' id='word_1_743' title='bbox 243 4926 275 4995; x_wconf 86' lang='grc' dir='ltr'><strong>ή</strong></span> <span class='ocrx_word' id='word_1_744' title='bbox 300 4926 430 4998; x_wconf 80' lang='grc' dir='ltr'>γυνὴ</span> <span class='ocrx_word' id='word_1_745' title='bbox 460 4928 494 4998; x_wconf 81' lang='grc' dir='ltr'><strong>ή</strong></span> <span class='ocrx_word' id='word_1_746' title='bbox 518 4924 861 4998; x_wconf 72' lang='grc' dir='ltr'>προλαϐοῦσα</span> <span class='ocrx_word' id='word_1_747' title='bbox 883 4923 973 4976; x_wconf 72' lang='grc' dir='ltr'>τὸν</span> <span class='ocrx_word' id='word_1_748' title='bbox 998 4921 1164 4992; x_wconf 78' lang='grc' dir='ltr'>ἄνδρα</span> <span class='ocrx_word' id='word_1_749' title='bbox 1190 4917 1280 4972; x_wconf 77' lang='grc' dir='ltr'>διὰ</span> <span class='ocrx_word' id='word_1_750' title='bbox 1304 4920 1405 4986; x_wconf 81' lang='grc' dir='ltr'><strong>τῆς</strong></span> <span class='ocrx_word' id='word_1_751' title='bbox 1430 4915 1686 4978; x_wconf 89' lang='grc' dir='ltr'>πίστεως,</span> <span class='ocrx_word' id='word_1_752' title='bbox 1720 4913 1816 4966; x_wconf 75' lang='grc' dir='ltr'><strong>καὶ</strong></span> 
     </span>
    </p>
   </div>
   <div class='ocr_carea' id='block_1_99' title="bbox 244 5003 1819 5087">
    <p class='ocr_par' dir='ltr' id='par_1_99' title="bbox 244 5003 1819 5087">
     <span class='ocr_line' id='line_1_100' title="bbox 244 5003 1819 5087; baseline -0.01 -15"><span class='ocrx_word' id='word_1_753' title='bbox 244 5019 417 5085; x_wconf 79' lang='grc' dir='ltr'>καλῶς</span> <span class='ocrx_word' id='word_1_754' title='bbox 469 5019 627 5072; x_wconf 81' lang='grc' dir='ltr'>τοῦτο</span> <span class='ocrx_word' id='word_1_755' title='bbox 676 5017 981 5087; x_wconf 84' lang='grc' dir='ltr'>ποιήσασα,</span> <span class='ocrx_word' id='word_1_756' title='bbox 1036 5013 1124 5065; x_wconf 82' lang='grc' dir='ltr'>ἵνα</span> <span class='ocrx_word' id='word_1_757' title='bbox 1158 5010 1247 5065; x_wconf 81' lang='grc' dir='ltr'>διὰ</span> <span class='ocrx_word' id='word_1_758' title='bbox 1295 5007 1390 5062; x_wconf 82' lang='grc' dir='ltr'>τοῦ</span> <span class='ocrx_word' id='word_1_759' title='bbox 1442 5003 1819 5075; x_wconf 81' lang='grc' dir='ltr'>κατάρξασθαι</span> 
     </span>
    </p>
   </div>
   <div class='ocr_carea' id='block_1_100' title="bbox 245 5100 1818 5183">
    <p class='ocr_par' dir='ltr' id='par_1_100' title="bbox 245 5100 1818 5183">
     <span class='ocr_line' id='line_1_101' title="bbox 245 5100 1818 5183; baseline -0.007 -20"><span class='ocrx_word' id='word_1_760' title='bbox 245 5112 375 5183; x_wconf 70' lang='grc' dir='ltr'>πρὸς</span> <span class='ocrx_word' id='word_1_761' title='bbox 406 5112 467 5166; x_wconf 83' lang='grc' dir='ltr'>τὺ</span> <span class='ocrx_word' id='word_1_762' title='bbox 494 5110 696 5181; x_wconf 83' lang='grc' dir='ltr'>ἀγαθὸν</span> <span class='ocrx_word' id='word_1_763' title='bbox 725 5109 853 5179; x_wconf 74' lang='grc' dir='ltr'>περὶ</span> <span class='ocrx_word' id='word_1_764' title='bbox 882 5108 981 5177; x_wconf 81' lang='grc' dir='ltr'>τῆς</span> <span class='ocrx_word' id='word_1_765' title='bbox 1002 5105 1098 5160; x_wconf 82' lang='grc' dir='ltr'>τοῦ</span> <span class='ocrx_word' id='word_1_766' title='bbox 1130 5102 1302 5159; x_wconf 78' lang='grc' dir='ltr'>κακοῦ</span> <span class='ocrx_word' id='word_1_767' title='bbox 1331 5102 1509 5161; x_wconf 73' lang='grc' dir='ltr'>αἰτίας</span> <span class='ocrx_word' id='word_1_768' title='bbox 1544 5100 1818 5171; x_wconf 83' lang='grc' dir='ltr'>ἀπολογή-</span> 
     </span>
    </p>
   </div>
   <div class='ocr_carea' id='block_1_101' title="bbox 249 5193 1819 5272">
    <p class='ocr_par' dir='ltr' id='par_1_101' title="bbox 249 5193 1819 5272">
     <span class='ocr_line' id='line_1_102' title="bbox 249 5193 1819 5272; baseline -0.006 -17"><span class='ocrx_word' id='word_1_769' title='bbox 249 5219 421 5272; x_wconf 64' lang='lat' dir='ltr'><strong>equi.</strong></span> <span class='ocrx_word' id='word_1_770' title='bbox 470 5203 537 5256; x_wconf 88' lang='grc' dir='ltr'><strong>Τί</strong></span> <span class='ocrx_word' id='word_1_771' title='bbox 564 5198 656 5256; x_wconf 81' lang='grc' dir='ltr'><strong>οὖν</strong></span> <span class='ocrx_word' id='word_1_772' title='bbox 680 5203 793 5253; x_wconf 78' lang='grc' dir='ltr'>ἐστι</span> <span class='ocrx_word' id='word_1_773' title='bbox 822 5200 882 5253; x_wconf 80' lang='grc' dir='ltr'>τὸ</span> <span class='ocrx_word' id='word_1_774' title='bbox 906 5202 1005 5271; x_wconf 84' lang='grc' dir='ltr'>τῆς</span> <span class='ocrx_word' id='word_1_775' title='bbox 1034 5196 1291 5267; x_wconf 81' lang='grc' dir='ltr'>γυναικὸς</span> <span class='ocrx_word' id='word_1_776' title='bbox 1310 5194 1669 5265; x_wconf 80' lang='grc' dir='ltr'>Εὐαγγέλιον;</span> <span class='ocrx_word' id='word_1_777' title='bbox 1705 5193 1819 5245; x_wconf 84' lang='grc' dir='ltr'><strong>Ὀν·</strong></span> 
     </span>
    </p>
   </div>
   <div class='ocr_carea' id='block_1_102' title="bbox 247 5282 1821 5366">
    <p class='ocr_par' dir='ltr' id='par_1_102' title="bbox 247 5282 1821 5366">
     <span class='ocr_line' id='line_1_103' title="bbox 247 5282 1821 5366; baseline -0.008 -19"><span class='ocrx_word' id='word_1_778' title='bbox 247 5312 348 5358; x_wconf 78' lang='grc' dir='ltr'><strong>τως</strong></span> <span class='ocrx_word' id='word_1_779' title='bbox 382 5299 482 5349; x_wconf 75' lang='grc' dir='ltr'><strong>οὐκ</strong></span> <span class='ocrx_word' id='word_1_780' title='bbox 517 5296 577 5362; x_wconf 79' lang='grc' dir='ltr'><strong>ἐξ</strong></span> <span class='ocrx_word' id='word_1_781' title='bbox 610 5292 936 5366; x_wconf 83' lang='grc' dir='ltr'>ἀνθρώπων,</span> <span class='ocrx_word' id='word_1_782' title='bbox 959 5290 1079 5346; x_wconf 76' lang='grc' dir='ltr'>οὐδὲ</span> <span class='ocrx_word' id='word_1_783' title='bbox 1108 5290 1176 5345; x_wconf 86' lang='grc' dir='ltr'>δι’</span> <span class='ocrx_word' id='word_1_784' title='bbox 1212 5285 1536 5360; x_wconf 83' lang='grc' dir='ltr'>ἀνθρώπων,</span> <span class='ocrx_word' id='word_1_785' title='bbox 1562 5283 1698 5339; x_wconf 81' lang='grc' dir='ltr'>ἀλλὰ</span> <span class='ocrx_word' id='word_1_786' title='bbox 1733 5282 1821 5336; x_wconf 87' lang='grc' dir='ltr'><strong>διά</strong></span> 
     </span>
    </p>
   </div>
   <div class='ocr_carea' id='block_1_103' title="bbox 260 5372 1819 5456">
    <p class='ocr_par' dir='ltr' id='par_1_103' title="bbox 260 5372 1819 5456">
     <span class='ocr_line' id='line_1_104' title="bbox 260 5372 1819 5456; baseline -0.006 -18"><span class='ocrx_word' id='word_1_787' title='bbox 260 5385 431 5456; x_wconf 78' lang='grc' dir='ltr'><strong>Ἰησοῦ</strong></span> <span class='ocrx_word' id='word_1_788' title='bbox 466 5384 727 5456; x_wconf 81' lang='grc' dir='ltr'>Χριστοῦ.</span> <span class='ocrx_word' id='word_1_789' title='bbox 782 5386 981 5439; x_wconf 79' lang='grc' dir='ltr'>’Λκουε</span> <span class='ocrx_word' id='word_1_790' title='bbox 1024 5383 1155 5455; x_wconf 82' lang='grc' dir='ltr'>γὰρ,</span> <span class='ocrx_word' id='word_1_791' title='bbox 1200 5379 1386 5450; x_wconf 78' lang='grc' dir='ltr'>φησὶν,</span> <span class='ocrx_word' id='word_1_792' title='bbox 1430 5377 1458 5432; x_wconf 88' lang='grc' dir='ltr'><strong>ὃ</strong></span> <span class='ocrx_word' id='word_1_793' title='bbox 1504 5372 1819 5430; x_wconf 76' lang='grc' dir='ltr'>ἐντέταλται</span> 
     </span>
    </p>
   </div>
   <div class='ocr_carea' id='block_1_104' title="bbox 254 5465 1819 5549">
    <p class='ocr_par' dir='ltr' id='par_1_104' title="bbox 254 5465 1819 5549">
     <span class='ocr_line' id='line_1_105' title="bbox 254 5465 1819 5549; baseline -0.019 -3"><span class='ocrx_word' id='word_1_794' title='bbox 254 5478 378 5546; x_wconf 64' lang='grc' dir='ltr'>ἡμῖν</span> <span class='ocrx_word' id='word_1_795' title='bbox 403 5479 431 5529; x_wconf 75' lang='grc' dir='ltr'>ὁ</span> <span class='ocrx_word' id='word_1_796' title='bbox 464 5478 666 5549; x_wconf 81' lang='grc' dir='ltr'>Κύριος</span> <span class='ocrx_word' id='word_1_797' title='bbox 698 5478 833 5549; x_wconf 77' lang='grc' dir='ltr'>πρὸς</span> <span class='ocrx_word' id='word_1_798' title='bbox 860 5477 1004 5546; x_wconf 78' lang='grc' dir='ltr'>ὑμᾶς</span> <span class='ocrx_word' id='word_1_799' title='bbox 1029 5475 1225 5537; x_wconf 86' lang='grc' dir='ltr'>εἰπεῖν,</span> <span class='ocrx_word' id='word_1_800' title='bbox 1250 5471 1394 5542; x_wconf 79' lang='grc' dir='ltr'>ὑμᾶς</span> <span class='ocrx_word' id='word_1_801' title='bbox 1422 5467 1518 5531; x_wconf 79' lang='grc' dir='ltr'><strong>οὒς</strong></span> <span class='ocrx_word' id='word_1_802' title='bbox 1546 5467 1641 5521; x_wconf 72' lang='grc' dir='ltr'><strong>καὶ</strong></span> <span class='ocrx_word' id='word_1_803' title='bbox 1665 5465 1819 5520; x_wconf 83' lang='grc' dir='ltr'>ἀδελ-</span> 
     </span>
    </p>
   </div>
   <div class='ocr_carea' id='block_1_105' title="bbox 254 5554 1825 5641">
    <p class='ocr_par' dir='ltr' id='par_1_105' title="bbox 254 5554 1825 5641">
     <span class='ocr_line' id='line_1_106' title="bbox 254 5554 1825 5641; baseline -0.012 -15"><span class='ocrx_word' id='word_1_804' title='bbox 254 5571 380 5636; x_wconf 73' lang='grc' dir='ltr'>εροὺς</span> <span class='ocrx_word' id='word_1_805' title='bbox 412 5569 577 5625; x_wconf 83' lang='grc' dir='ltr'>αὐτοῦ</span> <span class='ocrx_word' id='word_1_806' title='bbox 614 5566 1010 5641; x_wconf 79' lang='grc' dir='ltr'>κατονομάζει,</span> <span class='ocrx_word' id='word_1_807' title='bbox 1044 5567 1127 5622; x_wconf 83' lang='grc' dir='ltr'>ὅτι</span> <span class='ocrx_word' id='word_1_808' title='bbox 1159 5562 1488 5632; x_wconf 79' lang='grc' dir='ltr'>Πορεὺομαι</span> <span class='ocrx_word' id='word_1_809' title='bbox 1525 5557 1676 5626; x_wconf 79' lang='grc' dir='ltr'>πρὸς</span> <span class='ocrx_word' id='word_1_810' title='bbox 1718 5554 1825 5609; x_wconf 77' lang='grc' dir='ltr'><strong>τὸν</strong></span> 
     </span>
    </p>
   </div>
   <div class='ocr_carea' id='block_1_106' title="bbox 1912 4520 3496 4609">
    <p class='ocr_par' dir='ltr' id='par_1_106' title="bbox 1912 4520 3496 4609">
     <span class='ocr_line' id='line_1_107' title="bbox 1912 4520 3496 4609; baseline -0.017 -8"><span class='ocrx_word' id='word_1_811' title='bbox 1912 4548 2063 4609; x_wconf 91' lang='lat' dir='ltr'><strong>bum,</strong></span> <span class='ocrx_word' id='word_1_812' title='bbox 2096 4543 2199 4597; x_wconf 78' lang='lat' dir='ltr'><strong>[ide</strong></span> <span class='ocrx_word' id='word_1_813' title='bbox 2232 4535 2621 4607; x_wconf 87' lang='lat' dir='ltr'><strong>conceperitis,</strong></span> <span class='ocrx_word' id='word_1_814' title='bbox 2659 4543 2791 4588; x_wconf 87' lang='lat' dir='ltr'><strong>tunc</strong></span> <span class='ocrx_word' id='word_1_815' title='bbox 2819 4544 2926 4593; x_wconf 89' lang='lat' dir='ltr'><strong>me,</strong></span> <span class='ocrx_word' id='word_1_816' title='bbox 2981 4542 3091 4583; x_wconf 90' lang='lat' dir='ltr'><strong>non</strong></span> <span class='ocrx_word' id='word_1_817' title='bbox 3130 4531 3313 4580; x_wconf 87' lang='lat' dir='ltr'><strong>autem</strong></span> <span class='ocrx_word' id='word_1_818' title='bbox 3363 4520 3496 4577; x_wconf 86' lang='lat' dir='ltr'><strong>sim—</strong></span> 
     </span>
    </p>
   </div>
   <div class='ocr_carea' id='block_1_107' title="bbox 1914 4614 3495 4712">
    <p class='ocr_par' dir='ltr' id='par_1_107' title="bbox 1914 4614 3495 4712">
     <span class='ocr_line' id='line_1_108' title="bbox 1914 4614 3495 4712; baseline -0.017 -17"><span class='ocrx_word' id='word_1_819' title='bbox 1914 4641 2107 4712; x_wconf 89' lang='lat' dir='ltr'><strong>plicem</strong></span> <span class='ocrx_word' id='word_1_820' title='bbox 2137 4632 2562 4694; x_wconf 84' lang='lat' dir='ltr'><strong>scrvil&#39;ormam,</strong></span> <span class='ocrx_word' id='word_1_821' title='bbox 2605 4619 2891 4694; x_wconf 66' lang='lat' dir='ltr'><strong>adoretis]</strong></span> <span class='ocrx_word' id='word_1_822' title='bbox 2943 4617 3244 4674; x_wconf 82' lang='lat' dir='ltr'><strong>Audiamus</strong></span> <span class='ocrx_word' id='word_1_823' title='bbox 3290 4614 3495 4669; x_wconf 88' lang='lat' dir='ltr'><strong>bonum</strong></span> 
     </span>
    </p>
   </div>
   <div class='ocr_carea' id='block_1_108' title="bbox 1915 4700 3495 4795">
    <p class='ocr_par' dir='ltr' id='par_1_108' title="bbox 1915 4700 3495 4795">
     <span class='ocr_line' id='line_1_109' title="bbox 1915 4700 3495 4795; baseline -0.02 -10"><span class='ocrx_word' id='word_1_824' title='bbox 1915 4700 2194 4789; x_wconf 74' lang='lat' dir='ltr'><strong>nuntium,</strong></span> <span class='ocrx_word' id='word_1_825' title='bbox 2225 4735 2390 4795; x_wconf 90' lang='lat' dir='ltr'><strong>quem</strong></span> <span class='ocrx_word' id='word_1_826' title='bbox 2421 4718 2581 4774; x_wconf 90' lang='lat' dir='ltr'><strong>nobis</strong></span> <span class='ocrx_word' id='word_1_827' title='bbox 2607 4714 2804 4771; x_wconf 88' lang='lat' dir='ltr'><strong>mulier</strong></span> <span class='ocrx_word' id='word_1_828' title='bbox 2831 4709 3009 4773; x_wconf 85' lang='lat' dir='ltr'><strong>all‘crt,</strong></span> <span class='ocrx_word' id='word_1_829' title='bbox 3041 4721 3164 4778; x_wconf 68' lang='lat' dir='ltr'><strong>qua:</strong></span> <span class='ocrx_word' id='word_1_830' title='bbox 3197 4703 3302 4758; x_wconf 87' lang='lat' dir='ltr'><strong>ﬁde</strong></span> <span class='ocrx_word' id='word_1_831' title='bbox 3324 4700 3495 4771; x_wconf 91' lang='lat' dir='ltr'><strong>prior,</strong></span> 
     </span>
    </p>
   </div>
   <div class='ocr_carea' id='block_1_109' title="bbox 1914 4792 3498 4893">
    <p class='ocr_par' dir='ltr' id='par_1_109' title="bbox 1914 4792 3498 4893">
     <span class='ocr_line' id='line_1_110' title="bbox 1914 4792 3498 4893; baseline -0.019 -16"><span class='ocrx_word' id='word_1_832' title='bbox 1914 4836 2077 4893; x_wconf 88' lang='lat' dir='ltr'><strong>quam</strong></span> <span class='ocrx_word' id='word_1_833' title='bbox 2108 4818 2213 4885; x_wconf 89' lang='lat' dir='ltr'><strong>vir,</strong></span> <span class='ocrx_word' id='word_1_834' title='bbox 2242 4792 2481 4875; x_wconf 80' lang='lat' dir='ltr'><strong>accedit,</strong></span> <span class='ocrx_word' id='word_1_835' title='bbox 2515 4825 2580 4864; x_wconf 91' lang='lat' dir='ltr'><strong>ac</strong></span> <span class='ocrx_word' id='word_1_836' title='bbox 2609 4805 2807 4863; x_wconf 87' lang='lat' dir='ltr'><strong>merito</strong></span> <span class='ocrx_word' id='word_1_837' title='bbox 2835 4801 3077 4874; x_wconf 88' lang='lat' dir='ltr'><strong>quidem,</strong></span> <span class='ocrx_word' id='word_1_838' title='bbox 3102 4805 3162 4853; x_wconf 93' lang='lat' dir='ltr'><strong>ut</strong></span> <span class='ocrx_word' id='word_1_839' title='bbox 3220 4792 3498 4863; x_wconf 88' lang='lat' dir='ltr'><strong>incipiens</strong></span> 
     </span>
    </p>
   </div>
   <div class='ocr_carea' id='block_1_110' title="bbox 1918 4882 3499 4982">
    <p class='ocr_par' dir='ltr' id='par_1_110' title="bbox 1918 4882 3499 4982">
     <span class='ocr_line' id='line_1_111' title="bbox 1918 4882 3499 4982; baseline -0.021 -16"><span class='ocrx_word' id='word_1_840' title='bbox 1918 4882 2034 4982; x_wconf 71' lang='lat' dir='ltr'><strong>ipsa</strong></span> <span class='ocrx_word' id='word_1_841' title='bbox 2062 4908 2129 4963; x_wconf 90' lang='lat' dir='ltr'><strong>ad</strong></span> <span class='ocrx_word' id='word_1_842' title='bbox 2160 4882 2360 4961; x_wconf 87' lang='lat' dir='ltr'><strong>bonum</strong></span> <span class='ocrx_word' id='word_1_843' title='bbox 2402 4915 2651 4964; x_wconf 89' lang='lat' dir='ltr'><strong>currere,</strong></span> <span class='ocrx_word' id='word_1_844' title='bbox 2674 4896 2850 4951; x_wconf 85' lang='lat' dir='ltr'><strong>diluat</strong></span> <span class='ocrx_word' id='word_1_845' title='bbox 2876 4891 3111 4953; x_wconf 85' lang='lat' dir='ltr'><strong>crimen,</strong></span> <span class='ocrx_word' id='word_1_846' title='bbox 3153 4887 3210 4942; x_wconf 91' lang='lat' dir='ltr'><strong>in</strong></span> <span class='ocrx_word' id='word_1_847' title='bbox 3237 4882 3386 4955; x_wconf 91' lang='lat' dir='ltr'><strong>quod</strong></span> <span class='ocrx_word' id='word_1_848' title='bbox 3410 4883 3499 4936; x_wconf 84' lang='lat' dir='ltr'><strong>in-</strong></span> 
     </span>
    </p>
   </div>
   <div class='ocr_carea' id='block_1_111' title="bbox 1918 4973 3499 5064">
    <p class='ocr_par' dir='ltr' id='par_1_111' title="bbox 1918 4973 3499 5064">
     <span class='ocr_line' id='line_1_112' title="bbox 1918 4973 3499 5064; baseline -0.019 -7"><span class='ocrx_word' id='word_1_849' title='bbox 1918 4973 2078 5064; x_wconf 75' lang='lat' dir='ltr'><strong>cidit,</strong></span> <span class='ocrx_word' id='word_1_850' title='bbox 2121 5014 2244 5054; x_wconf 92' lang='lat' dir='ltr'><strong>cum</strong></span> <span class='ocrx_word' id='word_1_851' title='bbox 2274 5003 2400 5050; x_wconf 85' lang='lat' dir='ltr'><strong>ante</strong></span> <span class='ocrx_word' id='word_1_852' title='bbox 2429 4990 2677 5048; x_wconf 90' lang='lat' dir='ltr'><strong>cucurrit</strong></span> <span class='ocrx_word' id='word_1_853' title='bbox 2706 4987 2773 5042; x_wconf 82' lang='lat' dir='ltr'><strong>ad</strong></span> <span class='ocrx_word' id='word_1_854' title='bbox 2802 4983 3029 5040; x_wconf 87' lang='lat' dir='ltr'><strong>malum.</strong></span> <span class='ocrx_word' id='word_1_855' title='bbox 3062 4975 3288 5049; x_wconf 91' lang='lat' dir='ltr'><strong>Ecquod</strong></span> <span class='ocrx_word' id='word_1_856' title='bbox 3329 4973 3499 5042; x_wconf 88' lang='lat' dir='ltr'><strong>igitur</strong></span> 
     </span>
    </p>
   </div>
   <div class='ocr_carea' id='block_1_112' title="bbox 1920 5062 3499 5151">
    <p class='ocr_par' dir='ltr' id='par_1_112' title="bbox 1920 5062 3499 5151">
     <span class='ocr_line' id='line_1_113' title="bbox 1920 5062 3499 5151; baseline -0.02 -1"><span class='ocrx_word' id='word_1_857' title='bbox 1920 5101 2005 5151; x_wconf 91' lang='lat' dir='ltr'><strong>est</strong></span> <span class='ocrx_word' id='word_1_858' title='bbox 2033 5092 2139 5146; x_wconf 91' lang='lat' dir='ltr'><strong>hoc</strong></span> <span class='ocrx_word' id='word_1_859' title='bbox 2162 5087 2412 5143; x_wconf 90' lang='lat' dir='ltr'><strong>mulieris</strong></span> <span class='ocrx_word' id='word_1_860' title='bbox 2461 5073 2857 5151; x_wconf 75' lang='lat' dir='ltr'><strong>Evangelium?</strong></span> <span class='ocrx_word' id='word_1_861' title='bbox 2898 5073 3018 5129; x_wconf 84' lang='lat' dir='ltr'><strong>Non</strong></span> <span class='ocrx_word' id='word_1_862' title='bbox 3064 5085 3130 5124; x_wconf 80' lang='lat' dir='ltr'><strong>ex</strong></span> <span class='ocrx_word' id='word_1_863' title='bbox 3181 5062 3499 5123; x_wconf 87' lang='lat' dir='ltr'><strong>hominibus</strong></span> 
     </span>
    </p>
   </div>
   <div class='ocr_carea' id='block_1_113' title="bbox 1922 5152 3500 5259">
    <p class='ocr_par' dir='ltr' id='par_1_113' title="bbox 1922 5152 3500 5259">
     <span class='ocr_line' id='line_1_114' title="bbox 1922 5152 3500 5259; baseline -0.023 -18"><span class='ocrx_word' id='word_1_864' title='bbox 1922 5183 2190 5259; x_wconf 82' lang='lat' dir='ltr'><strong>profecto,</strong></span> <span class='ocrx_word' id='word_1_865' title='bbox 2227 5192 2407 5247; x_wconf 89' lang='lat' dir='ltr'><strong>neque</strong></span> <span class='ocrx_word' id='word_1_866' title='bbox 2440 5159 2537 5245; x_wconf 76' lang='lat' dir='ltr'><strong>per</strong></span> <span class='ocrx_word' id='word_1_867' title='bbox 2564 5168 2837 5231; x_wconf 87' lang='lat' dir='ltr'><strong>homines,</strong></span> <span class='ocrx_word' id='word_1_868' title='bbox 2881 5162 2975 5218; x_wconf 87' lang='lat' dir='ltr'><strong>sed</strong></span> <span class='ocrx_word' id='word_1_869' title='bbox 3002 5174 3100 5232; x_wconf 89' lang='lat' dir='ltr'><strong>per</strong></span> <span class='ocrx_word' id='word_1_870' title='bbox 3133 5155 3319 5213; x_wconf 70' lang='lat' dir='ltr'><strong>Iesum</strong></span> <span class='ocrx_word' id='word_1_871' title='bbox 3337 5152 3500 5207; x_wconf 79' lang='lat' dir='ltr'><strong>Chri-</strong></span> 
     </span>
    </p>
   </div>
   <div class='ocr_carea' id='block_1_114' title="bbox 1926 5251 3501 5336">
    <p class='ocr_par' dir='ltr' id='par_1_114' title="bbox 1926 5251 3501 5336">
     <span class='ocr_line' id='line_1_115' title="bbox 1926 5251 3501 5336; baseline -0.022 -4"><span class='ocrx_word' id='word_1_872' title='bbox 1926 5251 2099 5334; x_wconf 74' lang='lat' dir='ltr'><strong>stum.</strong></span> <span class='ocrx_word' id='word_1_873' title='bbox 2138 5271 2359 5333; x_wconf 80' lang='lat' dir='ltr'><strong>Audite,</strong></span> <span class='ocrx_word' id='word_1_874' title='bbox 2397 5263 2597 5336; x_wconf 86' lang='lat' dir='ltr'><strong>inquit,</strong></span> <span class='ocrx_word' id='word_1_875' title='bbox 2631 5257 2777 5331; x_wconf 85' lang='lat' dir='ltr'><strong>quod</strong></span> <span class='ocrx_word' id='word_1_876' title='bbox 2816 5255 2947 5311; x_wconf 90' lang='lat' dir='ltr'><strong>mihi</strong></span> <span class='ocrx_word' id='word_1_877' title='bbox 2984 5251 3269 5315; x_wconf 85' lang='lat' dir='ltr'><strong>Dominus,</strong></span> <span class='ocrx_word' id='word_1_878' title='bbox 3301 5254 3363 5302; x_wconf 90' lang='lat' dir='ltr'><strong>ut</strong></span> <span class='ocrx_word' id='word_1_879' title='bbox 3401 5258 3501 5300; x_wconf 82' lang='lat' dir='ltr'><strong>vo-</strong></span> 
     </span>
    </p>
   </div>
   <div class='ocr_carea' id='block_1_115' title="bbox 1928 5338 3502 5436">
    <p class='ocr_par' dir='ltr' id='par_1_115' title="bbox 1928 5338 3502 5436">
     <span class='ocr_line' id='line_1_116' title="bbox 1928 5338 3502 5436; baseline -0.022 -11"><span class='ocrx_word' id='word_1_880' title='bbox 1928 5369 2015 5425; x_wconf 89' lang='lat' dir='ltr'><strong>bis</strong></span> <span class='ocrx_word' id='word_1_881' title='bbox 2051 5380 2191 5436; x_wconf 89' lang='lat' dir='ltr'><strong>qnos</strong></span> <span class='ocrx_word' id='word_1_882' title='bbox 2236 5361 2433 5416; x_wconf 81' lang='lat' dir='ltr'><strong>fratres</strong></span> <span class='ocrx_word' id='word_1_883' title='bbox 2464 5356 2629 5411; x_wconf 89' lang='lat' dir='ltr'><strong>etiam</strong></span> <span class='ocrx_word' id='word_1_884' title='bbox 2683 5349 2951 5414; x_wconf 86' lang='lat' dir='ltr'><strong>nominat,</strong></span> <span class='ocrx_word' id='word_1_885' title='bbox 3003 5342 3333 5403; x_wconf 89' lang='lat' dir='ltr'><strong>nuntiarem,</strong></span> <span class='ocrx_word' id='word_1_886' title='bbox 3382 5338 3502 5409; x_wconf 82' lang='lat' dir='ltr'><strong>ipse</strong></span> 
     </span>
    </p>
   </div>
   <div class='ocr_carea' id='block_1_116' title="bbox 1928 5436 3502 5519">
    <p class='ocr_par' dir='ltr' id='par_1_116' title="bbox 1928 5436 3502 5519">
     <span class='ocr_line' id='line_1_117' title="bbox 1928 5436 3502 5519; baseline -0.022 -4"><span class='ocrx_word' id='word_1_887' title='bbox 1928 5456 2229 5514; x_wconf 83' lang='lat' dir='ltr'><strong>mandavit.</strong></span> <span class='ocrx_word' id='word_1_888' title='bbox 2275 5447 2539 5515; x_wconf 76' lang='lat' dir='ltr'><strong>Ascendo,</strong></span> <span class='ocrx_word' id='word_1_889' title='bbox 2588 5443 2788 5519; x_wconf 87' lang='lat' dir='ltr'><strong>inquit,</strong></span> <span class='ocrx_word' id='word_1_890' title='bbox 2834 5438 2903 5493; x_wconf 85' lang='lat' dir='ltr'><strong>ad</strong></span> <span class='ocrx_word' id='word_1_891' title='bbox 2956 5437 3175 5491; x_wconf 81' lang='lat' dir='ltr'><strong>Patrem</strong></span> <span class='ocrx_word' id='word_1_892' title='bbox 3217 5445 3414 5495; x_wconf 78' lang='lat' dir='ltr'><strong>meum,</strong></span> <span class='ocrx_word' id='word_1_893' title='bbox 3449 5436 3502 5483; x_wconf 77' lang='lat' dir='ltr'><strong>et</strong></span> 
     </span>
    </p>
   </div>
   <div class='ocr_carea' id='block_1_117' title="bbox 1926 5518 3499 5608">
    <p class='ocr_par' dir='ltr' id='par_1_117' title="bbox 1926 5518 3499 5608">
     <span class='ocr_line' id='line_1_118' title="bbox 1926 5518 3499 5608; baseline -0.02 -3"><span class='ocrx_word' id='word_1_894' title='bbox 1926 5550 2141 5605; x_wconf 81' lang='lat' dir='ltr'><strong>Patrem</strong></span> <span class='ocrx_word' id='word_1_895' title='bbox 2184 5554 2434 5608; x_wconf 79' lang='lat' dir='ltr'><strong>vestrum,</strong></span> <span class='ocrx_word' id='word_1_896' title='bbox 2468 5538 2635 5594; x_wconf 88' lang='lat' dir='ltr'><strong>Deum</strong></span> <span class='ocrx_word' id='word_1_897' title='bbox 2666 5548 2858 5595; x_wconf 82' lang='lat' dir='ltr'><strong>meum,</strong></span> <span class='ocrx_word' id='word_1_898' title='bbox 2888 5537 2937 5586; x_wconf 86' lang='lat' dir='ltr'><strong>et</strong></span> <span class='ocrx_word' id='word_1_899' title='bbox 2978 5527 3146 5583; x_wconf 83' lang='lat' dir='ltr'><strong>Deum</strong></span> <span class='ocrx_word' id='word_1_900' title='bbox 3175 5534 3401 5579; x_wconf 77' lang='lat' dir='ltr'><strong>vestrum</strong></span> <span class='ocrx_word' id='word_1_901' title='bbox 3432 5518 3499 5572; x_wconf 84' lang='lat'><strong>“.</strong></span> 
     </span>
    </p>
   </div>
   <div class='ocr_carea' id='block_1_118' title="bbox 327 5701 1785 5821">
    <p class='ocr_par' dir='ltr' id='par_1_118' title="bbox 327 5739 1784 5821">
     <span class='ocr_line' id='line_1_119' title="bbox 327 5739 1784 5821; baseline -0.012 -9"><span class='ocrx_word' id='word_1_902' title='bbox 327 5756 371 5786; x_wconf 83' lang='grc'><strong>⁵⁸</strong></span> <span class='ocrx_word' id='word_1_903' title='bbox 400 5756 421 5809; x_wconf 84' lang='grc' dir='ltr'><strong>ι</strong></span> <span class='ocrx_word' id='word_1_904' title='bbox 459 5755 585 5810; x_wconf 82' lang='lat' dir='ltr'><strong>Cor.</strong></span> <span class='ocrx_word' id='word_1_905' title='bbox 622 5770 715 5821; x_wconf 84' lang='lat' dir='ltr'><strong>vn,</strong></span> <span class='ocrx_word' id='word_1_906' title='bbox 744 5751 833 5808; x_wconf 77' lang='lat'><strong>5|.</strong></span> <span class='ocrx_word' id='word_1_907' title='bbox 910 5752 952 5784; x_wconf 76' lang='grc'><strong>⁸⁷</strong></span> <span class='ocrx_word' id='word_1_908' title='bbox 984 5750 1174 5806; x_wconf 79' lang='lat' dir='ltr'><strong>Matth.</strong></span> <span class='ocrx_word' id='word_1_909' title='bbox 1207 5765 1259 5814; x_wconf 85' lang='lat' dir='ltr'><strong>v,</strong></span> <span class='ocrx_word' id='word_1_910' title='bbox 1300 5745 1384 5801; x_wconf 89' lang='lat' dir='ltr'><strong>I8.</strong></span> <span class='ocrx_word' id='word_1_911' title='bbox 1462 5743 1509 5775; x_wconf 83' lang='grc'><strong><em>³³</em></strong></span> <span class='ocrx_word' id='word_1_912' title='bbox 1538 5741 1555 5796; x_wconf 91' lang='lat' dir='ltr'><strong>I</strong></span> <span class='ocrx_word' id='word_1_913' title='bbox 1590 5739 1715 5797; x_wconf 85' lang='lat' dir='ltr'><strong>Cor.</strong></span> <span class='ocrx_word' id='word_1_914' title='bbox 1753 5755 1784 5794; x_wconf 73' lang='grc' dir='ltr'>χ</span> 
     </span>
    </p>
   </div>
   <div class='ocr_carea' id='block_1_119' title="bbox 1885 5701 3361 5821">
    <p class='ocr_par' dir='ltr' id='par_1_119' title="bbox 1885 5701 3361 5789">
     <span class='ocr_line' id='line_1_120' title="bbox 1885 5701 3361 5789; baseline -0.023 1"><span class='ocrx_word' id='word_1_915' title='bbox 1885 5734 1971 5789; x_wconf 77' lang='grc' dir='ltr'><strong>Ξ3.</strong></span> <span class='ocrx_word' id='word_1_916' title='bbox 2048 5732 2093 5764; x_wconf 75' lang='grc'><strong>⁸³</strong></span> <span class='ocrx_word' id='word_1_917' title='bbox 2128 5728 2146 5784; x_wconf 94' lang='lat' dir='ltr'><strong>l</strong></span> <span class='ocrx_word' id='word_1_918' title='bbox 2178 5726 2309 5783; x_wconf 85' lang='lat' dir='ltr'><strong>Cor.</strong></span> <span class='ocrx_word' id='word_1_919' title='bbox 2343 5740 2420 5788; x_wconf 65' lang='grc' dir='ltr'><strong>τι,</strong></span> <span class='ocrx_word' id='word_1_920' title='bbox 2449 5720 2539 5775; x_wconf 75' lang='lat'><strong>‘28.</strong></span> <span class='ocrx_word' id='word_1_921' title='bbox 2618 5708 3075 5776; x_wconf 70' lang='lat' dir='ltr'><strong>“Joan.n,17.</strong></span> <span class='ocrx_word' id='word_1_922' title='bbox 3152 5705 3196 5739; x_wconf 75' lang='grc'><strong>⁸⁸</strong></span> <span class='ocrx_word' id='word_1_923' title='bbox 3229 5701 3361 5759; x_wconf 87' lang='lat' dir='ltr'><strong>ibid.</strong></span> 
     </span>
    </p>
   </div>
  </div>
