3882 6428
219 376 307 436 6‘29

1072 367 1143 424 IN
1177 369 1462 427 CHRISTI
1499 369 2140 436 RESURRECTIONEM
2178 379 2384 435 ORAT.
2426 379 2485 435 ll.

3343 381 3455 437 630

216 500 309 562 λον,
340 493 446 551 ἀλλ’
470 494 527 547 ἐν
551 489 824 562 διαφόροις
850 489 1253 562 ίστορησάντων
1276 492 1604 562 γεγενῆσθαι
1634 511 1759 548 και-

1876 507 2085 554 terunt.
2124 498 2216 555 Sic
2247 499 2394 554 enim
2434 499 2801 553 contrarietas
2845 507 3014 563 esset,
3051 499 3097 553 si
3134 516 3305 555 unum
3338 499 3452 557 fac»

214 592 314 663 ροῐς
339 606 353 622 σ
386 585 516 641 ἀλλὰ
562 584 663 647 τάς
711 584 977 652 γυναῖκας
1025 581 1273 655 ἔγραψαν
1296 623 1311 649 ,
1354 584 1543 639 ἄλλοτε
1590 585 1768 650 ἄλλως

215 675 677 750 ἑπιπαραγενέσθαι
722 674 803 746 τῷ
844 674 1031 746 τάφῳ,
1062 674 1160 728 καὶ
1207 676 1270 729 οὐ
1312 678 1454 731 κατά
1482 677 1574 731 τὸν
1606 678 1767 733 αὑτὸν

214 769 408 841 καινόν·
441 766 554 831 πιῖις
583 766 697 837 γάρ
725 769 823 829 τὰς
859 765 1131 837 διαφόρως
1164 766 1426 831 ἐλθούσας
1448 808 1464 833 ,
1501 768 1683 833 πάσας
1710 770 1768 823 δὲ

209 865 385 938 ὁμοίως
406 860 693 932 ἀκηκοέναι
720 859 872 931 παρά
894 859 1003 913 τῶν
1027 858 1276 928 ἀγγέλων
1303 862 1434 932 περὶ
1459 860 1553 914 τοῦ
1593 860 1768 932 Σωτῆ-

212 974 315 1030 ρος.
340 956 419 1008 ὅτι
457 949 722 1022 Ἠγέρθη,
753 951 866 1004 οὐκ
891 948 1065 1004 ἐστιν
1090 942 1241 1013 ὧδε,
1273 950 1346 1020 μὴ
1376 951 1770 1021 προστεθέντος

211 1046 288 1102 τοῦ
315 1045 457 1109 πότε;
481 1043 557 1107 ὡς
601 1044 722 1095 κατ’
777 1040 994 1110 ἐκείνην
1047 1039 1146 1111 μὲν
1191 1040 1637 1111 ὁμολογουμένως
1672 1042 1766 1096 καὶ

212 1137 482 1211 συμφώνως
511 1136 610 1207 τὴν
645 1134 796 1188 θείαν
835 1132 1008 1188 νύκτα
1035 1136 1136 1205 τῆς
1174 1133 1525 1197 ἀναστάσεως
1545 1133 1769 1205 γενομέ-

210 1250 320 1303 νης·
378 1229 597 1301 μηδενὸς
643 1228 703 1281 δὲ
753 1227 853 1297 τὴν
890 1224 1041 1296 ὥραν
1094 1224 1578 1296 ἐπισημηναμένου
1604 1265 1619 1286 ,
1666 1227 1766 1298 τὴν

210 1324 352 1378 πᾶσιν
384 1320 679 1389 ἄγνωστον,
716 1317 855 1390 πλὴν
876 1317 973 1371 τοῦ
1004 1316 1335 1382 ἀναστάντος
1364 1316 1521 1377 Θεοῦ.
1555 1318 1648 1371 καὶ
1670 1317 1766 1372 τοῦ

210 1412 396 1484 Πατρὸς
424 1411 517 1465 τοῦ
549 1410 711 1481 μόνου
741 1407 1101 1478 γινώσκοντος
1144 1408 1288 1463 οὕτω
1332 1408 1425 1464 τὸν
1470 1409 1599 1464 Υἰὸν
1624 1450 1640 1477 ,
1689 1409 1767 1475 ὡς

209 1504 349 1568 αὐτὸς
381 1503 646 1571 ἔγνωσται
669 1501 747 1572 τῷ
778 1501 1042 1574 Πατρι....
1069 1502 1183 1556 Καὶ
1202 1500 1297 1556 τοῦ
1330 1501 1647 1574 Πνεύματος
1669 1500 1764 1555 τοῦ

207 1596 361 1652 πάντα
394 1594 722 1666 ἐρευνῶντος
745 1634 759 1657 ,
781 1595 878 1647 καὶ
900 1594 969 1647 τά
994 1592 1134 1665 βάθη
1165 1593 1260 1647 τοῦ
1294 1592 1452 1647 Θεοῦ.
1488 1593 1767 1658 Ματθαῖος

205 1688 296 1758 γὰρ
342 1685 439 1756 ἔφη
494 1685 711 1757 Μαρίαν
750 1684 849 1756 τὴν
886 1684 1251 1755 Μαγδαληνὴν
1305 1685 1402 1739 καὶ
1449 1684 1549 1757 τὴν
1598 1685 1766 1755 ἄλλην

1870 596 2008 651 tum,
2037 604 2145 644 non
2181 590 2236 642 in
2268 603 2377 643 uno
2405 588 2609 658 potius,
2641 589 2734 643 sed
2760 588 2813 642 in
2840 576 3075 644 diversis
3102 590 3454 660 temporibus

1869 679 2137 736 accidisse
2186 681 2495 751 scriptores
2548 682 2830 736 ntemorize
2885 682 3283 751 prodidissent.
3338 682 3449 738 Sed

1870 771 2133 827 mulieres
2168 773 2547 843 scripserunt,
2577 772 2687 826 alio
2726 782 2972 843 tempore
3000 774 3139 830 alias
3166 774 3234 832 ad
3268 776 3453 845 sepul-

1866 879 2022 919 crum
2051 865 2291 929 venisse,
2324 874 2380 922 et
2421 881 2528 922 non
2556 866 2704 921 circa
2735 865 2988 921 eumdem
3018 869 3283 937 temporis
3315 867 3453 921 arti-

1867 958 2076 1023 culum,
2110 958 2407 1029 (quomodo
2439 959 2587 1014 enim
2634 973 2748 1024 eas,
2779 975 2901 1029 qua:
2928 958 3166 1015 diversis
3191 959 3455 1030 tempori-

1865 1047 1969 1104 bus
2004 1051 2339 1125 venerunt?)
2388 1067 2580 1107 omnes
2614 1067 2743 1106 vero
2776 1051 3033 1107 similiter
3062 1051 3343 1109 audivisse
3384 1052 3454 1106 ab

1866 1141 2080 1210 angelis
2108 1140 2177 1196 de
2210 1139 2523 1206 Servatore,
2574 1140 2841 1203 Surrexit,
2869 1156 2972 1194 non
3006 1151 3083 1193 est
3122 1140 3206 1193 hic
3243 1139 3260 1170 ⁸
3293 1156 3305 1193 :
3342 1153 3454 1193 non

1867 1231 2082 1300 adjecto
2136 1233 2376 1303 quando.
2404 1232 2573 1300 Quasi
2607 1232 2660 1287 in
2688 1232 2781 1287 illa
2841 1231 3026 1287 divina
3056 1238 3215 1287 nocte
3245 1230 3456 1299 absque

1866 1322 2271 1387 controversia,
2322 1330 2379 1378 et
2440 1323 2495 1377 in
2530 1323 2634 1378 hoc
2664 1322 2923 1378 omnibus
2981 1320 3457 1377 consentientibus

1867 1413 2202 1467 resurrectio
2258 1412 2477 1483 quidem
2529 1413 2813 1478 acciderit,
2869 1428 3030 1468 nemo
3081 1428 3214 1468 vero
3259 1411 3457 1465 horam

1866 1507 2161 1572 notaverit,
2187 1522 2310 1578 qua:
2362 1506 2619 1561 omnibus
2676 1507 2860 1577 ignota
2890 1514 3030 1569 erat,
3091 1514 3459 1576 praeterquam

1866 1613 1992 1654 cum
2031 1598 2162 1663 Deo,
2224 1599 2319 1669 qui
2365 1598 2689 1661 resurrexit,
2728 1604 2843 1651 tum
2887 1595 3060 1658 Patri,
3088 1597 3180 1666 qui
3203 1595 3356 1651 solus
3382 1594 3461 1648 ita

1867 1693 2050 1746 noscit
2084 1690 2303 1756 Filium,
2355 1699 2415 1745 ut
2467 1691 2585 1760 ipse
2619 1690 2875 1761 cognitus
2913 1698 2997 1744 est
3049 1704 3078 1743 a
3108 1688 3285 1742 Filio:
3340 1695 3458 1740 tum

204 1778 396 1850 Μαρίαν
417 1778 514 1848 ὀψὲ
561 1777 858 1832 Σαϐϐάτων
907 1777 1001 1832 ἐπὶ
1029 1776 1128 1848 τὴν
1154 1775 1284 1831 θέαν
1320 1777 1638 1847 ἐληλυθέναι
1667 1777 1763 1830 τοῦ

1876 1784 2122 1855 Spiritui.
2154 1785 2246 1855 qui
2279 1784 2463 1838 omnia
2492 1791 2795 1848 scrutatur,
2834 1784 2998 1836 etiam
3056 1780 3462 1850 profunditates

201 1870 381 1939 τάφουο
429 1870 654 1938 σεισμόν
700 1886 760 1923 τε
802 1867 1135 1938 γεγενῆσθαι
1170 1868 1345 1939 μέγαν
1371 1884 1385 1899 ο
1432 1868 1665 1938 ἄγγελον
1705 1868 1763 1922 δὲ

1876 1854 1986 1932 Dei.
2016 1854 2299 1931 lliatthmus
2327 1877 2473 1931 enim
2505 1875 2640 1930 dixit
2672 1875 2694 1907 ³
2730 1874 2956 1928 Mariam
2991 1871 3367 1943 Magdalenam
3407 1879 3462 1924 et

201 1959 610 2031 καταϐεϐηκέναι
653 1958 713 2024 ἐξ
742 1958 1011 2031 οὐρανοῦ,
1051 1958 1128 2025 τὸ,
1163 1959 1261 2029 μὲν
1308 1955 1446 2023 εἶδος
1475 1961 1760 2031 ἀστραπῇ,

199 2051 319 2123 χιόνι
342 2052 398 2105 δὲ
419 2053 520 2123 τὴν
548 2052 743 2123 στολὴν
767 2052 1172 2122 παραπλήσιονο
1196 2052 1282 2106 ἵνα
1313 2052 1392 2123 τῷ
1426 2052 1523 2122 μὲν
1547 2052 1764 2124 φοϐερῷ

201 2144 496 2217 καταπλήξῃ
530 2145 659 2207 τοὺς
686 2144 933 2212 φύλακας
976 2144 1048 2213 (οἳ
1078 2144 1169 2197 καὶ
1189 2144 1288 2212 τὴν
1314 2143 1445 2197 θέαν
1472 2145 1575 2198 οὐκ
1606 2146 1763 2213 ἐνεγ-

202 2244 393 2308 κόντες,
440 2240 644 2314 μικροῦ
677 2241 772 2295 καὶ
812 2239 1093 2295 ἀπώλοντο
1145 2240 1512 2302 καταστάντες
1551 2238 1631 2310 τῷ
1653 2240 1763 2294 δὲει

200 2337 406 2402 νεκροὶὶ,
444 2333 522 2405 τῷ
560 2333 771 2406 φαιδρῷ
795 2333 851 2387 δέ
878 2332 1318 2404 προσκαλέσηται
1349 2330 1447 2397 τὰς
1476 2334 1761 2399 γυναῖκας,

200 2427 281 2481 καὶ
304 2432 496 2498 θάρσος
526 2427 807 2498 ἐμποιήσῃ
847 2428 965 2489 ταῖς
997 2425 1097 2495 τὴν
1129 2424 1292 2492 φύσιν
1324 2425 1641 2494 εὐπτοήτοις
1668 2425 1764 2479 καὶ

197 2518 404 2584 δειλαῖς,
437 2521 533 2573 καὶ
579 2518 677 2588 τὴν
715 2519 1008 2572 ἀνάστασιν
1057 2516 1123 2568 δι’
1158 2516 1322 2570 αὑτοῦ
1361 2516 1456 2569 τοῦ
1487 2517 1766 2586 σχήματος

197 2611 466 2683 ἀναγγείλῃ
499 2609 837 2683 περιχαρῶς.
878 2610 1030 2662 Ἐπεὶ
1058 2608 1153 2661 καὶ
1189 2607 1395 2661 τούτων
1451 2607 1613 2680 χάριν
1653 2608 1763 2661 ἀπ·-

196 2697 419 2754 έσταλτο.
434 2700 537 2753 Τὸν
571 2698 681 2770 γὰρ
712 2697 859 2751 λίθον
890 2697 1245 2763 ἀποκυλίσας,
1269 2690 1429 2768 εὗρεν
1458 2698 1765 2768 ἐγηγερμέο

195 2805 272 2841 νον
311 2789 398 2843 τὸν
434 2790 645 2860 Κύριον
668 2830 684 2856 ,
718 2789 1105 2859 κεκλεισμένον
1145 2788 1238 2842 τὸν
1261 2788 1433 2858 τάφον
1457 2828 1473 2853 ,
1520 2789 1614 2842 καὶ
1644 2791 1766 2851 ταῖς

195 2882 433 2950 σφραγῖσι
486 2866 1006 2950 κατησφαλισμένον
1038 2921 1053 2944 ,
1120 2880 1215 2932 καὶ
1264 2883 1331 2951 τῇ
1398 2882 1761 2950 στρατιωτικῇ

196 2972 389 3042 φρουρᾷ
424 2969 853 3040 πεφυλαγμένον
875 3010 889 3035 ,
933 2971 1268 3024 ἀπολιπόντα
1303 2969 1625 3041 θεοπρεπῶς
1645 3011 1660 3036 ,
1706 2969 1766 3024 ὃν

193 3064 371 3134 τρόπον
394 3065 487 3119 καὶ
518 3063 636 3118 τῶν
660 3062 840 3134 θυρῶν
865 3062 1269 3136 κεκλεισμένων
1300 3065 1432 3118 εἴσω
1460 3066 1551 3119 τοῦ
1583 3067 1767 3138 δωμα-

190 3156 294 3210 τίου
321 3157 618 3228 γενόμενος
660 3159 773 3219 τοῖς
828 3156 1099 3228 μαθηταῖς
1145 3157 1495 3228 ἐπεφοίτησε.
1543 3159 1633 3213 Διὸ
1672 3160 1766 3213 καὶ

1871 1970 2034 2023 aliam
2098 1968 2324 2025 Mariam
2368 1968 2580 2038 vesperi
2632 1966 3001 2022 Sahbatornm
3050 1961 3349 2018 venissead
3385 1961 3464 2015 vi-

1869 2062 2107 2119 dendum
2148 2062 2512 2131 sepulcrum:
2566 2066 2726 2115 terra:
2756 2065 2963 2111 motum
3020 2061 3201 2109 autem
3255 2052 3462 2106 factum

1869 2169 1994 2210 esse
2023 2168 2277 2224 magnum
2312 2168 2325 2205 :
2355 2160 2519 2221 atque
2553 2150 2805 2220 angelum
2824 2147 2892 2202 de
2920 2147 3061 2201 cmlo
3088 2142 3463 2206 descendisse.

1870 2246 2032 2315 cujus
2067 2254 2326 2315 aspectus
2359 2245 2576 2314 quidem
2607 2241 2831 2311 fulguri,
2857 2239 2997 2294 stola
3024 2252 3151 2292 vero
3176 2235 3287 2291 nivi
3315 2235 3461 2289 haud

1870 2334 2159 2390 dissimilis
2195 2334 2381 2400 fuerit,
2440 2340 2500 2386 ut
2555 2333 2678 2401 ipso
2734 2328 2968 2385 terribili
3007 2327 3229 2398 quidem
3274 2324 3463 2379 habitu

1869 2426 2324 2498 perterrefacerct
2377 2423 2657 2488 custodes,
2698 2422 2790 2493 qui
2847 2422 3014 2478 etiam
3079 2434 3187 2473 non
3226 2416 3465 2473 ferentes

1870 2518 2161 2583 visionem,
2189 2532 2381 2586 parum
2405 2517 2581 2570 a'hl'uit
2615 2516 2747 2585 quin
2804 2514 3066 2585 perirent,
3099 2510 3299 2567 mortui
3339 2508 3467 2563 facti

1870 2617 2017 2662 metu
2052 2626 2066 2662 :
2094 2608 2335 2663 candore
2375 2624 2505 2663 vero
2538 2609 2794 2662 invitaret
2824 2606 3179 2667 ntulieres,et
3207 2588 3469 2657 ﬁduciam

1871 2697 2123 2767 injiceret
2166 2699 2621 2765 naturaJimidis
2671 2714 2736 2752 ac
2782 2696 3181 2759 formidolosis,
3213 2708 3470 2749 resurre-

1870 2793 2219 2860 etionemque
2253 2805 2350 2859 per
2382 2789 2561 2860 ipsum
2602 2789 2848 2843 habitum
2876 2802 3001 2842 cum
3029 2785 3237 2858 ingenti
3283 2785 3483 2839 latitia

1871 2880 2243 2935 aununtiaret.
2286 2877 2382 2934 llis
2419 2878 2564 2933 enim
2592 2877 2660 2932 de
2693 2878 2876 2932 causis
2907 2878 3114 2933 missus
3155 2883 3295 2930 erat.
3326 2872 3467 2928 Cum

1870 2974 2018 3030 enim
2045 2973 2280 3045 lapidem
2336 2971 2690 3036 revolvisset,
2717 2971 2920 3041 reperit
2941 2969 3315 3025 resurrextisse
3350 2966 3461 3021 Do-

1874 3065 2107 3129 minum,
2160 3064 2425 3134 sepulcro
2450 3063 2596 3134 quod
2629 3063 2825 3134 sigillis
2856 3060 3131 3116 munitum
3165 3058 3366 3121 fuerat,
3404 3070 3478 3111 ac

1875 3156 2131 3228 praesidio
2161 3156 2396 3211 militum
2440 3156 2877 3220 custodiebatur,
2919 3154 3064 3211 sicut
3093 3151 3262 3206 Deum
3308 3153 3470 3204 dece-

191 3246 391 3317 ἔλεγενσ
428 3250 562 3303 Οὐκ
601 3248 777 3302 ἐστιν
813 3241 966 3310 ὧδε,
1007 3248 1148 3302 ἀλλ’
1183 3249 1407 3317 ἠγέρθη
1433 3265 1447 3280 ο
1492 3250 1714 3321 μηνύων
1742 3252 1768 3304 ό

1879 3252 1995 3315 bat,
2028 3250 2219 3304 clauso
2248 3249 2465 3312 relicto,
2516 3247 2977 3319 quemadmodum
3023 3241 3230 3299 clausis
3252 3254 3481 3312 quoque

190 3338 402 3408 ἄγγελος
440 3339 549 3411 τῆς
573 3337 780 3403 οἰκείας
810 3338 1048 3410 ἀφίξεως
1078 3340 1771 3413 προτεθαυματουργῆσθαι

189 3430 278 3500 τὴν
302 3430 396 3485 τοῦ
422 3430 692 3502 Σωτῆρος
717 3430 1034 3494 ἀνάστασιν,
1060 3431 1127 3501 ἢν
1154 3429 1231 3492 ὡς
1259 3430 1393 3491 Θεὸς
1419 3432 1526 3503 ἰδίᾳ
1545 3434 1769 3502 δυνάμει

192 3523 508 3596 πληρώσας,
552 3525 652 3594 τὴν
699 3522 1014 3594 οἰκονομίαν
1062 3523 1367 3594 ἐνήργησεν
1400 3561 1415 3587 ,
1469 3523 1771 3595 ἀγγελικῆς

193 3617 497 3689 συμμαχίας
552 3616 612 3669 οὐ
645 3614 880 3687 δεηθείς.
914 3616 979 3669 Ei.
1010 3614 1121 3686 γὰρ
1153 3614 1315 3669 τοῦτο
1364 3616 1439 3688 μὴ
1477 3612 1545 3688 ἦν
1566 3656 1580 3680 ,
1614 3611 1769 3671 εἶπεν

192 3704 268 3771 ἂν,
310 3707 440 3763 Ἰδοὺ
478 3707 780 3778 ἐγείρεται,
808 3706 984 3777 δηλῶν
1010 3706 1071 3759 τὸ
1109 3708 1427 3778 παραυτίκα
1454 3709 1765 3781 γινόμενον·

191 3797 366 3871 ἐπειδὴ
406 3799 466 3853 δὲ
496 3798 855 3871 προεγεγόνει
880 3798 960 3870 τῷ
990 3800 1390 3872 παρεληλυθότι
1419 3801 1595 3873 χρόνῳ
1636 3819 1772 3875 χρη-

192 3891 410 3962 σάμενος
428 3934 443 3958 ,
474 3892 686 3963 ἔφησεν
705 3908 720 3922 ⁶
759 3893 882 3946 Οὐκ
912 3891 1086 3946 ἐστιν
1108 3886 1246 3957 ὧδε,
1277 3893 1414 3947 ἀλλ’
1440 3894 1682 3963 ἠγέρθη.

1872 3342 2060 3412 januis
2094 3351 2391 3412 penetrans
2445 3340 2501 3394 in
2552 3340 2895 3394 domicilium
2931 3336 3009 3391 ad‘
3028 3336 3335 3406 discipulos
3378 3348 3473 3388 ac—

1874 3435 2063 3489 cessit.
2101 3432 2284 3499 Quare
2334 3431 2500 3486 etiam
2554 3431 2815 3486 dicebat:
2856 3428 3074 3482 Nonrest
3102 3428 3209 3489 hic.
3235 3424 3330 3482 sed
3357 3441 3480 3479 ειη-υ

1876 3527 2015 3581 rexit
2062 3539 2082 3579 :
2116 3522 2440 3594 signiﬁcans
2487 3523 2715 3592 angelus
2782 3527 2909 3575 ante
2965 3535 3127 3575 suum
3174 3518 3485 3572 adventum

1873 3621 2272 3677 admirabiliter
2309 3619 2581 3675 accidisse
2630 3614 3088 3670 resurrectionem
3137 3607 3470 3674 Servatoris,

1876 3728 2041 3784 quam
2069 3720 2128 3767 nt
2152 3711 2295 3768 Deus
2326 3709 2549 3782 propria
2578 3709 2781 3763 virtute
2807 3717 3116 3775 exsequens
3144 3701 3199 3755 in
3234 3700 3324 3767 iis,
3349 3717 3473 3769 quae

1877 3807 2148 3877 disposita
2204 3819 2268 3859 ac
2326 3802 2601 3859 destinata
2643 3806 2838 3863 erant,
2887 3794 3212 3867 peragendis
3259 3793 3478 3847 nullum

1881 3898 2200 3968 angelorum
2241 3894 2506 3949 auxilium
2535 3889 2891 3948 desideravit.
2928 3886 3046 3943 Nisi
3088 3885 3237 3941 enim
3267 3884 3373 3939 hoc
3396 3882 3473 3937 ita

190 3989 348 4048 esset,
376 3983 616 4039 dixisset
650 3999 665 4037 :
700 3979 843 4035 Ecce
888 3982 1145 4053 resurgit,
1175 3982 1495 4052 signiﬁcans
1518 3984 1596 4052 id,
1624 3986 1774 4056 quod
1814 3988 2003 4044 statim
2038 3988 2229 4054 ﬁeret;
2286 3986 2382 4043 sed
2412 3986 2671 4059 quoniam
2720 3991 2849 4039 ante
2908 3979 3109 4037 factum
3153 3986 3293 4043 erat,
3334 3991 3476 4050 pm~

191 4075 340 4130 tcrito
380 4083 634 4145 tempore
672 4082 832 4130 utens
868 4073 1005 4129 dixit
1036 4092 1049 4129 :
1083 4073 1207 4129 Non
1236 4085 1317 4131 est
1349 4077 1457 4144 hic,
1483 4079 1581 4134 sed
1628 4082 1882 4137 surrexit.

251 4169 426 4224 Κάκεῖ
448 4169 508 4223 δέ
535 4169 601 4223 ἐκ
627 4167 819 4221 τούτου
838 4166 1113 4222 δείκνυται
1141 4168 1349 4239 σαφῶς,
1365 4169 1444 4233 ὡς
1472 4173 1522 4224 οί
1552 4172 1779 4226 ἀπόστο-

188 4256 265 4310 λοι
287 4258 650 4331 κηρύττοντες
694 4256 757 4311 τὸ
783 4244 1115 4326 Εὐαγγῇιον
1139 4297 1155 4323 ,
1204 4258 1390 4327 ἔλεγον
1417 4259 1512 4313 τὸν
1543 4262 1780 4332 Χριστὸν

190 4350 480 4425 ἐγηγέρθαι
519 4351 628 4405 ὑπὸ
652 4350 746 4405 τοῦ
801 4352 1017 4424 Πατρὸς
1036 4394 1051 4418 ,
1098 4351 1188 4406 διὰ
1238 4352 1300 4406 τὸ
1327 4352 1438 4407 τῶν
1470 4354 1781 4409 ἀκουόντων

190 4445 441 4510 ἀσθενὲς,
476 4445 884 4518 εὐπαράδεκτον
914 4445 1008 4499 τὸν
1040 4445 1197 4515 λόγον
1224 4445 1399 4519 ταύτῃ
1437 4448 1780 4503 κατασκευά-

192 4534 385 4602 ζοντες.
421 4539 482 4592 ὐ
515 4537 573 4591 δέ
600 4537 833 4607 ἅγγελος
866 4537 965 4610 τὴν
1006 4538 1499 4612 εὐαγγελιζομένην
1524 4538 1624 4612 τὴν
1653 4541 1782 4595 ἀνά-

193 4646 374 4685 στασιν
411 4633 586 4704 ῥήξας
616 4632 821 4703 φωνὴν,
851 4632 1066 4704 γυμνὴν
1104 4635 1380 4704 ἐκφαίνων
1418 4636 1519 4708 τὴν
1548 4637 1775 4708 θεοπρε-

192 4722 460 4793 πεστάτην
485 4722 734 4789 ἐξουσίαν
762 4722 857 4776 τοῦ
893 4723 1224 4788 ἀναστάντος
1249 4724 1377 4779 ἐϐόα
1402 4742 1415 4754 ·
1453 4729 1577 4781 Οὐκ
1604 4727 1778 4782 ἐστιν

188 4807 320 4875 ὦδε,
353 4814 497 4868 ἀλλ’
528 4812 772 4882 ἠγέρθη.
813 4813 921 4865 Καὶ
947 4812 1008 4865 τὸ
1052 4811 1354 4884 ἐγηγέρθαι
1385 4813 1443 4867 δέ
1482 4814 1645 4869 αὑτὸν
1672 4816 1778 4870 ὑπὸ

192 4901 280 4956 τοῦ
308 4905 527 4975 Πατρὺς
562 4903 839 4972 λέγεσθαι,
867 4902 978 4956 τῶν
1010 4903 1109 4974 μὲν
1136 4903 1466 4970 ἀκουόντων,
1507 4904 1585 4969 ὡς
1617 4904 1773 4978 ἔφην,

124 5009 129 5013 ·
190 4997 462 5067 οἰκονομεῖ
512 4995 575 5049 τὸ
610 4996 869 5059 ἀσθενές·
896 4994 990 5049 τὸν
1020 4995 1076 5049 δὲ
1114 4995 1279 5050 αὑτὸν
1322 4995 1435 5067 ἔχει
1474 4997 1600 5050 νοῦν
1624 5036 1638 5058 .
1683 4997 1780 5051 καὶ

190 5087 285 5158 οὐχ
318 5089 531 5159 ἕτερον.
572 5089 660 5141 Ἐν
705 5088 811 5141 τίνι
847 5088 956 5159 γὰρ
1005 5090 1034 5141 ὁ
1070 5088 1260 5160 Πατὴρ
1290 5089 1539 5160 ἐνεργεῖς
1582 5091 1671 5143 Ἐν
1708 5092 1775 5161 τῇ

191 5180 363 5251 οἰκείᾳ
393 5179 623 5249 δυνάμει
655 5179 918 5251 δηλονότι.
950 5179 1047 5243 Τίς
1077 5178 1136 5232 δέ
1178 5167 1379 5251 ἐστινὴ
1413 5180 1644 5252 δύναμις
1683 5180 1780 5235 τοῦ

193 5266 435 5342 Πατρός;
469 5271 657 5336 Οὐδεὶς
708 5271 900 5339 ἄλλος,
954 5271 987 5344 ἢ
1019 5274 1049 5326 ὁ
1095 5273 1331 5343 Χριστός
1355 5289 1368 5303 ·
1405 5274 1639 5343 Χριστὸς
1671 5274 1781 5345 γὰρ

191 5359 326 5414 Θεοῦ
371 5361 640 5431 δύναμις,
669 5364 765 5416 καὶ
794 5362 929 5416 Θεοῦ
974 5362 1157 5433 σοφία.
1204 5362 1415 5416 Οὐκοῦν
1456 5364 1647 5418 ἑαυτὸν
1683 5367 1781 5420 άν-

194 5451 423 5523 έστησεν
450 5454 483 5506 ὁ
509 5455 716 5525 Σωτὴρ,
749 5456 797 5507 εί
822 5456 916 5508 καὶ
961 5456 1067 5509 ὑπὸ
1097 5454 1193 5510 τοῦ
1226 5456 1438 5528 Πατρὸς
1471 5456 1771 5530 ἐγηγέρθαι

192 5543 431 5613 λέγεται.
467 5546 544 5599 Τὸ
571 5546 628 5599 δὲ
660 5547 804 5616 Ὀψὲ
821 5547 1155 5613 Σαϐὃάτων,
1178 5549 1239 5601 οὐ
1269 5547 1368 5619 τὴν
1408 5548 1651 5620 ἐσπέραν
1678 5548 1779 5619 τὴν

197 5636 338 5691 κατὰ
365 5636 472 5709 τὴν
520 5637 670 5690 δύσιν
714 5639 808 5692 τοῦ
846 5639 1002 5710 ἡλίου
1054 5640 1204 5710 δηλοῖ
1228 5658 1241 5671 ⁸
1278 5640 1398 5695 οὐδὲ
1433 5641 1541 5710 γὰρ
1587 5640 1783 5705 ἑνικῶς

272 5812 286 5841 ¹
312 5811 507 5866 Matth.
539 5830 730 5881 xxvm,
753 5815 801 5869 ϐ.
883 5817 902 5846 ³
933 5815 1063 5871 ibid.
1100 5816 1118 5869 ι
1150 5833 1273 5887 sqq.

1952 4174 2133 4244 Atque
2178 4172 2311 4228 illud
2359 4171 2524 4229 etiam
2550 4185 2616 4227 ex
2674 4169 2781 4225 hoc
2810 4175 2999 4238 aperte
3033 4166 3471 4223 demonstratur,

1882 4263 2029 4335 quod
2053 4264 2314 4333 apostoli,
2338 4277 2462 4318 cum
2488 4260 2848 4331 praedicarent
2868 4255 3474 4327 Evangelium,propter

1882 4355 2262 4411 inﬁrmitatem
2292 4352 2633 4408 audientium
2668 4351 2927 4405 dicebant
2968 4347 3248 4403 Christum
3282 4340 3475 4400 rosus?

1877 4446 2104 4501 citatum
2142 4460 2265 4501 esse
2290 4459 2321 4499 a
2347 4442 2531 4507 Patre,
2586 4438 2980 4510 acceptabilem
3019 4445 3074 4492 et
3106 4434 3465 4491 commenda-

1882 4538 2045 4593 bilem
2076 4537 2179 4590 hoc
2198 4535 2361 4591 modo
2394 4548 2705 4591 sermonem
2736 4530 3051 4586 reddentes.
3092 4526 3200 4584 Sed
3221 4527 3471 4597 angelus,

1880 4629 1975 4699 qui
1996 4627 2208 4698 primus
2242 4625 2665 4682 resurrectionis
2682 4622 3147 4679 annuntiatricem
3169 4636 3356 4675 vocem
3379 4634 3473 4675 ru-

1883 4720 1983 4791 pit,
2023 4718 2227 4773 nudam
2265 4718 2563 4790 designans
2616 4734 2682 4774 ae
2734 4716 3043 4787 majestatis
3096 4713 3472 4786 plenissimam

1884 4814 2118 4881 ideoque
2156 4811 2393 4867 maxime
2421 4810 2840 4867 convenientem
2870 4808 3015 4878 ejus,
3051 4806 3144 4877 qui
3166 4817 3475 4861 resurrexe-

1884 4911 1988 4970 rat,
2015 4911 2361 4973 potestatem,
2394 4903 2667 4957 clamabat
2701 4921 2714 4957 :
2755 4899 2881 4954 Non
2910 4907 2990 4953 est
3014 4898 3121 4962 hic,
3156 4894 3252 4950 sed
3286 4908 3460 4949 surre-

1882 4997 1984 5050 xit.
2017 4994 2211 5065 Itaque
2262 4995 2410 5066 quod
2460 4995 2661 5049 dicitur
2688 5007 2813 5047 eum
2862 4988 3249 5046 resuscitatum
3278 4998 3402 5040 esse
3439 4996 3472 5037 a

1885 5084 2070 5152 Patre,
2101 5086 2439 5141 audientium
2473 5085 2717 5155 quidem,
2753 5090 2814 5137 ιιι
2845 5080 2982 5145 dixi,
3014 5076 3337 5149 diSponebat
3387 5081 3473 5129 at-

1886 5195 1995 5251 que
2015 5179 2405 5235 moderabatur
2432 5178 2829 5242 inﬁrmitatem,
2857 5172 3110 5229 eumdem
3148 5183 3275 5225 vero
3302 5166 3474 5222 conti-

1889 5280 2003 5337 net,
2033 5278 2087 5327 et
2109 5285 2218 5325 non
2245 5269 2414 5323 alium
2439 5268 2797 5323 intellectum.
2825 5262 2961 5318 Nam
2990 5262 3043 5316 in
3076 5274 3186 5331 quo
3212 5265 3475 5328 operatur

1888 5360 2090 5417 Pater?
2128 5359 2187 5415 l‘n
2239 5359 2462 5431 propria
2506 5357 2754 5428 potentia
2811 5352 3068 5409 videlicet
3130 5358 3187 5406 et
3244 5350 3470 5405 virtute.

1888 5450 2150 5518 Quaenam
2181 5459 2264 5507 est
2284 5457 2466 5504 autem
2491 5448 2669 5502 virtus
2702 5459 2767 5500 ac
2794 5443 3037 5515 potentia
3057 5440 3274 5495 Patris?
3303 5437 3474 5493 Nemo

1890 5545 2033 5598 alius
2060 5522 2427 5614 praeterquam
2481 5540 2782 5596 Christus:
2841 5536 3098 5593 Christus
3162 5533 3310 5589 enim
3378 5528 3473 5584 Det

1892 5638 2067 5694 virtus
2095 5651 2156 5693 ac
2186 5635 2446 5706 potentia,
2481 5632 2683 5703 Deique
2713 5630 2981 5703 sapientia
3013 5637 3113 5685 cst.
3147 5625 3286 5697 Ergo
3324 5621 3481 5694 scip‘
