3882 6480
426 397 525 453 551

1661 395 1720 452 S.
1750 393 2079 452 GREGORII
2117 394 2414 451 NYSSENI

3598 394 3699 452 6'52

423 535 543 579 sum
566 518 917 575 resuscitavit
938 517 1213 586 Christus,
1253 520 1358 576 etsi
1388 534 1417 573 a
1450 517 1613 576 Patre
1635 520 1839 581 dicitur
1876 534 2001 576 esse

2109 516 2255 575 εἶπεν
2289 519 2417 589 Ὀψὲ
2451 517 2751 581 Σαϐϐάτου,
2783 516 2921 572 ἀλλὰ
2948 515 3361 587 πληθυντικῶς,
3388 517 3546 587 Ὀψὲ
3565 521 3702 574 Safi-

421 609 1099 679 restIscitatus..Caeterum
1151 610 1250 681 ὀψὲ
1290 611 1606 678 Σαϐϐάτων,
1641 611 1693 669 id
1733 621 1836 679 est,
1883 629 2003 667 sero

419 701 501 757 vel
526 702 722 771 vesperi
747 700 1240 768 Sabbatorummon
1275 703 1548 774 signiﬁcat
1575 718 1882 773 vesperum,
1907 703 2001 772 qui

420 799 542 861 post
576 807 835 848 occasum
871 794 1004 849 solis
1035 792 1137 848 fuit
1165 813 1176 847 :
1207 808 1385 864 neque
1430 795 1577 851 enim
1646 794 2003 865 singulariter

417 885 575 949 dixit,
607 900 734 941 sero
762 884 1126 954 Sabbati,sed
1151 887 1453 957 pluraliter,
1473 902 1595 943 sero
1613 886 2000 945 Sabbatorum.

420 976 659 1032 Sabbata
691 992 821 1032 vero
849 992 1046 1033 omnen
1075 979 1431 1048 septimanam
1467 993 1664 1034 vocare
1694 978 1872 1034 solent
1897 976 2003 1033 He—

420 1063 572 1118 bra‘i.
606 1063 738 1121 Nam
762 1079 831 1119 ne
866 1066 1082 1134 longius
1116 1066 1298 1130 abeas,
1323 1067 1690 1139 evangelista},
1720 1085 1824 1121 uno
1867 1064 2001 1121 Sab-

419 1153 958 1225 batorum,inquiunt
990 1175 1002 1210 :
1032 1171 1156 1229 cum
1216 1156 1508 1214 dicendum
1564 1157 1781 1225 fuisset,
1816 1155 2003 1213 Primo

418 1244 510 1301 die
555 1246 891 1317 septimana.
939 1245 1032 1302 Sic
1080 1247 1341 1305 nimirum
1387 1251 1552 1306 etiam
1613 1251 1669 1307 in
1721 1251 2001 1308 communi

419 1338 819 1393 consuetudine
875 1340 1101 1405 utimur,
1174 1342 1477 1397 secundum
1533 1341 1896 1400 Sabbatorum
1949 1352 2004 1399 et

419 1430 637 1487 tertium
693 1429 1059 1488 Sabbatorum
1090 1435 1428 1504 appellantes
1453 1435 1755 1493 secundum
1806 1446 1858 1494 et
1889 1447 2003 1494 ter-

418 1520 552 1575 tium
584 1521 731 1577 diem
766 1524 1100 1593 septimanae.
1117 1526 1234 1579 Non
1265 1527 1404 1583 dixit
1432 1526 1617 1597 igitur,
1642 1542 1767 1583 sero
1794 1529 2005 1585 Sabba-

416 1612 476 1677 ti,
511 1623 605 1667 aut
641 1615 853 1685 vesperi
890 1614 1134 1684 Sabbati,
1166 1626 1223 1671 ut
1286 1634 1573 1687 vesperum
1609 1619 1758 1676 illius
1784 1620 1891 1677 diei
1925 1622 2003 1677 si-

415 1702 745 1774 gniﬁcaret:
795 1706 890 1759 sed
933 1704 1063 1760 Sero
1118 1705 1494 1775 Sabbatorum,
1549 1716 1607 1762 ut
1656 1711 1891 1776 tardius,
1947 1718 2002 1766 et

418 1796 647 1851 multum
701 1795 915 1852 distans
967 1798 1257 1855 indicaret.
1292 1798 1503 1854 Etenim
1558 1802 1853 1871 aliquando
1900 1817 1999 1859 nos

2105 612 2313 668 ϐάτων.
2353 611 2607 666 Σάϐϐατα
2663 610 2722 664 δὲ
2781 610 2880 682 τὴν
2940 612 3122 665 πᾶσαν
3176 610 3466 682 ἑϐδομάδα
3527 611 3702 666 καλεῖν

2117 702 2386 773 Ἑϐραίοις
2415 700 2780 765 ἐθος.Αὐτίκα
2812 698 2944 769 γοῦν
2976 699 3026 752 οί
3058 698 3463 767 εύαγγελισταὶ
3493 701 3562 770 τῇ
3593 698 3703 767 Hui

2104 795 2224 851 τῶν
2265 795 2603 850 Σιιϐϐάτωνο
2661 794 2796 863 φασὶ
2847 792 2923 859 δὲ,
2988 793 3069 863 Τῇ
3094 791 3308 867 -πρώτῃ
3369 791 3561 863 ἡμέρᾳ
3609 792 3703 863 τῆς

2105 885 2417 957 ἑϐδομάδος,
2448 886 2644 939 εἰπεῖν.
2685 883 2842 938 Οὕτω
2872 881 2937 955 δὴ
2965 883 3059 937 καὶ
3085 882 3144 937 ὲν
3170 885 3239 954 τῇ
3291 882 3566 954 συνηθείᾳ
3611 900 3699 937 κε-

2105 980 2209 1050 χρή
2220 976 2358 1049 μεθα
2381 1017 2395 1041 ,
2423 976 2682 1048 δευτέραν
2713 974 3027 1041 Σαϐϐάτων,
3055 974 3150 1029 καὶ
3177 975 3390 1046 τρίτην
3412 974 3702 1029 Σαϐϐάτων

2105 1068 2605 1142 προσαγορεύοντες
2629 1067 2729 1139 τὴν
2760 1066 3018 1138 δευτέραν
3067 1067 3161 1120 καὶ
3188 1066 3397 1138 τρίτην
3436 1066 3538 1136 τῆς
3564 1066 3702 1120 ἑϐδο-

2109 1161 2277 1233 μάδος
2308 1160 2537 1232 ἡμέραν.
2571 1161 2686 1215 Οὐκ
2720 1155 2877 1214 εἶπεν
2912 1154 3039 1224 οὖν,
3081 1158 3210 1229 Ὀψὲ
3269 1157 3568 1211 Σαϐϐάτου
3593 1198 3607 1223 ,
3645 1158 3698 1229 ἢ,

2118 1252 2393 1323 Ἑσπέρας
2440 1250 2719 1305 Σαϐϐάτου
2745 1289 2762 1313 ,
2798 1250 2886 1303 ἵνα
2929 1249 3028 1320 τὴν
3054 1249 3298 1318 ἑσπέραν
3350 1249 3459 1319 τῆς
3494 1248 3699 1319 ἡμέρας

2105 1344 2320 1414 ἂκείνης
2343 1343 2592 1415 δηλώσῃ·
2626 1342 2764 1409 ἀλλ’,
2798 1341 2935 1410 Ὀψὲ
2971 1340 3314 1405 Σαϐϐἁτων,
3347 1342 3443 1394 ἵνα
3484 1338 3548 1394 τὸ
3577 1340 3699 1411 βρά-

2103 1436 2213 1491 διον
2252 1436 2347 1490 καὶ
2394 1435 2529 1488 πολὺ
2561 1432 2842 1503 διεστηκὸς
2877 1434 3119 1505 ἐμφήνῃ.
3156 1432 3274 1486 Καὶ
3302 1432 3421 1504 γάρ
3468 1448 3572 1485 που
3611 1432 3698 1485 καὶ

2103 1529 2276 1593 οὕτως
2299 1529 2432 1599 ἡμῖν
2451 1524 2679 1596 σύνηθες
2703 1525 2902 1593 λέγειν’
2950 1522 3080 1591 Ὀψὲ
3101 1521 3197 1577 τοῦ
3226 1519 3438 1593 καιροῦ
3464 1520 3700 1591 παραγὲ

2104 1638 2302 1691 γονας,
2356 1620 2451 1690 ὀψὲ
2494 1619 2595 1689 τῆς
2626 1617 2813 1688 ὥρας,
2868 1614 2967 1685 ὀψὲ
3016 1617 3115 1685 τῆς
3158 1613 3395 1685 χρείαςο
3441 1612 3565 1683 ᾳῦχὶ
3603 1612 3697 1683 τὴν

2104 1713 2364 1782 ἑσπέραν,
2400 1710 2497 1764 καὶ
2526 1709 2617 1763 τὸν
2656 1707 2796 1779 μετὰ
2821 1706 2974 1779 ἡλίου
3010 1704 3223 1776 δυσμὰς
3275 1705 3480 1775 χρόνον
3512 1701 3696 1774 δηλοῦ-

2106 1820 2188 1857 σιν
2213 1820 2226 1833 ·
2259 1801 2395 1857 ἀλλὰ
2432 1801 2494 1854 τὸ
2545 1799 2793 1870 βράδιον,
2843 1798 2939 1853 καὶ
3000 1796 3229 1851 κατόπιν
3278 1795 3391 1865 τῆς
3421 1794 3633 1865 χρείας,
3664 1792 3694 1863 ἢ

420 1903 635 1959 quoque
673 1890 747 1943 ita
772 1889 954 1945 dicere
984 1891 1248 1954 solemus,
1284 1892 1382 1963 ὀψὲ
1419 1893 1512 1946 τοῦ
1540 1894 1734 1966 καιροῦ
1752 1896 2000 1966 παραγέ-

2109 1895 2197 1949 τοῦ
2236 1892 2426 1965 καιροῦ
2480 1892 2735 1961 γενέσθαι
2784 1890 2878 1944 τὸν
2909 1890 3108 1962 τρόπον
3160 1887 3362 1941 τοῦτον
3423 1885 3696 1958 μηνύουσι.

417 1996 600 2047 γονας,
624 1980 678 2035 id
711 1988 816 2044 est,
839 1997 956 2036 sero
984 1983 1067 2037 vel
1096 1982 1303 2037 tardius
1324 1984 1394 2038 ad
1423 1994 1623 2053 tempus
1646 1987 1831 2040 venisti
1860 2002 1880 2039 :
1904 1988 2002 2057 ὀψὲ

414 2070 515 2141 τῆς
553 2070 723 2143 ὥρας,
755 2072 809 2127 id
847 2080 953 2138 est,
1009 2090 1125 2128 sero
1173 2075 1259 2131 vel
1308 2076 1517 2131 tardius
1545 2077 1615 2130 ad
1643 2079 1826 2132 harant
1863 2095 1881 2132 :
1904 2079 2003 2149 ὀψὲ

412 2162 515 2233 τῆς
553 2163 764 2233 χρείας,
798 2163 853 2218 id
895 2173 1004 2229 est,
1051 2181 1166 2222 sero
1208 2179 1273 2221 ac
1308 2166 1535 2232 tardius,
1573 2183 1736 2238 quam
1779 2185 1912 2225 usus
1949 2176 2004 2224 et

413 2255 716 2310 necessitas
748 2257 1087 2326 postulasset
1122 2275 1136 2311 :
1186 2273 1298 2313 non
1331 2274 1637 2330 vesperam,
1664 2275 1839 2329 neque
1867 2270 2005 2317 tem-

418 2359 544 2417 pus,
577 2344 724 2416 quod
764 2353 892 2415 post
913 2360 1173 2402 occasura
1204 2348 1337 2405 solis
1358 2358 1463 2416 est,
1488 2350 1883 2421 signiﬁcantes,
1914 2353 2008 2407 sed

418 2434 652 2501 tardius,
679 2442 733 2489 et
767 2443 892 2506 post
917 2450 1081 2506 quam
1109 2452 1246 2493 usus
1272 2446 1326 2493 ct
1354 2442 1663 2496 necessitas
1698 2443 2006 2511 postulave-

413 2526 485 2582 rit
508 2534 604 2581 aut
630 2534 753 2597 post
800 2535 1016 2598 tempus
1051 2528 1402 2584 commodum
1437 2539 1492 2585 et
1522 2541 1890 2601 opportunum
1925 2534 2004 2586 l’a-

413 2627 563 2674 ctum
590 2634 714 2677 esse
738 2619 1018 2692 quippiam
1037 2621 1141 2677 hoc
1172 2620 1335 2676 modo
1360 2622 1685 2679 indicantes.
1716 2625 1892 2695 Atque
1906 2624 2004 2695 ὀψὲ

413 2711 724 2778 Σαϐϐἀτων,
760 2712 819 2768 id
850 2720 956 2777 est,
986 2728 1104 2767 sero
1130 2713 1215 2769 vel
1244 2716 1441 2782 vesperi
1467 2712 1851 2782 Sabbatorum,
1884 2715 2001 2773 lon-

411 2805 535 2875 gius
563 2813 617 2860 et
652 2804 865 2862 tardius
894 2806 1185 2877 praeterita:
1213 2788 1535 2878 septimana:
1574 2817 1789 2878 tempus
1810 2810 1990 2881 signi-

414 2896 559 2950 ﬁcat.
598 2894 857 2966 lmplctur
911 2896 1169 2967 quaelibet
1247 2896 1553 2966 septimana
1607 2912 1805 2955 occasu
1864 2901 2000 2957 solis

412 2986 714 3043 Sabbatum
772 2988 1104 3060 excipiente.
1136 2986 1271 3042 Nam
1332 2990 1496 3045 etiam
1555 2988 1843 3049 Mattheus
1873 3007 1998 3047 cum

2106 1988 2218 2041 Καὶ
2234 1986 2296 2039 τὸ
2329 1984 2474 2054 Ὀψὲ
2492 1982 2896 2049 Σαϐϐάτων,τδ
2917 1981 3107 2053 πόρρω
3120 1979 3216 2034 καὶ
3237 1978 3470 2050 βράδιον
3487 1977 3584 2047 τῆς
3605 1993 3696 2030 πε-

2109 2079 2435 2153 ραιωθείσης
2467 2076 2761 2147 ἑϐδομάδος
2787 2076 2955 2146 δηλοῖ.
3002 2073 3320 2144 Πληροῦται
3366 2071 3428 2125 δὲ
3475 2069 3696 2139 ἑϐδομὰς

2109 2171 2312 2241 ἑκάστη
2336 2211 2351 2236 ,
2374 2172 2494 2232 ταῖς
2530 2168 2668 2239 μετὰ.
2689 2167 2753 2221 τὸ
2771 2166 3048 2221 Σάϐϐατον
3073 2165 3227 2236 ἡλίου
3256 2164 3519 2233 δυσμαῖς.
3549 2160 3695 2231 Ἀμέο

2108 2263 2190 2318 λει
2221 2263 2316 2317 καὶ
2341 2261 2401 2315 τὸ
2443 2260 2576 2314 πολὺ
2607 2257 2889 2329 διεστηκός
2916 2257 3012 2312 τοῦ
3058 2254 3259 2326 καιροῦ
3294 2253 3440 2325 πρὸς
3472 2252 3533 2306 τὸ
3557 2248 3694 2314 telo;

2110 2358 2208 2425 τῆς
2239 2352 2619 2425 πληρωθείσης
2642 2350 2936 2423 ἑϐδομάδος
2975 2350 3005 2402 ὁ
3037 2346 3320 2411 Ματθαῖος
3348 2344 3527 2417 δηλῶν
3550 2383 3565 2407 ,
3607 2340 3692 2395 καί.

2109 2446 2299 2517 ὥσπερ
2326 2442 2646 2517 ἑρμηνεύων
2680 2441 2893 2506 ἑαυτὸν,
2918 2442 3187 2512 ἐπήγαγε,
3218 2438 3304 2507 Τῇ
3336 2433 3693 2506 ἐπῳωσκυύο
3753 2483 3758 2487 .

2108 2553 2191 2607 σῃ
2224 2540 2311 2605 εις
2343 2537 2494 2607 μίαν
2520 2535 2858 2591 Σαϐϐἀτων.
2890 2532 3253 2605 Παρῳχήκει,
3289 2530 3463 2600 φησιν
3484 2566 3500 2592 ,
3540 2527 3573 2595 ἡ
3605 2523 3688 2588 νὺξ

2105 2627 2357 2684 τοσοῦτον
2377 2665 2394 2692 ,
2436 2626 2513 2690 ὡς
2540 2622 2682 2680 εἶναι
2707 2625 2797 2679 τὸν
2825 2624 3016 2695 καιρὸν
3053 2624 3155 2694 τῆς
3184 2623 3301 2677 τῶν
3329 2616 3689 2690 ἀλεκτρυόνων

2111 2719 2268 2791 βοῆς,
2297 2720 2419 2790 ἥτις
2449 2717 2512 2772 τδ
2553 2716 2671 2787 φῶς
2711 2719 2814 2789 τῆς
2857 2716 3158 2789 μελλούσης
3192 2714 3420 2786 ἡμέρας
3465 2722 3685 2779 πρσανα·

2109 2810 2383 2881 κρούεται.
2416 2808 2599 2880 Tutin}
2623 2825 2707 2863 τοι
2729 2847 2746 2872 ,
2778 2809 2874 2863 καὶ
2893 2807 2973 2880 τῷ
2998 2806 3177 2879 καιρῷ
3200 2805 3403 2877 τούτῳ,
3428 2802 3524 2856 καὶ
3548 2798 3605 2853 οὐ
3629 2798 3685 2866 τῇ

2110 2902 2250 2973 μετὰ
2278 2903 2341 2958 τὸ
2370 2900 2648 2956 Σάϐϐατόν
2671 2900 2883 2973 ἑσπέρᾳ
2904 2899 3270 2964 καταλύοντες
3297 2896 3403 2961 τὰς
3430 2889 3680 2965 νηστείας,

2107 2995 2203 3067 τῆς
2229 2994 2570 3067 εὐφροσύνης
2600 2992 2904 3068 ἀρχόμεθα,
2943 2991 3046 3063 τῆς
3074 2989 3221 3046 κατὰ
3252 2989 3474 3045 πάντων
3503 2995 3683 3054 κρατηι

411 3080 672 3153 ιεηιροτὶε
723 3082 1038 3146 articulum,
1072 3084 1170 3151 qui
1241 3082 1472 3136 multum
1522 3082 1765 3138 distabat
1820 3098 1851 3139 a
1900 3084 2001 3142 line

2113 3088 2285 3157 σάσης
2314 3086 2604 3158 συνηθείας
2628 3084 3035 3157 συνηγορούσης
3070 3082 3150 3155 τῷ
3175 3081 3492 3153 πράγματι.

412 3169 641 3239 ειιιὶοιίε
692 3169 1031 3240 scptimapm,
1064 3170 1420 3241 signiﬁcaret,
1452 3178 1510 3225 et
1534 3173 1696 3242 quasi
1735 3174 1975 3245 seipsum
2013 3176 2494 3247 interpretaretur,
2527 3175 2754 3246 adjecit,
2790 3175 2924 3241 Quae
2980 3173 3247 3229 illucescit
3276 3174 3337 3228 in
3371 3184 3533 3226 unum
3565 3161 3680 3220 Sab-

412 3261 678 3316 batarum.
761 3259 1130 3326 Praaterierat,
1211 3260 1426 3331 inquit,
1486 3262 1541 3315 in
1593 3270 1808 3317 tantum
1872 3279 1983 3318 nox
2018 3273 2077 3320 ut
2112 3276 2258 3323 esset
2311 3274 2529 3337 tempus
2557 3266 2829 3336 gallorum
2875 3275 3095 3331 cantus,
3131 3264 3228 3336 qui
3278 3268 3479 3320 cantus
3523 3259 3679 3312 lucem

412 3354 583 3410 futuri
617 3353 725 3410 diei
784 3353 1061 3424 praecedit.
1113 3351 1269 3429 _Tunc
1315 3353 1574 3408 nimirum
1605 3363 1770 3425 atque
1808 3354 1863 3411 in
1892 3356 1998 3412 hoc
2036 3359 2274 3415 articulo
2313 3360 2598 3430 temporis,
2671 3374 2783 3415 non
2835 3365 3019 3413 autem
3052 3370 3285 3426 vespera
3310 3367 3433 3426 qua
3495 3346 3680 3405 Sabbu-

412 3463 528 3507 tum
583 3449 914 3519 insequitur,
977 3448 1231 3505 ﬁnientes
1265 3448 1497 3519 jejunia,
1561 3449 1859 3521 incipimus
1930 3467 2031 3509 nos
2106 3454 2385 3512 oblectare
2440 3463 2608 3526 atque
2684 3452 2878 3519 laztari,
2920 3451 3348 3517 consuetudine,
3397 3444 3516 3520 quae
3556 3438 3677 3511 apud

411 3560 603 3602 omnes
630 3544 889 3608 obtinuit,
921 3543 1062 3599 hanc
1086 3558 1200 3600 rem
1235 3545 1656 3614 comprobante.

433 3669 451 3688 .
478 3637 617 3691 Cum
662 3635 833 3706 igitur
867 3635 955 3690 hic
983 3637 1251 3706 temporis
1293 3645 1440 3693 esset
1477 3638 1773 3705 articulus,
1827 3639 2003 3694 Maria

313 3768 316 3771 λ
410 3729 735 3801 Magdalena
783 3738 952 3799 atque
997 3730 1170 3786 altera
1215 3729 1469 3800 ejusdem
1503 3733 1746 3790 nominis
1797 3734 1865 3789 ad
1915 3749 2005 3790 se-
2051 3746 2057 3751 ‘

414 3820 665 3890 pulcrum
708 3825 1000 3883 venerunt,
1048 3826 1104 3875 et
1154 3820 1428 3892 angelum,
1471 3817 1566 3892 qui
1603 3822 1673 3879 de
1720 3824 1863 3880 caelo
1901 3824 2001 3880 de-

416 3911 732 3975 scenderat,
782 3910 1245 3980 quemadmodum
1284 3912 1494 3968 dictum
1539 3921 1647 3982 est,
1694 3914 2000 3973 viderunt:

416 4002 536 4072 qui,
583 4001 832 4057 revoluto
857 4001 1058 4072 lapide,
1086 4016 1253 4073 super
1298 4018 1427 4060 eum
1479 4004 1708 4062 sedebat
1753 4023 1831 4062 :a
1891 4023 2003 4079 quo

414 4093 582 4149 etiam
631 4093 878 4148 invitatte
922 4092 1182 4149 viderunt
1226 4094 1436 4161 locum,
1484 4097 1579 4151 ubi
1617 4098 1836 4167 positus
1883 4108 2004 4156 erat

415 4184 732 4249 Dominus:
763 4192 820 4240 et
863 4199 1089 4241 currere
1114 4185 1309 4255 iussae,
1361 4201 1595 4257 qumque
1644 4200 1998 4260 acceperant,

417 4281 678 4334 mandata
718 4279 1009 4351 discipulis
1040 4278 1223 4345 edere,
1254 4295 1491 4350 egressae
1538 4281 1791 4337 celeriter
1820 4298 1851 4339 e
1885 4299 2003 4339 mo-

418 4379 684 4426 numcnto
746 4372 1045 4427 currebant
1077 4390 1092 4425 :
1124 4372 1311 4443 itaque
1374 4373 1730 4431 currentibus
1780 4375 1998 4431 obviam

2179 3637 2288 3693 Τοῦ
2341 3635 2535 3709 καιροῦ
2572 3635 2754 3692 τοίνυν
2804 3634 2957 3699 δντος
2996 3631 3226 3696 τούτου,
3284 3632 3319 3703 ἠ
3371 3625 3676 3698 Μαγδαληνή

2108 3730 2297 3801 Μαρία
2339 3730 2435 3783 καὶ
2476 3729 2509 3799 ἡ
2560 3712 2858 3799 ’ὁμώνυμος
2900 3726 2994 3779 ἐπὶ
3023 3725 3195 3794 τάφον
3236 3719 3406 3796 ἦλθον
3427 3762 3444 3790 ,
3484 3715 3673 3774 καὶτὸν

2109 3822 2342 3892 ἄγγελον
2369 3821 2462 3876 τὸν
2494 3820 2553 3887 ἐξ
2606 3818 2839 3892 ούρανοῦ
2867 3815 3288 3888 καταϐεϐηκότα
3312 3816 3405 3868 τὸν
3446 3824 3678 3882 προειρη-

2110 3912 2272 3985 μένον
2313 3912 2609 3968 ἐθεάσαντο
2659 3909 2861 3982 τρόπον
2884 3949 2900 3975 ,
2952 3907 3366 3962 ἀποκυλίσαντα
3400 3904 3489 3961 τὸν
3548 3898 3670 3954 λίθον

2110 4007 2205 4060 καὶ
2235 4005 2322 4059 ἐπ’
2357 4005 2519 4059 αὑτὸν
2552 4001 2933 4073 καθεζόμενον,
2960 4001 3053 4070 ὑφ’
3075 3994 3137 4054 οὗ
3161 4000 3259 4055 καὶ
3287 3995 3668 4071 προκληθεῖσαι,

2108 4100 2201 4153 τὸν
2230 4098 2392 4152 τόπον
2427 4092 2587 4163 εἶδον,
2613 4096 2747 4150 ὅπου
2777 4092 2953 4151 ἔκειτο
2996 4095 3026 4146 ὁ
3055 4091 3261 4164 Κύριος
3284 4134 3301 4156 ,
3337 4090 3429 4145 καὶ
3463 4098 3666 4157 προστα-

2108 4190 2323 4263 χθεῖσαι
2348 4192 2463 4253 τοῖς
2495 4187 2764 4260 μαθηταῖς
2800 4185 3029 4275 δραμείν
3052 4184 3148 4238 καὶ
3173 4180 3521 4275 ἀπαγγεῖλαι,
3551 4171 3677 4275 ἐξελ·

2109 4279 2300 4333 θοῦσαι
2342 4278 2480 4349 ταχὺ
2513 4276 2609 4331 τοῦ
2640 4272 2921 4347 μνήματος
2946 4272 3181 4345 ἔδραμον
3207 4290 3221 4302 ·
3255 4272 3352 4328 καὶ
3379 4270 3441 4340 δὴ
3472 4270 3664 4338 τρεχοῡ-

2109 4390 2229 4437 σαις
2260 4371 2722 4442 προσαπαντήσας
2761 4371 2791 4425 ό
2846 4366 3052 4439 Ἰησοῦς
3106 4362 3491 4437 προσεφώνησε
3511 4372 3525 4389 °
3553 4352 3661 4410 Xal-

419 4464 599 4520 factus
631 4463 794 4522 Jesus
826 4465 1120 4536 appellavit
1145 4483 1262 4531 eas,
1296 4465 1510 4531 dicens,
1541 4469 1699 4525 Aucte
1716 4470 1759 4526 ³.
1786 4469 1999 4526 Etenim

2109 4482 2258 4535 ρετε.
2286 4465 2396 4518 Καὶ
2445 4462 2554 4534 γὰρ
2583 4462 2688 4516 ἔδει
2717 4461 2934 4534 πρῶτον
2982 4458 3043 4515 τὸ
3094 4457 3371 4528 γυναικῶν
3398 4443 3664 4551 γένοςηκαὶ

418 4557 710 4625 oportebat
736 4558 976 4626 primum
1019 4558 1346 4615 muliebrem
1376 4575 1570 4616 sexum
1610 4569 1665 4616 ct
1710 4562 1780 4617 ab
1808 4563 2003 4635 angelo

418 4648 625 4703 bonum
653 4649 1081 4706 resurrectionis
1110 4650 1367 4721 accipere
1413 4652 1689 4719 nuntium,
1730 4660 1786 4710 et
1817 4652 2006 4709 Domi-

396 4742 552 4795 num
614 4737 836 4805 videre,
897 4747 951 4795 et
996 4741 1230 4810 primam
1287 4742 1358 4797 ab
1411 4730 1479 4800 eo
1528 4759 1723 4803 vocem
1776 4747 2003 4812 audire,

416 4831 596 4885 Aucte.
644 4830 919 4896 Quoniam
972 4832 1167 4889 mulier
1220 4849 1440 4905 quoque
1496 4837 1676 4907 prima
1721 4838 2008 4895 audiverat

420 4921 670 4979 fraudem
719 4924 1015 4994 serpentis,
1069 4933 1124 4981 et
1165 4934 1359 4983 contra
1410 4939 1743 5001 praeceptum
1794 4931 2005 4987 viderat

419 5014 555 5086 ligni
589 5015 868 5071 interdicti
908 5014 1170 5085 fructum,
1205 5027 1261 5074 et
1290 5032 1451 5090 poena
1482 5020 1721 5076 tristitiae
1753 5026 1819 5076 ac
1843 5021 1974 5077 dolo

420 5106 497 5159 ris
525 5105 891 5165 condemnata
936 5106 1134 5164 fuerat.
1167 5107 1512 5182 Quapropter
1553 5113 1721 5170 etiam
1768 5112 2004 5167 adorare

421 5194 680 5251 Servator
707 5207 763 5253 et
791 5198 957 5269 pedes
987 5200 1401 5271 apprchendere
1425 5209 1482 5261 et
1508 5212 1854 5263 contrectare
1879 5218 2005 5274 per-

423 5288 693 5351 mittebat,
728 5299 787 5345 ut
817 5292 886 5346 iis
916 5307 1038 5362 quae
1064 5294 1258 5364 prima:
1287 5295 1639 5355 desciverant
1671 5305 1725 5355 et
1749 5296 2004 5352 alienatae

423 5386 581 5433 erant
607 5381 676 5434 ab
705 5396 790 5448 eo,
849 5391 905 5437 et
939 5382 1233 5454 discipulis
1266 5385 1524 5457 gaudium
1550 5387 1884 5445 annuntiare
1907 5388 2000 5458 ju-

423 5465 620 5530 bebat,
681 5483 807 5524 cum
864 5475 1180 5542 mulierem,
1261 5491 1384 5546 quae
1447 5477 1685 5534 tristitia:
1752 5479 2005 5536 ministra

425 5554 638 5611 Adamo
669 5558 869 5629 fuerat,
909 5565 1095 5633 gaudii
1145 5568 1395 5623 nuntiam
1444 5569 1581 5627 viris
1637 5586 1763 5627 esse
1811 5571 1997 5637 vellet,

426 5648 717 5704 contrariis
744 5659 1019 5712 contraria
1065 5674 1293 5717 curans.
1334 5660 1594 5719 Euntibus
1631 5670 1813 5721 autem
1861 5664 1996 5727 illis.

498 5820 519 5853 ³
554 5821 743 5880 Matth.
783 5842 977 5896 nvm,
1006 5833 1037 5886 9
1070 5848 1189 5903 sqq.

2106 4561 2204 4632 τὴν
2246 4558 2542 4612 ἀνάστασιν
2596 4553 3049 4624 ειῦαγγελισθῆναι
3105 4550 3255 4622 παρὰ
3287 4549 3380 4604 τοῦ
3432 4539 3659 4632 arva-$10.”.

2106 4621 2201 4705 κεὶι
2227 4648 2319 4701 τὸν
2346 4645 2548 4716 Κύριον
2585 4621 2860 4708 ίδεῖν,καὶ
2892 4621 3115 4712 πρώτην
3149 4621 3280 4711 παρ’
3312 4632 3469 4724 αὐτού
3502 4621 3656 4724 φωνξῖν
3692 4678 3697 4688 .

2106 4740 2374 4803 ἀκοῦσαι,
2415 4737 2496 4803 τὸ,
2531 4736 2793 4804 Χαίρετε.
2847 4732 3002 4787 Ἐπεὶ
3053 4732 3148 4786 καὶ
3194 4731 3332 4801 γυνὴ
3359 4723 3536 4799 πρώτη
3575 4723 3656 4783 τῆς

2108 4835 2324 4904 ἀπάτης
2351 4830 2446 4886 τοῦ
2478 4829 2655 4900 ὄφεως
2684 4828 2908 4899 ἤκουσε,
2954 4825 3049 4878 καὶ
3089 4819 3195 4877 εἶδε
3229 4817 3544 4895 παρανόμως
3578 4804 3653 4904 ’ξὺν

2108 4926 2202 4980 τοῦ
2230 4895 2680 4997 ἀπηγορευμένου
2707 4895 2868 4985 ξύλου
2894 4915 3127 4988 καρπὸν,
3167 4915 3262 4968 καὶ
3290 4913 3429 4982 λύπῃ
3468 4895 3651 4997 κατεδι-

2114 4986 2462 5085 κάζετοίτδίὸ
2501 4986 2594 5070 καὶ
2642 4986 2980 5084 προσκυνεῖν
3014 5010 3045 5061 ὁ
3085 5007 3278 5080 Σωτὴρ
3322 5003 3412 5059 καὶ

2112 5113 2239 5175 τοὺς
2290 5108 2456 5171 πόδας
2506 5104 2800 5176 συνεχώρει
2824 5140 2840 5167 ,
2889 5101 2967 5164 ὡς
3015 5098 3260 5171 πρώταις
3291 5090 3650 5176 amnes-0060:“

2113 5168 2728 5270 καὶ-ἀλλοτριωθείσαις
2764 5192 2929 5248 αὐτοῦ
2952 5232 2967 5258 ,
3002 5168 3097 5245 καὶ
3137 5192 3249 5255 τοῖς
3283 5178 3540 5273 μαθηταῖς

2112 5293 2288 5367 χαρὰν
2316 5266 2655 5360 διακξγέλλειν
2683 5286 2936 5341 ἐκέλευσε
2955 5323 2971 5348 ,
3009 5283 3185 5355 χαρᾶς
3215 5266 3646 5375 ᾴγγελονηάνδίίάαι

2111 5351 2346 5457 ξυναίκα
2378 5351 2634 5453 γενέσθαι
2667 5351 3147 5452 βουλόμενοςξήτῆς
3195 5373 3368 5443 λύπης
3396 5362 3465 5433 τῷ
3501 5351 3643 5457 Ἀ

2108 5444 2406 5550 -ξενομένην
2449 5444 2740 5536 διάκονον,
2790 5444 2859 5522 τά
2910 5444 3126 5523 ἐναντία
3171 5465 3258 5519 διὰ
3292 5461 3393 5517 τῶν
3425 5444 3642 5550 new-£02

2113 5533 2809 5641 ίὼμένοςο’11ορευομένῶν
2827 5559 2897 5613 δέ
2911 5557 3130 5626 αὺτῶνν
3152 5556 3336 5628 φησῖνν
3356 5533 3638 5641 licet???

2108 5624 2220 5727 eois
2248 5624 2544 5734 μαθηταίς,
2578 5624 2707 5711 ἰδού
2746 5670 2904 5719 τινες
2931 5650 3044 5722 τῆς
3072 5624 3431 5707 κουστωδίας
3456 5624 3609 5690 ἐλθόν
3609 5645 3632 5659 ⁸
