3882 6456
155 416 250 475 655

1059 417 1127 472 ῙΝ
1167 418 1446 477 CHRISTI
1479 423 2126 488 RESURRECTIONEM
2154 430 2361 487 ORAT.
2392 431 2457 487 ll.

3317 433 3417 491 654

158 538 249 621 τες
273 522 358 590 εις
386 522 502 621 τήν
534 525 746 593 πόλιν,
776 528 1153 601 ἀπήγγειλαν
1184 536 1311 603 τοῖς
1338 539 1726 611 ἀρχιερεῦσιν

1836 546 2038 618 inquit,
2091 558 2149 603 ut
2183 549 2441 605 mandata
2487 546 2758 603 referrent
2784 547 3103 620 discipulis,
3136 565 3254 607 ecce
3295 552 3417 621 qui-

158 613 379 670 dam-ra
406 615 478 670 τὰ
511 621 819 689 γενόμενα.
857 623 972 679 Καὶ
998 630 1409 699 συναχθέντες
1432 634 1584 704 μετὰ
1609 634 1730 689 τῶν

159 707 585 803 πρεσβυτέρων,
623 714 997 782 συμϐούλιόν
1036 735 1100 773 τε
1124 722 1448 791 λαϐόντες,
1478 726 1731 803 ἀργύρια

159 798 320 853 litari:
339 798 572 857 ἔδωκαν
600 804 725 871 τοῖς
748 807 1136 879 στρατιώταις
1161 813 1446 885 λέγοντες
1465 835 1479 848 ·
1502 798 1729 875 Εἴπατε

158 888 237 941 ὅτι
271 892 326 943 οι
357 894 610 961 μαθηταὶ
640 897 831 953 αὑτοῦ
876 901 1099 970 νυκτὸς
1145 906 1428 978 ἐλθόντες
1455 910 1749 982 ἔκλεψαν

156 981 326 1037 αὐτὸν
364 986 536 1056 ἡμῶν
560 989 958 1061 κοιμωμένων,
984 997 1086 1057 καί
1108 997 1219 1054 ἐὰν
1243 1001 1522 1073 ἀκουσθῇ
1550 981 1728 1060 τοῦτο

154 1076 241 1130 ἐπὶ
270 1078 375 1132 τοῦ
412 1079 707 1151 ἡγεμόνος
734 1122 749 1147 ,
796 1087 969 1157 ἡμεῖς
1018 1092 1312 1164 πείσομεν
1352 1094 1540 1150 αὐτὸν
1563 1135 1579 1157 ,
1629 1097 1727 1151 καὶ

156 1166 295 1237 ὑμᾶς
337 1169 701 1242 ἀμερίμνους
745 1178 1082 1250 ποιήσομεν
1122 1201 1136 1214 ·
1201 1187 1257 1239 οὶ
1321 1185 1386 1238 δέ
1436 1188 1729 1257 λαϐόντες

157 1260 217 1313 τὰ
234 1261 501 1330 ἀργύρια,
536 1264 838 1336 ἐποίησαν
875 1273 957 1339 ὡς
996 1274 1442 1344 ἐδιδάχθησαν,
1500 1281 1601 1334 καὶ
1642 1280 1731 1334 διε-

161 1356 447 1453 εεςημίσθη
488 1361 522 1412 ό
569 1362 752 1431 λόγος
782 1360 962 1434 οὗτος
1019 1368 1179 1438 παρὰ
1217 1371 1528 1443 Ἰουδαίοις
1550 1376 1729 1446 μέχρι

161 1461 184 1495 τ
190 1445 252 1512 ἧς
283 1445 568 1518 σήμερον.

227 1623 285 1676 Ἦ
318 1624 413 1696 μὲν
445 1623 541 1681 οὖν
564 1629 699 1702 ἄλλη
728 1633 916 1706 Μαρία
940 1636 1165 1710 (ταύτην
1206 1639 1261 1693 δὲ
1298 1636 1437 1695 εἶναι
1469 1642 1568 1714 τὴν
1594 1642 1728 1698 Θεο-

157 1714 293 1808 τόιιον
321 1720 598 1777 πιστεύειν
634 1725 942 1795 ἀκόλουθον,
986 1731 1066 1784 ὅτι
1122 1734 1255 1805 μηδὲ
1299 1735 1598 1808 ἀπελείφθη
1631 1737 1726 1792 τοῦ

158 1807 339 1874 πάθους
362 1852 375 1874 ,
405 1813 524 1866 ἀλλ’
555 1814 741 1870 ἵστατο
785 1820 934 1892 παρὰ
968 1822 1046 1893 τῷ
1073 1825 1324 1898 σταυρῷ,
1356 1826 1432 1892 ὡς
1475 1807 1727 1901 Ἰωάννης

158 1902 418 1974 ἱστόρησεν
447 1946 460 1969 ,
574 1909 668 1963 καὶ
698 1908 902 1983 ἔπρεπε
933 1912 1002 1966 τὰ
1030 1917 1130 1985 τῆς
1162 1919 1337 1988 χαρᾶς
1369 1920 1721 1989 εὐαγγελίσα-

1829 1936 2081 1987 crucem,
2136 1929 2197 1976 ut
2238 1917 2479 1975 Joannes
2531 1919 2809 1975 memoriae
2865 1916 3183 1988 prodidit",

158 1993 281 2059 σθαι,
307 1999 428 2073 ῥίζῃ
458 2001 560 2071 τῆς
599 2004 773 2073 χαρᾶς
804 2002 961 2078 οὔσῃ,
998 2008 1093 2060 καὶ
1120 2009 1301 2075 καλῶς
1332 2012 1612 2087 ἀκουσάσῃ
1639 2014 1721 2080 τὸ,

154 2088 311 2157 Xaipe
332 2132 346 2153 ,
402 2097 845 2167 κεχαριτωμένη
871 2140 885 2163 ,
922 2103 954 2155 ό
986 2103 1204 2171 Κύριος
1252 2107 1404 2176 μετὰ
1448 2106 1633 2179 σοῦ),
1666 2108 1727 2162 τὸ

156 2181 460 2256 πρόσταγμα
508 2185 617 2241 τοῦ⁶
648 2190 857 2263 Κυρίου
912 2192 1195 2269 πληροῦσα
1218 2238 1233 2261 ,
1286 2199 1400 2261 τοῖς
1456 2199 1727 2270 μαθηταῖς

156 2271 349 2339 πάντως
372 2278 732 2349 ἀπήγγειλεν.
775 2284 850 2337 Οὐ
897 2283 1098 2358 γὰρῆν
1133 2287 1291 2362 Θέμις
1329 2289 1403 2363 μὴ
1433 2290 1722 2363 πληρωθῆο

155 2382 232 2419 ναι
260 2368 315 2421 τὸ
339 2368 482 2424 οὕτω
531 2373 714 2443 σοφῶς
745 2376 1103 2451 οίκονομηθέν
1136 2398 1195 2434 τε
1230 2382 1323 2436 καὶ
1365 2384 1723 2456 προσταχθὲν,

156 2460 198 2511 εί
244 2462 330 2514 καλ⁸
374 2466 691 2537 ἠπίστησαν
726 2469 774 2522 οἱ
811 2469 1163 2541 ἀκούσαντες.
1211 2475 1365 2530 Ἐπεὶ
1396 2477 1493 2531 καὶ
1534 2476 1726 2533 ἕπεται

157 2553 294 2607 τοῦτο
325 2550 589 2620 πολλάκις
631 2561 697 2631 τῇ
730 2561 838 2614 τῶν
882 2563 1378 2636 ἀπαγγελλομένων
1434 2567 1727 2639 θαυμάτων

158 2643 426 2718 ὑπερϐολῇ.
458 2648 535 2699 Οὐ
563 2648 673 2720 γὰρ
701 2647 766 2703 ἂν
797 2651 957 2722 ἀργοὶ
989 2652 1286 2725 διέμειναν,
1308 2658 1353 2707 εί
1376 2650 1722 2711 ἐπίστευσαν.

168 2733 233 2827 Ἡ-
256 2736 307 2789 δὲ
336 2738 675 2812 Μαγδαληνὴ
727 2745 1179 2818 συμπορευομένῃ
1318 2746 1563 2819 Θεοτὸκῳ
1588 2788 1603 2809 ,
1632 2749 1727 2801 καὶ

158 2825 275 2896 πρὸς
298 2828 393 2900 τὴν
420 2832 767 2901 ἀπαγγελίαν
786 2834 988 2905 ὁμοίως
1013 2825 1341 2910 ἐπειγομένη
1364 2879 1379 2899 ,
1410 2837 1645 2893 πέπονθέ
1672 2856 1725 2892 τι

156 2918 237 2971 καὶ
262 2919 598 2992 ἀνθρώπινον
624 2941 637 2955 ο
666 2924 760 2978 καὶ
798 2924 987 2999 ὥσπερ
1027 2930 1054 2982 ὁ
1087 2928 1293 3001 Πέτρος
1333 2929 1439 2984 ὑπὸ
1487 2929 1724 3002 Ἡρώδου

158 3009 488 3083 συλληφθεὶς,
519 3015 622 3069 καὶ
659 3015 749 3072 διὰ
783 3016 881 3071 τοῦ
915 3018 1152 3089 ἀγγέλου
1202 3021 1308 3075 τῶν
1342 3021 1588 3077 ἁλύσεων
1633 3023 1729 3078 λυα

157 3100 252 3166 θεὶς
276 3098 625 3177 αὐτομάτως,
644 3108 739 3163 καὶ
767 3109 869 3180 τῆς
895 3111 1146 3184 φυλακῆς
1173 3112 1281 3179 ἔξω
1308 3115 1726 3187 γενόμενος,καὶ

156 3195 357 3253 ἐπιπολὺ
386 3199 653 3270 βαδίσας,
687 3201 764 3266 ὡς
811 3204 906 3256 καὶ
962 3204 1060 3276 τὴν
1124 3206 1225 3277 τῆς
1283 3208 1493 3273 πόλεως
1548 3209 1726 3280 πύλην

1829 640 1955 692 dam
1991 637 2056 692 de
2081 641 2326 694 custodia
2370 641 2423 692 in
2450 638 2633 694 urbem
2666 650 2935 705 venerunt,
2988 657 3051 695 ac
3084 643 3418 696 renuntiave-

1831 738 1953 783 runt
1985 729 2311 799 principibus
2340 726 2675 785 sacerdotum
2706 729 2908 794 omnia,
2939 746 3056 800 qua:
3085 730 3412 789 acciderant.

1830 823 1999 890 Atque
2030 819 2113 874 illi
2137 821 2329 883 coacti,
2362 810 2569 890 unaque
2599 836 2716 876 cum
2745 820 3044 876 senioribus
3072 821 3253 876 habito
3286 838 3415 876 con-

1828 911 1953 964 silio
1980 912 2113 965 satis
2151 927 2398 981 maguum
2431 912 2706 979 pecuniam
2737 911 2995 966 dederunt
3036 912 3300 966 militibus
3330 912 3415 965 di-

1827 1012 2000 1057 centes
2032 1018 2050 1056 :
2080 1001 2270 1066 Dicite,
2324 1003 2461 1073 quod
2498 1003 2748 1073 discipuli
2804 1002 2920 1072 ejus
2973 1012 3123 1057 nocte
3160 1004 3412 1065 venerint,

1827 1103 1878 1149 et
1931 1095 2289 1163 subripueriut
2332 1110 2452 1149 eum
2490 1094 2636 1150 vobis
2675 1093 3078 1150 dormientibus.
3116 1093 3186 1148 Et
3222 1095 3269 1147 si
3316 1095 3415 1147 hoc

1828 1185 2061 1240 delatum
2094 1184 2252 1255 fuerit
2296 1186 2364 1239 ad
2399 1188 2703 1254 prtesidem,
2748 1202 2846 1240 nos
2877 1184 3314 1254 persuadebimus
3340 1185 3412 1251 ei,

1826 1285 1876 1329 et
1903 1291 1988 1330 vos
2017 1292 2230 1330 securos
2260 1273 2561 1330 reddemus.
2594 1274 2687 1329 Illi
2711 1285 2891 1329 autem
2923 1284 3138 1343 accepta
3166 1274 3411 1342 pecunia,

1828 1366 2061 1437 fecerunt
2109 1365 2549 1438 quemadmodum
2588 1377 2741 1420 erant
2768 1368 2940 1422 edocti
2968 1383 2986 1422 :
3011 1379 3060 1423 et
3104 1368 3411 1438 divulgatus

1826 1471 1901 1516 est
1952 1462 2037 1515 hic
2101 1477 2284 1515 rumor
2332 1459 2473 1530 apud
2512 1456 2733 1514 Iudaeos
2785 1476 2946 1531 usque
2998 1461 3051 1514 in
3098 1459 3411 1514 hodiernum

1827 1554 1965 1607 diem
1991 1556 2032 1608 ⁸.

1898 1647 2079 1716 Atque
2108 1646 2280 1702 altera
2314 1644 2536 1715 quidem
2580 1641 2752 1697 Maria
2789 1642 2951 1714 (hanc
2981 1650 3165 1698 autem
3201 1640 3401 1713 Deipa-

1829 1752 1945 1791 ram
2000 1736 2174 1793 fuisse
2223 1737 2449 1793 credere
2493 1743 2927 1791 consentaneum
2975 1741 3061 1790 est
3102 1733 3409 1803 :quoniam

1830 1844 1932 1884 nec
1983 1843 2012 1882 a
2064 1828 2323 1899 passione
2370 1826 2592 1898 quidem
2644 1826 2842 1892 abluit,
2897 1825 2993 1881 sed
3054 1825 3234 1880 stabat
3254 1824 3411 1895 juxta

3243 1931 3409 1987 quam

1824 2012 1989 2067 etiam
2042 2011 2272 2067 decebat
2318 2024 2405 2074 ea,
2454 2024 2577 2080 qua:
2627 2010 2693 2063 ad
2733 2008 2992 2080 gaudium
3039 2006 3411 2076 pertinebant,

1826 2101 2180 2167 annuutiare,
2213 2110 2274 2157 ut
2299 2116 2421 2172 qua)
2453 2101 2607 2156 radix
2645 2099 2831 2171 gaudii
2860 2107 3031 2165 esset,
3063 2112 3129 2152 ac
3148 2096 3414 2168 praeclare

1825 2194 2131 2251 audivisset
2170 2192 2326 2258 illud,
2377 2193 2509 2258 Ave,
2560 2193 2739 2263 gratia
2786 2190 2965 2260 plena,
3021 2189 3283 2243 Dominus
3335 2195 3412 2241 te»-

1827 2279 2055 2353 cum“),
2123 2280 2445 2336 mandatum
2492 2279 2710 2337 Domini
2762 2295 3075 2350 exsequens
3123 2277 3414 2347 discipulis

1827 2374 2054 2429 omnino
2100 2369 2377 2444 exposuit.
2413 2370 2536 2428 Non
2588 2371 2735 2427 enim
2790 2370 2875 2427 l‘as
2927 2380 3047 2427 erat
3085 2387 3193 2427 non
3235 2370 3414 2424 adim-

1827 2465 1962 2536 pleri
2017 2465 2092 2529 id,
2139 2466 2287 2536 quod
2332 2466 2406 2520 ita
2445 2467 2597 2522 clare
2647 2466 3005 2537 dispositum,
3058 2463 3417 2519 administra-

1827 2569 1966 2626 tum,
2016 2566 2071 2613 et
2116 2568 2447 2629 praeceptum
2506 2568 2646 2627 erat,
2702 2559 2921 2617 tametsi
2969 2574 3080 2613 non
3127 2556 3416 2612 crederent

1827 2652 1920 2729 qui
1974 2652 2290 2707 audiebant.
2333 2650 2604 2718 Quoniam
2644 2652 2758 2707 hoc
2798 2665 3018 2721 quoque
3071 2663 3217 2718 saepe
3267 2647 3416 2704 acci-

1826 2745 1956 2800 dere
2002 2746 2165 2811 solet,
2187 2744 2316 2800 dum
2361 2744 2630 2798 immensa
2674 2743 2941 2799 miracula
2985 2741 3412 2797 annnntiantur.

1809 2822 2015 2904 'Neque
2040 2833 2185 2889 enim
2222 2834 2387 2890 otiosi
2432 2833 2897 2905 permansissent,
2935 2833 2980 2888 si
3030 2830 3414 2888 credidissent.

1829 2928 1900 2981 At
1924 2926 2261 2999 Magdalenaz
2291 2943 2400 2983 una
2435 2943 2561 2983 cum
2592 2925 2829 2997 Deipara
2867 2925 3091 2981 abeunti
3130 2932 3187 2979 et
3226 2923 3418 2978 simili-

1829 3026 1912 3074 ter
1953 3019 2019 3074 ad
2069 3019 2513 3075 annuntiandum
2560 3017 2878 3090 properanti
2915 3016 3117 3072 accidit
3155 3014 3416 3086 quiddam

1830 3126 1984 3168 more
2021 3112 2265 3167 humano
2293 3130 2307 3168 :
2335 3119 2391 3167 et
2440 3109 2904 3182 quemadmodum
2953 3107 3149 3164 Petrus
3199 3106 3268 3161 ab
3313 3102 3420 3160 He-

1829 3206 1965 3261 rode
1993 3205 2456 3276 comprehensus,
2484 3211 2543 3258 et
2583 3216 2681 3274 per
2715 3201 2970 3272 angelum
3021 3197 3224 3255 solutis
3269 3197 3418 3266 ultro

155 3287 354 3347 διελθεῖν
373 3333 388 3358 ,
416 3293 624 3368 ἀληθὲς
655 3295 756 3352 οὐκ
780 3295 918 3368 ῷετο
948 3297 1009 3353 τὸ
1034 3298 1318 3370 γινόμενον
1342 3341 1357 3365 ,
1392 3301 1508 3356 ἀλλ’
1541 3301 1723 3371 ἐνόμι-

1830 3295 2045 3351 catenis
2103 3310 2171 3351 ex
2217 3294 2473 3351 custodia
2522 3293 2779 3358 eductus,
2841 3292 3191 3361 multumque
3252 3287 3415 3359 spatii

158 3379 233 3444 ξεν
268 3384 445 3457 ὅραμα
487 3386 715 3459 βλέπειν
740 3405 755 3420 ⁸
789 3388 931 3444 οὕτω
964 3391 1059 3445 καὶ
1095 3390 1237 3463 αὕτη
1275 3393 1373 3465 τὴν
1418 3394 1726 3466 ὑπερϐολὴν

155 3468 234 3524 τοῦ
275 3471 551 3547 (θαύματος
583 3476 746 3531 οἱονεὶ
784 3477 1012 3549 ἄκαιρόν
1045 3495 1167 3532 τινα
1214 3478 1544 3551 λογισαμένη
1565 3521 1581 3548 ,
1632 3481 1726 3534 καὶ

157 3560 253 3630 ἅμα
306 3564 412 3620 τῶν
463 3564 731 3637 φυλάκων
778 3566 1199 3637 ὲπιφθασάντων
1253 3567 1347 3621 καὶ
1400 3567 1725 3640 ἀρξαμένων

157 3651 274 3718 μετὰ
296 3652 400 3707 τῶν
427 3654 740 3727 ἀρχιερέων
778 3656 878 3726 τὴν
909 3656 1279 3727 συκοφαντίαν
1307 3656 1553 3726 ὑφαίνειν
1585 3658 1725 3712 κατὰ

153 3742 237 3811 τῆς
263 3746 644 3811 ἀναστάσεωςο
674 3747 977 3821 αἰσθομένη
1019 3750 1236 3813 πάντως
1287 3749 1528 3803 τοιούτου
1582 3751 1727 3816 τινὸς

155 3833 648 3912 ἐπιψιθυριζομένου
675 3881 690 3906 ,
730 3841 858 3904 τοὺς
908 3842 1005 3912 τῆς
1034 3842 1365 3913 ἀμφιϐολίας
1395 3841 1727 3915 παρεδέξατο

154 3924 418 4000 λογισμοὺς
437 3974 451 3998 ,
484 3930 587 3986 καὶ
608 3931 708 4001 τῆς
728 3933 1070 4003 ἀπαγγελίας
1100 3934 1473 4007 ὀλιγωρήσας,
1506 3935 1602 3989 καὶ
1628 3933 1724 3988 τοῦ

159 4023 398 4094 σωτηρίου
451 4026 917 4098 προστάγματος,
972 4027 1110 4098 πρὸς
1155 4027 1246 4080 τὸν
1309 4026 1478 4097 τάφον
1529 4026 1726 4099 ἐχώρει

160 4112 314 4180 πρωῒ,
348 4119 605 4183 σκοτίας
654 4118 741 4171 ἔτι
797 4117 990 4184 οὔσης
1025 4160 1041 4182 ,
1100 4118 1178 4181 ὡς
1227 4118 1482 4189 Ἰωάννης
1538 4118 1724 4189 φησίν.

159 4202 342 4279 Ὠσπερ
388 4209 500 4283 γὰρ
549 4210 933 4282 συνεχώρησεν
985 4212 1015 4264 ὁ
1048 4210 1254 4283 Κύριος
1300 4211 1390 4264 τὸν
1424 4212 1627 4281 Θωμᾶν
1666 4210 1727 4279 ἐξ

156 4295 383 4365 ἀπιστίας
410 4303 620 4366 εἰπεῖν,
677 4301 818 4357 Ἐὰν
845 4302 933 4373 μὴ
970 4302 1075 4355 ἴδω
1100 4302 1170 4357 ἑν
1193 4302 1323 4368 ταῖς
1360 4302 1576 4371 χερσὶν
1615 4305 1725 4357 αὐ-

158 4387 246 4441 τοῦ
266 4391 365 4445 τὸν
388 4394 588 4448 τύπον
611 4392 730 4447 τῶν
754 4392 944 4461 ἥλων,
966 4392 1065 4447 καὶ
1086 4392 1264 4457 ,βάλω
1290 4394 1400 4446 τὸν
1420 4394 1728 4449 δάκτυλόν

152 4495 253 4545 μου
269 4486 349 4548 είς
372 4484 481 4539 τὸν
521 4486 718 4539 τύπον
739 4484 858 4538 τῶν
884 4484 1072 4553 ἥλων,
1099 4485 1200 4539 καὶ
1215 4484 1389 4552 βάλω
1415 4486 1531 4556 τὴν
1557 4486 1728 4556 χεῖρά

153 4584 254 4633 μου
276 4573 359 4637 εἰς
381 4572 496 4641 τὴν
521 4574 793 4643 πλευρὰν
824 4573 1033 4637 αὐτοῦ,
1065 4576 1137 4628 οὐ
1158 4574 1247 4645 μὴ
1277 4575 1603 4630 πιστεύσω·
1635 4576 1728 4630 καὶ

157 4656 230 4712 διὰ
252 4663 341 4734 τῆς
363 4667 571 4719 ἐκείνου
604 4665 1063 4737 πολυπράγμονος
1086 4667 1343 4732 ἀπιστίας
1366 4669 1461 4721 καὶ
1484 4671 1722 4742 ἐπαφῆς,

157 4750 295 4820 ἡμεῖς
324 4758 400 4820 εἰς
435 4758 537 4827 τὴν
592 4758 776 4811 πίστιν
831 4757 1245 4830 ἐϐεϐαιώθημεν
1272 4800 1287 4826 ,
1339 4762 1396 4813 ἐν
1426 4754 1471 4829 ᾧ
1507 4760 1726 4832 σώματι

159 4846 401 4903 πέπονθεν
420 4890 435 4916 ,
473 4853 534 4905 ὲν
561 4850 710 4924 αὐτῷ
739 4852 834 4906 καὶ
882 4852 1183 4924 ἐγηγέρθαι
1216 4854 1605 4919 πιστεύσαντες
1634 4857 1728 4909 τὸν

170 4934 526 5011 Ἐμμανουήλ,
562 4944 686 5007 τοὺς
718 4947 817 5015 τῆς
845 4943 1118 5017 δοκήσεως
1146 4945 1348 5016 μύθους
1392 4947 1726 5018 ἀποπεμψά-

162 5042 316 5096 μενοιο
342 5033 431 5088 τὸν
456 5034 620 5090 αὑτὸν
643 5037 842 5108 τρόπον
869 5039 963 5091 καὶ
986 5038 1085 5109 τὴν
1111 5039 1477 5113 Μαγδαληνὴν
1504 5040 1725 5113 Μαρίαν

159 5120 275 5188 πρὸς
324 5125 582 5192 ἀπιστίας
615 5130 1063 5201 ὑπονοστήσασαν
1091 5170 1106 5196 ,
1156 5133 1252 5186 καὶ
1306 5133 1727 5206 μεγαλευχερῶς

159 5211 293 5268 τοῦτο
323 5219 603 5274 παθοῦσαν
633 5222 772 5293 (οὐκ
803 5222 997 5295 ἄδηλον
1033 5224 1140 5296 γὰρ
1178 5223 1239 5277 τὸ
1267 5224 1368 5297 τῆς
1409 5225 1728 5294 γυναικείας

160 5304 409 5363 εὐόλισθον
459 5311 753 5386 φύσεως),
808 5314 1105 5387 συνεχώρει
1149 5315 1237 5369 διὰ
1272 5316 1371 5387 τῆς
1428 5318 1722 5388 περιέργου

161 5388 419 5468 ζητήσεως
443 5441 459 5467 ,
517 5403 835 5475 πιστότερον
884 5403 1223 5476 ἐργάσασθαι
1275 5402 1336 5457 τὸ
1395 5403 1579 5475 θαῦμα
1625 5404 1727 5473 τῆς

161 5484 485 5556 ἀναστάσεως
510 5533 527 5559 ,
581 5494 813 5561 πίστεως
875 5496 1120 5568 ὑπάρχον
1183 5497 1328 5571 πέρα
1373 5497 1470 5551 καὶ
1522 5497 1725 5561 παντὸς

162 5574 421 5653 λογισμοῦ.
450 5586 565 5638 Καὶ
592 5588 727 5657 μετά
766 5588 941 5643 ταῦτα
986 5589 1084 5661 τῆς
1133 5589 1438 5659 ἀμφιϐόλου
1486 5588 1725 5651 διανοίας

164 5665 371 5728 ἐλθοῦσα
393 5716 408 5743 ,
436 5679 532 5731 καὶ
566 5677 742 5734 ἰδοῦσα
777 5680 937 5751 μόνον
969 5680 1060 5737 τὸν
1098 5680 1244 5736 λίθον
1291 5680 1725 5738 ἁποκυλισθέντα

1830 3400 2183 3457 progressus,
2229 3400 2342 3456 quo
2372 3387 2441 3440 ad
2477 3393 2690 3457 portam
2721 3398 2942 3454 quoque
2970 3382 3125 3437 urbis
3165 3379 3421 3436 transiis-

1829 3487 1937 3541 sel,
1986 3492 2100 3533 non
2146 3477 2375 3547 putabat
2407 3491 2598 3532 verum
2639 3489 2763 3529 esse
2797 3472 2944 3544 quod
2988 3470 3271 3543 agebatur,
3304 3458 3417 3528 sed

1832 3566 2097 3623 visionem
2150 3580 2211 3625 se
2266 3565 2453 3623 videre
2505 3566 2859 3623 existimabat
2900 3564 3022 3621 :ita
3078 3564 3245 3619 etiam
3299 3562 3416 3618 haec

1829 3674 1955 3714 cum
1990 3659 2369 3716 excellentiam
2420 3657 2673 3714 miraculi
2725 3656 2893 3713 veluti
2938 3657 3314 3727 importunum
3362 3662 3420 3710 et

1830 3752 2274 3823 intempestivum
2311 3748 2567 3822 quiddam
2608 3764 2733 3806 esse
2774 3755 3080 3820 reputaret,
3125 3755 3181 3803 et
3222 3747 3414 3811 simul,

1830 3851 2194 3916 posteaquam
2232 3843 2491 3900 custodes
2536 3842 2988 3905 antevertissent,
3023 3849 3080 3895 et
3110 3854 3237 3894 cum
3274 3854 3415 3910 pon-

1830 3937 2073 3993 tiﬁcibus
2106 3935 2410 4006 cmpissent
2437 3943 2637 4001 texere
2665 3932 3000 3989 calumniam
3034 3931 3301 3987 adversus
3332 3945 3424 3985 re-

1830 4028 2258 4090 surrectionem,
2299 4042 2532 4098 prorsus
2570 4026 2682 4082 tale
2724 4025 2983 4095 quiddam
3033 4023 3417 4079 subsusurrari

1830 4118 2124 4184 sensisset,
2160 4116 2539 4188 ambiguitatis
2570 4131 2635 4173 ac
2659 4114 3021 4171 dubitationis
3052 4113 3419 4184 cogitationes

1829 4211 2054 4267 admisit
2085 4229 2102 4267 :
2130 4210 2492 4280 neglectaque
2521 4207 2936 4264 renuntiatione
2974 4213 3142 4275 atque
3184 4203 3419 4260 salutari

1828 4301 2112 4368 mandato,
2146 4302 2215 4356 ad
2247 4301 2565 4371 sepulcrum
2590 4299 2850 4355 tendebat
2879 4312 3061 4361 mane,
3089 4294 3223 4350 Cum
3245 4294 3418 4348 adhuc

1832 4392 2056 4449 tenebrae
2107 4399 2302 4457 essent,
2359 4397 2419 4444 ut
2459 4387 2703 4443 Joannes
2755 4388 2893 4442 ait".
2940 4383 3418 4452 Quemadmodum

1829 4487 1977 4543 enim
2008 4483 2266 4555 permisit
2312 4481 2602 4546 Dominus,
2648 4489 2709 4535 ut
2734 4494 2801 4535 ex
2837 4477 3226 4533 incredulitate
3270 4475 3420 4531 leo-

1831 4595 1950 4636 nias
1983 4579 2218 4639 diceret,
2260 4574 2388 4630 Nisi
2422 4573 2597 4629 videro
2633 4576 2689 4628 in
2718 4571 2965 4627 manibus
2991 4571 3106 4641 ejus
3145 4571 3420 4642 vestigium

1827 4673 2120 4735 clavorum,
2169 4681 2219 4725 et
2275 4670 2485 4723 mittam
2534 4668 2760 4739 digitum
2816 4683 2986 4721 meum
3039 4666 3095 4719 iu
3145 4665 3421 4736 vestigium

1829 4766 2120 4826 clavorum,
2156 4763 2367 4816 mittam
2400 4762 2524 4815 item
2558 4775 2775 4814 manum
2804 4775 2977 4813 meam
3012 4758 3067 4812 in
3098 4758 3240 4812 latus
3279 4757 3417 4825 ejus,

1830 4872 1935 4910 non
1980 4851 2234 4909 credam“
2268 4871 2281 4907 :
2315 4868 2379 4907 ac
2416 4867 2512 4922 per
2546 4852 2831 4907 curiosam
2871 4850 3020 4904 illius
3062 4847 3421 4903 incredulita-

1829 4955 1940 5005 tem
1978 4954 2035 5002 et
2064 4943 2585 5009 contrectationem,
2625 4959 2729 5001 nos
2767 4944 2822 4998 in
2854 4957 2975 4998 eam
3016 4940 3178 4996 ﬁdem
3209 4938 3418 4994 contir—

1830 5039 1968 5095 mati
2016 5054 2233 5105 sumus,
2282 5044 2344 5091 ut
2383 5038 2606 5094 omissis
2663 5036 2990 5108 opinionum
3037 5048 3103 5089 ac
3146 5032 3419 5104 suspicio-

1831 5147 1961 5188 num
1993 5131 2222 5197 fabulis,
2259 5146 2370 5203 quo
2402 5145 2636 5199 corpore
2664 5144 2866 5199 passus
2892 5135 2996 5193 est,
3032 5126 3226 5182 eodem
3251 5125 3415 5181 etiam

1832 5223 2231 5280 resuscitatum
2266 5238 2392 5278 esse
2419 5221 2714 5277 credamus
2742 5218 3153 5273 Emmanuelem
3185 5235 3199 5271 :
3225 5215 3418 5272 eodem

1829 5316 1994 5373 modo
2029 5314 2257 5369 Mariam
2308 5328 2533 5385 quoque
2578 5310 2955 5383 Magdalenam
3003 5310 3073 5364 ad
3116 5309 3421 5365 increduli-

1827 5415 1999 5463 tatem
2034 5423 2341 5471 reversam,
2392 5422 2517 5461 cum
2558 5406 2665 5460 hoc
2695 5404 2865 5460 etiam
2914 5401 3136 5458 facilius
3182 5403 3231 5458 ei
3274 5402 3419 5458 acci-

1828 5500 2003 5556 disset
2039 5504 2172 5568 (non
2195 5500 2384 5571 ignota
2421 5509 2507 5554 est
2536 5496 2682 5552 enim
2714 5494 3005 5550 muliebris
3039 5509 3208 5551 sexus
3247 5494 3419 5565 fragi-

1831 5592 1960 5647 litas
1999 5601 2054 5646 et
2093 5591 2332 5647 facilitas
2366 5590 2435 5647 ad
2482 5586 2744 5659 lapsum),
2784 5601 2882 5657 per
2913 5586 3191 5642 curiosam
3232 5593 3284 5641 ct
3319 5602 3419 5641 su-

1835 5682 2166 5755 pervacuam
2208 5683 2651 5756 inquisitionem,
2690 5681 3021 5737 miraculum
3053 5681 3419 5738 resurrectio-

225 5851 246 5880 ⁵
273 5849 452 5909 ὶίιιιῑιι.
480 5871 675 5923 xxvm,
714 5860 893 5915 ll—IS.
971 5862 990 5892 ⁵
1014 5858 1171 5916 Joan.
1236 5877 1347 5930 xu,
1373 5861 1462 5918 9.5.
1543 5861 1562 5892 ‘
1594 5859 1725 5920 Luc.

1829 5860 1916 5920 28.
1993 5864 2012 5897 ⁷
2042 5861 2204 5920 Joan.
2246 5880 2336 5930 sx,
2376 5864 2423 5919 1.
2501 5864 2523 5898 ⁸
2554 5862 2687 5920 ibid.
2730 5862 2822 5920 25.
