  <div class='ocr_page' id='page_1' title='image "/cluster/home/n/w/nwhite01/storage/ocr_20150623/46:no.3/coo.31924054869668/330.png"; bbox 0 0 3882 6420; ppageno 0'>
   <div class='ocr_carea' id='block_1_1' title="bbox 197 467 2458 532">
    <p class='ocr_par' dir='ltr' id='par_1_1' title="bbox 197 467 2458 532">
     <span class='ocr_line' id='line_1_1' title="bbox 197 467 2458 532; baseline 0.008 -17"><span class='ocrx_word' id='word_1_1' title='bbox 197 471 278 530; x_wconf 69' lang='grc' dir='ltr'><strong>σῃ</strong></span> <span class='ocrx_word' id='word_1_2' title='bbox 1065 468 1134 525; x_wconf 73' lang='lat' dir='ltr'><strong>IN</strong></span> <span class='ocrx_word' id='word_1_3' title='bbox 1157 467 1436 526; x_wconf 78' lang='lat' dir='ltr'><strong>CHRISTI</strong></span> <span class='ocrx_word' id='word_1_4' title='bbox 1475 467 2116 529; x_wconf 78' lang='lat' dir='ltr'><strong>RESURBECTIONEM</strong></span> <span class='ocrx_word' id='word_1_5' title='bbox 2147 471 2356 530; x_wconf 76' lang='lat' dir='ltr'><strong>()RAT.</strong></span> <span class='ocrx_word' id='word_1_6' title='bbox 2389 476 2458 532; x_wconf 85' lang='lat' dir='ltr'><strong>Il.</strong></span> 
     </span>
    </p>
   </div>
   <div class='ocr_carea' id='block_1_2' title="bbox 3311 482 3417 539">
    <p class='ocr_par' dir='ltr' id='par_1_2' title="bbox 3311 482 3417 539">
     <span class='ocr_line' id='line_1_2' title="bbox 3311 482 3417 539; baseline 0 0"><span class='ocrx_word' id='word_1_7' title='bbox 3311 482 3417 539; x_wconf 66' lang='grc'><strong>542</strong></span> 
     </span>
    </p>
   </div>
   <div class='ocr_carea' id='block_1_3' title="bbox 196 576 1719 662">
    <p class='ocr_par' dir='ltr' id='par_1_3' title="bbox 196 584 1719 658">
     <span class='ocr_line' id='line_1_3' title="bbox 196 584 1719 658; baseline -0.005 -12"><span class='ocrx_word' id='word_1_8' title='bbox 196 607 270 646; x_wconf 70' lang='grc' dir='ltr'><strong>νιν</strong></span> <span class='ocrx_word' id='word_1_9' title='bbox 309 587 497 642; x_wconf 75' lang='grc' dir='ltr'><strong>ἰδοῦσαι</strong></span> <span class='ocrx_word' id='word_1_10' title='bbox 529 584 621 641; x_wconf 80' lang='grc' dir='ltr'>τοῦ</span> <span class='ocrx_word' id='word_1_11' title='bbox 674 587 976 658; x_wconf 83' lang='grc' dir='ltr'><strong>μνήματος,</strong></span> <span class='ocrx_word' id='word_1_12' title='bbox 1024 584 1170 639; x_wconf 79' lang='grc' dir='ltr'>ἔνδον</span> <span class='ocrx_word' id='word_1_13' title='bbox 1203 585 1471 653; x_wconf 79' lang='grc' dir='ltr'>ἐγένοντο,</span> <span class='ocrx_word' id='word_1_14' title='bbox 1514 586 1609 640; x_wconf 73' lang='grc' dir='ltr'>καὶ</span> <span class='ocrx_word' id='word_1_15' title='bbox 1635 586 1719 657; x_wconf 77' lang='grc' dir='ltr'><strong>οὐ)</strong></span> 
     </span>
    </p>
   </div>
   <div class='ocr_carea' id='block_1_4' title="bbox 1824 576 3415 662">
    <p class='ocr_par' dir='ltr' id='par_1_4' title="bbox 1839 576 3415 662">
     <span class='ocr_line' id='line_1_4' title="bbox 1839 576 3415 662; baseline 0.007 -21"><span class='ocrx_word' id='word_1_16' title='bbox 1839 576 1992 652; x_wconf 87' lang='lat' dir='ltr'><strong>cens,</strong></span> <span class='ocrx_word' id='word_1_17' title='bbox 2041 604 2164 644; x_wconf 91' lang='lat' dir='ltr'><strong>cum</strong></span> <span class='ocrx_word' id='word_1_18' title='bbox 2199 589 2538 647; x_wconf 82' lang='lat' dir='ltr'><strong>admirantes</strong></span> <span class='ocrx_word' id='word_1_19' title='bbox 2563 598 2726 662; x_wconf 88' lang='lat' dir='ltr'><strong>atque</strong></span> <span class='ocrx_word' id='word_1_20' title='bbox 2757 593 3068 650; x_wconf 76' lang='lat' dir='ltr'><strong>dubitantes</strong></span> <span class='ocrx_word' id='word_1_21' title='bbox 3098 609 3217 651; x_wconf 77' lang='lat' dir='ltr'><strong>eam</strong></span> <span class='ocrx_word' id='word_1_22' title='bbox 3246 597 3415 652; x_wconf 88' lang='lat' dir='ltr'><strong>inter-</strong></span> 
     </span>
    </p>
   </div>
   <div class='ocr_carea' id='block_1_5' title="bbox 196 676 1731 750">
    <p class='ocr_par' dir='ltr' id='par_1_5' title="bbox 196 676 1731 750">
     <span class='ocr_line' id='line_1_5' title="bbox 196 676 1731 750; baseline -0.002 -17"><span class='ocrx_word' id='word_1_23' title='bbox 196 679 417 750; x_wconf 78' lang='grc' dir='ltr'>εὑροῦσαι</span> <span class='ocrx_word' id='word_1_24' title='bbox 440 677 499 731; x_wconf 84' lang='grc' dir='ltr'><strong>τὸ</strong></span> <span class='ocrx_word' id='word_1_25' title='bbox 522 677 680 748; x_wconf 85' lang='grc' dir='ltr'>σῶμα</span> <span class='ocrx_word' id='word_1_26' title='bbox 707 676 802 730; x_wconf 82' lang='grc' dir='ltr'>τοῦ</span> <span class='ocrx_word' id='word_1_27' title='bbox 840 676 1037 747; x_wconf 82' lang='grc' dir='ltr'><strong>Ἰησοῦ,</strong></span> <span class='ocrx_word' id='word_1_28' title='bbox 1066 679 1161 732; x_wconf 73' lang='grc' dir='ltr'>καὶ</span> <span class='ocrx_word' id='word_1_29' title='bbox 1187 677 1579 748; x_wconf 88' lang='grc' dir='ltr'>ἀπορούμεναι,</span> <span class='ocrx_word' id='word_1_30' title='bbox 1611 676 1731 747; x_wconf 82' lang='grc' dir='ltr'>βλέ-</span> 
     </span>
    </p>
   </div>
   <div class='ocr_carea' id='block_1_6' title="bbox 194 769 1731 841">
    <p class='ocr_par' dir='ltr' id='par_1_6' title="bbox 194 769 1731 841">
     <span class='ocr_line' id='line_1_6' title="bbox 194 769 1731 841; baseline -0.001 -17"><span class='ocrx_word' id='word_1_31' title='bbox 194 787 355 824; x_wconf 81' lang='grc' dir='ltr'>πουσιν</span> <span class='ocrx_word' id='word_1_32' title='bbox 398 769 713 833; x_wconf 84' lang='grc' dir='ltr'>ὲπιστάντας</span> <span class='ocrx_word' id='word_1_33' title='bbox 764 769 956 833; x_wconf 82' lang='grc' dir='ltr'>αὐταῖς</span> <span class='ocrx_word' id='word_1_34' title='bbox 1001 769 1199 841; x_wconf 79' lang='grc' dir='ltr'>ἄνδρας</span> <span class='ocrx_word' id='word_1_35' title='bbox 1243 769 1338 823; x_wconf 89' lang='grc' dir='ltr'><strong>δύο</strong></span> <span class='ocrx_word' id='word_1_36' title='bbox 1364 772 1485 833; x_wconf 81' lang='grc' dir='ltr'>ταῖς</span> <span class='ocrx_word' id='word_1_37' title='bbox 1517 769 1731 833; x_wconf 77' lang='grc' dir='ltr'><strong>στολαῖς</strong></span> 
     </span>
    </p>
   </div>
   <div class='ocr_carea' id='block_1_7' title="bbox 196 859 1731 932">
    <p class='ocr_par' dir='ltr' id='par_1_7' title="bbox 196 859 1731 932">
     <span class='ocr_line' id='line_1_7' title="bbox 196 859 1731 932; baseline -0.002 -16"><span class='ocrx_word' id='word_1_38' title='bbox 196 862 647 932; x_wconf 72' lang='grc' dir='ltr'>ἑξαστράτηοντας,</span> <span class='ocrx_word' id='word_1_39' title='bbox 681 862 774 915; x_wconf 77' lang='grc' dir='ltr'>καὶ</span> <span class='ocrx_word' id='word_1_40' title='bbox 798 862 996 932; x_wconf 75' lang='grc' dir='ltr'>ἤκουον</span> <span class='ocrx_word' id='word_1_41' title='bbox 1018 861 1150 931; x_wconf 85' lang='grc' dir='ltr'>παρ’</span> <span class='ocrx_word' id='word_1_42' title='bbox 1176 860 1356 915; x_wconf 76' lang='grc' dir='ltr'>αὐτῶν</span> <span class='ocrx_word' id='word_1_43' title='bbox 1380 878 1393 892; x_wconf 74' lang='grc' dir='ltr'><strong>ο</strong></span> <span class='ocrx_word' id='word_1_44' title='bbox 1432 862 1492 914; x_wconf 81' lang='grc' dir='ltr'>Τί</span> <span class='ocrx_word' id='word_1_45' title='bbox 1512 859 1731 927; x_wconf 78' lang='grc' dir='ltr'>ζητεῖτε</span> 
     </span>
    </p>
   </div>
   <div class='ocr_carea' id='block_1_8' title="bbox 190 932 1730 1020">
    <p class='ocr_par' dir='ltr' id='par_1_8' title="bbox 190 932 1730 1020">
     <span class='ocr_line' id='line_1_8' title="bbox 190 932 1730 1020; baseline 0 -15"><span class='ocrx_word' id='word_1_46' title='bbox 190 953 278 1006; x_wconf 76' lang='grc' dir='ltr'><strong>τὸν</strong></span> <span class='ocrx_word' id='word_1_47' title='bbox 299 951 468 1012; x_wconf 82' lang='grc' dir='ltr'>ζῶντα</span> <span class='ocrx_word' id='word_1_48' title='bbox 489 952 637 1020; x_wconf 81' lang='grc' dir='ltr'><strong>μετά</strong></span> <span class='ocrx_word' id='word_1_49' title='bbox 662 950 783 1005; x_wconf 84' lang='grc' dir='ltr'><strong>τῶν</strong></span> <span class='ocrx_word' id='word_1_50' title='bbox 800 949 1065 1019; x_wconf 75' lang='grc' dir='ltr'>νεκρῶν;</span> <span class='ocrx_word' id='word_1_51' title='bbox 1094 953 1216 1005; x_wconf 85' lang='grc' dir='ltr'><strong>Οὐκ</strong></span> <span class='ocrx_word' id='word_1_52' title='bbox 1240 952 1411 1005; x_wconf 77' lang='grc' dir='ltr'>ἐστιν</span> <span class='ocrx_word' id='word_1_53' title='bbox 1427 944 1563 1016; x_wconf 83' lang='grc' dir='ltr'>ὧδε,</span> <span class='ocrx_word' id='word_1_54' title='bbox 1590 932 1730 1005; x_wconf 73' lang='grc' dir='ltr'><strong>ἀλλ’</strong></span> 
     </span>
    </p>
   </div>
   <div class='ocr_carea' id='block_1_9' title="bbox 188 1040 1726 1114">
    <p class='ocr_par' dir='ltr' id='par_1_9' title="bbox 188 1040 1726 1114">
     <span class='ocr_line' id='line_1_9' title="bbox 188 1040 1726 1114; baseline 0 -20"><span class='ocrx_word' id='word_1_55' title='bbox 188 1042 394 1111; x_wconf 74' lang='grc' dir='ltr'>ἠγέρθη,</span> <span class='ocrx_word' id='word_1_56' title='bbox 440 1043 531 1095; x_wconf 77' lang='grc' dir='ltr'><strong>καὶ</strong></span> <span class='ocrx_word' id='word_1_57' title='bbox 574 1042 639 1095; x_wconf 87' lang='grc' dir='ltr'><strong>τά</strong></span> <span class='ocrx_word' id='word_1_58' title='bbox 682 1041 828 1114; x_wconf 81' lang='grc' dir='ltr'><strong>ἑξῆς.</strong></span> <span class='ocrx_word' id='word_1_59' title='bbox 884 1042 995 1096; x_wconf 80' lang='grc' dir='ltr'>Καὶ</span> <span class='ocrx_word' id='word_1_60' title='bbox 1043 1040 1491 1112; x_wconf 78' lang='grc' dir='ltr'><strong>ὑποστρέψασαι,</strong></span> <span class='ocrx_word' id='word_1_61' title='bbox 1540 1040 1726 1112; x_wconf 78' lang='grc' dir='ltr'>φησὶν,</span> 
     </span>
    </p>
   </div>
   <div class='ocr_carea' id='block_1_10' title="bbox 187 1130 1728 1203">
    <p class='ocr_par' dir='ltr' id='par_1_10' title="bbox 187 1130 1728 1203">
     <span class='ocr_line' id='line_1_10' title="bbox 187 1130 1728 1203; baseline 0.001 -17"><span class='ocrx_word' id='word_1_62' title='bbox 187 1134 275 1186; x_wconf 74' lang='grc' dir='ltr'>ἀπὸ</span> <span class='ocrx_word' id='word_1_63' title='bbox 315 1132 400 1185; x_wconf 79' lang='grc' dir='ltr'>τοῦ</span> <span class='ocrx_word' id='word_1_64' title='bbox 435 1130 733 1202; x_wconf 84' lang='grc' dir='ltr'>μνημείου,</span> <span class='ocrx_word' id='word_1_65' title='bbox 779 1132 1120 1203; x_wconf 80' lang='grc' dir='ltr'>ἀπήγγειλαν</span> <span class='ocrx_word' id='word_1_66' title='bbox 1168 1130 1343 1186; x_wconf 79' lang='grc' dir='ltr'>ταῦτα</span> <span class='ocrx_word' id='word_1_67' title='bbox 1389 1132 1566 1186; x_wconf 89' lang='grc' dir='ltr'>πάντα</span> <span class='ocrx_word' id='word_1_68' title='bbox 1615 1134 1728 1198; x_wconf 81' lang='grc' dir='ltr'>τοῖς</span> 
     </span>
    </p>
   </div>
   <div class='ocr_carea' id='block_1_11' title="bbox 186 1223 1050 1288">
    <p class='ocr_par' dir='ltr' id='par_1_11' title="bbox 186 1223 1050 1288">
     <span class='ocr_line' id='line_1_11' title="bbox 186 1223 1050 1288; baseline -0.001 -10"><span class='ocrx_word' id='word_1_69' title='bbox 186 1223 367 1288; x_wconf 66' lang='grc' dir='ltr'>ἕνδεκα,</span> <span class='ocrx_word' id='word_1_70' title='bbox 397 1223 487 1277; x_wconf 82' lang='grc' dir='ltr'>καὶ</span> <span class='ocrx_word' id='word_1_71' title='bbox 522 1225 654 1277; x_wconf 80' lang='grc' dir='ltr'>πᾶσι</span> <span class='ocrx_word' id='word_1_72' title='bbox 681 1226 790 1288; x_wconf 87' lang='grc' dir='ltr'>τοῖς</span> <span class='ocrx_word' id='word_1_73' title='bbox 822 1224 1050 1288; x_wconf 85' lang='grc' dir='ltr'>λοιποῖς.</span> 
     </span>
    </p>
   </div>
   <div class='ocr_carea' id='block_1_12' title="bbox 1837 681 3415 754">
    <p class='ocr_par' dir='ltr' id='par_1_12' title="bbox 1837 681 3415 754">
     <span class='ocr_line' id='line_1_12' title="bbox 1837 681 3415 754; baseline 0.006 -21"><span class='ocrx_word' id='word_1_74' title='bbox 1837 687 2056 749; x_wconf 79' lang='lat' dir='ltr'><strong>rogaret</strong></span> <span class='ocrx_word' id='word_1_75' title='bbox 2081 698 2096 747; x_wconf 88' lang='lat'><strong>;</strong></span> <span class='ocrx_word' id='word_1_76' title='bbox 2125 681 2221 735; x_wconf 90' lang='lat' dir='ltr'><strong>sed</strong></span> <span class='ocrx_word' id='word_1_77' title='bbox 2250 683 2605 750; x_wconf 81' lang='lat' dir='ltr'><strong>exspectabat</strong></span> <span class='ocrx_word' id='word_1_78' title='bbox 2649 699 2833 738; x_wconf 89' lang='lat' dir='ltr'><strong>rerum</strong></span> <span class='ocrx_word' id='word_1_79' title='bbox 2864 694 3134 754; x_wconf 79' lang='lat' dir='ltr'><strong>gestarum</strong></span> <span class='ocrx_word' id='word_1_80' title='bbox 3167 687 3415 743; x_wconf 85' lang='lat' dir='ltr'><strong>testimo-</strong></span> 
     </span>
    </p>
   </div>
   <div class='ocr_carea' id='block_1_13' title="bbox 1837 768 3413 847">
    <p class='ocr_par' dir='ltr' id='par_1_13' title="bbox 1837 768 3413 847">
     <span class='ocr_line' id='line_1_13' title="bbox 1837 768 3413 847; baseline 0.008 -25"><span class='ocrx_word' id='word_1_81' title='bbox 1837 768 2011 831; x_wconf 84' lang='lat' dir='ltr'><strong>nium,</strong></span> <span class='ocrx_word' id='word_1_82' title='bbox 2044 778 2098 823; x_wconf 81' lang='lat' dir='ltr'><strong>et</strong></span> <span class='ocrx_word' id='word_1_83' title='bbox 2119 772 2377 828; x_wconf 87' lang='lat' dir='ltr'><strong>credebat</strong></span> <span class='ocrx_word' id='word_1_84' title='bbox 2398 772 2517 828; x_wconf 83' lang='lat' dir='ltr'><strong>fore</strong></span> <span class='ocrx_word' id='word_1_85' title='bbox 2542 781 2603 827; x_wconf 90' lang='lat' dir='ltr'><strong>ut</strong></span> <span class='ocrx_word' id='word_1_86' title='bbox 2625 774 2789 829; x_wconf 90' lang='lat' dir='ltr'><strong>etiam</strong></span> <span class='ocrx_word' id='word_1_87' title='bbox 2826 776 2935 832; x_wconf 89' lang='lat' dir='ltr'><strong>illis</strong></span> <span class='ocrx_word' id='word_1_88' title='bbox 2966 777 3243 847; x_wconf 79' lang='lat' dir='ltr'><strong>sigillatim</strong></span> <span class='ocrx_word' id='word_1_89' title='bbox 3265 790 3413 836; x_wconf 88' lang='lat' dir='ltr'><strong>certa</strong></span> 
     </span>
    </p>
   </div>
   <div class='ocr_carea' id='block_1_14' title="bbox 1839 858 3412 939">
    <p class='ocr_par' dir='ltr' id='par_1_14' title="bbox 1839 858 3412 939">
     <span class='ocr_line' id='line_1_14' title="bbox 1839 858 3412 939; baseline 0.006 -25"><span class='ocrx_word' id='word_1_90' title='bbox 1839 858 1977 915; x_wconf 78' lang='lat' dir='ltr'><strong>fides</strong></span> <span class='ocrx_word' id='word_1_91' title='bbox 2005 861 2273 932; x_wconf 87' lang='lat' dir='ltr'><strong>plenaque</strong></span> <span class='ocrx_word' id='word_1_92' title='bbox 2298 866 2590 934; x_wconf 87' lang='lat' dir='ltr'><strong>persuasio</strong></span> <span class='ocrx_word' id='word_1_93' title='bbox 2615 881 2709 935; x_wconf 80' lang='lat' dir='ltr'><strong>per</strong></span> <span class='ocrx_word' id='word_1_94' title='bbox 2736 866 3020 922; x_wconf 91' lang='lat' dir='ltr'><strong>oculorum</strong></span> <span class='ocrx_word' id='word_1_95' title='bbox 3053 867 3203 923; x_wconf 86' lang='lat' dir='ltr'><strong>ﬁeret</strong></span> <span class='ocrx_word' id='word_1_96' title='bbox 3229 869 3412 939; x_wconf 87' lang='lat' dir='ltr'><strong>inspo-</strong></span> 
     </span>
    </p>
   </div>
   <div class='ocr_carea' id='block_1_15' title="bbox 1837 953 3416 1027">
    <p class='ocr_par' dir='ltr' id='par_1_15' title="bbox 1837 953 3416 1027">
     <span class='ocr_line' id='line_1_15' title="bbox 1837 953 3416 1027; baseline 0.006 -21"><span class='ocrx_word' id='word_1_97' title='bbox 1837 953 2097 1008; x_wconf 90' lang='lat' dir='ltr'><strong>ctioncm.</strong></span> <span class='ocrx_word' id='word_1_98' title='bbox 2125 953 2312 1026; x_wconf 84' lang='lat' dir='ltr'><strong>Itaque</strong></span> <span class='ocrx_word' id='word_1_99' title='bbox 2335 970 2462 1025; x_wconf 89' lang='lat' dir='ltr'><strong>cum</strong></span> <span class='ocrx_word' id='word_1_100' title='bbox 2490 958 2724 1027; x_wconf 87' lang='lat' dir='ltr'><strong>lapidem</strong></span> <span class='ocrx_word' id='word_1_101' title='bbox 2755 973 2784 1011; x_wconf 87' lang='lat' dir='ltr'><strong>a</strong></span> <span class='ocrx_word' id='word_1_102' title='bbox 2818 967 3173 1014; x_wconf 82' lang='lat' dir='ltr'><strong>monumento</strong></span> <span class='ocrx_word' id='word_1_103' title='bbox 3203 960 3416 1016; x_wconf 89' lang='lat' dir='ltr'><strong>revolu-</strong></span> 
     </span>
    </p>
   </div>
   <div class='ocr_carea' id='block_1_16' title="bbox 1811 1045 3416 1120">
    <p class='ocr_par' dir='ltr' id='par_1_16' title="bbox 1811 1045 3416 1120">
     <span class='ocr_line' id='line_1_16' title="bbox 1811 1045 3416 1120; baseline 0.004 -22"><span class='ocrx_word' id='word_1_104' title='bbox 1811 1050 1951 1099; x_wconf 82' lang='lat' dir='ltr'><strong>‘tum</strong></span> <span class='ocrx_word' id='word_1_105' title='bbox 1994 1045 2282 1113; x_wconf 78' lang='lat' dir='ltr'><strong>vidissent,</strong></span> <span class='ocrx_word' id='word_1_106' title='bbox 2328 1048 2591 1120; x_wconf 64' lang='lat' dir='ltr'><strong>ingressa:</strong></span> <span class='ocrx_word' id='word_1_107' title='bbox 2628 1056 2777 1114; x_wconf 90' lang='lat' dir='ltr'><strong>sunt,</strong></span> <span class='ocrx_word' id='word_1_108' title='bbox 2826 1058 2881 1105; x_wconf 91' lang='lat' dir='ltr'><strong>et</strong></span> <span class='ocrx_word' id='word_1_109' title='bbox 2909 1066 3018 1105; x_wconf 90' lang='lat' dir='ltr'><strong>non</strong></span> <span class='ocrx_word' id='word_1_110' title='bbox 3044 1052 3269 1107; x_wconf 84' lang='lat' dir='ltr'><strong>invento</strong></span> <span class='ocrx_word' id='word_1_111' title='bbox 3296 1066 3416 1107; x_wconf 85' lang='lat' dir='ltr'><strong>cor-</strong></span> 
     </span>
    </p>
   </div>
   <div class='ocr_carea' id='block_1_17' title="bbox 1835 1134 3416 1211">
    <p class='ocr_par' dir='ltr' id='par_1_17' title="bbox 1835 1134 3416 1211">
     <span class='ocr_line' id='line_1_17' title="bbox 1835 1134 3416 1211; baseline 0.005 -22"><span class='ocrx_word' id='word_1_112' title='bbox 1835 1149 1968 1206; x_wconf 85' lang='lat' dir='ltr'><strong>pore</strong></span> <span class='ocrx_word' id='word_1_113' title='bbox 1990 1134 2141 1205; x_wconf 80' lang='lat' dir='ltr'><strong>Jesu,</strong></span> <span class='ocrx_word' id='word_1_114' title='bbox 2184 1138 2361 1195; x_wconf 80' lang='lat' dir='ltr'><strong>anxiae</strong></span> <span class='ocrx_word' id='word_1_115' title='bbox 2392 1148 2557 1211; x_wconf 83' lang='lat' dir='ltr'><strong>atque</strong></span> <span class='ocrx_word' id='word_1_116' title='bbox 2592 1141 2909 1196; x_wconf 61' lang='lat' dir='ltr'><strong>haesitantes</strong></span> <span class='ocrx_word' id='word_1_117' title='bbox 2939 1141 3123 1196; x_wconf 88' lang='lat' dir='ltr'><strong>vident</strong></span> <span class='ocrx_word' id='word_1_118' title='bbox 3170 1150 3416 1197; x_wconf 86' lang='lat' dir='ltr'><strong>astantes</strong></span> 
     </span>
    </p>
   </div>
   <div class='ocr_carea' id='block_1_18' title="bbox 1831 1226 3415 1314">
    <p class='ocr_par' dir='ltr' id='par_1_18' title="bbox 1831 1226 3415 1314">
     <span class='ocr_line' id='line_1_18' title="bbox 1831 1226 3415 1314; baseline 0.003 -33"><span class='ocrx_word' id='word_1_119' title='bbox 1831 1226 1935 1282; x_wconf 92' lang='lat' dir='ltr'><strong>sibi</strong></span> <span class='ocrx_word' id='word_1_120' title='bbox 1958 1228 2107 1283; x_wconf 82' lang='lat' dir='ltr'><strong>viros</strong></span> <span class='ocrx_word' id='word_1_121' title='bbox 2137 1229 2277 1286; x_wconf 89' lang='lat' dir='ltr'><strong>duos</strong></span> <span class='ocrx_word' id='word_1_122' title='bbox 2307 1232 2463 1286; x_wconf 89' lang='lat' dir='ltr'><strong>stolis</strong></span> <span class='ocrx_word' id='word_1_123' title='bbox 2493 1233 2651 1314; x_wconf 84' lang='lat' dir='ltr'><strong>quasi</strong></span> <span class='ocrx_word' id='word_1_124' title='bbox 2684 1230 3123 1312; x_wconf 60' lang='lat' dir='ltr'><strong>ell‘ulgurantes;</strong></span> <span class='ocrx_word' id='word_1_125' title='bbox 3152 1246 3182 1286; x_wconf 91' lang='lat' dir='ltr'><strong>a</strong></span> <span class='ocrx_word' id='word_1_126' title='bbox 3213 1233 3415 1302; x_wconf 88' lang='lat' dir='ltr'><strong>quibus</strong></span> 
     </span>
    </p>
   </div>
   <div class='ocr_carea' id='block_1_19' title="bbox 188 1314 3412 1395">
    <p class='ocr_par' dir='ltr' id='par_1_19' title="bbox 188 1314 3412 1395">
     <span class='ocr_line' id='line_1_19' title="bbox 188 1314 3412 1395; baseline 0.003 -26"><span class='ocrx_word' id='word_1_127' title='bbox 188 1314 471 1370; x_wconf 84' lang='lat' dir='ltr'><strong>audiverunt</strong></span> <span class='ocrx_word' id='word_1_128' title='bbox 499 1333 511 1370; x_wconf 89' lang='lat'><strong>:</strong></span> <span class='ocrx_word' id='word_1_129' title='bbox 542 1315 681 1387; x_wconf 83' lang='lat' dir='ltr'><strong>Quid</strong></span> <span class='ocrx_word' id='word_1_130' title='bbox 720 1318 961 1388; x_wconf 76' lang='lat' dir='ltr'><strong>quwritis</strong></span> <span class='ocrx_word' id='word_1_131' title='bbox 996 1320 1247 1372; x_wconf 78' lang='lat' dir='ltr'><strong>viventem</strong></span> <span class='ocrx_word' id='word_1_132' title='bbox 1280 1332 1401 1371; x_wconf 84' lang='lat' dir='ltr'><strong>cum</strong></span> <span class='ocrx_word' id='word_1_133' title='bbox 1445 1316 1719 1373; x_wconf 72' lang='lat' dir='ltr'><strong>mortuis?</strong></span> <span class='ocrx_word' id='word_1_134' title='bbox 1758 1333 1861 1372; x_wconf 87' lang='lat' dir='ltr'><strong>non</strong></span> <span class='ocrx_word' id='word_1_135' title='bbox 1891 1328 1968 1372; x_wconf 78' lang='lat' dir='ltr'><strong>est</strong></span> <span class='ocrx_word' id='word_1_136' title='bbox 1990 1319 2095 1385; x_wconf 82' lang='lat' dir='ltr'><strong>hic,</strong></span> <span class='ocrx_word' id='word_1_137' title='bbox 2127 1323 2219 1376; x_wconf 82' lang='lat' dir='ltr'><strong>scd</strong></span> <span class='ocrx_word' id='word_1_138' title='bbox 2243 1326 2471 1378; x_wconf 72' lang='lat' dir='ltr'><strong>surrexit</strong></span> <span class='ocrx_word' id='word_1_139' title='bbox 2500 1325 2564 1389; x_wconf 83' lang='lat'><strong>&quot;,</strong></span> <span class='ocrx_word' id='word_1_140' title='bbox 2597 1330 2704 1379; x_wconf 91' lang='lat' dir='ltr'><strong>etc.</strong></span> <span class='ocrx_word' id='word_1_141' title='bbox 2770 1322 2837 1377; x_wconf 87' lang='lat' dir='ltr'><strong>Et</strong></span> <span class='ocrx_word' id='word_1_142' title='bbox 2885 1337 3137 1389; x_wconf 71' lang='lat' dir='ltr'><strong>reversae,</strong></span> <span class='ocrx_word' id='word_1_143' title='bbox 3216 1324 3412 1395; x_wconf 83' lang='lat' dir='ltr'><strong>inquit.</strong></span> 
     </span>
    </p>
   </div>
   <div class='ocr_carea' id='block_1_20' title="bbox 187 1407 2692 1476">
    <p class='ocr_par' dir='ltr' id='par_1_20' title="bbox 187 1407 2692 1476">
     <span class='ocr_line' id='line_1_20' title="bbox 187 1407 2692 1476; baseline 0.006 -23"><span class='ocrx_word' id='word_1_144' title='bbox 187 1412 210 1453; x_wconf 83' lang='lat' dir='ltr'><strong>a</strong></span> <span class='ocrx_word' id='word_1_145' title='bbox 241 1414 572 1460; x_wconf 84' lang='lat' dir='ltr'><strong>monumento</strong></span> <span class='ocrx_word' id='word_1_146' title='bbox 622 1407 1018 1462; x_wconf 85' lang='lat' dir='ltr'><strong>nuntiaverunt</strong></span> <span class='ocrx_word' id='word_1_147' title='bbox 1054 1407 1169 1461; x_wconf 80' lang='lat' dir='ltr'><strong>haec</strong></span> <span class='ocrx_word' id='word_1_148' title='bbox 1217 1408 1404 1462; x_wconf 86' lang='lat' dir='ltr'><strong>omnia</strong></span> <span class='ocrx_word' id='word_1_149' title='bbox 1464 1408 1716 1463; x_wconf 84' lang='lat' dir='ltr'><strong>undecim</strong></span> <span class='ocrx_word' id='word_1_150' title='bbox 1758 1408 1868 1463; x_wconf 87' lang='lat' dir='ltr'><strong>illis</strong></span> <span class='ocrx_word' id='word_1_151' title='bbox 1905 1410 2060 1476; x_wconf 77' lang='lat' dir='ltr'><strong>viris,</strong></span> <span class='ocrx_word' id='word_1_152' title='bbox 2089 1420 2143 1467; x_wconf 85' lang='lat' dir='ltr'><strong>et</strong></span> <span class='ocrx_word' id='word_1_153' title='bbox 2173 1415 2386 1469; x_wconf 69' lang='lat' dir='ltr'><strong>caeteris</strong></span> <span class='ocrx_word' id='word_1_154' title='bbox 2415 1415 2692 1472; x_wconf 90' lang='lat' dir='ltr'><strong>omnibus.</strong></span> 
     </span>
    </p>
   </div>
   <div class='ocr_carea' id='block_1_21' title="bbox 252 1495 1726 1568">
    <p class='ocr_par' dir='ltr' id='par_1_21' title="bbox 252 1495 1726 1568">
     <span class='ocr_line' id='line_1_21' title="bbox 252 1495 1726 1568; baseline 0.001 -19"><span class='ocrx_word' id='word_1_155' title='bbox 252 1495 373 1549; x_wconf 83' lang='grc' dir='ltr'>Ἀλλ’</span> <span class='ocrx_word' id='word_1_156' title='bbox 401 1496 475 1559; x_wconf 84' lang='grc' dir='ltr'><strong>ὡς</strong></span> <span class='ocrx_word' id='word_1_157' title='bbox 502 1495 703 1567; x_wconf 86' lang='grc' dir='ltr'>πλῆθος</span> <span class='ocrx_word' id='word_1_158' title='bbox 733 1497 883 1560; x_wconf 76' lang='grc' dir='ltr'>ὄντες</span> <span class='ocrx_word' id='word_1_159' title='bbox 904 1535 919 1560; x_wconf 89' lang='grc'><strong>,</strong></span> <span class='ocrx_word' id='word_1_160' title='bbox 972 1497 1172 1568; x_wconf 78' lang='grc' dir='ltr'>μᾶλλον</span> <span class='ocrx_word' id='word_1_161' title='bbox 1201 1498 1511 1568; x_wconf 77' lang='grc' dir='ltr'>ἠπίστησαν</span> <span class='ocrx_word' id='word_1_162' title='bbox 1543 1497 1637 1552; x_wconf 79' lang='grc' dir='ltr'><strong>καὶ</strong></span> <span class='ocrx_word' id='word_1_163' title='bbox 1664 1497 1726 1550; x_wconf 80' lang='grc' dir='ltr'><strong>τὸ</strong></span> 
     </span>
    </p>
   </div>
   <div class='ocr_carea' id='block_1_22' title="bbox 182 1584 1727 1658">
    <p class='ocr_par' dir='ltr' id='par_1_22' title="bbox 182 1584 1727 1658">
     <span class='ocr_line' id='line_1_22' title="bbox 182 1584 1727 1658; baseline 0.002 -21"><span class='ocrx_word' id='word_1_164' title='bbox 182 1584 484 1653; x_wconf 73' lang='grc' dir='ltr'>ἀπαγγελθὲν</span> <span class='ocrx_word' id='word_1_165' title='bbox 515 1585 767 1656; x_wconf 80' lang='grc' dir='ltr'>ἔσκωψαν</span> <span class='ocrx_word' id='word_1_166' title='bbox 798 1588 893 1640; x_wconf 77' lang='grc' dir='ltr'>καὶ</span> <span class='ocrx_word' id='word_1_167' title='bbox 914 1586 1227 1645; x_wconf 86' lang='grc' dir='ltr'>διέπτυσαν.</span> <span class='ocrx_word' id='word_1_168' title='bbox 1282 1588 1587 1657; x_wconf 84' lang='grc' dir='ltr'>Ἐφάνησαν</span> <span class='ocrx_word' id='word_1_169' title='bbox 1616 1586 1727 1658; x_wconf 87' lang='grc' dir='ltr'>γὰρ</span> 
     </span>
    </p>
   </div>
   <div class='ocr_carea' id='block_1_23' title="bbox 183 1677 1723 1750">
    <p class='ocr_par' dir='ltr' id='par_1_23' title="bbox 183 1677 1723 1750">
     <span class='ocr_line' id='line_1_23' title="bbox 183 1677 1723 1750; baseline 0.002 -22"><span class='ocrx_word' id='word_1_170' title='bbox 183 1677 289 1728; x_wconf 79' lang='grc' dir='ltr'>ὡσεὶ</span> <span class='ocrx_word' id='word_1_171' title='bbox 322 1677 475 1747; x_wconf 86' lang='grc' dir='ltr'>λῆρος</span> <span class='ocrx_word' id='word_1_172' title='bbox 514 1677 584 1731; x_wconf 82' lang='grc' dir='ltr'>τὰ</span> <span class='ocrx_word' id='word_1_173' title='bbox 613 1680 834 1750; x_wconf 78' lang='grc' dir='ltr'>ῥήματα</span> <span class='ocrx_word' id='word_1_174' title='bbox 862 1679 1061 1745; x_wconf 84' lang='grc' dir='ltr'>αὐτῶν,</span> <span class='ocrx_word' id='word_1_175' title='bbox 1094 1679 1191 1733; x_wconf 79' lang='grc' dir='ltr'>καὶ</span> <span class='ocrx_word' id='word_1_176' title='bbox 1223 1680 1484 1750; x_wconf 73' lang='grc' dir='ltr'>ἠπίστουν</span> <span class='ocrx_word' id='word_1_177' title='bbox 1514 1680 1723 1746; x_wconf 79' lang='grc' dir='ltr'>αὑταῖς,</span> 
     </span>
    </p>
   </div>
   <div class='ocr_carea' id='block_1_24' title="bbox 182 1766 1723 1842">
    <p class='ocr_par' dir='ltr' id='par_1_24' title="bbox 182 1766 1723 1842">
     <span class='ocr_line' id='line_1_24' title="bbox 182 1766 1723 1842; baseline 0.003 -23"><span class='ocrx_word' id='word_1_178' title='bbox 182 1766 295 1820; x_wconf 83' lang='grc' dir='ltr'>ὥστε</span> <span class='ocrx_word' id='word_1_179' title='bbox 322 1769 407 1821; x_wconf 74' lang='grc' dir='ltr'><strong>τὸν</strong></span> <span class='ocrx_word' id='word_1_180' title='bbox 438 1771 644 1842; x_wconf 80' lang='grc' dir='ltr'>Πέτρον</span> <span class='ocrx_word' id='word_1_181' title='bbox 691 1770 828 1842; x_wconf 83' lang='grc' dir='ltr'>πρὸς</span> <span class='ocrx_word' id='word_1_182' title='bbox 860 1771 960 1842; x_wconf 78' lang='grc' dir='ltr'>τὴν</span> <span class='ocrx_word' id='word_1_183' title='bbox 994 1770 1217 1824; x_wconf 81' lang='grc' dir='ltr'>ἐκείνων</span> <span class='ocrx_word' id='word_1_184' title='bbox 1250 1769 1508 1825; x_wconf 84' lang='grc' dir='ltr'>ἀπιστίαν</span> <span class='ocrx_word' id='word_1_185' title='bbox 1538 1770 1723 1824; x_wconf 85' lang='grc' dir='ltr'>διανα-</span> 
     </span>
    </p>
   </div>
   <div class='ocr_carea' id='block_1_25' title="bbox 1908 1498 3414 1578">
    <p class='ocr_par' dir='ltr' id='par_1_25' title="bbox 1908 1498 3414 1578">
     <span class='ocr_line' id='line_1_25' title="bbox 1908 1498 3414 1578; baseline 0.007 -26"><span class='ocrx_word' id='word_1_186' title='bbox 1908 1498 2016 1553; x_wconf 89' lang='lat' dir='ltr'><strong>Sed</strong></span> <span class='ocrx_word' id='word_1_187' title='bbox 2050 1508 2112 1555; x_wconf 92' lang='lat' dir='ltr'><strong>ut</strong></span> <span class='ocrx_word' id='word_1_188' title='bbox 2136 1511 2295 1557; x_wconf 87' lang='lat' dir='ltr'><strong>erant</strong></span> <span class='ocrx_word' id='word_1_189' title='bbox 2330 1505 2529 1575; x_wconf 71' lang='lat' dir='ltr'><strong>vulgus</strong></span> <span class='ocrx_word' id='word_1_190' title='bbox 2559 1513 2613 1560; x_wconf 88' lang='lat' dir='ltr'><strong>et</strong></span> <span class='ocrx_word' id='word_1_191' title='bbox 2643 1507 2933 1562; x_wconf 85' lang='lat' dir='ltr'><strong>multitudo</strong></span> <span class='ocrx_word' id='word_1_192' title='bbox 2960 1498 3208 1569; x_wconf 76' lang='lat' dir='ltr'><strong>ccul&#39;usa,</strong></span> <span class='ocrx_word' id='word_1_193' title='bbox 3239 1506 3414 1578; x_wconf 76' lang='lat' dir='ltr'><strong>magis</strong></span> 
     </span>
    </p>
   </div>
   <div class='ocr_carea' id='block_1_26' title="bbox 1836 1586 3416 1666">
    <p class='ocr_par' dir='ltr' id='par_1_26' title="bbox 1836 1586 3416 1666">
     <span class='ocr_line' id='line_1_26' title="bbox 1836 1586 3416 1666; baseline 0.006 -24"><span class='ocrx_word' id='word_1_194' title='bbox 1836 1587 1902 1642; x_wconf 91' lang='lat' dir='ltr'><strong>ad</strong></span> <span class='ocrx_word' id='word_1_195' title='bbox 1934 1586 2374 1648; x_wconf 82' lang='lat' dir='ltr'><strong>incredulitatem</strong></span> <span class='ocrx_word' id='word_1_196' title='bbox 2411 1593 2769 1662; x_wconf 79' lang='lat' dir='ltr'><strong>deﬂexerunt,</strong></span> <span class='ocrx_word' id='word_1_197' title='bbox 2814 1604 2976 1666; x_wconf 87' lang='lat' dir='ltr'><strong>atque</strong></span> <span class='ocrx_word' id='word_1_198' title='bbox 3005 1597 3056 1650; x_wconf 89' lang='lat' dir='ltr'><strong>id</strong></span> <span class='ocrx_word' id='word_1_199' title='bbox 3098 1597 3243 1666; x_wconf 88' lang='lat' dir='ltr'><strong>quod</strong></span> <span class='ocrx_word' id='word_1_200' title='bbox 3275 1598 3416 1651; x_wconf 87' lang='lat' dir='ltr'><strong>rela-</strong></span> 
     </span>
    </p>
   </div>
   <div class='ocr_carea' id='block_1_27' title="bbox 1834 1686 3414 1760">
    <p class='ocr_par' dir='ltr' id='par_1_27' title="bbox 1834 1686 3414 1760">
     <span class='ocr_line' id='line_1_27' title="bbox 1834 1686 3414 1760; baseline 0.004 -25"><span class='ocrx_word' id='word_1_201' title='bbox 1834 1688 1950 1737; x_wconf 92' lang='lat' dir='ltr'><strong>tum</strong></span> <span class='ocrx_word' id='word_1_202' title='bbox 1976 1691 2118 1748; x_wconf 89' lang='lat' dir='ltr'><strong>crat,</strong></span> <span class='ocrx_word' id='word_1_203' title='bbox 2153 1686 2573 1760; x_wconf 83' lang='lat' dir='ltr'><strong>cavillabantur,</strong></span> <span class='ocrx_word' id='word_1_204' title='bbox 2623 1689 2956 1758; x_wconf 83' lang='lat' dir='ltr'><strong>respuebant</strong></span> <span class='ocrx_word' id='word_1_205' title='bbox 3000 1696 3055 1742; x_wconf 91' lang='lat' dir='ltr'><strong>et</strong></span> <span class='ocrx_word' id='word_1_206' title='bbox 3083 1689 3414 1743; x_wconf 73' lang='lat' dir='ltr'><strong>aversaban-</strong></span> 
     </span>
    </p>
   </div>
   <div class='ocr_carea' id='block_1_28' title="bbox 1834 1769 3415 1848">
    <p class='ocr_par' dir='ltr' id='par_1_28' title="bbox 1834 1769 3415 1848">
     <span class='ocr_line' id='line_1_28' title="bbox 1834 1769 3415 1848; baseline 0.004 -24"><span class='ocrx_word' id='word_1_207' title='bbox 1834 1776 1942 1825; x_wconf 87' lang='lat' dir='ltr'><strong>tur.</strong></span> <span class='ocrx_word' id='word_1_208' title='bbox 1974 1769 2315 1828; x_wconf 82' lang='lat' dir='ltr'><strong>Videbautur</strong></span> <span class='ocrx_word' id='word_1_209' title='bbox 2364 1776 2511 1830; x_wconf 88' lang='lat' dir='ltr'><strong>enim</strong></span> <span class='ocrx_word' id='word_1_210' title='bbox 2563 1777 2730 1832; x_wconf 86' lang='lat' dir='ltr'><strong>verba</strong></span> <span class='ocrx_word' id='word_1_211' title='bbox 2769 1793 2958 1832; x_wconf 84' lang='lat' dir='ltr'><strong>earum</strong></span> <span class='ocrx_word' id='word_1_212' title='bbox 3007 1778 3166 1848; x_wconf 87' lang='lat' dir='ltr'><strong>quasi</strong></span> <span class='ocrx_word' id='word_1_213' title='bbox 3214 1777 3415 1833; x_wconf 87' lang='lat' dir='ltr'><strong>delira-</strong></span> 
     </span>
    </p>
   </div>
   <div class='ocr_carea' id='block_1_29' title="bbox 182 1862 1719 1935">
    <p class='ocr_par' dir='ltr' id='par_1_29' title="bbox 182 1862 1719 1935">
     <span class='ocr_line' id='line_1_29' title="bbox 182 1862 1719 1935; baseline 0.001 -22"><span class='ocrx_word' id='word_1_214' title='bbox 182 1862 378 1925; x_wconf 79' lang='grc' dir='ltr'>πάντα,</span> <span class='ocrx_word' id='word_1_215' title='bbox 426 1862 518 1916; x_wconf 81' lang='grc' dir='ltr'>καὶ</span> <span class='ocrx_word' id='word_1_216' title='bbox 547 1862 735 1934; x_wconf 79' lang='grc' dir='ltr'>ἡρέμα</span> <span class='ocrx_word' id='word_1_217' title='bbox 778 1881 895 1927; x_wconf 86' lang='grc' dir='ltr'><strong>πως</strong></span> <span class='ocrx_word' id='word_1_218' title='bbox 924 1865 1018 1916; x_wconf 74' lang='grc' dir='ltr'>καὶ</span> <span class='ocrx_word' id='word_1_219' title='bbox 1043 1863 1206 1917; x_wconf 82' lang='grc' dir='ltr'>αὑτὸν</span> <span class='ocrx_word' id='word_1_220' title='bbox 1235 1862 1601 1935; x_wconf 80' lang='grc' dir='ltr'>θορυὸηθέντα</span> <span class='ocrx_word' id='word_1_221' title='bbox 1633 1862 1719 1917; x_wconf 73' lang='grc' dir='ltr'>καὶ</span> 
     </span>
    </p>
   </div>
   <div class='ocr_carea' id='block_1_30' title="bbox 1824 1862 3415 1935">
    <p class='ocr_par' dir='ltr' id='par_1_30' title="bbox 1830 1866 3415 1935">
     <span class='ocr_line' id='line_1_30' title="bbox 1830 1866 3415 1935; baseline 0.005 -19"><span class='ocrx_word' id='word_1_222' title='bbox 1830 1870 2033 1929; x_wconf 84' lang='lat' dir='ltr'><strong>menta,</strong></span> <span class='ocrx_word' id='word_1_223' title='bbox 2062 1879 2242 1935; x_wconf 88' lang='lat' dir='ltr'><strong>neque</strong></span> <span class='ocrx_word' id='word_1_224' title='bbox 2279 1866 2437 1921; x_wconf 82' lang='lat' dir='ltr'><strong>[idem</strong></span> <span class='ocrx_word' id='word_1_225' title='bbox 2481 1866 2593 1924; x_wconf 83' lang='lat' dir='ltr'><strong>illis</strong></span> <span class='ocrx_word' id='word_1_226' title='bbox 2620 1867 2913 1931; x_wconf 86' lang='lat' dir='ltr'><strong>habebant,</strong></span> <span class='ocrx_word' id='word_1_227' title='bbox 2945 1868 3082 1924; x_wconf 86' lang='lat' dir='ltr'><strong>adeo</strong></span> <span class='ocrx_word' id='word_1_228' title='bbox 3121 1875 3180 1922; x_wconf 91' lang='lat' dir='ltr'><strong>ut</strong></span> <span class='ocrx_word' id='word_1_229' title='bbox 3218 1866 3415 1924; x_wconf 77' lang='lat' dir='ltr'><strong>Petrus</strong></span> 
     </span>
    </p>
   </div>
   <div class='ocr_carea' id='block_1_31' title="bbox 178 1951 1719 2026">
    <p class='ocr_par' dir='ltr' id='par_1_31' title="bbox 178 1951 1719 2026">
     <span class='ocr_line' id='line_1_31' title="bbox 178 1951 1719 2026; baseline 0.003 -22"><span class='ocrx_word' id='word_1_230' title='bbox 178 1951 484 2019; x_wconf 80' lang='grc' dir='ltr'>σαλευθέντα,</span> <span class='ocrx_word' id='word_1_231' title='bbox 536 1955 698 2008; x_wconf 81' lang='grc' dir='ltr'>πάλιν</span> <span class='ocrx_word' id='word_1_232' title='bbox 724 1955 818 2008; x_wconf 73' lang='grc' dir='ltr'><strong>ἐπὶ</strong></span> <span class='ocrx_word' id='word_1_233' title='bbox 845 1954 908 2009; x_wconf 83' lang='grc' dir='ltr'>τὸ</span> <span class='ocrx_word' id='word_1_234' title='bbox 942 1957 1206 2026; x_wconf 85' lang='grc' dir='ltr'>μνημεῖον</span> <span class='ocrx_word' id='word_1_235' title='bbox 1232 1954 1458 2026; x_wconf 83' lang='grc' dir='ltr'>δραμεῖν</span> <span class='ocrx_word' id='word_1_236' title='bbox 1488 1952 1584 2007; x_wconf 73' lang='grc' dir='ltr'><strong>καὶ</strong></span> <span class='ocrx_word' id='word_1_237' title='bbox 1611 1970 1719 2008; x_wconf 67' lang='grc' dir='ltr'>παν</span> 
     </span>
    </p>
   </div>
   <div class='ocr_carea' id='block_1_32' title="bbox 179 2043 1721 2118">
    <p class='ocr_par' dir='ltr' id='par_1_32' title="bbox 179 2043 1721 2118">
     <span class='ocr_line' id='line_1_32' title="bbox 179 2043 1721 2118; baseline 0.003 -22"><span class='ocrx_word' id='word_1_238' title='bbox 179 2043 403 2114; x_wconf 79' lang='grc' dir='ltr'>ρακύψαι,</span> <span class='ocrx_word' id='word_1_239' title='bbox 446 2048 541 2102; x_wconf 73' lang='grc' dir='ltr'><strong>καὶ</strong></span> <span class='ocrx_word' id='word_1_240' title='bbox 590 2048 718 2101; x_wconf 85' lang='grc' dir='ltr'><strong>ίδείν</strong></span> <span class='ocrx_word' id='word_1_241' title='bbox 746 2047 907 2102; x_wconf 86' lang='grc' dir='ltr'>πάλιν</span> <span class='ocrx_word' id='word_1_242' title='bbox 938 2048 1010 2102; x_wconf 82' lang='grc' dir='ltr'>τὰ</span> <span class='ocrx_word' id='word_1_243' title='bbox 1051 2048 1235 2102; x_wconf 80' lang='grc' dir='ltr'>ὀθόνια</span> <span class='ocrx_word' id='word_1_244' title='bbox 1282 2047 1529 2118; x_wconf 83' lang='grc' dir='ltr'>κείμενα,</span> <span class='ocrx_word' id='word_1_245' title='bbox 1578 2048 1721 2118; x_wconf 77' lang='grc' dir='ltr'>ἅπερ</span> 
     </span>
    </p>
   </div>
   <div class='ocr_carea' id='block_1_33' title="bbox 174 2132 1722 2211">
    <p class='ocr_par' dir='ltr' id='par_1_33' title="bbox 174 2132 1722 2211">
     <span class='ocr_line' id='line_1_33' title="bbox 174 2132 1722 2211; baseline 0.006 -27"><span class='ocrx_word' id='word_1_246' title='bbox 174 2132 396 2190; x_wconf 85' lang='grc' dir='ltr'>είσελθὼν</span> <span class='ocrx_word' id='word_1_247' title='bbox 438 2136 536 2208; x_wconf 77' lang='grc' dir='ltr'>ἤδη</span> <span class='ocrx_word' id='word_1_248' title='bbox 589 2138 684 2191; x_wconf 80' lang='grc' dir='ltr'>καὶ</span> <span class='ocrx_word' id='word_1_249' title='bbox 731 2136 1067 2209; x_wconf 84' lang='grc' dir='ltr'>θεασάμενος</span> <span class='ocrx_word' id='word_1_250' title='bbox 1110 2137 1499 2211; x_wconf 82' lang='grc' dir='ltr'>ἀκριϐέστερον</span> <span class='ocrx_word' id='word_1_251' title='bbox 1528 2178 1543 2203; x_wconf 92' lang='grc'><strong>,</strong></span> <span class='ocrx_word' id='word_1_252' title='bbox 1599 2138 1722 2193; x_wconf 84' lang='grc' dir='ltr'>ὅθεν</span> 
     </span>
    </p>
   </div>
   <div class='ocr_carea' id='block_1_34' title="bbox 173 2224 1724 2301">
    <p class='ocr_par' dir='ltr' id='par_1_34' title="bbox 173 2224 1724 2301">
     <span class='ocr_line' id='line_1_34' title="bbox 173 2224 1724 2301; baseline 0.003 -24"><span class='ocrx_word' id='word_1_253' title='bbox 173 2224 422 2294; x_wconf 72' lang='grc' dir='ltr'><strong>ἀρκεσθεὶς</strong></span> <span class='ocrx_word' id='word_1_254' title='bbox 451 2227 530 2299; x_wconf 83' lang='grc' dir='ltr'>τῷ</span> <span class='ocrx_word' id='word_1_255' title='bbox 569 2228 894 2301; x_wconf 81' lang='grc' dir='ltr'>παρακύψαι</span> <span class='ocrx_word' id='word_1_256' title='bbox 924 2230 1107 2301; x_wconf 88' lang='grc' dir='ltr'>μόνον,</span> <span class='ocrx_word' id='word_1_257' title='bbox 1142 2230 1236 2285; x_wconf 82' lang='grc' dir='ltr'><strong>καὶ</strong></span> <span class='ocrx_word' id='word_1_258' title='bbox 1270 2228 1436 2301; x_wconf 82' lang='grc' dir='ltr'>μηδὲν</span> <span class='ocrx_word' id='word_1_259' title='bbox 1477 2228 1601 2285; x_wconf 85' lang='grc' dir='ltr'>ίδὼν</span> <span class='ocrx_word' id='word_1_260' title='bbox 1629 2228 1724 2283; x_wconf 91' lang='grc' dir='ltr'>ἀλ-</span> 
     </span>
    </p>
   </div>
   <div class='ocr_carea' id='block_1_35' title="bbox 172 2313 1724 2393">
    <p class='ocr_par' dir='ltr' id='par_1_35' title="bbox 172 2313 1724 2393">
     <span class='ocr_line' id='line_1_35' title="bbox 172 2313 1724 2393; baseline 0.005 -24"><span class='ocrx_word' id='word_1_261' title='bbox 172 2313 426 2389; x_wconf 86' lang='grc' dir='ltr'>λοιότερον,</span> <span class='ocrx_word' id='word_1_262' title='bbox 470 2320 686 2391; x_wconf 78' lang='grc' dir='ltr'>ἀπῆλθε</span> <span class='ocrx_word' id='word_1_263' title='bbox 730 2321 1026 2392; x_wconf 76' lang='grc' dir='ltr'>θαυμάζων</span> <span class='ocrx_word' id='word_1_264' title='bbox 1069 2322 1162 2376; x_wconf 72' lang='grc' dir='ltr'>καὶ</span> <span class='ocrx_word' id='word_1_265' title='bbox 1192 2322 1630 2393; x_wconf 77' lang='grc' dir='ltr'>ἐκπληττόμενος</span> <span class='ocrx_word' id='word_1_266' title='bbox 1656 2321 1724 2376; x_wconf 82' lang='grc' dir='ltr'>τὸ</span> 
     </span>
    </p>
   </div>
   <div class='ocr_carea' id='block_1_36' title="bbox 170 2411 1723 2486">
    <p class='ocr_par' dir='ltr' id='par_1_36' title="bbox 170 2411 1723 2486">
     <span class='ocr_line' id='line_1_36' title="bbox 170 2411 1723 2486; baseline 0.005 -23"><span class='ocrx_word' id='word_1_267' title='bbox 170 2411 379 2478; x_wconf 79' lang='grc' dir='ltr'>γεγονὸς,</span> <span class='ocrx_word' id='word_1_268' title='bbox 406 2414 498 2468; x_wconf 76' lang='grc' dir='ltr'><strong>καὶ</strong></span> <span class='ocrx_word' id='word_1_269' title='bbox 523 2413 767 2481; x_wconf 77' lang='grc' dir='ltr'><strong>δοξάζων</strong></span> <span class='ocrx_word' id='word_1_270' title='bbox 794 2414 886 2468; x_wconf 87' lang='grc' dir='ltr'><strong>τὸν</strong></span> <span class='ocrx_word' id='word_1_271' title='bbox 914 2414 1090 2468; x_wconf 82' lang='grc' dir='ltr'>ταῦτα</span> <span class='ocrx_word' id='word_1_272' title='bbox 1114 2416 1566 2486; x_wconf 80' lang='grc' dir='ltr'>οἰκονομήσαντα.</span> <span class='ocrx_word' id='word_1_273' title='bbox 1611 2416 1723 2472; x_wconf 79' lang='grc' dir='ltr'><strong>Καὶ</strong></span> 
     </span>
    </p>
   </div>
   <div class='ocr_carea' id='block_1_37' title="bbox 169 2498 1724 2580">
    <p class='ocr_par' dir='ltr' id='par_1_37' title="bbox 169 2498 1724 2580">
     <span class='ocr_line' id='line_1_37' title="bbox 169 2498 1724 2580; baseline 0.006 -28"><span class='ocrx_word' id='word_1_274' title='bbox 169 2498 307 2553; x_wconf 75' lang='grc' dir='ltr'>πάλιν</span> <span class='ocrx_word' id='word_1_275' title='bbox 356 2503 389 2572; x_wconf 77' lang='grc' dir='ltr'>ὴ</span> <span class='ocrx_word' id='word_1_276' title='bbox 446 2503 784 2577; x_wconf 78' lang='grc' dir='ltr'>Μαγδαληνὴ</span> <span class='ocrx_word' id='word_1_277' title='bbox 829 2505 1020 2576; x_wconf 84' lang='grc' dir='ltr'>Μαρία</span> <span class='ocrx_word' id='word_1_278' title='bbox 1043 2544 1057 2569; x_wconf 94' lang='grc'><strong>,</strong></span> <span class='ocrx_word' id='word_1_279' title='bbox 1112 2504 1364 2577; x_wconf 85' lang='grc' dir='ltr'>καθάπερ</span> <span class='ocrx_word' id='word_1_280' title='bbox 1415 2509 1535 2570; x_wconf 80' lang='grc' dir='ltr'>ταῖς</span> <span class='ocrx_word' id='word_1_281' title='bbox 1594 2508 1724 2580; x_wconf 75' lang='grc' dir='ltr'>περὶ</span> 
     </span>
    </p>
   </div>
   <div class='ocr_carea' id='block_1_38' title="bbox 179 2589 1723 2670">
    <p class='ocr_par' dir='ltr' id='par_1_38' title="bbox 179 2589 1723 2670">
     <span class='ocr_line' id='line_1_38' title="bbox 179 2589 1723 2670; baseline 0.006 -27"><span class='ocrx_word' id='word_1_282' title='bbox 179 2589 399 2664; x_wconf 79' lang='grc' dir='ltr'>Ἰωάννην</span> <span class='ocrx_word' id='word_1_283' title='bbox 444 2595 648 2666; x_wconf 78' lang='grc' dir='ltr'>ὄρθρου</span> <span class='ocrx_word' id='word_1_284' title='bbox 695 2594 886 2665; x_wconf 83' lang='grc' dir='ltr'>βαθέος</span> <span class='ocrx_word' id='word_1_285' title='bbox 931 2596 1302 2668; x_wconf 85' lang='grc' dir='ltr'>συνεπορεύθη</span> <span class='ocrx_word' id='word_1_286' title='bbox 1347 2598 1638 2670; x_wconf 79' lang='grc' dir='ltr'>φερούσαις</span> <span class='ocrx_word' id='word_1_287' title='bbox 1685 2599 1723 2654; x_wconf 72' lang='grc' dir='ltr'>ἃ</span> 
     </span>
    </p>
   </div>
   <div class='ocr_carea' id='block_1_39' title="bbox 166 2675 1724 2759">
    <p class='ocr_par' dir='ltr' id='par_1_39' title="bbox 166 2675 1724 2759">
     <span class='ocr_line' id='line_1_39' title="bbox 166 2675 1724 2759; baseline 0.005 -24"><span class='ocrx_word' id='word_1_288' title='bbox 166 2675 284 2744; x_wconf 75' lang='grc' dir='ltr'>ἦσαν</span> <span class='ocrx_word' id='word_1_289' title='bbox 324 2686 680 2756; x_wconf 83' lang='grc' dir='ltr'>ἐτοιμὰσασαι</span> <span class='ocrx_word' id='word_1_290' title='bbox 731 2687 838 2758; x_wconf 85' lang='grc' dir='ltr'><strong>πρὸ</strong></span> <span class='ocrx_word' id='word_1_291' title='bbox 880 2685 976 2740; x_wconf 79' lang='grc' dir='ltr'>τοῦ</span> <span class='ocrx_word' id='word_1_292' title='bbox 1032 2687 1310 2740; x_wconf 77' lang='grc' dir='ltr'>Σαϐϐάτου</span> <span class='ocrx_word' id='word_1_293' title='bbox 1363 2687 1510 2759; x_wconf 82' lang='grc' dir='ltr'>μύρα</span> <span class='ocrx_word' id='word_1_294' title='bbox 1539 2706 1599 2742; x_wconf 86' lang='grc' dir='ltr'><strong>τε</strong></span> <span class='ocrx_word' id='word_1_295' title='bbox 1628 2690 1724 2743; x_wconf 77' lang='grc' dir='ltr'><strong>καὶ</strong></span> 
     </span>
    </p>
   </div>
   <div class='ocr_carea' id='block_1_40' title="bbox 167 2773 1720 2855">
    <p class='ocr_par' dir='ltr' id='par_1_40' title="bbox 167 2773 1720 2855">
     <span class='ocr_line' id='line_1_40' title="bbox 167 2773 1720 2855; baseline 0.004 -28"><span class='ocrx_word' id='word_1_296' title='bbox 167 2773 401 2846; x_wconf 83' lang='grc' dir='ltr'>ἀρώματα</span> <span class='ocrx_word' id='word_1_297' title='bbox 427 2796 440 2812; x_wconf 91' lang='grc'><strong>·</strong></span> <span class='ocrx_word' id='word_1_298' title='bbox 491 2781 590 2833; x_wconf 81' lang='grc' dir='ltr'><strong>τὸν</strong></span> <span class='ocrx_word' id='word_1_299' title='bbox 618 2780 779 2834; x_wconf 85' lang='grc' dir='ltr'>αὐτὸν</span> <span class='ocrx_word' id='word_1_300' title='bbox 822 2780 1024 2849; x_wconf 84' lang='grc' dir='ltr'>τρόπον</span> <span class='ocrx_word' id='word_1_301' title='bbox 1054 2781 1148 2835; x_wconf 76' lang='grc' dir='ltr'><strong>καὶ</strong></span> <span class='ocrx_word' id='word_1_302' title='bbox 1176 2784 1242 2852; x_wconf 78' lang='grc' dir='ltr'>τῇ</span> <span class='ocrx_word' id='word_1_303' title='bbox 1276 2781 1513 2855; x_wconf 81' lang='grc' dir='ltr'>Σαλώμῃ</span> <span class='ocrx_word' id='word_1_304' title='bbox 1531 2822 1545 2845; x_wconf 88' lang='grc'><strong>,</strong></span> <span class='ocrx_word' id='word_1_305' title='bbox 1593 2781 1720 2854; x_wconf 79' lang='grc' dir='ltr'>ξένῃ</span> 
     </span>
    </p>
   </div>
   <div class='ocr_carea' id='block_1_41' title="bbox 167 2868 1733 2944">
    <p class='ocr_par' dir='ltr' id='par_1_41' title="bbox 167 2868 1733 2944">
     <span class='ocr_line' id='line_1_41' title="bbox 167 2868 1733 2944; baseline 0.007 -28"><span class='ocrx_word' id='word_1_306' title='bbox 167 2868 357 2931; x_wconf 82' lang='grc' dir='ltr'>γυναικὶ</span> <span class='ocrx_word' id='word_1_307' title='bbox 385 2868 533 2936; x_wconf 84' lang='grc' dir='ltr'><strong>παρά</strong></span> <span class='ocrx_word' id='word_1_308' title='bbox 574 2868 673 2933; x_wconf 82' lang='grc' dir='ltr'>τὰς</span> <span class='ocrx_word' id='word_1_309' title='bbox 699 2869 865 2932; x_wconf 76' lang='grc' dir='ltr'>ἄλλας</span> <span class='ocrx_word' id='word_1_310' title='bbox 897 2872 995 2934; x_wconf 76' lang='grc' dir='ltr'><strong>τὰς</strong></span> <span class='ocrx_word' id='word_1_311' title='bbox 1026 2870 1733 2944; x_wconf 62' lang='grc' dir='ltr'>ὠνομασμέναςνβραδέωςο</span> 
     </span>
    </p>
   </div>
   <div class='ocr_carea' id='block_1_42' title="bbox 169 2955 1720 3032">
    <p class='ocr_par' dir='ltr' id='par_1_42' title="bbox 169 2955 1720 3032">
     <span class='ocr_line' id='line_1_42' title="bbox 169 2955 1720 3032; baseline 0.005 -23"><span class='ocrx_word' id='word_1_312' title='bbox 169 2955 268 3025; x_wconf 82' lang='grc' dir='ltr'>μὲν,</span> <span class='ocrx_word' id='word_1_313' title='bbox 294 2959 620 3032; x_wconf 81' lang='grc' dir='ltr'>ὠνησαμένη</span> <span class='ocrx_word' id='word_1_314' title='bbox 663 2961 720 3014; x_wconf 79' lang='grc' dir='ltr'>δὲ</span> <span class='ocrx_word' id='word_1_315' title='bbox 765 2961 916 3032; x_wconf 87' lang='grc' dir='ltr'>ὅμως</span> <span class='ocrx_word' id='word_1_316' title='bbox 962 2960 1254 3032; x_wconf 85' lang='grc' dir='ltr'>ἀρώματα,</span> <span class='ocrx_word' id='word_1_317' title='bbox 1298 2961 1435 3016; x_wconf 87' lang='grc' dir='ltr'><strong>ἀλλά</strong></span> <span class='ocrx_word' id='word_1_318' title='bbox 1479 2961 1619 3031; x_wconf 87' lang='grc' dir='ltr'><strong>μετά</strong></span> <span class='ocrx_word' id='word_1_319' title='bbox 1659 2961 1720 3016; x_wconf 82' lang='grc' dir='ltr'>τὸ</span> 
     </span>
    </p>
   </div>
   <div class='ocr_carea' id='block_1_43' title="bbox 164 3046 1720 3124">
    <p class='ocr_par' dir='ltr' id='par_1_43' title="bbox 164 3046 1720 3124">
     <span class='ocr_line' id='line_1_43' title="bbox 164 3046 1720 3124; baseline 0.002 -22"><span class='ocrx_word' id='word_1_320' title='bbox 164 3046 427 3117; x_wconf 72' lang='grc' dir='ltr'>Σάϐϐατον,</span> <span class='ocrx_word' id='word_1_321' title='bbox 457 3053 676 3116; x_wconf 79' lang='grc' dir='ltr'>ἀόκνως</span> <span class='ocrx_word' id='word_1_322' title='bbox 711 3051 850 3120; x_wconf 85' lang='grc' dir='ltr'><strong>μετά</strong></span> <span class='ocrx_word' id='word_1_323' title='bbox 875 3053 977 3123; x_wconf 79' lang='grc' dir='ltr'>τῆς</span> <span class='ocrx_word' id='word_1_324' title='bbox 1003 3051 1173 3124; x_wconf 79' lang='grc' dir='ltr'>αὐτῆς</span> <span class='ocrx_word' id='word_1_325' title='bbox 1200 3052 1438 3116; x_wconf 84' lang='grc' dir='ltr'>διανοίας</span> <span class='ocrx_word' id='word_1_326' title='bbox 1465 3051 1720 3123; x_wconf 83' lang='grc' dir='ltr'>συνέτρε-</span> 
     </span>
    </p>
   </div>
   <div class='ocr_carea' id='block_1_44' title="bbox 163 3141 1718 3216">
    <p class='ocr_par' dir='ltr' id='par_1_44' title="bbox 163 3141 1718 3216">
     <span class='ocr_line' id='line_1_44' title="bbox 163 3141 1718 3216; baseline 0.003 -23"><span class='ocrx_word' id='word_1_327' title='bbox 163 3156 247 3210; x_wconf 78' lang='grc' dir='ltr'>χε,</span> <span class='ocrx_word' id='word_1_328' title='bbox 293 3141 685 3216; x_wconf 77' lang='grc' dir='ltr'>παραλαϐοῦσα</span> <span class='ocrx_word' id='word_1_329' title='bbox 732 3143 827 3197; x_wconf 75' lang='grc' dir='ltr'>καὶ</span> <span class='ocrx_word' id='word_1_330' title='bbox 874 3144 1093 3214; x_wconf 78' lang='grc' dir='ltr'>Μαρίαν</span> <span class='ocrx_word' id='word_1_331' title='bbox 1135 3143 1237 3214; x_wconf 84' lang='grc' dir='ltr'>τὴν</span> <span class='ocrx_word' id='word_1_332' title='bbox 1292 3143 1547 3197; x_wconf 76' lang='grc' dir='ltr'><strong>Ἰακὼὃου</strong></span> <span class='ocrx_word' id='word_1_333' title='bbox 1598 3143 1718 3214; x_wconf 83' lang='grc' dir='ltr'>μεθ’</span> 
     </span>
    </p>
   </div>
   <div class='ocr_carea' id='block_1_45' title="bbox 163 3214 1786 3308">
    <p class='ocr_par' dir='ltr' id='par_1_45' title="bbox 163 3214 1786 3308">
     <span class='ocr_line' id='line_1_45' title="bbox 163 3214 1786 3308; baseline 0.002 -22"><span class='ocrx_word' id='word_1_334' title='bbox 163 3233 333 3306; x_wconf 79' lang='grc' dir='ltr'>ἑαυτῆς</span> <span class='ocrx_word' id='word_1_335' title='bbox 351 3214 382 3303; x_wconf 19' lang='lat'><strong>,7</strong></span> <span class='ocrx_word' id='word_1_336' title='bbox 411 3235 558 3291; x_wconf 78' lang='grc' dir='ltr'>ὥστε</span> <span class='ocrx_word' id='word_1_337' title='bbox 602 3237 697 3290; x_wconf 82' lang='grc' dir='ltr'>καὶ</span> <span class='ocrx_word' id='word_1_338' title='bbox 737 3239 804 3308; x_wconf 76' lang='grc' dir='ltr'>τῇ</span> <span class='ocrx_word' id='word_1_339' title='bbox 838 3235 1109 3308; x_wconf 78' lang='grc' dir='ltr'>ἀγορασίᾳ</span> <span class='ocrx_word' id='word_1_340' title='bbox 1146 3235 1255 3289; x_wconf 80' lang='grc' dir='ltr'>τῶν</span> <span class='ocrx_word' id='word_1_341' title='bbox 1283 3236 1591 3307; x_wconf 82' lang='grc' dir='ltr'>ἀρωμάτων</span> <span class='ocrx_word' id='word_1_342' title='bbox 1625 3252 1716 3290; x_wconf 87' lang='grc' dir='ltr'>κε-</span> <span class='ocrx_word' id='word_1_343' title='bbox 1744 3214 1786 3273; x_wconf 76' lang='lat' dir='ltr'><strong><em>C</em></strong></span> 
     </span>
    </p>
   </div>
   <div class='ocr_carea' id='block_1_46' title="bbox 161 3324 1720 3395">
    <p class='ocr_par' dir='ltr' id='par_1_46' title="bbox 161 3324 1720 3395">
     <span class='ocr_line' id='line_1_46' title="bbox 161 3324 1720 3395; baseline 0.004 -23"><span class='ocrx_word' id='word_1_344' title='bbox 161 3324 518 3395; x_wconf 77' lang='grc' dir='ltr'>κοινωνηκέναι</span> <span class='ocrx_word' id='word_1_345' title='bbox 551 3324 751 3378; x_wconf 83' lang='grc' dir='ltr'>δοκεῖν.</span> <span class='ocrx_word' id='word_1_346' title='bbox 783 3325 1200 3395; x_wconf 80' lang='grc' dir='ltr'>Κοινωνήσασαι</span> <span class='ocrx_word' id='word_1_347' title='bbox 1227 3324 1334 3395; x_wconf 80' lang='grc' dir='ltr'>γὰρ</span> <span class='ocrx_word' id='word_1_348' title='bbox 1364 3326 1465 3395; x_wconf 82' lang='grc' dir='ltr'>τῆς</span> <span class='ocrx_word' id='word_1_349' title='bbox 1488 3326 1630 3389; x_wconf 84' lang='grc' dir='ltr'>ὀδοῦ,</span> <span class='ocrx_word' id='word_1_350' title='bbox 1659 3326 1720 3379; x_wconf 85' lang='grc' dir='ltr'>τὸ</span> 
     </span>
    </p>
   </div>
   <div class='ocr_carea' id='block_1_47' title="bbox 163 3413 1721 3488">
    <p class='ocr_par' dir='ltr' id='par_1_47' title="bbox 163 3413 1721 3488">
     <span class='ocr_line' id='line_1_47' title="bbox 163 3413 1721 3488; baseline 0.003 -21"><span class='ocrx_word' id='word_1_351' title='bbox 163 3413 252 3466; x_wconf 76' lang='grc' dir='ltr'>πᾶν</span> <span class='ocrx_word' id='word_1_352' title='bbox 272 3417 457 3482; x_wconf 80' lang='grc' dir='ltr'>κοινῶς</span> <span class='ocrx_word' id='word_1_353' title='bbox 497 3417 813 3485; x_wconf 82' lang='grc' dir='ltr'>ὲλογίσαντο</span> <span class='ocrx_word' id='word_1_354' title='bbox 846 3415 1168 3488; x_wconf 80' lang='grc' dir='ltr'>σπούδασμα</span> <span class='ocrx_word' id='word_1_355' title='bbox 1190 3433 1205 3447; x_wconf 74' lang='grc' dir='ltr'><strong><em>ο</em></strong></span> <span class='ocrx_word' id='word_1_356' title='bbox 1250 3417 1361 3472; x_wconf 82' lang='lat' dir='ltr'><strong>Kal</strong></span> <span class='ocrx_word' id='word_1_357' title='bbox 1398 3419 1544 3472; x_wconf 77' lang='grc' dir='ltr'>λίαν</span> <span class='ocrx_word' id='word_1_358' title='bbox 1570 3418 1721 3487; x_wconf 77' lang='grc' dir='ltr'>πρωῒ</span> 
     </span>
    </p>
   </div>
   <div class='ocr_carea' id='block_1_48' title="bbox 158 3503 1720 3583">
    <p class='ocr_par' dir='ltr' id='par_1_48' title="bbox 158 3503 1720 3583">
     <span class='ocr_line' id='line_1_48' title="bbox 158 3503 1720 3583; baseline 0.003 -24"><span class='ocrx_word' id='word_1_359' title='bbox 158 3503 250 3572; x_wconf 83' lang='grc' dir='ltr'>τῆς</span> <span class='ocrx_word' id='word_1_360' title='bbox 277 3506 410 3575; x_wconf 78' lang='grc' dir='ltr'>μιᾶς</span> <span class='ocrx_word' id='word_1_361' title='bbox 434 3507 756 3583; x_wconf 54' lang='lat' dir='ltr'><strong>inﬁtitith</strong></span> <span class='ocrx_word' id='word_1_362' title='bbox 796 3509 1072 3579; x_wconf 75' lang='grc' dir='ltr'>ἔρχονται</span> <span class='ocrx_word' id='word_1_363' title='bbox 1108 3508 1205 3562; x_wconf 75' lang='grc' dir='ltr'><strong>ἐπὶ</strong></span> <span class='ocrx_word' id='word_1_364' title='bbox 1236 3508 1305 3562; x_wconf 83' lang='grc' dir='ltr'>τὸ</span> <span class='ocrx_word' id='word_1_365' title='bbox 1328 3509 1558 3578; x_wconf 80' lang='grc' dir='ltr'>μνῆμα.</span> <span class='ocrx_word' id='word_1_366' title='bbox 1598 3511 1720 3564; x_wconf 85' lang='grc' dir='ltr'>Ἔτι</span> 
     </span>
    </p>
   </div>
   <div class='ocr_carea' id='block_1_49' title="bbox 158 3597 1719 3672">
    <p class='ocr_par' dir='ltr' id='par_1_49' title="bbox 158 3597 1719 3672">
     <span class='ocr_line' id='line_1_49' title="bbox 158 3597 1719 3672; baseline 0.005 -26"><span class='ocrx_word' id='word_1_367' title='bbox 158 3597 251 3658; x_wconf 84' lang='grc' dir='ltr'>τοῖς</span> <span class='ocrx_word' id='word_1_368' title='bbox 278 3598 689 3671; x_wconf 75' lang='grc' dir='ltr'>ἀκριϐεστέροις</span> <span class='ocrx_word' id='word_1_369' title='bbox 733 3599 843 3653; x_wconf 81' lang='grc' dir='ltr'><strong>τῶν</strong></span> <span class='ocrx_word' id='word_1_370' title='bbox 875 3599 1226 3670; x_wconf 77' lang='grc' dir='ltr'>ἀντιγράφων</span> <span class='ocrx_word' id='word_1_371' title='bbox 1276 3599 1577 3671; x_wconf 79' lang='grc' dir='ltr'>ἐμφέρεται</span> <span class='ocrx_word' id='word_1_372' title='bbox 1625 3600 1719 3672; x_wconf 77' lang='grc' dir='ltr'>δηο</span> 
     </span>
    </p>
   </div>
   <div class='ocr_carea' id='block_1_50' title="bbox 156 3684 1719 3763">
    <p class='ocr_par' dir='ltr' id='par_1_50' title="bbox 156 3684 1719 3763">
     <span class='ocr_line' id='line_1_50' title="bbox 156 3684 1719 3763; baseline 0.006 -27"><span class='ocrx_word' id='word_1_373' title='bbox 156 3684 278 3751; x_wconf 77' lang='grc' dir='ltr'>λοῦν,</span> <span class='ocrx_word' id='word_1_374' title='bbox 302 3689 374 3753; x_wconf 84' lang='grc' dir='ltr'>ὡς</span> <span class='ocrx_word' id='word_1_375' title='bbox 407 3692 546 3763; x_wconf 77' lang='grc' dir='ltr'>πρὸς</span> <span class='ocrx_word' id='word_1_376' title='bbox 578 3693 697 3754; x_wconf 84' lang='grc' dir='ltr'>ταῖς</span> <span class='ocrx_word' id='word_1_377' title='bbox 730 3690 832 3761; x_wconf 69' lang='grc' dir='ltr'>ἤδη</span> <span class='ocrx_word' id='word_1_378' title='bbox 862 3690 1282 3761; x_wconf 77' lang='grc' dir='ltr'>γεγενημέναις,</span> <span class='ocrx_word' id='word_1_379' title='bbox 1315 3693 1409 3744; x_wconf 77' lang='grc' dir='ltr'><strong>καὶ</strong></span> <span class='ocrx_word' id='word_1_380' title='bbox 1443 3691 1581 3763; x_wconf 76' lang='grc' dir='ltr'>αὕτη</span> <span class='ocrx_word' id='word_1_381' title='bbox 1606 3691 1719 3745; x_wconf 86' lang='grc' dir='ltr'><strong>τῶν</strong></span> 
     </span>
    </p>
   </div>
   <div class='ocr_carea' id='block_1_51' title="bbox 156 3781 1721 3853">
    <p class='ocr_par' dir='ltr' id='par_1_51' title="bbox 156 3781 1721 3853">
     <span class='ocr_line' id='line_1_51' title="bbox 156 3781 1721 3853; baseline 0 -16"><span class='ocrx_word' id='word_1_382' title='bbox 156 3782 398 3845; x_wconf 80' lang='grc' dir='ltr'>γυναικῶν</span> <span class='ocrx_word' id='word_1_383' title='bbox 423 3784 458 3853; x_wconf 84' lang='grc' dir='ltr'>ἡ</span> <span class='ocrx_word' id='word_1_384' title='bbox 485 3783 585 3835; x_wconf 69' lang='grc' dir='ltr'><strong>ἐπὶ</strong></span> <span class='ocrx_word' id='word_1_385' title='bbox 603 3782 665 3835; x_wconf 84' lang='grc' dir='ltr'><strong>τὸ</strong></span> <span class='ocrx_word' id='word_1_386' title='bbox 693 3781 882 3852; x_wconf 84' lang='grc' dir='ltr'>μνῆμα</span> <span class='ocrx_word' id='word_1_387' title='bbox 910 3782 1093 3852; x_wconf 80' lang='grc' dir='ltr'>ἄφιξις</span> <span class='ocrx_word' id='word_1_388' title='bbox 1117 3782 1444 3852; x_wconf 83' lang='grc' dir='ltr'>γέγονεν.Τὸ</span> <span class='ocrx_word' id='word_1_389' title='bbox 1463 3783 1541 3846; x_wconf 82' lang='grc' dir='ltr'><strong>δὲ,</strong></span> <span class='ocrx_word' id='word_1_390' title='bbox 1568 3784 1721 3837; x_wconf 81' lang='grc' dir='ltr'>Λίαν</span> 
     </span>
    </p>
   </div>
   <div class='ocr_carea' id='block_1_52' title="bbox 155 3873 1718 3947">
    <p class='ocr_par' dir='ltr' id='par_1_52' title="bbox 155 3873 1718 3947">
     <span class='ocr_line' id='line_1_52' title="bbox 155 3873 1718 3947; baseline 0.003 -22"><span class='ocrx_word' id='word_1_391' title='bbox 155 3873 542 3947; x_wconf 69' lang='grc' dir='ltr'>πρωῖ,σαφηνίζ</span> <span class='ocrx_word' id='word_1_392' title='bbox 543 3892 620 3929; x_wconf 90' lang='grc' dir='ltr'><strong>ων</strong></span> <span class='ocrx_word' id='word_1_393' title='bbox 632 3876 660 3929; x_wconf 85' lang='grc' dir='ltr'>ὁ</span> <span class='ocrx_word' id='word_1_394' title='bbox 675 3874 923 3945; x_wconf 86' lang='grc' dir='ltr'>Μάρκος,</span> <span class='ocrx_word' id='word_1_395' title='bbox 941 3875 1383 3941; x_wconf 58' lang='grc' dir='ltr'>’.ἀνατείλαντος</span> <span class='ocrx_word' id='word_1_396' title='bbox 1393 3876 1498 3930; x_wconf 87' lang='grc' dir='ltr'>τοῦ</span> <span class='ocrx_word' id='word_1_397' title='bbox 1514 3876 1718 3944; x_wconf 79' lang='grc' dir='ltr'>ἡλίου,</span> 
     </span>
    </p>
   </div>
   <div class='ocr_carea' id='block_1_53' title="bbox 154 3967 1720 4039">
    <p class='ocr_par' dir='ltr' id='par_1_53' title="bbox 154 3967 1720 4039">
     <span class='ocr_line' id='line_1_53' title="bbox 154 3967 1720 4039; baseline 0.003 -22"><span class='ocrx_word' id='word_1_398' title='bbox 154 3967 486 4039; x_wconf 78' lang='grc' dir='ltr'>προσέθηκεν.</span> <span class='ocrx_word' id='word_1_399' title='bbox 535 3967 648 4022; x_wconf 78' lang='lat' dir='ltr'><strong>Kal</strong></span> <span class='ocrx_word' id='word_1_400' title='bbox 686 3968 922 4038; x_wconf 72' lang='grc' dir='ltr'>ἔλεγον,</span> <span class='ocrx_word' id='word_1_401' title='bbox 958 3969 1112 4039; x_wconf 73' lang='grc' dir='ltr'>φησὶ,</span> <span class='ocrx_word' id='word_1_402' title='bbox 1159 3968 1309 4037; x_wconf 82' lang='grc' dir='ltr'>πρὸς</span> <span class='ocrx_word' id='word_1_403' title='bbox 1345 3968 1582 4033; x_wconf 80' lang='grc' dir='ltr'>ἑαυτάς·</span> <span class='ocrx_word' id='word_1_404' title='bbox 1622 3970 1720 4036; x_wconf 83' lang='grc' dir='ltr'>Τίς</span> 
     </span>
    </p>
   </div>
   <div class='ocr_carea' id='block_1_54' title="bbox 152 4052 1718 4126">
    <p class='ocr_par' dir='ltr' id='par_1_54' title="bbox 152 4052 1718 4126">
     <span class='ocr_line' id='line_1_54' title="bbox 152 4052 1718 4126; baseline 0.004 -20"><span class='ocrx_word' id='word_1_405' title='bbox 152 4052 488 4111; x_wconf 66' lang='grc' dir='ltr'>ἀποκυλίσει</span> <span class='ocrx_word' id='word_1_406' title='bbox 529 4056 680 4126; x_wconf 77' lang='grc' dir='ltr'><strong>ἡμῖν</strong></span> <span class='ocrx_word' id='word_1_407' title='bbox 719 4058 829 4112; x_wconf 78' lang='grc' dir='ltr'><strong>τὸν</strong></span> <span class='ocrx_word' id='word_1_408' title='bbox 853 4059 1030 4113; x_wconf 73' lang='grc' dir='ltr'>λίθον</span> <span class='ocrx_word' id='word_1_409' title='bbox 1082 4057 1203 4112; x_wconf 80' lang='grc' dir='ltr'>ἀπὸ</span> <span class='ocrx_word' id='word_1_410' title='bbox 1241 4056 1355 4125; x_wconf 77' lang='grc' dir='ltr'>τῆς</span> <span class='ocrx_word' id='word_1_411' title='bbox 1393 4058 1578 4126; x_wconf 79' lang='grc' dir='ltr'>θύρας</span> <span class='ocrx_word' id='word_1_412' title='bbox 1610 4058 1718 4113; x_wconf 78' lang='grc' dir='ltr'>τοῦ</span> 
     </span>
    </p>
   </div>
   <div class='ocr_carea' id='block_1_55' title="bbox 149 4148 1718 4218">
    <p class='ocr_par' dir='ltr' id='par_1_55' title="bbox 149 4148 1718 4218">
     <span class='ocr_line' id='line_1_55' title="bbox 149 4148 1718 4218; baseline 0.004 -19"><span class='ocrx_word' id='word_1_413' title='bbox 149 4148 452 4214; x_wconf 61' lang='lat' dir='ltr'><strong>prim-riae;</strong></span> <span class='ocrx_word' id='word_1_414' title='bbox 485 4150 599 4204; x_wconf 85' lang='lat' dir='ltr'><strong>Kal</strong></span> <span class='ocrx_word' id='word_1_415' title='bbox 629 4148 1052 4218; x_wconf 69' lang='grc' dir='ltr'>ἀναϐλέψασαι</span> <span class='ocrx_word' id='word_1_416' title='bbox 1083 4149 1411 4216; x_wconf 84' lang='grc' dir='ltr'>θεωροῦσιν</span> <span class='ocrx_word' id='word_1_417' title='bbox 1450 4151 1539 4205; x_wconf 87' lang='grc' dir='ltr'>ὅτι</span> <span class='ocrx_word' id='word_1_418' title='bbox 1569 4152 1718 4207; x_wconf 82' lang='grc' dir='ltr'>ἀπο-</span> 
     </span>
    </p>
   </div>
   <div class='ocr_carea' id='block_1_56' title="bbox 151 4230 1718 4313">
    <p class='ocr_par' dir='ltr' id='par_1_56' title="bbox 151 4230 1718 4313">
     <span class='ocr_line' id='line_1_56' title="bbox 151 4230 1718 4313; baseline 0.013 -25"><span class='ocrx_word' id='word_1_419' title='bbox 151 4239 473 4294; x_wconf 75' lang='grc' dir='ltr'>κεκύλισται</span> <span class='ocrx_word' id='word_1_420' title='bbox 517 4244 553 4294; x_wconf 84' lang='lat' dir='ltr'><strong>d</strong></span> <span class='ocrx_word' id='word_1_421' title='bbox 581 4241 770 4307; x_wconf 80' lang='grc' dir='ltr'>λίθος.</span> <span class='ocrx_word' id='word_1_422' title='bbox 800 4236 912 4296; x_wconf 79' lang='grc' dir='ltr'>Ἦν</span> <span class='ocrx_word' id='word_1_423' title='bbox 947 4240 1058 4309; x_wconf 78' lang='grc' dir='ltr'>γὰρ</span> <span class='ocrx_word' id='word_1_424' title='bbox 1079 4239 1270 4311; x_wconf 76' lang='grc' dir='ltr'><strong>μέτ’ᾱς</strong></span> <span class='ocrx_word' id='word_1_425' title='bbox 1303 4230 1559 4311; x_wconf 69' lang='grc' dir='ltr'>σφόδρα.</span> <span class='ocrx_word' id='word_1_426' title='bbox 1604 4243 1718 4313; x_wconf 85' lang='grc' dir='ltr'><strong>Τῆς</strong></span> 
     </span>
    </p>
   </div>
   <div class='ocr_carea' id='block_1_57' title="bbox 152 4327 1719 4405">
    <p class='ocr_par' dir='ltr' id='par_1_57' title="bbox 152 4327 1719 4405">
     <span class='ocr_line' id='line_1_57' title="bbox 152 4327 1719 4405; baseline 0.006 -25"><span class='ocrx_word' id='word_1_427' title='bbox 152 4327 244 4400; x_wconf 76' lang='grc' dir='ltr'>γὰρ</span> <span class='ocrx_word' id='word_1_428' title='bbox 267 4332 533 4403; x_wconf 80' lang='grc' dir='ltr'>Σαλώμης</span> <span class='ocrx_word' id='word_1_429' title='bbox 562 4332 785 4395; x_wconf 85' lang='grc' dir='ltr'>δικαίως</span> <span class='ocrx_word' id='word_1_430' title='bbox 813 4331 1218 4404; x_wconf 82' lang='grc' dir='ltr'>ἀπορουμένης,</span> <span class='ocrx_word' id='word_1_431' title='bbox 1252 4333 1327 4396; x_wconf 79' lang='grc' dir='ltr'>ὡς</span> <span class='ocrx_word' id='word_1_432' title='bbox 1359 4333 1421 4387; x_wconf 85' lang='grc' dir='ltr'>τὸ</span> <span class='ocrx_word' id='word_1_433' title='bbox 1457 4336 1719 4405; x_wconf 85' lang='grc' dir='ltr'>παράπαν</span> 
     </span>
    </p>
   </div>
   <div class='ocr_carea' id='block_1_58' title="bbox 152 4409 1719 4497">
    <p class='ocr_par' dir='ltr' id='par_1_58' title="bbox 152 4409 1719 4497">
     <span class='ocr_line' id='line_1_58' title="bbox 152 4409 1719 4497; baseline 0.004 -24"><span class='ocrx_word' id='word_1_434' title='bbox 152 4418 216 4489; x_wconf 77' lang='grc' dir='ltr'>μὴ</span> <span class='ocrx_word' id='word_1_435' title='bbox 257 4409 673 4494; x_wconf 66' lang='grc' dir='ltr'>ὲέτιδημησάσης</span> <span class='ocrx_word' id='word_1_436' title='bbox 718 4422 796 4492; x_wconf 84' lang='grc' dir='ltr'>τῷ</span> <span class='ocrx_word' id='word_1_437' title='bbox 838 4422 1026 4494; x_wconf 80' lang='grc' dir='ltr'>τάφῳ,</span> <span class='ocrx_word' id='word_1_438' title='bbox 1077 4424 1174 4477; x_wconf 80' lang='grc' dir='ltr'>καὶ</span> <span class='ocrx_word' id='word_1_439' title='bbox 1216 4423 1390 4477; x_wconf 82' lang='grc' dir='ltr'>ταῦτα</span> <span class='ocrx_word' id='word_1_440' title='bbox 1436 4425 1574 4497; x_wconf 83' lang='grc' dir='ltr'>πρὸς</span> <span class='ocrx_word' id='word_1_441' title='bbox 1618 4426 1719 4491; x_wconf 89' lang='grc' dir='ltr'><strong>τάς</strong></span> 
     </span>
    </p>
   </div>
   <div class='ocr_carea' id='block_1_59' title="bbox 150 4513 1717 4588">
    <p class='ocr_par' dir='ltr' id='par_1_59' title="bbox 150 4513 1717 4588">
     <span class='ocr_line' id='line_1_59' title="bbox 150 4513 1717 4588; baseline 0.006 -27"><span class='ocrx_word' id='word_1_442' title='bbox 150 4513 565 4580; x_wconf 77' lang='grc' dir='ltr'>συμϐαδιζούσας</span> <span class='ocrx_word' id='word_1_443' title='bbox 611 4514 911 4586; x_wconf 85' lang='grc' dir='ltr'>λεγούσης,</span> <span class='ocrx_word' id='word_1_444' title='bbox 966 4517 1179 4570; x_wconf 74' lang='grc' dir='ltr'>ἐκεῖναι</span> <span class='ocrx_word' id='word_1_445' title='bbox 1217 4517 1433 4588; x_wconf 80' lang='grc' dir='ltr'>’σιωπὴν</span> <span class='ocrx_word' id='word_1_446' title='bbox 1487 4517 1717 4586; x_wconf 80' lang='grc' dir='ltr'>ἄγουσαι</span> 
     </span>
    </p>
   </div>
   <div class='ocr_carea' id='block_1_60' title="bbox 147 4604 1718 4681">
    <p class='ocr_par' dir='ltr' id='par_1_60' title="bbox 147 4604 1718 4681">
     <span class='ocr_line' id='line_1_60' title="bbox 147 4604 1718 4681; baseline 0.005 -26"><span class='ocrx_word' id='word_1_447' title='bbox 147 4604 271 4657; x_wconf 81' lang='grc' dir='ltr'><strong>κατά</strong></span> <span class='ocrx_word' id='word_1_448' title='bbox 309 4607 401 4661; x_wconf 80' lang='grc' dir='ltr'><strong>τὸν</strong></span> <span class='ocrx_word' id='word_1_449' title='bbox 441 4605 735 4678; x_wconf 74' lang='grc' dir='ltr'>εἰρημένον</span> <span class='ocrx_word' id='word_1_450' title='bbox 766 4607 1026 4678; x_wconf 87' lang='grc' dir='ltr'>ἀνωτέρω</span> <span class='ocrx_word' id='word_1_451' title='bbox 1054 4609 1272 4680; x_wconf 85' lang='grc' dir='ltr'>τρόπον,</span> <span class='ocrx_word' id='word_1_452' title='bbox 1314 4611 1410 4663; x_wconf 80' lang='grc' dir='ltr'>καὶ</span> <span class='ocrx_word' id='word_1_453' title='bbox 1453 4610 1578 4673; x_wconf 77' lang='grc' dir='ltr'>τοὺς</span> <span class='ocrx_word' id='word_1_454' title='bbox 1620 4610 1718 4681; x_wconf 85' lang='grc' dir='ltr'><strong>ὀφ-</strong></span> 
     </span>
    </p>
   </div>
   <div class='ocr_carea' id='block_1_61' title="bbox 148 4692 1716 4774">
    <p class='ocr_par' dir='ltr' id='par_1_61' title="bbox 148 4692 1716 4774">
     <span class='ocr_line' id='line_1_61' title="bbox 148 4692 1716 4774; baseline 0.005 -26"><span class='ocrx_word' id='word_1_455' title='bbox 148 4692 366 4766; x_wconf 75' lang='grc' dir='ltr'>θαλμοῦς</span> <span class='ocrx_word' id='word_1_456' title='bbox 391 4700 622 4770; x_wconf 82' lang='grc' dir='ltr'>ἀρασαι.</span> <span class='ocrx_word' id='word_1_457' title='bbox 658 4697 739 4771; x_wconf 83' lang='grc' dir='ltr'><strong>τῷ</strong></span> <span class='ocrx_word' id='word_1_458' title='bbox 768 4699 1043 4771; x_wconf 84' lang='grc' dir='ltr'>βλέμματι</span> <span class='ocrx_word' id='word_1_459' title='bbox 1074 4700 1170 4771; x_wconf 83' lang='grc' dir='ltr'>τὴν</span> <span class='ocrx_word' id='word_1_460' title='bbox 1204 4700 1497 4771; x_wconf 83' lang='grc' dir='ltr'>ἀπόκρισιν</span> <span class='ocrx_word' id='word_1_461' title='bbox 1526 4704 1716 4774; x_wconf 81' lang='grc' dir='ltr'>ἐποιή-</span> 
     </span>
    </p>
   </div>
   <div class='ocr_carea' id='block_1_62' title="bbox 147 4791 1714 4865">
    <p class='ocr_par' dir='ltr' id='par_1_62' title="bbox 147 4791 1714 4865">
     <span class='ocr_line' id='line_1_62' title="bbox 147 4791 1714 4865; baseline 0.007 -29"><span class='ocrx_word' id='word_1_462' title='bbox 147 4801 328 4842; x_wconf 85' lang='grc' dir='ltr'>σαντο·</span> <span class='ocrx_word' id='word_1_463' title='bbox 377 4791 477 4845; x_wconf 76' lang='grc' dir='ltr'><strong>καὶ</strong></span> <span class='ocrx_word' id='word_1_464' title='bbox 524 4793 634 4865; x_wconf 84' lang='grc' dir='ltr'><strong>γάρ</strong></span> <span class='ocrx_word' id='word_1_465' title='bbox 679 4793 708 4845; x_wconf 86' lang='grc' dir='ltr'>ὁ</span> <span class='ocrx_word' id='word_1_466' title='bbox 754 4792 903 4855; x_wconf 83' lang='grc' dir='ltr'>λίθος</span> <span class='ocrx_word' id='word_1_467' title='bbox 944 4791 1441 4861; x_wconf 84' lang='grc' dir='ltr'>ἀποκεκυλισμένος</span> <span class='ocrx_word' id='word_1_468' title='bbox 1473 4794 1565 4845; x_wconf 77' lang='grc' dir='ltr'><strong>ὑπ’</strong></span> <span class='ocrx_word' id='word_1_469' title='bbox 1593 4791 1714 4862; x_wconf 71' lang='grc' dir='ltr'>ὄψιν</span> 
     </span>
    </p>
   </div>
   <div class='ocr_carea' id='block_1_63' title="bbox 146 4875 1713 4954">
    <p class='ocr_par' dir='ltr' id='par_1_63' title="bbox 146 4875 1713 4954">
     <span class='ocr_line' id='line_1_63' title="bbox 146 4875 1713 4954; baseline 0.006 -28"><span class='ocrx_word' id='word_1_470' title='bbox 146 4875 397 4937; x_wconf 77' lang='grc' dir='ltr'>ἐφαίνετο.</span> <span class='ocrx_word' id='word_1_471' title='bbox 429 4881 532 4934; x_wconf 84' lang='grc' dir='ltr'>Διά</span> <span class='ocrx_word' id='word_1_472' title='bbox 551 4880 607 4933; x_wconf 80' lang='grc' dir='ltr'>δὲ</span> <span class='ocrx_word' id='word_1_473' title='bbox 634 4882 733 4953; x_wconf 80' lang='grc' dir='ltr'>τὴν</span> <span class='ocrx_word' id='word_1_474' title='bbox 760 4880 942 4951; x_wconf 80' lang='grc' dir='ltr'>κοινὴν</span> <span class='ocrx_word' id='word_1_475' title='bbox 966 4881 1060 4933; x_wconf 71' lang='grc' dir='ltr'><strong>καὶ</strong></span> <span class='ocrx_word' id='word_1_476' title='bbox 1089 4882 1216 4952; x_wconf 83' lang='grc' dir='ltr'>μίαν</span> <span class='ocrx_word' id='word_1_477' title='bbox 1241 4880 1547 4950; x_wconf 74' lang='grc' dir='ltr'>ὁδοιπορίαν</span> <span class='ocrx_word' id='word_1_478' title='bbox 1577 4882 1713 4954; x_wconf 88' lang='grc' dir='ltr'>πρὸς</span> 
     </span>
    </p>
   </div>
   <div class='ocr_carea' id='block_1_64' title="bbox 142 4966 1708 5045">
    <p class='ocr_par' dir='ltr' id='par_1_64' title="bbox 142 4966 1708 5045">
     <span class='ocr_line' id='line_1_64' title="bbox 142 4966 1708 5045; baseline 0.005 -27"><span class='ocrx_word' id='word_1_479' title='bbox 142 4966 356 5041; x_wconf 77' lang='grc' dir='ltr'>ἀλλήλας</span> <span class='ocrx_word' id='word_1_480' title='bbox 382 4971 555 5036; x_wconf 81' lang='grc' dir='ltr'>αὐτὰς</span> <span class='ocrx_word' id='word_1_481' title='bbox 579 4971 918 5043; x_wconf 81' lang='grc' dir='ltr'>ἠπορηκέναι</span> <span class='ocrx_word' id='word_1_482' title='bbox 948 4972 1044 5026; x_wconf 74' lang='grc' dir='ltr'>καὶ</span> <span class='ocrx_word' id='word_1_483' title='bbox 1070 4972 1356 5042; x_wconf 75' lang='grc' dir='ltr'>διειλέχθαι</span> <span class='ocrx_word' id='word_1_484' title='bbox 1379 4972 1708 5045; x_wconf 86' lang='grc' dir='ltr'>γέγραπται,</span> 
     </span>
    </p>
   </div>
   <div class='ocr_carea' id='block_1_65' title="bbox 142 5046 1711 5138">
    <p class='ocr_par' dir='ltr' id='par_1_65' title="bbox 142 5046 1711 5138">
     <span class='ocr_line' id='line_1_65' title="bbox 142 5046 1711 5138; baseline 0.005 -25"><span class='ocrx_word' id='word_1_485' title='bbox 142 5060 198 5130; x_wconf 74' lang='grc' dir='ltr'>τῇ</span> <span class='ocrx_word' id='word_1_486' title='bbox 232 5046 459 5135; x_wconf 69' lang='grc' dir='ltr'>ἀληθείᾳ.</span> <span class='ocrx_word' id='word_1_487' title='bbox 489 5064 589 5135; x_wconf 81' lang='grc' dir='ltr'>τῆς</span> <span class='ocrx_word' id='word_1_488' title='bbox 624 5064 863 5136; x_wconf 79' lang='grc' dir='ltr'>ἱστορίας</span> <span class='ocrx_word' id='word_1_489' title='bbox 905 5066 1003 5118; x_wconf 76' lang='grc' dir='ltr'>καὶ</span> <span class='ocrx_word' id='word_1_490' title='bbox 1026 5067 1092 5135; x_wconf 83' lang='grc' dir='ltr'>τῇ</span> <span class='ocrx_word' id='word_1_491' title='bbox 1130 5065 1290 5132; x_wconf 72' lang='grc' dir='ltr'>φύσει</span> <span class='ocrx_word' id='word_1_492' title='bbox 1315 5065 1422 5121; x_wconf 81' lang='grc' dir='ltr'><strong>τῶν</strong></span> <span class='ocrx_word' id='word_1_493' title='bbox 1453 5066 1711 5138; x_wconf 81' lang='grc' dir='ltr'>πραγμά·</span> 
     </span>
    </p>
   </div>
   <div class='ocr_carea' id='block_1_66' title="bbox 140 5153 1711 5226">
    <p class='ocr_par' dir='ltr' id='par_1_66' title="bbox 140 5153 1711 5226">
     <span class='ocr_line' id='line_1_66' title="bbox 140 5153 1711 5226; baseline 0.006 -24"><span class='ocrx_word' id='word_1_494' title='bbox 140 5165 236 5203; x_wconf 84' lang='grc' dir='ltr'><strong>των</strong></span> <span class='ocrx_word' id='word_1_495' title='bbox 259 5153 416 5224; x_wconf 75' lang='grc' dir='ltr'>ἡμῶν</span> <span class='ocrx_word' id='word_1_496' title='bbox 450 5156 848 5226; x_wconf 81' lang='grc' dir='ltr'>προσεχόντων,</span> <span class='ocrx_word' id='word_1_497' title='bbox 882 5156 979 5209; x_wconf 77' lang='grc' dir='ltr'>καὶ</span> <span class='ocrx_word' id='word_1_498' title='bbox 1001 5155 1381 5226; x_wconf 85' lang='grc' dir='ltr'>διακρινόντων</span> <span class='ocrx_word' id='word_1_499' title='bbox 1404 5157 1550 5220; x_wconf 83' lang='grc' dir='ltr'>τίνος</span> <span class='ocrx_word' id='word_1_500' title='bbox 1581 5157 1711 5211; x_wconf 83' lang='grc' dir='ltr'>ίδιον</span> 
     </span>
    </p>
   </div>
   <div class='ocr_carea' id='block_1_67' title="bbox 140 5236 1712 5329">
    <p class='ocr_par' dir='ltr' id='par_1_67' title="bbox 140 5236 1712 5329">
     <span class='ocr_line' id='line_1_67' title="bbox 140 5236 1712 5329; baseline 0.007 -41"><span class='ocrx_word' id='word_1_501' title='bbox 140 5236 337 5314; x_wconf 80' lang='grc' dir='ltr'>ὑπῆρχε</span> <span class='ocrx_word' id='word_1_502' title='bbox 368 5245 430 5297; x_wconf 77' lang='grc' dir='ltr'>τὸ</span> <span class='ocrx_word' id='word_1_503' title='bbox 453 5245 750 5318; x_wconf 84' lang='grc' dir='ltr'>διαπορεῖν.</span> <span class='ocrx_word' id='word_1_504' title='bbox 768 5246 895 5329; x_wconf 41' lang='grc' dir='ltr'><strong>,Τὰς</strong></span> <span class='ocrx_word' id='word_1_505' title='bbox 935 5246 1045 5317; x_wconf 83' lang='grc' dir='ltr'>γὰρ</span> <span class='ocrx_word' id='word_1_506' title='bbox 1075 5246 1176 5317; x_wconf 78' lang='grc' dir='ltr'>ἤδη</span> <span class='ocrx_word' id='word_1_507' title='bbox 1220 5245 1477 5310; x_wconf 83' lang='grc' dir='ltr'>πολλάκις</span> <span class='ocrx_word' id='word_1_508' title='bbox 1509 5247 1712 5301; x_wconf 77' lang='grc' dir='ltr'>ἀποκε-</span> 
     </span>
    </p>
   </div>
   <div class='ocr_carea' id='block_1_68' title="bbox 139 5332 1711 5410">
    <p class='ocr_par' dir='ltr' id='par_1_68' title="bbox 139 5332 1711 5410">
     <span class='ocr_line' id='line_1_68' title="bbox 139 5332 1711 5410; baseline 0.004 -25"><span class='ocrx_word' id='word_1_509' title='bbox 139 5332 451 5406; x_wconf 83' lang='grc' dir='ltr'>κυλισμένον</span> <span class='ocrx_word' id='word_1_510' title='bbox 480 5335 822 5409; x_wconf 85' lang='grc' dir='ltr'>θεασαμένας</span> <span class='ocrx_word' id='word_1_511' title='bbox 851 5339 947 5393; x_wconf 83' lang='grc' dir='ltr'><strong>τὸν</strong></span> <span class='ocrx_word' id='word_1_512' title='bbox 970 5338 1137 5404; x_wconf 88' lang='grc' dir='ltr'>λίθον,</span> <span class='ocrx_word' id='word_1_513' title='bbox 1175 5337 1302 5407; x_wconf 78' lang='grc' dir='ltr'>περὶ</span> <span class='ocrx_word' id='word_1_514' title='bbox 1327 5336 1516 5391; x_wconf 89' lang='grc' dir='ltr'>τούτου</span> <span class='ocrx_word' id='word_1_515' title='bbox 1545 5354 1711 5410; x_wconf 75' lang='grc' dir='ltr'>φρονο</span> 
     </span>
    </p>
   </div>
   <div class='ocr_carea' id='block_1_69' title="bbox 136 5420 1710 5500">
    <p class='ocr_par' dir='ltr' id='par_1_69' title="bbox 136 5420 1710 5500">
     <span class='ocr_line' id='line_1_69' title="bbox 136 5420 1710 5500; baseline 0.007 -30"><span class='ocrx_word' id='word_1_516' title='bbox 136 5420 291 5485; x_wconf 79' lang='grc' dir='ltr'>τίζειν</span> <span class='ocrx_word' id='word_1_517' title='bbox 328 5425 617 5483; x_wconf 84' lang='grc' dir='ltr'>ἀπίθανον.</span> <span class='ocrx_word' id='word_1_518' title='bbox 661 5429 799 5482; x_wconf 81' lang='grc' dir='ltr'>Ἀλλ’</span> <span class='ocrx_word' id='word_1_519' title='bbox 827 5428 1015 5500; x_wconf 77' lang='grc' dir='ltr'>ἐπειδὴ</span> <span class='ocrx_word' id='word_1_520' title='bbox 1039 5430 1160 5491; x_wconf 84' lang='grc' dir='ltr'>ταῖς</span> <span class='ocrx_word' id='word_1_521' title='bbox 1191 5426 1344 5498; x_wconf 83' lang='grc' dir='ltr'>παρὰ</span> <span class='ocrx_word' id='word_1_522' title='bbox 1375 5426 1452 5497; x_wconf 80' lang='grc' dir='ltr'><strong>τῷ</strong></span> <span class='ocrx_word' id='word_1_523' title='bbox 1494 5427 1710 5499; x_wconf 86' lang='grc' dir='ltr'>Μάρκῳ</span> 
     </span>
    </p>
   </div>
   <div class='ocr_carea' id='block_1_70' title="bbox 134 5514 1712 5591">
    <p class='ocr_par' dir='ltr' id='par_1_70' title="bbox 134 5514 1712 5591">
     <span class='ocr_line' id='line_1_70' title="bbox 134 5514 1712 5591; baseline 0.004 -24"><span class='ocrx_word' id='word_1_524' title='bbox 134 5514 347 5582; x_wconf 80' lang='grc' dir='ltr'>ταύταις</span> <span class='ocrx_word' id='word_1_525' title='bbox 382 5521 646 5587; x_wconf 74' lang='grc' dir='ltr'>γυναιξὶν,</span> <span class='ocrx_word' id='word_1_526' title='bbox 693 5521 923 5591; x_wconf 77' lang='grc' dir='ltr'>ἀγνοοῦν</span> <span class='ocrx_word' id='word_1_527' title='bbox 951 5520 1013 5574; x_wconf 80' lang='grc' dir='ltr'>τὸ</span> <span class='ocrx_word' id='word_1_528' title='bbox 1037 5520 1136 5591; x_wconf 83' lang='grc' dir='ltr'>τῆς</span> <span class='ocrx_word' id='word_1_529' title='bbox 1176 5517 1445 5590; x_wconf 82' lang='grc' dir='ltr'>Σαλώμης</span> <span class='ocrx_word' id='word_1_530' title='bbox 1473 5519 1712 5591; x_wconf 78' lang='grc' dir='ltr'>ἐμφέρε-</span> 
     </span>
    </p>
   </div>
   <div class='ocr_carea' id='block_1_71' title="bbox 134 5610 1711 5688">
    <p class='ocr_par' dir='ltr' id='par_1_71' title="bbox 134 5610 1711 5688">
     <span class='ocr_line' id='line_1_71' title="bbox 134 5610 1711 5688; baseline 0.003 -28"><span class='ocrx_word' id='word_1_531' title='bbox 134 5620 218 5659; x_wconf 81' lang='grc' dir='ltr'><strong>ται</strong></span> <span class='ocrx_word' id='word_1_532' title='bbox 241 5612 552 5679; x_wconf 80' lang='grc' dir='ltr'>πρόσωπον,</span> <span class='ocrx_word' id='word_1_533' title='bbox 582 5612 808 5688; x_wconf 78' lang='grc' dir='ltr'>ἀμάχως</span> <span class='ocrx_word' id='word_1_534' title='bbox 828 5614 857 5666; x_wconf 85' lang='grc' dir='ltr'>ὁ</span> <span class='ocrx_word' id='word_1_535' title='bbox 881 5612 1037 5681; x_wconf 82' lang='grc' dir='ltr'>λόγος</span> <span class='ocrx_word' id='word_1_536' title='bbox 1060 5611 1171 5682; x_wconf 78' lang='grc' dir='ltr'>ἔχει</span> <span class='ocrx_word' id='word_1_537' title='bbox 1199 5612 1258 5665; x_wconf 80' lang='grc' dir='ltr'>τὸ</span> <span class='ocrx_word' id='word_1_538' title='bbox 1285 5611 1526 5666; x_wconf 84' lang='grc' dir='ltr'>πιθανόν.</span> <span class='ocrx_word' id='word_1_539' title='bbox 1560 5610 1711 5665; x_wconf 81' lang='grc' dir='ltr'>Ἐπεὶ</span> 
     </span>
    </p>
   </div>
   <div class='ocr_carea' id='block_1_72' title="bbox 138 5696 1709 5771">
    <p class='ocr_par' dir='ltr' id='par_1_72' title="bbox 138 5696 1709 5771">
     <span class='ocr_line' id='line_1_72' title="bbox 138 5696 1709 5771; baseline 0.007 -25"><span class='ocrx_word' id='word_1_540' title='bbox 138 5696 393 5753; x_wconf 69' lang='grc' dir='ltr'>κάκείνων</span> <span class='ocrx_word' id='word_1_541' title='bbox 425 5702 526 5755; x_wconf 71' lang='grc' dir='ltr'><strong>οὐκ</strong></span> <span class='ocrx_word' id='word_1_542' title='bbox 555 5703 845 5757; x_wconf 82' lang='grc' dir='ltr'>ἀκόλουθον</span> <span class='ocrx_word' id='word_1_543' title='bbox 875 5702 937 5756; x_wconf 82' lang='grc' dir='ltr'><strong>τὸ</strong></span> <span class='ocrx_word' id='word_1_544' title='bbox 962 5701 1142 5771; x_wconf 84' lang='grc' dir='ltr'>λέγειν</span> <span class='ocrx_word' id='word_1_545' title='bbox 1161 5719 1176 5735; x_wconf 77' lang='grc' dir='ltr'><strong>ο</strong></span> <span class='ocrx_word' id='word_1_546' title='bbox 1214 5703 1309 5768; x_wconf 83' lang='grc' dir='ltr'>Τίς</span> <span class='ocrx_word' id='word_1_547' title='bbox 1345 5702 1709 5757; x_wconf 74' lang='grc' dir='ltr'>ἀποκυλίσει</span> 
     </span>
    </p>
   </div>
   <div class='ocr_carea' id='block_1_73' title="bbox 204 5872 1356 5959">
    <p class='ocr_par' dir='ltr' id='par_1_73' title="bbox 204 5872 1356 5959">
     <span class='ocr_line' id='line_1_73' title="bbox 204 5872 1356 5959; baseline 0.005 -32"><span class='ocrx_word' id='word_1_548' title='bbox 204 5872 244 5905; x_wconf 65' lang='grc' dir='ltr'><strong>ι’</strong></span> <span class='ocrx_word' id='word_1_549' title='bbox 275 5874 410 5934; x_wconf 84' lang='lat' dir='ltr'><strong>Luc.</strong></span> <span class='ocrx_word' id='word_1_550' title='bbox 442 5894 589 5945; x_wconf 72' lang='lat' dir='ltr'><strong>xxiv,</strong></span> <span class='ocrx_word' id='word_1_551' title='bbox 613 5880 665 5936; x_wconf 83' lang='lat'><strong>5.</strong></span> <span class='ocrx_word' id='word_1_552' title='bbox 743 5882 789 5913; x_wconf 80' lang='grc'><strong>²⁰</strong></span> <span class='ocrx_word' id='word_1_553' title='bbox 813 5881 979 5959; x_wconf 70' lang='lat' dir='ltr'><strong>Marc.</strong></span> <span class='ocrx_word' id='word_1_554' title='bbox 1026 5897 1134 5947; x_wconf 76' lang='grc' dir='ltr'>ινι,</span> <span class='ocrx_word' id='word_1_555' title='bbox 1167 5879 1203 5933; x_wconf 74' lang='grc' dir='ltr'>Ξ</span> <span class='ocrx_word' id='word_1_556' title='bbox 1236 5896 1356 5950; x_wconf 82' lang='lat' dir='ltr'><strong>sqq.</strong></span> 
     </span>
    </p>
   </div>
   <div class='ocr_carea' id='block_1_74' title="bbox 1816 1955 3413 2031">
    <p class='ocr_par' dir='ltr' id='par_1_74' title="bbox 1816 1955 3413 2031">
     <span class='ocr_line' id='line_1_74' title="bbox 1816 1955 3413 2031; baseline 0.004 -22"><span class='ocrx_word' id='word_1_557' title='bbox 1816 1955 1990 2031; x_wconf 82' lang='lat' dir='ltr'><strong>etiam</strong></span> <span class='ocrx_word' id='word_1_558' title='bbox 2021 1956 2138 2028; x_wconf 89' lang='lat' dir='ltr'><strong>ipse</strong></span> <span class='ocrx_word' id='word_1_559' title='bbox 2164 1959 2426 2028; x_wconf 83' lang='lat' dir='ltr'><strong>paulatim</strong></span> <span class='ocrx_word' id='word_1_560' title='bbox 2455 1967 2677 2029; x_wconf 87' lang='lat' dir='ltr'><strong>propter</strong></span> <span class='ocrx_word' id='word_1_561' title='bbox 2716 1959 2932 2013; x_wconf 89' lang='lat' dir='ltr'><strong>illorum</strong></span> <span class='ocrx_word' id='word_1_562' title='bbox 2972 1960 3413 2015; x_wconf 81' lang='lat' dir='ltr'><strong>incredulitatem</strong></span> 
     </span>
    </p>
   </div>
   <div class='ocr_carea' id='block_1_75' title="bbox 1810 2040 3410 2120">
    <p class='ocr_par' dir='ltr' id='par_1_75' title="bbox 1810 2040 3410 2120">
     <span class='ocr_line' id='line_1_75' title="bbox 1810 2040 3410 2120; baseline 0.004 -19"><span class='ocrx_word' id='word_1_563' title='bbox 1810 2040 2012 2118; x_wconf 83' lang='lat' dir='ltr'><strong>aliquo</strong></span> <span class='ocrx_word' id='word_1_564' title='bbox 2057 2051 2220 2105; x_wconf 84' lang='lat' dir='ltr'><strong>modo</strong></span> <span class='ocrx_word' id='word_1_565' title='bbox 2268 2052 2624 2120; x_wconf 76' lang='lat' dir='ltr'><strong>perturbatus</strong></span> <span class='ocrx_word' id='word_1_566' title='bbox 2672 2058 2728 2107; x_wconf 89' lang='lat' dir='ltr'><strong>ct</strong></span> <span class='ocrx_word' id='word_1_567' title='bbox 2766 2050 3039 2108; x_wconf 82' lang='lat' dir='ltr'><strong>ﬂuctuans</strong></span> <span class='ocrx_word' id='word_1_568' title='bbox 3087 2053 3410 2118; x_wconf 82' lang='lat' dir='ltr'><strong>surrexerit,</strong></span> 
     </span>
    </p>
   </div>
   <div class='ocr_carea' id='block_1_76' title="bbox 1825 2141 3414 2213">
    <p class='ocr_par' dir='ltr' id='par_1_76' title="bbox 1825 2141 3414 2213">
     <span class='ocr_line' id='line_1_76' title="bbox 1825 2141 3414 2213; baseline 0.003 -20"><span class='ocrx_word' id='word_1_569' title='bbox 1825 2153 1891 2194; x_wconf 90' lang='lat' dir='ltr'><strong>ac</strong></span> <span class='ocrx_word' id='word_1_570' title='bbox 1924 2155 2121 2195; x_wconf 89' lang='lat' dir='ltr'><strong>rursus</strong></span> <span class='ocrx_word' id='word_1_571' title='bbox 2154 2141 2221 2194; x_wconf 85' lang='lat' dir='ltr'><strong>ad</strong></span> <span class='ocrx_word' id='word_1_572' title='bbox 2254 2150 2670 2197; x_wconf 88' lang='lat' dir='ltr'><strong>monumentum</strong></span> <span class='ocrx_word' id='word_1_573' title='bbox 2716 2145 3045 2207; x_wconf 84' lang='lat' dir='ltr'><strong>cucurrerit,</strong></span> <span class='ocrx_word' id='word_1_574' title='bbox 3081 2150 3246 2213; x_wconf 86' lang='lat' dir='ltr'><strong>atque</strong></span> <span class='ocrx_word' id='word_1_575' title='bbox 3285 2156 3414 2212; x_wconf 50' lang='lat' dir='ltr'><strong>pro-</strong></span> 
     </span>
    </p>
   </div>
   <div class='ocr_carea' id='block_1_77' title="bbox 1825 2229 3409 2304">
    <p class='ocr_par' dir='ltr' id='par_1_77' title="bbox 1825 2229 3409 2304">
     <span class='ocr_line' id='line_1_77' title="bbox 1825 2229 3409 2304; baseline 0.002 -21"><span class='ocrx_word' id='word_1_576' title='bbox 1825 2229 2068 2298; x_wconf 88' lang='lat' dir='ltr'><strong>spicieus</strong></span> <span class='ocrx_word' id='word_1_577' title='bbox 2099 2230 2296 2285; x_wconf 86' lang='lat' dir='ltr'><strong>iterum</strong></span> <span class='ocrx_word' id='word_1_578' title='bbox 2325 2246 2549 2302; x_wconf 87' lang='lat' dir='ltr'><strong>quoque</strong></span> <span class='ocrx_word' id='word_1_579' title='bbox 2571 2232 2772 2286; x_wconf 82' lang='lat' dir='ltr'><strong>viderit</strong></span> <span class='ocrx_word' id='word_1_580' title='bbox 2800 2232 3122 2287; x_wconf 84' lang='lat' dir='ltr'><strong>linteamina</strong></span> <span class='ocrx_word' id='word_1_581' title='bbox 3148 2234 3409 2304; x_wconf 73' lang='lat' dir='ltr'><strong>iacentia,</strong></span> 
     </span>
    </p>
   </div>
   <div class='ocr_carea' id='block_1_78' title="bbox 1827 2320 3415 2395">
    <p class='ocr_par' dir='ltr' id='par_1_78' title="bbox 1827 2320 3415 2395">
     <span class='ocr_line' id='line_1_78' title="bbox 1827 2320 3415 2395; baseline 0.004 -22"><span class='ocrx_word' id='word_1_582' title='bbox 1827 2334 1949 2390; x_wconf 81' lang='lat' dir='ltr'><strong>qtue</strong></span> <span class='ocrx_word' id='word_1_583' title='bbox 1976 2320 2089 2391; x_wconf 86' lang='lat' dir='ltr'><strong>jam</strong></span> <span class='ocrx_word' id='word_1_584' title='bbox 2123 2331 2282 2376; x_wconf 85' lang='lat' dir='ltr'><strong>antea</strong></span> <span class='ocrx_word' id='word_1_585' title='bbox 2312 2322 2595 2393; x_wconf 74' lang='lat' dir='ltr'><strong>ingressus</strong></span> <span class='ocrx_word' id='word_1_586' title='bbox 2624 2323 2842 2393; x_wconf 88' lang='lat' dir='ltr'><strong>plenius</strong></span> <span class='ocrx_word' id='word_1_587' title='bbox 2868 2332 2923 2378; x_wconf 92' lang='lat' dir='ltr'><strong>ct</strong></span> <span class='ocrx_word' id='word_1_588' title='bbox 2953 2325 3201 2380; x_wconf 84' lang='lat' dir='ltr'><strong>exactius</strong></span> <span class='ocrx_word' id='word_1_589' title='bbox 3228 2323 3415 2395; x_wconf 82' lang='lat' dir='ltr'><strong>inspe—</strong></span> 
     </span>
    </p>
   </div>
   <div class='ocr_carea' id='block_1_79' title="bbox 1824 2412 3413 2483">
    <p class='ocr_par' dir='ltr' id='par_1_79' title="bbox 1824 2412 3413 2483">
     <span class='ocr_line' id='line_1_79' title="bbox 1824 2412 3413 2483; baseline 0.002 -18"><span class='ocrx_word' id='word_1_590' title='bbox 1824 2421 2000 2478; x_wconf 64' lang='lat' dir='ltr'><strong>serat,</strong></span> <span class='ocrx_word' id='word_1_591' title='bbox 2033 2412 2179 2468; x_wconf 90' lang='lat' dir='ltr'><strong>unde</strong></span> <span class='ocrx_word' id='word_1_592' title='bbox 2218 2413 2398 2468; x_wconf 91' lang='lat' dir='ltr'><strong>solum</strong></span> <span class='ocrx_word' id='word_1_593' title='bbox 2434 2413 2787 2483; x_wconf 79' lang='lat' dir='ltr'><strong>prospexisse</strong></span> <span class='ocrx_word' id='word_1_594' title='bbox 2823 2423 3137 2479; x_wconf 87' lang='lat' dir='ltr'><strong>contentus,</strong></span> <span class='ocrx_word' id='word_1_595' title='bbox 3185 2427 3250 2468; x_wconf 89' lang='lat' dir='ltr'><strong>ac</strong></span> <span class='ocrx_word' id='word_1_596' title='bbox 3276 2414 3413 2469; x_wconf 88' lang='lat' dir='ltr'><strong>nihil</strong></span> 
     </span>
    </p>
   </div>
   <div class='ocr_carea' id='block_1_80' title="bbox 1823 2503 3411 2576">
    <p class='ocr_par' dir='ltr' id='par_1_80' title="bbox 1823 2503 3411 2576">
     <span class='ocr_line' id='line_1_80' title="bbox 1823 2503 3411 2576; baseline 0.001 -18"><span class='ocrx_word' id='word_1_597' title='bbox 1823 2518 1855 2558; x_wconf 89' lang='lat' dir='ltr'><strong>a</strong></span> <span class='ocrx_word' id='word_1_598' title='bbox 1883 2503 2067 2573; x_wconf 87' lang='lat' dir='ltr'><strong>priore</strong></span> <span class='ocrx_word' id='word_1_599' title='bbox 2091 2510 2238 2559; x_wconf 86' lang='lat' dir='ltr'><strong>statu</strong></span> <span class='ocrx_word' id='word_1_600' title='bbox 2289 2505 2641 2559; x_wconf 81' lang='lat' dir='ltr'><strong>immutatum</strong></span> <span class='ocrx_word' id='word_1_601' title='bbox 2686 2507 3062 2576; x_wconf 85' lang='lat' dir='ltr'><strong>conspicatus,</strong></span> <span class='ocrx_word' id='word_1_602' title='bbox 3097 2506 3230 2562; x_wconf 83' lang='lat' dir='ltr'><strong>abiit</strong></span> <span class='ocrx_word' id='word_1_603' title='bbox 3273 2520 3411 2562; x_wconf 86' lang='lat' dir='ltr'><strong>con-</strong></span> 
     </span>
    </p>
   </div>
   <div class='ocr_carea' id='block_1_81' title="bbox 1824 2594 3414 2670">
    <p class='ocr_par' dir='ltr' id='par_1_81' title="bbox 1824 2594 3414 2670">
     <span class='ocr_line' id='line_1_81' title="bbox 1824 2594 3414 2670; baseline 0.003 -22"><span class='ocrx_word' id='word_1_604' title='bbox 1824 2601 2102 2649; x_wconf 87' lang='lat' dir='ltr'><strong>sternatus</strong></span> <span class='ocrx_word' id='word_1_605' title='bbox 2127 2601 2183 2651; x_wconf 92' lang='lat' dir='ltr'><strong>et</strong></span> <span class='ocrx_word' id='word_1_606' title='bbox 2212 2594 2493 2651; x_wconf 87' lang='lat' dir='ltr'><strong>admirans</strong></span> <span class='ocrx_word' id='word_1_607' title='bbox 2523 2595 2576 2650; x_wconf 91' lang='lat' dir='ltr'><strong>id</strong></span> <span class='ocrx_word' id='word_1_608' title='bbox 2606 2597 2753 2667; x_wconf 89' lang='lat' dir='ltr'><strong>quod</strong></span> <span class='ocrx_word' id='word_1_609' title='bbox 2795 2597 3109 2653; x_wconf 84' lang='lat' dir='ltr'><strong>acciderat:</strong></span> <span class='ocrx_word' id='word_1_610' title='bbox 3141 2612 3207 2653; x_wconf 86' lang='lat' dir='ltr'><strong>ac</strong></span> <span class='ocrx_word' id='word_1_611' title='bbox 3239 2597 3414 2670; x_wconf 77' lang='lat' dir='ltr'><strong>glori-</strong></span> 
     </span>
    </p>
   </div>
   <div class='ocr_carea' id='block_1_82' title="bbox 1823 2683 3406 2755">
    <p class='ocr_par' dir='ltr' id='par_1_82' title="bbox 1823 2683 3406 2755">
     <span class='ocr_line' id='line_1_82' title="bbox 1823 2683 3406 2755; baseline 0.001 -17"><span class='ocrx_word' id='word_1_612' title='bbox 1823 2683 1996 2741; x_wconf 80' lang='lat' dir='ltr'><strong>tleans</strong></span> <span class='ocrx_word' id='word_1_613' title='bbox 2023 2701 2145 2740; x_wconf 89' lang='lat' dir='ltr'><strong>eum</strong></span> <span class='ocrx_word' id='word_1_614' title='bbox 2175 2688 2266 2755; x_wconf 91' lang='lat' dir='ltr'><strong>qui</strong></span> <span class='ocrx_word' id='word_1_615' title='bbox 2292 2687 2407 2740; x_wconf 77' lang='lat' dir='ltr'><strong>lia-c</strong></span> <span class='ocrx_word' id='word_1_616' title='bbox 2425 2687 2499 2740; x_wconf 87' lang='lat' dir='ltr'><strong>ita</strong></span> <span class='ocrx_word' id='word_1_617' title='bbox 2521 2688 2835 2743; x_wconf 88' lang='lat' dir='ltr'><strong>ordinasset</strong></span> <span class='ocrx_word' id='word_1_618' title='bbox 2860 2695 2916 2743; x_wconf 91' lang='lat' dir='ltr'><strong>et</strong></span> <span class='ocrx_word' id='word_1_619' title='bbox 2941 2687 3406 2744; x_wconf 83' lang='lat' dir='ltr'><strong>administrasset.</strong></span> 
     </span>
    </p>
   </div>
   <div class='ocr_carea' id='block_1_83' title="bbox 1823 2775 3410 2849">
    <p class='ocr_par' dir='ltr' id='par_1_83' title="bbox 1823 2775 3410 2849">
     <span class='ocr_line' id='line_1_83' title="bbox 1823 2775 3410 2849; baseline 0.003 -20"><span class='ocrx_word' id='word_1_620' title='bbox 1823 2775 1903 2829; x_wconf 85' lang='lat' dir='ltr'><strong>Ac</strong></span> <span class='ocrx_word' id='word_1_621' title='bbox 1950 2775 2119 2831; x_wconf 79' lang='lat' dir='ltr'><strong>Maria</strong></span> <span class='ocrx_word' id='word_1_622' title='bbox 2152 2776 2471 2847; x_wconf 80' lang='lat' dir='ltr'><strong>Magdalena</strong></span> <span class='ocrx_word' id='word_1_623' title='bbox 2520 2793 2738 2845; x_wconf 88' lang='lat' dir='ltr'><strong>rursus,</strong></span> <span class='ocrx_word' id='word_1_624' title='bbox 2796 2778 3254 2849; x_wconf 87' lang='lat' dir='ltr'><strong>quemadmodum</strong></span> <span class='ocrx_word' id='word_1_625' title='bbox 3299 2792 3410 2833; x_wconf 83' lang='lat' dir='ltr'><strong>una</strong></span> 
     </span>
    </p>
   </div>
   <div class='ocr_carea' id='block_1_84' title="bbox 1823 2867 3408 2942">
    <p class='ocr_par' dir='ltr' id='par_1_84' title="bbox 1823 2867 3408 2942">
     <span class='ocr_line' id='line_1_84' title="bbox 1823 2867 3408 2942; baseline 0.002 -21"><span class='ocrx_word' id='word_1_626' title='bbox 1823 2880 1949 2921; x_wconf 89' lang='lat' dir='ltr'><strong>cum</strong></span> <span class='ocrx_word' id='word_1_627' title='bbox 1989 2867 2079 2931; x_wconf 90' lang='lat' dir='ltr'><strong>iis,</strong></span> <span class='ocrx_word' id='word_1_628' title='bbox 2107 2882 2230 2937; x_wconf 65' lang='lat' dir='ltr'><strong>quae</strong></span> <span class='ocrx_word' id='word_1_629' title='bbox 2269 2884 2394 2924; x_wconf 90' lang='lat' dir='ltr'><strong>cum</strong></span> <span class='ocrx_word' id='word_1_630' title='bbox 2440 2868 2651 2927; x_wconf 76' lang='lat' dir='ltr'><strong>Joanna</strong></span> <span class='ocrx_word' id='word_1_631' title='bbox 2696 2880 2873 2936; x_wconf 88' lang='lat' dir='ltr'><strong>erant,</strong></span> <span class='ocrx_word' id='word_1_632' title='bbox 2921 2870 3248 2926; x_wconf 88' lang='lat' dir='ltr'><strong>mulieribus</strong></span> <span class='ocrx_word' id='word_1_633' title='bbox 3279 2884 3408 2942; x_wconf 84' lang='lat' dir='ltr'><strong>por-</strong></span> 
     </span>
    </p>
   </div>
   <div class='ocr_carea' id='block_1_85' title="bbox 1823 2957 3411 3032">
    <p class='ocr_par' dir='ltr' id='par_1_85' title="bbox 1823 2957 3411 3032">
     <span class='ocr_line' id='line_1_85' title="bbox 1823 2957 3411 3032; baseline 0.002 -20"><span class='ocrx_word' id='word_1_634' title='bbox 1823 2957 2068 3012; x_wconf 88' lang='lat' dir='ltr'><strong>tantibus</strong></span> <span class='ocrx_word' id='word_1_635' title='bbox 2097 2973 2220 3028; x_wconf 69' lang='lat' dir='ltr'><strong>quze</strong></span> <span class='ocrx_word' id='word_1_636' title='bbox 2262 2967 2391 3014; x_wconf 91' lang='lat' dir='ltr'><strong>ante</strong></span> <span class='ocrx_word' id='word_1_637' title='bbox 2438 2958 2741 3015; x_wconf 84' lang='lat' dir='ltr'><strong>Sabbatum</strong></span> <span class='ocrx_word' id='word_1_638' title='bbox 2784 2969 3244 3032; x_wconf 65' lang='lat' dir='ltr'><strong>prmparaverant,</strong></span> <span class='ocrx_word' id='word_1_639' title='bbox 3304 2976 3411 3015; x_wconf 87' lang='lat' dir='ltr'><strong>tm-</strong></span> 
     </span>
    </p>
   </div>
   <div class='ocr_carea' id='block_1_86' title="bbox 1822 3051 3412 3123">
    <p class='ocr_par' dir='ltr' id='par_1_86' title="bbox 1822 3051 3412 3123">
     <span class='ocr_line' id='line_1_86' title="bbox 1822 3051 3412 3123; baseline 0.003 -21"><span class='ocrx_word' id='word_1_640' title='bbox 1822 3058 2025 3120; x_wconf 78' lang='lat' dir='ltr'><strong>guenta</strong></span> <span class='ocrx_word' id='word_1_641' title='bbox 2057 3058 2223 3119; x_wconf 88' lang='lat' dir='ltr'><strong>atque</strong></span> <span class='ocrx_word' id='word_1_642' title='bbox 2255 3060 2524 3115; x_wconf 87' lang='lat' dir='ltr'><strong>aromata,</strong></span> <span class='ocrx_word' id='word_1_643' title='bbox 2559 3051 2834 3122; x_wconf 81' lang='lat' dir='ltr'><strong>profundo</strong></span> <span class='ocrx_word' id='word_1_644' title='bbox 2879 3053 3122 3109; x_wconf 86' lang='lat' dir='ltr'><strong>diluculo</strong></span> <span class='ocrx_word' id='word_1_645' title='bbox 3166 3052 3412 3123; x_wconf 83' lang='lat' dir='ltr'><strong>profecta</strong></span> 
     </span>
    </p>
   </div>
   <div class='ocr_carea' id='block_1_87' title="bbox 1824 3140 3409 3215">
    <p class='ocr_par' dir='ltr' id='par_1_87' title="bbox 1824 3140 3409 3215">
     <span class='ocr_line' id='line_1_87' title="bbox 1824 3140 3409 3215; baseline 0.002 -20"><span class='ocrx_word' id='word_1_646' title='bbox 1824 3147 1986 3195; x_wconf 87' lang='lat' dir='ltr'><strong>erat:</strong></span> <span class='ocrx_word' id='word_1_647' title='bbox 2035 3140 2113 3194; x_wconf 90' lang='lat' dir='ltr'><strong>ita</strong></span> <span class='ocrx_word' id='word_1_648' title='bbox 2155 3155 2280 3196; x_wconf 92' lang='lat' dir='ltr'><strong>cum</strong></span> <span class='ocrx_word' id='word_1_649' title='bbox 2310 3140 2530 3199; x_wconf 87' lang='lat' dir='ltr'><strong>Salome</strong></span> <span class='ocrx_word' id='word_1_650' title='bbox 2563 3158 2782 3214; x_wconf 89' lang='lat' dir='ltr'><strong>quoque</strong></span> <span class='ocrx_word' id='word_1_651' title='bbox 2829 3146 3062 3200; x_wconf 85' lang='lat' dir='ltr'><strong>muliere</strong></span> <span class='ocrx_word' id='word_1_652' title='bbox 3096 3146 3409 3215; x_wconf 79' lang='lat' dir='ltr'><strong>peregrina,</strong></span> 
     </span>
    </p>
   </div>
   <div class='ocr_carea' id='block_1_88' title="bbox 1820 3233 3412 3301">
    <p class='ocr_par' dir='ltr' id='par_1_88' title="bbox 1820 3233 3412 3301">
     <span class='ocr_line' id='line_1_88' title="bbox 1820 3233 3412 3301; baseline 0.005 -18"><span class='ocrx_word' id='word_1_653' title='bbox 1820 3246 1943 3301; x_wconf 67' lang='lat' dir='ltr'><strong>quae</strong></span> <span class='ocrx_word' id='word_1_654' title='bbox 1971 3240 2171 3301; x_wconf 62' lang='lat' dir='ltr'><strong>praeter</strong></span> <span class='ocrx_word' id='word_1_655' title='bbox 2216 3233 2532 3287; x_wconf 86' lang='lat' dir='ltr'><strong>nominatas</strong></span> <span class='ocrx_word' id='word_1_656' title='bbox 2582 3234 2711 3288; x_wconf 91' lang='lat' dir='ltr'><strong>licet</strong></span> <span class='ocrx_word' id='word_1_657' title='bbox 2745 3234 2928 3298; x_wconf 84' lang='lat' dir='ltr'><strong>tarde,</strong></span> <span class='ocrx_word' id='word_1_658' title='bbox 2985 3242 3196 3290; x_wconf 89' lang='lat' dir='ltr'><strong>emerat</strong></span> <span class='ocrx_word' id='word_1_659' title='bbox 3225 3242 3412 3291; x_wconf 88' lang='lat' dir='ltr'><strong>tamen</strong></span> 
     </span>
    </p>
   </div>
   <div class='ocr_carea' id='block_1_89' title="bbox 1821 3320 3413 3397">
    <p class='ocr_par' dir='ltr' id='par_1_89' title="bbox 1821 3320 3413 3397">
     <span class='ocr_line' id='line_1_89' title="bbox 1821 3320 3413 3397; baseline 0.006 -25"><span class='ocrx_word' id='word_1_660' title='bbox 1821 3320 2088 3385; x_wconf 83' lang='lat' dir='ltr'><strong>aromata,</strong></span> <span class='ocrx_word' id='word_1_661' title='bbox 2114 3321 2209 3377; x_wconf 90' lang='lat' dir='ltr'><strong>sed</strong></span> <span class='ocrx_word' id='word_1_662' title='bbox 2244 3330 2369 3392; x_wconf 90' lang='lat' dir='ltr'><strong>post</strong></span> <span class='ocrx_word' id='word_1_663' title='bbox 2399 3322 2727 3389; x_wconf 88' lang='lat' dir='ltr'><strong>Sabbatum,</strong></span> <span class='ocrx_word' id='word_1_664' title='bbox 2760 3323 2949 3379; x_wconf 85' lang='lat' dir='ltr'><strong>eadem</strong></span> <span class='ocrx_word' id='word_1_665' title='bbox 2983 3325 3413 3397; x_wconf 70' lang='lat' dir='ltr'><strong>menteimpigre</strong></span> 
     </span>
    </p>
   </div>
   <div class='ocr_carea' id='block_1_90' title="bbox 1820 3413 3417 3485">
    <p class='ocr_par' dir='ltr' id='par_1_90' title="bbox 1820 3413 3417 3485">
     <span class='ocr_line' id='line_1_90' title="bbox 1820 3413 3417 3485; baseline 0.004 -19"><span class='ocrx_word' id='word_1_666' title='bbox 1820 3413 2101 3478; x_wconf 85' lang='lat' dir='ltr'><strong>currebat,</strong></span> <span class='ocrx_word' id='word_1_667' title='bbox 2133 3421 2417 3484; x_wconf 86' lang='lat' dir='ltr'><strong>assumpta</strong></span> <span class='ocrx_word' id='word_1_668' title='bbox 2468 3429 2653 3469; x_wconf 90' lang='lat' dir='ltr'><strong>secum</strong></span> <span class='ocrx_word' id='word_1_669' title='bbox 2685 3416 2853 3469; x_wconf 86' lang='lat' dir='ltr'><strong>etiam</strong></span> <span class='ocrx_word' id='word_1_670' title='bbox 2891 3415 3059 3470; x_wconf 82' lang='lat' dir='ltr'><strong>Maria</strong></span> <span class='ocrx_word' id='word_1_671' title='bbox 3094 3416 3304 3485; x_wconf 84' lang='lat' dir='ltr'><strong>Jacobi,</strong></span> <span class='ocrx_word' id='word_1_672' title='bbox 3337 3420 3417 3472; x_wconf 80' lang='lat' dir='ltr'><strong>ita</strong></span> 
     </span>
    </p>
   </div>
   <div class='ocr_carea' id='block_1_91' title="bbox 1821 3503 3414 3575">
    <p class='ocr_par' dir='ltr' id='par_1_91' title="bbox 1821 3503 3414 3575">
     <span class='ocr_line' id='line_1_91' title="bbox 1821 3503 3414 3575; baseline 0.004 -18"><span class='ocrx_word' id='word_1_673' title='bbox 1821 3511 1881 3557; x_wconf 93' lang='lat' dir='ltr'><strong>ut</strong></span> <span class='ocrx_word' id='word_1_674' title='bbox 1909 3504 2073 3557; x_wconf 86' lang='lat' dir='ltr'><strong>etiam</strong></span> <span class='ocrx_word' id='word_1_675' title='bbox 2106 3503 2160 3557; x_wconf 91' lang='lat' dir='ltr'><strong>iu</strong></span> <span class='ocrx_word' id='word_1_676' title='bbox 2182 3506 2534 3575; x_wconf 86' lang='lat' dir='ltr'><strong>coemptione</strong></span> <span class='ocrx_word' id='word_1_677' title='bbox 2572 3514 2878 3560; x_wconf 88' lang='lat' dir='ltr'><strong>aromatum</strong></span> <span class='ocrx_word' id='word_1_678' title='bbox 2926 3507 3087 3563; x_wconf 66' lang='lat' dir='ltr'><strong>sociae</strong></span> <span class='ocrx_word' id='word_1_679' title='bbox 3115 3507 3288 3563; x_wconf 83' lang='lat' dir='ltr'><strong>fuisse</strong></span> <span class='ocrx_word' id='word_1_680' title='bbox 3338 3509 3414 3563; x_wconf 83' lang='lat' dir='ltr'><strong>vi-</strong></span> 
     </span>
    </p>
   </div>
   <div class='ocr_carea' id='block_1_92' title="bbox 1820 3591 3412 3662">
    <p class='ocr_par' dir='ltr' id='par_1_92' title="bbox 1820 3591 3412 3662">
     <span class='ocr_line' id='line_1_92' title="bbox 1820 3591 3412 3662; baseline 0.003 -15"><span class='ocrx_word' id='word_1_681' title='bbox 1820 3591 2219 3649; x_wconf 87' lang='lat' dir='ltr'><strong>deantur.Cum</strong></span> <span class='ocrx_word' id='word_1_682' title='bbox 2252 3595 2400 3649; x_wconf 89' lang='lat' dir='ltr'><strong>enim</strong></span> <span class='ocrx_word' id='word_1_683' title='bbox 2433 3595 2596 3650; x_wconf 75' lang='lat' dir='ltr'><strong>sociae</strong></span> <span class='ocrx_word' id='word_1_684' title='bbox 2620 3605 2808 3651; x_wconf 89' lang='lat' dir='ltr'><strong>essent</strong></span> <span class='ocrx_word' id='word_1_685' title='bbox 2834 3596 3069 3662; x_wconf 89' lang='lat' dir='ltr'><strong>itineris,</strong></span> <span class='ocrx_word' id='word_1_686' title='bbox 3103 3605 3268 3650; x_wconf 89' lang='lat' dir='ltr'><strong>totam</strong></span> <span class='ocrx_word' id='word_1_687' title='bbox 3295 3613 3412 3652; x_wconf 88' lang='lat' dir='ltr'><strong>rem</strong></span> 
     </span>
    </p>
   </div>
   <div class='ocr_carea' id='block_1_93' title="bbox 1821 3687 3411 3756">
    <p class='ocr_par' dir='ltr' id='par_1_93' title="bbox 1821 3687 3411 3756">
     <span class='ocr_line' id='line_1_93' title="bbox 1821 3687 3411 3756; baseline 0.003 -17"><span class='ocrx_word' id='word_1_688' title='bbox 1821 3694 2030 3756; x_wconf 81' lang='lat' dir='ltr'><strong>gestam</strong></span> <span class='ocrx_word' id='word_1_689' title='bbox 2065 3700 2362 3741; x_wconf 90' lang='lat' dir='ltr'><strong>commune</strong></span> <span class='ocrx_word' id='word_1_690' title='bbox 2412 3688 2652 3741; x_wconf 85' lang='lat' dir='ltr'><strong>studium</strong></span> <span class='ocrx_word' id='word_1_691' title='bbox 2695 3702 2819 3743; x_wconf 89' lang='lat' dir='ltr'><strong>esse</strong></span> <span class='ocrx_word' id='word_1_692' title='bbox 2880 3689 3306 3743; x_wconf 74' lang='lat' dir='ltr'><strong>existimabant:</strong></span> <span class='ocrx_word' id='word_1_693' title='bbox 3341 3687 3411 3743; x_wconf 82' lang='lat' dir='ltr'><strong>Et</strong></span> 
     </span>
    </p>
   </div>
   <div class='ocr_carea' id='block_1_94' title="bbox 1820 3776 3409 3835">
    <p class='ocr_par' dir='ltr' id='par_1_94' title="bbox 1820 3776 3409 3835">
     <span class='ocr_line' id='line_1_94' title="bbox 1820 3776 3409 3835; baseline 0.003 -4"><span class='ocrx_word' id='word_1_694' title='bbox 1820 3776 1973 3831; x_wconf 81' lang='lat' dir='ltr'><strong>valde</strong></span> <span class='ocrx_word' id='word_1_695' title='bbox 2001 3793 2155 3831; x_wconf 87' lang='lat' dir='ltr'><strong>maue</strong></span> <span class='ocrx_word' id='word_1_696' title='bbox 2196 3794 2304 3832; x_wconf 83' lang='lat' dir='ltr'><strong>una</strong></span> <span class='ocrx_word' id='word_1_697' title='bbox 2338 3776 2700 3833; x_wconf 83' lang='lat' dir='ltr'><strong>Sabbatorum</strong></span> <span class='ocrx_word' id='word_1_698' title='bbox 2727 3781 2938 3835; x_wconf 85' lang='lat' dir='ltr'><strong>veniunt</strong></span> <span class='ocrx_word' id='word_1_699' title='bbox 2978 3781 3047 3835; x_wconf 82' lang='lat' dir='ltr'><strong>ad</strong></span> <span class='ocrx_word' id='word_1_700' title='bbox 3097 3797 3409 3835; x_wconf 84' lang='lat' dir='ltr'><strong>monumen-</strong></span> 
     </span>
    </p>
   </div>
   <div class='ocr_carea' id='block_1_95' title="bbox 1824 3868 3411 3943">
    <p class='ocr_par' dir='ltr' id='par_1_95' title="bbox 1824 3868 3411 3943">
     <span class='ocr_line' id='line_1_95' title="bbox 1824 3868 3411 3943; baseline 0.003 -19"><span class='ocrx_word' id='word_1_701' title='bbox 1824 3878 1935 3924; x_wconf 87' lang='lat' dir='ltr'><strong>tum</strong></span> <span class='ocrx_word' id='word_1_702' title='bbox 1961 3868 2028 3924; x_wconf 84' lang='grc'><strong>²⁰.</strong></span> <span class='ocrx_word' id='word_1_703' title='bbox 2088 3870 2362 3927; x_wconf 62' lang='lat' dir='ltr'><strong>Praeterea</strong></span> <span class='ocrx_word' id='word_1_704' title='bbox 2418 3873 2474 3927; x_wconf 89' lang='lat' dir='ltr'><strong>in</strong></span> <span class='ocrx_word' id='word_1_705' title='bbox 2532 3873 2904 3929; x_wconf 81' lang='lat' dir='ltr'><strong>exactioribus</strong></span> <span class='ocrx_word' id='word_1_706' title='bbox 2953 3888 3018 3927; x_wconf 90' lang='lat' dir='ltr'><strong>ac</strong></span> <span class='ocrx_word' id='word_1_707' title='bbox 3071 3874 3411 3943; x_wconf 86' lang='lat' dir='ltr'><strong>plenioribus</strong></span> 
     </span>
    </p>
   </div>
   <div class='ocr_carea' id='block_1_96' title="bbox 1819 3961 3412 4036">
    <p class='ocr_par' dir='ltr' id='par_1_96' title="bbox 1819 3961 3412 4036">
     <span class='ocr_line' id='line_1_96' title="bbox 1819 3961 3412 4036; baseline 0.003 -20"><span class='ocrx_word' id='word_1_708' title='bbox 1819 3961 2228 4032; x_wconf 85' lang='lat' dir='ltr'><strong>exemplaribus</strong></span> <span class='ocrx_word' id='word_1_709' title='bbox 2259 3963 2574 4019; x_wconf 87' lang='lat' dir='ltr'><strong>continetur</strong></span> <span class='ocrx_word' id='word_1_710' title='bbox 2604 3963 2681 4031; x_wconf 90' lang='lat' dir='ltr'><strong>id,</strong></span> <span class='ocrx_word' id='word_1_711' title='bbox 2707 3964 2851 4034; x_wconf 87' lang='lat' dir='ltr'><strong>quod</strong></span> <span class='ocrx_word' id='word_1_712' title='bbox 2879 3965 3244 4036; x_wconf 75' lang='lat' dir='ltr'><strong>significatur,</strong></span> <span class='ocrx_word' id='word_1_713' title='bbox 3272 3981 3412 4035; x_wconf 72' lang='lat' dir='ltr'><strong>pra:-</strong></span> 
     </span>
    </p>
   </div>
   <div class='ocr_carea' id='block_1_97' title="bbox 1823 4054 3409 4125">
    <p class='ocr_par' dir='ltr' id='par_1_97' title="bbox 1823 4054 3409 4125">
     <span class='ocr_line' id='line_1_97' title="bbox 1823 4054 3409 4125; baseline 0.001 -15"><span class='ocrx_word' id='word_1_714' title='bbox 1823 4064 1903 4110; x_wconf 87' lang='lat' dir='ltr'><strong>ter</strong></span> <span class='ocrx_word' id='word_1_715' title='bbox 1932 4054 2042 4125; x_wconf 86' lang='lat' dir='ltr'><strong>jam</strong></span> <span class='ocrx_word' id='word_1_716' title='bbox 2072 4055 2244 4111; x_wconf 76' lang='lat' dir='ltr'><strong>factas</strong></span> <span class='ocrx_word' id='word_1_717' title='bbox 2272 4054 2619 4120; x_wconf 81' lang='lat' dir='ltr'><strong>visitationes</strong></span> <span class='ocrx_word' id='word_1_718' title='bbox 2643 4056 2806 4111; x_wconf 87' lang='lat' dir='ltr'><strong>etiam</strong></span> <span class='ocrx_word' id='word_1_719' title='bbox 2843 4057 2988 4112; x_wconf 92' lang='lat' dir='ltr'><strong>hunc</strong></span> <span class='ocrx_word' id='word_1_720' title='bbox 3018 4057 3308 4112; x_wconf 83' lang='lat' dir='ltr'><strong>mulierum</strong></span> <span class='ocrx_word' id='word_1_721' title='bbox 3338 4057 3409 4112; x_wconf 79' lang='lat' dir='ltr'><strong>ad</strong></span> 
     </span>
    </p>
   </div>
   <div class='ocr_carea' id='block_1_98' title="bbox 1821 4147 3409 4217">
    <p class='ocr_par' dir='ltr' id='par_1_98' title="bbox 1821 4147 3409 4217">
     <span class='ocr_line' id='line_1_98' title="bbox 1821 4147 3409 4217; baseline 0.003 -19"><span class='ocrx_word' id='word_1_722' title='bbox 1821 4153 2241 4201; x_wconf 88' lang='lat' dir='ltr'><strong>monumentum</strong></span> <span class='ocrx_word' id='word_1_723' title='bbox 2295 4147 2596 4217; x_wconf 79' lang='lat' dir='ltr'><strong>contigisse</strong></span> <span class='ocrx_word' id='word_1_724' title='bbox 2661 4163 2968 4204; x_wconf 87' lang='lat' dir='ltr'><strong>accessum.</strong></span> <span class='ocrx_word' id='word_1_725' title='bbox 3030 4148 3168 4214; x_wconf 85' lang='lat' dir='ltr'><strong>Quid</strong></span> <span class='ocrx_word' id='word_1_726' title='bbox 3224 4156 3409 4203; x_wconf 84' lang='lat' dir='ltr'><strong>autem</strong></span> 
     </span>
    </p>
   </div>
   <div class='ocr_carea' id='block_1_99' title="bbox 1819 4237 3409 4309">
    <p class='ocr_par' dir='ltr' id='par_1_99' title="bbox 1819 4237 3409 4309">
     <span class='ocr_line' id='line_1_99' title="bbox 1819 4237 3409 4309; baseline 0.002 -19"><span class='ocrx_word' id='word_1_727' title='bbox 1819 4237 1940 4291; x_wconf 90' lang='grc' dir='ltr'>λίαν</span> <span class='ocrx_word' id='word_1_728' title='bbox 1977 4239 2144 4309; x_wconf 83' lang='grc' dir='ltr'>πρωΐ,</span> <span class='ocrx_word' id='word_1_729' title='bbox 2192 4238 2245 4291; x_wconf 89' lang='lat' dir='ltr'><strong>id</strong></span> <span class='ocrx_word' id='word_1_730' title='bbox 2274 4247 2381 4301; x_wconf 87' lang='lat' dir='ltr'><strong>cst,</strong></span> <span class='ocrx_word' id='word_1_731' title='bbox 2416 4239 2566 4293; x_wconf 82' lang='lat' dir='ltr'><strong>valde</strong></span> <span class='ocrx_word' id='word_1_732' title='bbox 2595 4256 2770 4304; x_wconf 82' lang='lat' dir='ltr'><strong>mane,</strong></span> <span class='ocrx_word' id='word_1_733' title='bbox 2822 4241 2912 4294; x_wconf 85' lang='lat' dir='ltr'><strong>hic</strong></span> <span class='ocrx_word' id='word_1_734' title='bbox 2951 4240 3236 4309; x_wconf 80' lang='lat' dir='ltr'><strong>explicans</strong></span> <span class='ocrx_word' id='word_1_735' title='bbox 3264 4240 3409 4294; x_wconf 85' lang='lat' dir='ltr'><strong>Mar-</strong></span> 
     </span>
    </p>
   </div>
   <div class='ocr_carea' id='block_1_100' title="bbox 1819 4326 3408 4398">
    <p class='ocr_par' dir='ltr' id='par_1_100' title="bbox 1819 4326 3408 4398">
     <span class='ocr_line' id='line_1_100' title="bbox 1819 4326 3408 4398; baseline 0.001 -17"><span class='ocrx_word' id='word_1_736' title='bbox 1819 4341 1944 4391; x_wconf 89' lang='lat' dir='ltr'><strong>cus,</strong></span> <span class='ocrx_word' id='word_1_737' title='bbox 1974 4328 2195 4396; x_wconf 87' lang='lat' dir='ltr'><strong>adjecit,</strong></span> <span class='ocrx_word' id='word_1_738' title='bbox 2221 4335 2337 4379; x_wconf 89' lang='lat' dir='ltr'><strong>orto</strong></span> <span class='ocrx_word' id='word_1_739' title='bbox 2367 4326 2496 4381; x_wconf 80' lang='lat' dir='ltr'><strong>sole.</strong></span> <span class='ocrx_word' id='word_1_740' title='bbox 2533 4326 2599 4380; x_wconf 86' lang='lat' dir='ltr'><strong>Et</strong></span> <span class='ocrx_word' id='word_1_741' title='bbox 2629 4328 2896 4390; x_wconf 81' lang='lat' dir='ltr'><strong>dicebant,</strong></span> <span class='ocrx_word' id='word_1_742' title='bbox 2930 4328 3131 4398; x_wconf 85' lang='lat' dir='ltr'><strong>inquit.</strong></span> <span class='ocrx_word' id='word_1_743' title='bbox 3160 4330 3229 4381; x_wconf 87' lang='lat' dir='ltr'><strong>ad</strong></span> <span class='ocrx_word' id='word_1_744' title='bbox 3265 4329 3408 4382; x_wconf 79' lang='lat' dir='ltr'><strong>invi-</strong></span> 
     </span>
    </p>
   </div>
   <div class='ocr_carea' id='block_1_101' title="bbox 1819 4418 3408 4489">
    <p class='ocr_par' dir='ltr' id='par_1_101' title="bbox 1819 4418 3408 4489">
     <span class='ocr_line' id='line_1_101' title="bbox 1819 4418 3408 4489; baseline 0 -16"><span class='ocrx_word' id='word_1_745' title='bbox 1819 4434 1929 4473; x_wconf 80' lang='lat' dir='ltr'><strong>cem</strong></span> <span class='ocrx_word' id='word_1_746' title='bbox 1956 4436 1974 4473; x_wconf 88' lang='lat'><em>:</em></span> <span class='ocrx_word' id='word_1_747' title='bbox 2001 4418 2136 4485; x_wconf 76' lang='lat' dir='ltr'><strong>Quis</strong></span> <span class='ocrx_word' id='word_1_748' title='bbox 2191 4418 2417 4473; x_wconf 74' lang='lat' dir='ltr'><strong>revolvat</strong></span> <span class='ocrx_word' id='word_1_749' title='bbox 2460 4420 2608 4473; x_wconf 80' lang='lat' dir='ltr'><strong>nobis</strong></span> <span class='ocrx_word' id='word_1_750' title='bbox 2661 4419 2889 4489; x_wconf 81' lang='lat' dir='ltr'><strong>lapidem</strong></span> <span class='ocrx_word' id='word_1_751' title='bbox 2926 4420 2991 4474; x_wconf 90' lang='lat' dir='ltr'><strong>ab</strong></span> <span class='ocrx_word' id='word_1_752' title='bbox 3030 4422 3169 4474; x_wconf 81' lang='lat' dir='ltr'><strong>ostio</strong></span> <span class='ocrx_word' id='word_1_753' title='bbox 3219 4437 3408 4474; x_wconf 76' lang='lat' dir='ltr'><strong>monu-</strong></span> 
     </span>
    </p>
   </div>
   <div class='ocr_carea' id='block_1_102' title="bbox 1745 4510 3404 4609">
    <p class='ocr_par' dir='ltr' id='par_1_102' title="bbox 1745 4510 3404 4609">
     <span class='ocr_line' id='line_1_102' title="bbox 1745 4510 3404 4609; baseline 0.004 -47"><span class='ocrx_word' id='word_1_754' title='bbox 1745 4549 1796 4609; x_wconf 69' lang='grc' dir='ltr'><strong>υ</strong></span> <span class='ocrx_word' id='word_1_755' title='bbox 1823 4512 1983 4564; x_wconf 73' lang='lat' dir='ltr'><strong>menti</strong></span> <span class='ocrx_word' id='word_1_756' title='bbox 2001 4513 2026 4566; x_wconf 81' lang='lat'><strong><em>?</em></strong></span> <span class='ocrx_word' id='word_1_757' title='bbox 2055 4521 2104 4565; x_wconf 88' lang='lat' dir='ltr'><strong>et</strong></span> <span class='ocrx_word' id='word_1_758' title='bbox 2136 4511 2366 4566; x_wconf 83' lang='lat' dir='ltr'><strong>sublatis</strong></span> <span class='ocrx_word' id='word_1_759' title='bbox 2397 4510 2566 4565; x_wconf 80' lang='lat' dir='ltr'><strong>oculis</strong></span> <span class='ocrx_word' id='word_1_760' title='bbox 2594 4511 2769 4566; x_wconf 79' lang='lat' dir='ltr'><strong>vident</strong></span> <span class='ocrx_word' id='word_1_761' title='bbox 2816 4512 3046 4580; x_wconf 82' lang='lat' dir='ltr'><strong>lapidem</strong></span> <span class='ocrx_word' id='word_1_762' title='bbox 3089 4514 3404 4568; x_wconf 82' lang='lat' dir='ltr'><strong>revolutum.</strong></span> 
     </span>
    </p>
   </div>
   <div class='ocr_carea' id='block_1_103' title="bbox 1824 4598 3408 4670">
    <p class='ocr_par' dir='ltr' id='par_1_103' title="bbox 1824 4598 3408 4670">
     <span class='ocr_line' id='line_1_103' title="bbox 1824 4598 3408 4670; baseline 0.003 -18"><span class='ocrx_word' id='word_1_763' title='bbox 1824 4598 1961 4653; x_wconf 80' lang='lat' dir='ltr'><strong>Erat</strong></span> <span class='ocrx_word' id='word_1_764' title='bbox 1992 4601 2132 4655; x_wconf 82' lang='lat' dir='ltr'><strong>enim</strong></span> <span class='ocrx_word' id='word_1_765' title='bbox 2158 4616 2382 4670; x_wconf 82' lang='lat' dir='ltr'><strong>magnus</strong></span> <span class='ocrx_word' id='word_1_766' title='bbox 2411 4599 2582 4653; x_wconf 82' lang='lat' dir='ltr'><strong>valde.</strong></span> <span class='ocrx_word' id='word_1_767' title='bbox 2610 4601 2748 4655; x_wconf 83' lang='lat' dir='ltr'><strong>Cum</strong></span> <span class='ocrx_word' id='word_1_768' title='bbox 2783 4602 2928 4655; x_wconf 84' lang='lat' dir='ltr'><strong>enim</strong></span> <span class='ocrx_word' id='word_1_769' title='bbox 2963 4600 3179 4656; x_wconf 89' lang='lat' dir='ltr'><strong>Salome</strong></span> <span class='ocrx_word' id='word_1_770' title='bbox 3211 4604 3408 4657; x_wconf 87' lang='lat' dir='ltr'><strong>merito</strong></span> 
     </span>
    </p>
   </div>
   <div class='ocr_carea' id='block_1_104' title="bbox 1821 4691 3406 4762">
    <p class='ocr_par' dir='ltr' id='par_1_104' title="bbox 1821 4691 3406 4762">
     <span class='ocr_line' id='line_1_104' title="bbox 1821 4691 3406 4762; baseline 0.001 -16"><span class='ocrx_word' id='word_1_771' title='bbox 1821 4691 2119 4757; x_wconf 84' lang='lat' dir='ltr'><strong>dubitaret,</strong></span> <span class='ocrx_word' id='word_1_772' title='bbox 2148 4701 2208 4747; x_wconf 90' lang='lat' dir='ltr'><strong>ut</strong></span> <span class='ocrx_word' id='word_1_773' title='bbox 2234 4707 2357 4762; x_wconf 66' lang='lat' dir='ltr'><strong>qua:</strong></span> <span class='ocrx_word' id='word_1_774' title='bbox 2384 4692 2608 4747; x_wconf 86' lang='lat' dir='ltr'><strong>omnino</strong></span> <span class='ocrx_word' id='word_1_775' title='bbox 2640 4691 2708 4747; x_wconf 89' lang='lat' dir='ltr'><strong>ad</strong></span> <span class='ocrx_word' id='word_1_776' title='bbox 2740 4694 3051 4762; x_wconf 86' lang='lat' dir='ltr'><strong>sepulcrum</strong></span> <span class='ocrx_word' id='word_1_777' title='bbox 3083 4709 3190 4748; x_wconf 89' lang='lat' dir='ltr'><strong>non</strong></span> <span class='ocrx_word' id='word_1_778' title='bbox 3217 4709 3406 4749; x_wconf 81' lang='lat' dir='ltr'><strong>acces-</strong></span> 
     </span>
    </p>
   </div>
   <div class='ocr_carea' id='block_1_105' title="bbox 1819 4785 3407 4855">
    <p class='ocr_par' dir='ltr' id='par_1_105' title="bbox 1819 4785 3407 4855">
     <span class='ocr_line' id='line_1_105' title="bbox 1819 4785 3407 4855; baseline -0.001 -14"><span class='ocrx_word' id='word_1_779' title='bbox 1819 4786 2005 4853; x_wconf 86' lang='lat' dir='ltr'><strong>sisset,</strong></span> <span class='ocrx_word' id='word_1_780' title='bbox 2042 4794 2206 4855; x_wconf 89' lang='lat' dir='ltr'><strong>atque</strong></span> <span class='ocrx_word' id='word_1_781' title='bbox 2238 4786 2352 4842; x_wconf 74' lang='lat' dir='ltr'><strong>haec</strong></span> <span class='ocrx_word' id='word_1_782' title='bbox 2379 4786 2446 4841; x_wconf 88' lang='lat' dir='ltr'><strong>ad</strong></span> <span class='ocrx_word' id='word_1_783' title='bbox 2473 4787 2704 4841; x_wconf 87' lang='lat' dir='ltr'><strong>comites</strong></span> <span class='ocrx_word' id='word_1_784' title='bbox 2737 4801 2868 4841; x_wconf 90' lang='lat' dir='ltr'><strong>suas</strong></span> <span class='ocrx_word' id='word_1_785' title='bbox 2911 4785 3140 4853; x_wconf 87' lang='lat' dir='ltr'><strong>diceret,</strong></span> <span class='ocrx_word' id='word_1_786' title='bbox 3185 4786 3290 4840; x_wconf 74' lang='lat' dir='ltr'><strong>illae</strong></span> <span class='ocrx_word' id='word_1_787' title='bbox 3323 4794 3407 4841; x_wconf 85' lang='lat' dir='ltr'><strong>ta-</strong></span> 
     </span>
    </p>
   </div>
   <div class='ocr_carea' id='block_1_106' title="bbox 1819 4878 3405 4948">
    <p class='ocr_par' dir='ltr' id='par_1_106' title="bbox 1819 4878 3405 4948">
     <span class='ocr_line' id='line_1_106' title="bbox 1819 4878 3405 4948; baseline 0 -16"><span class='ocrx_word' id='word_1_788' title='bbox 1819 4886 2028 4942; x_wconf 90' lang='lat' dir='ltr'><strong>centes,</strong></span> <span class='ocrx_word' id='word_1_789' title='bbox 2069 4887 2234 4948; x_wconf 90' lang='lat' dir='ltr'><strong>prout</strong></span> <span class='ocrx_word' id='word_1_790' title='bbox 2276 4879 2532 4948; x_wconf 88' lang='lat' dir='ltr'><strong>supcrius</strong></span> <span class='ocrx_word' id='word_1_791' title='bbox 2570 4878 2776 4933; x_wconf 90' lang='lat' dir='ltr'><strong>dictum</strong></span> <span class='ocrx_word' id='word_1_792' title='bbox 2821 4886 2926 4942; x_wconf 84' lang='lat' dir='ltr'><strong>est,</strong></span> <span class='ocrx_word' id='word_1_793' title='bbox 2974 4894 3100 4932; x_wconf 92' lang='lat' dir='ltr'><strong>cum</strong></span> <span class='ocrx_word' id='word_1_794' title='bbox 3145 4878 3405 4933; x_wconf 86' lang='lat' dir='ltr'><strong>sustulis-</strong></span> 
     </span>
    </p>
   </div>
   <div class='ocr_carea' id='block_1_107' title="bbox 1819 4969 3399 5040">
    <p class='ocr_par' dir='ltr' id='par_1_107' title="bbox 1819 4969 3399 5040">
     <span class='ocr_line' id='line_1_107' title="bbox 1819 4969 3399 5040; baseline -0.001 -16"><span class='ocrx_word' id='word_1_795' title='bbox 1819 4977 1944 5024; x_wconf 90' lang='lat' dir='ltr'><strong>sent</strong></span> <span class='ocrx_word' id='word_1_796' title='bbox 1997 4969 2214 5034; x_wconf 86' lang='lat' dir='ltr'><strong>oculos,</strong></span> <span class='ocrx_word' id='word_1_797' title='bbox 2273 4979 2498 5040; x_wconf 85' lang='lat' dir='ltr'><strong>aspectu</strong></span> <span class='ocrx_word' id='word_1_798' title='bbox 2552 4970 2671 5040; x_wconf 87' lang='lat' dir='ltr'><strong>ipso</strong></span> <span class='ocrx_word' id='word_1_799' title='bbox 2718 4983 3044 5038; x_wconf 87' lang='lat' dir='ltr'><strong>responsum</strong></span> <span class='ocrx_word' id='word_1_800' title='bbox 3093 4969 3399 5024; x_wconf 82' lang='lat' dir='ltr'><strong>dederunt:</strong></span> 
     </span>
    </p>
   </div>
   <div class='ocr_carea' id='block_1_108' title="bbox 1818 5061 3397 5132">
    <p class='ocr_par' dir='ltr' id='par_1_108' title="bbox 1818 5061 3397 5132">
     <span class='ocr_line' id='line_1_108' title="bbox 1818 5061 3397 5132; baseline -0.001 -15"><span class='ocrx_word' id='word_1_801' title='bbox 1818 5062 2018 5118; x_wconf 88' lang='lat' dir='ltr'><strong>ctenim</strong></span> <span class='ocrx_word' id='word_1_802' title='bbox 2072 5061 2212 5132; x_wconf 89' lang='lat' dir='ltr'><strong>lapis</strong></span> <span class='ocrx_word' id='word_1_803' title='bbox 2264 5062 2552 5118; x_wconf 79' lang='lat' dir='ltr'><strong>revolutus</strong></span> <span class='ocrx_word' id='word_1_804' title='bbox 2613 5063 3017 5130; x_wconf 72' lang='lat' dir='ltr'><strong>in‘conspectu</strong></span> <span class='ocrx_word' id='word_1_805' title='bbox 3081 5062 3397 5130; x_wconf 84' lang='lat' dir='ltr'><strong>apparebat.</strong></span> 
     </span>
    </p>
   </div>
   <div class='ocr_carea' id='block_1_109' title="bbox 1817 5150 3403 5220">
    <p class='ocr_par' dir='ltr' id='par_1_109' title="bbox 1817 5150 3403 5220">
     <span class='ocr_line' id='line_1_109' title="bbox 1817 5150 3403 5220; baseline -0.002 -13"><span class='ocrx_word' id='word_1_806' title='bbox 1817 5152 2088 5220; x_wconf 87' lang='lat' dir='ltr'><strong>Quoniam</strong></span> <span class='ocrx_word' id='word_1_807' title='bbox 2137 5160 2320 5209; x_wconf 88' lang='lat' dir='ltr'><strong>autem</strong></span> <span class='ocrx_word' id='word_1_808' title='bbox 2362 5167 2472 5208; x_wconf 88' lang='lat' dir='ltr'><strong>una</strong></span> <span class='ocrx_word' id='word_1_809' title='bbox 2506 5153 2678 5215; x_wconf 79' lang='lat' dir='ltr'><strong>ibant,</strong></span> <span class='ocrx_word' id='word_1_810' title='bbox 2732 5160 2788 5207; x_wconf 88' lang='lat' dir='ltr'><strong>et</strong></span> <span class='ocrx_word' id='word_1_811' title='bbox 2819 5164 3113 5206; x_wconf 78' lang='lat' dir='ltr'><strong>commune</strong></span> <span class='ocrx_word' id='word_1_812' title='bbox 3162 5150 3243 5206; x_wconf 89' lang='lat' dir='ltr'><strong>eis</strong></span> <span class='ocrx_word' id='word_1_813' title='bbox 3298 5151 3403 5206; x_wconf 89' lang='lat' dir='ltr'><strong>iter</strong></span> 
     </span>
    </p>
   </div>
   <div class='ocr_carea' id='block_1_110' title="bbox 1817 5239 3399 5308">
    <p class='ocr_par' dir='ltr' id='par_1_110' title="bbox 1817 5239 3399 5308">
     <span class='ocr_line' id='line_1_110' title="bbox 1817 5239 3399 5308; baseline -0.003 -12"><span class='ocrx_word' id='word_1_814' title='bbox 1817 5249 1958 5306; x_wconf 89' lang='lat' dir='ltr'><strong>erat,</strong></span> <span class='ocrx_word' id='word_1_815' title='bbox 1992 5241 2202 5298; x_wconf 85' lang='lat' dir='ltr'><strong>idcirco</strong></span> <span class='ocrx_word' id='word_1_816' title='bbox 2231 5242 2378 5297; x_wconf 90' lang='lat' dir='ltr'><strong>inter</strong></span> <span class='ocrx_word' id='word_1_817' title='bbox 2406 5256 2466 5297; x_wconf 89' lang='lat' dir='ltr'><strong>se</strong></span> <span class='ocrx_word' id='word_1_818' title='bbox 2497 5242 2704 5295; x_wconf 84' lang='lat' dir='ltr'><strong>dixisse</strong></span> <span class='ocrx_word' id='word_1_819' title='bbox 2734 5255 2799 5294; x_wconf 89' lang='lat' dir='ltr'><strong>ac</strong></span> <span class='ocrx_word' id='word_1_820' title='bbox 2826 5239 3110 5294; x_wconf 81' lang='lat' dir='ltr'><strong>dubitasse</strong></span> <span class='ocrx_word' id='word_1_821' title='bbox 3134 5240 3399 5308; x_wconf 88' lang='lat' dir='ltr'><strong>scriptum</strong></span> 
     </span>
    </p>
   </div>
   <div class='ocr_carea' id='block_1_111' title="bbox 1817 5331 3400 5402">
    <p class='ocr_par' dir='ltr' id='par_1_111' title="bbox 1817 5331 3400 5402">
     <span class='ocr_line' id='line_1_111' title="bbox 1817 5331 3400 5402; baseline -0.003 -12"><span class='ocrx_word' id='word_1_822' title='bbox 1817 5346 1926 5400; x_wconf 87' lang='lat' dir='ltr'><strong>cst,</strong></span> <span class='ocrx_word' id='word_1_823' title='bbox 1978 5336 2026 5392; x_wconf 87' lang='lat' dir='ltr'><strong>si</strong></span> <span class='ocrx_word' id='word_1_824' title='bbox 2072 5351 2258 5391; x_wconf 88' lang='lat' dir='ltr'><strong>rerum</strong></span> <span class='ocrx_word' id='word_1_825' title='bbox 2305 5344 2559 5390; x_wconf 83' lang='lat' dir='ltr'><strong>naturam</strong></span> <span class='ocrx_word' id='word_1_826' title='bbox 2615 5341 2783 5402; x_wconf 83' lang='lat' dir='ltr'><strong>atque</strong></span> <span class='ocrx_word' id='word_1_827' title='bbox 2841 5332 3082 5387; x_wconf 68' lang='lat' dir='ltr'><strong>historiae</strong></span> <span class='ocrx_word' id='word_1_828' title='bbox 3114 5331 3400 5386; x_wconf 84' lang='lat' dir='ltr'><strong>veritatem</strong></span> 
     </span>
    </p>
   </div>
   <div class='ocr_carea' id='block_1_112' title="bbox 1814 5425 3403 5495">
    <p class='ocr_par' dir='ltr' id='par_1_112' title="bbox 1814 5425 3403 5495">
     <span class='ocr_line' id='line_1_112' title="bbox 1814 5425 3403 5495; baseline -0.003 -11"><span class='ocrx_word' id='word_1_829' title='bbox 1814 5429 2254 5493; x_wconf 89' lang='lat' dir='ltr'><strong>consideremus,</strong></span> <span class='ocrx_word' id='word_1_830' title='bbox 2296 5443 2359 5484; x_wconf 89' lang='lat' dir='ltr'><strong>ac</strong></span> <span class='ocrx_word' id='word_1_831' title='bbox 2413 5429 2818 5493; x_wconf 84' lang='lat' dir='ltr'><strong>discernamus,</strong></span> <span class='ocrx_word' id='word_1_832' title='bbox 2869 5425 3030 5495; x_wconf 88' lang='lat' dir='ltr'><strong>cujus</strong></span> <span class='ocrx_word' id='word_1_833' title='bbox 3056 5438 3245 5479; x_wconf 88' lang='lat' dir='ltr'><strong>earum</strong></span> <span class='ocrx_word' id='word_1_834' title='bbox 3275 5439 3403 5494; x_wconf 78' lang='lat' dir='ltr'><strong>pro-</strong></span> 
     </span>
    </p>
   </div>
   <div class='ocr_carea' id='block_1_113' title="bbox 1816 5518 3403 5592">
    <p class='ocr_par' dir='ltr' id='par_1_113' title="bbox 1816 5518 3403 5592">
     <span class='ocr_line' id='line_1_113' title="bbox 1816 5518 3403 5592; baseline -0.001 -17"><span class='ocrx_word' id='word_1_835' title='bbox 1816 5522 1994 5592; x_wconf 89' lang='lat' dir='ltr'><strong>prium</strong></span> <span class='ocrx_word' id='word_1_836' title='bbox 2045 5520 2212 5576; x_wconf 84' lang='lat' dir='ltr'><strong>fuerit</strong></span> <span class='ocrx_word' id='word_1_837' title='bbox 2251 5521 2526 5579; x_wconf 83' lang='lat' dir='ltr'><strong>dubitare.</strong></span> <span class='ocrx_word' id='word_1_838' title='bbox 2585 5521 2721 5576; x_wconf 85' lang='lat' dir='ltr'><strong>Nam</strong></span> <span class='ocrx_word' id='word_1_839' title='bbox 2767 5536 2882 5581; x_wconf 87' lang='lat' dir='ltr'><strong>eas.</strong></span> <span class='ocrx_word' id='word_1_840' title='bbox 2948 5534 3069 5590; x_wconf 67' lang='lat' dir='ltr'><strong>qua</strong></span> <span class='ocrx_word' id='word_1_841' title='bbox 3099 5518 3212 5588; x_wconf 87' lang='lat' dir='ltr'><strong>jam</strong></span> <span class='ocrx_word' id='word_1_842' title='bbox 3258 5533 3403 5588; x_wconf 64' lang='lat' dir='ltr'><strong>saepe</strong></span> 
     </span>
    </p>
   </div>
   <div class='ocr_carea' id='block_1_114' title="bbox 1814 5611 3399 5685">
    <p class='ocr_par' dir='ltr' id='par_1_114' title="bbox 1814 5611 3399 5685">
     <span class='ocr_line' id='line_1_114' title="bbox 1814 5611 3399 5685; baseline -0.001 -17"><span class='ocrx_word' id='word_1_843' title='bbox 1814 5614 2051 5685; x_wconf 87' lang='lat' dir='ltr'><strong>lapidem</strong></span> <span class='ocrx_word' id='word_1_844' title='bbox 2085 5616 2397 5670; x_wconf 83' lang='lat' dir='ltr'><strong>revolutum</strong></span> <span class='ocrx_word' id='word_1_845' title='bbox 2425 5614 2714 5676; x_wconf 83' lang='lat' dir='ltr'><strong>vidissent,</strong></span> <span class='ocrx_word' id='word_1_846' title='bbox 2747 5613 2817 5668; x_wconf 90' lang='lat' dir='ltr'><strong>de</strong></span> <span class='ocrx_word' id='word_1_847' title='bbox 2835 5613 2940 5668; x_wconf 84' lang='lat' dir='ltr'><strong>hoc</strong></span> <span class='ocrx_word' id='word_1_848' title='bbox 2967 5611 3236 5668; x_wconf 84' lang='lat' dir='ltr'><strong>sollicitas</strong></span> <span class='ocrx_word' id='word_1_849' title='bbox 3253 5624 3399 5675; x_wconf 86' lang='lat' dir='ltr'><strong>esse,</strong></span> 
     </span>
    </p>
   </div>
   <div class='ocr_carea' id='block_1_115' title="bbox 1817 5701 3401 5777">
    <p class='ocr_par' dir='ltr' id='par_1_115' title="bbox 1817 5701 3401 5777">
     <span class='ocr_line' id='line_1_115' title="bbox 1817 5701 3401 5777; baseline -0.001 -17"><span class='ocrx_word' id='word_1_850' title='bbox 1817 5705 2102 5776; x_wconf 89' lang='lat' dir='ltr'><strong>probabile</strong></span> <span class='ocrx_word' id='word_1_851' title='bbox 2129 5719 2239 5760; x_wconf 89' lang='lat' dir='ltr'><strong>non</strong></span> <span class='ocrx_word' id='word_1_852' title='bbox 2270 5713 2410 5763; x_wconf 86' lang='lat' dir='ltr'><strong>erat.</strong></span> <span class='ocrx_word' id='word_1_853' title='bbox 2440 5705 2547 5762; x_wconf 87' lang='lat' dir='ltr'><strong>Sed</strong></span> <span class='ocrx_word' id='word_1_854' title='bbox 2579 5704 2840 5777; x_wconf 88' lang='lat' dir='ltr'><strong>quoniam</strong></span> <span class='ocrx_word' id='word_1_855' title='bbox 2884 5705 3027 5761; x_wconf 89' lang='lat' dir='ltr'><strong>inter</strong></span> <span class='ocrx_word' id='word_1_856' title='bbox 3058 5703 3161 5760; x_wconf 87' lang='lat' dir='ltr'><strong>has</strong></span> <span class='ocrx_word' id='word_1_857' title='bbox 3200 5701 3401 5758; x_wconf 83' lang='lat' dir='ltr'><strong>mulie-</strong></span> 
     </span>
    </p>
   </div>
  </div>
