3882 6432
511 463 620 521 655

511 588 624 637 res,
662 572 732 629 de
771 572 974 643 quibus
1004 579 1092 629 est
1117 569 1262 644 apud
1293 568 1561 636 Marcum,
1609 585 1847 643 persona
1878 566 2094 624 Salome

510 664 699 733 ignara
730 662 988 728 infertur,
1023 663 1233 734 absque
1264 665 1665 725 controversia,
1692 661 1870 716 oratio
1887 661 2095 730 proba-

512 755 640 811 bilis
661 769 725 809 ac
754 755 1072 811 verisimilis
1094 764 1198 811 est.
1217 753 1353 809 Nam
1383 768 1484 807 nee
1514 753 1637 806 illas
1663 761 2093 806 consentaneum

508 853 596 900 est
626 845 858 909 dixisse,
896 846 1027 911 Quis
1067 846 1290 901 revolvat
1331 843 1483 898 nobis
1523 842 1771 908 lapidem,
1807 850 2094 912 propterea

509 935 657 1003 quod
686 932 859 990 Judaei
887 935 1273 1004 obsignassent
1300 933 1507 989 aditum
1559 931 1822 1003 sepulcri,
1852 929 2094 985 adhibita

509 1025 760 1080 custodia
797 1026 1051 1089 militum,
1086 1032 1140 1080 et
1177 1025 1374 1080 tertius
1401 1024 1520 1080 dies
1555 1023 1809 1077 instaret.
1839 1021 2093 1076 Dixerant

510 1119 656 1174 enim
688 1120 939 1175 scelerati
987 1119 1063 1172 illi
1112 1118 1181 1172 ad
1221 1117 1502 1173 Pilatum:
1556 1116 1836 1171 Recordati
1885 1130 2090 1178 sumus,

508 1210 647 1279 quod
668 1212 922 1279 impostor
947 1210 1037 1264 ille
1056 1210 1220 1279 dixit,
1244 1226 1364 1263 cum
1390 1208 1562 1263 adhuc
1585 1209 1773 1262 viveret
1798 1221 1814 1257 :
1839 1204 1968 1260 Post
1990 1213 2095 1258 tres

507 1302 619 1356 dies
650 1317 923 1371 resurgam
944 1301 1011 1355 ".
1048 1300 1104 1354 Si
1136 1301 1398 1356 mulieres
1447 1299 1613 1371 igitur
1644 1297 1894 1354 sciebant
1929 1295 2096 1348 mira-

505 1393 713 1456 culum,
767 1392 913 1463 quod
949 1407 1045 1463 per
1098 1392 1352 1463 angelum
1398 1390 1603 1445 factum
1652 1396 1792 1453 erat,
1845 1397 1899 1443 et
1946 1385 2094 1457 quod

507 1483 648 1553 lapis
693 1488 942 1538 remotus
991 1489 1160 1548 esset,
1210 1493 1265 1537 et
1293 1481 1552 1538 custodes
1578 1478 1919 1550 expavel‘acti
1946 1491 2095 1532 mor-

505 1573 725 1644 tuisque
746 1574 956 1630 similes
987 1572 1120 1629 iacti
1155 1573 1528 1637 recessissent,
1555 1570 1827 1643 quomodo
1848 1569 2095 1625 sollicita:

505 1675 562 1722 et
590 1667 765 1721 anxiae
787 1665 855 1721 de
898 1664 1244 1720 revolutione
1292 1662 1491 1734 lapidis
1545 1661 1749 1718 erant?
1784 1660 1879 1714 Sin
1910 1667 2092 1713 autem

506 1756 831 1811 miraculum
879 1756 1228 1828 ignorabant,
1268 1754 1571 1810 custodiam
1619 1754 1855 1808 militum
1906 1751 2096 1806 consi-

504 1845 701 1902 derare
743 1861 809 1901 ac
868 1861 977 1901 nou
1010 1846 1079 1901 de
1124 1845 1420 1916 aperiendo
1450 1850 1808 1900 monumento
1853 1844 2092 1913 cogitare

504 1938 806 2006 oportebat.
842 1935 1066 2003 Verum,
1115 1944 1174 1991 ut
1202 1937 1340 2002 dixi,
1377 1935 1595 1991 Salome
1623 1944 1679 1990 et
1720 1935 1825 1990 hoc
1871 1934 2092 2004 ignora-

506 2029 617 2094 bat,
649 2038 704 2083 et
761 2029 940 2099 ipsius
994 2029 1168 2086 solius
1202 2043 1266 2085 ea
1314 2030 1477 2084 verba
1533 2037 1712 2084 erant.
1748 2024 1886 2081 Nam
1919 2026 2092 2081 Maria

504 2118 820 2192 Magdalena
851 2128 1020 2191 atque
1046 2121 1218 2176 altera
1269 2119 1439 2175 Maria
1469 2136 1592 2175 cum
1623 2119 1898 2176 sedissent
1931 2134 1961 2174 e
2000 2133 2090 2173 re-

501 2212 667 2283 gione
721 2213 982 2284 sepulcri,
1034 2211 1495 2284 quemadmodum
1541 2212 1825 2267 memoria:
1854 2209 2094 2283 prodidit

507 2304 795 2360 Mattbmus
816 2306 883 2370 ¹¹,
911 2320 1221 2377 magnoque
1250 2305 1434 2360 studio
1463 2314 1624 2374 atque
1649 2302 1920 2358 industria
1948 2302 2091 2359 assi-

504 2392 699 2451 dentes
728 2392 781 2449 id
812 2394 1072 2465 egissent,
1117 2402 1233 2449 tum
1268 2393 1550 2464 signacula
1581 2391 1917 2462 Judzrorum,
1972 2404 2088 2448 tum

505 2491 840 2540 armatorum
896 2484 1206 2540 custodiam
1260 2485 1434 2539 oculis
1493 2484 1611 2539 suis
1667 2493 2086 2556 conspexerant.

504 2574 758 2647 lngressa
801 2585 985 2633 autem
1022 2576 1239 2634 Salome
1272 2594 1397 2635 cum
1450 2586 1681 2650 utraque
1712 2578 1903 2643 Maria,
1939 2578 2090 2635 vide-

504 2676 632 2723 runt
675 2668 931 2739 juvenem
959 2668 1241 2726 sedentem
1289 2685 1322 2725 a
1370 2669 1604 2735 dextris,
1660 2670 1917 2725 amictum
1951 2670 2088 2726 stola

501 2756 758 2827 candida,
782 2768 839 2816 et
855 2772 1193 2832 expaverunt
1212 2776 1405 2817 omnes
1432 2762 1512 2817 ":
1543 2763 1657 2817 haec
1676 2762 1921 2833 quidem.
1941 2762 2089 2833 quod

504 2849 610 2907 tlde
631 2851 918 2923 indigeret,
945 2867 1009 2909 ac
1036 2854 1212 2923 magis
1240 2855 1482 2909 humano
1507 2869 1657 2910 more
1682 2853 1874 2909 alIecta
1900 2862 2083 2909 esset:

503 2941 613 2997 illa:
643 2958 775 2999 vero
799 2946 946 3014 quod
977 2946 1178 3014 saepius
1213 2945 1282 3000 ad
1326 2952 1743 3001 monumentum
1782 2944 2086 3010 venissent,

502 3034 832 3105 curioseque
893 3049 959 3090 ac
1012 3049 1182 3105 supra
1241 3051 1405 3106 quam
1464 3051 1693 3092 necesse
1740 3045 1905 3108 atque
1949 3051 2088 3106 opus

503 3134 672 3189 esset,
712 3125 973 3195 deinceps
1010 3126 1299 3195 explorare
1336 3134 1504 3197 atque
1533 3126 1865 3197 investigare
1898 3143 2089 3183 resur-

502 3219 807 3274 rectionem
853 3216 1192 3273 viderentur.
1229 3217 1364 3272 Nam
1414 3218 1622 3273 idcirco
1668 3218 1829 3273 etiam
1867 3218 2087 3289 juvenis

502 3309 778 3380 apparuit,
807 3309 900 3379 qui
926 3308 1302 3380 magnitudine
1337 3309 1764 3380 perterrefacere
1791 3325 1856 3366 ac
1882 3318 2083 3366 metum

502 3403 727 3474 injicere
777 3412 981 3473 posset,
1029 3419 1093 3458 ac
1120 3404 1318 3459 terrori
1371 3404 1713 3460 alacritatem
1742 3411 1798 3460 et
1842 3405 2082 3461 laztitiam

501 3495 761 3560 miscens,
792 3511 892 3566 per
920 3495 1217 3551 candorem
1251 3497 1429 3563 stolae,
1483 3512 1608 3551 cum
1663 3505 1888 3567 propter
1937 3498 2084 3553 diem

501 3586 716 3643 scilicet
746 3587 972 3655 festum,
1023 3596 1139 3643 tum
1174 3603 1243 3643 ne
1274 3596 1422 3644 metu
1456 3588 1878 3653 obticescerent,
1928 3603 2085 3643 acer-

503 3678 628 3736 bius
655 3695 752 3736 eas
778 3681 1099 3749 alloquitur,
1135 3681 1414 3750 castigans
1458 3679 1641 3736 verbis
1673 3685 1727 3734 et
1759 3679 2080 3746 admonens,

504 3784 573 3825 ne
605 3779 727 3839 post
756 3779 837 3825 tot
868 3773 1236 3842 spectationes
1265 3774 1500 3826 curiosa:
1529 3779 1737 3847 essent,
1778 3770 1873 3833 sed
1900 3770 2084 3842 potius

505 3862 674 3915 ﬁrma:
714 3870 998 3917 manerent
1042 3864 1096 3917 in
1132 3863 1222 3926 iis,
1265 3879 1387 3933 qua:
1433 3862 1742 3918 vidissent:
1791 3860 1876 3916 Ite
1912 3863 2080 3929 enim,

502 3952 702 4021 inquit,
756 3951 915 4006 dicite
969 3952 1247 4022 discipulis
1301 3954 1416 4023 ejus
1471 3962 1521 4008 et
1565 3953 1724 4009 Petro
1769 3954 2084 4025 (discipulis

502 4044 745 4115 quidem,
775 4055 961 4116 utpote
993 4046 1062 4102 iis
1090 4048 1181 4117 qui
1204 4062 1349 4118 saepe
1372 4062 1483 4105 non
1506 4047 1898 4103 crediderunt:
1922 4046 2083 4102 Petro

499 4152 652 4203 vero,
713 4151 773 4192 ut
814 4139 907 4207 qui
956 4139 1155 4193 iterum
1187 4142 1378 4194 eadem
1426 4140 1711 4195 vobiscum
1761 4139 2083 4195 curiositate

498 4227 770 4283 adductus
817 4230 882 4282 a;l
929 4237 1348 4285 monumentum
1402 4229 1581 4299 venit)
1636 4229 1775 4300 quod
1825 4227 2081 4299 prwcedet

497 4333 586 4373 uos
618 4319 672 4371 in
704 4318 984 4374 Gatilwam
1009 4335 1028 4374 :
1072 4320 1145 4376 ibi
1184 4337 1303 4376 eum
1361 4322 1601 4376 videbitis
1646 4322 1783 4376 sicut
1821 4322 1957 4375 dixit
1989 4338 2081 4376 uo-

500 4408 578 4461 bis
606 4409 670 4471 ",
691 4412 844 4466 vobis
867 4413 1192 4469 mulieribus
1213 4430 1330 4468 sero
1354 4412 1735 4480 Sabbatorum,
1761 4430 1825 4470 ea
1847 4415 1936 4470 die
1959 4429 2083 4485 qua:

502 4499 730 4554 lucescit
774 4507 828 4557 in
877 4506 1109 4573 primam
1157 4504 1558 4572 Sabbatorum,
1599 4516 1658 4562 ut
1702 4507 1987 4563 Mattbzeus
2032 4507 2079 4539 "

1764 457 1825 513 S.
1863 452 2191 513 GRECORH
2231 450 2523 510 NYSSENI

3643 450 3725 504 (ull

2121 574 2165 631 λ
2185 569 2340 637 ἡμῖν
2362 568 2470 622 τὸν
2506 568 2704 631 λίθον,
2752 565 2862 619 τῶν
2913 563 3179 619 Ἰουδαίων
3223 562 3620 635 σφραγισάντων
3647 566 3726 637 τὴν

2195 659 2399 714 εἴσοδον
2442 658 2537 712 τοῦ
2569 658 2765 728 τάφου,
2813 658 2908 712 uel
2950 657 3051 729 τὴν
3073 657 3182 710 τῶν
3211 657 3551 728 στρατιωτῶν
3577 674 3723 728 παρα-

2195 751 2654 821 καταστησάντων
2705 750 2970 824 φρουρὰν,
2997 749 3092 802 uel
3114 749 3212 820 τῆς
3229 748 3418 820 τρίτης
3446 748 3639 820 ἡμέρας
3660 751 3729 802 ἐν·

2193 843 2457 913 εστὼσης.
2492 844 2635 915 Πρὸς
2678 843 2789 915 γὰρ
2837 842 2928 898 τὸν
2979 842 3208 897 Πιλάτον
3255 836 3408 895 εἷπον
3450 844 3499 895 ot
3545 843 3731 914 μιαροίο

2206 934 2626 1005 Ἐμνήσθημεν
2673 934 2763 989 ὅτι
2823 937 2857 989 ό
2912 934 3144 1001 πλάνος
3195 935 3424 1001 ἐκεῖνος
3473 931 3628 990 εἶπεν
3660 936 3733 991 ἔτι

2195 1021 2340 1085 ζ’ὦγο
2396 1025 2558 1079 Μετὰ
2601 1024 2758 1093 τρεῖς
2801 1024 3027 1096 ἡμέρας
3070 1026 3386 1096 ἐγείρομαι.
3442 1027 3502 1079 El
3545 1028 3634 1097 μὲν
3656 1016 3734 1081 οὖν

2193 1116 2414 1187 ᾔδεισαν
2467 1117 2526 1170 ei
2568 1118 2827 1185 γυναῖκες
2872 1116 2933 1170 τὺ
2974 1115 3062 1171 διὰ
3093 1117 3187 1170 τοῦ
3218 1116 3451 1184 ἀγγέλου
3481 1116 3734 1187 γενόμενον

2195 1208 2401 1279 Θαῦμα,
2451 1209 2551 1279 τήν
2596 1226 2655 1262 τε
2702 1207 3028 1280 ἀποκίνησιν
3058 1208 3154 1262 τοῦ
3183 1208 3356 1272 λίθου,
3389 1209 3482 1262 uel
3520 1208 3609 1279 τὴν
3646 1208 3735 1263 τῶν

2195 1301 2451 1370 φυλάκων
2477 1302 2542 1354 ἐκ
2569 1300 2661 1354 τού
2697 1299 2863 1368 φόϐου
2889 1299 3158 1373 νέκρωσιν
3190 1318 3252 1354 τε
3277 1301 3375 1355 uel
3402 1300 3733 1371 ἀναχώρησιν,

2194 1392 2309 1455 πῶς
2352 1392 2641 1463 διηπόρουν
2686 1393 2814 1463 περὶ
2856 1393 2952 1445 τοῦ
2996 1392 3428 1462 ἀποκυλισοῆναι
3467 1392 3553 1447 τὸν
3580 1392 3735 1457 illiw;

2194 1483 2258 1538 El
2283 1485 2340 1539 δὲ
2375 1485 2602 1553 ἠγνόουν
2642 1484 2706 1537 τδ
2733 1484 2940 1554 Θαῦμα,
2972 1485 3075 1555 τὴν
3096 1484 3491 1556 στρατιωτικὴν
3520 1484 3731 1555 φρουρὰν

2195 1578 2395 1631 ἐννοεῖν
2421 1578 2549 1639 ἔδει,
2577 1578 2671 1633 uel
2699 1577 2798 1650 τὴν
2820 1577 3021 1645 ἄνοιξιν
3046 1577 3140 1631 τοῦ
3173 1578 3454 1649 μνήματος
3479 1576 3548 1647 μὴ
3567 1576 3745 1647 φαντὰο,

2196 1669 2400 1735 ζεσθαι.
2435 1669 2592 1731 Ἀλλ’,
2627 1670 2704 1733 ὡς
2744 1669 2899 1740 ἔφην,
2931 1671 2966 1741 ἡ
2998 1668 3230 1740 Σαλώμη
3256 1669 3353 1723 καὶ
3381 1668 3535 1722 τοῦτο
3562 1668 3734 1739 ἠγνόει,

2192 1762 2289 1815 καὶ
2320 1761 2488 1832 αὐτῆς
2534 1760 2703 1832 μόνης
2749 1760 2820 1814 τὰ
2865 1761 3085 1832 ῥήματα
3111 1755 3201 1831 ἦν.
3245 1759 3437 1831 Μαρία
3469 1758 3570 1830 γὰρ
3595 1760 3625 1828 ἡ
3647 1754 3735 1811 Ile-

2194 1850 2431 1922 γδαληνὴ
2457 1852 2553 1905 uel
2577 1852 2611 1922 ἡ
2638 1850 2772 1921 ἄλλη
2810 1851 3019 1922 Μαρία,
3051 1849 3402 1903 καθεσθεῖσαι
3431 1847 3520 1901 τοῦ
3551 1849 3735 1917 μνήμι·

2192 1958 2281 2006 τος
2317 1939 2377 2006 ἐξ
2405 1940 2672 2005 ἐναντίας,
2706 1939 2783 2003 ὡς
2812 1940 2842 1991 ὁ
2875 1939 3149 2003 Ματθαῖος
3176 1938 3461 2010 ἱστόρησε,
3509 1937 3595 1991 καὶ
3615 1936 3735 2005 φιλο-

2192 2034 2369 2097 πόνως
2399 2032 2886 2105 προσεδρεύσασαι,
2920 2031 3014 2085 uel
3039 2031 3138 2094 τὰς
3168 2030 3469 2103 σφραγῖδας
3495 2028 3597 2082 τῶν
3629 2027 3735 2082 Ἰοδ-

2190 2125 2376 2189 δαίων,
2400 2124 2497 2180 uel
2515 2124 2614 2197 τὴν
2632 2124 2743 2178 τῶν
2770 2123 3006 2178 ὁπλιτῶν
3027 2123 3273 2195 φυλακὴν
3294 2123 3417 2193 ὕψει
3446 2118 3731 2193 παρέλαϐον.

2190 2213 2524 2269 Είσελθοῦσα
2552 2214 2608 2269 δὲ
2639 2214 2673 2286 ἡ
2709 2212 2945 2285 Σαλώμη
2989 2212 3088 2265 σὺν
3123 2215 3245 2276 ταῖς
3277 2211 3519 2283 Μαρίαις
3543 2209 3730 2280 ἀμφοῖν,

2190 2304 2471 2362 νεανίσκον
2507 2301 2648 2359 εἶδον
2686 2304 2990 2375 καθήμενον
3031 2304 3090 2357 ἐν
3125 2305 3235 2366 τοῖς
3286 2301 3500 2367 δεξιοῖς,
3547 2297 3732 2370 περιϐε-

2190 2400 2459 2471 ϐλημένον
2490 2399 2682 2470 στολὴν
2713 2398 2945 2468 λευκὴν,
2995 2398 3089 2452 καὶ
3126 2395 3474 2467 ἐπτοήθησαν
3519 2394 3729 2449 ἅπασαι-

2191 2490 2225 2561 ἠ
2253 2489 2455 2561 μὲν,ὼς
2479 2487 2670 2552 ἐνδεῶς
2690 2487 2886 2559 ἔχουσα
2910 2487 3148 2550 πίστεως
3175 2487 3267 2539 uel
3291 2484 3731 2558 ἀνθρωπινώτερον

2190 2580 2506 2653 διακειμένη
2533 2597 2547 2611 ·
2582 2582 2640 2634 et
2680 2580 2762 2646 δὲ,
2804 2578 2881 2644 ὼς
2918 2578 3383 2650 ἐπιχωριάζουσαι
3437 2575 3630 2648 συχνῶς
3671 2572 3732 2643 τῷ

2194 2675 2458 2745 μνήματι,
2489 2674 2584 2729 uel
2616 2672 3091 2743 πολυπραγμονεῖν
3130 2670 3390 2726 δοκοῦσαι
3412 2670 3587 2725 λοιπὸν
3618 2667 3733 2737 πέρα

2188 2767 2284 2822 τοῦ
2311 2766 2524 2831 δέοντος
2555 2766 2653 2839 τὴν
2678 2768 2991 2822 ἀνάστασιν.
3023 2763 3121 2817 Διά
3141 2763 3250 2837 γὰρ
3279 2763 3441 2817 τοῦτο
3472 2763 3558 2816 uel
3588 2758 3730 2814 νεανί-

2192 2877 2318 2923 σκος
2344 2858 2501 2931 ὤφθη
2523 2858 2873 2930 καταπλῆξαι
2891 2856 2970 2928 τῷ
2992 2855 3209 2928 μεγέθει
3237 2856 3334 2910 uel
3362 2854 3520 2924 φόϐον
3545 2848 3732 2923 ἐμποιῆ-

2192 2970 2282 3007 σαι
2304 2952 2622 3024 δυνάμενος,
2645 2951 2743 3005 καὶ
2771 2950 2964 3022 μιγνὺς
2986 2948 3062 3020 τῷ
3087 2948 3308 3019 φοϐερῷ
3331 2949 3394 3002 τὸ
3425 2945 3646 3017 φαιδρὸν,
3663 2942 3732 2996 διὰ

2187 3043 2281 3097 τοῦ
2324 3042 2519 3097 λευκοῦ
2547 3043 2647 3113 τῆς
2672 3042 2886 3112 στολῆς,
2916 3043 3012 3096 uel
3034 3042 3109 3105 ὼς
3150 3042 3208 3095 ἐν
3236 3041 3424 3113 ἑορτῇ,
3452 3039 3541 3093 uel
3570 3039 3644 3090 ἱνα
3671 3033 3731 3105 μὴ

2189 3135 2411 3204 παγῶσι
2479 3134 2558 3206 τῷ
2608 3134 2754 3200 δέει,
2803 3133 3156 3206 σφοδρότερον
3203 3133 3400 3197 αὑταῖς
3447 3130 3728 3198 διαλέγεται,

2115 3254 2161 3318 C
2192 3226 2461 3282 παιδεύων
2512 3225 2684 3289 αὑτὰς
2723 3225 2791 3279 δι’
2843 3220 2919 3280 ὧν
2959 3224 3112 3293 ἔλεγε
3153 3224 3292 3296 μετά
3339 3222 3592 3318 τοσαύτας

2196 3317 2270 3389 μὴ
2304 3317 2610 3388 περιέργως
2637 3315 2966 3381 διακεῖσθαι,
3001 3314 3234 3385 βεϐαίως
3265 3314 3325 3368 δὲ
3359 3313 3551 3387 μᾶλλον
3577 3302 3729 3379 ἐφόἷς

2191 3404 2330 3462 εἶδον
2373 3409 2616 3462 ἑστάναι.
2674 3407 2949 3478 Ὑπάγετε
2998 3407 3129 3475 γὰρ,
3168 3405 3359 3477 φησὶν,
3393 3406 3588 3460 εἴπατε
3631 3399 3729 3463 τοῖς

2185 3499 2478 3571 μαθηταῖς
2506 3498 2691 3554 αὐτοῦ
2714 3499 2812 3553 καί
2835 3496 2916 3564 τῷ
2948 3498 3147 3566 Πέτρῳ
3190 3499 3327 3569 (τοῖς
3364 3497 3462 3567 μὲν
3484 3492 3727 3566 μαθηταξ.

2189 3593 2265 3657 ὡς
2286 3592 2546 3656 πολλάκις
2575 3591 2906 3663 ἡπιστηκόσι
2929 3607 2943 3622 ο
2973 3591 3051 3662 τῷ
3077 3590 3133 3643 δὲ
3165 3590 3384 3661 Πέτρῳ.
3416 3589 3488 3651 ὡς
3514 3586 3634 3657 μετὰ
3654 3581 3728 3649 τῆς

2189 3681 2358 3751 αὐτῆς
2386 3681 2514 3751 ὑμῖν
2536 3680 3069 3754 πολυπραγμοσύνης
3099 3679 3355 3750 δεύτερον
3384 3679 3474 3733 ἐπὶ
3497 3677 3554 3730 τὸ
3576 3673 3727 3746 μνῆμα

2189 3771 2452 3842 ἐλθόντι),
2488 3770 2577 3825 ὅτι
2619 3770 2863 3841 προάγει
2912 3768 3068 3839 ὑμᾶς
3119 3770 3207 3835 εις
3249 3769 3370 3839 τὴν
3413 3765 3724 3822 Γαλιλαίαν,

2188 3865 2311 3920 ἐκεῖ
2339 3864 2527 3919 αὑτὸν
2557 3863 2807 3933 ὄψεσθε,
2846 3862 3041 3929 καθὼς
3067 3858 3240 3918 εἶπεν
3271 3863 3418 3933 ὑμῖν
3441 3875 3455 3890 ο
3498 3861 3614 3931 ὑμῖν
3634 3855 3727 3913 ταῖς

2188 3955 2456 4025 γυναιξὶν,
2486 3954 2631 4023 Ὀψὲ
2652 3952 2987 4018 Σαϐϐἁτων,
3025 3955 3093 4023 τῇ
3118 3951 3505 4023 ἐπιφωσκούσῃ
3532 3951 3602 4013 είς
3624 3944 3726 4016 μίαν

2188 4048 2482 4104 Σαϐϐἁτων
2525 4049 2841 4117 ἐπιφανεὶς,
2894 4046 2969 4109 ὡς
3012 4047 3043 4099 ὁ
3088 4044 3369 4108 Ματοαῖος
3415 4036 3722 4109 συνέγραιξεν.

2188 4141 2313 4203 Τοῖς
2348 4139 2458 4209 γάρ
2508 4138 2774 4209 μαθηταῖς
2823 4137 3079 4189 οὐδέποτε
3144 4136 3395 4205 φαίνεται
3455 4134 3634 4203 φήσας,
3666 4126 3723 4187 ὡς

2190 4229 2329 4301 μετά
2352 4230 2451 4300 τὴν
2475 4228 2690 4302 ἔγερσιν
2712 4228 2909 4291 ιαὐτοῖς
2946 4229 3003 4280 ἐν
3036 4229 3101 4298 τῇ
3140 4226 3403 4298 Γαλιλαίᾳ
3432 4225 3719 4295 φανήσεται·

2172 4323 2371 4393 είμήτι
2414 4337 2479 4390 γε
2515 4323 2692 4375 ἐκεῖνο
2735 4322 2851 4391 ἐρεῖ
2899 4336 3015 4382 τις,
3058 4320 3195 4390 ὅπερ
3240 4321 3269 4373 ὁ
3326 4318 3608 4377 Ματοαῖος,
3648 4305 3721 4361 καὶ

2185 4414 2409 4487 Μάρκος
2437 4413 2674 4485 ἔγραψε,
2713 4412 2851 4483 μετά
2882 4413 2943 4465 τὸ
2975 4412 3185 4465 δεῖπνον
3214 4411 3276 4464 τὸ
3325 4408 3572 4482 μυστικὸν
3600 4399 3719 4465 ἐξελ·

2186 4507 2386 4561 θόντων
2406 4506 2587 4559 αὐτῶν
2608 4508 2688 4569 είς
2716 4506 2779 4559 τὸ
2816 4505 2942 4577 ὅρος
2962 4506 3069 4560 τῶν
3102 4505 3329 4559 Ἐλαιῶν
3357 4503 3492 4576 μετά
3514 4500 3569 4553 τὸ
3590 4493 3719 4577 ὑμνῆξ

499 4594 851 4663 conscripsit.
893 4594 1187 4666 Discipulis
1216 4600 1361 4653 enim
1391 4614 1671 4670 nunquam
1703 4607 1928 4671 apparet
1953 4614 2076 4655 eum

2189 4614 2298 4663 σαι,
2328 4594 2432 4648 ὑπὸ
2464 4594 2559 4648 τοῦ
2602 4574 2861 4664 Σωτῆρος-
2881 4588 3299 4671 εἰρημένον,ὣέ
3330 4574 3441 4656 πως
3464 4607 3477 4621 ·
3502 4584 3642 4642 Μετὰ
3665 4574 3717 4631 δὲ

499 4682 725 4749 dixisse,
763 4686 909 4755 quod
940 4697 1063 4758 post
1106 4690 1566 4746 resurrectionem
1602 4694 1738 4762 ipsis
1768 4694 1825 4748 in
1856 4691 2077 4748 Galilaza

2189 4690 2251 4743 τὸ
2274 4686 2588 4758 ἐγερθῆναί
2609 4686 2951 4758 με,προὰξω
2978 4686 3134 4756 ὑμᾶς
3152 4688 3240 4753 είς
3270 4686 3385 4754 τὴν
3407 4675 3713 4738 Γαλιλαίαν.

500 4776 853 4846 appariturus
874 4787 1041 4843 esset,
1081 4778 1187 4835 nisi
1222 4780 1359 4836 forte
1382 4782 1508 4851 quis
1535 4783 1669 4839 illud
1699 4784 1922 4849 dixerit,
1977 4782 2119 4855 quod
2199 4791 2248 4837 et
2280 4780 2586 4844 Mattbaeus,
2639 4786 2695 4835 et
2727 4779 2943 4835 Marcus
2999 4780 3342 4849 scripserunt
3388 4788 3506 4849 post
3542 4777 3714 4827 cauam

500 4869 788 4941 mysticam
818 4872 1144 4928 exeuntibus
1176 4872 1310 4942 ipsis
1336 4872 1485 4929 dicto
1516 4875 1716 4947 hymno
1748 4878 1800 4932 in
1829 4887 2070 4933 montem
2113 4875 2419 4938 Olivarum,
2471 4874 2540 4927 ab
2577 4872 2872 4929 Servatore
2945 4872 3028 4930 sic
3087 4870 3488 4943 quodammodo
3527 4867 3710 4921 dictum.

498 4958 792 5032 Postquam
831 4972 1007 5015 autem
1037 4978 1395 5030 resurrexero,
1438 4967 1734 5034 prtecedam
1761 4985 1846 5023 vos
1875 4970 1932 5023 in
1967 4967 2245 5023 Galilwam
2269 4968 2336 5024 ".

565 5048 817 5121 Egressa:
844 5061 1024 5108 autem
1059 5070 1091 5110 e
1128 5066 1484 5113 monumento
1531 5059 1715 5115 Mariae
1741 5068 1797 5116 et
1832 5060 2074 5128 Salome,

2264 5059 2608 5124 Ἑξελθοῦσαι
2637 5058 2696 5112 δὲ
2727 5058 2793 5111 ἐκ
2832 5056 2926 5110 τοῦ
2964 5058 3245 5127 μνήματος
3277 5057 3333 5110 el
3364 5052 3562 5125 Μαρίαι
3590 5043 3709 5110 καὶὴ

497 5148 736 5200 tremore
768 5152 933 5216 atque
978 5155 1191 5204 terrore
1235 5160 1502 5220 correpta:
1551 5153 1956 5223 profugiebant,
2011 5168 2077 5210 ac

2189 5151 2439 5222 Σαλώμη,
2468 5150 2659 5222 τρόμῳ
2691 5150 2789 5204 καὶ
2815 5148 3076 5221 ἐκπλήξει
3119 5148 3487 5218 συνεχόμεναι,
3518 5135 3711 5211 φυγάδες

499 5233 705 5289 nemini
733 5235 1034 5306 quidquam
1073 5237 1371 5294 dicebant:
1408 5241 1661 5296 timebant
1681 5243 1843 5307 enim,
1875 5245 2074 5314 partim

2189 5245 2448 5314 ἐγένοντο,
2486 5244 2582 5297 uel
2610 5243 2787 5297 οὐδενὶ
2818 5242 2973 5296 οὐδὲν
2985 5227 3162 5295 fin-0v
3188 5256 3202 5271 ·
3249 5237 3581 5310 Ἐφοϐοῦντο
3605 5225 3707 5299 τὰρ,

498 5326 713 5394 quidem
747 5338 968 5397 propter
999 5339 1264 5386 terrorem
1299 5332 1691 5397 adolescentis,
1714 5335 1911 5405 partim
1947 5351 2069 5390 veri.

2189 5337 2336 5390 τοῦτο
2369 5337 2466 5407 μὲν
2492 5336 2581 5390 διά
2605 5336 2668 5389 τὸ
2697 5334 2926 5405 φοϐερὸν
2954 5334 3048 5388 τοῦ
3075 5333 3377 5398 νεανίσκου,
3408 5328 3555 5382 τοῦτο
3578 5314 3709 5374 me

499 5416 643 5483 quod
670 5417 781 5486 jam
812 5418 930 5475 dies
957 5436 1282 5492 progressus
1315 5432 1484 5487 esset,
1532 5434 1588 5481 et
1614 5425 1785 5481 Judaei
1851 5429 1872 5496 (
1899 5438 1955 5482 ut
1988 5436 2075 5483 est

2189 5427 2236 5480 rb
2266 5427 2365 5497 τὴν
2400 5427 2614 5497 ἡμέραν
2657 5426 2760 5498 ἤδη
2795 5425 3103 5497 προελθεῖν,
3148 5425 3245 5481 καὶ
3285 5422 3408 5482 τοὺς
3446 5411 3705 5473 Ἰουδαίους,

500 5505 832 5580 verisimile)
860 5525 1079 5566 sursum
1112 5513 1367 5569 deorsum
1400 5516 1822 5573 obambulantes
1855 5518 1922 5572 ad
1958 5533 2067 5572 eaa-

501 5593 619 5651 dem
649 5603 820 5668 parati
852 5612 1057 5658 essent.
1093 5604 1148 5659 lu
1176 5608 1587 5677 exemplaribus
1618 5610 1785 5678 paulo
1835 5609 2071 5679 diligen-

2178 5519 2255 5581 ὡς
2297 5518 2464 5582 είκδς,
2520 5518 2793 5588 φονῶντας
2824 5519 2938 5573 ἀνω
2970 5519 3064 5571 uel
3096 5518 3245 5571 κάτω
3274 5508 3603 5587 περινοστεῖν.
3641 5498 3706 5549 Ἐν

2183 5608 2280 5679 μὲν
2308 5612 2420 5672 τοῖς
2449 5609 2859 5683 ἀκριϐεστέροις
2890 5609 3249 5682 ἀντιγράφοις
3276 5608 3335 5661 τὸ
3363 5603 3494 5677 μετά
3519 5596 3703 5665 Μάρκον

597 5802 639 5875 ξι
675 5799 863 5875 Matth.
897 5816 1066 5875 xxvii,
1098 5801 1187 5875 65.
1299 5803 1346 5835 ’ί
1374 5801 1564 5875 Matth.
1602 5818 1794 5870 xxx-ut,
1831 5802 1857 5857 l
1892 5818 2015 5875 sqq.
2129 5806 2177 5846 ’³
2214 5807 2383 5866 Marc.
2420 5825 2529 5875 xvr,
2570 5811 2623 5867 5.
2736 5813 2785 5846 "
2831 5814 2965 5872 ibid.
2995 5815 3049 5871 7.
3161 5815 3208 5847 ³⁸
3227 5811 3408 5870 Matth.
3459 5810 3624 5860 sxvm.
3655 5786 3696 5843 ί.

498 5868 540 5900 η
580 5813 1072 5900 ᾇῖιιιξξαιιιιὲυξκξξ,
1098 5813 1250 5900 fit“
1299 5813 1564 5900 :'__alaattli.
1602 5818 1794 5870 ιιι-ιιι,
1831 5813 1857 5857 ι
1892 5818 2015 5875 sqq.
2129 5813 2177 5846 ³⁸
2214 5813 2383 5866 Marc.
2420 5825 2529 5878 xvr,
2570 5813 2623 5867 5.
2736 5813 2785 5846 ”
2831 5814 2965 5872 ibid.
2995 5815 3049 5871 7.

578 5870 766 5925 Matth.
797 5884 947 5929 sxw.
971 5870 1073 5934 5‘2;
1105 5870 1270 5926 Marc.
1301 5888 1414 5941 τιν,
1443 5873 1533 5927 2t.

2129 5806 2177 5846 ’³
2214 5807 2383 5866 Marc.
2420 5825 2529 5878 xvr,
2570 5811 2623 5867 5.
