3882 6488
192 477 277 530 615

1026 461 1092 518 IN
1130 459 1407 516 CHRISTI
1440 458 2076 514 RESUBREUI'IUNEM
2107 455 2316 512 ΟΒᾸΤ.
2343 457 2406 511 ll.

3287 463 3393 517 646

191 585 475 658 [εὐαγγέλιον
530 582 687 655 μέχρι
734 580 849 645 τοῦ,
893 576 1251 648 Ἔφοὸοὗντο
1302 576 1438 646 γὰρ,
1493 574 1606 644 ἔχει
1653 571 1716 626 τὺ

1830 570 1939 625 tius
1991 577 2046 625 et
2092 570 2340 626 exactius
2394 569 2616 640 scriptis
2679 570 3032 641 Evangeliqu
3088 572 3392 629 secundum

187 679 332 742 τέλος.
375 676 455 728 Ἐν
484 673 538 726 δέ
561 689 669 725 τισι
703 672 1019 742 πρόσκειται
1050 669 1142 721 καὶ
1179 667 1350 720 ταῦτα
1369 681 1383 694 '
1432 662 1715 729 Ἀναστὰς

187 770 243 823 δὲ
262 767 394 836 πρωῒ
417 763 605 833 πρώτῃ
646 761 962 816 Σαὸϐἀτων
1003 758 1196 829 ἐφάνη
1242 757 1477 827 πρῶτον
1520 755 1719 823 Μαρίᾳ

184 858 242 926 τῇ
264 852 627 925 Μαγδαληνῇ,
659 852 762 921 ἀφ’
782 847 856 922 ἧς
878 849 1225 918 ἐκϐεϐλήκει
1248 847 1399 901 ἑπτὰ
1420 846 1715 915 δαιμόνια.

186 948 327 1002 Τοῦτο
353 947 405 1000 δὲ
446 943 753 999 ἐναντίωσίν
799 959 921 997 τινα
970 941 1118 994 δοκεῖ
1156 939 1300 1010 ἔχειν
1341 936 1477 1008 πρὸς
1503 936 1574 989 τὰ
1624 934 1719 1007 έμ-

182 1036 382 1108 προσθεν
413 1036 539 1107 ἡμῖν
581 1033 865 1105 εἰρημένα.
914 1032 1028 1101 Τῆς
1076 1029 1185 1101 γὰρ
1223 1029 1371 1100 ὥρας
1403 1030 1502 1098 τῆς
1528 1025 1719 1090 νυκτὸς

182 1127 419 1195 ἀγνώστου
443 1127 827 1197 τυγχανούσης,
854 1121 977 1177 καθ’
1004 1122 1073 1195 ἢν
1093 1123 1123 1175 ό
1147 1119 1336 1193 Σωτὴρ
1357 1119 1580 1189 ἀνέστη,
1603 1116 1721 1180 πῶς

180 1218 379 1272 ἐνταῦθα
405 1218 696 1289 ἀναστῆναι
736 1214 888 1284 πρωῒ
928 1213 1237 1286 γέγραπται
1264 1227 1280 1277 ;
1327 1209 1465 1263 Ἀλλ’
1489 1209 1611 1263 οὐδὲ
1637 1209 1723 1262 ὲν-

180 1309 329 1363 αντίον
358 1309 647 1379 φανήσεται
676 1306 737 1360 τὺ
764 1304 956 1376 ῥητὸν,
999 1304 1048 1357 εί
1100 1302 1218 1373 μετ’
1254 1301 1563 1372 ἐπιστήμης
1593 1300 1723 1353 ἀνα-

179 1399 478 1470 γνωσόμεθα.
502 1399 613 1453 Καὶ
636 1397 746 1470 γὰρ
769 1396 1052 1461 ὑποστίξαι
1071 1393 1179 1467 χρὴ
1208 1391 1459 1455 συνετῶς,
1485 1391 1723 1456 ἀναστὰς

177 1490 249 1553 δὲ,
286 1489 371 1543 καὶ
398 1487 562 1551 οὕτως
588 1487 888 1555 ἐπαγαγεῖν
913 1525 928 1547 ,
977 1483 1134 1552 Πρωῒ
1177 1479 1479 1535 Σαϐϐάτου
1528 1477 1721 1549 ἐφάνη

176 1577 379 1648 πρῶτον
391 1579 581 1648 Μαρίᾳ
600 1574 677 1645 τῇ
691 1573 1176 1645 Μαγδαληνῇ,ἴνα
1196 1572 1254 1625 τὸ
1276 1572 1374 1642 μὲν
1402 1569 1720 1635 Ἀναστὰς,

175 1668 254 1741 ἔχῃ
285 1670 375 1739 τὴν
404 1668 678 1739 ἀναφορὰν
714 1665 1021 1738 συμφώνως
1066 1664 1142 1736 τῷ
1172 1661 1438 1733 Ματθαίῳ
1468 1661 1603 1735 πρὸς
1631 1661 1724 1717 τὸν

177 1758 477 1831 προλαϐόντα
506 1757 697 1829 καιρόν
722 1772 737 1789 ⁶
764 1756 827 1809 τὸ
853 1756 931 1823 δὲ,
958 1753 1134 1822 Πρωῒ,
1167 1754 1301 1826 πρὸς
1319 1752 1416 1824 τὴν
1442 1754 1507 1823 τῇ
1536 1750 1724 1823 Μαρίᾳ

173 1849 437 1920 γενομένην
480 1838 804 1917 ἐπιφάνειαν
831 1844 1140 1916 ἀποδοθείη,
1163 1844 1355 1917 πρώτῃ
1379 1843 1476 1897 σὺν
1501 1846 1565 1916 τῇ
1588 1842 1722 1913 ἄλλῃ

1818 659 2059 714 Marcum
2102 659 2390 724 hactenus,
2426 658 2468 713 Τ
2472 660 2699 713 innabant
2738 660 2900 725 enim,
2936 660 3096 717 linem
3126 662 3308 719 habet.
3335 662 3394 717 In

1817 751 2102 806 nonnullis
2132 752 2345 820 adjecta
2373 760 2503 806 sunt
2530 752 2699 805 etiam
2735 751 2871 816 haec,
2909 749 3043 806 Cum
3081 755 3395 808 surrexisset

1819 851 1995 895 autem
2027 858 2178 896 mane
2202 842 2372 910 primo
2402 841 2488 896 die
2514 840 2746 897 Sabbato
2757 859 2874 896 rum
2892 845 3140 912 apparuit
3164 846 3395 912 primum

1821 932 2014 987 Maria:
2038 933 2398 1004 Magdalenw,
2422 951 2485 989 ex
2516 951 2618 1005 qua
2640 924 2864 1005 eje'cerat
2891 946 3087 1006 septem
3106 938 3393 991 dwmonia.

1821 1021 1935 1077 lloc
1964 1030 2143 1078 autem
2179 1027 2521 1081 contrarium
2561 1027 2821 1097 quiddam
2853 1028 2943 1095 iis,
2993 1044 3115 1099 quae
3148 1044 3179 1083 a
3238 1028 3398 1083 nobis

1821 1129 1988 1185 supra
2035 1116 2182 1172 dicta
2233 1125 2383 1183 sunt,
2435 1121 2719 1175 continere
2772 1120 3002 1185 videtur.
3064 1119 3199 1175 Cum
3250 1102 3399 1175 enini

1824 1206 1959 1262 liora
1991 1209 2195 1273 noctis,
2238 1225 2345 1280 qua
2372 1209 2634 1266 Servator
2661 1212 2926 1279 surrexit,
2960 1212 3143 1283 ignota
3171 1212 3265 1278 sit,
3303 1214 3399 1282 qui

1823 1300 1903 1368 ﬁt,
1937 1311 1993 1356 ut
2020 1301 2074 1355 in
2104 1303 2207 1357 hoc
2240 1304 2383 1366 loco,
2417 1320 2572 1358 mane
2624 1319 2748 1359 eum
2811 1305 3202 1368 resnrrexisse,
3262 1309 3401 1359 scri-

1822 1399 1975 1462 ptum
2005 1393 2119 1447 sit?
2149 1392 2257 1448 Sed
2294 1396 2397 1449 hoc
2420 1395 2628 1449 dictum
2675 1396 2827 1450 nullo
2860 1396 3021 1450 modo
3059 1396 3400 1451 contrarium

1824 1482 2130 1553 apparebit,
2164 1483 2211 1539 si
2256 1491 2382 1553 apte
2426 1494 2592 1554 atque
2643 1484 2883 1540 scienter
2930 1486 3247 1556 legerimus.
3302 1486 3399 1539 Et-

1823 1573 1969 1627 enim
2009 1572 2307 1628 subnotare
2337 1583 2392 1629 et
2417 1575 2862 1644 subdistinguere
2895 1575 3053 1629 docte
3089 1585 3254 1645 atque
3311 1576 3399 1629 in-

1825 1666 2134 1737 telligenter
2166 1674 2403 1736 oportet.
2435 1666 2574 1721 Cum
2607 1669 2944 1724 surrexisset
2982 1676 3159 1723 autem
3188 1685 3202 1721 :
3234 1676 3403 1736 atque

1825 1757 1901 1810 ita
1932 1756 2266 1827 subjungere
2296 1767 2719 1828 consequenter,
2752 1776 2905 1813 mane
2954 1760 3126 1828 primo
3159 1757 3244 1813 die
3273 1757 3405 1813 Sab~

1828 1847 1940 1903 bati
1966 1851 2211 1918 apparuit
2237 1852 2470 1919 primum
2490 1850 2686 1906 Maria:
2704 1851 2755 1904 Μ
2764 1852 3037 1922 agdalena:
3053 1868 3072 1907 :
3095 1859 3153 1907 ut
3175 1853 3401 1908 verbum

170 1914 352 2015 Μαρίᾳ,
394 1914 492 1997 καὶ
540 1914 706 1995 πάλιν
754 1939 889 2009 μόνη
954 1914 1265 2008 θεασαμένη
1326 1914 1424 1988 τὸν
1473 1914 1678 2007 Κύριον
1704 1948 1720 1964 ο

1830 1940 2049 2011 quidem
2090 1941 2350 2009 ἀναστάς,
2390 1942 2446 1997 id
2494 1951 2601 2007 est,
2651 1960 2770 1997 cum
2818 1946 3156 2008 surrexisset,
3202 1959 3405 1999 convc-

169 2028 293 2102 πρωῒ
315 2032 417 2104 γάρ
443 2033 594 2087 ἐστιν
627 2030 773 2086 ἅπαν
803 2031 861 2084 τὺ
886 2029 1190 2100 διάστημα,
1238 2026 1299 2080 τὸ
1331 2024 1467 2097 μετά
1495 2023 1592 2096 τὴν
1616 2023 1723 2078 τῶν

169 2123 508 2197 ἀλεκτρυόνων
555 2125 704 2198 βοήν.
732 2124 1025 2195 Τεσσάρων
1071 2121 1250 2175 τοίνυν
1288 2120 1455 2173 ὄντων
1493 2117 1720 2190 καιρῶν,

166 2215 246 2269 καὶ
268 2216 526 2272 τοσούτων
573 2217 842 2287 ἀφίξεων,
890 2214 1013 2269 καθ’
1041 2213 1109 2278 ἃς
1135 2213 1192 2266 αἱ
1233 2213 1486 2281 γυναῖκες
1534 2209 1627 2263 ἐπὶ
1663 2207 1725 2264 τὺ

169 2306 333 2377 μνῆμα
382 2304 547 2381 ἦλθον
572 2346 588 2372 ,
649 2307 876 2362 ἕκαστον
926 2303 1320 2374 εύαγγελιστὴν
1377 2301 1474 2355 ἕνα
1535 2298 1725 2371 καιρὸν

163 2394 450 2470 ᾠκονόμησε
482 2398 698 2472 γράψαι
728 2397 791 2450 τὸ
818 2395 1044 2467 Πνεῦμα
1087 2394 1148 2449 τὺ
1191 2394 1365 2463 ἆγιον.
1414 2392 1525 2446 Kal.
1553 2393 1581 2445 ό
1627 2390 1724 2462 μὲν

165 2486 427 2556 Ματθαῖος,
472 2490 578 2553 τὰς
602 2488 700 2560 ὀψὲ
725 2486 1020 2543 Σαὸὄάτων
1050 2484 1498 2558 παραγενομένας
1539 2483 1632 2537 ἐπὶ
1662 2481 1726 2535 τὸ

163 2578 329 2651 μνῆμα.
356 2580 637 2653 ἱστόρησε,
686 2581 781 2632 καὶ
811 2577 1042 2648 ἄγγελον
1084 2577 1180 2629 ἕνα
1224 2572 1638 2642 καταϐεϐηκότα
1665 2570 1726 2637 ἐξ

160 2668 363 2740 οὐρανοῦ
392 2671 487 2725 καὶ
516 2672 615 2724 τὸν
640 2670 786 2724 λίθον
817 2666 1223 2723 ἀποκυλίσαντα
1249 2679 1262 2692 ·
1298 2664 1327 2717 ό
1354 2664 1411 2717 δὲ
1451 2662 1723 2733 Ἰωάννης,

158 2759 351 2833 Μαρίαν
390 2762 490 2835 τὴν
534 2760 908 2833 Μαγδαληνὴν
956 2756 1274 2829 ἐληλυθέναι
1324 2755 1490 2825 μόνην
1542 2756 1601 2806 έν
1648 2751 1728 2823 (τῷ

160 2853 313 2906 σκότει
352 2854 457 2926 πρὸ
499 2856 606 2927 τῆς
647 2853 722 2907 ἕω
754 2852 1138 2922 συγγέγραφε,
1190 2846 1284 2901 καὶ
1325 2844 1419 2899 δύο
1460 2841 1725 2913 ἀγγέλους

158 2940 286 2995 ἔνδον
320 2942 413 2997 τοῦ
444 2945 626 3013 τάφου
654 2941 950 2997 θεάσασθαι
974 2957 990 2972 ο
1026 2938 1241 3002 Λουκᾶς
1280 2935 1361 3002 δὲ,
1388 2935 1553 2998 ἄλλας
1585 2934 1726 2988 κατὰ

156 3032 328 3087 ταύτὸν
374 3035 465 3089 τὸν
510 3033 752 3107 ὄρθρον
807 3031 1034 3105 Μάρκος
1076 3031 1157 3096 δὲ,
1192 3029 1383 3100 ἑτέραν
1413 3028 1726 3098 ἀνίσχοντος

157 3122 308 3192 ἡλίου,
340 3126 915 3197 συναναμεμιγμὲνων
947 3123 1108 3177 τινῶν
1136 3122 1234 3176 καὶ
1281 3121 1391 3174 τῶν
1418 3121 1520 3191 ἢδη
1555 3136 1729 3205 παρᾳ-

1825 2030 2069 2086 nientem
2100 2047 2227 2087 cum
2261 2031 2515 2088 Matthmo
2550 2033 2619 2088 ad
2659 2035 2914 2104 superius
2942 2042 3154 2104 tempus
3182 2033 3404 2090 relatio-

1826 2137 1952 2178 nem
1992 2121 2233 2180 babeat:
2270 2125 2499 2181 verbum
2548 2142 2708 2193 vero,
2743 2127 2919 2198 πρωΐ,
2967 2126 3023 2181 id
3066 2137 3181 2190 est,
3225 2141 3401 2193 mane,

1827 2213 1878 2270 ei
1912 2230 2035 2286 quae
2080 2214 2267 2272 Mariae
2315 2216 2461 2272 facta
2510 2227 2616 2282 est,
2668 2219 2997 2290 apparitioni
3036 2220 3400 2274 attribuatur:

1829 2321 1951 2377 quae
1982 2307 2161 2378 prima
2201 2323 2328 2363 cum
2378 2311 2549 2366 altera
2594 2309 2788 2376 Maria,
2843 2319 3006 2381 atque
3044 2311 3239 2365 iterum
3286 2311 3405 2365 sola

1826 2398 2042 2454 viderat
2083 2399 2369 2456 Dominum
2422 2421 2436 2456 :
2469 2402 2614 2474 πρωί
2652 2403 2823 2468 enim,
2876 2404 2929 2458 id
2965 2411 3067 2468 est,
3111 2419 3283 2467 mane,
3319 2403 3407 2458 vel

1827 2488 2088 2558 diluculo,
2122 2491 2439 2547 universum
2488 2491 2623 2547 illud
2672 2493 2910 2563 spatium
2950 2501 3054 2556 est,
3083 2492 3227 2564 quod
3280 2498 3407 2562 post

1831 2582 2097 2653 gallorum
2124 2595 2344 2638 cantum
2398 2584 2711 2641 intercedit.
2743 2586 2882 2640 Cum
2930 2585 3096 2656 igitur
3124 2592 3407 2655 quaterna:

1832 2681 2140 2741 temporum
2168 2673 2279 2729 sint
2308 2674 2479 2739 vices,
2508 2675 2847 2744 totidemque
2892 2688 3174 2737 accessus,
3205 2673 3407 2743 quibus

1830 2765 2092 2820 mulieres
2121 2766 2190 2819 ad
2222 2774 2640 2820 monumentum
2670 2773 2959 2832 venerunt,
2994 2762 3235 2835 Spiritus
3278 2778 3408 2818 san-

1831 2867 1955 2914 ctus
1983 2873 2096 2913 rem
2130 2858 2205 2912 ita
2233 2858 2572 2928 dispensavit
2604 2866 2769 2929 atque
2797 2857 3093 2923 ordinavit,
3120 2863 3181 2911 ut
3204 2855 3407 2924 singuli

1831 2950 2183 3020 evangelistac
2218 2949 2467 3018 singulos
2496 2957 2801 3020 temporum
2841 2950 3104 3004 articulos
3155 2946 3408 3002 conscri-

1833 3038 2041 3094 berent.
2090 3039 2167 3093 Alc
2221 3038 2507 3094 Matthmus
2560 3040 2778 3109 quidem
2834 3040 2976 3104 illas,
3026 3054 3148 3109 quae
3199 3036 3409 3108 vesperi

1835 3130 2199 3187 Sabbatornm
2250 3142 2519 3188 venerunt
2566 3133 2635 3188 ad
2685 3140 3124 3196 monumentum,
3179 3129 3410 3185 historia

156 3218 458 3288 γενομένων.
488 3219 608 3275 Καὶ
637 3220 758 3283 ταῖς
789 3218 886 3289 μὲν
911 3215 1006 3270 δύο
1034 3215 1235 3287 ἄνδρας
1263 3215 1591 3275 ὲπιστάντας
1628 3210 1727 3264 aii;-

1834 3224 2268 3293 comprehendit,
2326 3232 2381 3280 et
2420 3224 2673 3294 angelum
2729 3237 2897 3277 unum
2950 3220 3303 3276 descendisse
3346 3220 3418 3276 de

154 3309 294 3371 ταῖς⁹
344 3314 464 3376 ταῖς
508 3310 576 3364 δὲ
618 3309 929 3380 καθήμενον
978 3309 1036 3360 ἐν
1079 3308 1191 3368 τοῖς
1226 3302 1422 3369 δεξιοῖς
1449 3302 1730 3357 νεανίσκον

156 3398 266 3452 ἰδεῖν
291 3415 307 3432 ο
358 3403 587 3466 στολαῖς
628 3401 685 3455 δὲ
735 3401 981 3463 ἅπαντας
1031 3396 1440 3470 ἠμφιεσμένους
1486 3394 1728 3456 λευκαῖς.

157 3489 297 3545 Ὥστε
322 3492 593 3549 δύνασθαί
618 3509 738 3548 τινα
768 3491 910 3546 κατά
950 3491 1047 3561 τὴν
1092 3489 1200 3544 τῶν
1244 3487 1451 3559 καιρῶν
1480 3486 1632 3552 τάξιν
1664 3484 1733 3538 τὰ

152 3586 267 3658 παρ’
298 3588 532 3643 ἑκάστου
568 3584 934 3658 γεγραμμένα
967 3582 1247 3645 συνθέντα,
1290 3580 1418 3650 μίαν
1470 3579 1733 3650 ἁρμονίαν

153 3677 233 3729 καὶ
255 3677 311 3735 ἓν
336 3679 501 3752 σῶμα
533 3679 720 3749 πάσης
750 3677 851 3749 τῆς
882 3675 1120 3748 ἱστορίας
1152 3672 1491 3747 ἐργάσασθαι
1514 3687 1528 3702 ο
1561 3668 1734 3724 καθά-

152 3785 247 3841 περ
284 3773 402 3838 ἑνὸς
449 3772 515 3827 τὸ
569 3772 680 3826 πᾶν
730 3768 1069 3840 γεγραφότος
1116 3766 1213 3820 καὶ
1277 3766 1339 3819 οὐ
1388 3762 1615 3817 πολλῶν.
1671 3760 1735 3815 El

153 3860 242 3930 μὲν
268 3864 376 3938 γὰρ
415 3866 557 3936 μιᾶς
607 3864 843 3934 ἀφίξεως
891 3865 999 3918 τῶν
1043 3862 1317 3933 γυναικῶν
1345 3863 1404 3916 έν
1438 3861 1518 3915 ἐνὶ
1559 3856 1735 3933 καιρῷ

148 3956 432 4027 γενομένης
482 3959 536 4010 oi.
590 3956 857 4027 τέσσαρες
904 3954 1348 4027 ἐμνημόνευσαν,
1394 3952 1489 4007 καὶ
1518 3953 1580 4005 ού
1610 3951 1753 4023 τοὺς·⁸

150 4042 331 4111 αὐτοὺς
382 4043 543 4100 εἷπον
595 4044 863 4115 ἀγγέλους
894 4045 1244 4115 ἐπιφανῆναι,
1286 4044 1319 4114 ἦ
1353 4043 1480 4114 μίαν
1512 4042 1606 4096 καὶ
1638 4040 1737 4112 τὴν

147 4133 303 4205 αὐτὴν
329 4138 692 4207 ἐπιφάνειαν,
716 4136 884 4207 ἡγουν
900 4135 1184 4197 ὀπτασίαν,
1205 4134 1441 4196 ἅπαντες
1462 4131 1736 4195 εἰπόντες,

148 4223 338 4299 ταύτην
365 4228 590 4298 ἔφασαν
621 4229 680 4281 ὲν
706 4227 982 4299 διαφόροις
1021 4226 1347 4298 γεγενῆσθαι
1380 4226 1610 4295 καιροῖς,
1639 4224 1739 4294 οὐχ

146 4312 253 4377 ἑνὸς
283 4316 775 4389 μνημονεύσαντες
798 4316 1027 4380 ἕκαστος
1054 4314 1273 4387 χρόνου,
1301 4313 1596 4382 διαφωνίας
1625 4307 1738 4381 εἶχε

150 4404 350 4476 μέμψιν
375 4412 406 4462 ὁ
438 4408 633 4478 λόγος.
667 4408 731 4461 El
756 4407 813 4461 δὲ
839 4407 934 4461 καὶ
962 4408 1011 4460 οί
1043 4406 1226 4477 καιροὶ
1258 4405 1505 4475 διάφοροι
1550 4402 1739 4458 καὶτὰ

145 4498 430 4567 πρόσωπα,
471 4501 578 4556 καὶ
606 4501 663 4553 αἱ
691 4500 802 4552 τῶν
830 4498 1202 4567 ἐπιφανέντων
1233 4497 1383 4566 ὅψεις
1426 4496 1524 4566 οὐχ
1553 4495 1608 4548 αἱ
1640 4494 1740 4546 αύ-

1836 3312 1999 3378 cmlo,
2029 3314 2122 3383 qui
2154 3314 2389 3385 lapidem
2430 3313 2751 3368 revolvisset
2776 3311 2863 3376 ’7;
2918 3310 3158 3365 Joannes
3207 3317 3414 3373 autem,

1836 3401 2064 3458 Mariam
2131 3403 2507 3476 Magdalenam
2574 3403 2792 3457 venisse
2843 3402 3018 3457 solam
3068 3401 3121 3454 in
3173 3399 3415 3453 tenebris

1836 3502 1963 3549 ante
1995 3496 2172 3550 lucem
2218 3496 2571 3565 conscripsit,
2609 3503 2773 3563 atque
2811 3492 3039 3562 angelos
3083 3492 3222 3546 duos
3270 3489 3413 3545 intra

1838 3594 2254 3638 monumentum
2290 3582 2494 3639 vidisse
2517 3584 2602 3636 ἐς
2634 3583 2813 3637 Lucas
2863 3582 3000 3636 alias
3044 3580 3192 3635 circa
3230 3581 3413 3649 ipsum

1837 3675 2136 3730 diluculum
2162 3678 2229 3744 ’νς
2253 3674 2467 3731 Marcus
2493 3692 2620 3732 vero
2644 3677 2804 3730 aliam
2827 3675 3037 3730 oriente
3060 3675 3197 3737 sole,
3216 3673 3413 3743 adjun-

1838 3767 1943 3823 ctis
1973 3768 2275 3834 nonnullis,
2306 3783 2426 3838 qua:
2452 3769 2565 3838 jam
2591 3769 2758 3822 etiam
2794 3774 2954 3821 antea
2987 3765 3054 3820 ad
3088 3780 3416 3820 monumen-

1841 3867 1956 3913 tum
1994 3858 2229 3915 fuissent
2258 3860 2323 3917 ³⁰.
2351 3860 2531 3929 Atque
2566 3860 2688 3915 illas
2727 3860 2948 3930 quidem
2981 3858 3120 3913 duos
3154 3859 3301 3914 viros
3325 3857 3419 3927 qui

1840 3954 1976 4023 ipsis
2022 3952 2368 4017 astitissent;
2405 3954 2506 4008 has
2538 3968 2669 4008 vero
2701 3951 2979 4007 sedentem
3020 3967 3051 4005 a
3098 3950 3305 4005 dextris
3329 3949 3420 4018 ju-

1839 4058 2034 4099 venem
2065 4043 2312 4113 vidisse;
2348 4053 2512 4116 atque
2563 4060 2753 4100 omnes
2806 4044 2963 4099 stolis
3011 4043 3149 4097 albis
3199 4040 3422 4096 indutos

1840 4135 2014 4192 fuisse
2065 4136 2343 4192 memoria:
2396 4135 2778 4207 prodiderunt.
2829 4136 3018 4205 Itaque
3065 4136 3111 4189 si
3155 4133 3280 4204 quis
3332 4147 3419 4199 ea,

1841 4243 1965 4300 qua:
1992 4230 2197 4302 singuli
2222 4229 2524 4285 secundum
2564 4228 2811 4284 ordinem
2843 4237 3149 4296 temporum
3183 4224 3423 4295 scripse-

1842 4327 1993 4383 runt,
2074 4320 2467 4389 composuerit,
2519 4318 2694 4387 possit
2753 4332 2915 4371 unam
2970 4316 3422 4379 consonantiam,

1843 4410 2414 4479 concordantiamque
2439 4417 2494 4465 et
2525 4424 2694 4463 unum
2727 4423 2930 4476 corpus
2966 4406 3213 4462 historiae
3252 4405 3424 4461 totius

1843 4500 2098 4557 allicere:
2132 4501 2358 4569 perinde
2387 4516 2451 4556 ac
2482 4501 2527 4557 si
2570 4516 2713 4556 unus
2741 4509 2907 4555 totam
2936 4514 3050 4554 rem
3095 4506 3327 4570 gestam,
3371 4506 3428 4553 et

146 4586 229 4638 ταὶ
276 4588 420 4659 (τοῦ
454 4589 602 4642 Θεοῦ
646 4588 996 4659 βουληθέντος
1027 4587 1116 4642 διὰ
1158 4586 1369 4641 πολλῶν
1404 4586 1623 4657 τρόπων
1651 4599 1727 4636 πι-

1851 4609 1958 4647 non
1988 4593 2300 4663 complures
2331 4593 2706 4663 scripsissent.
2740 4592 2875 4648 Nam
2915 4593 2963 4650 si
3010 4593 3175 4668 unius
3205 4591 3427 4662 quidem

146 4678 456 4736 στώσασθαι
503 4681 573 4735 τὸ
604 4680 830 4735 ἄπιστον
860 4678 1045 4751 θαῦμα
1077 4681 1175 4750 τῆς
1206 4676 1595 4747 ἀναστάσεως)
1645 4677 1727 4729 καλ

1848 4686 2114 4740 adventus
2148 4686 2460 4752 mulierum,
2498 4686 2590 4756 qui
2634 4686 2688 4741 in
2730 4703 2841 4741 uno
2892 4685 3152 4757 temporis
3196 4684 3430 4738 articulo

146 4768 202 4821 τδ
212 4771 288 4842 τῷ
305 4774 461 4846 ἄλλῳ
493 4772 576 4846 μὴ
594 4770 785 4842 λεχθὲν
811 4772 999 4842 ἕτερος
1028 4772 1139 4823 ίστό
1149 4787 1312 4842 ρησεν
1330 4769 1727 4839 εύαγγελιστὴςη

1859 4773 2175 4839 accidisset,
2210 4789 2403 4831 omnes
2435 4785 2675 4847 quatuor
2703 4778 3035 4832 mentionem
3069 4775 3343 4839 fecissent,
3374 4780 3432 4826 et

145 4862 255 4928 πῶς
280 4866 385 4920 οὐκ
416 4866 578 4920 ἔστιν
612 4867 646 4937 η
673 4865 921 4936 διήγησις
960 4863 1057 4935 ὅλη
1088 4862 1304 4935 καθαρὰ
1354 4863 1449 4916 καὶ
1488 4860 1727 4931 ἐλευθέρα

1853 4866 2075 4921 eosdem
2113 4866 2339 4937 angelos
2374 4868 2643 4923 dixissent
2675 4858 3041 4939 apparuissei
3086 4866 3171 4921 vel
3200 4880 3311 4920 una
3345 4871 3431 4917 at-

146 4954 318 5027 πάσης
348 4958 575 5030 λαδῆς;

1862 4972 1972 5028 que
2000 4956 2188 5012 eadem
2245 4959 2591 5028 apparitione
2636 4959 2753 5013 sive
2802 4959 3018 5013 visione
3053 4956 3122 5011 ab
3152 4955 3431 5009 universis

140 5050 304 5118 edita,
340 5052 498 5106 banc
533 5051 592 5105 in
623 5048 859 5106 diversis
899 5050 1241 5120 temporibus
1301 5048 1576 5105 accidisse
1642 5049 1936 5119 dixissent,
1993 5063 2048 5107 et
2096 5067 2204 5107 non
2250 5054 2416 5107 unius
2487 5054 2721 5123 quisque
2795 5051 3055 5123 temporis
3099 5049 3432 5104 mentionem

146 5140 443 5211 fecissent,
485 5143 880 5216 discrepantia
932 5143 1503 5214 atque'dissensionis
1558 5147 2038 5216 reprehensionem
2072 5149 2312 5221 ellugere
2371 5150 2617 5204 narratio
2688 5164 2795 5203 non
2825 5154 3030 5219 posset.
3089 5147 3185 5201 Sin
3248 5153 3432 5200 autem

141 5245 194 5291 et
224 5254 495 5309 personae
530 5247 588 5293 et
616 5251 867 5311 tempora
895 5237 1113 5296 diversa
1171 5239 1414 5303 fuerunt,
1451 5247 1505 5296 et
1555 5254 1749 5295 eorum
1827 5243 1922 5313 qui
1972 5252 2370 5314 apparuerunt,
2428 5243 2596 5298 facies
2645 5258 2754 5297 non
2814 5242 3057 5297 eaedem:
3114 5254 3238 5294 cum
3292 5236 3436 5292 Deus

146 5334 549 5404 compluribus
578 5333 756 5389 modis
785 5334 946 5389 tidem
974 5332 1155 5390 facere
1183 5335 1420 5389 voluerit
1478 5334 1789 5391 incredibili
1834 5339 2102 5394 miraculo
2134 5339 2591 5406 resurrectionis;
2619 5348 2673 5394 et
2695 5339 2837 5408 quod
2861 5352 3006 5392 unus
3066 5327 3433 5405 prazlerriiisit,

143 5426 285 5484 alius
312 5428 577 5484 historia
609 5437 934 5500 persecutus
960 5437 1046 5485 est
1078 5428 1415 5500 evangelista
1446 5447 1458 5483 :
1492 5428 1586 5499 qui
1634 5429 1747 5485 ﬁeri
1787 5440 1992 5503 potest,
2024 5444 2082 5489 ut
2130 5449 2240 5489 non
2295 5444 2406 5489 tota
2447 5434 2693 5487 narratio
2724 5447 2861 5503 pura
2913 5438 2967 5486 et
2999 5431 3067 5485 ab
3136 5430 3284 5485 omni
3354 5444 3439 5485 re-

143 5523 540 5588 prehensione
571 5524 741 5579 libera
769 5524 886 5580 sit?

224 5611 460 5689 Ἐπειδὴ
514 5615 578 5669 δὲ
622 5617 832 5671 πολλῶν
866 5617 1094 5689 Μαριῶν
1141 5620 1198 5672 ὲν
1247 5620 1358 5681 τοῖς
1403 5617 1723 5687 Εὑαγγελίοι

1934 5614 2207 5682 Quoniam
2235 5623 2418 5669 autem
2450 5613 2746 5668 multarum
2780 5612 3074 5668 alariarum
3114 5613 3167 5668 in
3196 5611 3440 5683 Evange-

142 5704 377 5775 φέρεται
427 5706 666 5778 μνήμη,
714 5710 862 5780 τρεῖς
916 5702 1053 5761 εἶναι
1094 5708 1191 5773 τὰς
1241 5710 1418 5772 πάσας
1466 5706 1722 5778 γινώσκει

1862 5709 1950 5765 liis
1982 5707 2187 5763 mentio
2215 5707 2294 5773 lit,
2327 5714 2438 5761 tres
2488 5719 2720 5767 numero
2775 5719 2966 5760 omnes
3015 5721 3141 5764 esse
3192 5712 3439 5762 statuere

217 5876 261 5909 ”
299 5878 514 5937 Matth.
560 5899 747 5953 xxvm,
782 5889 803 5943 l
836 5903 957 5959 sqq.
1034 5889 1080 5922 “
1113 5888 1264 5944 Joan.
1297 5894 1387 5944 iu.
1415 5890 1439 5943 l
1476 5903 1596 5959 sqq.
1676 5885 1720 5921 ⁹⁹
1753 5886 1888 5943 Luc.
1920 5901 2071 5954 xxiv,
2100 5885 2122 5940 Ι
2157 5900 2280 5957 sqq.
2363 5882 2408 5918 ⁸ο
2441 5880 2609 5939 Marc.
2648 5895 2764 5949 xvr,
2796 5881 2822 5934 1
2856 5896 2976 5955 sqq.
