3882 6428
483 473 584 530 647

1735 448 1792 506 S.
1829 438 2156 504 GREGORII
2190 438 2487 497 NYSSENI

3619 435 3765 494 653‘

479 587 747 643 debemus
775 601 790 639 :
823 595 961 654 quas
985 576 1226 635 Joannes
1249 571 1698 646 cornprclicnsim
1732 562 2066 626 numeravit,

2194 555 2490 627 icpeI‘Aottev,
2522 552 2587 617 ἃς
2612 554 2640 606 ὁ
2672 551 2922 623 Ἰωάννης
2944 550 3241 623 συλλήϐδην
3259 550 3522 624 ἠρίθμησε
3541 552 3704 623 φήσας·

483 691 609 733 cum
655 653 864 731 diceret
916 686 932 727 :
979 669 1209 729 Stabant
1256 677 1433 721 autem
1468 664 1633 733 juxta
1680 674 1888 713 crucem
1935 653 2066 709 Iesu

485 777 657 823 mater
688 768 827 832 ejus,
852 774 901 820 et
932 778 1087 820 soror
1111 761 1301 816 matris
1341 758 1479 826 ejus,
1516 753 1690 808 Maria
1724 748 1992 818 Cleophw,
2017 755 2067 800 et

486 858 669 915 Maria
701 855 1111 929 Magdalena".
1153 852 1287 907 Nam
1320 850 1543 904 Mariam
1579 843 1770 899 Jacobi
1819 850 1873 897 et
1925 839 2069 895 Josaa

486 960 717 1009 matrem
754 928 901 1021 apud
935 950 1073 1002 alios
1119 943 1489 1013 evangelistas
1538 936 1903 997 nominatam,
1942 928 2068 985 Dei-

488 1057 675 1115 param
703 1050 756 1096 et
788 1056 895 1094 non
928 1040 1091 1092 aliam
1124 1049 1246 1089 esse
1276 1033 1575 1087 credimus.
1609 1027 1877 1094 Quoniam
1922 1023 2067 1077 enim

488 1130 563 1183 ita
594 1126 923 1197 dispositum
973 1134 1030 1179 et
1073 1121 1406 1177 destinatum
1458 1126 1599 1180 erat,
1638 1124 1700 1171 ut
1734 1122 1790 1170 et
1848 1114 2069 1169 divinus

489 1232 684 1295 partus
716 1221 1160 1281 obumbraretur,
1206 1225 1262 1270 et
1297 1213 1672 1285 sanguinariis
1721 1208 1927 1265 Judaeis
1961 1222 2067 1261 non

489 1313 958 1375 manifestarctur,
1001 1308 1147 1380 quod
1189 1308 1337 1362 circa
1385 1306 1563 1376 ipsum
1608 1314 1976 1372 tempus,quo
2003 1297 2071 1351 ad

489 1407 691 1461 lectum
734 1402 977 1473 jngalem
1030 1399 1283 1455 ducenda
1334 1404 1492 1459 erat,
1542 1395 1694 1465 virgo
1739 1408 1803 1448 ex
1863 1390 2070 1461 Spiritu

488 1504 681 1555 sancto
715 1494 1067 1565 concepisset
1101 1511 1115 1547 :
1152 1486 1616 1561 quemadmodum
1651 1485 1874 1539 Litteris
1913 1496 2073 1536 man-

488 1587 677 1642 datum
716 1592 824 1648 est,
870 1582 1018 1654 quod
1064 1589 1120 1637 et
1162 1583 1249 1635 vir
1289 1577 1458 1649 hujus
1496 1584 1549 1632 ct
1601 1585 1757 1646 pater
1801 1572 1930 1628 Jesu
1959 1568 2075 1603 ³¹·³⁸

492 1688 719 1732 vocatus
755 1676 828 1731 sit
858 1673 1062 1744 Joseph
1109 1690 1122 1729 :
1156 1670 1343 1727 eodem
1391 1668 1554 1723 modo
1592 1665 1735 1721 Josa:
1789 1672 1843 1719 et
1886 1661 2075 1717 Jacobi

494 1770 730 1825 ﬁliorum
774 1765 979 1837 Joseph
1030 1763 1168 1820 fabri
1212 1779 1279 1819 cx
1318 1760 1597 1834 prioribus
1630 1758 1835 1829 nuptiis
1870 1766 1923 1811 ct
1967 1769 2079 1825 prae

494 1869 712 1916 mortua
758 1873 929 1913 uxore
982 1855 1245 1926 puerilem
1283 1862 1495 1909 aetatem
1563 1849 1840 1922 agentium
1901 1854 2079 1900 mater

2161 647 2570 715 Εἰστήκεισαν
2601 644 2670 699 δὲ
2702 644 2861 713 παρὰ
2899 643 2979 709 τῷ
3019 643 3261 712 σταυρῷ
3296 644 3403 697 τοῦ
3438 645 3640 713 Ἰησοῦ,
3677 650 3709 716 ἡ

2163 739 2363 810 μήτηρ
2397 738 2607 801 αὐτοῦ,
2644 739 2743 791 καί
2781 739 2820 807 ἡ
2865 737 3098 807 ἀδελφὴ
3139 737 3245 807 τῆς
3282 739 3503 807 μητρὸς
3535 741 3709 808 αὐτοῦ,

2167 835 2368 901 Μαρία
2405 834 2444 902 ἡ
2478 832 2586 887 τοῦ
2645 834 2887 901 Medea
2926 832 3021 885 καί
3068 831 3263 901 Μαρία
3287 831 3328 899 ἢ
3360 832 3707 900 Μαγδαληνή.

2168 924 2400 995 Μαριὰμ
2433 912 2542 993 γὰρ
2573 921 2673 991 τὴν
2712 920 2992 987 Ἰακώϐου,
3024 922 3119 977 καί⁵
3160 919 3315 992 Ἰωσῆ
3361 923 3561 994 μητέρα
3590 924 3715 992 παρᾶ

2168 1018 2284 1079 τοῖς
2318 1014 2500 1076 ἄλλοις
2533 1011 2947 1081 εὐαγγελισταίς
2994 1011 3405 1083 ὠνομασμένην,
3438 1013 3532 1084 τὴν
3557 1013 3717 1066 Θεοτό-

2183 1124 2278 1160 κον
2324 1102 2487 1168 εῖναι,
2517 1105 2609 1158 καὶ
2628 1105 2728 1158 οὐκ
2755 1104 2942 1174 ἀλλην,
2980 1104 3444 1175 πεπιστεύκαμεν.
3486 1104 3717 1176 Καθάπερ

2171 1196 2280 1267 γὰρ
2311 1195 2399 1250 διά
2441 1194 2540 1266 τὴν
2585 1194 2897 1265 οἰκονομίαν
2941 1195 3036 1249 καὶ
3085 1195 3164 1265 τῷ
3209 1193 3611 1266 ὲπισκιασθῆναι
3645 1196 3720 1250 τὸν

2173 1287 2314 1340 θεῖον
2357 1285 2514 1339 τόκον
2539 1323 2554 1348 ,
2599 1284 2691 1338 καὶ
2742 1284 2819 1355 μὴ
2871 1284 3251 1357 φανερωθῆναι
3299 1285 3412 1347 τοῖς
3456 1284 3721 1354 μιαιφόνοις

2188 1376 2463 1439 Ἰουδαίοις
2510 1376 2640 1447 παρ’
2692 1376 2823 1429 αὐτὸ
2878 1376 2939 1429 τὸ
2990 1361 3203 1446 μέλλειν
3249 1376 3341 1428 ἐπὶ
3382 1375 3478 1447 τὴν
3509 1376 3721 1430 παστάδα

2174 1470 2405 1540 ἄγεσθαι
2433 1468 2529 1540 τὴν
2556 1468 2833 1540 Παρθένον
2859 1470 2923 1522 ἐκ
2953 1468 3267 1540 Πνεύματος
3296 1467 3450 1538 ἁγίου
3482 1466 3722 1521 συλλαϐεῖν

2177 1562 2631 1633 ἀναγέγραπταιο
2685 1562 2762 1625 ὡς
2813 1560 2980 1633 ἄνδρα
3038 1560 3242 1631 ταύτης
3284 1560 3610 1633 χρηματίσαι
3650 1559 3724 1613 τὸν

2191 1654 2425 1726 Ἰωσὴφ,
2464 1654 2558 1708 καὶ
2593 1655 2807 1726 πατέρα
2851 1652 2943 1707 τοῦ
2987 1651 3161 1725 Ἰησοῦ
3189 1670 3203 1684 ο
3254 1653 3347 1707 τὸν
3380 1652 3536 1707 αὑτὸν
3558 1652 3725 1723 τρόπον

2177 1747 2272 1802 τοῦ
2314 1748 2473 1818 Ἰωσῆ
2504 1747 2599 1801 καὶ
2628 1745 2719 1801 τοῦ
2752 1746 3009 1800 Ἰακώϐου
3035 1746 3239 1799 παίδων
3266 1746 3436 1800 όντων
3463 1742 3553 1799 τοῦ
3578 1744 3726 1798 τέκτο-

2180 1855 2271 1902 νος
2304 1837 2523 1908 Ἰωσὴφ,
2550 1836 2807 1908 παιδικὴν
2834 1836 3076 1905 ἀγόντων
3114 1836 3213 1907 τὴν
3270 1835 3488 1906 ἠλικίαν
3525 1836 3584 1890 ὲκ
3617 1851 3728 1905 προ⁸

494 1951 728 2023 Deipara
758 1958 813 2006 et
845 1918 1228 2020 appellabatur
1281 1953 1337 2002 et
1368 1918 1797 2001 nominabatur:
1850 1941 1966 1995 haec
1997 1938 2073 2021 ni:

2194 1930 2546 2001 ηγησαμένων
2564 1928 2756 1999 γάμων
2785 1929 2879 1982 καὶ
2905 1927 3459 2000 προτετελευτηκυίας
3486 1926 3725 1997 γυναικός.

495 2042 694 2098 mirum
723 2043 1103 2097 obtrectantcs
1132 2039 1298 2095 etiam
1333 2035 1507 2092 Judaei
1542 2036 1609 2092 de
1657 2035 1950 2089 Servatore
1999 2031 2082 2085 di-

494 2136 732 2190 cebant:
770 2134 852 2187 An
885 2148 989 2187 non
1019 2132 1104 2187 hic
1134 2139 1215 2186 est
1253 2130 1400 2200 ﬁlius
1447 2127 1588 2199 fabri
1617 2129 1647 2182 ἶ)
1684 2125 1876 2180 Nonne
1915 2132 2084 2177 mater

494 2227 608 2295 ejus
636 2234 855 2280 vocatur
889 2222 1096 2290 Maria,
1121 2234 1171 2277 et
1200 2222 1395 2291 fratres
1439 2221 1553 2291 ejus
1588 2218 1847 2283 Iacobus,
1898 2225 1947 2271 et
1981 2214 2084 2269 Jo-

496 2333 599 2383 ses,
634 2326 682 2373 et
711 2316 921 2377 Simon.
955 2322 1006 2370 et
1050 2312 1224 2369 ludas
1248 2314 1337 2367 “‘2
1379 2314 1556 2382 Atque
1608 2310 1817 2364 idcirco
1845 2306 2086 2362 Joannes

497 2404 742 2477 quidem,
781 2414 842 2459 ut
872 2404 969 2475 qui
1002 2403 1177 2459 libere
1207 2402 1448 2458 divinam
1497 2399 1788 2456 historiam
1839 2396 2088 2451 conscri-

498 2500 679 2564 heretr
707 2512 852 2562 eam,
890 2511 1013 2567 qua:
1047 2496 1222 2552 stabat
1259 2495 1416 2565 juxta
1445 2504 1688 2558 crucem,
1733 2489 1787 2545 id
1830 2489 1975 2560 quod
2002 2502 2088 2543 re-

501 2593 618 2663 ipsa
649 2598 787 2655 erat,
841 2598 1071 2645 matrem
1114 2586 1244 2644 Jesu
1303 2585 1640 2656 appellavit:
1693 2581 1882 2637 caeteri
1944 2591 2077 2635 vero

498 2685 872 2756 evangelista,
905 2681 1000 2753 qui
1032 2680 1268 2736 multum
1300 2678 1450 2747 circa
1481 2672 1902 2745 dispositionem
1931 2669 2089 2725 labo-

502 2785 788 2842 raverunt,
809 2781 966 2830 certo
990 2772 1226 2829 consilio
1254 2780 1482 2824 matrem
1505 2781 1625 2823 eam
1651 2763 1842 2820 Jacobi
1874 2772 1929 2819 et
1947 2760 2092 2819 Josa:

500 2868 915 2939 appellaverunt
944 2865 965 2937 (
992 2863 1050 2919 hi
1100 2863 1247 2919 enim
1279 2858 1446 2932 primi
1498 2865 1674 2923 erant,
1720 2862 1776 2911 et
1823 2854 2089 2925 insignes,

502 2960 599 3015 lilii
646 2958 926 3029 Josepbi)
986 2957 1091 3011 hoc
1134 2961 1324 3025 aperte
1379 2950 1730 3022 signiﬁcante
1780 2946 2089 3018 Scriptura,

501 3048 654 3121 quod
707 3048 811 3104 hac
858 3046 1223 3117 dispositione
1272 3051 1328 3100 et
1377 3043 1721 3099 ordinatione
1768 3049 1930 3110 atque
1964 3036 2093 3093 inde

503 3145 768 3208 concepta
800 3136 1067 3208 opinione
1110 3136 1318 3205 absque
1357 3132 1605 3203 periculo
1633 3129 1801 3184 Maria
1847 3125 2092 3199 passioni

503 3230 733 3285 salutari
773 3230 1058 3284 intererat.
1081 3224 1216 3281 Nam
1246 3227 1294 3280 si
1313 3224 1510 3295 vulgus
1533 3238 1653 3278 eam
1679 3237 1804 3277 esse
1825 3220 2091 3290 virginem
2119 3260 2163 3319 C

504 3323 778 3387 Brivisset,
798 3322 1011 3393 perdita
1039 3320 1270 3376 forsitan
1293 3318 1490 3373 fuisset
1512 3315 1580 3371 ab
1628 3314 1831 3369 invidis
1865 3311 2091 3368 Iudaeis.

506 3411 769 3481 Reperias
802 3420 983 3467 autem
1017 3426 1138 3467 eam
1192 3410 1358 3466 etiam
1410 3408 1576 3463 unius
1630 3406 1801 3463 solius
1856 3404 2094 3459 filiorum

504 3506 732 3578 Josephi
772 3517 1001 3562 matrem
1037 3505 1180 3576 apud
1214 3502 1584 3575 evangelistas
1609 3500 1949 3555 nominatam
1974 3511 2099 3553 esse

506 3597 737 3654 Mariam
791 3598 1005 3663 Jacobi,
1056 3607 1109 3653 et
1155 3596 1382 3650 Mariam
1440 3595 1605 3651 Josae.
1646 3591 1865 3648 Marcus
1916 3599 2096 3646 autem

507 3691 695 3746 Jacobi
716 3692 890 3761 parvi,
915 3698 970 3747 et
996 3689 1140 3746 Josze
1165 3696 1395 3744 matrem
1425 3702 1545 3743 eam
1571 3687 1810 3757 vocavit,
1838 3683 2100 3755 quoniam

511 3783 651 3837 alter
679 3790 799 3836 erat
832 3781 1076 3837 Jacobus
1130 3780 1363 3851 Alphaei,
1404 3795 1638 3848 magnus
1688 3777 1921 3841 idcirco,
1971 3774 2100 3844 quia

512 3870 803 3928 duodecim
849 3872 1118 3942 apostolis
1151 3876 1590 3925 connumeratus
1630 3874 1773 3924 erat.
1806 3864 1944 3921 Nam
1975 3880 2104 3937 par-

513 3974 617 4018 vus
652 3976 763 4016 non
793 3968 912 4017 erat
936 3960 1005 4017 de
1036 3975 1271 4015 numero
1301 3973 1516 4016 eorum.

585 4223 663 4281 De
694 4223 789 4278 illo
822 4229 1009 4280 autem
1064 4221 1269 4293 aliquis
1325 4220 1579 4278 fortassis
1625 4218 1774 4277 haud
1831 4220 2108 4276 immerito

515 4316 924 4372 addubitaverit
953 4332 967 4370 :
1001 4329 1113 4386 quo
1152 4322 1315 4386 pacto
1344 4312 1608 4370 Servator
1639 4312 1930 4383 discipulis
1983 4328 2111 4382 par-

518 4413 615 4467 tim
652 4424 748 4480 per
781 4412 1027 4481 angelos,
1055 4411 1259 4482 partim
1295 4425 1399 4466 sua
1433 4410 1611 4481 ipsius
1638 4424 1776 4465 vocc
1807 4408 2108 4478 poliicitus,

518 4501 666 4571 quod
693 4500 977 4571 profectus
1010 4502 1065 4555 in
1086 4501 1366 4557 Galilaeam
1391 4502 1471 4557 eis
1493 4502 1852 4572 appariturus
1875 4499 2107 4565 esset“,

2187 2022 2371 2093 μήτηρ
2399 2024 2433 2090 ἡ
2458 2020 2721 2084 Θεοτάκος
2759 2019 3201 2092 προσηγορεύετό
3226 2036 3284 2073 τε
3313 2021 3409 2074 καὶ
3437 2017 3728 2089 ὠνομάζετο.

2184 2111 2371 2167 Ταῦτά
2412 2129 2494 2166 τοι
2546 2113 2642 2165 καὶ
2699 2109 3145 2183 βλασφημοῦντες
3186 2109 3332 2164 κατά
3378 2109 3471 2164 τοῦ
3519 2110 3729 2180 Σωτῆρος

2185 2203 2370 2275 ἔλεγον
2393 2206 2443 2258 οί
2477 2204 2719 2258 Ἰουδαῖοι
2746 2221 2760 2235 ο
2814 2207 2936 2274 Οὐχ
2970 2199 3150 2270 οὗτός
3178 2203 3354 2257 ἐστιν
3383 2205 3415 2257 d
3442 2200 3544 2255 τοῦ
3564 2200 3730 2254 τέκτο-

2185 2318 2293 2366 νος
2317 2302 2482 2367 υίός;
2526 2302 2640 2368 οὐχ
2672 2299 2712 2368 ἡ
2735 2298 2934 2369 μήτηρ
2957 2297 3145 2352 αὑτοῦ
3172 2299 3408 2364 λέγεται
3434 2296 3627 2363 Μαρία,
3654 2290 3731 2344 καί

2187 2394 2242 2448 oi
2267 2390 2517 2460 ἀδελφοί
2543 2386 2752 2454 αὐτοῦ,
2784 2388 3184 2456 Ἰάκωϐος-,καί
3220 2387 3412 2454 Ἱωσὴ,
3438 2385 3531 2439 καί
3553 2385 3730 2452 Σίμων,

2188 2484 2288 2540 καὶ
2325 2482 2594 2550 Ἰούδας;
2636 2481 2750 2537 Καὶ
2776 2481 2865 2536 διὰ
2908 2480 3068 2535 τοῦτο
3113 2482 3143 2533 ό
3192 2480 3292 2551 μὲν
3346 2479 3620 2549 Ἰωάννης,
3658 2474 3733 2527 καὶ

2190 2576 2344 2651 παρά
2371 2576 2449 2648 τῷ
2484 2574 2702 2647 σταυρῷ
2743 2575 3011 2639 ἑστῶσαν,
3043 2566 3133 2628 οἶα
3178 2572 3243 2645 δὴ
3293 2572 3434 2643 μετά
3466 2567 3733 2642 παρρησίας

2192 2666 2479 2741 θεολογῶν,
2506 2671 2569 2723 ὲκ
2596 2668 2696 2739 τῆς
2724 2666 2979 2737 ἀληθείας
3005 2664 3176 2733 αὐτῆς
3212 2664 3427 2735 μητέρα
3461 2660 3551 2716 τοῦ
3592 2654 3732 2728 Ἰησοῦ

2192 2762 2635 2836 προσηγόρευσεν
2661 2774 2676 2789 ⁸
2727 2760 2779 2814 οἱ
2809 2758 2865 2812 δὲ
2895 2758 3072 2811 λοιποὶ
3118 2755 3226 2810 τῶν
3263 2750 3648 2823 εὐαγγελιστῶν
3681 2747 3734 2800 τὰ

2192 2855 2366 2910 πολλά
2392 2872 2459 2908 πε
2468 2855 2521 2927 pl.
2539 2853 2638 2926 τὴν
2660 2850 2969 2923 οἰκονομίαν
2992 2848 3407 2921 ἀσχοληθέντες,
3427 2841 3734 2916 οίκονομικιῖς

2192 2949 2363 3021 αὐτὴν
2399 2949 2615 3020 μητέρα
2678 2943 2934 3001 Ἰακώϐου
2978 2943 3076 2998 καὶ
3129 2943 3286 3013 Ἰωσῆ
3335 2939 3734 3014 προσηγόρευσαν

2196 3033 2365 3115 (οὗτοι
2397 3040 2507 3112 γὰρ
2536 3035 2679 3111 ἦσαν
2710 3039 2760 3092 oi
2797 3032 3003 3109 πρῶτοι
3032 3035 3128 3091 καὶ
3171 3036 3438 3107 ἐπίσημοι
3478 3024 3736 3096 παίδεςτοῦ

2207 3133 2431 3203 Ἰωσήφ)
2448 3148 2463 3162 ·
2487 3131 2645 3184 τοῦτο
2674 3129 2961 3202 δηλοῦντος
2987 3126 3082 3182 τοῦ
3110 3127 3269 3197 λόγου
3303 3125 3509 3196 σαφῶς,
3534 3123 3606 3178 ὅτι
3629 3116 3737 3192 μετὰ

2194 3223 2399 3294 ταύτης
2427 3225 2525 3293 τῆς
2572 3222 2905 3292 οἰκονομίας,
2954 3218 3048 3273 καὶ
3091 3217 3191 3289 τῆς
3218 3216 3473 3271 ἐντεῦθεν
3510 3209 3737 3271 ὑπονοίας,

2196 3313 2493 3376 ἀκινδύνως
2517 3314 2552 3383 ἡ
2576 3311 2766 3382 Μαρία
2792 3309 2870 3382 τῷ
2898 3308 3150 3380 σωτηρίῳ
3172 3307 3340 3361 πάθει
3360 3305 3556 3379 παρῆν.
3582 3303 3637 3357 Et
3656 3298 3739 3369 γὰρ

2198 3404 2469 3477 παρθένος
2520 3402 2932 3472 ὑπεγινὼσκετο
2978 3404 3091 3466 τοῖς
3135 3400 3384 3464 πολλοῖς,
3425 3397 3526 3451 ὑπὸ
3550 3394 3644 3448 τῶν
3667 3391 3739 3462 βα·

2200 3497 2414 3551 σκάνων
2461 3486 2730 3571 Ἰουδαίων
2761 3488 3126 3548 ἁπὼλετοάν.
3167 3494 3327 3546 Ἐστι
3359 3492 3415 3545 δὲ
3438 3489 3596 3560 αὐτὴν
3621 3480 3739 3553 παρὰ

2198 3589 2313 3650 τοῖς
2359 3585 2774 3655 εὐαγγελισταῖς
2823 3585 2918 3639 καὶ
2960 3584 3053 3639 τοῦ
3084 3584 3200 3648 ἑνὸς
3240 3584 3406 3655 μόνου
3437 3582 3539 3636 τῶν
3577 3577 3741 3633 παίδων

2199 3677 2295 3732 τοῦ
2334 3677 2530 3749 Ἰωσὴφ
2556 3676 2953 3748 ὠνομασμένην
2986 3676 3165 3748 εὑρεῖν
3204 3674 3429 3748 Μαρίαν
3470 3675 3560 3747 τὴν
3594 3666 3741 3724 Ἰακώ-

2202 3771 2321 3837 ϐου,
2347 3771 2443 3824 καὶ
2469 3767 2687 3840 Μαρίαν
2714 3768 2812 3840 τὴν
2850 3768 3027 3838 Ἰωσῆ.
3077 3768 3134 3821 ’Θ
3161 3767 3217 3821 δὲ
3245 3768 3495 3839 Μάρκος,
3531 3756 3740 3817 Ἰακώϐου

2202 3861 2296 3915 τοῦ
2347 3859 2543 3932 μικροῦ
2584 3860 2679 3914 καὶ
2717 3858 2872 3929 Ἰωσῆ
2907 3858 3117 3931 μητέρα
3149 3858 3320 3930 αὐτὴν
3349 3855 3515 3921 εἶπεν,
3556 3852 3741 3916 ἐπείπερ

2190 3953 2272 4028 ’ἦν
2304 3956 2460 4021 ἄλλος
2502 3956 2755 4019 Ἰάκωϐος
2783 3957 2811 4009 ὁ
2836 3953 2928 4009 τοῦ
2970 3954 3248 4023 Ἁλφαίου.
3274 3953 3367 4006 διὰ
3398 3952 3548 4006 τοῦτο
3583 3944 3739 4018 μέγας.

2205 4050 2286 4104 ὅτι
2311 4053 2422 4113 τοῖς
2446 4046 2762 4110 ἀποστόλοις
2785 4049 2898 4109 τοῖς
2925 4045 3132 4100 δώδεκα
3166 4044 3553 4116 συνηρίθμητο.
3594 4038 3642 4091 Ὀ
3661 4032 3743 4104 γὰρ

2211 4139 2406 4210 μικρὸς
2430 4138 2531 4192 οὐκ
2554 4132 2623 4206 ἦν
2656 4137 2835 4201 αὐτοῖς
2864 4136 3200 4208 ἐναρίθμιος.

2293 4231 2500 4284 Ἐκεῖνο
2536 4229 2593 4284 δὲ
2630 4230 2697 4283 ἄν
2742 4245 2826 4292 τις
2864 4228 3092 4293 εἰκότως
3141 4228 3568 4298 ὲπαπορήσειεν,
3603 4211 3742 4278 πιῖιςὸ

2210 4322 2402 4394 Σωτὴρ
2443 4322 2818 4392 ὑποσχόμενος
2862 4324 2979 4385 τοῖς
3030 4319 3301 4391 μαθηταῖς
3324 4361 3339 4383 ,
3384 4317 3538 4371 τοῦτο
3565 4313 3650 4383 μὲν
3673 4305 3742 4359 καὶ

2210 4409 2299 4463 διᾶ
2319 4409 2425 4462 τῶν
2452 4411 2720 4479 ἀγγέλων,
2746 4410 2911 4463 τοῦτο
2935 4410 2992 4463 δὲ
3014 4411 3107 4464 καὶ
3134 4409 3222 4463 διὰ
3241 4409 3342 4480 τῆς
3363 4408 3561 4469 οἰκείας
3577 4399 3740 4471 φωνῆς·

2213 4504 2295 4558 ὅτι
2316 4505 2394 4566 είς
2428 4504 2528 4575 τὴν
2558 4504 2853 4559 Γαλιλαίαν
2890 4504 3220 4575 ἀφικόμενος
3263 4503 3583 4574 ὀφθήσεται,
3607 4492 3741 4563 ἐφάνη

521 4593 674 4647 visus
705 4594 778 4647 sit
825 4591 1187 4663 Jeroselymis
1215 4607 1435 4663 quoque
1463 4592 1799 4662 promissum
1822 4599 2086 4662 praestare

2216 4594 2315 4666 τὴν
2351 4594 2685 4663 ἐπαγγελίαν
2723 4595 2820 4648 καὶ
2865 4596 2925 4648 ὲν
2968 4592 3318 4664 Ἰερουσαλὴμ
3351 4589 3583 4664 πληρῶν.
3621 4578 3743 4640 Κατά

520 4685 657 4740 Nam
692 4686 996 4741 secundum
1048 4683 1254 4740 Lucam
1290 4685 1511 4757 quidem
1542 4687 1597 4742 in
1641 4688 1758 4758 ipsa
1782 4686 1873 4742 dic
1922 4703 2108 4742 resur-

522 4779 788 4834 rectionis
832 4777 968 4847 ipsis
996 4778 1251 4833 undecim
1283 4779 1633 4849 congregatis
1656 4779 1738 4833 ³⁶ε
1771 4786 1832 4833 ιιι
1863 4776 2106 4835 Joannes

522 4876 706 4924 autem
736 4869 948 4936 scribit,
975 4877 1029 4925 et
1057 4870 1112 4924 in
1148 4870 1252 4925 hoc
1284 4869 1424 4940 ipso,
1450 4880 1502 4924 ct
1534 4881 1729 4926 octavo
1760 4869 1850 4925 die
1883 4876 2110 4940 praestat

523 4961 919 5031 apparitionem
952 4969 1108 5017 stans
1177 4961 1232 5015 in
1264 4962 1446 5017 medio
1496 4974 1559 5016 ac
1601 4960 1828 5026 dicens,
1864 4960 1987 5015 Pax
2031 4977 2116 5016 vo-

525 5051 605 5107 bis
636 5054 702 5120 ⁸⁷,
735 5060 900 5124 atque
920 5055 1085 5108 etiam
1119 5053 1343 5107 Thomas
1382 5068 1443 5109 se
1472 5052 1929 5108 contrectandum
1975 5068 2115 5124 pras-

526 5146 681 5202 bens.
717 5147 917 5202 Verum
959 5147 1063 5201 hoc
1095 5146 1445 5203 liberalitatis
1477 5154 1532 5201 et
1578 5145 1936 5201 humanitatis
1970 5145 2113 5201 divi-

527 5238 639 5294 tias
666 5240 933 5306 ostendit,
973 5256 1079 5295 non
1113 5238 1389 5294 mendacii
1437 5239 1648 5293 crimen
1686 5238 1955 5293 continet.
1988 5238 2110 5291 Non

525 5333 673 5386 enim
709 5332 868 5401 dixit,
900 5333 960 5389 1n
991 5332 1215 5388 Galilzea
1245 5332 1515 5387 duntaxat
1562 5346 1649 5386 mc
1679 5331 1966 5396 videbunt,
2019 5344 2113 5385 ne-

529 5438 636 5491 que
653 5438 775 5482 verc
814 5425 1175 5496 ιοιοοεοιγιιιὶε
1206 5426 1384 5489 visus,
1408 5438 1517 5478 non
1546 5423 1801 5494 apparuit
1819 5422 1874 5476 in
1891 5420 2115 5477 Galilaea

533 5512 692 5567 sicuti
728 5517 1060 5584 promiserat
1088 5517 1240 5587 (hoc
1265 5516 1412 5573 enim
1452 5524 1601 5571 esset
1648 5531 1781 5571 suos
1827 5530 2116 5571 sermones

535 5604 704 5663 falsos
734 5607 965 5666 reddere
996 5609 1379 5681 mentiendo),
1409 5610 1505 5665 sed
1536 5609 1584 5664 si
1615 5617 1669 5665 et
1709 5610 1764 5663 in
1810 5608 2116 5665 Jerusalem

2218 4687 2318 4757 μὲν
2361 4685 2453 4740 τὸν
2490 4687 2707 4740 Λουκᾶν
2738 4687 2797 4738 ἐν
2826 4687 2965 4757 αὐτῇ
3000 4688 3067 4756 τῇ
3099 4685 3283 4757 ἡμέρᾳ
3318 4684 3421 4754 τῆς
3448 4677 3743 4737 ἀναστάσεως

2218 4779 2700 4850 συνηθροισμένοις
2720 4778 2839 4845 ,τοῖς
2863 4779 3057 4833 ἕνδεκα
3076 4795 3092 4811 ο
3128 4777 3268 4831 κατά
3297 4777 3353 4830 δὲ
3380 4776 3471 4830 τὸν
3520 4771 3741 4834 Ἰωάννην,

2214 4871 2310 4925 καὶ
2331 4873 2388 4924 ἐν
2421 4872 2558 4942 αὐτῇ
2590 4871 2685 4924 καὶ
2715 4871 2774 4924 ἐν
2800 4873 2866 4941 τῇ
2897 4868 3057 4941 ὀγδόῃ
3087 4868 3270 4941 ἡμέρᾳ
3297 4871 3526 4922 ποιεῖται
3543 4862 3629 4933 τὴν
3649 4861 3742 4911 ἑπι-

2160 5038 2165 5041 ,
2216 4966 2466 5035 φάνειανν
2495 4965 2625 5029 στὰς
2648 4969 2708 5019 ἐν
2737 4965 2907 5037 μέσῳ,
2933 4964 3029 5018 καὶ
3059 4962 3478 5032 λέγων,Είρήνη
3505 4955 3649 5028 ὑμῖν,
3673 4945 3743 5041 καὶ

2214 5056 2292 5130 τῷ
2324 5059 2495 5130 Θωμᾷ
2523 5057 2782 5131 ψηλαφᾷν
2808 5057 3044 5122 ἐνδιδοὺς
3065 5056 3273 5110 ἑαυτόν.
3308 5052 3468 5107 Ἀλλά
3488 5048 3629 5103 τοῦτο
3652 5038 3744 5131 φιλο

2221 5151 2513 5225 ανθρώπου
2549 5130 2865 5222 φιλοτιμίας
2911 5149 3137 5203 πλοῦτον
3184 5146 3526 5220 παρίστησιν,
3556 5139 3609 5194 ού
3641 5130 3742 5204 ψεύ-

2221 5224 2343 5309 δους
2377 5244 2489 5316 ἔχει
2524 5244 2881 5316 κατηγορίαν.
2912 5244 2987 5297 Οὐ
3020 5242 3130 5314 γὰρ
3178 5236 3352 5303 εἶπεν,
3415 5238 3501 5291 Ἐν
3524 5235 3583 5304 τῇ
3623 5224 3743 5280 Γαλι-

2222 5337 2351 5408 λαίᾳ
2379 5352 2448 5406 με
2477 5332 2697 5405 ὄψονται
2733 5334 2914 5406 μόνον,
2944 5333 3067 5388 οὔτε
3092 5332 3195 5404 μὴν
3228 5334 3283 5385 ὲν
3316 5324 3648 5401 Ἰερουσαλὴμ
3667 5329 3739 5383 φφ

2225 5427 2357 5492 νεὶς,
2395 5427 2495 5479 οὐκ
2527 5425 2683 5497 ὤφθη
2708 5425 2852 5479 κατὰ
2879 5427 2978 5497 τὴν
3012 5424 3301 5478 Γαλιλαίαν
3339 5422 3414 5485 ὡς
3437 5410 3743 5488 ἐπηγγείλατο

2230 5518 2249 5589 (
2282 5518 2437 5573 τοῦτο
2464 5518 2573 5589 γὰρ
2599 5515 2668 5589 ἦν
2690 5519 2751 5572 τὸ
2775 5519 2902 5583 τοὺς
2938 5517 3169 5582 οἰκείους
3200 5514 3496 5586 ψεύσασθαι
3539 5507 3697 5573 λόγους
3717 5502 3742 5551 )⁶

2230 5612 2279 5664 εί
2301 5611 2355 5665 δὲ
2382 5611 2477 5665 καὶ
2513 5611 2570 5664 ὲν
2614 5609 2970 5682 Ἰερουσαλὴμ
2998 5605 3502 5677 ἀποκεκλεισμένοις
3527 5602 3578 5653 ὲν
3602 5594 3744 5661 δωμα-

607 5814 648 5844 ³¹
678 5812 988 5892 ιοαηημ-κ,
1012 5818 1102 5874 25.
1180 5821 1301 5892 “1'?
1333 5821 1530 5882 Matth.
1563 5839 1672 5892 xw,
1707 5820 1807 5892 i9;
1839 5819 1974 5878 Luc.
2011 5837 2074 5892 tt,

2194 5861 2198 5876 .
2275 5821 2322 5854 "
2350 5820 2521 5878 Marc.
2556 5836 2632 5890 νι,
2656 5820 2708 5879 '5.
2786 5819 2832 5853 ³⁵
2863 5818 3058 5875 Matth.
3086 5831 3257 5884 nvn,
3288 5815 3341 5868 7.
3415 5806 3599 5863 “Luc.
3627 5804 3740 5852 33'"-

536 5880 607 5936 56
639 5899 761 5953 sqq.
840 5888 884 5920 "
912 5889 1074 5943 Joan.
1107 5907 1200 5951 xx.
1227 5891 1295 5946 21
1329 5906 1452 5963 sqq.
