3882 6476
168 499 252 565 659

1013 494 1080 550 IN
1120 492 1400 552 CHRISTI
1435 489 2077 550 RESURRECTIONEM
2116 491 2329 549 ORAT.
2366 491 2435 548 ll.

3289 485 3395 542 653

168 622 248 691 τίῳ
275 616 353 671 διὰ
382 613 465 670 τὸν
496 611 654 684 φόϐον
687 610 795 666 τῶν
835 608 1100 664 Ἰουδαίων
1140 607 1389 678 ἐπεφάνη
1418 606 1696 678 δεομένοις
1723 629 1737 668 λ

1839 612 2024 676 ropter
2053 614 2258 661 metum
2295 604 2609 661 Judaiorum
2657 601 2936 658 conclusis
2987 601 3044 656 in
3105 599 3393 658 domicilio

167 711 246 781 τῆς
269 705 418 763 αὑτοῦ
454 705 778 776 παρουσίας,
820 703 915 758 καὶ
942 701 1041 775 τὴν
1079 701 1416 771 ἐπαγγελίαν
1453 699 1704 772 ἐπλήρω-

168 818 243 854 σεν
264 803 315 854 ἐν
339 801 402 870 τῇ
425 797 682 868 Γαλιλαίᾳ
702 795 912 865 φανεὶς,
937 794 1199 862 ἐκφυγεῖν
1228 790 1344 845 ἔστι
1368 791 1552 844 πᾶσαν
1579 804 1704 844 κατ-

167 891 378 963 ηγορίαν,
410 888 692 960 ἀμφότερα
725 885 987 956 γινόμενα
1016 881 1417 955 φιλανθρώπως
1453 880 1572 952 ἅμα
1610 881 1705 934 καὶ

168 982 367 1054 ἀληθῶς.
416 982 566 1053 Ἐμοὶ
607 981 664 1035 δὲ
695 981 849 1034 δοκεί
875 978 1076 1050 πολλὴν
1109 976 1346 1048 ἔμφασιν
1371 974 1515 1046 ἔχειν
1543 973 1606 1028 τὸ
1631 973 1708 1026 εἱ-

167 1074 368 1148 ρημένον
397 1072 545 1145 παρὰ
574 1072 659 1145 τῷ
699 1071 970 1143 Ματθαίῳ
991 1069 1122 1140 περὶ
1153 1067 1265 1122 τῶν
1306 1066 1588 1139 μαθητῶν,
1621 1065 1706 1130 τὸ,

169 1168 279 1222 Ἵνα
295 1164 626 1219 ἀπέλθωσιν
637 1165 724 1230 είς
739 1163 856 1232 τὴν
869 1160 1230 1227 Γαλιλαίαν,
1249 1158 1425 1214 κάκεῖ
1433 1175 1512 1229 με
1531 1157 1709 1226 ὄψον·

166 1274 259 1312 ται.
303 1255 512 1310 Πολλῶν
551 1258 661 1328 γὰρ
708 1255 894 1318 αὐτοῖς
925 1252 1143 1307 ἔσεσθαι
1184 1250 1538 1322 ἐπιφανειῶν,
1572 1248 1712 1320 πρὸς

168 1350 274 1420 μίαν
301 1349 371 1414 ὡς
414 1349 689 1420 ἐξαίρετον
737 1347 892 1420 παρὰ
934 1347 1033 1412 τὰς
1077 1345 1243 1412 άλλας
1289 1344 1591 1400 ἀποϐλέπει
1643 1340 1712 1396 τὰ

166 1441 244 1511 τῆς
261 1441 596 1510 ἐπαγγελίας,
619 1440 744 1495 καθ’
759 1440 826 1513 ἦν
854 1439 1078 1512 ἔμελλεν
1105 1439 1289 1501 αὐτοῖς
1317 1436 1410 1490 ἐπὶ
1430 1435 1526 1490 τοῦ
1552 1435 1711 1506 ὅρους

167 1531 488 1604 φανήσεσθαι.
507 1531 643 1586 Τότε
661 1530 768 1602 γὰρ
789 1527 1249 1602 προσεληλυθόσιν
1265 1525 1414 1597 αὐτῷ
1429 1527 1525 1579 καὶ
1545 1539 1714 1596 προσ-

169 1622 500 1695 κεκυνηκόσι,
544 1621 707 1677 τινῶν
751 1619 1200 1694 ἀμφιϐαλλόντων
1224 1660 1239 1685 ,
1287 1619 1404 1688 μετ’
1463 1615 1712 1682 ἐξουσίας

166 1713 249 1783 ἔφη
279 1712 625 1785 θεοπρεποῦς,
666 1713 876 1783 Ἐδόθη
902 1729 1005 1783 μοι
1031 1709 1202 1768 πᾶσα
1219 1709 1474 1776 ἐξουσιά
1500 1709 1570 1763 ἐν
1611 1709 1714 1763 οὐ·

161 1804 296 1870 ρανῷ
322 1807 416 1860 καὶ
445 1807 548 1861 ἐπὶ
587 1804 720 1876 γῆς.
757 1807 826 1860 Ἀ
853 1806 964 1878 γὰρ
995 1799 1110 1876 εἶχε
1145 1801 1392 1874 φυσικῶς
1424 1801 1500 1866 ὡς
1533 1799 1667 1865 Θεὸς
1695 1841 1710 1866 ν

166 1893 313 1948 ταῦτα
351 1895 568 1966 λέγεται
611 1896 915 1969 λαμϐάνειν
957 1898 1034 1962 ὡς
1077 1895 1372 1967 γενόμενος
1425 1892 1715 1966 ἄνθρωπος

1807 697 2160 768 adventuque
2189 707 2245 753 et
2272 695 2568 768 praesentia
2603 708 2704 750 sua
2737 709 2878 766 opus
2925 692 3255 749 habentibus
3300 708 3399 763 ap-

1803 790 2012 861 paruit,
2044 797 2098 846 et
2129 789 2462 860 promissum
2495 786 2749 858 prmstitit
2809 786 2868 840 in
2906 783 3128 840 Galilaea
3177 799 3397 857 quoque

1806 880 1983 947 visus,
2020 895 2148 936 cum
2177 887 2412 950 utraque
2441 879 2676 949 benigne
2718 877 2879 947 juxta
2922 889 2988 930 ac
3025 891 3150 932 vere
3181 875 3400 931 accide-

1807 972 1940 1040 rint,
1970 970 2208 1043 eﬂ'ugere
2235 971 2364 1026 licet
2395 985 2612 1025 omnem
2646 969 3110 1024 criminationem.
3135 966 3268 1022 Mihi
3303 981 3401 1022 au~

1808 1071 1919 1121 tem
1952 1079 2202 1136 magnam
2238 1079 2303 1119 ac
2349 1064 2608 1119 latentem
2643 1063 2864 1118 videtur
2910 1061 2966 1117 in
3005 1076 3066 1118 se
3119 1061 3403 1117 continere

1813 1154 2297 1224 signiﬁcationem,
2325 1153 2469 1224 quod
2511 1153 2659 1222 apud
2700 1152 3014 1208 Matthaaum
3055 1151 3265 1207 dictum
3315 1161 3404 1206 est

1809 1246 1880 1304 de
1909 1247 2221 1315 discipulis,
2258 1261 2476 1316 nempe,
2504 1245 2571 1299 Ut
2598 1245 2791 1299 abeant
2824 1245 2880 1298 in
2911 1242 3215 1310 Galilwam,
3247 1253 3404 1312 atque

1810 1340 1884 1395 ibi
1919 1356 2000 1396 me
2046 1338 2372 1394 videbunt”.
2412 1339 2547 1393 Cum
2575 1338 2721 1394 enim
2748 1338 2993 1392 futurum
3020 1344 3188 1402 esset,
3220 1344 3280 1390 ut
3304 1339 3407 1391 sa:-

1811 1433 1938 1504 pius
1970 1434 2054 1490 eis
2088 1440 2399 1505 appareret,
2427 1431 2494 1486 ad
2544 1445 2708 1485 unam
2745 1438 3008 1501 tanquam
3068 1432 3404 1500 prtecipuam

1811 1536 1868 1582 et
1899 1531 2100 1596 praeter
2129 1535 2360 1580 caeteras
2404 1522 2660 1578 eximiam
2705 1521 3105 1592 apparitionem
3155 1528 3408 1591 spectant

1811 1617 1978 1673 verba
2028 1616 2433 1687 promissionis,
2463 1615 2621 1686 juxta
2667 1628 2833 1686 quam
2884 1612 3238 1684 appariturus
3287 1621 3409 1666 erat

1809 1710 1891 1766 eis
1928 1709 1981 1764 in
2014 1717 2219 1766 monte.
2249 1707 2397 1774 Nam.
2426 1716 2560 1763 tunc
2589 1722 2716 1763 cum
2769 1707 3140 1762 accessissent
3187 1712 3243 1760 et
3274 1704 3410 1760 ado-

1813 1810 2034 1858 rassent
2065 1817 2230 1869 eum,
2270 1801 2603 1873 quibusdam
2649 1799 3077 1871 ambigentihus,
3131 1813 3258 1853 cum
3311 1812 3413 1852 au-

1813 1894 2073 1950 ctoritate
2120 1893 2281 1964 plena
2328 1891 2636 1963 majestatis
2683 1891 2883 1947 divina:
2915 1890 3056 1946 dixit
3096 1911 3108 1947 :
3151 1890 3296 1945 Data
3331 1897 3413 1945 est

161 1986 505 2057 οἰκονομικῶς.
539 1987 634 2041 Διὸ
669 1989 762 2042 καὶ
790 1987 942 2056 ἔλεγε
957 2002 972 2018 ⁸
994 1987 1267 2053 Δόξασόν
1279 2002 1356 2056 με
1379 1983 1484 2046 σὺ,
1506 1981 1720 2051 Πάτερ,

1839 1986 1954 2042 sti/ii
1981 1994 2216 2052 potestas
2244 1986 2416 2041 omnis
2440 1985 2497 2040 in
2527 1989 2658 2038 caelo
2683 1991 2732 2038 et
2751 1983 2806 2037 in
2838 1992 2984 2038 terra
2999 1983 3064 2037 ".
3123 1980 3259 2058 Nam
3291 1999 3413 2052 qua:
3494 1999 3498 2004 '

161 2077 296 2146 παρὰ
317 2078 548 2146 σεαυτῷ
584 2079 660 2150 τῇ
704 2079 883 2150 δόξῃ,
923 2072 964 2154 ᾖ
993 2077 1164 2151 εἶχον
1199 2078 1315 2149 πρὸ
1349 2077 1456 2134 τοῦ
1483 2077 1589 2132 τὸν
1619 2077 1724 2130 κό-

161 2187 298 2240 σμον
319 2169 466 2228 εἶναι
498 2174 665 2242 παρὰ
692 2175 816 2228 σοί.
857 2174 921 2228 Ei
951 2173 1060 2244 γὰρ
1093 2171 1169 2244 μὴ
1199 2166 1345 2242 εἶχεν
1377 2169 1549 2236 αὐτὴν
1585 2167 1722 2222 ἰδίαν

163 2260 229 2324 ὼς
253 2261 407 2328 Θεὸς,
448 2264 560 2318 τῶν
595 2263 876 2318 ἀδυνάτων
901 2260 971 2336 ἦν
1001 2262 1166 2318 αὐτὸν
1196 2260 1424 2333 ταύτην,
1465 2259 1542 2324 ὡς
1569 2258 1724 2314 ἀλλο-

161 2351 292 2422 τρίαν
307 2353 511 2422 λαϐεῖν,
545 2354 645 2408 τοῦ
674 2354 810 2409 Θεοῦ
841 2355 936 2410 καὶ
964 2354 1178 2427 Πατρὸς
1201 2351 1291 2407 διὰ
1317 2351 1413 2406 τοῦ
1434 2352 1725 2424 Προφήτου

158 2440 401 2512 λέγοντος,
431 2445 556 2517 Τὴν
583 2446 774 2512 δόξαν
802 2466 921 2519 μου
948 2447 1131 2517 ἑτέρῳ
1163 2448 1237 2502 οὺ
1259 2444 1454 2500 δώσω.
1480 2444 1592 2498 Kal.
1613 2443 1729 2497 ἐπι-

158 2535 290 2606 φέρει
311 2536 492 2594 λοιπὸν
515 2537 591 2593 τὰ
613 2539 862 2612 ῥήματα,
882 2539 948 2595 δι’
978 2535 1056 2596 ὧν
1085 2537 1310 2611 ἔμελλον
1339 2537 1440 2608 τὴν
1466 2535 1726 2608 οἰκουμέ-

159 2644 240 2697 νην
274 2629 397 2700 ὅλην
426 2631 783 2704 σαγηνεύειν,
815 2633 910 2688 καὶ
942 2633 1002 2687 ἐν
1047 2625 1130 2695 οἷς
1160 2633 1308 2685 ἐστιν
1353 2629 1499 2685 ἆπαν
1539 2627 1602 2682 τὸ
1630 2628 1729 2700 τῆς

159 2719 412 2787 εὐσεϐείας
449 2725 776 2797 μυστήριον.
813 2722 1213 2792 Πορευθέντες
1265 2719 1398 2792 γὰρ,
1432 2717 1588 2790 φησὶ,
1614 2733 1729 2787 μα-

159 2814 461 2880 θητεύσατε
481 2814 691 2872 πάντα
717 2815 790 2871 τὰ
807 2816 976 2884 ἔθνη,
990 2813 1385 2883 βαπτίζοντες
1403 2810 1628 2876 αὐτοὺς
1645 2810 1732 2875 εἰς

161 2900 216 2956 τὸ
234 2902 409 2975 ὄνομα
429 2907 539 2963 τοῦ
573 2907 826 2978 Πατρὸς,
854 2907 953 2962 καὶ
984 2907 1091 2962 τοῦ
1120 2905 1281 2968 Υίοῦ,
1301 2905 1401 2960 καὶ
1425 2905 1532 2960 τοῦ
1555 2903 1731 2975 ἁγίου

159 2995 507 3066 Πνεύματος,
550 2998 949 3066 διδάσκοντες
1007 2997 1232 3066 αὐτοὺς
1281 2995 1484 3066 τηρεῖν
1533 2993 1734 3049 πάντα

158 3086 262 3143 ὅσα
292 3089 691 3162 ἐνετειλάμην
720 3091 881 3162 ὑμῖν.
933 3091 1046 3146 Kal.
1077 3088 1405 3164 προστίθησι
1433 3087 1624 3143 λοιπὸν
1661 3083 1732 3138 τὰ

160 3179 210 3233 τὺ
231 3181 377 3248 τέλος
409 3184 522 3238 τῶν
573 3183 841 3255 ῥημάτων
873 3183 1079 3239 τούτων
1121 3185 1217 3239 καὶ
1243 3183 1344 3256 τὴν
1373 3182 1600 3236 ἔκϐασιν
1635 3181 1732 3248 ἐγ-

161 3272 416 3346 γυώμεναο
444 3276 563 3332 Καὶ
597 3275 727 3331 ίδοὺ
758 3275 874 3348 ἐγὼ
897 3279 1025 3347 μεθ’
1055 3276 1225 3348 ὑμῶν
1250 3278 1367 3347 εἰμι
1389 3275 1594 3340 πάσας
1626 3273 1737 3338 τὰς

1827 2081 2158 2136 naturaliter
2213 2078 2453 2135 habebat
2503 2085 2767 2148 tanquam
2810 2074 2993 2142 Deus,
3051 2075 3170 2131 base
3215 2075 3416 2131 dicitur

1823 2171 2080 2243 accipere
2138 2178 2403 2242 tanquam
2476 2169 2642 2224 homo
2707 2175 2860 2224 certo
2920 2167 3156 2224 consilio
3210 2166 3410 2224 factus.

1827 2263 2192 2332 Quamobrem
2241 2263 2409 2320 etiam
2446 2261 2708 2318 dicebat:
2757 2257 3017 2330 Gloriﬁca
3065 2276 3169 2328 me,
3225 2260 3414 2326 Pater,

1828 2356 1972 2428 apud
2008 2357 2340 2427 temetipsum
2373 2355 2570 2426 gloria,
2609 2369 2773 2424 quam
2818 2351 3077 2409 habebam
3131 2361 3417 2423 antequam

1829 2450 2059 2506 mundus
2088 2459 2226 2506 esset
2253 2447 2397 2520 apud
2425 2457 2474 2504 te
2505 2447 2572 2501 ‘°.
2602 2445 2722 2504 Nisi
2760 2446 2907 2503 enim
2961 2446 3106 2502 hanc
3138 2447 3420 2518 propriam

1832 2542 2078 2608 haberet,
2113 2550 2172 2596 ut
2215 2540 2386 2605 Deus,
2423 2539 2539 2596 tieri
2575 2553 2688 2595 non
2739 2547 2951 2610 posset,
3007 2545 3070 2593 ut
3117 2552 3239 2593 eam
3292 2545 3420 2592 tan-

1831 2651 1998 2708 quam
2030 2637 2266 2692 alienam
2300 2634 2596 2705 acciperet,
2630 2632 2742 2689 Deo
2766 2641 2822 2688 ct
2848 2630 3014 2688 Patre
3053 2647 3152 2702 per
3184 2632 3423 2702 pr0plie~

1832 2737 1942 2782 tam
1979 2725 2225 2782 dicente:
2257 2724 2502 2780 Gloriam
2529 2739 2701 2777 meam
2729 2721 2886 2776 alteri
2929 2738 3033 2776 non
3063 2720 3202 2775 dabo
3227 2719 3296 2774 “.
3342 2721 3423 2774 Ac
3501 2723 3508 2727 '

1837 2817 2037 2876 deinde
2067 2816 2320 2888 adjungit
2349 2815 2539 2882 verba,
2569 2814 2771 2886 quibus
2797 2820 2974 2870 totum
3022 2812 3211 2869 orbem
3243 2822 3389 2868 terra
3407 2843 3424 2854 -

1833 2924 1956 2965 rum
1979 2908 2288 2964 habitatum
2309 2906 2526 2978 capturi
2555 2913 2611 2962 et
2627 2905 2786 2977 quasi
2803 2904 3070 2962 irretituri
3085 2911 3337 2973 erant,et
3368 2904 3425 2960 in

1834 3004 2035 3076 quibus
2062 3003 2316 3060 consistit
2334 3002 2654 3058 universum
2671 3001 2995 3073 mysterium
3015 3001 3254 3072 pietatis.
3284 2999 3428 3055 Eun-

1838 3109 1913 3154 tes
1937 3096 2108 3164 enim,
2138 3095 2341 3168 inquit,
2365 3094 2546 3150 docete
2561 3109 2739 3150 omnes
2765 3103 2965 3165 gentes,
2989 3093 3317 3162 baptizantes
3340 3108 3428 3148 eos

1835 3191 1892 3245 in
1914 3190 2122 3245 nomine
2137 3187 2343 3256 Patris,
2359 3197 2410 3242 et
2439 3185 2599 3253 Filii,
2622 3196 2672 3242 et
2694 3184 2929 3256 Spiritus
2961 3187 3154 3252 sancti,
3186 3185 3429 3242 docentes

1837 3296 1927 3337 eos
1963 3297 2174 3337 servare
2215 3280 2418 3345 omnia,
2461 3295 2580 3351 qua:
2607 3279 2834 3349 praecepi
2879 3279 3026 3334 vobis
3047 3278 3115 3334 δ’.
3153 3279 3234 3334 Ac
3275 3277 3432 3334 dein-

159 3367 381 3438 ὴμέρας,
419 3369 534 3438 ἕως
577 3369 693 3440 τῆς
727 3370 1087 3438 συντελείας
1119 3369 1226 3424 τοῦ
1257 3366 1500 3434 αἰῶνος.
1533 3365 1737 3437 Ἀμήν.

1843 3387 1976 3444 ceps
2013 3372 2203 3444 adjicit
2235 3386 2301 3427 ea
2350 3371 2555 3442 quibus
2587 3370 2753 3426 ﬁnem
2794 3371 2993 3428 horum
3033 3371 3327 3428 verborum
3379 3379 3436 3428 et

161 3463 248 3515 Διά
278 3463 449 3518 ταῦτα
519 3464 716 3532 ἐλεγεν
739 3478 755 3492 °
811 3462 1240 3533 Ἀπαγγείλατε
1280 3459 1406 3527 τοῖς
1452 3456 1742 3528 άᾶιλφοῖς

159 3568 281 3620 μου,
319 3556 420 3610 ἵνα
445 3554 805 3612 ἀπέλθωσιν
825 3553 914 3618 είς
939 3551 1054 3620 τὴν
1083 3548 1445 3612 Γαλιλαίαν,
1469 3545 1644 3602 κάκεῖ
1664 3562 1743 3616 με

159 3642 418 3712 ὄψονται.
458 3647 618 3721 Πρὸς
647 3644 852 3715 ταύτην
881 3643 981 3715 τὴν
1017 3641 1163 3713 ὄψιν,
1189 3641 1266 3705 ὡς
1305 3639 1442 3693 ἰδίαν
1479 3635 1604 3692 τινὰ
1648 3635 1744 3690 καὶ

158 3734 437 3810 ὲξαίρετον,
469 3739 550 3803 ὡς
578 3737 739 3809 ἔφην,
769 3733 1211 3806 ἀποτεινόμενος,
1240 3731 1310 3803 ἣν
1335 3730 1522 3794 αὐτοῖς
1543 3728 1746 3801 μᾶλλον

160 3829 243 3881 καί
267 3831 328 3884 δι’
355 3831 572 3905 ἐτέρων
610 3827 875 3902 ῥημάτων
906 3827 1272 3899 προεμήνυεν,
1309 3822 1348 3878 ὃ.
1370 3824 1484 3886 τοῖς
1515 3822 1748 3891 εὐαγγε-

158 3918 308 3987 λικοῖς
336 3925 676 3996 γράμμασιν
716 3922 819 3976 οὐκ
847 3919 1173 3992 ἐμφέρεται.
1226 3915 1290 3970 El
1318 3914 1430 3988 γὰρ
1467 3914 1542 3986 μὴ
1585 3913 1748 3967 τοῦτο

159 4004 234 4080 ἦν,
262 4014 360 4068 οὐκ
388 4015 455 4070 ἂν
478 4011 645 4068 εἶπεν
673 4014 702 4066 ὁ
732 4009 1014 4074 Ματθαῖος
1033 4025 1048 4038 '
1074 4010 1140 4063 Ol
1157 4005 1227 4062 δὲ
1250 4005 1466 4061 ἕνδεκα
1489 4001 1751 4074 μαθηταί

155 4103 580 4178 ἐπορεύθησαν
619 4107 711 4172 είς
747 4103 867 4173 τὴν
896 4101 1238 4158 Γαλιλαίαν
1261 4101 1352 4166 εὶς
1385 4097 1450 4153 τὸ
1483 4097 1644 4168 ὄρος,
1666 4091 1740 4153 οὗ

158 4195 396 4263 ἐτάξατο
416 4196 638 4265 αὐτοῖς
664 4197 697 4251 ό
725 4193 986 4262 Ἰησοῦς·
1011 4191 1251 4264 οὐδαμοῦ
1274 4189 1385 4244 τῶν
1400 4187 1752 4258 Εὐαγγελίων

160 4289 244 4343 ἐπὶ
264 4290 356 4345 τοῦ
382 4292 555 4364 ὅρους
585 4286 964 4359 ὑποσχομένου
996 4282 1091 4338 τοῦ
1124 4281 1332 4354 Κυρίου
1356 4279 1629 4334 ποιεῖσθαι
1651 4279 1752 4348 τὴν

161 4379 499 4449 ἐπιφάνειαν.
553 4379 715 4435 Ἐπεὶ
743 4377 852 4450 πρὸ
894 4375 1104 4445 ταύτης
1137 4373 1239 4444 τῆς
1270 4371 1401 4436 θέας
1440 4368 1542 4440 τῆς
1582 4370 1641 4423 ἐν
1674 4367 1756 4441 τῷ

159 4470 265 4543 ὄρει
285 4515 302 4540 ,
341 4475 438 4530 καὶ
485 4475 590 4527 ἐπὶ
614 4470 717 4544 τῆς
755 4469 1028 4541 θαλάττης
1056 4468 1240 4531 αὐτοῖς
1272 4465 1375 4536 τῆς
1409 4462 1753 4535 Τιϐεριάδος,

161 4560 272 4630 ῆτις
307 4564 429 4618 ἐστὶ
475 4565 587 4636 τῆς
631 4560 947 4624 Γαλιλαίας,
981 4560 1156 4630 ἐφάνη
1187 4557 1280 4611 τὸν
1326 4553 1561 4628 ἀριθμὸν
1596 4549 1758 4608 ὀὖσιν

1842 3474 2100 3522 eventum
2136 3465 2392 3536 spondet.
2439 3464 2507 3518 Et
2531 3481 2646 3520 ecce
2687 3480 2782 3534 ego
2813 3463 3085 3518 vobiscum
3113 3480 3232 3518 sum
3263 3464 3437 3518 omni-

1846 3556 1943 3611 bus
1975 3554 2162 3610 diebus
2185 3570 2351 3625 usque
2371 3554 2441 3608 ad
2472 3554 2984 3609 consummationem
3003 3553 3209 3608 swculi.
3231 3553 3426 3606 Amen.

1845 3647 2144 3717 Propterea
2195 3646 2417 3702 dicebat
2467 3665 2480 3702 :
2537 3644 2857 3700 Renuntiate
2899 3644 3159 3714 fratribus
3208 3645 3338 3700 meis
3378 3657 3436 3700 ut

1848 3741 2039 3796 abeant
2068 3740 2124 3793 in
2173 3737 2482 3803 Galilaeam,
2530 3749 2688 3808 atque
2731 3735 2806 3792 ibi
2861 3753 2943 3792 me
2975 3735 3224 3792 videbunt
3244 3737 3311 3792 ”.
3353 3739 3438 3794 Ad

1851 3831 1996 3886 hanc
2053 3829 2484 3900 apparitionem,
2516 3834 2781 3898 tanquam
2818 3827 3101 3899 propriam
3141 3829 3438 3899 quamdam

1850 3931 2016 3995 atque
2047 3921 2401 3993 praecipuam,
2427 3929 2500 3976 .ut
2529 3919 2666 3987 dixi,
2699 3921 3038 3991 respiciens:
3067 3935 3234 3992 quam
3267 3922 3444 3993 magis

1851 4016 2015 4072 etiam
2049 4014 2133 4071 eis
2164 4029 2262 4085 per
2297 4013 2404 4067 alia
2436 4012 2604 4068 verba
2643 4011 3009 4084 praedixerat,
3041 4029 3165 4085 quae
3199 4013 3256 4068 in
3286 4029 3426 4070 evar.

1852 4109 2045 4182 gelicis
2076 4108 2303 4180 scriptis
2339 4123 2452 4164 non
2487 4107 2863 4163 continentur.
2899 4105 3016 4164 Nisi
3049 4109 3196 4163 enim
3233 4108 3336 4163 hoc
3370 4111 3445 4163 ita

1853 4206 2022 4264 esset,
2050 4213 2164 4253 non
2196 4198 2432 4255 dixisset
2466 4195 2758 4253 Matthaaus
2785 4216 2799 4252 :
2829 4195 3084 4251 Undecim
3112 4204 3288 4259 autem
3319 4214 3447 4266 apo-

1855 4291 1982 4345 stoli
2016 4290 2263 4346 abierunt
2287 4291 2346 4344 in
2375 4289 2684 4355 Galilaeam,
2725 4291 2784 4344 in
2827 4299 3059 4344 montem
3094 4291 3185 4344 ubi
3245 4293 3448 4346 consti-

1858 4389 2032 4434 tuerat
2086 4379 2163 4433 eis
2200 4376 2359 4433 Jesus
2380 4377 2466 4432 ’διε
2523 4393 2649 4433 cum
2696 4393 2973 4449 nusquam
3024 4379 3081 4434 in
3137 4379 3449 4453 Evangeliis

1857 4471 2140 4543 pollicitus
2177 4470 2252 4526 sit
2287 4468 2553 4526 Dominus
2603 4471 2660 4524 in
2707 4481 2892 4528 monte
2920 4486 2979 4528 se
3004 4471 3281 4529 iacturum
3328 4489 3453 4532 esse

1858 4563 2282 4636 apparitionem.
2315 4559 2451 4616 Nam
2479 4572 2608 4618 ante
2638 4563 2784 4617 hanc
2807 4564 3212 4635 apparitionem
3241 4583 3366 4639 qua:
3395 4568 3452 4624 in

162 4651 294 4710 ἑπτά
316 4673 331 4686 ο
373 4656 586 4726 Πέτρῳ
632 4653 729 4708 καὶ
779 4653 987 4724 Θωμᾷ,
1024 4651 1120 4705 καλ⁸
1157 4648 1487 4721 Ναθαναὴλ,
1523 4646 1618 4702 καὶ
1642 4648 1737 4707 τοῖς

1861 4665 2048 4713 monte
2081 4655 2309 4721 accidit,
2341 4655 2507 4710 etiam
2542 4655 2610 4712 ad
2661 4671 2816 4713 mare
2856 4673 3082 4730 quoque
3118 4659 3455 4728 Tiberiadis,

164 4748 292 4812 υἱοῖς
337 4748 640 4803 Ζεϐεδαίου
663 4787 678 4812 ,
725 4746 822 4801 καὶ
849 4745 1031 4808 ἄλλοις
1079 4744 1175 4798 δύο
1206 4742 1314 4797 τῶν
1347 4740 1630 4814 μαθητῶν,
1679 4739 1758 4804 ὡς

175 4836 423 4914 Ἰωάννης
446 4838 818 4912 συνέγραψεν.
853 4838 1013 4892 Ἀλλὰ
1040 4837 1178 4909 πρὸς
1201 4837 1262 4890 τὸ
1277 4835 1404 4907 ὅρος
1424 4834 1756 4897 ἀπέϐλεπεν,

169 4927 243 4981 οὗ
259 4933 520 4999 ἐτάξατο
545 4933 754 4998 αὐτοῖς
773 4935 804 4986 ό
820 4931 1072 5000 Ἰησοῦς,
1095 4931 1178 4996 τὸ,
1195 4928 1380 4985 Κάκεῖ
1387 4945 1463 4998 με
1485 4927 1760 4997 ὄψονται,

167 5014 360 5093 δηλαδὴ
395 5025 737 5098 θεοπρεπῶς
775 5021 1182 5094 ἐντελλόμενος,
1221 5020 1620 5090 Πορευθέντες
1651 5033 1766 5090 μα..

166 5112 499 5178 θητεύσατε
518 5118 719 5172 πάντα
737 5117 809 5171 τὰ
832 5117 1000 5183 ἔθνη,
1023 5113 1417 5181 βαπτίζοντες
1434 5111 1656 5177 αὐτοὺς
1677 5113 1768 5178 είς

166 5202 227 5257 τὸ
252 5204 449 5277 ὄνομα
478 5205 596 5260 τοῦ
629 5208 861 5277 Πατρός
887 5208 987 5262 καὶ
1017 5206 1124 5261 τοῦ
1160 5204 1299 5260 Υίοῦ
1329 5204 1430 5260 καὶ
1459 5205 1565 5260 τοῦ
1592 5205 1768 5274 ἁγίου

166 5297 541 5369 Πνεύματος.
573 5299 684 5353 Kal.
719 5300 828 5372 γὰρ
860 5300 979 5354 οὐδὲ
1017 5299 1126 5354 ἀπὸ
1166 5297 1371 5353 σκοποῦ
1418 5315 1510 5368 μοι
1534 5298 1682 5352 δοκεῖ
1709 5298 1769 5352 τὸ

166 5383 218 5439 ἐν
244 5388 322 5459 τῷ
354 5388 483 5462 ὃρει
517 5388 626 5458 τῆς
655 5390 946 5455 Γαλιλαίας
975 5392 1071 5446 καὶ
1099 5390 1174 5463 μὴ
1205 5388 1434 5461 ἑτέρωθί
1459 5406 1565 5442 που
1596 5389 1770 5444 ταῦτα

163 5477 418 5549 εἰρῆσθαι
452 5479 532 5532 τὰ
556 5480 800 5552 ῥήματα.
825 5481 1086 5536 Γαλιλαία
1111 5481 1242 5554 γὰρ,
1270 5484 1308 5551 ἡ
1337 5482 1766 5550 Κατακυλιστὴ

165 5569 224 5634 τῇ
271 5569 498 5623 Ἐλλάδι
547 5569 768 5644 γλώττῃ
813 5572 1202 5644 ἑρμηνεύεται.
1249 5571 1343 5626 Διὸ
1371 5573 1468 5625 καὶ
1500 5571 1702 5640 Γελγέλ
1739 5575 1771 5628 ὁ

164 5659 353 5730 τροχὸς
392 5659 764 5732 ὀνομάζεται.
800 5663 1069 5736 Καθάπερ
1118 5659 1212 5719 οὖν
1260 5665 1322 5730 ἐξ
1363 5663 1527 5736 ὅρους
1561 5663 1770 5736 ὑψηλοῦ

235 5861 511 5938 fflrtatth.
555 5865 823 5934 nvmﬂ.
899 5865 943 5899 ³³
980 5866 1112 5922 ibid.
1137 5869 1221 5924 l8.
1304 5869 1350 5902 ’δ’
1379 5868 1538 5927 Joan.
1571 5885 1702 5938 xvu,
1735 5869 1790 5926 5.

169 5926 212 5960 “
237 5931 374 5988 ibid.
423 5934 516 5990 l6.
553 5981 560 5986 .

508 6026 789 6092 PATROL.
822 6030 934 6092 Gn.
982 6030 1188 6094 XLVI.

1789 4705 1838 4767 D

1861 4749 2011 4821 quod
2041 4756 2128 4804 est
2169 4747 2430 4814 Galilaeaz,
2473 4749 2731 4817 apparuit
2781 4749 2915 4816 illis,
2967 4751 3062 4822 qui
3113 4761 3322 4824 septem
3357 4771 3459 4810 nu-

1863 4858 2021 4899 mero
2050 4857 2160 4898 una
2209 4849 2370 4898 erant
2398 4881 2414 4906 ,
2453 4838 2621 4898 Petro
2663 4843 2952 4910 nimirum,
2985 4844 3230 4911 Thomas,
3255 4847 3464 4904 Natha-

1865 4933 2036 4999 naeli,
2071 4939 2127 4989 et
2157 4932 2288 4987 ﬁliis
2315 4930 2588 4999 Zebedaai,
2624 4934 2859 5006 aliisque
2904 4937 3122 4994 duobus
3170 4953 3236 4992 ex
3287 4940 3461 4996 disci-

1869 5025 2052 5097 pulis,
2103 5033 2163 5080 ut
2221 5021 2467 5082 Joannes
2507 5026 2778 5097 scriptum
2835 5028 3081 5098 reliquit.
3134 5027 3338 5087 Verum
3392 5034 3462 5088 ad

1871 5125 2141 5184 montem,
2164 5117 2254 5171 ubi
2277 5119 2629 5174 constituerat
2654 5119 2730 5175 eis
2757 5119 2939 5185 Jesus,
2965 5121 3300 5191 respiciebat
3327 5124 3462 5181 illud

1869 5211 2124 5274 verbum,
2156 5208 2242 5264 lbi
2266 5227 2350 5266 me
2376 5211 2647 5278 videbunt,
2689 5212 2890 5268 divinae
2940 5213 3248 5284 maiestatis
3302 5219 3465 5288 plena

1869 5303 2128 5360 videlicet
2154 5303 2407 5359 oratione
2440 5305 2710 5361 mandans
2741 5315 2797 5361 et
2842 5307 3191 5377 praecipiens.
3234 5308 3461 5378 Euntes,

1872 5393 2054 5448 docete
2079 5410 2258 5449 omnes
2279 5403 2479 5464 gentes,
2496 5393 2829 5464 baptisantes
2846 5414 2933 5451 eos
2954 5399 3008 5452 in
3026 5400 3239 5454 nomine
3256 5399 3465 5465 Patris.

1871 5492 1923 5538 et
1953 5481 2110 5550 Filii,
2141 5493 2190 5537 et
2223 5483 2456 5552 Spiritus
2487 5486 2680 5540 sancti.
2737 5486 2952 5542 Etenim
2988 5503 3090 5543 nec
3124 5490 3224 5546 abs
3259 5507 3317 5546 re
3347 5495 3470 5563 qui-

1879 5576 2003 5632 dem
2039 5577 2196 5642 mihi,
2229 5591 2334 5633 nec
2380 5586 2535 5634 extra
2561 5581 2904 5650 propositum
2948 5583 3192 5651 videtur,
3233 5588 3382 5658 quod
3414 5589 3470 5643 in

1884 5679 2071 5724 monte
2100 5669 2360 5737 Galilaeae,
2390 5681 2443 5728 et
2469 5687 2584 5728 non
2631 5675 2818 5746 aliquo
2848 5677 2958 5732 alio
3001 5679 3126 5734 loco
3156 5681 3273 5734 haec
3309 5681 3472 5736 verba

1866 5870 1910 5904 “
1943 5873 2049 5932 lsa.
2083 5888 2221 5942 nn,
2249 5888 2303 5932 δ.
2367 5877 2412 5908 ’⁸
2445 5875 2641 5932 Matth.
2672 5892 2867 5948 xxviii,
2904 5879 2986 5949 l9,
3012 5880 3101 5936 20.
3183 5881 3231 5915 "
3261 5879 3396 5940 ibid.
3425 5880 3473 5936 7.

3083 6044 3163 6110 21
