3882 6446
293 497 395 552 653

1199 496 1267 550 IN
1308 495 1584 551 CHRISTI
1626 493 2262 551 RESURIIECTIONEM
2303 498 2511 554 ORAT.
2557 500 2644 554 III.

3448 504 3514 559 65
3527 505 3551 558 ί

295 607 682 680 προκειμέναις
703 610 997 683 εὐφημίαις
1025 613 1152 684 παρ’
1177 613 1417 683 ἐμαυτοῦ
1443 614 1714 669 συντελεῖν
1738 613 1873 685 πρὸς

1994 611 2066 668 lie
2100 613 2352 670 accidere
2377 616 2614 670 videtur.
2661 616 2793 671 Cum
2829 617 2974 672 enim
3010 619 3124 687 ipse
3158 617 3289 671 nihil
3328 623 3555 687 pricla-

292 701 390 770 τὴν
429 702 581 771 ἱεράν
617 701 775 774 ᾠδὴν,
806 705 872 775 ήν
911 705 1115 776 ἀρτίως
1160 706 1390 777 ῇσαμεν,
1437 706 1868 776 καταφεύξομαι.

306 793 550 846 Ἐκεῖθεν
586 793 665 858 δὲ,
692 797 812 858 ταῖς
846 797 1120 867 ἀφορμαῖς
1165 797 1527 868 χρησάμενος,
1552 798 1790 851 ἀποτίσω
1812 797 1874 850 τὸ

293 884 454 956 χρέος
499 888 567 956 τῇ
606 885 858 956 Γραφικῇ
891 886 1034 951 λέξει
1089 890 1443 960 προσυφήνας
1483 890 1577 941 καὶ
1619 889 1685 942 τὰ
1726 889 1870 960 ὲμά,

295 976 348 1029 εἴ
368 994 492 1031 τινα
524 978 632 1048 ἄρα
664 978 758 1031 καὶ
784 979 1042 1049 τυγχάνει
1071 979 1221 1052 παρὰ
1247 979 1326 1050 τῷ
1361 981 1552 1051 πένητι
1579 980 1750 1051 δούλῳ
1776 981 1875 1050 τῆς

295 1068 375 1130 εἰς
415 1067 507 1120 τὸν
537 1069 817 1139 Δεσπότην
856 1070 1208 1140 εὐχαριστίας
1251 1069 1519 1140 ἐγκώμια.
1557 1070 1750 1139 Ἔλεγε
1775 1071 1874 1123 τοία

297 1175 392 1212 νυν
423 1160 628 1229 ἀρτίως
654 1161 683 1212 ὁ
710 1160 894 1223 Δαϐὶδ,
928 1161 1022 1213 καὶ
1047 1162 1208 1230 ήμεῖς
1237 1164 1353 1231 μετ’
1385 1162 1613 1215 ἐκείνου·
1649 1162 1876 1216 Αἰνεῖτε

295 1249 405 1303 τὸν
431 1251 673 1319 Κύριον,
725 1252 923 1306 πάντα
964 1253 1037 1306 τὰ
1077 1253 1245 1320 ἔθνη,
1279 1253 1636 1307 ὲπαινέσατε
1667 1254 1872 1320 αὐτὸν,

297 1340 522 1408 πάντες
545 1346 598 1396 οἱ
621 1343 780 1397 λαοί.
810 1345 992 1397 Πάντα
1015 1343 1106 1396 τὸν
1133 1342 1192 1407 ἐξ
1231 1343 1400 1414 Ἀδὰμ
1428 1345 1713 1416 ἄνθρωπον
1740 1345 1877 1418 πρὸς

297 1436 387 1490 τὸν
434 1435 604 1504 ὕμνον
650 1436 844 1499 καλεῖ,
901 1435 1106 1508 μηδένα
1152 1436 1576 1506 καταλιμπάνων
1617 1437 1721 1503 ἔξω
1771 1439 1874 1508 τῆς

299 1529 544 1599 κλήσεως
567 1543 582 1557 ’
622 1526 757 1580 ἀλλά
790 1529 917 1591 τοὺς
959 1528 1295 1599 Έσπερίους,
1327 1530 1452 1591 τοὺς
1498 1530 1716 1599 Ἑῴους,
1744 1531 1874 1593 τοὺς

300 1621 432 1690 παρ’
460 1621 725 1689 ἑκάτερα,
766 1619 927 1682 εἴτις
954 1619 1156 1690 ἄρκτου
1185 1621 1382 1688 γείτων
1409 1623 1500 1674 καὶ
1528 1622 1627 1692 τῆς
1660 1639 1878 1692 μεσημ-

299 1713 462 1784 ϐρίας
500 1712 739 1775 ἐνοικος,
767 1710 902 1782 ὁμοῦ
937 1711 1145 1775 πάντας
1185 1712 1506 1782 δημαγωγεῖ
1542 1711 1619 1782 τῷ
1654 1713 1873 1784 ψαλμῷ.

299 1805 413 1858 Καὶ
455 1800 689 1872 ἀλλαχοῦ
730 1801 830 1873 μὲν
878 1801 986 1854 ἀπὸ
1035 1801 1237 1871 μέρους
1279 1801 1390 1854 τισὶ
1436 1801 1544 1852 τῶν
1575 1800 1878 1871 ἀνθρώπιον

301 1892 770 1966 προσδιαλέγεται,
801 1891 833 1960 ἢ
861 1893 986 1955 τοὺς
1010 1893 1189 1954 ὁσίους
1214 1891 1414 1956 καλῶν,
1453 1891 1486 1963 ἢ
1521 1893 1647 1955 τοὺς
1683 1891 1880 1956 παῖδας

1974 717 2096 757 rum
2137 711 2303 774 atque
2340 706 2693 776 magniﬁcum
2731 720 2759 759 a
2798 721 2883 759 me
2923 705 3042 776 ipso
3077 707 3285 776 possim
3320 706 3386 759 ad
3421 722 3553 776 pro-

1975 796 2185 866 positas
2216 797 2405 852 laudes
2434 798 2900 853 concelebrandas
2929 795 3204 860 conferre,
3238 796 3305 850 ad
3339 811 3555 851 sacram

1973 891 2321 955 cantionem,
2357 906 2520 959 quam
2566 892 2728 960 paulo
2778 898 2903 944 ante
2955 890 3371 953 coneinuimus,
3427 904 3561 942 con-

1977 979 2222 1051 fugiam:
2281 993 2446 1052 atque
2510 981 2636 1038 inde
2683 995 3008 1054 argumento
3057 990 3221 1053 atque
3268 983 3562 1037 occasione

1975 1079 2196 1140 sumpta
2225 1071 2456 1125 dictioni
2486 1071 2789 1141 Scripturae
2819 1087 2937 1124 mea
2967 1087 3187 1141 quoque
3218 1069 3560 1138 coniungens

1975 1169 2030 1216 et
2065 1162 2222 1231 quasi
2272 1169 2555 1227 atterens,
2602 1163 2815 1217 solvam
2858 1178 2932 1218 aes
2976 1163 3214 1216 alienum
3251 1179 3264 1215 :
3304 1162 3350 1216 si
3400 1160 3562 1214 modo

1975 1254 2141 1308 etiam
2192 1253 2390 1324 aliquae
2445 1254 2669 1324 pauperi
2713 1269 2875 1309 servo
2909 1271 2974 1308 ex
3011 1253 3182 1307 animi
3231 1251 3567 1323 gratitudine

1975 1360 2104 1415 erga
2156 1345 2442 1399 dominum
2493 1361 2656 1401 suum
2706 1345 2964 1415 profectae
3006 1345 3196 1400 laudes
3240 1351 3560 1414 suppetunt.

1979 1435 2204 1491 Dicebat
2249 1437 2416 1508 igitur
2451 1439 2615 1509 paulo
2659 1447 2788 1492 ante
2826 1437 2995 1492 David
3020 1478 3034 1502 ,
3071 1445 3123 1492 et
3161 1451 3262 1491 nos
3296 1450 3402 1489 una
3438 1450 3562 1488 cum

1980 1528 2125 1583 illo:
2184 1527 2428 1584 Laudate
2482 1530 2802 1594 Dominum,
2851 1546 3030 1583 omnes
3079 1539 3291 1599 gentes,
3349 1526 3566 1580 laudate

1979 1637 2096 1674 eum
2118 1661 2132 1682 ,
2166 1637 2344 1675 omnes
2373 1623 2554 1692 populi
2593 1623 2632 1677 ¹.
2671 1623 2901 1676 Omnem
2934 1624 3215 1677 hominem
3252 1621 3320 1675 ab
3357 1619 3565 1672 Adamn

1979 1728 2156 1781 usque
2177 1752 2190 1777 ,
2228 1714 2501 1768 neminem
2538 1714 2963 1784 praetermittens
2994 1727 3155 1783 quem
3185 1725 3293 1764 non
3329 1709 3562 1770 invitet,

1983 1805 2049 1857 ad
2090 1805 2352 1875 hymnum
2394 1813 2587 1869 vocat;
2642 1805 2737 1860 sed
2783 1803 3192 1864 occidentales,
3225 1801 3565 1866 orientales,

1983 1907 2038 1954 et
2084 1900 2130 1955 si
2181 1897 2308 1968 quis
2365 1897 2512 1952 circa
2561 1897 2898 1960 alter-utros,
2955 1896 3040 1951 vel
3097 1892 3568 1965 septentrionibus

302 1988 439 2058 πρὸς
465 1986 632 2056 ὕμνον
661 1985 890 2056 ὲγείρων
911 2002 925 2016 ο
967 1985 1062 2037 ἐπὶ
1098 1984 1154 2038 δὲ
1185 1984 1280 2038 τοῦ
1323 1986 1590 2056 παρόντος
1618 1983 1746 2054 ἔθνη
1787 1985 1882 2038 καὶ

1994 1993 2244 2054 vicinus,
2306 1991 2392 2045 vel
2444 1990 2876 2045 meridianarum
2921 1987 3158 2058 partium
3213 1985 3396 2040 incola
3443 1989 3566 2045 est,

301 2079 466 2142 λαοὺς
500 2077 579 2148 τῷ
621 2077 904 2149 ψαλτηρίῳ
941 2077 1183 2146 συνάγει.
1227 2077 1394 2131 Ὅταν
1434 2076 1574 2146 γὰρ,
1612 2075 1755 2130 κατά
1794 2076 1884 2131 τὸν

314 2169 660 2233 ’Δπόστολον,
689 2167 968 2239 παρελύθη
1000 2168 1061 2221 τὸ
1090 2167 1277 2238 σχῆμα
1307 2165 1399 2220 τοῦ
1431 2167 1638 2238 κόσμου
1662 2167 1883 2233 τούτου,

300 2258 563 2329 βασιλεὺς
592 2259 650 2312 δὲ
680 2259 774 2312 καὶ
796 2257 928 2322 Θεὸς
959 2259 1206 2328 ἐπεφάνη
1235 2259 1399 2312 πᾶσιν
1427 2261 1456 2312 ὁ
1483 2259 1741 2329 Χριστὸς,
1775 2260 1885 2312 πᾶ-

302 2364 402 2400 σαν
426 2345 604 2416 ψυχὴν
629 2345 855 2400 ἄπιστον
881 2345 987 2415 πλη
996 2345 1324 2416 ροφορήσας,
1342 2346 1437 2399 καὶ
1457 2346 1708 2415 γλῶσσαν
1727 2345 1884 2416 βλάσα

301 2455 484 2510 φημον
525 2437 862 2509 χαλινώσας,
907 2439 1082 2509 στήσῃ
1124 2437 1181 2490 δὲ
1220 2438 1489 2508 Ἑλλήνων
1521 2438 1620 2510 τὴν
1671 2440 1890 2509 ματαιό-

301 2549 464 2600 τητα,
511 2530 604 2583 καὶ
649 2530 915 2584 Ἰουδαίων
942 2529 1038 2600 τὴν
1081 2529 1310 2599 πλάνην,
1351 2530 1448 2584 καὶ
1486 2530 1592 2584 τῶν
1623 2531 1888 2602 αἱρέσεων

302 2624 404 2694 τὴν
448 2623 758 2693 ἀδάμαστον
811 2621 1190 2690 γλωσσαλγίαν
1213 2639 1226 2653 ⁸
1258 2622 1382 2675 τότε
1426 2621 1514 2692 δὴ,
1557 2621 1680 2676 τότε
1708 2624 1888 2677 πάντα

301 2713 374 2768 τὰ
404 2713 533 2784 ἔθνη
581 2713 675 2766 καὶ
705 2714 754 2766 oi
795 2711 888 2766 ἀπ’
915 2698 1107 2774 α’ίῶνος
1147 2711 1266 2765 λαοὶ
1295 2713 1702 2782 ὑποκύψαντες,
1745 2713 1890 2784 ἀμα-

249 2794 252 2797 ’
303 2823 401 2878 χον
438 2807 539 2876 τὴν
569 2805 940 2877 προσκύνησιν
980 2804 1394 2875 ἀναπέμψουσιν
1420 2847 1434 2870 ,
1474 2806 1568 2860 καὶ
1599 2806 1886 2878 θαυμαστή

302 2917 391 2963 τις
424 2898 578 2952 ἔσται
617 2899 906 2968 συμφωνία
944 2898 1272 2968 δοξολογίας,
1301 2898 1411 2951 τῶν
1443 2899 1540 2969 μὲν
1563 2899 1726 2952 ὁσίων
1763 2916 1891 2953 συν-

305 2993 457 3063 ήθως
508 2989 840 3061 ὑμνούντων,
872 2990 981 3044 τῶν
1021 2989 1078 3044 δὲ
1123 2990 1358 3053 ἀσεϐῶν,
1392 2989 1450 3056 ἐξ
1485 2989 1731 3060 ἀνάγκης
1779 2993 1892 3043 ίκε-

303 3084 594 3136 τευόντων.
647 3083 757 3136 Καὶ
796 3083 918 3135 τότε
961 3080 1176 3152 ἀληθῶς
1209 3083 1238 3134 ὁ
1265 3081 1529 3144 ὲπινίκιος
1563 3080 1730 3152 ὕμνος
1763 3097 1894 3150 συμ-

304 3174 504 3244 φώνως
555 3173 707 3244 παρά
752 3173 970 3227 πάντων
1018 3171 1316 3242 ᾀσθήσεται
1342 3211 1356 3234 ,
1393 3172 1484 3224 καὶ
1533 3170 1644 3224 τῶν
1689 3188 1894 3242 κρατη-

305 3268 514 3322 θέντων
546 3267 643 3320 ml
673 3265 784 3318 τῶν
811 3265 1148 3335 νικησάντων
1164 3282 1177 3295 ·
1204 3265 1326 3317 τότε
1353 3265 1449 3316 καὶ
1473 3265 1502 3317 ὁ
1529 3264 1628 3334 τῆς
1649 3263 1895 3334 ταραχῆς

1989 2082 2150 2136 simul
2189 2095 2380 2136 omnes
2415 2079 2586 2134 allicit
2626 2088 2679 2134 et
2715 2079 2909 2133 invitat
2956 2079 3060 2132 hoc
3117 2076 3351 2147 psalmo.
3387 2074 3568 2142 Atque

1989 2173 2125 2227 alias
2160 2170 2380 2241 quidem
2417 2171 2704 2241 speciatim
2749 2169 3048 2224 nonnullus
3077 2167 3333 2221 homines
3378 2164 3568 2234 appel-

1991 2264 2102 2326 lat,
2136 2271 2229 2316 aut
2277 2269 2502 2317 sanctos
2547 2275 2785 2324 vocans,
2835 2267 2930 2313 aut
2962 2273 3163 2329 pueros
3196 2255 3264 2310 ad
3299 2256 3566 2327 hymnum

1987 2354 2237 2408 excitans
2265 2369 2279 2407 :
2310 2353 2366 2406 in
2399 2354 2657 2422 praesenti
2688 2366 2817 2406 vero
2851 2361 3037 2420 gentes
3070 2364 3132 2404 ac
3165 2347 3399 2419 populos
3429 2346 3572 2417 psal-

1993 2447 2134 2503 terio
2164 2447 2311 2517 cogit
2341 2446 2395 2499 in
2427 2461 2618 2501 unum.
2647 2444 2786 2500 Cum
2813 2444 2958 2500 enim
2977 2482 2991 2508 ,
3020 2450 3078 2498 ut
3102 2441 3400 2512 Apostolus
3425 2439 3502 2492 ait
3525 2440 3570 2500 ²,

1993 2536 2171 2607 ﬁgura
2218 2537 2386 2607 hujus
2428 2535 2617 2591 mundi
2664 2535 2977 2600 transierit,
3029 2549 3125 2588 rex
3169 2547 3298 2588 vero
3332 2545 3396 2585 ac
3430 2529 3575 2585 Deus

1989 2627 2279 2692 Christus,
2319 2627 2469 2682 omni
2511 2627 2694 2681 anima
2732 2625 3015 2680 incredula
3051 2623 3120 2678 ad
3157 2624 3374 2694 plenam
3411 2620 3572 2676 iidem

1993 2735 2058 2776 ac
2084 2727 2292 2775 certam
2330 2720 2700 2790 cognitionem
2739 2718 3024 2782 traducta,
3063 2717 3362 2785 linguaque
3399 2713 3573 2766 male-

1991 2813 2116 2870 dica
2151 2813 2394 2868 cohibita
2429 2820 2595 2882 atque
2631 2811 2878 2875 frenata,
2923 2809 3181 2863 omnibus
3221 2805 3576 2877 apparuerit;

1991 2905 2296 2962 inhibuerit
2349 2904 2480 2958 item
2538 2901 2854 2957 Graecorum
2891 2899 3188 2953 vanitatem
3214 2938 3226 2961 ,
3269 2905 3323 2952 et
3360 2895 3580 2950 Judaeu-

1995 3014 2116 3052 rmn
2148 3010 2426 3063 errorem,
2457 3005 2512 3051 et
2541 2996 2820 3049 haereseon
2852 2993 3182 3068 indomitum
3209 2991 3408 3059 linguze
3438 3004 3580 3042 mor-

1996 3093 2147 3146 bum.
2181 3089 2337 3145 Tunc
2371 3090 2636 3144 nimirum
2657 3129 2671 3154 ,
2703 3090 2834 3142 tunc
2866 3100 3059 3140 omnes
3095 3091 3280 3155 gentes
3303 3123 3316 3145 ,
3348 3093 3401 3137 et
3430 3083 3523 3153 qui
3555 3098 3580 3134 a

1996 3183 2198 3240 sarculo
2248 3197 2425 3253 usque
2474 3189 2607 3236 sunt
2651 3179 2842 3252 populi
2890 3177 3320 3248 procumbentes
3353 3189 3580 3229 consen-

1996 3276 2221 3329 tientem
2257 3282 2312 3328 et
2343 3273 2671 3328 concordem
2709 3271 3089 3327 adorationem
3119 3268 3464 3340 praestabunt
3489 3307 3501 3329 ,
3529 3276 3584 3320 et

304 3358 567 3420 ὑπαίτιος
593 3358 622 3409 ὁ
648 3355 747 3426 τὴν
784 3355 886 3409 τοῦ
917 3355 1187 3408 Δεσπότου
1223 3354 1550 3423 φαντασθεὶς
1579 3353 1759 3420 ἀξίαν,
1792 3370 1887 3423 μα·

1998 3364 2341 3420 admirabilis
2368 3365 2592 3435 quidam
2621 3372 2930 3419 concentus
2961 3369 3016 3416 et
3042 3376 3350 3417 consensus
3379 3357 3583 3430 gloriﬁ-

305 3451 531 3518 στιγίας
559 3449 778 3518 οἰκέτης
810 3447 1105 3519 ὀφθήσεται
1137 3447 1294 3509 πᾶσι,
1327 3447 1457 3516 παρ’
1487 3444 1735 3514 ἀγγέλων
1754 3444 1892 3516 πρὸς

300 3538 409 3608 τὴν
439 3539 711 3609 τιμωρίαν
743 3537 1064 3607 συρόμενος,
1093 3536 1187 3588 καὶ
1233 3535 1436 3598 πάντες
1475 3537 1525 3588 οἱ
1551 3535 1650 3606 τῆς
1681 3535 1892 3589 ἐκείνου

304 3630 514 3694 κακίας
542 3629 812 3700 ὑπηρέται
846 3629 939 3682 καὶ
969 3628 1244 3696 συνεργοὶ,
1282 3629 1402 3690 ταῖς
1433 3626 1772 3697 πρεπούσαις
1805 3643 1897 3680 κο-

303 3726 506 3781 λάσεσι
535 3724 631 3778 καὶ
648 3723 827 3785 δίκαις
859 3721 1333 3795 ὑποϐληθήσονται
1354 3735 1367 3749 ·
1397 3713 1478 3783 εἷς
1505 3719 1563 3772 δὲ
1596 3718 1896 3788 φανήσεται

304 3814 576 3886 βασιλεὺς
598 3812 695 3866 καὶ
734 3810 946 3882 κριτὴς,
981 3811 1162 3874 κοινὸς
1191 3809 1473 3881 Δεσπότης
1506 3807 1660 3880 παρά
1682 3807 1898 3861 πάντων

302 3903 775 3975 ὁμολογούμενος·
809 3901 1010 3972 ἡσυχία
1042 3901 1101 3954 δὲ
1132 3901 1282 3956 ἔσται
1317 3899 1726 3971 κατεσταλμένη
1748 3940 1762 3964 ,
1794 3898 1902 3952 ὤση

300 4013 424 4068 περ
452 3995 582 4048 ὅταν
615 3993 878 4064 ἄρχοντος
911 3993 1004 4045 ἐπὶ
1054 3992 1301 4063 βήματος
1345 3991 1662 4062 καθημένου
1690 4032 1705 4057 ,
1740 3993 1768 4044 ὁ
1805 3989 1902 4059 μὲν

301 4085 496 4160 κῆρυξ
526 4084 880 4157 ὑποσημαίνῃ
915 4083 1014 4155 τὴν
1061 4083 1296 4155 σιωπὴν,
1334 4085 1383 4137 οἱ
1412 4083 1534 4137 λαοὶ
1563 4083 1620 4136 δὲ
1659 4083 1753 4136 καὶ
1781 4081 1902 4151 ὄψιν

303 4180 412 4233 καὶ
439 4177 610 4249 ἀκοὴν
637 4174 1138 4245 συντείναντες,τὴν
1161 4176 1260 4245 τῆς
1279 4174 1620 4246 δημηγορίας
1641 4174 1903 4245 ἀκρόασιν

301 4273 421 4324 ἀνα
427 4268 682 4341 μένωσιν.
700 4267 803 4322 Διὰ
815 4268 991 4331 τοῦτο,
1010 4267 1238 4324 Αἰνεῖτε
1251 4267 1357 4321 τὸν
1371 4269 1610 4336 Κύριον,
1623 4266 1818 4320 πάντα
1833 4266 1905 4319 τὰ

301 4363 468 4429 ἔθνη
485 4400 500 4426 ,
521 4359 881 4415 ἑπαινέσατε
902 4359 1110 4425 αὐτὸν,
1143 4358 1366 4424 πάντες
1387 4362 1442 4414 οἱ
1468 4360 1627 4412 λαοί.
1647 4358 1906 4412 Δίνέσατε

297 4452 387 4516 ὡς
406 4451 658 4515 δυνατὸν,
671 4451 998 4505 ἐπαινέσαιτε
1014 4451 1089 4515 ὡς
1123 4450 1502 4521 φιλάνθρωπον
1516 4468 1528 4480 ·
1543 4451 1626 4504 ὅτι
1643 4451 1908 4514 πεσόντας

299 4545 415 4598 καὶ
463 4545 686 4613 νεκροὺς
728 4543 888 4604 ὄντας
932 4541 1088 4607 αὖθις
1127 4543 1489 4614 ὲζωοποίησε,
1525 4543 1708 4597 καὶτὸ
1751 4545 1910 4614 πονῆ-

301 4652 418 4690 σαν
452 4631 641 4698 σκεῦος
666 4633 1007 4689 ἀνενεώσατο
1032 4634 1214 4698 πάλιν,
1247 4635 1342 4688 καὶ
1369 4635 1469 4705 τὴν
1497 4636 1556 4687 ὲν
1577 4638 1690 4698 τοῖς
1717 4635 1909 4703 τάφοις

1996 3455 2232 3510 cationis
2265 3455 2405 3518 erit,
2448 3454 2657 3510 sanctis
2699 3454 2923 3525 quidem
2967 3468 3121 3508 more
3172 3454 3337 3508 solito
3393 3453 3582 3507 laudes

1996 3543 2356 3610 dicentibus,
2394 3545 2580 3616 impiis
2636 3547 2818 3599 autem
2869 3559 2938 3599 ex
2993 3543 3324 3598 necessitate
3369 3541 3582 3610 suppli-

1997 3638 2276 3692 cantibus.
2318 3639 2382 3690 Et
2427 3644 2560 3691 tunc
2598 3650 2790 3690 revera
2820 3636 3068 3690 victoria:
3099 3647 3321 3689 carmen
3354 3648 3586 3687 consen-

1999 3727 2200 3783 tienter
2233 3729 2302 3783 ab
2341 3727 2599 3782 omnibus
2637 3734 2874 3782 canetur
2913 3733 3024 3780 tam
3064 3723 3258 3790 victis,
3301 3738 3466 3793 quam
3502 3723 3588 3775 vi~

2000 3818 2283 3883 ctoribus,
2321 3826 2439 3873 tum
2473 3818 2641 3873 etiam
2675 3833 2874 3874 servus
2904 3817 2996 3872 ille
3019 3817 3252 3872 verbero
3283 3815 3461 3869 turbae
3493 3827 3586 3866 au-

2004 3921 2162 3976 ctor,
2213 3913 2304 3984 qui
2337 3912 2441 3967 sibi
2469 3912 2672 3968 domini
2704 3912 2788 3966 sui
2829 3911 3151 3982 dignitatem
3195 3909 3590 3980 imaginatione

2005 4011 2322 4073 sumpserat
2353 4013 2409 4057 et
2447 4009 2801 4072 arrogaverat
2821 4041 2834 4065 ,
2867 4001 3146 4055 videbitur
3174 4014 3369 4053 omnes
3398 3998 3590 4052 admo-

2005 4108 2174 4157 nens,
2213 4092 2344 4147 dum
2383 4092 2454 4147 ab
2497 4093 2709 4162 angelis
2744 4093 2810 4146 ad
2855 4091 3190 4160 supplicium
3232 4088 3500 4152 trahetur,
3536 4097 3592 4142 et

2007 4199 2204 4239 omnes
2223 4185 2384 4239 illius
2416 4185 2679 4254 nequitiae
2710 4183 2947 4238 ministri
2981 4189 3035 4236 et
3063 4182 3198 4237 socii
3231 4179 3432 4235 debitis
3461 4193 3593 4248 sup--

2007 4277 2196 4344 pliciis
2245 4292 2310 4331 ac
2358 4277 2538 4346 poenis
2583 4277 2928 4330 adicientur:
2978 4291 3119 4331 unus
3163 4284 3344 4328 autem
3386 4288 3485 4327 rex
3527 4287 3594 4327 ac

2005 4367 2171 4438 iudex
2206 4368 2529 4438 apparebit,
2562 4383 2723 4437 quem
2781 4381 2974 4423 omnes
3011 4381 3360 4420 communem
3401 4363 3591 4418 Domi-
3655 4433 3664 4443 I

2009 4475 2142 4513 num
2177 4474 2301 4515 esse
2335 4459 2746 4514 conﬁteantur:
2781 4460 2944 4530 quies
2986 4460 3116 4514 item
3163 4459 3270 4513 erit
3313 4466 3479 4527 atque
3513 4458 3590 4512 si—

2014 4550 2240 4604 lentium
2266 4591 2280 4614 ,
2317 4551 2784 4621 quemadmodum
2831 4551 2950 4607 ﬁeri
2993 4553 3166 4618 solet,
3200 4565 3324 4605 cum
3363 4565 3463 4621 pro
3492 4551 3593 4603 tri-

2015 4642 2199 4696 bunali
2232 4641 2457 4697 sedente
2484 4651 2719 4712 praetore
2749 4658 2928 4714 praeco
2961 4643 3245 4698 silentium
3279 4642 3507 4704 indicit,
3542 4648 3596 4695 et

294 4726 428 4780 τῶν
461 4725 727 4795 λειψάνων
759 4726 950 4796 ἀηδίαν
986 4729 1066 4790 εἰς
1121 4727 1260 4792 ζῶον
1294 4725 1569 4797 ἄφθαρτον
1613 4727 1887 4799 φιλανθρώ

2013 4733 2201 4805 populi
2232 4733 2463 4789 auribus
2493 4743 2546 4788 et
2573 4735 2753 4790 oculis
2787 4735 2955 4791 simul
2985 4735 3182 4790 intenti
3211 4731 3598 4788 concionantis

298 4834 445 4882 πως
488 4817 815 4888 ἐμόρφωσε,
854 4818 948 4871 καὶ
991 4817 1168 4889 ψυχὴν
1212 4819 1309 4888 τὴν
1355 4818 1462 4887 πρὸ
1505 4819 1787 4891 τεσσάρων
1827 4839 1909 4890 χι-

296 4907 522 4961 λιάδων
554 4906 689 4958 ἑτῶν
733 4905 1137 4960 καταλιποῦσαν
1167 4906 1229 4959 τὸ
1271 4905 1448 4976 σῶμα,
1481 4905 1556 4968 ὡς
1591 4908 1656 4958 ἐκ
1692 4909 1909 4978 μακρᾶς

301 4996 672 5068 ἀποδημίας,
713 4985 792 5061 εἰς
833 4998 970 5052 ἰδίαν
1009 4997 1187 5052 οίκίαν
1219 5000 1586 5069 ἐπανήγαγεν,
1622 5000 1773 5053 οὐδὲν
1803 5001 1913 5053 ἀπὸ

301 5087 522 5161 χρόνου
550 5092 642 5142 καὶ
665 5091 838 5162 λήθης
875 5090 1223 5161 ξενιζομένην
1250 5091 1386 5158 πρὸς
1423 5091 1486 5144 τὸ
1511 5091 1640 5145 ίδιον
1658 5092 1910 5164 ὄργανον,

301 5179 468 5235 ἀλλὰ
500 5179 697 5235 θᾶττον
729 5183 815 5236 ἐπ’
839 5183 974 5237 αὐτὸ
995 5181 1304 5253 χωροῦσαν,
1331 5183 1366 5254 ἢ
1401 5183 1551 5254 ὅρνις
1574 5185 1668 5238 ἐπὶ
1693 5186 1794 5256 τὴν
1816 5203 1914 5239 κα-

298 5271 448 5325 λιὰν
479 5269 575 5340 τὴν
597 5272 804 5326 οἰκείαν
825 5272 1181 5328 καθίπταται.

2014 4840 2206 4880 vocem
2261 4833 2605 4894 exspectant.
2667 4825 2923 4890 Idcirco,
2975 4825 3215 4879 Laudare
3269 4823 3595 4880 Dominum,

2013 4933 2193 4971 omnes
2222 4928 2398 4988 gentes
2421 4959 2436 4983 ,
2475 4918 2692 4972 laudate
2725 4934 2842 4973 eum
2863 4958 2879 4983 ,
2914 4933 3091 4971 omnes
3124 4915 3325 4984 populi.
3356 4911 3598 4966 Laudate

2015 5017 2278 5078 tanquam
2313 5015 2590 5079 potentem
2612 5052 2626 5076 ,
2665 5010 2886 5065 laudate
2921 5019 3182 5077 tanquam
3213 5006 3509 5076 benignum
3545 5012 3600 5056 et

2017 5103 2320 5156 humanum
2353 5123 2363 5155 :
2400 5103 2661 5172 quoniam
2696 5117 2793 5159 eos
2827 5103 2920 5173 qui
2957 5099 3272 5156 ceciderant
3299 5109 3354 5152 et
3397 5095 3600 5149 mortui

2021 5190 2242 5248 fuerant
2267 5234 2281 5258 ,
2315 5208 2516 5247 rursus
2547 5192 2672 5246 vitae
2719 5193 2996 5255 restituit,
3027 5206 3124 5246 vas
3155 5187 3390 5242 fractum
3419 5187 3488 5240 de
3517 5185 3605 5238 in-

2021 5289 2180 5354 tegro
2207 5283 2530 5345 renovavit,
2564 5283 2731 5338 situm
2776 5291 2942 5353 atque
2981 5279 3441 5352 injucunditatem
3476 5278 3604 5332 reli-

297 5366 628 5439 quiarum,
659 5382 782 5436 quae
823 5368 880 5422 in
924 5370 1198 5439 sepulcris
1271 5379 1474 5436 erant,
1548 5371 1615 5424 ad
1691 5373 1894 5428 animal
1971 5377 2394 5451 incorruptibile
2439 5380 2672 5449 benigne
2719 5379 2960 5449 redegit,
3013 5377 3252 5432 animam
3309 5389 3432 5446 qua:
3478 5381 3606 5428 ante

298 5464 576 5529 quatuor
606 5457 777 5512 millia
808 5472 1078 5514 annorum
1122 5477 1326 5532 corpus
1359 5462 1681 5532 reliquerat,
1721 5466 1887 5521 veluti
1921 5481 1988 5522 ex
2021 5467 2186 5539 longa
2233 5471 2675 5542 peregrinatione
2703 5469 2768 5524 ad
2802 5484 2963 5524 suum
2990 5466 3334 5522 domicilium
3363 5465 3603 5526 reduxit,

300 5564 562 5618 eamque
595 5566 706 5606 non
741 5567 856 5622 pra:
889 5554 1068 5624 spatio
1096 5557 1360 5627 temporis
1395 5566 1449 5612 et
1481 5558 1756 5617 oblivione
1791 5563 1950 5632 quasi
1992 5565 2339 5634 peregrinam
2369 5581 2500 5639 erga
2533 5581 2696 5622 suum
2731 5566 3164 5621 instrumentum
3199 5562 3471 5627 aﬂectam,
3509 5562 3606 5616 SCtI

300 5646 501 5703 citius
538 5645 607 5700 ad
641 5647 696 5701 id
738 5649 1078 5714 tendentem,
1105 5664 1272 5718 quam
1309 5651 1428 5706 avis
1465 5649 1532 5705 ad
1573 5650 1761 5706 nidum
1791 5669 1956 5710 suum
1987 5655 2226 5712 devolat.

381 5732 662 5807 Εἴπωμεν
687 5737 796 5809 γὰρ
824 5739 890 5793 τὰ
920 5742 1093 5794 οἰκεῖα
1123 5741 1224 5811 τῆς
1256 5743 1470 5822 ἑορτῆς,
1503 5744 1589 5798 ἵνα
1614 5745 1887 5802 ἁκολούθω

2106 5746 2366 5806 Dicamus
2391 5749 2539 5806 enim
2569 5764 2633 5806 ea
2658 5764 2779 5820 quae
2827 5748 3047 5821 proprie
3095 5746 3160 5802 ad
3228 5745 3427 5801 festum
3480 5757 3602 5813 per-

382 5909 402 5940 ι
446 5903 612 5963 Psal.
640 5925 782 5975 cxvr,
822 5912 871 5963 Ι.
951 5911 1019 5965 ³1
1060 5912 1187 5969 Cor.
1229 5929 1323 5980 vn,
1367 5913 1458 5972 3!.
