3882 6422
423 471 546 531 «655

1719 465 1781 522 S.
1821 463 2150 523 GREGORII
2185 465 2480 524 NYSSENI
3594 471 3682 530 656

437 584 654 645 tinent,
682 585 741 636 ut
787 576 856 634 ad
892 577 1043 650 ipsas
1106 591 1197 635 res
1238 577 1656 635 accommodate
1712 585 1770 633 et
1821 589 2022 632 conve-

2128 577 2219 631 καὶ
2251 578 2550 651 προσφυῶς
2589 580 2703 643 τοῖς
2747 579 3068 652 πράγμασιν
3101 581 3466 655 ἑορτάσωμεν.
3491 584 3560 638 Τὸ
3592 586 3686 659 γὰρ

437 675 661 730 nienter
707 671 990 728 ferientur.
1052 669 1190 726 Nam
1231 673 1378 742 quod
1439 669 1800 743 improprium
1835 679 1922 725 est
1966 678 2026 724 et

436 768 674 822 alienum
700 807 716 831 ,
756 775 1120 836 prseterquam
1155 765 1304 836 quod
1350 764 1487 819 nihil
1526 762 1790 833 prodest,
1825 778 1919 820 res
1940 769 2027 819 est

441 857 753 913 inordinata
776 897 792 923 ,
837 857 1202 927 incomposita
1235 863 1401 928 atque
1430 855 1710 920 absurda,
1770 869 1883 910 non
1931 870 2024 911 so-

441 953 554 1007 lum
591 953 648 1007 in
676 952 747 1008 iis
768 953 1116 1007 orationibus
1139 993 1156 1018 ,
1181 966 1304 1022 qua:
1336 950 1405 1008 de
1435 951 1701 1023 religione
1734 965 1800 1006 ac
1825 951 2030 1022 pietate

439 1043 737 1110 habentur,
767 1059 957 1099 verum
998 1045 1163 1099 etiam
1197 1044 1252 1098 in
1285 1043 1529 1099 externis
1551 1083 1568 1107 ,
1614 1051 1670 1098 et
1697 1043 1766 1098 iis
1801 1057 1923 1112 quae
1959 1041 2028 1096 ad

441 1135 779 1192 mundanam
801 1137 1083 1208 pertinent
1105 1135 1449 1206 sapientiam.
1479 1134 1615 1202 Quis
1638 1134 1783 1190 enim
1809 1142 1894 1190 est
1907 1149 2032 1188 ora-

439 1238 529 1283 tor
559 1229 634 1282 ita
675 1229 882 1283 stultus
914 1228 1160 1298 adeoque
1196 1229 1516 1292 ridiculus,
1553 1229 1647 1298 qui
1696 1227 1764 1284 ad
1797 1227 2021 1298 nuptias

440 1319 723 1374 hilaritate
770 1326 826 1372 et
873 1319 1224 1388 jucunditate
1261 1320 1453 1390 plenas
1504 1329 1772 1384 vocatus.
1837 1319 2032 1374 relicto

439 1419 567 1480 apto
595 1417 649 1464 et
677 1408 926 1478 jucundo
953 1424 1153 1479 genere
1187 1410 1494 1476 orationis,
1533 1411 1680 1481 quod
1714 1424 2030 1466 accommo-

439 1501 628 1556 datum
653 1500 725 1556 sit
747 1539 764 1565 ,
812 1515 878 1556 ac
908 1501 1068 1570 quasi
1107 1504 1524 1572 eongratuletur
1547 1503 1810 1559 hilaritati
1845 1517 1910 1558 ac
1953 1501 2033 1558 fe-

2126 670 2393 724 ἀνοίκειον
2447 669 2544 725 καὶ
2593 671 2876 744 ἀλλότριον
2917 673 3057 745 πρὸς
3105 674 3184 746 τῷ
3234 676 3402 747 μηδὲν
3436 676 3684 746 ὑφελείν,

2126 761 2357 816 ἀτακτόν
2400 763 2518 815 ἐστι
2558 763 2654 817 καὶ
2697 763 3010 832 ἀλλόκοτον,
3052 766 3154 820 οὐκ
3187 767 3246 820 ὲν
3287 769 3400 830 τοῖς
3434 768 3557 840 περὶ
3574 767 3690 842 θρηο

2130 853 2318 918 σκείας
2340 854 2434 908 καὶ
2458 855 2744 920 εὐσεϐείας
2768 855 2970 926 λόγοις,
2995 858 3136 912 ἀλλά
3157 859 3254 913 καὶ
3273 860 3367 914 ἐπὶ
3387 860 3493 916 τῶν
3513 862 3688 926 ἔξωθεν

2127 945 2225 999 καὶ⁸
2247 947 2348 1019 τῆς
2377 946 2473 1000 τοῦ
2499 948 2709 1020 κόσμου
2741 950 2957 1018 σοφίας.
3014 951 3114 1015 Τίς
3143 951 3255 1024 γὰρ
3285 951 3458 1018 οὕτως
3489 954 3690 1025 ἀνόητος

2129 1037 2162 1109 ἢ
2215 1038 2565 1110 ύπεργελοῖος
2611 1042 2817 1113 ῥήτωρ,
2861 1042 2939 1106 ὡς
2996 1043 3219 1114 κληθεὶς
3266 1044 3347 1109 είς
3383 1045 3691 1117 φαιδρότητα

2128 1131 2309 1201 γάμου
2342 1132 2645 1204 ἀποστῆναι
2676 1134 2776 1204 μὲν
2808 1134 2918 1188 τῶν
2955 1135 3229 1208 ἁρμοδίων
3260 1137 3436 1207 λόγων
3459 1138 3550 1192 καὶ
3572 1137 3690 1207 γλα-

2131 1223 2321 1297 φυρῶν
2352 1225 2833 1281 συνευπαθούντων
2856 1230 2989 1292 ταῖς·
3001 1230 3100 1300 τῆς
3126 1230 3489 1302 πανηγύρεως
3503 1230 3690 1300 χάρισι,

2126 1316 2300 1389 γοερά
2340 1316 2399 1371 δὲ
2448 1317 2586 1390 μέλη
2628 1317 2847 1390 θρηνεῖν
2879 1319 3070 1374 καὶτὰ
3106 1322 3172 1375 ὲκ
3210 1321 3519 1393 τραγῳδίας
3567 1321 3692 1374 κακά

2129 1409 2240 1464 τῶν
2284 1411 2576 1466 παστάδων
2619 1411 3114 1483 κατολοφύρεσθαι;
3159 1412 3282 1484 me
3311 1413 3544 1485 ἔμπαλιν
3585 1415 3693 1467 ἑπι-

2129 1501 2353 1573 ταχθεὶς
2393 1503 2474 1557 ἐνὶ
2500 1502 2609 1556 τῶν
2635 1504 3104 1577 τετελευτηκότων
3135 1504 3206 1558 τά
3238 1503 3592 1576 νενομισμένα
3614 1521 3694 1557 τεο

439 1592 672 1646 stivitati
706 1599 1050 1657 conventus,
1100 1593 1279 1648 tristia
1312 1593 1561 1664 quaedam
1593 1594 1836 1648 carmina
1870 1601 2026 1662 atque

2133 1592 2264 1658 λεῖν,
2295 1591 2647 1647 ἐπιλαθέσθαι
2693 1593 2795 1664 μὲν
2835 1593 2932 1648 τοῦ
2965 1594 3195 1660 πάθους,
3248 1594 3623 1667 φαιδρύνεσθαι
3646 1595 3695 1648 δὲ

440 1684 698 1755 lugubria
745 1683 1100 1754 pronuntiet,
1131 1692 1187 1740 et
1208 1701 1273 1741 ex
1315 1684 1584 1755 tragmdia
1623 1685 1828 1756 petitas
1882 1684 2026 1740 cala-

2133 1685 2270 1755 πρὸς
2299 1683 2393 1739 τὸν
2416 1684 2721 1754 κατηφείας
2750 1684 2992 1756 γέμοντα
3019 1687 3310 1756 σύλλογον;
3341 1688 3406 1740 El
3437 1687 3494 1741 δὲ
3523 1688 3578 1741 ὲν
3598 1690 3696 1750 τοῖς

439 1777 663 1834 mitates
696 1777 754 1831 in
775 1776 1032 1832 convivio
1061 1776 1296 1848 nuptiali
1322 1785 1378 1832 et
1408 1776 1466 1831 in
1490 1777 1737 1832 thalamo
1769 1774 2026 1831 occinatl

2132 1779 2449 1849 ἐγκοσμίοις
2470 1779 2635 1834 καλὸν
2657 1780 2694 1850 ή
2724 1778 2878 1846 τάξις
2899 1780 2995 1834 καὶ
3012 1782 3322 1854 ⁷ι-ξπιιιιντήμη,
3348 1780 3526 1853 πολλῷ
3545 1781 3695 1852 δήπου

431 1869 551 1924 Aut
589 1885 654 1925 ex
683 1869 968 1924 contrario
995 1879 1216 1924 mortuo
1270 1868 1439 1924 alicui
1477 1868 1635 1940 justa
1692 1868 1923 1941 exsequi
1975 1878 2026 1924 et

2132 1866 2297 1922 πλέον
2325 1869 2384 1922 ὲν
2424 1871 2537 1932 τοῖς
2572 1868 2831 1940 μεγάλοις
2861 1869 2958 1925 καὶ
2999 1871 3267 1942 οὐρανίοις
3294 1871 3694 1944 ἁρμοδιώτερον.

440 1962 752 2018 orationem
804 1959 1092 2016 funebrem
1124 1961 1327 2018 habere
1365 1961 1594 2033 jussus,
1645 1961 1852 2018 oblitus
1885 1977 2026 2033 prae-

2130 1958 2366 2031 Χριστὸς
2387 1959 2567 2014 τοίνυν
2605 1959 2804 2032 ἀνέστη
2848 1962 3088 2034 σήμερον
3116 1965 3146 2017 δ
3165 1962 3324 2029 Θεὸς,
3344 1966 3389 2018 ad
3413 1964 3645 2036 ἀπαθὴς,
3666 1965 3692 2016 ὁ

441 2051 618 2108 sentis
678 2047 1227 2120 casus,.jucundum
1280 2063 1342 2106 se
1388 2051 1631 2122 prabeat
1687 2063 1744 2108 ot
1789 2051 2026 2107 hilarem

2130 2049 2399 2114 ἀθάνατος
2426 2052 2447 2120 (
2462 2049 2556 2105 καὶ
2586 2052 2781 2124 μικρὸν
2814 2053 3036 2124 ἐπίσχες
3063 2055 3091 2108 δ
3118 2052 3351 2120 ὲθνικὶς,
3391 2055 3586 2128 παρεὶς
3616 2056 3694 2109 τὸν

439 2141 584 2213 apud
615 2141 877 2199 maestitia
908 2141 1132 2213 plenum
1146 2143 1516 2201 conventum?
1539 2142 1698 2210 Quod
1720 2143 1842 2200 siin
1857 2143 2026 2200 rebus

2131 2142 2383 2215 προπετῆ
2430 2142 2674 2212 γέλωτα,
2729 2143 2924 2216 μέχρις
2960 2145 3029 2200 ἂν
3060 2145 3277 2200 πάντων
3326 2146 3610 2220 ἀκούσῃς),
3641 2148 3692 2200 ού

439 2236 738 2292 mundanis
805 2251 896 2292 res
944 2235 1148 2291 decora
1197 2245 1285 2293 est
1331 2235 1472 2292 ordo
1533 2243 1700 2309 atriue
1744 2237 2026 2303 scientia,

2129 2234 2269 2306 πρὸς
2314 2234 2562 2306 ἀνάγκην
2590 2234 2801 2302 παθὼν,
2831 2235 2952 2290 ούδὲ
2984 2235 3083 2307 τὴν
3119 2238 3178 2304 ἐξ
3216 2238 3465 2310 οὐρανῶν
3494 2239 3695 2294 κάθοδον

438 2327 616 2382 multo
645 2324 892 2398 profecto
921 2327 1098 2399 magis
1147 2341 1269 2382 eam
1318 2328 1606 2386 observari
1667 2329 1929 2386 convenit
1964 2329 2026 2384 in

2132 2325 2396 2396 βιασθεὶς,
2423 2325 2547 2380 ούδὲ
2572 2324 2671 2398 τὴν
2697 2325 2998 2382 ἀνάστασιν
3025 2327 3102 2390 ὡς
3121 2328 3531 2401 ἀπροσδόκητον
3562 2331 3695 2402 εὐερ-

437 2420 608 2476 rebus
649 2420 865 2490 magnis
920 2428 1089 2491 atque
1145 2419 1487 2477 cmicstibus.
1549 2419 1807 2477 Christus
1861 2420 2026 2492 igitur

2128 2417 2320 2488 γεσίαν
2358 2417 2492 2489 παρ’
2529 2415 2754 2481 ἐλπίδας
2786 2416 2984 2490 εὑρὼν,
3022 2416 3137 2472 ἀλλ’
3165 2417 3326 2484 είδὼς
3364 2421 3577 2476 πάντων
3603 2419 3694 2473 τῶν

436 2513 601 2568 nobis
632 2512 936 2568 resurrexit
963 2512 1127 2568 hodie
1159 2513 1304 2568 Deus
1326 2551 1343 2578 ,
1397 2512 1812 2570 calamitatibus
1855 2521 2026 2570 et-ea-

2129 2510 2474 2580 πραγμάτων
2501 2506 2563 2561 τὸ
2591 2507 2764 2572 τέλος,
2808 2507 2904 2561 καὶ
2941 2506 3085 2563 οὕτω
3132 2507 3232 2580 τὴν
3274 2509 3455 2582 ἀρχὴν
3491 2510 3696 2581 ποιησά-

436 2604 594 2659 sibus
625 2604 863 2673 amplius
893 2619 1003 2658 non
1035 2604 1310 2660 obnoxius
1331 2644 1347 2667 .
1395 2604 1728 2660 immortalis
1751 2605 1852 2677 (Ac
1883 2606 2026 2662 sub-

429 2696 572 2751 siste
599 2710 896 2766 parumper
931 2705 1010 2765 tu,
1027 2697 1270 2761 ethnice,
1291 2697 1498 2755 omisso
1526 2697 1792 2769 petulanti
1817 2712 1882 2752 ae
1903 2713 2030 2770 pro-

433 2795 599 2841 tervo
621 2787 769 2855 risu,
803 2787 984 2858 quoad
1017 2788 1205 2843 omnia
1256 2788 1554 2859 audiveris)
1581 2803 1694 2844 non
1724 2787 1794 2844 ad
1827 2803 2026 2846 neces-

437 2879 657 2935 sitatem
683 2894 914 2935 casuum
943 2921 960 2945 ,
997 2880 1084 2936 vel
1116 2879 1186 2936 de
1226 2881 1369 2936 caelo
1396 2880 1736 2938 descendere
1765 2889 2026 2949 coactus,

436 2972 522 3028 vel
579 2973 1042 3029 resurrectionem
1088 2983 1348 3044 tanquam
1405 2973 1843 3045 inexspectatum
1891 2973 2021 3029 ino-

434 3063 756 3134 pinatumve
789 3063 1116 3120 beneﬁcium
1151 3075 1361 3135 praeter
1419 3080 1574 3137 spem
1607 3067 1868 3136 adeptus,
1923 3064 2022 3121 sed

2131 3058 2402 3132 στασιώδη
2451 3060 2623 3132 δῆμον
2667 3059 3098 3133 φλεγμαίνοντα,
3145 3064 3243 3116 καὶ
3286 3061 3493 3118 Ἰούδαν
3534 3062 3693 3134 προδι-

423 3155 530 3227 ῳιὶ
560 3155 804 3211 novisset
836 3157 1096 3212 omnium
1131 3171 1313 3212 rerum
1349 3156 1510 3214 ﬁnem
1535 3197 1552 3224 ,
1597 3168 1761 3228 atque
1810 3158 1884 3212 ita
1918 3157 2026 3213 ini-

2129 3149 2314 3216 δόντα,
2344 3150 2439 3204 καὶ
2488 3149 2694 3224 Πέτρον
2716 3151 3204 3224 ·ύπερμαχόμενον,
3250 3155 3352 3210 καὶ
3382 3157 3498 3228 μετ’
3525 3156 3692 3225 ’ὀλίγον

421 3249 570 3303 .tium
603 3246 860 3316 fecisset,
892 3255 952 3303 ut
977 3247 1070 3320 qui
1127 3248 1183 3304 in
1215 3249 1392 3306 oculis
1423 3249 1733 3304 divinitatis
1789 3249 2023 3305 haberet

2131 3241 2323 3295 ἑαυτὸν
2351 3243 2418 3314 τῇ
2451 3243 2748 3298 ἀναστάσει
2789 3247 2872 3309 είς
2907 3243 3068 3310 δόξαν
3095 3246 3409 3318 ἀφθαρσίας
3444 3263 3693 3320 μεταμορ-

431 3341 844 3411 propositorum
871 3340 1244 3412 cognitionem
1266 3379 1282 3405 ,
1311 3349 1368 3398 et
1404 3343 1733 3412 priusquam
1758 3339 1828 3398 de
1877 3342 2024 3398 ctelo

2133 3333 2406 3404 φούμενον
2425 3351 2440 3366 ο
2467 3334 2564 3388 καὶ
2587 3337 2698 3390 πᾶν
2733 3334 2796 3390 τὺ
2829 3336 3022 3408 μέλλον
3061 3337 3202 3410 ἔχων
3223 3339 3692 3413 ὑπογεγραμμένον

432 3432 820 3498 descenderet,
851 3433 1059 3488 videret
1091 3441 1149 3488 et
1189 3433 1435 3505 gentium
1454 3433 1934 3505 perturbationem
1966 3441 2024 3491 et

2129 3428 2198 3498 τῇ
2237 3424 2438 3496 γνώσει
2457 3465 2472 3489 ,
2520 3427 2623 3481 ούκ
2669 3427 2965 3483 ἀνεϐάλετο
3003 3429 3111 3502 τὴν
3170 3431 3251 3496 είς
3298 3432 3396 3488 τὸν
3435 3432 3692 3505 ἀνθρωπον

430 3525 698 3581 duritiam
729 3527 984 3592 lsraelis,
1014 3536 1069 3583 et
1095 3525 1332 3582 Pilatum
1361 3527 1756 3597 provtribunali
1785 3526 1980 3584 sedere
2004 3566 2022 3595 ,

2132 3518 2316 3589 χάριν,
2358 3518 2481 3572 οὐδὲ
2522 3519 2822 3591 ὑπερέθετο
2863 3519 2965 3592 τὴν
2995 3521 3347 3593 οἰκονομίαν·
3381 3523 3499 3579 ἀλλ’
3515 3524 3692 3594 ῶσπερ

429 3615 778 3689 etCaipbam
817 3626 1027 3675 vestem
1055 3619 1162 3674 sibi
1200 3617 1559 3683 discindere.
1590 3627 1647 3676 et
1697 3617 2022 3676 seditiosam

2129 3611 2182 3663 σί
2215 3609 2310 3664 τὸν
2340 3609 2545 3680 ἀσθενῆ
2587 3611 2740 3684 παρὰ
2768 3612 3048 3684 χαράδρας
3080 3613 3382 3686 συρόμενον
3411 3615 3690 3687 βλέποντες,

432 3711 646 3782 plebem
662 3710 1119 3767 .irainllammari
1139 3751 1157 3778 ,
1209 3719 1266 3768 et
1297 3711 1495 3768 Judam
1524 3710 1793 3782 prodere,
1829 3719 1886 3768 et
1919 3709 2026 3768 Pe-

2128 3702 2334 3766 εἰδότες
2353 3702 2439 3766 ὡς
2477 3701 2594 3757 ἐστι
2617 3704 2710 3758 καὶ
2753 3704 3000 3778 βορϐόρῳ
3038 3705 3133 3759 τοῦ
3171 3708 3482 3781 χειμάρρου
3511 3707 3693 3777 ἐνειλη-

2133 2617 2316 2670 μενος,
2337 2599 2479 2670 ἔχων
2520 2601 2581 2654 ἑν
2603 2598 2900 2670 ὀφθαλμοῖς
2927 2600 3028 2670 τῆς
3057 2599 3317 2672 θεότητος
3353 2603 3465 2656 τῶν
3499 2619 3696 2675 προκει-

2133 2693 2312 2763 μένων
2339 2691 2439 2764 τήν
2466 2690 2690 2762 γνῶσιν,
2733 2691 2828 2744 καὶ
2862 2692 2993 2764 πρὶν
3037 2693 3096 2759 ἐξ
3125 2691 3378 2764 οὐρανῶν
3406 2693 3692 2757 κατελθεῖν,

2131 2782 2347 2855 βλέπων
2373 2783 2469 2838 καὶ
2487 2781 2598 2836 τῶν
2619 2781 2789 2837 ἐθνῶν
2821 2783 2922 2855 τὴν
2950 2783 3217 2854 ταραχὴν,
3247 2785 3460 2840 καὶτοῦ
3504 2784 3694 2858 Ἰσραὴλ

2127 2876 2231 2948 τὴν
2275 2874 2658 2948 σκληρότητα,
2707 2875 2803 2930 καὶ
2846 2875 3078 2930 Πιλάτον
3132 2878 3572 2950 προκαθήμενον,
3610 2877 3694 2930 καὶ

2129 2967 2387 3037 Καϊάφαν
2407 2967 2557 3038 αύτῷ
2583 2967 2682 3039 τὴν
2707 2965 2912 3039 ἐσθῆτα
2937 2970 3483 3040 περισπαράσσοντα,
3504 2970 3694 3025 καὶτὸν

2132 3793 2316 3865 θῆναι,
2361 3795 2456 3848 καὶ
2494 3795 2598 3863 τῆς
2651 3795 2866 3869 πληγῆς
2893 3799 3227 3869 ἀνασχέσθαι
3255 3799 3373 3854 τῶν
3402 3800 3558 3855 λίθων
3595 3798 3691 3851 τῶν

2121 3884 2559 3957 συνωθουμένων
2598 3888 2756 3960 παρά
2799 3889 2895 3943 τοῦ
2928 3889 3143 3960 ὕδατος,
3185 3892 3344 3963 ὅμως
3374 3895 3464 3950 διά
3488 3895 3547 3949 τδ
3574 3911 3689 3963 συμ-

2129 3977 2305 4043 παθὲς
2342 3977 2406 4032 τδ
2450 3980 2582 4052 περὶ
2623 3980 2718 4034 τὸν
2751 3981 3141 4040 -κινδυνεύοντα
3181 3985 3286 4040 οὐκ
3345 3987 3558 4042 ὀκνοῦσι
3605 3983 3688 4054 τὴν

2129 4070 2364 4125 εἴσοδον·
2423 4069 2567 4125 οὕτω
2619 4072 2716 4128 καὶ
2753 4074 2794 4127 ιδ
2853 4074 3235 4148 φιλάνθρωπος
3273 4078 3434 4150 ήμῶν
3485 4075 3685 4148 MP.

2127 4163 2411 4236 ἐθελοντὴς
2441 4164 2748 4237 ὑϐριστικά
2779 4166 2876 4221 καῒ
2907 4167 3081 4239 ἄτιμα
3111 4168 3466 4238 κατεδέξατο,
3500 4171 3585 4224 {va
3609 4168 3686 4221 τὸν

433 3813 579 3857 trum
607 3816 989 3873 propugnare,
1015 3810 1072 3858 et
1101 3803 1264 3873 paulo
1281 3809 1418 3874 ,post
1439 3802 1682 3872 seipsum
1704 3817 1804 3873 per
1839 3817 2026 3859 resur-

433 3893 736 3948 rectionem
765 3892 832 3946 ad
848 3893 1091 3965 ,gloriam
1110 3894 1559 3950 immortalitatis
1580 3895 2020 3951 'transl'ormare:

433 3999 501 4039 ac
552 3983 821 4056 quidquid
879 3984 1125 4041 futurum
1177 3993 1332 4053 erat,
1391 3985 1708 4057 cognitione
1771 3987 2025 4058 praescri-

433 4083 590 4146 ptum
639 4075 874 4141 habens,
913 4091 1022 4130 non
1048 4074 1266 4132 distulit
1289 4074 1614 4131 beneﬁcium
1647 4076 1853 4133 homini
1885 4092 2025 4148 pra:-

433 4175 622 4234 stare,
680 4183 859 4239 neque
902 4167 955 4222 in
985 4167 1292 4238 longiorem
1313 4166 1473 4222 diem
1535 4167 1772 4224 contulit
1827 4184 2020 4226 earum

431 4272 614 4312 rerum
647 4257 1186 4315 administrationem
1212 4298 1229 4324 ,
1269 4255 1368 4314 sed
1390 4257 1858 4329 quemadmodum
1906 4259 2016 4325 illi,

2128 4256 2190 4324 ἐξ
2235 4256 2455 4328 ἀπάτης
2508 4257 2882 4332 ἀπολλύμενον
2935 4259 3120 4334 σώσῃ,
3173 4263 3442 4336 κατῆλθεν
3494 4265 3568 4328 είς
3610 4260 3686 4315 τὴν

430 4351 524 4420 qui
543 4350 779 4406 debilem
796 4349 1043 4422 'aliquem
1080 4351 1150 4406 ab
1182 4351 1390 4422 impetu
1451 4352 1720 4407 torrentis
1751 4357 1810 4408 et
1856 4365 2017 4407 vorao

2128 4347 2266 4417 βίον,
2307 4347 2498 4420 ἐπειδὴ
2541 4350 2762 4422 προῄδει
2803 4351 2899 4405 καὶ
2934 4350 3036 4424 τὴν
3065 4352 3249 4408 ἄνοδον
3277 4353 3506 4421 ἔνδοξον.
3547 4341 3685 4408 Ἀποὲ

430 4440 573 4509 giuis
600 4439 719 4510 rapi
747 4439 972 4505 vident,
1002 4441 1132 4496 licet
1175 4439 1319 4494 haud
1357 4441 1674 4511 ignorantes
1699 4441 1847 4513 quod
1898 4441 2019 4498 ﬁeri

2129 4439 2309 4495 θανεῖν
2348 4439 2429 4512 τῷ
2462 4440 2791 4513 ἀνθρωπίνῳ
2834 4443 3028 4498 ἑαυτὸν
3069 4444 3472 4518 συνεχώρησεν,
3521 4443 3682 4513 ἐπειδὴ

422 4529 628 4600 possit,
661 4537 722 4583 ut
741 4544 912 4585 emno
935 4531 1196 4587 torrentis
1223 4531 1329 4602 ipsi
1373 4547 1594 4602 quoque
1630 4532 2016 4597 involvantur,

2128 4531 2224 4586 καὶ
2252 4529 2352 4603 τὴν
2386 4531 2606 4602 ἔγερσιν
2650 4533 3075 4604 προεγίνωσκεν.
3120 4537 3194 4589 Ού
3225 4537 3334 4608 γάρ
3374 4538 3451 4602 ὡς
3489 4530 3566 4600 εἷς
3593 4533 3684 4586 τῶν

427 4632 483 4677 et
511 4621 778 4692 lapidum,
798 4637 940 4692 quos
970 4639 1160 4678 secum
1195 4638 1338 4694 aqua
1370 4625 1516 4695 rapit
1545 4633 1712 4696 atque
1740 4625 2016 4696 provehit,

2128 4623 2326 4678 κοινῶν
2371 4622 2699 4695 ἀνθρώπων,
2744 4625 3132 4696 ῥιψοκινδύνως
3173 4629 3379 4700 ὲτύλμα
3406 4632 3472 4703 τῇ
3514 4626 3683 4696 ἀδηλίᾳ

426 4715 630 4770 ictibus
657 4713 948 4781 lzedantur,
963 4723 1146 4771 tamen
1167 4731 1279 4786 prae
1295 4715 1676 4774 misericordia
1699 4719 2023 4790 periclitan-

2128 4715 2222 4770 τοῦ
2253 4716 2542 4788 μέλλοντος
2579 4717 2895 4789 ἐπιτρέπων
2933 4718 3034 4790 τὴν
3057 4719 3304 4785 ἔκϐασιν,
3335 4720 3452 4775 ἀλλ’
3480 4720 3550 4784 ὡς
3572 4715 3683 4775 Θεὸς

429 4808 505 4864 tis
529 4807 744 4880 ingredi
768 4821 880 4862 non
921 4817 1222 4878 gravantur
1253 4823 1268 4860 :
1298 4807 1372 4862 ita
1397 4807 1657 4867 Servator
1690 4818 1882 4868 noster
1909 4811 2017 4866 hu-

2128 4809 2392 4882 ᾤκονύμει
2431 4809 2495 4864 τὺ
2544 4809 2924 4881 προκείμενον,
2959 4811 3052 4865 ἐπὶ
3083 4811 3232 4884 ρητῷ
3266 4812 3362 4868 καὶ
3385 4806 3682 4881 ἐγνωσμένφ

425 4915 624 4956 manus
649 4899 794 4955 ultro
821 4914 885 4954 ac
904 4907 1108 4970 sponte
1136 4915 1235 4956 sua
1250 4902 1664 4958 contumeliosa
1693 4909 1749 4959 et
1776 4902 2014 4974 ignomi-
2112 4902 2194 4975 τῷ
2219 4901 2383 4957 τέλει.

422 4997 580 5052 uiosa
606 4995 874 5064 suscepit,
901 5002 962 5048 ut
988 5009 1113 5050 eum
1143 4996 1239 5065 qui
1271 4994 1468 5053 fraude
1490 4998 1752 5068 perierat,
1779 5007 2044 5062 servaret,
2064 4996 2351 5054 descendit
2373 4998 2428 5053 in
2452 4997 3014 5068 mundum,quoniam
3041 4998 3376 5069 praevidebat
3401 4996 3556 5054 etiam
3583 4987 3680 5060 κιο·

424 5087 632 5142 riosum
651 5101 969 5144 ascensum.
991 5085 1127 5143 Mori
1151 5103 1210 5144 se
1237 5089 1427 5160 generi
1453 5092 1693 5145 humano
1714 5069 1986 5160 permisit,
2017 5092 2279 5162 quoniam
2299 5090 2764 5148 resurrectionem
2780 5107 3002 5162 quoque
3027 5093 3427 5162 presentiebat,
3450 5098 3500 5144 et
3520 5085 3678 5140 animo

423 5181 778 5249 praevidebat.
808 5179 928 5237 Non
951 5183 1100 5237 enim
1133 5183 1299 5239 sicuti
1331 5200 1477 5240 unus
1503 5199 1570 5240 ex
1593 5185 1914 5256 vulgaribus
1937 5187 2258 5243 hominibus
2286 5196 2492 5243 temere
2531 5202 2655 5244 sese
2699 5187 2960 5259 periculis
2987 5187 3307 5259 objiciebat,
3332 5175 3675 5241 incertitudini

423 5268 595 5326 futuri
625 5281 860 5329 eventus
907 5287 1022 5328 rem
1055 5277 1413 5332 committens
1436 5316 1451 5342 ,
1494 5275 1591 5331 sed
1632 5284 1894 5347 tanquam
1921 5277 2064 5335 Deus
2099 5294 2214 5335 rem
2258 5278 2598 5349 propositam
2623 5287 2776 5334 certo
2799 5278 3187 5348 destinatoque
3211 5278 3314 5332 ﬁne
3343 5275 3575 5345 regebat.

495 5360 628 5416 Hart:
648 5363 818 5432 igitur
843 5373 923 5419 est
952 5365 1066 5420 die:
1089 5404 1104 5428 ,
1135 5383 1298 5437 quam
1333 5368 1460 5438 fecit
1500 5369 1793 5437 Dominus,
1828 5371 2013 5426 exsul—

2196 5370 2362 5438 Αὒτη
2409 5370 2588 5425 τοίνυν
2628 5367 2898 5440 ἠήμέρα,
2931 5369 3012 5438 ἦν
3049 5370 3340 5436 ἐποίησεν
3379 5369 3412 5422 ὁ
3455 5365 3674 5432 Κύριοςο

425 5457 596 5506 mutus
637 5461 687 5506 et
739 5454 982 5510 lwtemur
1027 5457 1084 5511 in
1121 5459 1240 5526 ια’,
1277 5475 1386 5516 non
1427 5460 1790 5518 ebrietatibus
1827 5470 1882 5517 et
1922 5477 2018 5516 co-

2128 5462 2627 5534 ἀταλλιασώμεθα
2659 5462 2757 5518 καὶ
2806 5462 3232 5532 εὐφρανθῶμεν
3282 5462 3350 5515 ἐν
3395 5455 3558 5524 αὐτῇ,
3611 5451 3672 5523 μὴ

424 5545 892 5610 messationibus,
957 5563 1068 5603 non
1128 5550 1316 5608 choris
1384 5559 1440 5606 et
1478 5551 2009 5608 debacclna—tionibus

2128 5555 2321 5626 μέθαις
2351 5555 2446 5609 καὶ
2477 5554 2705 5626 κώμοις,
2743 5553 2818 5626 μὴ
2855 5557 3038 5626 χοροῖς
3064 5555 3157 5607 καὶ
3189 5551 3519 5624 παροινίαις,
3557 5540 3671 5599 ἀλλά

424 5632 672 5699 insanis,
698 5637 792 5692 sed
832 5638 1033 5695 divinis
1073 5656 1136 5695 ac
1171 5641 1280 5699 Deo
1316 5645 1772 5701 convenientibus
1797 5645 2013 5716 cogita-

2128 5650 2242 5712 ταῖς
2268 5647 2562 5701 θεοειδέσιν
2585 5646 2838 5710 ἐννοίαις.
2874 5647 3122 5718 Σήμερον
3163 5645 3376 5700 ἅπασαν
3407 5641 3500 5712 τὴν
3520 5639 3670 5691 οἰκου-

423 5727 689 5785 tionibus.
731 5728 906 5788 llodie
929 5733 1248 5789 universum
1284 5735 1474 5794 orbem
1513 5745 1788 5807 terrarum
1823 5738 2010 5798 videre

2128 5740 2294 5814 μένην
2321 5739 2469 5796 ἔστιν
2501 5739 2628 5796 ἰδεῖν
2654 5739 2732 5804 ὡς
2754 5739 2882 5795 μίαν
2909 5739 3087 5794 οἰκίαν
3121 5739 3201 5804 είς
3232 5733 3536 5809 συμφωνίαν
3569 5725 3668 5788 ἑνὸς

508 5905 527 5938 ³
548 5903 697 5961 Psal.
719 5922 890 5973 σπι-ιι,
918 5911 1008 5964 94.
