3882 6414
227 374 329 437 657

1141 370 1207 426 ΙΝ
1241 367 1541 427 οηιιιδτι.
1565 366 2201 428 RESURRECTIONEM
2232 367 2442 428 ORAT.
2475 367 2562 425 Ill.

3393 373 3499 428 €58

230 494 549 568 πράγματος
593 491 968 564 συγχυθεῖσανν
1004 489 1099 545 τοῦ
1149 492 1293 546 κατά
1336 491 1624 562 συνήθειαν
1670 491 1810 562 πρά.-

1923 491 2048 546 licct
2071 489 2340 558 ,perinde
2378 504 2442 543 ac
2460 488 2516 544 si»
2549 503 2657 544 una
2687 487 2887 546 domus
2933 496 3078 546 esset
3101 531 3114 551 .
3138 489 3191 543 in
3223 490 3389 546 unius
3425 495 3503 547 rei

230 605 453 660 γματος,
487 585 1024 658 μετωκευασοεῖσαιν
1055 585 1110 638 δὲ
1147 586 1227 638 ἐνὶ
1261 585 1566 655 συνθήματι
1609 585 1688 648 είς
1712 583 1810 654 τῆν

232 679 460 750 σπουδὴν
485 682 586 750 τῆς
613 678 797 749 εὐχῆς.
817 679 882 730 Et
909 677 1175 749 λεωφόροι
1204 679 1328 741 τοὺς
1364 677 1678 749 ὁδοιπόρους
1710 677 1811 730 οὐκ

231 770 438 842 ἔχουσι·
492 769 740 824 Θάλασσα
795 769 1038 841 σήμερον
1087 768 1300 822 ναυτῶν
1359 770 1453 822 καὶ
1505 768 1811 840 πλωτήρων

231 861 429 931 ἔρημος
443 876 457 890 ·
487 858 732 930 γεωργὸς
751 857 849 929 τὴν
873 857 1162 928 σκαπάνην
1185 855 1356 910 καὶτὸ
1371 856 1598 927 ἄροτρον
1624 855 1808 927 ῥίψας,

231 955 307 1016 είς
332 952 392 1004 τὸ
416 949 513 1004 τοῦ
541 947 893 1021 έορτάζοντος
929 949 1114 1018 σχῆμα
1144 945 1584 1000 ἐκαλλωπίσατοο
1625 945 1682 998 at
1713 962 1812 998 xa-

233 1046 446 1116 πηλεῖαι
476 1043 578 1114 τῆς
611 1040 882 1113 ἐμπορίας
911 1038 1288 1111 σχολάζουσιν·
1325 1040 1382 1093 at
1414 1037 1667 1108 ὀχλήσεις
1690 1037 1812 1090 ἐλύ-

231 1137 416 1209 θησαν,
448 1137 526 1199 ώς
551 1133 760 1206 χειμὼν
808 1133 1164 1202 ἐπιφανέντος
1206 1131 1396 1201 ἔαρος·
1439 1129 1666 1201 θόρυϐοι
1718 1130 1813 1185 καὶ

229 1224 458 1298 ταραχαὶ
502 1224 599 1278 καὶ
641 1223 810 1289 ζάλαι
841 1221 1114 1293 τοῦιβίου,
1142 1223 1206 1294 τῇ
1261 1221 1454 1294 εἰρήνῃ
1485 1221 1579 1292 τῆς
1616 1221 1812 1293 ἑορτῆς

231 1317 600 1388 ὐπεξὲστησαν
619 1331 634 1362 .'
663 1317 692 1370 ὁ
730 1314 902 1386 πένης
929 1315 1006 1379 ὡς
1033 1313 1288 1378 πλούσιος
1321 1314 1724 1379 καλλωπίζεται
1741 1331 1756 1348 ο
1783 1316 1813 1368 ὁ

231 1408 477 1471 πλούσιος
524 1408 624 1480 τῆς
655 1407 945 1479 συνηθείας
989 1405 1448 1478 περιφανέστερος
1498 1406 1808 1460 δείκνυταιο

229 1503 256 1554 ό
279 1499 591 1572 πρεσϐύτης
619 1499 695 1564 ώς
735 1499 855 1563 νέος
889 1497 1073 1570 τρέχει
1104 1498 1243 1570 πρὸς
1265 1497 1364 1571 τὴν
1393 1499 1686 1570 μετουσίαν
1712 1499 1812 1568 τῆς

230 1592 564 1664 εὐφροσύνης
585 1608 598 1623 '
627 1591 656 1644 ό
684 1590 936 1664 ἀσθενὴς,
968 1591 1062 1645 καὶ
1098 1591 1200 1662 τὴν
1232 1591 1389 1645 νόσον
1433 1591 1714 1662 βιάζεται·
1751 1593 1814 1646 τὸ

230 1685 434 1740 παιδίον
479 1689 548 1758 τῇ
584 1685 854 1758 ἐξαλλαγῇ
893 1687 991 1756 τῆς
1029 1685 1256 1753 ἐσθῆτος
1317 1683 1590 1756 αἰσθητῶς
1623 1685 1814 1757 ἑορτά-

231 1777 342 1843 ζει,
395 1777 588 1849 ἐπειδὴ
639 1777 846 1848 νοητῶς
893 1776 1104 1831 οὐδέπω
1151 1775 1396 1831 δύναται.
1438 1775 1814 1847 Ἦ..παρθένθς

233 1869 629 1942 ὐπεργάννυται
659 1869 759 1941 τὴν
785 1868 986 1943 ψυχὴν,
1023 1870 1106 1924 ὅτι
1131 1867 1233 1940 τῆς
1269 1869 1406 1933 ίδίας
1432 1869 1646 1934 ἐλπίδος
1674 1869 1816 1942 λαμ-
1847 1863 1888 1922 Β

231 1963 368 2034 πράν
408 1963 502 2017 καὶ
545 1961 698 2016 οὕτω
734 1962 1201 2035 τιμωμένηνμτὴν
1227 1963 1554 2035 ὑπόμνησιν
1588 1961 1809 2034 βλέπει·

231 2055 518 2128 ήέγγαμος
546 2057 656 2127 ὅλῳ
685 2055 770 2128 τῷ
789 2055 1120 2128 πληρώματι
1145 2055 1249 2126 τῆς
1274 2055 1452 2122 οίκίας
1479 2056 1815 2130 ἑορτάζουσα

231 2149 428 2221 χαίρει⁹
453 2148 553 2202 νῦν
579 2149 690 2222 γὰρ
714 2148 876 2219 αὐτὴ,
914 2147 1008 2203 καὶ
1039 2149 1068 2202 ό
1097 2148 1370 2217 σύνοικος,
1406 2149 1500 2202 καὶ
1526 2151 1573 2204 οἱ
1601 2151 1811 2218 παῖδες,

231 2241 317 2294 καὶ
342 2242 389 2294 οί
429 2239 672 2305 οἰκέται,
703 2239 800 2294 καὶ
829 2239 1032 2304 πάντες
1064 2239 1303 2310 ἐφέστιοι
1331 2241 1676 2310 ἀγάλλονται.
1703 2243 1816 2296 Καὶ

230 2334 407 2405 ῶσπερ
451 2333 514 2388 τὸ
561 2331 771 2404 σμῆνος
815 2331 927 2386 τῶν
975 2331 1249 2402 μελισσῶν
1279 2332 1341 2386 τὸ
1373 2332 1494 2388 νέον
1527 2334 1622 2388 καὶ
1663 2333 1817 2406 ἀρτί-

231 2441 396 2490 τοκον,
437 2423 660 2496 πρῶτον
707 2423 810 2493 τῆς
849 2421 1198 2488 καταδύσεως
1229 2423 1262 2495 ἦ
1312 2423 1422 2480 τῶν
1466 2424 1817 2481 καλαθίσκων

233 2516 358 2588 πρὸς
383 2517 478 2572 τὸν
500 2516 646 2590 ἀέρα
674 2515 769 2571 καὶ
799 2515 862 2570 τὸ
894 2515 1010 2587 φῶς
1037 2516 1421 2588 ἐξιπτάμενον,
1454 2517 1660 2590 ἄθρουν
1677 2517 1814 2590 όμοῦ

231 2609 318 2662 καὶ
349 2608 696 2681 συνηγμένον
740 2609 823 2664 ἐνὶ
872 2609 1053 2682 κλάδῳ
1079 2608 1298 2683 δένδρου
1333 2610 1811 2682 προσπλάσσεταιθ

231 2699 395 2767 οὕτως
440 2703 535 2758 ἐπὶ
593 2701 803 2774 ταύτης
849 2703 951 2775 τῆς
998 2703 1194 2776 ἑορτῆς
1241 2703 1528 2777 ὁλόκληρα.
1565 2704 1635 2760 τὰ
1680 2704 1815 2777 γένη

232 2793 359 2864 πρὸς
383 2794 481 2860 τάς
506 2794 700 2860 ἑστίας
737 2795 1041 2868 συντρέχει.
1078 2796 1188 2850 Καὶ
1210 2795 1438 2868 άληθῶς
1475 2799 1542 2870 τῇ
1585 2799 1818 2870 μιμήσει

234 2884 360 2954 πρὸς
387 2885 488 2958 τήν
541 2886 846 2959 μέλλουσαν
872 2888 1087 2960 ἡμέραν
1121 2889 1155 2961 ή
1187 2889 1441 2960 παροῦσα
1472 2889 1656 2957 καλῶς
1679 2892 1816 2946 ἀνα·-

229 2975 459 3048 φέρεται.
508 2979 887 3050 Ἀθροιστικαὶ
951 2981 1062 3054 γὰρ
1108 2980 1412 3055 ἀνθρώπων
1470 2982 1815 3056 ἀμφότεραι,

227 3068 396 3142 ἐκείνη
428 3071 551 3127 τῶν
596 3073 850 3140 καθόλου,
890 3073 1032 3146 αὕτη
1061 3075 1170 3130 τῶν
1217 3075 1313 3130 ἐπὶ
1365 3075 1599 3149 μέρουςο
1647 3077 1736 3132 ἵνα
1760 3078 1819 3132 δὲ

228 3159 675 3235 ⁴οὸ-ιῐιληθιέστερον
698 3164 964 3236 εἴπωμεν,
1005 3164 1130 3219 ὅσον
1157 3167 1238 3230 είς
1278 3166 1612 3240 φαιδρότητα
1659 3167 1816 3241 φέρει

230 3256 316 3310 καὶ
339 3257 635 3330 εὐθυμίαν,
666 3257 808 3330 αὐτη
838 3260 938 3331 τῆς
969 3258 1428 3333 προσδοκωμένης
1454 3261 1815 3335 χαριεστέρα,

229 3340 403 3416 ἐπειδὴ
443 3344 580 3398 τότε
633 3345 732 3416 μὲν
772 3346 1086 3415 ἐπάναγκες
1132 3347 1227 3402 καὶ
1273 3349 1406 3414 τοὺς
1458 3350 1822 3424 ὀδυρομένους

229 3430 607 3507 ὁρᾶσθαι,η;ὣν-
641 3439 698 3492 αἱ
747 3439 1015 3510 ἁμαρτίαι
1047 3439 1562 3496 ἀποκαλύπτονταιο
1623 3441 1822 3498 νῦνηδὲ

232 3527 576 3594 ἀνεπίδεκτος
601 3529 710 3584 τῶν
745 3531 1085 3604 σκυθρωπῶν
1105 3533 1255 3586 ἐστιν
1281 3533 1314 3604 ὴ
1337 3533 1625 3589 εὐπάθεια.
1660 3534 1735 3589 '0
1760 3552 1822 3589 τε

233 3620 330 3693 γὰρ
354 3622 570 3688 δίκαιος
603 3623 980 3696 εὐφραίνεται,
1004 3624 1156 3679 καὶιό
1189 3624 1253 3679 τὸ
1275 3625 1515 3690 συνειδὸς
1544 3627 1620 3698 μὴ
1647 3625 1822 3682 καθαο

237 3709 394 3779 ρεύων
417 3712 686 3783 ἀναμένει
705 3713 814 3786 ετὴν
857 3716 922 3768 ἐκ
945 3714 1044 3785 τῆς
1075 3716 1363 3786 μετανοίας
1391 3716 1700 3789 διόρθωσιν,
1729 3717 1824 3773 καὶ

236 3803 372 3856 πᾶσα
397 3805 429 3877 ή
458 3805 616 3876 λύπη
646 3806 740 3860 ἐπὶ
775 3805 879 3877 τῆς
919 3807 1207 3880 παρούσης
1230 3808 1446 3881 ἡμέρας
1477 3810 1820 3882 κοιμίζεταιο

234 3893 397 3961 οὐδεὶς
429 3897 487 3951 δὲ
515 3895 672 3950 οὓτω
692 3897 1034 3965 κατώδυνος,
1055 3898 1132 3965 ώς
1151 3899 1337 3955 ἄνεσιν
1369 3901 1446 3974 μὴ
1473 3902 1734 3974 εὑρέσθαι
1753 3905 1823 3976 τῇ

239 3988 683 4063 μεγαλοπρεπείᾳ
709 3990 808 4061 τῆς
842 3991 1037 4064 ἐορτῆς
1055 4009 1070 4024 ⁸
1104 3991 1203 4048 νῦν
1229 3994 1260 4049 δ
1286 3993 1573 4067 δεσμώτης
1596 3995 1788 4052 λύεται
1805 4013 1821 4028 ·

237 4079 265 4132 δ
296 4079 579 4152 χρεώστης
598 4079 821 4152 ἀφίεται
836 4096 849 4112 ο
871 4082 901 4134 ό
922 4079 1110 4145 δοῦλος
1129 4080 1510 4154 ἐλευθεροῦται
1533 4081 1611 4155 τῷ
1633 4082 1826 4156 ἀγαθῷ

240 4169 718 4244 καὶφιλανθρώπῳ
731 4171 833 4243 τῆς
867 4170 1196 4244 Ἐκκλησίας
1214 4173 1556 4246 κηρύγματι,
1582 4175 1642 4228 οὐ
1671 4177 1827 4248 ῥαπι-
1850 4216 1852 4218 τ

242 4260 455 4333 ξάμενος
489 4265 823 4338 ἀσχημόνως
859 4266 1004 4321 κατά
1049 4268 1151 4338 τῆς
1194 4269 1450 4337 παρειᾶς,
1487 4267 1583 4321 καὶ
1639 4269 1822 4342 πληγῇ

240 4356 330 4426 τῆς
375 4359 590 4433 πληγῆς
627 4359 960 4432 ἀφιέμενος,
1004 4359 1126 4414 οὐδὲ
1168 4359 1374 4432 ὥσπερ·
1409 4362 1468 4414 ἐν
1511 4364 1706 4434 πομπῇ
1747 4361 1828 4434 τῷ

242 4445 388 4519 δήμῳ
425 4449 778 4523 δεικνύμενος
797 4451 888 4521 ἐφ’
917 4451 1108 4524 ὑψηλῷ
1139 4451 1378 4525 βήματι,
1423 4452 1590 4526 ὓϐριν
1606 4454 1666 4508 δὲ
1687 4453 1826 4526 ἔχων

1911 583 1982 638 de
2013 599 2168 639 more
2209 583 2325 638 fieri
2358 582 2535 638 solita:
2586 597 2916 638 consensum
2969 596 3036 636 ac
3097 582 3256 650 quasi
3294 596 3501 636 conso-

1912 677 2160 732 nantiam
2203 676 2410 732 coiisse
2436 683 2602 746 atque
2664 676 2978 739 coaluisse,
3021 689 3244 744 unoque
3301 674 3499 745 signo,

1912 768 2072 837 quasi
2110 775 2319 822 tessera
2371 764 2721 833 accepta-ad
2749 764 3018 821 studium
3079 764 3351 818 orationis
3391 771 3505 817 tra-

1911 859 2172 915 ductum.
2203 857 2316 913 Via:
2339 857 2916 928 publicmvviatoribus
2955 863 3142 911 carent
3165 896 3180 920 ,
3221 870 3374 910 mare
3410 855 3505 916 lio-

1911 951 2003 1009 die
2029 968 2066 1007 a
2098 951 2285 1007 nautis
2312 959 2368 1007 et
2395 950 2711 1006 vectoribus
2735 948 3024 1006 desertum
3060 967 3074 1002 :
3109 947 3350 1018 agricola
3382 962 3507 1000 ara-

1911 1049 2002 1098 tro
2060 1056 2125 1096 ac
2159 1042 2341 1113 ligone
2380 1041 2626 1112 projecto
2661 1039 2716 1095 in
2775 1041 3023 1096 habitum
3057 1040 3309 1095 feriantis
3353 1054 3506 1094 com-

1913 1135 2128 1206 ροείιυε
2152 1142 2207 1192 ει
2239 1142 2538 1190 exornatus
2553 1145 2658 1198 est,
2686 1149 2953 1204 cauponae
2975 1150 3002 1188 8
3024 1140 3239 1205 ηιιωειιι
3265 1140 3466 1187 vacant
3487 1149 3502 1188 ε

1915 1229 2178 1300 strepitus
2209 1239 2470 1300 tanquam
2513 1229 2690 1284 hiems
2728 1238 3018 1299 appetente
3062 1243 3190 1282 vere
3246 1237 3507 1284 cessant:

1913 1322 2183 1378 tumultus
2207 1365 2221 1386 ,
2265 1322 2438 1377 turbre
2459 1365 2473 1388 ,
2506 1321 2630 1376 vitae
2659 1321 2914 1393 procella:
2943 1320 3066 1391 paci
3101 1330 3154 1374 ct
3183 1320 3354 1390 quieti
3397 1320 3508 1378 dici

1915 1412 2042 1469 festi
2105 1415 2501 1479 decesserunt,
2565 1429 2772 1484 pauper
2823 1422 2883 1467 ut
2940 1413 3094 1469 dives
3158 1419 3500 1469 exornatur.

1913 1504 2067 1560 dives
2100 1505 2266 1560 solito
2289 1503 2632 1575 splendidior
2660 1503 3040 1574 conspicitur;
3075 1517 3241 1558 senex
3276 1500 3510 1570 perinde

1915 1613 1980 1652 ac
2009 1597 2233 1666 juvenis
2252 1597 2505 1652 accurrit
2537 1639 2555 1664 ,
2600 1605 2664 1651 ut
2691 1596 2965 1667 particeps
3009 1593 3210 1649 laetitiae
3249 1593 3381 1657 ﬁat,
3417 1594 3506 1648 in-

1917 1691 2128 1747 (irritus
2152 1705 2375 1762 quoque
2415 1690 2526 1744 vim
2588 1689 2792 1744 morbo
2811 1685 3014 1743 aﬂ‘ert:
3055 1686 3272 1758 puellus
3320 1685 3507 1742 infans

1917 1782 2226 1839 mutatione
2246 1783 2419 1838 vestis
2435 1796 2610 1838 sensu
2627 1788 2855 1837 externo
2880 1779 3076 1835 festum
3091 1778 3242 1843 colit,
3267 1776 3509 1848 quando-

1917 1874 2140 1946 quidem
2167 1874 2416 1930 interiori
2429 1872 2806 1929 animi-sensu
2823 1870 3080 1926 nondum
3106 1878 3310 1941 potest.
3338 1867 3507 1939 Virgo

1915 1971 1971 2024 in
2000 1967 2186 2023 animo
2212 1981 2316 2024 suo
2355 1967 2712 2023 vehementer
2751 1964 2968 2018 laatatur
2995 2003 3011 2028 ,
3066 1963 3216 2034 quod
3248 1977 3363 2018 sua:
3390 1964 3506 2031 spei

1915 2061 2358 2118 recordationem
2413 2059 2550 2115 adeo
2605 2059 2893 2131 splendide
2957 2056 3222 2112 honorari
3277 2058 3502 2121 cernit;

1916 2151 2332 2210 materfamilias
2366 2166 2492 2207 cum
2529 2159 2646 2207 toto
2678 2166 2840 2222 grege
2866 2149 3066 2205 domus
3090 2187 3108 2213 ,
3153 2150 3375 2204 nemine
3423 2147 3508 2201 I‘a-

1916 2245 2215 2301 miliarium
2263 2252 2428 2315 atque
2490 2242 2919 2299 domesticorum
2983 2241 3252 2306 absente,
3304 2239 3507 2296 festum

1917 2338 2206 2395 celebrans
2237 2338 2461 2393 laatatur
2495 2355 2510 2392 :
2545 2350 2695 2391 nunc
2721 2334 2869 2390 enim
2903 2333 3022 2405 ipsa
3078 2340 3246 2404 atque
3277 2331 3512 2386 maritus

1917 2442 1978 2489 et
1996 2431 2192 2500 liberi,
2241 2439 2298 2488 et
2337 2430 2524 2498 servi,
2549 2443 2855 2496 omnesque
2889 2427 3181 2484 domestici
3230 2427 3510 2481 laetantur.

1917 2522 2202 2581 Acveluti'
2220 2537 2512 2582 novumac
2568 2537 2764 2578 recens
2794 2520 3007 2577 editum
3060 2534 3294 2576 examen
3347 2533 3512 2588 apum

1917 2629 1987 2671 ex
2020 2614 2274 2670 latibulis
2298 2613 2540 2685 primum
2581 2619 2638 2669 et
2699 2610 3015 2666 alvearibus
3048 2608 3214 2667 simul
3260 2617 3514 2663 coactum

1918 2715 2086 2777 atque
2114 2705 2424 2763 confertum
2456 2705 2513 2761 in
2544 2718 2731 2760 aerem
2766 2717 2832 2758 ac
2862 2701 3041 2758 lucem
3093 2700 3321 2758 evolans
3357 2713 3532 2754 ramo:

1918 2798 2156 2870 alicujus
2197 2797 2415 2854 arboris
2465 2811 2588 2854 sese
2642 2795 2886 2867 applicat
2921 2801 2977 2850 et
3030 2792 3318 2849 considit:
3368 2791 3533 2846 baud-ﬁ

1919 2889 2079 2945 aliter
2100 2889 2155 2943 in
2189 2888 2296 2944 hoc
2328 2886 2469 2944 festo
2509 2887 2738 2958 integra:
2774 2885 3000 2940 familia:
3039 2882 3109 2937 ad
3159 2883 3318 2940 sedes
3349 2896 3502 2952 quaa-

1920 2994 2032 3051 que
2083 2994 2217 3036 suas
2265 2977 2580 3034 conﬂuunt.
2616 2981 2699 3034 Are
2756 2975 3006 3048 profecto
3032 2975 3152 3046 ipsa
3204 2975 3516 3030 imitatione

1920 3085 2164 3143 praesens
2192 3071 2310 3128 dies
2333 3070 2400 3126 ad
2429 3069 2677 3126 futurum
2712 3078 2862 3126 recte
2899 3066 3144 3125 refertur
3177 3075 3342 3138 atque
3365 3081 3518 3122 com-

1920 3172 2169 3235 paratur.
2199 3162 2443 3236 Uterque
2471 3162 2618 3220 enim
2655 3162 2944 3217 hominum
2983 3169 3354 3230 congregator
3387 3167 3512 3214 est:

1924 3258 2015 3316 ille
2041 3259 2451 3324 universorum,
2474 3258 2564 3313 hic
2594 3256 2961 3329 singularium
2995 3274 3010 3312 :
3039 3263 3100 3310 ut
3122 3261 3304 3309 autem
3333 3252 3518 3308 verius

1923 3349 2212 3416 dicamus,
2245 3357 2516 3422 quantum
2547 3349 2618 3406 ad
2678 3349 2928 3406 laetitiam
2975 3347 3218 3419 pertinet
3239 3355 3294 3402 et
3327 3345 3519 3401 hilari-

1923 3447 2128 3498 tatem:
2171 3441 2289 3497 haec
2320 3455 2487 3513 quam
2518 3441 2611 3496 illa
2635 3482 2653 3509 ,
2707 3456 2832 3512 quae
2861 3447 3253 3512 exspectatur,
3309 3438 3520 3510 gratior

1924 3549 1990 3589 ac
2038 3533 2343 3605 jucundior
2394 3542 2511 3602 est,
2567 3533 2772 3605 quippe
2815 3540 2948 3588 tunc
3007 3530 3232 3603 quidem
3286 3545 3521 3586 necesse

1923 3634 2010 3682 est
2035 3627 2198 3683 etiam
2223 3626 2590 3683 lamentantes
2610 3625 2808 3691 videri,
2841 3638 3080 3696 quorum
3109 3621 3366 3678 videlicet
3393 3637 3521 3692 pec-

1925 3731 2051 3777 cata
2080 3722 2452 3794 deteguntur;
2510 3724 2804 3794 praesentis
2859 3736 2995 3777 vero
3056 3719 3164 3776 diei
3195 3718 3520 3790 jucunditas

1927 3813 2111 3871 nullos
2141 3813 2384 3869 admittit
2411 3814 2600 3870 tristes
2627 3820 2684 3869 et
2713 3812 2901 3868 animo
2920 3811 3216 3867 demissos.
3270 3808 3406 3864 Nam
3465 3817 3522 3864 et

1921 3906 2110 3979 justus
2138 3906 2394 3972 laetatur,
2427 3905 2568 3962 et-is
2595 3904 2688 3977 qui
2723 3903 3132 3961 conscientiam
3178 3916 3372 3974 puram
3408 3915 3522 3955 non

1926 3999 2143 4064 habet,
2181 4015 2250 4056 ex
2289 3998 2678 4070 resipiscentia
2707 3997 2796 4053 sui
2829 3995 3230 4054 correctionem
3291 4001 3478 4064 sperat
3500 4031 3520 4058 ,

1927 4100 2094 4162 atque
2136 4087 2318 4148 Omnis
2356 4090 2411 4146 in
2435 4089 2692 4161 praesenti
2742 4087 2832 4144 die
2890 4086 3114 4144 tristitia
3165 4085 3346 4156 sepita
3397 4092 3518 4140 est:

1928 4183 2115 4239 nullus
2135 4189 2320 4238 autem
2356 4181 2495 4238 adeo
2526 4180 2858 4253 aegritudine
2889 4194 3126 4250 pressus
3158 4185 3214 4232 et
3239 4175 3521 4231 obnoxius

1927 4281 2046 4338 est,
2109 4271 2258 4342 quin-
2312 4287 2408 4343 per
2465 4271 2635 4342 hujus
2690 4269 2818 4327 festi
2869 4267 3333 4340 magniﬁcentiam
3392 4266 3525 4321 mali

1929 4364 2024 4421 sui
2048 4364 2430 4421 remissionem
2463 4362 2668 4420 sentiat
2702 4371 2890 4432 atque
2915 4361 3164 4416 levamen
3206 4377 3220 4414 :
3283 4357 3392 4412 hoc
3435 4357 3526 4413 die

1930 4458 2084 4513 nexi
2109 4458 2402 4512 solvuntur
2432 4473 2447 4510 :
2484 4454 2706 4511 debitor
2751 4453 3094 4518 dimittitur;
3131 4467 3326 4508 servus
3379 4451 3528 4507 bono

243 4539 328 4633 καὶ
376 4543 751 4616 ἐρυθριασμὺν
810 4543 909 4616 τήν
955 4545 1132 4618 ἀρχὴν
1165 4547 1266 4617 τῆς
1301 4545 1650 4618 ἐλευθερίαςο
1709 4547 1819 4602 ἀλλἸ

1932 4556 1987 4602 ει
2025 4547 2268 4603 humano
2313 4544 2594 4618 praeconio
2633 4555 2798 4615 atque
2825 4543 3014 4599 edicto
3045 4540 3304 4598 Ecclesiae
3332 4557 3528 4597 manu-

243 4627 384 4686 οὕτω
415 4634 660 4705 κοσμίως
703 4634 1034 4705 ἀφιέμενος,
1082 4635 1158 4700 ὼς
1194 4633 1557 4705 γινώσκεται,
1605 4637 1830 4710 εὐεργε-

243 4723 406 4778 τείται
442 4727 536 4780 καῖ
572 4728 601 4780 ό
626 4725 805 4798 μένων
843 4727 937 4780 ἐπὶ
966 4729 1064 4798 τῆς
1088 4727 1336 4792 δουλείας
1368 4728 1468 4785 ἔτι.
1502 4730 1580 4783 El~
1595 4731 1714 4802 γὰρ
1735 4732 1828 4786 καὶ

246 4818 405 4872 πολλὰ
437 4821 534 4874 καὶ
575 4820 747 4894 βαρέα
772 4823 840 4875 τά
876 4823 1269 4894 ἁμαρτήματα,
1301 4824 1830 4897 παραίτησιν-ὑπερ-

247 4904 490 4965 ϐαίνοντα
516 4913 610 4966 καὶ
648 4911 1005 4984 συγγνώμην,
1041 4911 1360 4983 αἰδούμενος
1405 4913 1436 4966 ὁ
1461 4913 1744 4985 Δεσπότης
1767 4914 1830 4968 τὸ

247 4999 337 5070 τῆς
367 5003 583 5076 ἡμέρας
624 5005 862 5077 γαληνὸν
895 5006 991 5060 καὶ
1035 5005 1440 5077 φιλάνθρωπον,
1488 5006 1706 5080 δέχεται
1735 5007 1828 5062 τὸν

249 5089 672 5167 ἀπερριμμένον,
724 5098 819 5152 καὶ
863 5099 920 5152 ἐν
950 5099 1063 5162 τοῖς
1104 5097 1324 5169 ἀτίμοις
1365 5097 1664 5170 ὁρώμενον,
1701 5100 1777 5164 ὡς
1802 5102 1832 5155 ό

252 5187 442 5259 Φαραὼ
487 5191 579 5245 τόν
621 5192 860 5262 οίνοχόον
891 5193 957 5245 ἐκ
989 5190 1085 5244 τοῦ
1116 5191 1518 5262 δεσμωτηρίου.
1554 5187 1678 5247 Οἷδε
1718 5192 1829 5265 γὰρ

250 5279 320 5343 ὡς
358 5281 498 5336 κατά
523 5283 620 5356 τὴν
668 5283 1008 5356 προθεσμίαν
1056 5284 1158 5355 τῆς
1195 5283 1570 5351 ἀναστάσεως,
1607 5279 1676 5359 ἧς
1707 5286 1829 5340 καθ’

251 5370 531 5445 ὁμοιότητα
552 5374 650 5448 τὴν
689 5375 971 5447 παροῦσαν
1003 5375 1273 5448 τιμῶμεν,
1314 5375 1506 5448 χρῄζει
1547 5378 1642 5431 καὶ
1668 5378 1830 5444 αὐτὸς

247 5461 336 5528 τῆς
355 5465 706 5534 ἀνεξικακίας
731 5470 827 5523 καὶ
846 5468 945 5539 τῆς
963 5468 1299 5540 ἀγαθότητος
1313 5469 1406 5523 τοῦ
1423 5470 1718 5534 Δεσπότου,
1738 5473 1833 5526 καὶ

245 5551 492 5622 δανείζων
525 5559 762 5616 ἐνταῦθα
792 5561 884 5614 τὸν
915 5559 1082 5624 ἔλεον,
1133 5560 1411 5633 προσδοκᾷ
1445 5560 1546 5633 τὴν
1575 5561 1832 5616 ἀπόδοσιν

248 5645 303 5698 ὲν
347 5649 546 5722 καιρῷ.
590 5651 891 5707 Ἠκούσατε
914 5693 930 5719 ,
968 5653 1016 5707 οἱ
1067 5651 1363 5719 δεσπόται;
1411 5653 1688 5721 Φυλάξατε
1737 5653 1830 5710 τὸν

250 5734 396 5806 λόγον
423 5742 499 5805 ώς
531 5743 760 5814 ἀγαθὸν,
803 5743 881 5815 μὴ
905 5741 1198 5816 διαϐάλητέ
1221 5762 1288 5815 με
1308 5743 1462 5815 παρὰ
1483 5746 1596 5808 τοϊς
1621 5742 1832 5808 δούλοις

257 5827 324 5894 ὡς
345 5831 552 5903 ψευδῶς
599 5837 696 5910 τήν
740 5835 952 5909 ἡμέραν
983 5835 1426 5909 ἐγκωμιάζοντα·
1469 5836 1695 5908 ἀφέλετε
1731 5836 1830 5908 τὴν

1937 4640 2213 4706 mittitur,
2255 4655 2358 4696 nec
2397 4647 2582 4696 tamen
2617 4638 2791 4710 alapis
2826 4637 2970 4694 finde
3004 4651 3068 4693 os
3109 4636 3232 4706 ejus
3252 4633 3528 4698 -c:editur,

1936 4735 2206 4806 plagaque
2240 4748 2271 4788 a
2313 4733 2472 4805 plaga
2497 4733 2768 4789 liberatur
2799 4751 2814 4786 :
2851 4745 2988 4796 nec,
3057 4727 3524 4799 quemadmodum

1937 4830 1993 4884 in
2021 4843 2222 4900 pompa
2253 4826 2370 4882 ﬁeri
2403 4827 2579 4892 solet,
2615 4827 2669 4880 in
2723 4824 2873 4879 edito
2907 4832 3074 4894 atque
3125 4818 3350 4875 sublimi
3400 4832 3529 4887 sug-

1935 4927 2092 4992 gesto
2144 4919 2349 4991 populo
2405 4925 2761 4985 ostentatur,
2801 4931 2834 4972 a
2877 4916 3083 4972 rubore
3130 4923 3187 4969 et
3243 4917 3530 4966 contume-

1936 5014 2011 5068 lia
2039 5011 2347 5084 libertatem
2367 5025 2525 5066 suam
2549 5024 2783 5066 exorsus
2811 5026 2826 5064 :
2853 5008 2948 5064 sed
2979 5007 3054 5060 ita
3079 5006 3278 5060 decore
3307 5015 3374 5056 ac
3429 4999 3532 5056 bo-

1940 5110 2094 5160 neste
2117 5100 2452 5166 dimittitur,
2518 5109 2598 5156 ut'
2636 5109 2829 5156 notum
2876 5109 3022 5164 est;
3061 5093 3335 5152 beneficio
3396 5091 3528 5147 item

1938 5193 2175 5249 allicitur
2229 5193 2298 5257 is,
2336 5191 2432 5262 qui
2486 5185 2671 5246 adhuc
2725 5191 2782 5246 in
2839 5188 3104 5244 servitute
3136 5190 3344 5239 manet.
3391 5179 3530 5236 Nam

1939 5285 2163 5342 etiamsi
2187 5284 2362 5340 multa
2395 5299 2459 5338 ac
2484 5282 2671 5355 gravia
2723 5281 2838 5336 sint
2862 5279 3092 5342 delicta,
3129 5290 3254 5347 qum
3309 5273 3532 5330 veniam

1941 5392 2006 5434 ac
2035 5377 2480 5448 deprecatiOnem
2521 5371 2792 5429 excedant
2818 5415 2832 5438 ,
2860 5369 3028 5438 hujus
3055 5367 3163 5424 diei
3211 5364 3534 5422 serenitatis

1939 5476 1994 5524 et
2034 5468 2398 5524 humanitatis
2439 5466 2797 5521 veneratione
2845 5461 3114 5516 Dominus
3155 5457 3355 5528 recipit
3382 5455 3535 5526 abjc-

1938 5570 2117 5628 ctum,
2170 5569 2225 5617 et
2257 5561 2402 5616 inter
2427 5559 2565 5613 viles
2595 5565 2650 5615 et
2699 5555 3099 5629 ignominiosos
3130 5549 3492 5622 conspicuum
3517 5587 3532 5611 ,

1940 5651 2404 5724 quemadmodum
2427 5649 2646 5705 Pharae
2670 5663 2738 5704 ex
2777 5662 3003 5704 carcere
3034 5645 3381 5716 pincernam.
3420 5637 3533 5693 No-

1940 5743 2021 5799 vit
2049 5744 2198 5800 cnim
2227 5744 2346 5813 ipse
2388 5754 2637 5814 tempore
2669 5739 3069 5799 resurrectioni
3110 5735 3390 5794 destinato
3410 5772 3429 5799 ,
3463 5729 3532 5785 ad

1941 5835 2100 5910 cujus
2124 5835 2539 5894 similitudinem
2564 5843 2889 5906 praesentem
2911 5832 3056 5892 diem
3079 5829 3540 5889 cclionostamus,
