3882 6428
408 388 515 447 659

1631 381 1689 438 8.
1730 379 2062 440 GBEGORII
2096 378 2391 436 NYSSENI

3552 367 3647 426 660

403 502 573 556 etiam
618 497 860 570 seipsum
914 512 1055 571 opus
1099 498 1305 558 habere
1354 501 1579 559 lenitate
1621 517 1687 559 ac
1736 504 1984 560 bonitate

2107 501 2260 571 λύπην
2297 497 2409 553 τῶν
2451 495 2783 568 θλιϐομένων
2837 490 3048 563 ψυχῶν,
3098 490 3176 554 ὼς
3221 489 3251 542 ὁ
3304 485 3508 586 Κύριος
3550 487 3650 586 των

404 688 691 754 exspectat
723 683 778 737 in
809 692 1054 753 tempore
1084 698 1187 740 suo
1205 684 1527 740 relationem
1565 692 1620 740 et
1648 698 1983 755 compensa-

298 604 309 611 ‘
410 592 665 657 Domini,
699 600 755 647 et
799 591 958 662 quasi
984 599 1180 649 mutuo
1216 594 1654 650 misericordiam
1721 596 1811 650 hic
1844 596 1983 652 dans

2107 591 2357 664 πωμάτων
2382 589 2483 662 τὴν
2521 588 2819 659 νέκρωσινσ
2871 581 3343 655 μεταμορφώσατε
3378 580 3504 644 τοὺς
3545 580 3651 635 au.

2088 700 2224 756 μους
2267 683 2348 745 εἰς
2399 677 2717 751 ἐπιτιμίαν,
2764 674 2893 738 τοὺς
2939 671 3288 743 θλιϐομένους
3324 670 3407 735 εἰς
3456 666 3649 739 χαρὰν,

405 773 631 828 tionem.
689 771 959 837 Audistis,
1009 772 1215 830 domini
1265 794 1279 831 :
1327 774 1616 831 Custodite
1672 789 1982 832 sermonem

2107 775 2212 839 τοὺς
2258 771 2744 847 ἀπαρρησιάστους
2818 767 2901 831 εἰς
2951 763 3286 836 παρρησίαν.
3341 759 3653 829 Ἐξαγάγετι

406 880 507 936 pro
536 866 720 933 bono,
765 881 838 922 ne
891 864 1195 923 traducatis
1232 881 1320 923 me
1362 867 1508 938 apud
1543 881 1766 933 servos,
1821 867 1986 938 quasi

408 958 551 1013 falso
607 972 673 1013 ac
726 972 834 1013 non
886 958 1102 1013 sincere
1149 958 1406 1014 laudibus
1464 958 1738 1014 celebrem
1806 959 1985 1024 diem,

407 1047 673 1104 dimittite
714 1047 1095 1117 aegritudinem
1150 1045 1364 1102 aﬂlictis
1394 1055 1451 1102 et
1506 1046 1688 1102 anxiis
1746 1047 1986 1111 animis,

410 1135 871 1206 quemadmodum
928 1132 1193 1189 Dominus
1249 1135 1577 1206 corporibus
1604 1134 1989 1190 mortiﬁcatioo

411 1242 536 1282 nem
570 1246 584 1283 :
622 1227 891 1282 traducite
918 1224 1152 1282 infames
1184 1226 1254 1281 ad
1300 1226 1675 1294 honestatem;
1717 1226 1990 1282 restituite

411 1320 707 1389 ignominia
738 1329 953 1374 notatos
984 1321 1038 1373 in
1080 1318 1238 1373 fama:
1269 1319 1639 1390 integritatem
1665 1336 1681 1385 ;
1716 1318 1989 1374 traducite

411 1411 479 1466 ad
511 1410 769 1480 gaudium
801 1409 1030 1467 alllictos
1060 1449 1076 1475 ,
1125 1409 1194 1464 ad
1259 1409 1567 1465 libertatem
1619 1412 1893 1466 sermonis
1931 1410 1991 1464 li-

410 1504 574 1559 ducia
626 1519 692 1560 ac
752 1504 1008 1560 libertate
1068 1514 1341 1560 carentes.
1397 1503 1625 1559 Educite
1663 1517 1731 1559 ex
1791 1505 1993 1575 angulo

410 1606 671 1666 tanquam
705 1611 771 1651 ex
794 1595 1065 1666 sepulcris
1090 1595 1391 1666 proiectos.
1424 1595 1742 1652 Eﬂlorescat
1778 1607 1832 1651 et
1859 1597 1994 1652 emi-

411 1696 539 1744 neat
576 1689 633 1743 in
666 1687 922 1744 omnibus
954 1686 1120 1742 sicuti
1150 1685 1251 1742 llos
1274 1728 1289 1753 ,
1333 1687 1501 1743 decor
1539 1686 1649 1742 dici
1681 1685 1823 1743 festi.
1855 1685 1991 1743 Nam

413 1781 460 1837 si
482 1780 681 1836 natalis
719 1778 839 1835 dies
880 1778 1117 1834 hominis
1144 1779 1289 1849 regis
1321 1793 1596 1834 carcerem
1627 1780 1839 1849 aperit:
1875 1780 1993 1836 dies

2083 867 2184 937 τῆς
2211 864 2416 934 γωνίας
2450 864 2576 926 τοὺς
2619 859 2899 932 ῥιφέντας,
2936 855 3016 920 ὡς
3056 855 3278 922 τάφων
3308 848 3655 921 ἑπανθησάτω

2086 956 2147 1010 τὸ
2172 954 2275 1025 τῆς
2308 952 2502 1024 ἑορτῆς
2541 949 2737 1013 κάλλος
2773 946 2851 1009 ὡς
2887 944 3049 1009 ἀνθος
3092 944 3206 1007 τοῖς
3248 941 3434 995 πᾶσιν.
3460 940 3521 993 El
3556 938 3655 1009 γὰρ

2089 1041 2354 1115 βασιλέως
2387 1037 2678 1111 ἀνθρώπου
2705 1035 2982 1106 γενέθλιος
3012 1032 3198 1104 ἡμέρα
3224 1030 3432 1099 ἀνοίγει
3458 1028 3656 1098 δεσμω-

2086 1138 2314 1207 τήριον,
2372 1134 2408 1204 ἡ
2459 1130 2724 1193 ὲπινίκιος
2776 1127 2962 1199 ἡμέρα
3003 1122 3240 1197 Χριστὸς
3285 1118 3523 1183 ἀναστάς
3568 1119 3659 1172 οὐκ

2088 1228 2291 1299 ἀφήσει
2314 1226 2439 1290 τοὺς
2468 1220 2899 1293 τεθλιμμένους;
2933 1218 3000 1271 Ui
3033 1215 3260 1287 πτωχοὶ,
3277 1215 3379 1286 τὴν
3408 1212 3659 1283 ὑμετέραν

2086 1320 2289 1391 τροφὸν
2315 1314 2638 1372 ἀσπάσασθε
2659 1331 2674 1346 ·
2704 1314 2754 1367 oi
2779 1309 3168 1384 διερρυηκότες
3190 1306 3284 1360 καὶ
3309 1303 3662 1374 λελωϐημένα

2089 1412 2159 1466 τά
2192 1410 2453 1481 σώματα,
2501 1408 2602 1478 τὴν
2633 1405 2871 1477 ἱωμένην
2904 1402 3060 1474 ὑμῶν
3099 1400 3199 1464 τάς
3237 1396 3542 1470 συμφοράς.
3574 1394 3663 1449 Διά

2091 1503 2200 1575 γὰρ
2250 1502 2351 1573 τὴν
2399 1500 2509 1555 ἀπὸ
2553 1498 2656 1569 τῆς
2724 1496 3079 1559 ἀναστάσεως
3132 1492 3325 1547 ἐλπίδα
3376 1492 3470 1545 καὶ
3511 1488 3663 1560 ἀρετὴ

2094 1597 2454 1660 σπουδάζεται
2505 1593 2599 1647 καὶ
2638 1590 2805 1646 κακία
2855 1592 3095 1661 μισεῖται
3115 1625 3131 1652 ,
3163 1586 3289 1640 ἐπεὶ
3332 1584 3662 1644 ἀναστάσεως

2094 1687 2480 1763 ἀνῃρημένης,
2542 1680 2624 1749 εἷς
2666 1682 2820 1756 παρὰ
2867 1683 3002 1736 πᾶσι
3060 1678 3280 1751 κρατῶν
3332 1675 3667 1748 εὑρεθήσεται

2092 1781 2249 1849 λόγος
2267 1796 2281 1811 ·
2311 1779 2596 1849 Φάγωμεν
2624 1776 2724 1830 καὶ
2753 1775 3007 1845 πίωμεν·
3043 1770 3257 1841 αὔριον
3286 1768 3400 1841 γὰρ
3423 1763 3667 1833 declini-

410 1870 648 1926 victoria
688 1869 921 1925 celebris
967 1875 1023 1924 et
1057 1867 1290 1923 illustris
1319 1906 1337 1932 ,
1390 1867 1647 1924 Christus
1701 1883 1997 1941 resurgens
2029 1868 2069 1925 Β
2103 1887 2355 1941 σκομεν.

411 1962 675 2029 alllictos,
741 1977 1041 2032 oppressos
1094 1970 1151 2017 et
1197 1964 1534 2020 constrictos
1589 1979 1697 2019 non
1755 1964 2034 2021 dimittet?
2089 1967 2399 2037 Pauperes,
2452 1962 2844 2036 amplectimini
2896 1968 3137 2018 vestram
3198 1957 3472 2013 nutricem
3525 1972 3541 2009 :
3582 1951 3668 2024 qui

411 2055 653 2118 oblatsa,
686 2054 916 2118 vitiata,
973 2065 1234 2124 corrupta
1295 2054 1619 2111 mutilatave
1663 2069 1899 2125 corpora
1950 2057 2195 2123 habetis,
2262 2056 2594 2112 curatricem
2642 2063 2949 2110 vestrarum
3010 2049 3389 2105 calamitatum
3452 2043 3667 2114 (diem)

410 2148 667 2210 salutate,
692 2144 896 2216 quippe
939 2153 1163 2217 propter
1187 2161 1342 2216 spem
1370 2145 1799 2202 resurrectionis
1845 2146 2035 2202 virtuti
2068 2149 2360 2211 studetur,
2398 2154 2454 2201 et
2493 2146 2687 2203 vitium
2719 2145 2848 2200 odio
2888 2140 3152 2201 habetur.
3179 2136 3443 2208 quoniam
3473 2132 3668 2190 sublata

408 2239 818 2298 resurrectione
844 2254 991 2296 unus
1018 2239 1163 2310 apud
1193 2252 1387 2294 omnes
1416 2237 1673 2294 obtinens
1700 2254 1884 2295 sermo
1915 2242 2234 2311 reperietur.
2260 2242 2495 2298 Edonus
2522 2251 2570 2297 et
2601 2240 2841 2295 bibamus
2875 2250 2894 2292 :
2926 2251 3046 2290 cras
3067 2232 3206 2289 enim
3234 2227 3573 2285 moriemur".

478 2330 564 2387 Ad
614 2330 763 2386 hunc
823 2330 969 2385 diem
1024 2330 1327 2401 respiciens
1362 2329 1659 2399 Apostolus
1719 2339 1994 2402 tempora.

413 2423 555 2477 riam
588 2422 757 2477 vitam
788 2423 1114 2486 contemnit,
1161 2431 1217 2478 et
1264 2419 1505 2476 futuram
1534 2421 1812 2478 desiderat
1835 2433 1891 2479 et
1918 2421 1997 2478 af-

410 2515 599 2578 fectat,
627 2525 932 2571 extenuans
986 2522 1167 2569 autem
1223 2528 1311 2575 ea,
1357 2527 1479 2582 quae
1536 2513 1815 2579 videntur,
1850 2514 1911 2570 Si
1941 2515 1996 2570 in

411 2606 537 2670 hac,
578 2604 777 2675 inquit,
807 2604 914 2658 vita
956 2619 1097 2671 spem
1145 2604 1441 2672 posuimus,
1498 2605 1731 2659 maxime
1760 2607 1996 2658 omnium

413 2698 689 2752 hominum
749 2694 1161 2751 miserabiliores
1227 2711 1411 2750 sumus
1437 2696 1481 2748 ⁸.
1551 2693 1782 2765 Propter
1864 2696 2007 2752 hanc

412 2788 558 2844 diem
611 2788 867 2842 homines
923 2786 1171 2842 heredes
1215 2784 1308 2841 Dei
1349 2793 1405 2841 et
1451 2784 1767 2842 coheredes
1800 2786 2007 2842 Christi

410 2880 706 2937 exsistunt.
738 2878 968 2949 Propter
998 2879 1145 2933 hunc
1177 2877 1321 2933 diem
1377 2892 1506 2947 pars
1536 2878 1807 2947 corporis,
1843 2892 2007 2946 quam

416 2983 546 3029 ante
574 2972 722 3028 mille
751 2986 930 3028 annos
963 2971 1270 3026 carnivora:
1300 2984 1429 3025 aves
1461 2969 1821 3038 comederint,
1864 2970 2008 3024 inte—

419 3080 518 3136 gra
540 3065 868 3135 reperietur,
916 3072 972 3119 et
1006 3077 1170 3135 quam
1202 3061 1286 3117 vel
1312 3077 1499 3127 canes,
1548 3061 1632 3116 vel
1666 3069 1785 3116 cete
1842 3068 2004 3117 caete-

2170 2335 2317 2406 Πρδς
2343 2335 2549 2404 ταύτην
2576 2330 2793 2403 βλέπων
2818 2326 3189 2389 ὀἉπόστολος.
3201 2323 3304 2395 τὴν
3330 2322 3558 2394 ἡμέραν,
3582 2319 3669 2389 τῆς

2101 2426 2246 2498 ζωῆς
2297 2426 2398 2498 τῆς
2449 2426 2743 2496 ἐπικαίρου
2778 2420 3148 2491 καταφρονεῖθ
3199 2415 3463 2484 ἐπιθυμεῖ
3491 2412 3547 2467 δὲ
3584 2411 3670 2481 τῆς

2104 2518 2441 2591 μελλούσης.
2486 2514 2837 2585 ὲξευτελίζων
2879 2512 2938 2565 δὲ
2974 2510 3045 2564 τὰ
3089 2506 3352 2579 ὁρώμενά
3398 2521 3575 2576 φησιν·
3609 2504 3670 2557 Ei

2102 2610 2202 2664 ἐπὶ
2239 2609 2312 2679 τῇ
2346 2607 2460 2678 ζ’ωῇ
2488 2609 2678 2675 ταύτῃ
2706 2603 3032 2673 ἠλπικότες
3057 2598 3268 2669 ἐσμὲν,
3308 2595 3671 2662 ἐλεεινότεροι

2103 2700 2349 2756 πάντων
2374 2697 2704 2767 ἀνθρώπων
2729 2693 2939 2764 ἐσμέν.
2974 2690 3076 2744 Διά
3116 2689 3326 2761 ταύτην
3353 2688 3457 2759 τὴν
3480 2685 3671 2758 ἡμέραν

2104 2792 2433 2865 κληρονόμοι
2466 2788 2604 2844 Θεοῦ
2633 2788 2932 2859 ἄνθρωποι,
2970 2785 3065 2838 καὶ
3100 2780 3532 2852 συγκληρονόμοι
3555 2778 3668 2846 Χριι

2109 2885 2259 2941 στοῦ.
2310 2884 2413 2938 Διά
2455 2881 2662 2952 ταύτην
2697 2880 2796 2952 τὴν
2832 2878 3049 2949 ἡμέραν
3097 2876 3236 2944 ὅπερ
3282 2876 3338 2928 oi
3374 2869 3669 2943 σαρκοὸόροι

2107 2976 2321 3050 ὄρνιθες
2373 2975 2579 3045 ἔφατον
2634 2972 2743 3045 πρὸ
2799 2970 2986 3040 χιλίων
3054 2966 3322 3039 ἐνιαυτῶν
3372 2965 3533 3035 μέρος
3589 2956 3669 3013 τοῦ

2113 3068 2389 3140 σώματος.
2435 3065 2793 3137 εὑρεθήσεται
2839 3062 2914 3132 μὴ
2962 3060 3182 3115 λεῖπονο
3225 3058 3326 3112 καὶ
3366 3059 3502 3127 ὅπερ
3529 3055 3670 3122 κήτη,

398 3172 591 3228 raque
622 3154 883 3211 animalia
931 3152 1141 3208 marina
1170 3152 1576 3218 devoraverint,
1612 3166 1718 3207 una
1743 3167 1864 3207 cum
1897 3153 1996 3207 ho-

2107 3162 2197 3216 καὶ
2220 3161 2403 3227 κύνες,
2437 3158 2531 3213 καὶ
2558 3157 2628 3211 τά
2655 3156 2843 3210 ἐνάλια
2871 3154 2986 3220 ζῶα
3003 3149 3516 3221 κατεῦοσκήθησαν,
3548 3147 3667 3212 ἐγει-

422 3247 571 3303 mine
631 3246 909 3302 suscitato
943 3252 1197 3315 resurget
1253 3261 1266 3298 :
1319 3243 1620 3311 quinetiam
1666 3241 1811 3312 quod
1859 3242 2002 3313 ignis

419 3336 882 3399 concremaverit,
946 3334 1092 3405 quod
1154 3334 1358 3391 vermis
1388 3335 1442 3388 in
1482 3333 1748 3404 sepulcris
1785 3348 2002 3389 assum-

424 3428 627 3499 pserit;
657 3435 712 3483 et
740 3435 802 3482 ut
830 3442 944 3484 rem
970 3427 1025 3482 in
1052 3440 1325 3483 summam
1358 3425 1662 3491 conferam,
1695 3425 1881 3481 omnia
1910 3424 2003 3479 de-

421 3521 589 3591 nique
622 3534 878 3591 corpora,
913 3527 1186 3589 quotquot
1217 3524 1341 3589 post
1368 3518 1781 3589 generationem
1807 3533 2003 3574 corru-

422 3611 538 3683 ptio
567 3612 869 3668 aboleverit
897 3618 953 3667 et
982 3625 1015 3667 e
1047 3609 1226 3666 medio
1249 3608 1557 3671 sustulerit,
1590 3610 1801 3680 integra
1829 3608 2007 3663 nulla-

423 3720 533 3774 que
586 3703 673 3760 sui
730 3710 888 3773 parte
918 3701 1193 3767 .carentia
1228 3700 1529 3757 reddentur
1576 3716 1607 3756 e
1645 3707 1814 3765 terra,
1861 3710 1915 3756 et
1949 3707 2009 3754 ut

421 3794 629 3851 Paulus
661 3794 822 3850 docet
835 3795 879 3859 ⁸,
914 3793 973 3849 in
1003 3801 1280 3850 momento
1303 3794 1448 3848 oculi
1479 3792 1794 3864 perﬁcietur
1823 3806 2008 3847 resur-

425 3886 618 3944 rectio.
652 3884 802 3941 lctus
831 3892 1014 3939 autem
1068 3900 1167 3941 seu
1218 3893 1555 3940 momentum
1596 3883 1744 3937 οευιί
1800 3882 2009 3938 clausio

424 3978 812 4049 palpebrarum
846 3985 955 4033 est.
1002 3976 1183 4046 Atque
1234 3976 1339 4031 hac
1404 3975 1696 4031 velocitate
1732 3975 1881 4030 nulla
1920 3990 2009 4031 res

423 4069 530 4125 alia
564 4069 797 4127 celerior
829 4082 955 4124 esse
992 4068 1189 4139 possit.
1222 4065 1409 4137 Neque
1455 4067 1701 4122 humano
1731 4082 1885 4125 more
1910 4084 2010 4138 pro

423 4168 587 4233 captu
621 4168 717 4216 tuo
743 4166 1008 4232 reputans
1041 4158 1405 4230 descripseris
1436 4159 1493 4213 in
1536 4158 1720 4214 animo
1747 4167 1841 4213 tuo
1874 4167 2011 4231 quot

421 4253 537 4308 sint
567 4259 877 4324 temporum
910 4250 1225 4316 intervalla,
1258 4250 1496 4321 primum
1533 4258 1593 4304 ut
1641 4262 1770 4307 ossa
1820 4258 2010 4321 putre-

423 4345 571 4401 facta
591 4354 646 4401 et
674 4345 730 4400 in
761 4352 965 4402 terram
994 4344 1219 4401 redacta
1251 4343 1307 4399 in
1340 4343 1630 4414 pristinam
1662 4344 1921 4400 duritiem
1957 4355 2012 4402 et

422 4437 698 4491 levitatem
737 4436 1164 4506 compingantur
1215 4454 1229 4490 :
1279 4436 1432 4490 unita
1466 4450 1599 4490 vero
1625 4449 1695 4507 ex
1740 4435 1859 4506 ipsa
1902 4436 2011 4490 fra-

422 4524 606 4580 ctione
630 4541 825 4582 rursus
845 4527 902 4580 in
932 4535 1113 4597 aptam
1157 4534 1213 4581 et
1237 4528 1657 4583 convenientem
1686 4543 2006 4599 compagem

422 4626 481 4672 et
515 4617 821 4671 naturalem
851 4625 1047 4673 coeant
1079 4617 1397 4687 juncturam
1443 4626 1497 4674 et
1542 4618 2004 4685 commissuram;

426 4724 607 4779 neque
633 4724 764 4765 vero
793 4709 992 4765 deinde
1016 4710 1489 4766 animadverteres
1540 4712 1796 4766 carnium
1831 4712 2007 4767 obdu-

424 4798 687 4863 ctionem,
711 4806 766 4856 et
796 4813 1088 4854 nervorum
1120 4797 1418 4870 productas
1441 4802 1882 4869 coniunctiones,
1914 4818 2009 4858 ve-

424 4908 623 4948 narum
661 4892 1105 4962 arteriarumque
1154 4898 1351 4948 tenues
1401 4900 1456 4947 et
1503 4894 1675 4950 exiles
1706 4894 1928 4959 ductus,
1957 4905 2013 4950 et

424 4987 583 5055 quasi
618 4985 805 5042 alveos
835 4984 938 5039 sub
990 4995 1117 5039 cute
1153 4984 1492 5054 explicatos;
1551 4986 1859 5040 animarum
1894 4987 2012 5042 ine-

425 5075 790 5132 narrabilium
840 5084 896 5129 et
948 5074 1435 5130 innumerabilium
1488 5075 1896 5130 multitudinem
1945 5093 2013 5133 ex

425 5167 646 5221 arcanis
700 5149 1032 5237 quihusdam
1070 5165 1506 5222 habitationibus
1538 5167 1891 5237 (evolantem)
1921 5184 2014 5222 ca-

425 5270 659 5328 rumque
685 5274 1133 5330 unamquamque
1172 5273 1335 5315 suum
1392 5271 1592 5327 corpus
1627 5266 1887 5327 tanquam
1926 5274 2014 5313 ve.

426 5356 565 5402 stem
596 5349 927 5419 peculiarem
990 5359 1403 5421 agnoscentem,
1462 5357 1517 5404 et
1573 5351 1631 5404 in
1665 5350 1770 5406 hoc
1816 5366 2011 5406 rursus

427 5439 684 5497 celeriter
724 5441 1146 5507 inhabitantem,
1208 5452 1468 5511 certoque
1495 5442 1817 5499 discrimine
1850 5451 2008 5497 uten-

428 5536 541 5586 tem
597 5531 651 5585 in
701 5538 852 5586 tanta
886 5533 1233 5590 multitudine
1257 5533 1548 5604 spirituum
1596 5535 1813 5605 generis
1855 5534 2008 5604 ejus-

430 5621 575 5676 dem.
627 5620 816 5692 Cogita
853 5625 999 5679 enim
1054 5625 1124 5680 ab
1170 5624 1345 5681 Adam
1396 5628 1632 5691 animas,
1688 5634 1741 5682 et
1785 5627 1854 5683 ab
1914 5628 2010 5686 illo

506 5800 571 5857 "l
599 5802 725 5859 Cor.
761 5820 847 5863 xv.
877 5805 965 5861 32.
1045 5808 1063 5836 ”
1092 5806 1200 5862 ibid
1283 5806 1365 5861 ιο.
1447 5807 1465 5838 ⁶
1493 5805 1625 5863 ibid.
1665 5805 1752 5862 52.

2108 3251 2326 3323 ρομὲνῳ
2383 3247 2460 3320 τῷ
2512 3246 2788 3318 ἀνθρώπῳ
2846 3241 3352 3312 συναναστήσεταιθ
3411 3235 3504 3291 καὶ
3555 3234 3670 3301 ὅπερ

2104 3341 2352 3412 διέφλεξε
2387 3339 2523 3409 πῦρ,
2561 3337 2656 3391 καὶ
2708 3333 2925 3404 σκώληξ
2953 3335 3010 3387 ἂν
3036 3331 3229 3399 τάφοις
3261 3324 3669 3392 κατεδαπάνησε,

2109 3435 2207 3489 καὶ
2231 3432 2422 3496 ἁπλῶς
2450 3430 2630 3484 πάντα
2655 3430 2724 3483 τὰ
2755 3427 2983 3499 σώματα
3002 3464 3020 3490 ,
3046 3426 3148 3479 ὅσα
3184 3421 3328 3493 μετὰ
3359 3421 3456 3491 τὴν
3486 3418 3671 3487 γένεσιν

2108 3527 2374 3597 ἠφάνισεν
2398 3526 2434 3595 ἡ
2454 3521 2650 3593 φθορὰ,
2665 3520 2928 3589 ἀνελλιπῆ
2945 3519 3042 3572 καὶ
3061 3515 3301 3587 ἀκέραια
3332 3512 3597 3582 δοθήσεται
3616 3506 3670 3597 ἐξ

2107 3593 2209 3688 τῆς
2239 3593 2476 3688 γῆςφζκαὶ
2507 3615 2583 3679 ὡς
2619 3612 2831 3675 Παῦλος
2858 3610 3123 3673 διδάσκει,
3152 3607 3210 3658 ὲν
3240 3606 3386 3675 ῥοπῇ
3419 3593 3670 3688 ὀφθαλμοῦ

2108 3685 2496 3778 τελεσθήσεται
2521 3708 2557 3777 ἡ
2588 3704 2904 3766 ἀνάστασις.
2949 3698 3121 3770 Ῥοπὴ
3160 3696 3217 3753 δὲ
3245 3691 3546 3765 ὀφθαλμοῦ,
3567 3685 3672 3740 ἑπε-

2114 3818 2276 3873 μυσις
2326 3798 2615 3871 βλεφάρων
2664 3796 2803 3852 ἔστε.
2852 3794 2963 3850 Καὶ
3010 3791 3199 3846 τούτου
3232 3787 3334 3842 τοῦ
3369 3787 3558 3856 τάχους
3587 3780 3672 3873 οὐκ

2113 3866 2179 3944 ἀν
2212 3866 2401 3961 ἕτερον
2436 3866 2697 3959 ’ὀξῦτερον
2727 3886 2938 3956 γένοιτο
2959 3899 2973 3913 ·
3013 3881 3136 3937 οὐδὲ
3164 3874 3526 3950 ἀνθρωπικῶς
3551 3866 3671 3961 κατά

2110 3982 2211 4055 τὴν
2246 3960 2479 4047 δύναμιν
2512 3980 2614 4051 τὴν
2657 3976 2860 4033 σαυτοῦ
2893 3971 3264 4043 λογιζόμενος,
3299 3970 3442 4023 πόσα
3476 3960 3670 4055 διαστή-

2116 4054 2265 4146 ματα
2305 4074 2514 4145 χρόνων
2541 4072 2864 4144 διατράφεις
2899 4068 2960 4121 ὲν
2997 4068 3064 4137 τῇ
3108 4064 3255 4135 ψυχῇ
3289 4078 3420 4117 σου·
3459 4054 3668 4146 πρῶτον,

2112 4140 2201 4221 ἱνα
2227 4140 2803 4219 τάτῦιασατιένταίτῶν
2828 4157 3033 4211 ὀστέων
3071 4156 3164 4210 καὶ
3197 4151 3474 4222 γεωθέντα
3498 4148 3569 4209 εἰς
3589 4140 3671 4211 τὴν

2115 4257 2458 4329 σκληρότητα
2479 4255 2573 4309 καὶ
2589 4250 3138 4325 λειότητασυμπαγῇ,
3162 4245 3436 4301 ὲνωθέντα
3449 4240 3503 4294 δὲ
3518 4241 3574 4293 ὲκ
3589 4235 3671 4329 τῇς

2113 4323 2552 4422 θρύψεως-πάλιν
2578 4348 2658 4410 εις
2674 4323 2883 4417 ῥυθμὸν
2912 4340 3205 4413 ἁρμονίας,
3229 4338 3324 4430 καὶ
3345 4335 3440 4430 τῂν
3465 4323 3673 4430 φυσικῇν

2114 4441 2350 4514 συνέλθῃ
2390 4439 2708 4507 συνάφειαν.
2752 4431 2890 4490 Εἶτα
2939 4434 3175 4495 ἐπινοεῖς
3202 4429 3302 4501 τὴν
3336 4428 3443 4482 τῶν
3481 4428 3670 4514 σαρκων

2115 4513 2466 4601 περίπλασιν,
2528 4527 2620 4580 καὶ
2668 4524 2877 4596 νεύρων
2932 4520 3349 4591 ἀποτεταμένας
3396 4513 3667 4601 συνδέσεις.

2115 4599 2213 4673 καὶ
2274 4617 2487 4689 φλεϐῶν
2541 4617 2636 4670 καὶ
2699 4614 2977 4686 ἀρτηριῶν
3040 4611 3273 4676 λεπτοὺς
3323 4606 3534 4680 ὀχετοὺς
3581 4599 3667 4689 ὑφέ-

2117 4687 2474 4782 ηπλωιιένους
2515 4708 2595 4781 τῷ
2646 4709 2904 4781 δέρματΓ
2952 4703 3140 4776 ψυχῶν
3185 4704 3242 4757 δὲ
3295 4700 3560 4773 ἀμύθητον
3588 4687 3666 4746 καὶ

2116 4803 2490 4875 ἀναρίθμητον
2522 4802 2723 4873 πλῆθος
2752 4800 2816 4854 ἔκ
2847 4815 3009 4852 τινων
3041 4796 3368 4867 ἀπορρήτων
3394 4790 3660 4875 οἱκήσεωνξ

2110 4866 2486 4964 γνωρίζουσαν
2526 4891 2583 4945 δὲ
2616 4866 2874 4960 ’ἑκάστην
2913 4888 2988 4951 ὡς
3040 4866 3256 4955 ἱμάτιον
3307 4881 3569 4949 ἐξαίρετον
3613 4866 3663 4922 τὸ

2112 4988 2242 5042 ἴδιον
2296 4985 2457 5056 σῶμα
2480 5025 2495 5050 ,
2548 4984 2643 5038 καὶ
2700 4982 2876 5052 τούτῳ
2936 4980 3097 5035 πάλιν
3142 4975 3455 5032 ἐνοικοῦσαν
3501 4966 3659 5033 ὀξέωςν

2112 5080 2330 5150 ἀπλανῆ
2367 5079 2426 5132 δὲ
2449 5078 2675 5148 ἔχουσαν
2724 5075 2823 5147 τὴν
2872 5074 3141 5145 διάκρισιν
3169 5069 3311 5125 κατά
3344 5063 3566 5135 πλήθους
3592 5071 3662 5150 τξν

2116 5145 2329 5227 σούτου-
2353 5145 2640 5242 ὁμοςιῦλων
2697 5145 3045 5234 πνευμάτων.
3109 5163 3390 5233 Ἐννόησον
3438 5145 3663 5242 γὰρ’ξάς

2121 5265 2229 5318 ἀπὸ
2271 5238 2440 5334 Ἀδάμ
2460 5238 2659 5333 ψυχὰς,
2687 5262 2779 5315 καὶ
2800 5260 2868 5314 τά
2890 5259 2981 5312 ἀπ’
3005 5256 3211 5311 ἐκείνου
3242 5253 3461 5321 σώματα
3486 5238 3658 5308 πλῆθος

2118 5356 2387 5409 τοσούτων
2414 5357 2600 5409 οἰκιῶν
2623 5353 2906 5419 λυθεισῶν,
2952 5350 3045 5404 καὶ
3077 5339 3461 5402 οἰκοδεσποτῶν
3490 5337 3547 5387 ἐκ
3575 5343 3660 5400 μα·

2118 5449 2256 5517 “Pa;
2283 5447 2381 5517 τῆς
2402 5446 2711 5521 ἀποδημίας
2734 5440 3206 5514 ὑποστρεψάντων,
3232 5435 3403 5489 πάντα
3428 5427 3656 5521 δὲ’-παραυ

2115 5510 2283 5605 ddito;
2336 5510 2669 5607 τελούμενα·
2731 5534 2856 5588 οὔτε
2911 5510 3023 5605 ζγὰρ
3101 5530 3245 5584 οἰκία
3295 5510 3654 5607 ἀνακτιζρμξνη

2124 5598 2393 5703 βραδῦνει,
2423 5598 2547 5683 οὔτε
2578 5631 2607 5683 ὁ
2634 5626 2841 5690 ἕνοικος
2874 5598 3142 5680 πλανᾶται
3170 5618 3261 5674 καὶ
3296 5605 3549 5683 θυραυλεῖ,
3575 5598 3655 5666 ξη⁴
