3882 6418
3236 158 3278 179 ρ.

175 356 258 414 681
1039 351 1103 405 ΙΝ
1132 352 1407 409 CHRISTI
1447 352 1625 411 RESU
1634 352 1708 408 Ριε

1855 354 2083 412 ἸΟΝΕΜ
2113 357 2323 414 ORAT.
2364 359 2451 414 Ill.
3282 354 3388 412 662

173 470 265 523 τῶν
304 464 400 520 ποῦ
428 464 497 520 τά
541 464 647 518 ίδια
687 464 783 518 καὶ
825 464 1107 537 ships-3'
1143 467 1306 531 εὐθὺς
1335 468 1399 522 δὲ
1424 470 1512 521 ἐπ’
1543 467 1706 537 αὐτὴν

1854 483 1989 539 sque
2028 485 2262 541 corpora
2311 479 2389 527 tot
2419 485 2649 527 numero
2677 469 2931 526 domibus
2967 468 3164 524 solutis
3188 482 3254 524 ac
3290 468 3387 524 de-

171 558 339 631 χωρεί,
356 555 483 610 ὡσεὶ
503 555 794 627 περιστερὰ
807 558 943 627 πρὸς
962 558 1055 613 τὸν
1072 558 1204 614 ῐδιον
1217 558 1445 629 πύργον,
1467 559 1572 613 κᾶν
1593 558 1704 612 πολ-

1860 560 2003 626 ιηὶε,
2031 563 2392 634 patribusque
2414 561 2652 618 familias
2684 576 2749 616 cx
2783 561 2942 630 longa
2961 559 3118 631 quasi
3149 561 3393 629 peregri-

175 652 244 704 λοὶ
263 651 352 703 καὶ
374 648 610 718 συνεχεῖς
636 649 763 720 περὶ
780 649 870 703 τὸν
898 650 1061 704 αὐτὸν
1080 650 1247 707 τόπον
1263 644 1400 705 ὦσιν
1431 651 1500 704 δι’
1513 651 1708 720 ὁμοίων

1858 652 2042 707 atione
2085 653 2511 718 revertentibus,
2543 667 2717 722 eaque
2775 651 2958 707 omnia
2989 649 3174 720 perlici
3218 649 3391 704 admi-

176 741 443 812 σχημάτων
483 739 870 810 ἑκλάμποντες.
916 740 1088 797 Πόθεν
1134 742 1297 797 πάλιν
1326 744 1360 814 ἡ
1411 741 1709 812 ἀνάμνησις

1855 742 2057 799 abiliter
2085 751 2142 800 et
2176 750 2332 799 extra
2360 759 2707 800 communem
2752 750 2971 812 captum
2996 758 3019 795 ⁴ι
3048 754 3224 809 neque
3243 739 3388 795 enim

175 832 256 884 xui.
277 833 304 884 ό
333 830 682 900 ἀναλογισμδς
711 829 806 885 τοῦ
836 832 1102 904 προτέρου
1148 832 1286 904 βίου,
1334 833 1431 887 καὶ
1481 832 1708 901 ἑκάστης

1857 833 1900 888 el
1926 832 2126 891 domus
2155 833 2309 890 tarde
2334 844 2630 889 renovatur
2660 841 2715 887 et
2764 833 3149 896 instauratur,
3188 828 3272 883 vel
3305 828 3390 882 in-

177 921 399 992 πράξεως
425 919 618 984 ἔννοια,
665 920 838 985 οὕτως
881 922 1047 990 ὀξέως
1095 922 1605 996 συναπαρτιζομένη
1638 921 1710 993 τῷ

1858 923 1940 977 nla
1967 923 2206 988 oberrat,
2238 938 2303 979 ac
2331 923 2489 994 quasi
2511 925 2615 981 sub
2651 922 2749 977 dio
2772 928 2977 985 manet,
3008 921 3138 976 dum
3169 916 3391 991 propria

175 1012 282 1083 ζώῳ
325 1013 426 1083 πρὸ
464 1012 732 1067 τοσούτων
783 1012 995 1069 αίῶνων
1042 1014 1377 1083 διαλυθέντι;
1412 1015 1608 1070 Καίτοι
1650 1030 1708 1084 γε

1858 1031 1883 1069 c
1910 1016 2205 1086 peculiaria
2240 1016 2458 1086 quaerit,
2495 1014 2592 1071 sed
2625 1015 2877 1086 protinus
2925 1012 2994 1068 ad
3048 1026 3170 1068 eam
3198 1007 3391 1086 tendit,

175 1060 278 1159 καῖ
292 1104 348 1170 ἐξ
366 1060 549 1158 Γίόιιιςνου
591 1104 873 1178 ἄνθρωπος
918 1060 1233 1180 ἀνεγερθεὶς
1271 1060 1608 1182 θαθυτέᾏυ,
1630 1060 1708 1162 ἐξ

1861 1060 2205 1086 qum-um.—
2283 1060 2458 1081 ...υ-η,
2495 1060 2592 1071 -ν-
2694 1060 2876 1070 ---η--
2925 1060 2994 1068 --.
3052 1060 3170 1068 --η

1861 1122 2077 1178 inquam
2102 1060 2357 1164 columba
2404 1107 2472 1162 ad
2527 1060 2682 1163 sua;
2713 1107 2929 1170 turrim,
2963 1103 3179 1160 etiamsi
3214 1060 3394 1159 nnIltaa

174 1196 328 1265 ὀλίγον
360 1196 543 1263 ἀγνοεῖ
584 1197 731 1261 ὅστις
776 1198 894 1252 ἐστὶ
940 1200 1036 1252 καὶ
1062 1200 1183 1253 ὅποι
1234 1199 1440 1270 διάγει,
1491 1199 1587 1254 καὶ
1609 1198 1707 1252 τῶι

1857 1207 1982 1269 tque
2010 1199 2322 1270 frequentes
2345 1199 2492 1256 circa
2535 1199 2783 1256 eumdem
2832 1198 3010 1253 locum
3060 1194 3262 1251 fuerint
3291 1193 3390 1248 iis-

176 1286 393 1357 συνήθων
430 1288 860 1354 ἐπιλανθάνεται,
895 1291 1087 1362 μέχρις
1115 1291 1183 1345 ἂν
1205 1293 1239 1362 ὴ
1265 1293 1592 1364 ἐγρήγορσις
1616 1292 1709 1364 τὴν

1859 1304 1943 1343 em
2000 1289 2147 1345 notis
2191 1289 2453 1359 insignes.
2517 1287 2675 1344 Unde
2728 1302 2926 1342 rursus
2980 1283 3291 1340 recordatio
3338 1289 3392 1337 et

176 1378 354 1448 νάρκην
403 1379 817 1436 ἀποσκεδάσασα
836 1420 852 1445 ,
907 1383 1070 1439 πάλιν
1115 1385 1178 1438 τὸ
1235 1386 1568 1457 μνημονικὸν
1623 1387 1709 1441 καὶ

1860 1379 2027 1435 rion-is
2056 1380 2181 1436 vitae
2213 1379 2480 1450 expensio
2532 1380 2977 1448 retractatioque,
3007 1385 3171 1445 atque
3205 1373 3393 1443 cujus-

175 1469 367 1537 ὲνεργὲς
401 1470 823 1544 ἀναζωπυρήσῃ.
878 1473 1063 1528 Ταῦτα
1108 1477 1204 1530 καὶ
1242 1476 1313 1531 τά
1338 1478 1561 1532 τοιαῦτα
1592 1479 1708 1541 τοὺς

1860 1489 1927 1527 ue
1956 1473 2189 1529 actionis
2209 1472 2495 1542 cogitatio,
2521 1486 2643 1542 quae
2676 1472 2811 1527 adeo
2843 1468 3091 1525 celeriter
3129 1481 3238 1521 una
3267 1478 3389 1520 cum

175 1558 435 1628 λογισμοὺς
468 1561 577 1615 τῶν
606 1562 815 1618 πολλῶν
844 1564 1212 1635 ὑποτρέχοντα
1240 1566 1514 1637 θαύματος
1547 1568 1708 1639 ὑπερ-

1860 1564 2047 1619 nimali
2077 1572 2203 1621 ante
2243 1572 2322 1618 tot
2362 1563 2563 1619 saecula
2600 1562 2869 1618 dissoluto
2901 1558 3203 1615 absolvitur
3232 1566 3393 1625 atque

175 1642 429 1714 όὰλλοντος
471 1651 671 1724 πληροί
713 1655 815 1725 τὴν
855 1655 1116 1723 διάνοιαν,
1160 1659 1470 1727 συνεισάγει
1518 1660 1577 1713 δὲ
1618 1660 1708 1730 τὴν

1858 1655 2141 1710 erﬁcitur?
2164 1654 2329 1723 Atqui
2363 1654 2448 1709 vel
2475 1669 2540 1709 ex
2584 1666 2778 1708 somno
2820 1646 3391 1721 profundioriexcita-

176 1740 403 1795 ἀπιστίαν
433 1741 510 1810 τῷ
539 1742 796 1815 θαύματι.
840 1746 1056 1817 Ἐπειδὴ
1090 1746 1198 1818 γὰρ
1229 1749 1258 1803 ὁ
1283 1748 1406 1813 νοῦς
1446 1750 1543 1820 οὐχ
1571 1750 1709 1821 εὑρί·

1858 1763 1912 1802 us
1943 1748 2109 1801 homo
2151 1744 2427 1815 paulisper
2477 1742 2691 1813 ignorat
2719 1737 2814 1809 qui
2862 1737 2954 1802 sit,
2988 1741 3042 1790 et
3073 1733 3165 1789 ubi
3200 1732 3391 1801 degat;

178 1844 278 1881 σκει
318 1832 421 1884 τῶν
456 1806 853 1904 ἀπορούμενων
893 1838 986 1890 καὶ
1018 1806 1362 1909 ξητούμένων
1386 1806 1711 1913 *τὴνιὶλύσιιῆ

1858 1838 2266 1905 uniliarumque
2300 1842 2355 1889 et
2391 1838 2783 1891 consuetarum
2817 1841 3004 1883 rerum
3024 1823 3391 1884 obliviscitur,

172 1919 275 1972 οὐδὲ
294 1918 508 1975 δύναται
546 1921 646 1993 τὴν
687 1924 879 1979 ἑαυτοῦ
926 1925 1458 1998 πολυπραγμοσύνην
1493 1931 1705 2001 εὑρήσει

1859 1944 1997 1987 onec
2024 1928 2211 1999 vigilia
2244 1927 2501 1984 discusso
2546 1933 2769 1992 torpore
2808 1933 3003 1974 rursus
3036 1917 3145 1970 vim
3185 1926 3392 1968 memo-

173 2009 250 2062 καὶ
275 2011 553 2065 καταλύσει
584 2015 1058 2086 προσαναπαῶαι,
1091 2021 1258 2090 χωρεί
1301 2020 1436 2092 πρὸς
1460 2022 1706 2077 ἀπιστίαι

1862 2036 1914 2076 ιιε
1971 2018 2437 2076 conservatricem
2489 2023 2545 2070 et
2603 2012 2897 2070 eﬂicaciam
2958 2004 3309 2065 recreaverit,
3340 2008 3395 2056 et

172 2102 332 2157 λοιπὸν
371 2106 427 2157 ὲν
448 2107 513 2176 τῇ
538 2105 792 2179 ἀσθενείᾳ
820 2108 928 2163 τῶν
953 2110 1095 2164 ίδίων
1118 2111 1416 2184 λογισμῶν,
1440 2113 1705 2169 ὲκὸἀλλωι

1858 2111 2306 2182 edintegraverit.
2341 2107 2467 2164 llaec
2512 2113 2567 2162 et
2624 2103 2821 2162 similia
2856 2098 3215 2171 cogitationes
3247 2093 3391 2162 vulgi

173 2196 252 2247 καὶ
279 2196 474 2252 ἀθετῶν
504 2199 604 2271 τὴν
652 2198 759 2254 τῶν
797 2201 1138 2271 πραγμάτων
1179 2203 1459 2274 ἀλήθειαν.
1501 2206 1706 2260 Μᾶλλον

1857 2201 2111 2257 obeuntia
2140 2201 2349 2271 ingenti
2391 2205 2627 2253 mentem
2661 2193 2889 2264 implent
2928 2188 3307 2249 admiratione,
3333 2190 3390 2238 et

172 2283 219 2337 δὲ
241 2288 411 2360 ἐπειδὴ
439 2288 542 2360 όδῷ
592 2291 901 2362 προϐαίνων
951 2295 981 2347 ὁ
1012 2293 1168 2364 λόγος
1194 2297 1330 2367 πρὸς
1374 2297 1434 2350 τὸ
1478 2297 1705 2369 συνεχῶς

1861 2310 1929 2350 na
1986 2309 2113 2350 cum
2176 2290 2541 2348 admiratione
2597 2287 2870 2343 inducunt
2924 2277 3390 2337 incredulitatem.

173 2377 469 2452 λαλούμενον
492 2383 719 2454 ἀφίκετο
744 2384 997 2458 ζήτημα,
1038 2389 1251 2460 καὶτῆς
1285 2390 1567 2461 παρούσης
1597 2393 1706 2462 ἑορ·

1860 2386 2088 2441 ιυοηίοω
2115 2384 2261 2439 enim
2314 2398 2469 2439 mens
2515 2394 2707 2436 eorum
2741 2379 2811 2434 de
2853 2375 3053 2448 quibus
3097 2371 3310 2427 dubitat
3340 2375 3393 2420 et

171 2470 257 2540 τῆς
289 2474 535 2539 ὑπόθεσις
572 2477 750 2531 οἰκεία
788 2478 883 2531 καὶ
921 2479 1216 2551 συγγενὴς,
1249 2481 1380 2552 φέρε
1410 2482 1602 2553 μικρὸν
1639 2461 1704 2547 εἰς

1860 2477 2037 2544 υαδτίι,
2067 2478 2393 2533 solutionem
2430 2491 2542 2531 non
2572 2473 2801 2536 invenit,
2831 2485 3010 2540 neque
3032 2481 3186 2522 suam
3214 2461 3392 2517 curio-

173 2561 322 2635 ἀρχὴν
350 2566 662 2636 πρέπουσαν
692 2569 1056 2638 ἀναγαγόντες
1083 2571 1145 2624 τὸ
1170 2574 1552 2642 προκείμενον,
1582 2574 1706 2645 πλη-

1859 2569 2039 2625 itatem
2084 2569 2398 2623 inventione
2443 2582 2509 2621 ac
2564 2564 2927 2620 dissolutione
2968 2559 3159 2615 sedare
3191 2557 3392 2624 potest,

175 2654 405 2726 ροφορίαν
446 2658 746 2729 ἐμποιῆσαι
800 2661 1148 2733 πειραθῶμεν
1188 2666 1300 2726 τοῖς
1331 2664 1468 2734 πρὸς
1498 2664 1566 2718 τὰ
1614 2644 1708 2734 (ρα-

1862 2662 2080 2731 einceps
2135 2668 2359 2730 propter
2412 2657 2784 2712 inﬁrmitatem
2840 2665 3064 2708 suarum
3108 2644 3395 2716 cogitatio-

174 2744 287 2813 νερά
315 2747 491 2812 κακῶς
513 2748 970 2819 ἀμφιϐάλλουσιν.
1018 2752 1075 2805 Ὁ
1099 2753 1211 2807 τῶν
1227 2753 1363 2808 ὅλων
1391 2754 1707 2826 δημιουργὸς

1863 2768 1952 2808 um
1978 2760 2033 2807 et
2059 2765 2321 2805 sensuum
2349 2747 2522 2804 tendit
2561 2747 2628 2802 ad
2680 2744 3137 2805 incrudelitatem,
3167 2737 3396 2806 eiiciens

174 2830 378 2904 θελήσας
413 2840 596 2895 κτίσαι
646 2841 738 2895 τὸν
778 2842 1086 2915 ἄνθρωπον,
1134 2844 1233 2915 οὐχ
1267 2846 1343 2910 ὡς
1375 2847 1707 2916 εὐκαταφρό-

1863 2852 1875 2898 L
1912 2841 2217 2913 reprobans
2253 2856 2436 2896 rerum
2468 2839 2775 2895 veritatem.
2822 2835 3113 2890 Enimvero
3137 2826 3396 2900 quoniam

172 2939 308 2994 νητον
334 2926 486 2998 ζῶον,
518 2930 637 2984 ἀλλ’
682 2932 755 2996 ὡς
784 2933 1108 3006 τιμιώτερον
1136 2936 1352 2991 πάντων
1385 2937 1465 3001 είς
1492 2936 1552 2992 τὸ
1578 2933 1705 2993 εἶναι

1864 2951 1990 2992 ιιι-ευ
2047 2949 2149 2990 suo
2187 2932 2544 3005 progrediens
2587 2929 2766 2987 oratio
2818 2927 2886 2983 ad
2930 2939 3073 2991 eam,
3119 2933 3241 2991 quae
3288 2916 3397 2972 fre-

172 3020 453 3090 παρήγαγε,
516 3025 616 3078 καὶ
661 3024 763 3095 τῆς
810 3026 901 3081 ὑπ’
935 3027 1162 3099 οὐρανὸν
1203 3030 1434 3094 κτίσεως
1482 3030 1705 3096 ἀνέδειξε

1867 3036 2054 3082 uenter
2089 3032 2381 3086 tractatur,
2427 3022 2791 3094 quaestionem
2820 3016 3086 3089 pervenit,
3123 3020 3289 3081 atque
3310 3020 3400 3099 arf

174 3106 386 3207 βασιλέα.
418 3115 590 3169 Τοῦτο
615 3097 1114 3188 προελόμενος,νκαὶ
1142 3121 1383 3177 τοιοῦτον
1412 3122 1707 3194 ἀπαρτίσαι

1869 3125 2143 3173 omentum
2173 3131 2283 3172 non
2322 3115 2584 3178 alienum,
2633 3112 2729 3169 sed
2773 3109 3058 3181 proprium
3095 3103 3260 3173 hujus
3291 3097 3402 3154 diei

173 3204 311 3271 σοφὸν
331 3210 418 3261 καὶ
437 3208 667 3278 θεοειδῆ,
694 3210 786 3263 καὶ
804 3210 971 3282 πολλῇ
991 3215 1414 3285 κατακοσμήσας
1428 3217 1496 3286 τῇ
1511 3214 1706 3286 χάριτι,

1869 3212 1948 3267 isti
1976 3217 2092 3276 est;
2132 3225 2241 3280 age
2294 3207 2578 3279 paululum
2624 3206 2692 3260 ad
2734 3203 2948 3259 initium
2998 3199 3125 3255 huic
3153 3196 3402 3286 disputa-

171 3291 262 3365 ἆρα
287 3303 413 3370 μετὰ
437 3302 668 3372 γνώμης
705 3301 961 3374 τοιαύτης
1003 3305 1085 3369 είς
1115 3304 1177 3357 τὺ
1207 3282 1348 3364 εἶναι
1375 3282 1704 3378 παρήγαγενἸ

1870 3302 1961 3359 oni
1985 3312 2173 3374 aptum
2200 3307 2364 3371 atque
2398 3297 2735 3354 conveniens
2763 3292 3122 3365 quaestionem
3145 3282 3403 3359 proposi-

173 3387 246 3441 i'va.
266 3393 536 3462 γεννηθεὶς
564 3391 771 3465 φθαρῇ,
807 3394 901 3447 καὶ
929 3393 1141 3449 τελείαν
1174 3396 1385 3466 ὑποστῇ
1452 3396 1555 3467 τὴν
1602 3397 1706 3450 ἀπ-

1871 3410 1936 3450 ιω
1963 3402 2309 3457 revocantes,
2343 3398 2551 3446 certam
2595 3387 3015 3459 persuasionem
3049 3381 3311 3437 inducere
3339 3388 3404 3429 ac

171 3477 368 3547 diem;
408 3484 568 3539 Ἀλλά
601 3484 827 3555 μάταιος
850 3486 880 3538 ὁ
902 3486 1123 3564 σκοπῇς,
1145 3487 1242 3540 καὶ
1271 3487 1476 3559 σφόδρα
1500 3487 1704 3553 ἀνάξιοι

1870 3486 1989 3542 dem
2011 3484 2193 3541 facere
2231 3497 2497 3540 conemur
2545 3482 2636 3550 iis,
2670 3479 2764 3550 qui
2793 3488 3080 3548 perperam
3103 3470 3403 3564 ambigunt

173 3569 256 3639 τὴν
294 3574 540 3647 τοιαύτην
577 3576 787 3630 ἔννοιαν
833 3577 914 3642 είς
951 3562 1082 3631 Θεὸν
1130 3578 1442 3649 ἀναφέρειν.
1482 3578 1706 3643 Παιδίοις

1879 3578 2093 3633 ιτειιυε
2149 3573 2477 3631 manifestis.
2534 3572 2761 3628 Greater
2789 3581 2972 3624 rerum
3023 3562 3412 3620 universarum.

172 3660 263 3734 γὰρ
289 3666 454 3732 οὕτως
501 3668 895 3733 ἀπεικάζεται,
958 3648 1321 3740 οἰκοδομοῦσιί
1349 3669 1579 3741 σπουδῇ,
1627 3670 1705 3723 καί

1872 3681 1951 3723 am
2006 3667 2292 3723 statuisset
2322 3664 2598 3719 hominem
2655 3674 2864 3724 creare,
2908 3670 3015 3711 non
3063 3650 3210 3724 quod
3247 3648 3405 3703 facile

172 3753 331 3811 λύουσι
357 3760 566 3830 ταχέως
615 3760 677 3813 τὸ
720 3758 1169 3831 κατασκεύασμα,
1200 3759 1336 3830 πρὸς
1356 3761 1509 3815 οὐδὲν
1528 3740 1705 3832 πέρας

1872 3758 2105 3816 πηοωηί
2132 3763 2340 3827 posset,
2369 3754 2465 3811 sed
2491 3752 2636 3825 quod
2682 3750 2898 3807 caeteris
2939 3745 3195 3803 omnibus
3223 3740 3405 3832 digni-

173 3846 440 3920 εὔχρηστον
482 3852 584 3923 τῆς
627 3851 866 3915 διανοίας
911 3830 1091 3905 αὐτῶν
1135 3852 1572 3926 καταληγούσης.
1608 3830 1706 3910 [Iit

1874 3862 1940 3909 ite
1969 3856 2277 3923 praestaret,
2319 3847 2520 3903 animal
2565 3844 2620 3900 in
2675 3858 2856 3899 rerum
2889 3846 3141 3895 naturam
3195 3830 3407 3905 produ-

172 3935 220 3991 δὲ
254 3943 550 3998 τούναντίον
593 3942 952 4015 ἐδιδάχθημεν
972 3962 986 3975 ο
1030 3945 1113 3998 ὅτι
1159 3946 1251 3997 τὸν
1300 3946 1705 4017 πρωτόπλαπο·

1874 3947 1930 4012 it,
1987 3945 2220 4015 ejusque
2277 3955 2400 4012 qua;
2463 3938 2567 3995 sub
2625 3936 2766 3991 cmlo
2818 3942 2924 3999 est,
2990 3935 3259 3986 creaturae
3320 3937 3407 3977 re-

173 4028 414 4088 ἀθάνατον
442 4036 679 4089 ἔκτισεν.
723 4035 1137 4106 Ἐπισυμϐἀσης
1157 4036 1216 4090 δὲ
1244 4037 1344 4108 τῆς
1364 4037 1706 4109 παραϐάσεωι

1877 4056 1953 4096 em
2008 4037 2339 4108 designavit.
2396 4031 2513 4087 Hoc
2554 4044 2679 4086 eum
2739 4028 2926 4082 animo
2966 4022 3410 4110 destinasset,

172 4122 254 4174 καὶ
290 4125 383 4195 τῆς
421 4127 729 4198 ἁμαρτίας,
776 4129 857 4189 εἰς
893 4127 1048 4200 δίκην
1095 4105 1203 4182 τοῦ
1259 4105 1705 4203 πλημμελήματα

1877 4129 1997 4185 dem
2027 4105 2349 4199 perfecisset
2390 4123 2659 4193 sapientia
2689 4120 2974 4187 formaque
3002 4112 3187 4169 divine
3216 4105 3410 4180 praedi-

172 4212 259 4284 τῆς
293 4216 589 4283 ἀθανασίας
631 4219 955 4291 ἐστέρησεν·
994 4214 1117 4274 εἶτα
1144 4222 1178 4291 ἡ
1210 4221 1362 4292 πηγὴ
1390 4220 1705 4291 τῆςάγαθό

1878 4235 1987 4285 tm,
2000 4233 2066 4275 ac
2092 4219 2264 4273 multa
2299 4216 2479 4289 gratia
2512 4222 2679 4284 atque
2715 4212 2915 4267 decore
2944 4212 3222 4267 ornatum,
3250 4213 3411 4254 num-

173 4320 311 4375 τητος
338 4289 878 4383 ύπερὸλύξουσαὴτήν
917 4289 1469 4383 φιλανθρωπίαν,
1496 4289 1634 4385 «pb;
1668 4314 1706 4367 τί

1878 4311 1967 4367 uid
1988 4326 2056 4367 eo
2094 4308 2329 4364 consilio
2372 4306 2526 4361 illum
2577 4304 2633 4357 in
2684 4315 2867 4357 rerum
2905 4305 3160 4353 naturam
3208 4289 3411 4362 produ-

173 4393 312 4466 ἔργον
353 4402 743 4456 ἐπικλασθεῖσα
798 4382 907 4456 τῶν
950 4401 1094 4457 ἰδίων
1115 4382 1123 4383 7
1147 4401 1364 4474 χειρῶν,
1425 4382 1588 4474 σοφίᾳ
1634 4420 1706 4456 κα

1880 4406 1934 4469 it,
1964 4410 2027 4457 ut
2053 4400 2271 4472 genitus
2323 4402 2793 4467 corrumperetur,
2831 4400 2887 4447 et
2920 4398 3225 4446 extremum
3260 4382 3413 4438 subi-

173 4486 426 4565 ἐπιστήμῃ
474 4494 909 4565 κατεκόσμησεν,
944 4493 1003 4558 ὃς
1043 4495 1124 4558 είς
1176 4493 1273 4567 τὴν
1314 4494 1550 4567 ἀρχαίαν
1579 4496 1706 4567 ἠμῶ

1877 4503 1918 4551 at
1966 4491 2280 4549 interitum!
2325 4489 2394 4543 At
2440 4502 2639 4542 vanum
2681 4485 2737 4540 id
2795 4482 3112 4543 consilium,
3168 4477 3410 4545 ineptum

174 4580 441 4655 εὐδόκησεν
469 4586 819 4642 ἀνακαινίσαι
840 4586 1193 4640 κατάστασιν.
1622 4566 1630 4567 7

1881 4587 2175 4659 repositum
2209 4589 2267 4639 et
2304 4578 2546 4636 absurda
2592 4577 2792 4633 fuisset
2833 4572 3112 4630 intentio:
3152 4585 3219 4624 ac
3250 4566 3414 4622 vehe-

174 4683 363 4731 menter
391 4694 524 4734 sane
553 4679 775 4749 indigna
803 4692 894 4733 res
931 4684 1017 4732 est
1048 4678 1210 4732 talem
1240 4676 1629 4748 cogitationem
1656 4680 1723 4735 ad
1751 4680 1922 4737 Deum
1965 4677 2193 4743 referre,
2224 4682 2278 4730 et
2309 4671 2623 4742 hujusmodi
2656 4669 2955 4740 quidquam
2997 4665 3065 4722 de
3092 4679 3158 4721 eo
3185 4662 3416 4718 sentire.

178 4761 407 4827 Puerulis
429 4773 576 4827 enim
610 4774 712 4827 hac
733 4772 944 4827 ratione
966 4771 1304 4827 assimilatur
1334 4773 1579 4829 studiose
1603 4775 2029 4840 :edificantibus,
2069 4780 2124 4827 et
2150 4769 2403 4827 celeriter
2430 4775 2767 4823 structuram
2790 4762 3130 4821 solventibus
3159 4777 3174 4814 :
3215 4760 3418 4830 quippe

174 4858 361 4916 nullum
391 4863 550 4919 finem
574 4864 760 4919 utilem
788 4872 970 4918 mente
993 4876 1183 4917 eorum
1208 4869 1508 4932 spectante.
1536 4859 1888 4920 Contrarium
1917 4871 2099 4920 autem
2122 4875 2349 4933 prorsus
2372 4858 2550 4914 edocti
2585 4870 2798 4920 sumus,
2821 4851 3083 4925 quoniam
3100 4863 3224 4905 eum
3252 4860 3414 4917 quem

176 4956 387 5023 primum
419 4960 595 5025 tinxit,
625 4961 984 5015 immortalem
1014 4958 1249 5025 creavit;
1286 4973 1474 5014 verum
1502 4974 1627 5016 cum
1650 4969 1835 5032 postea
1869 4962 2162 5017 accidisset
2190 4957 2561 5029 transgressio
2587 4962 2752 5024 atque
2776 4959 3084 5025 peccatum,
3113 4948 3166 5001 in
3191 4956 3411 5016 pronam

175 5047 338 5106 delicti
369 5068 491 5109 eum
532 5053 944 5120 immortalitate
985 5052 1222 5123 privavit
1262 5070 1276 5106 :
1312 5050 1509 5108 deinde
1546 5051 1672 5109 fons
1716 5055 1979 5110 bonitatis
2025 5053 2310 5109 exundans
2370 5052 2745 5113 humanitate,
2798 5053 2854 5102 et
2887 5043 2953 5098 ad
2981 5055 3119 5113 Opus
3151 5050 3414 5093 manuum

174 5156 378 5198 suarum
412 5143 602 5210 ﬂexus,
634 5143 901 5214 sapientia
939 5153 1113 5213 atque
1152 5144 1380 5198 scientia
1427 5145 1735 5211 adornavit,
1775 5147 1951 5202 donec
1984 5146 2060 5201 ita
2098 5144 2244 5201 factu
2288 5143 2636 5200 commodum
2665 5141 2714 5196 ei
2740 5140 2922 5195 visum
2957 5144 3042 5191 est
3068 5146 3212 5198 esse.
3240 5138 3301 5185 ιιι
3358 5129 3443 5184 ῖηλ

174 5235 443 5301 pristinum
474 5253 573 5292 nos
610 5250 811 5295 statum
845 5239 1157 5294 restitueret
1183 5252 1246 5292 ac
1276 5247 1584 5294 renavaret.

235 5330 409 5387 Ταῦτα
435 5336 528 5389 καὶ
559 5335 731 5406 ἀληθῆ
748 5335 1031 5405 τυγχάνει,
1058 5332 1153 5387 καὶ
1173 5332 1274 5403 τῆς
1294 5333 1421 5403 περὶ
1452 5331 1587 5386 Θεοῦ
1608 5334 1736 5386 ὐπο-

1906 5328 2033 5384 Ηξεε
2061 5335 2116 5382 et
2146 5333 2456 5387 veravsunt,
2496 5331 2550 5379 et
2597 5328 2760 5392 digna
2792 5335 2856 5376 ea
2884 5333 3053 5391 quam
3087 5317 3156 5372 de
3182 5317 3295 5372 Deo
3321 5316 3419 5370 ba-

175 5415 371 5489 λήψεως
418 5423 560 5488 ἄξια.
611 5426 1030 5496 Προσμαρτυρεῖ
1084 5424 1193 5494 γὰρ
1242 5421 1394 5493 αὐτῷ
1448 5422 1587 5493 μετά
1635 5422 1704 5493 τῆ

1884 5438 1965 5477 ere
2016 5436 2116 5491 par
2160 5428 2245 5475 est
2305 5418 2586 5487 Opinione.
2638 5414 2932 5468 Tcstantur
2962 5411 3106 5468 enim
3155 5412 3275 5481 ejus
3305 5425 3417 5465 non

179 5509 491 5586 ἀγαθότητος
536 5518 630 5572 καὶ
674 5516 773 5589 τὴν
824 5515 1074 5587 δύναμιν.
1123 5516 1196 5569 Τὸ
1227 5516 1287 5568 δὲ
1315 5514 1541 5578 ἀπαθῶς
1591 5513 1712 5585 ἔχει

1883 5514 2131 5569 anitatem
2193 5512 2391 5574 solum,
2443 5523 2632 5563 verum
2683 5507 2848 5562 etiam
2910 5504 3230 5574 potentiam.
3280 5499 3416 5556 Nam

179 5604 264 5656 καὶ
282 5606 523 5679 σκληρῶς
551 5609 686 5681 «pb;
713 5608 783 5662 τὰ
810 5608 1087 5680 ἀρχόμενά
1113 5624 1172 5661 τε
1198 5606 1292 5661 καὶ
1313 5605 1711 5676 ποιμαινόμενα

1890 5619 1946 5659 ›ιι
1971 5603 2180 5658 moveri
2219 5618 2283 5656 ac
2308 5601 2508 5654 durum
2549 5613 2674 5655 esse
2715 5597 2983 5652 adversus
3030 5595 3279 5666 subjecta
3321 5609 3423 5648 no-

182 5690 289 5743 οὖδὲ
310 5694 602 5766 ἀνθρώπων
632 5696 750 5751 ἐστὶ
796 5697 1050 5768 χρηστῶν
1082 5698 1177 5751 καὶ
1204 5695 1516 5766 βελτίστων.
1546 5694 1715 5759 Οὕτως

1887 5710 2080 5766 ratque
2108 5710 2254 5750 cura:
2279 5692 2596 5757 commissa,
2624 5704 2729 5746 nec
2768 5689 3050 5745 hominum
3080 5687 3299 5759 quidem
3327 5687 3420 5742 be-

185 5780 215 5832 δ
244 5785 432 5858 ποιμὴν
460 5786 702 5860 βούλεται
743 5786 1017 5860 ἐρρῶσθαι
1060 5788 1122 5844 τὸ
1170 5786 1415 5859 ποίμνιον
1450 5785 1616 5858 αὐτῷ,
1641 5788 1718 5842 κα¹

1902 5802 2131 5859 gnorum
2165 5795 2215 5842 et
2245 5784 2577 5855 optimorum
2607 5790 2710 5841 cst.
2762 5780 2841 5837 Ita
2895 5781 3061 5853 opilio
3094 5778 3434 5836 vult—valere-
