3882 6430
518 353 624 408 663

1773 348 1831 404 S.
1868 343 2194 402 GREGORII
2223 341 2514 400 NYSSENI
3655 346 3736 402 eo;

521 467 622 520 sibi
655 481 896 538 gregem,
949 483 1013 522 ac
1072 469 1465 540 propemodum
1498 469 1861 525 immortalem
1913 481 2040 524 esse
2079 483 2093 519 :

2202 463 2389 534 σχεδὸν
2407 463 2676 536 ὑπάρχειν
2695 463 2960 519 ἀθάνατον
2990 479 3005 494 ⁸
3033 461 3129 517 καὶ
3155 463 3185 515 ὀ
3225 460 3475 533 βουκόλος
3511 460 3742 514 muroba-

519 559 647 614 item
673 559 948 616 bubulcus
971 561 1142 618 variis
1171 562 1322 618 curis
1356 563 1526 619 boves
1567 570 1731 632 auget
1766 579 1778 615 :
1814 561 2098 630 eaprarius

519 651 645 704 item
671 665 865 722 capras
895 651 1040 708 fetus
1061 655 1322 725 gemellos
1361 669 1584 726 quoquo
1619 663 1861 724 tempore
1907 666 2099 723 parere

517 747 672 809 optat
699 759 713 796 :
745 749 802 797 et
835 743 890 796 in
920 758 1157 811 summa,
1190 745 1368 801 omnis
1395 753 1584 817 pastor
1613 743 1934 815 pecorisque
1980 757 2098 798 ma-

517 829 690 896 gister
726 830 795 885 ad
845 831 1007 890 finem
1039 835 1330 904 quemdam
1377 835 1567 891 utilem
1621 834 1943 905 respiciens,
1971 848 2095 888 cum

517 921 722 977 durare
771 931 938 994 atque
991 940 1314 996 permanere
1371 926 1478 983 sibi
1537 941 1755 997 gregem
1805 933 1972 997 atque
2003 939 2097 978 ar-

521 1023 762 1067 mentum
811 1014 1105 1082 desiderat,
1144 1025 1258 1071 tum
1304 1016 1482 1073 fetura
1535 1016 1767 1072 feliciter
1806 1015 2096 1090 propagari

519 1106 690 1174 cupit.
727 1105 842 1161 Hoc
865 1122 988 1161 cum
1013 1110 1088 1162 ita
1112 1109 1202 1171 sit,
1235 1115 1292 1162 et
1328 1124 1393 1164 ex
1429 1109 1497 1164 iis
1529 1124 1651 1180 quae
1677 1123 1707 1163 a
1737 1107 1896 1164 nobis
1934 1109 2096 1162 modo

519 1196 665 1252 dicta
689 1207 815 1253 sunt
840 1209 1117 1255 ostensum
1178 1201 1272 1263 sit,
1324 1201 1560 1257 maxime
1589 1201 1783 1258 decere
1827 1199 2092 1256 artificem

519 1302 586 1342 ac
622 1299 924 1345 creatorem
955 1292 1172 1362 generis
1220 1294 1396 1348 nostri
1447 1291 1752 1348 reformare
1795 1300 1849 1348 et
1886 1293 2097 1346 instau-

519 1392 645 1433 rare
673 1389 992 1452 corruptum
1027 1397 1169 1454 opus
1209 1399 1222 1435 :
1267 1385 1444 1454 palam
1478 1393 1581 1448 est,
1612 1383 1756 1454 quod
1798 1383 1890 1454 qui
1943 1390 2098 1438 (βαλιο-

519 1466 598 1522 ris
659 1468 817 1524 fidem
845 1488 956 1527 non
1012 1473 1236 1538 habent,
1295 1490 1403 1532 non
1443 1491 1509 1531 ex
1573 1475 1756 1546 aliqua
1798 1489 1966 1531 causa
1997 1491 2097 1544 pu-

517 1567 688 1626 gnant
719 1569 775 1616 et
803 1562 1195 1630 adversantur,
1226 1581 1391 1636 quam
1422 1566 1568 1637 quod
1604 1566 1944 1620 arbitrantur
1979 1563 2095 1620 fieri

518 1667 629 1706 non
659 1668 845 1724 posse,
881 1665 940 1712 ut
974 1656 1116 1713 Deus
1156 1657 1236 1722 id,
1267 1657 1416 1728 quod
1448 1666 1725 1713 mortuum
1760 1672 1826 1712 ac
1865 1657 2096 1712 dissolu-

520 1751 634 1796 tum
657 1752 761 1811 est,
785 1747 1098 1803 resuscitet.
1128 1747 1466 1804 Mortuorum
1495 1763 1684 1804 revera
1709 1763 1984 1818 sensuque
2005 1762 2097 1802 ca-

521 1832 758 1887 rentium
816 1834 1108 1904 cogitatio,
1165 1838 1261 1908 qui
1321 1837 1644 1894 existimant
1693 1839 1900 1910 aliquid
1950 1855 2092 1904 esse,

519 1921 666 1990 quod
700 1937 730 1976 a
765 1921 875 1980 Deo
904 1927 1089 1996 perlici
1122 1937 1177 1983 et
1207 1927 1451 1999 expediri
1480 1943 1588 1983 non
1620 1929 1813 2000 possit,
1854 1939 1908 1984 et
1939 1944 2094 1986 suam

519 2011 762 2081 ipsorum
793 2014 1171 2074 infirmitatem
1218 2020 1492 2089 maiestati
1547 2021 1913 2092 omnipotenti
1958 2023 2097 2077 assi-

516 2112 706 2174 gnant.
743 2105 849 2164 Sed
881 2118 940 2164 ut
989 2111 1328 2182 argumentis
1359 2121 1414 2167 et
1449 2112 1870 2183 probationibus
1901 2128 2094 2168 eorum

518 2195 984 2265 reprehendamus
1010 2204 1328 2269 amentiam,
1370 2218 1437 2259 ex
1467 2205 1834 2275 prresentibus
1876 2215 1930 2261 et
1957 2220 2096 2276 prte-

520 2286 702 2343 teritis
724 2290 1052 2346 ostendatur
1076 2293 1130 2348 id
1159 2294 1306 2364 quod
1339 2293 1582 2350 futurum
1614 2295 1830 2367 quidem
1861 2304 1966 2363 est,
1997 2297 2094 2353 sed

517 2373 769 2433 futurum
795 2395 918 2438 esse
943 2397 1053 2438 non
1089 2384 1355 2440 creditur.
1398 2384 1613 2442 Audisti
1646 2386 1791 2458 quod
1822 2387 2000 2458 pulvis
2026 2388 2096 2444 ad

517 2464 752 2522 formam
791 2470 1051 2530 redactus
1064 2475 1294 2531 ethomo
1323 2476 1500 2532 factus
1523 2487 1630 2534 est.
1652 2477 1971 2550 Doceigitur
1985 2495 2093 2546 me,

518 2572 729 2626 quaeso,
763 2569 819 2616 tu
849 2563 941 2632 qui
984 2573 1077 2621 tua
1127 2568 1400 2638 sapientia
1430 2571 1616 2624 omnia
1655 2571 1945 2641 complecti
1986 2573 2092 2638 vis,

517 2664 629 2718 qua
661 2652 874 2710 ratione
907 2657 1085 2714 tenuis
1140 2660 1322 2728 pulvis
1357 2661 1660 2731 dissipatus
1707 2670 1934 2719 coactus
1979 2663 2090 2730 sit;

515 2743 792 2808 quomodo
819 2752 967 2802 terra
997 2762 1126 2804 caro
1157 2748 1298 2806 facta
1321 2751 1413 2818 sit,
1435 2761 1600 2824 atque
1627 2753 1814 2809 eadem
1843 2755 2090 2821 materia,

515 2845 624 2901 qua
653 2834 868 2892 ratione
912 2848 969 2894 et
1007 2853 1164 2908 ossa,
1197 2851 1253 2898 et
1280 2851 1484 2906 cutem,
1515 2853 1571 2899 et
1607 2844 1846 2916 adipem,
1875 2853 1929 2900 et
1953 2846 2094 2917 pilos

511 2921 854 2993 confecerit;
890 2931 1170 2999 quomodo
1217 2947 1342 2989 cum
1383 2949 1492 2990 una
1536 2935 1610 2990 sit
1661 2951 1812 3002 caro,
1861 2935 2096 2992 diversa:

513 3024 642 3067 cum
673 3012 864 3073 formae
896 3021 1291 3091 membrorum,
1333 3035 1448 3082 tum
1495 3026 1790 3096 qualitates
1817 3036 1871 3083 et
1913 3036 2093 3084 tactus

2197 558 2328 619 παῖς
2351 555 2669 628 θεραπείαις
2687 557 2842 622 αὔξει
2871 556 2972 620 τὰς
3012 554 3165 626 βοῦς·
3197 552 3288 608 καὶ
3321 553 3421 616 ea;
3443 551 3598 620 αἶγας
3619 551 3740 604 διδυο

2201 649 2460 720 μοτόκους
2484 650 2748 722 ὑπάρχειν
2781 651 2811 702 ὀ
2843 649 3062 711 αἰπόλος
3077 638 3290 716 εῦχεται
3309 661 3322 675 ·
3353 645 3449 698 καὶ
3474 645 3576 706 πᾶς
3604 643 3739 710 ἀγελ-

2197 741 2372 812 άρχης
2407 740 2593 806 ἁπλῶς
2625 741 2902 812 διαμένειν
2962 737 3111 808 αὑτῷ
3134 738 3228 791 καὶ
3251 735 3584 806 εὑθηνεῖσθαι
3611 734 3742 789 ποθεῖ

2196 832 2296 902 τὴν
2322 833 2544 904 ἀγέλην,
2575 833 2715 906 πρός
2748 851 2802 887 τι
2841 832 2992 897 τέλος
3030 830 3326 901 εὔχρηστον
3373 827 3605 899 ἀφορῶν.
3629 828 3742 881 Τού-

2193 943 2290 982 του
2318 926 2374 981 δὲ
2401 925 2576 990 οὕτως
2606 925 2842 997 ἔχοντος,
2873 924 2968 979 καὶ
3003 926 3068 978 ἐκ
3095 921 3204 976 τῶν
3240 921 3440 993 ἀρτίως
3457 922 3585 992 ἡμῖν
3613 922 3742 992 είρηη

2201 1018 2378 1089 μένων
2417 1015 2720 1087 δειχθέντος
2757 1014 3214 1087 πρεπωδέστατον
3257 1013 3522 1081 ὑπάρχειν
3560 1009 3632 1079 τῷ
3661 1009 3742 1080 δη.

2199 1106 2446 1180 μιουργῷ
2483 1107 2578 1160 καὶ
2607 1105 2826 1178 τεχνίτῃ
2850 1104 2944 1158 τοῦ
2977 1104 3170 1173 γένους
3199 1101 3356 1172 ἡμῶν
3384 1099 3672 1155 ἀναπλάσαι
3694 1100 3744 1152 τὺ

2197 1198 2400 1270 φθαρέν
2422 1197 2546 1269 ποίη
2555 1213 2654 1266 μα,
2676 1194 2940 1268 πρόδηλον
2959 1195 3036 1258 ὼς
3059 1195 3110 1246 οἱ
3132 1197 3245 1256 τοῖς
3271 1189 3401 1261 ἑξῆς
3430 1189 3744 1254 ἀπειθοῦντες

2195 1289 2296 1342 οὐκ
2328 1287 2549 1343 ἄλλοθέν
2579 1284 2743 1340 ποθεν
2777 1284 3178 1356 ἀπομάχονται,
3217 1283 3251 1352 ἢ
3293 1282 3384 1336 διά
3433 1281 3496 1334 rb
3536 1281 3744 1351 νομίζειν

2196 1379 2458 1435 ἀδύνατον
2482 1373 2621 1432 εἶναι
2649 1375 2728 1447 τῷ
2749 1375 2868 1446 Θεῷ
2885 1375 2952 1428 ’τὸ
2979 1373 3239 1445 τεθνηκὸς
3274 1372 3371 1426 καὶ
3403 1372 3636 1426 διαλυθὲν
3667 1372 3742 1425 ἀν-

2197 1473 2424 1543 εγεῖραι.
2453 1470 2502 1523 Ν
2506 1467 2682 1540 εκρῶν
2700 1467 2914 1538 ἀληθῶς
2930 1466 3025 1520 καὶ
3044 1464 3386 1536 ἀναισθήτων
3409 1462 3473 1517 rb
3496 1465 3740 1534 φρόνημα,

2194 1561 2256 1616 rb
2291 1561 2548 1616 ἀδύνατον
2572 1558 2664 1614 καὶ
2693 1558 2972 1630 ἀμήχανον
2999 1557 3091 1610 ἐπὶ
3118 1555 3254 1610 Θεοῦ
3279 1555 3652 1627 λογιζομένων,
3667 1556 3744 1609 καὶ

2195 1651 2264 1705 τά
2296 1649 2397 1721 τῆς
2440 1649 2575 1712 ίδίας
2611 1638 2890 1710 ἀσθενείας
2939 1645 3033 1699 ἐπὶ
3081 1646 3182 1716 τὴν
3223 1644 3624 1715 παντοδύναμον
3666 1662 3743 1714 φε-

2200 1743 2403 1814 ρόντων
2458 1740 2955 1814 μεγαλοπρέπειαν.
2976 1740 3094 1792 Ἵνα
3127 1739 3185 1792 δὲ
3230 1737 3412 1807 λόγοις
3445 1737 3743 1806 ἐλεγκτικοῖς

2196 1838 2296 1906 τῆς
2327 1836 2513 1899 ἀνοίας
2567 1834 2744 1890 αὐτῶν
2783 1831 3169 1904 καθικώμεθα,
3198 1833 3264 1884 ἐκ
3312 1830 3424 1884 τῶν
3477 1831 3742 1899 γεγονότων

2196 1929 2292 1984 καὶ
2319 1929 2488 1983 ὅντων
2514 1925 2890 1997 ἀποδειχθήτω
2909 1924 2970 1978 rb
3001 1923 3192 1994 μέλλον
3226 1923 3318 1977 καὶ
3352 1923 3738 1992 ἀπιστούμενον.

2200 2021 2479 2082 Ἤκουσας
2507 2018 2588 2072 ὅτι
2607 2019 2636 2072 ὀ
2663 2015 2794 2088 χοῦς
2814 2015 3080 2086 ἐπλάσθη,
3102 2012 3198 2068 καὶ
3223 2013 3443 2082 ἐγένετο
3471 2011 3739 2083 ἄνθρωπος.

2196 2111 2416 2176 Δίδαξον
2446 2105 2540 2165 οῦν
2565 2127 2656 2181 με,
2687 2107 3014 2181 παρακαλῶ,
3042 2109 3073 2160 ὀ
3099 2105 3279 2160 πάντα
3329 2103 3496 2170 ἀξιῶν
3519 2107 3582 2175 τῇ
3607 2103 3741 2174 σοφίᾳ

2193 2208 2261 2277 τῇ
2316 2203 2510 2259 ἐαυτοῦ
2559 2202 3039 2275 περιδράσσεσθαι,
3082 2199 3200 2264 πῶς
3246 2200 3276 2252 ὀ
3327 2199 3522 2261 λεπτὸς
3575 2197 3741 2268 χοῦςὸ

2195 2295 2588 2367 ἐσκεδασμένος
2613 2294 2874 2366 συνήχθη,
2909 2293 3026 2356 πῶς
3055 2293 3089 2363 ἠ
3110 2293 3184 2364 γῆ
3224 2291 3366 2363 σὰρξ
3398 2289 3634 2359 ἐγένετο,
3666 2287 3741 2341 καὶ

2195 2391 2231 2460 ὴ
2261 2387 2399 2460 αὑτὴ
2425 2386 2548 2460 ὕλη,
2583 2387 2676 2441 καὶ
2713 2385 2875 2440 ὀστέα
2900 2383 3143 2456 ἐποίησε,
3189 2383 3284 2437 καὶ
3311 2383 3509 2454 δέρμα,
3547 2380 3632 2434 καὶ
3671 2395 3740 2430 πι-

2199 2481 2399 2554 μελὴν,
2426 2480 2519 2534 καὶ
2545 2479 2772 2550 τρίχας⁶
2809 2477 2927 2540 πῶς
2959 2478 3086 2548 μιᾶς
3110 2474 3278 2547 οῦσης
3299 2477 3402 2547 τῆς
3436 2472 3623 2544 σαρκὸς
3645 2469 3740 2524 διά-

2196 2589 2352 2644 φοροι
2389 2573 2445 2627 αί
2475 2571 2610 2626 ίδέαι
2631 2569 2739 2624 τῶν
2774 2569 2952 2640 μελῶν
2969 2568 3066 2621 καὶ
3093 2568 3150 2621 αί
3175 2566 3459 2637 ποιότητες
3477 2565 3568 2618 καὶ
3597 2560 3737 2632 ἀφαί·

2193 2663 2314 2728 πῶς
2360 2665 2391 2718 ὀ
2441 2663 2698 2734 πνεύμων
2748 2659 2959 2723 ἀπαλὺς
3009 2659 3108 2730 τὴν
3164 2657 3333 2729 ἁφὴν,
3392 2655 3623 2718 πελιδνὸς
3661 2651 3740 2721 τὴν

2193 2754 2392 2826 χρόανο
2415 2747 2642 2825 τὺῆπαρ
2671 2749 2976 2823 στριφ[ν]δν
3007 2751 3101 2805 καὶ
3127 2747 3380 2821 ἐρυθρὸν,
3403 2749 3438 2818 ἠ
3465 2745 3643 2816 καρδία
3665 2759 3738 2795 πε-

2194 2843 2469 2916 πιλημένη
2499 2841 2597 2898 καὶ
2622 2841 2986 2914 σκληρότατον
3019 2840 3206 2912 μόριον
3229 2840 3287 2893 ἐν
3328 2839 3521 2910 σαρκὶ,
3546 2838 3574 2889 ὀ
3599 2833 3738 2902 σπλὴν

2193 2935 2387 3008 ἀραιὸς
2444 2935 2540 2989 καὶ
2595 2933 2794 3005 μέλας*
2822 2933 2855 2986 ὀ
2879 2931 3142 2995 ἐπίπλους
3178 2929 3394 2995 λευκὸς,
3442 2929 3534 2983 καὶ
3561 2927 3738 2980 δίκτυον

2195 3027 2497 3082 ἁλιευτικὸν
2536 3023 3027 3096 συμπεπλεγμένον
3051 3021 3202 3094 παρὰ
3233 3021 3337 3093 τῆς
3371 3019 3598 3090 φύσεως.
3631 3014 3739 3068 Σκε-

515 3103 664 3204 sint;
695 3111 974 3177 quomodo
1013 3113 1199 3182 pulmo
1229 3122 1376 3171 tactu
1406 3118 1609 3182 mollis,
1641 3119 1828 3176 colore
1870 3120 2092 3183 lividus.

2196 3117 2423 3189 ψώμεθα
2467 3117 2726 3170 κάκεῖναο
2752 3113 2952 3204 ,πῶςη
2998 3113 3187 3204 πριῦτη
3226 3114 3391 3204 γυνὴ,
3420 3110 3525 3167 ἀπὸ
3576 3101 3735 3204 μικροῦ

511 3195 672 3263 jecur
695 3199 955 3269 solidum,
983 3203 1197 3260 firmum
1235 3214 1289 3261 et
1322 3223 1433 3264 non
1484 3210 1685 3267 cedens
1732 3225 1797 3267 ac
1830 3213 2094 3280 rubeum;

513 3293 992 3349 corconstrictum
1026 3310 1092 3352 ac
1113 3296 1408 3356 durissima
1433 3302 1700 3372 particula
1731 3305 1944 3371 carnis;
1986 3305 2094 3362 lien

515 3393 681 3436 rarus
721 3387 777 3434 et
806 3383 980 3455 niger,
1012 3395 1294 3442 omentum
1329 3389 1513 3446 album
1554 3399 1610 3446 et
1639 3392 1817 3449 instar
1859 3395 2093 3466 piscato-

515 3471 595 3529 ris
622 3473 761 3531 retis
814 3489 846 3530 a
898 3483 1098 3532 natura
1145 3479 1554 3550 complicatum.
1586 3483 2011 3544 Considerentus
2042 3496 2096 3544 et

513 3563 631 3630 illa,
667 3580 778 3636 quo
808 3574 972 3638 pacto
1005 3568 1182 3638 prima
1226 3570 1424 3627 mulier
1461 3587 1528 3628 ex
1569 3589 1737 3643 parva
1767 3585 1924 3646 parte
1966 3577 2099 3634 late-

513 3655 596 3711 ris
619 3656 893 3729 integrum
933 3659 1139 3714 animal
1161 3660 1341 3718 simile
1370 3662 1615 3733 perfecto
1641 3680 1705 3720 ac
1743 3668 1922 3736 primo
1952 3667 2096 3725 facta

513 3756 622 3814 est;
655 3757 710 3804 et
741 3765 872 3819 pars
915 3750 985 3806 ad
1031 3753 1216 3808 omnia
1248 3753 1486 3822 suffecit,
1531 3765 1587 3813 et
1624 3759 1884 3830 exiguum
1919 3769 2095 3818 totum

516 3839 830 3906 constituit,
854 3849 1008 3897 costa
1065 3841 1208 3898 facta
1259 3855 1343 3902 est
1368 3855 1555 3917 caput,
1595 3863 1794 3905 manus
1821 3861 1876 3907 et
1909 3854 2095 3922 pedes,

516 3926 795 3984 viscerum
824 3937 880 3985 et
917 3930 1304 3988 intestinorum
1343 3934 1588 3994 ﬂexuosa
1637 3945 1996 4013 tortuosaque
2032 3957 2098 3999 ac

515 4019 672 4076 varia
717 4021 892 4093 ﬁgura
937 4031 1104 4095 atque
1145 4023 1430 4083 distinctio
1471 4047 1484 4084 :
1527 4044 1678 4093 caro,
1711 4031 1826 4099 pili,
1881 4033 2093 4100 oculus,

516 4127 708 4182 nasus,
735 4129 823 4184 os,
861 4115 1047 4170 omnia
1082 4115 1318 4187 denique
1361 4120 1477 4187 (ne
1528 4121 1744 4192 longius
1792 4123 2096 4182 orationem

515 4208 874 4279 producam),
913 4208 1094 4264 omnia
1119 4208 1485 4279 admirabilia,
1513 4214 1864 4270 abhorrentia
1901 4231 1931 4271 a
1954 4232 2100 4273 com-

516 4300 668 4354 muni
705 4301 965 4372 opinione
991 4312 1044 4358 et
1071 4315 1260 4367 sensu,
1292 4319 1357 4359 ac
1393 4307 1594 4362 mentis
1617 4319 1838 4372 nostrae,
1858 4310 1952 4379 qui
1987 4309 2098 4365 Deo

517 4390 825 4458 comparati
879 4391 1124 4448 universi
1169 4394 1366 4465 exigua
1413 4397 1682 4466 quaepiam
1746 4398 2094 4468 portiuncula

2201 3203 2401 3276 μέρους
2428 3204 2528 3276 τῆς
2553 3202 2814 3276 πλευρᾶς,
2843 3202 3050 3274 ὑπέστη
3075 3200 3213 3267 ζῶον
3236 3203 3559 3273 ὀλόκληρον,
3588 3199 3737 3268 ὅμοιον

2196 3296 2274 3368 τῷ
2305 3294 2496 3367 τελείῳ
2515 3297 2610 3350 καὶ
2629 3294 2850 3368 πρώτῳ,
2865 3295 2960 3350 καὶ
2987 3293 3050 3349 rb
3077 3295 3243 3366 μέρος
3265 3294 3405 3366 πρὸς
3427 3293 3594 3348 πάντα
3615 3289 3736 3357 διήρ·

2198 3405 2327 3442 κεσε
2352 3387 2448 3443 καὶ
2475 3387 2538 3441 rb
2580 3386 2760 3456 ὀλίγον
2783 3386 2846 3441 rb
2887 3387 2998 3440 πᾶν
3049 3386 3444 3456 συνεστήσατο,
3475 3385 3507 3454 ἡ
3546 3375 3734 3446 πλευρά,

2196 3481 2411 3552 ἐγένετο
2460 3479 2690 3551 κεφαλὴ,
2733 3481 2914 3551 χεῖρες
2947 3478 3043 3533 καὶ
3075 3477 3235 3541 πόδες
3257 3517 3272 3542 ,
3301 3476 3546 3546 ἐγκάτων
3586 3467 3737 3526 σκολιὰ

2195 3571 2291 3627 καὶ
2330 3569 2545 3642 ποικίλη
2575 3569 2893 3632 διάπλασις,
2932 3567 3090 3641 σὰρξ.
3120 3569 3215 3622 καὶ⁷
3251 3568 3460 3639 τρίχες,
3482 3561 3736 3635 ὀφθαλμὸς,

2195 3663 2292 3719 καὶ
2312 3665 2419 3734 ῥὶς,
2459 3662 2554 3717 καὶ
2588 3661 2763 3731 στόμα
2785 3701 2800 3725 ,
2832 3659 2928 3714 καὶ
2971 3660 3150 3716 πάντα
3179 3659 3401 3724 ἁπλῶς,
3440 3660 3525 3713 ἵνα
3564 3654 3629 3727 μὴ
3656 3668 3736 3724 μα·

2195 3755 2328 3827 κρὸν
2352 3753 2626 3822 ἀπαγάγω
2651 3752 2742 3805 τὸν
2763 3751 2939 3820 λόγον,
2959 3751 3136 3806 πάντα
3154 3750 3446 3822 θαυμαστά
3477 3750 3565 3803 καὶ
3592 3741 3735 3814 mpi-

2195 3844 2326 3910 δοξα
2362 3846 2494 3916 ἡμῖν
2527 3846 2642 3908 τοῖς
2681 3842 2904 3912 ὀλίγοις,
2936 3844 3216 3915 πρόχειροι
3244 3843 3301 3897 δὲ
3339 3841 3492 3913 παρά
3516 3837 3624 3908 Θεῷ
3658 3834 3736 3902 τῆς

2196 3935 2544 4002 κατασκευῆς
2595 3935 2645 3989 οί
2697 3932 2844 4001 λόγοι
2876 3934 2972 3987 καὶ
3008 3933 3129 3988 λίαν
3180 3932 3610 4003 ὁμολογούμενα.
3637 3925 3735 3984 Πῶς

2195 4024 2290 4084 οὖν
2342 4029 2640 4100 σωφρονεῖν
2692 4025 2934 4092 δόξουσιν
2980 4028 3028 4080 οἱ
3056 4027 3158 4097 τὴν
3214 4027 3312 4096 μὲν
3363 4025 3490 4097 μίαν
3533 4017 3732 4088 πλευρὰν

2199 4119 2607 4192 συγχωροῦντες
2631 4119 2880 4188 γενέσθαι
2913 4119 3218 4189 ἄνθρωπον,
3248 4118 3358 4172 ἀπὸ
3392 4117 3448 4170 δὲ
3483 4111 3731 4180 ὁλοκλήρου

2197 4215 2297 4284 τῆς
2327 4211 2421 4266 τοῦ
2457 4210 2744 4283 ἀνθρώπου
2779 4210 2912 4282 ῦλης
2937 4209 3295 4272 ἀπιστοῦντες
3321 4209 3413 4262 τὸν
3453 4205 3602 4261 αὑτὸν
3629 4202 3734 4254 ἀνα·

2197 4304 2514 4370 κτίζεσθαις
2541 4303 2660 4356 Οὐκ
2694 4301 2862 4366 ἔστιν,
2891 4301 2993 4354 οὑκ
3037 4301 3184 4355 ἐστιν
3216 4299 3480 4361 ἐπινοίαις
3500 4294 3733 4364 ἀνθρωπι·

2199 4397 2324 4458 καῖς
2357 4393 2494 4448 Θεοῦ
2528 4391 3003 4464 πολυπραγμονεῖν
3035 4389 3334 4462 ἐνεργείας.
3374 4389 3437 4443 El
3467 4387 3567 4455 γὰρ
3594 4380 3734 4435 πάντα

519 4489 740 4540 sumus,
769 4488 992 4550 captum
1021 4464 1340 4538 excedentia
1375 4503 1388 4538 :
1428 4464 1573 4556 apud
1608 4464 1778 4540 Deum
1825 4503 1959 4544 vero
2003 4506 2094 4544 ra-

2197 4479 2266 4554 ἦν
2309 4484 2442 4554 ἡμῖν
2479 4482 2801 4552 καταληπτά
2824 4521 2840 4546 ,
2877 4481 2977 4536 οὐκ
3026 4480 3094 4535 ἂν
3145 4480 3409 4552 κρείττων
3446 4472 3512 4549 ἦν
3553 4464 3734 4544 main/6

518 4571 702 4624 tiones
744 4569 1127 4629 fabricationis
1179 4575 1237 4629 in
1291 4584 1546 4647 promptu
1605 4585 1738 4633 sunt
1777 4585 1831 4634 et
1882 4579 2095 4647 faciles,

2202 4575 2487 4647 κρείττων.
2522 4574 2588 4626 Τί
2627 4573 2770 4642 λέγω
2810 4575 2941 4645 περὶ
2971 4572 3106 4627 Θεοῦ
3136 4589 3150 4639 ;
3185 4572 3324 4626 Οὑδέ
3351 4570 3486 4641 πρὸς
3510 4565 3574 4619 τὰ
3599 4561 3734 4626 ἄλογα

517 4674 848 4731 omnemque
879 4662 1277 4719 dubitationem
1308 4665 1680 4732 excludentes,
1711 4675 1766 4724 et
1801 4668 2095 4725 admodum

2197 4668 2308 4721 τῶν
2341 4665 2496 4730 ζώων
2547 4665 2640 4720 ἐπί
2667 4682 2829 4719 τινων
2857 4665 3142 4735 δυνάμεων
3189 4661 3475 4734 σύγκρισίν
3504 4671 3615 4710 τινα
3643 4649 3733 4719 ἔχο-

518 4761 701 4809 cortte.
737 4754 858 4819 Quo
896 4755 1062 4826 igitur
1103 4763 1264 4827 pacto
1297 4771 1432 4812 sana
1477 4765 1661 4813 mente
1709 4761 1923 4829 praediti
1977 4778 2095 4820 esse

2201 4775 2322 4830 μεν,
2373 4757 2510 4812 ἀλλά
2560 4758 2830 4812 κάκείνων
2876 4755 3304 4827 ἀπολειπόμεθα.
3341 4752 3544 4808 Αὐτίκα
3583 4743 3732 4830 δρόμῳ

516 4843 870 4911 videbuntur,
897 4848 991 4919 qui
1017 4847 1330 4904 concedunt
1378 4862 1448 4903 ex
1501 4864 1611 4904 una
1653 4851 1881 4920 quidem
1939 4862 2095 4910 costa

2200 4829 2301 4922 μὲν
2327 4850 2474 4921 ἡμᾶς
2490 4848 2920 4920 ὑπερϐάλλονται
2953 4849 3110 4902 ἵπποι
3133 4889 3147 4909 ,
3176 4847 3273 4900 καί⁹
3304 4845 3492 4930 κύνες,
3523 4837 3605 4893 καὶ

517 4937 799 4993 hominem
825 4953 949 4996 esse
981 4939 1206 5003 factum,
1250 4955 1360 4994 non
1391 4949 1572 4995 autem
1608 4942 1844 4997 credunt
1888 4958 1954 4999 ex
2015 4945 2095 5000 in-

2196 4941 2397 4997 πολλά·
2436 4940 2666 5010 δυνάμει
2695 4939 2752 4994 δέ
2799 4940 3035 5011 κάμηλοι
3066 4939 3159 4992 καὶ
3201 4937 3448 5009 ἡμίονοι·
3483 4932 3731 5011 any-516’?“

518 5029 658 5101 tegri
689 5029 928 5087 hominis
961 5031 1191 5086 materia
1217 5030 1469 5086 eumdem
1497 5034 1796 5088 renovari?
1825 5034 1945 5090 Non
1999 5051 2095 5106 po-

2205 5035 2264 5089 δὲ
2294 5031 2450 5097 ὁδῶν,
2489 5031 2541 5084 οἱ
2573 5009 2718 5086 δνοι·
2745 5031 2840 5084 καὶ
2880 5009 2952 5084 Vrbi
2993 5031 3096 5099 τῆς
3144 5028 3405 5100 δορκάδος
3445 5016 3661 5088 ὀξυωπὺν
3687 5009 3729 5062 ἐν

518 5129 628 5177 test
664 5121 806 5185 tieri,
842 5137 952 5178 non
984 5131 1184 5194 potest,
1214 5130 1275 5178 ut
1303 5124 1558 5179 humana:
1588 5127 1792 5182 mentis
1839 5127 2095 5197 agitatio-

2207 5123 2495 5197 ἡμετέροις
2524 5121 2825 5192 ὀφθαλμοῖς
2850 5122 2951 5192 οὐχ
2978 5120 3309 5191 εὑρίσκεται.
3455 5207 3459 5208 γ
3629 5197 3639 5208 ι

518 5214 686 5270 nibus
723 5215 904 5270 divina
957 5217 1042 5272 vis
1089 5217 1144 5270 in
1191 5217 1359 5272 rebus
1408 5217 1712 5274 efﬁciendis
1765 5219 2100 5290 inquirendo
2140 5216 2423 5290 explorari
2492 5222 2548 5272 et
2595 5215 2921 5285 investigari
2995 5214 3192 5284 possit.
3242 5212 3376 5266 Nam
3421 5207 3466 5264 si
3511 5202 3731 5317 quiuit“:

517 5305 679 5360 nobis
705 5307 913 5376 percipi
967 5309 1468 5380 comprehendique
1505 5322 1756 5380 possent,
1794 5327 1904 5367 non
1958 5319 2249 5383 praestaret
2282 5309 2442 5366 nobis
2497 5309 2546 5362 is
2612 5309 2707 5379 qui
2780 5315 3024 5378 pmstat.
3091 5305 3234 5373 Quid
3284 5307 3474 5374 loquor
3515 5297 3576 5352 de
3613 5290 3727 5383 θεολ

519 5393 632 5451 Nec
663 5373 789 5454 cum
820 5373 1001 5458 brutis
1024 5373 1246 5474 quidem
1314 5373 1676 5468 animalibus,
1733 5373 1881 5476 quod
1949 5373 2016 5461 ad
2083 5405 2350 5478 quasdam
2395 5402 2592 5457 attinet
2629 5401 2904 5473 potentias
2953 5407 3011 5456 et
3066 5399 3377 5462 facultates,
3425 5373 3724 5457 comparandl

520 5489 708 5558 aliquo
737 5492 922 5557 modo,
957 5495 1052 5550 sed
1091 5504 1146 5550 et
1178 5496 1286 5551 illis
1308 5510 1527 5566 quoque
1555 5495 1850 5554 inferiores
1878 5513 2089 5554 sumus.

2196 5493 2462 5564 :longius
2521 5492 2710 5557 abeas,
2751 5506 2919 5546 cursu
2959 5489 3180 5560 quidem
3208 5504 3309 5546 nos
3372 5483 3512 5555 equi,
3549 5482 3722 5575 ἐξιηθεν

519 5579 740 5647 aliaque
779 5580 1040 5637 animalia
1079 5585 1251 5639 multa
1307 5585 1628 5655 praecedunt
1659 5588 1930 5644 :‘viribus
1997 5590 2129 5644 item
2200 5585 2398 5642 cameli
2433 5591 2490 5639 et
2515 5584 2672 5648 muli,
2704 5583 3018 5638 notationes
3060 5596 3192 5635 vero
3230 5581 3458 5636 viarum,
3489 5569 3614 5624 asini
3641 5572 3720 5615 n0-

516 5670 603 5728 bis
632 5673 1015 5742 antecellunt,
1054 5686 1107 5733 et
1139 5693 1368 5734 acumen
1411 5679 1564 5736 visus
1596 5687 1651 5736 et
1701 5681 1849 5738 acies
1905 5683 2212 5752 oculorum,
2245 5694 2354 5752 qua
2395 5693 2606 5750 capreae
2643 5678 2884 5748 praeditas
2919 5685 3068 5745 sunt,
3104 5676 3157 5732 in
3200 5675 3377 5732 oculis
3424 5663 3608 5725 nostris
3639 5664 3721 5712 non

517 5765 814 5830 reperitur.
