3882 6444
451 372 554 428 667

1712 374 1770 432 s.
1812 373 2143 433 cnsconu
2179 374 2476 457 mssast

3590 377 3680 437 668

449 490 538 545 fex
570 491 656 544 vel
689 496 1075 546 sexcentarum
1116 488 1277 546 facile
1313 490 1498 562 opifex
1538 491 1661 547 erit.
1697 495 1895 549 Annon
1946 494 2027 549 vi-

2135 493 2409 565 ὲποίησεν,
2439 494 2526 549 ἴνα
2557 496 2625 565 τῇ
2655 492 2955 566 καταλήψει
2999 493 3111 546 τῶν
3153 491 3476 563 ποιημάτων
3505 490 3682 569 δοξάσῃ

447 582 590 637 detis
648 582 1030 649 mechanicas,
1086 584 1547 654 quemadmodum
1597 600 1921 656 magnorum
1967 594 2025 642 et

2121 583 2214 638 τὸν
2249 582 2410 653 σοφὸν
2448 583 2544 637 καὶ
2568 584 2875 655 εὐμήχανον
2903 582 3153 654 ποιητὴν,
3169 580 3367 651 ὖψειτὺ
3386 580 3482 635 τοῦ
3505 582 3671 655 ἀστρο

448 672 749 741 ingentium
782 669 1135 729 aediﬁciorum
1162 672 1370 729 formas
1403 682 1457 729 et
1492 673 1696 745 ﬁguras
1735 677 1791 729 in
1824 676 2022 746 exigua

2128 676 2289 746 νόμον
2317 675 2567 749 σφαιρίον
2591 677 2784 747 μικρὸν
2817 677 2936 746 μὲν,
2965 677 3028 729 ὲν
3045 675 3104 728 ὣ
3131 677 3203 746 τῇ
3223 674 3371 745 χειρὶ
3390 674 3684 744 κινούμενον

447 777 571 819 cera
611 765 931 834 speciminis
990 767 1114 822 loco
1159 766 1422 837 effingunt
1467 774 1631 837 atque
1689 767 2026 835 designant?

2128 768 2218 823 τοῦ
2242 770 2605 841 ἐπιστήμονος
2655 766 2832 833 οὕτως
2865 767 2940 833 ὡς
2969 766 3199 839 οὐρανὸς
3235 765 3389 839 παρά
3422 765 3515 820 τοῦ
3541 766 3682 830 Θεοῦ,

446 857 527 911 Ac
549 858 691 912 ratio
739 872 862 927 qua:
906 859 962 912 in
990 872 1163 929 parvo
1180 866 1285 923 est,
1342 859 1588 915 eamdem
1620 858 1728 914 vim
1751 858 1915 914 habet
1966 860 2023 916 in

447 948 639 1003 multis
676 962 741 1002 ac
758 950 980 1019 magnis
1014 951 1326 1006 structuris.
1360 949 1613 1021 Magnum
1674 952 1904 1014 caelum.
1933 966 2026 1005 ar-

447 1040 745 1095 tiﬁciosum
775 1038 866 1095 Dei
931 1042 1208 1111 opificium
1251 1049 1356 1097 est.
1419 1042 1499 1097 Ac
1563 1043 1833 1113 quoniam
1881 1042 2024 1102 Deus

448 1130 728 1185 hominem
753 1132 953 1185 animal
982 1131 1250 1186 rationale
1277 1130 1427 1196 fecit,
1447 1140 1508 1186 ut
1531 1132 2028 1203 comprehensione

447 1234 676 1292 sperum
707 1222 973 1290 gloriﬁcet
1001 1224 1303 1292 sapientem
1333 1232 1389 1277 et
1421 1224 1678 1279 solertem
1708 1238 1902 1279 eorum
1935 1222 2025 1277 fa-

448 1312 797 1375 bricatorem,
850 1314 1036 1369 videas
1092 1314 1395 1369 astronomi
1458 1314 1729 1384 sphaeram
1797 1329 2022 1385 parvam

446 1402 691 1471 quidem,
721 1403 815 1457 sed
852 1403 907 1457 in
937 1418 1102 1457 manu
1136 1404 1367 1459 scientis
1401 1404 1479 1457 ita
1501 1403 1733 1465 moveri,
1764 1404 2029 1477 quenad-

445 1494 666 1547 modum
701 1506 731 1547 a
780 1493 888 1550 Deo
949 1496 1155 1550 caelum
1185 1509 1455 1550 movetur.
1489 1496 1569 1550 Ac
1610 1496 1837 1550 minima
1878 1503 2028 1551 stru-

445 1594 603 1637 ctura
670 1586 851 1656 magni
905 1586 1055 1641 illius
1104 1587 1309 1656 opificii
1370 1587 1727 1643 simulacrum
1781 1594 1869 1642 est
1916 1605 1929 1641 :
1973 1593 2030 1641 et

446 1675 611 1741 ratio,
643 1691 764 1744 quae
810 1677 863 1731 in
897 1678 1083 1747 parvis
1133 1687 1239 1745 est,
1270 1678 1515 1734 declarat
1571 1680 1861 1742 immensa,
1905 1693 2029 1748 qtue

444 1774 697 1821 nostrum
725 1783 945 1823 sensum
970 1778 1025 1824 et
1052 1770 1393 1826 intellectum
1415 1781 1751 1840 exsuperant
1772 1778 1829 1827 et
1855 1786 2027 1826 exce-

2123 863 2218 916 καὶ⁹
2239 861 2303 916 τὸ
2316 860 3046 931 ἐλάχιστονοκατασκεύασμα
3065 859 3161 912 τοῦ
3187 858 3425 929 μεγάλου
3451 858 3693 929 δημιουρ-

2125 953 2377 1023 γήματος
2405 949 2572 1004 εἰκὼν
2592 950 2802 1019 γίνεται
2835 964 2853 983 ο
2888 948 2987 1005 καὶ
3005 952 3063 1004 ὲν
3095 950 3210 1013 τοῖς
3248 949 3470 1020 μικροῖς
3490 948 3520 1000 ὁ
3549 948 3689 1016 λόγος

2126 1040 2419 1113 ἔρμηνεύει
2468 1040 2537 1094 τά
2569 1041 2813 1112 ὓπέροχα
2857 1038 3046 1095 καὶτὰ
3087 1040 3189 1111 τὴν
3238 1038 3494 1110 αἰσθησιν
3546 1038 3699 1109 ἡμῶν

2126 1130 2541 1204 ὑπερϐαίνοντα.
2560 1129 2745 1185 ταῦτα
2783 1131 2840 1184 δὲ
2889 1130 3028 1202 πρὸς
3061 1130 3116 1182 τί
3146 1129 3408 1199 διῆλθσνξ
3440 1127 3528 1180 ἵνα
3552 1125 3691 1195 γινό»

2126 1242 2262 1296 σκῃς
2285 1225 2367 1277 ὅτι
2396 1223 2500 1277 κᾶν
2528 1223 2809 1295 ἐρωτήσῃς
2841 1239 2910 1293 με
2940 1221 3060 1284 πῶς
3113 1220 3271 1274 ἔσται
3306 1220 3420 1273 τῶν
3448 1219 3542 1272 ἀπ’
3576 1217 3689 1271 αἰῶ-

2126 1332 2215 1379 νος
2246 1315 2514 1386 σωμάτων
2536 1316 2570 1384 ἡ
2601 1313 2928 1376 ἀνάστασις,
2961 1311 3271 1385 ἀπαιτούσῃ
3319 1312 3553 1381 ταχέως,
3580 1309 3692 1371 Πῶς

2125 1407 2161 1459 ὁ
2185 1407 2561 1477 τετραήμερος
2613 1405 2822 1477 ἠγέρθη
2859 1386 3110 1478 Λάζαρος
3137 1423 3152 1473 ;
3189 1403 3466 1476 Πρόδηλαν
3496 1404 3599 1474 γὰρ
3624 1403 3690 1467 ὡς

2125 1495 2223 1566 τὴν
2250 1496 2342 1549 ἐπὶ
2379 1494 2456 1565 τῷ
2480 1496 2560 1549 ἑνὶ
2582 1495 2975 1565 πληροφορίαν,
3003 1497 3109 1549 κάν
3133 1498 3247 1558 τοῖς
3263 1494 3487 1556 πολλοῖς
3509 1493 3691 1562 ὁμοίως

2128 1587 2423 1658 stuppam?”
2451 1585 2831 1657 παραδέξεται.
2875 1585 3007 1639 Θεδν
3036 1584 3425 1655 ὑποτιθέμενος
3463 1584 3554 1637 τὸν
3587 1600 3695 1636 ποι-

2125 1678 2290 1732 οῦντα
2315 1719 2330 1744 ,
2369 1677 2537 1748 μηδὲν
2585 1676 2749 1748 εῖπῃς
2778 1675 3060 1737 ἀδύνατον,
3111 1675 3245 1747 μηδὲ
3277 1678 3348 1746 τῇ
3401 1672 3591 1727 σαυτοῦ
3621 1674 3695 1726 ὲν-

2126 1770 2248 1843 νοίᾳ
2274 1769 2627 1840 καταληπτὴν
2658 1767 2888 1838 νομίσῃς
2914 1766 3012 1838 τὴν
3052 1768 3148 1821 τοῦ
3179 1766 3572 1837 ἀκαταλήπτου
3613 1782 3694 1818 σο-

445 1855 604 1910 dunt.
626 1857 747 1913 ‘Sed
770 1875 869 1914 cur
902 1861 1015 1916 haec
1043 1863 1313 1932 exposui?
1350 1874 1411 1919 ut
1439 1863 1736 1935 intelligas,
1787 1863 1937 1934 quod
1976 1863 2023 1919 si

2128 1863 2276 1931 φίαν.
2311 1859 2448 1915 Οΰτε
2492 1860 2604 1931 γὰρ
2633 1859 2899 1929 εκείνῳτι
2941 1859 3187 1929 ἄπειρον,
3214 1859 3313 1912 καὶ
3363 1858 3450 1912 σοὶ
3491 1857 3562 1910 τὰ
3606 1854 3703 1909 τοῦ·

446 1961 533 2002 me
584 1962 806 2019 quoque
858 1953 1318 2023 interrogaveris,
1369 1954 1649 2025 quomodo
1696 1969 2025 2025 corporum.

2134 1953 2363 2026 ἀπείρου
2394 1953 2550 2021 ἀνεξε
2559 1951 2820 2023 ρεύνητα.

444 2054 567 2106 qua:
599 2040 671 2094 ab
724 2042 926 2096 sarculo
957 2059 1135 2115 usque
1166 2043 1408 2111 fuerunt,
1445 2046 1783 2100 resurrectio
1846 2044 2041 2099 futura

442 2127 578 2191 erit,
613 2140 809 2186 contra
842 2134 1025 2189 statim
1075 2137 1311 2193 audies:
1345 2136 1620 2206 qumnodo
1646 2135 1912 2200 Laurus,
1952 2135 2048 2206 qui
2078 2145 2337 2205 quartum
2370 2134 2483 2205 iam
2515 2134 2661 2189 diem
2708 2132 2961 2202 sepultus
3001 2139 3150 2196 erat,
3182 2131 3542 2194 resuscitatus
3588 2132 3694 2186 est!

441 2218 798 2291 Perspicuum
826 2226 979 2281 enim
1018 2235 1125 2289 est,
1157 2228 1304 2297 quod
1339 2243 1461 2284 eam
1500 2227 1663 2284 ﬁdem
1696 2239 1752 2284 et
1791 2228 2167 2298 probationem
2194 2243 2318 2297 qua:
2347 2226 2403 2281 in
2440 2241 2552 2282 uno
2594 2224 2672 2285 fit.
2722 2226 2893 2282 etiam
2923 2224 2976 2279 in
3032 2224 3217 2279 multis
3256 2223 3514 2280 similiter
3549 2221 3699 2285 homo

443 2324 613 2368 sauus
667 2313 976 2371 admiserit.
1018 2316 1208 2372 Posito
1265 2317 1412 2387 quod
1448 2316 1593 2374 Deus
1633 2320 1727 2383 sit,
1757 2318 1853 2388 qui
1890 2319 2076 2383 faciat,
2117 2318 2254 2373 nihil
2311 2318 2517 2374 dixeris
2549 2332 2705 2382 esse,
2735 2316 2887 2387 quod
2936 2315 3058 2370 ﬁeri
3105 2329 3214 2371 non
3266 2315 3447 2385 possit
3486 2331 3500 2368 :
3537 2328 3701 2383 neque

442 2415 539 2460 tua
594 2408 924 2475 cogitatione
972 2407 1180 2477 percipi
1217 2424 1380 2479 posse
1428 2419 1588 2480 putes
1629 2411 1803 2479 illius,
1838 2411 1933 2480 qui
1970 2408 2362 2481 comprehendi
2409 2424 2521 2464 non
2568 2415 2787 2478 potest,
2831 2406 3179 2477 sapientiam.
3229 2403 3421 2475 Neque
3459 2404 3597 2459 enim
3626 2401 3699 2456 illi

441 2497 742 2568 quidquam
790 2498 1069 2555 infinitum
1107 2517 1123 2556 :
1170 2508 1228 2556 at
1280 2500 1381 2556 tibi
1433 2517 1519 2569 ea,
1553 2516 1677 2573 qua:
1713 2503 1988 2572 pertinent
2021 2504 2089 2559 ad
2134 2502 2336 2558 infiniti
2385 2505 2771 2573 quaestionem,
2813 2499 3194 2557 inscrutabilia
3217 2506 3279 2553 et
3316 2498 3693 2571 investigabilia

443 2603 591 2652 sunt.

514 2730 836 2790 Videbimus
902 2742 1083 2791 autem
1150 2735 1292 2791 hanc
1351 2738 1620 2794 rationem
1666 2739 1916 2811 pulchre,
1975 2740 2022 2796 si

2154 2732 2159 2737 ⁷
2205 2737 2483 2809 Ὀψόμεθα
2511 2737 2568 2791 δὲ
2600 2735 2790 2790 τοῦτον
2818 2733 2908 2789 τὸν
2932 2734 3091 2805 λόγον
3111 2732 3318 2798 καλῶς,
3339 2733 3406 2788 ἀν
3441 2731 3572 2804 πρὸς
3595 2732 3691 2793 τοῖς

441 2834 643 2897 prmter
674 2842 737 2881 ea
760 2821 882 2898 quae
904 2826 1049 2881 dicta
1073 2837 1223 2896 sunt,
1252 2840 1561 2886 scrutemur
1591 2838 1645 2887 et
1667 2835 2025 2902 exquiramus

2128 2840 2433 2912 εἰρημένοις
2460 2838 2555 2892 καὶ
2586 2838 2675 2891 τὸν
2701 2837 2900 2909 τρόπον
2931 2838 3031 2908 τῆς
3071 2836 3347 2904 γενέσεως
3374 2837 3406 2906 ἠ
3418 2834 3529 2905 μῶν
3564 2833 3692 2885 δοκι·-

441 2918 666 2972 modum
703 2919 1074 2988 generationis
1118 2932 1344 2984 nostrae,
1376 2936 1485 2977 non
1515 2922 1754 2993 primum
1802 2932 1855 2977 et
1885 2923 2026 2977 anti-

2128 2932 2415 3002 μάσωμεν,
2449 2931 2510 2983 οὐ
2557 2929 2649 2983 τὸν
2701 2928 2915 2999 πρῶτον
2951 2927 3045 2981 καὶ
3088 2924 3465 2997 πρεσϐύτατον
3509 2924 3689 2978 ἐκεῖνον

443 2999 769 3079 quissimum
795 3009 971 3074 illum,
1000 3029 1028 3064 a
1064 3010 1172 3065 Deo
1197 3012 1472 3082 proditum
1497 3022 1551 3069 et
1581 3014 1918 3078 institutum,
1958 3014 2027 3069 de

2128 2999 2214 3078 τὸν
2256 2999 2412 3093 παρὰ
2438 3020 2597 3087 Θεοῦ,
2621 3021 2747 3092 περὶ
2775 3012 2837 3073 οὗ
2880 3021 2938 3072 ἐν
2981 3022 3095 3083 τοῖς
3140 3017 3455 3090 ἔμπροσθεν
3498 3015 3687 3086 εἴρηται

441 3115 555 3168 quo
580 3100 634 3153 in
675 3100 1053 3169 superioribus
1100 3102 1242 3157 dicta
1274 3112 1402 3159 sunt
1461 3103 1607 3171 hate;
1642 3104 1737 3159 sed
1767 3120 1890 3159 eum
1932 3105 2026 3172 qui

2132 3125 2338 3189 ταῦτα,
2373 3123 2510 3179 ἀλλά
2569 3123 2662 3177 τὸν
2712 3121 2875 3193 μέχρι
2916 3120 3012 3175 νῦν
3063 3119 3377 3183 ἀκολούθως
3419 3119 3563 3190 παρὰ
3606 3116 3690 3185 τῆς

444 3205 623 3259 usque
645 3192 712 3245 ad
742 3191 846 3245 hoc
882 3201 1100 3262 tempus
1128 3195 1490 3251 consimiliter
1522 3210 1552 3248 a
1594 3203 1788 3250 natura
1818 3195 2027 3267 perfici-

2134 3224 2349 3295 φύσεως
2365 3221 2586 3277 ἐκτελού
2595 3191 3034 3292 μεντένῦᾏπορος
3056 3219 3164 3291 γὰρ
3179 3213 3339 3283 οὗτος
3361 3219 3454 3272 καὶ
3475 3213 3690 3287 λογισμῷ

445 3286 558 3336 tur.
584 3279 992 3351 lnexplicabilis
1023 3286 1168 3338 enim
1197 3284 1285 3339 hic
1335 3294 1441 3350 est,
1475 3293 1531 3341 et
1572 3285 1891 3357 cogitationi
1921 3285 2027 3339 hu-

2129 3279 2454 3389 ἀνθρωπίνῳ
2501 3279 2814 3389 ἀπρόσιτος.
2858 3279 2984 3384 Πόἑς
3012 3279 3231 3389 γάριτὸ
3282 3321 3507 3389 σπέρμα
3555 3313 3693 3370 οὐσία

443 3386 621 3426 mana;
651 3372 987 3430 inaccessus.
1038 3372 1172 3429 Nam
1220 3392 1327 3447 qua
1363 3377 1598 3441 ratione,
1642 3392 1766 3432 cum
1796 3392 1885 3432 res
1925 3375 2027 3431 hu-

445 3463 588 3488 ...2.1..
650 3463 800 3488 -.--ιε,.
845 3474 889 3488 ,ι
944 3465 1194 3488 :_P-__A!-
1236 3468 1300 3488 ,ει
1377 3484 1550 3488 --μ--η
1584 3470 1634 3488 0..
1683 3476 1834 3488 ---ηι
1902 3484 1991 3488 --μ

2129 3337 2454 3396 ἀνθρωπίνῳ
2501 3337 2814 3392 απροσιτος.
2859 3337 2984 3384 ne);
3012 3337 3122 3392 γαρ
3170 3337 3231 3373 το
3282 3337 3507 3391 σπερμα
3555 3337 3691 3370 cum

2128 3414 2263 3475 οὖσα
2313 3417 2457 3488 ὑγρὰ
2488 3417 2583 3471 καὶ⁹
2628 3414 2902 3478 ἄπλαστος
2929 3415 3025 3470 καὶ
3063 3412 3276 3484 amat);
3297 3452 3321 3477 ,η
3351 3414 3432 3475 εἰς
3481 3405 3691 3478 κεφαλὴν

445 3463 613 3530 tnida,
650 3463 803 3519 rudis
840 3474 893 3520 et
944 3465 1197 3523 informis
1231 3468 1329 3535 sit,
1372 3484 1557 3525 semen
1584 3470 1639 3524 in
1674 3476 1839 3540 caput
1894 3484 2033 3524 con-

444 3556 667 3622 crescit,
699 3557 862 3611 tibias
900 3565 953 3613 et
984 3568 1170 3615 costas
1219 3561 1464 3617 durescit
1521 3568 1576 3617 et
1625 3562 2025 3628 consolidatur,

444 3644 732 3701 cerebrum
757 3645 919 3701 eﬁicit
944 3657 1192 3702 tenerum
1233 3663 1553 3720 rarumque,
1584 3659 1639 3705 et
1668 3664 1731 3704 os
1752 3664 1860 3719 quo
1890 3663 2027 3704 con-

444 3735 673 3801 tinetur,
716 3738 853 3792 adeo
889 3738 1088 3794 durum
1129 3755 1195 3795 ac
1243 3741 1502 3812 rigidum,
1545 3740 1757 3797 variam
1791 3740 2028 3812 denique

445 3822 704 3883 animalis
736 3828 1157 3885 fabricationem
1178 3840 1233 3886 et
1282 3832 1756 3901 compositionem,
1798 3838 1860 3885 ut
1903 3831 2031 3886 bre-

445 3918 589 3972 viter
631 3918 833 3987 dicam,
875 3934 940 3975 ac
973 3921 1178 3978 nimius
1208 3940 1279 3978 ne
1312 3924 1417 3979 sim
1464 3925 1777 3978 minutatim
1813 3924 2028 3995 singula

445 4008 844 4079 "persequendo.
882 4011 1355 4080 Quemadmodum
1405 4017 1570 4085 igitur
1614 4033 1824 4082 semen,
1879 4017 2029 4088 quod

445 4098 606 4155 initio
645 4101 879 4159 informe
913 4114 1020 4170 est,
1055 4104 1186 4160 dum
1241 4108 1457 4162 occulta
1492 4115 1546 4162 et
1592 4107 1851 4163 ineffabili
1910 4115 2030 4165 arte

444 4182 544 4245 Dei
578 4199 869 4263 tractatur,
903 4197 959 4252 in
999 4198 1237 4268 speciem
1279 4200 1569 4272 redigitur,
1597 4211 1653 4257 et
1682 4202 1738 4257 in
1793 4217 2028 4273 corpora

446 4284 760 4351 grandescit
809 4297 861 4342 ct
912 4289 1176 4345 adolescit
1218 4309 1232 4346 :
1276 4290 1349 4345 ita
1403 4305 1513 4346 non
1566 4294 1732 4348 modo
1780 4309 1891 4348 non
1944 4302 2030 4350 est

444 4372 714 4430 absonum
761 4385 815 4433 et
875 4380 1204 4451 absurdum,
1256 4399 1445 4439 verum
1510 4387 1676 4442 etiam
1733 4386 2027 4442 admodum

445 4478 875 4525 consentaneum
928 4481 1092 4544 atque
1129 4476 1410 4546 probabile
1444 4479 1730 4533 materiam
1785 4494 1910 4550 quae
1947 4488 2031 4535 est

443 4554 502 4609 in
574 4560 864 4626 sepulcris,
901 4579 1022 4633 quze
1054 4568 1328 4635 quondam
1358 4579 1475 4624 erat
1506 4570 1563 4625 in
1608 4568 1806 4634 forma,
1835 4585 2030 4627 rursus

2130 3522 2423 3591 πήγνυται,
2456 3517 2549 3570 καὶ
2579 3517 2658 3580 είς
2698 3516 3031 3584 ἀντικνήμια
3059 3514 3153 3569 καὶ
3186 3512 3432 3586 πλευρὰς
3463 3506 3690 3582 στερεοῦ-

2127 3628 2238 3676 ται,
2262 3611 2360 3664 καὶ
2394 3612 2539 3663 ποιεῖ
2569 3606 2870 3677 ἐγκέφαλον
2917 3606 3126 3662 ἁπαλὸν
3165 3606 3261 3660 καὶ
3314 3605 3501 3677 μανὸν,
3532 3600 3618 3655 καὶ
3643 3596 3694 3651 τὸ

2128 3705 2381 3777 περιέχον
2412 3702 2575 3758 αὐτὸν
2601 3700 2789 3755 ὀστέον
2829 3698 2974 3754 οὕτω
3008 3698 3241 3771 σκληρὸν
3283 3699 3383 3754 καὶ
3412 3691 3692 3757 ἅντιτυπὲς,

2129 3797 2227 3850 καὶ⁵
2244 3796 2343 3865 τὴν
2363 3794 2613 3865 ποικίλην
2637 3793 2731 3848 τοῦ
2758 3790 2896 3857 {om
2929 3792 3298 3863 κατασκευὴν.
3334 3793 3423 3846 ἵνα
3444 3788 3691 3857 συντόμως

2130 3888 2292 3952 εἴπω,
2320 3887 2414 3943 καὶ
2434 3886 2511 3959 μὴ
2535 3886 2799 3959 παρέλκω
2813 3883 3168 3957 λεπτομερῶς
3196 3884 3430 3951 ἐπεξιὼν
3450 3884 3555 3945 τοῖς
3575 3877 3688 3934 καθ·

2130 3980 2372 4045 ἐκαστα;
2403 3980 2490 4043 Ὠς
2541 3975 2635 4033 οὖν
2687 3978 2751 4032 τὸ
2797 3976 3019 4049 σπέρμα
3067 3976 3310 4048 ὑπάρχον
3366 3976 3599 4047 ἄμορφον
3642 3971 3691 4023 ἂν

2131 4082 2346 4152 ἀρχαῖς,
2379 4083 2461 4147 είς
2489 4079 2677 4153 σχῆμα
2708 4078 2995 4145 τυποῦται,
3020 4079 3119 4132 καὶ
3150 4080 3232 4140 εις
3266 4077 3467 4146 ὄγκους
3495 4071 3692 4145 αδριὶνα-

2129 4190 2238 4237 ται,
2252 4175 2319 4244 τῇ
2345 4173 2642 4244 ἀπορρήτῳ
2666 4172 2761 4226 τοῦ
2784 4170 2920 4225 Θεοῦ
2951 4171 3490 4241 κατασκευαζόμενον
3514 4165 3657 4236 τέχνῃ
3672 4175 3686 4191 ⁸

2130 4271 2303 4336 οὕτως
2326 4271 2481 4325 οὐδὲν
2505 4269 2750 4333 ἀπεικὸς,
2784 4267 2921 4325 ἀλλά
2951 4268 3044 4322 καὶ
3080 4268 3224 4322 πάνυ
3262 4265 3547 4321 ἀκόλουθον
3564 4302 3577 4327 ,
3602 4258 3688 4329 τὴν

2130 4365 2188 4417 ὲν
2208 4366 2325 4427 τοῖς
2356 4362 2552 4432 τάφοις
2590 4361 2744 4431 ὓλην,
2782 4361 2883 4431 τήν
2912 4375 3046 4412 ποτε
3073 4353 3239 4412 οὖσαν
3272 4360 3333 4410 ὲν
3375 4356 3520 4418 εἴδει,
3553 4347 3687 4410 αὖθις

2132 4457 2214 4520 εις
2245 4456 2346 4526 τὴν
2376 4452 2615 4507 παλαιὰν
2646 4450 3100 4520 ἀνακαινισθῆναι
3132 4448 3447 4511 διάπλασιν,
3484 4444 3571 4500 καὶ
3595 4440 3685 4494 πά-

2130 4556 2215 4610 λιν
2261 4554 2513 4624 γενέσθαι
2558 4553 2649 4607 τᾶν
2692 4551 2824 4623 χοῦν
2850 4552 3137 4622 ἄνθρωπον
3165 4567 3179 4582 ·
3203 4549 3395 4620 ὥσπερ
3423 4547 3484 4619 δὴ
3516 4543 3599 4598 καὶ
3635 4538 3689 4591 τὸ

440 4644 501 4731 in
538 4648 826 4716 pristinam
868 4655 1119 4709 renovari
1170 4656 1397 4727 ﬁguram
1430 4675 1493 4715 ac
1523 4674 1717 4716 rursus
1750 4661 2027 4731 pulverem

2131 4648 2349 4720 πρῶτον
2404 4646 2615 4700 ἐκεῖθεν
2659 4646 2785 4715 ἔσχε
2831 4644 2932 4716 τὴν
2980 4644 3215 4713 γένεσιν.
3265 4642 3686 4712 Συγχωρήσωμεν

441 4730 561 4792 fieri
624 4739 899 4796 hominem
954 4761 969 4798 :
1020 4745 1478 4814 quemadmodum
1537 4730 1797 4805 nimirum
1865 4753 2033 4807 etiam

443 4831 604 4887 initio
638 4842 835 4889 nactus
873 4846 955 4891 est
1007 4837 1137 4893 inde
1180 4841 1611 4909 generationem.
1649 4844 2033 4901 Concedamus

437 4923 577 4994 Deo,
619 4927 765 4997 quod
823 4938 1028 4985 tantum
1065 4933 1261 5002 possit,
1310 4944 1575 5004 quantum
1612 4938 1756 4993 valet
1783 4937 2029 5009 ﬁgulus:

440 5022 497 5069 et
525 5017 656 5085 quid
688 5017 773 5073 hic
806 5019 994 5088 faciat,
1055 5024 1490 5081 consideremus.
1528 5024 1683 5084 Rude
1736 5037 1902 5100 atque
1947 5031 2033 5085 in-

442 5106 617 5166 forme
656 5111 827 5167 lutum
877 5127 1163 5189 acceptum
1211 5118 1278 5173 ad
1330 5116 1561 5174 formam
1606 5122 1755 5178 vasis
1802 5124 2022 5194 redigit,

442 5198 609 5271 idque
658 5205 829 5261 radiis
864 5208 998 5262 solis
1043 5213 1352 5280 expositum
1400 5213 1573 5268 siccat
1613 5228 1678 5270 ac
1711 5215 1893 5270 durat.
1930 5215 2025 5272 Est

446 5301 649 5357 autem,
684 5297 837 5351 verbi
875 5300 1071 5369 gratia,
1099 5301 1152 5355 id
1184 5303 1331 5372 quod
1371 5304 1597 5374 ﬁngitur
1629 5313 1793 5374 atque
1828 5307 2026 5363 forma-

443 5388 537 5435 tur
572 5389 850 5451 urceolus,
885 5391 968 5445 vel
996 5393 1246 5462 scutella,
1277 5392 1361 5449 vel
1395 5394 1602 5449 dolium
1623 5435 1641 5463 ,
1683 5396 1780 5453 sed
1809 5395 1856 5449 si
1889 5399 2022 5465 quid

446 5478 654 5529 temere
695 5477 949 5535 inciderit
978 5488 1032 5536 et
1070 5482 1422 5551 subvenerit,
1449 5486 1756 5555 collapsum
1790 5488 2026 5542 confrin-

452 5562 620 5630 gitur,
655 5575 708 5620 et
742 5570 894 5627 rudis
927 5580 983 5627 et
1012 5572 1264 5631 informis
1303 5584 1448 5632 terra
1482 5576 1560 5643 fit,
1592 5593 1858 5648 suamque
1897 5597 2026 5651 spe-

451 5652 591 5705 ciem
622 5653 838 5710 amittit.
877 5658 947 5714 At
981 5662 1200 5732 artifex,
1241 5665 1289 5721 si
1321 5667 1579 5736 voluerit,
1617 5670 1876 5724 celeriter
1909 5685 2029 5726 cor-

438 5743 581 5818 .rigtt
601 5757 665 5799 ac
694 5745 868 5805 reﬁcit
886 5750 940 5807 id
961 5753 1108 5824 quod
1128 5772 1258 5816 casu
1282 5771 1600 5832 corruptum
1621 5770 1727 5831 est,
1745 5777 1809 5820 ac
1830 5778 2025 5822 rursus

2127 4748 2207 4819 τῷ
2229 4747 2349 4819 Θεῷ
2386 4746 2647 4801 δύνασθαι
2683 4742 2961 4807 τοσοῦτον,
2990 4745 3162 4798 ὅσονὸ
3198 4741 3472 4814 κεραμεὺς
3498 4735 3683 4805 ἰσχύευ

2127 4841 2181 4893 τί
2204 4842 2313 4912 γὰρ
2345 4832 2506 4903 οὗτος
2537 4836 3084 4907 ποιεῖ,λογισώμεθα.
3121 4835 3299 4906 Πηλὸν
3324 4831 3499 4888 λαϐὼν
3531 4829 3678 4896 ἀμορ-

2129 4949 2250 5001 φον,
2282 4931 2364 4995 είς
2393 4929 2589 4994 σκεῦος
2628 4930 2882 4993 ὁδοποιεῖ,
2916 4929 3013 4983 καὶ
3039 4926 3198 4981 τοῦτο
3221 4926 3360 4998 πρὸς
3381 4923 3479 4994 τὴν
3514 4917 3679 4973 ἀκτῖνα

2126 5024 2227 5095 τὴν
2254 5022 2483 5094 ἡλιακὴν
2506 5022 2842 5094 προθέμενος
2879 5020 3122 5091 ξηραίνει
3148 5019 3243 5073 καὶ
3293 5014 3503 5086 στερεὸν
3530 5010 3675 5074 ἀπερ-

2132 5123 2377 5193 γάζεται.
2412 5123 2568 5175 Ἐστι
2596 5121 2655 5175 δὲ
2694 5120 3055 5191 ἀμφορίσκος,
3080 5118 3117 5190 ἦ
3153 5115 3343 5183 πίναξ,
3378 5115 3412 5185 ἢ
3454 5108 3594 5169 πίθος
3626 5101 3677 5154 τδ

2132 5192 2505 5286 πλαττόμενον
2526 5230 2542 5246 ο
2582 5214 2699 5269 ἀλλ’
2750 5212 3082 5284 ἐμπεσόντος
3131 5211 3277 5273 τινὸς
3322 5207 3555 5263 ἀτάκτως
3596 5192 3674 5248 καὶ

2132 5307 2554 5380 ἀνατρέψαντος,
2576 5302 2918 5377 συντρίϐεται
2949 5301 3276 5358 καταπεσὼν
3303 5343 3318 5367 ,
3358 5298 3447 5352 καὶ
3496 5292 3673 5361 γίνεται

2132 5401 2457 5471 ἀμόρφωτος
2495 5401 2587 5472 γῆ.
2619 5402 2678 5454 Ὁ
2706 5399 2763 5452 δὲ
2792 5398 3045 5469 τεχνίτης
3080 5394 3356 5467 βουληθεὶς
3395 5388 3549 5456 ὀξέως
3590 5380 3669 5472 ἐπί

2131 5469 2350 5569 meo:
2374 5496 2435 5549 τδ
2483 5469 2717 5567 συμσδω,
2751 5494 2847 5547 καὶ
2881 5492 3046 5547 πάλιν
3071 5494 3241 5557 πηλὸν
3271 5480 3591 5569 σχηματίσας
3611 5469 3664 5569 τῇ

2129 5552 2314 5655 τέχνῃ,
2354 5583 2504 5638 οὐδὲν
2554 5552 2736 5654 χεῖρον
2770 5579 2867 5634 τοῦ
2911 5596 3041 5633 ποτε
3075 5552 3226 5641 ὄντος
3258 5552 3664 5653 ἀᾶἐεργάξεταιτῗ

2132 5674 2345 5739 σκεῦος.
2378 5675 2490 5730 Καὶ
2526 5676 2555 5728 ὁ
2589 5674 2687 5745 μὲν
2720 5671 2998 5744 κεραμεὺς
3030 5663 3204 5736 οὗτος,
3246 5663 3430 5739 μικρὸν
3471 5656 3560 5725 τῆς
3582 5658 3661 5745 του

2132 5769 2268 5824 Θεοῦ
2299 5743 2601 5838 δυνάμεωςξ
2638 5768 2865 5839 κτίσμα,
2911 5767 2941 5821 ὁ
2987 5767 3044 5823 δὲ
3071 5764 3204 5831 Θεὸς
3255 5752 3538 5820 ἀπιστεῖται
3570 5743 3657 5799 ὑπ*
