3882 6418
105 353 187 414 569
960 340 1031 397 IN
1059 341 1334 398 CHRISTI
1361 333 1999 399 RESURRECTIONEM
2041 339 2257 397 ORAT.
2296 338 2386 395 111.

105 460 405 537 ισχνούμενος
471 454 835 522 ἀνακαινίζειν
888 455 978 509 τὸν
1034 456 1332 528 τεθνηκότα
1373 473 1390 523 ;

103 557 243 614 ταῦτα
257 555 348 626 τῆς
377 551 557 617 ἀνοίας
588 550 725 605 ἐστί.

158 819 503 890 Θεωρήσωμεν
536 804 634 872 καὶ
654 815 717 870 τὺ
737 812 833 887 τοῦ
877 814 1026 868 σίτου
1059 811 1397 883 ὑπόδειγμα,
1420 802 1465 879 ᾧ
1499 808 1648 865 Παῦ-

111 912 218 974 loco
238 910 495 979 πάνσοφος
514 906 755 965 παιδεύει
781 909 906 974 τοὺς
926 904 1189 979 ἄφρονας,
1204 904 1644 974 λέγων,”Αφρον,

108 1005 174 1060 σὺ
195 1003 221 1058 ὃ
245 1003 518 1073 σπείρεις,
536 1002 608 1058 οὐ
634 1001 702 1057 τὸ
727 999 899 1072 σῶμα
920 1001 988 1055 τὸ
1021 1000 1435 1071 γενησόμενον
1469 996 1613 1051 arts!
1625 1027 1643 1037 -

105 1112 223 1164 ρεις,
263 1092 411 1147 ἀλλὰ
458 1091 686 1163 γυμνόν
741 1093 993 1156 κόκκον,
1037 1092 1089 1145 εὶ
1145 1090 1347 1159 τύχοι,
1381 1088 1578 1153 σίτου,
1607 1085 1647 1155 ἦ

110 1202 239 1251 τινος
265 1182 378 1237 τῶν
398 1180 626 1237 λοιπῶν
657 1182 1014 1253 σπερμάτων
1033 1198 1046 1213 ·
1084 1186 1116 1237 ὀ
1144 1181 1212 1235 δὲ
1234 1179 1376 1245 Θεὸς
1402 1178 1650 1234 δίδωσιν

111 1274 238 1340 αὐτῷ
294 1273 459 1344 σῶμα
481 1316 497 1339 ,
549 1273 745 1343 καθὼς
795 1274 1117 1345 ἠθέλησεν.
1168 1270 1432 1343 Ἀκριϐὦς
1483 1287 1650 1342 προσο

113 1366 284 1438 ἔχωμεν
305 1369 369 1437 τῇ
400 1364 612 1435 γενέσει
650 1365 745 1420 τοῦ
789 1366 963 1427 σίτου,
997 1365 1088 1418 καὶ
1134 1365 1273 1434 τάχα
1301 1363 1388 1417 τὸν
1412 1360 1649 1418 ἀναστά-

114 1477 220 1523 σεως
264 1460 407 1528 λόγον
465 1457 921 1531 διδαχθησόμεθα.
980 1457 1037 1512 Ὀ
1067 1459 1210 1519 σῖτος
1262 1456 1514 1527 ρίπτεται
1571 1455 1650 1519 εἰς

112 1551 188 1623 τὴν
210 1551 317 1623 γῆν.
355 1549 647 1617 Διασαπεὶς
674 1549 730 1604 δὲ
757 1552 815 1605 ἐν
863 1548 931 1621 τῇ
956 1547 1143 1614 νοτίδι,
1171 1547 1266 1600 καὶ
1300 1547 1376 1612 ὡς
1411 1545 1478 1600 ἂν
1510 1546 1651 1601 είποι

113 1658 177 1704 τις
190 1641 517 1712 τελευτήσας,
541 1639 808 1713 ἀπολήγει
836 1640 913 1705 είς
939 1656 1062 1693 τινα
1093 1635 1415 1708 γαλακτώδη
1443 1637 1653 1701 οὐσίαν,

113 1733 208 1803 ἥτις
264 1734 489 1799 παγεῖσα
531 1730 745 1804 μικρὸν,
785 1731 878 1798 ὀξὺ
924 1731 1017 1784 καὶ
1059 1729 1251 1783 λευκὸν
1289 1727 1495 1799 γίνεται
1531 1727 1653 1781 κέν-

3229 328 3331 386 670

1450 455 1658 526 Πολλῆς
1684 461 1731 518 Α
1760 466 1880 513 arte
1916 456 2092 511 lutum
2123 453 2335 525 ﬁngens
2358 449 2531 507 nihilo
2554 448 2736 521 priore
2758 445 3002 504 deterius
3023 458 3120 501 vas
3139 441 3332 499 efﬁcit.

1746 549 1926 616 Atque
1955 547 2044 601 hic
2074 544 2297 615 quidem
2342 542 2540 613 ﬁgulus
2569 553 2737 610 parva
2764 537 3022 607 potentia
3057 534 3150 591 Dei
3176 547 3331 591 crea-

1750 647 1872 693 tura
1901 645 2006 702 est,
2037 644 2092 692 et
2127 636 2238 691 Deo
2272 649 2380 689 non
2412 632 2658 689 creditur
2676 628 2955 700 pollicenti
2994 641 3054 682 se
3085 631 3333 679 mortuos

1749 727 2179 787 renovaturum‘l
2207 726 2435 781 Multum
2466 723 2702 778 amentis
2724 731 2811 778 est
2829 721 2934 777 ista
2953 717 3331 789 pronuntiare.

1818 820 2246 875 Consideremus
2270 817 2398 872 item
2431 811 2850 870 similitudinem
2890 807 3083 870 tritici,
3115 820 3223 874 qua
3253 819 3334 860 sa-

1749 908 2132 981 pientissimus
2153 905 2357 961 Paulus
2380 903 2713 973 insipientes
2740 897 2970 968 corripit
2988 903 3043 952 et
3070 894 3332 957 instituit,

1749 1003 1961 1063 dicens,
1991 998 2185 1063 Stulte,
2223 1008 2279 1052 tu
2306 994 2445 1066 quod
2463 995 2713 1056 seminus,
2739 1009 2843 1047 non
2874 991 2930 1043 id
2974 987 3114 1059 quod
3149 1003 3337 1042 nasce-

1753 1103 1838 1148 tur
1880 1108 2071 1160 corpus
2121 1091 2372 1152 seminus,
2426 1085 2516 1142 sed
2561 1084 2762 1140 nudum
2803 1097 3054 1153 granum,
3107 1076 3336 1145 exempli

1750 1189 1947 1257 gratia,
1981 1184 2147 1237 tritici
2200 1189 2292 1235 aut
2352 1177 2583 1246 alicujus
2648 1175 2976 1246 reliquorum
3016 1170 3271 1226 seminum
3313 1182 3334 1222 :

1751 1280 1893 1333 Deus
1939 1286 2115 1332 autem
2159 1273 2253 1328 dat
2289 1273 2338 1328 ei
2373 1286 2591 1340 corpus,
2625 1264 3069 1339 quemadmodum
3096 1263 3261 1319 voluit
3290 1262 3334 1317 ⁹.

1754 1372 2047 1442 Diligenter
2081 1366 2428 1422 attendamus
2462 1359 2805 1432 generationi
2858 1358 3047 1420 tritici,
3108 1367 3163 1409 et
3191 1353 3339 1409 σείει-

1751 1465 1888 1520 riter
1937 1458 2368 1518 resurrectionis
2400 1457 2665 1510 rationem
2717 1451 3023 1507 discemus.
3055 1446 3328 1501 Triticum

1755 1556 1808 1610 in
1844 1563 2048 1611 terram
2087 1552 2402 1624 projicitur,
2460 1530 2958 1617 computrefactum
2991 1553 3171 1597 autem
3221 1538 3329 1592 bu-

1752 1665 1925 1713 more,
1958 1655 2015 1703 et
2043 1655 2102 1702 ut
2127 1647 2203 1701 ita
2225 1645 2437 1706 dicam,
2476 1648 2754 1695 mortuum
2782 1637 2984 1693 desinit
3014 1636 3066 1688 in
3104 1635 3333 1688 lacteam

1754 1740 2050 1811 quamdam
2092 1745 2372 1799 naturam,
2428 1748 2550 1803 quae
2579 1731 2843 1803 paulatim
2889 1733 3150 1782 concreta
3178 1731 3342 1792 atque

112 1823 529 1897 τρον,αὐξηθεῖτα
574 1823 633 1877 δὲ
676 1824 800 1877 ὅσον
840 1821 1115 1895 προκύψαι
1162 1821 1260 1890 τῆς
1294 1821 1416 1892 γῆς,
1459 1823 1524 1874 ἐκ
1555 1817 1648 1873 τοῦ

1768 1829 1976 1891 :oalita,
2013 1826 2172 1897 quasi
2203 1823 2463 1881 stimulus
2491 1821 2716 1891 quidam
2759 1819 2816 1872 lit
2844 1818 3005 1872 albus
3037 1826 3089 1872 et
3110 1821 3339 1879 acutus;

113 1911 270 1966 λευκοῦ
296 1913 425 1986 πρὸς
446 1912 629 1984 ἡρέμα
660 1912 1036 1984 χλοαινόμενον
1060 1911 1475 1984 μεταϐάλλεται.
1495 1906 1649 1972 Εἶτα,

113 2005 285 2071 γίνεται
326 2006 429 2059 πόα
476 2004 575 2060 καὶ
611 2007 756 2077 κόμη
785 2005 894 2060 τῶν
930 2004 1118 2078 βώλων
1141 2021 1156 2036 °
1190 2004 1573 2076 ἐφαπλωθεῖσα
1595 2005 1653 2057 δὲ

114 2097 265 2159 αὐτοῖς
286 2097 375 2149 καὶ
415 2098 772 2151 σκεδασθεῖσα
805 2098 1062 2170 μετρίως,
1089 2096 1385 2168 πολυσχιδῆ
1409 2095 1654 2150 κάτωθεν

115 2189 369 2262 ὑποτρέφει
407 2191 506 2262 τὴν
541 2190 717 2263 ῥίζαν,
745 2190 821 2262 τῷ
853 2191 1099 2262 μέλλοντι
1139 2191 1296 2264 βάρει
1326 2192 1427 2262 τὴν
1453 2189 1655 2244 ὑποδά-

116 2275 225 2349 θραν
271 2280 786 2352 προευτρεπίζουσα.
839 2283 951 2336 Καὶ
1001 2281 1190 2354 ὥσπερ
1242 2284 1292 2336 οἱ
1350 2283 1488 2336 ίστοὶ
1548 2282 1656 2334 τῶν

117 2370 281 2424 πλοίων
305 2372 572 2437 πλείστοις
593 2373 929 2443 πανταχόθεν
951 2373 1303 2428 διατείνονται
1329 2373 1536 2437 κάλοις,
1570 2371 1657 2425 ἵνα

116 2463 270 2531 πάγιοι
299 2466 528 2536 μένωσιν
555 2466 862 2537 ίσορῤόποις
887 2469 1008 2529 ταῖς
1026 2466 1214 2530 ὁλκαῖς
1234 2464 1655 2535 ἀντισπώμενοι,

119 2560 263 2623 οὕτως
292 2562 345 2614 αί
372 2559 720 2631 σχοινπιδείς
769 2558 1070 2627 ἀποφύσεις
1102 2558 1202 2625 τῆς
1233 2556 1408 2627 ῥίζης,
1444 2554 1660 2608 ἀντιλα-

119 2651 193 2705 ύαὶ
219 2653 313 2706 τῶν
334 2652 622 2724 ἀσταχύων
650 2651 889 2720 γίνονται
928 2651 1022 2704 καὶ
1048 2650 1369 2722 ἐρείσματα.
1412 2646 1661 2700 Ἐπειδὰν

120 2745 182 2806 εἰς
200 2744 420 2815 κάλαμον
442 2747 471 2799 ὁ
495 2747 648 2807 σῖτος
677 2744 958 2813 διαναστῇ,
986 2742 1080 2796 καὶ
1109 2741 1244 2813 πρὸς
1271 2740 1332 2794 τὸ
1357 2738 1489 2808 ὕψος
1514 2738 1663 2791 ἐπεί-

122 2850 273 2904 γηται,
300 2836 520 2904 γόνασιν
553 2834 715 2889 αὐτὸν
749 2836 844 2888 καὶ
874 2834 1097 2906 κόμόοις
1130 2835 1158 2886 ὁ
1191 2833 1322 2894 Θεὸς
1367 2830 1660 2901 ὑπερείδει,

119 2924 211 2980 οἷον
236 2928 397 2982 οίκίαν
442 2926 570 2981 τινὰ
626 2925 942 2997 συνδέσμοις
992 2924 1421 2995 ἀσφαλιζόμενος
1448 2921 1536 2976 διὰ
1568 2920 1666 2992 τὴν

122 3019 533 3092 προσδοκωμένην
547 3022 646 3091 τῆς
668 3020 842 3090 κόμης
861 3020 1159 3092 βαρύτητα.
1185 3017 1337 3081 Εἶτα,
1351 3019 1451 3088 τῆς
1481 3015 1666 3086 ίσχύος

123 3113 494 3186 ἐτοιμασθείσης
522 3154 540 3180 ,
569 3112 669 3184 τὴν
719 3113 933 3167 κάλυκα
990 3112 1203 3182 σχίσας,
1261 3109 1529 3181 προσάγει
1574 3107 1665 3161 τὸν

123 3205 337 3276 ᾶσταχυν.
356 3207 464 3261 Καὶ
482 3205 651 3260 πάλιν
677 3206 795 3259 ἐκεῖ
820 3202 1073 3274 θαύματα
1106 3203 1410 3276 κρείττονα.
1446 3202 1669 3270 Στοιχη-

123 3297 305 3371 δὸνγάρ
330 3302 357 3354 ὁ
396 3302 547 3363 σῖτος
591 3298 740 3369 αὐτῷ
776 3296 1100 3368 περιφύεται
1121 3336 1135 3358 ,
1171 3295 1268 3348 καὶ
1297 3294 1408 3348 τῶν
1452 3293 1668 3347 κόκκων

124 3386 313 3451 ἕκαστος
342 3388 620 3461 ἐξαίρετον
645 3387 758 3458 ἔχει
782 3386 880 3457 τὴν
908 3386 1193 3457 ἀποθήκην
1210 3402 1224 3417 ’
1250 3386 1343 3438 καὶ
1373 3384 1671 3437 τελευταῖοι

126 3479 477 3551 προ6ἐ6ληνται
513 3483 566 3533 oi
607 3480 894 3552 ἀνθέρικες
939 3478 1077 3543 ὀξεῖς
1132 3477 1226 3530 καὶ
1252 3476 1461 3539 λεπτοὶ,
1507 3475 1668 3535 ὅπλα,

125 3563 266 3639 οἶμαι,
307 3574 445 3628 κατά
501 3571 619 3626 τῶν
674 3570 1066 3643 σπερμολόγων
1110 3568 1362 3641 ὀρνίθων,
1412 3568 1502 3620 ἵνα
1553 3569 1671 3629 ταῖς

124 3661 313 3718 ἐκείνων
337 3667 548 3736 ἀκμαῖς
569 3664 903 3735 νυττόμενοι,
934 3662 1014 3733 τῷ
1042 3659 1240 3734 καρπῷ
1268 3659 1343 3732 μὴ
1379 3659 1676 3728 λυμαίνων-

126 3770 212 3807 ται.
241 3749 393 3831 ¹ορᾷς
421 3760 559 3829 ὅσην
584 3752 665 3820 εἷς
697 3757 897 3820 κόκκος
926 3755 1210 3818 διασαπεὶς
1230 3751 1674 3825 θαυματουργίαν

126 3844 233 3915 ἔχει,
269 3853 355 3904 καὶ
398 3852 563 3923 μόνος
617 3849 799 3904 πεσὼν
850 3849 968 3920 μεθ’
993 3850 1134 3903 ὅσων
1196 3848 1505 3919 ἐγείρεται;
1544 3846 1673 3899 Ἀν-

128 3932 309 4003 θρωπος
356 3940 410 3994 δὲ
457 3941 615 3994 οὐδὲν
649 3939 1060 4010 προσλαμϐάνει
1109 3938 1273 3992 πλέον
1312 3956 1325 3969 ·
1360 3936 1388 3990 ὃ
1431 3937 1489 3991 δὲ
1531 3932 1676 4007 εἶχεν

128 4027 485 4102 ἀπολαμϐάνει,
507 4033 606 4087 καὶ
639 4033 729 4087 διὰ
754 4032 912 4086 τοῦτο
942 4032 1042 4102 τῆς
1071 4032 1346 4103 γεωργίας
1379 4029 1475 4084 τσῦ
1505 4029 1674 4096 σίτου,

128 4120 415 4196 ὁήμέτερος
448 4124 846 4195 ἀνακαινισμδς
886 4123 1252 4193 εὐκολώτερος
1296 4122 1673 4192 ἀναφαίνεται.

140 4210 383 4271 Ἐντεῦθεν
424 4218 696 4291 μετάϐηθι
726 4218 860 4292 πρὸς
886 4217 986 4285 τὴν
1034 4217 1240 4270 ἔννοιαν
1280 4216 1389 4270 τῶν
1422 4215 1676 4286 δένδρων,

130 4301 250 4368 ὅπως
277 4307 302 4359 ό
336 4312 539 4380 χειμὼν
566 4309 757 4373 αὐτοῖς
802 4307 921 4363 καθ’
954 4307 1182 4361 ἕκαστον
1205 4306 1325 4370 ἔτος
1358 4307 1479 4359 ἀντὶ
1511 4304 1679 4358 θανά-

132 4407 208 4449 του
234 4396 448 4462 γίνεται.
482 4398 850 4471 Ἀπηῤῥύεται
890 4397 999 4469 γὰρ
1028 4401 1060 4466 ἡ
1087 4396 1298 4467 ὀπώρα,
1331 4396 1426 4449 καὶ
1449 4394 1510 4448 τὸ
1544 4394 1679 4463 φύλ-

1753 1928 1917 1976 aucta
1956 1918 2159 1974 deinde
2188 1917 2241 1971 in
2276 1931 2397 1979 eam
2432 1910 2889 1984 magnitudinem,
2925 1918 2983 1963 ιιι
3013 1916 3159 1962 terra
3216 1920 3344 1975 pro-

1753 2014 1962 2069 minere
1987 2021 2040 2066 et
2068 2022 2287 2066 exstare
2318 2007 2516 2079 possit,
2561 2022 2625 2060 ex
2657 2004 2781 2058 albo
2810 2001 3017 2059 sensim
3059 2000 3113 2055 in
3144 1998 3342 2052 herbe-

1753 2117 1995 2164 scentem
2029 2102 2362 2159 viriditatem
2413 2106 2691 2163 mutatur;
2727 2103 2917 2167 postea
2965 2092 3023 2148 ﬁt
3065 2092 3231 2146 herba
3287 2095 3343 2143 et

1755 2214 1915 2257 coma
1942 2198 2248 2270 .glebarum
2289 2212 2302 2249 :
2340 2192 2541 2266 quibus
2585 2188 2771 2269 infusa
2817 2194 2872 2241 et
2911 2183 3104 2240 leviter
3147 2193 3341 2251 sparsa

1757 2289 2134 2360 compluribus
2170 2286 2355 2340 nixam
2384 2283 2538 2339 libris
2573 2280 2812 2335 radicem
2848 2276 3047 2331 subtus
3091 2274 3209 2337 alit,
3259 2270 3345 2325 fu-

1756 2390 1884 2436 turo
1932 2377 2159 2448 ponderi
2212 2372 2650 2432 sustentaculum
2695 2377 2749 2424 et
2783 2365 3176 2423 adminiculum
3205 2376 3346 2431 pra:-

1758 2485 2002 2542 parans;
2037 2482 2103 2523 ac
2156 2462 2620 2538 quemadmodum
2664 2459 2883 2515 navium
2921 2455 3051 2512 mali
3098 2452 3348 2523 plurimis

1761 2564 2007 2632 undique
2036 2560 2263 2615 funibus
2300 2557 2713 2615 distenduntur.
2746 2559 2807 2607 ut
2841 2550 2983 2605 ﬁrmi
3002 2547 3349 2613 stabilesqne

1760 2660 2142 2727 permaneant,
2205 2647 2621 2721 aequilibribusx
2652 2643 2924 2699 tractibus
2979 2637 3214 2695 obnixi:
3272 2635 3350 2689 ita

1763 2748 1974 2803 funium
2017 2746 2070 2800 in
2103 2744 2327 2798 modum
2374 2756 2439 2797 ex
2466 2734 2650 2795 radice
2680 2743 2857 2791 enatze
2885 2734 3033 2788 librae
3062 2735 3346 2787 sustenta-

1765 2850 1949 2895 menta
1984 2837 2263 2908 spicarum
2292 2842 2349 2889 et
2394 2830 2695 2888 retinacula
2726 2830 2884 2884 fiunt.
2918 2828 3215 2895 Postquam
3252 2839 3353 2878 au-

1763 2941 1872 2989 tem
1912 2932 1966 2984 in
1995 2930 2239 2985 culmum
2270 2934 2516 2982 erectum
2543 2923 2786 2977 triticum
2833 2921 2887 2975 in
2926 2920 3096 2972 altum
3130 2915 3353 2971 tendere

1765 3023 2019 3093 cmperit,
2073 3016 2343 3090 geniculis
2376 3023 2431 3071 et
2474 3013 2636 3069 nodis
2666 3012 2808 3067 lleus
2845 3011 2899 3066 id
2932 3012 3133 3072 ﬁrmat,
3181 3005 3355 3062 veluti

1769 3118 1992 3173 domum
2050 3112 2292 3182 aliquam
2350 3106 2732 3177 conjuncturis
2785 3103 3077 3165 muniens,
3132 3106 3356 3170 propter

1768 3224 1914 3276 eam,
1965 3219 2087 3277 quae
2136 3209 2396 3273 speratur
2430 3213 2602 3256 comae
2653 3195 2978 3267 gravitatem
3010 3211 3029 3248 :
3067 3198 3192 3262 post
3240 3188 3357 3257 inec

1771 3297 2135 3367 maturisjam
2182 3294 2415 3356 viribus,
2476 3289 2722 3344 diductis
2764 3286 3002 3356 vaginis,
3039 3282 3242 3353 quibus
3274 3280 3359 3334 in-

1769 3390 2112 3451 cludebatur,
2140 3384 2396 3456 producit
2426 3382 2653 3452 spicam.
2694 3379 2875 3448 Atque
2899 3377 3231 3430 illicrursus
3255 3371 3359 3425 mi-

1772 3477 1965 3532 racula
1995 3473 2225 3541 majora.
2262 3470 2471 3525 Ordine
2490 3469 2635 3524 enim
2682 3473 2936 3537 porrecto
2967 3471 3228 3517 structam
3256 3474 3359 3513 un—

1772 3570 1941 3639 dique
1962 3567 2152 3621 videre
2186 3565 2313 3617 licet
2337 3562 2389 3616 ei
2431 3559 2642 3628 [rogem
2679 3553 3030 3611 adnascendo
3059 3552 3216 3621 quasi
3247 3550 3360 3603 cir-

1774 3656 2016 3715 cumfudi
2043 3672 2057 3720 ;
2089 3665 2146 3710 et
2181 3652 2396 3722 singula
2431 3663 2603 3720 grana
2629 3647 2956 3718 peculiarem
2994 3650 3049 3698 et
3074 3641 3356 3713 proprium

1776 3748 2079 3806 folliculum
2109 3753 2165 3802 et
2193 3744 2352 3810 quasi
2388 3742 2580 3797 cellam
2617 3740 2861 3804 habent;
2895 3743 3177 3807 postremo
3206 3748 3358 3801 prac-

1774 3842 2082 3900 tenduntur
2103 3838 2287 3892 aristis
2311 3835 2551 3906 graciles
2588 3833 2837 3903 quadam
2866 3837 2920 3883 et
2951 3835 3147 3889 acutae,
3182 3840 3361 3890 arma,

1775 3936 1995 4006 opinor,
2032 3933 2300 3988 adversus
2333 3929 2577 3983 aviculas
2606 3924 2917 3981 seminibus
2945 3921 3196 3977 insidiari
3230 3918 3365 3974 soli-

1777 4038 1886 4092 tas,
1922 4036 1984 4083 ut
2009 4028 2141 4082 dum
2185 4025 2400 4079 illarum
2433 4021 2591 4091 quasi
2625 4018 2855 4089 spiculis
2877 4023 3215 4087 punguntur,
3246 4012 3364 4065 frn-

1776 4138 1897 4193 gem
1924 4134 2151 4190 carpere
2178 4126 2343 4188 atque
2376 4122 2592 4170 vastare
2612 4107 3077 4167 desinant.Vides
3097 4112 3362 4176 quantum

1779 4228 1949 4268 unum
1982 4224 2210 4281 granum
2252 4204 2618 4277 putrefactum
2668 4200 3060 4256 miraculorum
3106 4195 3365 4250 eﬂ'ectum

1779 4306 1835 4360 in
1864 4320 1925 4360 se
1950 4301 2254 4364 contineat,
2278 4312 2343 4353 ac
2373 4308 2498 4352 enim
2529 4294 2705 4350 solum
2723 4290 3009 4351 ceciderit,
3029 4300 3192 4357 quam
3219 4283 3361 4341 mul-

1779 4396 1950 4464 tiplex
1974 4397 2247 4461 resurgat.
2280 4390 2351 4443 At
2384 4387 2557 4465 homo
2578 4383 2713 4438 nihil
2751 4383 2974 4449 insuper
3004 4378 3203 4447 accipit
3233 4390 3356 4429 am-

132 4479 204 4534 λον
230 4485 425 4551 πίπτει,
455 4490 551 4543 καὶ
587 4488 729 4559 ξηρά
773 4488 925 4558 μένει
961 4488 1031 4541 τά
1073 4487 1209 4554 ξύλα
1245 4487 1425 4556 πάσης
1460 4485 1667 4557 χάριτος

1785 4486 1960 4555 plius;
1992 4481 2085 4538 sed
2136 4477 2336 4547 recipit
2379 4475 2433 4530 id
2483 4473 2629 4543 quod
2680 4470 2933 4532 habebat,
2987 4483 3049 4523 ac
3077 4472 3364 4537 propterea

135 4570 299 4646 ἑπτερη
308 4578 461 4646 μένα.
492 4580 740 4633 Ἐπειδὰν
763 4579 821 4631 δὲ
840 4579 936 4633 τοῦ
963 4579 1123 4651 ἔαρος
1142 4582 1171 4634 ὁ
1199 4579 1387 4650 καιρὸς
1410 4578 1678 4644 ἐπιλάϐοι,

136 4662 268 4727 ἄνθος
300 4670 478 4734 αὐτοῖς
528 4671 883 4743 χαριέστατον
913 4670 1252 4743 ὑπερφύεται
1275 4710 1290 4737 ,
1324 4671 1417 4723 καὶ
1456 4671 1594 4741 μετά
1622 4672 1684 4723 τὸ

138 4751 271 4821 ἄνθος
300 4760 595 4829 ἐπιγίνεται
623 4761 731 4816 τῶν
781 4762 993 4832 φύλλων
1033 4765 1068 4832 ἡ
1114 4762 1313 4830 σκέπη.
1345 4762 1435 4815 καὶ
1456 4761 1581 4815 τότε
1608 4761 1686 4825 ὼς

137 4845 310 4913 εὐειδὲς
341 4851 517 4924 θέαμα
545 4853 846 4926 ἀνθρώπων
874 4870 935 4906 τε
965 4854 1063 4916 τὰς
1090 4853 1240 4922 ὄψεις
1268 4851 1687 4920 ἐφέλκεται,καἰ

139 4935 336 5007 ὀρνίθων
379 4943 589 5015 ᾠδικῶν
621 4946 956 5016 ἐργαστήρια
992 4945 1238 5013 γίνεται,
1281 4945 1394 5005 τοῖς
1436 4943 1688 5005 πετάλοις

140 5029 523 5105 ὲ’ίιίαθημένωπδ
560 5039 654 5092 καὶ
708 5037 997 5108 θαυμαστή
1049 5054 1133 5101 τις
1181 5038 1310 5109 περὶ
1347 5036 1489 5092 αὐτὰ
1529 5037 1689 5107 χάρις

141 5120 416 5195 ἐκλάμπει·
448 5128 588 5182 ὥστε
642 5131 828 5185 πολλοὶ
877 5133 973 5185 καὶ
1021 5127 1168 5186 οἷκον
1229 5131 1449 5200 ἀφῆκαν
1503 5128 1689 5202 χρυσῷ

142 5220 546 5291 κεκοσμημένον,
577 5223 672 5277 καὶ
718 5224 850 5295 λίθῳ
891 5224 970 5295 τῷ
1003 5224 1261 5294 Θεσσαλῷ
1304 5224 1397 5276 καὶ
1447 5223 1685 5284 Λάκωνι,

141 5310 351 5409 ’Ξερπνὴν
400 5313 456 5367 δὲ
491 5316 685 5409 μᾶλλον
724 5319 935 5381 ἑαυτοῖς
977 5317 1161 5372 ἔθεντο
1198 5317 1297 5389 τὴν
1344 5316 1447 5370 ὑπὸ
1498 5315 1692 5385 δένδρα

142 5404 411 5503 διαγωγήν.
442 5405 532 5503 Aio
559 5408 652 5503 καθ
678 5411 708 5463 ό
740 5408 1083 5480 πατριάρχης
1130 5408 1386 5478 Ἀϐραὰμ
1425 5407 1530 5461 ὑπὸ
1567 5405 1693 5478 δρυῒ

272 5509 468 5567 σκηνην
502 5497 755 5570 ἐπήξατο,
790 5500 891 5553 οὐκ
935 5500 1113 5563 οἰκίας
1170 5500 1389 5563 πάντως
1444 5496 1688 5570 ἀπορῶν,

146 5577 262 5636 ἀ)λά
296 5586 391 5656 τῆς
443 5589 539 5642 επὶ
566 5591 669 5645 τῶν
703 5591 914 5646 κλάδων
956 5576 1395 5665 ἐπαγαλλόμενος
1425 5589 1689 5661 τέρψεως.

212 5757 230 5788 ⁹
256 5756 271 5810 Ι
299 5761 420 5816 Cor.
456 5779 542 5825 xv,
576 5764 763 5822 56-58.

1780 4553 1958 4627 nostri
2020 4567 2305 4624 renovatio
2347 4563 2569 4618 videtur
2618 4576 2741 4616 esse
2801 4560 3048 4625 facilior,
3098 4571 3262 4627 quam
3310 4553 3366 4609 id

1781 4664 1927 4736 quod
1959 4662 2013 4716 in
2050 4660 2387 4730 agricultura
2427 4655 2627 4711 accidit
2662 4652 2956 4707 frumento.
3009 4647 3206 4704 Transi
3239 4646 3368 4701 hinc

1782 4758 1848 4812 ad
1877 4752 2376 4811 considerationem
2406 4749 2689 4807 arborum,
2723 4754 2780 4800 ut
2799 4745 2975 4801 hiems
2996 4742 3077 4797 eis
3100 4739 3364 4795 omnibus

1783 4849 1944 4904 annis
1998 4847 2119 4901 loco
2154 4844 2348 4898 mortis
2379 4841 2470 4897 sit.
2534 4837 2801 4894 Decidunt
2835 4834 2980 4890 enim
3021 4845 3202 4901 poma,
3239 4827 3369 4883 folia

1784 4940 2052 4997 deﬂuunt.
2088 4935 2241 4990 arida
2299 4938 2586 4989 remanent
2640 4930 2788 4999 ligna
2833 4926 2982 4982 omni
3021 4924 3221 4979 decore
3249 4934 3370 4988 spo-

1786 5033 1937 5086 liata.
1998 5029 2304 5098 Postquam
2357 5033 2542 5080 autem
2597 5031 2812 5091 tempus
2865 5016 3010 5072 veris
3057 5009 3366 5084 appetierit,

1785 5124 1885 5180 llos
1909 5124 1990 5180 eis
2035 5120 2388 5193 gratissimus
2442 5114 2748 5170 innascitur
2799 5129 2813 5164 :
2869 5109 3057 5163 florem
3109 5104 3365 5159 foliorum

1787 5222 2161 5288 tegumentum
2222 5210 2428 5276 excipit
2457 5228 2469 5262 :
2505 5216 2560 5260 at
2611 5214 2743 5258 tunc
2770 5201 2940 5257 veluti
3002 5196 3291 5267 pulchrum
3316 5201 3370 5248 et

1789 5287 2067 5363 amomum
2097 5303 2473 5375 spectaculum
2520 5312 2645 5351 cum
2683 5294 2963 5350 hominum
2994 5288 3186 5343 oculos
3219 5287 3275 5340 in
3309 5298 3372 5341 se

1794 5404 2146 5461 convertunt,
2187 5403 2303 5450 tum
2346 5391 2525 5446 avium
2564 5384 2931 5441 cantatricum
2969 5380 3258 5436 frondibus
3286 5376 3373 5431 in-

1793 5491 2089 5547 sidentium
2114 5486 2273 5558 quasi
2313 5482 2553 5539 olﬁcinae
2581 5479 2876 5536 exsistunt,
2917 5483 2971 5529 et
3029 5469 3375 5527 admirabilis

1790 5582 2036 5655 quaedam
2067 5581 2215 5636 circa
2250 5591 2346 5634 eas
2372 5558 2679 5631 amoenitas
2696 5584 2761 5624 ac
2782 5569 2957 5640 gratia
2979 5565 3206 5628 relucet,
3237 5561 3378 5617 adeo
