3882 6450
543 362 648 420 671

1789 368 1848 426 S.
1879 367 2206 427 GBEGOMI
2249 367 2553 428 NYSSENI‘

3688 380 3774 436 67‘!

539 487 599 531 ut
634 475 792 531 multi
826 477 972 536 aedes
1005 493 1142 535 auro
1174 491 1229 537 et
1259 482 1439 552 lapide
1491 493 1605 540 tum
1632 483 1976 551 Thessalico,
2011 494 2116 541 tum

2241 487 2458 561 Ὀδηγετ
2479 508 2544 561 με
2567 490 2703 562 πρὸς
2734 491 3130 561 συγκατάθεσιν
3151 490 3250 546 τοῦ
3267 490 3626 565 προκειμένου
3642 494 3775 564 λόγου

539 567 814 625 Laconico
851 581 1152 630 exornatas
1206 575 1554 631 deseruerint
1581 618 1597 644 ,
1649 586 1705 634 et
1746 578 2129 647 jucundiorem

537 661 642 714 sibi
667 662 772 716 sub
807 663 1099 720 arboribus
1134 665 1530 722 habitationem
1565 680 1698 722 esse
1726 665 2006 721 duxerint.
2049 665 2134 719 ld-

537 753 690 805 circo
721 755 1031 823 patriarcha
1061 773 1284 828 quoque
1313 758 1591 812 Abraham
1646 757 1750 814 sub
1799 773 2009 828 quercu
2047 767 2130 812 ta-

527 844 901 902 bernaculum
934 849 1072 914 ﬁxit,
1106 866 1215 905 non
1249 866 1476 922 prorsus
1502 851 1688 921 inopia
1717 849 2005 913 domicilii,
2031 853 2126 906 sed

537 939 670 1006 quia
703 941 1000 996 tenebatur
1027 957 1113 1008 ea,
1157 958 1279 1014 qua:
1326 959 1395 1000 ex
1433 945 1604 1000 ramis
1641 943 1927 1010 edebatur,
1969 944 2130 999 volu~

538 1035 710 1096 ptate.
762 1029 938 1086 Etiam
966 1033 1076 1088 vita
1116 1034 1453 1104 serpentium
1503 1049 1589 1090 me
1619 1033 1847 1091 deducit
1866 1033 1935 1088 ad
1972 1049 2129 1090 eom-

537 1123 918 1192 l‘robationem
962 1126 1266 1196 proposita:-
1305 1127 1559 1184 rationis.
1601 1125 1838 1182 lllorum.
1865 1127 2011 1183 enim
2048 1127 2130 1182 vi-

538 1214 666 1267 vida
696 1215 870 1271 virtus
897 1216 1126 1272 hiberno
1177 1228 1424 1289 tempore
1477 1219 1862 1283 mortificatur,
1888 1233 1954 1274 ac
1983 1233 2130 1273 men-

538 1319 630 1359 ses
662 1321 756 1361 sex
782 1306 836 1361 in
874 1309 1130 1365 cavernis
1163 1311 1499 1367 delitescunt
1543 1311 1762 1381 penitus
1795 1310 2125 1366 immobiles.

535 1395 670 1450 Cum
697 1407 881 1454 autem
919 1407 1188 1456 statutum
1210 1410 1429 1474 tempus
1459 1403 1770 1467 advenerit,
1797 1411 1851 1458 et
1879 1403 2128 1458 tonitrua

535 1486 591 1540 in
618 1491 824 1546 numdo
851 1493 1114 1548 exaudita
1146 1493 1373 1561 fuerint,
1404 1496 1564 1564 quasi
1597 1495 1874 1566 quoddam
1906 1494 2125 1565 siguum

535 1579 810 1652 fragorem
862 1585 1214 1659 (tonitruum)
1266 1589 1626 1658 accipientes,
1684 1588 1940 1643 celeriter
1979 1587 2128 1643 exsis-

536 1675 703 1740 liunt,
737 1685 794 1734 et
839 1679 1007 1750 longo
1029 1680 1324 1736 intervallo
1345 1690 1618 1738 consueta
1642 1688 1831 1752 agunt.
1859 1679 2121 1747 Quaenam

534 1767 703 1837 hujus
729 1772 805 1826 rei
841 1774 982 1827 ratio
1012 1774 1140 1829 est?
1160 1773 1316 1828 Dicat
1358 1775 1491 1828 mihi
1537 1773 1803 1840 quaesitor
1829 1773 2039 1828 arbiter
2067 1779 2124 1827 et

2235 581 2455 636 καὶτῶν
2485 584 2731 654 ἑρπετῶν
2755 585 2788 656 ἡ
2822 584 2957 655 ζωή.
2987 583 3289 656 Νεκροῦται
3311 585 3420 657 γάρ
3448 585 3656 639 ἐκείναιν
3682 586 3775 659 ὥρᾳ

2232 672 2499 742 χειμῶνος
2549 676 2582 744 ἡ
2613 673 2866 745 ζώπυρος
2903 674 3175 747 δύναμις,
3207 677 3301 730 καὶ
3351 675 3445 729 τὸν
3479 676 3655 747 χρόνον
3689 678 3778 730 τῶν

2233 763 2294 829 ἒξ
2326 765 2511 836 μηνῶν
2541 768 2599 820 ἐν
2625 768 2741 831 τοῖς
2762 767 2990 837 φωλεοῖς
3017 768 3361 832 κατάκειται,
3391 767 3658 832 παντελῶς
3679 770 3774 823 ἀκί-

2231 874 2392 928 νητα.
2447 857 2699 912 Ἐπειδὰν
2745 859 2802 912 δὲ
2845 860 2876 913 δ
2905 861 3238 933 τεταγμένος
3283 860 3433 933 ἔλθῃ.
3464 860 3676 932 καιρὸς,
3703 863 3779 914 καὶ

2234 948 2429 1020 βροντὴ
2464 949 2748 1022 κατηχηθῇ
2770 949 2864 1004 τοῦ
2891 952 3120 1024 κόσμου,
3146 951 3338 1023 ῶσπερ
3369 969 3423 1004 τι
3455 951 3687 1022 σύνθημα
3703 951 3778 1020 τῆς

2231 1037 2378 1109 ζωῆς
2399 1038 2489 1092 τὸν
2533 1039 2738 1093 κτύπον
2767 1041 3032 1112 δεχόμενα
3078 1041 3541 1114 δξέωςάναπηδᾷ,
3583 1044 3668 1096 καὶ
3708 1043 3776 1095 διὰ

2233 1131 2447 1203 μακροῦ
2489 1131 2582 1185 τοῦ
2629 1133 2824 1204 χρόνου
2877 1136 3094 1208 ἐνεργεῖ
3121 1136 3191 1189 τὰ
3224 1135 3574 1206 συνήθη.,Τίς
3593 1137 3619 1189 ό
3650 1135 3782 1204 λόγος·

2228 1216 2419 1290 οὗτοςς
2447 1223 2667 1292 Λεγέτω
2720 1243 2811 1297 μοι
2838 1229 2868 1281 6
2894 1227 3003 1280 τῶν
3023 1226 3402 1299 πράξεων-τοῦ
3430 1227 3560 1280 Θεοῦ
3590 1227 3774 1297 βασανι-

2230 1315 2362 1388 στὴς
2384 1316 2479 1370 καὶ
2511 1317 2859 1390 ἐπιγνώμων,
2894 1321 2993 1373 καῖ
3015 1320 3316 1374 διδασκέτω
3349 1337 3441 1391 με,
3475 1319 3588 1383 πῶς
3617 1318 3776 1391 βροντὴ

2231 1406 2331 1478 μὲν
2383 1409 2508 1472 τοὺς
2553 1409 2704 1479 ὄφεις
2738 1409 3097 1482 διεγείρεσθαι
3144 1413 3424 1482 συγχωρεῖ
3453 1410 3666 1481 νεκροὺς
3693 1410 3773 1462 ὑπο

2227 1498 2524 1570 ἄρχοντας,
2554 1501 2876 1574 ἀνθρώπους
2909 1502 2966 1556 δὲ
3020 1503 3082 1557 οὐ
3125 1505 3306 1559 δίδωσι
3346 1501 3662 1574 φυκοῦσθαι,
3701 1501 3776 1572 τῆς

2225 1587 2319 1642 τοῦ
2343 1587 2479 1642 Θεοῦ
2504 1589 2803 1660 σάλπιγγος
2832 1591 2891 1657 ἐξ
2919 1591 3166 1664 οὐρανῶν
3210 1589 3548 1663 ἐπηχούσης,
3585 1586 3773 1650 nam

2226 1679 2367 1744 θεῖος
2393 1680 2550 1749 λόγος
2571 1682 2704 1752 φησί
2721 1699 2737 1716 ο
2758 1683 3050 1736 Σαλπίσει
3077 1683 3208 1752 γὰρ,
3225 1681 3324 1735 καί
3354 1683 3410 1735 οἱ
3442 1678 3631 1748 νεκροί
3659 1678 3774 1731 dra-

2224 1771 2576 1839 a'niaortat.
2594 1774 2705 1828 Καὶ
2725 1774 2955 1846 ἀλλαχοῦ
2982 1776 3144 1830 πάλιν
3170 1773 3526 1844 σαφέστερον,
3541 1769 3638 1826 Καί
3659 1769 3773 1824 d110-

533 1865 856 1932 explorator
876 1880 1104 1934 operum
1138 1866 1256 1932 Dei,
1300 1868 1605 1937 doceatque
1645 1881 1753 1930 me,
1781 1881 1888 1936 qua
1916 1865 2116 1920 ratione

2227 1863 2435 1916 στελεῖ
2493 1863 2637 1930 τοὺς
2691 1865 2998 1934 ἀγγέλους
3043 1863 3231 1918 αὐτοῦ
3275 1863 3433 1934 μετὰ
3484 1859 3775 1928 σάιιπιτγυς

530 1959 800 2012 concedat
835 1974 1044 2030 angues
1086 1958 1309 2030 quidem
1350 1959 1566 2030 fragore
1602 1959 1830 2014 tonitrui
1873 1965 2121 2013 mortuos

530 2052 878 2119 rcsuscitari,
937 2051 1189 2108 homines
1245 2067 1378 2107 vero
1414 2067 1522 2106 non
1573 2051 1826 2106 admittat
1867 2050 1997 2104 tuba
2031 2049 2130 2104 Dei

2229 1957 2437 2027 φωνῆς
2452 1958 2743 2029 μεγάλης,
2791 1959 2889 2014 καὶ
2926 1957 3283 2024 ἐπισυνάξει
3321 1956 3469 2024 τοὺς
3493 1952 3772 2017 ἐκλεκτοὺς

2233 2048 2455 2102 αὐτοῦ..

527 2146 597 2200 de
629 2144 772 2200 cmlo
825 2152 1126 2200 resonante
1173 2143 1412 2198 animam
1483 2141 1736 2212 recipere
1807 2150 1863 2198 et
1911 2137 2198 2201 vivificari,
2237 2136 2698 2208 quemadmodum
2728 2138 2914 2194 divina
2946 2138 3235 2211 Scriptura
3271 2138 3428 2204 dicit,
3483 2136 3636 2193 Canet
3663 2134 3770 2187 enim

526 2236 674 2300 tuba,
703 2247 756 2292 et
783 2239 980 2292 mortui
1004 2237 1359 2309 resurgant“.
1395 2233 1460 2291 Et
1486 2235 1618 2291 alibi
1666 2235 1953 2307 apertius,-
1977 2233 2047 2289 Et
2084 2235 2289 2291 emittat
2307 2234 2522 2304 angelos
2546 2251 2672 2289 suos
2696 2251 2815 2289 cum
2846 2235 2984 2291 tubae
3007 2250 3125 2290 race
3161 2249 3380 2304 magna,
3403 2239 3468 2286 et
3491 2225 3778 2300 congregabit

524 2333 715 2387 electos
739 2349 865 2388 suos
881 2332 948 2387 ¹¹.

596 2473 677 2531 Ne
702 2475 870 2547 igitur
900 2471 1059 2530 iidem
1090 2471 1449 2529 detrahamus
1483 2472 1882 2528 mutationibus
1925 2480 1979 2528 et
2023 2486 2116 2526 re-

526 2570 936 2624 novationibus.
967 2567 1181 2624 Etenim
1226 2567 1537 2637 plantarum
1589 2577 1645 2622 et
1679 2566 1999 2621 animalium
2040 2565 2124 2620 (ιι-ν

2293 2469 2384 2539 Μὴ
2415 2469 2592 2524 τοίνυν
2619 2471 2741 2533 ταῖς
2766 2466 3082 2524 ἀλλοιώσεσι
3115 2465 3212 2520 καὶ
3247 2466 3367 2529 τοῖς
3407 2459 3772 2530 ἀνακαιπσμοῖς

2222 2559 2562 2629 ἀπιστῶμεν.
2603 2559 2714 2612 Καὶ
2760 2557 2870 2631 γάρ
2917 2556 3118 2626 φυτῶν·
3144 2556 3241 2610 καὶ
3295 2552 3456 2618 ζώων
3495 2550 3768 2622 διαφόρωνὸ

525 2676 835 2726 versorum,
865 2668 1032 2730 atque
1061 2660 1306 2730 ipsorum
1347 2660 1486 2714 adeo
1534 2657 1819 2713 hominum
1862 2657 1974 2711 vita
2017 2671 2116 2711 nos

2225 2651 2358 2722 βίος.
2388 2653 2484 2706 καὶ
2517 2653 2700 2707 αὐτῶν
2735 2670 2800 2722 γε
2833 2651 2940 2706 τῶν
2973 2649 3273 2723 ἀνθρώπων
3301 2651 3462 2720 ἡμᾶς
3483 2641 3767 2704 ἐκπαιδεύει,

523 2753 732 2820 edocet,
763 2753 909 2823 quod
936 2753 1074 2807 nihil
1111 2767 1325 2816 eorum,
1359 2765 1482 2821 quae
1533 2748 1871 2822 generationi
1910 2756 1964 2804 et
1993 2763 2114 2803 cor-

2223 2745 2300 2808 ὡς
2320 2745 2473 2799 οὐδὲν
2507 2746 2566 2800 ὲν
2587 2747 2879 2817 ταύτότητι
2904 2745 3012 2798 τῶν
3037 2746 3095 2797 ὲν
3138 2743 3340 2815 φθορᾷ,
3361 2743 3457 2796 καὶ
3490 2739 3697 2810 γενέσει.
3723 2737 3765 2787 ὲν

523 2847 764 2915 ruptioni
793 2846 1030 2901 obnoxia
1055 2852 1205 2911 sunt,
1231 2845 1286 2900 in
1315 2844 1505 2900 eodem
1542 2850 1687 2900 statu
1713 2841 2000 2909 subsistat,
2019 2840 2114 2897 sed

2224 2834 2508 2890 ἀλλοιώσει
2536 2837 2594 2890 δὲ
2618 2837 2712 2892 καὶ
2743 2840 2938 2909 τροπῇ.
2971 2833 3082 2890 Καὶ
3112 2833 3331 2906 πρῶτόν
3353 2849 3438 2902 γε,
3459 2831 3504 2884 εί
3530 2829 3678 2891 δοκεῖ,
3694 2823 3766 2894 τὴν

520 2953 576 2992 tn
605 2938 774 2994 alium
789 2937 1023 2992 subinde
1040 2943 1282 2992 vertatur
1307 2944 1472 3006 atque
1493 2941 1757 2990 mutetur.
1777 2934 1854 2988 Ac
1876 2933 2112 3004 primum

2221 2929 2281 2980 ὲν
2305 2931 2428 2992 ταῖς
2457 2928 2705 3000 ἡλικίαις·
2725 2927 2886 3000 ἡμῶν
2919 2927 3225 3000 μεταϐολὴν
3281 2918 3767 2998 καταμάθωμενοττδ

521 3027 764 3095 quidem,
801 3026 846 3082 si
877 3026 1076 3096 placet,
1109 3041 1252 3090 eam,
1307 3041 1430 3095 quae
1489 3025 1544 3078 in
1596 3025 1852 3080 aetatibus
1905 3023 2116 3078 nostris

2220 3022 2429 3076 παιδίον
2459 3022 2521 3076 τὸ
2551 3022 2873 3092 ὑπομὼζιον,
2909 3018 3021 3074 οἷόν
3053 3022 3173 3074 ἐστι
3195 3018 3558 3091 γνωρίζομεν.
3596 3013 3767 3080 Ὀλίγον

521 3115 602 3182 lit,
619 3115 973 3171 mutationem
996 3115 1403 3187 perpendamus
1417 3124 1472 3170 et
1493 3113 2110 3171 consideremus..Puel-

2220 3115 2410 3187 χρόνον
2457 3115 2840 3188 παρελθόντος,
2886 3115 2986 3186 τὴν
3035 3114 3379 3186 ἐρπυστικὴν
3417 3109 3660 3182 λαμϐάνει
3693 3103 3761 3157 δύ-

521 3207 634 3262 lum
666 3207 987 3270 lactentem,
1038 3206 1219 3277 qualis
1253 3206 1359 3270 sit,
1416 3205 1560 3260 haud
1602 3205 1892 3261 dimculter
1946 3221 2115 3279 agno-

521 3299 755 3355 scimus.
783 3299 994 3371 Exiguo
1045 3300 1229 3370 spatio
1251 3299 1515 3369 temporis
1546 3299 1842 3369 praeterito,
1879 3300 2023 3356 vires
2047 3301 2115 3356 ad

520 3392 823 3463 rependum
865 3392 1211 3462 adipiscitur,
1271 3406 1336 3447 ac
1361 3392 1561 3447 nihila
1617 3391 1860 3463 parvulis
1914 3393 2115 3450 catulis

518 3485 726 3549 differt,
759 3485 882 3542 nisu
897 3493 1166 3556 quaterno
1198 3500 1322 3542 sese
1350 3491 1692 3541 sustentans.
1722 3483 1884 3539 Circa
1907 3499 2113 3542 annum

517 3580 738 3637 tertium
769 3579 990 3643 accidit,
1016 3587 1074 3634 ut
1103 3586 1324 3634 erectus
1352 3586 1408 3635 et
1434 3578 1645 3635 arduus
1677 3577 2040 3650 ingrediatur,
2059 3588 2116 3637 et

517 3689 710 3730 vocem
743 3674 930 3745 aliquo
963 3673 1128 3728 modo
1172 3673 1256 3728 vel
1292 3671 1682 3728 balbutientem
1746 3672 1830 3728 vel
1868 3672 2111 3739 blaesam,

515 3778 574 3822 et
601 3766 927 3821 titubantem
959 3765 1389 3835 impeditamque
1424 3765 1680 3820 emittat:
1716 3763 1918 3822 deinde
1972 3767 2113 3821 arti-

517 3856 700 3910 culate
734 3860 900 3924 atque
926 3854 1166 3924 perfecte
1201 3855 1368 3909 verba
1395 3855 1738 3924 pronuntiat,
1791 3863 1848 3911 et
1899 3855 2113 3927 lepidus

519 3946 964 4003 adolescentulus
987 3955 1042 4003 et
1065 3947 1226 4018 pusio
1257 3947 1356 4003 fit:
1397 3963 1464 4004 ex
1500 3948 1592 4003 illa
1635 3957 1797 4005 aatate
1832 3949 1887 4003 in
1929 3950 2113 4021 impu-

519 4039 704 4094 berem
729 4038 1133 4096 adolescentem
1182 4040 1407 4096 evadit:
1455 4041 1715 4113 lanugine
1741 4056 1874 4098 vero
1919 4044 2114 4100 maxil-

519 4132 604 4187 las
633 4146 699 4188 ac
732 4141 976 4187 mentum
1007 4133 1295 4197 vestiente,
1323 4133 1590 4190 barbatus
1617 4141 1673 4189 et
1692 4135 1941 4191 hirsutus
1971 4151 2113 4207 pau-

516 4224 696 4292 latim,
736 4233 789 4281 et
822 4226 964 4283 alius
985 4241 1052 4282 ex
1085 4225 1234 4281 alio:
1279 4225 1478 4282 deinde
1519 4226 1631 4296 jam
1679 4227 1837 4298 plene
1888 4227 2110 4286 adultus

514 4317 622 4382 vir,
656 4332 818 4389 asper
849 4319 1273 4390 laboriosusque
1302 4318 1537 4376 exsistit.
1567 4318 1704 4375 Cum
1750 4329 1929 4375 autem
1979 4338 2110 4392 pra:-

516 4411 767 4467 terierint
794 4412 924 4467 anni
951 4413 1338 4484 quadraginta,
1354 4413 1584 4486 jnitium
1615 4411 1873 4469 flexionis
1927 4413 2104 4483 adest,

2216 3223 2402 3276 ναμιν,
2453 3207 2548 3261 καὶ
2599 3207 2750 3260 οὐδὲν
2782 3206 3028 3278 διαφέρει
3079 3205 3203 3258 τῶν·
3241 3205 3460 3277 μικρῶν
3508 3201 3762 3257 σκυλάκων,

2213 3297 2469 3369 τέταρσιν
2500 3297 2838 3369 ἐρειδόμενον
2885 3296 3124 3368 βάσεσινι
3177 3297 3318 3367 Περὶ
3359 3295 3452 3350 τὸν
3497 3293 3658 3365 τρίτον
3682 3291 3762 3342 ὲνι·

2213 3390 2378 3444 αυτὸν
2423 3389 2606 3462 ὄρθιον
2638 3391 2868 3460 γίνεται,
2918 3389 3014 3444 καὶ
3046 3387 3230 3461 φωνὴν
3275 3381 3760 3458 ὑποτραυλιζομένην

2212 3481 2308 3536 καὶ
2337 3480 2732 3553 ψελλιζομένην
2769 3482 3046 3552 ιτιροτεται⁸
3087 3477 3207 3534 εἶτα
3239 3479 3490 3552 διαρθροῖ
3513 3477 3596 3530 τὸν
3623 3473 3758 3542 λόγον,

2213 3575 2308 3628 καὶ
2335 3574 2527 3647 χαρίεν
2565 3575 2910 3629 ἀποτελεῖται
2953 3575 3234 3647 μειράκιον
3255 3589 3268 3604 ·
3323 3574 3420 3629 ἀπ’
3461 3569 3659 3637 ἐκείνης
3687 3565 3760 3634 τῆς

2212 3667 2429 3738 ἡλικίας
2477 3667 2618 3740 πρὸς
2664 3666 2757 3722 τὸν
2811 3665 3014 3738 ἔφηϐον
3061 3667 3157 3721 καὶ
3196 3666 3482 3722 νεανίσκον
3531 3659 3757 3717 ἐκϐαίνει·

2214 3759 2391 3815 ίούλου
2430 3761 2487 3814 δὲ
2529 3760 2632 3831 τὴν
2676 3760 2912 3833 παρειὰν
2957 3758 3320 3830 καλύψαντος,
3371 3757 3579 3829 γενειάς
3615 3751 3758 3810 λάσιος

2214 3854 2334 3925 μετ’
2357 3853 2556 3924 ὀλίγον,
2592 3855 2686 3909 καὶ
2721 3855 2879 3921 ἄλλος
2922 3855 2983 3922 ἐξ
3033 3855 3225 3910 ἀλλουο
3266 3849 3410 3916 εἶτα,
3458 3850 3588 3920 ἀνὴρ
3615 3841 3758 3913 MP“

2211 3945 2342 4015 ξων,
2374 3948 2581 4019 τραχῦς
2635 3949 2732 4002 καὶ
2771 3948 3076 4021 τληπαθής.
3113 3946 3367 4001 Ἐπειδὰν
3408 3945 3466 3998 δὲ
3497 3936 3756 4013 παρέλθωσι

2208 4037 2476 4109 τέσσαρες
2512 4038 2736 4105 δεκάδες
2784 4039 3072 4104 ἐνιαυτῶν,
3119 4038 3266 4112 ἀρχὴ
3310 4039 3413 4110 τῆς
3464 4027 3756 4102 ὑποστροφῆς

2210 4128 2388 4184 καίνει
2417 4133 2436 4154 ‘
2465 4130 2567 4204 τὴν
2622 4131 2886 4205 κεφαλὴν,
2937 4133 3034 4186 καὶ
3076 4132 3111 4204 ἠ
3143 4129 3304 4202 ῥώμη
3351 4130 3487 4203 πρὸς
3520 4124 3754 4182 ἀσθένειαν

2209 4221 2514 4286 ἀποκλίνει,
2546 4225 2640 4278 καὶ
2671 4223 3032 4298 παραγίνεται
3058 4228 3369 4279 τελευταῖον
3400 4222 3460 4278 τὸ
3489 4221 3660 4291 γῆρας,
3687 4210 3752 4265 τέ·

2207 4317 2353 4381 λειος
2393 4317 2702 4390 ἀφανισμὺς
2747 4319 2850 4390 τῆς
2897 4320 3099 4391 ίσχύος,
3141 4320 3398 4374 κλίνεται
3441 4317 3496 4371 δὲ
3539 4314 3596 4368 τὸ
3633 4305 3752 4376 σῶμα

2209 4411 2302 4464 καὶ
2329 4409 2624 4482 κυρτοῦται
2653 4411 2790 4484 πρὸς
2819 4413 2944 4484 γῆν,
2978 4413 3053 4478 ὡς
3081 4415 3130 4466 οἱ
3159 4413 3280 4468 λίαν
3309 4403 3751 4484 ὑπερξηρανθέντες

515 4501 858 4572 canitiesque
892 4503 1154 4573 paulatim
1191 4514 1356 4575 caput
1385 4503 1622 4570 dealbat,
1659 4512 1714 4560 et
1744 4507 1914 4560 robur
1941 4505 2108 4559 adi-

2220 4502 2319 4557 :th
2347 4502 2654 4574 ἀσταχύων,
2683 4505 2780 4559 καὶ
2823 4505 2886 4559 τὸ
2931 4505 3074 4559 λεῖον
3112 4505 3452 4560 ἀποτελεῖται
3491 4498 3652 4589 ῥυσὸν,
3664 4489 3748 4589 Ital

517 4593 832 4650 firmitatem
865 4595 1126 4662 declinat,
1188 4603 1242 4652 et
1281 4596 1504 4652 tandem
1557 4605 1815 4652 senectus
1872 4598 2106 4663 accedit,

516 4691 764 4742 extrema
812 4684 1010 4740 virium
1061 4686 1309 4741 abolitio.
1361 4686 1578 4758 Corpus
1629 4693 1812 4743 autem
1873 4687 2109 4744 ﬂectitur

2209 4595 2372 4649 πάλιν
2411 4594 2612 4666 βρέφος
2639 4596 2669 4649 ὃ
2701 4613 2832 4650 ποτε
2876 4597 3158 4661 νεανίσκος
3179 4597 3274 4650 καὶ
3316 4595 3582 4668 ἀριστεὺς.
3605 4583 3746 4657 ψελλι-

2206 4686 2453 4756 ζόμενσς,
2493 4689 2846 4760 ἀνοηταίνων,
2879 4689 2972 4744 ἐπϊ
3014 4689 3214 4762 χειρῶν
3261 4690 3359 4744 καῖ
3399 4685 3566 4742 ποδῶν
3591 4675 3746 4750 ὁμοίως

512 4783 572 4832 et
594 4773 662 4830 ad
693 4781 895 4830 terram
924 4781 1206 4842 curvatur,
1239 4776 1702 4846 quemadmodum
1745 4777 1932 4848 spicae,
1984 4793 2112 4848 qua:

2220 4778 2412 4850 ἕρπων,
2454 4779 2532 4845 ὡς
2577 4781 2768 4836 πάλαι.
2805 4781 2994 4836 Ταῦτα
3042 4781 3232 4837 πᾶντα
3262 4781 3333 4834 τί’
3356 4797 3439 4834 σοι
3471 4774 3633 4834 δοκεῖς
3659 4765 3744 4822 θίκ

513 4868 747 4924 nimium
773 4875 1146 4924 exaruerunt:
1188 4867 1336 4938 quod
1363 4877 1748 4939 cxporrectum
1781 4885 1845 4925 ac
1869 4869 2003 4926 laave
2025 4870 2108 4926 fu-

2220 4871 2525 4941 ιλλοίωσιςς
2568 4875 2643 4929 Οὐ
2689 4874 2983 4946 μεταϐολαὶ
3032 4875 3392 4947 πολύτροποι;
3431 4871 3508 4927 Οὔ
3545 4864 3741 4947 διάφορέι

507 4968 649 5023 erat,
669 4975 930 5031 rugosum
960 4970 1017 5018 et
1039 4969 1384 5017 contractum
1409 4959 1660 5027 elIicitur,
1677 4970 1734 5018 et
1755 4962 1803 5020 is
1822 4963 1914 5033 qui
1932 4979 2106 5035 quon-

2220 4964 2526 5038 ιαινὸτητες
2556 4966 2618 5020 τὸ
2661 4945 2855 5038 Θνητδν
2901 4966 3040 5032 ζῶον
3085 4945 3522 5040 μεταμορφῶσαι
3549 4955 3634 5013 καὶ¹
3663 4945 3742 5051 πρὸ

509 5053 635 5108 dam
666 5053 858 5124 vigore
890 5055 1067 5110 relatis
1092 5070 1159 5109 ac
1188 5055 1387 5110 virium
1426 5056 1741 5126 praestabat,
1771 5055 1954 5112 infans
1978 5073 2094 5112 rur-

2206 5057 2440 5112 θανάτου
2466 5076 2480 5124 ;
2525 5058 2586 5112 Ὅ
2619 5058 2676 5112 δέ
2709 5058 2878 5123 ὕπνος
2923 5059 3082 5131 ἡμῶν
3110 5059 3206 5114 καὶ
3234 5061 3268 5132 ἡ
3303 5057 3624 5129 ἐγρήγορσιςι
3653 5051 3742 5099 πως

508 5160 605 5200 sus
630 5144 834 5210 evadit,
867 5146 1202 5212 balbutiens,
1245 5147 2102 5218 ineptiens,delirans,manibus

2220 5151 2306 5204 >ὒκ
2333 5149 2401 5204 ἀν
2427 5149 2516 5222 τῷ-
2535 5151 2684 5222 σοφῷ
2704 5151 2915 5221 γένοιτο
2936 5152 3278 5208 διδασκάλων
3302 5150 3391 5206 τοῦ
3423 5137 3736 5217 ζητουμένωὲ

511 5247 573 5290 ac
607 5235 837 5306 pedibus
864 5237 1138 5304 similiter,
1170 5246 1230 5294 ut
1268 5241 1422 5304 olim,
1468 5254 1689 5309 repens.
1744 5239 1871 5295 Haec
1916 5242 2100 5297 omnia

506 5322 641 5393 quid
666 5322 764 5378 tibi
793 5339 916 5380 esse
939 5327 1242 5382 videntur?
1270 5327 1468 5382 Annon
1497 5327 1786 5384 alteratio?
1825 5327 1967 5386 Num
2003 5347 2101 5387 va-

514 5417 606 5469 ria:
635 5415 1005 5474 mutationes?
1028 5417 1169 5474 Num
1195 5419 1428 5476 diversa:
1467 5423 1765 5489 novitates,
1796 5439 1920 5495 quae
1945 5441 2094 5481 mor-

511 5507 617 5560 tale
643 5508 847 5564 anlmal
878 5508 1044 5564 etiam
1074 5517 1202 5566 ante
1224 5521 1454 5566 mortem
1476 5510 2098 5582 transformant?Quin-

508 5595 672 5651 etiam
699 5612 929 5657 somnus
961 5608 1149 5658 noster
1181 5610 1236 5658 et
1285 5603 1471 5677 vigilia
1524 5603 1805 5676 quomodo
1863 5608 2098 5680 sapienti

577 5817 620 5850 "
655 5817 674 5874 l
705 5817 831 5874 Cor.
860 5836 946 5882 xv.
981 5821 1071 5878 52.
1149 5824 1186 5856 “
1220 5823 1410 5880 Matth.
1447 5841 1591 5893 xxw,
1627 5827 1712 5884 51.

2216 5241 2277 5295 Ὀ
2311 5241 2410 5313 μὲν
2443 5241 2574 5314 γὰρ,
2605 5243 2771 5297 είκών
2798 5245 2915 5297 ἐστι
2951 5243 3044 5298 τοῦ
3076 5243 3337 5298 θανάτου·
3369 5241 3405 5311 ἦ
3429 5237 3500 5301 δὲ’
3533 5235 3618 5303 τῆξ
3641 5228 3737 5328 at“.

2208 5331 2452 5396 στάσεως
2485 5333 2734 5404 μίμημα.
2767 5333 2857 5388 Διὸ
2897 5334 2999 5389 καί·
3033 5352 3176 5398 τινες
3221 5335 3330 5388 τῶν
3358 5329 3544 5398 ἔξωθεν
3578 5330 3734 5387 σοφων,

2205 5424 2432 5495 ἀδελφὸν
2463 5429 2760 5498 προσεῖπον
2801 5426 2896 5481 τοῦ
2942 5427 3174 5482 Θανάτου
3219 5428 3310 5481 τὸν
3347 5424 3523 5483 ὕπνον,
3558 5413 3634 5468 διὰ
3660 5405 3734 5473 τὴν

2203 5518 2498 5590 ὁμοιότητα
2542 5519 2652 5574 τῶν
2697 5521 2789 5591 ἀφ’
2828 5520 3090 5593 ἐκατέρου
3134 5517 3524 5592 συμϐαινόντων
3566 5498 3728 5593 magi“

2207 5585 2360 5683 Ᾰήθη
2389 5585 2499 5684 Ῠάρ
2539 5585 2758 5684 ὁμοίως⁷
2790 5613 2878 5666 ἐπ’
2932 5585 3259 5686 ἀμφοτέρων
3307 5609 3400 5666 καὶ
3450 5605 3616 5673 ἄγνοια
3647 5585 3731 5646 τῶν
