3882 6418
113 446 196 505 m
925 433 1002 490 1N
1030 432 1320 492 CHRISTI
1368 425 2010 492 RESUBRECTIONEM
2043 425 2257 488 ORAT.
2288 426 2382 486 III.
3258 421 3371 478 675

113 559 450 636 παρελθόντων
477 555 572 612 καὶ
592 553 702 609 τῶν
731 551 1054 626 μελλόντων,
1083 554 1178 608 καὶ
1203 555 1266 609 τὸ
1304 553 1464 626 σῶμα
1492 553 1646 608 κεῖτα

1860 560 2026 608 acuto
2053 548 2264 604 homini
2299 547 2694 604 documentum
2721 541 3022 614 proposita:
3046 540 3372 613 quaestionis

115 633 417 721 ἀναίσθητον,
441 649 594 718 φίλον
611 647 711 701 οὐκ
738 645 898 709 είδὸς,
922 644 1118 716 ἐχθρὸν
1141 647 1204 700 ού
1234 645 1526 716 γινῶσκον,
1547 645 1648 698 τοὺι

1840 657 1906 696 .se
1933 657 2043 696 non
2077 637 2480 711 possunt?l|le
2523 637 2670 692 enim
2723 635 2922 690 mortis
2978 635 3182 704 imago,
3253 633 3373 686 hac

114 741 442 814 περιεστῶτας
481 740 574 793 καὶ
621 736 960 807 θεωροῦντας
1003 737 1078 806 μὴ
1131 735 1351 806 βλέπον,
1401 735 1645 809 παρειμέ

1839 731 2201 786 surrectionis
2255 729 2659 784 imitamentum
2717 735 2823 782 est.
2873 724 3148 792 Quocirca
3207 725 3371 780 etiam

116 831 424 902 νον,νεκρὺν,
476 830 657 899 πάσης
706 825 974 898 ἀμοιροῦν
1016 828 1322 900 ἐνεργείας,
1369 828 1523 882 οὐδὲν
1563 828 1649 881 δια

1834 822 2025 878 mnulli
2051 821 2271 878 externi
2301 822 2582 891 sapientes
2611 834 2934 891 germanum
2964 818 3162 873 mortis
3210 832 3367 872 som—

112 926 248 997 ⁹,γέρον
276 924 378 978 τῶν
409 921 790 994 ἀποκειμένων
832 922 892 974 ἐν
919 921 1115 990 τάφοις
1140 922 1236 975 καὶ
1273 921 1487 993 θήκαις.
1520 921 1645 974 Οὕτι

1838 930 1908 970 tm
1943 921 2230 978 vocarunt,
2263 921 2490 985 propter
2527 913 2952 970 similitudinem
3004 926 3220 976 eorum,
3276 909 3371 980 qui

109 1033 178 1072 τοι
201 1015 348 1087 συλᾷς
374 1016 451 1080 ὠς
481 1015 695 1086 νεκρὸν,
717 1015 767 1068 εί
798 1015 1096 1081 θέλοις,τὸν
1123 1013 1475 1077 καθεύδοντα,
1502 1015 1642 1067 κενοῖ

1861 1015 2096 1079 utroque
2151 1007 2430 1072 accidunt,
2495 1004 2722 1062 aﬂoctus
2773 1015 2828 1060 et
2901 1003 3368 1075 perturbationes.

113 1109 192 1180 τὴν
217 1108 400 1171 οίκίαν,
429 1107 605 1180 δεσμά
629 1107 951 1180 προσάγεις,
984 1107 1080 1162 καὶ
1103 1105 1330 1178 οὐδεμία
1355 1104 1465 1158 τῶν
1500 1122 1646 1177 πρατ

1840 1101 1995 1156 alivio
2025 1115 2264 1181 namque
2293 1100 2501 1170 pariter
2523 1107 2579 1154 et
2611 1098 2922 1169 ignorantia
2966 1096 3373 1168 praeteritorum

113 1199 320 1270 τομένων
354 1197 616 1270 ,αίσθησις
668 1199 998 1268 ἐπιγίνεται.
1041 1197 1255 1267 Ὀλίγον
1314 1195 1373 1250 δέ
1427 1194 1646 1268 ὕστερον

1861 1192 2174 1248 futurorum
2192 1192 2247 1246 in
2267 1198 2504 1262 utroque
2518 1191 2809 1261 contingit,
2833 1204 3039 1261 corpus
3064 1189 3185 1244 sine
3206 1203 3376 1244 sensu

115 1293 219 1346 ὅταν
252 1291 408 1362 ἀνοχή
459 1307 546 1356 τις
582 1292 682 1346 καὶ
730 1291 976 1363 λώφησις
1019 1290 1244 1362 γένηται
1295 1287 1392 1342 τοῦ
1445 1287 1648 1352 πάθους

1845 1292 1940 1350 cet,
1978 1285 2218 1339 amicum
2254 1299 2368 1338 non
2419 1284 2594 1349 novit,
2628 1284 2913 1338 inimicum
2969 1284 3209 1354 ignorat,
3266 1281 3378 1336 cir-

117 1388 270 1461 ὤσπερ
309 1389 429 1462 άρτι
475 1388 835 1460 ζωοποιηθεὶς
887 1389 918 1442 ό
970 1387 1269 1460 -άνθινωπος
1313 1384 1650 1439 διανίσταται

1844 1383 2121 1432 χιιιειαηιοε
2159 1387 2214 1432 et
2254 1384 2568 1449 spectantes
2612 1391 2720 1431 non
2751 1374 2919 1440 videt,
2957 1373 3226 1440 tabidum,
3264 1372 3377 1427 fra-

113 1481 232 1538 κατά
263 1481 448 1553 μικρῖιν
482 1482 563 1546 είς
593 1480 952 1552 συναίσθησιν
995 1477 1194 1534 ἐαυτοῦ
1235 1479 1332 1534 καὶ
1373 1475 1482 1532 τῶν
1530 1493 1646 1548 πρα

1840 1485 1952 1534 um,
1983 1469 2322 1541 languidum,
2365 1470 2636 1535 solutum,
2691 1471 3009 1532 remissum,
3043 1466 3209 1522 modo
3265 1481 3373 1520 non

117 1575 303 1644 γμάτων
324 1574 637 1646 ἐρχόμενος,
667 1573 765 1628 καὶ
799 1573 962 1644 σχολῇ
997 1571 1097 1635 τάς
1128 1570 1409 1643 ἐνεργείας
1433 1569 1650 1641 ἀναλαμ

1844 1569 2082 1628 artuum,
2108 1563 2293 1619 omnis
2323 1577 2522 1634 expers
2548 1561 2826 1627 elﬁcaciae,
2855 1560 2993 1616 nihil
3021 1558 3281 1615 dill‘erens
3307 1558 3377 1614 ab

109 1666 280 1731 ϐάνων,
303 1666 394 1720 καὶ
426 1661 540 1719 οἷον
569 1665 914 1737 ψυχούμενος
949 1666 1016 1737 τῇ
1051 1663 1366 1736 ζωπυρήσει
1391 1665 1492 1734 τῆς
1518 1665 1642 1738 ἐγρτ

1842 1670 1869 1717 ι,
1895 1669 2017 1725 quae
2050 1653 2104 1710 in
2136 1655 2333 1711 loculis
2366 1664 2420 1711 et
2447 1655 2725 1726 sepulcris
2772 1652 3016 1724 reposita
3059 1661 3210 1708 sunt.
3269 1649 3375 1706 Pe-

115 1759 337 1830 γὸρσεως.
369 1757 512 1811 Είδέ
539 1755 860 1825 ὑφεστῶτος
909 1755 990 1809 ἐτι
1037 1755 1132 1810 τοῦ
1189 1755 1329 1821 ζώου
1385 1756 1481 1809 καὶ
1519 1771 1648 1826 περι

1845 1750 1940 1806 nde
1963 1750 2226 1806 nimirum
2261 1751 2652 1815 dormientem,
2685 1750 2734 1806 si
2767 1749 2930 1814 velis,
2977 1747 3267 1819 compilas,
3312 1760 3378 1802 ac

113 1851 238 1914 ὖντος
261 1850 517 1906 τοσαῦται
550 1849 766 1919 νύκτωρ
800 1849 894 1903 καὶ
946 1849 1065 1921 μεθ’
1107 1849 1321 1921 ἡμέραν
1364 1848 1646 1914 ἐκστάσεις

1853 1852 2102 1899 mortuus
2129 1850 2299 1909 esset,
2330 1857 2573 1899 evacuas
2599 1851 2654 1898 et
2677 1841 2941 1898 exhauris
2964 1841 3134 1908 edes,
3154 1839 3377 1896 vincula

108 1942 404 2008 ἀλλοιῶσεις,
465 1941 789 2014 μεταϐολαὶ,
831 1939 991 2011 λῆθαι
1043 1941 1139 1995 καὶ
1191 1941 1407 2012 μνῆμαι
1452 1941 1532 2011 τῷ
1577 1941 1641 2012 βίι

1846 1935 1984 2004 iicis,
2019 1949 2084 1990 ac
2116 1935 2303 1991 nullus
2339 1949 2532 1992 eorum
2564 1949 2688 2006 quae
2721 1934 2859 1988 liunt
2885 1947 3086 1988 sensus
3138 1932 3379 1987 interve-

110 2035 536 2106 παραπεπήγασι,
567 2032 687 2088 λίαν
719 2032 944 2103 ἀνόητον
974 2031 1069 2085 καὶ
1097 2030 1421 2102 φιλόνεικον,
1452 2029 1573 2102 Θεῷ
1600 2049 1643 2101 μι

1844 2035 1880 2081 ι.
1911 2025 2083 2082 Paulo
2115 2034 2239 2097 post
2271 2027 2360 2082 ubi
2396 2026 2738 2083 intermissio
2760 2026 2944 2098 aliqua
2974 2034 3069 2080 aut
3093 2025 3377 2079 laxamen-

117 2125 354 2180 πιστεύειν
377 2125 466 2178 τὸν
500 2125 731 2196 ἔσχατον
759 2123 1154 2194 ἀνακαινισμὸν
1195 2121 1650 2194 ἐπαγγελλομένῳ

1846 2131 1896 2170 m
1926 2115 2157 2172 aﬂ'ectus
2187 2115 2494 2184 advenerit,
2539 2117 2700 2188 quasi
2760 2115 2926 2171 modo
2947 2116 3074 2170 vitae
3124 2114 3379 2170 redditus

115 2217 180 2288 τῷ
218 2219 302 2271 καὶ
341 2218 438 2291 τὴν
488 2216 720 2290 πρώτην
763 2215 960 2270 πλάσιν
1004 2215 1488 2288 δημιουργήσαντι.
1524 2214 1591 2268 Ὃ
1621 2212 1648 2266 δ

1886 2221 1947 2263 no
1974 2207 2175 2280 surgit,
2203 2208 2469 2280 paulatim
2509 2207 2578 2264 ad
2602 2208 2687 2266 sui
2724 2209 2904 2280 ipsius
2933 2221 3230 2278 rerumque
3284 2219 3379 2261 re-
3415 2270 3419 2276 η

120 2309 318 2381 μάλιστα
361 2310 595 2382 φράττει
645 2309 772 2385 τοὺς
821 2307 1235 2377 ἀντιλέγοντας,
1281 2307 1377 2363 καὶ
1428 2307 1653 2362 άπιστεϊι

1847 2316 1938 2357 ens
1999 2317 2248 2368 sensum,
2303 2301 2639 2374 pedetentim
2674 2300 2948 2357 eﬂicacias
2987 2299 3206 2370 recipit,
3254 2307 3380 2353 tan-

117 2402 520 2475 παρασκευάζει,
584 2400 744 2456 τοῦτο
798 2400 907 2474 πρὸ
955 2399 1206 2466 πάντων,
1256 2399 1335 2464 ὡς
1387 2393 1565 2471 οῐμαι,
1617 2414 1650 2450 τ

1849 2409 1947 2449 iam
1965 2398 2241 2451 animatus
2254 2395 2454 2469 vigiliae
2469 2395 2831 2452 recreatione.
2865 2392 3022 2460 Quod
3046 2393 3092 2449 si
3128 2399 3382 2448 exstante

110 2494 321 2565 νομίζειν
345 2494 659 2567 ἀφανισμὸν
688 2493 928 2565 παντελῆ
971 2492 1219 2562 γίνεσθαι
1243 2491 1355 2546 τῶν
1387 2491 1643 2564 σωμάτωκ

1849 2488 1948 2542 iam
1978 2505 2127 2544 nunc
2157 2489 2212 2544 in
2255 2505 2442 2546 rerum
2476 2497 2674 2544 natura
2715 2497 2882 2559 atque
2916 2487 3217 2559 superstite
3261 2485 3382 2540 ani-

119 2585 321 2654 Ἔχειδέ
342 2585 437 2657 οὐχ
459 2584 662 2647 οὕτως.
699 2584 776 2637 Οὐ
807 2584 918 2655 γάρ
955 2583 1141 2637 τέλεον
1175 2581 1516 2652 ἀφανίζεται,
1544 2579 1652 2634 ἀλλι

1851 2580 1937 2645 ali,
1969 2589 2081 2636 tam
2111 2582 2297 2637 multa:
2353 2591 2514 2636 nocte
2543 2590 2598 2636 et
2629 2581 2866 2636 interdiu
2924 2579 3125 2635 mentis
3173 2578 3384 2633 aliena-

107 2676 348 2734 διαλύεται
376 2683 453 2744 εἰς
490 2678 568 2732 τὰ
593 2677 656 2743 ἐξ
677 2670 758 2732 ὧν
790 2676 1048 2748 συνετέθη
1069 2694 1084 2706 ·
1117 2677 1214 2731 καὶ
1241 2675 1390 2730 ἐστιν
1419 2676 1477 2730 ἐν
1505 2673 1634 2728 ὓδατ

1849 2688 1987 2739 mes,
2007 2673 2386 2740 alterationes,
2427 2673 2785 2737 mutationes,
2818 2671 3128 2748 obliviones
3170 2677 3226 2724 et
3265 2685 3382 2725 me-

118 2771 193 2822 καὶ
229 2771 356 2843 ἀέρι,
403 2771 500 2825 καὶ
548 2771 642 2841 τῇ,
687 2769 782 2822 καὶ¹
831 2767 986 2839 πυρί.
1033 2767 1156 2824 Τῶν
1201 2766 1259 2820 δέ
1311 2765 1651 2838 πρωτοτύπω

1849 2765 1974 2820 oriae
2005 2767 2126 2821 vitae
2158 2765 2470 2836 conjuncta:
2497 2773 2663 2820 sunt:
2696 2764 2855 2818 valde
2886 2763 3118 2818 stultum
3142 2773 3198 2817 et
3245 2777 3382 2817 cono

121 2863 359 2933 στοιχείων
388 2863 686 2934 μενόντων,
720 2859 813 2914 καὶ
851 2859 960 2913 τῶν
1007 2860 1104 2914 ἀπ’
1138 2857 1362 2913 ἐκείνων
1409 2855 1549 2928 μετά
1584 2856 1652 2927 τὴ

1850 2859 2085 2915 ntiosum
2119 2867 2204 2915 est
2233 2859 2342 2915 Deo
2387 2872 2496 2913 non
2551 2858 2776 2914 credere
2835 2857 3085 2912 ultimam
3152 2869 3383 2912 renova-

119 2953 323 3008 διάλυσιν
371 2954 608 3017 ἐκείνοις
657 2953 1195 3025 προσχωρησάντων,
1236 2951 1296 3004 ἐν
1339 2945 1422 3014 οἷς
1455 2947 1652 3002 καθόλοη

1848 2969 1994 3009 )nem
2025 2954 2390 3024 promittenti,
2425 2969 2552 3010 cum
2588 2954 2751 3009 etiam
2781 2952 3052 3023 primaeva:
3097 2949 3381 3005 formatio-

118 3042 314 3109 σώζεται
355 3047 447 3100 καὶ
488 3044 565 3099 τὰ
597 3044 770 3116 μέρηο
801 3043 922 3116 Θεῷ
955 3044 1011 3097 δέ
1049 3044 1285 3115 μάλιστα
1323 3041 1423 3114 μὲν
1454 3039 1651 3114 εὔπορο

1851 3064 1876 3106 s
1912 3057 2110 3103 auctor
2148 3047 2241 3103 sit.
2273 3046 2432 3114 Quod
2462 3055 2645 3102 autem
2711 3045 2948 3099 maxime
2999 3042 3384 3098 contradicen-

119 3135 168 3202 ἐξ
189 3138 273 3191 οὐκ
306 3138 468 3192 ὄντων
507 3136 869 3208 δημιουργεῖν
899 3135 1014 3207 (καὶ
1046 3135 1156 3207 γὰρ
1188 3133 1361 3198 οὕτως
1392 3135 1451 3188 ἐν
1493 3134 1652 3206 ἀρχαῑ

1854 3158 1874 3198 s
1909 3149 2109 3210 armat,
2138 3153 2194 3196 et
2251 3140 2660 3197 incredulitatis
2703 3153 2896 3194 eorum
2945 3152 3112 3192 causa
3147 3134 3387 3191 ciliciens

119 3227 249 3283 ἔλαϐε
273 3229 335 3283 τά
365 3231 548 3286 πάντα
578 3228 676 3300 τὴν
709 3227 976 3297 γένεσιν)·
1023 3228 1086 3280 τὸ
1134 3227 1194 3281 δὲ
1248 3226 1310 3291 ἐξ
1351 3225 1536 3298 ἀρχῶν
1581 3225 1652 3280 τῶ

1861 3243 1909 3288 t:
1941 3235 2066 3298 hoc,
2103 3241 2162 3289 ut
2202 3234 2421 3304 opinor,
2477 3233 2814 3304 prazcipuum
2848 3238 2952 3293 est,
2985 3230 3134 3301 quod
3191 3245 3388 3300 corpo-

125 3316 269 3370 ούσῶν
287 3335 531 3388 γενεσιου
541 3320 689 3388 ργείν
714 3315 894 3388 πολλῷ
911 3317 1083 3388 δήπου
1113 3318 1310 3388 ῥᾷστον
1335 3315 1429 3370 καὶ
1458 3315 1658 3370 εὐκολὼ

1856 3342 1920 3380 Im
1960 3333 2263 3382 extremam
2307 3325 2423 3381 ﬁeri
2458 3325 2815 3381 abolitionem
2875 3331 2930 3379 et
2962 3323 3241 3377 interitum
3271 3321 3389 3378 exi-

124 3425 276 3465 τατον.
312 3411 398 3484 Μὴ
424 3411 613 3465 τοίνυν
657 3410 758 3480 τὴν
805 3409 977 3482 καλὴν
1018 3409 1210 3464 ἐλπίδα
1245 3408 1356 3464 τῶν
1388 3409 1657 3480 ἀνθρώπω

1856 3418 2047 3473 imant.
2092 3415 2199 3474 Sed
2235 3433 2324 3474 res
2359 3419 2434 3473 ita
2467 3433 2528 3473 se
2553 3433 2663 3473 non
2701 3416 2888 3471 habet.
2934 3413 3055 3470 Non
3081 3415 3226 3470 enim
3269 3429 3389 3468 om-

129 3499 398 3572 ἀνέλωμεν,
443 3503 551 3573 τὴν
600 3499 972 3572 ἐπανόρθωσιν
1021 3498 1124 3570 τῆς
1175 3497 1462 3562 ἀσθενείας
1512 3498 1662 3570 ἡμῶν

1859 3523 1930 3562 no
1957 3509 2235 3564 intereunt
2274 3517 2329 3563 et
2355 3508 2668 3572 abolentur,
2731 3506 2828 3562 sed
2884 3505 3266 3562 dissolvuntur
3331 3505 3387 3560 in

129 3593 204 3644 καὶ
240 3595 331 3666 τὴν
376 3595 664 3665 δευτέραν,
719 3593 794 3657 ὡς
843 3593 910 3647 ἂν
954 3592 1097 3644 εἴποι
1149 3608 1272 3657 τις,
1321 3591 1538 3660 γένεσιν
1593 3589 1662 3662 τὴ

1851 3615 1891 3656 IS
1926 3617 2036 3668 res,
2063 3616 2130 3656 ex
2159 3601 2362 3672 quibus
2387 3599 2693 3672 composita
2718 3608 2848 3654 sunt
2875 3617 2890 3654 :
2921 3606 2976 3654 et
2989 3605 3121 3653 sunt
3142 3599 3196 3653 in
3216 3611 3384 3667 aqua,

129 3684 380 3760 ἐλευθέραν
440 3689 710 3752 θανάτου,
744 3685 880 3759 μηδὲ
917 3685 1226 3756 φιληδονίας
1269 3684 1542 3758 ὑπερϐολῇ
1594 3684 1662 3757 τὴ

1854 3741 1855 3746 η
1895 3706 2044 3758 aere,
2076 3692 2132 3747 in
2186 3699 2334 3747 terra
2369 3701 2424 3748 et
2473 3690 2528 3746 in
2596 3689 2743 3762 igne.
2798 3687 3150 3744 Manentibus
3203 3698 3387 3743 autem

129 3774 304 3849 ἀγαθὴν
329 3781 422 3834 καὶ⁸
466 3777 856 3850 φιλάνθρωπον
893 3776 988 3830 τού
1037 3773 1174 3829 Θεοῦ
1214 3774 1510 3847 ὑπόσχεσιν
1556 3775 1660 3830 καθ

1855 3785 2201 3856 'incipalibus
2236 3784 2550 3850 elementis,
2580 3792 2635 3839 et
2667 3783 2757 3851 iis,
2792 3798 2915 3854 qua:
2971 3797 3039 3838 ex
3091 3781 3202 3837 illis
3252 3797 3388 3836 con-

129 3862 420 3937 υϐρίσωμεν.
466 3863 628 3937 Ἐμοὶ
658 3865 768 3938 γάρ
799 3864 1047 3920 δοκοῦσιν
1087 3866 1135 3919 οί
1183 3865 1283 3937 τῆς
1324 3866 1660 3938 προκειμένη

1855 3885 1966 3944 ant,
2004 3885 2130 3950 post
2183 3875 2610 3934 dissolutionem
2667 3875 2736 3930 ad
2767 3889 2830 3930 ea
2869 3873 3289 3938 accedentibus,
3334 3874 3388 3928 in

129 3953 400 4023 ὑποθέσεως
432 3957 695 4024 ἐναντίοι,
726 3958 920 4031 ἀνδρες
961 3952 1102 4012 εἶναι
1133 3957 1333 4022 κακίας
1364 3958 1570 4030 ἑταῖροι
1599 3975 1662 4011 κα

1853 3969 2000 4026 tibus
2048 3984 2280 4042 prorsus
2314 3968 2482 4024 salva:
2521 3973 2750 4022 manent
2784 3965 2949 4021 etiam
3000 3975 3222 4035 partes:
3261 3979 3386 4018 cum

127 4045 295 4121 ἀρετῆς
322 4051 527 4123 ἐχθροὶ,
555 4049 742 4120 λάγνοι
775 4050 872 4104 καὶ
913 4049 1254 4117 πλεονέκται,
1299 4049 1396 4104 καὶ
1435 4051 1660 4123 ἀκρατεῖ

1853 4080 1911 4120 eo
1946 4064 2184 4120 maxime
2217 4063 2440 4135 quidem
2469 4061 2630 4119 facile
2654 4069 2743 4119 est
2774 4061 2858 4116 vel
2889 4076 2954 4116 ex
2988 4061 3078 4124 iis,
3113 4075 3235 4131 qua:
3275 4075 3386 4114 non

129 4141 410 4216 ὀφθαλμοῖς,
453 4146 553 4201 καὶ
587 4147 725 4218 ἀκοῇ
755 4145 852 4200 καλ⁵
892 4145 1181 4218 ὀσφρήσει,
1216 4144 1313 4199 καὶ
1343 4143 1548 4209 πάσαις
1576 4147 1662 4198 ταῖ

1854 4163 2154 4222 int,creare
2171 4155 2396 4228 (etenim
2426 4155 2508 4211 sic
2528 4156 2583 4210 in
2612 4153 2900 4226 principiis
2929 4167 3114 4207 rerum
3132 4150 3387 4206 universa

130 4235 406 4309 αἰσθήσεσιν
437 4240 674 4311 ῥέουσαν
716 4239 801 4292 ἐπ’
832 4238 1017 4301 αὐτοῖς
1069 4237 1170 4308 τὴν
1220 4236 1414 4309 ἡδονὴν
1455 4236 1663 4307 είσδεχό

1858 4257 2050 4302 ituram
2070 4257 2123 4303 et
2149 4248 2421 4319 originem
2442 4249 2825 4316 sumpserunt)
2861 4252 2976 4298 tum
3006 4259 3073 4297 ex
3098 4242 3391 4313 principiis

132 4343 275 4394 μενοι.
311 4331 528 4402 Ἐπειδὴ
554 4331 612 4384 δέ
641 4333 670 4384 ό
697 4330 798 4400 τῆς
828 4329 1182 4392 ἀναστάσεως
1209 4328 1366 4396 λόγος
1398 4328 1665 4400 προκειμέ

1858 4341 2218 4412 ippetentibus
2249 4348 2500 4394 naturam
2525 4337 2741 4394 eﬂicere
2771 4338 2930 4408 longe
2983 4347 3132 4391 certe
3193 4335 3391 4390 facilli-

131 4434 210 4488 νην
235 4420 336 4492 ἔχει
361 4424 459 4495 τὴν
494 4424 701 4494 κρίσιν,
733 4424 828 4476 καὶ
859 4421 969 4475 τῶν
1005 4422 1167 4491 ίερῶν
1196 4419 1394 4491 βίϐλων
1437 4421 1664 4476 ἀκούουσ

1859 4445 1948 4484 um
2008 4438 2063 4484 et
2121 4428 2618 4499 expeditissimum.
2684 4426 2763 4482 Ne
2834 4427 3002 4498 igitur
3072 4426 3391 4497 praeclaram

131 4509 369 4580 λεγουσῶν
389 4517 712 4589 διαρρήδην,
743 4514 818 4579 ὼς
847 4517 948 4568 οὑκ
981 4513 1274 4578 ἀνεύθυνος
1303 4514 1337 4585 ὴ
1348 4513 1465 4585 μῶν
1493 4514 1522 4566 ό
1551 4513 1664 4585 βίος

1858 4538 1956 4576 »ειη
2006 4519 2330 4585 hominum,
2383 4520 2784 4576 correctionem
2839 4526 2896 4573 et
2951 4518 3391 4574 emendationem

131 4603 225 4657 ἀλλ’
251 4609 372 4662 ὅταν
400 4610 538 4681 πρὸς
584 4609 682 4680 τὴν
721 4607 981 4677 δευτέραν
1020 4607 1498 4679 ἀνακαινισθῶμεν
1529 4607 1664 4679 ζωὴν

1862 4616 2062 4672 dclicet
2125 4614 2466 4671 inlirmitatis
2537 4629 2604 4671 ac
2680 4613 2992 4686 fragilitatis
3045 4621 3284 4678 nostrae,
3339 4620 3395 4666 ct

133 4698 303 4763 πάντες
331 4700 798 4774 παραστησόμεθα
828 4699 908 4771 τῷ
943 4700 1148 4771 βήματι
1197 4699 1292 4753 τοῦ
1333 4698 1595 4771 Χριστοῦ,
1627 4700 1666 4753 ὼ

1865 4707 2121 4773 cundam,
2174 4715 2236 4761 ut
2293 4707 2368 4762 ita
2427 4706 2631 4775 dicam,
2683 4708 3088 4778 generationem
3145 4721 3175 4760 a
3218 4716 3397 4760 morte

133 4785 207 4840 ὑπ’
231 4792 412 4864 ἐκείνῳ
437 4795 600 4864 κριτῇ
628 4793 726 4858 τὰς
755 4791 891 4863 πρὸς
922 4790 1076 4856 ἀξίαν
1106 4790 1342 4862 ἀμοιϐὰς
1370 4790 1478 4844 τῶν
1505 4790 1666 4862 βεϐιω

1865 4813 2032 4854 ieram
2090 4797 2371 4865 tollamus,
2406 4812 2586 4868 neque
2641 4798 2815 4854 nimio
2849 4797 3039 4853 studio
3093 4796 3395 4865 voluptatis

137 4879 287 4948 μένων
312 4886 639 4955 κομίσασθαι
661 4903 674 4917 °
701 4885 1004 4949 συνειδότες
1030 4885 1244 4947 ἑαυτοῖς
1271 4883 1500 4955 πράξεις
1531 4885 1670 4955 αίσχί

1862 4892 2127 4962 :nignam,
2174 4892 2472 4964 studioque
2505 4899 2561 4948 et
2619 4906 2807 4947 amore
2841 4891 3128 4947 hominum
3193 4888 3395 4943 factam

136 4983 262 5038 στας,
305 4977 514 5031 πολλῶν
567 4977 725 5044 ἀξίας
777 4975 1081 5048 τιμωριῶν,
1127 4976 1277 5046 μίσει
1321 4974 1423 5046 τῆς
1467 4976 1669 5048 κρίσεω

1860 4983 2237 5039 'omissionem
2276 4983 2370 5039 Dei
2405 4983 2732 5054 sugillemus
2752 4993 2916 5053 atque
2945 4981 3393 5037 dehonestemus.

133 5063 388 5138 ἀναιροῦσι
413 5071 505 5124 καὶ
525 5070 623 5142 τὴν
651 5070 966 5124 ἀνάστασιν.
1008 5068 1218 5137 Ὠσπερ
1245 5069 1292 5121 οί
1323 5068 1549 5139 πονηροὶ
1585 5067 1664 5120 τῶ

1864 5074 1935 5128 ibi
1970 5076 2117 5130 enim
2154 5076 2446 5146 prarsentis
2466 5076 2776 5147 argumenti
2805 5073 3110 5130 adversarii
3139 5071 3397 5128 videntur

133 5153 328 5226 δούλων,
376 5162 425 5215 οἱ
475 5163 572 5235 τὴν
622 5161 811 5216 ούσίαν
875 5159 971 5214 τοῦ
1022 5159 1212 5231 κυρίου
1261 5160 1666 5233 δαπανήσαντες

1863 5182 1930 5222 sse
1963 5166 2217 5222 homines
2270 5167 2387 5220 vitii
2437 5175 2601 5237 atque
2632 5166 2889 5237 nequitia:
2933 5164 3117 5229 amici,
3177 5162 3396 5216 virtutis

134 5249 336 5306 θανάτου
371 5255 428 5308 δέ
462 5255 554 5310 τοῦ
589 5256 853 5309 δεσπότου
895 5254 990 5307 καὶ
1019 5253 1294 5316 ἀπωλείας
1325 5253 1536 5317 ἑαυτοῖς
1566 5255 1667 5309 ύπο

1870 5257 2041 5321 imici,
2079 5257 2378 5326 libidinosi,
2407 5257 2582 5325 avari,
2633 5269 2688 5313 et
2708 5258 2884 5312 oculis
2944 5258 3396 5325 intemperantes,

135 5343 428 5412 γράφοντες,
457 5349 551 5401 καὶ
585 5347 720 5418 πρὸς
757 5346 857 5419 τὴν
899 5345 1036 5401 ίδίαν
1083 5344 1382 5416 ἐπιθυμίαν
1420 5345 1666 5401 διακένου

1873 5364 1923 5400 ιη
1961 5336 2148 5401 auditu
2181 5357 2234 5402 et
2265 5347 2490 5413 olfactu,
2527 5347 2783 5403 omnihus
2853 5346 3090 5417 denique
3137 5344 3397 5401 sensibus

131 5435 398 5507 λογισμοὺς
432 5440 891 5503 ἀναπλάσσοντες.

1871 5441 2132 5494 liuentem
2159 5449 2212 5495 et
2240 5440 2594 5510 obrepentem
2627 5439 2763 5510 ipsis
2802 5439 3136 5510 voluptatem
3174 5439 3229 5493 in
3277 5453 3399 5493 sese

140 5529 480 5591 admittentes.
527 5535 800 5603 Quoniam
851 5540 1032 5588 autem
1071 5538 1337 5587 tractatus
1367 5532 1787 5588 resurrectionis
1817 5532 2092 5604 judicium
2134 5532 2477 5604 pr0positum
2523 5531 2720 5596 habet,
2752 5537 2808 5587 et
2850 5547 3042 5588 sacros
3074 5533 3246 5589 libros
3300 5550 3401 5589 au-
3441 5549 3448 5556 ·

138 5619 295 5690 diunt,
315 5628 367 5682 in
401 5630 600 5697 quibus
629 5642 888 5699 expresse
914 5641 978 5681 ac
1003 5627 1208 5682 diserte
1231 5626 1566 5693 continetur,
1587 5626 1734 5698 quod
1757 5638 1948 5683 nostra
1967 5627 2079 5681 vita
2097 5627 2389 5700 quaestioni
2408 5635 2461 5683 et
2483 5626 2883 5682 examinationi
2903 5635 3154 5699 exempta
3173 5643 3280 5683 non
3304 5630 3399 5692 sit,

143 5715 220 5768 sed
247 5735 363 5773 cum
384 5720 447 5774 ad
467 5724 693 5777 alteram
719 5720 885 5774 vitam
907 5719 1156 5774 renovati
1181 5717 1758 5787 fuerimus,l‘uturum,
1784 5729 1844 5775 ut
1864 5735 2059 5776 omnes
2091 5720 2159 5775 ad
2185 5703 2429 5775 tribunal
2459 5719 2668 5776 Christi
2695 5723 2983 5787 sistamur,
3014 5730 3076 5777 ut
3107 5723 3202 5777 illo
3214 5722 3402 5790 judice

145 5808 314 5880 dignas
343 5826 475 5871 actae
494 5819 620 5874 vita:
657 5815 1053 5872 retributiones
1080 5823 1136 5871 et
1165 5817 1650 5886 compensationes
1675 5815 2014 5886 recipiamus
2044 5831 2059 5871 :
2088 5814 2240 5886 quod
2283 5815 2390 5872 sibi
2428 5815 2646 5872 conscii
2682 5823 2816 5872 sunt
2846 5815 3294 5887 turpissimarum
3335 5829 3402 5871 ac

147 5902 543 5971 lcedissimarum
555 5914 858 5982 actionum,
876 5911 1077 5986 quibus
1109 5911 1312 5970 multas
1342 5927 1536 5985 pmnas
1552 5912 1732 5971 meriti
1755 5921 1905 5982 sunt,
1923 5911 2258 5986 odiojudi'cii
2275 5913 2475 5974 tollunt
2494 5913 2661 5974 etiam
2689 5914 3153 5976 resurrectionem
3173 5931 3188 5969 :
3206 5925 3402 5985 quem:
