3882 6432
552 432 661 489 675

1807 424 1866 479 S.
1908 420 2141 478 GREGO

2267 418 2558 477 NYSSENI
3684 424 3761 485 6'78

549 545 843 602 admodum
873 540 1019 601 servi
1054 540 1209 606 mali,
1246 541 1343 613 qui
1369 541 1661 598 facultates
1684 549 1740 598 et
1762 540 1904 596 bona
1938 536 2147 595 domini
2181 543 2670 608 consumpserunt,
2699 545 2754 593 et
2779 544 3010 595 mortem
3042 546 3095 594 et
3126 537 3403 594 interitum
3441 536 3764 609 (interimus-

548 635 685 691 miui
714 634 823 692 sibi
858 644 1200 704 proponunt,
1232 642 1287 687 et
1319 647 1419 702 pro
1448 646 1515 686 eo
1540 631 1685 700 quod
1717 630 1951 698 cupiunt
1971 639 2027 683 et
2044 635 2260 697 aptant,
2298 642 2469 682 vanas
2499 627 2869 697 cogitationes
2900 628 3008 683 sibi
3039 627 3268 697 tingunt.

619 726 830 782 Verum
865 738 1029 780 nemo
1075 738 1249 779 sanus
1282 722 1357 776 ita
1404 723 1628 777 sentiet.
1682 722 1814 784 Quae
1859 726 1946 773 est
1996 718 2144 772 enim
2175 726 2220 778 Α

548 820 768 875 utilitas
790 817 1067 887 justitiae?
1101 814 1257 881 Quod
1297 813 1651 869 commodum
1686 811 1955 874 veritatis,
1986 810 2143 865 boni-

549 911 687 967 tatis
714 918 770 965 et
801 909 983 964 omnis
1014 905 1357 962 honestatis?
1381 904 1551 973 Cujus
1606 904 1684 958 rei
1740 904 1920 974 gratia
1964 900 2145 956 homi-

550 1018 652 1059 nes
683 1002 958 1065 laborant,
990 1008 1045 1053 et
1075 998 1261 1055 studio
1294 997 1583 1066 sapientia:
1610 994 1781 1050 dediti
1805 993 1976 1049 sunt?
2002 991 2145 1047 Ven—

552 1095 656 1149 tris
699 1094 1039 1163 voluptatem
1102 1088 1209 1145 sibi
1266 1088 1659 1158 subjugantes,
1744 1083 2146 1143 continentiam

554 1182 1089 1254 temperantiamque
1120 1178 1531 1248 amplexantes,
1556 1191 1757 1233 somno
1783 1174 1853 1229 ad
1888 1175 2144 1243 exiguum

554 1285 773 1344 tempus
824 1272 1198 1341 indulgentes.
1259 1277 1642 1339 tempestatem
1688 1276 1745 1324 et
1776 1277 1971 1323 uastum
2014 1267 2150 1320 tole-

526 1375 763 1428 rantes,
786 1364 830 1420 si
865 1363 1200 1419 resurrectio
1224 1378 1334 1416 non
1368 1362 1490 1417 est?
1521 1360 1775 1414 Dicamus
1793 1360 1953 1429 juxta
1981 1358 2147 1412 verba

551 1454 754 1515 Pauli:
788 1454 1029 1509 Eu'amus
1058 1462 1109 1508 et
1138 1453 1404 1518 bibamus,
1435 1468 1557 1506 cras
1595 1452 1734 1506 enim
1778 1452 2038 1504 morimur
2078 1448 2146 1503 ¹¹.

553 1547 613 1618 δί
632 1548 973 1605 resurrectio
1000 1547 1170 1609 nulla,
1201 1543 1326 1603 tinis
1351 1560 1482 1599 vero
1501 1546 1628 1600 vita:
1653 1558 1802 1599 mors
1836 1552 1922 1599 est
1942 1583 1957 1609 ,
2006 1541 2138 1596 tolle

550 1639 1098 1703 mihiaccusationes
1140 1646 1304 1709 atque
1342 1636 1842 1707 reprehensiones;
1890 1632 2147 1704 permitte

550 1731 868 1796 homicidae,
895 1741 956 1784 ut
985 1731 1194 1799 absque
1228 1729 1625 1800 impedimento
1651 1743 1751 1783 sua
1783 1728 2005 1784 licentia
2024 1735 2145 1781 uta-

557 1829 684 1888 tur;
718 1823 838 1879 sine
870 1822 1180 1877 adulterum
1214 1822 1387 1877 libere
1440 1820 1691 1877 insidiari
1742 1821 2145 1887 matrimoniis;

528 1915 790 1973 insultet
820 1914 1153 1969 adversariis
1178 1914 1333 1969 dives
1364 1928 1563 1970 avarus
1605 1922 1658 1970 et
1687 1911 1850 1969 alieni
1910 1926 2147 1981 usurpa-

528 2014 663 2075 .tor,
727 2021 889 2062 nemo
936 2005 1363 2061 conviciatorem
1400 2011 1674 2068 coerceat,
1729 2004 1880 2074 juret
1924 2002 2149 2061 assidue

2331 715 2470 767 Ἀλλ’
2500 716 2686 791 κούδεὶς
2739 715 2885 770 οὕτω
2925 717 3181 788 φρονήσει
3229 715 3335 769 τῶν
3386 717 3765 787 σωφρονούντων.

2245 806 2310 859 Τί
2338 807 2448 878 γὰρ
2468 805 3038 878 δφελοςδικαιοσύνης,
3057 809 3151 863 καὶ
3180 807 3455 880 ἀληθείας,
3481 810 3569 865 καὶ
3584 812 3769 881 χρησοί-

2246 915 2443 970 τητος,
2482 901 2581 953 καὶ
2626 900 2829 964 παντὸς
2868 900 2963 956 τοῦ
3005 900 3213 968 καλοῦς
3263 902 3403 972 ὑπὲρ
3440 902 3575 965 τίνος
3611 902 3661 954 δὲ
3698 920 3771 972 μοι

2245 989 2436 1060 χθοῦσι
2468 991 2564 1045 καὶ
2591 991 2970 1061 φιλοσοφοῦσιν
3015 993 3289 1064 ἄνθρωποι
3311 1034 3328 1060 ,
3372 993 3592 1063 γαστρὸς
3620 993 3770 1064 ἡδονὴν

2244 1080 2741 1151 δουλαγωγοῦντες,
2806 1085 2900 1138 καὶ
2957 1084 3273 1154 ἀγαπῶντες
3330 1085 3662 1155 ἐγκράτειαν,
3702 1084 3770 1137 καὶ

2248 1173 2420 1229 ὕπνου
2448 1174 2584 1245 πρὸς
2608 1175 2788 1243 ὀλίγον
2828 1175 3347 1247 μεταλαγχάνοντες,
3377 1176 3467 1229 καὶ
3498 1175 3771 1246 παραταττό-

2251 1283 2402 1337 μενοι
2445 1266 2584 1336 πρὸς
2624 1266 2870 1337 χειμῶνα
2918 1268 3010 1321 καὶ
3049 1270 3257 1336 πνῖγος,
3298 1267 3351 1319 εί
3393 1265 3661 1329 ἀνάστασις
3699 1267 3770 1319 οὐκ

2247 1356 2429 1424 ἐστινς
2455 1355 2713 1426 Εἴπωμεν
2746 1356 2882 1428 πρὸς
2913 1358 3076 1425 αὐτὰ,
3103 1357 3172 1412 τὰ
3193 1360 3413 1430 ῥήματα
3441 1356 3665 1422 Παύλου;
3689 1355 3770 1410 Φά-

2246 1467 2443 1522 τωμεν
2490 1449 2588 1504 καὶ
2631 1449 2893 1520 πίωμεν·
2945 1451 3156 1519 αὔριον
3196 1451 3308 1519 τὰρ
3344 1448 3769 1518 ἀποθνήσκομεν.

2246 1544 2313 1598 El
2337 1542 2631 1605 ἀνάστασις
2657 1541 2759 1597 οὐκ
2798 1542 2964 1605 ἐστιν,
3005 1540 3142 1595 ἀλλὰ
3174 1543 3347 1613 πέρας
3396 1541 3486 1596 τοῦ
3519 1539 3621 1612 βίου
3649 1541 3771 1594 θάνα-

2248 1655 2360 1702 τος,
2377 1635 2545 1692 ’ἄνελε
2574 1654 2664 1705 μοι
2702 1636 3035 1707 κατηγορίας
3066 1636 3160 1690 καὶ
3189 1636 3390 1711 ψόγους
3408 1652 3420 1665 ·
3443 1634 3527 1699 δὸς
3555 1634 3771 1688 ἀκώλυτον

2246 1729 2326 1802 τῷ
2360 1729 2672 1801 ἀνδροφόνῳ
2709 1729 2806 1800 τὴν
2842 1728 3090 1793 ἐξουσίαν
3109 1745 3123 1760 ·
3168 1728 3305 1798 ἄφες
3336 1727 3430 1781 τὸν
3474 1726 3642 1797 μοιχὸν
3672 1726 3772 1791 μετὰ

2250 1822 2563 1895 παρρησίας
2596 1819 2966 1876 ἐπιϐουλεύειν
2997 1822 3110 1885 τοῖς
3148 1821 3368 1890 γάμοις,
3402 1819 3641 1891 τρυφάτω
3671 1816 3773 1871 κατά

2246 1915 2355 1969 τῶν
2406 1914 2665 1969 ἐναντίων
2715 1913 3065 1984 πλεονέκτης,
3118 1913 3315 1984 μηδεὶς
3360 1912 3673 1966 ἐπικοπτέτω
3711 1908 3774 1961 τὸν

2248 2005 2508 2078 λοίδορον,
2537 2004 2755 2077 ὀμνύτω
2788 2004 3023 2076 συνεχῶς
3059 2005 3088 2058 ὁ
3122 2005 3377 2076 ἐπίορκος
3395 2018 3410 2033 ·
3439 2004 3578 2074 μένει
3603 2002 3693 2072 γὰρ
3711 2001 3774 2054 θά-

528 2099 849 2170 .perjurus:
879 2106 1064 2154 manet
1088 2098 1239 2152 enim
1273 2112 1426 2152 mors
1457 2097 1624 2153 etiam
1650 2097 1887 2167 justum,
1935 2095 2149 2165 religio-

2254 2114 2414 2162 νατος
2448 2096 2545 2151 καὶ
2574 2096 2664 2150 τὸν
2696 2094 2946 2168 εὔορκον.
2983 2093 3279 2149 Ψευδὲσθω
3322 2092 3481 2157 ἄλλος
3517 2090 3608 2145 ὅσα
3640 2088 3774 2161 βούλε-

551 2206 697 2255 snm,
730 2205 798 2244 ac
828 2192 1003 2261 pium,
1031 2189 1286 2261 jurisque
1309 2188 1536 2259 jurandi
1558 2189 1964 2245 observantem.
1997 2186 2148 2242 Men-

553 2282 727 2339 tiatur
766 2282 947 2352 quivis
976 2282 1120 2337 alius
1144 2287 1413 2351 quantum
1442 2280 1575 2335 velit
1607 2297 1620 2334 :
1658 2280 1846 2335 nullus
1874 2279 2019 2335 enim
2056 2294 2148 2335 ve-

561 2373 747 2429 ritatis
784 2374 1002 2429 fruetus
1024 2411 1039 2438 ,
1071 2386 1233 2429 nemo
1267 2370 1529 2442 pauperis
1557 2371 1920 2439 misereatur;
1949 2385 2147 2440 expers

530 2466 704 2525 enim
731 2463 1114 2521 misericordia
1161 2461 1433 2518 merccdis
1486 2470 1593 2518 est.
1642 2460 1973 2532 Hujusmodi
2021 2477 2147 2519 sen-

555 2570 653 2611 sus
687 2563 742 2609 et
768 2555 1131 2625 cogitationes
1177 2550 1654 2622 pejorenLdiluvio
1687 2550 1962 2606 inducunt
2011 2565 2147 2606 con-

553 2644 852 2706 fusionem,
883 2653 937 2698 et
962 2659 1184 2699 omnem
1230 2657 1422 2698 sanam
1455 2642 1677 2714 quidem
1726 2644 1999 2698 rationem
2054 2658 2149 2700 ex-

555 2737 772 2811 pellunt
794 2754 811 2804 ;
852 2737 1187 2793 furiosorum
1221 2745 1405 2792 autem
1436 2746 1491 2792 et
1541 2736 1818 2791 latronum
1871 2734 2147 2807 quaslibet

553 2830 1011 2901 cogitationes-et
1051 2828 1284 2887 Consilia
1341 2835 1551 2883 acuunt
1579 2836 1742 2897 atque
1791 2826 2140 2881 conﬁrmant.

552 2920 692 2981 Nam
725 2919 774 2976 si
800 2921 1140 2974 resurrectio
1170 2935 1280 2975 non
1311 2927 1432 2984 est,
1480 2934 1551 2974 ne
1598 2916 1867 2988 judicium
1920 2918 2142 2987 quidem

528 3010 697 3083 erit;
737 3010 955 3065 sublato
979 3018 1160 3063 autem
1198 3008 1432 3078 judicio,
1455 3009 1619 3064 etiam
1640 3009 1803 3063 timor
1833 3006 1929 3061 Dei
1978 3007 2144 3063 simul

554 3101 793 3172 ejicitur.
816 3098 917 3154 Ubi
948 3107 1131 3153 autem
1156 3098 1321 3154 timor
1350 3116 1459 3155 nun
1490 3099 1737 3165 cohibet,
1762 3113 1865 3154 nec
1886 3098 1941 3153 in
1965 3099 2145 3154 cilicio

526 3266 529 3269 _
556 3191 813 3247 homines
844 3191 1107 3259 continet,
1136 3190 1211 3245 ibi
1238 3206 1362 3245 cum
1416 3201 1646 3262 peccato
1674 3190 1925 3246 diabolus
1968 3192 2146 3261 tripu-

556 3281 692 3344 diat,
726 3291 890 3353 atque
928 3283 1159 3338 choreas
1186 3282 1358 3337 ducit.
1392 3281 1574 3354 Atque
1596 3281 1891 3337 admodum
1944 3297 2145 3339 conve-

557 3374 777 3428 nienter
805 3382 859 3427 et
892 3383 1016 3445 apte
1044 3372 1312 3429 adversus
1364 3373 1504 3429 tales
1547 3372 1722 3429 David
1780 3374 1935 3429 illum
1994 3373 2143 3445 psal—

2255 2206 2346 2243 ται
2362 2205 2379 2222 ο
2412 2189 2587 2255 οὐδεὶς
2610 2188 2721 2260 γάρ
2746 2189 2842 2258 τῆς
2862 2185 3119 2259 ἀληθείας
3142 2185 3379 2256 καρπός.
3400 2184 3595 2256 Μηδεὶς
3610 2181 3775 2236 suam

2252 2281 2345 2335 τὸν
2392 2281 2631 2353 πένητα·
2671 2279 2903 2351 ἄμισθος
2933 2280 3043 2350 γάρ
3080 2281 3229 2332 ἐστιν
3269 2280 3301 2332 ὁ
3342 2277 3509 2341 ἕλεος.
3546 2273 3702 2329 Ταῦτα
3729 2274 3775 2325 τὰ

2254 2375 2602 2445 φρονήματα,
2634 2372 2853 2445 χείρονα
2884 2373 3031 2425 ποιεί
3072 2370 3167 2425 τοῦ
3213 2367 3590 2441 κατακλυσμοῦ
3626 2366 3775 2436 σύγχυ-

2255 2483 2341 2519 σιν
2366 2482 2382 2497 ο
2413 2466 2510 2519 καὶ⁵
2535 2464 2713 2520 πάντα
2736 2465 2836 2535 μὲν
2867 2464 3119 2518 ἐκϐάλλει
3163 2462 3419 2536 σώφρονα
3442 2462 3608 2527 λόγον,
3637 2459 3720 2512 πᾶν
3738 2456 3777 2509 δὲ

2252 2558 2431 2629 νόημα
2457 2556 2684 2628 μανικὸν
2712 2558 2809 2611 καὶ
2837 2555 3129 2629 λῃστρικὸν
3158 2555 3437 2627 ἐπιθήγει.
3477 2554 3536 2607 Et
3564 2550 3658 2621 γὰρ
3683 2548 3775 2602 ἀνά·

2254 2668 2442 2714 στασις
2471 2651 2574 2704 οὐκ
2604 2630 2772 2715 ἐστιν,
2799 2649 2918 2705 οὐδὲ
2945 2649 3127 2721 κρίσις
3147 2666 3160 2679 ’
3185 2650 3235 2702 εί
3269 2647 3329 2701 δὲ
3355 2646 3529 2718 κρίσις
3553 2641 3775 2713 ἀνῄρηται,

2252 2741 2348 2794 καὶ
2387 2738 2551 2808 φόδος
2599 2738 2733 2794 Θεοῦ
2782 2739 3219 2793 συνεκδάλλεται.
3255 2738 3431 2791 Ὅπου
3478 2734 3531 2787 δὲ
3570 2730 3703 2801 φόϐος
3732 2727 3774 2779 οὑ

2253 2831 2601 2902 σωφρονίζει,
2627 2832 2745 2885 ἐκεῖ
2786 2831 3001 2904 χορεύει
3032 2831 3172 2902 μετά
3202 2828 3305 2900 τῆς
3342 2825 3602 2900 ἁμαρτίας
3639 2825 3664 2876 ὁ
3694 2818 3777 2873 διάη

2251 2920 2429 2986 σολος.
2473 2921 2582 2974 Καὶ
2628 2922 2749 2976 λίαν
2795 2922 3068 2994 ἁρμοδίως
3116 2921 3256 2993 πρὸς
3300 2916 3564 2982 τοιούτους
3596 2918 3622 2970 ὁ
3660 2911 3777 2966 Aetii

2250 3015 2458 3069 ἐκεῖνον
2485 3014 2760 3087 ἀνέγραψε
2788 3015 2876 3069 τὸν
2901 3012 3115 3085 ψαλμόν
3130 3029 3143 3043 ·
3174 3007 3368 3066 Εἶπεν
3390 3010 3583 3079 ἄφρων
3603 3007 3662 3060 ἐν
3681 3018 3777 3071 καρ-

2249 3106 2352 3175 δίᾳ
2402 3106 2592 3162 αὑτοῦ
2619 3124 2634 3139 ο
2695 3111 2817 3162 Οὐκ
2867 3107 3001 3161 ἐστι
3065 3106 3229 3171 Θεός.
3285 3100 3671 3174 Διεφθάρησαν
3709 3091 3776 3147 καί

2246 3195 2704 3268 ἐϐδελύχθησαν
2758 3198 2832 3252 ἐν
2883 3197 3378 3267 ἐπιτηδεύμασιν.
3430 3195 3491 3249 El
3549 3189 3775 3245 ἀνάστασις

2250 3290 2349 3344 οὐκ
2381 3290 2517 3355 ἐστι,
2552 3290 2770 3362 μῦθοςὸ
2797 3290 3070 3362 Λάζαρος,
3130 3289 3225 3342 καὶ
3264 3291 3295 3342 ό
3342 3285 3603 3349 πλούσιος,
3634 3278 3709 3336 καὶ
3735 3275 3774 3328 τὸ

2251 3382 2519 3453 φρικῶδες
2547 3383 2736 3453 χάσμα
2756 3422 2773 3448 ,
2801 3381 2896 3436 καὶ
2919 3383 2952 3452 ἡ
2975 3380 3070 3434 τοῦ
3100 3380 3273 3451 πυρὸς
3302 3379 3528 3450 ἄσχετος
3547 3374 3773 3445 φλόγωσις.

558 3479 709 3517 mum
738 3439 1000 3534 scripsit:
1033 3462 1184 3517 Dixit
1220 3479 1401 3517 amens
1430 3464 1480 3516 in
1517 3462 1674 3518 corde
1706 3477 1842 3519 suo:
1904 3439 2028 3517 Non
2071 3474 2149 3517 est

2256 3439 2351 3530 καὶ
2377 3476 2412 3546 ἡ
2697 3439 2952 3545 γλῶσσαξ
2972 3474 3069 3528 καὶ
3098 3475 3133 3545 ἡ
3162 3439 3330 3527 ποθου
3339 3439 3473 3543 μὲνη
3507 3439 3691 3536 σταγύιν
3711 3458 3775 3515 τοῦ

557 3554 722 3611 Deus.
760 3554 1012 3627 Corrupti
1034 3566 1084 3611 et
1114 3555 1503 3611 abominabiles
1536 3557 1671 3627 [acti
1721 3566 1843 3611 sunt
1875 3556 1930 3611 in
1958 3556 2152 3612 studiis

556 3657 607 3702 et
629 3649 896 3704 exercitiis
927 3650 1041 3703 suis
1077 3649 1143 3703 ’³.
1171 3646 1328 3715 Quod
1358 3650 1404 3703 si
1426 3650 1761 3704 resurrectio
1790 3660 1898 3717 nam
1932 3657 2037 3713 est,
2070 3648 2153 3703 [a-

557 3738 688 3794 bula
721 3739 965 3795 Lazarus
993 3748 1050 3794 et
1081 3739 1236 3795 dives
1265 3741 1357 3796 ille
1381 3750 1467 3796 est
1491 3760 1504 3795 ι
1534 3741 1664 3797 item
1701 3738 2074 3797 formidabilis
2099 3748 2155 3797 et

526 3820 869 3887 'horrendus
917 3832 1009 3887 ille
1036 3833 1261 3899 hiatus;
1315 3839 1369 3887 et
1414 3832 1506 3887 ille
1566 3832 1927 3887 intolerabilis
1989 3833 2154 3887 ardor

559 3923 703 3994 ignis
732 3934 787 3976 et
816 3921 1208 3990 inﬂammatio;
1263 3924 1449 3993 lingua
1483 3923 1613 3977 item
1649 3923 1881 3979 ardens:
1924 3922 1992 3977 ad
2038 3924 2155 3979 hazc

561 4013 872 4071 desiderata
904 4023 1058 4085 gutta
1090 4030 1267 4085 aquae,
1294 4013 1609 4086 digitusque
1639 4013 1905 4070 mendici.
1964 4013 2152 4074 Palam

559 4108 705 4164 enim
734 4117 840 4173 est,
870 4106 1015 4178 quod
1049 4106 1163 4161 haec
1186 4106 1372 4161 omnia
1423 4108 1584 4163 nobis
1646 4107 1888 4162 futuram
1943 4108 2153 4178 signiﬁ-

560 4209 690 4255 cant
718 4199 1209 4255 resurrectionem.
1256 4196 1469 4269 Lingua
1517 4199 1665 4254 enim
1695 4214 1760 4253 ac
1793 4198 2005 4271 digitus
2040 4216 2150 4256 non

560 4293 901 4363 incorporea:
927 4293 1173 4346 membra
1205 4291 1401 4347 anima:
1428 4290 1831 4360 intelliguntur,
1850 4295 1944 4349 sed
1968 4304 2153 4364 partes

562 4387 833 4456 corporis.
875 4384 955 4441 Ac
982 4400 1147 4440 nemo
1173 4392 1327 4457 putet
1357 4385 1474 4441 haec
1517 4386 1633 4456 jam
1674 4387 2000 4456 contigisse,
2054 4390 2152 4445 sed

571 4475 983 4546 prmdietionem
1015 4490 1141 4531 esse
1189 4475 1394 4530 futuri:
1447 4478 1703 4531 evenient
1763 4486 1945 4533 autem
1996 4488 2148 4548 tunc,

561 4581 689 4621 cum
716 4567 999 4621 renovatio
1021 4567 1263 4621 animam
1315 4570 1550 4625 mortuis
1599 4569 1917 4637 reddiderit,
1968 4584 2024 4626 et
2079 4572 2151 4627 ad

524 4640 537 4737 ‘1
561 4657 896 4712 reddendam
928 4665 1066 4711 actae
1097 4658 1223 4712 vitae
1269 4657 1533 4714 rationem
1566 4677 2013 4732 unumquemque
2063 4678 2149 4717 re-

2256 3567 2469 3634 ὓδατος,
2498 3568 2593 3622 καὶ
2617 3570 2646 3621 ὁ
2667 3567 2930 3632 δάκτυλος
2954 3566 3047 3621 τοῦ
3071 3566 3314 3637 πτωχοῦ.
3342 3564 3600 3637 Πρόδηλον
3620 3558 3706 3628 γὰρ
3722 3555 3776 3606 δτι

2253 3659 2427 3715 ταῦτα
2456 3661 2659 3725 πάντα,
2692 3660 2755 3714 τὸ
2788 3660 2979 3732 μέλλον
3012 3659 3329 3728 ἐξεικονίζει
3359 3660 3458 3730 τῆς
3477 3654 3774 3712 ἀναστάσωςο

2253 3752 2483 3808 Γλῶσσα
2518 3751 2631 3824 γὰρ
2675 3753 2772 3808 καὶ
2814 3752 3096 3819 δάκτυλος,
3139 3753 3202 3805 οὐ
3244 3741 3347 3822 τῆς
3383 3749 3650 3819 ἀσωμάτου
3681 3741 3775 3814 μέλη

2252 3846 2432 3917 ψυχῆς
2465 3849 2689 3914 νοεῖται,
2716 3845 2856 3900 ἀλλά
2899 3846 3043 3919 μέρη
3084 3845 3179 3900 τοῦ
3210 3845 3483 3916 σώματος.
3512 3842 3611 3899 Καὶ
3639 3834 3777 3909 μηδεὶς

2252 3937 2451 3991 οἰέσθω
2485 3936 2661 3993 ταῦτα
2701 3937 2802 4009 ἤδη
2849 3936 3189 4009 πεπρᾶχθαι,
3219 3938 3361 3994 ἀλλὰ
3398 3929 3777 4008 προαναφὼνησιν

2254 4024 2397 4082 εἶναι
2442 4027 2538 4082 τοῦ
2579 4028 2864 4099 μέλλοντος
2883 4045 2898 4059 ·
2929 4028 3083 4083 ἔσται
3124 4029 3185 4084 δὲ
3216 4030 3362 4095 τότε,
3391 4028 3572 4098 ὅτανὴ
3602 4016 3776 4095 gmw

2252 4133 2487 4189 σμησις,
2528 4115 2830 4189 ψυχώσασα
2857 4117 2988 4183 τοὺς
3039 4118 3287 4190 νεκροὺς,
3315 4119 3453 4191 πρὸς
3480 4117 3570 4180 τάς
3605 4107 3776 4166 εὐθύνας

2253 4209 2489 4264 ἕκαστον
2524 4210 2635 4265 τῶν
2680 4209 3031 4281 βεϐιωμένων
3084 4210 3340 4283 ἀναγάγῃ
3361 4251 3376 4275 ,
3420 4208 3650 4264 σύνθετον
3685 4198 3775 4253 ὄντα

2252 4300 2439 4369 καθὼς
2472 4302 2763 4375 πρότερον,
2808 4301 2905 4355 καὶ
2949 4300 3038 4356 διὰ
3070 4301 3251 4374 ψυχῆς
3295 4302 3394 4357 καὶ
3435 4299 3657 4369 σώματος
3686 4304 3774 4344 συν·

2252 4393 2481 4448 εστῶτα.
2521 4394 2580 4449 '0
2609 4393 2667 4447 δὲ
2698 4392 3128 4465 θεοφορούμενος
3167 4394 3444 4464 Ἰεζεκιὴλ,
3476 4391 3562 4445 καὶ
3594 4384 3682 4440 τῶν
3708 4393 3775 4450 με·

2255 4484 2439 4555 γάλων
2478 4483 2756 4540 δπτασιῶν
2802 4484 3028 4558 θεωρὸς,
3071 4486 3206 4558 πρὸς
3252 4488 3415 4541 ποίαν
3460 4486 3562 4560 ᾷρα
3596 4479 3772 4533 διάνοιαν

2250 4576 2610 4647 ὁδηγούμενος
2641 4574 2837 4631 έὸλεπε
2869 4576 2933 4631 τὸ
2952 4578 3097 4647 μέγα
3130 4579 3224 4632 καί⁵
3256 4574 3623 4650 ἀνηπλωμένον
3648 4565 3773 4650 Etsi”

2250 4646 2463 4732 πεδίον,
2496 4666 2557 4721 τὺ
2595 4666 2764 4738 γέμον
2805 4667 2914 4721 τῶν
2958 4646 3316 4740 ἀνθρωπίνων
3348 4646 3564 4728 ὴόστέων,
3604 4657 3700 4714 καθ’
3721 4646 3771 4705 ὧν

560 4750 801 4812 duxerit,
835 4749 1202 4818 compositura
1252 4750 1445 4804 eodem
1472 4751 1635 4805 modo
1687 4768 1821 4822 quo.
1850 4755 2025 4823 prius,
2080 4769 2145 4809 ex

2252 4753 2534 4809 ἐκελεύετο
2560 4756 2959 4829 προφητεύειν;
2992 4758 3104 4811 Καὶ
3140 4757 3344 4830 σάρκες
3384 4758 3478 4830 μὲν
3500 4751 3693 4808 ἐκείνοις
3712 4740 3771 4794 εὖ*

560 4842 743 4896 anima
766 4846 821 4896 et
841 4854 1073 4909 corpore
1097 4846 1465 4895 constantem.
1496 4838 1667 4897 Porro
1691 4841 2148 4899 Ezechieldivino

2253 4848 2349 4912 θὺς
2390 4850 2768 4920 περιεφύοντο,
2800 4850 2869 4904 τά
2928 4850 2985 4903 δὲ
3037 4850 3304 4922 λελυμένα
3341 4851 3433 4903 καὶ
3476 4846 3689 4903 ἀτάκτως
3717 4832 3771 4885 δι’

560 4934 759 5005 spiritu
791 4942 982 5002 raptus
1013 4930 1086 4998 ιδ,
1127 4939 1183 4986 et.
1223 4948 1543 5004 magnarum
1600 4934 1873 4991 visionum
1940 4951 2149 5007 specta-

2254 4941 2589 5013 εῤῥιμμέναν
2639 4943 2719 5006 εἰς
2760 4942 2914 5007 ⁸ἰράιξιν
2966 4946 3060 4997 καὶ
3112 4942 3375 5014 ἁρμονίαν
3429 4936 3652 5009 ἀλλήλοις
3686 4940 3770 4979 συν·

559 5035 669 5092 tor,
698 5025 764 5079 ad
821 5038 985 5096 quam
1049 5023 1242 5095 utique
1300 5027 1633 5081 sententiam
1692 5035 1747 5081 et
1808 5028 2149 5084 intellectum

2252 5033 2531 5088 εκολλᾶτο.
2564 5035 2636 5087 Ἦ
2668 5033 2956 5106 πρῶηλον,
2999 5035 3077 5099 ὡς
3117 5034 3207 5089 διὰ
3245 5035 3356 5089 τῶν
3390 5030 3622 5088 τοιούτων
3642 5021 3768 5087 λόγων

558 5116 959 5183 deducebatur,
988 5130 1115 5171 cum
1161 5116 1297 5171 vidit
1328 5132 1583 5188 magnum
1637 5118 1813 5187 illum,
1875 5134 1942 5174 ac
1990 5120 2149 5193 longe

2252 5129 2355 5198 τὴν
2387 5127 2489 5198 τῆς
2518 5127 2722 5200 σαρκὸς
2760 5126 2962 5197 ταύτης
2998 5128 3295 5183 ἀναϐίωσιν
3325 5130 3451 5200 ἡμῖν
3483 5119 3655 5181 ἱκανῶς
3673 5113 3767 5200 ὑετοί

560 5212 779 5281 lateque
810 5216 1089 5279 patentem
1119 5224 1374 5279 campum
1396 5210 1651 5267 humanis
1671 5212 1892 5268 ossibus
1907 5215 2149 5284 comple-

2252 5196 2525 5272 δείκνυσιν
2550 5235 2565 5285 ;
2592 5196 2769 5288 t’Ejrol
2799 5216 2856 5272 δὲ
2884 5196 3135 5273 δοκοῦσιν
3167 5219 3217 5271 oi
3259 5196 3392 5289 πρδς
3422 5211 3593 5269 τοῦτον
3615 5204 3688 5259 τὸν
3707 5196 3766 5289 Mf

560 5311 698 5367 tum,
734 5300 801 5356 de
828 5300 1029 5371 quibus
1053 5299 1353 5370 jubebatur
1382 5302 1754 5372 prephetare?
1789 5304 1996 5362 Carnes
2027 5305 2149 5377 qui-

2250 5325 2343 5379 γον
2375 5286 2936 5379 ἐριπικῶςίέγοντες,
2969 5311 3031 5364 οὐ
3062 5286 3343 5372 δυσσεϐεές
3376 5307 3543 5379 μόνον,
3572 5296 3683 5353 ἀλλὰ
3704 5286 3767 5342 καὶ

561 5395 686 5447 dem
709 5392 821 5447 illis
847 5392 1033 5447 statim
1062 5390 1481 5448 obducebantur
1501 5412 1514 5448 :
1537 5409 1660 5464 quae
1690 5403 1871 5451 autem
1893 5397 2073 5452 soluta
2089 5412 2149 5453 ac

2250 5400 2654 5470 παραπαίοντες
2685 5395 2846 5456 εἶναι.
2890 5400 3212 5467 Ἀνάστασις
3259 5400 3367 5474 γάρ
3416 5396 3505 5452 καὶ
3539 5386 3767 5448 ἀναὸίωσις

474 5546 481 5553 ,
561 5489 769 5539 temere
790 5483 1053 5554 nulloque
1073 5482 1268 5540 ordine
1290 5484 1524 5555 disjecta
1541 5493 1721 5550 erant,
1745 5487 1798 5541 in
1817 5496 2004 5559 aptum
2020 5504 2149 5544 con-

2250 5491 2346 5544 καὶ
2390 5491 2803 5564 μετακόσμησις
2853 5493 2949 5547 καὶ
2976 5496 3154 5549 πάντα
3188 5493 3259 5547 τὰ
3307 5489 3522 5547 τοιαῦτα
3562 5481 3763 5548 ὀνόμαται

564 5573 982 5645 venientemque
1000 5573 1106 5631 sibi
1125 5575 1362 5631 invicem
1380 5576 1632 5632 ordinem
1658 5585 1713 5633 et
1729 5593 2045 5651 compagem
2068 5595 2149 5636 re-

2250 5582 2388 5655 πρὸς
2419 5582 2480 5637 τὸ
2510 5582 2669 5655 σῶμα
2701 5584 2762 5638 τὸ
2789 5587 2856 5658 τῇ
2892 5585 3070 5657 φθορᾷ
3103 5585 3454 5656 ὑποκείμενον
3494 5572 3765 5663 τοῦ

530 5676 535 5683 '
563 5641 1092 5739 ﬁgebantur—atque
1130 5668 1536 5726 coalescebant.
1562 5671 1758 5728 Annon
1792 5641 2147 5745 perspicuum

2260 5641 2422 5742 μένὸυ
2473 5641 2629 5745 φέρει
2677 5673 2774 5744 τὴν
2817 5641 3056 5731 ἔννοιαν.⁸
3093 5674 3182 5738 Ὠς
3216 5673 3251 5744 ἦ
3282 5641 3345 5743 γε
3374 5665 3510 5741 ψυχὴ
3541 5654 3658 5726 αὐτὴ
3680 5641 3753 5701 καθ

639 5843 683 5877 ⁸⁸
718 5845 900 5903 lCor.
932 5864 1024 5917 xv,
1055 5848 1145 5903 32.
1221 5847 1266 5881 ¹³
1308 5845 1454 5904 Psai.
1487 5863 1609 5916 xm,
1645 5848 1698 5905 1.
1779 5850 1826 5884 ⁸⁸
1860 5849 2062 5906 Ezech.
2090 5865 2301 5917 xxxv",
2338 5852 2511 5923 lsqq.
2618 5864 2623 5869 '
