3882 6446
222 452 327 512 6'77

1125 451 1194 510 ΙΝ
1232 451 1514 513 CHRISTI
1549 449 2192 514 RESURRECTIONEM
2232 456 2440 514 ORAT.
2483 456 2573 516 lll.
2642 482 2643 485 η

3395 458 3505 523 678,

227 569 417 643 ἑαυτὴν
457 564 839 638 ἐξεταζομένη,
884 563 1080 620 οὔποτε
1108 567 1492 638 ἀναστήσεται,
1531 567 1717 638 ἐπειδὴ
1750 566 1825 638 μὴ
1852 575 1873 630 1

1926 570 2170 639 estquod
2191 586 2287 642 per
2302 570 2618 642 hujusmodi
2644 570 2802 628 nobis
2817 572 3020 643 scripta
3040 577 3226 634 carnis
3237 576 3503 649 hujusre—

225 664 469 733 τελευτᾷ,
499 660 616 715 ἀλλ’
632 658 906 730 ἄφθαρτός
926 659 1041 710 ἐστι
1068 658 1163 712 καὶ
1187 658 1510 730 ἀνώλεθρος.
1528 658 1816 721 Ἀθάνατος

224 757 278 811 δὲ
301 753 646 824 ὑπάρχουσα,
671 750 863 821 θνητὸν
890 748 1002 821 ἔχει
1025 751 1087 803 τὸ
1114 751 1366 804 κοινωνὸν
1409 749 1516 803 τῶν
1550 749 1816 822 πραγμά-

224 864 356 901 των⁸
392 845 491 898 καὶ
535 844 622 899 διὰ
660 842 818 895 τοῦτο
862 841 1012 913 παρά
1054 840 1132 911 τῷ
1177 840 1371 909 δικαίῳ
1417 841 1578 911 κριτῇ
1627 843 1685 895 ἐν
1736 839 1816 911 τῷ

224 937 393 1010 καιρῷ
442 936 558 1013 τῶν
601 933 840 988 εὐθυνῶν
886 933 1158 1004 ἐνοικήσει
1209 931 1373 986 πάλιν
1428 930 1506 1002 τῷ
1546 931 1812 1002 συνεργῷ,

225 1033 305 1084 Eva.
337 1031 454 1098 μετ’
478 1027 689 1082 ἐκείνου
722 1024 909 1087 κοινὰς
948 1024 1167 1095 δέξηται
1215 1024 1315 1089 τὰς
1353 1023 1601 1088 κολάσεις
1637 1024 1671 1095 ἢ
1715 1025 1815 1088 τὰς

223 1123 396 1192 τιμάς.
452 1119 670 1173 Μᾶλλον
717 1118 773 1172 δὲ
800 1117 888 1171 ἵνα
915 1119 1011 1171 καὶ
1052 1117 1213 1170 πλέον
1244 1119 1378 1187 ἡμῖν
1407 1110 1441 1167 '6
1480 1115 1637 1185 λόγος
1681 1117 1813 1168 ἀκο-

224 1213 534 1282 λουθύτερος
561 1210 806 1280 γένηται,
850 1208 992 1263 οὕτω
1039 1209 1424 1279 σκοπήσωμεν·
1456 1206 1566 1260 Τὸν
1603 1205 1812 1278 ἄνθρωο

225 1322 318 1358 πον
347 1304 398 1356 τί
433 1319 618 1373 φαμεν
644 1319 659 1368 ;
687 1302 749 1355 τὸ
783 1302 1209 1372 συναμφότερον,
1235 1298 1267 1371 ἢ
1296 1298 1357 1352 τὸ
1388 1299 1610 1369 ἓτερονς
1652 1295 1815 1350 Ἀλλά

228 1393 485 1466 πρόδηλον
528 1392 603 1457 ὥς
647 1395 683 1465 ή
742 1391 972 1462 συζυγία
1029 1391 1138 1445 τῶν
1179 1389 1275 1444 δύο
1323 1387 1716 1461 χαρακτηρίζει
1752 1387 1814 1440 τὺ

228 1485 375 1552 ζῶον.
408 1488 484 1540 Οὐ
524 1486 636 1558 γὰρ
661 1486 940 1557 προσῆκεν
966 1486 1025 1537 ἐν
1045 1486 1157 1546 τοῖς
1183 1480 1685 1552 ἀναμφισϐητήτως
1717 1479 1813 1532 καὶ

226 1578 516 1647 γνωρίμοις
549 1577 866 1648 παρέλκειν.
894 1574 1097 1629 Τούτου
1126 1573 1185 1626 δὲ
1231 1571 1404 1635 οὕτως
1442 1571 1676 1641 ἔχοντος,
1712 1570 1812 1622 κά-

1918 659 2338 716 suscitationem
2353 660 2572 717 abunde
2589 661 2724 717 satis
2741 662 3104 720 demonstrat?
3117 666 3246 722 Mihi
3263 684 3394 724 vero
3406 670 3503 740 qui

1916 750 2187 807 adversus
2215 752 2361 808 hunc
2401 768 2713 808 sermonem
2742 755 3097 824 pertinaciter
3134 761 3499 828 contendunt,

1917 857 2030 898 non
2060 842 2214 913 impii
2267 844 2469 909 solum,
2491 847 2851 902 verumetiam
2880 849 3058 903 insani
3085 865 3209 906 esse
3222 852 3499 913 videntur.

1915 932 2271 991 Resurrectio
2290 935 2437 992 enim
2459 943 2513 991 et
2536 936 2745 993 reditus
2771 938 2839 993 ad
2861 941 3051 1004 vitam,
3070 949 3123 995 et
3139 941 3501 997 transforma-

1914 1025 2015 1089 tio,
2056 1031 2112 1080 et
2138 1025 2322 1079 omnia
2355 1025 2480 1080 talia
2513 1027 2778 1082 vocabula
2807 1029 2873 1084 ad
2908 1044 3111 1099 corpus
3159 1034 3499 1102 corruptioui

1912 1115 2211 1173 obnoxium
2242 1117 2629 1187 cogitationem
2655 1119 2930 1175 audientis
2965 1121 3194 1178 ducunt.
3216 1122 3349 1178 Nam
3380 1125 3499 1180 ani-

1916 1222 2004 1263 tua
2036 1207 2280 1277 quidem,
2303 1208 2351 1263 si
2377 1209 2496 1278 ipsa
2532 1225 2628 1279 per
2652 1224 2775 1265 sese
2796 1212 3141 1268 examinetur
3166 1224 3223 1269 et
3244 1215 3497 1269 excutia-

1906 1306 2026 1363 tur,
2060 1314 2344 1369 nunquam
2375 1311 2650 1371 resurget,
2679 1302 2900 1372 quando
2936 1304 3155 1374 quidem
3187 1321 3296 1360 non
3328 1308 3497 1360 mori-

1914 1400 2024 1455 tur,
2071 1392 2165 1446 sed
2206 1391 2463 1446 interitus
2499 1401 2553 1446 et
2588 1394 2957 1462 corruptionis
2997 1404 3082 1449 est
3114 1411 3333 1465 expers.
3357 1396 3494 1467 Cum

1910 1487 2096 1534 autem
2132 1479 2205 1536 sit
2229 1480 2577 1544 immortalis.
2607 1482 3053 1553 mortalecorpus
3082 1486 3293 1538 socium
3334 1486 3496 1540 habet

1914 1570 2193 1625 aetionum
2243 1588 2257 1623 :
2309 1580 2475 1641 atque
2513 1572 2721 1627 idcirco
2769 1572 2916 1643 apud
2964 1574 3172 1643 justum
3226 1574 3492 1645 judicent,

227 1674 361 1722 κεῖνο
412 1667 923 1740 προσλογισώμεθα,
977 1667 1238 1738 πότερον,
1279 1664 1315 1719 ἃ
1359 1664 1685 1735 πράττουσιν
1721 1662 1813 1715 ἀν-

1913 1668 2159 1731 tempore
2189 1662 2591 1719 reddendarum
2638 1665 2936 1731 rationum,
2974 1681 3166 1721 rursus
3197 1667 3347 1722 socio
3391 1682 3493 1722 suo

224 1760 445 1833 θρωποι,
484 1759 600 1813 οἷον
642 1759 909 1831 μοιχείαν,
941 1758 1120 1828 φόνον,
1146 1757 1373 1829 κλοπὴν,
1415 1757 1511 1809 καὶ
1546 1757 1654 1809 πᾶν
1676 1754 1810 1807 εἴτι

1913 1753 2263 1821 inhabitabit,
2312 1763 2375 1809 ut
2429 1770 2553 1811 cum
2595 1755 2689 1811 illo
2751 1771 3071 1814 communes
3126 1758 3358 1826 recipiat
3407 1759 3494 1815 vel

221 1852 420 1915 τούτοις
447 1851 737 1921 ἑπόμενον,
764 1850 797 1920 ἢ
831 1848 1161 1914 τούναντίον,
1195 1847 1569 1919 σωφροσύνην,
1608 1846 1810 1917 ἐγκρά-

1913 1860 2106 1915 prunas
2137 1847 2219 1900 vel
2249 1846 2493 1916 praemia.
2524 1845 2680 1903 Enim
2703 1864 2834 1904 vero
2859 1865 2969 1920 quo
2985 1851 3159 1920 magis
3190 1850 3349 1906 nobis
3369 1865 3494 1905 ora-

222 1960 383 2009 τειαν,
412 1944 507 1998 καὶ
533 1945 715 1996 πᾶσαν
732 1941 836 2014 τὴν
861 1942 1135 1995 ἀντίθετον
1156 1940 1259 2011 τῆς
1286 1939 1481 2001 κακίας
1506 1937 1809 2022 ἐνέργειαν,
1844 1923 1873 1978 Ε

1914 1940 1990 1991 tio
2015 1946 2387 1993 consentanea
2416 1942 2509 2003 sit,
2544 1941 2643 1995 hoc
2674 1942 2838 1997 modo
2882 1957 2997 1997 rem
3055 1943 3489 2005 consideremus.

221 2036 323 2089 τῶν
348 2037 440 2090 δύο
471 2036 655 2107 φαμὲν
704 2035 969 2106 ὑπάρχειν
1016 2032 1450 2103 ἀποτελέσματα,
1481 2030 1515 2100 ἢ
1553 2031 1619 2101 τῇ
1665 2028 1809 2099 ψυχῇ

1913 2024 2200 2081 Horrriucm
2229 2027 2361 2096 quid
2387 2043 2511 2084 esse
2536 2028 2793 2095 dicimus,
2844 2041 3140 2103 utrumque
3187 2034 3376 2099 simul,
3419 2050 3492 2090 an

223 2128 352 2200 μόνῃ
376 2129 475 2194 τὰς
507 2128 741 2200 πράξεις
769 2124 1188 2197 περιορίζομεν;

1913 2118 2143 2171 alterum
2180 2118 2474 2187 separatim
2500 2118 2524 2172 ?
2548 2120 2616 2172 At
2640 2120 2991 2177 manifestum
3022 2130 3128 2185 est,
3155 2123 3305 2194 quod
3355 2139 3491 2183 con.

220 2219 422 2288 junctio
446 2221 742 2274 amborum
782 2218 1034 2289 designat
1056 2215 1287 2272 animal.
1321 2212 1439 2269 Non
1465 2213 1612 2269 enim
1646 2210 1903 2266 convenit
1929 2209 1985 2264 in
2022 2209 2187 2265 rebus
2219 2212 2404 2275 notis,
2437 2224 2503 2265 ac
2532 2210 2667 2265 nihil
2701 2212 3092 2283 controversiae
3124 2213 3178 2267 in
3218 2230 3278 2270 se
3309 2218 3490 2271 couti-

221 2318 487 2385 nentibus,
519 2314 800 2387 superfluo
830 2317 906 2370 uti
936 2329 1207 2371 sermone.
1225 2314 1361 2369 Cum
1396 2313 1501 2366 hoc
1531 2312 1605 2365 ita
1627 2311 1718 2372 sit,
1750 2308 1883 2362 illud
1917 2322 2137 2376 quoque
2161 2306 2390 2378 insuper
2417 2307 2853 2375 consideremus,
2876 2318 3060 2365 utrum
3083 2324 3168 2376 ea,
3195 2326 3318 2381 quae
3338 2326 3490 2366 com-

222 2411 436 2466 mittunt
467 2426 534 2466 ac
564 2419 879 2482 perpetrant
905 2411 1176 2475 homines,
1198 2409 1346 2464 verbi
1374 2407 1573 2478 gratia,
1600 2405 1954 2467 adulterium,
1979 2400 2203 2466 caedem,
2237 2400 2442 2459 furtum
2468 2418 2533 2458 ac
2555 2403 2822 2474 quidquid
2852 2404 2938 2461 his
2959 2404 3116 2460 aliine
3137 2416 3220 2461 est
3247 2424 3262 2461 :
3295 2415 3390 2461 aut
3419 2424 3487 2464 ex

223 2503 507 2566 contrario,
557 2502 932 2565 sobrietatem,
974 2500 1392 2564 continentiam,
1427 2507 1480 2555 et
1511 2513 1727 2554 omnem
1759 2498 1895 2551 vitio
1929 2496 2240 2567 oppositam
2279 2495 2582 2563 actionem,
2616 2497 2903 2569 utriusque
2939 2497 3176 2554 dicimus
3204 2514 3330 2554 esse
3362 2499 3491 2555 elic-

224 2606 355 2660 etus,
386 2612 453 2650 an
495 2597 697 2650 animae
735 2596 910 2651 solum
936 2593 1448 2649 circnmscribimus
1471 2591 1760 2646 actiones?

293 2686 449 2741 ’Λλλά
480 2686 591 2741 κᾶν
614 2685 757 2741 οὕτω
785 2685 1104 2757 πρόδηλοςή
1134 2683 1377 2753 ἀλήθεια.
1404 2681 1654 2752 Οὑδαμοῦ
1685 2679 1794 2750 γάρ

1972 2678 2041 2732 At
2075 2678 2239 2733 etiam
2270 2678 2322 2733 in
2353 2678 2458 2732 hoc
2490 2675 2777 2735 manifesta
2827 2678 3027 2735 veritas
3076 2689 3181 2736 est.
3208 2679 3486 2750 Nusquam

223 2779 583 2850 ἀποσχίζουσα
633 2776 728 2832 τοῦ
778 2777 1034 2849 σώματος
1077 2778 1111 2846 ή
1162 2774 1308 2846 ψυχὴ
1333 2814 1347 2837 ,
1383 2775 1417 2845 ἢ
1453 2774 1551 2845 τὴν
1586 2772 1793 2841 κλοπὴν

1913 2771 2044 2824 anim
2077 2784 2107 2823 a
2135 2780 2368 2838 corpore
2393 2775 2643 2837 separata
2669 2769 2853 2823 anima
2872 2771 2954 2825 vel
2990 2770 3192 2825 furtum
3229 2775 3487 2827 commit-

221 2873 512 2945 ἐπιτηδεύει
543 2912 559 2937 ,
590 2870 624 2941 ἢ
669 2869 768 2943 τὴν
803 2870 1162 2943 τοιχωρυχίαν
1209 2867 1532 2940 ἐργάζεται·
1583 2864 1691 2918 οὐδ’
1722 2860 1791 2919 αὗ

1913 2862 1989 2923 Lit,
2013 2860 2098 2916 vel
2148 2863 2384 2929 parietes
2430 2863 2771 2931 perrumpit;
2825 2878 3002 2931 neque
3034 2871 3227 2918 contra
3254 2865 3369 2949 sola
3402 2866 3485 2921 vel

223 2965 348 3038 μόνη
380 2965 456 3036 τῷ
504 2964 767 3018 πεινῶντι
802 2961 892 3015 τὸν
924 2961 1088 3033 ἄρτον
1124 2960 1358 3022 δίδωσιν,
1395 2958 1428 3029 ἢ
1464 2958 1670 3022 ποτίζει
1701 2955 1791 3009 τὸν

1913 2968 2093 3023 panem
2117 2954 2381 3008 esurienti
2404 2954 2515 3019 dat,
2539 2955 2620 3008 vel
2644 2962 2828 3024 potum
2882 2955 3090 3009 sitienti
3144 2956 3366 3025 prmbct,
3402 2958 3485 3013 vel

220 3053 437 3123 διιιιιῶντα
460 3092 476 3117 ,
505 3054 545 3125 ἢ
587 3053 723 3126 πρὸς
754 3052 812 3105 τὸ
841 3052 1219 3122 δεσμωτήριον
1256 3049 1465 3112 ἀόκνως
1490 3047 1792 3115 ἐπείγεται,

1913 3049 1958 3099 in
1990 3060 2268 3100 carcerem
2303 3045 2448 3100 haud
2484 3047 2749 3117 gravatim
2781 3047 3034 3102 concedit
3075 3055 3134 3101 ut
3159 3048 3398 3102 ofﬁcium
3431 3056 3485 3107 et

222 3146 300 3200 ινα
341 3147 659 3218 θεραπεύσῃ
701 3146 792 3197 τὸν
835 3141 1197 3214 δεσμωτηρίῳ
1228 3139 1636 3211 κεκακωμένονο
1677 3136 1793 3190 ἀλλ’

1913 3139 2273 3195 ministerium
2305 3146 2524 3208 prarstut
2553 3137 2602 3193 ei
2621 3138 2713 3208 qui
2736 3152 2957 3194 carcere
2986 3140 3278 3210 alliigitur;
3308 3141 3400 3195 sed
3427 3141 3483 3194 in

224 3240 304 3292 ἐπὶ
329 3240 505 3311 πάσης
543 3237 797 3309 πράξεως
841 3235 1093 3306 ἀλλήλοις
1125 3233 1412 3304 ἀμφότερα
1459 3231 1792 3299 συνεφάπτε-
1824 3229 1866 3286 C

1913 3231 2051 3285 amni
2086 3230 2300 3285 actione
2331 3229 2493 3283 ambo
2515 3228 2616 3284 sibi
2652 3229 2886 3284 invicem
2916 3229 3207 3298 conjuncta
3238 3232 3401 3285 simul
3435 3242 3487 3286 et

222 3346 300 3385 ται
326 3331 416 3384 καὶ
440 3328 800 3383 συναποτελεῖ
822 3327 892 3381 τά
922 3326 1204 3397 γινόμενα.
1233 3325 1360 3387 Πῶς
1382 3324 1562 3377 τοίνυν
1584 3322 1793 3376 τούτων

1913 3330 2194 3392 :apessunt
2212 3329 2269 3375 et
2296 3317 2587 3388 perﬁciunt
2612 3332 2676 3372 ea
2709 3332 2830 3386 quae
2851 3325 3106 3387 aguntur.
3134 3316 3252 3384 Qua
3274 3318 3487 3377 ratione

223 3420 378 3486 οὕτως
414 3423 671 3493 ἐχόντων,
708 3420 802 3473 καὶ
834 3419 1018 3490 κρίσιν
1048 3417 1160 3470 τῶν
1189 3415 1538 3487 βεϐιωμένων
1571 3414 1793 3467 ἔσεσθαι

1915 3415 2063 3485 gitur
2097 3426 2222 3467 cum
2244 3410 2362 3464 haec
2396 3411 2469 3464 ita
2509 3409 2641 3471 sint,
2690 3417 2745 3465 et
2772 3416 2897 3464 ante
2931 3418 3180 3464 actorum
3211 3410 3482 3478 judicium

223 3513 524 3584 συγχωρῶν,
564 3512 814 3581 ἀποσπᾷς
839 3508 932 3562 τοῦ
963 3507 1154 3579 ἐτέρου
1191 3507 1253 3560 τὸ
1285 3506 1501 3578 ἕτερον;
1533 3506 1643 3558 Καὶ
1680 3521 1794 3558 κοι-

1913 3506 2011 3561 ’ore
2037 3503 2332 3567 concedas,
2393 3502 2627 3556 alterum
2656 3499 2727 3557 ab
2776 3500 2948 3555 altero
2995 3500 3209 3555 divellis
3230 3501 3252 3553 ?
3274 3510 3327 3556 et
3356 3517 3483 3561 cum

223 3603 316 3657 νῶν
344 3603 508 3658 ὄντων
542 3603 650 3655 τῶν
677 3599 1073 3673 εἰργασμένων,
1099 3601 1166 3673 τῇ
1194 3599 1340 3669 ψυχῇ
1374 3597 1526 3668 μόνῃ·
1551 3595 1794 3667 περιορί-

1913 3598 2126 3653 ιιιειυιιι
2164 3594 2328 3649 alteri
2359 3593 2414 3649 in
2450 3592 2767 3648 commissis
2801 3600 2856 3646 et
2909 3594 3236 3661 perpetratis
3268 3594 3481 3648 socium

224 3692 322 3760 ζεις
348 3697 407 3750 τὸ
433 3696 665 3767 δικαστή
677 3711 819 3765 ριον;
854 3693 918 3745 Εἰ
945 3690 1003 3745 δέ
1032 3707 1114 3754 τις
1141 3687 1375 3760 ἀκριΰὴς
1403 3686 1614 3756 γένοιτο
1640 3686 1792 3739 δικα-

1913 3702 2021 3742 esse
2051 3684 2183 3749 des,
2230 3685 2410 3737 anima
2470 3681 2589 3737 sola
2630 3679 2900 3749 judicium
2932 3679 3264 3737 determines
3319 3690 3482 3750 atque

226 3786 341 3859 στὴς
375 3787 480 3841 τῶν
522 3784 879 3856 ἀνθρωπίνων
910 3779 1420 3853 πλημμελημάτων,
1457 3779 1552 3831 καὶ
1580 3779 1790 3849 σκοπή-

1913 3774 2345 3832 :ircumscribis?
2372 3773 2527 3839 Quod
2561 3773 2608 3827 si
2646 3771 2772 3841 quis
2825 3787 2988 3827 Verus
3015 3771 3339 3826 delictorum
3375 3773 3481 3826 hu-

225 3894 351 3934 σειεν
379 3876 676 3951 ἐπιμελῶς,
712 3873 875 3930 πόθεν
904 3873 1127 3944 φύονται
1161 3873 1218 3927 αἱ
1249 3870 1465 3942 πρῶται
1487 3870 1586 3941 τῆς
1608 3871 1789 3941 ἀμαρ-

1913 3882 2177 3923 nanorum
2203 3865 2372 3936 judex
2410 3863 2610 3929 fuerit,
2659 3871 2713 3917 et
2772 3861 3061 3931 diligenter
3107 3862 3477 3931 perpenderit,

222 3970 329 4035 τίας
356 3972 549 4035 αἰτίαι,
577 3970 716 4038 τάχα
748 3967 962 4038 πρῶτον
993 3962 1259 4018 άτακτοῦν
1282 3964 1344 4018 ἐν
1368 3964 1484 4026 τοῖς
1508 3962 1677 4033 ἐγκλή
1686 3978 1791 4032 μα-

1913 3961 2036 4016 tnde
2065 3959 2254 4030 primae
2284 3956 2495 4028 peccati
2524 3970 2705 4011 causae
2734 3954 3008 4018 oriantur,
3062 3955 3295 4011 fortasse
3325 3955 3482 4025 prius

227 4076 300 4116 σιν
324 4064 542 4136 εὑρήσει
569 4062 629 4117 τὸ
667 4061 845 4131 σῶμα.
891 4056 1232 4130 Ἦρεμούσης
1264 4056 1377 4127 γὰρ
1403 4054 1663 4118 πολλάκις
1688 4053 1789 4122 τῆς

1913 4067 1944 4103 ιι
1975 4050 2136 4118 culpa
2195 4059 2360 4119 atque
2385 4046 2638 4102 crimine
2685 4062 2889 4116 corpus
2953 4047 3194 4102 inveniet
3229 4046 3396 4102 oflicii
3428 4055 3483 4102 ct

222 4153 401 4228 Ψυχῆς,
428 4157 527 4212 καὶ
547 4154 787 4227 γαλήνην
808 4152 1045 4223 ’ἐχούσης
1066 4149 1358 4220 ἀτάραχον,
1385 4144 1525 4201 εἶδεν
1544 4149 1571 4201 ὁ
1592 4147 1789 4216 ὀφθαλ-

1913 4139 2194 4196 tonestatis
2228 4138 2363 4197 fines
2388 4138 2675 4195 excedere.
2719 4138 2853 4192 Nam
2885 4140 3203 4207 quiescente
3230 4154 3482 4207 saepenu-

227 4254 313 4325 μδς
334 4226 586 4320 ἐμπαθῶς
609 4248 645 4303 ἃ.
767 4244 1064 4299 θεάσασθαι
1089 4241 1296 4313 βέλτιον
1316 4236 1406 4311 ἦν,
1432 4241 1527 4294 καὶ
1548 4242 1614 4310 τῇ
1640 4239 1786 4309 ψυχῇ

1913 4245 2041 4287 uero
2072 4229 2284 4295 anima,
2320 4237 2374 4285 et
2401 4227 2457 4282 in
2488 4229 2786 4298 tranquillo
2817 4236 2962 4284 statu
3015 4226 3135 4284 sine
3194 4229 3301 4281 ulla
3356 4244 3482 4299 pcr-

223 4316 582 4412 παραπέμψας
610 4316 710 4409 τήν
732 4316 933 4399 νόσον,
987 4334 1066 4395 είς
1104 4329 1352 4402 χειμῶνα
1394 4329 1488 4383 καὶ
1539 4327 1787 4382 κλύδωνα

1914 4316 2204 4373 urbatione
2254 4316 2576 4383 constituta,
2631 4316 2825 4372 oculus
2885 4328 3193 4373 commotus
3247 4318 3481 4375 videtea

223 4427 311 4499 τὴν
344 4433 572 4503 ἡσυχίαν
619 4428 936 4501 μετέϐαλεν.
977 4423 1211 4494 Ὁμοίως
1248 4422 1303 4474 αἱ
1336 4421 1499 4475 ἀκοαὶ
1535 4419 1786 4490 ἀσχημό-

1913 4440 2011 4494 [uae
2036 4440 2147 4479 non
2175 4425 2534 4495 mnspexisse
2579 4426 2777 4481 melius
2806 4424 3027 4492 fuisset,
3075 4434 3129 4481 et
3157 4427 3212 4481 in
3239 4429 3478 4484 animam

225 4536 321 4574 νων
338 4524 492 4577 τινῶν
524 4524 557 4594 ἢ
586 4517 997 4594 παροξυντικῶν
1037 4513 1412 4569 ὲπακούσασαι
1441 4511 1637 4581 λόγων,
1672 4505 1783 4565 οἷον
1820 4571 1859 4594 n

1913 4518 2141 4571 norbum
2173 4516 2577 4584 transmittens,
2611 4516 2665 4570 in
2696 4525 3077 4588 tempestatem
3111 4533 3176 4573 ac
3204 4520 3478 4577 turbinem

226 4610 304 4667 διά
324 4630 474 4669 τινων
508 4615 766 4685 σωλήνων
800 4611 1013 4665 ’ἑαυτῶν
1040 4611 1130 4664 τὸν
1170 4608 1271 4677 τῆς
1302 4604 1550 4676 ταραχῆς
1573 4642 1586 4667 ,
1619 4603 1651 4673 ἢ
1693 4602 1785 4655 τὸν
1819 4602 1860 4624 ν

1913 4608 2129 4677 [uictam
2159 4621 2224 4661 ac
2237 4607 2683 4677 tranquillitatem
2708 4609 3000 4663 convertit.
3025 4609 3293 4666 Similiter
3317 4626 3480 4667 aures

226 4704 311 4776 τῆς
337 4708 599 4779 ἀκοσμίας
643 4702 903 4777 βόρϐορον
937 4705 1049 4765 τοῖς
1069 4699 1349 4769 λογισμοῖς
1390 4694 1782 4765 ὲπεισρὲιουσιν.

1913 4700 2278 4757 nverecundis
2306 4701 2633 4771 quibusdam
2664 4711 2829 4773 atque
2872 4705 3332 4760 exacerbantibus
3359 4722 3481 4760 νει·-

229 4793 369 4849 Ἕστι
394 4797 446 4851 δὲ
482 4799 571 4851 ὅτε
605 4796 700 4850 καὶ⁹
740 4797 774 4865 ή
812 4795 895 4863 ῥὶς
934 4790 1022 4845 διὰ
1061 4790 1162 4860 τῆς
1190 4788 1493 4857 αἰσθήσεως
1538 4784 1633 4837 καὶ
1675 4782 1786 4837 τῶν

1913 4790 1975 4843 iis
2018 4791 2286 4860 exceptis,
2318 4806 2415 4860 per
2466 4791 2730 4860 quasdam
2778 4793 2938 4862 quasi
2980 4792 3066 4848 sui
3118 4793 3358 4863 ipsarum
3408 4791 3476 4847 li-

227 4881 397 4955 ἀτμῶν
429 4887 638 4958 μεγάλα
674 4902 734 4938 τε
764 4885 860 4938 καὶ
898 4882 1193 4936 ἀνείκαστα
1226 4878 1373 4933 κακὰ
1400 4876 1669 4943 διατίθησι
1694 4875 1785 4929 τὸν

1913 4883 2082 4947 tutas,
2151 4884 2584 4953 perturbationis
2649 4892 2745 4939 aut
2798 4884 3200 4942 inverecundizc
3257 4898 3476 4940 caenum

227 4974 410 5033 ἔσωθεν
433 4980 738 5053 ἄνθρωπον.
770 4977 959 5031 Οῐδασι
992 4974 1087 5027 καὶ⁴
1108 4975 1290 5044 χεῖρες
1318 4968 1408 5024 διὰ
1433 4968 1534 5040 τῆς
1564 4966 1786 5038 ἐπαφῆς

1913 4975 2315 5045 :ogitationibus
2366 4975 2613 5032 inferunt
2668 4985 2834 5047 atque
2887 4977 3174 5032 inducunt.
3205 4973 3477 5031 Nonnun-

226 5072 480 5142 καρτερᾶς
529 5070 709 5143 ψυχῆς
754 5065 1072 5137 ἐκθηλύνειν
1124 5061 1481 5134 στερρότητα.
1535 5059 1645 5113 Καί
1692 5074 1784 5128 μοι

1913 5082 2048 5137 luam
2108 5068 2273 5123 etiam
2329 5083 2501 5125 nasus
2550 5067 2754 5124 olfactu
2807 5076 2862 5122 et
2926 5075 3160 5123 attractu
3207 5081 3474 5136 vaporum

226 5160 353 5214 κατὰ
379 5165 565 5236 μικρὸν
586 5162 757 5226 οὕτως
787 5160 996 5215 ἐπιόντι
1023 5157 1118 5211 καὶ
1152 5155 1508 5224 σκοπουμένῳ
1536 5151 1785 5207 ὑπαίτιον

1913 5158 2168 5229 nagniset
2193 5159 2534 5216 iuconcessis
2565 5160 2713 5215 vitiis
2742 5159 3018 5216 hominem
3045 5158 3218 5212 inﬁcit
3249 5156 3476 5212 interio-

227 5249 513 5318 εὑρίσκεται
533 5254 642 5307 τῶν
672 5250 884 5304 πολλῶν
909 5247 1197 5321 ἁμαρτιῶν
1223 5245 1287 5299 τὺ
1307 5244 1605 5315 σωμάτιον.
1624 5244 1784 5315 Φέρει

1913 5267 2024 5306 em.
2086 5249 2277 5308 Solent
2339 5253 2469 5309 item
2526 5267 2727 5307 manus
2787 5252 3221 5306 contrectatione
3280 5246 3477 5302 valida:

227 5333 276 5389 δὲ
300 5340 387 5393 καὶ
412 5344 535 5408 τοὺς
583 5342 727 5415 ὑπὲρ
772 5341 975 5413 ἀρετῆς
1023 5338 1249 5403 πόνους,
1300 5336 1544 5398 καὶτοῖς
1577 5335 1784 5404 ἀγῶσιν

1913 5343 2084 5398 inimus
2112 5344 2281 5400 robur
2314 5343 2650 5399 eﬁ‘eminare.
2705 5342 2881 5412 Atque
2930 5356 3035 5412 ego
3093 5339 3357 5411 paulatim
3396 5338 3474 5393 ita

229 5425 471 5501 ἔμμοχθεῖ
497 5436 606 5488 τῶν
635 5432 841 5495 καλῶν,
880 5431 1211 5501 τεμνόμενον
1244 5426 1449 5498 σιδήρῳ
1467 5468 1482 5493 ,
1528 5427 1624 5480 καὶ
1648 5428 1785 5498 πυρὶ

1913 5433 2245 5503 regrediens
2276 5434 2844 5506 atqueconsiderans,
2874 5446 3085 5502 magna).
3120 5437 3473 5501 peccatorum

230 5517 553 5593 φλεγόμενον,
577 5526 673 5580 καὶ
695 5523 1006 5594 ξαινόμενον
1030 5519 1269 5592 μάστιξι,
1291 5518 1388 5573 καὶ
1419 5518 1783 5590 βαρυνόμενον

1913 5523 2060 5579 ιειιὶε
2088 5524 2480 5595 corpusculum
2513 5539 2638 5582 esse
2680 5537 2906 5579 causam
2962 5521 3200 5576 invenio.
3252 5520 3476 5575 Tolerat

232 5607 492 5680 ἀργαλέοις
528 5617 766 5688 δεσμοῖς,
810 5614 906 5668 καὶ
947 5614 1129 5666 πᾶσαν
1160 5609 1430 5681 ὑπομένον
1464 5608 1668 5681 λώϐην,
1696 5609 1783 5664 ἵνα

1919 5621 2066 5668 utetn
2089 5615 2252 5671 etiam
2276 5630 2375 5685 pro
2398 5616 2602 5671 virtute
2626 5614 2865 5681 labores,
2898 5621 2954 5669 et
2987 5612 3043 5668 in
3073 5610 3476 5667 certaminibus

238 5698 303 5769 μὴ
327 5705 496 5777 προδῷ
523 5707 619 5780 τὴν
663 5705 817 5777 ίεράν
845 5702 1186 5775 φιλοσοφίαν,
1231 5701 1421 5773 ὥσπερ
1459 5700 1584 5756 τινὰ
1625 5700 1783 5755 πόλιν

1913 5712 2239 5762 incestarum
2277 5721 2463 5762 rerum
2513 5706 2724 5761 laborat
2761 5711 2817 5761 et
2852 5704 3132 5774 allligitur,
3194 5701 3324 5757 dum
3387 5699 3473 5754 vel

238 5790 542 5868 καλλίπυργον
578 5795 1004 5867 κεκυκλωμένην
1043 5793 1123 5864 τῷ
1157 5793 1258 5863 τῆς
1301 5793 1499 5857 κακίας
1536 5793 1778 5866 πολέμῳ.

1913 5810 2033 5851 erro
2085 5807 2325 5863 secatur,
2355 5798 2441 5853 vel
2468 5797 2580 5867 igni
2631 5803 2930 5860 crematur,
2973 5795 3058 5851 vel
3093 5792 3280 5864 ﬂagris
3307 5787 3472 5871 caedi-

240 5875 294 5930 εἰ
315 5884 477 5946 τοίνυν
505 5891 562 5946 ἐν
609 5886 998 5960 κατορθώμασι
1031 5884 1335 5955 συμμοχθεῖ
1369 5886 1438 5956 τῇ
1468 5884 1617 5957 ψυχῇ
1641 5925 1657 5952 ,
1686 5888 1782 5944 καὶ

1913 5904 1992 5957 ur,
2027 5889 2112 5945 vel
2140 5889 2402 5960 gravibus
2437 5887 2673 5947 vinculis
2698 5895 2983 5956 oneratur,
3019 5895 3075 5944 et
3101 5896 3320 5943 omnem
3344 5893 3471 5937 ιιιιε-⁸
