3882 6420
472 417 582 476 679
1761 414 1823 473 S.
1849 411 2005 473 GREI

2156 412 2182 469 [ι
2203 408 2500 470 NYSSENI
3601 428 3689 491 339

472 532 611 586 tinet
648 527 1032 585 adversitatem
1078 533 1133 584 et
1170 525 1543 596 amictionem,
1585 541 1653 584 ne
1687 543 1903 584 sacram
1937 545 2005 600 pri

2167 528 2227 582 ἐν
2256 525 2776 615 ἁμαρτήμασινγούμκ
2813 528 3271 601 ἀπολιμπάνεται·
3301 534 3454 590 πόθεν
3479 537 3693 615 ὁρμώμε-

471 621 567 677 dat
591 619 1016 691 philosophiam,
1047 626 1314 690 tanquam
1339 620 1578 690 egregiis
1609 622 1855 677 turribus
1898 636 1998 676 orn

2166 630 2257 678 νος
2299 615 2472 684 μόνην
2504 613 2606 684 τὴν
2643 612 2939 684 ἀσώματον
2969 616 3065 669 ἐπὶ
3090 615 3152 670 τὸ
3176 617 3508 692 δικαστήριον
3537 612 3694 694 ἄγειςς

469 701 801 760 tam'urbem
836 706 1136 776 quamdam
1160 705 1305 760 bello
1338 707 1594 762 vitiorum
1618 714 1780 778 atque
1807 709 2002 778 nequit

2178 705 2318 758 Ἀλλ’
2347 705 2448 760 ούκ
2494 705 2642 759 ἐστιν
2682 704 2806 760 οὕτε
2849 707 3058 772 δίκαιος
3093 707 3219 762 οὔτε
3258 714 3638 783 σωφρονούντων
3673 718 3696 771 ὁ

468 797 915 852 circumsessam.
947 795 1005 850 Si
1040 797 1280 866 igiturin
1311 797 1588 866 praeclaris
1611 798 1770 855 factis
1797 814 1904 854 una
1937 815 2001 854 cu

2165 795 2342 866 λόγος.
2368 797 2430 850 Ei
2461 796 2596 868 μόνη
2629 797 2724 851 καὶ
2753 797 2935 870 γυμνὴ
2974 799 3250 871 διήμαρτε
3273 840 3288 865 ,
3322 802 3481 874 μόνην
3511 805 3594 859 καὶ
3623 824 3698 861 κο-

467 887 655 942 anima
716 888 932 944 laborat
988 896 1044 942 et
1105 888 1380 960 allligitur,
1437 898 1492 944 et
1543 889 1598 944 in
1659 891 1899 961 peccatis
1951 908 2000 947 nt

2165 889 2340 943 λάσειο
2365 889 2415 943 εί
2445 887 2503 941 δὲ
2546 887 2781 959 φανερὸν
2811 887 2924 960 ἔχει
2964 889 3057 944 τὸν
3095 891 3372 963 συνεργὸν,
3415 894 3510 948 οὐκ
3534 896 3698 966 ἀφήσει

468 977 626 1034 abest
657 996 674 1032 :
711 980 913 1049 quibus
948 979 1254 1034 rationibus
1283 988 1335 1034 et
1367 981 1705 1050 argumentis
1759 989 1941 1038 motus
1971 997 1998 1038 s

2166 976 2352 1030 τοῦτον
2376 977 2404 1030 ὁ
2432 973 2626 1047 κριτὴς
2661 975 2868 1041 δίκαιος
2907 974 3004 1030 ὢν.
3057 977 3202 1046 Ἐγὼ
3240 978 3298 1033 δὲ
3335 981 3425 1034 καὶ
3457 982 3597 1036 τοῦτο
3622 984 3699 1056 τῆς

438 1048 576 1162 :lam
628 1048 1006 1142 incorpoream
1066 1072 1120 1126 in
1149 1071 1417 1142 judicium
1440 1048 1721 1130 adducis?
1767 1074 1839 1128 At
1884 1090 1971 1129 net

2167 1068 2388 1140 Γραφῆς
2428 1066 2612 1121 ἀκούω
2662 1065 2961 1139 λεγούσης,
3005 1069 3090 1124 ὅτι
3136 1071 3248 1134 τοῖς
3283 1048 3700 1145 κατεγνωσμένοίς

460 1161 613 1232 justa
640 1179 817 1232 neque
853 1179 1112 1219 sanorum
1135 1163 1420 1218 hominum
1448 1166 1624 1220 oratio
1645 1175 1751 1223 est.
1781 1167 1839 1222 Si
1869 1168 1983 1224 sola

2169 1159 2576 1230 ἐπιτεθήσονται
2603 1158 2808 1213 δίκαιαι
2834 1159 3121 1232 τιμωρίαι,
3142 1161 3275 1233 πῦρ,
3300 1164 3391 1216 καὶ
3414 1163 3603 1231 σκότος,
3626 1167 3702 1220 καὶ

466 1253 614 1309 nuda
650 1255 920 1325 peccavit,
947 1255 1120 1309 solam
1145 1255 1311 1310 etiam
1349 1255 1540 1327 puniet
1572 1274 1586 1310 :
1612 1256 1699 1311 sin
1731 1265 1914 1313 autem
1947 1274 1999 1312 m

2174 1251 2404 1322 σκώληξ.
2444 1253 2512 1307 ’Δ
2542 1252 2720 1307 πάντα
2746 1251 2854 1305 τῶν
2884 1252 3156 1308 συνθέτων
3187 1255 3282 1308 καὶ
3322 1254 3512 1311 ύλικῶν
3549 1256 3707 1327 σωμά-

464 1345 726 1402 nifestum
754 1346 920 1406 habet
951 1347 1280 1418 adjutorem,
1343 1365 1453 1405 non
1491 1350 1641 1406 hunc
1670 1348 1869 1421 justus'
1889 1353 1997 1424 jud.

2170 1362 2278 1399 των
2308 1345 2559 1410 κολάσεις
2588 1345 2747 1398 εἰσίν·
2775 1345 2954 1416 ψυχῆς
2986 1345 3045 1400 δέ
3073 1346 3197 1400 καθ’
3229 1347 3426 1420 ἐαυτὴν
3465 1347 3627 1403 οὔποτ’
3649 1349 3703 1404 ἄν

462 1437 720 1494 dimittet.
782 1437 896 1511 Ego
925 1448 1106 1496 autem
1164 1441 1330 1496 etiam
1364 1442 1467 1497 hoc
1515 1441 1858 1512 Scripturam
1897 1445 1995 1500 aud

2167 1433 2362 1505 ἅψαιτο
2389 1435 2522 1508 πῦρ·
2545 1435 2653 1489 οὐδ’
2683 1435 2750 1490 ἂν
2774 1437 2965 1500 σκότος
2990 1436 3162 1510 αὐτὴν
3182 1437 3469 1510 λυπήσειεν
3491 1439 3700 1510 ἀμοιροῦ-

462 1528 812 1599 prodeutem,
844 1529 994 1601 quod
1023 1530 1374 1586 condemnati
1406 1529 1574 1604 iustis
1597 1533 1910 1589 afﬁcientur
1937 1551 1995 1591 su

2168 1539 2267 1577 σαν
2318 1523 2614 1595 ὀφθαλμῶν
2659 1524 2754 1579 καὶ
2792 1524 2902 1579 τῶν
2941 1525 3250 1596 βλεπτικῶν
3289 1527 3547 1599 ὁργάνων.
3577 1530 3632 1582 Τί
3665 1529 3701 1584 δ’

463 1617 667 1687 pliciis,
704 1619 849 1688 igne,
873 1618 1138 1686 tenebris,
1173 1633 1382 1675 verme.
1409 1617 1543 1686 Quae
1572 1623 1756 1675 omnia
1785 1637 1996 1693 compos

2169 1612 2232 1672 ἂν
2259 1614 2352 1668 καὶ
2379 1613 2596 1688 σκώληξ
2629 1614 2879 1687 πράξειε,
2915 1616 3184 1686 σωμάτων
3223 1618 3478 1690 ὑπάρχων
3507 1619 3702 1690 φθαρτι-

465 1717 670 1775 torum,
741 1724 806 1764 ac
857 1710 1224 1766 materialium
1277 1725 1577 1780 corporum
1639 1729 1814 1784 preme
1847 1716 1997 1770 cruci

2171 1704 2287 1771 κὸς,
2318 1705 2380 1760 ού
2414 1706 2777 1778 πνευμάτωνς
2827 1706 2938 1762 Καὶ
2969 1708 3059 1761 διὰ
3090 1707 3250 1763 τοῦτο
3292 1712 3402 1774 τοῖς
3433 1710 3704 1774 ἀκολούθοις

464 1810 666 1873 tusque
693 1810 826 1857 sunt
855 1817 870 1856 :
901 1802 1141 1856 animam
1181 1817 1314 1858 vero
1336 1818 1436 1874 per
1453 1819 1575 1860 sese
1599 1806 1890 1875 separatim
1920 1807 1997 1878 igr

2172 1799 2444 1870 λογισμοῖς
2473 1799 2810 1871 πανταχόθεν
2841 1799 3276 1872 συνελαυνόμεθα
3306 1801 3440 1874 πρὸς
3469 1803 3705 1871 συγκατά-

463 1892 746 1964 nunquam
778 1892 1020 1964 attigerit
1045 1912 1059 1948 :
1093 1909 1195 1950 nec
1221 1895 1460 1951 tenebrae
1487 1897 1708 1967 quidem
1737 1898 1791 1954 ei
1818 1899 1990 1956 moles

2172 1891 2315 1945 θεσιν
2340 1891 2441 1962 τῆς
2481 1892 2755 1964 ἐγέρσεως
2784 1891 2896 1946 τῶν
2925 1892 3158 1963 νεκρῶν,
3196 1894 3264 1964 ῆν
3301 1895 3414 1956 τοῖς
3441 1893 3705 1964 καθήκουσι

465 1985 692 2053 fuerint,
721 1996 909 2058 utpote
940 2002 1063 2058 quae
1087 1987 1266 2044 oculis
1306 1997 1479 2053 caret,
1509 1995 1566 2046 et
1596 1990 1814 2046 videndi
1852 1991 1998 2047 instri

2173 1983 2378 2054 χρόνοις
2422 1982 2698 2038 ἐκτελέσει
2731 1985 2760 2037 ό
2805 1983 2968 2048 Θεὸς,
3003 1983 3186 2054 ἔργοις
3221 1983 3452 2054 βεϐαιῶν
3481 1984 3571 2048 τὰς
3596 1984 3706 2046 ἰδίας

464 2086 773 2133 mentorum
807 2094 1006 2149 expers
1032 2085 1137 2135 est.
1163 2077 1306 2146 Quid
1349 2080 1537 2136 autem
1566 2082 1769 2138 vermis
1798 2082 1995 2139 eﬁ‘ecer

2173 2074 2517 2142 ἐπαγγελίας.
2554 2074 2948 2146 Πιστεύσωμεν
2973 2075 3154 2128 τοίνυν
3192 2074 3274 2146 τῷ
3308 2075 3546 2144 λέγοντι·
3581 2077 3706 2128 Σαλ-

463 2170 560 2240 qui
595 2185 888 2242 corporum
921 2187 1029 2226 non
1065 2172 1357 2242 spirituum
1389 2174 1791 2244 corruptricem
1819 2177 1926 2230 vim
1960 2177 1992 2232 h

2174 2165 2328 2221 πέσοι
2379 2165 2492 2235 γὰρ
2511 2203 2527 2230 ,
2583 2165 2683 2219 καί
2741 2167 2796 2220 oi
2851 2164 3052 2233 νεκροί
3105 2164 3549 2232 ἀναστήσονται
3567 2180 3580 2194 ο
3631 2162 3707 2216 καὶ

465 2262 594 2316 bet?
615 2263 791 2333 Atque
825 2262 1038 2317 idcirco
1058 2264 1444 2321 consentaneis
1488 2264 1576 2322 his
1606 2267 1998 2324 consideratior

2175 2259 2327 2313 πάλιν
2349 2275 2363 2290 ο
2419 2259 2695 2328 Ἔρχεται
2741 2256 2886 2328 ὥρα,
2949 2258 3021 2312 ἐν
3063 2251 3104 2331 ᾖ
3149 2257 3375 2326 πάντες
3419 2260 3472 2311 οἱ
3511 2258 3575 2310 ἐν
3609 2255 3708 2320 τοῖς

466 2354 573 2411 bus
607 2362 663 2410 et
691 2355 1210 2412 ratiocinationibus
1246 2357 1491 2428 undique
1535 2353 1944 2430 compellimur,
1991 2377 1999 2414 ε

2175 2350 2470 2420 μνημείοις
2528 2350 2898 2405 ἀκούσονται
2965 2347 3076 2418 τῆς
3129 2346 3338 2418 φωνῆς
3384 2348 3590 2414 αὐτοῦ,
3630 2347 3708 2401 καί

466 2446 934 2517 comprobandam
992 2450 1457 2505 resurrectionem
1489 2457 1861 2518 mortuorum,
1893 2467 1999 2523 qua

2176 2441 2634 2512 Ιςθιιττορεύσοίνται
2696 2444 2752 2496 οἱ
2820 2442 2892 2496 τὰ
2971 2441 3164 2510 ἀγαθὰ
3227 2441 3579 2508 ποιήσαντες
3641 2439 3709 2504 εις

465 2535 928 2592 convenientibus
944 2537 1283 2607 temporibus
1299 2536 1444 2594 Deus
1463 2538 1728 2609 perﬁciet,
1744 2542 1908 2596 rebus
1925 2542 1998 2612 ips

2178 2534 2507 2590 ὶνάστασιν
2555 2533 2704 2602 ζωῆς
2723 2574 2740 2594 .
2787 2535 2840 2588 οὶ
2888 2531 2958 2586 δὲ
3004 2533 3077 2588 τὰ
3122 2533 3330 2602 φαῦλα
3371 2532 3711 2603 πράσσοντες

467 2642 600 2685 suas
622 2628 1022 2699 promissiones
1055 2629 1409 2685 conﬁrmans.
1434 2629 1740 2688 Credamus
1772 2632 1941 2704 igitur
1973 2632 2000 2689 d

2177 2629 2251 2694 είς
2301 2625 2646 2682 ἀνάστασιν
2698 2625 2971 2693 κρίσεως.
3009 2625 3085 2680 Ού
3124 2625 3234 2696 γὰρ
3275 2625 3602 2696 ὑπισχνεῖται
3631 2621 3710 2692 μό-

465 2720 611 2776 centi
633 2737 646 2775 :
667 2720 835 2776 Canet
856 2721 996 2776 enim
1019 2720 1168 2781 tuba,
1183 2729 1233 2776 et
1251 2722 1447 2777 mortui
1469 2733 1743 2796 resurgent
1758 2725 1800 2757 "
1817 2741 1833 2792 ;
1852 2740 1917 2782 ac
1936 2742 1998 2780 ru

2176 2735 2274 2784 ων,
2320 2718 2458 2773 ἀλλὰ
2505 2718 2600 2771 καὶ
2640 2718 2753 2780 τοῖς
2802 2715 3018 2788 ἐργοις,
3065 2713 3147 2782 οἷς
3183 2717 3398 2771 ἐκτελεί
3440 2717 3555 2772 καθ’
3600 2713 3709 2786 ὴμέ-

465 2823 586 2872 sus,
611 2807 762 2885 yenit
782 2810 935 2874 hora,
959 2811 1016 2864 in
1032 2826 1136 2882 qua
1158 2826 1336 2866 omnes
1355 2812 1522 2881 quiin
1545 2815 1896 2869 monumentis
1917 2831 1998 2870 sui

2177 2827 2288 2879 adv,
2326 2809 2572 2866 διδάσκει
2623 2809 2813 2880 σαφῶς
2857 2809 2933 2874 ὼς
2977 2806 3094 2862 ἐστι
3131 2809 3557 2880 παντοδύναμος.
3599 2805 3710 2860 Οὔτε

467 2901 687 2954 audient
705 2918 875 2956 vocem
897 2901 1036 2971 ejus,
1056 2911 1107 2956 et
1131 2901 1440 2972 prodibant,
1465 2904 1520 2956 Iri
1540 2906 1630 2975 qui
1646 2905 1784 2960 bona
1807 2907 2000 2975 fecerat

2179 2902 2274 2974 γὰρ
2305 2903 2364 2957 ἐν
2399 2903 2542 2974 ἀρχῇ
2587 2901 2936 2974 δημιουργῶν
2968 2900 3196 2973 ἔκαμεν,
3229 2900 3355 2957 οὔτε
3385 2897 3712 2974 μεταμορφῶν

464 2991 524 3046 in
555 2991 990 3047 resurrectionem
1019 2992 1142 3046 vitae
1160 3008 1177 3055 ;
1208 2993 1298 3064 qui
1343 3003 1521 3048 autem
1551 2997 1700 3051 mala
1747 2997 1972 3066 faciunt,

2178 2997 2430 3068 ὶπορήσει
2462 2995 2677 3064 σοφίας.
2710 2994 2794 3048 Τὰ
2821 2994 3064 3066 παρόντα
3108 2993 3501 3066 θεωρήσωμεν,
3538 2993 3622 3047 καὶ
3648 2988 3711 3060 τῷ

467 3085 907 3138 resurrectionem
925 3083 1121 3154 judicii
1145 3084 1210 3141 “.
1237 3083 1356 3139 Non
1382 3087 1527 3141 enim
1557 3089 1829 3158 promittit
1855 3091 2000 3146 solut

2178 3084 2414 3155 μέλλοντι
2457 3086 2560 3141 οὐκ
2609 3085 3002 3157 ἁπιστήσομεν.
3069 3085 3257 3156 Πάσης
3309 3085 3421 3158 γὰρ
3469 3080 3711 3156 ἐνεργείας

465 3190 660 3231 verum
693 3175 858 3231 etiam
891 3175 1178 3246 operibus,
1228 3191 1352 3246 quae
1389 3177 1634 3247 quotidie
1686 3177 1838 3247 facit,
1872 3194 1998 3252 aper

2179 3176 2257 3230 τοῦ
2319 3175 2455 3230 Θεοῦ
2515 3175 2810 3230 ἀκόλουθον
2863 3174 3095 3247 ἐχούσης
3154 3175 3254 3246 τὴν
3309 3175 3590 3247 ἔκπληξιν,
3638 3171 3712 3225 καὶ

465 3269 628 3323 docet
659 3265 806 3338 quod
837 3233 1327 3336 sit-omnipotens.
1371 3233 1561 3339 N'eque
1616 3270 1764 3324 enim
1794 3233 1850 3326 in
1902 3233 1998 3326 init

2177 3269 2299 3324 πολὺ
2334 3269 2397 3323 τδ
2433 3267 2620 3340 θαῦμα
2659 3268 2756 3322 καὶ
2794 3233 3096 3339 ἄφραστον,
3135 3233 3265 3322 ὅταν
3295 3267 3398 3333 τὰς
3443 3233 3545 3322 τῶν
3574 3233 3710 3322 ποτε

467 3357 599 3412 dum
619 3364 854 3420 crearet,
882 3356 1152 3412 laboravit
1181 3371 1246 3412 ac
1275 3357 1609 3429 defatigatus
1635 3367 1741 3426 est,
1801 3377 1980 3434 neque

2179 3380 2274 3416 οων
2309 3361 2401 3417 καὶ
2455 3361 2806 3432 προπάππων
2852 3359 3177 3432 ὁμοιότητας
3235 3360 3541 3431 κατίδωμεν
3574 3370 3712 3428 μετα-

465 3446 913 3504 transformando
947 3447 1223 3518 sapientia
1251 3446 1540 3518 indigebit.
1573 3447 1878 3506 Praesentia
1923 3467 1998 3506 co:

2179 3454 2454 3516 ίαινούσας
2477 3452 2723 3524 ἀκριϐῶς
2771 3453 2850 3518 είς
2881 3451 2981 3516 τὰς
3028 3451 3137 3506 τῶν
3186 3450 3471 3521 ἀπογόνων
3511 3447 3712 3522 μορφὰς,

464 3541 796 3606 sideremus,
835 3548 892 3595 et
932 3541 1013 3595 rei
1071 3539 1268 3596 futurae
1317 3539 1480 3596 ﬁdem
1531 3556 1641 3596 non
1679 3540 1997 3600 dctrahemu

2180 3548 2256 3600 cal.
2288 3547 2559 3616 ἐκμαγεῖα
2589 3543 2906 3616 γινομένους
2948 3543 3076 3609 τοὺς
3111 3544 3309 3608 παῖδας
3339 3543 3450 3598 ἀπὸ
3469 3543 3572 3596 τῶν
3605 3555 3713 3612 προ-

463 3632 600 3690 Cum
634 3634 781 3690 enim
812 3635 994 3690 omnis
1025 3633 1266 3690 efficacia
1317 3633 1503 3689 divina
1543 3636 1806 3692 comitem
1857 3637 1996 3694 habe

2182 3635 2436 3706 τατόρων.
2464 3633 2601 3688 Τότε
2641 3632 2706 3704 δὴ
2745 3632 2846 3704 τὴν
2872 3633 3150 3701 πάνσοφον
3180 3632 3383 3704 τέχνην
3410 3631 3501 3686 τοῦ
3529 3632 3715 3702 ἀριστος

465 3736 750 3798 stuporem
801 3733 858 3780 et
916 3727 1418 3783 consternationem
1476 3746 1491 3783 :
1533 3736 1649 3784 tum
1698 3744 1957 3800 magnum

2180 3724 2350 3796 τέχνου
2407 3722 2544 3777 Θεοῦ
2592 3721 2688 3785 xui.
2746 3722 3005 3792 Σωτῆρος
3026 3721 3570 3795 ὑπερεκπλήττομαι,
3617 3718 3713 3781 πῶς

465 3816 849 3887 inexplicabile
877 3815 1202 3872 miraculum
1226 3824 1333 3884 est,
1368 3833 1496 3873 cum
1547 3829 1767 3890 patrum
1811 3827 1867 3876 et
1900 3834 1998 3891 pro

2180 3814 2268 3869 πῶν
2295 3814 2431 3886 μήτε
2463 3812 2634 3867 ὄντων
2665 3812 2806 3884 μήτε
2837 3812 3180 3882 φαινομένων
3210 3813 3535 3884 ἀρχετύπων
3562 3811 3612 3866 αί
3643 3827 3713 3881 μι-

463 3923 662 3964 vorum
687 3907 1077 3964 similitudines
1108 3908 1268 3979 plene
1289 3911 1530 3965 transire
1564 3893 1996 3967 animadvertiml

2182 3908 2360 3979 ιήσεις
2393 3907 2451 3960 ἐν
2483 3906 2783 3978 ἀπορρήτῳ
2826 3905 3112 3978 μυστηρίῳ
3148 3905 3598 3978 δημιουργοῦνται
3639 3901 3715 3956 καὶ

462 4002 522 4058 in
551 4002 759 4057 formas
773 4000 1094 4067 liberorum,
1152 4015 1218 4056 ac
1243 4011 1494 4071 posteros
1526 4003 1796 4072 majorum
1833 4021 1995 4062 suoru

2180 3999 2616 4065 ιναπλάσσονται,
2641 3998 2836 4063 ἄλλους
2862 3998 3016 4064 τινὰς
3042 4000 3169 4063 τοὺς
3193 3998 3499 4064 τεθνεῶτας
3531 3997 3612 4052 διὰ
3631 3995 3713 4064 τῆς

465 4092 624 4164 quasi
641 4091 953 4163 exprimere
973 4099 1138 4159 atque
1161 4090 1367 4147 referre
1395 4091 1781 4163 ﬁguras.Tunc
1798 4095 1998 4150 nimiru

2181 4091 2441 4164 ινεργείας
2482 4090 2590 4145 τῶν
2633 4089 2819 4145 τύπων
2869 4090 3199 4160 ἐγείρουσαι.
3242 4091 3512 4156 Πολλάκις
3553 4090 3605 4143 δέ
3637 4087 3714 4140 καὶ

464 4191 639 4239 artem
670 4183 1108 4254 praestantissimi
1139 4183 1356 4253 opiﬁcis
1385 4199 1453 4239 ac
1479 4186 1778 4242 servatoris
1811 4187 1908 4243 Dei
1937 4203 1997 4244 or

2180 4183 2371 4238 τολλῶν
2399 4182 2537 4254 όμοῦ
2561 4181 2872 4255 προσώπων
2897 4181 2968 4235 τὰ
2998 4181 3263 4254 ἰδιώματα
3291 4183 3353 4236 ἐν
3385 4183 3467 4236 ἐνὶ·
3487 4175 3713 4248 ἐξεικονί-

464 4289 590 4330 nem
640 4273 920 4329 solertiam
976 4273 1033 4328 in
1086 4287 1210 4329 sese
1265 4276 1609 4345 complexam
1665 4292 1791 4333 cum
1849 4280 1997 4351 inger

2181 4278 2313 4339 ζεται
2355 4273 2606 4346 σώματι*
2647 4272 2742 4327 τοῦ
2795 4272 2999 4344 πατρὸς
3051 4274 3085 4345 ἡ
3136 4274 3253 4346 ῥὶς,
3301 4273 3399 4328 τοῦ
3455 4267 3714 4326 πάππονό

464 4375 690 4436 stupore
710 4366 974 4434 admiror,
991 4365 1266 4437 quomodo
1295 4383 1508 4433 eorum,
1541 4385 1665 4439 quae
1696 4383 1797 4427 nec
1820 4382 1997 4429 exstet

2176 4367 2456 4440 ὶιρθαλμὸς,
2485 4367 2582 4422 τοῦ
2615 4367 2760 4422 θείου
2785 4367 2845 4421 τὸ
2868 4367 3124 4439 βάδισμα,
3157 4369 3256 4439 τῆς
3285 4367 3490 4440 μητρὸς
3515 4366 3574 4419 τὸ
3605 4358 3709 4431 φθέ-

464 4471 570 4510 nec
591 4467 911 4525 appareant,
938 4458 1240 4526 primorum
1266 4458 1486 4514 illorum
1507 4462 1903 4532 exemplarium
1932 4466 1997 4520 im

2178 4478 2276 4533 τμα
2299 4478 2312 4492 ³
2347 4461 2442 4514 καὶ
2475 4455 2556 4524 εἷς
2588 4459 2874 4530 ἄνθρωπος
2904 4459 3190 4532 θεωρεῖται
3218 4461 3470 4532 καθάπερ
3495 4476 3547 4512 τι
3574 4451 3711 4526 φυτὸν

463 4556 705 4604 tamenta
745 4563 948 4603 arcano
978 4551 1244 4620 mysterio
1293 4563 1556 4608 creentur
1585 4566 1642 4610 et
1694 4557 1996 4630 efﬁngantu

2176 4549 2370 4605 πολλῶν
2403 4549 2635 4620 δένδρων
2662 4550 2761 4614 τὰς
2793 4550 3050 4615 ἐπιϐολὰς
3093 4549 3409 4622 δεξάμενον,
3441 4551 3531 4604 καὶ
3569 4544 3709 4619 μυρία

463 4643 624 4716 quasi
670 4644 870 4699 alteros
915 4646 1181 4714 quosdam
1226 4660 1343 4711 eos,
1386 4646 1481 4716 qui
1531 4649 1734 4703 mortui
1799 4658 1996 4721 sunt,p

2176 4640 2542 4714 ιαρποφοροῦν
2575 4641 2706 4711 γένη
2753 4643 2866 4705 τοῖς
2913 4641 3292 4713 ὀπωρίζουσιν.
3337 4641 3520 4695 Ταῦτα
3559 4639 3709 4692 πάντα

463 4736 770 4793 efﬁcaciam
804 4735 1105 4791 formarum
1135 4737 1454 4792 excitantia.
1484 4737 1641 4809 Saepe
1689 4749 1873 4795 autem
1909 4757 1996 4794 mu

2173 4734 2450 4807 ὶαυμαστὰ
2479 4734 2600 4806 μὲν,
2632 4735 2727 4788 καὶ
2756 4735 2904 4799 ὅπως
2951 4735 3160 4804 γίνεται
3190 4736 3321 4807 ἡμῖν
3365 4733 3706 4804 ἀγνοούμενα,

465 4839 650 4886 tarum
678 4829 843 4884 etiam
879 4843 1242 4900 personarum
1277 4831 1640 4902 proprietates
1666 4831 1831 4887 simul
1864 4833 1919 4888 in
1949 4849 1998 4888 lli

2175 4827 2428 4898 πρόχειρα
2477 4825 2535 4878 δὲ
2571 4824 2650 4896 τῷ
2694 4825 3023 4897 Δημιουργῷ
3072 4827 3166 4880 καὶ
3223 4825 3361 4896 μετὰ
3404 4825 3621 4894 πολλῆς,
3647 4820 3708 4881 ὡς

465 4936 701 4993 corpore
748 4919 1136 4991 exprimuntur
1163 4927 1220 4974 et
1266 4920 1623 4992 efﬁnguntur.
1656 4921 1838 4980 Patris
1863 4939 1998 4979 nasu

2173 4921 2339 4992 ἴσμεν,
2372 4921 2473 4990 τῆς
2503 4917 2788 4991 ῥᾳστώνης
2827 4919 3240 4990 ἐπιτελούμενα.
3276 4919 3509 4972 Ἄτοπον
3536 4917 3587 4969 δὲ
3610 4913 3706 4966 λίαν

463 5017 551 5070 avi
583 5013 802 5078 oculus,
856 5011 1038 5084 patrui
1097 5013 1373 5078 incessus,
1409 5014 1606 5070 matris
1627 5029 1800 5072 sonus
1818 5016 1973 5071 vocis

2173 5013 2253 5067 ιαὶ
2283 5011 2530 5082 ἀμαθὲς,
2557 5011 2628 5066 τὰ
2675 5011 2776 5082 μὲν
2806 5011 2915 5064 τῶν
2963 5012 3243 5066 σαπέντων
3289 5011 3386 5065 καὶ
3425 5007 3706 5080 φθαρέντων

462 5109 714 5179 loquelae.
736 5109 914 5179 Atque
945 5122 1089 5163 unus
1117 5107 1281 5162 homo
1302 5115 1582 5177 spectatur
1607 5115 1869 5178 tanquam
1898 5110 1995 5179 plal

2173 5107 2256 5178 ἠδη
2303 5104 2576 5177 σωμάτων
2609 5105 2968 5177 γνωρίσματα
2999 5105 3058 5158 ἐν
3091 5106 3204 5166 τοῖς
3242 5103 3334 5157 νῦν
3373 5101 3493 5156 καθ’
3524 5098 3706 5170 ἡμέραν

464 5209 519 5255 ta
549 5199 823 5272 quaedam,
858 5215 982 5270 quae
1030 5199 1328 5254 multarum
1354 5199 1614 5254 arborum
1647 5201 1889 5256 surculis
1919 5201 1997 5255 ins

2172 5199 2445 5270 ρυομένοις
2477 5196 2810 5268 ἐγείρεσθαι,
2844 5198 2940 5250 καὶ
2977 5196 3047 5250 τὰ
3087 5193 3343 5266 ἀλλότρια
3391 5189 3705 5264 μεταϐαίνειν

464 5295 602 5349 titiis
625 5294 679 5348 in
714 5309 774 5348 se
799 5295 1037 5361 receptis
1065 5294 1356 5348 innumera
1394 5307 1616 5362 quoque
1662 5292 1939 5348 fructuum
1967 5309 1997 5363 g

2172 5293 2239 5355 ιίς
2266 5289 2480 5355 ἄλλους,
2510 5289 2581 5343 τὰ
2608 5290 2666 5344 δέ
2699 5288 2806 5342 ἴδια
2834 5288 2930 5341 καὶ
2958 5287 3232 5358 ἐξαίρετα,
3268 5286 3393 5357 περὶ
3423 5281 3594 5338 αὐτῶν
3619 5277 3705 5330 τῶν

467 5400 601 5439 nera
641 5385 1064 5456 decerpentibus
1118 5396 1170 5441 et
1215 5385 1604 5455 colligentib-us
1663 5387 1888 5454 przebet.
1929 5383 2000 5439 Ha

2170 5398 2290 5435 ποτε
2339 5379 2694 5451 κεκτημένων
2750 5377 3108 5432 ἀνανεοῦσθαι
3156 5378 3252 5431 καὶ
3304 5367 3703 5430 ἀναϐιώσκεσθαι

467 5477 650 5529 omnia
675 5477 1016 5532 admirabilia
1038 5476 1258 5548 quidem
1287 5485 1438 5542 sunt,
1457 5477 1550 5531 sed
1585 5492 1694 5545 quo
1720 5485 1878 5548 pacto
1901 5477 2000 5532 ﬁarl

2172 5475 2238 5547 μὴ
2269 5472 2668 5544 συνομολογεῖν,
2713 5472 2848 5527 ἀλλὰ
2891 5473 3197 5527 τούναντίον
3231 5468 3465 5540 ἀκυροῦν
3498 5465 3585 5520 καὶ
3613 5463 3705 5515 δια-

471 5565 632 5620 noliis
661 5566 908 5636 ignotum
947 5577 1032 5622 est
1067 5567 1282 5637 :opiﬁci
1323 5575 1506 5621 autem
1546 5566 1728 5622 facilia
1759 5577 1926 5638 atque
1958 5584 2004 5623 et

2170 5564 2450 5638 μάχεσθαι,
2479 5564 2574 5618 καὶ
2605 5563 2795 5634 μῦθον,
2825 5564 2885 5617 ού
2911 5563 3067 5633 λόγον
3098 5564 3198 5634 τὴν
3223 5558 3550 5629 ἐπαγγελίαν
3574 5549 3703 5638 νομεῖ

469 5633 755 5726 pedita,et
781 5656 848 5712 ab
878 5673 945 5713 eo
969 5657 1121 5712 nullo
1139 5633 1382 5728 negotio,
1415 5665 1475 5712 ut
1490 5656 1722 5724 scimus,
1763 5633 2002 5730 perficiut

2172 5633 2296 5728 ζειν,
2339 5655 2434 5711 τοῦ
2464 5657 2574 5712 πᾶν
2605 5633 2724 5710 τόδε
2766 5656 2830 5710 τὸ
2873 5655 3150 5729 ὁρώμενον
3199 5649 3593 5725 συστησαμένου
3629 5633 3705 5695 καὶ

545 5832 594 5866 ³⁸
624 5829 648 5886 ι
671 5830 800 5892 Cor.
841 5848 932 5902 xv,
957 5832 1048 5890 52.
1127 5835 1171 5868 “
1200 5832 1364 5910 Joan,
1397 5851 1450 5902 v,
1473 5832 1566 5904 28,
1591 5832 1686 5891 29.
