3882 6432
148 471 228 563 68]
1015 476 1084 531 ΙΝ
1122 476 1400 534 CHRISTI
1436 479 2072 542 RESURRECTIONEM
2111 487 2317 544 ORAT.
2365 486 2452 546 IV.
3273 498 3381 555 68?.

153 585 491 655 κοσμήσαντος
522 587 594 652 ὡς
626 588 909 661 ἠθέλησεν.
983 593 1123 647 Ἀλλ’
1156 597 1317 665 ήμεῖς
1376 598 1475 666 μὲν
1517 614 1680 652 πεπι-

1849 618 1894 658 r.
1931 602 2102 659 Valde
2123 614 2307 660 autem
2333 606 2632 663 absurdum
2661 616 2715 663 et
2739 624 2862 664 cum
2895 610 3068 665 multa
3097 610 3375 683 imperitia

145 675 418 747 στεύκαμεν
458 683 523 749 τῇ
557 681 884 748 ἀναστάσει,
939 684 1098 749 δόξαν
1135 689 1554 758 ἀναπέμποντες
1604 689 1678 760 τῷ

1840 695 2147 764 injunctum
2173 694 2361 763 fuerit,
2389 701 2434 755 si
2453 700 2578 770 quis
2606 700 3038 771 putrefactorum
3065 675 3288 774 quidem
3320 719 3373 762 et

142 770 292 840 Πατρὶ
323 771 411 823 καὶ
443 772 520 841 τῷ
561 773 674 844 Υἱῷ
718 775 813 828 καὶ
845 775 922 852 τῷ
958 777 1097 847 ἁγίῳ
1125 779 1424 850 Πνεύματι,
1457 779 1551 834 νῦν
1588 782 1675 834 καὶ

1840 791 2178 854 )rruptorum
2226 787 2340 856 jam
2397 770 2692 858 corporum
2726 790 2960 861 insignia
3025 793 3288 847 concedat
3318 793 3373 846 iii

141 861 230 925 disi,
257 863 343 915 καὶ
369 865 446 925 είς
476 865 600 928 τοὺς
630 866 833 930 αἰῶνας
859 867 972 921 τῶν
1001 869 1235 926 αἰώνων.
1280 871 1473 941 Ἀμήν.

1840 889 1884 941 s,
1917 876 2012 945 qui
2035 892 2184 932 nunc
2214 878 2460 947 quotidie
2481 887 2808 946 nascuntur,
2835 883 3085 948 excitari,
3114 892 3166 938 et
3196 884 3373 938 aliena

141 956 348 1012 transire
375 957 429 1012 in
460 958 624 1025 alios;
651 963 872 1030 propria
903 974 1085 1018 autem
1122 979 1185 1018 ac
1225 966 1523 1034 peculiaria
1563 967 1619 1022 in
1658 967 1728 1022 iis
1766 970 1861 1038 qui
1893 970 2032 1026 alias
2057 987 2122 1026 ea
2149 972 2482 1038 habuerunt,
2510 976 2767 1030 renovari
2790 991 2856 1032 ac
2877 976 3228 1040 reviviscere,
3260 991 3373 1029 non

139 1051 272 1103 etiam
310 1052 470 1106 simul
507 1056 857 1120 assentiatur,
909 1059 1020 1113 'sed
1076 1067 1269 1114 contra
1319 1060 1590 1130 improbet
1662 1070 1828 1133 atque
1877 1065 2179 1136 impugnet,
2223 1083 2287 1123 ac
2341 1068 2609 1135 fabulam,
2654 1085 2766 1125 non
2822 1085 3012 1125 verum
3059 1083 3372 1125 sermonem

139 1144 376 1200 existimet
404 1160 526 1200 esse
583 1148 1004 1216 promissionem
1050 1151 1198 1222 ejus,
1264 1153 1358 1222 qui
1409 1151 1514 1207 hoc
1557 1167 1719 1210 omne
1747 1156 1895 1224 quod
1931 1159 2164 1223 videtur,
2201 1163 2506 1227 constituit,
2539 1171 2593 1217 et
2635 1171 2691 1215 ut
2717 1162 2912 1224 voluit,
2976 1161 3211 1215 ornavit.
3256 1161 3372 1216 Nos

138 1250 243 1289 vero
288 1235 556 1291 credimus
614 1241 1034 1309 resurrectioni,
1088 1241 1319 1313 gloriam
1369 1245 1657 1301 reddentes
1698 1243 1847 1300 Patri
1875 1259 1929 1302 et
1963 1248 2104 1307 Filio
2135 1265 2187 1307 et
2215 1252 2440 1324 Spiritui
2474 1263 2684 1319 sancto,
2721 1268 2871 1308 nunc
2901 1263 2957 1307 et
2983 1267 3198 1322 semper
3221 1260 3278 1308 et
3314 1253 3371 1307 in

137 1328 302 1381 saecula
332 1329 675 1386 saeculorum.
697 1332 890 1388 Amen.
983 1362 1000 1374 ς

718 1467 940 1521 ΛΟΓΟΣ
970 1471 1042 1526 Δ’.

2372 1471 2631 1526 ORATIO
2688 1471 2776 1526 IV.

308 1579 408 1642 Εἰς
441 1577 507 1630 τὸ
536 1577 709 1649 ἅγιον
735 1581 834 1638 καί
877 1582 1178 1650 σωτήριον
1222 1584 1460 1654 Πάσχα.

1996 1586 2073 1641 De
2118 1596 2304 1640 sancto
2348 1596 2396 1640 et
2441 1589 2671 1641 salutari
2705 1587 2837 1656 {esto
2891 1583 3132 1639 Paschw.

198 1685 255 1738 'H
290 1687 382 1757 μὲν
411 1690 636 1762 ἀληθινὴ
660 1690 754 1744 τοῦ
785 1693 1064 1748 Σαϐϐάτου
1091 1696 1432 1762 κατάπαυσις
1451 1741 1466 1766 ,
1508 1699 1542 1768 ἡ
1581 1700 1681 1770 τὴν

1856 1695 1996 1752 Vera
2014 1697 2233 1767 quidem
2267 1698 2491 1754 Sabbati
2513 1699 2752 1768 requies,
2791 1711 2912 1766 quae
2932 1693 3365 1751 benedictionem

133 1777 346 1845 εὐλογίαν
377 1779 466 1834 τοῦ
513 1781 649 1835 Θεοῦ
679 1783 946 1855 δεξαμένη
971 1824 984 1848 ,
1033 1787 1093 1838 ὲν
1208 1789 1547 1844 κατέπαυσεν
1573 1791 1666 1845 ἀπί

1833 1788 1882 1843 ei
1913 1789 2143 1858 accepit,
2172 1791 2226 1843 in
2255 1806 2362 1859 qua
2401 1789 2668 1860 requievit
2696 1789 2959 1844 Dominus
3003 1788 3071 1842 ab
3108 1786 3366 1856 operibus

130 1870 218 1923 τῶν
244 1871 420 1925 ἑαυτοῦ
442 1873 622 1945 ἔργων
645 1877 673 1928 ό
695 1876 897 1946 Κύριος
921 1877 1060 1947 ὑπὲρ
1083 1878 1185 1948 τῆς
1211 1879 1306 1933 τοῦ
1332 1881 1538 1952 κόσμου
1567 1901 1663 1936 σω-

1834 1879 1912 1942 IIS,
1926 1895 2027 1950 pro
2044 1881 2220 1936 salute
2232 1881 2420 1936 mundi
2440 1883 2634 1936 mortis
2654 1879 2900 1935 efﬁcacia
2927 1877 3100 1932 fracta
3119 1877 3367 1940 feriatus,

129 1967 292 2035 τηρίας
327 1969 390 2038 τῇ
431 1968 675 2038 ἀπραξίᾳ
712 1970 806 2022 τοῦ
849 1971 1078 2025 Θανάτου
1112 1973 1540 2042 ὲνσαϐϐατίσας,
1579 1977 1662 2046 ηδτ

1832 1985 1893 2024 [ιη
1921 1969 2082 2025 ﬁnem
2117 1971 2302 2038 habet,
2330 1980 2383 2026 et
2410 1972 2643 2042 gratiam
2671 1984 2827 2024 suam
2857 1983 2984 2023 cum
3013 1967 3211 2033 oculis,
3251 1975 3365 2020 tum

130 2056 270 2126 πέρας
296 2057 400 2126 ἔχει
419 2099 433 2123 ,
469 2059 568 2112 καὶ
595 2061 693 2130 τὴν
727 2062 861 2115 ἰδίαν
882 2062 1049 2129 ἔδειξε
1074 2064 1234 2135 χάριν
1266 2066 1360 2119 καὶ
1384 2065 1663 2137 ὀφθαλμοῖς

1832 2059 2032 2126 iribus,
2075 2069 2190 2116 tum
2224 2063 2379 2118 cordi
2412 2063 2832 2126 demonstravit,
2870 2077 2969 2133 per
2993 2061 3110 2116 haec
3155 2060 3365 2122 omnia,

129 2147 202 2198 καὶ
224 2149 396 2213 ἀκοαῖς
419 2153 510 2204 καὶ
540 2153 756 2224 καρδίᾳ’
780 2153 866 2208 διά
889 2155 1108 2208 πάντων
1132 2156 1338 2210 τούτων
1358 2158 1459 2227 τῆς
1484 2158 1662 2230 ἑορτῆς

1830 2165 1900 2205 uae
1913 2151 2168 2218 vidimus,
2188 2170 2308 2224 quae
2331 2155 2664 2218 audivimus,
2683 2169 2780 2224 per
2794 2169 2917 2224 quae
2937 2152 3102 2207 corde
3120 2151 3363 2206 laetitiam

129 2238 235 2306 ἡμῖν
261 2241 617 2314 τελεσθείσης,
651 2240 734 2309 οἷς
763 2247 994 2317 εἴδομεν,
1023 2244 1105 2312 οἷς
1131 2249 1466 2321 ἠκούσαμεν,
1499 2247 1582 2315 οἷς
1608 2255 1662 2322 τῇ

1829 2243 2160 2311 :cepimus,a
2186 2245 2350 2301 nobis
2378 2245 2518 2301 festo
2542 2255 2785 2316 peracto.
2829 2243 2967 2298 Nam
3003 2244 3150 2313 quod
3185 2243 3362 2297 oculis

126 2329 289 2399 καρδίᾳ
327 2330 422 2402 τὴν
463 2333 808 2406 εὐφροσύνην
869 2336 1266 2409 ὑπεδεξάμεθα.
1315 2341 1389 2393 Τὸ
1429 2341 1528 2412 μὲν
1567 2341 1659 2413 γὰρ

1829 2335 2046 2398 :rnitur,
2072 2336 2256 2391 lumen
2286 2346 2449 2393 nocte
2473 2337 2634 2392 nobis
2673 2351 2772 2407 per
2801 2336 3086 2406 lampades
3127 2336 3182 2389 in
3218 2335 3362 2390 nube

123 2416 358 2488 ὁρώμενον
381 2426 492 2487 τοῖς
523 2425 844 2494 ὀφθαλμοῖς,
890 2427 1006 2496 φῶς
1053 2425 1119 2500 ἦν
1151 2433 1219 2502 τῇ
1259 2430 1354 2484 τοῦ
1387 2432 1558 2502 πυρὸς
1590 2449 1656 2486 νε

1835 2425 1921 2480 nis
1943 2425 2360 2495 praeferebatur.
2401 2426 2596 2483 Sermo
2621 2435 2801 2482 autem
2830 2441 2927 2496 per
2949 2433 3119 2480 totam
3149 2432 3364 2480 noctem

126 2509 236 2581 φίλῃ
259 2512 336 2566 διὰ
358 2515 462 2569 τῶν
490 2515 797 2586 λαμπάδων
827 2521 960 2588 ἡμῖν
995 2521 1052 2574 ἐν
1091 2524 1157 2592 τῇ
1194 2524 1348 2574 νυκτὶ
1382 2523 1659 2594 δᾳδουχοῦ-

1833 2531 1942 2572 tres
2008 2527 2230 2574 nostras
2275 2519 2700 2575 circumsonans
2744 2519 2799 2574 in
2839 2519 3093 2589 psalmis,
3145 2517 3365 2589 hymnis

127 2614 276 2664 μενον.
314 2601 367 2654 'O
393 2603 448 2654 δὲ
476 2603 776 2675 παννύχιος
815 2609 933 2668 ταῖς
960 2608 1149 2671 ἀκοαῖς
1181 2611 1476 2680 προσηχῶν
1520 2611 1660 2680 λόγος

1829 2609 2236 2682 mtionibusque
2260 2612 2638 2681 spiritualibus
2669 2620 2928 2681 tanquam
2955 2611 3155 2668 ﬂumen
3185 2611 3362 2679 quod-

125 2689 169 2741 ἐν
188 2690 398 2762 ψαλμοῖς
425 2697 521 2749 καὶ
558 2695 748 2766 ὕμνοις
783 2699 876 2750 καὶ
902 2697 1070 2768 ᾠδαῖς
1101 2705 1499 2771 πνευματικαῖς
1517 2743 1529 2765 ,
1562 2699 1658 2757 οἷόι

1829 2696 1897 2752 tm
1927 2701 2112 2770 gaudii
2142 2717 2239 2771 per
2270 2716 2434 2757 aures
2471 2702 2528 2756 in
2572 2703 2816 2756 animum
2841 2700 3097 2767 inﬂuens,
3136 2716 3238 2757 nos
3266 2715 3362 2768 op-

127 2779 271 2849 ῥεῦμα
309 2787 476 2853 χαρᾶς
500 2785 576 2837 δι’
603 2787 772 2855 ἀκοῆς
803 2788 882 2850 είς
906 2789 1005 2859 τὴν
1033 2787 1206 2859 ψυχὴν
1259 2790 1511 2860 εἰσρέων,
1540 2791 1660 2862 πλή-

1828 2806 1907 2846 ma
1922 2807 2018 2862 spe
2035 2794 2286 2863 replevit.
2315 2794 2422 2850 Cor
2443 2809 2597 2858 vero,
2617 2794 2746 2848 dum
2779 2801 2834 2849 et
2858 2793 2928 2850 iis
2959 2809 3078 2864 quae
3099 2794 3361 2849 diceban-

127 2883 215 2936 ρεις
237 2873 371 2942 ἡμᾶς
395 2875 501 2927 τῶν
534 2875 756 2943 ἀγαθῶν
785 2879 1012 2931 ἐλπίδων
1039 2880 1313 2950 ἐποίησεν.
1355 2881 1420 2933 Ἡ
1453 2881 1510 2934 δὲ
1537 2900 1660 2953 καρ

1833 2895 1863 2933 r
1894 2891 1947 2935 et
1973 2881 2300 2937 videbantur
2329 2882 2722 2946 oblectaretur,
2749 2881 3156 2952 inexplicabilis
3190 2882 3361 2936 beati-

122 2959 189 3012 δία
211 2966 309 3027 τοῖς
327 2965 645 3036 λεγομένοις
669 2985 728 3020 τε
757 2970 850 3023 καὶ
872 2969 1226 3040 βλεπομένοις
1245 2971 1655 3046 εὐφραινομένη.

1835 2966 1978 3022 dinis
2008 2966 2236 3038 ﬁguram
2269 2969 2594 3039 accipiebat,
2627 2969 2759 3024 dum
2785 2983 2880 3038 per
2897 2983 2960 3023 ea
2984 2984 3107 3038 qua:
3129 2982 3362 3039 appare-

122 3051 198 3123 τὴν
217 3055 470 3128 ἄφραστον
496 3058 770 3113 ὲτυποῢτο
808 3063 1208 3134 μακαριότητα,
1230 3064 1316 3117 διὰ
1345 3064 1452 3118 τῶν
1479 3081 1655 3136 φαινο-

1825 3062 1920 3119 mt,
1950 3056 2107 3126 quasi
2132 3071 2297 3110 manu
2333 3057 2632 3112 duceretur
2662 3057 2729 3111 ad
2748 3072 2894 3121 eum,
2921 3056 3014 3125 qui
3042 3055 3215 3111 videri
3248 3070 3358 3110 non

125 3142 267 3210 μένων
292 3151 776 3222 χειραγωγουμένη
811 3153 942 3222 πρὸς
981 3153 1042 3206 τὸ
1071 3155 1321 3226 ἀόρατον.
1360 3154 1523 3210 Ὥστε
1559 3155 1658 3212 τῶι

1826 3154 1967 3202 ptest.
1986 3146 2176 3217 Itaque
2207 3148 2372 3218 hujus
2395 3149 2662 3218 requietis
2679 3148 2820 3203 bona
2837 3164 2934 3219 per
2952 3163 3072 3204 sese
3102 3148 3262 3204 ﬁdem
3285 3149 3359 3202 fa-

123 3227 301 3295 ἀγαθῶν
347 3238 594 3302 ἐκείνων,
627 3238 663 3291 ἃ.
704 3237 827 3291 οὗτε
872 3239 1151 3312 ὀφθαλμὸς
1193 3239 1354 3306 εἶδεν,
1400 3244 1527 3300 οὗτε
1577 3239 1656 3310 οὖς

1828 3239 1973 3293 entia
2012 3239 2277 3295 ineﬁabili
2308 3241 2426 3310 spei
2487 3256 2703 3305 eorum,
2741 3256 2865 3311 quae
2895 3241 3169 3297 destinata
3198 3251 3361 3312 atque

121 3319 328 3391 ἤκουσεν,
365 3327 486 3381 οὔτε
523 3328 618 3380 ἐπὶ
663 3329 891 3400 καρδίαν
933 3331 1219 3404 ἀνθρώπου
1255 3335 1448 3406 ἀνέϐη,
1485 3338 1654 3391 εἰκόνα

1827 3329 2016 3398 :posita
2041 3339 2191 3393 sunt,
2219 3331 2403 3401 imago
2426 3343 2555 3387 sunt
2575 3334 2794 3387 illorum
2820 3333 3242 3406 bonorum,quae
3264 3351 3360 3390 ne-

123 3406 229 3467 εῖναι
254 3419 315 3472 τὰ
339 3421 434 3491 τῆς
457 3423 863 3487 καταπαύσεως
891 3425 1094 3495 ταύτης
1131 3427 1331 3495 ἀγαθὰ,
1368 3429 1436 3481 δι’
1461 3431 1656 3484 ἐαυτῶι

1826 3436 1878 3474 1e
1898 3422 2093 3477 oculus
2121 3422 2276 3485 vidit,
2312 3439 2492 3494 neque
2529 3426 2680 3479 auris
2710 3425 2940 3494 audivit,
2967 3441 3146 3495 neque
3174 3427 3230 3481 in
3264 3443 3359 3482 cor

121 3505 197 3575 τὴν
231 3510 601 3585 ἀνεκφώνητον
640 3516 830 3569 ἐλπίδα
865 3516 974 3569 τῶν
1018 3518 1403 3588 ἀποκειμένων
1437 3521 1654 3574 πιστού-

1821 3507 2012 3562 ominis
2042 3511 2410 3564 ascenderunt
2439 3512 2454 3541 ¹
2485 3552 2499 3566 .
2540 3511 2810 3576 Quoniam
2843 3512 3011 3581 igitur
3035 3513 3148 3568 haec
3172 3513 3354 3568 lucida

124 3610 248 3663 μενα.
288 3605 495 3678 Ἐπειδὴ
535 3601 713 3661 τοίνυν
747 3609 983 3681 φωτεινὴ
1010 3609 1105 3677 νὺξ
1131 3608 1268 3679 αὕτη
1291 3651 1305 3673 ,
1340 3611 1439 3675 τάς
1465 3613 1529 3665 ὲκ
1560 3612 1657 3666 τῶι

1821 3608 1876 3646 sx
1909 3596 2216 3651 commistis
2251 3597 2562 3668 lampadum
2601 3599 2901 3655 luminibus
2921 3615 3045 3654 cum
3069 3602 3354 3657 matutinis

121 3686 372 3760 λαμπάδων
406 3699 589 3768 αὐγὰς
622 3699 897 3771 ὀρθριναῖς
927 3703 1110 3756 ἀκτῖσι
1135 3703 1228 3757 τοῦ
1272 3703 1424 3775 ἡλίου
1460 3706 1654 3776 συμμί-

1818 3681 1938 3736 rdiis
1961 3683 2093 3738 solis
2118 3700 2284 3737 unum
2305 3685 2628 3740 continuum
2651 3687 2925 3741 nullarum
2975 3687 3351 3758 interpositio-

123 3777 248 3847 ξασα,
279 3787 397 3856 μίαν
419 3789 568 3844 κατά
594 3791 654 3844 τὸ
695 3793 916 3863 συνεχὲς
936 3787 970 3863 ’ἡ
983 3794 1153 3864 μέραν
1179 3774 1422 3868 ἐποίησε,
1449 3774 1656 3868 μὴδια-

1818 3790 1838 3825 e
1865 3774 2226 3829 tenebrarum
2259 3774 2590 3845 diremptum
2623 3776 2764 3832 diem
2799 3778 2997 3844 eﬁ'ecit,
3024 3781 3351 3836 considere-

123 3877 393 3941 μερισθεῖσα
443 3885 511 3953 τῇ
562 3883 883 3957 παρενθήκη
923 3883 1017 3936 τοῦ
1061 3867 1333 3954 σκότους,
1361 3867 1656 3960 νοίίγσωμεν1

1836 3880 1908 3966 [ιε⁸
1934 3874 1987 3920 et
2031 3867 2422 3938 intelligamus,
2483 3867 2705 3936 fratres,
2759 3871 3096 3940 prophetiam
3137 3889 3258 3945 quae
3296 3875 3369 3929 di-

120 3959 314 4033 ἀδελφοὶ,
356 3970 451 4040 τὴν
479 3971 822 4041 προφητείαν
858 3955 966 4044 τὴν
1014 3973 1313 4042 λέγουσαν,
1363 3955 1453 4029 ὅτι⁷
1503 3955 1653 4043 Α-ῧτῆ

1825 3955 2059 4014 ι”εΗὶε
2080 3969 2158 4012 est
2180 3959 2311 4023 dies,
2348 3976 2501 4030 quem
2532 3961 2655 4028 fecit
2689 3959 2967 4016 Dominus.
3008 3961 3064 4017 In
3086 3979 3195 4034 quo
3214 3979 3351 4034 opus

121 4046 255 4140 ἐστίν
279 4059 314 4126 ἠ
337 4060 553 4129 ἡμέρα,
583 4059 664 4127 ῆν
686 4062 982 4130 ἐποίησεν
1001 4067 1034 4118 ὀ
1060 4066 1293 4133 Κύριος.
1333 4067 1419 4119 Ἐν
1447 4063 1480 4140 ᾖ
1504 4067 1654 4137 ἔργον.

1814 4047 2108 4114 repositum
2134 4055 2218 4103 est
2236 4064 2344 4103 non
2365 4065 2529 4118 grave
2556 4050 2776 4120 aliquod
2807 4061 2858 4105 et
2889 4051 3084 4107 effectu
3107 4053 3347 4117 difﬁcile,

119 4138 254 4210 ἐστὶν,
282 4150 336 4201 ού
362 4150 494 4223 βαρύ
519 4168 575 4205 τι
605 4153 699 4206 και
734 4153 1198 4226 δυσκατόρθωτον,
1221 4157 1357 4210 ἀλλά
1399 4138 1542 4230 me
1567 4161 1652 4213 και

1818 4139 1860 4193 ad
1895 4140 2173 4209 gaudium,
2207 4142 2298 4196 sed
2337 4142 2544 4208 laetitia,
2571 4141 2666 4197 sed
2690 4143 2999 4207 exsultatio,
3033 4145 3105 4198 ita
3137 4145 3351 4199 dicente

118 4231 377 4311 εὐφροσύνη
405 4244 498 4295 καλ⁷
521 4242 837 4314 ἁγαλλίαμα
859 4260 871 4272 ·
899 4245 1073 4309 οὕτως
1099 4247 1343 4310 εἰπόντος
1358 4249 1449 4301 τοῦ
1475 4227 1651 4318 λόγοιν

1816 4233 2079 4299 criptura,
2113 4231 2461 4286 Exsultemus
2484 4245 2532 4286 et
2554 4233 2797 4288 lwtemur
2819 4235 2874 4287 in
2902 4251 2982 4288 eo.
3014 4232 3057 4287 Ο
3090 4235 3349 4291 mandata

120 4320 182 4411 ἔτι
230 4327 740 4402 Ἀῒυλ-λιασώμεθα
781 4335 879 4390 καὶ
918 4336 1344 4408 εὐφρανθῶμεν
1373 4339 1443 4393 ἐν
1484 4341 1653 4411 αὐτῇ.

1816 4324 2071 4378 raeclara!
2126 4325 2172 4381 Ο
2218 4326 2436 4380 dulcem
2489 4326 2940 4380 constitutionem
2979 4328 2990 4378 l
3046 4326 3181 4392 Quis
3229 4328 3349 4383 sine

119 4409 168 4502 ΤΠ
201 4417 363 4474 καλῶν
392 4425 775 4495 πραγμάτωνι
812 4426 857 4480 ὣ
893 4427 1150 4496 γλυκείας
1177 4430 1532 4502 νομοθεσίαςί
1566 4409 1652 4497 Τίς

1815 4431 1917 4472 ora
1938 4426 2101 4488 atque
2132 4419 2630 4488 procrastinatione
2661 4419 2866 4473 talibus
2895 4419 3183 4490 praeceptis
3236 4435 3348 4474 non

118 4498 418 4575 ὖπερτίθεται
462 4515 708 4586 πρὸςτὸ
751 4516 1056 4572 ὑπακοῦσαι
1117 4498 1373 4583 τοιούτοις
1420 4523 1651 4593 προστά-

1815 4512 2199 4580 itemperabit?
2249 4509 2362 4565 Imo
2412 4512 2536 4581 quis
2584 4525 2693 4564 non
2742 4511 2794 4565 in
2826 4511 3027 4567 damno
3070 4523 3236 4582 ponet
3263 4514 3348 4568 vel

118 4564 286 4684 illast;
316 4602 397 4666 τίς
433 4604 489 4656 δὲ
508 4564 634 4674 ούὶὶ
659 4605 862 4676 ζημίαν
907 4609 1120 4677 ἡγεῖται
1156 4611 1252 4663 καὶ
1283 4564 1380 4681 vi];
1411 4564 1651 4684 ινίιλιξξμ

1814 4603 2016 4672 riguam
2043 4603 2324 4671 jussorum
2353 4602 2664 4658 dilationem
2690 4602 2712 4654 ?
2754 4601 2964 4657 latitia
2993 4612 3079 4658 est
3107 4619 3267 4673 opus,
3293 4612 3347 4658 et

116 4681 202 4773 τῶν
232 4693 562 4762 πραγμάτων
589 4695 895 4766 ἀναδολήν;
925 4698 1244 4772 Εὑφροσύνη
1274 4701 1334 4754 τὸ
1357 4702 1536 4773 ἔργον,
1565 4681 1649 4756 καὶ

1814 4695 2053 4750 :sultatio
2089 4703 2174 4749 est
2203 4695 2256 4748 id
2294 4695 2438 4764 quod
2481 4696 2816 4765 praecipitur,
2841 4711 2938 4765 per
2971 4709 3093 4766 qua:
3124 4703 3347 4766 propter

116 4769 388 4864 ᾲγαλλίαμά
425 4789 544 4839 ἐστι
581 4785 644 4838 τὸ
686 4788 995 4859 ὲπίταγμα’
1050 4769 1126 4843 δι’
1168 4769 1242 4845 ὧν
1286 4769 1577 4847 ἀναλύεται
1623 4795 1649 4864 ἦ

1811 4794 2045 4840 accatum
2074 4786 2217 4840 facta
2247 4785 2636 4842 condemnatio
2665 4787 3018 4854 rescinditur,
3049 4797 3102 4842 et
3129 4787 3184 4841 in
3213 4802 3344 4857 gau-

115 4863 189 4916 ὲπ¹ι
211 4873 268 4940 τῇ
296 4875 538 4948 ἁμαρτίᾳ⁴
561 4879 908 4949 κατάκρισις,
928 4883 1017 4934 καὶ
1040 4883 1121 4946 είς
1146 4881 1322 4953 χαράν
1347 4883 1417 4936 τὰ
1437 4882 1648 4955 λυπηρὰ

1040 4883 1121 4946 εἰς
1146 4881 1322 4953 χαρὰν
1347 4883 1417 4936 τὰ
1437 4863 1656 4955 λυπηρὰ
1760 4877 1910 4931 dium
1940 4878 2166 4933 tristitia
2193 4879 2550 4933 convertitur.

118 4955 505 5031 μεθαρμόζεται.
3235 5031 3240 5038 -

168 5044 315 5104 Τοῦτό
344 5055 457 5108 ἐστι
475 5057 536 5109 τὸ
558 5057 657 5126 τῆς
688 5059 879 5128 σοφίας
903 5059 1253 5131 ἀπόφθεγμα,
1277 5063 1358 5114 ὅτι
1387 5066 1444 5115 ἐν
1469 5063 1654 5135 ἡμέρᾳ

1828 5054 1943 5109 lIoc
1966 5063 2051 5110 est
2082 5055 2364 5126 sapientiae
2398 5056 2636 5109 notabile
2667 5055 2898 5119 dictum,
2935 5055 2989 5107 in
3021 5053 3107 5107 die
3143 5053 3340 5108 laetitia:

115 5133 444 5227 εὐφροσύνης,
492 5149 766 5220 ἀμνηστία
809 5151 1014 5207 κακῶν.
1065 5147 1250 5223 Λήθην
1291 5133 1520 5227 ἐποίησε

1807 5147 1961 5201 olivio
1988 5154 2149 5215 atque
2184 5146 2411 5200 abolitio
2439 5146 2731 5199 malorum.
2774 5143 3114 5198 Oblivionem
3151 5142 3340 5211 prima:

115 5226 303 5316 ῖρὼτης
327 5237 446 5290 καθ’
472 5239 628 5310 ἡμῶν
655 5241 1011 5311 ἀποφάσεως,
1044 5244 1076 5312 ἡ
1107 5243 1286 5313 ἡμέρα
1313 5226 1450 5316 αὕτη
1474 5261 1487 5274 ·
1520 5246 1648 5315 μᾶλ.

1801 5248 1949 5294 antra
1984 5254 2084 5294 nos
2119 5239 2402 5294 sententiae
2427 5237 2792 5306 pronuntiata
2813 5235 2930 5290 dies
2970 5235 3058 5288 hic
3084 5234 3334 5288 induxit:

113 5310 184 5404 λον
213 5320 263 5373 δὲ
298 5327 618 5400 ἀφανισμὺν,
655 5310 786 5402 οὐχὶί
806 5333 998 5404 λήθην.
1040 5310 1318 5404 Ἐξηλενιψε
1349 5310 1457 5404 γὰρ
1486 5310 1646 5388 καθό-

1806 5347 1868 5384 no
1930 5345 2060 5384 vero
2121 5330 2495 5393 abolitionem,
2560 5343 2667 5382 non
2721 5327 3072 5383 oblivionem.
3131 5324 3339 5380 Delevit

112 5403 185 5496 λου
234 5417 332 5471 πᾶν
375 5423 711 5491 μνημόσυνον
755 5427 852 5495 τῆς
895 5403 1015 5478 καθ’
1058 5403 1214 5496 ἡμῶν
1256 5403 1645 5496 κατακρίσεως.

1801 5423 1900 5474 nim
1947 5428 2001 5476 et
2038 5423 2198 5489 quasi
2266 5422 2436 5475 erasit
2482 5433 2700 5474 omnem
2754 5417 2975 5487 penitus
3015 5415 3334 5470 memoriam

113 5493 220 5552 Τότε
247 5504 300 5558 ἐν
318 5508 511 5575 λύπαις
535 5516 562 5567 ὁ
584 5493 833 5578 τοκετός·
859 5514 951 5567 νῦν
977 5493 1144 5586 χωρίς
1171 5515 1374 5569 ὠδίνων
1409 5493 1448 5586 ή-
1467 5519 1646 5586 γέννη-

1801 5524 1945 5567 intra
1977 5529 2077 5568 nos
2109 5513 2266 5568 facta:
2319 5511 2814 5568 condemnationis.
2853 5509 3008 5564 Tunc
3046 5510 3102 5563 in
3128 5508 3334 5564 dolori-

113 5595 197 5676 σις.
230 5590 352 5647 Τότε
379 5599 442 5651 ὲκ
472 5603 669 5672 σαρκὸς
692 5603 1059 5674 ἐγεννήθημεν
1085 5605 1304 5676 σάρκες.
1333 5605 1426 5660 νῦν
1447 5607 1507 5660 τὸ
1536 5625 1646 5676 γεν-

1806 5619 1854 5658 IS
1898 5610 2088 5673 partus
2137 5602 2438 5658 edebatur:
2501 5615 2648 5656 nunc
2705 5602 2914 5670 absque
2957 5601 3339 5671 parturitionis

111 5672 245 5738 νηθὲν
272 5687 480 5758 πνεῦμά
500 5693 644 5746 ἐστιν
671 5696 734 5746 ὲκ
759 5672 1091 5763 ματος.
1125 5672 1258 5747 Τότε
1295 5697 1400 5749 υἱοὶ
1447 5672 1644 5768 ἀνθρώ

1806 5672 2094 5750 'uciatibus
2127 5695 2384 5749 nativitas
2405 5693 2645 5750 exsistit.
2677 5691 2835 5747 Tunc
2857 5707 2922 5748 ex
2947 5707 3116 5748 carne
3143 5707 3339 5747 carnes

114 5773 216 5815 που·
244 5769 328 5823 νῦν
356 5778 518 5832 τέκνα
555 5783 690 5837 Θεοῦ
733 5783 1119 5856 ἐγεννήθημεν.
1156 5785 1290 5848 Τότε
1321 5789 1400 5850 είς
1425 5787 1528 5858 γῆν
1555 5789 1647 5842 ἀπ’

1802 5789 1864 5844 ιιιί
1891 5804 2080 5845 sumus
2111 5806 2124 5843 :
2162 5803 2308 5843 nunc
2336 5787 2482 5857 quod
2519 5792 2704 5840 natum
2751 5793 2835 5841 est
2868 5785 3096 5856 spiritus
3142 5791 3227 5840 est
3270 5799 3335 5837 ex

172 5879 189 5913 ⁸
217 5883 233 5936 1
258 5887 375 5946 Cor.
409 5913 468 5961 ιι,
492 5899 538 5959 9.
622 5905 664 5934 ¹⁶
695 5905 838 5960 Psal.
874 5920 1039 5971 cxvn,
1080 5903 1172 5958 24.

249 5981 505 6051 mnos.
543 5999 660 6057 ou.
697 5999 918 6061 XLVI.
2832 5999 2909 6059 2‘2
