3882 6434
553 491 654 544 683

552 608 768 678 spiritu.
806 606 959 662 Tune
998 605 1092 661 filii
1124 606 1428 668 hominum,
1467 617 1613 658 nunc
1647 602 1738 656 filii
1774 602 1866 658 Dei
1900 605 2008 656 nati
2039 619 2130 658 su-
2157 609 2205 665 Α

552 713 695 753 mus.
739 699 894 754 Tunc
939 699 994 753 in
1053 707 1256 753 terram
1283 696 1352 751 de
1388 694 1547 750 curiis
1601 694 1823 764 relegati
1871 709 2062 748 sumus
2111 709 2124 744 :

551 768 702 848 nunc
722 788 771 844 is
797 789 892 859 qui
923 787 1170 844 caelestis
1196 797 1300 854 est,
1353 785 1518 840 etiam
1548 799 1648 840 nos
1699 783 1952 838 caelestes
1977 783 2124 838 fecit.

552 880 708 935 Tunc
742 891 837 947 per
871 886 1150 947 peccatum
1181 889 1328 929 mors
1371 872 1630 942 regnabat
1675 889 1688 924 :
1718 885 1864 925 nunc
1895 870 2129 925 invicem
2162 913 2184 952 α

549 969 766 1042 iustitia
799 982 897 1037 per
936 966 1103 1020 vitam
1158 965 1351 1034 recipit
1410 961 1723 1032 imperium.
1767 961 1923 1015 Tunc
1989 975 2130 1015 unus

555 1059 719 1115 morti
744 1059 922 1113 locum
943 1055 1252 1110 introeundi
1279 1052 1428 1109 dedit
1454 1070 1468 1107 :
1495 1067 1590 1122 per
1615 1066 1782 1106 unum
1801 1052 1964 1104 etiam
1983 1064 2131 1105 nunc

557 1157 746 1204 contra
804 1147 913 1202 vita
974 1144 1357 1199 introducitur.
1409 1140 1563 1196 Tunc
1618 1157 1714 1210 per
1760 1150 1988 1195 mortem
2023 1139 2130 1193 vita

555 1238 859 1294 excidimus
893 1255 905 1290 :
963 1249 1110 1288 nunc
1141 1248 1172 1287 a
1222 1233 1331 1286 vita
1366 1248 1514 1289 mors
1557 1232 1787 1287 deletur.
1841 1229 1994 1284 Tunc
2022 1245 2132 1299 pne

555 1329 764 1400 pudore
804 1327 906 1384 sub
940 1327 1044 1381 ficu
1082 1325 1340 1381 occultati
1371 1324 1574 1379 fuimus
1619 1342 1634 1379 :
1672 1337 1822 1376 nunc
1867 1337 1963 1390 per
2013 1322 2131 1393 glo-

555 1419 694 1474 riam
739 1417 885 1487 ligno
944 1416 1070 1470 vitae
1133 1415 1665 1485 appropinquamus.
1707 1411 1861 1466 Tunc
1909 1422 2132 1482 preplcr

556 1507 980 1564 inobedienliam
1033 1521 1098 1561 ex
1143 1505 1398 1575 paradiso
1449 1504 1659 1572 expulsi
1694 1518 1884 1558 sumus
1927 1522 1938 1556 :
1985 1517 2128 1556 nunc

557 1614 658 1670 per
688 1597 845 1653 ﬁdem
901 1597 956 1651 in
987 1597 1301 1666 paradisum
1361 1596 1720 1650 admittimur.
1770 1593 1981 1649 Rursus
2017 1592 2132 1647 fru-

557 1699 684 1746 ctus
715 1690 840 1744 vita:
870 1687 937 1743 ad
967 1688 1192 1744 delicias
1224 1688 1384 1743 nobis
1438 1687 1750 1756 propositus
1775 1694 1859 1741 est
1889 1684 1955 1738 ad
1984 1685 2130 1738 arbi-

558 1779 743 1834 trium.
769 1777 982 1834 Rursus
1013 1777 1134 1832 fons
1167 1777 1406 1847 paradisi
1446 1775 1844 1846 quadripartito
1875 1775 2132 1829 diductus

558 1883 658 1939 per
695 1867 1040 1940 evangelicos
1063 1882 1252 1923 amnes
1302 1867 1614 1923 universam
1647 1866 1901 1922 Ecclesiae
1939 1865 2130 1919 faciem

557 1959 774 2030 irrigat,
805 1959 940 2014 adeo
979 1937 1038 2012 ut
1069 1959 1232 2014 etiam
1275 1959 1413 2014 sulci
1467 1959 1770 2012 animarum
1820 1964 2130 2012 nostrarum
2164 1934 2205 1988 Β

557 2049 918 2115 inebrientur,
965 2055 1104 2119 quas
1152 2050 1200 2104 is
1234 2049 1328 2119 qui
1350 2057 1646 2104 sementem
1701 2048 1972 2104 sermonis
2007 2047 2135 2103 facit

558 2149 744 2199 aratro
771 2141 1036 2197 doctrina:
1067 2140 1352 2212 proscidit,
1369 2155 1433 2194 ac
1450 2139 1878 2210 multiplicentur
1891 2139 2135 2210 germina

555 2233 884 2303 fructusque
917 2231 1158 2289 virtutis.
1189 2231 1331 2298 Quid
1359 2231 1526 2302 igitur
1555 2231 1626 2286 ob
1659 2231 1774 2286 haec
1803 2230 1984 2286 facere
2010 2245 2137 2285 con-

554 2322 736 2379 venit?
749 2319 893 2388 Quid
909 2321 1247 2392 aliud,quam
1264 2321 1468 2376 imitari
1487 2330 1700 2377 montes
1718 2322 2066 2392 propheticos
2082 2330 2137 2378 et

555 2411 727 2470 colles
773 2411 1271 2468 exsultationibus?
1301 2409 1510 2466 Montes
1537 2412 1701 2478 enim,
1732 2413 1927 2482 inquit,
1951 2413 2134 2466 exsut-

555 2510 794 2579 tamunt
823 2511 882 2557 ut
903 2503 1116 2568 arietes,
1145 2510 1195 2557 et
1217 2501 1376 2558 colles
1396 2502 1532 2558 sicut
1570 2502 1694 2572 agni
1743 2503 1917 2556 ovium
1948 2505 1989 2558 ⁸.
2033 2501 2137 2558 Ve-

551 2593 672 2650 nite
701 2593 896 2665 igitur,
923 2593 1262 2651 exsultemus
1303 2591 1554 2658 Domino,
1596 2593 1691 2664 qui
1730 2592 1890 2664 fregit
1916 2592 2061 2649 vires
2082 2602 2138 2649 et

551 2685 852 2756 potentiam
905 2684 1084 2742 hostis
1135 2691 1191 2742 et
1253 2698 1510 2756 magnum
1570 2697 1672 2754 pro
1728 2684 1891 2740 nobis
1949 2683 2135 2740 crucis

551 2775 856 2846 trophaeum
885 2775 942 2830 in
988 2774 1148 2830 ruina
1176 2773 1480 2831 adversarii
1507 2774 1702 2831 erexit.
1730 2773 2134 2846 Ἀλαλάζωμεν,

550 2863 738 2931 idest,
789 2866 1090 2930 iubilemus,
1143 2863 1460 2936 ἀλαλαγμός
1493 2871 1694 2931 autem,
1747 2865 1862 2920 sive
1904 2864 2164 2934 jubilus,‘

551 2966 639 3012 est
674 2957 728 3011 in
765 2955 1000 3012 victoria
1047 2956 1225 3011 fausta
1263 2971 1328 3011 ac
1383 2956 1504 3010 laeta
1543 2955 1891 3022 acclamatio,
1951 2971 2073 3025 quae
2103 2970 2136 3009 a

555 3044 861 3100 victoribus
882 3043 1144 3100 adversus
1171 3043 1344 3099 victos
1360 3045 1651 3098 excitatur.
1674 3044 1940 3110 Quoniam
1973 3046 2137 3114 igitur

552 3139 831 3204 prostrata
872 3141 957 3188 est
988 3133 1133 3188 acies
1190 3133 1384 3196 hostis,
1425 3142 1587 3202 atque
1612 3135 1702 3188 ille
1732 3135 1868 3204 ipse,
1904 3136 1997 3205 qui
2032 3136 2134 3188 im-

553 3224 764 3294 perium
789 3223 985 3280 nefarii
1005 3223 1278 3280 exercitus
1304 3224 1610 3279 daemonum
1630 3226 1928 3290 obtinebat,
1951 3226 2130 3296 periit,
2159 3261 2200 3318 C

553 3313 766 3369 deletus
803 3321 855 3367 et
888 3313 956 3368 ad
1017 3313 1248 3368 nihilum
1284 3315 1394 3385 jam
1422 3315 1679 3370 redactus
1725 3322 1810 3370 est
1847 3316 2133 3369 :dicamus

551 3403 700 3474 quod
733 3402 874 3461 Deus
918 3405 990 3460 sit
1011 3420 1264 3484 etnagnus
1320 3405 1603 3473 Dominus,
1663 3417 1719 3462 et
1767 3424 1859 3462 rex
1905 3423 2134 3478 magnus

551 3511 957 3566 superomnem
995 3504 1220 3564 terram,
1276 3499 1369 3568 qui
1402 3500 1678 3555 benedixit
1733 3516 1948 3557 coronae
2006 3501 2134 3556 anni

551 3586 902 3657 benignitatis
926 3603 1060 3656 suae,
1110 3597 1164 3644 et
1196 3589 1459 3645 conduxit
1499 3608 1597 3647 nos
1641 3593 1698 3646 in
1728 3593 1873 3648 hunc
1904 3594 2132 3648 chorum

549 3683 607 3733 et
628 3684 831 3734 castum
879 3679 1224 3749 spiritualem
1275 3697 1370 3752 per
1412 3684 1690 3740 Christum
1724 3683 1910 3740 Jesum
1949 3684 2133 3739 Domi-

551 3782 683 3823 num
702 3775 971 3838 nostrum,
999 3771 1086 3827 cui
1111 3772 1280 3843 gloria
1307 3773 1362 3827 in
1386 3775 1607 3830 stncula.
1635 3777 1826 3830 Amen.

1148 3943 1405 4001 ORATIO
1445 3982 1447 3985 -
1467 3947 1528 4002 V.

551 4070 619 4129 In
660 4072 920 4130 illustrem
959 4084 1010 4130 et
1050 4085 1291 4130 sanctam
1337 4077 1554 4156 Domini
1597 4079 1786 4150 Deique
1829 4081 1996 4135 nostri
2051 4097 2131 4136 re-

1145 4157 1541 4203 surrecttoncm.

621 4303 956 4363 Benedictus
984 4306 1149 4364 Deus.
1189 4307 1446 4366 Dicamus
1475 4311 1624 4366 bona
1654 4311 1818 4368 verba
1840 4352 1855 4378 ,
1884 4319 1942 4368 et
1985 4313 2128 4370 cele-

547 4395 770 4454 bremus
786 4399 946 4454 hodie
969 4401 1254 4471 unigenam
1278 4401 1370 4457 Dei
1395 4401 1806 4470 Filium,verum
1827 4404 2131 4461 caelestium

547 4493 954 4553 procreatorem
1004 4507 1015 4541 :
1060 4490 1154 4559 qui
1242 4505 1308 4544 ex
1377 4494 1616 4548 occultis
1685 4502 1846 4548 terra:
1903 4496 2122 4553 sinibus

548 4574 807 4641 emersit,
842 4583 898 4631 et
925 4576 1245 4635 clarissimis
1280 4580 1448 4636 radiis
1477 4582 1660 4636 orbem
1688 4590 1960 4638 terrarum
1991 4600 2122 4655 ope-
2152 4590 2204 4650 D

546 4666 680 4721 ruit.
723 4667 1072 4725 tieiebremus
1124 4671 1287 4726 hodie
1318 4674 1648 4742 sepulturam
1694 4673 1991 4745 Unigeniti,
2038 4693 2128 4733 re-

547 4760 944 4814 surrectionem
995 4761 1252 4829 victoris,
1307 4763 1565 4832 gaudium
1626 4767 1814 4821 mundi
1862 4777 1916 4822 et
1960 4769 2127 4824 vitam

547 4851 794 4921 gentium
819 4851 1030 4906 mundi.
1086 4853 1440 4911 Cclebremus
1480 4855 1643 4911 hodie
1693 4872 1818 4926 eum
1869 4859 1962 4926 qui
1997 4875 2126 4929 pec-

546 4948 734 4996 catum
785 4941 1058 4998 induerat.
1112 4943 1467 5002 Celebremus
1499 4947 1658 5001 hodie
1693 4947 1785 5004 Dei
1840 4947 2077 5003 Verbum
2107 4990 2122 5018 ,

543 5033 690 5104 quod
722 5032 910 5088 mundi
945 5034 1271 5104 sapientiam
1296 5037 1478 5106 arguit
1503 5078 1517 5103 ,
1559 5037 1949 5106 prophetarum
1981 5055 2120 5109 prae-

543 5125 837 5180 dictionem
917 5125 1318 5192 confirmavit,
1395 5129 1768 5197 apostolorum
1841 5129 2116 5186 vinculum

542 5218 840 5272 connexuit
864 5256 880 5281 ,
923 5216 1182 5274 Ecclesia:
1226 5219 1586 5284 vocationem,
1621 5221 1860 5291 Spiritus
1887 5223 2118 5291 gratiam

542 5309 860 5378 explicavit.
889 5307 1031 5364 Ecce
1059 5313 1203 5364 enim
1228 5326 1328 5366 nos
1360 5313 1453 5382 qui
1478 5312 1607 5366 olim
1632 5314 1794 5368 alieni
1835 5329 1866 5367 a
1901 5313 1994 5369 Dei
2019 5329 2119 5369 no-

544 5400 661 5453 titia
701 5415 944 5463 eramus,
982 5399 1157 5454 Deum
1199 5403 1559 5471 agnovimus,
1607 5413 1661 5458 et
1687 5405 1816 5460 olim
1849 5405 2115 5475 scriptum

542 5489 840 5557 perfectum
863 5497 977 5544 est:
1004 5489 1438 5558 Reminiscentur,
1462 5503 1510 5546 ct
1536 5505 1902 5550 convertentur
1930 5496 2000 5550 ad
2019 5496 2117 5550 Do-

544 5583 743 5634 minum
791 5597 966 5635 omnes
1001 5584 1132 5650 ﬁnes
1177 5594 1331 5639 terrae
1353 5599 1372 5640 :
1395 5594 1446 5639 et
1475 5587 1772 5642 adorabunt
1809 5590 1863 5642 in
1901 5605 2116 5658 conspe-

543 5681 629 5724 ctu
653 5673 765 5741 ejus
791 5674 1050 5731 universa:
1074 5675 1298 5742 familia
1329 5679 1560 5747 gentium
1583 5681 1649 5733 ".
1677 5679 1848 5751 Cujus
1884 5682 1960 5738 rei
1996 5697 2115 5737 me-

613 5843 634 5873 ⁸
659 5841 804 5897 Psal.
831 5858 983 5907 cxi...
1017 5862 1070 5902 4.
1147 5848 1190 5879 ⁸·
1225 5849 1368 5903 Psm.
1413 5867 1525 5915 xxi,
1557 5848 1645 5903 28.

1817 485 1875 541 S.
1903 483 2227 540 GREGORH
2258 485 2550 542 NYSSENI

3680 487 3764 544 684'.

2231 601 2473 673 οὐρανῶν
2520 601 2890 672 ἀπελύθημεν,
2948 600 3042 656 νῦν
3085 604 3113 655 6
3159 602 3473 672 ἐπουράνιος
3515 603 3605 655 καὶ
3642 606 3765 673 ἡμᾶς

2229 689 2510 759 οὐρανίους
2533 689 2776 746 ἐποίησε.
2825 689 2957 742 Τότε
2991 690 3078 743 διὰ
3101 691 3198 760 τῆς
3233 691 3501 761 ἁμαρτίας
3525 692 3552 744 6
3571 691 3767 756 θάνατος

2230 778 2543 831 ὲσασίλευσε
2565 795 2578 809 ·
2625 777 2717 831 νῦν
2749 780 3282 862 ἀντιμεταλειμϐἀνει
3327 781 3415 832 διὰ
3450 781 3546 850 τῆς
3583 780 3708 848 ζωῆς
3739 784 3768 851 ἡ

2229 871 2540 944 δικαιοσύνη
2580 873 2640 926 τὸ
2679 875 2899 945 κράτος.
2943 873 3038 940 Εἷς
3065 877 3245 946 ἤνοιξε
3280 877 3398 929 τότε
3439 875 3531 928 τοῦ
3568 875 3767 930 θανάτου

2229 966 2327 1034 τὴν
2346 965 2566 1018 ετσοδον·
2591 965 2658 1018 δι’
2689 967 2807 1029 ἑνὸς
2829 969 2921 1020 καὶ
2943 969 3036 1021 νῦν
3061 973 3092 1040 ἠ
3119 970 3232 1040 ζωὴ
3253 969 3638 1035 ἀντεισάγεται.
3657 969 3769 1020 Τότε

2229 1053 2316 1106 διὰ
2350 1052 2442 1105 τοῦ
2477 1053 2705 1107 Θανάτου
2750 1055 2850 1124 τῆς
2885 1055 3030 1126 ζωῆς
3059 1056 3418 1125 ὲξεπέσαμεν·
3451 1057 3543 1112 νῦν
3577 1057 3768 1125 ὑπὸτῆς

2232 1142 2374 1212 ζωῆς
2401 1144 2700 1213 ἀναιρεῖται
2724 1148 2752 1197 ό
2774 1146 3018 1211 θάνατος.
3037 1149 3169 1200 Τότε
3187 1149 3276 1200 ὐπ’
3298 1149 3556 1218 αἰσχύνης
3573 1152 3633 1219 τῇ
3654 1152 3767 1218 συκῇ

2234 1231 2639 1304 ὐπεκρύῦημεν·
2660 1233 2752 1287 νῦν
2789 1235 2878 1288 διὰ
2893 1235 3048 1307 δόξης
3070 1235 3131 1289 τὸ
3166 1235 3317 1300 ξύλον
3339 1238 3439 1306 τῆς
3468 1237 3603 1307 ζωῆς
3632 1253 3770 1306 προσ-

2231 1322 2538 1392 εγγίζομεν.
2603 1324 2736 1378 Τότε
2769 1325 2856 1379 διὰ
2896 1328 2994 1397 τῆς
3023 1328 3307 1398 παρακοῆς
3359 1327 3453 1381 τοῦ
3483 1328 3768 1398 παραδείσου

2230 1412 2624 1486 ὲξῳκίσθημενο
2664 1415 2759 1469 νῦν
2796 1417 2884 1470 διὰ
2914 1417 3148 1481 πίστεως
3185 1418 3278 1471 τοῦ
3308 1419 3628 1489 παραδείσου
3663 1417 3768 1470 εἴσω

2231 1506 2511 1576 γινόμεθα.
2545 1507 2713 1562 Πάλιν
2741 1511 2769 1561 6
2799 1509 3008 1580 καρπὸς
3031 1511 3129 1580 τῆς
3159 1509 3306 1580 ζωῆς
3333 1512 3413 1573 εἰς
3444 1510 3643 1580 τρυφὴν
3664 1511 3769 1578 ἡμῖν

2233 1597 2512 1667 πρόκειται
2560 1599 2680 1651 κατ’
2719 1598 2984 1663 ἐξουσίαν.
3034 1600 3202 1654 Πάλιν
3251 1603 3284 1670 ὴ
3333 1599 3428 1653 τοῦ
3481 1598 3766 1669 παραδείσου

2232 1686 2404 1756 πηγὴ.
2433 1688 2465 1756 ή
2493 1689 2730 1758 τετραχῆ
2769 1688 2856 1741 διὰ
2890 1688 2998 1742 τῶν
3027 1689 3399 1757 εὐαγγελικῶν
3426 1689 3668 1759 ποταμῶν
3691 1705 3766 1758 με·

2235 1779 2525 1849 ριζομένη,
2573 1778 2719 1834 ἅπαν
2749 1779 2954 1843 ποτίζει
2995 1780 3056 1833 τὸ
3098 1781 3389 1850 πρόσωπον
3435 1781 3531 1851 τῆς
3578 1778 3766 1847 Ἐκκλη-

2237 1871 2355 1934 σίας
2374 1887 2387 1900 °
2430 1870 2505 1934 ὡς
2534 1871 2630 1925 καὶ
2655 1869 2946 1940 μεθύσκειν
2975 1871 3130 1942 ἡμῶν
3159 1872 3258 1934 τὰς
3295 1870 3536 1935 αὐλακας
3570 1871 3666 1924 τῶν
3689 1870 3765 1938 ψυ-

2235 1960 2366 2031 χῶν,
2397 1961 2462 2024 ἆς
2485 1962 2513 2013 6
2539 1961 2774 2032 σπείρων
2804 1961 2894 2016 τὸν
2915 1962 3071 2029 λόγον
3095 1960 3173 2032 τῷ
3194 1961 3412 2033 ἀρότρῳ
3439 1961 3534 2032 τῆς
3557 1959 3767 2014 διδασκσρ

2235 2052 2353 2115 λίας
2394 2053 2618 2122 ἀνέτεμε
2639 2091 2654 2116 ,
2693 2053 2787 2106 καὶ
2815 2052 3101 2124 πληθύνειν
3135 2053 3234 2122 τῆς
3279 2053 3480 2122 ἀρετῆς
3515 2051 3576 2105 τά
3609 2051 3766 2119 γεννή-

2238 2153 2404 2206 ματα.
2439 2137 2504 2190 Τί
2525 2133 2618 2192 οὖν
2648 2138 2741 2191 ἐπὶ
2783 2139 2991 2202 τούτοις
3018 2141 3287 2211 προσήκει
3319 2143 3526 2204 ποιείν;
3554 2139 3613 2191 Τί
3635 2137 3763 2198 ἄλλο,

2235 2222 2268 2294 ἢ
2311 2224 2592 2295 μιμεῖσθαι
2630 2226 2697 2280 τὰ
2725 2226 2824 2297 ὅρη
2855 2228 2923 2282 τὰ
2956 2229 3264 2300 προφητικά
3323 2230 3561 2292 καὶτοὺς
3586 2227 3764 2299 βουνοὺς

2235 2315 2346 2377 τοῖς
2371 2316 2737 2387 σκιρτήμασι;
2778 2319 2856 2373 Τὰ
2900 2319 3008 2388 ὄρη
3043 2321 3171 2391 γὰρ,
3212 2320 3399 2390 φησὶν,
3444 2320 3763 2387 éaxlptnaar

2233 2405 2377 2460 ὡσεί
2433 2407 2619 2476 κριοί,
2655 2409 2752 2463 καὶ
2805 2413 2858 2464 οἱ
2885 2411 3102 2474 ,βουνοί
3147 2411 3227 2477 ὠς
3263 2411 3443 2480 ἀρνία
3485 2391 3760 2480 προόδων.

2236 2493 2444 2550 Οὐκοῦν
2472 2494 2646 2561 δεῦτε,
2690 2496 3144 2570 ἀγαλλιασώμεθα
3191 2499 3270 2571 τῷ
3310 2501 3500 2572 Κυρίῳ
3519 2539 3534 2564 ,
3561 2498 3632 2569 τῷ
3659 2497 3760 2551 καθ-

2235 2583 2407 2638 ελόντι
2422 2585 2515 2640 τοῦ
2534 2587 2794 2657 πολεμίου
2817 2588 2914 2659 τὴν
2933 2590 3180 2660 δύναμιν,
3200 2591 3295 2644 καὶ
3315 2592 3377 2644 τὸ
3395 2592 3533 2662 μέγα
3550 2591 3760 2660 τρόπαιον

2235 2674 2328 2728 τοῦ
2354 2677 2587 2748 σταυροῦ
2625 2678 2765 2750 ὑπὲρ
2792 2679 2947 2750 ἡμῶν
2976 2681 3343 2752 ἀναστήσαντα.
3373 2684 3429 2736 ὲν
3453 2681 3526 2751 τῷ
3551 2679 3757 2748 πτώμιτι

2235 2765 2329 2820 τοῦ
2358 2767 2755 2839 ἀντικειμένου.
2798 2770 3195 2843 Ἀλαλάζωμεν.
3233 2773 3565 2844 Ἀλαλαγμὸς
3582 2772 3759 2825 δέὲστιν

2235 2857 2501 2922 ὲπινίκιος
2523 2859 2787 2931 εὐφημία,
2832 2861 2982 2931 ποιρά
3017 2862 3126 2916 τῶν
3154 2863 3572 2934 κεκρατηκότων
3593 2863 3757 2928 ὲγειρο·

2239 2948 2375 3021 μένη
2409 2949 2549 3003 κατὰ
2593 2950 2700 3004 τῶν
2738 2953 3077 3023 ἡττημένων.
3141 2955 3297 3007 Ἐπεὶ
3345 2951 3437 3009 οὖν
3472 2949 3756 3016 πέπτωκενὴ

2234 3037 2328 3092 τοῦ
2359 3039 2620 3110 πολεμίου
2645 3043 2968 3116 παράταξις,
3009 3044 3102 3097 καὶ
3136 3045 3299 3109 αὐτὸς
3323 3047 3522 3107 ἐκεῖνος
3545 3046 3569 3096 6
3589 3045 3640 3095 τὸ
3658 3041 3758 3111 κρά-

2235 3147 2326 3195 τος
2349 3130 2486 3199 ἐὶίων
2503 3131 2602 3201 τῆς
2628 3135 2867 3204 πονηρᾶς
2889 3134 2998 3188 τῶν
3023 3135 3295 3206 δαιμόνων
3326 3137 3573 3207 στρατιᾶς
3597 3135 3755 3202 οἴχεται

2237 3218 2332 3273 καὶ
2354 3217 2667 3288 ἠφάνισται,
2693 3222 2786 3274 καὶ
2807 3223 2885 3284 είς
2917 3223 2978 3275 τὸ
3009 3224 3083 3293 μὴ
3117 3223 3175 3276 ὃν
3203 3224 3305 3295 ῆδη
3334 3222 3750 3294 μετακεχὼρηκεν”

2237 3310 2500 3379 εἴπωμεν,
2527 3313 2607 3364 ὅτι
2630 3312 2759 3376 Θεὸς
2792 3312 2963 3383 μέγας
2993 3315 3214 3383 Κύριος,
3244 3317 3344 3367 καὶ
3370 3315 3606 3386 βασιλεὺς
3625 3312 3754 3381 μέγας

2238 3401 2328 3452 ἐπὶ
2353 3401 2532 3453 πᾶσαν
2566 3401 2662 3472 τὴν
2703 3402 2827 3472 γῆν,
2866 3402 2895 3454 6
2935 3401 3231 3472 εὐλογήσας
3276 3403 3369 3455 τὸν
3415 3402 3651 3470 στέφανον
3683 3393 3748 3448 τοῦ

2235 3491 2479 3546 ἐνιαυτοῦ
2532 3492 2632 3562 τῆς
2687 3493 3051 3567 χρηστότητος
3095 3493 3258 3547 αὐτοῦ
3287 3512 3301 3525 ·
3349 3495 3442 3548 καὶ
3488 3486 3749 3557 συναγαγὼν

2235 3585 2382 3654 ἡμᾶς
2421 3586 2500 3649 εἰς
2544 3585 2643 3657 τὴν
2689 3585 3064 3656 πνευματικὴν
3102 3585 3308 3656 ταύτην
3345 3583 3684 3657 χοροστασίαν,
3708 3577 3748 3626 ὲν

2235 3677 2456 3748 Χριστῷ
2491 3678 2666 3750 Ἰησοῦ
2695 3678 2774 3752 τῷ
2801 3677 2987 3750 Κυρίῳ
3007 3717 3020 3743 ,
3043 3670 3087 3746 ᾧ
3106 3680 3139 3748 ἡ
3165 3677 3293 3743 δόξα
3323 3682 3404 3745 εἰς
3434 3679 3551 3743 τοὺς
3578 3673 3745 3733 αἰῶνας·

2247 3769 2434 3841 Ἀμήν.

2849 3953 3066 4008 ΛΟΓΟΣ
3095 3955 3170 4008 Ε’.

2228 4084 2334 4150 Εις
2359 4083 2474 4154 τὴν
2501 4085 2850 4155 φωτοςοόρον
2873 4085 2972 4139 καὶ
3000 4087 3177 4155 ἁγίαν
3200 4087 3538 4142 ἀνάστασιν
3551 4080 3642 4138 τοῦ
3662 4080 3741 4132 Κυ-

2669 4157 2808 4224 ρίου
2845 4156 2942 4209 καὶ
2978 4157 3126 4212 Θεοῦ
3167 4157 3354 4226 ἡμῶν.

2301 4309 2605 4382 Εὐλόγητος
2630 4310 2658 4364 6
2685 4310 2838 4375 Θεός.
2865 4311 3016 4382 Εὐφη
3026 4312 3289 4384 μήσωμεν
3316 4313 3540 4383 τήμερον
3561 4307 3638 4360 τὸν
3659 4300 3737 4356 Mo-

2233 4403 2428 4476 νογενῆ
2454 4404 2607 4468 Θεὸν,
2636 4403 2728 4458 τὸν
2760 4402 2868 4458 τῶν
2907 4404 3171 4475 οὐρανίων
3215 4405 3529 4475 γεννήτορα,
3555 4399 3632 4452 τὸν
3657 4391 3734 4445 τῶν

2233 4494 2478 4564 κρυφίων
2511 4492 2750 4562 λαγόνων
2799 4493 2900 4562 τῆς
2952 4497 3056 4566 γῆς
3101 4494 3504 4564 ὑπερκύψαντα,
3545 4487 3622 4542 καὶ
3648 4483 3732 4540 ταῖς

2230 4585 2559 4656 φαοσφύροις
2579 4586 2760 4638 ἀκτῖσι
2782 4585 2880 4656 τὴν
2891 4585 3019 4656 ὃλην
3046 4586 3371 4657 οἰκουμένην
3387 4579 3729 4639 ὲπισκιάσαντα.

2229 4678 2647 4749 Εὐφημησωμεν
2688 4679 2925 4750 τήμερον
2952 4678 3051 4750 τὴν
3093 4678 3275 4748 ταφὴν
3304 4678 3396 4732 τοῦ
3437 4663 3726 4739 Moverat/0'3"

2225 4769 2324 4840 τὴν
2351 4769 2647 4823 ἀνάστασιν
2697 4768 2791 4822 τοῦ
2819 4768 3059 4841 νικητοῦ,
3091 4769 3190 4840 τὴν
3220 4769 3392 4840 χαρὰν
3435 4763 3518 4820 τοῦ
3557 4761 3726 4826 κόσμου»

2223 4861 2322 4932 τὴν
2361 4860 2506 4932 ζωὴν
2533 4860 2643 4914 τῶν
2671 4859 2840 4914 ἐθνῶν
2872 4859 2967 4914 τοῦ
2999 4861 3224 4931 κόσμου.
3260 4857 3645 4928 Εὐφημήσωμεν
3663 4842 3726 4908 τή·

2227 4968 2389 5021 μερον
2415 4951 2504 5005 τὸν
2537 4951 2636 5020 τὴν
2669 4951 2942 5021 ἁμαρτίαν
2966 4951 3344 5020 ὲνδυσάμενον.
3375 4941 3722 5015 Εὐφημήσωμεν

2222 5043 2461 5112 τήμερον
2496 5043 2588 5096 τὸν
2619 5042 2751 5096 Θεὸν
2779 5043 2970 5111 Λόγον,
3003 5043 3060 5107 ὃς
3100 5044 3198 5113 τὴν
3228 5041 3324 5096 τοῦ
3357 5040 3544 5110 κόσμου
3582 5025 3721 5094 σοφίαν

2221 5131 2447 5201 ἤλεγξεο
2503 5131 2610 5184 τῶν
2668 5132 2962 5202 προφητῶν
3009 5131 3110 5203 τὴν
3164 5133 3460 5202 πρόρρησιν
3507 5120 3714 5203 ἐκύρωξν

2219 5199 2338 5273 τῶν
2356 5219 2668 5272 ἀποστόλων
2697 5199 2799 5272 τὸν
2825 5199 3120 5290 σύνδεσμον
3152 5199 3460 5290 συνήθροισε
3479 5231 3494 5246 ·
3519 5210 3606 5278 τῆς,
3633 5199 3716 5252 Ἐκ·

2220 5311 2449 5382 κλησίας
2478 5311 2578 5383 τὴν
2623 5311 2836 5381 κλῆσιν,
2873 5311 2967 5364 τοῦ
3009 5314 3324 5382 Πνεύματος
3351 5308 3444 5379 τὴν
3482 5293 3714 5383 χάριν

2222 5381 2459 5472 ήπλωσε.
2510 5381 2638 5453 ’Ῐδοὺ
2675 5400 2784 5470 γὰρ
2818 5403 2976 5472 ἡμεῖς
3007 5403 3064 5454 οἵ
3084 5381 3212 5454 ποτε
3237 5400 3370 5467 ξένοι
3397 5395 3489 5464 τῆς
3514 5386 3591 5441 τοῦ
3621 5381 3713 5431 Θειτυ

2224 5489 2591 5561 ἐπιγνώσεως,
2633 5491 2723 5544 τὸν
2765 5491 2897 5544 Θεὸν
2942 5493 3260 5560 ἐπέγνωμεν
3281 5505 3294 5517 °
3326 5487 3413 5540 mi
3443 5483 3497 5534 τὸ
3532 5481 3712 5544 γεγραμ·

2227 5582 2387 5652 μένον
2418 5582 2804 5654 πεπλήρωται’
2858 5583 3330 5651 Μνησθιξσονται
3375 5575 3467 5632 καὶ
3504 5569 3710 5654 gmw-fea-

2222 5672 2520 5745 φήσονται
2539 5675 2687 5743 πρὸς
2712 5677 2930 5745 Κύριον
2953 5677 3148 5728 πάντα
3179 5675 3244 5730 τὰ
3273 5668 3479 5742 πέρατα
3504 5657 3591 5726 τῆς
3610 5663 3709 5719 ἵης’
