3882 6420
322 472 429 528 685

1182 480 1253 535 ΙΝ
1289 479 1568 540 CHRISTI
1607 484 2245 554 RESURRECTIONEM
2287 500 2490 559 ORAT.
2531 506 2596 561 ν.

3466 524 3569 581 686

320 581 422 636 καὶ
476 584 1024 651 προσκυνήσουσιν
1067 588 1324 648 ἐνώπιον
1370 598 1557 652 αὐτοῦ
1612 600 1801 655 πᾶσαι
1848 621 1860 655 ι

328 672 558 692 d_____,
615 672 725 692 _,..m
788 674 844 692 ,η
895 674 920 688 ..
1041 677 1104 692 ....
1294 684 1349 692 -.
1640 690 1698 692 Α.

1966 626 1979 663 ι
2009 624 2189 668 mores
2218 618 2420 671 erunt?
2449 618 2671 691 Antiqui
2706 621 2913 692 lapsus,
2939 633 2992 681 et
3020 640 3174 682 novae
3208 634 3568 685 resurrectio-

319 672 561 739 πατριαὶ
607 672 728 726 τῶν
776 674 988 734 ἐθνῶν.
1041 677 1105 733 Τί
1147 684 1584 756 μνησθήσονται;
1638 690 1748 761 Τὴν
1803 710 1899 745 πα-

316 761 473 816 λαιὰν
529 764 773 833 πτῶσιν,
819 768 919 839 τὴν
963 770 1091 825 νέαν
1145 775 1476 843 ἀνάστασιν,
1522 779 1622 851 τὴν
1668 782 1896 852 ἀρχαίαν

317 854 649 925 παράϐασιν,
690 858 786 911 καὶ
813 857 913 929 τὴν
956 859 1183 934 ὕστερον
1214 865 1501 936 διόρθωσιν
1522 885 1536 899 ⁸
1577 868 1676 940 τὴν
1708 872 1896 943 θνῆσιν

313 941 412 1011 τῆς
458 941 625 1007 Εὔας,
659 946 759 1015 τῆς
794 947 1076 1018 Παρθένου
1127 951 1229 1024 τὴν
1257 954 1530 1025 γέννησιν,
1584 958 1691 1012 τῶν
1728 941 1895 1017 ἐθνῶν

312 1030 411 1102 τὴν
443 1033 838 1104 ἐπανόρθωσιν,
884 1037 992 1093 τῶν
1027 1041 1368 1112 ἁμαρτωλῶν
1406 1046 1504 1117 τὴν
1538 1047 1750 1117 ἄφεσιν,
1783 1052 1894 1107 τῶν

313 1123 605 1193 προφητῶν
638 1124 738 1196 τὴν
770 1126 1093 1198 πρόρρησιν,
1130 1131 1238 1184 τῶν
1277 1134 1591 1192 ἀποστόλων
1627 1141 1686 1194 τὸ
1727 1142 1893 1213 κήρυ-

311 1227 445 1280 γμα,
480 1212 583 1282 τῆς
611 1213 999 1289 κολυμϐήθρας
1033 1220 1133 1292 τὴν
1163 1223 1542 1298 άναγέννησιν,
1575 1230 1668 1284 τοῦ
1708 1212 1889 1303 παρα-

307 1301 486 1354 δείσου
530 1304 630 1374 τὴν
682 1306 998 1378 είσοίκησιν,
1041 1311 1150 1364 τῶν
1195 1314 1443 1386 οὐρανῶν
1477 1318 1574 1391 τὴν
1609 1301 1884 1390 ἐπάνοδον,

307 1385 396 1437 τὸν
411 1389 756 1460 Δημιουργὸν
786 1393 1163 1467 ἀνιστάμενον,
1188 1385 1280 1454 τὸν
1301 1402 1401 1474 τὴν
1426 1385 1731 1478 ἀπρέπειαν
1760 1385 1888 1466 dmo-

304 1475 626 1548 δυσάμενον,
673 1483 765 1537 τὸν
813 1488 882 1557 τῇ
932 1486 1085 1560 θεϊκῇ
1128 1475 1519 1567 μεγαλουργία
1542 1499 1604 1552 τὸ
1649 1501 1885 1573 φθαρτὸν

306 1569 383 1631 είς
411 1571 724 1643 ἀφθαρσίαν
762 1578 1190 1647 μεταλλάξαντα.
1227 1585 1337 1638 Καὶ
1384 1589 1545 1644 ποίαν
1576 1569 1884 1665 ἀπρέπειαν

301 1659 569 1728 deses-ro;
620 1667 723 1719 Ἢν
771 1668 997 1734 Ἡσαΐας
1040 1670 1185 1743 εἶπε,
1240 1678 1351 1731 Kal
1394 1680 1635 1752 εἴδομεν
1662 1659 1879 1754 αὐτὸν,

298 1839 364 1892 τὸ
388 1837 551 1909 εἶδος
576 1846 762 1900 αὐτοῦ
790 1846 1021 1918 ἄτιμον,
1042 1853 1327 1914 ἐκλεῖπον
1347 1862 1507 1929 παρὰ
1538 1837 1681 1932 τούς
1709 1868 1879 1935 υἱοὺς

295 1928 414 1983 τῶν
443 1933 790 2002 ἀνθρώπων.
831 1942 968 1994 Πότε
1014 1938 1083 2015 ἦν
1125 1946 1354 2018 ἄτιμος;
1389 1928 1520 2006 Ὅτε
1558 1928 1672 2019 τοῖς
1702 1928 1879 2031 ἀλιτηί
1911 1933 1951 1988 Β

295 2022 432 2091 ρίοις
489 2026 762 2094 Ἰουδαίοις
808 2035 1177 2107 προσωμίλειξ
1226 2042 1319 2095 καὶ
1365 2044 1735 2119 Σαμαρείτης,
1783 2022 1877 2105 καὶ

292 2113 571 2214 δαιμόνιον
598 2118 737 2189 ἔχων
781 2124 1028 2182 ἐκαλεῖτο
1051 2147 1065 2161 ·
1107 2130 1196 2185 ὅτε
1236 2113 1487 2198 Ἰούδας-ὀ
1524 2113 1875 2214 Ἰσκαριώτης

292 2203 386 2300 καὶ
413 2204 482 2257 τὰ
498 2207 607 2300 Δτοῦ
639 2211 862 2276 σκότους
890 2218 1222 2290 γεννήματα,
1244 2223 1380 2293 πρὸς
1406 2225 1566 2293 φόνον
1611 2203 1873 2300 ex};de

290 2292 381 2344 τὸν
404 2294 706 2368 άχώρητον.
736 2305 850 2357 υὺκ
874 2306 1131 2373 ἀσκόπως
1158 2292 1343 2380 ἔλεγεν
1374 2292 1558 2380 αύτοῖς
1601 2292 1866 2394 Ἰωάννης·

291 2387 650 2457 Γεννήματα
681 2394 956 2467 ἐχιδνῶν,
1002 2402 1098 2467 τίς
1137 2403 1454 2471 ὑπέδειξεν
1481 2410 1625 2479 ὑμῖν
1655 2387 1871 2484 φυγεῖν

287 2475 406 2578 ἀπὸ
601 2487 953 2556 μελλούσης
994 2491 1214 2561 όργῆς;
1257 2496 1467 2562 Ὄντως
1509 2475 1617 2572 γὰρ
1729 2475 1867 2578 όργὴ

285 2566 379 2620 τοῦ
428 2569 563 2623 Θεοῦ
611 2578 764 2643 μενεῖ
804 2578 891 2631 ἐπ’
932 2581 1152 2645 αὐτούς.
1197 2584 1337 2638 Πότε
1378 2581 1447 2657 ἦν
1471 2566 1698 2659 ἄτιμος-ς

285 2658 345 2710 τὸ
387 2658 675 2732 βλάστημα
702 2665 802 2736 τῆς
848 2668 1150 2736 ἐπιεικείας
1183 2673 1433 2747 ῥάπισμα
1469 2658 1862 2752 διελάμϐανεν,

283 2750 380 2801 καὶ
413 2751 535 2819 μεθ’
574 2754 752 2825 ὅρκων
791 2757 1018 2831 ἠρώτων
1046 2763 1156 2817 τῶν
1195 2766 1376 2837 ὅρκων
1404 2750 1665 2844 δικαστῆν
1697 2776 1865 2847 ὑπάρ-

283 2855 466 2908 χοντα.
498 2844 633 2898 Πότε
669 2843 741 2918 ἦν
770 2848 994 2921 ἄτιμος;
1047 2854 1175 2908 Ὅτε
1212 2857 1490 2923 ἐδικάζετο
1527 2864 1554 2915 6
1581 2843 1858 2939 δικαστὴς,

283 2930 376 2982 καὶ
404 2933 650 3003 ἐκρίνετο
675 2938 704 2989 6
737 2940 926 3010 κριτὴς
949 2942 1044 2997 τοῦ
1072 2946 1279 3018 κόσμου
1298 2962 1313 2978 °
1346 2953 1374 3004 6
1404 2953 1622 3026 οἰκέτης
1649 2930 1854 3029 ἠρώτα,

280 3020 547 3093 δεσπότης
575 3027 803 3096 ἐσιώπα,
832 3034 927 3087 καὶ
969 3034 1031 3088 τὸ
1074 3037 1189 3106 φῶς
1233 3040 1495 3113 ἡσύχαζε,
1544 3020 1640 3100 καὶ
1671 3020 1861 3117 σκότος

282 3113 515 3212 ἐγαυρία
536 3134 549 3148 ⁸
582 3119 641 3171 τὸ
683 3120 907 3212 πλάσμα
950 3126 1293 3199 ἐθρασύνετο,
1326 3135 1421 3189 καὶ
1464 3139 1493 3190 6
1528 3113 1861 3212 δημιουργὸς

280 3203 587 3304 ἐκαρτέρει.
624 3211 762 3266 Πότε
787 3209 856 3285 ἦν
882 3216 1107 3288 ἄτιμος;
1145 3220 1272 3276 ’Ὀτε
1299 3226 1347 3278 oi
1383 3203 1857 3304 ταῦροιηέκεράτιλ

281 3291 407 3362 ζον,
442 3298 537 3350 καὶ
568 3301 597 3353 6
640 3303 838 3374 μόσχος
871 3308 1199 3379 παρίστατο·
1239 3313 1327 3367 ὅτε
1365 3318 1394 3369 6
1436 3291 1570 3373 λέων
1606 3291 1854 3394 ὠρύᾶτο,

281 3386 375 3440 καὶ
407 3388 458 3442 oi
488 3390 678 3463 ταῦροι
698 3394 1079 3468 ἐγαυρύνοντο,
1103 3402 1631 3479 καθὼςγέγραπται·
1656 3386 1855 3483 llepr

280 3478 605 3535 κύκλωσάν
622 3501 699 3553 με
720 3489 947 3557 μόσχοι
986 3494 1226 3557 πολλοὶ,
1269 3478 1473 3565 ταῦροι
1512 3478 1856 3569 πίονες-Υπε-

266 3569 526 3640 ριέσχσν
560 3591 654 3643 με.
700 3579 988 3645 ’Ἠνοιξαν
1028 3584 1121 3637 ἐπ’
1152 3585 1258 3656 ἐμὲ
1290 3588 1357 3642 τὸ
1396 3592 1591 3660 στόμα
1633 3594 1851 3663 αὐτῶν,

247 3660 356 3727 ’ὡς
391 3663 549 3718 λέων
572 3667 840 3734 ἁρπάζων
866 3674 962 3727 καὶ
989 3674 1344 3746 ὠρυόμενος.
1373 3682 1508 3736 Πότε
1532 3681 1600 3757 ἦν
1625 3660 1851 3760 ἄτιμοςξ

276 3753 407 3806 Ὅτε
435 3757 485 3809 οἱ
524 3756 683 3820 κύνες
720 3760 1003 3830 ὑλάκτουν,
1040 3770 1135 3822 καὶ
1179 3771 1208 3823 6
1244 3772 1519 3847 Δεσπότης
1555 3753 1850 3851 ⁷ὴνιείχετοέ

270 3844 362 3897 ὅτε
395 3848 445 3898 οἱ
490 3846 640 3902 λύκοι
672 3851 939 3921 ἥρπαζον,
973 3859 1066 3911 καὶ
1101 3858 1163 3911 τὸ
1210 3844 1483 3932 πρόϐατον
1512 3844 1846 3941 παρίστατο·

268 3934 361 3987 ὅτε
385 3935 587 4009 λῃστὴς
616 3942 694 4003 είς
720 3941 864 4014 ζωὴν
890 3946 1165 4014 ἐκαλεῖτο,
1207 3954 1241 4022 ή
1290 3953 1347 4007 δὲ
1381 3954 1493 4029 ζωὴ
1520 3934 1615 4014 τού
1646 3964 1850 4036 κόσμου

268 4027 352 4088 εἰς
383 4027 609 4084 θάνατον
641 4031 850 4086 εἵλκετο
870 4051 884 4065 ·
932 4037 1022 4090 ὅτε
1051 4039 1220 4095 ἐϐόων
1249 4045 1462 4119 ἐκείνην
1481 4027 1586 4121 τὴν
1618 4027 1849 4114 ἄτακτον

270 4116 366 4168 καὶ
429 4117 669 4208 ὀλέθριον
702 4125 903 4195 φωνὴν,
934 4123 1137 4196 τΑρον,
1174 4125 1342 4201 ἆρον,
1370 4116 1724 4208 σταύρωσον
1746 4151 1850 4203 αὐ-

266 4206 399 4259 τόν.
437 4207 507 4261 Τὸ
558 4205 702 4280 αἷμα
740 4216 925 4269 αὑτοῦ
953 4217 1045 4286 ἐφ’
1081 4219 1240 4288 ἡμᾶς
1281 4225 1378 4279 καὶ
1417 4205 1535 4283 ἐπὶ*
1550 4237 1624 4287 τὰ
1668 4236 1848 4293 τέκνα

266 4294 459 4363 ἡμῶν.
498 4299 560 4352 Οἱ
588 4302 961 4373 Κυριοκτόνοι,
1006 4309 1055 4360 oi
1090 4318 1535 4396 προφητοκτόνοι,
1569 4324 1616 4376 oi
1648 4324 1844 4396 θεομάο

263 4400 388 4455 χοι,
426 4388 473 4439 οἰ
508 4390 770 4461 μισόθεοι,
815 4397 862 4448 οἱ
894 4397 986 4450 τοῦ
1028 4399 1192 4471 νόμου
1228 4391 1496 4476 ὑϐρισταὶ,
1541 4414 1590 4465 οἱ
1626 4416 1722 4487 τῆς
1744 4388 1845 4489 ’χά-

264 4495 417 4549 ριτος
444 4481 710 4552 πολέμιοι,
738 4486 789 4540 oi
817 4487 1083 4561 ἀλλότριοι
1114 4495 1213 4565 τῆς
1250 4497 1484 4565 πίστεως
1524 4505 1628 4560 τῶν
1676 4481 1841 4566 πατέ-

265 4585 411 4638 ρων,
442 4575 489 4625 οἱ
522 4576 806 4648 συνήγοροι
843 4578 938 4632 τοῦ
967 4580 1211 4636 διαϐόλου
1231 4626 1246 4652 ,
1284 4588 1352 4641 τὰ
1394 4595 1703 4666 γεννήματα
1730 4603 1838 4655 τῶν
1869 4577 1915 4632 D

261 4661 510 4730 ἐχιδνῶν,
530 4668 579 4718 οἱ
601 4665 938 4739 ψιθυρισταὶ,
967 4674 1015 4727 οἱ
1044 4675 1357 4746 κατάλαλοι,
1389 4683 1438 4734 οἱ
1463 4661 1836 4760 ἐσκοτωμένοι

256 4753 330 4821 τῇ
364 4752 588 4826 διανοίᾳ,
638 4759 671 4829 ἡ
724 4756 869 4831 ζύμη
918 4762 1029 4817 τῶν
1070 4767 1414 4838 Φαρισαίων,
1462 4776 1520 4829 τὸ
1569 4752 1837 4854 συνέδριον

252 4840 370 4893 τῶν
396 4842 683 4915 δαιμόνων,
728 4851 778 4912 ot
807 4851 1123 4925 ἀλάστορες,
1158 4859 1209 4910 oi
1239 4860 1574 4931 πάμφαυλοι,
1600 4870 1651 4922 οἱ
1688 4840 1836 4927 λίθοιο

254 4935 406 5034 εἷται,
448 4938 498 4989 οἱ
546 4940 848 5008 μισόκαλοι.
904 4945 1146 5010 Εἰκότως
1175 4948 1284 5021 γὰρ
1323 4951 1573 5024 ἔκραζον·
1624 4954 1833 5034 Ἆρον,

248 5018 427 5091 ἆρον,
480 5031 835 5099 σταύρωσον
882 5038 1086 5092 αὐτόν.
1143 5018 1358 5113 Ἑϐάρει
1392 5018 1515 5118 ἰγὰρ
1555 5018 1751 5119 αὐτοθς

248 5117 521 5189 ἐπιδημία
570 5124 670 5194 τῆς
716 5123 967 5198 θεότητος
1027 5131 1163 5200 μετὰ
1220 5136 1452 5205 σαρκὸς,
1487 5117 1594 5194 καὶ
1644 5117 1832 5201 ἐλύπει

246 5207 365 5260 τῶν
395 5210 628 5282 ἐλέγχων
655 5217 684 5267 6
710 5218 908 5287 τρόπος
929 5237 943 5251 ⁸
977 5221 1096 5285 ἔθος
1139 5223 1246 5295 γὰρ
1278 5227 1616 5298 ἁμαρτωλοῖς
1654 5243 1830 5307 μισεῖν

245 5298 349 5370 τὴν
381 5300 488 5354 τῶν
515 5303 738 5360 δικαίων
768 5311 1074 5379 συντυχίαν.

320 5390 463 5483 Πότε
508 5389 578 5464 ἦν
619 5395 839 5483 deinec;
897 5401 1023 5454 Ὅτε
1067 5405 1228 5459 αὑτὸν
1270 5409 1706 5483 ἐφραγέλλωσαν,
1738 5423 1832 5474 καὶ

245 5477 309 5530 τὸ
343 5477 503 5549 σῶμα
531 5482 696 5537 αὑτοῦ
727 5487 787 5539 τὸ
822 5489 975 5558 άγιον
1018 5477 1356 5563 ἐϐασάνιζον,
1397 5477 1627 5573 φέροντα
1675 5477 1833 5563 ἐκου-

250 5566 382 5631 σίως
412 5572 600 5639 πάθος,
642 5575 727 5630 ἵνα
752 5580 877 5642 τοὺς
899 5581 1160 5648 παλαιοὺς
1190 5566 1589 5656 μώλωπαςτῶν
1632 5599 1832 5668 ἡμετέ-

2000 701 2120 767 nis,
2157 712 2211 759 et
2257 708 2658 769 emendationis
2689 729 2810 785 quae
2832 723 3021 785 postea
3051 726 3239 774 secuta
3279 728 3398 776 est:
3439 721 3567 777 Eva:

1998 791 2275 862 interitus,
2300 799 2533 870 virginis
2562 810 2738 869 ortus,
2771 808 3013 877 gentium
3045 811 3437 876 restitutionis,
3471 811 3567 867 de-

1996 884 2359 955 linquentium
2405 892 2797 963 absolutionis,
2830 899 3218 970 prophetarum
3250 901 3565 971 praedictio—

1994 978 2117 1043 nis;
2158 981 2529 1049 apostolorum
2557 986 2985 1056 praedicationis,
3026 992 3252 1061 piscinae
3284 1007 3564 1063 regenera-

1991 1068 2180 1136 tionis,
2208 1070 2263 1127 in
2291 1074 2601 1143 paradisum
2634 1079 3051 1137 introductionis
3081 1126 3096 1150 ,
3128 1085 3337 1141 reditus
3367 1086 3421 1139 in
3451 1100 3564 1139 ca:-

1993 1158 2098 1222 los,
2134 1175 2317 1217 rerum
2350 1164 2574 1237 Opiﬁcis
2605 1169 2674 1225 ad
2698 1170 2866 1225 vitam
2894 1172 3196 1238 redeuntis,
3228 1188 3355 1228 cum
3405 1174 3561 1230 inde-

1990 1250 2223 1305 centiam
2281 1255 2557 1325 exuisset,
2622 1274 2686 1314 ac
2729 1246 2912 1333 divina
2966 1263 3369 1334 magniﬁcentia
3413 1265 3561 1335 quod

1986 1349 2107 1393 erat
2136 1344 2366 1399 mortale
2412 1356 2465 1401 et
2495 1359 2837 1420 corruptum,
2870 1354 2927 1407 in
2959 1354 3268 1410 immortale
3294 1363 3349 1410 et
3376 1355 3563 1411 incor-

1986 1441 2205 1500 ruptum
2252 1443 2669 1493 commutasset.
2728 1438 2952 1505 Qualem
3007 1457 3137 1497 vero
3191 1442 3555 1499 indecentiam

1984 1522 2275 1590 deposuit?
2304 1538 2422 1578 eam
2458 1540 2622 1596 quam
2669 1513 2815 1583 dixit.
2859 1530 3027 1604 Isaias
3059 1531 3148 1587 his
3178 1533 3358 1588 verbis
3410 1547 3426 1584 :
3484 1531 3556 1586 Et

1984 1611 2207 1668 vidimus
2235 1614 2429 1683 ipsum,
2451 1625 2502 1671 et
2540 1634 2645 1673 non
2694 1631 2808 1675 erat
2849 1623 3063 1689 species,
3093 1640 3184 1677 nec
3214 1623 3392 1678 decor.
3448 1622 3553 1679 Sed

1981 1702 2145 1771 facies
2172 1705 2286 1774 ejus
2319 1717 2433 1761 erat
2470 1709 2737 1780 ignobilis,
2782 1713 3005 1782 inferior
3052 1715 3229 1784 forma
3279 1732 3389 1784 pra
3421 1716 3552 1786 ﬁliis

1983 1794 2252 1851 hominum
2276 1798 2319 1851 ³.
2365 1797 2595 1865 Quando
2656 1802 2915 1874 ignobilis
2956 1806 3111 1861 erat?
3138 1807 3360 1877 quando
3423 1822 3551 1863 cum

1981 1883 2262 1941 sceleratis
2288 1884 2491 1942 Iudaeis
2520 1892 2967 1959 conversabatur,
2998 1902 3054 1949 et
3093 1893 3470 1953 Samaritanus
3496 1903 3552 1950 et

1978 1974 2247 2032 daemonio
2306 1980 2611 2050 exagitatus
2656 1981 2962 2039 dicebatur.
2997 1983 3227 2050 Quando
3270 1984 3443 2042 Iudas
3470 1984 3551 2042 ls-

1977 2066 2214 2124 cariotes
2245 2078 2297 2124 et
2327 2071 2675 2126 tenebrarum
2706 2075 2993 2144 progenies
3027 2075 3287 2131 tenebant
3334 2076 3407 2132 ad
3441 2092 3549 2133 ca:-

1975 2156 2097 2210 dem
2127 2173 2274 2223 eum,
2308 2175 2469 2229 quem
2504 2162 2686 2218 nullus
2735 2164 2888 2219 locus
2940 2178 3137 2234 capere
3184 2172 3383 2235 potest.
3424 2165 3547 2222 Non

1975 2245 2073 2301 abs
2105 2261 2164 2301 re
2190 2247 2405 2304 dicebat
2436 2250 2571 2320 ipsis
2600 2251 2873 2320 Joannes;
2909 2251 3188 2323 Genimina
3223 2256 3543 2322 viperarum,

1971 2335 2087 2402 quis
2112 2337 2337 2391 ostendit
2368 2339 2509 2394 vobis
2530 2341 2709 2412 fugere
2730 2359 2763 2396 α
2789 2343 2972 2406 futura
3003 2344 3089 2398 ira
3108 2345 3194 2399 "il
3232 2344 3365 2403 Vere
3397 2347 3546 2403 enim

1971 2424 2053 2479 ira
2078 2425 2172 2483 Dei
2194 2431 2435 2486 manebit
2466 2448 2633 2503 super
2665 2434 2819 2505 ipsis.
2852 2425 3084 2502 Quando
3119 2437 3222 2492 fuit
3243 2437 3547 2509 ignobilis?

1972 2514 2106 2571 Tum
2142 2534 2267 2575 cum
2289 2522 2474 2579 nobile
2521 2540 2744 2596 germen
2790 2529 3063 2598 aequitatis
3105 2530 3260 2601 gravi
3313 2529 3544 2600 colapho

1968 2621 2167 2663 caesum
2193 2619 2277 2666 est
2307 2651 2321 2676 ,
2347 2621 2543 2668 etcum
2578 2632 2766 2671 verum
2810 2618 3176 2688 jurisjurandi
3228 2618 3538 2690 praesidem.

1968 2712 2092 2751 cum
2123 2709 2468 2758 sacramento
2491 2704 2788 2772 juramenti
2846 2709 3269 2780 interrogarent.
3302 2708 3539 2775 Quando

1966 2788 2087 2843 sine
2127 2788 2335 2847 honore
2370 2792 2504 2848 fuit?
2530 2794 2665 2850 Cum
2695 2796 3038 2865 judicaretur
3085 2800 3274 2870 iudex,
3304 2808 3360 2857 et
3386 2801 3539 2858 arbi-

1965 2884 2051 2930 ter
2098 2882 2285 2935 mundi
2312 2882 2699 2953 damnaretur;
2739 2904 2862 2943 cum
2904 2903 3099 2946 servus
3130 2891 3450 2961 inquireret,
3481 2900 3539 2951 ut

1965 2968 2131 3026 herus
2160 2973 2551 3031 conticesceret
2580 2993 2594 3044 ;
2623 2992 2747 3032 cum
2782 2980 2872 3034 lux
2900 2982 3226 3051 quiesceret,
3262 2990 3317 3040 et
3358 2984 3537 3056 caligo

1963 3063 2299 3131 exsultaret;
2328 3080 2451 3121 cum
2507 3067 2821 3139 figmentum
2872 3072 3156 3128 audaciam
3187 3088 3300 3144 prae
3338 3090 3398 3130 se
3423 3075 3535 3133 fer-

1964 3159 2069 3219 ret,
2100 3160 2155 3209 et
2188 3170 2371 3211 rerum
2405 3158 2583 3228 opifex
2610 3171 3006 3243 perpeteretur.
3039 3162 3271 3231 Quando
3296 3165 3402 3222 fuit
3446 3168 3537 3223 in-

1884 3251 1927 3309 c
1960 3244 2168 3314 glorius
2191 3247 2215 3300 ἲ
2237 3248 2370 3305 Cum
2405 3255 2545 3306 tauri
2582 3255 2844 3311 cornibus
2878 3256 3223 3326 impeterent,
3260 3266 3317 3314 et
3338 3259 3535 3330 juven-

1960 3348 2059 3390 cus
2089 3352 2148 3393 se
2179 3339 2559 3410 submitteret;
2593 3358 2717 3398 cum
2737 3346 2943 3415 rugiret
2971 3347 3075 3415 leo,
3099 3354 3155 3404 et
3188 3350 3533 3420 superbirent

1958 3427 2103 3481 tauri
2137 3444 2151 3479 :
2186 3430 2328 3485 sicut
2362 3433 2630 3503 scriptum
2664 3445 2748 3490 est
2780 3454 2793 3489 :
2820 3435 3292 3494 Circumdederunt
3334 3456 3415 3495 me
3454 3443 3533 3495 υἱ-
3562 3464 3566 3468 ι

1958 3520 2059 3571 tuli
2096 3522 2268 3585 multi,
2328 3525 2470 3577 tauri
2513 3525 2728 3595 pingues
2789 3526 3098 3582 obsederunt
3140 3545 3241 3583 me.
3295 3533 3530 3600 Aperue-

1957 3620 2078 3662 runt
2108 3627 2265 3681 super
2294 3630 2374 3667 me
2411 3631 2466 3668 os
2486 3631 2657 3680 suum,
2683 3618 2819 3672 sicut
2847 3618 2925 3673 leo
2950 3620 3160 3688 rapiens
3193 3630 3244 3675 et
3261 3622 3525 3691 rugiens‘.

1955 3697 2186 3763 Quando
2223 3700 2324 3755 fuit
2354 3703 2754 3761 inhonoratus?
2790 3706 2926 3762 Cum
2953 3722 3118 3765 canes
3149 3709 3411 3765 latrarent
3435 3728 3451 3779 ;
3475 3720 3530 3765 et

1954 3788 2218 3847 Dominus
2246 3794 2516 3863 patienter
2555 3794 2758 3863 ferret;
2802 3813 2927 3855 cum
2964 3801 3075 3871 lupi
3119 3801 3438 3872 diriperent,
3475 3811 3529 3859 et

1954 3880 2073 3938 ovis
2113 3887 2476 3954 consisteret;
2536 3904 2662 3943 cum
2713 3891 2850 3946 latro
2907 3901 3198 3949 vocaretur
3227 3893 3296 3948 ad
3323 3894 3525 3961 vitam,

1953 3983 2007 4028 at
2035 3977 2143 4032 vita
2180 3978 2366 4032 mundi
2398 3980 2708 4036 traheretur
2737 3983 2803 4036 ad
2842 3992 3073 4039 mortem
3101 4002 3115 4049 ;
3162 4001 3286 4041 cum
3337 3987 3527 4041 incon-

1952 4068 2115 4122 cinna
2143 4077 2196 4123 et
2218 4071 2447 4125 exitiosa
2483 4087 2614 4127 voce
2639 4074 2974 4129 clamarent:
3011 4075 3160 4130 Tolle
3184 4117 3199 4140 ,
3226 4077 3371 4138 tolle.
3399 4094 3525 4130 cru-

1950 4160 2105 4229 ciﬁge
2182 4163 2356 4215 eum'.
2408 4163 2638 4233 Sanguis
2673 4166 2841 4233 ipsius
2866 4182 3021 4233 super
3053 4184 3147 4229 nos
3195 4177 3244 4221 et
3273 4184 3428 4237 super
3461 4170 3525 4228 ﬁ-

1952 4246 2051 4299 lios
2099 4259 2303 4302 nostros
2326 4251 2367 4305 ⁸.
2407 4251 2622 4305 Domini
2662 4267 2918 4320 caesores,
2957 4256 3346 4325 prophetarum
3376 4259 3524 4311 occi-

1951 4354 2136 4405 sorcs,
2168 4340 2259 4392 Dei
2306 4343 2523 4396 hostes:
2560 4343 2650 4398 Dei
2688 4359 2899 4410 osores.
2956 4348 3010 4400 in
3071 4348 3242 4415 legem
3296 4348 3518 4419 injurii,

1947 4427 2457 4497 gratiae'adversarii
2493 4478 2508 4499 ,
2543 4436 2702 4491 alieni
2739 4453 2769 4492 a
2801 4440 2906 4495 ﬁde
2936 4449 3219 4508 parentum
3247 4484 3262 4507 ,
3306 4444 3517 4511 patroni

1946 4519 2171 4586 diaboli,
2207 4523 2492 4593 progenies
2527 4526 2833 4595 viperarum
2855 4572 2870 4597 ,
2897 4545 3251 4599 susurrones,
3280 4533 3521 4589 blatero-

1947 4626 2043 4665 nes
2082 4654 2096 4677 ,
2125 4622 2305 4668 mente
2340 4615 2584 4672 involuta
2629 4620 2894 4685 tenebris,
2939 4621 3264 4678 fermentum
3322 4623 3517 4679 Phar-i-
3586 4659 3590 4664 -

1944 4717 2198 4767 saeorum,
2226 4719 2519 4763 consessus
2557 4710 2881 4768 daemonum.
2917 4712 3256 4782 Facinorosi,
3288 4717 3521 4772 deterri-

1943 4794 2039 4856 mi,
2076 4794 2425 4863 lapidatores,
2469 4799 2769 4859 honestatis
2819 4820 3027 4861 osores.
3062 4807 3277 4860 Alenim
3323 4810 3517 4864 merito

1939 4884 2252 4942 clamabant
2282 4905 2293 4939 ε
2319 4889 2463 4945 Tolle
2493 4930 2507 4956 ,
2541 4893 2684 4960 tolle,
2708 4897 2953 4966 crueiﬁge
2976 4914 3113 4954 eum.
3153 4898 3345 4954 Gravis
3368 4899 3512 4953 enim

1940 4976 2071 5046 ipsis
2094 4988 2211 5034 erat
2238 4982 2538 5041 divinitatis
2569 5002 2691 5041 cum
2724 5003 2890 5044 carne
2919 4993 3264 5048 conversatio
3284 5009 3299 5057 ;
3318 5000 3372 5047 et
3389 5008 3519 5047 con-

1942 5070 2176 5125 suetudo
2213 5075 2667 5143 reprehendendi,
2696 5078 2894 5134 infesta
2934 5090 3087 5135 erat:
3125 5096 3247 5135 nam
3284 5083 3339 5137 in
3364 5099 3515 5139 mor-

1941 5168 1993 5214 te
2034 5163 2272 5230 positum
2305 5175 2390 5220 est
2419 5171 2818 5237 peccatoribus,
2869 5172 3049 5228 odisse
3073 5174 3348 5243 justorum
3398 5190 3512 5230 cos-

1939 5255 2053 5303 tum
2080 5262 2133 5305 et
2171 5269 2507 5310 successum.

2002 5423 2232 5487 Quando
2267 5426 2367 5479 fuit
2404 5426 2698 5496 ignobilis?
2725 5430 2861 5485 Cum
2896 5433 3073 5502 ipsum
3104 5432 3291 5505 ﬂagris
3353 5437 3502 5495 inse-

1935 5518 2065 5569 ctati
2095 5526 2244 5584 sunt,
2276 5527 2330 5571 et
2369 5530 2618 5576 sanctum
2672 5525 2791 5593 ejus
2842 5541 3042 5597 corpus
3065 5536 3373 5597 torserunt,
3411 5535 3507 5602 qui

1931 5603 2180 5661 lubenter
2241 5611 2542 5665 cruciatum
2590 5615 2931 5685 perferebat,
2969 5629 3029 5674 ut
3064 5622 3317 5684 antiouos
3367 5625 3507 5680 vibi-

251 5677 363 5733 ρων
411 5664 822 5738 ἁμαρτημάτων
868 5671 1217 5750 θεραπεύσῃ·
1266 5681 1354 5734 ὅτε
1409 5684 1470 5736 τὸ
1522 5664 1683 5749 ξύλον
1732 5691 1827 5745 τοῦ

2464 5664 2469 5665 ,
2590 5664 2931 5685 ,___--_----,
2974 5664 3029 5674 ..-
3064 5664 3317 5684 -..κωκυ
3377 5664 3503 5680 ..νι-

1966 5710 2021 5747 es
2067 5706 2375 5752 nostrorum
2440 5703 2605 5758 animi
2648 5706 2933 5762 vulnerum
2980 5721 3234 5775 sanaret;
3285 5716 3503 5787 quando

322 5836 343 5868 ⁸
370 5835 473 5893 lsa.
498 5856 619 5909 Lm,
645 5843 700 5910 2,
738 5845 790 5899 5.
827 5847 866 5877 ³¹
895 5820 1030 5905 Luc.
1055 5867 1134 5919 III,
1165 5870 1261 5909 vn.
1340 5857 1361 5888 "
1394 5856 1537 5915 Psal.
1573 5872 1683 5931 xxi,
1720 5865 1805 5934 12,
1843 5870 1929 5923 l3.
2010 5874 2029 5904 ⁶
2059 5872 2191 5930 Luc.
2230 5893 2382 5943 xviii,
2424 5881 2503 5936 19.
2576 5872 2602 5915 ’⁸
2634 5885 2821 5942 Matth.
2860 5902 3027 5959 xxvtz,
3051 5892 3141 5946 25.
