3882 6430
404 499 505 555 687

1671 490 1733 546 S.
1769 487 2090 546 GREGORH
2125 487 2418 544 NYSSENI

3547 491 3639 546 688

400 612 602 681 lignum
637 607 821 663 crucis
857 622 1023 678 super
1071 607 1315 664 humeris
1356 607 1626 679 gestabat,
1683 611 1738 659 ut
1785 611 1971 673 tropa:-

2085 602 2322 675 σταυροῦ
2352 603 2444 658 ἐπὶ
2487 603 2595 657 τῶν
2642 603 2808 674 ῶμων
2852 603 3118 660 ἐϐάστασε
3151 604 3210 659 τὺ
3241 605 3380 659 κατά
3409 605 3503 659 τοῦ
3541 610 3642 664 δια-

399 715 489 755 um
558 697 824 754 adversus
857 699 1174 766 diabolum;
1225 714 1353 753 cum
1400 712 1662 752 coronam
1717 710 1748 750 e
1802 695 1978 764 spinis

397 792 779 860 imposuerunt
827 790 902 854 ei,
945 789 1040 860 qui
1099 803 1304 843 corona
1343 787 1512 842 donat
1552 800 1647 840 eos
1683 783 1778 855 qui
1808 782 1980 838 conli-

395 879 536 935 dunt
582 881 638 935 in
699 879 856 950 ipso;
903 880 1126 950 quando
1175 892 1418 949 purpura
1465 879 1762 932 induerunt
1810 890 1934 931 eum
1962 914 1978 938 ,

396 972 491 1042 qui
518 972 988 1027 immortalitatem
1014 971 1245 1040 largitur
1299 968 1368 1024 iis
1393 1010 1408 1034 ,
1437 967 1534 1037 qui
1587 972 1982 1036 regenerantur

396 1076 462 1115 ex
488 1075 631 1130 aqua
661 1069 716 1116 et
743 1059 951 1129 Spiritu
981 1071 1173 1115 sancto
1197 1061 1253 1125 7;
1292 1057 1512 1129 quando
1554 1056 1877 1112 sullixerunt
1916 1056 1980 1110 li-

397 1166 506 1220 gno
536 1153 660 1205 vitae
689 1151 952 1219 necisque
986 1149 1277 1204 Dominum
1294 1149 1337 1204 ⁸.
1369 1147 1602 1213 Quando
1639 1146 1744 1200 fuit
1794 1146 1977 1216 inglo-

398 1240 558 1296 rius?
607 1241 744 1295 Cum
791 1242 1016 1305 milites,
1061 1239 1303 1294 cmlestis
1353 1237 1630 1293 exercitus
1685 1237 1981 1305 imperato-

399 1345 513 1385 rem
543 1331 834 1386 illudentes
860 1329 1286 1399 triumpharent.
1316 1329 1549 1396 Quando
1597 1328 1700 1382 fuit
1747 1329 1980 1399 ignomi—

398 1421 632 1476 niosus?
676 1422 814 1476 Cum
873 1421 1134 1490 adjuncta
1189 1421 1448 1475 arundini
1497 1421 1749 1490 spongia,
1807 1435 1981 1490 eaque

397 1523 552 1566 aceto
584 1512 892 1568 madefacta
923 1522 1113 1583 potum
1137 1511 1188 1566 ei
1219 1510 1510 1578 dederunt,
1541 1520 1604 1565 et-
1647 1509 1717 1565 fel
1767 1511 1980 1566 obtule-

397 1611 524 1657 runt
553 1603 604 1658 ei
635 1605 728 1672 qui
754 1617 954 1657 manna
998 1602 1218 1657 abunde
1246 1602 1382 1672 ipsis
1417 1601 1728 1669 infuderat;
1759 1601 1978 1672 quando

395 1701 564 1764 petrae
597 1694 831 1764 dirupta:
861 1701 1022 1758 sunt,
1056 1701 1110 1749 et
1152 1694 1334 1749 velum
1377 1695 1562 1764 templi
1598 1695 1837 1750 scissum
1869 1701 1974 1759 est,

395 1784 554 1854 quasi
602 1782 998 1855 ﬁagitiosorum
1051 1783 1336 1838 audaciam
1393 1791 1716 1854 stuperent;
1757 1783 1975 1854 quando

397 1876 536 1931 luxit
562 1876 664 1937 sol,
697 1885 750 1929 et
779 1875 1066 1944 caliginem
1095 1885 1354 1944 tanquam
1388 1889 1611 1930 saccum
1639 1875 1838 1938 induit,
1869 1873 1970 1930 Ju-

2082 694 2236 747 δόλου
2265 695 2524 764 τρόπαιον
2543 707 2556 720 ·
2599 694 2688 747 ὅτε
2720 694 2978 763 στέφανον
3007 695 3064 762 ἐξ
3090 695 3337 749 ἀκανθῶν
3371 697 3644 765 περιέϐαλο

2081 783 2171 839 λον
2198 784 2275 854 τῷ
2303 783 2650 853 στεφανοῦντι
2675 785 2803 847 τοὺς
2838 785 3166 848 πεποιθότας
3209 786 3292 838 ἐπ’
3328 787 3490 840 αὐτόν
3511 803 3526 818 ο
3566 789 3644 840 ὅτε

2084 874 2368 946 πορφύραν
2401 874 2657 928 ἐνέδυσαν
2686 874 2776 927 τὸν
2804 873 3112 946 ἀφθαρσίαν
3144 879 3256 939 τοῖς
3283 877 3644 947 ἀναγεννωμέ-

2083 977 2192 1022 νοις
2224 960 2290 1014 δι’
2335 960 2523 1023 ὓδατος
2566 962 2661 1014 καὶ
2703 962 3019 1032 Πνεύματος
3063 963 3218 1032 ἁγίου
3269 964 3640 1035 χαριζόμενον·

2081 1052 2169 1104 ὅτε
2194 1051 2551 1122 προσήλωσαν
2577 1051 2655 1122 τῷ
2684 1051 2824 1121 ξύλῳ
2853 1052 2944 1105 τὸν
2988 1051 3132 1124 ζωῆς
3158 1055 3253 1107 καὶ
3295 1053 3386 1108 τοῦ
3427 1054 3644 1108 θανάτου

2082 1144 2284 1212 Κύριον
2322 1143 2652 1212 ὑπάρχοντα.
2703 1144 2841 1196 Πότε
2886 1139 2954 1214 ἦν
2991 1144 3217 1216 ἀτιμος;
3259 1147 3386 1199 Ὅτε
3432 1146 3645 1218 ἐθριάμ-

2082 1235 2236 1287 6ευον
2283 1234 2640 1305 ἐμπαίζοντες
2683 1237 2730 1288 οί
2779 1235 3108 1305 στρατιῶται
3149 1238 3239 1291 τὸν
3270 1239 3370 1309 τῆς
3404 1243 3644 1310 στρατιᾶς

2081 1323 2187 1376 τῶν
2224 1323 2468 1395 οὐρανῶν
2499 1323 2785 1395 δεσπότην.
2838 1325 2975 1379 Πότε
3019 1322 3088 1398 ἦν
3132 1328 3360 1398 ἀτιμος;
3394 1329 3520 1382 Ὅτε
3559 1348 3646 1383 κα-

2078 1415 2236 1485 λάμῳ
2276 1415 2592 1486 περιθέντες
2623 1416 2880 1485 σπόγγον,
2911 1417 3290 1489 ἐμπλήσαντες
3331 1419 3486 1486 ὖξους
3529 1421 3644 1473 ἐπό-

2074 1507 2222 1570 τιςον
2252 1506 2435 1571 αὐτὸν,
2467 1507 2562 1560 καὶ
2597 1507 2760 1578 χολὴν
2790 1507 2992 1562 ἐδίδουν
3032 1509 3123 1562 τὸν
3167 1509 3228 1563 τὸ
3264 1511 3441 1581 μάννα
3481 1511 3646 1572 αὐτοῖς

2076 1597 2530 1668 ἐπομϐρήσαντα·
2579 1599 2668 1652 ὅτε
2713 1599 2771 1651 αί
2822 1599 3018 1670 πέτραι
3059 1601 3416 1672 ἐρρήγνυντο,
3462 1599 3551 1653 καὶ
3593 1598 3646 1651 τὸ

2075 1687 2476 1758 καταπέτασμα
2505 1687 2599 1740 τοῦ
2629 1688 2757 1742 ναοῦ
2789 1690 3032 1761 ἐσχίζετο
3059 1729 3075 1756 ,
3104 1690 3213 1744 τῶν
3241 1689 3532 1762 ἀλιτηρίων
3557 1689 3646 1760 τὴν

2073 1778 2276 1849 τόλμαν
2320 1778 2765 1849 ἐκπληττόμενα⁹
2811 1780 2902 1834 ὅτε
2945 1782 2972 1833 ὁ
3005 1781 3156 1851 ἥλιος
3204 1780 3421 1834 ἐπένθει
3475 1778 3647 1834 καὶτὸ

2079 1866 2267 1930 σκότος
2288 1866 2364 1931 ὡς
2392 1867 2592 1922 σάκκον
2615 1868 2876 1934 ἐνεδύετο,
2899 1871 3110 1925 πενθῶν
3127 1871 3227 1942 τὴν
3251 1871 3361 1924 τῶν
3396 1871 3646 1924 Ἰουδαίων

395 1967 639 2022 daeorum
674 1965 890 2020 ruinam
925 1964 1250 2036 deplorans:
1282 1965 1400 2022 dies
1427 1967 1570 2022 enim
1613 1967 1730 2037 ipse
1763 1967 1971 2022 lamen-

2076 1958 2413 2013 ἀπόπτωσιν.
2487 1959 2736 2030 Ἐθρήνει
2783 1960 2890 2032 γὰρ
2927 1961 2962 2031 ή
3011 1937 3194 2032 ἡμέρα
3233 1961 3336 2026 τάς
3396 1961 3647 2016 Ἰουδαίων

401 2055 616 2112 tabatur
639 2055 954 2112 Judzeorum
975 2071 1282 2126 aerumnas;
1323 2073 1449 2113 cum
1486 2058 1542 2113 in
1581 2060 1764 2115 medio
1799 2060 1968 2114 latro-

399 2163 523 2202 num
561 2149 672 2202 vita
705 2146 964 2218 penderet
1001 2165 1014 2202 :
1051 2147 1221 2202 altero
1249 2149 1470 2219 quidem
1503 2151 1882 2216 conviciante,
1917 2156 1974 2206 et

399 2237 746 2308 obloquente,
797 2239 971 2294 altero
1000 2254 1132 2294 vero
1155 2238 1476 2308 poenitentia
1510 2241 1824 2310 paradisum
1875 2241 1973 2295 de-

395 2328 692 2398 praedanto.
723 2380 738 2392 ,
758 2328 988 2395 Quando
1018 2326 1122 2382 fuit
1164 2327 1477 2397 inglorius?
1511 2328 1742 2393 Quando
1773 2344 1975 2398 corpus

392 2419 514 2488 ejus
557 2419 856 2490 sepultura:
897 2417 1162 2472 traditum
1187 2425 1292 2474 est.
1343 2416 1573 2483 Quando
1620 2417 1724 2472 fuit
1767 2418 1976 2488 ignobi-

396 2511 464 2565 lis
489 2510 513 2564 τ
540 2510 677 2564 Cum
709 2511 907 2564 milites
940 2509 1120 2578 ipsum
1162 2508 1567 2573 custodierunt,
1599 2516 1651 2563 et
1679 2519 1820 2564 terra
1847 2524 1973 2564 eum

393 2599 702 2662 abscondit,
740 2601 834 2669 qui
867 2613 1035 2669 super
1076 2598 1237 2668 aquis
1267 2607 1470 2654 terram
1506 2597 1832 2655 fundaverat
1866 2616 1879 2654 :
1918 2609 1974 2655 et

392 2706 517 2745 cum
550 2690 784 2760 apostoli
810 2690 1152 2745 occultarent
1175 2703 1253 2752 se,
1286 2696 1341 2743 et
1371 2689 1730 2744 lentationum
1763 2691 1974 2759 magni—

393 2781 636 2836 tudinem
679 2779 822 2836 ferre
857 2795 966 2835 non
997 2786 1239 2850 possent.
1277 2777 1384 2835 Sed
1421 2779 1544 2835 vide
1569 2822 1585 2846 ,
1611 2779 1934 2834 charissime
1955 2822 1971 2846 ,

392 2871 487 2927 Dei
522 2871 806 2938 miracula,
842 2877 897 2926 et
944 2877 1068 2940 post
1109 2870 1421 2940 passionem
1456 2909 1471 2934 ,
1513 2869 1711 2924 laatitiae
1749 2883 1974 2924 succes-

391 2977 490 3018 sus
543 2961 958 3032 profectusque.
1017 2959 1277 3030 lgnobilis
1353 2961 1410 3014 in
1479 2960 1752 3016 claritatis
1802 2960 1972 3016 decus

393 3062 634 3108 mutatus
668 3061 773 3118 est,
807 3062 861 3107 et
889 3051 1080 3105 mundi
1128 3051 1388 3120 gaudium
1427 3050 1736 3106 immortale
1765 3052 1972 3105 excita-

392 3156 506 3200 tum
537 3153 624 3202 est
652 3161 779 3200 cum
815 3159 1068 3214 corpore.
1105 3143 1260 3197 Tunc
1290 3143 1547 3213 parturiit
1577 3150 1746 3205 terra,
1770 3150 1825 3197 et
1851 3141 1971 3198 dies

2077 2050 2395 2120 συμφορὰς,
2442 2051 2532 2103 ὅτε
2567 2051 2626 2103 ἐν
2674 2050 2823 2122 μέσῳ
2859 2051 3069 2123 λῃστῶν
3115 2051 3296 2125 ήζωὴ
3348 2052 3642 2124 ἐκρέματο·

2074 2140 2168 2195 τοῦ
2219 2141 2317 2208 μὲν
2345 2140 2694 2205 ὀνειδίζοντος
2736 2143 2832 2196 καὶ
2879 2143 3307 2208 καταλαλοῦντος
3328 2185 3342 2212 ,
3388 2143 3480 2198 τοῦ
3507 2144 3560 2198 δὲ
3585 2146 3642 2214 τῇ

2080 2233 2340 2304 μετανοίᾳ
2377 2233 2730 2304 ληστεύοντος
2761 2234 2854 2288 τὸν
2898 2236 3242 2306 παράδεισον.
3273 2236 3412 2290 Πότε
3439 2231 3506 2307 ἦν
3545 2236 3644 2289 ἀτι-

2079 2340 2208 2394 μος;
2240 2323 2368 2376 Ὅτε
2393 2323 2454 2376 τὸ
2478 2321 2635 2394 σῶμα
2675 2323 2812 2394 πρὸς
2850 2326 3027 2395 ταφὴν
3049 2325 3266 2379 ἐδίδοτο.
3298 2325 3435 2378 Πότε
3452 2320 3518 2394 ἦν
3540 2324 3646 2377 ἀτι-

2079 2432 2210 2486 μος;
2240 2417 2368 2468 Ὅτε
2400 2413 2728 2485 στρατιῶται
2759 2414 3076 2484 ἐφύλαττον,
3109 2416 3202 2469 καὶ
3228 2417 3261 2486 ἡ
3291 2416 3366 2487 γῆ
3394 2415 3644 2485 κατέκρυ-

2075 2523 2206 2559 πτεν
2227 2506 2320 2558 τὸν
2360 2505 2458 2576 τὴν
2485 2506 2586 2576 γῆν
2627 2507 2719 2558 ἐπὶ
2745 2505 2852 2559 τῶν
2883 2506 3090 2560 ὑδάτων
3121 2507 3431 2579 ἐδράσαντα
3448 2524 3461 2537 ·
3489 2507 3571 2560 ὅτε
3600 2508 3642 2558 oi

2074 2598 2358 2652 ἀπόστολοι
2387 2596 2739 2665 ἐκρύπτοντο,
2772 2598 2882 2652 τῶν
2913 2600 3234 2670 πειρασμῶν
3266 2600 3361 2654 τὸν
3397 2600 3554 2669 ὄγκον
3587 2599 3640 2652 οὐ

2073 2687 2360 2757 δυνάμενοι
2389 2687 2598 2758 φέρειν.
2639 2687 2799 2741 Ἀλλά
2824 2689 2947 2760 δρα,
2992 2689 3264 2761 ἀγαπητὴ
3296 2690 3392 2744 τοῦ
3421 2689 3550 2744 Θεοῦ
3581 2690 3643 2743 τὰ

2075 2778 2348 2848 θαύματα,
2385 2780 2478 2832 καὶ
2507 2778 2645 2850 μετὰ
2673 2779 2734 2832 τὸ
2766 2779 2937 2843 πάθος
2959 2781 3058 2850 τῆς
3083 2783 3255 2851 χαρᾶς
3285 2782 3356 2835 τὰ
3383 2779 3643 2853 κατορθὼ-

2077 2888 2243 2939 ματα.
2295 2870 2355 2924 Ὀ
2405 2870 2598 2940 ἄτιμος
2644 2871 2720 2934 είς
2768 2871 3009 2936 εὐδοξίαν
3063 2873 3441 2942 μετεϐάλλετο,
3483 2873 3571 2927 καὶ
3611 2873 3640 2943 ή

2073 2961 2166 3014 τοῦ
2203 2958 2410 3030 κόσμου
2436 2961 2581 3032 χαρά
2615 2962 2892 3033 ἄφθαρτος
2929 2964 3224 3034 ἐγήγερται
3257 2966 3394 3034 μετά
3418 2962 3508 3018 τοῦ
3549 2963 3642 3016 σὼο

2077 3069 2264 3121 ματος.
2293 3053 2424 3105 Τότε
2451 3053 2638 3108 ὤδινεν
2667 3055 2700 3124 ή
2741 3055 2832 3125 γῆ,
2861 3057 2957 3108 καὶ
2999 3057 3369 3128 ἐκυοφόρησεν
3394 3060 3426 3127 ή
3455 3057 3636 3127 ήμέρα,

2074 3144 2168 3196 καὶ
2199 3143 2509 3198 ἀπέπτυσεν
2536 3147 2564 3197 ό
2592 3145 2818 3209 θάνατος
2850 3147 2949 3218 τήν
2978 3147 3194 3201 πάντων
3239 3147 3412 3219 ζωήν.
3448 3149 3518 3202 Οὐ
3543 3147 3638 3216 γὰρ

389 3236 666 3307 concepit,
688 3244 741 3291 et
765 3251 914 3290 mors
939 3236 1167 3306 regessit
1195 3233 1440 3287 omnium
1471 3233 1658 3288 vitam.
1687 3231 1805 3288 Non
1826 3233 1969 3288 enim

2073 3231 2142 3308 ἦν
2172 3236 2394 3289 δυνατὸν
2427 3237 2746 3308 κρατεῖσθαι
2799 3239 2905 3293 ὑπὸ
2948 3240 3041 3293 τοῦ
3089 3241 3324 3294 θανάτου
3363 3241 3452 3294 τὸν
3483 3240 3639 3293 πάντα

392 3327 508 3381 fieri
545 3333 759 3397 poterat
807 3334 868 3380 ut
906 3325 953 3379 is
998 3339 1027 3376 a
1063 3331 1238 3380 morte
1283 3323 1640 3387 detineretur,
1675 3323 1769 3394 qui
1808 3323 1972 3378 verbo

390 3423 541 3472 tenet
605 3417 812 3470 omnia.
889 3415 1244 3470 Celebrenius
1281 3413 1450 3485 igitur
1514 3415 1970 3470 resurrectionem

391 3509 558 3562 tertio
601 3507 690 3562 die
719 3507 920 3562 factam
951 3544 969 3573 ,
1021 3513 1240 3562 aeternae
1269 3507 1394 3561 vitae
1420 3505 1868 3562 conciliatricem.
1903 3503 1973 3559 Ut

392 3601 534 3654 enim
565 3597 735 3653 Maria
765 3597 858 3653 Dei
891 3613 1110 3669 parens,
1149 3597 1510 3669 virginalibus
1542 3604 1705 3668 atque
1729 3597 1972 3667 innuptis

394 3689 658 3766 partubus
711 3705 821 3744 non
877 3689 1096 3754 solutis,
1124 3688 1218 3744 Dei
1241 3689 1519 3744 voluntate
1557 3695 1611 3743 et
1635 3689 1812 3743 sancti
1843 3685 1970 3757 Spi-

397 3783 538 3837 ritus
599 3783 771 3852 gratia
839 3781 1028 3852 genuit
1065 3781 1390 3837 saeculorum
1455 3779 1704 3851 opiﬁcem
1729 3821 1745 3846 ,
1771 3796 1838 3836 ex
1863 3778 1972 3834 Deo

400 3873 571 3928 Deum
613 3871 850 3928 Verbum
886 3887 900 3925 :
931 3873 1012 3928 sic
1061 3873 1224 3928 etiam
1256 3883 1397 3928 terra
1428 3889 1492 3929 ex
1524 3873 1762 3943 propriis
1809 3887 1972 3942 pene-

391 3963 648 4029 tralibus,
684 3963 798 4018 fetu
834 3966 1027 4018 mortis
1049 3962 1219 4028 edito,
1250 3963 1440 4018 herum
1474 3962 1783 4018 Judaeorum
1813 3963 1972 4034 jussa

389 4060 473 4108 est
498 4067 771 4110 exserere.
814 4051 1028 4109 Etenim
1062 4053 1309 4108 detinere
1348 4067 1456 4108 non
1487 4061 1699 4123 poterat
1729 4068 1928 4122 corpus
1951 4093 1966 4118 ,

388 4145 534 4214 quod
558 4146 989 4202 immortalitatis
1027 4145 1344 4202 vehiculum
1367 4147 1672 4202 exstiterat.
1699 4145 1969 4211 Quocirca

388 4254 512 4294 cum
564 4239 829 4310 propheta
889 4237 1056 4294 David
1093 4237 1338 4293 decentis
1391 4245 1568 4293 status
1621 4239 1969 4293 constitutio-

391 4345 534 4392 nem,
575 4330 768 4384 mortis
797 4325 1151 4392 solutionem,
1185 4336 1240 4385 et
1268 4330 1543 4399 quondam
1590 4345 1870 4385 servorum
1900 4330 1966 4383 li-

392 4421 650 4476 bertatem
675 4422 1072 4486 consideraret,
1105 4422 1374 4477 exclamat
1425 4431 1481 4477 et
1527 4424 1797 4488 enuntiat,
1857 4423 1969 4477 Do—

391 4512 562 4564 minus
593 4511 864 4579 regnavit,
901 4511 1142 4566 decorem
1171 4511 1392 4567 indutus
1420 4523 1498 4567 est
1523 4514 1564 4568 '.
1607 4513 1832 4580 Qualem
1874 4529 1966 4569 ce-

2073 3329 2213 3398 λόγῳ
2233 3328 2554 3400 κρατοῦντα.
2589 3329 2970 3402 Ἐορτάσωμεν
3001 3331 3180 3385 τοίνυν
3199 3335 3401 3404 τριήμε
3409 3349 3498 3403 ρον
3520 3329 3635 3383 ἀνά-

2074 3434 2282 3481 στασιν,
2331 3417 2477 3488 ζωῆς
2503 3419 2725 3472 αἰωνίου
2767 3421 3047 3492 πρόξενον.
3077 3422 3292 3493 Ὥσπερ
3323 3422 3429 3493 γὰρ
3470 3419 3636 3490 Μαρία

2073 3509 2106 3579 ἡ
2141 3508 2406 3573 θεοτόκος,
2451 3511 2782 3581 παρθενικὰς
2815 3513 2909 3565 καὶ
2950 3514 3333 3584 ἀνυμφεύτους
3362 3513 3545 3573 ὠδῖνας
3584 3509 3634 3561 οὗ

2071 3599 2281 3654 λύσασα
2323 3600 2572 3672 βουλήσει
2621 3603 2754 3656 Θεοῦ
2797 3605 2894 3657 καὶ
2936 3605 3250 3675 Πνεύματος
3287 3606 3467 3676 χάριτι
3505 3603 3634 3670 ἐγέν-

2072 3706 2201 3761 νησε
2230 3691 2322 3744 τὸν
2354 3691 2462 3744 τῶν
2497 3691 2708 3746 αἰώνων
2735 3693 2986 3764 ποιητὴν,
3017 3695 3110 3748 τὸν
3137 3699 3201 3749 ἐκ
3229 3695 3368 3749 Θεοῦ
3394 3696 3517 3748 Θεὸν
3542 3692 3633 3746 Λό-

2072 3796 2189 3850 γονο
2232 3779 2407 3844 οὕτως
2446 3781 2543 3837 καὶ
2588 3784 2622 3852 ἡ
2671 3784 2769 3853 γῆ,
2815 3785 2880 3837 ἐκ
2900 3785 3008 3838 τῶν
3037 3785 3251 3839 οίκείων
3277 3787 3511 3856 λαγόνων
3549 3783 3634 3845 τὰς

2071 3871 2266 3933 ὠδῖνας
2309 3869 2404 3924 τοῦ
2437 3870 2668 3925 θανάτου
2713 3873 2944 3940 λύσασα,
2969 3875 3252 3930 ἀπέπτυσε
3304 3875 3630 3930 κελευσθεῖσα

2069 3963 2162 4017 τὸν
2193 3964 2300 4017 τῶν
2339 3964 2606 4017 Ἰουδαίων
2653 3965 2951 4038 δεσπότηνο
2983 3968 3043 4020 οὐ
3087 3968 3193 4040 γὰρ
3229 3969 3458 4040 ἠδύνατο
3515 3983 3629 4020 κατ-

2071 4055 2213 4126 έχειν
2250 4055 2446 4126 σῶμα,
2491 4059 2705 4127 φορεῖον
2752 4058 3048 4124 ἀθανασίας
3070 4061 3380 4132 γενόμενον.
3430 4056 3630 4114 Σκοπῶν

2068 4144 2246 4198 τοίνυν
2291 4146 2320 4197 ό
2364 4146 2651 4217 προφήτης
2687 4146 2852 4200 Δα6¹ιδ
2880 4148 2975 4218 τῆς
3005 4149 3340 4219 εὐπρεπείας
3374 4148 3468 4219 τὴν
3507 4145 3628 4212 διόρ·

2071 4234 2256 4302 θωσιν,
2289 4236 2380 4290 τοῦ
2416 4237 2648 4291 θανάτου
2682 4238 2780 4308 τὴν
2810 4239 2982 4304 λύσιν,
3018 4241 3126 4293 τῶν
3156 4257 3286 4293 ποτε
3317 4241 3512 4294 δούλων
3543 4235 3626 4304 τὴν

2069 4323 2398 4394 ἐλευθερίαν,
2435 4325 2532 4396 βοᾷ
2558 4325 2652 4380 καὶ
2685 4325 2851 4396 λέγει·
2898 4327 2963 4380 '0
2992 4330 3205 4397 Κύριος
3231 4329 3620 4386 ἐϐασίλευσεν,

2067 4415 2430 4484 εὐπρέπειαν
2474 4417 2824 4472 ἐνεδύσατο.
2882 4419 3049 4472 Ποίαν
3088 4421 3418 4492 εὐπρέπειαν
3466 4416 3621 4471 ἐνεδύ-

2071 4523 2235 4573 σατο;
2259 4506 2368 4576 Τὴν
2389 4506 2718 4576 ἀφθαρσίαν,
2741 4509 2840 4578 τὴν
2869 4509 3190 4575 ἀθανασίαν,
3214 4511 3324 4565 τῶν
3343 4508 3620 4565 ἀποστόλων

389 4601 460 4654 do
488 4599 744 4654 decorem
777 4600 956 4655 induit
980 4603 1004 4654 ’ἶ
1033 4600 1354 4671 Perpetuam
1392 4603 1778 4672 integritatem,
1805 4613 1968 4672 atque

2073 4597 2169 4668 τὴν
2205 4597 2526 4668 σύγκλητον,
2551 4599 2648 4669 τῆς
2683 4599 3006 4672 Ἐκκλησίας
3033 4603 3122 4656 τὸν
3145 4603 3420 4670 στέφανον.
3450 4597 3619 4655 Οὐκέτι

390 4691 892 4755 immortalitatem,
950 4692 1321 4760 apostolorum
1379 4701 1581 4746 emtum
1614 4733 1630 4756 ,
1708 4693 1966 4748 Ecclesiae

388 4797 670 4837 coronam.
705 4781 822 4835 Non
849 4782 1085 4850 amplius
1121 4780 1297 4837 Judas
1325 4784 1525 4852 prodit.
1558 4781 1676 4838 Non
1730 4784 1968 4854 amplius

386 4875 624 4944 Caiphas
654 4872 958 4928 minitatur.
982 4871 1099 4927 Non
1127 4873 1361 4943 amplius
1395 4873 1637 4929 Herodes
1685 4875 1749 4928 ad
1774 4890 1968 4944 puero-

391 4979 511 5017 rum
542 4964 744 5018 ctedem
772 4971 1036 5018 armatur.
1066 4961 1184 5019 Non
1212 4963 1423 5033 judicat
1455 4965 1688 5034 amplius
1716 4963 1964 5032 Pilatus;

389 5069 567 5124 neque
599 5053 841 5124 amplius
863 5055 1126 5109 lsraelitae
1159 5055 1278 5124 ipso
1323 5057 1629 5125 potiuntur.
1669 5055 1966 5110 Enimvero

388 5147 538 5213 quod
571 5144 768 5214 fragile
799 5154 853 5199 ct
885 5144 1151 5200 caducum
1181 5155 1318 5212 erat,
1364 5147 1566 5202 factum
1597 5156 1682 5202 est
1713 5149 1968 5202 incorru-

385 5243 560 5302 ptum.
601 5231 740 5288 Tum
777 5234 872 5303 qui
899 5235 1041 5304 apud
1077 5250 1172 5290 eos
1201 5238 1528 5291 censebatur
1556 5237 1717 5290 homo
1750 5237 1962 5302 nudus,

387 5321 532 5378 Deus
564 5338 733 5379 verus
775 5332 860 5378 est
912 5327 1340 5382 demonstratus.
1389 5327 1596 5382 Idcirco
1647 5344 1746 5384 nos
1799 5331 1960 5384 etiam

388 5413 686 5469 clamamus
714 5430 729 5466 :
775 5413 1001 5469 Ubinam
1023 5427 1143 5471 tuus
1171 5427 1268 5481 est,
1306 5436 1336 5471 ο
1365 5435 1528 5484 mors,
1566 5421 1785 5474 aculeus
1807 5423 1832 5474 .9
1864 5419 1964 5475 Ubi

390 5508 482 5554 tua
516 5510 617 5562 est,
663 5501 888 5569 inferne,
942 5503 1166 5558 uictoria
1191 5505 1236 5536 "
1259 5505 1282 5558 ?
1306 5504 1554 5560 Decorem
1593 5507 1808 5562 induit:
1867 5505 1961 5560 In-

387 5591 503 5644 duit
541 5589 797 5648 Dominus
857 5596 1177 5661 potentiam,
1214 5604 1265 5649 et
1293 5597 1526 5650 accinxit
1569 5599 1706 5652 se".
1764 5596 1962 5652 Poten-

388 5681 520 5735 tiam
551 5679 686 5735 dicit
715 5683 908 5738 salutis
936 5685 1397 5755 dispensationem
1431 5703 1530 5756 per
1570 5701 1792 5742 carnem
1843 5688 1961 5742 fac-

2082 4688 2282 4752 Ἰούδας
2315 4689 2636 4761 προδίδωσιν
2661 4706 2675 4722 ο
2717 4691 2899 4744 οὐκέτι
2933 4693 3148 4762 Καῖφας
3188 4695 3428 4748 ἀπειλεῖ·
3462 4687 3616 4744 οὐκέτι

2072 4779 2300 4842 Πιλᾶτος
2332 4780 2564 4846 δικάζει,
2599 4781 2722 4836 οὔτε
2771 4784 3094 4855 Ἰσραηλῖται
3123 4786 3396 4857 κρατοῦσι.
3431 4784 3497 4836 Τὸ
3526 4777 3616 4847 γὰρ

2070 4867 2306 4938 φθαρτὸν
2337 4870 2555 4939 γέγονεν
2593 4872 2889 4943 ἄφθαρτον,
2919 4877 3011 4928 καὶ
3048 4878 3076 4928 ὁ
3114 4878 3242 4945 παρ’
3277 4875 3452 4936 αὐτοῖς
3485 4884 3613 4938 vopi-

2070 4961 2292 5030 ξάμενος
2315 4962 2599 5033 ἄνθρωπος
2620 4965 2792 5033 ψιλὸς,
2825 4966 2958 5031 Θεὸς
2979 4967 3349 5020 ἀποδέδεικται
3371 4959 3608 5034 ἀληθινός·

2068 5052 2158 5105 Διὸ
2193 5053 2287 5106 καὶ
2333 5055 2494 5124 ἡμεῖς
2528 5055 2760 5127 βοῶμενο
2810 5058 2936 5112 Ποῦ
2981 5075 3118 5123 σου,
3152 5059 3383 5122 θάνατε,
3409 5055 3470 5108 τὸ
3495 5049 3608 5105 κέν-

2064 5158 2239 5210 τρονς
2293 5144 2412 5198 ποῦ
2449 5161 2586 5210 σου,
2628 5148 2765 5216 ᾅδη,
2799 5149 2864 5202 τὸ
2909 5149 3114 5216 rixae;
3161 5151 3216 5202 '0
3262 5151 3465 5216 Κύριος
3499 5141 3610 5195 ἐσα-

2064 5235 2360 5290 σίλευσεγ
2379 5276 2393 5301 ,
2461 5237 2825 5306 εὐπρέπειαν
2891 5241 3220 5295 ἐνεδύσατο
3238 5258 3251 5270 ·
3316 5238 3606 5294 ἐνεδύσατο

2064 5327 2280 5394 Κύριος
2305 5328 2580 5397 δύναμιν,
2617 5332 2713 5384 καί
2755 5331 3164 5399 περιεζώσατο.
3210 5333 3438 5401 Δύναμιν
3482 5324 3604 5391 λέγει

2062 5417 2161 5488 τὴν
2189 5418 2274 5472 διὰ
2327 5421 2528 5490 σαρκὸς
2571 5423 2903 5491 οἰκονομίαν.
2938 5425 3066 5477 Ὅτε
3100 5425 3209 5496 γὰρ
3251 5422 3450 5490 ἐκείνης
3475 5418 3602 5470 δυναι

2060 5510 2297 5580 τὼτερον
2344 5511 2526 5578 οὐδὲν,
2577 5513 2665 5565 διὰ
2706 5513 2959 5584 σώματος
2998 5518 3026 5568 ό
3065 5515 3346 5586 ἀσώματος
3380 5511 3601 5580 δαίμονας

2061 5600 2351 5653 κατέϐαλε⁸
2403 5601 2492 5656 διὰ
2539 5604 2769 5676 σταυρὸν
2818 5607 2918 5669 τάς
2949 5608 3323 5677 ἀντικειμένας
3374 5600 3598 5668 δυνάμεις

2062 5690 2532 5765 ἐξεπολιόρκησεν.
2579 5695 2795 5769 Ἐπειδὴ
2829 5698 2937 5770 γὰρ
2977 5700 3044 5754 τὰ
3091 5700 3279 5772 πρῶτα
3310 5693 3496 5752 ἐκλόνει
3518 5685 3596 5753 τὴν

460 5853 480 5884 τ
510 5850 618 5907 Tit.
646 5867 729 5915 ιιι.
771 5853 822 5909 5.
898 5856 1060 5911 tAct.
1090 5872 1170 5923 Ill,
1196 5861 1281 5916 15.
1373 5866 1394 5897 ο
1421 5858 1566 5918 ΡςιΙ.
1593 5875 1723 5929 xcu,
1751 5861 1800 5915 l.
1844 5861 1887 5895 '°
1922 5863 1971 5918 ll

2077 5902 2092 5921 .
2124 5881 2212 5931 xv,
2244 5866 2334 5922 55.
2413 5869 2455 5900 "
2488 5868 2632 5926 Psal.
2667 5885 2799 5935 που.
2833 5873 2883 5926 l.
