3882 6424
403 371 509 429 689

1565 382 1633 438 lN
1667 385 1945 442 CHRISTI
1986 371 2493 449 ASCENSIONEM.

3556 395 3664 452 690

399 487 503 554 γῆν
557 486 590 556 ἡ
647 485 906 558 ἁμαρτία,
957 490 1194 557 ἀναστὰς
1241 492 1270 545 ὁ
1317 492 1520 566 Κύριος
1565 495 1721 566 ἡμῶν
1778 497 1969 568 Ἰησοῦς

2087 511 2220 556 tam.
2245 500 2697 572 Quandoquidem
2729 501 2865 557 nihil
2899 501 2990 557 illa
3012 502 3307 572 potentius.
3335 503 3440 561 Per
3460 520 3664 576 corpus

400 576 670 644 Χριστὸς,
727 577 908 643 καθὼς
961 583 1240 650 προεῖπεν,
1289 583 1619 654 ἐστερέωσεν
1670 586 1842 656 αὐτὴν
1903 588 1982 659 τῷ

401 664 541 735 ξύλῳ
581 665 678 719 τοῦ
721 669 976 740 σταυροῦ,
1027 671 1224 742 μηκέτι
1272 675 1408 746 πρὸς
1451 675 1662 728 ὄλισθον
1705 677 1978 742 ἀπωλείας

399 754 676 825 βαδίζειν,
738 760 875 830 μήτε
926 762 1157 834 χειμῶσι
1208 764 1310 835 τῆς
1382 764 1588 836 πλάνης
1648 767 1976 837 ριπίζεσθαο.

395 846 670 919 Μάρτυρα
695 850 752 904 δὲ
777 851 872 905 τοῦ
895 852 1052 921 λόγου
1081 855 1172 908 τὸν
1201 854 1470 926 μακάριον
1517 855 1727 910 Παῦλον
1767 858 1981 926 ἀγάγω-

398 954 521 1008 μεν,
570 939 798 1008 λέγοντα
827 943 1046 1008 ἁπλῶς·
1086 945 1188 999 Δεῖ
1226 946 1336 1016 γὰρ
1380 947 1448 1000 τὸ
1488 948 1751 1016 φθαρτὸν
1800 951 1977 1004 τοῦτο

392 1028 764 1089 ἐνδύσασθαι
796 1035 1156 1104 ἀφθαρσίαν.
1193 1039 1284 1091 Διὸ
1309 1039 1400 1092 καὶ
1426 1040 1454 1092 ὁ
1479 1039 1784 1109 Ψαλμῳδὸς
1806 1040 1975 1109 λέγει’

396 1117 674 1189 Ἕτοιμος
695 1125 729 1177 ό
754 1125 965 1192 θρόνος
1004 1143 1120 1182 σου
1142 1128 1261 1183 ἀπὸ
1291 1131 1423 1184 τότε
1449 1143 1462 1159 °
1489 1130 1607 1184 ἀπὸ
1635 1131 1740 1185 τοῦ
1764 1132 1980 1199 αἰῶνος

391 1208 474 1262 σὺ
499 1211 573 1265 εἷο
616 1211 730 1276 καὶ,
775 1213 844 1268 Ἠ
880 1216 1171 1279 ,ϐασιλεία
1207 1233 1344 1286 σου,
1381 1221 1671 1285 βασιλεία
1712 1222 1974 1290 αἰώνιος,

391 1298 527 1367 ἣτις
559 1303 630 1356 οὺ
668 1301 1156 1374 διαφθαρήσεται.
1190 1311 1302 1364 Καὶ
1358 1312 1518 1368 πάλιν
1539 1332 1552 1345 ο
1601 1314 1659 1371 Ἠ
1695 1315 1979 1378 βασιλεία

390 1406 533 1457 σου,
569 1393 862 1455 ,βασιλεία
903 1397 1146 1452 πάντων
1177 1400 1298 1454 τῶν
1334 1403 1584 1457 αἰώνων.
1630 1405 1738 1458 Καὶ
1788 1406 1971 1460 πάλιν·

401 1480 466 1534 ὐ
515 1483 732 1550 Κύριος
778 1486 1213 1554 ἐϐασίλευσεν,
1257 1493 1719 1562 ἁγαλλιασθήτω
1775 1498 1814 1564 ἡ
1871 1496 1973 1566 γῆ,

387 1574 900 1642 εὐφρανθήτωσαν
930 1579 1112 1650 νῆσοι
1145 1584 1391 1638 πολλαί.
1423 1585 1548 1638 Ὀτι
1584 1585 1732 1656 αὐτῷ
1771 1589 1803 1656 ἡ
1845 1585 1973 1652 δόξα

402 1663 500 1716 καὶ
531 1663 591 1717 τὸ
621 1667 843 1737 κράτος.
889 1671 1081 1741 ’Δμήν.

2086 592 2232 646 enim
2261 593 2398 648 liber
2422 608 2452 647 a
2477 607 2708 663 corpore
2733 593 3013 649 daemonas
3034 594 3264 664 depulit.
3297 595 3405 652 Per
3437 613 3662 654 crucem

2083 683 2364 752 oppositas
2425 692 2721 754 potestates
2775 684 3007 740 obsedit.
3067 684 3202 740 Nam
3237 687 3494 756 quoniam
3549 690 3664 760 pri-

2084 786 2233 826 mum
2259 779 2463 827 terram
2500 781 2857 828 concusserat
2895 781 3202 842 peccatum,
3241 791 3534 848 resurgens
3553 777 3660 832 DO-

2084 862 2265 917 minus
2295 857 2481 918 noster
2511 862 2672 919 Jesus
2700 861 2977 930 Christus,
3009 873 3069 918 ut
3098 865 3445 934 praedixerat,
3489 869 3662 923 stabi-

2083 951 2200 1006 livit
2239 952 2412 1022 ipsam
2451 953 2598 1023 ligno
2654 953 2877 1018 crucis,
2938 970 3008 1010 ne
3038 956 3151 1011 ullo
3195 972 3436 1026 unquam
3499 958 3655 1028 lapsu

2079 1055 2324 1111 praceps
2360 1042 2414 1095 in
2449 1041 2746 1111 perniciem
2779 1052 3003 1110 rueret,
3031 1060 3210 1115 neque
3249 1045 3456 1099 erroris
3516 1053 3658 1100 tem-

2076 1132 2383 1201 pestatibus
2417 1132 2738 1202 agitaretur.
2771 1132 2988 1187 Testem
3019 1150 3148 1189 vero
3203 1135 3476 1190 dictorum
3531 1151 3660 1206 pro-

2077 1223 2342 1279 ducamus
2373 1223 2593 1278 beatum
2650 1221 2879 1277 Paulum
2925 1224 3160 1279 aientem
3195 1244 3208 1280 :
3247 1225 3466 1296 Oportet
3517 1229 3659 1280 enim

2077 1313 2418 1384 corruptibile
2447 1313 2544 1367 hoc
2573 1316 2788 1370 induere
2821 1314 3399 1383 incorruptibilitatem,
3432 1326 3483 1369 et
3518 1330 3660 1368 mor-

2073 1406 2180 1459 tale
2198 1405 2294 1460 hoc
2327 1406 2543 1460 induere
2575 1405 3031 1460 immortalitatem
3053 1405 3115 1458 ".
3150 1403 3384 1474 Ideoque
3407 1404 3658 1460 Psalmo-

2071 1490 2312 1568 graphus
2343 1499 2440 1564 ait,
2478 1495 2685 1552 Parata
2706 1506 2786 1553 est
2813 1497 2960 1551 sedes
2992 1504 3087 1550 tua
3114 1511 3178 1549 ex
3203 1505 3326 1550 tunc
3349 1514 3369 1562 ;
3399 1514 3431 1549 a
3460 1495 3656 1550 sarculo

2073 1599 2129 1643 tu
2154 1606 2207 1644 ea
2231 1591 2311 1642 "z
2339 1597 2411 1656 et,
2455 1588 2688 1660 Regnum
2719 1597 2886 1652 tuum,
2923 1605 3142 1660 regnum
3178 1589 3556 1656 sempiternum
3575 1586 3651 1653 “;

2060 1679 2198 1748 quod
2229 1696 2333 1734 non
2360 1688 2725 1748 corrumpetur
2744 1679 2825 1742 ¹⁸;
2853 1687 2907 1733 et
2935 1679 3131 1732 iterum
3157 1719 3172 1742 ,
3207 1676 3443 1748 Regnum
3478 1688 3650 1741 tuum,

388 1774 604 1828 regnum
629 1763 862 1816 omnium
885 1766 1198 1820 saeculorum
1220 1768 1294 1834 1a;
1323 1784 1386 1825 ac
1404 1785 1634 1831 rursus.
1688 1770 1939 1827 Dominus
1984 1777 2215 1844 regnavit
2249 1817 2264 1844 ,
2288 1779 2517 1832 exsultet
2581 1784 2762 1840 terra;
2793 1779 3040 1831 laetentur
3092 1776 3285 1832 inmite
3331 1775 3516 1830 multa:
3563 1769 3643 1836 ‘7;

389 1852 531 1918 Quia
570 1854 675 1923 ipsi
712 1855 883 1927 gloria
912 1865 967 1913 et
998 1860 1270 1916 fortitudo‘
1293 1865 1568 1919 convenit.
1609 1865 1804 1920 Amen.

460 2005 549 2060 “1
583 2007 710 2088 flor.
741 2025 832 2076 xv,
868 2012 956 2067 55.
1038 2013 1083 2047 ¹⁸
1107 2013 1253 2072 Psal.
1283 2032 1419 2088 XCII,
1449 2018 1502 2073 2.
1582 2019 1627 2051 “
1656 2018 1800 2073 l‘sal.
1833 2033 2015 2085 CXLIV,
2048 2017 2134 2072 15.

387 2091 537 2142 XCVI,
581 2077 634 2132 1.

2238 2017 2282 2048 ¹⁸
2316 2016 2452 2072 Dan.
2485 2031 2580 2085 xu,
2613 2016 2702 2071 l4.
2787 2017 2832 2049 “
2859 2015 3004 2073 Psal.
3032 2031 3215 2086 ειιιν,
3250 2018 3338 2074 l3.
3431 2021 3470 2052 "
3505 2019 3649 2078 Psal.

403 2267 3620 2306 Μ

1641 2428 1870 2514 ΤΟΥ

1979 2422 2358 2516 ΑΥΤΟΥ

661 2617 904 2732 ΕΙΣ
991 2617 1310 2734 ΤΗΝ
1383 2618 1686 2735 ΤΟΥ
1778 2621 2436 2739 ΧΡΙΣΤΟΥ
2541 2615 3366 2740 ΑΝΑΛΗΨΙΝ

1044 2831 1192 2890 ΤΗΝ
1222 2833 1651 2890 ΛΕΓΟΜΕΝΗΝ
1689 2835 1775 2908 Tt)
1810 2835 2132 2909 ΕΠΙΧΩΡΙῼ
2172 2836 2305 2891 ΤΩΝ
2333 2836 2812 2894 ΚΑΠΠΑΔΟΚΩΝ
2842 2835 2998 2893 ΕΘΕΙ

1601 2990 1744 3046 ῚῊΝ
1770 2990 2369 3048 ΕΠῙΣΩΖΟΔΠΞΝΗΝ.

1740 3317 2278 3410 EJUSDEM

987 3528 1144 3644 IN
1222 3525 1706 3643 ASCEN
1739 3525 2322 3644 SIONEM
2407 3527 3055 3647 CHRISTI

1199 3739 1366 3808 QUAE
1410 3741 1565 3798 DIES
1600 3741 1822 3798 FESTA
1885 3741 2410 3802 CAPPADOCIBUS
2441 3743 2650 3803 DICTA
2689 3742 2821 3799 EST

1782 3897 2164 3956 CONSECRA
2180 3899 2289 3956 ΤΑ.

1647 4053 1906 4106 Francisco
1932 4054 2052 4107 Zino
2076 4056 2349 4120 interprete.

464 4357 551 4422 Ὧς
588 4357 796 4429 γλυκὺς
837 4358 1177 4431 συνέμπορος
1224 4360 1316 4414 τοῦ
1371 4361 1712 4433 ἀνθρωπίνου
1768 4362 1883 4432 βίου
1933 4365 1963 4416 ὁ

2136 4359 2310 4427 Quam
2341 4356 2518 4414 dulcis
2552 4354 2837 4411 hominum
2868 4367 3056 4409 comes
3087 4351 3354 4424 propheta
3381 4349 3553 4408 David
3593 4350 3650 4407 in

377 4450 668 4523 προφήτης
701 4451 884 4516 Δαδὶδ,
925 4453 984 4507 ὲν
1016 4453 1217 4517 πάσαις
1243 4456 1363 4517 ταῖς
1391 4454 1527 4517 ὁδοῖς
1557 4454 1657 4525 τῆς
1695 4454 1839 4524 ζωῆς
1876 4453 1966 4506 εὑ-

382 4542 712 4613 ρισκόμενος
738 4581 753 4605 ,
796 4542 891 4595 καὶ
922 4542 1124 4605 πάσαις
1145 4545 1265 4606 ταῖς
1305 4545 1698 4614 πνευματικαῖς
1725 4542 1966 4614 ἡλικίαις

377 4627 712 4698 προσφόρως
751 4627 1250 4698 καταμιγνύμενος,
1306 4631 1506 4694 παντὸς
1543 4631 1821 4702 τάγματος
1857 4631 1966 4685 τῶν

379 4717 803 4786 προκοπτόντων
889 4721 1393 4790 συνεφαπτόμενοςῑ
1447 4722 1572 4785 Τοῖς
1634 4724 1776 4776 κατὰ
1833 4722 1966 4776 Θεὸν

377 4805 597 4875 νηπίοις
629 4806 955 4875 συμπαίζει,
989 4810 1103 4872 τοῖς
1127 4809 1350 4880 ἀνδράσι
1383 4810 1963 4878 συναγωνίζεται,παι·

377 4897 620 4966 δαγωγεῖ
639 4898 737 4966 τὴν
757 4899 1003 4969 νεότητα,
1024 4899 1376 4971 ὑποστηρίξει
1396 4902 1457 4954 τὸ
1483 4903 1677 4973 γῆρας,
1705 4906 1815 4966 τοῖς
1831 4906 1963 4957 πᾶσι

377 4990 560 5043 πάντα
595 4989 832 5057 γίνεται,
881 4991 1226 5060 στρατιωτῶν
1269 4991 1452 5058 ὅπλον,
1500 4994 1748 5064 ἀθλητῶν
1773 4996 1964 5049 παιδο-

371 5081 596 5152 τρίϐης,
622 5081 1048 5153 γυμναζομένων
1076 5083 1401 5156 παλαίστρα,
1430 5085 1705 5140 νικώντων
1767 5088 1964 5155 στέφα-

374 5185 491 5234 νος,
525 5169 907 5240 ὲπιτραπέζιος
933 5171 1261 5243 εὐφροσύνη.
1283 5174 1592 5246 ἐπικήδειος
1621 5177 1960 5248 παραμυθία.

377 5259 498 5312 Οὐκ
532 5259 647 5313 ἐστι
692 5279 745 5314 τι
794 5261 902 5316 τῶν
949 5263 1088 5316 κατὰ
1128 5265 1218 5318 τὸν
1264 5265 1376 5335 βίον
1417 5267 1574 5338 ἡμῶν
1606 5269 1706 5338 τῆς
1737 5270 1959 5341 χάριτος

377 5351 584 5424 ταύτης
633 5353 916 5424 ἀμέτοχον.
981 5358 1076 5420 Τίς
1118 5360 1426 5430 προσευχῆς
1471 5361 1718 5432 δύναμις,
1769 5359 1837 5435 ἧς
1887 5363 1964 5437 μὴ

382 5445 549 5499 Δαόὶδ
615 5447 1052 5516 συνεφάπτεται;
1111 5451 1196 5514 τίς
1249 5453 1439 5522 ἑορτῆς
1487 5454 1828 5526 εὐφροσύνη,
1891 5456 1965 5527 μὴ

382 5533 481 5587 τοῦ
543 5535 830 5606 Προφήτου
891 5538 1094 5609 ταύτην
1151 5540 1571 5612 φαιδρύνοντοςς
1641 5544 1706 5597 Ὀ
1763 5544 1826 5615 δὴ
1871 5545 1966 5599 καὶ

382 5624 481 5678 νῦν
527 5625 673 5678 ἐστιν
708 5626 834 5680 ἰδεῖν
856 5643 868 5657 ⁸
904 5628 985 5681 δτι
1024 5631 1117 5684 καὶ
1147 5630 1320 5695 ἄλλως
1357 5632 1596 5704 μεγάλην
1638 5636 1769 5706 ἡμῖν
1801 5632 1966 5691 οὖσαν

379 5719 484 5787 τὴν
517 5719 731 5790 ἑορτὴν,
770 5718 990 5789 μείζονα
1018 5721 1083 5775 δι’
1132 5724 1323 5777 ἑαυτοῦ
1377 5727 1405 5777 ὁ
1451 5727 1742 5799 Προφήτης
1784 5729 1965 5801 ὲποξη-
1997 5707 2041 5762 D

387 5827 501 5875 σεν,
549 5809 874 5882 προσφόρως
923 5812 988 5883 τῇ
1038 5813 1290 5868 ὑποθέσει
1329 5817 1428 5888 τὴν
1471 5820 1533 5872 ἐκ
1579 5818 1686 5874 τῶν
1730 5820 1961 5892 ψαλμῶν

2067 4452 2322 4508 omnibus
2354 4451 2477 4505 vitae
2505 4448 2833 4504 itineribus!
2877 4461 3042 4518 quam
3076 4455 3236 4517 aptus
3269 4444 3653 4516 spiritualibus
3706 4481 3712 4488 -

2068 4544 2281 4600 cunctis
2306 4542 2592 4608 aetatibus!
2643 4555 2808 4610 quam
2847 4540 2998 4596 omni
3042 4538 3444 4610 proﬁcientium
3472 4537 3653 4592 ordini

2067 4634 2482 4704 conditionique
2519 4630 2844 4688 commodus
2876 4631 3195 4686 invenitur!
3232 4628 3372 4684 Cum
3402 4629 3530 4694 illis,
3557 4630 3651 4700 qui

2068 4729 2210 4799 apud
2247 4727 2414 4782 Deum
2447 4727 2600 4797 pueri
2629 4723 2976 4794 infantesque
3022 4731 3174 4788 sunt,
3210 4720 3457 4777 colludit.
3501 4717 3652 4774 Viris

2067 4818 2124 4872 in
2165 4817 2468 4874 certamine
2518 4823 2571 4872 et
2604 4829 2786 4887 pugna
2831 4828 2890 4869 se
2931 4813 3146 4869 socium
3202 4811 3426 4882 praebet,
3458 4809 3652 4880 juven-

2069 4918 2237 4964 tutem
2278 4907 2482 4974 erudit,
2521 4912 2863 4962 senectutem
2895 4903 3208 4968 conﬁrmat,
3241 4901 3496 4956 omnibus
3529 4914 3649 4954 om-

2067 4999 2156 5054 nia
2189 4998 2269 5064 lit,
2305 4999 2543 5052 militum
2593 5011 2766 5059 arma,
2807 4994 3068 5065 magister
3094 4992 3363 5064 pugilum,
3393 4989 3650 5060 palaestra

2067 5091 2416 5156 certantium,
2448 5103 2654 5144 corona
2679 5087 2972 5152 victorum,
3004 5085 3058 5139 iu
3080 5083 3346 5139 conviviis
3374 5081 3644 5146 hilaritas,

2067 5185 2122 5239 in
2173 5182 2363 5238 funere
2420 5182 2722 5253 lugentium
2791 5177 3116 5234 consolatio.
3180 5174 3341 5230 Nulla
3411 5173 3646 5244 denique

2065 5290 2193 5344 pars
2242 5275 2494 5328 humanae
2523 5272 2650 5327 vitae
2693 5271 2841 5326 illius
2878 5284 3103 5324 munere
3151 5276 3206 5322 et
3257 5267 3432 5338 gratia
3464 5273 3645 5321 vacat.

2066 5365 2327 5433 Quaenam
2360 5375 2444 5421 est
2477 5363 2808 5436 precationis
2856 5360 3089 5417 facultas
3129 5374 3292 5429 quam
3326 5358 3496 5413 David
3536 5372 3647 5414 non

2067 5455 2492 5511 subministret?
2540 5456 2671 5520 Quae
2715 5452 3008 5509 celebritas
3057 5449 3279 5515 laetitiae,
3324 5462 3488 5520 quam
3539 5463 3648 5502 non

2066 5556 2293 5603 exornet
2328 5544 2644 5616 Propheta?
2704 5546 2755 5600 id
2805 5543 2950 5616 quod
3007 5544 3063 5597 in
3092 5541 3384 5612 praesentia
3431 5555 3650 5611 quoque

2069 5638 2194 5693 licet
2235 5639 2458 5694 intueri.
2498 5638 2828 5694 Hodiernam
2885 5636 3030 5693 enim
3061 5633 3459 5698 celebritatem,
3512 5632 3648 5687 satis

2073 5745 2165 5800 per
2192 5745 2251 5786 se
2277 5747 2554 5801 magnam,
2585 5731 2701 5802 ipse
2735 5729 2999 5800 majorem
3027 5726 3211 5794 efﬁcit,
3243 5727 3374 5782 dum
3401 5724 3478 5779 ilii
3515 5739 3646 5793 gau-

2070 5822 2220 5878 dium
2275 5838 2305 5879 e
2338 5823 2562 5893 psalmis
2613 5823 2862 5893 apposite
2913 5820 3183 5893 adiungit.
3240 5822 3304 5874 ln
3359 5831 3467 5873 uno
3504 5816 3645 5870 enim
