3882 6428
371 369 473 427 691

1649 359 1706 425 S.
1741 370 2068 428 GBEGORII
2105 371 2400 429 NYSSENI

3499 377 3592 437 699.

367 484 588 540 illorum
619 499 772 540 ovem
799 492 852 542 te
876 484 1036 556 jubet
1059 500 1202 554 esse,
1235 501 1356 558 qua!
1381 501 1412 540 a
1448 485 1560 543 Deo
1587 487 1854 558 pascaris,
1886 496 1939 543 et

2050 485 2462 555 συνεισενεγκὼν
2477 485 2829 557 εὐφροσύνην.
2863 486 2950 540 Ἐν
2985 487 3083 558 μὲν
3113 483 3221 558 γάρ
3247 487 3327 558 τῷ
3357 487 3454 554 ἐνὶ,
3476 494 3583 562 πρό

363 579 624 634 omnibus
667 579 935 634 bonorum
965 579 1143 650 copiis
1183 579 1394 647 afﬂuas,
1432 591 1491 635 ut
1527 581 1612 636 cui
1643 589 1699 635 et
1747 581 1937 644 herba,

365 675 422 720 et
463 667 744 736 pabulum,
787 677 844 724 et
894 681 1038 740 aqua
1069 669 1340 740 refrigerii
1389 671 1704 740 suppetat‘.
1735 669 1856 726 Tibi
1888 679 1943 724 et

365 760 572 827 cibum,
627 769 684 816 et
729 763 1167 830 tabernaculum,
1221 772 1278 820 et
1317 764 1481 828 viam,
1525 771 1580 820 et
1619 763 1836 826 ducem,
1885 769 1942 816 et

367 851 554 907 omnia
582 867 644 909 se
667 853 873 922 praebet
899 861 1088 924 pastor
1110 855 1382 924 egregius,
1414 855 1756 924 gratiamque
1783 866 1940 908 suam

267 993 281 1009 ,
370 939 436 993 ad
465 955 684 997 omnem
730 958 892 999 usum
925 950 1050 1013 apte
1080 943 1380 1000 distribuit.
1413 942 1494 998 Ex
1535 942 1738 1014 quibus
1766 944 1944 998 omni-

368 1030 476 1086 bus
520 1031 826 1088 Ecclesiam
869 1034 1112 1098 instruit,
1161 1040 1417 1104 oportere
1445 1041 1499 1088 te
1527 1034 1764 1103 primum
1817 1033 1943 1089 boni

368 1121 608 1190 pastoris
635 1136 791 1178 ovem
819 1121 934 1178 ﬁeri
959 1137 1056 1193 per
1081 1123 1280 1177 bonam
1319 1121 1653 1178 catecbesim
1677 1129 1735 1176 et
1762 1121 1946 1176 initia-

370 1211 576 1267 tionem
616 1211 687 1266 ad
728 1213 926 1268 divina;
973 1213 1240 1268 doctrinae
1293 1227 1500 1284 pascua
1539 1213 1827 1286 fontesque
1853 1214 1948 1269 de-

371 1301 618 1368 ductum,
673 1311 733 1358 ut
768 1318 893 1358 cum
935 1301 1029 1360 illo
1060 1303 1344 1374 sepeliaris
1385 1320 1480 1374 per
1508 1305 1842 1376 baptismum
1891 1306 1945 1358 in

369 1405 619 1458 mortem,
678 1408 854 1466 neque
901 1404 1086 1452 tamen
1134 1406 1364 1453 mortem
1397 1397 1667 1468 ejusmodi
1694 1397 1949 1453 reformi-

369 1484 519 1540 dare.
543 1483 660 1540 Non
679 1487 827 1542 enim
862 1501 1012 1542 mors
1040 1495 1126 1542 est
1151 1486 1278 1551 ista,
1311 1488 1408 1544 sed
1441 1488 1635 1544 mortis
1674 1481 1864 1543 umbra
1894 1494 1950 1542 et

369 1575 848 1632 similitudo.Nam
874 1579 922 1632 si
940 1577 1302 1645 ambularem,
1331 1579 1532 1650 inquit,
1563 1581 1619 1634 in
1647 1579 1818 1634 medio
1841 1595 1951 1633 um-

368 1666 479 1723 bra:
511 1669 722 1736 mortis,
751 1685 857 1725 non
895 1669 1108 1735 timebo,
1139 1679 1196 1724 ut
1235 1671 1460 1736 malum,
1495 1669 1551 1724 id
1581 1671 1721 1740 quod
1746 1671 1951 1725 accide-

367 1759 460 1823 rit,
493 1762 744 1831 quoniam
781 1771 834 1816 tu
864 1778 1066 1817 meeum
1101 1779 1155 1817 es
1181 1763 1244 1817 “.
1285 1761 1493 1818 Deinde
1537 1763 1765 1833 spiritus
1796 1763 1948 1833 virga

367 1853 710 1908 consolatur.
770 1853 1010 1924 Spiritus
1067 1853 1214 1909 enim
1273 1855 1586 1909 consolator
1637 1861 1742 1910 est.
1804 1852 1945 1909 Tum

366 1958 613 1999 mensam
651 1945 934 2016 mysticam
962 1945 1218 2015 proponit
1251 1960 1317 2000 ex
1340 1944 1573 2000 adverso
1607 1959 1809 2000 mensae
1833 1943 1945 1998 daa-

367 2048 592 2088 monum
625 2035 975 2091 instructam.
1029 2034 1132 2090 Per
1179 2036 1546 2092 idololatriam
1592 2037 1737 2092 enim
1765 2035 1944 2091 homi-

367 2138 500 2178 num
549 2124 714 2178 vitam
741 2125 1052 2182 amixerunt
1091 2127 1390 2192 daemones,
1433 2126 1636 2198 quibus
1669 2127 1946 2182 contraria

367 2220 454 2268 est
485 2211 726 2285 Spiritus
753 2230 964 2272 mensa.
996 2216 1080 2272 Ad
1106 2217 1222 2273 haec
1248 2218 1369 2273 oleo
1399 2218 1626 2288 spiritus
1658 2225 1819 2288 caput
1843 2233 1947 2272 un-

369 2305 467 2376 git,
511 2312 566 2362 et
607 2308 820 2375 vinum,
868 2309 1015 2380 quod
1059 2311 1244 2365 laetitia
1297 2325 1396 2366 cor
1434 2310 1666 2375 afticit’,
1716 2310 1944 2373 addens,

369 2396 613 2452 sobriam
655 2399 805 2453 illam
837 2400 1022 2455 animo
1049 2400 1370 2457 ebrietatem
1415 2399 1612 2470 injicit,
1640 2410 1694 2456 et
1724 2415 1754 2454 e
1779 2401 1948 2455 cadum

369 2488 451 2544 cis
495 2487 766 2560 lluxisque
794 2491 960 2547 rebus
995 2499 1230 2548 mentem
1259 2492 1426 2546 trahit
1467 2491 1536 2546 ad
1563 2490 1944 2561 sempiternas.

369 2579 581 2634 Etenim
610 2582 704 2650 qui
745 2582 838 2636 tali
859 2591 944 2638 est
973 2581 1202 2639 aﬂ‘ectus
1221 2583 1509 2644 ebrietate,
1543 2583 1758 2637 brevem
1781 2581 1946 2635 vitam

369 2687 494 2725 cum
546 2672 955 2730 immortalitate
1011 2683 1332 2740 commutat,
1386 2683 1444 2730 et
1496 2673 1549 2728 in
1609 2673 1950 2745 longitudine

369 2762 582 2818 dierum
619 2763 830 2818 habitat
865 2767 918 2819 in
946 2765 1110 2821 domo
1143 2765 1376 2821 Domini.
1402 2765 1527 2821 Haec
1557 2767 1714 2821 nobis
1753 2765 1809 2820 in
1839 2778 1949 2819 uno

369 2851 714 2909 Psalmorum
751 2857 1039 2928 elargitus,
1087 2856 1155 2911 ad
1191 2857 1451 2928 majorem
1481 2865 1534 2912 et
1569 2856 1946 2928 perfectiorem

369 2944 426 2997 in
449 2944 642 3010 altero,
676 2947 767 3015 qui
791 2941 1034 3015 proxime
1055 2948 1326 3018 sequitur,
1351 2949 1681 3017 voluptatem
1705 2948 1948 3002 animum

369 3035 592 3100 excitat,
643 3036 804 3106 cujus
837 3039 1160 3093 sententiam
1192 3039 1369 3103 vobis,
1410 3039 1456 3093 si
1491 3037 1724 3101 videtur,
1755 3037 1948 3108 pauc-is

2042 577 2206 632 ϐατόν
2235 595 2293 630 σε
2329 577 2538 631 κελεύει
2570 578 2826 648 γενέσθαι
2863 579 3015 650 παρὰ
3045 579 3138 632 τοῦ
3173 579 3307 633 Θεοῦ
3337 582 3594 651 statumini-

2045 685 2204 738 μενον
2224 707 2240 732 ,
2265 667 2360 723 καὶ
2389 667 2601 732 οὐδενὸς
2623 668 2732 722 τῶν
2760 668 2980 738 ἀγαθῶν
3002 671 3389 742 ὑστερούμενον
3405 687 3419 700 ’
3449 665 3494 739 ᾧ
3513 673 3593 726 καὶ

2043 759 2151 813 πόα
2175 759 2367 831 νομῆς,
2411 761 2506 815 καὶ
2551 759 2695 832 ὕδωρ
2735 760 3111 825 ἀναπαύσεως,
3157 762 3252 816 καὶ
3281 761 3474 834 τροφὴ,
3511 763 3598 819 καὶ

2047 851 2240 921 σκηνὴ,
2286 851 2382 905 καὶ
2431 851 2634 921 τρίϐος.
2686 851 2781 905 καὶ
2813 851 3028 922 ὁδηγία,
3070 853 3166 904 καὶ
3191 852 3366 906 πάντα
3402 855 3598 923 γίνεται

2041 941 2072 991 6
2131 938 2333 1010 ποιμὴν
2376 941 2406 993 6
2448 939 2607 1003 καλὸς
2629 981 2643 1004 ,
2671 940 2805 1010 πρὸς
2856 943 3036 996 πᾶσαν
3063 943 3251 1014 χρείαν
3277 943 3380 1015 τὴν
3417 946 3598 1000 ἑαυτοῦ

2045 1028 2204 1100 χάριν
2259 1029 2584 1100 προσφόρως
2643 1031 3044 1102 καταμερίζων.
3101 1031 3180 1086 Δι’
3233 1026 3308 1088 ὧν
3361 1035 3600 1090 ἁπάντων

2046 1117 2290 1172 παιδεύει
2345 1118 2446 1188 τὴν
2509 1119 2866 1190 Ἐκκλησίαν,
2930 1121 3013 1174 ὅτι
3077 1123 3183 1192 χρή
3240 1138 3300 1175 σε
3344 1123 3601 1194 πρόϐατον

2047 1211 2261 1282 πρῶτον
2279 1210 2534 1280 γενέσθαι
2553 1210 2647 1266 τοῦ
2677 1211 2843 1265 καλοῦ
2873 1211 3148 1282 ποιμένος,
3179 1212 3268 1267 διὰ
3289 1216 3389 1284 τῆς
3406 1215 3604 1284 ἀγαθῆς

2048 1301 2402 1372 κατηχήσεως
2445 1303 2581 1373 πρὸς
2625 1301 2726 1364 τὰς
2769 1301 2919 1366 θείας
2945 1303 3053 1356 τῶν
3077 1303 3420 1373 διδαγμάτων
3446 1305 3602 1376 νομάς

2047 1411 2106 1448 τε
2145 1395 2239 1448 καὶ
2277 1394 2459 1464 πηγὰς
2487 1391 2868 1463 όδηγούμενον,
2904 1395 2984 1458 εἰς
3013 1394 3074 1448 τὸ
3105 1395 3439 1466 συνταφῆναι
3467 1395 3604 1466 αὐτῷ

2047 1483 2136 1538 διὰ
2162 1483 2256 1538 τοῦ
2277 1482 2584 1554 βαπτισμοῦ
2607 1485 2686 1548 είς
2713 1483 2804 1536 τὸν
2825 1483 3071 1548 θάνατον,
3095 1485 3190 1538 καὶ⁵
3217 1485 3291 1557 μὴ
3315 1483 3607 1557 φοϐηθῆναι

2048 1572 2142 1626 τὸν
2168 1570 2406 1635 τοιοῦτον
2449 1570 2695 1626 θάνατον.
2743 1571 2820 1624 Οὐ
2864 1569 2974 1640 γὰρ
3009 1569 3238 1634 θάνατος
3263 1565 3419 1634 οὗτός
3445 1571 3604 1634 ἐστιν,

2051 1661 2186 1716 ἀλλὰ
2199 1661 2430 1716 θανάτου
2449 1661 2576 1716 σκιὰ
2590 1661 2684 1714 καὶ¹
2694 1659 3014 1730 ἑκτύπωμα.
3047 1661 3188 1715 Ἐὰν
3203 1660 3314 1730 γὰρ
3329 1658 3604 1730 πορευθῶ,

2052 1751 2236 1824 φησιν,
2275 1753 2346 1806 ἐν
2363 1752 2532 1822 μέσῳ
2567 1751 2747 1815 σκιᾶς
2779 1750 3060 1814 θανάτου,
3091 1751 3164 1804 οὺ
3207 1749 3609 1819 φοϐηθήσομαι

1977 1819 2020 1873 Β
2169 1819 2379 1899 κακὸν-
2406 1844 2473 1899 τὸ
2527 1845 2840 1913 γινόμενον
2863 1855 2876 1870 ’
2923 1841 3014 1894 ὅτι
3055 1839 3138 1895 σὺ
3177 1842 3308 1908 μετ’
3351 1838 3497 1908 ἐμοῦ
3539 1835 3606 1892 εἶ.

2047 1933 2202 1988 Μετά
2241 1933 2414 1987 ταῦτα
2451 1932 2840 2003 παρακαλέσας
2883 1932 2950 2002 τῇ
2998 1929 3273 2001 βακτηρίᾳ
3307 1931 3406 1984 τοῦ
3450 1929 3610 1984 uno-

2050 2042 2250 2098 ματος·
2298 2025 2328 2077 6
2375 2023 2482 2095 γὰρ
2524 2023 2872 2094 παράκλητος
2917 2021 2979 2074 τὸ
3037 2021 3264 2092 Πνεῦμα
3317 2023 3466 2075 ἐστι⁹
3519 2020 3608 2091 τὴν

2049 2116 2315 2188 μυστικὴν
2349 2114 2638 2186 προτίθησι
2676 2113 2978 2184 τράπεζαν,
3011 2111 3110 2184 τὴν
3146 2112 3206 2178 ὲξ
3249 2113 3490 2167 ἐναντίου
3520 2111 3611 2182 τῆς

2045 2207 2153 2262 τῶν
2179 2206 2444 2277 δαιμόνων
2476 2204 2753 2276 τραπέζης
2779 2203 3212 2275 ὲτοιμασθεῖσαν.
3248 2205 3476 2258 Ἐκεῖνοι
3511 2203 3610 2273 γὰρ

2043 2303 2188 2380 ἦσαν
2209 2308 2259 2361 οί
2280 2307 2368 2361 διὰ
2393 2307 2494 2376 τῆς
2519 2303 2961 2376 είδωλολατρείας
2988 2303 3086 2374 τὴν
3110 2300 3253 2371 ζωὴν
3282 2297 3393 2351 τῶν
3423 2293 3613 2366 ἀνθρώ-

2047 2415 2164 2453 πων
2193 2398 2564 2462 ἐπιθλίϐοντες⁹
2595 2390 2672 2452 ὧν
2713 2395 2772 2461 ἐξ
2813 2395 3053 2450 ἐναντίου
3103 2395 3138 2464 ἡ
3170 2390 3266 2445 τοῦ
3312 2387 3611 2458 Πνεύματος

2047 2489 2311 2560 τράπεζα.
2356 2484 2490 2542 Εἶτα
2536 2487 2754 2559 μυρίζει
2780 2486 2886 2559 τὴν
2925 2483 3166 2554 κεφαλὴν
3205 2482 3286 2550 τῷ
3328 2479 3490 2549 ὲλαίῳ
3525 2475 3610 2529 τοῦ

2051 2581 2390 2653 Πνεύματος,
2421 2581 2515 2634 καὶ
2539 2580 2792 2652 προσθεὶς
2815 2577 2963 2650 αὐτῷ
2987 2572 3128 2631 οἶνον
3156 2575 3248 2628 τὸν
3268 2573 3370 2645 τὴν
3402 2569 3612 2641 καρδίαν

2049 2673 2428 2746 εὐφραίνοντα,
2472 2671 2572 2742 τὴν
2613 2673 2890 2744 νήφουσαν
2929 2668 3146 2737 εκείνην
3191 2663 3364 2736 μέθην
3408 2660 3614 2732 ἐμποιεῖ

2047 2768 2115 2838 τῇ
2140 2765 2312 2836 ψυχῇ.
2338 2766 2538 2836 στήσας
2561 2765 2688 2828 τοὺς
2704 2761 2998 2834 λογισμοὺς
3017 2758 3126 2814 ἀπὸ
3142 2757 3252 2810 τῶν
3275 2753 3612 2828 προσκαίρων

2050 2857 2186 2928 πρὸς
2200 2856 2263 2910 τὸ
2285 2857 2456 2912 ἀΐδιον
2470 2873 2485 2887 ·
2508 2859 2536 2910 6
2553 2855 2662 2926 γὰρ
2683 2855 2783 2926 τῆς
2801 2852 3056 2922 τοιαύτης
3075 2850 3412 2919 γευσάμενος
3435 2843 3613 2915 μέθης,

2048 2943 2386 3015 διαμείϐεται
2427 2943 2522 2997 τοῦ
2561 2944 2850 3014 ὠκυμόρου
2890 2942 2952 2995 τὸ
2994 2937 3372 3007 ἀτελεύτητον.
3403 2935 3481 2996 είς
3525 2948 3614 3000 μα-

2051 3035 2290 3108 κρότητα
2318 3035 2543 3108 ἡμερῶν
2592 3035 2689 3106 τὴν
2714 3037 2772 3088 ὲν
2801 3033 2879 3104 τῷ
2903 3032 3038 3102 οίκῳ
3059 3030 3152 3085 τοῦ
3181 3027 3322 3083 Θεοῦ
3351 3021 3610 3093 διαγωγὴν

369 3127 674 3197 explicabo.
710 3129 924 3184 Domini
947 3139 1024 3184 est
1055 3139 1198 3184 terra
1223 3138 1271 3184 et
1295 3129 1569 3199 plenitudo
1597 3129 1714 3200 ejus
1736 3129 1780 3183 ³.
1806 3127 1946 3195 Quid

2054 3127 2416 3198 παρατείνων.
2464 3125 2701 3181 Τοιαῦτα
2742 3127 2874 3196 ἡμῖν
2908 3125 2966 3176 ὲν
3007 3121 3084 3192 τῷ
3123 3121 3204 3175 ἐνὶ
3245 3119 3359 3172 τῶν
3397 3113 3614 3208 ψαλμιῖιν

372 3218 552 3287 igitur.
569 3219 697 3273 novi
729 3219 1016 3291 contingit,
1055 3221 1240 3286 homo,
1269 3221 1314 3276 si
1343 3219 1486 3276 Deus
1509 3231 1695 3275 noster
1723 3220 1777 3274 in
1800 3227 1944 3275 terra

369 3309 525 3365 visus
551 3317 658 3374 est,
722 3311 768 3365 si
803 3325 927 3366 cum
981 3311 1294 3368 hominibus
1353 3311 1529 3366 vixit?
1573 3309 1695 3380 Ipse
1742 3319 1944 3364 terram

372 3399 578 3454 creavit
609 3406 663 3456 et
693 3401 958 3456 condidit.
1011 3403 1192 3468 Quare
1222 3417 1322 3457 nec
1354 3401 1677 3457 inusitatum
1711 3415 1811 3457 nec
1845 3401 1945 3455 ab-

371 3489 600 3544 surdum
632 3498 737 3556 est,
787 3498 846 3545 ut
873 3491 940 3546 ad
972 3493 1194 3562 propria
1227 3491 1493 3547 Dominus
1521 3492 1726 3550 veniat.
1759 3491 1948 3563 Neque

370 3581 514 3636 enim
543 3582 602 3638 in
633 3583 768 3640 orbe
797 3591 1052 3640 versatur
1079 3584 1282 3648 alieno,
1314 3583 1411 3640 sed
1437 3583 1495 3638 in
1517 3597 1583 3640 eo
1635 3599 1797 3654 quem
1831 3585 1948 3655 ipse

372 3677 660 3732 constituit
706 3686 760 3733 et
786 3675 1084 3734 fabricatus
1103 3684 1208 3739 est.
1241 3677 1332 3747 qui
1357 3691 1522 3747 super
1543 3677 1716 3732 maria
1745 3685 1944 3750 terram

380 3767 624 3822 fundavit
665 3774 720 3822 et
765 3766 962 3830 effecit,
1015 3777 1075 3822 ut
1127 3783 1287 3823 secus
1324 3765 1606 3822 (luminum
1653 3766 1949 3821 decursum

371 3859 576 3928 uptime
603 3857 868 3912 Collocata
891 3866 1055 3914 esset.
1087 3857 1258 3924 Quam
1289 3866 1469 3914 autem
1507 3857 1579 3913 ob
1604 3873 1824 3913 causam
1855 3857 1950 3912 ad-

371 3948 543 4014 venit,
588 3948 697 4004 nisi
725 3956 784 4002 ut
815 3955 866 4004 te
896 3963 963 4004 ex
991 3949 1203 4018 peccati
1242 3949 1501 4018 voragine
1543 3948 1854 4011 liberatum.
1895 3953 1950 4002 ct

373 4039 527 4110 regni
553 4054 801 4106 currum,
866 4040 919 4094 id
953 4050 1060 4105 est,
1110 4039 1334 4092 virtutis
1385 4039 1692 4094 institutum
1740 4039 1792 4092 in
1831 4039 1950 4108 ipso

374 4147 607 4188 ascensu
639 4131 1010 4195 adhibentem,
1045 4132 1101 4185 in
1134 4137 1374 4184 montem
1403 4128 1736 4206 adduceret?
1763 4128 1952 4199 Neque

374 4225 518 4279 enim
547 4225 675 4280 licet
707 4225 758 4278 in
793 4232 1032 4280 montem
1084 4223 1238 4277 illum
1271 4220 1590 4282 ascendere,
1627 4221 1736 4276 nisi
1777 4221 1951 4275 virtu-

375 4321 460 4369 tes
493 4313 590 4368 tibi
624 4315 850 4370 comites
903 4312 1242 4385 adjunxcris,
1293 4319 1348 4368 et
1397 4312 1662 4368 innocens
1693 4312 1950 4368 manibus

2051 3219 2434 3292 χαρισάμενος.
2463 3217 2599 3290 πρὸς
2639 3215 2860 3286 μείζονα
2885 3216 2980 3268 καὶ
3007 3211 3342 3282 τελεωτέραν
3368 3203 3614 3278 εὐφροσύ·

2053 3328 2150 3382 νην
2172 3311 2232 3365 ὲν
2253 3309 2332 3380 τῷ
2352 3307 2478 3380 ἑξῆς
2511 3307 2711 3379 ψαλμῷ
2740 3307 2839 3376 τὴν
2871 3305 3048 3377 ψυχὴν
3075 3303 3356 3374 ἐπεγείρει
3375 3318 3389 3332 ·
3421 3299 3535 3360 καὶ,
3569 3295 3613 3350 ει

2053 3387 2218 3467 δοκεῖ,
2269 3401 2362 3456 καί⁵
2401 3400 2591 3454 τούτου
2633 3400 2734 3472 τὴν
2773 3400 3011 3454 διάνοιαν
3052 3399 3182 3468 ὑμῖν
3229 3387 3610 3467 Μραθὼμεθαι

2051 3495 2118 3548 δι’
2146 3493 2344 3563 ὀλίγων
2385 3493 2785 3564 ἐπιτεμόμενοι.
2825 3491 2936 3547 Τοῦ
2968 3491 3186 3559 Κυρίου
3223 3489 3264 3556 ἠ
3315 3487 3391 3558 τῆ
3433 3483 3526 3539 καὶ
3553 3482 3612 3536 τὸ

2054 3585 2346 3656 πλήρωμα
2370 3583 2580 3654 αὐτῆς.
2613 3584 2678 3637 Τί
2705 3579 2799 3638 οὖν
2841 3581 3044 3654 ξενίζῃ,
3086 3575 3132 3636 ὢ
3173 3579 3450 3650 ἄνθρωπε,
3493 3576 3538 3628 εἰ
3587 3573 3614 3624 ό

2055 3677 2186 3742 Θεὸς
2209 3677 2366 3748 ἡμῶν
2390 3676 2482 3729 ἐπὶ
2502 3675 2604 3746 γῆς
2626 3673 2801 3744 ὤφθη,
2831 3673 3059 3734 καὶτοῖς
3105 3668 3416 3742 ἀνθρώποις
3439 3680 3615 3720 συνανέ-

2056 3769 2336 3838 εστράφη;
2357 3765 2564 3836 κτίσμα
2584 3765 2694 3836 γὰρ
2715 3764 2922 3818 ἐκείνου
2939 3764 2972 3832 ἡ
2992 3763 3087 3830 γῆ,
3115 3761 3250 3814 διότι
3273 3758 3372 3812 καὶ
3397 3756 3610 3825 ποίημα.

2057 3859 2268 3916 Οὐκοῦν
2323 3860 2476 3913 οὐδὲν
2523 3858 2730 3921 καινδν,
2773 3857 2892 3910 οὐδὲ
2941 3854 3044 3918 ἔξω
3089 3852 3182 3907 τοῦ
3221 3853 3536 3922 πρέποντος,
3561 3843 3614 3896 τὺ

2057 3955 2138 4016 είς
2162 3951 2230 4006 τὰ
2256 3951 2362 4006 ἴδια
2392 3951 2564 4006 ἐλθεῖν
2595 3951 2686 4002 τὸν
2714 3946 3011 4016 Δεσπότην’
3042 3945 3103 3998 ού
3145 3943 3254 4014 γὰρ
3282 3943 3342 3996 ὲν
3368 3937 3614 4008 ἀλλοτρίῳ

2057 4047 2264 4115 γίνεται
2315 4044 2526 4114 κόσμῳ,
2573 4043 2688 4096 ἀλλ’
2727 4041 2786 4093 ὃν
2835 4038 2996 4102 αὐτὸς
3035 4035 3422 4106 συνεστήσατο,
3462 4032 3490 4084 ὁ
3532 4027 3614 4082 ἐπὶ

2058 4136 2342 4192 θαλασσῶν
2391 4134 2724 4202 θεμελιώσας
2771 4132 2867 4203 τὴν
2912 4131 3035 4201 γῆν,
3067 4129 3162 4183 καὶ
3203 4127 3342 4198 πρὸς
3385 4123 3480 4194 τὴν
3518 4117 3612 4172 τῶν

2059 4225 2320 4296 ποταμῶν
2358 4223 2527 4277 δίοδον
2549 4222 2764 4276 εύθετον
2802 4221 2970 4292 αὐτὴν
3010 4215 3151 4273 εἶναι
3180 4211 3610 4287 παρασκευάσας.

2071 4320 2240 4391 Ὑπὲρ
2266 4318 2409 4381 τίνος
2433 4312 2525 4372 οὖν
2551 4318 2584 4383 ὴ
2621 4313 2923 4386 παρουσίας
2959 4313 3075 4366 ’Ίνα
3102 4327 3160 4363 σε
3198 4309 3311 4363 τῶν
3347 4303 3614 4378 βαράθρων

374 4405 568 4470 fueris,
624 4414 677 4460 et
715 4406 866 4461 nullo
901 4407 1108 4462 scelere
1140 4406 1551 4477 coinquinatus,
1607 4404 1703 4461 sed
1743 4403 1946 4460 mundo

2057 4412 2157 4482 τῆς
2185 4409 2458 4482 ἁμαρτίας
2493 4405 2758 4473 ἐκϐαλὼν,
2783 4404 2876 4457 ἐπὶ
2895 4403 2953 4456 τὸ
2973 4403 3097 4474 ὅρος
3119 4399 3322 4471 ἀγάγῃ,
3361 4391 3614 4482 βασιλείας

374 4496 540 4551 corde
584 4497 653 4551 ad
701 4497 904 4552 nullam
940 4498 1236 4554 vanitatem
1294 4499 1538 4552 animum
1577 4506 1733 4551 tuum
1778 4496 1946 4564 appli-

2056 4481 2291 4574 62mm:
2312 4481 2315 4482 ν
2337 4501 2473 4571 πρὸς
2514 4500 2611 4570 τὴν
2656 4498 2838 4550 ἄνοδον
2885 4499 2951 4567 τῇ
2999 4495 3119 4548 κατ’
3157 4493 3356 4565 ἀρετὴν
3393 4481 3612 4551 πολιτείᾳ

375 4589 579 4650 cueris,
623 4602 724 4643 nec
758 4588 882 4642 dolo
909 4591 1218 4657 proximum
1257 4597 1410 4642 tuum
1451 4588 1751 4657 deceperis.
1783 4587 1946 4643 Istius

2061 4595 2424 4666 χρησάμενον.
2487 4592 2562 4646 Ού
2623 4589 2730 4660 γὰρ
2775 4588 2920 4648 ἔστιν
2969 4584 3210 4640 ἀνελθεῖν
3262 4583 3356 4636 ἐπὶ
3400 4580 3458 4632 τὸ
3503 4577 3612 4666 ὅρος

375 4695 642 4736 ascensus
676 4680 958 4751 praemium
1004 4689 1088 4736 est
1121 4679 1446 4745 benedictio,
1483 4681 1612 4736 huic
1655 4680 1946 4751 repositam

2063 4664 2258 4745 ἐκεῖνο,
2308 4683 2356 4733 εἰ
2402 4680 2477 4752 μὴ
2518 4681 2640 4744 ταῖς
2684 4679 2907 4750 ἀρεταῖς
2957 4675 3292 4730 συνοδεύσειε
3313 4690 3325 4703 ⁸
3369 4672 3482 4732 ταῖς
3527 4664 3610 4734 μὲν

375 4767 522 4824 Deus
573 4767 1005 4824 misericordiam
1063 4769 1312 4840 largitur.
1375 4769 1505 4825 Han:
1557 4779 1635 4824 est
1684 4771 1946 4840 generatio

2062 4773 2248 4843 χερσὶν
2285 4771 2460 4836 ἀθῶος
2483 4771 2790 4839 γενόμενος,
2823 4769 2918 4822 καὶ
2943 4766 3182 4838 μηδεμιᾷ
3207 4762 3418 4834 πονηρᾷ
3438 4753 3610 4828 πράξει

374 4861 724 4930 quazrentium
753 4876 892 4928 eum,
931 4876 1028 4930 per
1049 4862 1306 4916 virtutem
1336 4861 1388 4916 in
1426 4862 1662 4918 sublime
1689 4877 1946 4918 conscen-

2064 4862 2422 4934 ῥυπούμενος,
2459 4861 2696 4930 καθαρὸς
2733 4859 2788 4912 δὲ
2816 4861 2882 4928 τῇ
2913 4857 3130 4929 καρδίᾳι
3179 4855 3314 4926 πρὸς
3351 4851 3495 4906 οὐδὲν
3521 4843 3609 4934 Pii:

375 4953 644 5016 dentium,
681 4960 730 5006 et
753 4951 1099 5021 quwrentium
1134 4951 1327 5018 faciem
1363 4951 1460 5007 Dei
1497 4951 1686 5006 Iacob.

2061 4931 2212 5006 ταιον
2247 4931 2350 5024 τὴν
2387 4951 2563 5021 ψυχὴν
2594 4948 2788 5004 ἑαυτοῦ
2826 4949 3027 5020 φέρων,
3073 4945 3206 5018 μηδέ
3229 4961 3352 4998 τινα
3374 4941 3514 4995 δόλον
3545 4931 3610 5001 τῷ

376 5041 602 5112 πλησίον
647 5043 1062 5115 ἐξαρτυόμενος.
1089 5043 1306 5114 Ταύτης
1338 5046 1434 5116 τῆς
1473 5045 1789 5108 ἀναϐάσεως
1819 5041 2049 5098 ἔπαθλόν
2079 5045 2228 5097 ἐστιν
2287 5047 2320 5115 ἠ
2357 5042 2610 5110 εύλογία’
2677 5041 2850 5110 τούτῳ
2886 5039 3071 5092 δίδωσι
3131 5039 3231 5108 τὴν
3267 5027 3609 5100 ἀποκειμένην

375 5135 742 5206 ἐλεημοσύνην
763 5137 792 5189 6
811 5135 1034 5207 Κύριος·
1057 5135 1218 5203 Αὕτη
1239 5137 1410 5190 ἐστὶν
1428 5139 1467 5206 ή
1489 5136 1604 5190 τῶν
1624 5135 1956 5205 ζητούντων
1991 5136 2179 5192 αὑτὸν
2206 5135 2400 5206 γενεὰ,
2425 5136 2534 5188 τῶν
2575 5135 2640 5188 δι’
2674 5134 2876 5205 ἀρετῆς
2911 5133 3047 5203 πρὸς
3117 5130 3250 5200 ὕψος
3321 5117 3612 5181 ἀναϐαινόν-

376 5243 506 5287 των,
531 5227 627 5281 καὶ
659 5227 996 5296 ζητούντων
1027 5229 1094 5282 τὸ
1125 5229 1447 5296 πρόσωπον
1477 5229 1585 5284 τοῦ
1613 5229 1762 5284 Θεοῦ
1809 5227 2023 5283 Ἰακώϐ.
3414 5304 3424 5308 _
3554 5297 3576 5308 _

451 5320 692 5392 Hujusce
720 5323 919 5393 psalmi
954 5339 1081 5393 pars
1112 5324 1322 5392 reliqua
1355 5323 1588 5380 forsitan
1641 5322 1946 5393 evangelica

2135 5316 2208 5369 Tb
2237 5313 2293 5367 δὲ
2330 5312 2526 5382 ἐφεξῆς
2553 5313 2652 5383 τῆς
2683 5310 3024 5382 ψαλμῳδίας,
3050 5308 3144 5362 καὶ
3173 5307 3340 5377 αὐτῆς
3367 5304 3498 5404 τάχα
3524 5304 3609 5404 τῇς

379 5412 543 5466 etiam
575 5428 708 5468 voce
736 5413 1097 5484 doctrinaque
1133 5415 1420 5470 sublimior
1467 5422 1570 5470 est.
1601 5413 1737 5468 Nam
1775 5415 1946 5468 Evam

2063 5405 2424 5476 εὐαγγελικῆς
2463 5403 2812 5466 διδασκαλίας
2851 5403 2999 5456 ἐστὶν
3039 5400 3383 5471 ὑψηλότερον.
3419 5394 3486 5446 Τὸ

380 5501 579 5569 gelium
641 5501 856 5560 Domini
917 5506 1368 5562 consuetudinem
1429 5513 1483 5560 et
1539 5505 1728 5568 vitam,
1793 5518 1946 5574 quam

2065 5475 2185 5568 γὰρ
2207 5475 2566 5571 Εύαγγέλιον,
2599 5494 2696 5564 τὴν
2729 5493 2822 5545 ἐπὶ
2844 5492 2948 5562 γῆς
2984 5489 3078 5543 τοῦ
3337 5475 3604 5586 διαγωγὴνι

379 5593 493 5662 egit
523 5594 576 5646 in
605 5601 772 5657 terra,
804 5604 859 5650 et
888 5597 1008 5666 ejus
1041 5597 1275 5654 reditum
1307 5597 1361 5652 in
1386 5598 1588 5654 caelum
1619 5572 1828 5652 narrat:
1863 5596 1946 5652 Ηί(

2067 5592 2160 5646 καὶ
2191 5587 2288 5659 τὴν
2326 5586 2670 5657 ἀναστροφὴν
2701 5585 3011 5656 διηγήσατο.
3071 5581 3128 5636 '0
3163 5573 3220 5628 δὲ
3249 5572 3441 5647 ὑψηλὸς
3473 5572 3607 5625 οὗτος

456 5769 474 5801 ¹
500 5767 642 5825 Psal.
676 5785 810 5854 xsn,
840 5770 858 5823 l
897 5786 1018 5841 sqq.
1099 5773 1139 5803 “
1181 5773 1317 5829 Psal.
1353 5789 1484 5840 un,
1516 5773 1566 5828 4.
1645 5775 1664 5804 ⁸
1698 5772 1842 5826 Psal.
1873 5786 1988 5838 cm,
2021 5772 2104 5827 15.
2187 5771 2207 5803 ³
2233 5768 2380 5826 Psal.
2409 5781 2570 5832 mn,
2605 5765 2629 5820 l
2665 5779 2786 5836 sqq.
