3882 6450
217 367 303 426 695

1300 359 1368 414 ΙΝ
1405 358 1682 416 CHRISTI
1709 353 2214 417 ASCENSIONEM.

3323 357 3427 415 691-

218 483 486 552 προφήτης,
517 471 680 536 ἐκϐὰς
712 471 871 536 αὐτὸς
907 472 1116 540 ἑαυτὸν,
1149 473 1224 537 ὡς
1253 474 1319 528 ἂν
1351 476 1424 546 μή
1457 474 1742 546 βαρύνοιτο
1769 536 1770 540 η

1870 486 2026 534 ιυιειη
2043 481 2294 536 excelsus
2319 476 2589 549 Propheta
2608 492 2775 549 supra
2805 492 2866 534 se
2885 451 3064 550 ipsum
3104 476 3422 549 egrediens.

217 571 282 640 τῷ
323 565 538 636 ἐφολκίῳ
581 563 674 617 τοῦ
725 565 996 635 σώματος,
1052 565 1144 618 καὶ
1192 569 1312 629 ταῖς
1357 566 1748 637 ὑπερκοσμίοις

215 659 472 729 δυνάμεσιν
511 655 698 709 ἑαυτὸν
731 655 1068 726 καταμίξας,
1095 655 1193 719 τὰς
1229 655 1452 709 ἐκείνων
1482 657 1611 728 ἡμῖν
1638 674 1751 725 φω-

217 749 297 810 νάς
325 747 667 818 διεξέρχεται,
695 747 784 798 ὅτε
814 746 1299 817 προπομπεύουσαι
1339 745 1433 800 τοῦ
1479 747 1749 801 Δεσπότου

217 839 296 890 ἐπὶ
317 837 404 908 τὴν
432 835 670 900 κάθοδον,
692 836 992 907 ἐπαρθῆναι
1022 837 1301 891 κελεύουσι
1323 837 1431 890 τῶν
1460 839 1751 906 περιγείων

217 925 453 995 ἀγγέλων,
470 923 574 978 τῶν
598 925 696 994 τὴν
725 925 1071 998 ἀνθρωπίνην
1102 927 1248 997 ζωὴν
1281 926 1750 997 πεπιστευμένων,

217 1017 302 1079 τὰς
323 1015 563 1080 είσόδους,
590 1015 864 1083 λέγουσαι·
898 1017 1102 1084 Ἄρατε
1131 1018 1347 1085 πύλας,
1367 1018 1420 1071 οἱ
1443 1017 1750 1086 ἄρχοντες,

216 1108 378 1176 ὑμῶν,
409 1107 502 1161 καὶ
527 1106 840 1176 ἐπάρθητε,
873 1108 1056 1161 πύλαι
1085 1109 1327 1174 αὶώνιοι,
1359 1106 1460 1161 καί
1489 1109 1756 1162 εἰσελεύ-

216 1214 364 1251 σεται
392 1200 424 1252 ὁ
452 1197 748 1264 Βασιλεὺς
781 1196 892 1266 τῆς
917 1198 1124 1266 δόξης.
1157 1199 1266 1253 Καὶ
1294 1197 1478 1270 ἐπειδὴ
1509 1200 1588 1261 είς
1624 1197 1653 1251 δ
1689 1197 1755 1252 ἂν

217 1289 415 1359 γένηται
439 1290 465 1341 6
487 1288 547 1342 τὸ
565 1290 670 1342 πᾶν
697 1290 754 1342 ἐν
780 1289 958 1360 ἐαυτῷ
982 1289 1270 1361 περιέχων,
1305 1290 1615 1362 σύμμετρον
1637 1291 1757 1344 ἐαυ-

216 1379 295 1432 τὸν
321 1378 392 1450 τῷ
418 1379 682 1451 δεχομένῳ
714 1383 890 1433 ποιεῖ·
917 1381 978 1434 οὐ
1023 1380 1132 1452 γὰρ
1177 1381 1336 1452 μόνον
1366 1383 1424 1435 ἐν
1451 1380 1757 1452 ἀνθρώποις

217 1471 471 1541 ἄνθρωπος
501 1471 729 1539 γίνεται,
760 1471 894 1525 ἀλλά
950 1471 1090 1526 κατά
1118 1471 1180 1525 τὸ
1207 1471 1496 1526 ἀκόλουθον
1541 1471 1758 1534 πάντως

218 1560 296 1615 καὶ
331 1563 383 1614 ἐν
410 1562 657 1630 ἀγγέλοις
688 1562 988 1632 γινόμενος,
1026 1562 1162 1634 πρὸς
1199 1563 1299 1634 τὴν
1330 1563 1553 1617 ἐκείνων
1595 1564 1756 1631 φύσιν

216 1651 384 1706 ἑαυτὸν
414 1653 747 1722 συγκατάγει
768 1669 780 1683 ⁸
815 1653 905 1707 διὰ
931 1652 1089 1707 τοῦτο
1121 1654 1410 1726 χρῄζουσιν
1439 1655 1490 1707 οἱ
1519 1653 1758 1724 πυλωροὶ

215 1743 294 1796 τοῦ
310 1743 620 1808 δεικνύντοςο
650 1745 746 1810 Τίς
770 1744 939 1798 ἐστιν
962 1739 1139 1810 οὗτος
1162 1749 1195 1799 ὁ
1218 1746 1516 1811 Βασιλεὺς
1541 1743 1649 1811 τῆς
1663 1744 1759 1798 δό-

1850 576 2108 636 tanquam
2143 567 2392 636 corporis
2440 581 2607 622 onere
2641 567 2777 622 nihil
2811 575 3109 639 prematur,
3166 567 3334 622 infert
3368 580 3428 622 se

1851 656 2166 711 caelestibus
2204 657 2586 726 potestatibus,
2633 667 2686 712 et
2717 673 2879 714 voces
2908 673 3096 714 earum
3139 658 3298 714 nobis
3332 673 3429 714 ex-
3488 709 3492 713 .

1850 745 2024 814 ponit,
2080 759 2207 799 cum
2256 746 2311 799 in
2346 745 2545 800 coelum
2598 747 2915 802 redeuntem
2965 746 3256 802 Dominum
3297 748 3432 817 ipsa:

1852 837 2201 904 comitantes,
2249 839 2476 910 angelis,
2529 839 2625 908 qui
2661 846 2954 894 versantur
2983 839 3040 894 in
3090 840 3276 906 terris,
3307 840 3430 909 qui-

1851 926 2064 996 busque
2114 927 2172 981 in
2223 927 2518 982 humanam
2549 929 2717 983 vitam
2768 930 3053 1001 ingressus
3099 934 3429 989 commissus

1853 1026 1957 1080 est,
2027 1017 2296 1086 imperant
2344 1019 2412 1071 ad
2456 1017 2603 1072 hunc
2655 1018 2877 1073 modum
2917 1036 2932 1072 :
2982 1020 3171 1074 Tollite
3227 1029 3428 1088 portas,

1853 1107 2134 1175 principes,
2169 1117 2389 1172 vestras,
2429 1115 2477 1163 et
2519 1108 2814 1175 elevamini,
2854 1119 3022 1177 porta:
3053 1111 3351 1176 celeritates,
3382 1119 3433 1164 et

1853 1197 2096 1252 introibit
2127 1197 2236 1252 Rea:
2266 1199 2470 1268 gloriae.
2515 1199 2579 1254 Et
2606 1200 2886 1270 quoniam,
2915 1202 3226 1272 ubicunque
3271 1202 3436 1257 fuerit

1856 1289 1966 1356 ille,
2005 1290 2097 1360 qui
2129 1290 2184 1343 in
2219 1292 2400 1360 seipso
2446 1292 2628 1346 omnia
2663 1293 2925 1358 continet,
2977 1307 3077 1363 pro
3130 1294 3436 1363 suscipien-

1855 1380 1989 1435 tium
2026 1391 2190 1450 captu
2219 1395 2278 1437 se
2310 1382 2489 1451 ipsum
2519 1381 2838 1449 dimetitur;
2875 1397 3052 1454 neque
3085 1384 3229 1439 enim
3253 1385 3434 1438 solum

1856 1471 1999 1527 inter
2024 1472 2276 1526 homines
2326 1472 2488 1528 homo
2538 1473 2619 1536 fit,
2676 1475 3054 1539 verumetiam,
3109 1472 3237 1528 dum
3294 1473 3438 1529 inter

1858 1563 2078 1632 angelos
2110 1572 2378 1626 versatur,
2427 1563 2498 1618 ad
2539 1565 2754 1618 illorum
2793 1572 3046 1618 naturam
3078 1579 3201 1620 sese
3235 1564 3436 1620 demit—

1859 1654 1962 1708 tit:
1995 1654 2200 1728 idcirco
2231 1662 2544 1709 narrantem
2584 1655 2846 1724 janitores
2870 1655 3246 1726 interrogant:
3303 1655 3435 1722 Quis

1858 1756 1930 1801 est
1964 1748 2064 1801 iste
2092 1745 2201 1800 Rex
2232 1747 2459 1816 gloriae?
2490 1745 2846 1816 Respondent
2876 1748 3011 1818 ipsis
3035 1747 3441 1803 demonstrant—

217 1835 345 1903 ξης;
376 1828 447 1890 Οῦ
479 1836 640 1906 χάριν
671 1835 760 1889 τὸν
799 1836 1054 1906 κραταιὸν
1099 1837 1279 1900 αὐτοῖς
1321 1838 1415 1890 καὶ
1447 1836 1670 1892 δυνατὸν
1702 1837 1760 1888 ἐν

1870 1853 1966 1908 que
1996 1835 2189 1891 fortem
2227 1844 2282 1892 et
2316 1843 2591 1907 potentem
2621 1838 2676 1891 in
2711 1816 2926 1906 prmlio',
2975 1836 3070 1907 qui
3101 1842 3441 1907 pugnaturus

216 1925 412 1996 πολέμῳ
435 1926 860 1992 ὑποδεικνύουσι,
884 1928 973 1980 τὸν
1000 1927 1259 1996 μέλλοντα
1290 1927 1426 1995 πρὸς
1447 1927 1538 1981 τὸν
1562 1927 1760 1998 αίχμα-

213 2011 488 2066 λωτίσαντα
516 2013 617 2084 τὴν
665 2013 1008 2085 ἀνθρωπίνην
1033 2014 1193 2084 φύσιν
1219 2015 1644 2087 συμπλέκεσθαι,
1669 2016 1764 2070 καὶ

214 2099 475 2155 καταλύειν
518 2102 613 2156 τὸν
657 2101 848 2173 ἔχοντα
895 2103 990 2156 τοῦ
1043 2104 1272 2158 θανάτου
1311 2106 1370 2159 τὸ
1407 2107 1635 2177 κράτος·
1678 2107 1767 2160 ἵνα

211 2189 290 2241 τοῦ
318 2192 536 2261 ἐσχάτου
571 2191 769 2263 ἐχθροῦ
795 2192 1201 2261 ἀφανισθέντος,
1246 2196 1327 2258 είς
1365 2195 1675 2266 ἐλευθερίαν
1704 2211 1764 2247 τε

213 2281 294 2333 καὶ
321 2283 534 2352 εἰρήνην
562 2282 838 2354 ἀνακληθῇ
873 2283 933 2336 τὸ
965 2284 1321 2356 ἀνθρώπινον.
1364 2285 1533 2340 Πάλιν
1558 2286 1763 2357 διεξέρ-

213 2389 347 2440 χεται
370 2374 464 2437 τὰς
491 2373 686 2444 ὁμοίας
714 2375 917 2443 φωνάς’
952 2376 1304 2448 πεπλήρωται
1326 2378 1433 2449 γάρ
1458 2378 1557 2449 ήδη
1583 2379 1645 2432 τὸ
1670 2377 1765 2432 τοῦ

215 2463 420 2518 θανάτου
462 2467 762 2538 μυστήριον
785 2505 800 2531 ,
835 2467 930 2521 καὶ
963 2468 1316 2540 κατώρθωται
1354 2471 1492 2524 κατά
1530 2470 1638 2523 τῶν
1677 2488 1770 2524 πο-

213 2552 394 2624 λεμίων
438 2561 471 2631 ή
505 2555 669 2626 νίκη,
707 2555 801 2610 καὶ
833 2558 1129 2629 ἐγήγερται
1169 2559 1229 2612 τὸ
1267 2561 1386 2612 κατ’
1425 2559 1604 2614 αὐτῶν
1645 2561 1768 2631 τρό-

215 2661 353 2698 παιον
376 2648 402 2698 6
427 2647 679 2718 σταυρός·
707 2648 816 2701 Καὶ
843 2648 1028 2702 πάλιν
1051 2651 1232 2718 ἀνέϐη
1255 2653 1342 2716 εὶς
1361 2651 1538 2720 ὕψος,
1557 2655 1770 2722 αἰχμα-

214 2736 465 2789 λωτεύων
490 2736 610 2805 τὴν
643 2738 1079 2806 αἰχμαλωσίαν,
1113 2739 1142 2791 ὁ
1166 2740 1287 2802 δοὺς
1309 2741 1405 2810 τὴν
1430 2741 1576 2812 ζωήν
1595 2759 1654 2795 τε
1677 2744 1770 2797 καὶ

214 2825 297 2894 τὴν
325 2825 632 2896 βασιλείαν,
661 2827 729 2880 τά
762 2827 940 2896 ἁγαθά
967 2827 1138 2882 ταῦτα
1179 2830 1383 2900 δόματα
1410 2833 1522 2895 τοῖς
1562 2833 1772 2905 ἀνθρώ-

215 2933 337 2980 ποις.
383 2919 492 2974 Καὶ
538 2921 626 2974 δεῖ
669 2919 828 2972 πάλιν
872 2919 1182 2990 ἀνοιχθῆναι
1228 2921 1324 2986 τὰς
1373 2923 1772 2994 ὑπερκειμένας

214 3005 370 3070 πύλας
407 3010 579 3080 αὐτῷ.
632 3010 1249 3082 Ἀντιμεταλαμὸάνουσι
1297 3013 1395 3083 τὴν
1442 3015 1774 3087 προπομπὴν

1861 1937 1978 1984 erat
2006 1936 2196 1984 contra
2225 1929 2402 1993 illum,
2435 1929 2529 1999 qui
2572 1937 2824 1984 naturam
2858 1931 3154 1984 humanam
3184 1929 3241 1984 in
3270 1929 3444 1985 servi-

1863 2025 1979 2073 tute
2039 2018 2308 2087 captivam
2363 2017 2659 2080 detinebat,
2722 2026 2776 2072 et
2826 2033 3120 2073 eversurus
3167 2032 3291 2072 eum
3348 2018 3444 2086 qui

1862 2108 2055 2164 mortis
2108 2109 2344 2163 habebat
2401 2109 2691 2180 imperium
2715 2109 2757 2176 ⁸,
2818 2115 2878 2164 ιιι
2911 2108 3236 2180 gravissimo
3286 2106 3445 2162 hoste

1864 2209 2141 2269 superato,
2193 2213 2365 2268 genus
2399 2199 2683 2254 hominum
2715 2200 2771 2253 in
2813 2199 3120 2254 libertatem
3169 2205 3224 2252 et
3253 2211 3446 2267 pacem

1865 2290 2189 2344 vindicaret.
2226 2289 2466 2344 Rursum
2505 2290 2703 2356 repetit
2732 2289 2952 2345 easdem
2980 2304 3162 2344 voces.
3193 2287 3449 2357 Comple-

1867 2388 1982 2437 tum
2017 2382 2160 2437 enim
2186 2381 2298 2451 jam
2323 2389 2408 2437 est
2435 2382 2628 2436 mortis
2659 2381 3002 2452 mysterium,
3040 2387 3093 2436 et
3114 2378 3346 2435 victoria
3376 2378 3447 2434 de

1873 2475 2125 2531 hostibus
2148 2460 2442 2545 reportata,
2470 2482 2524 2531 et
2544 2483 2735 2531 contra
2761 2476 2912 2546 ipsos
2944 2475 3242 2530 excitatum
3268 2470 3452 2527 crucis

1871 2577 2153 2635 troptrum.
2198 2565 2445 2622 Ascendit
2481 2567 2536 2620 in
2560 2567 2747 2631 altum,
2785 2567 3045 2634 captivam
3062 2565 3256 2619 ducens
3279 2565 3453 2631 capti-

1871 2660 2084 2714 vitatem
2103 2659 2142 2721 ',
2163 2657 2255 2728 qui
2277 2659 2464 2722 vitam,
2480 2664 2534 2712 et
2555 2671 2804 2727 regnum,
2824 2664 2878 2711 et
2897 2656 3161 2725 praeclara
3181 2655 3295 2708 haec
3310 2653 3454 2708 dona

1872 2730 2188 2802 hominibus
2212 2747 2424 2801 tribuit.
2446 2745 2718 2816 lmpositae
2742 2745 2822 2798 illi
2847 2758 3041 2798 rursus
3064 2739 3455 2811 patefacienda:

1874 2847 2000 2894 sunt
2039 2845 2225 2907 portae.
2259 2837 2569 2892 Occurrunt
2606 2837 2656 2890 ei
2701 2836 2874 2890 nostri
2923 2834 3197 2898 custodes,
3234 2840 3288 2886 et
3319 2845 3451 2900 por—

1874 2937 1960 2983 tas
1980 2929 2173 2998 jubent
2202 2928 2429 2996 recludi,
2459 2935 2520 2982 ut
2548 2928 2604 2982 in
2631 2927 2764 2997 ipsis
2786 2940 3005 2981 rursum
3033 2924 3266 2997 gloriam
3299 2935 3456 2979 asse-

1877 3029 2096 3089 quatur.
2134 3018 2338 3074 Verum
2384 3035 2492 3076 non
2521 3025 2823 3091 agnoscunt
2848 3030 2995 3082 eum,
3043 3015 3138 3086 qui
3177 3011 3464 3070 sordidas.

213 3098 255 3149 οί
282 3099 529 3174 ἡμέτεροι
553 3101 947 3171 φύλακες,’καὶ
976 3103 1288 3182 ἀνοιχθῆναι
1313 3105 1460 3176 αὑτῷ
1481 3107 1580 3170 τάς
1607 3108 1770 3178 ὑπερ-

1879 3107 2005 3162 vita:
2054 3115 2256 3163 nostra:
2285 3108 2481 3162 stolam
2517 3107 2742 3163 indutus
2768 3111 2874 3172 est,
2925 3104 3086 3173 cujus
3130 3103 3298 3158 rubra
3330 3107 3460 3157 sunt

214 3192 453 3260 κειμένας
478 3193 656 3256 πύλας
691 3193 1174 3264 παρακελεύονται,
1198 3196 1285 3250 ἵνα
1314 3196 1475 3251 πάλιν
1498 3199 1556 3251 ἐν
1588 3199 1770 3263 αὐταῖς

1878 3197 2210 3254 vestimenta
2259 3213 2324 3253 ex
2380 3198 2747 3253 humanorum
2802 3195 3074 3250 malorum
3125 3192 3458 3249 torculari‘.

214 3279 444 3355 δοξασθῇ.
490 3284 636 3338 Ἀλλ’
669 3285 940 3353 ἀγνοεῖται
972 3287 1001 3338 6
1031 3287 1131 3357 τὴν
1169 3288 1422 3359 ῥυπαρὰν
1462 3288 1652 3362 στολὴν
1682 3290 1777 3343 τοῦ

214 3373 464 3444 ἡμετέρου
509 3376 634 3447 βίου
681 3376 1126 3448 περιϐαλόμενος,
1165 3373 1226 3433 οὗ
1271 3379 1331 3432 τδ
1377 3379 1631 3451 ἐρύθημα
1671 3381 1780 3434 τῶν

217 3464 432 3533 ἱματίων
461 3468 528 3521 ἐκ
565 3467 672 3537 τῆς
712 3467 872 3538 ληνοῦ
900 3468 1009 3522 τῶν
1054 3468 1410 3540 ἀνθρωπίνων
1443 3471 1649 3526 κακῶν.
1683 3471 1783 3526 Διά

214 3554 356 3608 τοῦτο
379 3560 507 3629 παρ’
539 3558 768 3613 ἐκείνων
799 3562 833 3630 ἡ
863 3560 1250 3632 ἐρωτηματικὴ
1282 3561 1419 3632 αὕτη
1456 3565 1607 3633 φωνὴ
1647 3564 1784 3636 πρὸς

215 3647 329 3709 τοὺς
363 3650 856 3720 προπομπεύοντας
901 3650 1131 3719 γίνεταια
1176 3653 1270 3720 Τίς
1305 3653 1477 3707 ἐστιν
1519 3650 1698 3720 οὗτος
1749 3659 1785 3710 o'

217 3738 503 3807 Βασιλεὺς
555 3740 670 3808 τῆς
708 3740 922 3809 δόξης;
956 3737 1108 3807 εἶτα,
1143 3745 1178 3814 ή
1220 3743 1424 3797 τούτων
1470 3746 1783 3816 ἀπόκρισις,

217 3827 407 3895 οὐκέτι,
435 3833 489 3884 '0
521 3832 806 3900 κραταιὸς
833 3832 929 3887 καὶ
957 3833 1212 3901 δυνατὸς
1238 3836 1308 3889 ἐν
1333 3838 1591 3907 πολέμῳ,
1626 3837 1782 3905 ἀλλά,

216 3918 408 3991 Κύριος
445 3924 556 3976 τῶν
609 3924 907 3994 δυνάμεων,
950 3926 978 3978 6
1010 3926 1105 3980 τοῦ
1141 3928 1342 3992 παντὸς
1387 3928 1694 4000 ἐξημμένος
1725 3932 1787 3984 τὸ

219 4014 424 4082 κράτος,
465 4019 494 4070 6
521 4017 1009 4086 ἀνακεφαλαιώσας
1038 4018 1106 4072 τά
1139 4020 1313 4074 πάντα
1352 4021 1410 4073 ἐν
1441 4022 1637 4092 ἐαυτῷ,
1669 4025 1697 4077 6
1731 4025 1788 4078 ἐν

217 4104 340 4158 πᾶσι
372 4109 698 4177 πρωτεύων,
727 4110 754 4161 ὁ
796 4109 874 4172 είς
911 4109 1010 4180 τὴν
1049 4109 1270 4180 πρώτην
1300 4111 1474 4166 κτίσιν
1513 4115 1790 4168 ἀποκατα-

221 4197 411 4267 στήσας
435 4201 507 4253 τά
540 4201 722 4254 πάντα
743 4239 758 4263 ,
791 4200 950 4263 αὐτός
975 4203 1119 4254 ἐστιν
1151 4204 1180 4254 6
1214 4203 1473 4266 Βασιλεὺς
1493 4205 1588 4274 τῆς
1610 4205 1786 4275 δόξης.

229 4291 410 4363 Ὁρᾶτε
445 4298 601 4362 ὅπως
646 4299 776 4368 ἡμῖν
813 4298 1147 4369 γλυκυτέραν
1187 4299 1284 4368 τὴν
1325 4297 1517 4368 ἑορτὴν
1558 4298 1586 4349 6
1628 4297 1792 4350 Aat6‘t5

219 4383 624 4454 ἀπειργάσατο,
676 4388 796 4459 τὴνΓ
828 4388 962 4441 ἰδίαν
1007 4388 1166 4458 χάριν
1213 4389 1277 4458 τῇ
1328 4385 1642 4456 φαιδρότητι
1692 4386 1791 4454 τῆς

1878 3288 2068 3359 Itaque
2090 3302 2282 3344 rursus
2313 3287 2540 3343 comites
2562 3286 2682 3358 ejus
2719 3285 2948 3341 vocibus
2981 3283 3088 3340 illis
3125 3283 3462 3352 interrogan-

1880 3385 1991 3432 tur.
2033 3376 2165 3443 Quis
2199 3387 2276 3431 est
2303 3379 2402 3432 iste
2431 3375 2543 3432 Rea;
2587 3375 2820 3447 gloria?
2849 3371 3236 3446 Respondetur
3279 3377 3463 3427 autem

1881 3483 1993 3524 non
2023 3468 2296 3537 amplius:
2330 3467 2538 3534 Fortis,
2571 3475 2623 3522 et
2650 3474 2834 3535 potens
2877 3465 2930 3520 in
2965 3462 3150 3532 prazlio
3172 3479 3190 3516 :
3223 3460 3321 3518 sed
3357 3460 3464 3515 Do-

1882 3561 2066 3614 minus
2092 3560 2378 3623 virtutum,
2431 3558 2526 3629 qui
2575 3557 2766 3612 mundi
2800 3556 3164 3628 principatum
3206 3553 3463 3620 obtinuit,

1885 3651 1976 3720 qui
2007 3650 2318 3706 summatim
2347 3650 2530 3705 omnia
2556 3649 2611 3703 in
2644 3663 2703 3704 se
2730 3648 2970 3718 collegit,
3002 3646 3094 3718 qui
3117 3645 3175 3701 in
3207 3645 3464 3701 omnibus

1885 3743 2092 3814 primas
2131 3747 2300 3804 tenet,
2348 3741 2440 3810 qui
2482 3740 2772 3810 pristinum
2807 3738 2865 3794 in
2912 3744 3114 3794 statum
3142 3745 3339 3791 cuncta
3372 3749 3464 3791 re-

1888 3835 2086 3900 stituit,
2119 3834 2236 3904 ipse
2261 3840 2346 3888 est
2375 3831 2487 3886 Rex
2517 3831 2720 3903 gloriae.
2757 3829 3017 3895 Cernitis,
3045 3827 3320 3899 quomodo
3354 3825 3466 3880 dul-

1886 3926 2092 3982 ciorem
2147 3925 2307 3981 nobis
2371 3923 2743 3980 celebritatem
2794 3921 2965 3977 David
3021 3918 3278 3983 effecerit,
3338 3916 3466 3971 dum

1890 4015 2151 4072 Ecclesia:
2182 4013 2442 4069 bilaritati
2467 4014 2697 4084 gratiam
2721 4013 2992 4066 immiscet
3026 4023 3202 4066 suam.
3234 4006 3468 4063 Proinde

1891 4123 1992 4164 nos
2016 4109 2168 4170 item,
2199 4114 2460 4176 quantum
2491 4118 2804 4174 possumus,
2843 4102 3121 4156 imitemur
3141 4097 3467 4166 Prophetam

1891 4198 1946 4253 in
1981 4197 2249 4252 charitate
2284 4210 2411 4266 erga
2444 4194 2636 4259 Deum,
2669 4196 2724 4248 in
2757 4190 3176 4248 mansuetudine
3209 4189 3355 4254 vitae,
3409 4188 3469 4242 in

1891 4289 2179 4344 tolerantia
2207 4301 2335 4358 erga
2364 4286 2486 4340 illos
2515 4285 2609 4354 qui
2641 4299 2742 4340 nos
2770 4284 2898 4338 odio
2948 4287 3377 4351 prosequuntur,
3413 4285 3470 4333 ut

1893 4380 2178 4451 Prophetae
2218 4380 2467 4434 doctrina
2511 4378 2669 4431 nobis
2702 4375 2769 4430 ad
2802 4377 2940 4430 bene
2977 4374 3241 4442 beateque
3279 4370 3470 4424 viven-

230 4473 554 4548 Ἐκκλησίας
606 4477 998 4548 ἐγκαταμίξας.
1046 4475 1254 4530 Οὐκοῦν
1295 4472 1662 4545 μιμησώμεθα
1701 4490 1770 4528 κα

1897 4473 2028 4528 dum
2055 4471 2166 4526 dux
2203 4469 2574 4538 magistraque
2617 4467 2709 4530 sit,
2742 4466 2797 4520 in
2828 4465 3050 4520 Christo
3083 4461 3214 4518 Jesu
3244 4460 3471 4516 Domino

220 4561 371 4629 ἡμεῖς
395 4566 487 4620 τὸν
518 4567 836 4637 Προφήτην,
873 4569 930 4620 ἐν
958 4561 1038 4630 οἷς
1065 4565 1283 4619 δυνατόν
1309 4566 1424 4616 ἐστι
1450 4562 1791 4634 κατορθῶσαι

1899 4570 2109 4628 nostro,
2142 4562 2230 4617 cui
2267 4561 2437 4631 gloria
2468 4561 2522 4614 in
2555 4558 2752 4614 saecula
2783 4557 3133 4610 saeculorum.
3165 4553 3358 4607 Amen.

220 4657 311 4726 τὴν
343 4660 605 4730 μίμησιν,
645 4663 702 4714 ἐν
728 4663 793 4729 τῇ
815 4661 950 4729 πρὸς
976 4662 1109 4714 Θεὸν
1137 4663 1346 4732 ἀγάπῃ,
1376 4659 1434 4712 ἐν
1463 4661 1527 4729 τῇ
1553 4657 1647 4711 τοῦ
1679 4658 1793 4726 βίου
1833 4658 2121 4728 πρᾳότητι,
2157 4657 2214 4708 ἐν
2283 4657 2350 4726 τῇ
2422 4654 2557 4725 πρὸς
2589 4653 2713 4715 τοὺς
2754 4649 3042 4720 μισοῦντας
3084 4644 3433 4718 μακροθυμίᾳ
3455 4659 3469 4675 °

223 4748 304 4801 ἵνα
328 4753 559 4824 γένηται
585 4756 620 4822 ή
661 4753 754 4806 τοῦ
784 4753 1068 4825 Προφήτου
1096 4755 1408 4810 διδασκαλία
1450 4753 1548 4821 τῆς
1585 4754 1726 4807 κατὰ
1757 4754 1890 4808 Θεὸν
1917 4751 2188 4814 πολιτείας
2227 4751 2594 4838 χειραγωγία,
2629 4749 2687 4802 ἐν
2716 4744 2937 4819 Χριστῷ
2972 4743 3144 4812 Ἰησοῦ
3183 4741 3261 4810 τῷ
3287 4738 3474 4810 Κυρίῳ

221 4838 392 4910 ἡμῶν,
416 4838 463 4910 ᾧ
494 4845 530 4915 ή
557 4844 684 4909 δόξα
713 4848 792 4910 είς
817 4849 943 4910 τοὺς
973 4847 1174 4910 αίῶνας
1210 4847 1314 4900 τῶν
1343 4845 1571 4899 αἰώνων.
1625 4845 1815 4915 Ἀμήν.

287 5024 306 5055 ⁸
335 5023 478 5082 Heb.
520 5041 584 5091 ιι,
619 5027 705 5082 14.
771 5026 959 5087 l'Psal.
985 5045 1157 5097 vau,
1199 5029 1280 5084 l9.
1358 5031 1378 5061 ⁶
1407 5028 1510 5084 lsa.
1553 5043 1705 5095 unt,
1736 5028 1791 5082 2.
