3882 6428
450 342 560 403 695

457 493 1572 524 cm

1730 645 1957 730 ΤΟΥ

1691 339 1748 394 S.
1781 338 2111 394 GREGORII
2152 336 2448 393 NYSSENI
3581 336 3668 396 696

2349 485 3646 520 Ma

2309 509 2344 520 ο

2046 643 2421 730 ΑΥΤΟΥ

695 989 702 996 ,
816 856 1345 980 ΛΟΓΟΣ
1452 863 1694 978 ΕΙΣ
1799 863 2007 980 ΤΟ
2103 860 2582 978 ΑΓΙΟΝ
2678 857 3355 1002 ΠΝΕΥΜΑ.

1816 1261 2363 1354 EJUSDEM

1027 1475 1570 1596 ORATIO
1656 1475 1838 1588 DE
1918 1475 2496 1590 SPIBITU
2575 1474 3146 1592 SANCTO

1553 1701 1734 1757 sms
1779 1699 1867 1754 IN
1921 1698 2470 1756 PENTECOSTEN
2522 1701 2624 1772 (ι).

1407 1860 1690 1920 Interprete
1716 1865 1770 1908 et
1787 1859 2052 1908 Scholiaste
2081 1856 2349 1907 Laurentio
2367 1856 2610 1921 Zacagnio
2631 1860 2689 1910 ν.
2741 1892 2770 1912 ..

530 2173 823 2241 Quodlibet
847 2172 1057 2230 festivae
1079 2176 1416 2231 celebritatis
1450 2183 1830 2248 argumentum
1866 2189 1962 2244 per
1991 2188 2048 2227 se

2227 2174 2415 2226 Πᾶσαν
2465 2174 2659 2244 ἑορτῆς
2697 2173 2954 2226 ὑπόθεσιν
3003 2166 3371 2240 φαιδροτέραν
3403 2168 3432 2221 ό
3471 2166 3620 2220 Δασὶδ
3649 2165 3702 2218 δι’

461 2265 577 2336 ipse
612 2267 881 2321 illustrius
907 2266 1069 2320 eﬁlcit
1103 2265 1444 2330 David,dum
1481 2267 1864 2323 suavissimam
1898 2265 2044 2318 illam

459 2357 730 2412 citharam
762 2358 828 2411 ad
855 2357 930 2419 id,
955 2357 1103 2426 quod
1136 2359 1259 2413 usui
1291 2366 1396 2420 est,
1434 2367 1559 2426 apte
1587 2372 1804 2425 semper
1833 2371 2047 2410 accom-

462 2450 666 2504 inodat.
716 2448 1062 2519 Quapropter
1111 2449 1393 2520 sapientiai
1425 2449 1622 2505 ﬁdibus
1667 2448 1902 2518 Spiritus
1936 2447 2046 2517 plo-

460 2548 582 2596 ctro
613 2541 868 2610 pulsatis,
900 2549 1122 2595 cantum
1164 2541 1363 2604 edens,
1397 2539 1539 2595 idem
1581 2541 1738 2594 nobis
1772 2539 2046 2608 Propheta

459 2646 711 2700 magnam
742 2646 961 2700 quoque
995 2631 1348 2686 Pentecostes
1377 2630 1750 2685 celebritatem
1788 2631 2042 2684 illustret.

460 2721 616 2776 Dicat
649 2723 874 2808 proinde
900 2739 967 2778 ex
1002 2723 1185 2777 divina
1219 2724 1311 2778 illa
1343 2724 1716 2779 modulatione
1750 2737 1850 2778 sua
1902 2722 2048 2792 psal-

459 2830 607 2868 mum
645 2814 794 2868 illum
829 2814 1094 2870 hodierno
1131 2813 1224 2869 Dei
1261 2813 1524 2870 beneﬁcio
1556 2829 1856 2882 congruum
1894 2833 1906 2867 :
1943 2813 2046 2867 Ve-

458 2907 584 2969 nite,
623 2906 948 2960 exsultemus
994 2905 1223 2960 Domino
1257 2906 1297 2958 ¹.
1344 2903 1592 2959 Primum
1648 2914 1829 2961 autem
1881 2919 2048 2960 nosse

458 3005 672 3068 Oportet
711 2997 984 3068 quodnam
1033 2999 1106 3052 sit
1152 2997 1258 3051 hoc
1308 2997 1399 3052 Dei
1447 2997 1806 3060 beneﬁcium,
1850 2999 2048 3053 deinde

459 3090 731 3145 orationis
751 3095 1074 3161 argumento
1106 3088 1345 3158 aptanda
1376 3097 1506 3144 sunt
1523 3090 1690 3144 verba
1711 3090 2044 3158 prophetiae;

459 3195 666 3250 perque
699 3195 794 3235 vos
827 3179 957 3232 mihi
991 3180 1170 3242 liceat,
1205 3195 1326 3248 qua:
1362 3180 1428 3236 ad
1465 3180 1581 3234 hazc
1614 3181 1910 3250 pertinent,
1945 3183 2046 3236 ali-

459 3288 572 3342 quo
601 3273 795 3326 ordine
833 3285 933 3340 pro
972 3271 1188 3324 viribus
1224 3271 1519 3340 explicare.
1555 3269 1717 3324 Initio
1753 3271 2047 3326 aberravc-

459 3373 584 3420 rant
639 3363 890 3419 homines
923 3379 954 3417 a
1003 3363 1320 3433 cognitione
1347 3363 1477 3426 Dei,
1515 3364 1820 3432 relictoque
1864 3377 2046 3417 rerum

458 3453 703 3506 omnium
752 3451 1028 3519 Domino,
1064 3451 1155 3506 alii
1201 3452 1392 3507 mundi
1441 3451 1697 3507 colebant
1737 3451 2045 3516 elementa,

459 3543 552 3597 alii
580 3542 860 3597 daemones
894 3542 1241 3598 venerandos
1272 3543 1591 3607 censebant,
1616 3542 1894 3612 plerisque
1920 3558 2049 3598 vero

459 3635 792 3690 manufactaa
835 3635 1002 3690 etiam
1053 3635 1478 3691 simulacrorum
1526 3635 1792 3707 imagines
1824 3635 2050 3688 numina

460 3740 584 3781 esse
604 3725 949 3792 videbantur,
980 3726 1182 3796 quibus
1210 3727 1457 3782 colendis
1487 3741 1635 3790 aras,
1665 3735 1720 3782 et
1748 3726 1970 3795 templa,
1997 3734 2052 3780 et

462 3829 656 3880 sacra,
687 3822 742 3870 et
770 3815 1019 3872 victimas
1039 3854 1054 3882 ,
1085 3824 1139 3871 et
1175 3817 1298 3871 fana
1320 3857 1334 3882 ,
1371 3824 1424 3872 et
1457 3817 1685 3871 delubra
1729 3818 1947 3886 aliaque
1994 3817 2050 3872 id

464 3920 636 3974 genus
667 3905 1072 3960 dedicaverant.
1129 3906 1387 3977 Benignis
1418 3907 1583 3976 igitur
1631 3907 1809 3961 oculis
1841 3915 2051 3963 natura;

468 3993 730 4050 Dominus
761 4005 1072 4065 corruptam
1108 3997 1392 4051 hominum
1425 4005 1678 4051 naturam
1708 3999 1972 4068 respexit,
1997 4005 2052 4055 et

466 4086 763 4141 humanam
801 4087 967 4142 vitam
1003 4088 1072 4142 ab
1097 4103 1284 4142 errore
1308 4088 1376 4142 ad
1409 4087 1661 4144 veritatis
1683 4089 2048 4158 cognitionem

464 4181 794 4251 quibusdam
841 4183 999 4252 quasi
1035 4181 1300 4253 gradibus
1341 4182 1640 4237 revocavit.
1677 4181 2048 4248 Quemadmo-

464 4273 595 4326 dum
637 4273 784 4327 enim
815 4273 907 4344 qui
938 4273 1199 4328 diuturna
1237 4271 1380 4328 fame
1407 4275 1693 4328 confectos
1723 4290 1790 4328 ex
1827 4274 2050 4329 medica}

467 4362 746 4419 facultatis
773 4366 1095 4435 prmscripto
1133 4364 1420 4429 reﬁciunt,
1451 4365 1766 4420 earumdem
1805 4366 2050 4421 imbecil-

466 4454 606 4508 litati
641 4455 1076 4524 prospicientes,
1109 4457 1253 4511 baud
1296 4458 1444 4512 illico
1487 4458 1568 4512 eis
1618 4458 1686 4513 ad
1741 4459 2050 4514 satietatem

467 4544 622 4600 cibos
649 4546 1039 4614 suppeditant;
1076 4547 1166 4602 sed
1201 4557 1555 4618 posteaquam
1584 4549 1730 4603 victu
1765 4549 2050 4604 moderato

465 4637 612 4692 vires
651 4647 1067 4706 recuperarunt,
1099 4646 1212 4692 tum
1247 4639 1464 4695 demum
1497 4642 1634 4710 ipsis
1664 4641 1730 4695 ad
1759 4642 2049 4697 arbitrium

467 4743 590 4785 sese
615 4728 902 4798 explendi,
952 4736 1274 4798 potestatem
1314 4730 1522 4786 faciunt
1559 4751 1571 4785 :
1615 4733 1696 4786 sic
1723 4733 1884 4787 etiam
1921 4749 2046 4787 cum

467 4816 740 4873 horrenda
778 4817 944 4871 veluti
975 4818 1116 4873 fame
1145 4818 1445 4872 humanum
1480 4817 1652 4888 genus
1695 4821 2047 4890 absumptum

464 4917 649 4974 esset,
679 4911 1068 4981 mysteriorum
1115 4926 1300 4967 escam
1341 4911 1524 4965 divina
1560 4913 1668 4965 illis
1705 4912 2048 4980 providentia

465 5003 570 5058 hac
603 5003 816 5057 ratione
843 5000 1204 5072 dispensavit,
1235 5011 1295 5056 ut
1331 5002 1387 5056 in
1421 5003 1537 5058 dies
1570 5003 1853 5072 paulatim,
1885 5011 2049 5074 atque

537 5185 555 5214 ί
597 5180 743 5240 Psal.
769 5196 916 5246 xcw,
956 5181 1007 5234 l.

544 5336 620 5402 (ι)
643 5335 940 5398 ῧΑι.ιΑι‹ι›.,
977 5331 1064 5391 Ἣ,
1101 5330 1226 5402 θθι.
1273 5329 1555 5402 —_Edita
1584 5338 1668 5402 est
1696 5328 1834 5402 _h_:e_c
1877 5329 2053 5382 oratio

472 5397 666 5457 Latine
698 5397 1028 5458 tantuinex
1065 5401 1316 5455 versione
1364 5399 1644 5452 Francisci
1696 5397 1816 5450 Zini
1859 5417 1870 5450 :
1926 5414 2050 5451 cum

477 5480 658 5523 autem
683 5471 873 5527 Graece
911 5473 1205 5524 haberetur
1239 5471 1290 5522 in
1322 5470 1501 5522 tribus
1555 5468 1898 5537 perantiquis
1944 5466 2052 5537 Va-

479 5539 673 5593 ticana:
709 5541 1051 5592 bibliotheca:
1102 5539 1388 5592 codicibus
1437 5536 1665 5606 signatis
1713 5553 1868 5589 num.
1907 5536 2050 5606 A564,

484 5606 618 5676 1455
651 5617 706 5661 et
732 5610 890 5668 1907,
917 5610 970 5660 in
998 5610 1198 5676 quibus
1229 5609 1414 5660 omnia
1464 5604 1578 5660 fere
1617 5605 1862 5673 Gregorii
1907 5604 2050 5674 Nys-

481 5675 596 5724 scni
623 5691 788 5742 opera
827 5675 1199 5732 continentur.
1238 5683 1603 5743 opportunum
1650 5676 1810 5729 nobis
1870 5676 2047 5727 visutn

491 5751 595 5807 est,
639 5740 758 5799 eam
810 5761 1024 5814 quoque
1060 5748 1244 5799 Graece
1273 5740 1432 5799 cdere
1461 5761 1524 5798 ex
1558 5744 1748 5799 codice
1791 5745 1950 5810 M35,
1985 5744 2051 5797 ad

2149 2264 2344 2318 ἑαυτοῦ
2369 2266 2765 2335 ἀπεργάζεται,
2793 2265 2891 2334 τὴν
2915 2259 3314 2331 πολυαρμόνιον
3346 2258 3555 2327 ἐκείνην
3582 2255 3708 2310 κιθά·

2148 2373 2250 2427 ραν
2292 2357 2616 2428 προσφόρως
2640 2357 2726 2408 ἀεὶ
2752 2358 2816 2426 τῇ
2849 2353 3010 2424 χρείᾳ.
3045 2348 3543 2422 μεθαρμοζόμενος.
3585 2347 3704 2401 Οὒκο

2145 2449 2240 2503 οὖν
2297 2450 2390 2503 καὶ
2428 2449 2528 2520 τὴν
2559 2449 2801 2520 μεγάλην
2830 2447 2930 2516 τῆς
2960 2442 3346 2514 Πεντηκοστῆς
3389 2440 3576 2510 ἑορτὴν
3605 2455 3709 2506 φαι-

2145 2540 2386 2612 δρυνέτω
2430 2543 2562 2611 ἡμῖν
2611 2543 2640 2594 ό
2673 2539 2836 2602 αὐτὸς
2873 2537 3190 2608 Προφήτης,
3227 2533 3305 2602 τῷ
3348 2533 3600 2605 πλήκτρῳ
3633 2527 3709 2582 τοῦ

2147 2631 2468 2702 Πνεύματος
2526 2633 2586 2685 ὲν
2634 2633 2754 2694 ταῖς
2803 2628 3020 2700 χορδαῖς
3067 2629 3166 2696 τῆς
3217 2625 3414 2693 σοφίας
3462 2623 3520 2676 τὸ
3575 2620 3711 2692 μέλος

2147 2723 2600 2794 ἀνακρουόμενος.
2637 2722 2858 2776 Είπάτω
2895 2718 3074 2772 τοίνυν
3117 2719 3181 2770 ὲκ
3235 2716 3343 2786 τῆς
3395 2714 3574 2767 ὲνθέου
3607 2710 3713 2782 μελ-

2147 2814 2315 2884 ῳδίας
2338 2814 2574 2884 ἐκείνης,
2597 2814 2657 2866 τὸ
2695 2815 2760 2883 τῇ
2796 2810 3049 2881 παρούσῃ
3083 2809 3267 2878 χάριτι
3299 2807 3605 2876 πρόσφορον
3628 2801 3711 2869 (2),

2147 2907 2229 2958 ὅτι
2289 2905 2487 2966 Δεῦτε.
2537 2901 3039 2974 ἁγαλλιασώμεᾶα
3079 2897 3158 2963 τῷ
3207 2898 3427 2964 Κυρίῳ.
3474 2896 3714 2966 Πρότερον

2149 2998 2253 3070 χρὴ
2304 2997 2505 3066 γνῶναι
2545 2996 2645 3066 τὴν
2690 2995 2869 3065 Χάριν»
2904 2993 3026 3062 ἥτις
3073 2989 3240 3053 ἐστὶν,
3287 2983 3392 3040 εἷθ’
3430 2986 3594 3046 οὕτως
3633 2983 3713 3050 τὴν

2150 3089 2489 3160 κατάλληλον
2515 3089 2581 3141 ὲκ
2611 3088 2710 3159 τῆς
2749 3083 3086 3156 προφητείας
3119 3078 3434 3151 ἐφαρμόσαι
3460 3079 3523 3147 τῇ
3552 3071 3715 3128 ome-

2151 3199 2234 3235 σει
2268 3183 2454 3253 φωνήν
2480 3197 2493 3210 ·
2532 3181 2628 3235 καί
2671 3198 2761 3250 μοι
2796 3179 2933 3246 δότε,
2978 3173 3160 3237 καθὼς
3191 3170 3256 3226 ἂν
3367 3168 3604 3226 δυνατὸν.
3645 3164 3716 3217 διά

2147 3291 2295 3338 τινος
2329 3273 2626 3327 ἀκολούθου
2657 3271 2867 3338 τάξεως
2899 3270 3228 3340 διασαφῆσαι
3258 3263 3356 3320 τὸν
3383 3266 3506 3336 περὶ
3538 3257 3714 3316 τούτων

2149 3366 2324 3434 λόγον·
2375 3365 2697 3434 Πεπλὰνητο
2734 3364 2854 3418 κατ’
2888 3361 3062 3434 ἀρχὰς
3102 3363 3161 3414 τὸ
3199 3359 3563 3430 ἀνθρώπινον,
3603 3354 3716 3422 πρὸς

2152 3457 2251 3528 τὴν
2280 3457 2374 3510 τοῦ
2401 3455 2537 3510 Θεοῦ
2573 3455 2920 3525 κατανόησιν,
2963 3453 3058 3506 καὶ
3100 3451 3498 3512 καταλιπόντες
3529 3447 3610 3500 τὸν
3635 3444 3715 3512 τῆς

2155 3549 2385 3612 κτίσεως
2423 3547 2630 3618 Κύριον
2653 3586 2667 3610 ,
2698 3547 2747 3600 οἱ
2782 3545 2881 3616 μὲν
2915 3546 3028 3606 τοῖς
3071 3543 3164 3596 τοῦ
3212 3542 3422 3612 κόσμου
3467 3536 3714 3607 στοιχείοις

2151 3639 2216 3692 δι’
2261 3640 2480 3709 ἀπάτην
2506 3637 2583 3709 ('5)
2622 3639 2965 3698 ὑπέκυπτον,
3005 3634 3154 3688 ἄλλοι
3184 3634 3239 3686 δὲ
3275 3633 3378 3703 τὴν
3419 3631 3523 3684 τῶν
3558 3625 3716 3695 δαιμό-

2153 3749 2260 3786 νων
2300 3730 2461 3802 φύσιν
2488 3729 2768 3784 ἐποιοῦντο
2821 3728 3144 3798 σεϐάσμιον,
3176 3723 3397 3787 πολλοῖς
3423 3723 3479 3776 δὲ
3503 3721 3560 3773 τὸ
3587 3719 3714 3802 Θεῖον

2153 3801 2327 3877 ἐδόκει
2357 3823 2451 3876 καὶ
2496 3823 2529 3893 ἡ
2569 3820 2944 3892 χειροποίητος
2984 3817 3092 3870 τῶν
3141 3815 3377 3869 εἰδώλων
3413 3812 3616 3885 μορφὴ,
3651 3801 3714 3868 οἷς

2157 3916 2328 3987 βωμοί
2355 3933 2434 3980 τε,
2463 3918 2558 3968 καὶ
2598 3916 2738 3977 ναοὶ,
2771 3914 2863 3969 καὶ¹
2899 3911 3148 3973 τελεταὶ,
3177 3908 3271 3962 καὶ
3305 3907 3511 3967 θυσίαι,
3542 3901 3626 3955 καὶ
3645 3915 3715 3951 τε-

2157 4009 2316 4078 μὲνη,
2358 4008 2451 4061 καὶ
2494 4007 2846 4077 ἀφιδρύματα
2866 4046 2879 4062 .
2913 4002 3009 4056 καὶ
3041 4001 3218 4055 πάντα
3245 3997 3315 4050 τὰ
3353 3994 3574 4050 τοιαῦτα
3605 3989 3713 4057 παρ’

2153 4101 2332 4153 αὐτῶν
2395 4097 2670 4152 ἀνετίθετο
2726 4099 2804 4160 εἰς
2861 4093 3160 4165 θεραπείαν
3214 4089 3320 4143 τῶν
3377 4084 3714 4156 ψευδωνύμων

2153 4190 2312 4245 θεῶν.
2344 4185 2463 4243 Εἷδε
2493 4190 2670 4242 τοίνυν
2696 4187 2773 4257 τῷ
2798 4187 2895 4256 τῆς
2919 4181 3326 4254 φιλανθρωπίας
3348 4173 3605 4246 ὀφθαλμῷ
3631 4170 3712 4237 τὴν

2151 4283 2250 4353 τῆς
2274 4283 2490 4351 φύσεως
2513 4282 2622 4333 τῶν
2646 4279 2948 4350 ἀνθρώπων
2974 4273 3273 4344 διαφθορὰν
3291 4274 3320 4325 ὁ
3342 4268 3612 4334 Δεσπότης
3632 4260 3712 4328 τῆς

2153 4377 2398 4446 φύσεως,
2431 4375 2525 4429 καὶ
2568 4375 2656 4428 διά
2689 4388 2835 4434 τινος
2881 4366 3202 4427 ἀκολουθίας
3247 4362 3357 4417 ἀπὸ
3384 4360 3484 4428 τῆς
3533 4353 3712 4446 πλᾴγης

2152 4439 2415 4535 ἐπανάγει
2457 4465 2554 4536 τὴν
2589 4460 2936 4533 ἀνθρωπίνην
2981 4456 3123 4527 ζωὴν
3160 4453 3296 4524 πρὸς
3339 4451 3438 4521 τὴν
3481 4449 3574 4514 τῆς
3605 4439 3708 4536 ἀλξγ

2152 4556 2301 4618 θείας
2329 4527 2643 4622 έπίγνωσιν.
2677 4527 3022 4619 ’.Ωσπερνγὰρ
3047 4548 3096 4598 oi
3128 4546 3254 4606 τοὺς
3283 4543 3341 4594 ἐν
3371 4537 3517 4608 λιμῷ
3540 4527 3711 4605 χρονίῳ

2153 4644 2577 4716 συντετηκότας,
2623 4643 2763 4714 μετά
2790 4658 2938 4702 τινος
2969 4636 3217 4709 ἰατρικῆς
3260 4624 3710 4716 ἐπιστήμηςγὰνα·

2151 4715 2545 4807 λαμϐάνοντες,
2597 4735 2697 4787 οὐκ
2731 4730 2941 4802 ἀθρόως
2990 4728 3082 4781 ἐπὶ
3124 4726 3216 4779 τὸν
3263 4725 3424 4792 κάρον
3465 4715 3709 4810 προέγοῗ·

2156 4844 2208 4880 σι
2230 4805 2354 4896 (Δ),
2388 4827 2562 4895 φειδοῖ
2598 4827 2697 4894 τῆς
2743 4821 3028 4881 ἀσθενείας
3076 4815 3256 4872 αὐτῶν
3279 4831 3293 4845 ·
3338 4809 3474 4866 ἀλλά
3515 4805 3596 4896 διά
3631 4805 3711 4896 τῆς

2163 4889 2476 4989 συμμέτρου
2523 4889 2729 4987 τροφῆς
2768 4909 3171 4982 ἀναληφθείσης
3218 4906 3404 4966 αὐτοῖς
3450 4901 3545 4968 τῆς
3575 4889 3710 4989 δυνά-

2163 4977 2331 5079 μεὶυξ,
2363 4977 2485 5060 τότε
2537 4977 2880 5074 συγχωροῦσι
2927 4977 3048 5053 κατ’
3096 4993 3345 5060 ἐξουσίαν
3383 4977 3708 5060 ἐμφορεῖσθαι

2159 5331 2296 5384 alios
2323 5330 2543 5384 codices
2572 5330 2792 5388 collato.
2820 5323 3014 5398 addita
3071 5322 3298 5387 insuper
3330 5315 3704 5398 versione}?-

2158 5411 2294 5458 stra.
2324 5408 2381 5452 ut
2415 5401 2610 5453 melius
2629 5397 2830 5451 eruditi
2855 5395 3178 5463 dignoscere
3197 5390 3426 5457 possint,
3453 5399 3516 5438 an
3538 5390 3704 5453 genutr

2164 5484 2263 5523 nus
2287 5470 2369 5540 psit
2398 5469 2626 5540 Nysscni
2660 5467 2824 5521 fetus.

2227 5539 2304 5608 (Ξ)
2339 5535 2491 5593 Alitis
2521 5540 2714 5599 codex,
2741 5535 3048 5608 πρόσφορα.

2227 5601 2303 5677 (3i
2344 5610 2500 5661 Alius
2529 5608 2722 5669 codex,
2755 5603 2821 5656 δι’
2852 5601 3094 5677 ἀπάτης.

2231 5672 2306 5748 (ι)
2337 5679 2491 5732 Alius
2517 5677 2708 5736 codex,
2739 5672 3093 5744 προσάγουσι.
