3882 6418
213 351 306 406 697

1457 352 1544 406 ne
1585 352 1856 412 somno
1889 323 2178 410 saucro.

3333 353 3437 410 698

210 467 295 520 τοῦ
321 465 504 533 κόρου·
538 463 675 517 κατὰ
713 463 803 518 τὸν
838 463 1000 518 αὑτὸν
1027 463 1227 536 τρόπον
1259 465 1336 537 τῷ
1369 467 1586 540 φοϐερῷ
1613 469 1754 540 λιμῷ

1861 470 2050 526 ordine
2077 469 2448 540 proficientes,
2479 469 2546 524 ad
2579 467 2932 540 perfectionis
2965 466 3183 523 tandem
3227 467 3435 537 apicem

209 559 297 627 τῆς
320 555 655 626 ἀνθρωπίνης
679 555 889 624 φύσεως
913 555 1330 629 δαπανηθείσης,
1355 561 1754 632 τεταμιευμένη

208 649 398 715 γίνεται
420 647 598 709 αὐτοῖς
619 648 766 718 παρὰ
790 647 888 714 τῆς
909 649 1270 718 οίκονομίαςὴ
1296 650 1393 720 τῆς
1417 650 1525 703 τῶν
1555 667 1758 721 μυστη-

209 739 327 808 ρίων
373 737 578 807 τροφῆς
629 739 918 807 μετουσίαο
956 738 1098 792 ὥστε
1142 740 1230 794 διά
1276 758 1419 804 τινος
1464 741 1756 797 ἀκολούθου

205 827 393 891 τάξεως
420 827 504 879 ἀεὶ
535 827 596 879 τὸ
622 827 825 881 τέλειον
869 830 1417 900 προσλαμϐάνοντας,
1454 831 1626 895 οὕτως
1663 834 1755 886 ἐπὶ

205 917 258 969 τὸ
287 916 452 985 πέρας
480 917 678 985 φθάσαι
705 919 804 988 τῆς
827 919 1178 990 τελειότητος.
1212 921 1284 974 Τὸ
1321 922 1417 990 μὲν
1443 922 1552 994 γὰρ
1587 922 1757 988 σῶζον

206 1009 391 1079 ἠμᾶςή
427 1009 684 1074 ζωοποιός
726 1013 841 1065 ὲστι
878 1012 1124 1082 δύναμις,
1155 1013 1212 1064 ὲν
1256 1012 1476 1083 ὀνόματι
1521 1015 1753 1084 Πατρὸς,

206 1101 290 1154 καὶ
324 1099 447 1153 Υἱοῦ
468 1140 483 1164 ,
511 1101 606 1154 καὶ
639 1103 793 1170 ἁγίου
823 1103 1138 1173 Πνεῦματος
1177 1105 1558 1177 πιστευομένη.
1599 1107 1660 1159 Ol
1699 1107 1755 1160 δὲ

205 1191 287 1244 τοῦ
317 1193 511 1256 παντὸς
534 1194 806 1263 άχιὶιρητοι
833 1195 920 1248 διὰ
946 1195 1045 1264 τὴν
1077 1195 1451 1266 γεγενημένην
1481 1196 1662 1259 αὑτοῖς
1691 1197 1756 1250 ἐκ

207 1282 288 1336 τοῦ
331 1283 483 1354 λιμοῦ
530 1283 640 1338 τῶν
677 1285 864 1355 ψυχῶν
915 1285 1232 1351 ἀσθένειαν,
1266 1285 1529 1357 πρότερον
1564 1289 1626 1341 ὲκ
1655 1289 1754 1356 τῆς

207 1373 474 1438 πλυθεῖας
503 1375 606 1428 ὑπὸ
634 1377 744 1429 τῶν
769 1377 1063 1446 προφητῶν
1092 1394 1175 1440 τε,
1205 1378 1301 1430 καὶ
1341 1377 1434 1430 τοῦ
1462 1380 1626 1449 νόμου
1659 1396 1753 1448 με·

207 1465 520 1530 τατεθέντες,
551 1469 631 1531 είς
667 1468 795 1538 μίαν
832 1469 1058 1537 θεότητα
1089 1468 1306 1538 βλέπειν
1339 1469 1628 1534 ἐθίζονται,
1660 1470 1756 1523 καὶ

207 1554 256 1606 ὲν
277 1555 337 1624 τῇ
374 1555 470 1625 μιᾷ
497 1555 710 1626 θεότητι
741 1556 908 1626 μόνην
935 1556 1032 1627 τὴν
1057 1557 1152 1609 τοῦ
1178 1557 1387 1627 Πατρὺς
1412 1557 1638 1629 δύναμιν
1666 1575 1756 1612 κα-

205 1644 480 1708 τανοοῦσιν,
512 1646 806 1717 άχώρητοι,
828 1647 1010 1712 καθὼς
1047 1645 1220 1713 εἷπον,
1243 1649 1392 1713 ὄντες
1411 1651 1510 1721 τῆς
1544 1651 1755 1713 τελείας

204 1738 407 1808 τροφῆς.
443 1735 575 1792 Εἶτα
615 1740 704 1793 διὰ
735 1739 830 1794 τοῦ
878 1740 1211 1809 Εὑαγγελίου
1253 1741 1348 1796 καὶ
1383 1744 1413 1795 ό
1462 1742 1753 1813 μονογενὴς

1862 563 2229 633 pervenirent.
2283 562 2439 628 Quod
2480 563 2626 617 enim
2675 563 2833 618 nobis
2882 562 3108 615 salutem
3160 559 3436 628 impertit,

1863 651 2042 706 vitalis
2075 657 2159 704 est
2193 650 2287 704 illa
2318 650 2514 715 virtus,
2541 650 2594 704 in
2626 664 2790 720 quam
2820 649 2874 702 in
2907 649 3128 702 nomine
3154 645 3352 709 Patris,
3379 654 3435 700 et

1862 739 2006 805 Filii,
2046 749 2100 796 et
2135 741 2374 811 Spiritus
2413 741 2588 796 sancti
2621 740 2916 796 credimus.
2953 742 3020 792 At
3054 753 3178 791 cum
3213 743 3436 804 propter

1863 832 2169 886 animarum
2206 832 2630 888 imbecillitatem
2655 871 2670 896 ,
2707 845 2775 886 ex
2818 828 3053 900 quadam
3091 827 3256 881 veluti
3293 825 3437 881 fame

1862 932 2221 991 contractam,
2257 923 2326 978 ad
2356 922 2766 994 percipiendum
2808 921 3132 993 mysterium
3164 918 3296 972 illud
3335 917 3434 970 lio--

1861 1015 2037 1070 mines
2075 1030 2416 1085 nequaquam
2447 1024 2632 1071 essent
2662 1013 2867 1078 idonei,
2900 1028 2930 1066 a
2955 1012 3255 1066 multorum
3284 1009 3437 1078 prius

1863 1104 2092 1160 deorum
2125 1106 2277 1160 cultu
2309 1121 2406 1176 per
2439 1106 2767 1176 prophetas,
2798 1114 2852 1160 et
2881 1105 3056 1175 legem
3082 1103 3164 1158 sic
3191 1099 3435 1155 revocati

1863 1201 2012 1256 sunt,
2043 1201 2103 1247 ut
2137 1209 2300 1266 unam
2334 1210 2559 1250 cernere
2597 1195 2960 1260 divinitatem,
2989 1201 3042 1248 et
3073 1193 3128 1246 in
3165 1205 3274 1245 una
3299 1189 3440 1243 divi-

1861 1287 2030 1340 nitate
2069 1285 2240 1340 solam
2270 1284 2450 1341 Patris
2493 1286 2790 1355 potentiam
2822 1298 3122 1354 agnoscere
3149 1293 3439 1337 assuesce-

1859 1383 2014 1442 rent,
2046 1377 2246 1446 quippe
2287 1377 2381 1446 qui
2431 1376 2699 1440 solidiori,
2746 1383 2804 1428 ut
2841 1374 3120 1438 diximus,
3172 1371 3296 1425 cibo
3326 1384 3436 1423 non

1859 1476 2046 1523 essent
2076 1468 2278 1522 idonei.
2305 1467 2510 1522 Deinde
2543 1481 2683 1536 quos
2703 1465 2768 1520 ad
2799 1465 3100 1536 pleniorem
3129 1459 3436 1515 divinitatis

1859 1559 2226 1630 cognitionem
2260 1560 2343 1614 lex
2373 1567 2795 1629 praeparaverat,
2825 1558 2892 1612 iis
2925 1555 3200 1611 revelatus
3232 1562 3316 1607 est
3339 1567 3436 1621 per

1859 1649 2208 1723 Evangelium
2233 1652 2546 1721 unigenitus
2562 1650 2734 1711 Filius
2755 1667 2767 1702 :
2794 1665 2855 1704 ac
2873 1656 3154 1720 postremo
3171 1646 3333 1700 datus
3350 1652 3435 1699 est

1859 1743 2020 1798 nobis
2043 1743 2318 1813 perfectus
2341 1751 2553 1798 naturae
2569 1750 2770 1798 nostra!
2789 1743 2969 1807 cibus,
2993 1742 3046 1794 in
3066 1753 3174 1809 quo
3198 1737 3310 1792 vita
3325 1742 3432 1800 est,

206 1827 316 1890 Υἱὸς
347 1829 422 1898 (5)
450 1831 561 1893 τοῖς
593 1829 682 1883 διὰ
709 1831 800 1884 τοῦ
829 1834 996 1902 νόμου
1035 1833 1578 1904 προτετελειωμένοις
1616 1835 1752 1888 ἀπο-

1861 1832 2096 1902 Spiritus
2123 1843 2370 1890 sanctus.
2400 1832 2515 1888 Hoc
2541 1834 2821 1889 hodierna:
2865 1830 3200 1887 celebritatis
3232 1833 3316 1882 est
3343 1841 3434 1880 ar-

206 1919 548 1986 καλύπτεται,
587 1921 726 1991 μετὰ
753 1922 910 1975 τοῦτο
948 1923 1310 1994 παραγίνεται
1340 1924 1470 1994 ἡμῖν
1499 1926 1533 1994 ἡ
1572 1923 1754 1978 τελεία

1861 1932 2168 1994 gumentum
2193 1941 2206 1988 ;
2235 1925 2593 1994 quamobrem
2615 1939 2829 1994 aequum
2853 1929 2958 1986 est,
2985 1927 3185 1975 utcum
3212 1917 3280 1971 ad
3303 1916 3430 1970 cho-

203 2012 288 2081 τῆς
319 2013 527 2082 φύσεως
552 2013 709 2084 ἡμῶν
737 2014 932 2085 τροφὴ,
967 2015 1028 2068 τὸ
1067 2015 1293 2084 Πνεῦμα
1323 2016 1384 2069 τὸ
1409 2015 1584 2084 ἆγιον,
1620 2017 1678 2069 ἑν
1708 2009 1753 2084 ᾧ

1861 2032 1942 2072 ros
1977 2018 2033 2072 in
2075 2020 2252 2073 sancti
2301 2017 2540 2086 Spiritus
2575 2016 2866 2072 festivitate
2901 2011 3259 2068 celebrandos
3303 2023 3432 2062 con-

207 2102 331 2154 ἐστιν
353 2104 384 2172 ἠ
410 2099 544 2173 ζωή.
573 2102 720 2174 Αὕτη
751 2106 848 2174 τῆς
875 2107 1067 2175 ἑορτῆς
1090 2107 1124 2175 ἡ
1154 2105 1427 2168 ὑπόθεσιςο
1455 2107 1542 2159 διὰ
1580 2106 1753 2161 ταῦτα

1861 2109 2165 2166 venerimus
2189 2149 2203 2174 ,
2245 2109 2548 2176 spiritualis
2579 2109 2746 2177 hujus
2777 2106 2932 2160 chori
2970 2103 3202 2174 principi
3237 2097 3433 2154 Davidi

204 2191 361 2254 καλῶς
385 2192 518 2263 ἔχει,
558 2193 823 2263 χορευτάς
851 2195 998 2264 ἡμᾶς
1024 2196 1344 2265 γενομένους
1375 2196 1468 2250 τοῦ
1499 2197 1752 2268 Πνεῦμα-

1861 2215 2182 2270 pareamus,
2227 2201 2464 2265 dicenti,
2521 2200 2735 2264 Venite,
2780 2198 3104 2253 exsultemus
3163 2193 3434 2256 Domino;

200 2299 296 2347 τος,
327 2285 605 2339 πείθεσθαι
637 2285 714 2356 τῷ
751 2286 1036 2356 κορυφαίῳ
1079 2288 1177 2356 τῆς
1214 2289 1587 2359 πνευματικῆς
1618 2289 1754 2342 ταὺ-

1861 2292 2111 2346 Dominus
2141 2302 2340 2355 aulem,
2371 2302 2429 2346 ut
2475 2291 2652 2360 inquit
2680 2290 3000 2360 Apostolus,
3030 2287 3262 2354 Spiritus
3284 2294 3361 2338 est
3389 2285 3431 2339 ¹.

201 2393 286 2444 της
306 2374 375 2444 (6)
404 2374 767 2445 χοροστασίας
823 2375 987 2428 Δαϐὶδ
1051 2375 1127 2446 τῷ
1155 2376 1400 2445 λέγοντι·
1458 2378 1656 2444 Δεῦτε,
1716 2380 2209 2452 ἀταλλιασώμεθα
2252 2381 2332 2447 τῷ
2379 2383 2593 2450 Κυρίῳο
2645 2383 2699 2434 '0
2743 2380 2810 2434 δὲ
2844 2381 3055 2449 Κύριος
3093 2379 3161 2433 τὸ
3203 2374 3438 2446 πνεῦμά

198 2463 328 2527 ἐστι,
356 2465 535 2530 καθώς
569 2481 735 2536 φησιν
767 2467 796 2518 ό
835 2465 1177 2528 Ἀπόστολος.

259 2557 490 2628 Σήμερον
516 2557 630 2628 γὰρ
653 2556 794 2610 κατά
820 2557 920 2628 τὴν
950 2559 1162 2630 ἐτήσιον
1186 2559 1280 2614 τοῦ
1321 2561 1475 2626 ἔτους
1509 2564 1753 2634 περίοδον

197 2647 283 2716 τῆς
316 2651 685 2721 πεντηκοστῆς
731 2651 1254 2724 συμπληρουμένης,
1299 2655 1442 2706 κατὰ
1473 2656 1573 2724 τὴν
1603 2655 1753 2726 ὥραν

199 2739 396 2810 ταύτην,
421 2742 532 2809 εἴγε
556 2743 686 2810 περὶ
701 2742 800 2812 τὴν
822 2743 1011 2814 τρίτην
1033 2743 1184 2814 ὥραν
1206 2745 1306 2813 τῆς
1327 2746 1540 2816 ἡμέρας
1563 2747 1750 2815 ἐσμὲν,

200 2829 442 2901 ἐγένετοή
473 2830 866 2901 ἁνεκδιήγητος
903 2832 1079 2903 χάρις.
1107 2834 1425 2905 Κατεμίχθη
1459 2834 1566 2907 γάρ
1593 2835 1754 2889 πάλιν

198 2923 292 2984 τοῖς
319 2922 621 2993 ἀνθρώποις
649 2924 710 2976 τὸ
737 2925 980 2993 Πνεῦμα,
1014 2925 1152 2995 ὅπερ
1182 2925 1259 2996 (7)
1284 2927 1546 2997 πρότερον
1574 2927 1662 2979 διὰ
1691 2927 1751 2979 τὸ

199 3014 424 3078 γενέσθαι
472 3016 656 3086 σάρκα
706 3016 797 3068 τὸν
846 3016 1132 3088 ἄνθρωπον
1179 3017 1277 3088 τῆς
1329 3016 1545 3087 φύσεως
1595 3018 1752 3089 ἡμῶν

198 3103 502 3176 ἀπεφοίτησε
525 3123 538 3136 ·
573 3107 669 3158 καὶ
708 3106 795 3159 διὰ
833 3107 933 3176 τῆς
962 3106 1142 3176 βιαίας
1174 3108 1388 3180 ἐκείνης
1418 3110 1615 3180 πνοῆς,
1645 3109 1752 3162 τῶν

201 3196 560 3262 πνευματικῶν
603 3197 703 3266 τῆς
754 3172 1020 3268 πονηρίας
1056 3172 1490 3268 δυνάμεων,κα1
1537 3172 1754 3255 πάντων
1781 3172 1823 3231 C

199 3282 290 3335 τῶν
321 3287 577 3358 ῥυπαρῶν
627 3288 917 3357 δαιμονίων
957 3291 1472 3345 ἀποσκεδασθέντων
1505 3293 1613 3345 ἀπὸ
1657 3291 1752 3344 τοῦ

201 3376 362 3447 ἀέρος,
404 3381 460 3433 ὲν
490 3383 557 3451 τῇ
595 3381 805 3451 καθόδῳ
841 3382 935 3435 τοῦ
985 3383 1340 3453 ῐΓνεὺματος,
1393 3383 1622 3454 πλήρεις
1657 3383 1755 3453 τῆς

205 3464 332 3532 θείας
368 3469 668 3541 δυνάμεως,
697 3473 754 3524 ὲν
797 3472 927 3526 εἴδει
977 3474 1169 3544 πυρὸς,
1203 3475 1254 3526 οἱ
1304 3476 1362 3526 ἐν
1412 3473 1489 3528 τῶ
1523 3473 1756 3544 ὑπερῴῳ

204 3560 630 3630 καταλειφθέντες
656 3562 919 3630 ἐγένοντο·
936 3564 1054 3616 οὑδὲ
1080 3564 1188 3635 γάρ
1214 3566 1328 3616 ἐστι
1346 3564 1566 3617 δυνατὸν
1581 3564 1754 3627 ἄλλως

205 3649 401 3721 μέτοχον
430 3654 748 3723 Πνεύματος
777 3655 928 3723 ἁγίου
950 3656 1204 3723 γενέσθαι
1231 3656 1371 3720 τινὰ,
1397 3655 1471 3726 μὴ
1491 3655 1569 3726 τῷ
1597 3657 1757 3728 ὑπερ-

206 3737 278 3809 ίξῳ
311 3743 406 3813 τῆς
449 3745 596 3816 ζωῆς
654 3744 856 3815 ταύτης
896 3747 1327 3816 ένδιαιτώμενον.
1367 3749 1521 3800 Ὅσοι
1552 3747 1660 3818 γὰρ
1687 3747 1757 3801 τὰ

203 3825 296 3879 ἄνω
326 3831 599 3900 φρονοῦσι,
654 3831 978 3900 μεταθέντες
1017 3832 1227 3885 ἑαυτῶν
1265 3833 1371 3885 ἀπὸ
1407 3834 1510 3903 γῆς
1546 3835 1627 3896 είς
1667 3833 1757 3886 οὑ-

206 3919 342 3984 ρανδν
370 3923 428 3974 τὸ
459 3923 782 3992 πολίτευμα,
817 3922 908 3976 τοῦ
945 3924 1196 3994 ὑπερῴου
1226 3925 1325 3995 τῆς
1359 3924 1569 3996 ὑψηλῆς
1603 3927 1755 3979 πολι-

203 4010 331 4074 τείας
356 4013 503 4078 δντες
535 4015 840 4086 οἰκήτορες,
882 4017 940 4068 ὲν
981 4016 1238 4088 μετουσίᾳ
1266 4016 1360 4070 τοῦ
1396 4017 1550 4085 ἁγίου
1582 4017 1755 4071 Πνεύ-

208 4115 354 4166 ματος
379 4106 639 4172 γίνονται.
670 4105 828 4159 Οῦτω
856 4106 964 4177 γάρ
992 4125 1155 4178 φησιν
1182 4109 1215 4176 ή
1245 4108 1454 4177 ἱστορία
1486 4107 1592 4160 τῶν
1615 4109 1758 4179 Πρά-

208 4186 342 4256 ξεων,
373 4195 450 4248 ὅτι
481 4197 838 4266 συνηγμένων
872 4197 1050 4250 αὐτῶν
1080 4199 1137 4249 ὲν
1165 4196 1243 4267 τῷ
1268 4197 1519 4267 ὑπερὼῳ,
1559 4197 1618 4250 τὺ
1658 4215 1756 4251 κα-

206 4280 346 4352 θαρὸν
373 4290 545 4342 ἐκεῖνο
569 4289 665 4342 καὶ
711 4288 872 4343 ᾶῦλον
920 4290 1142 4361 πῦρ”είς
1168 4289 1281 4358 είδη
1309 4288 1592 4356 γλωσσῶν,
1618 4288 1757 4342 κατὰ

204 4371 280 4425 τὸν
316 4376 539 4448 ἀριθμὸν
573 4378 684 4431 τῶν
712 4379 991 4450 μαθητῶν,
1028 4379 1620 4448 διασχίζεται.Ἐκεῖνοι
1658 4380 1757 4449 μὲν

1931 2562 2106 2617 Hodie
2145 2563 2291 2617 enim
2326 2568 2618 2618 transactis
2647 2599 2662 2626 ,
2688 2568 2843 2629 juxta
2893 2559 3062 2614 annui
3095 2558 3247 2614 orbis
3294 2565 3436 2613 stata

1860 2663 2104 2725 tempora
2123 2693 2138 2717 ,
2169 2655 2564 2725 quinquaginta
2607 2669 2636 2708 a
2665 2651 2951 2707 Paschalis
2995 2651 3288 2706 festivitate
3317 2649 3436 2703 die.-

1857 2747 1980 2808 bns,
2019 2747 2120 2800 hac
2147 2746 2283 2814 ipsa,
2315 2745 2477 2799 tertia
2500 2745 2711 2798 scilicet
2735 2743 2843 2797 diei
2874 2742 3033 2802 hora,
3067 2741 3272 2794 donum
3303 2739 3437 2793 illud

1858 2837 2173 2892 hominibus
2205 2837 2436 2904 largitus
2466 2843 2550 2890 est
2583 2834 2724 2888 Deus
2746 2876 2760 2898 ,
2793 2833 2934 2902 quod
2968 2846 3185 2885 omnem
3220 2829 3439 2884 dicendi

1857 2933 1963 2983 vim
2001 2936 2243 2998 superat.
2280 2927 2493 2982 Rursus
2519 2926 2662 2981 enim
2699 2925 2907 2978 homini
2941 2923 3210 2977 admistus
3236 2929 3321 2976 est
3350 2921 3439 2976 ille

1860 3018 2130 3088 Spiritus,
2182 3019 2276 3088 qui
2326 3027 2522 3082 antea,
2574 3023 2859 3086 propterea
2909 3013 3052 3084 quod
3100 3014 3262 3067 homo
3292 3021 3439 3066 esset

1858 3127 2020 3173 caro,
2057 3127 2086 3164 a
2116 3120 2312 3166 natura
2343 3119 2531 3165 nostra
2584 3114 2918 3167 recesserat,
2961 3112 3013 3160 et
3059 3104 3440 3174 spiritualibus

1855 3204 2113 3273 nequitiae
2151 3202 2518 3273 potestatibus
2553 3215 2650 3270 per
2694 3199 3072 3253 vehementem
3129 3196 3284 3249 illum
3329 3195 3439 3263 spi—

1854 3297 2021 3351 ritum
2059 3295 2328 3363 disjectis,
2365 3294 2688 3362 cunctisque
2719 3289 2881 3344 foedis
2914 3287 3256 3342 daemonibus
3287 3285 3435 3354 ejus-

1855 3385 1976 3440 dem
2015 3386 2250 3440 advcntu
2281 3401 2346 3439 ex
2378 3399 2502 3439 aere
2531 3382 2796 3450 expulsis,
2838 3379 3022 3433 divina
3062 3379 3284 3439 virtute,
3319 3391 3442 3445 spe-

1856 3476 1994 3529 ciem
2027 3475 2168 3544 ignis
2201 3491 2310 3544 pm
2349 3489 2408 3528 se
2444 3473 2686 3532 ferente,
2725 3470 2914 3537 repleti
2943 3477 3092 3530 sunt,
3129 3467 3221 3535 qui
3251 3465 3306 3518 in
3349 3482 3442 3518 su-

1854 3565 2074 3634 periore
2119 3565 2318 3619 domus
2357 3572 2508 3634 parte
2553 3560 2864 3630 degebant;
2907 3573 3082 3627 neque
3118 3558 3264 3610 enim
3317 3555 3441 3608 ﬁeri

1857 3664 2071 3728 potest,
2116 3663 2176 3710 ut
2205 3657 2328 3725 quis
2369 3655 2545 3709 sancti
2583 3651 2822 3720 Spiritus
2868 3651 3142 3719 particeps
3171 3648 3298 3708 fiat,
3333 3647 3440 3700 nisi

1856 3753 1913 3806 in
1959 3750 2268 3805 sublirniori
2315 3747 2482 3816 hujus
2517 3745 2640 3798 vitae
2681 3742 2931 3796 instituto
2980 3748 3249 3794 versetur.
3301 3735 3438 3788 Nam

1859 3843 1951 3913 qui
1987 3855 2084 3904 ea,
2116 3856 2238 3910 qua:
2263 3855 2479 3894 sursum
2507 3845 2634 3892 sunt
2654 3879 2667 3902 ,
2697 3837 2938 3904 sapiunt,
2969 3840 3022 3886 et
3053 3831 3179 3884 vita:
3209 3842 3440 3882 convcr-

1859 3931 2072 3987 satione
2103 3946 2134 3984 e
2184 3937 2332 3984 terra
2377 3929 2431 3982 in
2469 3928 2666 3982 coelum
2717 3925 3018 3988 translata,
3061 3922 3116 3975 in
3152 3919 3444 3974 ccenacnlo

1860 4022 2110 4077 sublimis
2134 4021 2282 4075 illius
2312 4021 2434 4074 vita:
2462 4018 2695 4072 rationis
2721 4017 2964 4070 habitant
2989 4052 3003 4077 ,
3035 4012 3086 4065 hi
3116 4010 3291 4066 sancti
3320 4007 3443 4078 Spi-

1861 4115 1999 4167 ritus
2033 4113 2330 4182 participes
2372 4111 2531 4165 ﬁunt.
2579 4107 2938 4178 Congrcgatis
2976 4103 3119 4157 enim
3152 4101 3207 4154 in
3249 4113 3440 4153 coma-

1862 4203 1988 4257 culo
2018 4203 2326 4273 discipulis,
2353 4210 2411 4255 ut
2439 4202 2494 4254 in
2523 4202 2760 4254 Actunm
2807 4195 3180 4266 apostolorum
3213 4188 3443 4243 historia

1862 4301 2139 4354 narratur,
2167 4293 2311 4361 ignis
2353 4293 2444 4345 ille
2484 4290 2703 4343 divinus
2738 4287 3024 4352 omnisque
3066 4279 3314 4335 materici
3349 4293 3442 4331 ex-

1842 4401 2008 4455 pers,
2028 4385 2092 4437 ad
2115 4384 2420 4452 linguarum
2442 4381 2636 4443 instar,
2662 4394 2761 4448 pro
2793 4373 3108 4431 eornmdem
3143 4371 3443 4440 discipulo-

205 4460 283 4518 οὖν
318 4469 567 4539 Πάρθοις,
599 4470 693 4523 καὶ
725 4471 946 4542 Μήδοις,
987 4471 1080 4524 καὶ
1131 4469 1465 4540 Ἐλαμίταις,
1510 4469 1605 4523 καὶ
1644 4473 1754 4533 τοῖς

1861 4490 1978 4528 rum
1999 4489 2248 4536 numero,
2267 4473 2474 4526 divisus
2496 4479 2600 4527 est.
2629 4471 2705 4523 llli
2737 4483 2866 4538 ergo
2885 4465 3138 4527 Parthos,
3164 4462 3370 4524 Medos,
3388 4470 3442 4516 ct

206 4553 386 4623 λοιποῖς
414 4561 590 4614 ἔθνεσι
621 4560 942 4630 διελέγοντο,
975 4563 1095 4615 κατ’
1119 4561 1368 4626 ἐξουσίαν
1400 4561 1538 4632 πρὸς
1574 4562 1754 4614 πᾶσαν

206 4646 400 4720 ἐθνικὴν
431 4651 680 4720 γλῶσσαν
704 4653 802 4716 τὰς
827 4653 1034 4706 ἑαυτῶν
1063 4653 1245 4721 φωνὰς
1285 4651 1720 4723 μεθαρμόζοντες
1739 4667 1751 4681 ·

216 4735 340 4808 ἐγὼ
375 4743 459 4808 δὲ,
487 4745 671 4808 καθώς
711 4762 875 4814 φησιν
920 4747 948 4798 ὁ
989 4745 1330 4807 Ἀπόστολος,
1381 4745 1533 4798 θέλω
1578 4743 1757 4797 πέντε

205 4828 404 4899 λόγους
437 4835 507 4888 ἐν
548 4837 878 4902 Ἐκκλησιᾳ
923 4833 1002 4900 τῷ
1036 4836 1136 4888 νοΐ
1157 4853 1274 4903 μου
1324 4833 1610 4899 λαλῆσαι,
1658 4836 1759 4888 ἵνα

206 4921 290 4972 καί
308 4924 529 4990 ἄλλους
552 4926 863 4994 ὠφελήσω,
896 4926 933 4993 ἢ
953 4925 1206 4993 μυρίους
1225 4925 1446 4992 λόγους
1473 4926 1542 4978 ἐν
1567 4926 1758 4995 γλώσ-

206 5026 299 5079 σῃ.
343 5015 471 5070 Τότε
507 5019 605 5088 μὲν
639 5017 906 5088 χρήσιμον
947 5016 1009 5069 τὸ
1049 5015 1331 5085 ὁμόφωνον
1372 5016 1617 5084 γίνεσθαι
1647 5020 1758 5080 τοῖς

207 5099 594 5170 ἀλλογλώσσοις,
624 5108 698 5170 ὡς
725 5107 790 5160 ἂν
817 5107 892 5177 μὴ
920 5107 1275 5178 ἁνενέργητον
1303 5109 1388 5178 εῐη
1413 5109 1474 5160 τὸ
1494 5110 1755 5180 κήρυγμα

207 5195 304 5256 τοῖς
331 5195 605 5264 ἀγνοοῦσι,
643 5201 708 5269 τῇ
738 5200 888 5269 φωνῇ
913 5197 1024 5250 τῶν
1054 5197 1436 5269 κηρυσσόντων
1469 5200 1755 5267 ἐμποδιζό-

212 5295 352 5346 μενον
371 5302 383 5316 ·
415 5285 507 5339 νῦν
534 5286 712 5358 μέντοι
747 5287 846 5358 τῆς
875 5287 1016 5342 κατὰ
1044 5285 1139 5357 τὴν
1169 5286 1417 5355 γλῶσσαν
1444 5289 1755 5358 ὁμοφωνίας

273 5457 292 5486 ²
316 5456 356 5511 11
385 5459 507 5515 Cor.
538 5478 621 5529 ιιι,
662 5463 752 5520 17.
822 5465 842 5496 ³
871 5463 892 5518 Ι
926 5464 1053 5519 Cor.
1077 5477 1190 5528 xlv,
1225 5463 1312 5518 19.

569 5623 700 5695 legit
721 5625 872 5691 Θεὸς,
897 5639 1058 5695 atque
1079 5624 1154 5680 ita
1182 5625 1344 5680 etiam
1389 5624 1527 5679 alter
1573 5623 1752 5679 Vatic.

281 5755 347 5826 (6)
395 5755 694 5816 Prunomen
758 5762 960 5833 ταύτης
1007 5779 1115 5818 non
1143 5772 1259 5819 erat
1302 5763 1354 5818 in
1392 5761 1512 5817 Zini
1540 5763 1750 5829 codice,

1863 4566 2144 4624 Elamitas,
2167 4579 2230 4618 ac
2255 4564 2493 4632 reliquas
2521 4570 2712 4632 gentes
2740 4557 3182 4626 alloquebantur,
3216 4555 3280 4607 ad
3308 4568 3443 4622 qua-

1862 4657 2117 4712 rumlibet
2147 4671 2334 4710 earum
2377 4655 2592 4722 linguas
2622 4667 2787 4707 voces
2837 4664 2966 4705 suas
3015 4662 3116 4717 pro
3161 4646 3319 4700 libitu
3353 4661 3444 4698 ac-

1862 4747 2298 4802 commodantes.
2351 4755 2419 4800 At
2453 4762 2567 4814 ego,
2603 4753 2661 4797 ttt
2695 4743 2874 4812 inquit
2917 4740 3248 4808 Apostolus,
3279 4737 3440 4797 malo,

1863 4857 2020 4893 sensu
2053 4855 2165 4892 meo
2195 4839 2419 4906 quinque
2446 4836 2597 4889 verba
2631 4836 2772 4905 loqui
2815 4835 2867 4886 in
2904 4831 3142 4884 Ecclesia
3166 4867 3180 4890 ,
3221 4837 3277 4880 ut
3320 4827 3442 4878 aliis

1863 4932 2022 4984 etiam
2058 4930 2276 4996 prosim,
2318 4945 2476 4998 quam
2509 4926 2681 4980 decem
2719 4925 2889 4978 millia
2937 4921 3206 4976 verborum
3253 4919 3305 4969 in
3341 4916 3443 4968 lin-

1862 5038 1964 5090 gua
1993 5021 2033 5074 ³.
2071 5019 2267 5073 Verum
2300 5028 2431 5073 tunc
2467 5018 2685 5088 quidem
2710 5015 2938 5070 multum
2969 5010 3192 5081 profuit,
3223 5017 3445 5076 aposto-

1865 5113 2042 5165 lorum
2089 5126 2273 5164 vocem
2320 5111 2551 5164 aliarum
2599 5107 2843 5177 gentium
2888 5103 3088 5172 linguis
3125 5099 3336 5167 aptari,
3375 5111 3444 5148 ne

1865 5216 2172 5270 praeconum
2211 5199 2447 5268 linguam
2473 5196 2855 5266 ignorantibus
2886 5189 3164 5258 Evangelii
3197 5186 3442 5256 promul-

1859 5291 2004 5361 gatio
2045 5291 2324 5344 incassum
2373 5288 2556 5354 ﬁeret;
2604 5300 2750 5340 nunc
2791 5291 2972 5340 autem
3027 5279 3292 5350 quoniam
3336 5290 3442 5330 una

1860 5638 1962 5677 nec
2012 5633 2189 5677 exstat
2246 5624 2298 5676 in
2356 5639 2464 5674 uno
2521 5637 2583 5673 cx
2634 5618 2935 5682 Vaticanis,
2975 5619 3028 5672 in
3066 5617 3226 5687 cujus
3251 5624 3438 5673 tamen

1862 5694 2108 5762 margine.
2137 5694 2358 5746 additur
2389 5708 2553 5744 manu
2585 5691 2823 5745 diversa.

1934 5764 2010 5833 (7)
2045 5763 2200 5817 Alius
2233 5763 2428 5828 codex,
2465 5763 2511 5816 ὃ.
