3882 6474
536 363 641 423 703
1733 365 1792 420 S.
1834 365 2158 422 GREGORII
2195 363 2487 420 NYSSENI
3660 367 3744 425 ῖοι

535 475 821 543 Quomodo
875 473 984 537 hic,
1035 481 1128 527 aut
1193 475 1470 544 quomodo
1513 476 1647 530 ille?
1695 476 1788 533 Ille
1834 479 2068 533 hominen

2217 475 2459 548 μιμητὴς
2486 474 2580 529 τοῦ
2615 476 2904 532 Δεσπότου.
2945 475 3071 539 Πῶς
3095 469 3269 540 οὗτος,
3304 476 3339 546 ἢ
3387 475 3499 541 πῶς
3536 480 3745 550 ἒκεῖνοςς

536 585 636 640 pro
671 569 831 622 nobis
887 566 1143 632 induens,
1191 567 1281 621 hic
1315 582 1414 636 pro
1441 568 1532 622 illo
1577 567 1851 622 hominem
1877 584 2069 624 exuens

2221 569 2481 631 Ἐκεῖνος,
2532 567 2622 620 τὸν
2667 567 2951 637 ἄνθρωπον
3005 567 3146 639 ὑπὲρ
3195 568 3356 638 ἡμῶν
3412 569 3745 641 ἐνδυσάμενος,

536 661 632 715 ille
666 659 791 713 vitae
822 657 1137 728 speluncam
1168 666 1393 726 propter
1429 673 1531 711 nos
1571 656 1818 724 subiens,
1858 659 1944 712 hic
1981 674 2069 728 pro

2215 651 2362 721 οὗτος
2389 697 2403 722 ,
2453 657 2545 710 τὸν
2596 657 2881 726 ἄνθρωπον
2916 657 3055 728 ὑπὲρ
3102 658 3309 711 ἐκείνου
3360 659 3748 730 ἀποδυσάμενος.

538 763 657 821 pter
703 751 858 804 illum
919 764 984 803 ex
1039 748 1306 816 spelunca
1344 747 1640 802 excedens.
1675 745 1768 802 llle
1821 763 1921 817 pro
1949 751 2071 804 nobi

2222 749 2479 812 Ἐκεῖνος,
2506 747 2567 800 τὸ
2587 747 2681 800 τοῦ
2708 747 2822 817 βίου
2853 748 3112 816 σπήλαιον
3138 749 3203 802 δι’
3228 750 3377 818 ἡμᾶς
3404 751 3749 820 ὑπερχόμενος,

539 842 728 896 fasciis
764 840 1068 902 involutus,
1106 840 1194 893 hic
1227 854 1326 908 pro
1357 839 1452 894 illo
1501 837 1804 908 lapidatus.
1837 839 1932 894 Ille
1963 855 2072 894 mor

2217 836 2384 903 οὗτος,
2411 838 2502 892 τοῦ
2534 838 2798 908 σπηλαίου
2823 840 2888 892 δι’
2914 841 3117 892 ἐκεῖνον
3147 840 3750 911 ὑπεξερχόμενος.Ἐ›ιεῖ.

539 943 646 986 tem
683 932 1027 993 interimens,
1059 931 1148 984 hic
1193 928 1354 983 morti
1387 928 1594 998 jacenti
1628 929 1924 985 insultans.
1955 929 2072 984 Eni:

2218 948 2320 995 νος,
2348 930 2486 1000 ὑπὲρ
2519 929 2674 1000 ἡμῶν
2705 930 3209 1000 σπαργανούμενος,
3241 925 3557 1001 οὗτος,ὑπὲρ
3577 933 3751 988 ἐκείνου

540 1037 693 1086 vero,
756 1021 976 1084 fratres,
1010 1035 1409 1075 concurramus
1439 1020 1605 1074 etiam
1635 1035 1740 1076 nos
1767 1035 2020 1076 sermone
2047 1037 2073 1074 a

2218 1021 2690 1092 καταλιθούμενος.
2728 1023 2964 1084 Ἐκεῖνος
2995 1022 3234 1092 ἀναιρῶν
3257 1021 3352 1075 τδν
3369 1022 3609 1091 θάνατον,
3628 1022 3751 1092 οὗτος

543 1115 841 1175 theatrum,
874 1129 983 1184 quo
1014 1128 1242 1183 magnus
1289 1111 1379 1166 ille
1413 1113 1618 1167 athleta
1668 1113 1906 1178 laborat,
1935 1124 1991 1170 et
2019 1115 2076 1169 ad

2219 1113 2556 1184 ἐπεμϐαίνων
2609 1113 2688 1183 τῷ
2733 1113 2946 1181 Θανάτῳ
2990 1115 3249 1184 κειμένῳ.
3307 1114 3474 1167 Ἀλλά
3515 1116 3616 1186 γάρ
3653 1134 3752 1170 συν-

545 1219 734 1259 versus
794 1204 1100 1272 improbum
1150 1203 1402 1257 humanae
1451 1205 1575 1259 vita:
1617 1205 1990 1261 adversarium
2048 1222 2077 1262 a

2218 1205 2546 1276 δράμωμεν,
2596 1204 2847 1272 ἀδελφοὶ,
2895 1205 2988 1258 καὶ
3035 1207 3197 1275 ἡμεῖς
3244 1203 3321 1274 τῷ
3377 1205 3517 1275 λόγῳ
3555 1207 3675 1276 πρὸς
3705 1208 3751 1261 τὸ

543 1305 818 1350 certamen
852 1295 1155 1365 accingitur
1184 1295 1237 1349 in
1271 1295 1449 1350 stadio
1487 1296 1874 1353 confessionis.
1909 1296 2076 1352 Rever

2218 1296 2460 1368 θέατρον,
2490 1297 2566 1358 ὡς
2593 1299 2620 1350 ὁ
2647 1295 2886 1366 ἀθλητὴς
2925 1297 2955 1348 ό
2991 1296 3163 1366 μέγας
3205 1297 3612 1364 ὲναγωνίσηται,
3644 1297 3751 1366 πρὸς

543 1387 710 1449 enim,
733 1386 886 1456 juxta
916 1401 1106 1442 vocem
1137 1387 1292 1441 Pauli
1314 1388 1353 1451 ι,
1389 1387 1596 1442 mundo
1628 1397 1680 1441 et
1705 1389 1912 1458 angelis
1945 1399 1998 1443 et
2018 1389 2076 1443 hc

2219 1385 2304 1439 τὸν
2335 1385 2570 1457 πονηρὸν
2612 1384 2903 1438 ἀντίπαλον
2930 1384 3031 1454 τῆς
3079 1382 3431 1454 ἀνθρωπίνης
3463 1383 3600 1452 ζωῆς
3623 1385 3672 1436 ἑν
3694 1384 3752 1454 τῷ

543 1477 784 1531 minibus
824 1477 1140 1546 spectaculo
1176 1476 1280 1531 fuit
1345 1492 1580 1547 magnus
1629 1477 1719 1534 ille
1780 1477 2076 1548 Stephanus

2219 1477 2416 1548 σταδίῳ
2451 1477 2552 1545 τῆς
2599 1476 2888 1546 ὁμολογίας
2935 1474 3320 1544 ἀποδυόμενος.
3390 1473 3618 1544 ’Δληθῶς
3650 1474 3749 1542 γὰρ,

542 1568 635 1637 qui
662 1569 873 1637 primus
928 1568 1229 1638 Stephano,
1283 1568 1336 1623 id
1381 1578 1488 1634 est,
1522 1586 1716 1624 corona
1749 1571 2075 1626 confessioni

2219 1572 2358 1626 κατὰ
2385 1571 2484 1641 τὴν
2510 1569 2722 1623 Παύλου
2754 1569 2956 1640 φωνὴν,
2989 1569 3213 1640 θέατρον
3239 1567 3477 1638 ἐγενήθη
3507 1567 3579 1638 τῷ
3601 1567 3752 1638 κόσμῳ

544 1659 835 1715 redimitus
863 1667 918 1715 et
973 1668 1203 1715 ornatus
1232 1667 1338 1724 est,
1363 1669 1664 1732 martyrum
1708 1662 1872 1716 ccetui
1909 1663 2077 1717 aditu:

2220 1662 2311 1715 καὶ
2335 1660 2583 1728 ἀγγέλοις
2607 1661 2700 1714 καὶ
2728 1658 3035 1730 ἀνθρώποις
3059 1661 3087 1712 ὁ
3119 1659 3289 1729 μέγας
3322 1659 3607 1726 Στέφανος,
3638 1659 3753 1729 πρῶ-

549 1749 717 1815 l‘eeit;
766 1750 860 1820 qui
897 1751 1107 1820 primus
1162 1766 1336 1820 usque
1388 1751 1455 1805 ad
1515 1754 1838 1824 sanguinem
1893 1765 2079 1822 peccat

2222 1770 2308 1816 τος
2341 1753 2430 1806 τὸν
2459 1753 2722 1821 στέφανον
2748 1753 2846 1822 τῆς
2876 1749 3161 1821 ὁμολογίας
3193 1750 3618 1820 ἀναδησάμενος,
3638 1750 3755 1819 πρῶ-

548 1842 872 1896 adversatus
900 1851 1002 1898 est.
1034 1845 1111 1898 Ac
1141 1845 1273 1898 mihi
1307 1843 1523 1898 videtur
1549 1845 2081 1914 supramundanorm

2221 1861 2313 1908 τος
2344 1843 2420 1914 τῷ
2449 1843 2595 1914 χορῷ
2621 1843 2728 1897 τῶν
2762 1842 3054 1914 μαρτύρων
3083 1842 3410 1912 ὁδοποιήσας
3439 1842 3536 1911 τὴν
3571 1840 3752 1905 είσοδον,

547 1931 824 1984 exercitus
856 1933 1056 1996 omnis,
1082 1940 1135 1984 et
1169 1947 1358 1986 omnes
1386 1933 1703 2003 angelorum
1727 1935 1988 2004 legiones,
2013 1943 2080 1988 tal

2226 1933 2440 2004 πρῶτος
2470 1933 2865 1995 ἀντικαταστάς
2891 1941 3027 2003 πρὸς
3051 1931 3150 2002 τὴν
3185 1930 3468 2003 ἁμαρτίαν
3494 1930 3668 2000 μέχρις
3691 1931 3754 1982 αἶ·

547 2020 977 2075 ministrantium
1009 2039 1169 2092 quam
1203 2023 1613 2078 assistentium:
1643 2040 1706 2078 ac
1735 2025 1779 2081 si
1816 2025 1948 2094 quid
1978 2027 2080 2080 aliu

2230 2043 2417 2097 ματος.
2480 2026 2591 2079 Καί
2647 2043 2737 2096 μοι
2783 2025 2928 2078 δοκεῖ
2972 2025 3120 2078 πᾶσα
3165 2023 3274 2076 τῶν
3329 2022 3692 2094 ὑπερκοσμίων
3729 2023 3753 2090 ἡ

546 2108 817 2178 dignitate
846 2110 1135 2179 praaditum
1187 2112 1241 2165 in
1275 2115 1529 2182 supernis
1561 2115 1806 2182 partibus
1840 2115 2079 2170 audimus

2230 2118 2475 2188 στρατιὰ.
2510 2117 2606 2170 καὶ
2631 2117 2800 2170 πᾶσαι
2827 2114 2936 2168 τῶν
2963 2114 3209 2183 ἀγγέλων
3239 2115 3294 2167 al.
3328 2112 3581 2183 μυριάδες
3607 2112 3696 2164 τῶν
3714 2128 3755 2163 τι

545 2200 693 2269 quod
754 2201 806 2254 in
839 2202 1266 2272 principatibus,
1308 2211 1363 2257 et
1391 2205 1691 2261 virtutibus
1739 2213 1795 2261 et
1827 2207 2045 2261 thronis
2074 2232 2078 2254 ‹

2229 2208 2681 2280 λειτουργούντων
2724 2207 2818 2260 καὶ
2861 2207 2973 2260 τῶν
3023 2206 3480 2277 παρεστηκότων,
3523 2205 3612 2256 καί
3646 2206 3688 2256 εί
3717 2219 3757 2254 τι

551 2295 915 2361 potestatibus
964 2305 1016 2349 et
1064 2294 1534 2352 dominationibus
1565 2305 1837 2364 versetur,
1864 2306 1918 2353 et
1949 2314 2074 2353 omn

2230 2299 2371 2354 κατά
2402 2299 2499 2371 τὴν
2527 2299 2639 2354 ἀνω
2664 2297 2813 2368 λῆξιν
2842 2297 2949 2351 τῶν
2977 2299 3172 2367 τιμίων
3205 2297 3501 2366 ἀκούομεν,
3529 2298 3583 2349 ὲν
3606 2296 3756 2365 ἀρχαῖς

549 2385 793 2439 ccelestis
817 2395 1119 2440 conventus
1166 2395 1298 2440 tunc
1343 2386 1606 2441 athletam
1647 2403 1772 2442 cum
1812 2389 2082 2444 adversari

2231 2413 2289 2449 τε
2319 2397 2414 2452 καὶ
2441 2395 2698 2464 δυνάμεσι
2719 2393 2813 2447 καὶ
2841 2393 3050 2464 θρόνοις
3079 2393 3172 2445 καλ⁵
3200 2391 3474 2456 ἐξουσίαις
3501 2391 3586 2445 καὶ
3611 2389 3755 2458 κυριό-

550 2475 934 2546 confligentem
982 2478 1298 2546 spectaculo
1329 2477 1434 2534 sibi
1476 2481 1855 2550 proposuisse.
1903 2481 2083 2536 Pateb:

2232 2503 2377 2555 τησι,
2408 2485 2504 2540 καὶ
2537 2486 2684 2538 πᾶσα
2711 2486 2744 2554 ἡ
2769 2483 2996 2554 οὐρανία
3045 2485 3376 2552 πανήγυρις,
3424 2479 3595 2549 θέαμα
3628 2480 3757 2530 ποιεῖ-

550 2570 697 2624 enim
744 2571 907 2624 veluti
939 2571 1176 2625 stadium
1237 2573 1513 2642 quoddam
1564 2573 1979 2630 decertantibus
2030 2576 2083 2630 lu

2237 2577 2360 2631 σθαι
2397 2576 2517 2630 τότε
2545 2575 2636 2629 τὸν
2669 2573 2904 2646 ἀθλητὴν
2923 2613 2937 2638 ,
2983 2572 3062 2642 τῷ
3093 2573 3469 2642 ἀνταγωνιστῇ
3502 2568 3753 2640 συμπλειό-

551 2677 712 2716 maua
744 2662 876 2725 vita,
935 2664 1234 2718 tendebant
1290 2674 1469 2718 autem
1517 2672 1748 2735 uterque
1795 2668 1935 2720 alter
1974 2668 2080 2721 alte

2241 2685 2418 2740 μενον.
2458 2665 2850 2737 Ἐφηπλώσατο
2891 2665 2989 2735 μὲν
3028 2664 3139 2734 γὰρ
3186 2659 3300 2718 οἶόν
3349 2682 3404 2718 τι
3446 2659 3639 2717 στάδιον
3674 2659 3756 2719 τοῖς

552 2751 755 2816 infesti,
798 2755 923 2808 hinc
976 2754 1196 2824 quidem
1241 2756 1528 2825 improbus
1583 2757 1839 2810 humanae
1875 2758 2001 2812 vitae
2043 2773 2085 2814 θλ

2236 2757 2756 2828 ἀνταγωνιζομένοις
2802 2758 2832 2811 ό
2877 2755 3214 2826 ἀνθρώπινος
3273 2755 3388 2826 βίος
3441 2750 3754 2820 ἀντεφώρμων

474 2886 490 2902 .
551 2846 849 2910 versarius,
887 2846 996 2916 jam
1025 2846 1152 2900 inde
1187 2862 1215 2900 a
1267 2849 1421 2917 lapsu
1453 2848 1629 2917 primo
1650 2851 2002 2903 conditorum

2235 2851 2293 2904 δὲ
2340 2849 2587 2920 ἀλλήλοις
2624 2848 2921 2920 ἀμφότεροι
2950 2864 2963 2878 ·
3011 2848 3099 2900 ὅτε
3131 2847 3370 2917 πονηρὸς
3399 2842 3664 2902 ἀντίπαλος
3687 2839 3755 2906 τῆς

552 2938 759 2992 minum
787 2977 802 3002 ,
843 2954 1019 3008 usque
1064 2940 1130 2994 ad
1173 2949 1419 3010 tempora
1470 2940 1752 3012 Stephani,
1787 2943 2032 2998 victoriis
2067 2960 2085 2998 ι

2236 2941 2582 3013 ἀνθρωπίνης
2608 2940 2752 3010 ζωῆς
2779 2938 2886 2993 ἀπὸ
2914 2938 3008 2992 τοῦ
3042 2937 3337 3009 πτώματος
3361 2937 3468 2991 τῶν
3496 2930 3752 3006 πρωτοπλάσ

553 3031 866 3086 hominibus
898 3033 1072 3100 partis
1123 3033 1460 3089 exercitatus
1495 3052 1507 3087 :
1544 3035 1696 3089 illinc
1742 3050 1876 3089 vero
1904 3051 2086 3106 magni

2240 3046 2380 3084 στων
2409 3029 2572 3100 μέχρι
2592 3027 2700 3080 τῶν
2733 3027 2873 3080 κατά
2896 3027 3168 3096 Στέφανον
3195 3029 3408 3098 χρόνων
3439 3029 3502 3098 τῇ
3535 3021 3655 3078 κατά
3679 3018 3754 3071 τῶν

555 3123 640 3177 ille
675 3123 796 3177 fidei
825 3123 1052 3186 athleta,
1079 3123 1230 3177 nihili
1254 3124 1457 3180 faciens
1492 3124 1792 3181 adversarii
1829 3127 2088 3182 incursun

2239 3120 2539 3192 ἀνθρώπων
2581 3119 3062 3190 ἐγγυμνασάμενος
3107 3119 3234 3190 νίκῃ
3261 3158 3277 3184 ,
3323 3120 3418 3173 καὶ
3449 3120 3476 3172 ό
3509 3114 3662 3212 pira;-
3682 3109 3753 3176 τῆς

553 3214 719 3266 Arma
745 3221 924 3266 autem
957 3213 1222 3268 ambobus
1243 3214 1400 3268 alteri
1426 3215 1688 3272 adversus
1705 3217 1932 3272 alterum
1956 3234 2084 3274 eran

2243 3215 2476 3276 πίστεως
2519 3211 2853 3283 ἀγωνιστὴς,
2895 3212 3010 3264 ἀντ’
3052 3210 3264 3274 οὐδενὸς
3300 3211 3495 3280 κρίνων
3525 3204 3608 3260 τοῦ
3643 3203 3749 3256 ἀντι-

555 3304 826 3358 inventori
872 3305 1090 3374 quidem
1139 3306 1358 3372 mortis,
1400 3308 1594 3363 mortis
1630 3315 1837 3378 terror;
1866 3309 2088 3382 discipu.

2241 3303 2412 3358 πάλου
2432 3304 2529 3374 τὴν
2558 3303 2762 3372 ἔφοδον.
2796 3301 2976 3355 Ὅπλα
2997 3302 3054 3356 δὲ
3080 3303 3198 3354 κατ’
3219 3301 3466 3374 ἀλλήλων
3490 3293 3753 3368 ἀμφοτέρα(

553 3404 735 3450 autem
767 3397 912 3460 vitae,
941 3395 1223 3453 confessio
1255 3397 1399 3452 fidei.
1435 3398 1570 3464 Quis
1591 3399 1736 3454 enim
1762 3416 1870 3456 non
1903 3404 2086 3458 admir:

2237 3391 2328 3466 ἦν,
2375 3395 2454 3466 τῷ
2490 3395 2588 3466 μὲν
2620 3393 2815 3465 εὖρετῇ
2863 3392 2957 3447 τοῦ
2987 3393 3215 3449 θανάτου
3248 3393 3469 3465 ἀπειλὴ.
3515 3389 3584 3460 τῷ
3606 3387 3652 3440 δὲ
3675 3399 3752 3452 με·

555 3493 647 3541 tus
673 3496 818 3541 esset
849 3502 1045 3542 novam
1078 3489 1220 3543 hanc
1255 3491 1571 3546 certaminis
1607 3489 1862 3560 formam,
1889 3510 2010 3549 cum
2048 3513 2088 3546 νε

2243 3488 2379 3559 θητῇ
2403 3488 2502 3558 τῆς
2529 3487 2692 3557 ζωῆς,
2719 3487 2752 3557 ἡ
2772 3486 3033 3557 ὁμολογία
3053 3486 3151 3556 τῆς
3179 3486 3436 3549 πίστεως.
3463 3482 3553 3545 Τίς
3577 3478 3666 3547 γάρ
3682 3473 3751 3525 οὐκ

555 3579 694 3633 ritas
728 3579 835 3633 vita
867 3593 931 3634 ac
977 3589 1154 3634 morte
1189 3580 1618 3650 dijudicabatur,
1657 3598 1720 3636 ac
1751 3583 2088 3640 documentu

2244 3579 2310 3633 ἂν
2339 3578 2553 3648 ἠγάσθη
2581 3579 2642 3630 τὸ
2673 3578 2856 3631 καινὸν
2904 3577 3062 3631 τοῦτο
3091 3578 3192 3648 τῆς
3219 3577 3460 3646 ἀγωνίας
3499 3569 3620 3633 εἶδος
3641 3608 3653 3631 ,
3691 3564 3751 3616 ὅτε

557 3670 806 3727 veritatis
853 3687 1003 3726 mors
1059 3671 1202 3727 fuit?
1251 3672 1385 3727 Nam
1420 3689 1598 3743 praeco
1633 3675 1755 3730 ﬁdei
1801 3677 2090 3733 abscondit

2243 3671 2354 3741 ζωῇ
2387 3672 2478 3724 καὶ
2509 3669 2722 3742 θανάτῳ
2750 3672 2784 3741 ἡ
2819 3671 3041 3742 ἀλήθεια
3069 3671 3388 3742 διεκρίνετο,
3417 3666 3507 3721 καὶ
3541 3653 3752 3717 ἀπόδειξις

558 3778 622 3818 ac
665 3765 805 3828 vitm,
856 3779 979 3833 quae
1029 3765 1406 3836 ignorabatur,
1452 3768 1633 3836 reipsa
1693 3768 2091 3837 praedicatione]

2245 3762 2452 3830 ἐγίνετο
2483 3763 2581 3832 τῆς
2611 3760 2867 3832 ἀληθείας
2895 3763 2924 3815 ό
2956 3761 3222 3826 θάνατος;
3284 3762 3343 3813 '0
3381 3758 3485 3827 γὰρ
3510 3748 3657 3823 κῆρυξ
3682 3745 3751 3812 τῆς

559 3851 874 3906 hominibus
934 3853 1249 3921 divulgabat
1287 3867 1300 3905 :
1340 3869 1436 3922 per
1491 3854 1594 3909 hoc
1639 3855 1784 3908 enim
1817 3842 1963 3926 quod
1996 3857 2092 3911 hau

2244 3853 2629 3926 κεκρυμμένης
2665 3853 2898 3917 πίστεως
2939 3854 3034 3906 καὶ
3067 3853 3436 3922 ἀγνοουμένης
3472 3846 3617 3914 ζωῆς,
3647 3839 3751 3926 ἔργῳ

559 3949 782 4009 gravate
836 3956 1014 4011 neque
1058 3950 1388 3998 cunctanter
1439 3944 1584 3999 hanc
1645 3924 2092 4002 vitam—deserui

2242 3924 2526 4014 ad‘Al’YE-ne
2555 3945 2666 4007 τοῖς
2690 3942 2996 4014 ἀνθρώποις
3020 3943 3082 3997 τὸ
3110 3945 3374 4014 κήρυγμα
3397 3958 3410 3971 ο
3449 3938 3507 3990 τὸ
3533 3933 3626 4003 γὰρ
3650 3924 3750 3981 ἑτοί-

560 4041 709 4086 rccte
743 4047 856 4085 rem
903 4032 1306 4088 aestimantibus
1340 4033 1844 4104 demonstrabatur,
1875 4038 2019 4107 quod
2052 4055 2093 4093 e:

2247 4055 2362 4108 μως
2387 4035 2573 4089 τοῦτον
2602 4035 2917 4090 καταλιπεῖν
2937 4037 3027 4089 τὸν
3055 4036 3189 4106 βίον,
3218 4031 3488 4098 ἀπόδειξις
3511 4027 3610 4086 τοῖς
3624 4015 3752 4114 ᾆρθίὲί

559 4137 682 4189 quae
701 4123 1116 4192 relinquebatur
1135 4124 1268 4186 vita,
1292 4126 1665 4192 praestantiori
1687 4136 2084 4183 commutaretu

2245 4128 2518 4199 κρίνουσιν
2563 4123 2651 4198 ἦν,
2685 4126 2778 4180 τοῦ
2809 4126 2906 4198 τὴν
2949 4126 3348 4198 προτιμοτέραν
3386 4121 3523 4190 ζωὴν
3564 4112 3749 4170 arma:

561 4212 764 4268 Verum
799 4213 944 4268 haud
999 4215 1406 4270 incommodum
1449 4215 1638 4284 fuerit,
1677 4227 1936 4290 tanquam
1975 4224 2094 4277 int:

2245 4220 2716 4291 καταλειπομένης
2745 4218 3096 4285 ἀλλάξασθαι.
3141 4218 3300 4271 Ἀλλά
3330 4213 3486 4270 καλὸν
3515 4209 3575 4262 ἂν
3596 4203 3749 4291 είηηκει·

559 4306 709 4371 bula,
745 4307 1000 4362 oratione
1023 4315 1216 4364 exacte
1260 4310 1420 4380 quasi
1456 4309 1748 4384 depingere
1776 4317 2092 4370 concertatii

2245 4313 2422 4383 θάπερ
2461 4312 2552 4364 ἐπὶ
2585 4290 2812 4374 πίνακος
2836 4309 3080 4381 ἀκριϐῶς
3106 4307 3182 4379 τῷ
3210 4308 3354 4378 λόγῳ
3379 4290 3748 4384 διαζωγρῆφῆσαι

560 4413 706 4462 nem,
736 4404 793 4451 ut
823 4413 920 4468 per
953 4415 1135 4454 rerum
1170 4409 1450 4470 gestarum
1486 4403 1685 4458 seriem
1719 4407 2007 4460 commode
2041 4423 2090 4460 In

2245 4399 2342 4468 ’τὴν
2376 4381 2622 4471 ἀθλησιν,
2669 4399 2746 4462 ὡς
2779 4400 2844 4453 ἂν
2879 4398 3000 4453 καθ’
3029 4398 3145 4452 ὁδὸν
3174 4400 3306 4468 ἡμῖν
3335 4396 3422 4449 διὰ
3461 4391 3551 4458 τῆς
3578 4381 3749 4471 τῶνὲγε-

564 4488 870 4541 raeulorum
895 4491 1037 4545 ratio
1071 4491 1504 4549 demonstretur.
1536 4493 1718 4564 Nuper
1751 4497 1896 4550 enim
1929 4498 2097 4552 violem

2215 4511 2216 4514 η
2245 4465 2478 4557 γονότων
2499 4465 2840 4554 ’ἀκολουθίας
2895 4491 2932 4560 ἡ
2981 4489 3088 4542 τῶν
3115 4465 3405 4558 θαυμάτων
3434 4479 3571 4543 τάξις
3599 4465 3748 4564 ἒπξδε¹“

563 4585 654 4633 tus
676 4579 765 4632 ille
784 4580 1149 4637 acvchemens
1167 4583 1327 4640 flatus
1346 4601 1583 4654 superne
1602 4559 1841 4649 delatus,
1860 4586 2090 4657 dissipat

2245 4581 2495 4653 κνύηται,
2531 4582 2687 4652 Ἀρτι
2716 4582 2814 4652 μὲν
2850 4559 2960 4652 γὰρ
2984 4581 3018 4651 ἡ
3051 4579 3256 4634 ἄνωθεν
3288 4576 3432 4648 βιαία
3455 4567 3595 4636 πνοὴ,

567 4676 730 4736 atque
754 4669 1002 4737 disjectis
1041 4675 1297 4729 omnibus
1331 4677 1494 4731 aeriis
1537 4691 1601 4731 ac
1633 4675 1920 4735 fallacibus
1948 4679 2100 4734 dlBlDt

2244 4675 2344 4744 τὴν
2371 4647 2616 4744 ἐναέριον
2643 4647 2737 4725 καί.
2780 4647 3064 4742 ἀπατηλῆν
3109 4669 3216 4723 τῶν
3248 4647 3506 4737 δαιμόνων
3531 4647 3746 4744 διασκεδά-

567 4774 696 4812 ιιυιιι
743 4760 940 4828 copiis,
998 4762 1334 4819 domicilium
1380 4769 1755 4836 apostolorum
1800 4771 2100 4840 repleverat

2247 4781 2387 4817 σασα
2416 4764 2660 4834 δύναμιν,
2694 4763 2978 4832 ἐπλήρωσε
3019 4759 3125 4813 τῶν
3171 4757 3474 4812 ἀποστόλων
3509 4749 3586 4802 τὸν
3610 4737 3745 4840 eligor

565 4860 617 4905 et
647 4850 954 4920 linguarum
988 4853 1042 4906 in
1069 4854 1290 4908 modum
1324 4859 1607 4928 ignearum
1647 4860 1858 4916 divisus
1890 4877 1988 4930 pro
2041 4878 2098 4917 ιιι

2247 4857 2341 4912 καὶ
2372 4856 2670 4926 πυροειδῶς
2701 4857 2782 4917 εἰς
2811 4851 3061 4921 γλώσσας
3105 4848 3447 4921 διαμερισθὲν
3477 4841 3532 4895 τὺ
3556 4838 3742 4930 Ilva—3.9?

563 4958 714 4997 mero
745 4943 948 4997 donum
1000 4946 1387 5015 accipientium
1431 4948 1670 5018 Spiritus
1715 4951 1770 5005 in
1813 4968 2096 5023 unoquoqt

2247 4947 2389 5002 κατά
2420 4918 2511 5000 τδν
2556 4945 2784 5017 ἀριθμὸν
2812 4918 3247 5011 τῶνσδεχομένῶν
3274 4918 3376 5008 *τὴν
3405 4933 3551 5004 Χάριν
3576 4926 3623 5024 ἐξ

566 5033 860 5089 resederat.
924 5035 1001 5090 Ac
1039 5037 1150 5106 jam
1219 5041 1286 5094 ad
1355 5015 1696 5110 inopinatum
1745 5051 1802 5098 et
1835 5015 2099 5100 inaudith

2250 5059 2361 5112 στῳ
2409 5015 2639 5109 ἐγίνετο.
2686 5037 2824 5104 Ἤδη
2867 5035 2943 5101 δὲ,
2983 5035 3114 5105 πρὸς
3143 5032 3204 5086 τὸ
3233 5015 3618 5102 παράδοξοντοῦ
3643 5015 3742 5112 aut:

1039 5091 1058 5106 ,
1261 5091 1284 5094 ε
1749 5091 1800 5098 --
1835 5091 2097 5100 --.__.-.--.

564 5127 716 5181 vocis
769 5141 832 5180 ac
871 5127 1072 5198 linguae
1105 5130 1430 5186 miraculum
1461 5149 1557 5189 eos
1591 5135 1682 5204 qui
1708 5150 1773 5190 ex
1806 5137 1956 5191 omni
1986 5149 2097 5207 geni

2369 5091 2548 5199 cptuth
2571 5131 2664 5183 καὶ
2685 5128 2782 5198 τὴν
2803 5091 3051 5195 γλῶσσαν
3079 5091 3369 5192 θαύματέςν
3389 5116 3504 5174 τοὺς
3526 5111 3582 5207 ἐκ

567 5217 835 5284 profecti,
889 5217 1252 5291 Jerosolymis
1312 5225 1714 5291 versabantur,
1765 5228 2100 5282 consternati

2249 5193 2434 5284 ἔθνους
2488 5193 2884 5292 ’1εροσολόμοις
2960 5214 3374 5284 ἐπιδημοῦντας,
3429 5193 3739 5292 ἔκπληξίξλε

568 5307 932 5378 confusioque
990 5311 1291 5377 invaserat,
1321 5315 1600 5377 omnibus
1636 5318 1728 5385 qui
1766 5317 1821 5370 in
1869 5320 2050 5373 varias
2081 5333 2101 5371 a

2251 5277 2574 5384 κατειλήφει,
2599 5313 2692 5364 καὶ
2712 5277 2994 5378 σόγχθσιφ
3015 5277 3214 5368 τῶἶεὶς
3233 5301 3469 5360 ποικίλας
3492 5309 3544 5345 τε
3567 5284 3642 5385 xi}

843 5365 857 5378 .
1129 5365 1170 5367 η
1257 5365 1290 5377 κ,
1640 5365 1728 5385 τη-
1883 5365 2049 5373 --ηη
2082 5365 2103 5371 -

570 5394 817 5454 diversas
842 5401 1150 5471 linguarum
1191 5404 1393 5462 formas
1437 5409 1598 5464 divisi
1639 5409 1880 5472 fuerant,
1925 5415 2103 5478 repent

2247 5365 2734 5475 φόρουςογλωσσῶν
2769 5365 2911 5461 ἰδὲας
2938 5365 3343 5467 διεσχισμενων,
3379 5387 3568 5486 πάντῖιΝ

573 5500 694 5540 cum
753 5491 1040 5562 discipulis
1087 5497 1332 5562 ejusdem
1386 5499 1583 5570 linguae
1619 5500 1813 5566 factis;
1849 5516 1973 5554 cum
2001 5501 2106 5554 null

2245 5461 2608 5566 όμογλώσσων
2635 5495 2744 5554 τοῖς
2773 5489 3039 5560 μαθηταῖς
3055 5461 3257 5556 ’τειενη
3267 5472 3574 5576 Familia?

578 5580 914 5640 prazcedente
947 5584 1242 5657 disciplina
1278 5597 1441 5660 atque
1497 5590 1911 5654 exercitatione,
1957 5592 2050 5646 sed
2081 5605 2110 5644 e

2248 5557 2690 5659 έροίταιδεύσεως
2715 5557 2810 5636 κάὶ
2840 5580 3070 5654 μελέτης
3101 5577 3263 5642 τινὸς,
3311 5570 3414 5628 ἀλλ’
3443 5564 3497 5629 ἐξ
3521 5557 3735 5614 ἐπιπνοίας

652 5745 669 5776 ¹
704 5748 720 5799 1
758 5748 884 5807 Cor.
914 5769 986 5822 Iv,
1015 5759 1068 5812 9.
