3882 6420
191 422 267 478 705
1399 410 1468 466 IN
1511 411 1569 465 S.
1614 409 1982 467 STEPHANU
1993 411 2062 468 Μ.

3253 411 3355 470 706

184 536 253 590 τοῦ
285 531 584 601 Πνεύματος,
629 528 835 601 ἀθρόως
868 531 981 592 τοῖς
1009 527 1324 591 ἀποστόλοις
1353 527 1554 597 ταύτης
1596 528 1676 580 ἐν-

1787 527 2147 596 inspiratione
2176 523 2414 594 Spiritus
2443 532 2608 598 atque
2637 539 2856 598 repente
2885 545 2946 584 ex
2980 525 3224 598 tempere
3248 528 3354 584 hoc

183 623 506 696 σκεδασθείσης
534 621 630 690 τῆς
661 622 900 692 χάριτος,
935 623 968 691 ὴ
993 619 1084 674 τοῦ
1117 618 1445 689 φθέγγεσθαι
1465 619 1692 689 δύναμις

182 711 494 783 προσεγένετο.
546 710 686 762 Ἔδει
718 710 824 778 γὰρ
853 710 981 772 τοὺς
1026 712 1119 762 ἐπὶ
1165 712 1233 778 τῇ
1281 709 1444 780 γηῒνῃ
1491 725 1692 778 πυργο-

179 802 294 872 notia
319 802 405 871 τὴν
433 799 729 870 ὁμοφωνίαν
773 800 1071 863 λύσαντας,
1117 800 1209 852 ἐπὶ
1247 803 1313 870 τῇ
1349 801 1686 869 πνευματικῇ

179 893 300 944 πάλιν
318 891 405 960 τῆς
431 889 739 960 Ἐκκλησίας
759 890 1034 959 οἰκοδομῇ,
1060 889 1139 950 είς
1157 887 1462 957 ὁμοφωνίαν
1492 886 1683 940 ἐλθεῖν·

177 983 245 1034 καί
266 982 338 1033 διά
362 979 504 1033 τοῦτο
527 981 704 1043 καλῶς
728 980 974 1033 ἐντεῦθεν
1001 983 1034 1050 ἡ
1065 979 1159 1032 τοῦ
1189 981 1342 1046 ἁγίου
1371 979 1683 1048 Πνεύματος

175 1071 397 1142 οἰκονομία
424 1072 516 1141 τῆς
543 1071 756 1142 χάριτος
807 1071 1050 1142 ἄρχεται⁸
1086 1071 1225 1122 ὥστε
1249 1070 1347 1140 τὴν
1372 1070 1554 1142 κοινὴν
1575 1071 1683 1124 τῶν

173 1163 417 1232 ἀνθρώπων
461 1163 804 1233 εὐεργεσίαν,
847 1165 925 1224 είς
975 1164 1152 1215 πᾶσαν
1194 1162 1427 1215 διάνοιαν
1461 1163 1559 1232 τῆς
1587 1164 1682 1216 ἀν-

174 1249 395 1319 θῳτίνης
425 1250 778 1321 καταμερίσαι
812 1251 1014 1319 φωνῆς,
1064 1251 1150 1303 ἵνα
1201 1251 1277 1318 μὴ
1327 1252 1426 1320 μιᾷ
1464 1251 1682 1321 γλώσσῃ

171 1341 275 1410 μόνη
316 1340 370 1392 τὸ
410 1342 664 1412 κήρυγμα
705 1341 805 1409 τῆς
854 1341 1134 1404 εὐσεὸείας
1182 1341 1678 1411 ἐναποκλειόμενον,

168 1433 394 1503 ἄπρακτον
427 1436 532 1496 τοῖς
563 1431 958 1501 ἀλλογλώσσοις
993 1433 1149 1504 μείνῃ
1179 1434 1272 1488 καὶ
1297 1433 1673 1504 ἀνενέργητον.

219 1615 332 1682 Ἤδη
368 1614 536 1667 τοίνυν
583 1613 693 1666 τῶν
741 1613 840 1683 μὲν
884 1612 1191 1682 Φαρισαίων
1236 1611 1330 1664 καὶ
1368 1613 1488 1674 ταῖς
1520 1610 1677 1674 ἰδίαις

161 1703 311 1766 ἀκοαῖς
347 1703 708 1757 ἀπιστούντων
729 1743 744 1768 ,
797 1705 887 1756 καὶ
912 1705 1037 1766 τοὺς
1065 1701 1548 1772 ἐκπεπληγμένους
1578 1702 1678 1771 τὴν

159 1793 547 1864 θαυματουργίαν
609 1794 923 1864 διεσφάλθαι
986 1793 1494 1864 καταχλευαςόντων
1522 1833 1537 1858 ,
1600 1793 1676 1856 ὠς

156 1885 371 1952 γλεύκους
413 1889 595 1950 αὐτοῖς
639 1885 736 1957 τὴν
787 1886 1036 1956 τοιαύτην
1078 1885 1398 1956 παραφορὰν
1447 1885 1676 1955 ἐμποιή-

155 1989 306 2038 σαντος
328 1990 342 2005 ⁸
367 1974 454 2027 τοῦ
480 1977 537 2028 δὲ
570 1975 777 2045 Πέτρου
811 1977 906 2046 μιᾷ
928 1975 1021 2030 τοῦ
1053 1976 1210 2044 λόγου
1236 1974 1494 2046 περιϐολῇ
1525 1990 1676 2044 τρισ-

151 2065 293 2134 χιλίας
341 2067 505 2136 ψυχὰς
537 2067 620 2138 τῷ
663 2067 884 2139 Χριστῷ
919 2067 1386 2139 σαγηνεύσαντος,
1438 2067 1532 2119 καὶ
1576 2083 1676 2119 κα-

152 2155 277 2226 θεξῆς
300 2158 378 2212 ἀεὶ
403 2162 465 2229 τῇ
493 2159 782 2232 προσθήκῃ
813 2160 920 2212 τῶν
963 2159 1283 2228 σωζομένων
1304 2159 1402 2228 τῆς
1447 2157 1673 2226 Ἐκκλη-

152 2249 247 2312 σίσς
266 2251 336 2312 είς
360 2250 556 2322 πλῆθος
584 2251 923 2323 ἐπιδιδούσης
948 2268 961 2282 ·
991 2252 1084 2305 καὶ
1108 2250 1200 2304 τοῦ
1230 2253 1294 2303 ἐκ
1325 2250 1550 2318 γενετῆς
1576 2267 1677 2318 χω-

147 2339 219 2392 λοῦ
246 2343 388 2394 πάλιν
415 2343 510 2412 τὴν
537 2344 750 2415 ὡραίαν
778 2343 874 2397 τοῦ
906 2342 1051 2414 ἱεροῦ
1085 2343 1262 2413 πύλην
1291 2345 1402 2404 τοῖς
1431 2341 1670 2410 σωζομέ‹

145 2448 232 2495 νοις
267 2434 590 2499 ἀνοίξαντος,
712 2436 1162 2507 προσκαθήμενος
1211 2433 1290 2503 τῷ
1333 2433 1455 2488 καθ’
1487 2433 1675 2486 ἐαυτὸν

146 2523 344 2594 θαύματι
369 2529 463 2598 τῆς
496 2529 728 2592 ἰάσεως,
775 2531 900 2592 τοὺς
952 2529 1095 2582 κατὰ
1135 2527 1312 2597 ψυχὴν
1342 2525 1676 2597 χωλεύοντας

144 2614 214 2666 ἐπὶ
235 2615 320 2686 τὴν
345 2617 521 2671 πίστιν
549 2618 978 2690 ἐχειραγὼγησε.
1011 2618 1227 2672 Πολλῶν
1257 2617 1435 2670 τοίνυν
1458 2617 1592 2687 πρὸς
1616 2617 1676 2669 τὸ

142 2706 362 2777 κήρυγμα
401 2710 494 2781 τῆς
530 2711 767 2774 πίστεως
797 2709 1165 2781 συρρεόντων,
1215 2709 1309 2763 καὶ
1356 2708 1454 2778 τῆς
1489 2708 1676 2778 χρείας

140 2798 322 2852 πλείονα
347 2801 442 2870 τὴν
471 2802 821 2873 πολυχειρίαν
851 2801 1214 2874 ἐπιζητούσης
1243 2801 1346 2855 τῶν
1367 2799 1676 2855 διακονούν-

138 2903 222 2940 των
247 2893 303 2961 τῇ
332 2893 506 2964 χάριτι
532 2912 547 2926 ’
599 2895 719 2948 τότε
747 2896 989 2949 καλεῖται
1035 2895 1170 2965 πρὸς
1211 2895 1530 2964 ἐπικουρίαν
1567 2892 1674 2945 τῶν

137 2980 404 3038 ἀποστόλων
433 2987 539 3040 ὑπὸ
570 2987 664 3039 τοῦ
691 2989 1006 3057 Πνεύματος
1040 2990 1069 3041 6
1100 2988 1267 3051 πολὺς
1297 2991 1362 3057 τῇ
1394 2987 1552 3057 σοφίᾳ
1581 2987 1674 3038 καὶ

1788 617 1933 673 dono
1959 625 2370 686 reprazsentato,
2407 618 2639 674 facultas
2676 621 2931 690 loquendi
2967 621 3229 690 apostolis
3263 635 3354 675 ac-

1786 709 2066 763 cessisset.
2089 705 2546 777 Oportebatenim
2578 724 2693 772 eos,
2731 711 2826 780 qui
2851 711 2905 763 in
2931 719 3160 764 terrena:
3187 711 3354 765 turris

1785 798 2159 853 exstructione
2192 801 2631 854 communionem
2672 800 2890 870 linguas,
2925 801 3183 869 vocisque
3224 815 3355 853 con-

1785 889 2028 943 cordiam
2091 889 2386 952 solverant,
2419 890 2471 943 in
2503 891 2772 960 spirituali
2819 891 3076 946 Ecclesire
3117 891 3354 944 aedifica-

1783 979 1934 1034 tione
1958 995 2154 1035 rursus
2208 980 2274 1034 ad
2317 982 2708 1036 commercium
2735 983 2932 1052 lingua:
2951 983 3162 1045 venire,
3194 996 3354 1054 atque

1783 1070 1992 1126 idcirco
2038 1073 2213 1126 sancti
2269 1072 2507 1142 Spiritus
2557 1073 2895 1143 dispensatio
2935 1083 3082 1130 recte
3123 1077 3353 1144 gratiam

1785 1163 1915 1216 hinc
1950 1165 2187 1226 orditur,
2229 1172 2285 1216 ut
2315 1180 2604 1220 commune
2634 1167 2913 1220 hominum
2946 1167 3267 1221 beneficium
3301 1167 3353 1219 in

1781 1269 1999 1308 omnem
2067 1255 2400 1308 intellectum
2450 1257 2702 1311 humana:
2755 1257 2904 1311 vocis
2940 1256 3352 1326 dispertiretur,

1783 1359 1852 1398 ne
1881 1344 1928 1398 si
1967 1345 2022 1397 in
2054 1360 2216 1398 unam
2264 1345 2502 1415 linguam
2546 1347 2716 1400 solam
2769 1347 3084 1416 praedicatio
3133 1347 3353 1414 pietatis

1781 1435 2180 1496 includeretur,
2198 1436 2446 1491 inefficax
2473 1445 2525 1492 et
2551 1437 2763 1492 inutilis
2781 1438 3096 1492 hominibus
3123 1437 3353 1492 diversas

1782 1525 1978 1594 linguae
2003 1534 2266 1580 maneret.

1853 1614 1973 1668 Jam
2006 1616 2174 1685 igitur
2194 1631 2320 1670 cum
2353 1615 2619 1672 Pharisaei
2661 1619 2880 1688 quidem
2923 1618 3039 1672 suis
3068 1618 3233 1672 etiam
3266 1616 3351 1685 ip-

1784 1719 1970 1759 sorum
2003 1707 2230 1762 auribus
2266 1722 2371 1761 non
2405 1710 2712 1773 crederent,
2741 1726 2804 1763 ac
2837 1709 3104 1763 miraculo
3141 1709 3216 1763 rei
3249 1709 3350 1762 ob-

1779 1797 2122 1866 stupefactos
2146 1808 2378 1855 cwteros
2399 1815 2586 1854 errare
2608 1801 3004 1855 contenderent
3032 1801 3349 1864 irridentes,

1776 1889 1934 1956 quasi
1967 1899 2207 1944 mustqu
2227 1891 2388 1944 talem
2417 1891 2727 1944 vecordiam
2757 1901 2921 1960 atque
2952 1890 3188 1944 furorem
3220 1903 3352 1958 apo-

1776 1980 1934 2034 stolis
2000 1981 2412 2050 iugenerasset;
2473 1981 2667 2036 Petrus
2719 1992 2896 2036 autem
2935 1997 3043 2034 uno
3083 1981 3351 2034 orationis

1775 2073 2095 2142 complexu,
2147 2074 2453 2128 animarum
2489 2075 2657 2128 millia
2709 2075 2809 2129 tria
2859 2075 3018 2144 quasi
3080 2074 3350 2128 verriculo

1775 2173 1965 2233 captas
1999 2165 2220 2218 Christo
2271 2164 2637 2221 lucrifecisset
2661 2167 2706 2230 ',
2750 2180 2813 2219 ac
2853 2165 3110 2232 deinceps
3137 2179 3351 2233 semper

1776 2255 2083 2325 adiectione
2103 2271 2314 2324 eorum,
2343 2258 2435 2326 qui
2462 2258 2595 2312 salvi
2621 2259 2834 2321 flerent,
2857 2257 3100 2311 Ecclesia
3118 2271 3348 2309 numero

1776 2364 1839 2402 ac
1872 2349 2226 2403 multitudine
2262 2357 2533 2404 cresceret
2565 2367 2578 2402 :
2615 2349 2852 2418 itemque
2898 2349 2966 2411 is,
3013 2347 3103 2416 qui
3153 2361 3182 2399 a
3210 2346 3352 2399 nati-

1775 2440 1945 2494 vitate
1991 2440 2218 2494 claudus
2273 2438 2472 2502 fuerat,
2525 2439 2828 2508 speciosam
2886 2446 3096 2506 portam
3163 2435 3348 2504 templi

1777 2548 1972 2586 rursus
2002 2533 2090 2594 iis,
2124 2532 2215 2601 qui
2250 2531 2385 2587 salvi
2442 2529 2656 2596 fierent,
2683 2529 3054 2598 aperuisset’,
3087 2528 3174 2582 cui
3216 2529 3355 2581 assi-

1776 2622 1912 2676 dens
1947 2637 2060 2676 suaa
2105 2621 2408 2675 sanationis
2447 2620 2713 2674 miraculo
2741 2621 2920 2672 anima
2975 2619 3351 2673 claudicantes

1777 2712 1842 2765 ad
1877 2712 2038 2766 fidem
2066 2711 2386 2764 adduxerat.
2425 2711 2560 2763 Cum
2592 2711 2748 2762 multi
2784 2711 2950 2778 igitur
2981 2710 3047 2763 ad
3089 2708 3352 2778 praedica-

1775 2803 1979 2856 tionem
2039 2801 2164 2855 fidei
2204 2799 2564 2866 confluerent,
2622 2808 2783 2870 atque
2830 2799 3092 2867 majorem
3130 2813 3349 2851 manum

1777 2893 1964 2963 gratia:
1992 2893 2422 2946 ministrantium
2455 2907 2542 2946 res
2569 2892 2894 2960 postularet,
2920 2901 3050 2944 tunc
3082 2889 3351 2958 sapientia

1777 2998 1839 3037 ac
1857 2985 2027 3054 gratia
2051 2983 2336 3038 abundans
2357 2983 2669 3053 Stephanus
2691 2999 2719 3036 a
2755 2981 2963 3053 Spiritu
3001 2983 3054 3035 in
3083 2981 3346 3034 auxilium

135 3069 186 3135 τῇ
214 3069 375 3141 χάριτι
421 3075 713 3142 Στέφανος.
766 3076 877 3129 Καὶ
925 3077 1114 3146 μηδεὶς
1157 3077 1234 3147 τῷ
1276 3080 1373 3147 τῇς
1402 3076 1675 3138 διακονίας

1779 3076 2148 3144 apostolorum
2190 3084 2419 3128 voratur
2451 3075 2494 3128 ".
2524 3077 2601 3127 Ac
2641 3090 2799 3128 nemo
2825 3073 3046 3127 nomine
3065 3071 3351 3127 ministerii

136 3157 355 3228 ὀνόματι,
403 3165 743 3237 δευτερεύειν
781 3167 945 3222 αὐτὸν
993 3167 1146 3240 παρά
1185 3169 1282 3239 τὴν
1314 3167 1678 3238 ἀποστολικὴν

134 3247 262 3312 ἀξίαν
286 3253 576 3309 ὑπονοείτω
599 3275 612 3286 ·
649 3259 770 3311 ἐπεὶ
792 3259 886 3312 καὶ
910 3259 1121 3322 Παῦλος
1149 3259 1337 3312 ἑαυτὸν
1365 3255 1473 3312 οἵδε
1501 3259 1677 3312 διάκο-

133 3351 202 3388 νον
227 3345 527 3415 μυστηρίων
560 3347 818 3418 Χριστοῦ,
846 3350 937 3402 ttat
979 3353 1008 3404 6
1041 3351 1130 3404 τοῦ
1162 3353 1360 3416 παντὸς
1395 3354 1618 3425 Κύριος,
1649 3359 1678 3408 6

129 3425 200 3482 διὰ
224 3436 409 3504 σαρκὸς
432 3439 535 3510 τὴν
561 3439 906 3513 ἀνθρωπίνην
933 3444 1206 3513 σωτηρίαν
1239 3446 1555 3516 οἰκονομῶν,
1578 3447 1676 3500 οὐκ

131 3519 409 3599 ἐπῃσχύνθη
461 3530 542 3601 τῷ
587 3531 684 3600 τῆς
721 3531 997 3596 διακονίας
1043 3533 1304 3603 ὀνόματι,
1360 3535 1566 3588 εἰπών’
1619 3539 1676 3591 ἐν

131 3611 289 3678 μέσοις
329 3615 587 3685 εἶναι,ὠς
619 3625 646 3675 6
693 3623 976 3688 διακονῶν,
1020 3627 1049 3677 6
1092 3625 1190 3688 τὰς
1229 3625 1520 3698 διαιρέσεις
1566 3627 1676 3683 τῶν

128 3698 374 3760 διακονιῶν
401 3709 663 3782 ἐνεργῶν,
688 3710 763 3775 ὥς
793 3729 956 3782 φησιν
984 3716 1013 3767 ὁ
1053 3715 1388 3780 Ἀπόστολος.
1413 3718 1675 3788 Καθάπερ

128 3789 216 3862 γὰρ
239 3795 293 3848 τὸ
333 3797 442 3870 πῦρ
490 3800 596 3870 τῆς
643 3801 950 3872 ἐπιτηδείας
995 3803 1127 3874 ὕλης
1173 3803 1551 3876 δραξάμενον,
1597 3809 1676 3870 είς

128 3881 236 3951 ὕψος
257 3889 392 3959 αῐρει
421 3892 522 3964 τὴν
552 3892 747 3961 φλόγα,
775 3895 868 3947 καὶ⁵
895 3898 1360 3968 περιφανεστέραν
1385 3897 1482 3969 τὴν
1502 3898 1674 3969 αὐτὴν

124 3974 464 4047 ἀπεργάζεται
491 3999 507 4013 ο
561 3981 701 4036 οὕτω
750 3983 812 4036 τὸ
840 3985 1058 4056 Πνεῦμα
1101 3986 1162 4039 τὸ
1203 3987 1378 4054 ἅγιον,
1398 3990 1456 4042 ἐν
1485 3991 1549 4060 τῇ
1579 3990 1672 4042 τοῦ

123 4062 368 4134 Στεφάνου
401 4071 745 4142 μεγαλοφυῒᾳ
770 4074 1079 4148 γενόμενον,
1116 4075 1471 4148 ἐκδηλοτέρας
1503 4079 1674 4132 ἐποίει

121 4154 206 4220 τὰς
247 4161 465 4228 ἀκτῖνας
513 4165 613 4232 τῆς
663 4167 903 4236 χάριτος.
951 4146 1045 4220 Διδ
1089 4169 1289 4233 πάντες
1329 4146 1464 4238 πρὸς
1511 4173 1674 4226 αὐτὸν

117 4246 379 4322 ἀφεώρων,
425 4259 485 4311 ἐν
532 4257 674 4322 ὅσοις
703 4254 772 4330 ἦν
801 4259 1053 4328 γνώσεώς
1101 4277 1245 4326 τινος
1289 4263 1544 4332 μετουσία
1580 4264 1675 4316 καὶ

119 4342 429 4412 παιδεύσεως
453 4367 468 4380 ο
516 4350 614 4403 καλ⁵
640 4351 779 4404 κατά
814 4353 1098 4416 συστάσεις
1126 4354 1173 4406 oi
1203 4354 1311 4406 τῶν
1352 4353 1555 4406 λοιπῶν
1587 4355 1672 4407 δο-

1780 3174 1984 3230 motus,
2049 3167 2350 3222 secundum
2390 3183 2513 3222 eum
2543 3167 2610 3220 ab
2641 3167 2939 3237 apostolica
2969 3166 3235 3235 dignitate
3268 3165 3354 3217 lo-

1777 3272 1902 3310 cum
1936 3258 2184 3313 obtinere
2248 3259 2602 3328 suspicetur:
2655 3257 2911 3326 quoniam
2952 3256 3113 3310 etiam
3151 3252 3354 3309 Paulus

1785 3362 1906 3403 sese
1931 3349 2240 3402 ministrum
2274 3349 2658 3419 mysteriorum
2677 3348 2883 3402 Christi
2908 3347 3186 3417 agnoscit”
3212 3363 3224 3398 :
3254 3361 3354 3400 nec

1777 3443 2157 3493 universarum
2194 3454 2376 3493 rerum
2405 3439 2697 3492 Dominum
2729 3438 2820 3508 qni
2857 3454 2954 3506 per
2998 3452 3220 3490 carnem
3252 3435 3354 3489 bu-

1776 3545 1990 3583 manam
2039 3531 2268 3584 salutem
2301 3531 2744 3595 administrabat,
2779 3529 3075 3586 ministerii
3111 3529 3350 3582 nominis

1775 3621 2009 3690 puduit,
2065 3636 2191 3673 cum
2241 3622 2444 3676 diceret
2481 3637 2602 3675 sese
2650 3622 2704 3674 in
2731 3621 2913 3674 medio
2948 3636 3069 3674 esse
3093 3628 3350 3688 tanquam

1777 3711 2111 3776 ministrum,
2147 3711 2240 3780 qui
2277 3711 2576 3766 divisiones
2623 3711 3051 3765 ministeriorum
3082 3710 3262 3774 efficit,
3295 3719 3352 3762 ut

1776 3802 1954 3871 inquit
1987 3800 2283 3870 Apostolus
2313 3802 2353 3854 ⁸.
2389 3801 2858 3866 Quemadmodum
2881 3802 3025 3855 enim
3057 3800 3198 3870 ignis
3229 3811 3352 3868 apta

1775 3893 2172 3960 comprehensa
2223 3892 2472 3956 materia,
2518 3891 2789 3945 flammam
2829 3891 2884 3944 in
2916 3891 3087 3945 altum
3119 3893 3277 3956 tollit,
3301 3901 3353 3944 et

1777 3981 2132 4036 illustriorem
2165 3982 2514 4051 splendorem
2550 3982 2712 4036 efﬁcit
2747 4001 2759 4036 :
2795 3983 2868 4036 ita
2904 3984 3066 4036 etiam
3111 3981 3352 4052 Spiritus

1777 4081 2021 4135 sanctus,
2053 4089 2179 4128 cuin
2235 4074 2290 4128 in
2329 4090 2522 4143 magna
2559 4075 2650 4129 illa
2682 4074 2942 4144 Stephani
2975 4075 3139 4128 animi
3170 4075 3353 4128 indole

1774 4175 2111 4230 versaretur,
2141 4166 2328 4235 gratiae
2360 4166 2546 4221 radios
2563 4167 2826 4220 clariores
2848 4166 3131 4220 cflieicbat.
3151 4165 3352 4230 Quam-

1775 4258 1962 4311 obrem
1992 4273 2205 4320 omnes,
2243 4258 2530 4326 iit-quibus
2564 4257 2892 4311 eruditionis
2922 4265 3084 4326 atque
3111 4257 3353 4312 scientia:

1778 4350 2028 4404 nonnihil
2062 4349 2333 4412 inerat,in
2363 4365 2484 4404 sese
2521 4348 2873 4402 convertebat
2905 4363 2918 4398 :
2949 4364 3013 4401 ex
3034 4348 3100 4402 iis
3125 4349 3214 4417 qui
3243 4363 3351 4402 ca:-

116 4432 314 4500 κοῦντες
342 4439 510 4493 πλέον
548 4440 712 4510 ἔχειν,
743 4439 854 4495 οἷον
889 4445 967 4506 είς
1002 4443 1284 4512 φάλαγγας
1311 4460 1460 4506 τινας
1486 4443 1554 4496 δι’
1582 4442 1672 4495 ἀλ-

1781 4440 1915 4494 teris
1951 4449 2210 4509 prmstare
2241 4440 2586 4504 videbantur,
2618 4440 2853 4493 coitione
2879 4447 3040 4508 atque
3069 4439 3355 4508 conspira-

116 4522 271 4595 λήλων
299 4534 648 4587 καταπυκνού
657 4551 826 4604 μενοι,
853 4534 1022 4598 οὕτως
1050 4535 1342 4606 ὑπομένειν
1376 4535 1674 4606 ἐπειρῶντο

113 4616 194 4670 τοῦ
235 4622 505 4692 Στεφάνου
553 4624 650 4695 τὴν
703 4626 1024 4696 προσϐολήν.
1080 4626 1138 4679 ὐ
1177 4627 1234 4680 δὲ
1271 4629 1436 4680 πᾶσιν
1481 4627 1675 4697 ἐπίσης

114 4708 303 4782 ἄμαχος
331 4711 420 4786 ἦν,
463 4717 556 4770 καὶ
600 4717 816 4782 πολλοῖς
869 4718 1192 4789 συμμίσγων
1235 4720 1356 4771 κατ’
1389 4718 1550 4771 αὑτὸν
1583 4719 1675 4771 καὶ

112 4798 391 4862 ἐλάττοσιν.
451 4809 540 4861 Ἐν
588 4807 762 4878 τούτῳ
798 4809 1007 4872 τοίνυν,
1064 4809 1124 4860 τὸ
1174 4808 1272 4879 μὲν
1327 4808 1671 4878 φαινόμενον,

125 4889 477 4969 Ἀλεξανδρεῖς
520 4899 614 4953 καὶ
663 4900 964 4971 Λιϐερτῖνοι
1011 4900 1104 4952 καὶ
1138 4901 1435 4971 Κυρηναῖοι
1485 4899 1579 4952 καὶ
1624 4900 1674 4951 οἱ

110 4988 433 5055 πανταχόθεν
477 4986 619 5060 ἦσαν
652 4989 927 5060 ἄνθρωποι
976 4991 1112 5061 πρὸς
1154 4989 1246 5043 τὸν
1286 4990 1382 5060 τῆς
1417 4989 1674 5058 ἀληθείας

111 5071 402 5149 ἀγωνιστὴν
464 5081 935 5152 συμπλεκόμενοι·
974 5081 1001 5133 6
1027 5080 1085 5133 δέ
1110 5080 1197 5133 διὰ
1222 5081 1314 5132 τοῦ
1349 5079 1671 5150 φαινομένου

109 5165 405 5236 νοούμενος,
437 5171 468 5223 6
496 5173 680 5243 πατὴρ
704 5171 800 5226 τοῦ
826 5172 1053 5243 ψεύδους
1089 5167 1180 5243 ἦν,
1223 5171 1288 5225 δι’
1319 5171 1672 5244 ἀνθρωπίνων

108 5258 405 5325 προσώπων
433 5262 570 5333 πρὸς
599 5264 698 5333 τὴν
719 5264 775 5315 ἐν
798 5263 876 5334 τῷ
907 5263 1160 5332 Στεφάνῳ
1183 5261 1514 5332 λαλουμένην
1544 5261 1674 5333 ἀλή-

108 5342 248 5400 θειαν
273 5349 468 5404 ἑαυτὸν
500 5353 843 5424 ἀντεγείρων.
893 5353 1032 5406 Ἀλλ’
1060 5354 1093 5423 ἡ
1141 5353 1238 5423 μὲν
1277 5352 1502 5424 ἀλήθεια
1535 5352 1675 5405 κατὰ

106 5435 191 5487 τοῦ
233 5438 466 5506 ψεύδους
510 5444 907 5515 τροπαιοφόρος
953 5441 1023 5516 ἦν
1047 5486 1062 5511 ,
1111 5443 1293 5507 καλῶς
1335 5443 1674 5516 τρεψαμένου

105 5525 192 5579 τοῦ
225 5530 494 5600 ἀριστέως
527 5536 732 5598 πάντας
773 5537 898 5598 τοὺς
943 5536 1355 5607 προαγωνιστὰς
1397 5537 1495 5606 τῆς
1535 5536 1677 5589 άπά-

107 5637 196 5692 της
221 5641 234 5655 ο
281 5625 311 5676 6
357 5624 420 5678 δὲ
464 5624 706 5688 δίακονος
736 5625 838 5694 τῆς
864 5625 1120 5696 ἀληθείας
1157 5626 1306 5698 παρά
1344 5626 1438 5680 τοῦ
1478 5625 1675 5697 ἐχθροῦ

177 5803 197 5833 ⁹
222 5803 339 5858 Act.
379 5820 444 5870 ll,
469 5807 557 5861 Η.

634 5807 653 5840 ³
685 5809 807 5864 Act.
852 5821 936 5876 ut,
979 5824 1099 5880 sqq.
1136 5809 1156 5842 ⁸
1228 5810 1350 5866 Act.
1378 5825 1452 5877 vr,
1487 5810 1539 5868 5.
1613 5808 1678 5864 'f
1711 5808 1839 5865 Cor.
1870 5825 1941 5877 ιν,
1968 5811 2020 5865 1.

1775 4534 1923 4587 tione
1959 4531 2124 4595 facta,
2147 4532 2313 4587 veluti
2343 4533 2395 4586 in
2417 4533 2719 4603 phalangas
2747 4531 3012 4602 quasdam
3035 4532 3350 4600 constipati,

1777 4626 1855 4679 sic
1886 4624 2142 4694 impetum
2196 4625 2461 4694 Stephani
2497 4624 2769 4677 sustinere
2803 4623 3136 4677 nitebantur.
3170 4624 3236 4674 At
3270 4622 3358 4676 ille

1775 4717 2032 4772 omnibus
2059 4716 2263 4786 pariter
2287 4718 2524 4770 invictus
2557 4723 2698 4778 erat,
2737 4717 2851 4769 sive
2879 4731 3002 4769 eum
3035 4714 3220 4767 multis
3265 4729 3358 4766 so-

1776 4806 1884 4869 lus,
1920 4805 2035 4858 sive
2088 4819 2212 4856 eum
2274 4806 2463 4874 paucis
2516 4807 2962 4873 congrederetur.
3003 4802 3156 4856 Tunc
3192 4801 3358 4870 igitur

1777 4897 1830 4950 in
1893 4898 2130 4966 Speciem
2183 4896 2404 4967 quidem
2466 4896 2846 4963 Alexandrini,
2893 4895 3271 4962 Libertinique
3299 4901 3355 4946 et

1775 4988 2136 5061 Cyrenenses,
2166 4992 2370 5060 quique
2408 4991 2650 5060 undique
2678 4999 3044 5044 convenerant
3083 4988 3349 5048 homines,

1777 5096 1897 5135 cum
1924 5082 2174 5137 veritatis
2233 5082 2433 5137 athleta
2485 5081 2870 5151 confligebant.
2902 5079 3001 5144 Qui
3049 5087 3228 5133 autem
3258 5093 3358 5146 per

1771 5173 1826 5227 id
1861 5173 2015 5243 quod'
2070 5173 2368 5244 apparebat
2402 5173 2747 5240 intelligitur,
2806 5172 2853 5225 is
2891 5180 3045 5239 pater
3085 5167 3357 5223 mendacii

1771 5273 1910 5326 erat,
1965 5279 2060 5333 per
2113 5264 2314 5334 figuras
2357 5263 2630 5317 humanas
2677 5263 2942 5316 adversus
2997 5276 3139 5326 eam,
3170 5276 3290 5330 qua:
3320 5276 3356 5312 a

1774 5351 2051 5423 Stephano
2099 5355 2496 5422 proferebatur,
2545 5353 2828 5408 veritatem
2884 5352 3196 5420 insurgens.
3246 5349 3354 5405 Sed

1773 5446 1974 5500 veritas
1996 5447 2213 5515 quidem
2242 5444 2309 5499 de
2344 5443 2630 5499 mendacio
2707 5451 2971 5511 tropaeum
3016 5444 3352 5512 reportabat,

1774 5552 1898 5592 cum
1929 5538 2014 5591 vir
2037 5537 2128 5591 ille
2152 5541 2412 5591 stren‘uus
2429 5549 2622 5589 omnes
2661 5543 3096 5604 prOpugnator-es
3139 5532 3353 5588 fraudis

1771 5627 1830 5682 in
1871 5627 2055 5699 fugam
2094 5627 2310 5698 egregie
2367 5625 2624 5682 vertisset
2657 5643 2670 5679 :
2705 5625 2951 5680 minister
3003 5633 3184 5680 autem
3215 5624 3356 5680 veri-

2097 5812 2118 5844 ⁶
2149 5811 2345 5882 Ephcs.
2382 5827 2456 5878 tv,
2502 5812 2591 5878 H;
2619 5808 2637 5862 l
2664 5811 2788 5866 Cor.
2829 5823 2927 5878 xu,
2963 5809 2990 5865 Δ
3024 5826 3148 5880 sqq.
