3882 6486
542 452 640 507 707

1749 447 1804 502 S.
1847 443 2174 503 GREGORI!
2207 442 2498 498 NYSSENI

3741 457 3830 510 708

539 563 668 622 tatis
687 562 759 616 ab
790 561 948 617 hoste
967 561 1214 618 veritatis
1239 561 1458 618 insidiis
1475 560 1784 631 petebatur,
1817 559 1978 629 quasi
2006 573 2116 612 non

2246 557 2318 625 τῆς
2352 556 2611 627 ἀληθείας
2661 556 3064 624 ἐπεϐουλεύετο,
3113 559 3188 622 ὡς
3234 561 3380 630 οὐχὶ
3441 563 3704 634 φανερῶν
3745 567 3830 639 τὴν

541 651 871 720 patefaceret
899 667 1041 718 eam,
1088 669 1208 722 qua:
1261 667 1453 707 revera
1493 657 1663 713 esset,
1699 649 1794 705 sed
1826 664 1970 714 eam,
1999 663 2120 718 qua:

2246 641 2407 709 ιῦσαν,
2435 646 2571 700 ἀλλὰ
2599 647 2769 701 ποιῶν
2793 647 2890 719 τὴν
2919 648 2994 719 μὴ
3025 645 3188 703 οὖσαν
3221 651 3546 722 ἀλήθειαν.
3581 655 3646 706 Τί
3676 661 3832 711 ταῦτα

542 755 648 793 non
705 750 872 802 esset,
925 739 1150 810 fingeret
1209 742 1513 796 veritatem.
1549 737 1693 804 Quid
1739 738 1854 790 haec
1905 737 2120 792 moliris

541 831 810 886 adversus
841 847 1146 901 praeconem
1173 873 1186 897 ,
1221 833 1288 887 ad
1317 833 1592 887 diabolum
1624 830 1892 886 dixerim?
1932 829 1990 886 Si
2025 831 2120 886 tibi

546 921 745 989 aliquae
766 929 896 976 sunt
919 922 1085 985 vires,
1117 922 1465 976 incommoda
1493 921 1730 985 veritati,
1764 938 1884 991 qua:
1915 922 1969 976 in
2002 921 2124 976 Ste—

547 1010 731 1080 phano
759 1013 972 1081 elucet;
1003 1014 1085 1067 sin
1113 1021 1293 1067 autem
1329 1013 1419 1066 illa
1458 1013 1572 1068 tuis
1618 1012 2122 1068 machinationibus

546 1098 835 1152 sublimior
861 1107 964 1162 est,
994 1101 1122 1170 quid
1147 1101 1292 1155 circa
1319 1101 1569 1156 veritatis
1595 1116 1691 1156 vas
1728 1101 2122 1171 malignitatem

545 1206 789 1254 exerces,
826 1200 988 1262 atque
1013 1193 1218 1248 omisso
1255 1208 1322 1248 eo
1349 1193 1496 1263 quod
1548 1194 1881 1258 continetur,
1915 1192 2064 1248 tollis
2093 1206 2125 1246 e

546 1282 724 1335 medio
754 1283 805 1336 id
840 1285 982 1353 quod
1019 1286 1282 1349 continet,
1317 1300 1426 1339 non
1459 1301 1618 1342 secus
1642 1300 1706 1340 ac
1738 1284 1920 1339 facere
1947 1284 2125 1338 solent

551 1389 737 1440 canes,
780 1377 873 1445 qui
905 1376 1116 1446 lapides
1145 1377 1345 1446 quibus
1377 1383 1634 1446 petuntur
1667 1376 1804 1429 rictu
1841 1374 2123 1438 invadunt,

546 1476 600 1522 et
620 1483 742 1521 eum
776 1483 805 1521 a
825 1484 933 1537 quo
959 1479 1238 1538 petuntur,
1270 1485 1378 1523 non
1405 1468 1724 1537 attingunt?
1761 1466 2125 1535 Posteaquam

545 1557 714 1626 igitur
747 1558 1095 1613 mendacium
1131 1575 1225 1629 per
1256 1574 1319 1613 ea
1369 1574 1490 1628 qua:
1529 1558 1964 1627 opponebantur,
1997 1571 2127 1610 con-

549 1645 782 1700 futatum
808 1657 969 1716 atque
993 1648 1306 1701 convictum
1329 1654 1467 1710 erat,
1499 1662 1598 1701 nec
1618 1661 1948 1716 quemquam
1961 1645 2126 1699 alium

549 1737 834 1806 improbus
887 1738 977 1792 ille
1013 1746 1200 1808 postea
1226 1745 1685 1808 propugnatorem
1737 1735 1947 1792 fraudis
1981 1729 2129 1790 inve-

2223 738 2532 810 συσκευάςῃ
2561 739 2700 790 κατά
2723 739 2817 792 τοῦ
2847 741 3106 810 κήρυκος,
3149 741 3296 812 πρὸς
3334 742 3442 794 τὸν
3473 742 3742 808 διάϐολον,
3770 749 3828 799 εῖ-

2222 843 2379 896 ποιμι
2406 827 2508 892 ἀν;
2541 823 2604 881 Ei
2637 828 2717 881 σοί
2751 829 2833 891 τίς
2861 829 2977 882 ἐστι
3011 831 3238 901 δύναμις
3261 873 3279 896 ,
3333 832 3451 904 τὴν
3499 835 3562 886 ἐν
3607 836 3684 905 τῷ
3720 839 3827 890 Στε-

2223 917 2375 987 φάνῳ
2410 917 2610 987 βλάψον
2656 918 2953 989 ἀλήθειανο
3009 923 3055 973 εἰ
3101 922 3158 974 δὲ
3189 923 3397 993 ἐκείνη
3438 924 3558 977 τῶν
3607 926 3712 980 σῶν
3745 945 3829 1000 pq-

2223 1009 2550 1077 χανημάτων
2588 1009 2934 1082 ὑψηλοτέρα,
2961 1011 3014 1064 τί
3053 1015 3180 1084 περὶ
3210 1015 3280 1067 τὸ
3318 1015 3538 1080 σκεῦος
3570 1019 3671 1087 τῆς
3714 1022 3828 1091 ἀλη-

2224 1098 2372 1161 θείας
2431 1099 2760 1168 ἀπασχολεῖς
2800 1102 2899 1171 τὴν
2947 1103 3235 1158 κακόνοιαν
3268 1145 3285 1168 ,
3345 1107 3455 1158 καὶ
3504 1107 3750 1177 ἀναιρεῖς
3782 1111 3827 1164 τὸ

2225 1188 2496 1259 περιέχον,
2525 1190 2840 1244 καταλιπὼν
2866 1193 2927 1245 τὸ
2951 1194 3272 1265 ἐγκείμενον
3295 1213 3312 1260 ;
3353 1191 3480 1250 οἷόν
3521 1215 3578 1250 τι
3605 1201 3823 1254 ποιοῦσιν

2224 1280 2274 1332 οἱ
2298 1280 2474 1343 κύνες,
2499 1281 2625 1343 τοὺς
2651 1281 2830 1344 λίθους
2856 1278 2936 1346 οἷς
2963 1282 3242 1352 βάλλονται
3271 1287 3731 1356 περιχαίνοντες,
3751 1290 3828 1343 τοῦ

2228 1371 2512 1440 βάλλοντος
2543 1373 2640 1442 οὐχ
2671 1373 2986 1444 ἁπτόμενοι;
3035 1376 3253 1448 Ἐπειδὴ
3291 1377 3497 1430 τοίνυν
3525 1379 3820 1451 ἀπηλέγχθη

2225 1460 2313 1514 διὰ
2341 1461 2449 1514 τῶν
2480 1461 2891 1532 ἀνθισταμένων
2919 1464 2977 1517 τὸ
3003 1465 3217 1534 ψεῦδος,
3255 1468 3369 1520 καὶ
3412 1470 3610 1522 οὐκέτι
3639 1467 3741 1532 οἷός
3776 1489 3822 1523 τε

2226 1550 2293 1623 ἦν
2326 1553 2354 1605 ό
2383 1554 2624 1624 Πονηρὸς
2675 1555 2831 1608 ἄλλον
2864 1557 2983 1610 τινὰ
3007 1561 3455 1630 προαγωνιστὴν
3488 1561 3594 1630 τῆς
3632 1561 3818 1630 ἀπάτης

2227 1643 2424 1712 εὑρεῖν,
2474 1644 2690 1698 πάντων
2738 1645 2874 1714 πρὸς
2917 1647 3015 1717 τὴν
3060 1648 3389 1718 φανέρωσιν
3438 1649 3546 1718 τῆς
3594 1649 3819 1720 ἀληθείας

2228 1735 2664 1800 ἀποϐλεπόντων,
2699 1737 3077 1808 ἀναμέμνηται
3109 1739 3203 1792 τοῦ
3239 1740 3390 1793 ίδίου
3437 1739 3813 1810 παλαίσματος,

551 1829 673 1881 nire
718 1834 977 1896 poterat,
1031 1828 1286 1883 omnibus
1334 1829 1398 1882 ad
1449 1826 1776 1898 patefactam
1843 1827 2128 1882 veritatem

2246 1827 2323 1880 ιαὶ
2366 1828 2742 1898 καταμερίσας
2773 1827 2966 1881 ἑαυτοῦ
3010 1829 3109 1898 τὴν
3155 1831 3466 1900 ἐνέργειαν
3507 1831 3590 1890 εἷς
3636 1847 3692 1882 τε
3718 1832 3817 1893 τοὺς

552 1918 976 1986 respicientibus
1011 1957 1025 1981 ,
1071 1934 1180 1972 non
1230 1918 1574 1973 obliviscitur
1627 1919 1712 1972 sui
1772 1918 2125 1983 certaminis,

2246 1892 2597 1989 ιατηγόρουςΙ
2620 1919 2716 1971 καὶ
2753 1920 2882 1983 τοὺς
2919 1892 3178 1983 δικαστάς
3202 1936 3215 1950 ·
3250 1892 3376 1972 ’καὶ
3411 1922 3476 1973 ἐν
3509 1920 3812 1991 ἀμφοτέροις

554 2016 718 2077 atque
748 2009 1041 2062 efﬁcaciam
1071 2023 1238 2064 .suam
1269 2016 1377 2062 tam
1409 2009 1462 2061 in
1493 2016 1845 2064 accusatores
1874 2024 2034 2078 quam
2074 2009 2130 2063 in

548 2098 764 2168 judices
791 2099 1039 2166 partitur,
1067 2113 1192 2152 cum
1215 2098 1464 2167 utrisque
1487 2113 1609 2153 sese
1640 2097 1996 2163 insinuasset,
2026 2095 2129 2152 bos

552 2191 794 2261 quidem,
826 2199 886 2243 ut
911 2189 1046 2245 falsa
1077 2189 1341 2246 adversus
1370 2189 1710 2260 Stephanum
1735 2191 2000 2252 dicerent,
2032 2187 2134 2242 im-

554 2283 714 2352 pulit,
743 2282 868 2337 illos
901 2297 1050 2346 vero,
1087 2289 1148 2336 ut
1167 2283 1350 2337 animo
1374 2283 1514 2337 irato
1573 2282 1906 2337 calumniam
1936 2281 2135 2335 admit-

555 2380 756 2438 terent,
787 2373 1018 2427 induxit.
1055 2373 1299 2443 Cumque
1332 2375 1498 2428 variis
1526 2373 1703 2428 modis
1736 2375 1901 2427 etiam
1929 2370 2134 2427 Iudaeis

559 2479 681 2519 sese
713 2464 1054 2529 inseruisset,
1081 2465 1324 2519 omnium
1352 2465 1614 2520 adversus
1640 2463 1972 2534 Stephanum
2012 2463 2136 2517 fun-

560 2554 706 2623 gitur
733 2553 932 2621 ofIicio,
967 2557 1330 2620 accusatoris,
1360 2556 1592 2626 judicis,
1625 2556 1936 2619 carniﬁcis,
1967 2563 2021 2610 et
2049 2570 2138 2610 re-

563 2643 698 2712 liqui
733 2645 905 2699 totius
931 2645 1220 2701 ministerii
1255 2647 1470 2710 mortis,
1499 2647 1760 2715 ignorans
1782 2660 1906 2699 cum
1936 2654 2140 2715 quanta

479 2735 484 2740 ’
562 2734 722 2787 ruina
750 2743 874 2803 post
922 2734 1084 2788 talem
1121 2733 1382 2789 adversus
1413 2732 1752 2802 Stephanum
1786 2733 2137 2796 sententiam,

562 2841 805 2896 praiceps
840 2826 1092 2881 abiturus
1119 2834 1285 2883 esset.
1308 2824 1780 2890 Quemadmodum
1800 2826 1946 2880 enim
1980 2825 2141 2894 periti

566 2916 784 2971 athletae
803 2917 1100 2972 subeuntes
1129 2931 1331 2984 corpus
1362 2915 1803 2971 adversariorum
1833 2930 1930 2984 per
1948 2930 2143 2984 quam-

564 3006 690 3060 dam
717 3006 1066 3061 artificiosam
1096 3007 1392 3076 agilitatem
1426 3014 1592 3076 atque
1634 3006 1994 3070 habilitatem,
2023 3020 2145 3074 gra-

566 3097 775 3150 viorem
827 3098 1040 3167 lapsum
1100 3097 1180 3150 eis
1237 3103 1495 3150 struunt:
1528 3095 1605 3149 ita
1661 3110 1892 3165 magnus
1928 3109 2146 3165 quoque

571 3187 886 3257 Stephanus
917 3188 1068 3242 humi
1105 3195 1412 3257 prostratus
1443 3189 1485 3252 ⁷,
1519 3202 1740 3259 gravem
1775 3188 1925 3241 illam
1953 3195 2147 3242 contu-
2177 3224 2218 3282 α

570 3279 781 3334 sionem
813 3278 1111 3333 adversarii
1134 3278 1386 3332 confecit.

643 3367 781 3422 Hinc
803 3369 945 3423 enim
970 3370 1022 3422 in
1051 3370 1237 3424 orbem
1259 3377 1532 3424 terrarum
1555 3369 1785 3439 apostoli
1800 3384 2021 3425 currere
2036 3383 2151 3424 ca:-

571 3467 789 3527 perunt,
813 3459 917 3513 hoc
943 3460 998 3514 in
1025 3475 1214 3516 omnes
1253 3469 1437 3530 partes
1459 3459 1730 3514 sermonis
1763 3459 2152 3530 divulgationis

572 3551 788 3606 initium
823 3561 926 3607 est.
952 3553 1088 3607 Nam
1124 3553 1230 3608 nisi
1258 3552 1492 3607 abillius
1529 3553 1674 3606 caede
1695 3550 2156 3622 populusJudzeo-

571 3655 693 3696 rum
709 3642 763 3695 in
777 3642 1055 3711 apostolos
1073 3643 1315 3697 saevisset
1335 3642 1378 3706 ⁸,
1399 3641 1622 3696 forsitan
1642 3642 1774 3695 solis
1795 3639 2153 3712 Jerosolymis

579 3730 853 3802 Evangelii
885 3733 1062 3802 gratia
1101 3731 1318 3786 inclusa
1358 3738 1524 3797 esset,
1556 3746 1702 3784 nunc
1734 3745 1864 3784 vero
1905 3729 2091 3799 agitati
2124 3745 2153 3783 a

571 3826 800 3890 Iudaeis,
835 3824 977 3878 alius
1009 3824 1115 3876 alio
1137 3823 1378 3892 gentium
1409 3837 1504 3892 per
1527 3822 1713 3876 orbem
1743 3831 2012 3875 terrarum
2043 3821 2155 3875 dis-

576 3921 722 3989 persi
771 3926 918 3981 sunt,
961 3916 1202 3984 undique
1261 3931 1359 3984 per
1406 3915 1791 3983 mysteriorum
1846 3913 2153 3966 doctrinam

576 4007 852 4062 diabolum
896 4007 1268 4060 exturbantcs.
1302 4003 1417 4056 lloc
1457 4003 1620 4058 modo
1652 4003 1900 4056 Samaria
1941 4019 2155 4058 sermo--

576 4113 699 4152 nem
729 4097 921 4166 recipit
947 4112 962 4163 ;
1019 4095 1121 4148 hoc
1148 4094 1307 4148 modo
1340 4093 1518 4148 obiter
1549 4093 1602 4145 in
1630 4092 1716 4147 via
1741 4094 1890 4150 salus
1919 4095 2155 4148 eunuchi

575 4202 605 4239 a
634 4185 888 4255 Philippo
922 4183 1209 4238 conficitur
1238 4185 1299 4235 νε
1340 4183 1414 4236 ita
1453 4197 1708 4252 magnum
1742 4183 1871 4238 illud
1895 4183 2158 4240 Ecclesia:

577 4278 1001 4333 instrumentum
1037 4273 1241 4328 Paulus
1268 4273 1349 4327 ira
1383 4272 1657 4342 minisque
1678 4287 1708 4326 a
1727 4273 1944 4329 diabolo
1970 4289 2155 4329 arma-

576 4377 666 4423 tus
720 4366 987 4422 adversus
1032 4366 1209 4436 ipsum
1265 4371 1596 4419 armatorem
1645 4366 1752 4420 tela
1795 4366 1960 4420 vertit
1992 4367 2058 4429 ¹⁰,
2089 4382 2158 4422 ex

577 4459 726 4514 omni
786 4474 910 4514 eum
956 4458 1332 4514 exterminans
1363 4457 1497 4512 orbe
1532 4465 1824 4524 terrarum,
1858 4467 1920 4513 ut
1943 4459 2154 4514 nullum

2231 2010 2540 2079 γενόμενος,
2578 2010 2702 2074 τοὺς
2730 2011 2828 2080 μὲν
2866 2010 3043 2078 λέγειν
3070 2011 3138 2064 τά
3166 2011 3345 2082 ψευδῆ
3392 2011 3550 2064 κατά
3586 2012 3676 2064 τοῦ
3711 2014 3812 2063 Στε-

2233 2099 2402 2166 φάνου
2433 2101 2721 2169 προήγετο,
2769 2099 2894 2163 τοὺς
2932 2100 2988 2152 δὲ
3031 2100 3148 2170 μετ’
3179 2101 3364 2170 ὀργῆς
3428 2101 3536 2171 τὴν
3585 2115 3813 2167 συκοφαν-

2231 2188 2352 2240 τίαν
2387 2188 2798 2260 προσδέχεσθαι.
2850 2190 2958 2243 Καὶ
2997 2189 3259 2252 ποικίλως
3312 2189 3524 2242 ἑαυτὸν
3567 2192 3677 2250 τοῖς
3711 2191 3815 2241 ’1ου-

2233 2278 2400 2342 δαὶοις
2433 2281 2904 2350 ἐγκατασπείρας,
2954 2281 3132 2334 πάντα
3169 2282 3394 2348 γίνεται
3443 2279 3527 2350 τῷ
3569 2279 3808 2348 Στεφάνῳ,

2235 2373 2328 2425 καὶ
2354 2373 2656 2443 κατήγορος
2678 2373 2770 2426 καλ¹
2795 2373 3076 2444 δικαστὴς,
3110 2373 3207 2427 καὶ
3233 2374 3468 2444 δήμιος,
3515 2373 3609 2425 καὶ
3633 2374 3806 2440 πᾶσαή

2237 2461 2398 2533 λοιπὴ
2432 2461 2525 2515 τοῦ
2566 2462 2794 2516 θανάτου
2842 2463 3156 2534 ὑπηρεσίαο
3207 2464 3314 2517 οὐκ
3348 2463 3520 2526 εἰδὼς
3561 2463 3656 2530 οἴῳ
3693 2461 3806 2513 πτώ-

2242 2567 2370 2620 ματι
2410 2550 2549 2620 μετά
2582 2553 2680 2622 τὴν
2706 2552 2961 2622 τοιαύτην
2988 2553 3076 2606 ἐπὶ
3104 2553 3372 2623 Στεφάνῳ
3411 2552 3596 2622 ψῆφον
3623 2565 3802 2604 κατενε-

2239 2641 2518 2712 χθήσεται.
2563 2641 2826 2714 Καθάπερ
2872 2643 2980 2715 γὰρ
3019 2645 3070 2696 οἱ
3122 2645 3391 2715 ἔμπειροι
3437 2643 3551 2697 τῶν
3597 2640 3804 2711 ἀθλητῶν

2242 2733 2542 2797 ὑποϐάντες
2584 2735 2664 2804 τῷ
2711 2734 2924 2804 σώματι
2954 2735 3063 2790 τῶν
3102 2735 3635 2807 προσπαλαιόντων,
3679 2731 3794 2801 χαλε-

2243 2824 2488 2896 πώτερον
2539 2826 2723 2888 αὐτοῖς
2769 2826 2858 2879 διά
2901 2841 3048 2888 τινος
3086 2826 3350 2895 τεχνικῆς
3407 2821 3719 2894 εὐστροφίας
3757 2818 3800 2870 τὸ

2245 2915 2445 2986 πτῶμα
2490 2916 2990 2980 κατασκευάζουσιν
3017 2931 3031 2946 °
3081 2915 3224 2970 οὕτω
3270 2917 3376 2970 καὶ
3416 2919 3446 2970 ὁ
3499 2915 3665 2986 μέγας
3699 2910 3790 2963 Στέ·

2245 3025 2434 3076 φανος,
2471 3010 2550 3071 εἰς
2579 3010 2680 3080 γῆν
2708 3009 2933 3073 κλιθεὶς,
2951 3008 3014 3062 τὸ
3030 3009 3263 3079 χαλεπὸν
3288 3009 3613 3080 σύντριμμα
3635 3004 3716 3058 τοῦ
3731 3003 3795 3057 ἀν-

2246 3101 2556 3171 τικειμένου
2595 3101 2910 3171 εἰργάσατο.

2337 3366 2614 3422 Ἐντεῦθεν
2643 3368 2751 3438 γὰρ
2784 3366 2992 3437 γίνεται
3023 3370 3132 3431 τοῖς
3165 3367 3499 3429 ἀποστόλοις
3525 3363 3614 3417 ἐπὶ
3635 3361 3718 3430 τὴν
3737 3358 3789 3412 oi-

2255 3457 2524 3527 κουμένην
2558 3461 2585 3511 ὁ
2630 3457 2853 3529 δρόμος’
2905 3458 3047 3528 αὕτη
3095 3459 3193 3528 τῆς
3239 3456 3524 3527 πανταχοῦ
3556 3451 3788 3516 τοῦλόγου

2253 3548 2643 3618 διαφοιτήσεως
2697 3551 2730 3618 ἡ
2775 3550 2940 3619 ἀρχή.
2999 3550 3062 3604 Et
3091 3549 3200 3620 γάρ
3241 3551 3318 3620 μὴ
3367 3552 3434 3616 τῇ
3481 3547 3596 3600 κατ’
3627 3542 3787 3595 ἐκείνου

2258 3640 2538 3711 μιαιφονίᾳ
2563 3641 2591 3692 ὁ
2628 3640 2798 3710 δῆμος
2836 3641 2943 3695 τῶν
2986 3643 3250 3696 Ἰουδαίων
3296 3643 3443 3696 κατά
3479 3639 3584 3692 τῶν
3609 3630 3790 3689 ἀποστό-

2254 3732 2360 3784 λων
2403 3731 2576 3802 ἐμάνη
2603 3771 2617 3796 ,
2673 3731 2855 3800 μόνοις
2913 3733 2979 3786 ἂν
3027 3735 3166 3802 τάχα
3222 3731 3618 3805 Ἱεροσολύμοις
3661 3717 3784 3794 ἠτῦῦ

2256 3821 2587 3890 Εὐαγγελίου
2612 3823 2771 3893 χάρις
2801 3823 3177 3876 ἐναπεκλείετο
3202 3839 3217 3854 °
3265 3824 3387 3878 νυνὶ
3433 3822 3491 3874 δὲ
3524 3813 3782 3886 διωχθέντες

2257 3914 2409 3985 παρά
2437 3914 2542 3966 τῶν
2582 3913 2868 3977 Ἰουδαίων,
2903 3913 3060 3976 ἀλλος
3098 3913 3307 3983 ἀλλαχῆ
3336 3912 3444 3966 τῶν
3471 3908 3603 3964 κατά
3625 3905 3708 3971 τὴν
3730 3899 3782 3950 oi-

2256 4003 2528 4074 κουμένην
2567 4002 2736 4055 ἐθνῶν
2779 4002 3066 4074 διεσπάρη,
3105 4001 3444 4073 πανταχόθεν
3482 3998 3569 4050 τὸν
3593 3988 3781 4048 διάϐολον

2256 4092 2344 4145 διὰ
2361 4093 2461 4162 τῆς
2486 4093 2592 4146 τῶν
2613 4092 2922 4163 μυστηρίων
2947 4092 3293 4154 διδασκαλίας
3309 4092 3648 4164 ἐξείργοντες.
3664 4079 3776 4134 Οὕτω

2257 4185 2469 4254 δέχεται
2492 4184 2582 4236 τὸν
2605 4183 2759 4250 λόγον
2795 4185 2827 4254 ἡ
2863 4183 3143 4254 Σαμάρεια
3169 4201 3182 4214 “
3213 4183 3390 4246 οὕτως
3416 4179 3532 4235 ὁδοῦ
3561 4177 3778 4257 πᾴρεργον

2257 4278 2290 4347 ἡ
2321 4277 2412 4330 τοῦ
2439 4277 2690 4346 εὐνούχου
2727 4276 2967 4346 σωτηρία
2995 4275 3146 4346 παρά
3166 4275 3258 4329 τοῦ
3291 4276 3555 4329 Φιλίππου
3587 4269 3773 4336 γίνεται·

2257 4369 2399 4422 οὕτω
2429 4371 2488 4422 τὸ
2525 4369 2668 4439 μέγα
2702 4367 2892 4430 σκεῦος
2918 4368 3016 4437 τῆς
3055 4367 3382 4438 Ἐκκλησίας
3426 4363 3639 4424 Παῦλος,
3659 4347 3775 4421 θυμῷ

2258 4461 2351 4513 καὶ
2381 4459 2578 4530 ἀπειλῇ
2607 4459 2758 4530 παρά
2791 4458 2884 4512 τοῦ
2914 4459 3158 4512 διαϐόλου
3191 4455 3580 4516 καθοπλισθεὶς,
3611 4449 3681 4502 ἐπ’
3703 4441 3764 4496 αὖ·

579 4552 914 4620 relinqueret
968 4551 1146 4605 locum
1209 4533 1331 4606 fidei
1377 4550 1583 4607 Christi
1617 4550 1984 4607 inaccessum.
2017 4550 2144 4606 Hinc

2260 4552 2350 4605 τὸν
2397 4553 2588 4622 τρέπει
2635 4551 2726 4605 τὸν
2775 4551 3000 4621 ὁπλίτην
3040 4551 3142 4615 τὰς
3183 4551 3410 4616 ἀκίδας,
3454 4547 3622 4612 πάσης
3653 4533 3770 4591 αὑτὸν

578 4641 840 4712 Egyptii,
902 4640 1048 4711 Syri,
1100 4641 1309 4707 Parthi,
1359 4649 1413 4698 et
1452 4642 1902 4712 Mesopotamiae,
1933 4643 2056 4698 Itali
2104 4651 2158 4697 et

579 4730 742 4795 Galli,
776 4731 972 4802 Illyrii,
1009 4732 1331 4789 Macedones
1383 4734 1660 4790 Christum
1726 4743 2051 4803 agnoscunt,
2106 4743 2160 4790 et

580 4838 773 4878 omnes
804 4823 1044 4893 undique
1078 4833 1266 4894 gentes
1323 4841 1505 4882 sermo
1537 4841 1866 4896 percurrens
1901 4829 1967 4882 ad
1999 4829 2159 4883 fidem

505 4949 512 4956 -
579 4913 827 4969 adducit.
855 4912 1019 4969 Vides
1037 4913 1296 4983 Stephani
1323 4916 1634 4970 athleticam
1653 4917 1976 4971 scientiam?
1997 4932 2160 4987 quam

581 5008 768 5061 multis
805 5006 985 5062 ruinis
1017 5007 1255 5061 obtritus
1285 5008 1356 5062 sit
1383 5007 1752 5070 adversarius,
1784 5024 1907 5062 cum
1937 5024 2034 5078 per
2071 5022 2162 5062 ca-

579 5097 844 5151 lumniam
875 5097 1194 5152 adversario
1223 5097 1474 5167 superior
1521 5096 1691 5153 fuisse
1718 5098 2032 5154 videretur?
2057 5096 2163 5152 Ve-

580 5199 701 5239 rum
740 5186 806 5239 ad
844 5187 1082 5240 stadium
1114 5187 1294 5241 denuo
1336 5195 1699 5242 revertamur.
1740 5188 1950 5254 Quibus
1982 5188 2163 5244 verbis

582 5278 847 5347 populum
868 5279 1148 5332 concitant
1169 5280 1640 5336 calumniatores?
1663 5279 1788 5334 Non
1821 5281 2040 5344 desinit,
2078 5283 2164 5335 in-

585 5369 802 5437 quiunt,
852 5369 1007 5422 verba
1059 5373 1437 5426 contumeliosa
1498 5372 1638 5440 loqui
1697 5371 1946 5426 adversus
1991 5372 2163 5425 locum

587 5457 720 5511 hunc
743 5469 984 5513 sanctum
1017 5471 1064 5514 et
1098 5461 1257 5530 legem
1289 5477 1308 5515 :
1347 5461 1642 5516 audivimus
1679 5464 1818 5516 enim
1848 5477 1912 5514 ex
1936 5478 2018 5525 ρο,
2045 5479 2162 5515 cum

588 5543 810 5611 diceret,
833 5548 988 5605 Jesus
1031 5550 1348 5608 Nazarenus
1377 5555 1458 5606 hic
1481 5554 1794 5608 demolielur
1813 5554 1982 5605 locum
2004 5554 2159 5620 hunc,

590 5644 638 5685 et
664 5639 884 5692 mutabit
905 5643 1170 5710 instituta,
1189 5661 1305 5714 qua:
1337 5646 1485 5700 nobis
1504 5645 1726 5700 tradidit
1748 5643 2025 5713 Moyses“.
2054 5645 2162 5700 Ac-

2263 4641 2599 4712 ὑπερορίζων
2632 4642 2731 4710 τῆς
2759 4640 3103 4711 οἰκουμένης,
3131 4640 3206 4704 ὡς
3239 4639 3443 4710 μηδένα
3471 4635 3620 4688 τόπον
3645 4636 3758 4712 κατα·

2262 4732 2435 4785 λιπεῖν
2473 4733 2538 4802 τῇ
2571 4729 2751 4783 πίστει
2779 4729 2875 4782 τοῦ
2913 4729 3146 4801 Χριστοῦ
3173 4729 3512 4782 ἀνεπίϐατον.
3552 4711 3767 4772 Ἐντεῦθεν

2262 4822 2568 4890 Αἰγύπτιοι,
2599 4821 2783 4891 Σύροι,
2820 4821 3026 4892 Πάρθοι
3065 4821 3160 4874 καὶ
3192 4815 3631 4885 Μεσοποταμῖται,
3671 4803 3760 4854 ἰτα-

2261 4916 2343 4969 λοὶ
2377 4915 2473 4969 καὶ
2508 4914 2766 4979 Γαλάται,
2797 4912 3065 4984 Ἰλλυριοὶ,
3102 4912 3404 4974 Μακεδόνες
3426 4950 3441 4975 ,
3478 4905 3565 4961 καὶ
3591 4898 3649 4953 τὰ
3669 4906 3764 4946 παν-

2260 5006 2485 5076 ταχόθεν
2517 5003 2644 5074 ἔθνη
2675 5003 2939 5075 προσάγει
2971 5005 3037 5074 τῇ
3075 5004 3253 5056 πίστει
3274 4999 3553 5073 διατρέχων
3578 4993 3602 5044 ὁ
3629 4985 3758 5050 λέγει

2273 5075 2432 5170 Ὁρᾷς
2447 5097 2539 5151 τοῦ
2559 5097 2834 5165 Στεφάνου
2851 5096 2950 5166 τὴν
2966 5095 3259 5165 ἀθλητικὴν
3277 5092 3567 5159 ἐπιστήμην
3584 5099 3596 5146 ;
3623 5075 3760 5170 πόσξις

2265 5168 2552 5264 συνετρίϐη
2611 5189 2897 5260 πτώμασιν
2943 5189 2970 5240 ό
3005 5186 3331 5252 ἀντίπαλος,
3388 5181 3533 5246 δόξας
3579 5168 3653 5264 διᾷ

2266 5279 2624 5347 συκοφαντίας
2647 5277 2945 5348 ὑπέρτερος
2966 5277 3062 5331 τοῦ
3085 5273 3528 5346 προσπαλαίοντος
3546 5251 3754 5332 γενέσθαιξ

2277 5370 2415 5423 Ἀλλ’
2446 5368 2830 5438 ἐπανέλθωμεν
2862 5367 3022 5421 πάλιν
3053 5367 3147 5420 ἐπὶ
3171 5368 3229 5419 τὸ
3261 5366 3476 5422 στάδιον.
3503 5355 3604 5409 Τίσι
3624 5348 3754 5410 λόγοις

2265 5461 2580 5517 ἀνακινοῦσι
2608 5460 2698 5514 τὸν
2735 5459 2903 5530 δῆμον
2939 5461 2988 5512 οἱ
3034 5460 3392 5530 συκοφάνταις
3440 5453 3513 5506 Οὐ
3544 5441 3748 5498 παύεται.

2266 5555 2420 5624 φασὶ,
2453 5551 2661 5608 λαλῶν
2689 5552 2928 5620 ῥήματα
2949 5553 3294 5622 ,βλάσφημα
3327 5546 3464 5605 κατὰ
3497 5537 3588 5594 τοῦ
3613 5530 3750 5624 τόποι(

2265 5623 2370 5701 τοῦ
2397 5647 2569 5716 ἁγίου
2596 5646 2811 5699 τούτου
2839 5644 2940 5698 καί
2965 5645 3071 5699 τοῦ
3097 5645 3283 5714 νόμου
3309 5662 3324 5677 ο
3362 5632 3648 5706 ἀκηκόαμεν
3669 5623 3745 5685 Top

664 5808 685 5838 "
711 5809 830 5864 Act.
860 5829 954 5879 vn,
992 5817 1080 5871 59.
1155 5819 1175 5849 ⁸
1204 5819 1342 5874 Ibid.
1419 5821 1439 5853 θ
1467 5821 1587 5876 Act.
1622 5819 1831 5884 “11,27
1866 5835 1991 5890 sqq.
2071 5821 2272 5887 ‘°_Act.
2315 5836 2409 5890 vn,
2441 5819 2530 5877 57.
2581 5821 2651 5894 1“
2690 5818 2832 5877 lbid.
2870 5819 2930 5874 ll
2967 5835 3090 5891 sqq.
