3882 6484
442 439 536 491 7ll

1733 427 1791 480 S.
1835 423 2160 481 GREGORH
2189 421 2486 478 NYSSENI

3592 425 3685 480 7η

439 556 641 613 sanxit.
683 552 816 608 Nam
850 550 928 606 illi
951 550 1175 622 quidem
1215 549 1390 604 ferina
1427 548 1664 619 quadam
1702 561 1866 618 atque
1909 551 2012 602 im-

2121 547 2426 617 γενόμενον,
2463 548 2624 602 ὅπλον
2655 549 2796 603 κατά
2841 549 2935 604 τοῦ
2977 549 3248 618 Στεφάνου
3276 546 3625 616 ποιούμενοι·
3662 553 3688 604 ὁ

439 647 589 702 mani
644 647 795 700 rabie
847 643 1090 713 undique
1145 650 1395 696 sanctum
1457 641 1900 703 circumstantes,
1955 638 2011 691 in

437 754 608 794 unum
641 737 794 790 illum
822 746 1082 805 tanquam
1113 748 1340 802 scopum
1371 747 1564 786 omnes
1596 731 1789 784 intenti
1817 739 1974 785 erant
1995 770 2010 794 ,

435 829 705 898 quidquid
753 829 819 882 ad
868 842 1091 880 manum
1132 833 1313 890 esset,
1355 839 1422 878 eo
1463 824 1582 877 vice
1611 823 1703 876 teli
1746 822 2012 877 adversus

440 919 778 988 Stephanum
823 925 1043 972 utentes
1091 935 1103 969 :
1155 915 1246 968 hic
1296 927 1428 968 vero
1464 920 1722 981 tanquam
1753 910 2012 964 sacerdos

438 1013 659 1080 quidem
684 1050 700 1075 ,
730 1011 887 1079 juxta
937 1010 1106 1078 legem
1142 1006 1480 1077 spiritualem
1509 1043 1522 1065 ,
1557 1017 1746 1072 puram
1777 1001 2012 1055 hostiam

441 1103 750 1166 immolans,
784 1116 890 1155 non
920 1100 1178 1159 alienum,
1210 1097 1302 1151 sed
1335 1110 1495 1149 suum
1529 1093 1796 1148 altaribus
1823 1093 2014 1147 admo-

439 1210 576 1249 vens
602 1209 824 1263 corpus,
851 1200 906 1247 et
938 1194 1056 1245 loco
1082 1189 1360 1244 libaminis
1382 1187 1705 1256 sanguinem
1726 1198 2013 1254 spargens,

343 1270 346 1272 ’
442 1302 539 1353 per
577 1301 699 1341 sese
738 1285 936 1346 Deum,
969 1297 1128 1351 quem
1167 1282 1220 1334 in
1268 1278 1589 1334 coelestibus
1617 1276 1795 1343 adytis
1825 1288 2016 1330 cerne-

441 1377 555 1440 bat,
591 1374 1038 1444 delinquentibus
1087 1371 1377 1440 placabat,
1428 1368 1700 1425 beneﬁcio
1745 1366 2016 1422 nefariam

441 1469 640 1522 caadem
682 1483 873 1522 corum
910 1479 1276 1534 compensans
1301 1501 1316 1525 ,
1366 1462 1614 1516 clamans
1663 1459 2016 1514 audientibus

441 1561 750 1623 ltomicidis,
768 1575 830 1614 ac
851 1559 1072 1613 dicens:
1102 1556 1345 1622 Domine,
1369 1570 1430 1608 ne
1453 1554 1673 1620 imputes
1701 1553 1775 1606 eis
1795 1551 1890 1606 hoc
1906 1567 2023 1620 pec-

441 1662 621 1705 catum
645 1652 708 1705 ".
739 1651 915 1719 Atque
941 1649 1030 1703 hic
1061 1647 1284 1717 quidem
1327 1645 1579 1700 oratione
1607 1650 1892 1713 peccatum
1923 1656 2018 1697 eo-

441 1760 588 1805 rum,
616 1742 761 1812 quod
779 1739 1061 1796 sceleratis
1092 1739 1342 1792 manibus
1359 1739 1478 1793 suis
1502 1736 1841 1808 sanguinarii
1859 1734 2017 1805 quasi

441 1833 1018 1900 exarabant,delebat;
1046 1831 1118 1883 illi
1148 1845 1276 1885 vero
1292 1830 1454 1885 etiam
1479 1829 1544 1882 ad
1573 1829 1870 1882 orationem
1888 1841 2016 1881 exa-

2114 640 2194 704 δὲ,
2229 641 2480 712 καθάπερ
2510 661 2594 707 τις
2627 645 2824 714 ἱερεὺς,
2852 643 2995 697 κατὰ
3025 643 3114 697 τὸν
3145 642 3522 714 πνευματικὸν
3541 642 3687 712 νόμον

2115 733 2284 803 εὐαγῆ
2329 732 2521 785 θυσίαν
2573 733 2904 804 ἱερουργῶν,
2955 734 3057 786 οὐκ
3101 733 3413 801 ἀλλότριον,
3462 730 3596 783 ἀλλὰ
3637 732 3690 784 τὸ

2116 824 2245 876 ῐδιον
2276 825 2566 894 προσάγων
2615 825 2806 894 σῶμα,
2836 826 2931 878 καὶ
2961 825 3082 878 ἀντὶ
3112 823 3210 892 τῆς
3241 822 3484 892 σπονδῆς
3528 823 3688 892 ἀτωρο

2119 915 2316 986 ῥαίνων
2341 914 2436 968 τοῦ
2470 917 2722 986 αἵματος,
2760 917 2826 969 δι’
2863 915 3055 968 ἑαυτοῦ
3083 915 3174 968 τὸν
3219 915 3382 978 Θεὸν,
3415 913 3474 965 ὃν
3507 913 3565 966 ἐν
3590 915 3692 975 τοῖς

2114 1007 2385 1077 οὐρανίοις
2417 1006 2627 1070 ἀδύτοις
2658 1007 2906 1071 ἔϐλεπεν,
2934 1007 3073 1077 ὑπὲρ
3102 1007 3210 1058 τῶν
3235 1003 3692 1074 πλημμελούντων

2115 1097 2400 1164 ἐξιλεοῦτο.
2448 1098 2748 1169 Εὑεργεσίᾳ
2779 1098 2878 1170 τὴν
2919 1098 3228 1168 μιαιφονίαν
3263 1095 3451 1150 αὐτῶν
3483 1094 3691 1165 ἀμειϐό-

2120 1207 2298 1260 μενος,
2329 1189 2463 1259 βοῶν
2487 1192 2542 1242 ἐν
2567 1193 2685 1254 ταῖς
2709 1191 2818 1245 τῶν
2840 1191 3112 1261 φονευτῶν
3140 1193 3358 1250 ἀκοαῖς.
3385 1189 3481 1243 καὶ
3502 1188 3660 1256 λέγων
3677 1205 3689 1220 ο

2117 1283 2311 1349 Κύριε,
2345 1282 2432 1351 μὴ
2473 1281 2712 1351 στήσῃς
2738 1283 2942 1347 αὐτοῖς
2968 1281 3084 1350 τὴν
3116 1280 3421 1350 ἁμαρτίαν
3461 1280 3690 1345 ταύτην.

2120 1373 2228 1426 Καὶ
2249 1375 2277 1426 ὁ
2310 1374 2428 1444 μὲν,
2462 1373 2742 1445 ἐξήλειφεν
2768 1375 2954 1430 αὐτῶν
2983 1375 3052 1428 δι’
3079 1375 3244 1445 εὐχῆς
3273 1373 3382 1445 τὴν
3413 1371 3689 1442 ἁμαρτίαν,

2117 1465 2185 1536 ἢν
2215 1467 2336 1527 ταῖς
2376 1466 2708 1537 παρανόμοις
2742 1466 2920 1520 αὐτῶν
2952 1466 3139 1537 χερσὶν
3169 1467 3216 1518 οἱ
3246 1464 3534 1534 μιαιφόνοι
3570 1463 3695 1531 ἐχει-

2121 1556 2425 1626 ρογράφουν
2451 1573 2463 1588 ⁸
2499 1559 2547 1611 οί
2578 1557 2634 1612 δὲ
2662 1560 2755 1611 καὶ
2781 1559 2918 1629 πρὸς
2960 1559 3060 1630 τὴν
3105 1557 3268 1627 εὐχὴν
3300 1555 3688 1627 παρωξύνοντο,

2119 1647 2213 1699 καὶ
2241 1648 2302 1700 οὐ
2325 1648 2588 1720 πρότερον
2622 1649 2840 1703 ἀνίεσαν
2876 1649 3177 1720 βάλλοντες,
3209 1649 3320 1711 ἓως
3358 1640 3422 1701 οὗ
3465 1649 3494 1699 ό
3536 1646 3693 1716 μέγας

2119 1736 2388 1806 Στέφανος
2439 1739 2690 1810 καθάπερ
2738 1739 2952 1794 ἄνθεσιν
3005 1739 3259 1803 ἁπαλοῖς,
3301 1738 3336 1808 ἢ
3382 1737 3561 1808 δρόσῳ
3601 1737 3692 1789 τινὶ

2120 1831 2297 1904 κούφῃ
2345 1831 2769 1902 περιρρεόμενος
2812 1835 2894 1895 εἰς
2935 1831 3026 1885 τὸν
3055 1831 3258 1901 γλυκὺν
3303 1831 3404 1884 καὶ
3439 1828 3692 1900 μακάριον

445 1927 810 1994 Sperabantur
831 1942 843 1977 :
865 1938 928 1977 ac
947 1939 1054 1976 non
1075 1922 1225 1992 prius
1243 1936 1366 1976 eum
1386 1922 1647 1991 impetere
1664 1919 2011 1983 remiserunt,

2121 1900 2296 1975 ὕπνον-
2316 1900 2526 1994 ἐκλίθηξ
2565 1900 2701 1977 Ἀλλ’
2735 1922 2966 1992 ἔφθασεν
2996 1925 3028 1993 ή
3057 1900 3181 1994 νίκη
3211 1922 3344 1985 τοὺς
3374 1921 3590 1983 ἄθλους,
3611 1918 3692 1970 καὶ

444 2031 606 2085 quam
645 2030 876 2085 magnus
905 2013 1218 2084 Stephanus
1247 2013 1414 2066 veluti
1452 2012 1655 2067 teneris
1682 2009 1909 2065 ﬂoribus
1932 2011 2016 2064 vel

443 2124 568 2161 rore
603 2107 836 2176 quodam
880 2105 982 2160 levi
1021 2104 1390 2159 circumfusus
1427 2105 1480 2157 in
1515 2104 1730 2158 dulcem
1761 2103 1925 2157 simul
1953 2117 2018 2156 ac

441 2198 662 2252 beatum
705 2211 957 2251 somnum
1000 2195 1220 2251 delatus
1248 2205 1350 2250 est.
1399 2193 1602 2250 Verum
1644 2196 1874 2250 victoria
1899 2210 2019 2250 cer-

441 2296 622 2342 tamen
652 2289 934 2358 praevcnit,
959 2294 1012 2342 et
1037 2296 1165 2341 ante
1189 2296 1470 2341 certamen
1522 2287 1784 2340 athletam
1813 2301 2018 2340 corona

439 2380 685 2432 victoria:
715 2380 1030 2433 decoratum
1067 2380 1336 2433 videmus.
1373 2382 1686 2447 Antequam
1722 2379 1869 2432 enim
1899 2392 2020 2431 cer-

442 2477 624 2524 tamen
657 2470 1106 2538 spectaverimus,
1133 2470 1198 2523 ad
1226 2471 1387 2525 tinem
1417 2471 1738 2525 certaminis
1770 2471 2020 2526 oratione

443 2563 690 2632 provecti
718 2578 928 2616 sumus.
964 2561 1265 2632 Oportebat
1301 2564 1471 2624 enim,
1509 2564 1728 2633 opinor,
1765 2564 2019 2618 oratione

441 2669 552 2708 non
585 2656 862 2724 prmterire
894 2669 978 2715 ea.
1016 2670 1111 2724 per
1133 2671 1255 2725 quae
1283 2656 1520 2710 maxime
1557 2657 1816 2726 martyris
1844 2657 2018 2712 virtus

441 2747 854 2811 ostendebatur,
898 2747 1080 2816 qualis
1111 2746 1178 2800 ad
1213 2746 1415 2801 caedem
1453 2762 1850 2817 propensorum
1884 2763 2019 2802 con-

442 2853 654 2900 sessus,
688 2845 741 2892 et
772 2838 1050 2908 quomodo
1084 2838 1345 2893 omnibus
1380 2852 1448 2892 ex
1483 2853 1642 2907 aequo
1685 2840 1902 2894 animus
1950 2838 2020 2893 ad

441 2931 642 2984 caedem
679 2929 989 2984 concitatus
1013 2969 1029 2991 ,
1063 2938 1269 2999 quanta
1317 2931 1669 3001 congregatis
1699 2930 1767 2984 ad
1816 2932 2018 2984 malum

441 3020 781 3090 conspiratio
801 3059 818 3084 ,
847 3021 1030 3090 qualis
1063 3022 1335 3090 cujusque
1364 3020 1614 3085 obtutus,
1649 3022 1830 3091 qualis
1863 3021 2019 3075 babi-

444 3119 533 3166 tus
557 3153 573 3177 ,
609 3113 789 3182 qualis
819 3112 1066 3166 dentium
1095 3121 1279 3168 motus
1313 3122 1366 3167 et
1399 3111 1628 3168 allectus
1654 3123 1798 3168 esset
1823 3154 1838 3176 ,
1875 3115 2020 3169 sicut

443 3203 628 3258 divina
693 3201 976 3271 Scriptura
1034 3201 1333 3272 signiﬁcat,
1396 3203 1544 3270 quod
1603 3203 2019 3259 dissecarentur

444 3295 702 3350 cordibus
721 3295 857 3357 suis,
881 3303 934 3348 et
960 3293 1271 3348 frenderent
1289 3293 1547 3349 dentibus
1567 3294 1684 3349 suis
1707 3295 1762 3348 in
1785 3310 1910 3349 eum
1932 3294 1972 3325 ¹¹⁶
1999 3313 2012 3349 :

446 3386 541 3456 qui
569 3387 624 3441 in
645 3385 923 3441 mediotot
947 3401 1011 3440 ac
1041 3387 1231 3440 talium
1256 3395 1432 3452 stans,
1465 3393 1768 3454 contraque
1797 3400 2017 3439 omnem

443 3479 554 3533 vim
581 3478 988 3542 adversariam,
1026 3492 1149 3548 quae
1179 3493 1208 3530 a
1239 3477 1608 3547 sanguinariis
1661 3477 1771 3531 illis
1823 3491 2020 3547 reprae-

444 3570 781 3632 sentabatur,
835 3583 957 3624 sese
1009 3579 1203 3621 contra
1241 3569 1632 3631 exsuscitans,
1689 3582 1785 3636 per
1829 3566 2017 3620 omnia

443 3661 822 3732 magnitudine
863 3662 1034 3715 animi
1087 3671 1249 3730 atque
1292 3660 1493 3716 indolis
1535 3660 1852 3725 excellebat,
1917 3659 2017 3713 ira;

443 3753 665 3823 quidem
695 3753 973 3807 lenitatem
997 3770 1009 3804 :
1032 3752 1196 3807 minis
1220 3768 1371 3818 vero,
1393 3751 1838 3822 despicientiam;
1867 3767 2018 3806 mor-

445 3842 519 3898 tis
569 3843 789 3905 terrori,
822 3843 946 3897 vita:
984 3851 1394 3912 contemptum;
1436 3845 1582 3910 odio,
1619 3844 2016 3911 dilectionem;

445 3933 878 3996 malevolentiae,
913 3935 1386 4002 benevolentiam;
1415 3937 1736 4002 calumnia),
1773 3937 2018 3994 veritatis

445 4023 888 4094 praedicationem
948 4039 1252 4093 opponens.
1306 4023 1423 4080 Non
1473 4026 1620 4082 enim
1677 4043 1788 4082 uno
1856 4029 2021 4083 modo

444 4117 626 4170 victor
656 4115 1073 4180 declarabatur,
1110 4116 1205 4170 sed
1241 4116 1509 4171 adversus
1538 4131 1757 4172 onmem
1797 4119 2019 4174 malitiae

445 4205 683 4276 speciem
712 4243 726 4269 ,
764 4220 888 4276 quae
937 4215 1070 4260 tunc
1118 4206 1190 4259 ab
1228 4204 1434 4260 Judaeis
1495 4210 2017 4277 repraesentabatur,

445 4302 569 4355 sese
602 4313 698 4368 per
730 4299 912 4353 varias
944 4299 1174 4353 virtutes
1218 4298 1559 4353 distribuens
1604 4314 1730 4354 cum
1760 4303 2020 4358 omnibus

444 4400 498 4444 et
532 4391 778 4446 conﬂixit
820 4400 874 4446 et
917 4407 1106 4446 omnes
1143 4393 1437 4461 superavit.
1467 4390 1541 4454 lta
1577 4394 1742 4449 audio
1781 4395 1834 4449 in
1862 4411 2019 4466 gym-

445 4481 588 4535 nicis
618 4498 838 4552 quoque
857 4484 1256 4540 certaminibus
1273 4499 1388 4549 eos,
1413 4487 1507 4556 qui
1547 4487 1757 4543 viribus
1791 4497 2020 4546 caeteros

2079 2015 2226 2086 *πρὸ
2255 2016 2361 2068 τῶν
2391 2015 2615 2082 ἀγώνων
2654 2015 2870 2086 ὁρῶμεν
2896 2014 2986 2067 τὸν
3026 2014 3382 2083 στεφανίτην.
3434 2013 3570 2081 Πρὶν
3595 2009 3691 2078 γὰρ

2118 2105 2392 2177 θεωρῆσαι
2425 2107 2524 2175 τὴν
2571 2105 2831 2173 ἀγωνίαν,
2883 2106 3018 2176 πρὸς
3060 2105 3120 2157 τὸ
3167 2104 3347 2177 πέρας
3394 2101 3506 2155 τῶν
3532 2100 3691 2155 ἄθλων

2119 2197 2225 2250 ὑπὸ
2265 2196 2358 2250 τοῦ
2401 2196 2559 2265 λόγου
2610 2197 2992 2267 παρήχθημεν.
3028 2196 3176 2249 Ἔδει
3235 2197 3374 2264 γάρ,
3421 2186 3594 2264 οἶμαι,
3627 2190 3690 2261 μὴ

2118 2289 2501 2359 παραδραμεῖν
2551 2289 2733 2342 ἐκεῖνα
2763 2287 2840 2358 τῷ
2863 2288 3026 2358 λόγῳ,
3061 2288 3130 2340 δι’
3153 2281 3229 2342 ὧν
3263 2287 3504 2358 μάλιστα
3535 2287 3567 2353 ὴ
3606 2281 3689 2335 τοῦ

2123 2383 2396 2453 μάρτυρος
2438 2381 2607 2452 ἀρετὴ
2641 2381 2966 2434 διεδείκνυτο
2992 2397 3005 2411 ο
3046 2375 3156 2434 οἷον
3183 2376 3252 2451 ἦν
3281 2381 3344 2432 τὸ
3367 2379 3478 2431 τῶν
3503 2375 3688 2447 φονῶν-

2119 2492 2226 2527 των
2283 2474 2594 2545 συνέδριον,
2644 2475 2739 2526 καὶ
2778 2473 2896 2537 πῶς
2945 2474 3086 2527 κατὰ
3127 2474 3189 2527 τὸ
3221 2470 3343 2528 ἴσον
3379 2475 3533 2537 πᾶσι,
3570 2471 3689 2540 πρὸς

2119 2567 2211 2619 τὸν
2241 2568 2399 2634 φόνον
2427 2569 2454 2619 ό
2488 2567 2656 2637 θυμὸς
2682 2567 3002 2636 διεγήγερτο
3033 2582 3047 2596 ·
3096 2567 3194 2637 ὅση
3243 2567 3386 2638 πρὸς
3429 2565 3490 2617 τὸ
3539 2562 3687 2616 κακὸν

2118 2651 2186 2726 ἦν
2225 2659 2338 2719 τοῖς
2368 2655 2802 2725 συνειλεγμένοις
2831 2657 2864 2726 ὴ
2901 2654 3172 2725 σύμπνοια
3193 2671 3207 2686 ⁸
3229 2651 3344 2709 οἷον
3383 2654 3608 2706 ἑκάστου
3637 2650 3689 2702 τὸ

2123 2745 2362 2816 βλέμμα,
2398 2739 2508 2798 οἷον
2554 2746 2614 2798 τὸ
2663 2744 2870 2814 σχῆμα,
2919 2738 3030 2798 οἷον
3061 2743 3122 2797 τὸ
3162 2745 3293 2815 περὶ
3334 2746 3464 2806 τοὺς
3491 2741 3686 2803 ὀδόντας

2120 2836 2320 2902 πάθος,
2375 2834 2554 2898 καθὼς
2601 2835 3082 2906 παρασημαίνεται
3118 2836 3150 2905 ἡ
3194 2834 3317 2889 θεία
3363 2832 3582 2904 Γραφὴ,
3615 2831 3686 2883 ὅτι

2119 2926 2424 2996 διεπρίοντο
2452 2929 2573 2988 ταῖς
2617 2924 2868 2996 καρδίαις
2916 2924 3114 2987 αὐτῶν,
3159 2927 3252 2977 καὶ
3305 2925 3532 2995 ἔϐρυχον
3575 2921 3684 2983 τοὺς

2120 3017 2336 3079 ὀδόντας
2364 3017 2451 3068 ἐπ’
2484 3016 2664 3071 αὐτόν.
2704 3016 2813 3069 Καὶ
2841 3019 2898 3069 ἐν
2933 3015 3081 3086 μέσῳ
3108 3015 3368 3070 τοιούτων
3398 3015 3492 3070 καὶ
3517 3009 3684 3065 τοσού-

2120 3126 2228 3163 των
2255 3108 2448 3173 ἑστὼς,
2496 3111 2588 3164 καὶ
2619 3109 2770 3183 πάσῃ
2807 3111 2872 3180 τῇ
2905 3109 3252 3180 ἀντικειμένῃ
3283 3109 3511 3178 δυνάμει
3553 3107 3612 3175 τῇ
3633 3104 3682 3155 ὲν

2121 3205 2234 3263 τοῖς
2265 3201 2565 3270 μιαιφόνοις
2604 3201 2968 3272 ἐνεργουμένη
3013 3201 3206 3254 ἑαυτὸν
3240 3198 3584 3269 ἀντεγείρων,
3609 3193 3684 3247 διὰ

2124 3294 2343 3346 πάντων
2389 3295 2657 3365 ὑπερέσχε
2707 3293 2785 3365 τῷ
2832 3295 3165 3365 μεγαλοφυεϊ
3193 3293 3288 3347 τοῦ
3336 3293 3678 3364 φρονήματος⁶

2125 3385 2412 3448 ἀντιτιθεὶς
2439 3386 2517 3456 τῷ
2561 3387 2658 3456 μὲν
2687 3385 2842 3456 θυμῷ
2885 3386 2983 3458 τὴν
3040 3386 3454 3457 μακροθυμίαν,
3499 3383 3611 3443 ταῖς
3633 3376 3681 3430 δὲ

2123 3477 2373 3540 ἀπειλαῖς
2400 3477 2498 3549 τὴν
2540 3478 2858 3548 ὑπεροψίαν,
2904 3478 2982 3548 τῷ
3020 3479 3076 3532 δὲ
3123 3477 3216 3532 τοῦ
3269 3477 3499 3531 θανάτου
3551 3469 3679 3539 φόϐῳ

2124 3567 2224 3638 τὴν
2249 3568 2349 3637 τῆς
2379 3567 2522 3638 ζωῆς
2549 3569 2954 3640 καταφρόνησιν
2979 3610 2991 3633 ,
3039 3568 3116 3638 τῷ
3151 3568 3207 3620 δὲ
3271 3568 3418 3639 μίσει
3445 3565 3539 3636 τὴν
3563 3559 3681 3629 ἁγά·

2126 3679 2234 3731 πην
2258 3677 2272 3692 ο
2318 3664 2396 3731 τῇ·
2418 3662 2728 3732 δυσμενείᾳ.
2759 3662 2858 3730 τὴν
2885 3662 3190 3730 εὐμένειαν·
3232 3664 3301 3732 τῇ
3349 3652 3674 3726 συκοφαντίᾳ,

2125 3753 2222 3825 τὴν
2251 3754 2351 3824 τῆς
2377 3753 2634 3824 ἀληθείας
2663 3755 2984 3824 φανέρωσιν.
3022 3755 3095 3806 Οὑ
3135 3754 3242 3824 γὰρ
3263 3754 3330 3806 δι’
3360 3753 3478 3813 ἐνὸς
3497 3745 3674 3820 τρόπον

2125 3843 2350 3915 νικητὴς
2407 3846 2436 3896 ὁ
2481 3845 2581 3914 τῆς
2632 3845 2890 3917 ἀληθείας
2943 3844 3248 3914 ἀγωνιστὴς
3307 3841 3673 3896 ἀπεδείκνυτοο

2125 3937 2260 3990 ἀλλά
2293 3937 2430 4007 πρὸς
2459 3939 2566 3992 πᾶν
2599 3935 2735 3998 εἶδος
2759 3937 2958 4000 κακίας
2994 3935 3096 4005 τῆς
3119 3936 3240 3988 τότε
3273 3936 3391 3996 τοῖς
3434 3925 3675 3984 Ἰουδαίοις

2126 4030 2523 4102 ἐνεργουμένης
2551 4030 2741 4084 ἑαυτὸν
2773 4031 2858 4083 διὰ
2895 4030 2993 4099 τῆς
3022 4027 3273 4096 ποικίλης
3301 4024 3500 4096 ἀρετῆς
3530 4031 3674 4072 κατα-

2128 4127 2380 4196 μερίσας,
2421 4124 2515 4176 καὶ
2542 4125 2673 4176 πᾶσι
2712 4121 3042 4190 συνεπλάκη,
3070 4119 3164 4172 καὶ
3189 4114 3554 4185 καθυπερέσχε
3581 4103 3672 4158 τῶν

2127 4219 2364 4272 πάντων.
2415 4216 2601 4279 Οὕτως
2630 4213 2811 4269 ἀκούω
2841 4214 2934 4265 καὶ
2976 4214 3033 4265 ἐν
3077 4213 3188 4274 τοῖς
3215 4208 3494 4280 γυμνικοῖς
3521 4198 3670 4264 ἀγᾶσι

2126 4311 2250 4372 τοὺς
2293 4308 2746 4368 πλεονεκτοῦντας
2793 4304 2933 4358 κατά
2977 4305 3076 4374 τὴν
3125 4301 3374 4371 δύναμιν,
3421 4295 3546 4365 πρὸς
3570 4289 3669 4342 ὅλον

2128 4401 2385 4464 πολλάκις
2418 4399 2815 4469 ἀποδυομένους
2858 4396 2920 4449 τὸ
2957 4395 3220 4465 γυμνικὸν
3265 4393 3506 4449 στάδιον,
3552 4378 3670 4437 κατὰ

2129 4495 2346 4548 πάντων
2401 4491 2663 4562 φέρεσθαι
2723 4489 2832 4542 τῶν
2896 4487 3205 4542 ἀντιπάλων
3265 4486 3334 4538 τὰ
3391 4478 3664 4550 νικητήρια.

447 4571 800 4637 antecedunt,
839 4573 1102 4629 adversus
1133 4584 1306 4630 totum
1351 4592 1494 4647 saepe
1529 4578 1769 4632 stadium
1800 4583 2016 4651 gymni-

2121 4585 2372 4646 Τοιοῦτος
2411 4585 2439 4635 ὁ
2485 4581 2579 4634 τοῦ
2631 4581 2842 4634 σταδίου
2886 4580 2994 4633 τῶν
3039 4577 3332 4649 μαρτύρων
3387 4564 3668 4640 καθηγησά·

448 4677 575 4717 cum
623 4677 746 4717 sese
783 4665 1070 4719 certamini
1102 4665 1395 4723 offerentes
1437 4677 1491 4722 et
1525 4671 1874 4740 accingentes
1901 4713 1916 4739 ,
1951 4674 2019 4729 de

445 4755 707 4810 omnibus
737 4757 979 4811 victoria}
1012 4759 1232 4826 praemia
1273 4767 1576 4828 reportare.
1613 4760 1764 4816 Talis
1815 4773 2021 4835 marty-

445 4861 568 4899 rum
621 4846 785 4900 stadii
839 4845 1096 4918 princeps
1144 4859 1265 4902 erat
1311 4866 1325 4901 :
1379 4849 1472 4915 qui
1524 4850 1786 4906 adversus
1829 4869 2020 4908 omnes

445 4937 747 4993 adversarii
789 4938 979 5008 copias
1026 4953 1152 4992 cum
1213 4954 1274 4993 se
1323 4942 1695 5009 Opposuisset,
1747 4943 2020 5000 adversus

445 5045 638 5085 omnes
684 5031 917 5085 victoria
969 5032 1156 5085 clarus
1209 5030 1556 5102 designatur.
1630 5033 1764 5088 Nam
1823 5036 2017 5091 falsam

445 5120 767 5189 sapientiam
802 5137 898 5191 per
929 5121 1262 5185 Libertinos,
1302 5123 1666 5194 Cyrenenses,
1691 5133 1746 5181 et
1780 5127 2020 5182 Alexan-

446 5210 634 5267 drinos
673 5213 949 5283 sapientes
979 5214 1246 5270 adversus
1267 5230 1328 5270 se
1353 5216 1673 5282 luctantem,
1701 5233 1797 5287 per
1832 5235 2016 5274 veram

449 5301 768 5369 sapientiam
816 5303 1048 5371 devicit;
1097 5313 1364 5361 terrorem
1392 5345 1406 5369 ,
1443 5321 1536 5376 per
1574 5307 1884 5365 libertatem
1936 5311 2020 5364 lo-

447 5390 646 5452 quendi
669 5431 683 5454 ,
713 5400 767 5446 et
796 5393 1087 5464 ingenuam
1132 5396 1454 5468 increpandi
1487 5397 1778 5463 ﬁduciam;
1807 5400 2018 5468 minas,

449 5491 545 5544 per
583 5481 1033 5555 despicientiam;
1072 5489 1336 5544 saevitiam
1363 5529 1379 5553 ,
1411 5506 1520 5561 per
1561 5490 2019 5559 beneﬁcentiam;

451 5573 792 5629 mendacium
815 5616 828 5641 ,
869 5594 965 5648 per
992 5582 1296 5637 veritatem.
1329 5581 1411 5636 llli
1447 5581 1670 5651 quidem
1706 5582 1774 5635 ad
1818 5582 2022 5637 caedem

447 5664 808 5733 spectabant,
857 5680 911 5725 et
959 5674 1072 5742 jam
1117 5689 1314 5729 manus
1362 5675 1642 5744 lapidibus
1693 5675 2019 5742 armabant,

531 5876 573 5907 “
598 5877 720 5933 Act.
761 5892 859 5941 vn,
897 5877 985 5930 59.
1066 5879 1107 5909 “
1149 5878 1284 5933 Ibid.
1330 5878 1416 5932 54.

2121 4691 2297 4746 μενος·
2338 4675 2396 4737 ὃς
2426 4675 2559 4744 πρὸς
2584 4673 2766 4725 πᾶσαν
2790 4670 2882 4723 τοῦ
2926 4668 3303 4739 ἀντικειμένου
3346 4667 3442 4736 τὴν
3468 4658 3665 4746 δύναμίν

2118 4739 2308 4820 ἐαυτὸν
2336 4739 2643 4828 ἀντιτάξας,
2672 4761 2921 4832 λαμπρὸς
2953 4763 3019 4830 τῇ
3061 4759 3199 4812 κατά
3234 4758 3448 4811 πάντων
3485 4739 3666 4832 ἀναδεὶς

2119 4873 2310 4910 κνυται
2359 4856 2503 4926 νίκῃ.
2551 4855 2662 4923 Τὴν
2699 4829 3189 4924 γάρήψευδῶνυμον
3240 4848 3449 4916 σοφίαν,
3478 4829 3661 4926 τὴνδιά

2123 4921 2571 5018 Λιϐερτίνων-καὶ
2594 4921 2918 5012 Κυρηναίων
2944 4941 3036 4993 καὶ
3061 4940 3168 4992 τῶν
3193 4938 3298 4990 ἀπὸ
3322 4937 3419 5006 τῆς
3457 4921 3664 5018 Ἀλεξξψ

2125 5036 2250 5108 δρου
2300 5035 2506 5097 πόλεως
2553 5033 2729 5101 σοφῶν
2769 5031 2916 5101 αὐτῷ
2948 5029 3437 5102 προσπαλαίουσαν,
3467 5017 3544 5074 διὰ

2125 5099 2356 5196 ἀληθοῦς
2417 5099 2636 5191 σοφίας.
2678 5099 3127 5192 κατηγωνίσατο·
3195 5120 3286 5172 τὸν
3349 5115 3533 5187 φόϐον,
3590 5099 3660 5154 διἐι

2125 5219 2225 5288 τῆς
2291 5216 2601 5289 παρρησίας
2633 5232 2647 5247 '
2719 5215 2814 5285 τὴν
2877 5212 3142 5283 ἀπειλὴν,
3206 5211 3293 5264 διὰ
3351 5210 3442 5278 τῆς
3491 5203 3656 5292 ῧπῗρξν

2127 5309 2292 5378 ψίας·
2362 5309 2458 5380 τὴν
2520 5310 2781 5378 πικρίαν,
2845 5307 2932 5358 διὰ
2993 5307 3091 5374 τῆς
3138 5304 3411 5366 εὐποιίας·
3455 5295 3508 5348 τὸ
3547 5290 3655 5380 ψεῦ-

2118 5402 2240 5466 δος,
2291 5401 2378 5453 διὰ
2420 5379 2522 5472 τῆς
2581 5399 2856 5469 ἀληθείας.
2928 5398 2990 5450 0t
3056 5397 3152 5467 μὲν
3208 5395 3343 5467 πρὸς
3406 5389 3486 5442 τὸν
3526 5379 3654 5472 φόνον

2121 5493 2374 5558 ἐΰλεπον,
2433 5467 2526 5546 καὶ
2593 5467 2694 5563 ἤδη
2739 5490 2835 5553 τὰς
2891 5493 3078 5561 χεῖρας
3118 5491 3230 5551 τοῖς
3269 5487 3426 5547 λίθοις
3465 5467 3654 5570 egendi-

2124 5586 2256 5650 ζον,
2315 5587 2410 5639 καὶ
2462 5584 2540 5655 τῷ
2607 5583 2876 5654 βλέμματι
2925 5583 3019 5635 καὶ
3065 5581 3144 5652 τῷ
3200 5580 3428 5650 ἄσθματι
3473 5566 3552 5624 καὶ
3596 5566 3647 5655 fil

2122 5676 2232 5732 τῶν
2292 5677 2520 5732 ὀδόντων
2591 5672 2908 5746 συμπτώσει
2961 5675 3062 5744 τὴν
3115 5671 3340 5744 πικρίαν
3401 5647 3649 5727 ἐπισημαί·
