3882 6416
190 318 275 372 715

1443 302 1510 360 ΙΝ
1548 303 1608 361 S.
1652 301 2017 360 STEPHANU
2028 302 2095 357 Μ.

3297 295 3398 351 716

185 443 377 492 νοντες·
428 428 456 480 ὀ
485 425 538 480 δὲ
579 418 656 488 ὦς
700 422 960 492 ἀδελφοὺς
1008 420 1177 493 ἑώρα,
1216 421 1313 476 καὶ
1355 419 1432 485 ὡς
1479 420 1721 493 πατέρας

1838 419 2017 473 )btntn
2040 460 2056 484 ,
2091 417 2441 473 anhelatione
2469 459 2482 480 ,
2515 412 2759 469 dentium
2804 411 3092 468 collisione
3135 412 3397 469 smvitiam

188 521 448 591 ἠσπάζετο.

251 698 472 765 Ἄνδρες
525 694 657 767 γὰρ,
714 694 914 763 φησιν,
972 690 1222 759 ἀδελφοί
1272 689 1373 744 καί
1442 687 1723 756 πατέρες,

184 786 454 845 ἀκούσατέ
487 802 624 855 μου.
677 786 739 838 Oi
780 784 882 855 μὲν
921 783 1021 854 τὴν
1080 780 1442 851 συκοφαντίαν
1482 779 1727 844 πιθανῶς

187 879 505 935 συνέπλεκον·
539 876 619 947 τῷ
656 876 714 931 δὲ
751 876 813 930 τὸ
836 875 944 929 τῶν
978 872 1264 944 φονώντων
1292 871 1590 944 συνέδριον,
1627 870 1728 941 τῆς

184 970 412 1039 ἀληθείας
444 967 855 1040 φροντιστήριον
880 961 970 1036 ἦν.
1002 966 1119 1019 Οὐκ
1151 964 1428 1018 ἀπέκοπτε
1455 961 1607 1033 φόϐῳ
1637 961 1730 1017 τὸν

184 1062 337 1130 λόγον,
378 1061 493 1115 ούδὲ
534 1060 771 1132 πάρετος
815 1058 954 1130 πρὸς
979 1057 1079 1129 τὴν
1100 1056 1292 1112 antea
1321 1055 1432 1109 τῶν
1469 1054 1729 1109 κινδύνων

183 1151 388 1219 ἐγίνετο,
435 1149 555 1204 οὐδὲ
582 1149 719 1221 πρὸς
742 1147 834 1202 τὸν
861 1147 1089 1202 θάνατον
1115 1144 1341 1198 ἔϐλεπεν
1356 1159 1373 1176 ο
1404 1142 1520 1199 ἀλλ’
1552 1142 1646 1197 ἐπὶ
1667 1140 1730 1195 τὸ

184 1243 296 1312 ὕψος
328 1243 420 1313 τὴν
450 1242 626 1312 ψυχὴν
658 1240 820 1312 ἔχων,
852 1238 947 1293 καὶ
986 1236 1057 1292 τά
1083 1238 1143 1290 ἐν
1179 1236 1309 1290 ποσὶ
1361 1233 1540 1288 πάντα
1566 1249 1725 1303 περιο

184 1335 327 1406 ορῶν,
354 1334 424 1397 ὡς
454 1334 640 1389 παιδία
668 1333 847 1403 μάτην
867 1329 1223 1403 ἀφραίνοντα,
1256 1325 1626 1396 ἐπαιδαγώγει
1649 1324 1731 1397 τῷ

183 1426 323 1495 λόγῳ,
367 1428 473 1488 τοῖς
525 1426 655 1496 παρ’
703 1422 881 1477 αὐτῶν
927 1420 1154 1475 ἐκείνων
1191 1417 1597 1489 πιστευομένοις
1649 1418 1730 1481 είς

183 1517 425 1583 ἀπόδειξιν
462 1516 557 1569 τοῦ
601 1512 977 1583 πεπλανῆσθαι
1004 1510 1200 1573 αὐτοὺς
1229 1509 1357 1581 περὶ
1384 1510 1491 1563 τῶν
1525 1506 1731 1579 δογμά-

182 1624 272 1660 των
302 1605 697 1678 συγχρώμενος.
738 1603 990 1674 Ἀϐραὰμ
1022 1601 1101 1673 τῷ
1135 1600 1277 1671 λόγῳ
1303 1601 1609 1672 παράγεται
1638 1600 1731 1653 καὶ

183 1700 210 1770 ἡ
239 1700 345 1751 κατ’
381 1697 541 1751 αὑτὸν
585 1696 794 1767 ἱστορία
821 1697 970 1749 πᾶσα
998 1695 1064 1747 δι’
1090 1693 1286 1762 ὀλίγων
1313 1693 1403 1746 ὑπ’
1438 1692 1559 1762 ὄψιν
1601 1692 1729 1759 ἀγε-

182 1762 285 1843 έαι-
316 1785 426 1843 εἶτα
459 1789 624 1860 ἡτῶν
668 1762 862 1857 ὲέρεξῆς
893 1787 1064 1856 ἀγίων
1092 1787 1329 1857 διαδοχή.
1358 1785 1596 1854 Μωῡσῆς
1639 1785 1732 1838 ἐπὶ
1765 1762 1805 1816 Β

180 1881 363 1944 τούτοις
404 1880 749 1950 τικτόμενος,
790 1879 1260 1949 ἀνατρεφόμενος,
1323 1876 1731 1946 παιδευόμενος,

181 1971 261 2023 ἐπὶ
283 1969 369 2023 τοῦ
430 1970 593 2041 ὅρους
654 1969 1220 2041 μυσταγωγούμενοςο
1293 1967 1570 2039 μαστίζων
1634 1965 1781 2036 τὴν.

180 2061 456 2129 Αἴγυπτον,
487 2062 583 2115 τὸν
618 2060 836 2132 Ἰσραὴλ
871 2059 1188 2127 διασώζων,
1223 2059 1288 2113 τὸ
1318 2059 1460 2113 κατά
1502 2058 1593 2112 τὸν
1626 2057 1734 2111 Κύ-

180 2167 277 2220 ριον
296 2150 619 2223 προμηνύων
649 2151 964 2222 μυστήριον.
1000 2151 1065 2205 ’Ὀ
1097 2149 1194 2204 καὶ
1226 2149 1460 2222 μάλιστα
1490 2148 1734 2217 συγκινεῖ

176 2242 228 2297 τὸ
262 2242 544 2313 συνέδριον,
598 2241 694 2297 καὶ
731 2241 1119 2313 ἀναθερμαίνει
1151 2242 1250 2313 τὴν
1299 2241 1475 2307 νόσον,
1523 2241 1606 2295 ὅτι
1639 2241 1732 2294 καὶ

177 2332 408 2403 Μωϋσῆς,
434 2327 494 2388 οὗ
522 2334 589 2404 δὴ
612 2333 1030 2405 προσεποιοῦντο
1058 2332 1545 2402 ὑπερσπουδὰζειν,
1605 2350 1733 2386 συν-

179 2422 353 2496 ήγορος
381 2424 470 2480 τοῦ
498 2424 772 2494 δόγματος
800 2423 1174 2482 ἀπεδείκνυτο.
1211 2422 1326 2493 Ἐφ’
1353 2416 1399 2491 ᾧ
1427 2423 1521 2478 καὶ
1549 2423 1733 2479 διανα-

180 2515 398 2580 στάντες,
426 2516 484 2570 τδ
518 2516 695 2588 πέρας
736 2516 1029 2584 ἐπάγουσιν
1055 2514 1204 2582 ἀξιον
1228 2516 1322 2568 καὶ
1348 2515 1448 2585 τῆς
1477 2515 1611 2580 ἰδίας
1640 2534 1734 2569 πιο

180 2608 337 2678 κρίας,
373 2610 462 2663 κα)⁵
496 2608 599 2679 τῆς
623 2604 714 2662 τοῦ
750 2607 1023 2677 Στεφάνου
1052 2605 1367 2677 ἐπιθυμίας.
1417 2607 1474 2659 '0
1500 2607 1599 2678 μὲν
1624 2606 1732 2678 γάρ

178 2698 325 2763 ἐκϐὰς
363 2701 456 2773 τὴν
514 2699 702 2770 φύσιν,
757 2697 854 2752 καὶ
900 2698 1029 2773 πρὶν
1072 2698 1296 2768 ἐκϐῆναι
1338 2697 1434 2751 τοῦ
1483 2697 1731 2769 σώματος

179 2789 341 2860 βλέπει
381 2793 491 2856 τοῖς
532 2789 796 2862 καθαροῖς
832 2788 1130 2859 ὀφθαλμοῖς
1168 2787 1267 2851 τάς
1295 2788 1552 2858 οὐρανίας
1584 2787 1730 2860 αύτῷ

179 2881 329 2947 πύλας
350 2881 723 2953 διισταμένας,
763 2880 859 2936 καὶ
883 2879 944 2933 τὸ
969 2879 1118 2944 ἐντὸς
1143 2878 1250 2933 τῶν
1281 2878 1490 2933 ἀδύτων
1519 2878 1732 2949 διαφαι-

177 2976 403 3044 νόμενον,
449 2975 627 3045 αύτήν
663 2990 724 3026 τε
772 2971 923 3025 θείαν
961 2971 1140 3038 δόξαν,
1175 2971 1269 3025 καὶ
1313 2970 1374 3024 τὸ
1420 2971 1520 3041 τῆς
1574 2971 1733 3042 δόξης

177 3062 508 3137 ἀπαύγασμαο
540 3063 753 3133 καὶτῆς
779 3062 879 3132 μὲν
898 3061 1177 3134 Πατρικῆς
1199 3061 1379 3133 δόξης,
1404 3061 1577 3126 οὐδεὶς
1600 3062 1732 3117 67:0-
1758 3109 1801 3169 Ο

177 3154 419 3232 γράφεται
451 3154 744 3228 χαρακτὴρ
766 3153 856 3208 διὰ
878 3152 972 3207 τοῦ
995 3153 1154 3222 λόγου
1172 3170 1185 3184 ο
1213 3153 1275 3207 τὸ
1295 3154 1351 3208 δὲ
1369 3154 1731 3227 ἀπαύγασμα,

177 3245 226 3301 ὲν
249 3246 316 3318 τῷ
340 3247 558 3320 ὀφθέντι
586 3250 696 3311 τοῖς
723 3246 1028 3317 ἀνθρώποις
1055 3245 1205 3312 εῖδει,
1234 3245 1312 3318 τῷ
1358 3247 1565 3318 ἀθλητῇ
1600 3246 1734 3302 καθ-

175 3340 364 3411 ορᾶται,
403 3340 477 3403 ὡς
523 3333 594 3410 ἦν
633 3337 881 3409 χωρητὸν
930 3339 997 3409 τῇ
1021 3335 1342 3409 ἀνθρωπίνῃ
1383 3336 1562 3409 φύσει,
1594 3336 1735 3392 οὕτω

178 3432 493 3503 φαινόμενον.
542 3432 605 3486 Ὀ
631 3431 730 3503 μὲν
754 3426 847 3485 οὖν
870 3429 975 3497 ἔξω
1005 3429 1243 3499 γεγονὼς
1263 3430 1363 3500 τῆς
1388 3428 1734 3502 ἀνθρωπίνης

177 3522 384 3591 φύσεως,
411 3526 505 3580 καὶ
534 3523 671 3595 πρὸς
699 3522 799 3595 τὴν
819 3520 1116 3593 ἀγγελικὴν
1145 3520 1529 3592 μεταποιηθεὶς
1552 3520 1732 3593 χάριν,

176 3611 241 3676 ὡς
290 3617 379 3671 καὶ
424 3616 616 3679 αὐτοῖς
661 3609 802 3669 εῖναι
841 3615 953 3676 τοῖς
1002 3612 1307 3683 μιαιφόνοις
1364 3613 1423 3665 ὲν
1463 3611 1733 3684 θαύματι,

176 3705 295 3775 πρὸς
323 3707 418 3783 τὴν
446 3707 561 3763 τῶν
590 3705 837 3775 ἀγγέλων
874 3705 1032 3770 ἀξίαν
1062 3702 1158 3757 τοῦ
1195 3704 1323 3776 περὶ
1359 3703 1421 3757 τὸ
1446 3703 1737 3775 πρόσωπον

180 3796 329 3863 εἴδους
359 3796 781 3861 ἀλλοιωθέντος,
831 3795 927 3854 καὶ
969 3791 1076 3851 είδε
1124 3794 1192 3852 τὰ
1222 3794 1459 3858 ἀθέατα,
1498 3794 1593 3849 καὶ
1639 3793 1737 3865 τὴν

174 3886 411 3956 ὀφθεῖσαν
442 3887 600 3959 αύτῷ
646 3887 805 3959 χάριν
849 3886 1158 3958 ἐξεϐόησεν.
1201 3887 1264 3943 Ui
1296 3886 1353 3942 δὲ
1382 3884 1639 3956 συνέσχον
1668 3884 1739 3942 τὰ

176 3972 294 4045 ὦτα,
320 3981 413 4035 καὶ
453 3980 520 4035 τδ
560 3978 806 4050 διήγημα
833 3977 933 4050 τῆς
957 3976 1223 4041 ὀπτασίας
1251 3976 1313 4035 οὐ
1342 3976 1737 4049 παρεδέχοντο,

174 4071 337 4137 καλῶς
371 4072 535 4127 τοῦτο
564 4070 695 4141 γοῦν
728 4072 787 4124 ὲν
812 4070 947 4128 πᾶσι
988 4068 1314 4139 ποιήσαντες
1338 4082 1352 4097 ο
1386 4065 1506 4123 οὐδὲ
1535 4066 1643 4138 γὰρ
1669 4061 1741 4136 ἦν

175 4164 290 4231 ἀξία
341 4166 588 4240 βεϐήλων
643 4161 800 4237 ἀκοὴ,
857 4160 1007 4225 θείας
1061 4157 1361 4235 ἐμφανείας
1422 4157 1740 4228 διηγήματα

174 4256 433 4325 δέξασθαι.
487 4259 729 4320 Ἐκεῖνος
761 4254 860 4326 μὲν
886 4248 978 4309 οὖν
1005 4248 1331 4321 ἐκοινώνησε
1360 4251 1472 4311 τοῖς
1506 4246 1742 4318 παροῦσι

174 4349 262 4419 τῆς
290 4351 549 4425 χάριτος,
577 4346 657 4411 είς
684 4346 746 4400 τὸ
785 4343 962 4403 κοινὸν
993 4343 1176 4396 ἐκεῖνα
1220 4338 1499 4413 προτιθεὶς
1526 4336 1606 4407 τῷ
1665 4337 1742 4391 δι-

1825 528 1937 584 prae
1965 528 2026 567 se
2055 511 2294 567 ferentes
2329 527 2343 564 :
2375 508 2467 562 hic
2494 521 2625 561 vero
2664 515 2921 575 tanquam
2948 502 3149 560 fratres
3175 504 3400 573 aspicie-

1825 605 1943 665 bat.
1975 612 2031 659 et
2068 611 2330 673 tanquam
2371 608 2556 670 patres
2583 597 2877 653 salutabat.

1910 691 2024 746 Viri
2048 692 2196 748 enim
2229 691 2452 761 fratres,
2488 689 2690 758 inquit,
2721 696 2771 741 et
2797 697 2997 756 patres,
3021 687 3202 743 audite
3225 687 3291 743 ⁸⁸.
3320 687 3399 742 Illi

1826 783 2045 854 quidem
2076 782 2411 838 calumniam
2439 779 2792 851 probabiliter
2815 778 3203 849 contingebant
3229 797 3243 835 :
3274 779 3404 833 huic

1826 888 1958 930 vero
1985 873 2280 929 consilium
2312 871 2380 927 ad
2412 870 2616 927 eadem
2661 870 3081 940 propensiorum
3119 883 3219 940 pro
3246 869 3403 924 curia

1828 966 2073 1023 veritatis
2101 975 2242 1022 erat.
2265 964 2386 1019 Non
2413 973 2559 1018 metu
2580 961 2913 1033 praecidebat
2938 962 3266 1026 orationem,
3294 976 3403 1016 non

1829 1058 2124 1131 languidus
2163 1058 2487 1127 tractusque
2524 1070 2590 1112 ac
2634 1054 2906 1111 remissus
2949 1063 3096 1110 metu
3136 1053 3408 1124 periculo-

1828 1164 1951 1206 rum
1974 1160 2113 1213 erat,
2144 1166 2254 1206 non
2288 1166 2438 1206 mors
2465 1148 2515 1205 ei
2534 1156 2659 1204 ante
2686 1148 2882 1203 oculos
2916 1149 3243 1203 versabatur
3268 1164 3283 1211 ;
3309 1146 3407 1203 sed

1828 1252 2013 1299 erecto
2040 1243 2225 1297 animo
2256 1243 2440 1297 omnia
2470 1254 2593 1312 qua:
2612 1248 2738 1295 ante
2771 1238 2937 1311 pedes
2968 1247 3125 1294 erant
3155 1248 3406 1295 contem-

1831 1351 1989 1397 nens,
2019 1343 2282 1405 tanquam
2313 1334 2575 1405 puerulos
2601 1332 2799 1387 misere
2832 1331 3157 1401 insipientes
3189 1332 3409 1402 regebat

1831 1440 1895 1481 ac
1929 1426 2319 1481 moderabatur
2348 1424 2601 1478 oratione
2628 1464 2642 1489 ,
2674 1422 2744 1477 ad
2774 1422 3270 1479 demonstrandum
3310 1436 3409 1478 eos

1831 1519 1886 1573 in
1915 1532 2104 1573 errore
2132 1517 2509 1572 doctrinarum
2544 1516 2788 1579 versari,
2827 1515 2989 1571 simul
3018 1514 3183 1569 etiam
3212 1514 3280 1570 iis
3309 1514 3409 1570 do-

1830 1611 2103 1668 cumentis
2124 1653 2137 1676 ,
2172 1610 2375 1682 quibus
2409 1610 2480 1665 ab
2517 1610 2627 1665 illis
2675 1609 2811 1679 ipsis
2842 1609 2975 1664 ﬁdes
3006 1609 3256 1679 derogari
3297 1623 3406 1663 non

1832 1708 2085 1773 poterat,
2117 1710 2301 1757 utens.
2342 1700 2617 1755 Abraham
2658 1701 2892 1755 orationi
2927 1698 3238 1765 adhibetur,
3270 1707 3409 1754 tota-

1833 1806 1941 1861 que
1984 1791 2133 1847 illius
2185 1789 2419 1848 historia
2474 1793 2668 1861 paucis
2712 1798 2840 1846 ante
2890 1791 3082 1846 oculos
3128 1789 3353 1860 ponitur
3391 1809 3405 1845 :

1833 1881 2031 1936 deinde
2069 1881 2252 1936 cat-teri
2289 1883 2496 1946 sancti,
2547 1882 2642 1952 qui
2697 1887 3109 1936 successerunt.
3160 1880 3241 1935 Ad
3294 1879 3411 1934 ha-c

1834 1969 2048 2042 Moyses
2080 1981 2138 2025 ut
2169 1980 2356 2036 natus,
2391 1979 2452 2026 ut
2472 1972 2762 2037 educatus,
2794 1978 2856 2024 ut
2884 1970 3136 2025 eruditus
3159 1978 3214 2024 ct
3248 1969 3409 2024 insti-

1834 2070 2008 2126 tutus,
2033 2070 2095 2118 ut
2122 2063 2177 2118 in
2203 2071 2388 2118 monte
2414 2062 2855 2119 sacrisinitiatus
2890 2069 2943 2117 et
2975 2063 3286 2116 instructus
3313 2061 3408 2121 sit.

1835 2164 1896 2207 nt
1925 2151 2227 2225 JEgyptum
2261 2152 2587 2225 ﬂagellaret,
2629 2153 2887 2209 lsraelem
2920 2160 3183 2216 servaret,
3211 2158 3414 2222 myste-

1833 2246 1976 2300 rium
2002 2244 2219 2301 Domini
2247 2245 2589 2315 prmdicerct.
2622 2244 2777 2314 Quod
2810 2245 2976 2300 etiam
3008 2244 3243 2299 maxime
3276 2256 3411 2298 con-

1831 2337 1969 2391 citat
1994 2338 2292 2392 concilium
2317 2378 2332 2404 ,
2363 2345 2419 2392 et
2458 2338 2709 2393 morbum
2758 2337 3037 2403 incendit,
3069 2336 3214 2407 quod
3245 2336 3412 2391 etiam

1831 2428 2087 2500 Moyses,
2123 2428 2287 2499 cujus
2332 2445 2393 2485 se
2437 2429 2697 2484 nimirum
2733 2429 3083 2484 vehementer
3127 2429 3415 2484 studiosos

1830 2538 1954 2580 esse
1979 2521 2153 2578 videri
2183 2523 2457 2587 volebant,
2489 2531 2756 2593 patronus
2799 2521 3061 2577 doctrinae
3113 2521 3278 2591 hujus
3316 2520 3412 2576 de-

1832 2617 2176 2666 monstratur
2232 2629 2246 2664 :
2302 2611 2662 2680 quamobrem
2704 2611 2866 2665 etiam
2912 2619 3200 2681 surgentes
3253 2611 3415 2665 tinem

1831 2697 2147 2769 imponunt,
2173 2700 2392 2771 qualem
2429 2709 2485 2754 ct
2516 2698 2831 2771 Stephanus
2855 2701 3226 2767 desiderabat,
3265 2709 3321 2756 et
3347 2701 3415 2753 il-

1832 2790 2011 2846 lorum
2046 2790 2426 2847 crudelitatem
2475 2790 2723 2847 decebat.
2763 2789 2900 2845 Nam
2936 2790 3029 2846 ille
3057 2791 3279 2860 quidem
3313 2804 3414 2844 na-

1832 2888 2012 2955 turam
2030 2879 2478 2953 egressus,etiam
2498 2886 2794 2949 antequam
2814 2894 3045 2950 corpore
3060 2880 3417 2943 θιροεείεεοι,

1833 2973 1987 3043 puris
2014 2974 2193 3028 oculis
2227 2972 2481 3028 caelestes
2510 2971 2616 3026 sibi
2647 2978 2835 3041 portas
2856 2980 3071 3040 apertas
3100 2971 3247 3027 videt
3273 2980 3327 3026 et
3365 2970 3419 3026 id

1833 3068 1977 3136 quod
2002 3064 2145 3119 intra
2165 3063 2326 3136 adyta
2342 3063 2658 3133 apparebat,
2691 3077 2816 3118 cum
2846 3062 3019 3133 ipsam
3039 3062 3277 3118 divinam
3303 3064 3422 3133 glo-

1834 3158 1998 3224 riam,
2013 3164 2127 3211 tum
2144 3156 2334 3227 gloriae
2348 3154 2693 3227 splendorem
2712 3155 3084 3225 conspicatur,
3101 3168 3164 3208 ac
3182 3162 3424 3226 paterna:

1835 3247 2057 3318 quidem
2107 3249 2298 3319 glorias
2337 3247 2490 3303 nulla
2522 3246 2860 3304 describitur
2890 3248 3143 3304 oratione
3195 3247 3368 3319 ﬁgura
3405 3265 3422 3302 :

1838 3339 2099 3411 splendor
2127 3356 2259 3396 vero
2289 3341 2345 3395 in
2376 3356 2465 3406 ea,
2495 3354 2602 3411 qua
2636 3339 2707 3395 ab
2737 3339 3057 3395 hominibus
3080 3340 3234 3394 visus
3264 3348 3385 3395 erat
3405 3380 3424 3406 ,

1839 3431 2018 3488 forma
2049 3432 2119 3487 ab
2143 3432 2343 3487 athleta
2373 3432 2738 3502 conspicitur,
2780 3431 2861 3487 sic
2900 3445 3194 3501 apparens,
3226 3440 3286 3486 ut
3316 3432 3423 3487 ltu-

1838 3535 2001 3574 mana
2052 3535 2248 3590 capere
2294 3528 2509 3590 poterat
2563 3528 2786 3575 natura.
2839 3521 3023 3590 Atque
3065 3521 3155 3575 hic
3200 3522 3422 3590 quidem

1837 3621 1988 3666 extra
2004 3619 2255 3667 naturam
2281 3612 2573 3667 humanam
2595 3612 2948 3677 constitutus,
2968 3620 3024 3668 et
3040 3613 3094 3667 in
3118 3613 3424 3684 angelicum

1838 3704 2091 3761 decorem
2123 3704 2572 3771 transformatus,
2606 3712 2667 3761 ut
2697 3705 2855 3776 ipsis,
2882 3705 3048 3761 etiam
3069 3704 3297 3762 nefariis
3320 3707 3423 3762 ho-

1839 3795 2058 3853 micidis
2091 3797 2359 3852 miraculo
2397 3806 2588 3862 esset,
2636 3797 2695 3852 in
2729 3797 3037 3867 angelicam
3096 3796 3421 3867 dignitatem

1841 3886 2018 3944 forma
2038 3885 2196 3944 faciei
2217 3895 2450 3953 inntata,
2469 3903 2595 3944 cum
2624 3888 2762 3945 vidit
2783 3887 3096 3959 eﬂ'ugientia
3110 3897 3421 3959 aspectum,

1840 3988 1956 4035 tum
1987 3993 2132 4041 eam,
2162 3994 2286 4051 qua:
2311 3978 2418 4036 sibi
2453 3979 2773 4051 apparebat,
2797 3979 3028 4050 gratiam
3057 3979 3276 4035 sublato
3306 3981 3423 4035 cla-

1841 4086 2009 4127 more-
2031 4071 2386 4144 signiiicavit.
2426 4069 2509 4126 Illi
2548 4087 2680 4128 vero
2713 4072 3108 4128 continuerunt
3147 4056 3338 4137 aures,
3368 4080 3426 4128 et

1844 4160 2218 4217 narrationem
2257 4161 2487 4218 visionis
2533 4176 2644 4217 non
2680 4160 3044 4224 admiserunt,
3082 4161 3185 4217 hoc
3226 4161 3422 4217 saltem

1841 4266 1909 4308 ex
1930 4252 2186 4309 omnibus
2201 4261 2351 4308 recte
2373 4250 2672 4320 facientes;
2695 4267 2875 4323 neque
2892 4253 3038 4307 enim
3062 4251 3240 4322 digna;
3263 4261 3426 4308 erant

1842 4344 2200 4415 profanorum
2229 4352 2286 4400 et
2315 4332 2656 4415 impurorum
2688 4358 2874 4410 aures,
2913 4358 3037 4413 quae
3089 4344 3292 4399 divina:
3332 4359 3428 4415 ap-

174 4441 430 4512 ηγήματι,
488 4433 567 4497 ὧν
618 4438 760 4497 κατά
816 4436 981 4509 μόνας
1012 4433 1243 4505 ἠξίωτο,
1278 4430 1504 4500 Θεωρῶ,
1543 4431 1737 4500 λέγων,

1844 4435 2136 4507 paritionis
2157 4435 2471 4506 acciperent
2499 4435 2865 4499 narrationes,
2890 4443 3056 4506 atque
3090 4435 3182 4492 ille
3203 4435 3427 4507 quidem

176 4534 307 4601 τοὺς
324 4535 617 4606 οὐρανοὺς
649 4530 1085 4603 ἀνεῳγμένους,
1102 4528 1201 4584 καὶ
1219 4528 1328 4583 τὸν
1349 4528 1490 4582 Υίύν
1510 4526 1618 4582 τοῦ
1637 4529 1743 4582 ἀν-

176 4625 397 4693 θρώπου
420 4629 491 4682 ἐκ
521 4623 737 4692 δεξιῶν
759 4623 989 4681 ἑστῶτα
1005 4622 1112 4676 τοῦ
1135 4620 1304 4677 Θεοῦ.
1325 4621 1389 4673 Oi
1408 4619 1487 4685 δὲ,
1510 4618 1748 4692 κράξαν-

176 4733 257 4781 τες
298 4724 448 4792 φωνῇ
485 4719 721 4791 μεγάλῃ,
760 4718 854 4771 καὶ
881 4715 1169 4786 συσχόντες
1197 4713 1267 4767 τὰ
1300 4706 1438 4780 ὦτα,
1481 4711 1748 4787 ὥρμησαν

177 4794 508 4883 ὁμοθυμαδὸν
551 4812 636 4871 ἐπ’
672 4809 854 4864 αὐτόν.
905 4805 1103 4870 Καλῶς
1152 4804 1497 4876 προσέθηκεν
1538 4805 1573 4874 ἡ
1619 4802 1749 4873 περὶ

178 4900 343 4956 αὐτῶν
390 4902 604 4975 ἱστορία
648 4900 746 4973 τὴν
794 4898 1036 4971 κραυγὴν
1069 4897 1180 4962 τοῖς
1215 4897 1429 4969 ἔργοις,
1476 4896 1565 4951 ἵνα
1600 4894 1750 4967 δείξῃ

175 4992 266 5059 τῆς
310 4994 684 5068 προαιρέσεως
740 4990 919 5046 αὐτῶν
975 4991 1074 5061 τὴν
1103 4989 1239 5061 πρὸς
1274 4990 1401 5053 τοὺς
1458 4986 1748 5058 Σοδομίτας

180 5086 511 5153 συγγένειαν.
554 5086 662 5140 Καὶ
706 5084 815 5156 γὰρ
863 5082 925 5137 τὸ
965 5080 1187 5135 ἐκείνων
1222 5080 1481 5152 ἀνόμημα
1534 5077 1750 5152 κραυγὴ

179 5175 322 5245 παρά
352 5176 448 5230 τοῦ
494 5178 768 5248 κρίνοντος
800 5171 1113 5244 ὠνομάσθη.
1141 5171 1386 5241 Κραυγνὴ
1418 5170 1549 5240 γὰρ,
1593 5168 1750 5240 φησὶ,

179 5265 450 5336 Σοδόμων
472 5268 568 5328 καὶ
592 5267 899 5338 Γομόρῤας
922 5260 1148 5330 ἀνῆλθε
1174 5264 1323 5332 πρός
1345 5278 1442 5331 με.
1476 5258 1752 5330 Ἔκραξαν

177 5357 347 5413 τοίνυν
376 5360 474 5413 καὶ
499 5354 665 5423 οὗτοι,
705 5360 790 5413 ἵνα
829 5356 1070 5427 ἀκουσθῇ
1102 5356 1195 5409 καὶ
1226 5353 1407 5408 αὐτῶν
1438 5356 1474 5425 ἡ
1503 5353 1597 5407 ἐπὶ
1623 5354 1750 5407 Στε-

180 5447 342 5514 φάνου
388 5451 628 5521 κραυγή.
675 5449 750 5503 υὺ
801 5448 906 5519 μὴν
940 5447 1122 5516 ἠγνόει
1155 5447 1183 5500 ὀ
1230 5443 1467 5515 ἀθλητὴς
1515 5444 1604 5497 διὰ
1650 5444 1748 5514 τῆς

183 5540 397 5612 πικρίας
424 5540 531 5594 τῶν
568 5542 992 5612 μιαιφονούντων
1018 5536 1491 5611 εὐεργετούμενος.
1523 5535 1616 5589 Τῶ
1642 5537 1749 5605 γὰρ

254 5713 293 5747 ⁸³
330 5719 453 5771 Act.
497 5724 648 5781 vn,2
684 5732 804 5788 sqq.

454 5814 724 5882 Ρηιιοι..
771 5814 888 5877 Gn.
916 5810 1133 5877 XLVI.

886 5716 927 5746 ”
966 5714 1097 5769 ibid.
1142 5714 1231 5771 55.
1294 5715 1334 5746 "
1374 5713 1509 5771 Gen.
1550 5728 1706 5778 xvm,
1735 5712 1826 5769 ΞΟ.

1855 4525 2089 4598 gratiam
2124 4524 2493 4597 praesentibus
2537 4524 2987 4580 communicabat
3036 4525 3338 4590 narrando,
3372 4525 3428 4579 in

1847 4632 2142 4674 commune
2190 4632 2502 4688 proponens
2540 4630 2604 4671 ea
2658 4631 2895 4686 quorum
2963 4616 3432 4687 contemplatione

1846 4712 2001 4766 solus
2029 4711 2229 4782 dignus
2250 4711 2532 4781 judicatus
2557 4720 2674 4764 erat
2698 4748 2713 4772 ,
2753 4706 2941 4771 Video,
2968 4708 3249 4778 inquiens,
3274 4708 3432 4764 car/os

1847 4811 2079 4873 apertas,
2110 4812 2160 4857 et
2192 4800 2399 4857 Filium
2429 4800 2656 4856 hominis
2684 4809 2911 4855 stantem
2935 4816 2969 4853 a
2992 4800 3195 4854 dextris
3237 4798 3337 4853 Dei
3364 4799 3428 4856 ".

1848 4893 1914 4949 Hi
1944 4909 2077 4951 vero
2123 4895 2498 4951 exclamantes
2534 4907 2667 4949 voce
2722 4906 2952 4963 magna,
2995 4902 3051 4947 et
3083 4890 3433 4946 continentes

1848 5000 2012 5042 aures
2042 5000 2195 5050 suas,
2229 4985 2493 5056 impetum
2525 4982 2862 5040 unanimiter
2906 4982 2961 5036 in
2995 4996 3123 5037 eum
3160 4979 3430 5035 fecerunt.

1848 5075 2019 5133 Recte
2071 5076 2275 5147 adjecit
2304 5090 2497 5132 eorum
2540 5072 2701 5129 tactis
2736 5070 2965 5127 historia
3006 5071 3340 5135 clamorem,
3374 5077 3435 5123 ut
3500 5139 3508 5147 ο

1849 5167 2169 5225 ostenderet
2203 5166 2493 5223 destinam
2540 5163 2843 5220 voluntatis
2875 5175 3065 5216 eorum
3106 5175 3233 5215 cum
3265 5158 3435 5215 Sodo-

1852 5260 2005 5315 mitis
2039 5260 2448 5330 cognationem.
2482 5255 2699 5311 Etenim
2751 5253 2970 5309 illorum
3003 5252 3186 5308 scelus
3226 5252 3435 5306 clamor

1856 5369 1887 5408 a
1932 5353 2219 5422 judicante
2267 5350 2586 5406 nominatus
2632 5356 2738 5404 est.
2781 5345 3002 5401 Clamor
3029 5346 3192 5409 enim,
3220 5345 3435 5415 inquit,

1859 5444 2216 5500 Sodomorum
2241 5453 2290 5496 et
2313 5438 2625 5497 Gomorrlta:
2649 5438 2719 5494 ad
2747 5454 2825 5493 me
2850 5437 3090 5492 ascendit
3123 5439 3186 5493 ".
3220 5437 3435 5493 Clama-

1859 5544 2060 5593 vcrunt
2094 5534 2263 5606 igitur
2296 5534 2350 5590 hi
2381 5547 2624 5605 quoque,
2659 5539 2715 5585 ut
2743 5531 2910 5586 ctiam
2948 5545 3136 5586 eorum
3175 5531 3443 5588 adsersus

3008 5794 3089 5857 23
