3882 6432
1694 283 1751 339 S.
1789 279 2117 338 CREGORII
2158 279 2454 340 NYSSENI
3593 295 3678 353 716

457 403 795 474 Stephanum
824 399 1032 455 clamor
1055 399 1357 454 audiretur.
1394 399 1510 455 Non
1538 401 1826 470 ignorabat
1856 409 2034 454 autem

2146 402 2268 471 περὶ
2300 404 2464 457 αὐτὸν
2490 403 2600 457 τῶν
2640 405 3046 459 καταλευόντων
3089 404 3270 476 κύκλῳ
3313 411 3680 479 στεφανωθεὶς,

455 496 659 549 athleta
693 509 866 562 seper
889 492 1273 546 crudelitatem
1304 493 1508 546 caedem
1541 493 1809 546 nefariam
1839 507 2032 560 perpe-

454 585 719 637 trantium
769 582 1096 636 beneficium
1149 583 1422 651 accipere.
1474 580 1609 635 Nam
1646 582 1776 636 orbe
1831 581 2038 649 lapides

454 676 698 744 undique
740 674 1155 743 conjicientium
1200 674 1358 742 quasi
1411 688 1612 728 corona
1666 672 1920 734 cinctus,
1961 671 2036 725 ita

454 769 664 837 accepit
705 767 758 820 id
808 765 954 837 quod
1004 764 1300 834 agebatur,
1344 766 1500 834 quasi
1550 777 1757 819 corona
1791 765 2040 821 victoria:

454 858 738 926 praemium
791 858 847 911 in
897 859 1154 914 manibus
1199 856 1642 910 adversariorum
1695 865 2036 911 necteretur.

453 949 636 1014 Quare
668 948 834 1003 etiam
865 948 1102 1018 benigna
1138 947 1450 1018 precatione
1474 947 1858 1016 sanguinarios
1887 962 2039 1002 cum-

454 1048 687 1110 pensat,
727 1056 928 1111 rogans
961 1057 1028 1095 ne
1067 1041 1122 1094 in
1167 1037 1483 1093 contrarios
1527 1048 1757 1094 eventus
1795 1038 2036 1104 facinus,

455 1133 599 1200 quod
644 1133 699 1186 in
749 1131 873 1202 ipso
922 1131 1368 1201 perpetrabatur,
1410 1131 1771 1194 divideretur,
1822 1139 1881 1184 ut
1934 1130 2037 1186 sibi

455 1223 673 1292 quidem
703 1223 893 1287 vitam,
931 1221 1270 1277 adversariis
1305 1231 1489 1278 autem
1520 1224 1747 1278 exitium
1780 1223 2034 1278 alferrct:

455 1313 551 1368 sed
587 1313 786 1383 quibus
815 1313 934 1384 ipse
965 1314 1168 1384 dignus
1200 1313 1480 1383 judicatus
1513 1323 1700 1377 esset,
1748 1315 1818 1370 ab
1867 1317 1934 1372 iis
1968 1331 2037 1371 ne

455 1407 640 1462 hostes
661 1407 902 1476 quidem,
937 1408 1096 1477 quasi
1131 1408 1398 1462 bonorum
1428 1409 1531 1463 sibi
1568 1409 1749 1478 aliqua
1784 1424 1849 1464 ex
1885 1416 2039 1478 parte

453 1508 728 1563 auctores,
761 1499 1212 1555 excluderentur.
1253 1500 1345 1553 Sic
1376 1501 1441 1561 is,
1475 1501 1566 1569 qui
1607 1501 1888 1554 Christum
1915 1515 2037 1556 cer-

453 1591 570 1654 nit,
605 1591 872 1645 adversus
917 1589 1109 1644 hostes
1146 1605 1272 1646 sese
1305 1606 1494 1661 gerere
1533 1594 1708 1649 novit.
1762 1591 2035 1660 Quoniam

451 1681 597 1735 enim
652 1676 928 1750 patientiae
981 1681 1349 1750 legislaturem
1399 1685 1650 1750 videbat,
1717 1686 2038 1742 recordatus

453 1781 536 1828 est
567 1775 746 1844 legum
786 1775 854 1828 ab
886 1789 952 1828 eo
1003 1775 1237 1829 latarum
1271 1775 1527 1832 inimicos
1568 1779 1798 1848 diligere
1835 1779 2034 1848 juben-

454 1867 615 1928 tium,
649 1875 706 1922 et
756 1865 1080 1922 benefacere
1102 1866 1230 1922 odio
1269 1871 1735 1938 prosequentibus
1763 1911 1778 1935 ,
1813 1880 1870 1928 et
1922 1887 2024 1943 pro

453 1959 670 2012 hostilia
713 1956 1046 2014 facientibus
1102 1973 1264 2014 orare
1301 1960 1367 2014 ⁸⁸.
1406 1959 1608 2017 Verum
1644 1963 1848 2020 athleta
1908 1967 2033 2036 qui-

453 2051 574 2106 nlem
614 2066 721 2104 non
761 2050 1040 2104 humanis-
1065 2049 1321 2106 laudibus
1358 2051 1692 2118 celebratur,
1736 2069 1916 2124 neque
1976 2057 2031 2109 in

2139 498 2310 560 οὕτως
2342 497 2559 564 ἐδέξατο
2583 497 2642 550 τὸ
2673 497 2981 567 γινόμενον,
3010 497 3087 560 ὡς
3119 498 3377 567 στέφανον
3404 505 3682 576 νικητήριον

2138 592 2197 644 ἐν
2223 593 2344 654 ταῖς
2376 589 2534 662 χερσὶ
2562 589 2670 642 τῶν
2705 591 2963 643 ἐναντίων
2998 589 3348 661 πλεκόμενον.
3381 593 3468 646 Διὸ
3499 597 3585 648 καὶ
3609 599 3681 650 εὐ-

2138 682 2294 752 λογίᾳ
2319 683 2444 746 τοὺς
2474 682 2790 752 μιαιφόνους
2811 682 3099 753 ἀμύνεται,
3123 683 3223 736 οὐκ
3252 684 3417 750 ἀξιῶν
3447 687 3574 757 πρὸς
3605 689 3687 752 τὰς

2139 773 2387 836 ἐναντίας
2429 774 2681 836 ἐκϐάσεις
2707 775 2808 843 τὴν
2846 775 2933 827 ἐπ’
2959 775 3110 846 αὐτῷ
3135 775 3331 846 πρᾶξιν
3363 779 3690 849 καταμερίζε-

2141 867 2284 930 σθαι,
2313 865 2389 929 ὡς
2409 866 2602 936 ἐκείνῳ
2641 867 2740 938 μὲν
2772 866 2873 938 τὴν
2899 867 3068 938 ζωὴν,
3097 869 3212 932 τοῖς
3244 868 3301 921 δὲ
3329 869 3691 940 ἀντικειμένοις

2140 959 2324 1029 φέρειν
2346 958 2436 1012 τὸν
2455 958 2674 1029 ὀλεθρον
2690 973 2704 987 ·
2733 959 2848 1012 ἀλλ’
2869 954 2945 1013 ὧν
2969 959 3130 1023 αὐτὸς
3155 960 3353 1028 ἠξίωτο
3371 961 3462 1014 καὶ
3479 965 3594 1024 τοὺς
3612 981 3692 1016 πο-

2138 1048 2358 1120 λεμίους
2379 1049 2454 1111 ὡς
2477 1047 2699 1118 ἀγαθῶν
2720 1048 2871 1120 αὐτῷ
2898 1048 3205 1112 συναιτίους
3225 1049 3298 1121 μὴ
3324 1051 3582 1104 ἐκπεσεῖν.
3602 1052 3691 1104 Οὕ-

2139 1158 2245 1203 τως
2271 1139 2410 1194 οῐδεν
2437 1141 2466 1193 6
2493 1140 2726 1211 Χριστὸν
2771 1139 2984 1210 βλέπων
3009 1141 3122 1204 τοῖς
3149 1139 3446 1210 πολεμοῦσι
3481 1142 3694 1211 προσφέ-

2143 1231 2352 1303 ρεσθαι.
2395 1232 2613 1303 Ἐπειδὴ
2639 1231 2749 1303 γάρ
2771 1226 2878 1285 εἶδε
2907 1235 3006 1302 τῆς
3033 1233 3416 1304 μακροθυμίας
3438 1233 3525 1286 τὸν
3554 1249 3692 1302 νομο-

2140 1326 2321 1395 θέτην,
2340 1325 2665 1397 ὑπεμνήσθη
2680 1326 2788 1379 τῶν
2804 1327 2986 1395 νόμων
3000 1324 3109 1378 τῶν
3126 1326 3346 1394 ἀγαπᾷν
3362 1325 3485 1388 τοὺς
3500 1324 3694 1396 ἐχθροὺς

2140 1420 2468 1474 κελευόντων
2484 1461 2498 1484 ,
2529 1419 2624 1472 καὶ
2647 1417 2827 1481 καλῶς
2857 1419 3032 1471 ποιεῖν
3051 1419 3164 1480 τοῖς
3187 1417 3438 1486 μισοῦσι,
3462 1419 3553 1470 καὶ
3574 1417 3696 1487 ὐπέρ

2140 1513 2248 1566 τῶν
2274 1511 2655 1582 πολεμούντων
2679 1508 3097 1581 προσεύχεσθαι.
3117 1508 3256 1560 Ἀλλ’
3286 1510 3315 1560 6
3339 1507 3438 1578 μὲν
3467 1507 3695 1578 ἀθλητὴς,

2140 1605 2241 1658 οὐκ
2288 1603 2348 1668 ἐξ
2385 1603 2743 1674 ἀνθρωπίνων
2793 1599 3034 1654 ἐπαίνων
3062 1598 3366 1665 δοξάζεται.
3403 1599 3531 1652 Οὐδὲ
3557 1598 3651 1668 γὰρ
3673 1597 3698 1648 6

2144 1697 2346 1760 σκοπὸς
2374 1695 2523 1767 αὐτῷ
2563 1697 2662 1768 τῆς
2709 1693 2992 1765 ἀθλήσεως
3020 1693 3158 1764 πρὸς
3200 1693 3300 1764 τὴν
3341 1692 3400 1759 ἐξ
3429 1690 3698 1762 ἀνθρώπων

2142 1790 2335 1843 ἐϐλεπε
2373 1788 2529 1852 δόξαν
2552 1803 2566 1818 ·
2613 1786 2727 1841 ἀλλ’
2774 1785 3020 1858 ὑπερϐὰς
3065 1785 3248 1839 πάντα
3283 1784 3374 1839 τὸν
3411 1785 3602 1854 κόσμον
3643 1786 3698 1854 τῇ

2145 1881 2484 1953 μεγαλοφυῖα
2521 1879 2617 1934 τοῦ
2665 1878 3108 1951 κατορθώματος,
3165 1878 3261 1931 καὶ
3296 1877 3365 1930 τὰ
3412 1877 3578 1947 μέτρα
3615 1875 3700 1943 τῆς

2107 2001 2122 2019 ι
2141 1971 2490 2042 ἀνθρωπίνης
2516 1969 2795 2041 δυνάμεως
2833 1969 3264 2042 συμπαρέδραμε
3285 2009 3302 2038 ,
3344 1970 3522 2022 πᾶσαν
3549 1967 3700 2036 ιέγιιω⁴

2144 2064 2438 2134 μιαστικὴν
2469 2062 2701 2134 δύναμιν
2733 2062 2965 2117 κατόπιν
2995 2059 3191 2115 ἑαυτοῦ
3224 2060 3411 2130 ῥίψας.

451 2146 714 2201 certando
745 2146 974 2218 gloriam
1011 2159 1078 2200 ex
1115 2145 1432 2202 lietninibus
1461 2146 1752 2204 conflatam
1791 2152 1898 2207 sibi
1933 2161 2269 2228 propositam
2310 2161 2547 2216 habebat
2578 2179 2592 2215 :
2635 2157 2733 2214 sed
2793 2171 2918 2211 cum
2993 2154 3401 2226 magniﬁcentia
3470 2149 3700 2206 facinoris

452 2239 651 2311 egregii
715 2248 890 2294 totum
944 2241 1212 2297 mundum
1277 2244 1670 2312 superaverit,
1709 2245 2072 2308 humanarum
2152 2272 2372 2328 quoque
2426 2256 2624 2312 virium
2675 2254 2872 2312 modos
2935 2252 3100 2309 simul
3141 2259 3562 2322 prmlcrgrrssus
3602 2256 3702 2311 est,

453 2338 603 2392 omni
631 2337 908 2392 laudativa
937 2337 1201 2394 facultate
1233 2348 1357 2408 post
1389 2353 1448 2395 se
1477 2339 1715 2409 abiecta.

523 2435 691 2508 Igitur
716 2435 806 2492 ille
823 2437 1049 2507 quidem
1075 2436 1129 2492 in
1153 2437 1302 2492 omni
1327 2437 1569 2494 humano
1592 2455 1845 2499 sermone
1865 2443 2038 2500 victo-

454 2528 798 2599 rius-premit:
837 2529 1087 2585 obtineat
1112 2547 1127 2596 ;
1159 2545 1260 2586 nos
1283 2537 1464 2586 autem
1491 2531 1722 2589 historia
1753 2551 1853 2591 sua
1881 2538 2041 2608 adju-

453 2629 541 2676 vet
589 2619 656 2676 ad
709 2620 1022 2677 animarum
1063 2622 1320 2678 salutem.
1371 2624 1850 2690 Quemadmodum
1893 2631 2038 2686 enim

454 2712 597 2767 inter
623 2727 922 2782 corporeos
954 2713 1190 2770 athletas
1223 2713 1296 2780 ii,
1345 2716 1438 2786 qui
1484 2717 1538 2772 in
1587 2720 1824 2789 publicis
1860 2734 2040 2778 certa-

453 2805 694 2862 minibus
733 2805 1068 2862 contendere
1114 2807 1430 2874 dcsierunt,
1483 2808 1714 2879 juvenes
1762 2815 2042 2870 athleticis

451 2899 939 2956 exercitationibus
958 2914 1054 2970 per
1071 2899 1426 2955 artiﬁciosam
1439 2903 1732 2971 quamdam
1747 2905 2042 2976 agilitatem

453 2999 507 3047 et
549 2991 889 3046 habilitatem
935 2992 1358 3059 assuefaciunt,
1410 2995 1806 3064 prehensiones
1850 2999 2044 3053 adver-

452 3083 725 3139 sariorum
759 3082 1016 3138 frustrari
1046 3089 1211 3152 atque
1241 3084 1464 3141 eludere
1494 3087 1755 3144 docentes
1781 3107 1795 3144 :
1829 3092 1903 3144 ita
1940 3106 2042 3146 nos

454 3189 674 3246 quoque
724 3174 926 3245 opinor
962 3185 1218 3244 oportere
1253 3191 1352 3246 per
1387 3192 1646 3248 magnum
1701 3179 2040 3252 Stephanum
2069 3163 2113 3222 ο

454 3265 699 3323 exerceri
729 3274 786 3320 et
813 3265 1099 3321 assuefieri
1134 3266 1202 3321 ad
1237 3268 1497 3336 pietatem
1522 3308 1538 3335 ,
1570 3279 1628 3325 ut
1664 3288 1761 3342 per
1801 3289 1925 3328 eum
1958 3273 2044 3328 fu-

437 3362 668 3432 giamus
693 3368 859 3430 atque
881 3360 1152 3416 evitemus
1176 3359 1834 3433 Pneumatomachorum,
1859 3367 1910 3420 id
1935 3376 2040 3432 est,

454 3451 686 3521 Spiritus
710 3451 884 3506 sancti
909 3452 1141 3507 hostium
1164 3493 1178 3519 ,
1208 3455 1585 3524 correptiones
1614 3463 1779 3528 atque
1799 3459 2045 3514 vexatio-

454 3559 572 3599 nes.
615 3544 784 3598 Aiunt
807 3544 964 3599 enim
1015 3544 1095 3598 illi
1145 3544 1240 3615 qui
1287 3545 1554 3603 adversus
1589 3549 1822 3619 gloriam
1863 3549 2042 3606 sancti

456 3639 694 3710 Spiritus
724 3632 1204 3704 -insaniunt,‘suae
1245 3639 1576 3696 absurditati
1616 3651 1671 3699 et
1710 3645 2043 3715 importuni-

454 3727 550 3781 tati
606 3727 947 3797 Stephanum
998 3729 1375 3797 patrocinari,
1413 3729 1512 3800 qui
1563 3731 1763 3786 coelum
1817 3733 2044 3789 intentis

453 3817 634 3874 oculis
665 3819 946 3874 contuitus
967 3859 982 3885 ,
1021 3820 1158 3875 vidit
1198 3821 1430 3891 gloriam
1466 3821 1560 3877 Dei
1590 3829 1645 3878 et
1674 3821 1862 3879 Jesum
1893 3833 2046 3880 stan-

453 3917 564 3964 tem
599 3923 629 3961 a
659 3907 871 3965 dextris
902 3907 997 3964 Dei
1030 3909 1095 3965 ".
1122 3910 1206 3964 Ad
1242 3911 1587 3968 eversionem
1623 3913 1790 3985 igitur
1825 3916 2045 3985 pietatis

456 4001 723 4056 doctrinae
752 4001 807 4055 in
840 4002 987 4056 hunc
1018 4003 1240 4058 modum
1273 4004 1467 4060 dicunt
1497 4024 1511 4061 :
1549 4004 1608 4061 Si
1639 4023 1763 4063 cum
1799 4006 1964 4065 Patre
1993 4017 2046 4065 et

449 4091 596 4148 Filio
650 4092 917 4163 Spiritum
953 4095 1178 4149 omnino
1235 4098 1512 4152 numerari
1561 4107 1799 4171 oportet,
1852 4101 1945 4171 qui
1988 4102 2046 4155 fit

447 4194 518 4239 .ut
555 4185 870 4256 Stephanus
904 4186 959 4240 in
1002 4186 1347 4256 apparitione
1379 4204 1486 4244 una
1524 4204 1648 4244 cum
1686 4188 1826 4246 Filio
1862 4190 2042 4263 Spiri-

449 4285 571 4330 tum
605 4290 827 4346 quoque
860 4289 970 4330 non
1005 4275 1251 4331 viderit?
1283 4275 1573 4343 Quomodo
1607 4281 1777 4350 igitur
1812 4283 1912 4347 iis,
1949 4283 2044 4352 qui

449 4382 553 4436 per
579 4367 694 4423 haec
727 4367 845 4438 ipsa
876 4369 1041 4424 verba
1069 4370 1520 4439 supplantantur,
1555 4387 1780 4429 manum
1813 4373 2046 4444 Stepha-

445 4473 564 4514 nus
596 4457 884 4528 porriget?
912 4457 1034 4524 Quo
1068 4469 1228 4527 pacto
1256 4463 1503 4517 certandi
1541 4472 1660 4519 arte
1696 4465 2042 4520 labascentes

442 4550 675 4620 eriget?
715 4549 858 4603 Sane
883 4565 949 4603 ex
977 4551 1167 4604 eodem
1205 4551 1327 4606 loco
1352 4553 1576 4610 exsistit
1599 4555 1864 4609 auxilium
1899 4555 2045 4625 quod

442 4652 669 4699 .evertat
700 4644 1001 4697 adversarii
1033 4644 1498 4700 incredulitatem.
1526 4645 1740 4712 Quaeris
1763 4686 1778 4713 ,
1807 4660 1840 4699 ο
1870 4661 2048 4716 pneu-

447 4735 842 4797 matomache,
874 4736 925 4788 si
959 4734 1136 4799 gloria
1169 4733 1346 4789 Patris
1382 4737 1674 4804 apparuit,
1706 4745 1760 4792 et
1809 4736 1982 4792 Filius
2015 4753 2046 4792 a

459 4825 670 4882 dextris
703 4825 998 4880 stationem
1034 4823 1290 4878 obtinens
1313 4865 1327 4889 ,
1364 4825 1455 4879 ubi
1485 4825 1771 4896 Spiritus?
1813 4826 1971 4893 Quod
2003 4829 2046 4882 si

445 4921 512 4974 .in
542 4928 597 4976 te
625 4918 867 4988 Spiritus
898 4925 1079 4980 esset,
1114 4931 1224 4971 non
1257 4919 1600 4987 propositum
1631 4920 1698 4974 de
1723 4934 1788 4974 eo
1818 4920 2044 4975 verbum

450 5022 513 5068 te
551 5012 945 5082 praeteriisset:
976 5008 1439 5080 quemadmodum
1481 5011 1552 5076 ii,
1593 5014 1689 5081 qui
1725 5012 1871 5082 capti
1913 5020 2046 5066 sunt

450 5104 672 5171 oculis,
735 5118 926 5157 aurum
979 5111 1106 5156 ante
1166 5102 1334 5172 ped-es
1387 5100 1665 5171 obiectum
1730 5104 2046 5173 ignorantes

450 5201 810 5262 praetereunt.
843 5195 914 5245 At
945 5205 1094 5246 nunc
1124 5192 1318 5248 saitem
1355 5192 1522 5256 audi,
1561 5192 1666 5246 nisi
1703 5207 1866 5248 aures
1903 5194 2045 5251 forte

461 5284 710 5338 contines
732 5325 745 5347 ,
765 5283 934 5338 sicuti
958 5281 1133 5338 Judmi
1155 5282 1433 5340 faciebant
1459 5302 1471 5337 :
1499 5282 1788 5350 Quomodo
1821 5285 2049 5357 Stepha-

459 5388 568 5428 nus
599 5375 1050 5442 supercmlestem
1091 5375 1324 5445 gloriam
1365 5375 1550 5429 vidit?
1586 5374 1725 5442 Quis
1765 5376 1813 5432 ei
1857 5387 2046 5448 portas

458 5461 727 5518 cmlorum
767 5464 1068 5533 patefecit?
1109 5465 1369 5538 Nunquid
1427 5465 1792 5521 lunnanarum
1847 5471 2045 5524 virium

463 5553 516 5607 id
546 5565 686 5619 opus
717 5558 874 5612 erat?
905 5557 1047 5613 Num
1080 5560 1202 5629 quis
1231 5575 1295 5615 ex
1327 5559 1539 5630 angelis
1572 5561 1638 5612 ad
1679 5561 1825 5614 illam
1869 5564 2044 5620 subli-

528 5730 585 5763 ³⁸
620 5733 806 5791 Matth.
838 5755 888 5802 ν,
914 5743 1004 5795 Η.
1089 5747 1128 5774 ¹⁹
1169 5746 1288 5800 Act.
1319 5761 1413 5808 vlt,
1450 5745 1535 5802 55.

2208 2445 2452 2510 Οὐκοῦν,
2501 2446 2531 2498 6
2591 2442 2689 2515 μὲν
2737 2441 2908 2514 ἐχέτω
2955 2439 3097 2496 κατά
3135 2439 3341 2503 παντὸς
3391 2437 3700 2512 ἀνθρωπίνου

2138 2537 2299 2607 λόγου
2325 2537 2394 2592 τά
2423 2539 2720 2610 νικητήρια
2739 2553 2752 2567 ·
2782 2537 2913 2606 ἡμῖν
2939 2533 2998 2586 δέ
3031 2531 3486 2602 συναγωνιξέσθω
3510 2534 3572 2602 τῇ
3600 2533 3701 2585 κατ’

2140 2630 2301 2684 αὐτὸν
2329 2629 2542 2701 ἱστορίᾳ
2564 2628 2702 2700 πρὸς
2730 2626 2828 2698 τὴν
2856 2624 2964 2678 τῶν
2993 2623 3183 2695 ψυχῶν
3219 2623 3512 2694 σωτηρίαν.
3538 2618 3700 2675 Καθά-

2142 2740 2250 2795 περ
2301 2723 2412 2794 γάρ
2475 2723 2532 2776 ἐν
2587 2723 2701 2785 τοῖς
2763 2719 3098 2789 σωματικοῖς
3169 2715 3465 2786 ἀθληταῖς,
3521 2714 3567 2768 oi
3612 2711 3701 2765 τῶν

2149 2815 2376 2885 ἀγώνων
2415 2813 2776 2884 παυσάμενοι,
2806 2807 3214 2881 παιδοτριϐοῦσι
3249 2808 3378 2872 τοὺς
3418 2806 3562 2869 νέους
3603 2805 3701 2864 ταῖς

2149 2908 2469 2980 ἀθλητικαῖς
2485 2907 2838 2978 γυμνασίαις,
2861 2903 2948 2958 διά
2969 2919 3111 2966 τινος
3129 2904 3389 2972 τεχνικῆς
3409 2897 3700 2971 εὐστροφίας

2148 3001 2390 3055 ἐκδύνειν
2417 3000 2516 3064 τὰς
2536 2999 2707 3062 λαϐὰς
2734 2998 2839 3051 τῶν
2865 2994 3332 3051 ἀντιπαλαιόντων
3353 2994 3669 3052 διδάσκοντες
3686 3004 3698 3016 ·

2147 3087 2322 3150 οὕτως
2345 3081 2501 3158 οἶμαι
2529 3086 2638 3140 δεῖν
2669 3085 2762 3139 καὶ
2788 3086 2934 3155 ἡμᾶς
2962 3083 3051 3137 διὰ
3075 3082 3168 3136 τοῦ
3195 3083 3438 3152 μεγάλου
3460 3079 3701 3148 Στεφάνου

2145 3177 2630 3252 παιδοτριϐηθῆναι
2682 3176 2780 3245 τὴν
2847 3175 3162 3239 εὐσέϐειαν,
3222 3175 3301 3237 ὼς
3357 3173 3424 3228 ἀν
3456 3173 3520 3227 δι’
3561 3167 3700 3225 αὐτοῦ

2145 3272 2408 3343 φύγωμεν
2448 3269 2548 3334 τὰς
2584 3268 2693 3322 τῶν
2720 3267 3202 3338 Πνευματομάχων
3234 3265 3429 3329 λαϐάς.
3464 3262 3590 3318 Φασὶ
3612 3259 3701 3330 γὰρ

2144 3365 2192 3418 οί
2214 3363 2519 3427 λυσσῶντες
2552 3361 2696 3416 κατὰ
2719 3359 2820 3428 τῆς
2859 3347 3015 3430 δόξης
3057 3358 3151 3412 τοῦ
3202 3358 3550 3427 Πνεύματος,
3596 3369 3701 3404 συν-

2145 3455 2344 3528 ήγορον
2377 3452 2516 3508 εἶναι
2569 3453 2668 3524 τῆς
2695 3455 2920 3507 ἐκείνων
2949 3451 3179 3515 ἀτοπίας
3207 3449 3300 3503 τὸν
3341 3448 3624 3517 Στέφανον,
3656 3442 3702 3503 ὃς

2145 3543 2458 3608 ἐνατενίσας
2501 3541 2580 3612 τῷ
2619 3541 2834 3614 οὐρανῷ
2865 3535 2974 3594 εἶδε
3018 3539 3176 3606 δόξαν
3207 3537 3346 3592 Θεοῦ
3395 3537 3487 3591 καὶ
3525 3532 3702 3605 Ἰησοῦν

2145 3635 2358 3689 ἑστῶτα
2403 3636 2469 3689 ἐκ
2515 3634 2707 3703 δεξιῶν
2763 3633 2858 3688 τοῦ
2909 3631 3068 3688 Θεοῦ.
3129 3632 3365 3699 Λέγουσι
3417 3629 3585 3683 τοίνυν
3631 3621 3702 3676 ἐπ’

2145 3730 2425 3799 ἀνατροπῇ
2454 3726 2566 3779 τῶν
2593 3727 2693 3797 τῆς
2723 3725 3007 3789 εὐσεϐείας
3033 3724 3342 3794 δογμάτων,
3365 3722 3466 3787 ὅτι,
3497 3721 3555 3772 El
3585 3714 3698 3788 μετὰ

2148 3819 2361 3889 Πατρὸς
2391 3816 2640 3872 καὶ’Υίοῦ
2673 3817 2754 3869 δεῖ
2778 3816 2995 3879 πάντως
3026 3813 3384 3886 ἀριθμεῖσθαι
3403 3811 3464 3864 τὸ
3486 3806 3697 3877 Πνεῦμα.

2147 3908 2265 3972 πῶς
2303 3908 2403 3961 οὐκ
2445 3901 2586 3960 εἶδεν
2619 3909 2647 3960 6
2689 3906 2961 3974 Στέφανος
3009 3905 3067 3958 ἐν
3109 3906 3176 3974 τῇ
3210 3901 3449 3973 ὀπτασίᾳ
3480 3896 3606 3971 μετὰ
3625 3893 3700 3946 τοῦ

2147 3998 2277 4052 Υίοῦ
2304 3999 2397 4053 καί¹
2425 3997 2485 4052 τὸ
2517 3997 2779 4069 Πνεῦμα;
2814 3996 2938 4061 Πῶς
2967 3991 3060 4050 οὗν
3098 3994 3276 4066 ὀρέξει
3306 3994 3406 4065 τὴν
3435 3993 3582 4064 χεῖρα
3611 3987 3700 4046 τοῖς

2145 4091 2233 4146 διὰ
2265 4091 2372 4145 τῶν
2410 4089 2667 4145 τοιούτων
2692 4088 2866 4158 λόγων
2905 4086 3426 4157 ὑποσκελιζομένοις
3451 4087 3478 4138 6
3521 4078 3700 4160 ξτέφα·

2148 4201 2272 4249 νος;
2335 4182 2455 4246 πῶς
2504 4180 2805 4254 ἀνορθὼσει
2854 4183 2921 4252 τῇ
2991 4180 3330 4250 ἀγωνιστικῇ
3388 4177 3546 4246 τέχνῃ
3595 4168 3699 4228 τοὺς

2148 4273 2582 4340 ὑποκλάζονταςς
2601 4271 2677 4327 Ἦ
2694 4273 2917 4327 αὐτόθεν
2945 4273 3094 4325 ἐστὶν
3126 4274 3158 4343 ή
3194 4269 3418 4342 βοήθεια
3442 4270 3474 4338 ἡ
3502 4259 3698 4331 ἀνατρέ·

2147 4385 2327 4422 πουσα
2365 4366 2465 4438 τὴν
2499 4365 2758 4420 ἀπιστίαν
2801 4364 2896 4418 τοῦ
2929 4361 3418 4435 προσπαλαίοντος.
3449 4355 3638 4427 Ζητεῖς,
3662 4343 3698 4400 ὦ

2151 4459 2605 4531 Πνευματομάχε,
2632 4461 2712 4513 ὅτι
2730 4499 2745 4523 ,
2774 4459 2837 4512 Εἰ
2860 4460 2894 4529 ή
2919 4457 3046 4522 δόξα
3069 4455 3160 4509 τοῦ
3194 4455 3410 4526 Πατρδς
3435 4449 3597 4520 ὤφθη.
3622 4441 3697 4496 καὶ

2151 4554 2179 4606 6
2215 4552 2341 4613 Υίὸς
2369 4551 2468 4620 τὴν
2509 4553 2576 4603 ἐκ
2613 4548 2803 4616 δεξιῶν
2833 4549 3022 4602 στάσιν
3057 4546 3218 4617 ἔχων,
3245 4543 3351 4597 ποῦ
3393 4543 3452 4595 τὸ
3476 4536 3694 4604 nvem;

2149 4647 2212 4701 Εί
2237 4641 2304 4717 ἦν
2327 4647 2386 4698 ἐν
2418 4645 2500 4699 σοὶ
2529 4645 2590 4698 τὸ
2617 4643 2860 4714 Πνεῦμα,
2888 4645 2988 4699 οὐκ
3011 4642 3077 4698 ἃν
3102 4643 3462 4714 προκείμενον
3480 4637 3563 4690 τὸν
3594 4630 3696 4700 περὶ

2146 4737 2310 4791 αὐτοῦ
2333 4738 2489 4806 λόγον
2523 4739 2896 4810 παρέδραμες,
2926 4737 3117 4807 ὥσπερ
3153 4738 3201 4788 oi
3235 4733 3403 4805 πηροὶ
3435 4731 3526 4792 τὰς
3553 4725 3692 4794 ἀίεις,

2146 4829 2206 4882 τὸ
2223 4831 2329 4901 πρὸ
2347 4829 2456 4882 τῶν
2477 4830 2651 4884 ποδῶν
2668 4829 2917 4900 κείμενον
2943 4827 3164 4898 χρυσίον
3186 4824 3500 4894 ἀγνοοῦντες
3523 4812 3693 4886 παρέρ-

2153 4937 2354 4989 χονται.
2401 4921 2560 4973 Ἀλλά
2593 4920 2688 4974 νῦν
2733 4919 2864 4988 γοῦν
2891 4919 3143 4984 ἄκουσον,
3175 4917 3230 4970 εἷ
3269 4934 3332 4985 γε
3381 4913 3453 4985 μὴ
3491 4906 3694 4973 συνέχεις

2155 5012 2293 5066 κατά
2313 5014 2438 5074 τοὺς
2469 5013 2756 5074 Ἰουδαίους
2777 5013 2876 5082 τὴν
2895 5012 3081 5081 ἀκοήν.
3107 5009 3231 5072 Πῶς
3253 5005 3358 5061 εἶδε
3387 5008 3480 5076 τὴν
3501 5003 3693 5068 ὑπερου·

2159 5105 2339 5174 ράνιον
2381 5103 2536 5168 δόξαν
2567 5106 2594 5156 ό
2649 5103 2953 5173 Στέφανος;
2994 5102 3076 5165 τίς
3115 5101 3263 5169 αὐτῷ
3297 5099 3392 5160 τὰς
3425 5093 3587 5152 πύλας
3607 5083 3694 5174 τῷν

2151 5194 2396 5266 οὐρανῶν
2429 5194 2783 5259 διεπέτασεν;
2819 5189 2946 5263 'Ap'
2981 5192 3329 5264 ἀνθρωπίνης
3359 5187 3618 5256 δυνάμεως
3641 5171 3693 5244 ἦν

2157 5289 2216 5341 τὸ
2262 5287 2627 5359 κατόρθωμα;
2680 5283 2792 5359 ἆρά
2837 5304 2982 5352 τινος
3020 5286 3128 5339 τῶν
3193 5283 3440 5353 ἀγγέλων
3489 5275 3610 5346 πρὸς
3644 5267 3693 5318 τδ

2158 5380 2290 5450 ὕψος
2335 5381 2512 5461 ἐκεῖνο
2559 5379 2658 5451 τὴν
2687 5381 2836 5433 κάτω
2866 5378 3128 5449 κειμένην
3171 5377 3331 5444 φύσιν
3369 5365 3692 5461 ἀναϐιϐάσαν-

2157 5492 2280 5541 το;;
2311 5473 2425 5527 Οὐκ
2466 5472 2582 5525 ἐστι
2626 5472 2828 5527 ταῦτα·
2872 5471 2934 5524 οὐ
2975 5470 3084 5541 γάρ
3133 5467 3365 5536 οὖτωςή
3405 5461 3516 5516 κατ’
3559 5451 3691 5541 αὐτόν

2159 5564 2368 5636 ἱστορία
2403 5566 2587 5633 φησίν,
2621 5564 2700 5616 δτι
2740 5561 3010 5629 Στέφανος
3050 5561 3104 5614 δὲ
3145 5559 3309 5622 πολὺς
3335 5555 3470 5610 κατὰ
3500 5550 3587 5618 τὴν
3621 5539 3686 5596 δῦ·
