3882 6418
179 334 271 392 71⁸1
1450 322 1518 379 ΙΝ
1548 320 1606 378 S.
1641 318 1727 377 ST

1832 318 2094 378 lIANUM.

3308 315 3415 372 7l8

176 461 322 518 ναμιν
349 442 452 507 ὢν.
486 439 518 511 ἦ
574 440 673 510 τῆς
705 440 1003 511 ἀπελικῆς
1042 437 1288 511 βοηθείας
1327 437 1540 508 πλήρης
1574 436 1726 505 γενό-

1832 433 2076 488 mitatem
2134 429 2408 486 infernam
2469 438 2721 484 naturam
2773 429 2997 486 evexit?
3030 428 3148 485 Non
3187 431 3299 486 haec
3343 436 3415 487 ita

179 552 337 608 μενος,
358 528 493 585 εἶδεν
517 529 554 584 ἂ
583 523 745 585 εἶδεν.
801 530 960 584 Ἀλλά
986 530 1040 583 τί
1080 529 1259 597 tam;
1292 528 1595 597 Στέφανος
1633 526 1725 595 δὲ,

174 625 387 693 πλήρης
405 621 488 676 ὢν
512 622 857 693 Πνεύματος
890 621 1084 691 ἁγίου,
1105 616 1227 672 εἶδε
1258 618 1374 686 τὴν
1407 617 1597 682 δόξαν
1619 616 1724 671 τοῦ

175 713 305 770 Θεοῦ
339 713 431 766 καί
462 710 896 781 τὸνμονογενῆ
939 710 1047 765 τοῦ
1088 709 1235 764 Θεοῦ
1290 709 1443 763 Υίόν.
1484 708 1560 761 Οὐ
1618 706 1725 780 γὰρ

172 808 290 870 εστι,
319 802 495 868 καθώς
540 820 705 874 φησιν
753 804 782 857 ὁ
816 804 1145 874 Προφήτης,
1198 800 1260 853 τὸ
1303 799 1419 869 φῶς
1460 798 1723 868 ὀφθῆναι,

174 900 238 970 μὴ
266 900 319 951 ἐν
341 896 414 967 τῷ
435 894 570 964 φωτὶ
600 893 1003 966 καθορώμενον.
1038 893 1142 948 Ἐν
1163 892 1271 964 γὰρ
1305 892 1385 957 τῷ
1410 890 1560 960 φωτί
1584 906 1723 957 σου,

171 989 333 1060 φησὶν,
377 987 637 1056 ὀψόμεθα
673 983 820 1055 φῶς.
856 986 919 1039 Ei
953 980 1046 1039 οῦν
1095 985 1196 1039 οὐκ
1247 983 1521 1054 ἐνδέχεται
1555 981 1630 1054 μὴ
1668 982 1727 1035 ὲν

162 1080 235 1158 ⁹τῷ
260 1079 385 1148 φωτὶ
413 1077 661 1148 γενέσθαι
701 1078 801 1148 τὴν
829 1078 923 1132 τοῦ
957 1077 1134 1147 φωτὸς
1162 1075 1397 1148 θεωρίαν
1416 1090 1430 1105 ·
1467 1074 1585 1140 πῶς
1617 1074 1727 1146 γὰρ

169 1169 297 1222 ἐστιν
324 1169 527 1222 ἀπιδεῖν
567 1170 646 1232 είς
688 1167 780 1222 τὸν
828 1168 979 1240 ἥλιον
1020 1167 1125 1234 ἔξω
1154 1167 1265 1220 τῶν
1297 1166 1532 1220 ἀκτίνων
1575 1165 1728 1235 γενό-

176 1279 347 1333 μενον;
386 1263 506 1314 ἐπεὶ
530 1259 625 1315 οὖν
650 1263 709 1315 ὲν
744 1261 824 1331 τῷ
858 1262 1000 1331 φωτὶ
1053 1259 1148 1313 τοῦ
1182 1258 1417 1330 Πατρδς,
1448 1258 1727 1312 τουτέστιν

168 1351 217 1403 ὲν
248 1350 319 1421 τῷ
355 1350 626 1421 Πνεύματι
655 1349 733 1421 τῷ
761 1350 901 1420 ἁγίῳ
932 1348 1010 1420 τῷ
1044 1348 1255 1403 ἐκεῖθεν
1284 1348 1725 1420 ἐκπορευομένῳ,

169 1441 220 1494 τὸ
253 1442 533 1510 Μονογενὲς
565 1441 866 1513 καθορᾶται
919 1442 1063 1510 φῶς·
1098 1441 1185 1495 διὰ
1215 1439 1374 1493 τοῦτο
1412 1458 1727 1512 προκαταν-

169 1533 363 1601 γασθεὶς
388 1535 451 1604 τῇ
485 1532 611 1604 δόξῃ
636 1532 730 1584 τοῦ
756 1531 1098 1602 Πνεύματος,
1134 1532 1191 1585 ὲν
1226 1531 1477 1603 περινοίᾳ
1503 1530 1604 1601 τῆς
1634 1528 1728 1585 τοῦ

167 1624 351 1696 Πατρὺς
393 1626 485 1678 καὶ
524 1621 619 1677 τοῦ
658 1622 790 1676 Υῐοῦ
823 1623 981 1695 δόξης
1013 1624 1242 1691 γίνεται.
1284 1622 1456 1686 Ἐπεὶ,
1483 1621 1600 1685 πῶς
1634 1622 1730 1692 τὴν

168 1715 494 1787 εὐαγγελικὴν
522 1714 796 1784 ἀπόφασιν
828 1714 1116 1786 ἀληθεύειν
1165 1716 1433 1787 φήσομεν,
1468 1714 1551 1767 ὅτι
1583 1713 1731 1767 Θεὸν

165 1808 341 1874 οὐδεὶς
380 1807 601 1878 ἑώρακε
636 1807 904 1872 πώποτε;
931 1807 1055 1872 Πῶς
1083 1807 1141 1861 δὲ
1168 1808 1259 1863 τὸν
1299 1806 1617 1860 Ἀπόστολον
1650 1805 1725 1879 μὴ
1757 1789 1799 1846 Β

165 1900 355 1953 ἐναντία
385 1903 495 1964 τοῖς
532 1899 866 1972 ίστορηθεῖσι
902 1899 1051 1971 βοᾷν,
1083 1900 1210 1953 ὅταν
1246 1899 1395 1968 λέγει
1414 1916 1428 1929 ·
1455 1898 1605 1953 Οὔτε
1634 1916 1725 1964 τις

162 1987 302 2047 εἶδεν
320 1994 503 2048 αὐτὸν
525 1992 872 2063 ἀνθρώπων,
897 1994 1036 2047 οὔτε
1064 1991 1212 2047 ἰδεῖν
1231 1991 1516 2056 durarat;
1538 1991 1600 2043 El
1617 1990 1723 2062 γὰρ

163 2085 450 2158 ἀνθρωπίνῃ
480 2085 644 2155 φύσει
686 2103 747 2140 τε
787 2086 882 2140 καὶ
927 2085 1174 2155 δυνάμει,
1216 2084 1249 2155 ἡ
1281 2082 1376 2138 τοῦ
1408 2082 1621 2155 Πατρός
1663 2098 1724 2135 τε

162 2176 352 2231 καὶτοῦ
382 2178 512 2232 Υίοῦ
542 2178 670 2246 δόξα
698 2178 920 2249 χωρητὴ
946 2177 1185 2248 κατέστη
1207 2193 1220 2209 ·
1252 2175 1453 2248 ψευδὴς
1482 2174 1722 2240 πάντως,

163 2271 474 2343 όάχὼρητον
503 2270 819 2344 ἀνθρώποις
857 2270 1279 2343 ἀποφηνάμενος
1316 2266 1456 2323 εἶναι
1492 2269 1554 2322 τὸ
1583 2268 1725 2323 θεῖον

162 2361 337 2431 θέαμα.
382 2363 545 2417 Ἀλλά
593 2363 700 2435 μὴν
725 2361 850 2417 οῦτε
888 2365 1093 2417 ἐκεῖνον
1129 2361 1453 2433 ψεύδεσθαι,
1488 2362 1581 2416 καὶ
1624 2360 1725 2431 τὴν

164 2452 378 2525 ίστορίαν
402 2453 693 2527 ἀληθεύειν
718 2453 1052 2523 ἐπάναγκες.
1089 2454 1234 2525 ’Ἄρα
1274 2451 1522 2524 φανερῶς
1555 2453 1588 2523 ἠ
1629 2468 1726 2505 κα·

162 2546 367 2616 κουργία
410 2547 521 2602 τῶν
571 2546 1049 2618 Πνευματομάχων
1108 2545 1461 2618 πεφώραται,
1513 2545 1592 2599 ὅτι
1647 2545 1726 2616 τῷ

160 2639 308 2709 ὁμοίῳ
341 2637 683 2710 καθορᾶσθαι
719 2637 789 2692 τὰ
839 2639 1000 2709 ὅμοια
1037 2638 1188 2710 παρά
1224 2637 1325 2708 τῆς
1359 2638 1583 2709 Γραφῆς
1627 2654 1723 2707 με-

164 2730 501 2802 μαρτύρηται.
546 2730 607 2784 Ὀ
640 2728 749 2801 γάρ
787 2728 1057 2798 Στέφανος
1086 2728 1187 2782 οὒκ
1224 2728 1285 2782 ὲν
1316 2729 1382 2799 τῇ
1409 2727 1743 2800 ἀνθρωπίνῃ⁸

162 2819 299 2887 φύσει
336 2839 394 2875 τε
436 2823 536 2876 καὶ⁷
566 2820 792 2892 δυνάμει
830 2821 1007 2891 μένων
1049 2821 1112 2875 τὸ
1139 2820 1294 2875 Θεῖον
1327 2820 1514 2891 βλέπει
1534 2836 1547 2850 °
1589 2820 1725 2874 ἀλλά

162 2912 279 2982 πρὸς
313 2913 410 2985 τὴν
453 2909 556 2967 τοῦ
598 2912 755 2982 ἁγίου
806 2912 1122 2983 Πνεύματος
1159 2913 1318 2984 χάριν
1360 2912 1721 2984 ἀνακραθεὶς,

159 3003 217 3058 δι’
252 3008 451 3062 ἐκείνου
493 3006 689 3079 ὑψώθη
737 3008 874 3079 πρὸς
900 3006 999 3079 τὴν
1040 3007 1133 3061 τοῦ
1186 3006 1322 3061 Θεοῦ
1373 3006 1721 3076 κατανόησιν.

161 3097 347 3153 Οὐκοῦν
373 3102 421 3154 εί
450 3099 627 3171 χωρὶς
648 3098 744 3153 τοῦ
774 3098 1091 3170 Πνεύματος
1121 3097 1244 3152 οὔτε
1278 3098 1477 3171 Κύριον
1519 3098 1725 3170 Ἰησοῦν

161 3187 286 3245 ἔστιν
329 3194 526 3259 εἰπεῖν,
571 3191 754 3256 καθώς
791 3209 955 3264 φησιν
1001 3193 1030 3245 ὁ
1081 3192 1433 3257 Ἀπόστολος,
1469 3192 1592 3248 οὔτε
1628 3192 1728 3265 τὴν

163 3279 417 3357 Πατρικὴν
463 3281 630 3349 δόξαν
673 3283 1009 3354 κατανοῆσαι
1033 3300 1047 3314 ο
1081 3283 1353 3337 δέδεικται
1396 3285 1603 3354 σαφῶς,
1647 3286 1730 3338 ὅτι

162 3372 278 3428 ὅπου
322 3377 379 3429 τὸ
432 3374 670 3447 Πνεῦμά
718 3377 888 3440 ἐστιν,
932 3376 1050 3429 ἐκεῖ
1071 3376 1166 3428 καὶ
1198 3375 1226 3425 ὁ
1254 3376 1382 3440 Υἱὸς
1408 3376 1727 3449 καθορᾶται,

162 3467 243 3521 καὶ
280 3470 311 3540 ἡ
351 3468 615 3541 [ἰατρικὴ
642 3468 771 3533 δόξα
810 3468 1313 3538 καταλαμϐάνεται.
1372 3469 1511 3523 Ἀλλ’
1545 3470 1731 3539 ἕτερον

160 3557 274 3628 ἡμῖν
300 3563 363 3614 ὲκ
388 3558 498 3615 τῶν
535 3560 931 3632 ἱστορηθέντων
958 3560 1122 3614 ὅπλον
1156 3560 1413 3624 ἀσεϐείας
1445 3561 1594 3634 παρὰ
1620 3561 1732 3615 τῶν

160 3648 541 3723 Χριστομάχων
590 3650 970 3722 προϐάλλεται.
1021 3649 1164 3702 Φασὶ
1207 3649 1317 3721 γὰρ
1367 3649 1427 3703 τὸ
1471 3650 1733 3713 καταδεὲς

159 3738 239 3792 τοῦ
279 3740 620 3811 Μονογενοῦς
667 3741 755 3796 διὰ
801 3741 993 3796 τούτου
1060 3741 1446 3812 σημαίνεσθαι.
1501 3740 1575 3794 Τὸ
1622 3741 1732 3814 γὰρ

160 3836 479 3903 ⁴ιιιιρεστόιναι
538 3833 704 3888 αὐτὸν
743 3836 811 3905 τῇ
851 3833 1002 3903 δεξιᾷ
1043 3832 1137 3888 τοῦ
1178 3835 1412 3904 Πατρδς,
1457 3834 1732 3900 ἀπόδειξιν

160 3924 419 3980 ποιοῦνται
439 3925 541 3981 τοῦ
571 3925 878 3995 ὑποχείριον
895 3921 1035 3981 εἶναι
1057 3928 1122 3997 τῇ
1141 3925 1237 3979 τοῦ
1265 3925 1473 3998 ΙΙατρὺς
1492 3925 1728 3997 ἐξουσίᾳ.

159 4013 216 4067 Τί
242 4006 330 4072 οὖν
349 4019 378 4071 ὁ
404 4017 655 4080 Παῦλος,
691 4017 826 4088 πρὸς
857 4017 1053 4080 αὐτοὺς
1078 4016 1290 4088 εἴποιμι
1322 4016 1388 4071 ἄν
1412 4035 1426 4082 ;
1452 4018 1505 4070 τί
1529 4017 1587 4070 δὲ
1635 4017 1733 4071 καὶ⁵

160 4110 253 4180 πρὸ
305 4113 517 4166 ἐκείνου
558 4110 587 4161 ὁ
621 4110 905 4181 προφήτης
953 4109 1149 4171 Δαϐὶδ,
1197 4109 1497 4179 ἀμφότεροι
1548 4110 1614 4179 τῇ
1657 4107 1734 4160 δι-

160 4196 407 4273 δασκαλία
446 4200 550 4255 τοῦ
592 4198 909 4269 Πνεύματος
936 4197 1035 4267 τὴν
1077 4195 1171 4250 τοῦ
1205 4195 1545 4265 Μονογενοῦς
1575 4195 1733 4262 δόξαν

159 4290 595 4365 ὲκδιηγούμενοις
627 4291 695 4345 Ὃ
722 4307 785 4344 τε
810 4289 919 4361 γὰρ
941 4288 1106 4341 Δαὸίδ
1137 4304 1323 4360 φησιν,
1346 4284 1534 4343 Eine?
1564 4292 1597 4341 ὁ
1620 4289 1735 4342 Κύ-

153 4399 268 4451 ριος
302 4384 382 4453 τῷ
415 4384 618 4454 Κυρίῳ
646 4400 788 4453 μου·
824 4382 1026 4439 Κάθου
1054 4381 1122 4435 ἐκ
1159 4379 1377 4446 δεξιῶν
1402 4399 1541 4451 μου.
1579 4381 1637 4434 '0
1677 4380 1734 4434 δὲ

1828 535 1998 589 sunt,
2041 541 2149 579 non
2189 524 2336 581 enim
2377 523 2452 577 ita
2487 523 2554 578 de
2592 539 2658 578 eo
2708 522 2940 579 historia
2972 523 3142 587 dicit,
3187 539 3413 593 nempe:

1830 616 2142 687 Stephanus
2181 624 2363 672 autem
2405 629 2532 671 cum
2569 616 2780 671 viribus
2822 616 3091 686 polleret,
3142 624 3238 670 aut
3288 631 3415 670 cum

1827 693 2047 764 abunde
2096 708 2146 763 ei
2206 715 2523 778 suppeteret
2576 706 2883 778 angelicum
2933 705 3232 769 auxilium,
3279 706 3419 761 vidit

1826 816 1888 856 ea
1927 816 2048 871 qua}.
2077 800 2231 856 vidit.
2258 798 2364 855 Sed
2390 798 2521 869 quid
2556 798 2728 853 dicit?
2772 796 3069 867 Stephanus
3097 806 3272 852 autem
3296 814 3415 851 cum

1825 902 1960 948 esset
1988 893 2172 963 plenus
2195 891 2401 961 Spiritu
2425 901 2631 957 saneto,
2665 891 2793 946 vidit
2825 891 3055 961 gloriam
3079 888 3179 944 Dei
3212 901 3262 945 et
3292 892 3415 946 uni-

1827 984 2059 1053 genitum
2088 982 2183 1038 Dei
2203 981 2411 1037 Filium
2436 982 2504 1035 ³ο.
2530 981 2649 1037 Νοιι
2674 982 2822 1037 enim
2852 980 2971 1038 ﬁeri
2998 988 3212 1052 potest,
3245 991 3306 1036 ut
3332 982 3418 1037 in-

1828 1074 1947 1145 quit
1979 1072 2249 1144 Propheta
2270 1114 2285 1139 ,
2329 1083 2387 1129 ut
2430 1075 2612 1130 lumen
2649 1072 2923 1140 videatur,
2960 1073 3068 1127 nisi
3100 1088 3200 1144 per
3232 1073 3418 1129 lumen

1828 1152 2225 1236 conspiciatur.
2274 1165 2343 1221 In
2390 1165 2586 1221 lumine
2617 1164 2766 1220 enim
2790 1205 2805 1230 ,
2849 1164 3063 1235 inquit,
3095 1173 3183 1218 tuo
3216 1165 3417 1220 videbi—

1829 1274 1947 1313 mus
1986 1258 2162 1314 lumen
2190 1258 2259 1314 “.
2308 1258 2367 1313 Si
2415 1257 2582 1329 igitur
2627 1271 2737 1311 non
2786 1256 2893 1311 nisi
2928 1272 3026 1326 per
3060 1258 3247 1313 lumen
3292 1258 3410 1314 ﬁeri

1832 1350 2056 1408 luminis
2085 1350 2479 1421 contemplatio
2506 1357 2706 1420 potest,
2731 1349 3009 1418 quomodo
3038 1350 3084 1403 si
3109 1350 3234 1419 quis
3258 1358 3416 1404 extra

1829 1443 2017 1498 radios
2045 1451 2320 1506 versetur,
2365 1441 2537 1497 solem
2582 1440 2837 1496 contueri
2886 1441 3110 1510 potest?
3141 1442 3414 1507 Quoniam

1836 1532 2006 1602 igitur
2059 1548 2156 1603 per
2200 1533 2387 1588 lumen
2432 1531 2651 1597 Patris,
2704 1531 2809 1586 hoc
2846 1541 2968 1596 est,
3018 1548 3114 1602 per
3148 1531 3414 1603 Spiritum

1831 1634 2085 1679 sanctum
2110 1624 2261 1680 illinc
2289 1624 2675 1695 procedentem
2698 1622 3052 1693 Unigenitum
3075 1625 3418 1696 conspicitur

1835 1715 2062 1770 lumen:
2106 1714 2318 1771 idcirco
2358 1714 2535 1785 gloria
2578 1714 2822 1785 Spiritus
2872 1718 3027 1785 prius
3072 1715 3419 1772 illuminatus

1827 1807 1987 1877 plena
2031 1807 2233 1863 mentis
2280 1806 2810 1877 comprehensione,
2860 1815 2917 1862 et
2960 1806 3140 1864 Patris
3192 1818 3248 1863 et
3294 1807 3418 1864 Filii

1826 1899 2056 1970 gloriam
2109 1898 2344 1969 percipit
2390 1906 2445 1954 et
2499 1898 2907 1955 animadvertit.
2952 1898 3084 1954 Nam
3140 1903 3419 1971 quomodo

1827 1992 2031 2061 alioqui
2065 1992 2271 2048 dictum
2314 1992 2692 2064 evangelicum
2714 2034 2727 2057 ,
2762 1993 2931 2048 Deum
2975 2010 3126 2049 nemo
3157 1996 3288 2050 uidit
3317 2013 3420 2052 un-

1824 2103 1986 2158 quam
2024 2089 2091 2153 ",
2125 2102 2315 2143 verum
2361 2101 2486 2143 esse
2526 2086 2821 2143 dicemus?
2864 2102 2973 2157 qua
3015 2088 3236 2144 ratione
3284 2090 3415 2145 item

1828 2179 2150 2250 Apostolum
2208 2193 2320 2234 non
2366 2180 2645 2234 contraria
2687 2179 2754 2235 iis
2804 2195 2927 2250 quae
2970 2181 3250 2237 memoriae
3290 2196 3417 2253 pro-

1833 2269 1949 2325 dita
1980 2285 2046 2325 ac
2071 2271 2269 2328 litteris
2301 2270 2557 2325 mandata
2589 2279 2749 2336 sunt,
2779 2272 3065 2327 clamare?
3092 2288 3219 2328 cum
3246 2274 3381 2330 dicit
3400 2317 3415 2335 .

1829 2360 1943 2416 Nec
1966 2362 2248 2433 quisquam
2270 2362 2542 2419 hominum
2564 2363 2695 2418 cidit
2713 2405 2727 2427 ,
2755 2379 2917 2434 neque
2942 2363 3115 2419 videre
3138 2376 3310 2434 potest
3334 2366 3419 2420 "2

1825 2450 1962 2507 Nam
1994 2454 2041 2509 si
2088 2453 2159 2508 ab
2204 2453 2448 2509 humana
2481 2455 2532 2509 vi
2569 2466 2733 2525 atque
2778 2462 3008 2519 natura,
3039 2464 3095 2512 et
3137 2455 3317 2513 Patris
3363 2468 3420 2513 et

1826 2541 1950 2600 Filii
1984 2546 2158 2617 gloria
2188 2547 2394 2617 percipi
2426 2556 2646 2617 posset,
2680 2547 2915 2603 mendax
2961 2557 3017 2603 et
3058 2564 3233 2605 vanus
3267 2564 3418 2620 pror-

1828 2652 1924 2694 sus
1952 2645 2100 2695 esset
2152 2640 2223 2705 is,
2256 2638 2352 2708 qui
2386 2638 2546 2702 dixit,
2597 2639 2853 2695 homines
2897 2640 3070 2695 divini
3114 2642 3417 2709 spectaculi

1826 2742 2061 2799 capaces
2094 2742 2204 2782 non
2255 2743 2400 2785 esse.
2446 2728 2614 2798 Atqui
2657 2744 2840 2799 neque
2908 2730 3061 2784 illum
3110 2731 3333 2787 mentiri
3366 2740 3421 2786 et

1828 2820 2119 2876 historiam
2146 2834 2334 2875 veram
2360 2834 2486 2876 esse
2512 2816 2741 2877 necesse
2767 2827 2873 2876 est.
2900 2819 3045 2892 Ergo
3066 2822 3278 2876 malitia
3304 2820 3419 2893 Spi-

1827 2914 1968 2969 ritus
2003 2912 2179 2968 sancti
2224 2911 2464 2968 hostium
2518 2910 2813 2968 manifesto
2863 2912 3209 2984 deprehensa
3247 2929 3419 2985 appa-

1829 3012 1934 3067 ret,
1979 3004 2108 3074 quia
2145 3003 2467 3060 testimonio
2513 3002 2809 3074 Scriptura:
2848 3005 3136 3075 probatum
3165 3014 3251 3062 est
3284 3021 3315 3061 a
3343 3008 3420 3061 si-

1829 3097 1945 3151 mili
1969 3095 2175 3151 similia
2211 3096 2390 3152 cerni.
2410 3095 2547 3151 Nam
2573 3111 2684 3152 non
2709 3098 2766 3152 in
2792 3096 3031 3151 humana
3060 3106 3258 3153 natura
3281 3113 3346 3154 ac
3367 3101 3418 3153 vi

1832 3204 2065 3246 manens
2091 3190 2409 3260 Stephanus
2435 3204 2638 3246 numen
2664 3189 2910 3245 divinum
2933 3192 3146 3246 cernit:
3172 3191 3269 3247 sed
3292 3207 3421 3247 cum

1831 3283 2005 3352 gratia
2039 3282 2216 3339 sancti
2248 3283 2491 3353 Spiritus
2523 3281 2824 3353 permistus
2851 3289 2907 3338 et
2937 3288 3420 3353 contemperatus,

1834 3386 1930 3440 per
1964 3372 2118 3426 illum
2149 3371 2405 3428 sublatus
2426 3379 2482 3427 et
2503 3378 2728 3428 evectus
2759 3378 2846 3426 est
2874 3369 2944 3425 ad
2966 3371 3059 3425 Dei
3085 3373 3425 3443 contempla-

1832 3468 2061 3523 tionem.
2111 3467 2384 3533 Quocirca
2436 3468 2483 3523 si
2516 3468 2725 3537 absque
2757 3466 2969 3538 Spiritu
3012 3482 3192 3537 neque
3237 3468 3425 3524 Domi-

1833 3576 1965 3616 num
1991 3559 2177 3616 Jesnm
2205 3559 2393 3615 dicere
2418 3559 2580 3623 licet,
2616 3567 2675 3613 ut
2703 3559 2881 3630 inquit
2902 3560 3205 3630 Apostolus
3231 3561 3301 3624 “,
3331 3575 3424 3616 ne-

1833 3666 1943 3721 que
1980 3660 2264 3720 paternam
2284 3651 2516 3721 gloriam
2542 3650 2904 3720 contemplari
2938 3669 2952 3706 :
2982 3652 3421 3706 demonstratum

1833 3751 1918 3799 est
1957 3750 2177 3814 aperte,
2210 3742 2374 3813 quod
2408 3742 2499 3797 ubi
2542 3740 2786 3812 Spiritus
2834 3742 2943 3807 sit,
2991 3743 3104 3797 illic
3133 3742 3301 3797 etiam
3332 3740 3424 3795 Fi-

1835 3835 1943 3891 lius
1984 3836 2253 3900 cernitur,
2304 3843 2359 3891 et
2407 3843 2639 3906 paterna
2693 3834 2866 3905 gloria
2915 3833 3420 3905 comprehenditur.

1835 3926 2039 3984 Verum
2069 3930 2218 3984 aliud
2264 3930 2428 3985 nobis
2456 3946 2525 3985 ex
2555 3930 2623 3984 iis
2647 3971 2660 3995 ,
2696 3944 2821 3999 quae
2863 3928 2918 3982 in
2963 3927 3201 3983 historia
3243 3927 3423 3982 conti-

1835 4029 2060 4083 nentur,
2117 4021 2421 4091 impietatis
2458 4024 2628 4076 telum
2669 4035 2698 4075 a
2740 4020 3215 4084 Christomachis,
3256 4018 3311 4072 id
3340 4027 3425 4074 est

1836 4113 2039 4168 Christi
2084 4113 2325 4169 hostibus
2347 4154 2362 4178 ,
2399 4114 2685 4182 obiicitur.
2724 4112 2897 4166 Aiunt
2926 4113 3071 4166 enim
3104 4108 3422 4165 interiorem

1837 4203 2117 4276 Uuigeniti
2153 4206 2475 4275 dignitatem
2515 4220 2611 4274 per
2647 4208 2761 4259 haec
2795 4202 3120 4272 signiﬁcari.
3155 4199 3291 4253 Nam
3327 4214 3424 4269 per

1835 4294 1976 4359 hoc,
2027 4294 2173 4366 quod
2222 4294 2447 4349 assistat
2499 4295 2566 4348 ad
2610 4293 2892 4349 dexteram
2940 4292 3146 4357 Patris,
3197 4291 3425 4347 demon-

1837 4394 2016 4442 strare
2041 4394 2340 4451 conantur,
2385 4400 2510 4440 eum
2557 4386 2838 4440 subditum
2883 4399 3006 4439 esse
3042 4382 3226 4440 Patris
3278 4395 3426 4454 pote-

167 4476 474 4542 ’Δπόστολος
498 4480 560 4530 ὲν
584 4476 733 4547 δεξιᾷ
754 4474 850 4529 τοῦ
882 4475 1070 4547 θρόνου
1099 4473 1193 4529 τοῦ
1224 4472 1361 4528 Θεοῦ
1388 4473 1727 4528 κεκαθιγέναι

1840 4481 1989 4535 stati.
2048 4480 2191 4548 Quid
2242 4481 2409 4553 igitur
2455 4480 2704 4535 Paulus?
2734 4480 2923 4535 Dicam
2975 4481 3041 4535 ad
3082 4496 3220 4536 eos:
3279 4481 3423 4547 Quid

158 4566 291 4638 λέγει
316 4572 407 4626 τὸν
429 4570 654 4641 Κύριον.
686 4570 749 4622 Ei
786 4564 879 4621 οῦν
912 4569 945 4638 ή
988 4567 1178 4630 στάσις
1210 4567 1309 4637 τῆς
1351 4566 1730 4629 ἐλαττώσεως.

76 4686 81 4691 ~
157 4661 186 4728 ἠ
222 4661 455 4732 καθέδρα
499 4660 716 4723 πάντως
747 4659 849 4729 τῆς
882 4659 1176 4729 ὁμοτιμίας
1213 4658 1330 4712 ἐστὶ
1379 4660 1630 4729 σημεῖον,
1694 4658 1727 4727 ἢ

159 4750 321 4805 τοίνυν
344 4751 898 4824 παραγραφέσθωσαν
924 4751 1024 4811 τὰς
1050 4751 1375 4821 θεοπρεπείς
1404 4750 1731 4820 μαρτυρίας,

159 4841 220 4897 δι’
267 4838 340 4898 ὧν
390 4845 454 4897 τὸ
504 4844 710 4914 ὑψηλὸν
744 4846 839 4913 τῆς
886 4842 1066 4906 δεξιᾶς
1103 4842 1543 4911 διασημαίνεται.
1575 4842 1606 4911 ἢ
1641 4843 1736 4895 καὶ

160 4934 350 5006 ταύτην
376 4934 617 4999 εὐσεϐῶς
656 4934 1080 5003 ὲκδεχὲσθωσαν.
1119 4927 1212 4995 Εἷς
1249 4936 1357 5003 γὰρ
1391 4932 1475 5001 ἐφ’
1503 4933 1733 4987 ἑκάστου

159 5026 258 5080 τῶν
288 5028 599 5098 εἰρημένων
628 5026 971 5090 διδάσκαλος,
1004 5027 1038 5096 ἡ
1078 5023 1174 5078 τοῦ
1216 5024 1533 5095 Πνεύματος
1554 5025 1733 5097 χάρις.

172 5117 225 5170 '0
248 5119 346 5187 μὲν
372 5120 485 5190 γάρ
520 5118 815 5188 Στέφανος,
844 5118 1057 5190 πλήρης
1101 5116 1176 5170 ὢν
1204 5116 1521 5188 Πνεύματος
1551 5119 1733 5187 ἁγίου,

160 5205 259 5265 εἶδέ
283 5229 343 5264 τε
367 5212 405 5266 ἃ.
444 5211 553 5265 εἶδε
574 5229 586 5241 ·
627 5211 723 5265 καὶ
759 5210 796 5265 ἃ
823 5205 985 5274 εἶδεν,
1014 5208 1337 5277 ἐφθέγξατο.
1377 5210 1436 5264 '0
1469 5210 1527 5263 δὲ
1551 5211 1736 5272 Δαϐὶδ,

1837 4575 1964 4628 item
2002 4582 2131 4630 ante
2163 4575 2317 4629 illum
2365 4574 2531 4630 etiam
2574 4573 2838 4645 propheta
2872 4574 3040 4628 David
3063 4616 3077 4639 ,
3116 4574 3278 4641 ambo
3327 4588 3426 4646 per

1835 4665 2143 4721 doctrinam
2193 4668 2367 4724 sancti
2413 4666 2650 4737 Spir-itus
2678 4666 2954 4735 Unigeniti
2988 4667 3215 4737 gloriam
3252 4683 3421 4736 expo-

1842 4758 2081 4811 nentes?
2108 4755 2244 4810 Nam
2277 4764 2331 4810 et
2360 4754 2529 4810 David
2567 4757 2681 4810 ait:
2722 4755 2871 4808 Dixit
2907 4756 3161 4810 Dominus
3196 4756 3424 4810 Domino

1841 4863 1952 4902 meo
1971 4862 1989 4899 :
2011 4846 2191 4901 Sedea
2215 4842 2419 4901 dextris
2444 4850 2567 4902 meis
2594 4848 2670 4900 ’δι
2703 4855 2756 4902 et
2789 4849 3095 4917 Apostolus
3124 4849 3177 4900 in
3200 4849 3425 4901 dextera

1838 4937 1961 4992 solii
1995 4936 2087 4990 Dei
2130 4937 2322 4993 sedere
2372 4937 2663 4993 Dominum
2701 4938 2835 4993 dicit
2865 4939 2932 4990 ²⁶.
2969 4939 3022 4991 Si
3061 4938 3228 5007 igitur
3258 4940 3426 4991 statin

1834 5029 2238 5093 diminutionis,
2272 5031 2449 5085 sessio
2478 5044 2705 5100 prorsus
2734 5029 2979 5097 ejusdem
3015 5030 3202 5091 sortis,
3234 5029 3426 5083 condi-

1834 5121 2002 5175 tionis
2043 5131 2099 5177 et
2140 5123 2367 5177 honoris
2422 5125 2639 5193 signum
2691 5130 2793 5176 est.
2836 5121 2943 5175 Aut
2992 5121 3158 5191 igitur
3196 5129 3426 5191 augusta

1835 5228 1900 5268 ac
1927 5215 2114 5269 divina
2144 5214 2404 5284 rejiciant
2437 5216 2751 5271 testimonia
2772 5255 2787 5278 ,
2825 5229 2921 5284 per
2963 5229 3084 5284 quae
3116 5213 3427 5268 sublimitas

160 5299 214 5351 ὲν
260 5302 541 5372 Πνεύματι
577 5302 737 5355 αὑτὸν
786 5301 941 5353 καλεί
978 5301 1201 5370 Κύριον,
1251 5297 1434 5363 καθὼς
1481 5299 1628 5369 λέγει
1676 5300 1727 5356 τὲ

1840 5302 2049 5359 dextra:
2095 5305 2475 5375 signiﬁcatur:
2512 5312 2606 5357 aut
2647 5306 2811 5358 etiam
2861 5306 2965 5358 hoc
3010 5305 3096 5373 pie
3135 5303 3426 5373 recipiant.

161 5391 507 5463 Εὐαγγέλιον.
542 5393 751 5458 Παῦλος
793 5392 870 5456 δὲ,
905 5390 1086 5454 καθὼς
1115 5390 1276 5454 αὐτὸς
1310 5391 1517 5454 ἐκεῖνός
1546 5408 1735 5461 φησιν,

159 5483 211 5537 ὲν
245 5485 525 5556 Πνεύματι
577 5484 726 5539 λαλεῖ
762 5484 831 5538 τὰ
874 5483 1169 5554 μυστήρια.
1220 5483 1280 5535 Εἰ
1319 5477 1413 5535 οὖν
1461 5475 1541 5545 εἷς
1585 5483 1616 5536 ὁ
1659 5483 1736 5536 δι-

160 5570 438 5640 δάσκαλος,
485 5574 739 5647 οὐδεμίαν
808 5574 943 5644 πρὸς
996 5573 1186 5628 ἑαυτὸν
1244 5571 1539 5641 διαφωνίαν
1591 5573 1734 5643 ἔχων

226 5719 271 5750 ¹⁰
294 5719 416 5774 Act.
448 5735 552 5779 vlt.
575 5720 659 5775 35.

164 5788 208 5820 "
243 5789 457 5849 Coloss.
502 5806 586 5856 ιιι,
624 5793 679 5859 l;
713 5790 876 5847 llebr.
910 5806 948 5852 ι,
978 5790 1032 5842 5.
1110 5790 1152 5820 ’⁷
1183 5792 1306 5843 Act.
1339 5805 1412 5855 Vl,
1448 5789 1480 5843 8
1510 5804 1665 5861 seqq.

1845 5393 1964 5450 Una
1994 5397 2139 5451 enim
2173 5398 2441 5467 cujusque
2463 5397 2592 5451 dicti
2620 5398 2880 5467 magistra
2917 5410 2980 5451 ac
3013 5396 3225 5450 doctrix
3254 5397 3428 5467 gratia

1844 5492 2022 5545 sancti
2054 5489 2306 5561 .Spiritus
2331 5498 2438 5545 est.
2472 5487 2606 5541 Nam
2642 5487 2951 5558 Stephanus
2974 5490 3019 5520 "
3054 5489 3274 5559 quidem
3303 5504 3427 5543 cum

1845 5580 2041 5649 plenus
2070 5589 2220 5636 esset
2252 5580 2461 5650 Spiritu
2495 5587 2713 5645 sancto,
2741 5589 2796 5634 et
2824 5579 2961 5634 vidit
2990 5595 3076 5645 ea,
3109 5594 3231 5651 qua‘.
3259 5578 3391 5635 vidit
3416 5620 3428 5639 ,

736 5720 777 5791 ξ’
810 5718 954 5773 Psal.
979 5735 1149 5791 xxxv.
1182 5718 1268 5773 l0.
1350 5719 1395 5748 "
1420 5716 1577 5791 Joan.
1614 5735 1654 5781 ι,
1692 5719 1725 5774 8

1834 5721 1852 5753 ³
1881 5720 1901 5776 l
1929 5721 2170 5779 Timoth.
2197 5738 2270 5791 vr,
2308 5724 2396 5779 l6.
2458 5725 2503 5755 “
2533 5722 2701 5779 lCor.
2735 5738 2835 5791 xu,
2863 5724 2918 5779 '5.
2989 5723 3035 5755 “
3059 5719 3206 5779 Psal.
3228 5734 3344 5787 cu,
3378 5719 3429 5777 l.
