3882 6426
473 330 584 388 ’719

1716 323 1776 378 S.
1852 317 2182 379 GRECORH
2219 318 2514 379 NYSSENI
3597 320 3683 385 ἾΞο

474 453 532 503 et
569 461 692 517 qua:
718 443 877 510 vidit,
928 443 1145 498 loculus
1187 449 1306 498 cst:
1348 439 1518 496 David
1562 447 1742 495 autem
1769 440 1823 493 in
1865 438 2059 509 spiritu

2165 439 2213 508 (6
2231 437 2342 507 γὰρ
2365 435 2680 500 διδάσκαλός
2703 435 2816 488 ἐστι
2839 435 2923 504 τὸ·
2941 436 3164 508 Πνεῦμα
3189 435 3284 508 τῆς
3309 436 3547 508 ἀληθείας
3571 439 3621 492 τὸ
3640 443 3683 492 ὲν

481 538 766 593 Dominum
795 551 918 590 enm
940 541 1117 600 vocat,
1135 542 1194 588 ut
1215 532 1394 604 inquit
1411 531 1833 601 Evangelium",
1860 529 2062 586 Paulus

463 645 626 695 vero,
659 631 804 684 sicut
841 630 932 683 ille
976 629 1095 699 ipsc
1151 626 1304 692 dicit,
1367 641 1464 697 per
1517 626 1768 696 Spiritum
1820 624 2064 694 loquitur

476 722 735 795 mysteria
757 722 826 777 ".
856 720 914 774 Si
944 720 1112 790 igitur
1137 735 1281 775 unus
1311 719 1572 788 magister
1593 725 1698 783 est,
1727 717 1820 787 qui
1856 717 2062 772 nullam

477 830 665 872 secum
698 814 1131 886 discrepantiam
1167 811 1328 867 habet
1373 811 1656 882 (magister
1696 810 1841 866 enim
1901 809 2064 879 spiri-

461 917 570 963 tus
597 907 851 962 veritatis
883 913 1002 971 est,
1032 904 1124 974 qui
1159 903 1258 957 fuit
1299 902 1352 956 in
1399 901 1468 956 iis
1502 901 1594 972 qui
1633 903 1856 956 numine
1898 900 2063 956 aﬁlati

458 1005 645 1070 atque
658 998 944 1054 divinitate
961 996 1100 1066 rapti
1124 993 1390 1063 luerunt),
1404 1008 1510 1063 qua
1528 994 1740 1048 ratione
1753 993 1875 1063 quis
1891 993 2065 1048 diver-

467 1090 702 1144 sitatem
722 1095 776 1144 et
795 1086 1215 1157 discrepantiam
1248 1084 1624 1139 doctrinarum
1644 1084 1912 1166 suspicari
1935 1098 2064 1162 pos—

479 1179 584 1234 sit?
605 1180 675 1233 At
693 1179 856 1232 aliam
887 1177 1083 1243 sessio,
1111 1175 1309 1245 inquit,
1340 1181 1398 1229 et
1428 1174 1589 1229 aliam
1609 1175 1798 1238 statio,
1824 1181 1985 1244 prout
2008 1175 2062 1228 in

469 1280 730 1341 promptu
748 1285 818 1325 ac
843 1269 1002 1324 facile
1016 1274 1101 1324 est
1127 1267 1450 1338 intelligere,
1474 1267 1800 1322 sententiam
1837 1266 2061 1321 indicat.

480 1361 588 1416 Nec
608 1377 710 1432 ego
738 1375 900 1431 nego.
919 1358 1119 1415 Verum
1137 1375 1246 1414 non
1273 1359 1328 1412 id
1357 1358 1576 1428 quodin
1600 1358 1926 1428 corporibus
1941 1372 2064 1412 vero

483 1453 676 1507 borum
709 1451 1037 1524 signiﬁcatio
1056 1451 1442 1518 ostendit,hoc
1467 1450 1704 1506 etiamin
1738 1451 2062 1519 incorporea

477 1553 673 1598 natura
707 1543 790 1598 fas
816 1551 904 1600 est
937 1544 1275 1600 existimare.
1313 1542 1448 1598 Nam
1490 1543 1544 1598 in
1578 1543 1798 1598 homine
1843 1541 2060 1612 quidem

475 1638 678 1704 sessio,
702 1639 756 1691 in
789 1636 1012 1692 natibus
1042 1638 1294 1707 corporis
1321 1637 1652 1708 positionem
1687 1636 1954 1706 designat,
1996 1649 2064 1688 ne

480 1744 701 1799 semper
734 1728 1019 1783 contentio
1047 1743 1282 1797 genuum
1324 1743 1389 1782 ac
1419 1729 1687 1798 poplitum
1718 1728 1770 1780 in
1800 1741 1921 1781 sese
1939 1741 2059 1780 cor-

478 1821 630 1891 poris
671 1820 886 1890 pondus
935 1821 1214 1875 sustinens
1249 1821 1460 1875 laboret
1495 1837 1508 1874 :
1553 1827 1610 1874 et
1641 1827 1834 1874 contra
1869 1819 2054 1880 statio,

479 1912 711 1966 arduum
734 1920 788 1966 ct
817 1918 1059 1965 erectum
1115 1925 1279 1980 super
1312 1925 1487 1981 genua
1522 1910 1796 1964 hominem
1850 1905 2058 1978 signiﬁ-

479 2011 586 2067 cat,
629 2018 738 2056 non
784 2001 837 2056 in
887 2002 1110 2057 natibus
1139 2001 1381 2056 sedendo
1417 2003 1815 2073 quiescentem.
1855 1999 1913 2054 In
1958 2017 2057 2056 su-

479 2108 649 2163 perna
707 2102 892 2148 autem
941 2101 995 2148 et
1025 2093 1330 2150 excellente
1366 2101 1563 2148 natura
1616 2094 1684 2150 ab
1741 2093 2057 2166 huiusmodi

480 2182 850 2263 intellectibus
880 2194 934 2240 ct
967 2186 1144 2242 sessio
1173 2193 1229 2242 et
1261 2186 1425 2241 statio
1454 2202 1630 2242 vacua
1673 2195 1840 2258 atque
1882 2188 2057 2242 aliena

480 2283 587 2341 est,
613 2283 846 2346 utraque
876 2277 1083 2346 pariter
1111 2277 1180 2332 ab
1202 2292 1287 2342 ea,
1323 2291 1483 2346 quam
1519 2277 1770 2347 expedite
1795 2286 1958 2348 atque
2003 2279 2058 2332 in

480 2375 734 2437 promptu
784 2375 890 2433 est,
952 2368 1283 2438 intelligere,
1341 2367 1750 2438 signiﬁcatione
1781 2379 2055 2440 separata.

479 2457 668 2528 Neque
680 2461 825 2514 enim
844 2461 896 2514 in
915 2461 1217 2530 poplitibus
1233 2462 1526 2517 stationem
1540 2462 1679 2531 ejus,
1709 2464 1853 2534 quod
1878 2465 2032 2519 incor
2045 2494 2060 2505 -

473 2565 707 2621 porcum
726 2560 812 2606 est
828 2567 1004 2620 neque
1018 2554 1072 2607 in
1089 2555 1313 2610 natibus
1325 2556 1626 2611 sessionem
1642 2556 1783 2625 ejus,
1803 2557 1951 2628 quod
1967 2573 2060 2613 ex-

481 2655 607 2710 pers
630 2640 814 2708 ﬁgura:
831 2647 937 2705 est,
957 2642 1290 2712 accipiemus
1309 2666 1320 2698 :
1340 2643 1434 2698 sed
1455 2659 1550 2713 per
1567 2654 1856 2718 utramque
1869 2661 2058 2702 vocem

481 2731 532 2785 id
561 2731 708 2802 quod
739 2732 977 2799 inomni
1017 2736 1160 2789 bono
1189 2736 1405 2802 stabile,
1436 2745 1490 2792 et
1521 2737 1573 2790 in
1607 2739 1754 2792 omni
1781 2739 1925 2793 bono
1959 2740 2061 2801 im-

480 2823 742 2878 mutabile
768 2833 872 2887 est,
900 2823 984 2893 pie
1013 2825 1400 2897 intelligemus.
1422 2827 1556 2882 Nam
1570 2838 1678 2882 tam
1704 2829 1752 2886 is
1773 2830 1866 2899 qui
1891 2839 2057 2897 stare,

478 2931 643 2986 quam
673 2915 768 2985 qui
822 2915 1016 2971 sedere
1077 2933 1282 2974 numen
1335 2919 1580 2974 divinum
1633 2923 1846 2986 dicunt,
1902 2924 2056 2990 nihil,

485 3007 632 3076 quod
666 3005 732 3058 ad
766 3006 1095 3061 sententiam
1129 3009 1348 3074 attinet,
1393 3010 1715 3067 diversitate
1769 3013 2059 3068 verborum

2161 531 2274 594 τοῖς
2319 529 2768 600 θεοφορουμένοις
2795 531 3104 601 γενόμενον)
3129 547 3143 561 ο
3195 531 3311 594 πῶς
3359 531 3422 584 ἀν
3461 548 3537 593 τις
3589 531 3686 585 διας

2164 620 2367 689 φωνίαν
2405 619 2527 674 τινὰ
2557 620 2666 674 τῶν
2709 620 2993 692 δογμάτων
3027 621 3538 686 καθυποπτεύσειεν;
3576 621 3688 674 Ἀλλ’

2162 713 2348 786 ἓτερον
2372 715 2405 785 ή
2431 713 2688 785 καθέδρα,
2737 715 2893 786 φησι,
2923 715 3018 768 καὶ
3055 716 3236 787 ἕτερον
3270 718 3302 786 ἡ
3345 715 3522 778 στάσις
3555 715 3691 768 ἐνδεί-

2163 821 2355 860 κνυται
2395 804 2539 872 νοῦν,
2589 807 2729 860 κατά
2777 807 2838 860 τὸ
2882 807 3188 879 προχείρως
3235 809 3535 878 νοούμενον.
3572 809 3692 878 Φημὶ

2143 884 2338 965 ⁹κάτω·
2370 894 2488 949 ἀλλ’
2527 898 2625 967 οὐχ
2663 899 2798 968 ὅπερ
2838 898 2931 951 ἐπὶ
2985 900 3093 951 τῶν
3144 900 3406 968 σωμάτων
3439 901 3469 971 ή
3499 900 3594 952 τῶν
3617 901 3694 969 ρη-

2167 991 2350 1060 μάτων
2393 989 2630 1060 ἔμφασις
2666 991 2942 1057 δείκνυσι,
2996 990 3154 1063 τοῦτο
3195 993 3289 1044 καὶ
3327 991 3417 1043 ἐπὶ
3456 991 3546 1060 τῆς
3577 991 3694 1042 ἀσω-

2168 1085 2338 1156 μάτου
2388 1084 2603 1154 φύσεως
2665 1084 2861 1152 εὐαγές
2911 1085 3028 1137 ἐστι
3085 1084 3409 1152 λογίζεσθαι.
3467 1083 3572 1135 Ἐπ’
3621 1083 3696 1135 ἀν-

2165 1175 2383 1248 θρώπου
2422 1177 2519 1247 μὲν
2561 1175 2670 1246 γάρ
2702 1177 2734 1246 ἡ
2780 1174 3041 1246 καθέδρα,
3070 1173 3170 1244 τὴν
3193 1174 3282 1226 ἐπὶ
3318 1172 3394 1243 τῷ
3447 1172 3588 1242 ἰσχίῳ
3620 1169 3695 1224 τοῦ

2166 1267 2415 1338 σώματος
2474 1267 2780 1338 ὑπογράφει
2836 1266 3000 1319 θέσιν·
3057 1266 3132 1328 ὡς
3175 1265 3240 1319 ἂν
3291 1266 3365 1334 μὴ
3411 1264 3492 1316 διὰ
3529 1262 3698 1324 παντὸς

2160 1359 2362 1430 κάμνοι
2404 1359 2502 1429 τῆς
2545 1357 2786 1429 ἀγκύλης
2821 1359 2849 1411 6
2895 1359 3084 1420 τόνος,
3132 1357 3216 1424 ἐφ’
3261 1354 3450 1408 ἑαυτοῦ
3479 1355 3531 1407 τὸ
3562 1353 3698 1424 βάρος

2163 1451 2372 1521 ἀνέχων
2400 1450 2494 1503 τοῦ
2532 1449 2802 1520 σώματος.
2847 1449 2955 1502 Καὶ
2988 1448 3050 1502 τὸ
3085 1447 3316 1519 ἔμπαλιν
3340 1449 3373 1517 ἡ
3402 1446 3594 1507 στάσις,
3619 1445 3696 1514 δρ-

2165 1543 2278 1598 θιον
2306 1545 2398 1597 ἐπὶ
2427 1543 2667 1612 γονάτων
2703 1541 2990 1614 ἐρμηνεύει
3024 1541 3114 1594 τὸν
3161 1540 3462 1612 ἄνθρωπον,
3496 1538 3587 1590 οὐκ
3626 1537 3696 1588 ἐπ’

2168 1635 2323 1706 ἰσχίῳ
2365 1635 2454 1689 διὰ
2510 1634 2780 1705 καθέδρας
2814 1632 3241 1704 ἀναπαυόμενον.
3287 1631 3410 1684 Ἐπὶ
3463 1630 3516 1682 δὲ
3559 1629 3700 1698 ὑπερ·

2164 1729 2394 1800 εχούσης
2428 1727 2661 1797 φύσεως,
2694 1725 2986 1798 καθαρεύει
3010 1726 3117 1779 τῶν
3159 1723 3414 1778 τοιούτων
3449 1720 3700 1791 νοημάτων

2161 1825 2194 1890 ἡ
2220 1819 2453 1890 καθέδρα
2479 1837 2536 1873 τε
2566 1820 2658 1872 καὶ
2686 1820 2719 1880 ἡ
2745 1819 2952 1884 στάσις,
2987 1817 3183 1888 ὲπίσης
3210 1815 3446 1885 ἑκατέρα
3472 1811 3563 1881 τῆς
3587 1808 3700 1863 κατὰ

2162 1912 2223 1966 τὸ
2289 1912 2580 1984 πρόχειρον
2632 1910 2928 1982 νοουμένης
2991 1907 3284 1980 ἐμφάσεως
3339 1901 3699 1975 κεχωρισμένη.

2163 2002 2300 2057 Οὔτε
2327 2003 2435 2074 γὰρ
2463 2003 2559 2075 τὴν
2582 2005 2667 2057 ἐπ’
2693 2002 2898 2074 ἀγκύλῃ
2936 2001 3125 2054 στάσιν
3151 1999 3246 2053 τοῦ
3275 1997 3579 2068 ἀσωμάτου,
3601 1993 3701 2046 οὔτε

2163 2094 2259 2167 τὴν
2288 2097 2381 2149 ἐπὶ
2413 2096 2566 2166 ἰσχίῳ
2598 2096 2916 2167 καθίδρυσιν
2943 2093 3036 2149 τοῦ
3059 2091 3466 2164 ἀσχηματίστου
3491 2088 3703 2159 παραλη-

2162 2189 2394 2258 ψόμεθσο
2469 2187 2630 2242 Ἀλλὰ
2674 2187 2740 2240 δι’
2806 2187 3073 2256 ἑκατέρας
3131 2184 3316 2255 φωνῆς
3362 2182 3420 2235 τὸ
3477 2182 3532 2234 ὲν
3569 2177 3704 2231 παντὶ

2164 2278 2354 2350 ἁγαθῷ
2384 2280 2666 2349 στάσιμον,
2707 2279 2801 2332 καὶ
2834 2279 2892 2330 έν
2932 2276 3096 2331 παντὶ
3121 2273 3474 2347 ἀμετάθετον,
3501 2267 3703 2328 εὐσεϐῶς

2163 2370 2448 2440 νοήσομεν.
2473 2369 2543 2422 ’Ὀ
2568 2385 2626 2421 τε
2656 2368 2765 2438 γὰρ
2799 2367 3017 2420 ἑστάναι
3047 2368 3141 2420 καὶ
3157 2369 3185 2420 6
3209 2364 3481 2436 καθῆσθαι
3505 2362 3560 2414 τὸ
3576 2359 3703 2412 Θείον

2164 2461 2356 2530 λέγων,
2395 2461 2546 2514 οὐδὲν
2575 2459 2712 2531 πρὸς
2738 2459 3000 2530 ἀλλήλους
3023 2461 3080 2513 ὲν
3105 2461 3171 2532 τῇ
3203 2458 3314 2513 τῶν
3339 2457 3585 2530 ῥημάτων
3611 2453 3704 2504 ἑτε-

2167 2553 2354 2626 ρότητι
2377 2553 2508 2623 περὶ
2540 2551 2634 2604 τὸν
2681 2551 2808 2605 νοῦν
2867 2551 3234 2624 διαφέρονταιο
3264 2553 3292 2604 6
3322 2552 3418 2621 μὲν
3447 2544 3702 2618 βεϐηκέναι

2166 2643 2413 2713 παγίως,
2453 2645 2480 2696 6
2513 2643 2571 2696 δὲ
2611 2642 2964 2715 καθιδρύσθαι
3005 2641 3357 2714 ἀμεταθέτως
3391 2641 3452 2693 τὸ
3487 2639 3625 2691 Θεῖον
3658 2633 3705 2684 ἐν

2141 2735 2243 2806 -τῷ
2300 2734 2490 2806 ἀγαθῷ
2541 2731 2975 2805 δογματίζοντες.
3021 2734 3234 2806 Ὥσπερ
3284 2733 3342 2788 δὲ
3385 2735 3413 2786 6
3460 2729 3705 2802 προφήτης

2165 2827 2349 2889 Δαὸὶδ,
2375 2828 2468 2880 καὶ
2496 2828 2524 2880 6
2547 2827 2841 2891 ἀπόστολος
2870 2827 3102 2891 Παῦλος,
3142 2825 3242 2896 τὴν
3276 2822 3371 2878 τοῦ
3406 2815 3705 2887 Μονογενοῦς

2166 2917 2433 2989 καθέδραν
2471 2919 2528 2970 ὲν
2575 2921 2685 2981 τοῖς
2715 2917 2838 2970 καθ’
2874 2917 3066 2971 ἑαυτὸν
3102 2916 3365 2988 ἑκάτερος
3416 2913 3583 2981 λόγοις
3643 2906 3704 2960 δι-

2165 3008 2459 3080 ηγούμενοι
2485 3009 2583 3062 ούκ
2610 3009 2818 3064 ἔδωκαν
2841 3012 3001 3072 νοεῖν,
3027 3009 3109 3062 ὅτι
3132 3007 3224 3061 τοῦ
3254 3005 3466 3077 Πατρδς
3485 3001 3703 3061 ἑστῶτος.

486 3103 628 3156 inter
657 3113 716 3153 se
734 3097 1019 3152 dillerunt:
1039 3099 1354 3170 illequidem
1379 3102 1608 3158 ﬁrmiter
1636 3112 1802 3169 stare,
1823 3105 1910 3159 hic
1933 3123 2062 3161 vero

2171 3099 2200 3150 6
2228 3097 2354 3160 Υἱὸς
2383 3098 2441 3151 ὲν
2470 3097 2705 3169 καθέδρᾳ
2730 3097 2866 3162 ἐστὶ,
2895 3097 3072 3151 καίτοι
3097 3114 3161 3166 γε
3194 3097 3364 3167 μόνης
3419 3090 3705 3192 μνησθέντες

477 3189 901 3244 imniutabiliter
922 3192 1282 3246 constitutum
1308 3202 1360 3247 et
1384 3197 1438 3248 in
1463 3195 1606 3250 bono
1624 3195 1908 3251 fundatum
1941 3215 2064 3255 esse

483 3297 688 3336 numen
729 3281 977 3336 divinum
1024 3292 1331 3339 censentes.
1370 3284 1838 3351 Quemadmodum
1879 3298 2062 3344 autem

477 3375 751 3443 propheta
779 3373 949 3430 David
965 3375 1010 3408 '°
1027 3385 1080 3429 et
1099 3376 1380 3444 apostolus
1397 3375 1600 3432 Paulus
1621 3377 1663 3410 ³¹
1697 3379 1749 3434 in
1781 3381 1898 3436 suis
1915 3389 2061 3436 uter-

479 3481 589 3538 que
605 3465 829 3536 scriptis
849 3463 1125 3536 Unigeniti
1143 3465 1442 3523 sessionem
1462 3480 1846 3535 memorantes,
1866 3487 1972 3527 non
1987 3474 2065 3528 in-

478 3562 757 3628 dicarunt,
777 3561 920 3631 quod
940 3560 1101 3616 Patre
1128 3567 1307 3616 stante
1323 3559 1494 3616 Filius
1518 3562 1711 3618 insede
1729 3564 1818 3628 sit,
1841 3564 1965 3619 licet
1981 3580 2064 3621 so-

484 3654 588 3708 lius
605 3653 871 3708 ses‘sionis
885 3652 1006 3708 Filii
1027 3653 1354 3709 mentionem
1381 3653 1636 3710 fecissent
1657 3674 1671 3710 :
1690 3655 1878 3712 eodem
1902 3657 2064 3712 modo

479 3759 606 3798 cum
635 3744 800 3798 etiam
819 3745 873 3797 in
894 3743 1157 3813 Stephani
1187 3745 1415 3800 historia
1455 3745 1548 3799 ﬁlii
1580 3747 1874 3803 stationem
1909 3750 2063 3803 audio

483 3834 717 3899 veris",
755 3835 906 3886 nulla
953 3835 1021 3889 de
1070 3849 1236 3890 causa
1275 3851 1376 3890 nec
1409 3843 1558 3891 recte
1605 3836 1674 3890 de
1731 3837 1908 3893 Patris
1947 3853 2064 3894 ses-

483 3925 640 3978 sione
687 3924 1004 3994 suspicatus
1050 3923 1240 3980 l‘neris.
1293 3925 1766 3991 Quemadmodum
1812 3929 1955 3983 enim
2006 3930 2060 3983 in

482 4017 655 4072 Paulo
683 4027 848 4087 atque
879 4015 1084 4071 Davide
1129 4017 1322 4073 sedere
1351 4017 1569 4072 Patrem
1602 4035 1666 4074 ex
1700 4036 1766 4076 eo
1792 4021 1936 4090 quod
1970 4021 2058 4076 Fi-

481 4111 590 4164 lius
617 4109 803 4165 sedeat
829 4123 859 4163 a
888 4109 1096 4163 dextris
1139 4109 1302 4164 simul
1332 4119 1551 4166 constat
1581 4129 1594 4166 :
1625 4114 1848 4167 tametsi
1881 4129 2061 4170 sermo

482 4201 618 4256 nihil
649 4208 776 4257 ante
806 4201 874 4256 de
902 4199 1066 4256 Patre
1097 4201 1382 4258 docuisset
1411 4220 1424 4256 :
1465 4202 1531 4257 ad
1558 4203 1807 4260 eumdem
1837 4207 2057 4264 modum

481 4294 647 4347 etiam
680 4293 733 4347 in
769 4293 999 4348 historia
1035 4290 1332 4364 Stephani,
1366 4293 1488 4348 Filii
1523 4296 1688 4351 statio
1719 4296 1858 4351 idem
1894 4287 2058 4354 etiam

479 4382 746 4452 ingloria
776 4381 957 4439 Patris
1001 4385 1168 4440 simul
1215 4385 1444 4441 indicat.
1489 4386 1582 4442 Sic
1611 4388 1759 4441 enim
1802 4389 2059 4461 imaginis

2170 3187 2266 3258 τῆς
2304 3188 2398 3241 τοῦ
2431 3189 2562 3242 Υίοῦ
2591 3191 2958 3263 καθιζήσεωςσ
2990 3190 3082 3244 τὸν
3119 3190 3282 3244 αὐτὸν
3305 3188 3499 3260 τρόπον
3529 3183 3610 3236 καὶ
3635 3176 3706 3232 ἐπὶ

2170 3278 2264 3332 τοῦ
2309 3281 2601 3350 Στεφάνου,
2633 3282 2728 3336 τοῦ
2757 3282 2888 3336 Υίοῦ
2926 3283 3026 3353 τὴν
3055 3282 3241 3336 στάσιν
3271 3279 3528 3340 ἀκούσας,
3560 3269 3705 3327 οὐκέτ’

2172 3370 2239 3424 ἂν
2275 3371 2512 3440 εὐλόγως
2554 3374 2684 3444 περὶ
2703 3374 2804 3443 τῆς
2837 3373 2932 3427 τοῦ
2967 3372 3179 3444 Πατρὺς
3209 3371 3480 3442 καθέδρας
3516 3364 3707 3430 ὑπονοήο

2171 3479 2340 3528 σειας.
2378 3464 2466 3528 Ὡς
2500 3465 2598 3536 γάρ
2625 3465 2718 3520 ἐπὶ
2746 3465 2838 3520 τοῦ
2865 3466 3079 3519 Παύλου
3109 3467 3200 3519 καὶ
3223 3464 3322 3518 τοῦ
3355 3461 3514 3517 Δαδὶδ
3531 3459 3584 3512 τὸ
3599 3454 3706 3510 καθ·-

2169 3559 2334 3626 ῆσθαι
2375 3558 2468 3612 τὸν
2505 3559 2744 3630 Πατέρα,
2795 3559 2884 3613 διά
2933 3558 3028 3613 τοῦ
3077 3559 3300 3613 καθίσαι
3353 3558 3444 3611 τὸν
3495 3553 3612 3607 Υῑὸν
3656 3549 3708 3600 ιιι

2168 3649 2356 3716 δεξιῶν
2385 3651 2848 3722 συνωμολόγηται,
2881 3651 3058 3704 καίτοι
3087 3651 3182 3704 τοῦ
3233 3649 3395 3719 λόγου
3428 3645 3581 3719 μηδὲν
3606 3638 3707 3711 περὶ

2167 3741 2264 3796 τοῦ
2312 3742 2524 3813 Πατρὸς
2556 3742 2970 3814 προδιδάξαντος
2989 3761 3003 3774 °
3033 3742 3175 3798 κατά
3207 3743 3300 3796 τὸν
3341 3741 3498 3795 αὐτὸν
3540 3737 3706 3809 τρόπον

2168 3833 2262 3886 καὶ
2302 3833 2394 3886 ἐπὶ
2434 3833 2528 3886 τοῦ
2581 3833 2884 3903 Στεφάνου,
2919 3833 3071 3905 ἡτοῦ
3121 3832 3251 3886 Υίοῦ
3299 3833 3484 3894 στάσις
3519 3828 3574 3881 τὸ
3615 3823 3705 3878 ἴσον

2169 3925 2264 3980 καὶ
2289 3925 2380 3978 ἐπὶ
2417 3926 2514 3996 τῆς
2542 3926 2696 3997 δόξης
2723 3924 2815 3978 τοῦ
2855 3925 3067 3995 Πατρὸς
3107 3924 3546 3978 συνενδείκνυται.
3580 3914 3706 3970 Οὕτω

2168 4018 2277 4088 γὰρ
2332 4018 2399 4072 ἂν
2436 4019 2464 4069 6
2513 4017 2611 4089 τῆς
2640 4018 2848 4080 εἰκόνος
2875 4016 3164 4086 διασωθείη
3207 4016 3394 4084 λόγος,
3426 4015 3472 4067 εί
3504 4012 3600 4066 πᾶν
3623 4001 3706 4059 ὃτί

2168 4110 2272 4182 πέρ
2302 4113 2446 4166 ἐστιν
2484 4113 2542 4164 ἐν
2577 4110 2752 4180 τούτῳ
2789 4110 3077 4180 νοούμενόν
3116 4126 3176 4162 τε
3205 4110 3300 4162 καὶ
3343 4104 3703 4178 καθορώμενον,

2167 4203 2228 4256 τὸ
2267 4204 2398 4256 αὐτὸ
2441 4205 2533 4257 καὶ
2567 4205 2624 4255 ὲν
2655 4203 2731 4272 τῷ
2764 4202 3060 4274 ἀρχετύπῳ
3089 4201 3415 4256 πιστεύοιτο.
3447 4199 3550 4252 Καὶ
3574 4195 3637 4258 ὼς
3659 4191 3705 4243 ἐν

2167 4296 2244 4366 τῷ
2285 4294 2474 4365 ἀγαθῷ
2518 4295 2579 4348 τὸ
2604 4295 2828 4364 ἀγαθὸν,
2871 4295 2964 4348 καὶ
2993 4296 3049 4347 ὲν
3086 4293 3163 4365 τῷ
3198 4295 3340 4363 φωτὶ
3367 4293 3426 4346 τὸ
3455 4291 3593 4361 φῶς,
3631 4283 3704 4337 καὶ

2168 4386 2224 4440 ὲν
2255 4386 2388 4438 πᾶσι
2435 4384 2496 4437 τὺ
2533 4387 2892 4456 πρωτότυπον
2939 4383 3134 4447 κάλλος
3180 4383 3268 4436 διὰ
3295 4384 3402 4436 τῶν
3439 4377 3629 4433 οἰκείων
3658 4371 3704 4421 ἐν

485 4473 628 4526 ratio
683 4474 1007 4528 conservari
1045 4477 1259 4544 possit,
1299 4485 1360 4530 ut
1402 4477 1667 4550 quidquid
1706 4479 1760 4534 in
1808 4480 1909 4536 hac
1955 4491 2063 4539 tam

2170 4479 2234 4547 τῇ
2277 4477 2446 4528 εἰκόνι
2474 4476 2969 4547 χαρακτηρίζεται’
3002 4475 3145 4529 οὕτω
3172 4475 3267 4528 καὶ
3311 4476 3370 4527 ὲν
3397 4475 3460 4544 τῇ
3502 4466 3703 4534 καθέδρᾳ

482 4561 815 4632 intelligitur
844 4579 1010 4632 quam
1045 4566 1407 4635 conspicitur,
1441 4567 1584 4623 idem
1611 4569 1778 4623 etiam
1816 4569 1873 4624 in
1903 4571 2067 4642 origi-

478 4649 599 4704 nali
625 4663 688 4704 ac
712 4651 1000 4720 principali
1030 4651 1204 4707 forma
1227 4669 1350 4710 esse
1373 4657 1651 4722 credatur,
1676 4666 1730 4713 et
1752 4666 1812 4712 ut
1838 4660 1892 4714 in
1917 4661 2064 4717 bono

483 4743 721 4806 bonum,
751 4749 807 4795 et
837 4741 892 4794 in
931 4741 1138 4798 lumine
1169 4744 1382 4809 lumen,
1413 4753 1468 4800 et
1495 4748 1550 4801 in
1579 4749 1837 4806 omnibus
1881 4754 2067 4822 primi-

479 4833 596 4887 tiva
619 4846 683 4884 ac
708 4832 1029 4901 principalis
1051 4833 1404 4902 pulchritudo
1429 4851 1524 4905 per
1549 4839 1800 4908 proprias
1825 4849 1985 4898 notas
2010 4844 2063 4898 in

483 4922 720 4994 imagine
762 4925 1120 4994 designatur:
1167 4926 1242 4980 ita
1301 4928 1465 4982 etiam
1509 4929 1564 4983 in
1608 4932 1858 4988 sessione
1900 4934 2061 5002 Filii,

475 5031 868 5087 quemcunque
913 5018 1130 5074 tandem
1177 5019 1282 5074 hoc
1320 5036 1517 5076 nomen
1559 5023 1894 5080 intellectum
1933 5044 2070 5096 prae-

482 5109 606 5171 bet,
645 5109 832 5163 Patris
863 5125 1085 5179 quoque
1133 5110 1310 5166 sessio
1361 5113 1870 5181 comprehenditur,
1918 5118 2071 5171 simi-

481 5199 608 5254 liter
650 5208 705 5255 et
751 5201 807 5256 in
852 5203 1094 5259 statione
1142 5205 1342 5266 statio,
1388 5220 1456 5258 ne
1505 5207 1646 5260 ratio
1687 5207 1940 5278 imaginis
1973 5226 2071 5280 per

485 5291 840 5347 abolitionem
872 5295 1267 5365 proprietatum
1301 5297 1368 5351 ab
1396 5297 1650 5367 originali
1681 5313 1747 5354 ac
1791 5300 2070 5368 primitivo

485 5381 720 5438 alienata
757 5386 1048 5442 intereidat
1091 5395 1255 5459 atque
1284 5390 1582 5444 dilabatur.
1624 5389 1750 5445 Haec
1791 5405 1823 5444 a
1867 5393 2062 5457 nobis.

488 5471 722 5537 fratres,
777 5477 844 5531 ad
895 5482 1232 5550 propositam
1291 5483 1688 5552 quaestionem,
1745 5499 1869 5543 cum
1923 5487 2065 5542 visio

491 5559 753 5634 Stephani
787 5571 946 5625 talem
979 5573 1413 5642 speculationem
1461 5575 1518 5629 in
1563 5576 1867 5630 orationem
1914 5575 2065 5631 intu-

559 5744 606 5778 ⁸⁸
638 5746 827 5802 Matth.
865 5767 998 5816 rxn,
1032 5753 1100 5808 Η
1129 5769 1282 5824 seqq.

1363 5755 1406 5788 ’θ
1438 5757 1457 5809 l
1494 5755 1618 5811 Cor.
1650 5772 1763 5822 xiv,
1796 5756 1849 5808 ‘2.
1929 5758 1974 5789 ³ο
2011 5757 2157 5814 Psal.
2189 5771 2296 5822 cur,
2334 5755 2383 5811 l.
2463 5755 2504 5786 "
2548 5753 2712 5810 Πρω.
2747 5771 2782 5822 ι,
2820 5755 2904 5808 15.

2163 4567 2258 4621 τοῦ
2285 4567 2440 4630 Υίοῦ,
2471 4569 2500 4621 ὃ
2525 4569 2577 4620 τί
2603 4585 2734 4620 ποτε
2758 4569 2896 4620 νοεῖν
2925 4565 3085 4620 τοῦτο
3110 4566 3170 4619 τὸ
3201 4565 3374 4636 δνομα
3415 4563 3604 4618 δίδωσι,
3629 4551 3704 4608 καὶ

2165 4661 2198 4730 ἦ
2239 4659 2334 4711 τοῦ
2367 4659 2580 4730 Πατρὸς
2612 4658 2853 4729 καθέδρα
2884 4655 3387 4726 καταλαμϐάνεται,
3423 4650 3606 4724 ὁμοίως
3629 4643 3704 4696 καὶ

2165 4751 2224 4804 ἐν
2249 4753 2315 4821 τῇ
2341 4751 2527 4804 στάσει
2549 4751 2582 4820 ὴ
2617 4750 2824 4813 στάσις·
2856 4750 2932 4811 ὡς
2955 4749 3022 4802 ἂν
3048 4749 3122 4819 μὴ
3151 4748 3398 4801 διαπέσοι
3419 4746 3514 4814 τῆς
3531 4739 3702 4796 εἰκόνος

2163 4845 2193 4896 6
2222 4844 2400 4912 λόγος,
2428 4846 2486 4896 ὲν
2516 4845 2581 4913 τῇ
2604 4841 2903 4908 ἀπαλλάξει
2930 4841 3037 4894 τῶν
3067 4841 3368 4910 ἰδιωμάτων
3401 4838 3490 4892 τοῦ
3513 4826 3700 4904 ἀρχετύ-

2167 4950 2270 4985 που
2328 4933 2798 5003 ἀλλοτριούμενος.
2866 4932 3052 4986 Ταῦτα
3103 4935 3257 5004 ἡμῖν,
3301 4929 3541 4998 ἀδελφοὶ,
3587 4916 3701 4976 κατὰ

2170 5024 2403 5094 πάροδον
2449 5023 2586 5094 πρὸς
2613 5023 2674 5075 τὸ
2716 5025 3078 5094 προκείμενον
3110 5023 3329 5094 ζήτημα
3354 5013 3699 5088 τεθεωρήσθωι

2167 5115 2264 5184 τῆς
2303 5113 2396 5166 τοῦ
2441 5115 2712 5182 Στεφάνου
2762 5115 3028 5178 ὀπτασίας
3072 5116 3172 5186 τὴν
3211 5111 3459 5184 τοιαύτην
3507 5101 3700 5176 θεωρίαν

2169 5206 2658 5273 ἐπεισενεγκούσης
2711 5205 2788 5276 τῷ
2833 5205 2996 5277 λόγῳ.
3052 5207 3266 5260 Γένοιτο
3317 5205 3372 5258 δὲ
3421 5203 3584 5273 ἡμᾶς,
3643 5190 3700 5263 μὴ

2169 5297 2364 5362 θεατὰς
2396 5298 2557 5368 μόνον
2585 5299 2836 5366 γενέσθαι
2859 5301 2956 5370 τῆς
2993 5300 3085 5352 τοῦ
3125 5299 3394 5366 Στεφάνου
3428 5293 3696 5361 ἀθλήσεως.

2171 5389 2306 5443 ἀλλὰ
2343 5389 2437 5440 καὶ
2482 5389 2741 5458 μετόχους
2788 5390 2888 5458 τῆς
2926 5391 3178 5460 χάριτος,
3223 5386 3586 5458 πληρωθέντας
3623 5371 3699 5427 τοῦ

2173 5483 2325 5550 ἁγίου
2366 5481 2702 5550 Πνεύματος,
2730 5481 2810 5542 εἰς
2837 5481 3154 5552 καθαίρεσιν
3188 5481 3297 5534 τῶν
3328 5476 3610 5533 ἀντιδίκων,
3637 5467 3700 5523 εἷς

2170 5573 2326 5638 δόξαν
2368 5571 2461 5627 τοῦ
2503 5573 2706 5642 Κυρίου
2748 5571 2906 5642 ἡμῶν
2965 5572 3134 5642 Ἰησοῦ
3188 5566 3441 5642 Χριστοῦ,
3473 5558 3515 5632 ᾧ
3543 5563 3572 5632 ἡ
3598 5553 3698 5618 δόξα

2983 5755 3024 5786 ³⁵
3058 5755 3179 5809 Act.
3210 5770 3302 5821 vn,
3336 5751 3420 5807 55.
