3882 6418
126 414 246 507 ’πει
346 527 361 539 ἢ
966 465 973 471 -
1169 441 1445 500 ALTERA
1494 440 1727 501 musa

1826 443 1851 501 1
1896 443 1953 500 S.
1992 442 2356 499 STEPHANl.

153 569 318 628 καὶτὸ
344 566 542 639 κράτος
565 564 644 628 εἰς
665 563 793 630 τοὺς
810 562 1025 626 αἰῶνας
1054 560 1162 618 τῶν
1192 563 1421 618 αἰώνων.
1466 565 1656 636 Ἀμήν.

3294 439 3403 495 79.2

1815 566 1972 621 lisset
1992 605 2009 630 ,
2041 565 2218 621 obiter
2244 564 2592 620 considerata
2614 602 2630 628 ,
2655 562 2906 620 discussa
2942 569 3105 633 atque
3130 560 3406 631 explicata-

152 665 234 720 sit.
261 662 549 731 Cont'mgat
597 665 776 712 autem
809 656 1001 721 nobis,
1034 665 1094 711 ut
1144 672 1253 711 non
1289 659 1467 713 solum
1506 667 1847 727 spectatores
1900 658 2163 730 Stephani
2225 657 2581 723 certaminis,
2623 656 2980 712 verumetiam
3042 653 3241 723 repleti.
3274 651 3397 720 Spi-

154 759 253 814 ritu
276 762 466 809 sancto
493 749 680 821 gratia:
713 748 1011 819 participes
1040 748 1235 813 simus,
1266 748 1332 802 ad
1360 748 1704 805 eversionem
1744 749 2212 813 adversariorum,
2244 748 2311 803 ad
2352 748 2584 820 gloriam
2628 744 2840 804 Domini
2863 744 3038 801 nostri
3075 742 3206 799 Jesu
3240 741 3403 798 Chri—
3452 800 3457 804 _

151 846 211 901 sti
233 884 247 906 ,
277 842 365 899 cui
394 841 604 913 gloria,
633 838 882 910 potentia
909 847 1075 910 atque
1102 838 1394 911 imperium
1427 839 1481 893 in
1512 841 1714 896 sacula
1753 841 2107 898 saeculorum.
2134 842 2332 896 Amen.

1329 1185 1631 1303 ΤΟΥ
1717 1166 2249 1303 ΑΥΤΟΥ
2358 1334 2361 1339 _

1430 1380 1702 1434 ETEPON
1742 1380 2101 1434 ΕΓΚΩΜΙΟΝ

291 1542 461 1631 ΕΙΣ
560 1539 789 1627 ΤΟΝ
874 1532 1211 1625 ΛΓΙΟΝ
1300 1529 1890 1621 ΣΤΕΦΑΝΟΝ

1994 1530 2223 1617 ΤΟΝ
2323 1529 3244 1621 ΠΡΩΤΟΜΑΡΤΥΡΑ.

1376 1768 1393 1773 ἒ
1489 1841 2037 1933 EJUSDEM

1426 2028 1774 2089 LAUDATIO
1834 2031 2113 2088 ALTERA
2204 2040 2205 2043 “

552 2208 673 2322 S.
760 2212 1473 2330 STEPHANI
1583 2214 2811 2330 PROTOMARTYRIS
2868 2192 2998 2324 (¹).

1096 2379 1381 2479 Interprete
1405 2421 1462 2466 et
1481 2416 1748 2468 scholtaste
1766 2416 2036 2468 Laurentio
2056 2415 2299 2481 Zacagnio
2317 2417 2379 2467 ν.
2405 2417 2458 2468 C.

223 2712 560 2786 Ἑπεδήμησε
585 2713 815 2787 Χριστὸς
845 2714 923 2786 τῷ
959 2714 1149 2788 κόσμῳ
1179 2716 1258 2780 εις
1290 2714 1586 2786 σωτηρίαν,
1616 2716 1713 2768 καὶ

1885 2715 2141 2772 Christus
2167 2714 2222 2771 in
2254 2715 2445 2771 mundi
2476 2717 2708 2773 salutem
2749 2716 2986 2784 advenit,
3033 2725 3083 2773 et
3128 2716 3276 2772 illico
3303 2715 3409 2771 Eo-

156 2805 257 2873 μετ’
281 2806 435 2861 αὐτὸν
473 2806 821 2879 ἐϐλάστησαν
865 2809 916 2861 ot
971 2809 1174 2881 καρποὶ
1212 2809 1311 2881 τῆς
1368 2807 1716 2879 Ἐκκλησίας.

156 2899 410 2971 Ἴ-Ιλαμψεν
442 2903 470 2955 ὁ
498 2901 715 2972 μάρτυς
759 2901 858 2972 τῆς
891 2900 1169 2972 ἀληθείας,
1226 2902 1321 2955 καὶ
1369 2899 1719 2972 συνέλαμψαν

152 2991 194 3041 ol
223 2992 484 3063 μάρτυρες
507 2992 615 3063 τῆς
664 2992 905 3063 μεγάλης
938 2993 1271 3065 οἰκονομίας.
1318 2991 1721 3063 Ἦκολούθησαν

154 3082 195 3132 οἱ
242 3082 471 3154 μαθηταὶ
521 3082 604 3154 τῷ
664 3084 997 3155 Διδασκάλῳ,
1028 3085 1140 3147 τοῖς
1181 3084 1477 3153 Κυριακοϊς
1518 3081 1722 3153 ἴχνεσιν

155 3170 437 3238 ὁδεύοντες·
476 3173 622 3245 μετά
665 3173 897 3245 Χριστὸν
933 3176 981 3227 οἱ
1023 3174 1427 3245 Χριστοςρόροι·
1467 3173 1606 3244 μετά
1629 3173 1722 3228 τὸν

155 3260 284 3332 ἥλιον
308 3264 407 3335 τῆς
465 3264 819 3336 δικαιοσύνης
842 3267 892 3319 οί
937 3266 1223 3337 φωστῆρες
1246 3267 1345 3337 τῆς
1370 3265 1719 3337 οἰκουμένης·

156 3352 236 3403 καὶ
281 3354 490 3425 πρῶτος
552 3356 649 3425 μὲν
679 3357 810 3427 ἡμῖν
845 3359 875 3410 ὁ
927 3356 1194 3425 Στέφανος
1236 3356 1490 3427 ἦνθτρσεν,
1520 3356 1620 3410 οὐκ
1658 3357 1724 3410 ἐκ

157 3444 248 3498 τῶν
278 3447 587 3502 Ἰουδαϊκῶν
611 3448 864 3502 ἀκανθῶν
885 3447 1131 3513 πλακεὶς,
1155 3446 1269 3502 ἀλλ’
1300 3449 1366 3501 ὲκ
1391 3447 1492 3516 τῆς
1522 3446 1722 3516 ὲκκληὶ

158 3538 414 3607 σιαστικῆς
439 3536 702 3606 εὐθηνίας
738 3537 955 3608 πρῶτος
983 3536 1196 3610 καρπὸς
1222 3535 1300 3607 τῷ
1330 3536 1522 3608 Κυρίῳ
1552 3552 1724 3606 προσ-

157 3626 387 3695 ενεχθείς.
428 3626 677 3682 Ἰουδαῖοι
702 3628 800 3699 μὲν
820 3628 929 3700 γάρ
961 3628 1222 3697 στέφανον
1253 3627 1312 3692 ἐξ
1336 3627 1586 3681 ἀκανθῶν
1605 3625 1727 3677 πλέ-

159 3714 342 3785 ειντες,
385 3725 450 3795 τῇ
494 3722 711 3793 κεφαλῇ
764 3722 858 3776 τοῦ
916 3723 1166 3794 Σωτῆρος
1202 3721 1499 3791 ἐπέθηκαν,
1541 3720 1728 3786 ἀξίους

158 3808 240 3878 τῆς
264 3815 429 3882 κακῆς
456 3813 740 3884 γεωργίας
788 3812 968 3865 αὐτῶν
1000 3814 1125 3877 τοὺς
1168 3813 1412 3883 καρποὺς
1457 3811 1728 3876 ἐπιδειξά-

160 3918 292 3971 μενοι
311 3907 384 3978 τῷ
423 3908 680 3980 Δεσπότῃ
716 3907 812 3962 τοῦ
848 3906 1195 3978 ἀμπελῶνος,
1223 3908 1302 3972 ὡς
1344 3906 1571 3979 διὰ-τῆς
1595 3923 1729 3979 προ-

157 3996 360 4064 φητείας
390 3999 788 4072 προανεφὼνει,
811 3998 987 4069 λέγων
1006 4012 1020 4029 '
1058 3999 1361 4070 Ἆμπελὼν
1376 3999 1597 4069 Κυρίου
1624 4002 1728 4053 Σα-

1818 2809 2001 2865 clcsize
2037 2808 2251 2864 fructus
2294 2808 2636 2880 prodierunt.
2682 2808 2917 2865 Refulsit
2950 2811 3106 2865 testis
3137 2808 3411 2876 veritatis,

1821 2901 2094 2971 simulque
2123 2916 2331 2971 magnae
2356 2900 2786 2972 dispensationis
2814 2910 2983 2957 testes
3009 2908 3402 2956 coruscarum.

1824 2993 2007 3049 Secuti
2039 3000 2165 3048 sunt
2197 2991 2517 3063 Magistrum
2566 2992 2844 3063 discipuli,
2885 2992 3100 3049 Domini
3155 2993 3403 3063 vestigiis

1823 3087 2141 3143 insistentes
2166 3103 2180 3153 ;
2207 3093 2332 3156 post
2360 3085 2662 3151 Christum,
2694 3085 3006 3143 Christil‘eri
3035 3104 3050 3154 ;
3081 3094 3206 3157 post
3233 3086 3415 3142 solem

1819 3180 2067 3250 iustitiae,
2104 3185 2265 3234 terra:
2314 3178 2564 3234 lumina:
2617 3187 2671 3234 et
2708 3178 2922 3249 primus
2974 3178 3192 3249 quidem
3245 3178 3409 3232 nobis

1826 3270 2157 3342 Stephanus,
2198 3287 2392 3326 corona
2426 3271 2655 3334 scilicet,
2678 3269 2884 3336 l'loruit,
2912 3286 3020 3325 non
3052 3286 3116 3326 ex
3165 3268 3411 3324 Judaicis

1826 3364 1999 3433 Spinis
2042 3371 2317 3426 contexta,
2369 3363 2467 3420 sed
2522 3364 2731 3434 primus
2777 3364 3040 3419 Ecclesiae
3104 3363 3406 3417 fertilitatis

1826 3455 2038 3509 fructus
2073 3452 2180 3508 Deo
2220 3453 2463 3509 oblatus.
2501 3452 2716 3523 Quippe
2751 3452 2924 3508 Judtri
2965 3451 3209 3522 spineam
3244 3466 3407 3506 coro-

1826 3561 1951 3601 nam
1991 3544 2290 3600 Salvatoris
2341 3545 2505 3615 capiti
2549 3547 2949 3613 imposuerunt,
3000 3542 3144 3596 mala
3190 3556 3290 3597 sua
3324 3542 3409 3595 di-

1828 3652 1965 3707 gnos
1991 3637 2325 3707 agricultura
2358 3635 2573 3691 fructus
2596 3636 2825 3690 Domino
2847 3635 3017 3690 vinmc
3041 3642 3409 3700 ostentantes,

1826 3726 2283 3798 quemadmodum
2317 3741 2413 3796 per
2443 3726 2738 3797 prephctas
2768 3725 2898 3781 olim
2935 3725 3154 3780 locutus
3182 3733 3287 3791 est,
3319 3724 3404 3779 di-

1827 3833 1998 3876 cens:
2040 3818 2203 3873 Vinea
2235 3817 2446 3872 Domini
2481 3817 2739 3883 Sabaoth,
2784 3817 2974 3872 domus
3006 3816 3180 3873 Israel
3209 3827 3309 3883 est,
3358 3826 3409 3871 et

1828 3911 1983 3965 homo
2026 3907 2198 3972 Juda,
2229 3908 2434 3964 novella
2470 3908 2732 3977 plantatio
2762 3908 2977 3964 dilecta.
3006 3908 3319 3978 Exspectavi
3351 3917 3408 3961 nt

1830 4002 2026 4073 facere:
2046 4017 2201 4069 uvas,
2232 4000 2356 4070 fecit
2397 4011 2572 4057 autem
2601 4002 2782 4071 spinas
2804 4003 2844 4056 ί.
2868 4001 2939 4056 At
2958 4000 3287 4073 evangelicae
3314 4014 3404 4054 ve—

157 4086 310 4154 σαὼθ,
326 4086 488 4157 οἶκος
506 4090 619 4145 τοῦ
653 4089 890 4159 Ἰσραήλ
908 4091 1060 4155 ἐστι,
1082 4089 1180 4146 καὶ
1202 4094 1236 4146 ό
1256 4091 1567 4161 ἄνθρωπος
1595 4090 1727 4145 Ἰού-

1828 4094 2007 4149 ritatis
2039 4092 2294 4161 operarii,
2324 4091 2558 4162 primum
2600 4092 2822 4162 pietatis
2850 4090 3135 4146 exordium
3169 4096 3227 4143 et
3263 4088 3412 4159 agri-

156 4172 236 4239 6a,
265 4180 564 4249 νεόφυτον
602 4180 1013 4251 ἠγαπημένον.
1052 4183 1292 4252 Ἕμεινα
1324 4182 1432 4236 τοῦ
1479 4181 1731 4251 ποιῆσαι

158 4273 478 4342 σταφυλὴν,
507 4273 766 4342 ἐποίησε
790 4271 860 4326 δὲ
892 4270 1181 4339 ἀκάνθας.
1208 4272 1271 4324 Οἱ
1290 4272 1347 4325 δὲ
1374 4273 1474 4342 τῆς
1499 4272 1730 4340 εὐαγγε-

157 4355 293 4429 luci};
322 4362 581 4434 ἀληθείας
609 4362 836 4435 ἐργάται
871 4363 1080 4435 πρῶτον
1106 4361 1388 4434 προοίμιον
1424 4363 1724 4427 εὐσεϐείας,

158 4450 241 4504 καὶ
291 4454 512 4527 πρώτην
569 4456 827 4527 ἀπαρχὴν
874 4456 974 4526 τῆς
1014 4454 1308 4527 γεωργίας,
1336 4455 1604 4524 Στέφανον
1633 4454 1726 4512 τὸν

160 4537 297 4608 ἀγιον
354 4546 524 4620 ἀνδρα
565 4547 932 4620 προσφέρουσι
984 4547 1063 4618 τῷ
1100 4548 1367 4622 Δεσπότῃ,
1407 4541 1494 4602 οἷα
1519 4548 1583 4614 δή
1604 4564 1725 4601 τινα

162 4633 403 4700 στέφανον
448 4638 667 4711 ἀληθῶς
715 4640 779 4693 ὲκ
818 4638 1029 4694 πολλῶν
1078 4640 1174 4694 καὶ
1204 4638 1477 4710 διαφόρων
1516 4637 1727 4710 ἀρετῶν

163 4730 608 4801 συνηρμοσμένον.
664 4729 889 4802 Πρῶτον
918 4731 1017 4803 μὲν
1053 4730 1162 4802 γάρ
1192 4733 1221 4785 ὁ
1246 4731 1550 4802 θαυμάσιος
1574 4724 1727 4795 οὗτος

162 4812 285 4888 ἀνὴρ
309 4818 405 4891 τὴν
437 4820 547 4875 τῶν
575 4820 757 4894 χηρῶν
799 4821 1120 4893 ἐπιμέλειαν
1155 4821 1490 4889 ἐπιστεύετο,
1529 4839 1727 4894 μαρτυ-

225 4991 240 5023 ¹
261 4992 364 5052 Isa.
385 5013 438 5063 ν,
476 4999 529 5053 7.

227 5152 605 5241 £l)_(‘ialland,
643 5154 757 5241 Vel.
792 5153 1014 5241 Patrum
1067 5153 1341 5241 Bibliothp
1373 5156 1632 5241 tontz‘Vl,
1663 5172 1716 5241 p.

165 5219 288 5279 595.
312 5227 433 5281 llaec
470 5219 646 5280 oratio
683 5227 768 5282 bis
811 5226 1002 5281 eadem
1066 5242 1229 5279 manu
1281 5219 1627 5283 describitur
1664 5219 1721 5281 in

166 5287 417 5370 Vaticano
442 5297 654 5370 codice,
682 5312 833 5370 num.
864 5294 990 5359 M6,
1026 5296 1194 5370 semel
1220 5296 1442 5370 quidem
1486 5298 1545 5370 i_n
1572 5297 1722 5370 calce

167 5365 394 5439 ejusdem
430 5366 660 5439 codicis,
693 5367 891 5422 iterum
923 5382 1053 5439 vero
1098 5365 1243 5439 inter
1279 5367 1429 5439 alias
1472 5367 1725 5439 Gregorii

168 5429 713 5506 Nysseniorationes,
740 5445 866 5506 post
892 5437 1110 5492 celebre
1137 5436 1382 5506 ejusdem
1414 5429 1726 5497 enconiium

171 5506 333 5589 sancti
375 5505 657 5589 Stephani,
697 5505 979 5589 typisjam
1006 5505 1236 5589 editum2
1268 5516 1322 5589 et
1355 5509 1501 5589 quod
1544 5510 1598 5563 in
1652 5508 1729 5589 fe-

172 5578 444 5646 slo‘sancti
481 5575 744 5646 Stephani
762 5575 1000 5646 publice
1029 5578 1085 5630 in
1115 5578 1357 5632 Ecclesia
1376 5575 1566 5633 Graeca
1591 5578 1730 5633 recio

173 5642 266 5718 tari
306 5652 539 5718 testatur
581 5642 842 5718 'Typieu'm
898 5649 1204 5702 monasterii
1251 5648 1311 5702 S.
1359 5648 1536 5703 Salue.
1589 5646 1728 5702 Hinc

176 5716 342 5788 i__taque
371 5716 568 5772 iactum
598 5716 682 5773 est
713 5729 781 5788 ut
800 5717 1026 5788 Ἕτερον
1045 5718 1320 5788 ἐγκώμιον
1343 5721 1422 5782 είς
1449 5719 1544 5771 τὸν
1568 5718 1726 5786 ἅγιον

175 5779 518 5859 {ré‘ggavovin
565 5803 633 5844 eo
669 5787 858 5859 codice
893 5779 1246 5859 inscribam},
1297 5779 1423 5843 licet
1470 5779 1724 5859 sequenti

170 5846 248 5904 die
272 5846 405 5910 festo
431 5857 685 5916 habitum
708 5875 737 5915 a
764 5856 1010 5929 Nysscuo
1042 5858 1210 5916 fuisse
1233 5846 1308 5915 ἐκ
1339 5860 1458 5933 ejus
1498 5846 1727 5915 lectione

1828 4186 2057 4241 culturae
2103 4199 2217 4240 suae
2243 4184 2534 4253 primitias,
2566 4181 2905 4255 Stephanum
2935 4182 3115 4236 virum
3153 4187 3424 4236 sanctum

1825 4273 2061 4328 Domino
2113 4272 2390 4335 oﬂ'erunt,
2462 4272 2632 4327 veluti
2690 4285 2951 4326 coronam
2996 4270 3292 4340 quamdam
3341 4283 3417 4323 ex

1823 4365 2013 4420 multis
2041 4363 2387 4432 diversisque
2414 4362 2718 4419 virtutibus
2742 4372 2873 4418 Vere
2912 4367 3256 4417 contextam.
3293 4358 3413 4413 Ρι-ἰο

1821 4472 1970 4512 mum
2007 4455 2278 4525 siquidem
2306 4454 2433 4508 huic
2460 4453 2771 4509 admirabili
2792 4456 2912 4508 viro
2938 4452 3234 4507 viduarum
3275 4465 3410 4505 cura

1831 4545 2161 4603 demandata
2204 4550 2310 4608 est,
2361 4558 2487 4599 cum
2521 4544 2640 4613 ipse
2690 4552 2950 4614 tanquam
2995 4540 3172 4598 ﬁdelis
3201 4540 3308 4605 vir,
3344 4554 3413 4596 ac

1833 4637 2034 4707 Spiritu
2062 4643 2257 4693 sancto
2283 4635 2501 4706 plenus,
2530 4642 2585 4690 et
2611 4636 2985 4705 apostolorum
3012 4632 3221 4704 judicio
3246 4639 3413 4703 atque

1831 4730 2069 4793 delectu,
2101 4736 2155 4785 et
2188 4737 2380 4798 postea
2407 4726 2671 4798 spiritalis
2694 4727 2981 4798 sapientiae
3011 4726 3231 4791 virtute,
3259 4739 3414 4781 com-

1832 4819 2096 4892 probatus
2129 4817 2345 4876 luisset.
2372 4815 2437 4871 Et
2463 4831 2600 4873 sane
2619 4818 2756 4872 tanti
2787 4815 2959 4874 studii
2994 4825 3157 4886 atque
3182 4821 3421 4870 conatus

1829 5158 2037 5230 liquido
2063 5166 2298 5224 constet,
2331 5160 2482 5230 quia,
2507 5173 2723 5230 nempe,
2752 5172 2782 5212 a
2811 5155 2884 5230 S._
2913 5154 3197 5230 Stephani
3232 5154 3411 5210 laudi-

1830 5224 1935 5299 bus
1968 5230 2279 5299 incipiens,
2312 5224 2435 5284 mox
2470 5224 2547 5284 ad
2593 5224 2984 5284 celebrandum
3015 5224 3119 5299 SS.
3164 5224 3410 5299 Petrum,

1829 5294 2122 5365 Iacobum,
2169 5306 2225 5353 et
2257 5298 2546 5360 Joannem,
2594 5299 2876 5366 apostolos
2915 5297 3207 5352 transitum
3256 5294 3407 5366 facit.

1824 5366 1946 5440 Eos;
1967 5363 2151 5424 autem
2178 5376 2468 5440 utramque
2499 5363 2766 5425 orationis
2791 5368 3307 5440 hujuseditionem,
3352 5363 3409 5440 in

1825 5436 2098 5493 Vaticano
2147 5437 2340 5509 codice
2380 5434 2881 5509 repra'sentatam,
2922 5434 3321 5509 dillicilioribus
3357 5436 3412 5489 in

1826 5508 1963 5563 locis
1993 5508 2400 5575 consuluimus,
2436 5506 2491 5563 et
2518 5524 2584 5563 ex
2623 5522 2687 5564 ea
2722 5517 2986 5577 nostram
3015 5506 3410 5577 expressimus,

1825 5578 1966 5635 locis
1998 5587 2203 5641 tamen,
2238 5580 2331 5634 ubi
2381 5574 2612 5647 utraque
2656 5580 2798 5633 inter
2831 5593 2892 5633 se
2935 5574 3233 5647 discrepat,
3269 5574 3413 5647 indi:

1825 5649 1988 5704 catis.
2019 5649 2288 5703 Caeterum
2319 5651 2460 5703 hanc
2489 5644 2794 5702 orationem
2837 5648 3159 5719 genuinum
3180 5644 3415 5719 Nysseni

1830 5718 2002 5774 letum
2028 5733 2172 5790 esse,
2203 5726 2318 5773 tum
2351 5719 2528 5790 stylus
2559 5718 2701 5790 ipse;
2731 5713 2866 5772 tum'
2912 5716 3164 5772 nonnulli
3193 5713 3408 5790 antiqui

1832 5804 2019 5912 αἷσι·εεῖ
2075 5788 2131 5844 in
2182 5804 2248 5846 ca
2294 5786 2606 5854 memorati,
2676 5790 2812 5845 satis
2856 5801 3133 5860 superque
3186 5786 3415 5843 demon-

1840 5873 1865 5912 ε
1898 5873 1994 5912 ran
2027 5898 2038 5912 .

1840 5873 2038 5915 atram.
