3938 6432
498 473 599 527 ⁸725
1745 472 1802 529 S.
1832 469 2084 528 GREGOI

2217 469 2511 529 NYSSENI
3538 526 3559 541 ί
3630 470 3716 528 ret

497 587 768 657 specimen
796 586 870 641 ‘in
919 588 1315 660 propngnando
1357 587 1865 660 promulgandoqne
1899 588 2072 645 Evan-

2188 589 2363 659 οηθεὶς
2396 590 2574 660 κρίσει
2606 590 2697 645 καὶ
2727 590 2923 661 ἐκλογῇ
2963 587 3071 643 τῶν
3117 583 3427 643 ἀποστόλων
3454 584 3584 657 ἀνὴρ
3607 582 3721 640 εἶναι

497 678 637 748 gelio
662 678 990 748 praebuerat,
1024 688 1157 735 utet
1189 693 1386 750 magna
1419 678 1618 733 divinae
1662 678 1885 733 virtutis
1915 679 2079 732 mira—

496 771 620 825 cula
660 769 783 840 ejus
827 771 1273 841 praedicationem
1322 772 1737 826 comitarentur.
1774 770 2078 839 Stephanus

495 862 657 929 enim,
691 862 887 933 inquit,
911 862 1095 933 plenus
1118 864 1223 931 fide
1247 872 1295 917 et
1319 862 1634 933 fortitudine
1668 861 1897 933 faciebat
1923 863 2079 933 signa

496 954 752 1023 magna'.
804 953 991 1024 Neque
1041 955 1186 1010 enim
1234 955 1524 1009 viduarum
1569 969 1761 1010 curam
1818 954 1931 1009 ullo
1975 954 2079 1010 sibi

500 1045 893 1115 impedimento
922 1046 1039 1102 fore
1076 1047 1305 1117 putavit,
1345 1045 1442 1102 sed
1474 1054 1528 1102 et
1564 1048 1671 1101 hoc
1698 1039 1865 1103 onere
1893 1046 2082 1101 alacri-

500 1144 582 1191 ter
610 1146 890 1207 suscepto,
928 1153 958 1192 a
989 1138 1139 1195 verbi
1165 1138 1475 1197 ministerio
1496 1154 1778 1209 nunquam
1812 1140 2078 1204 cessavit;

496 1238 551 1285 et
586 1230 690 1286 hoc
718 1231 897 1302 ipsum
940 1232 995 1285 in
1026 1246 1091 1287 eo
1136 1246 1347 1303 magna:
1372 1231 1727 1287 admirationi
1761 1240 1902 1295 erat,
1934 1230 2078 1300 quod

496 1322 663 1377 animi
692 1323 761 1379 ad
814 1324 1132 1380 subeundos
1169 1325 1388 1380 labores
1442 1324 1703 1395 propensi
1749 1323 2080 1395 singularem

499 1414 660 1484 plane
705 1414 1100 1471 abundantiam
1138 1415 1479 1471 ostenderet.
1523 1413 1828 1470 Viduarum
1892 1426 2081 1467 curam

494 1508 755 1577 gerebat,
810 1518 865 1564 et
914 1509 1224 1564 animarum
1280 1508 1635 1579 negotiationi
1691 1505 2079 1568 incumbebat,

2187 683 2400 750 πιστὸς,
2426 685 2520 737 καὶ
2547 684 2759 755 πλήρης
2783 682 3099 754 Πνεύματος
3127 681 3305 747 ἁγίου,
3326 678 3508 731 ἔπειτα
3531 677 3723 747 δυνάμει

2186 775 2560 846 πνευματικῆς
2584 775 2794 844 σοφίας.
2821 774 2932 828 Καὶ
2963 773 3072 845 γὰρ
3089 772 3165 845 τῷ
3178 770 3306 842 θείῳ
3330 770 3470 841 λόγῳ
3494 767 3726 837 τοσαύτην

2186 867 2328 939 ὑπὲρ
2357 866 2453 920 τοῦ
2512 867 2869 938 κηρύγματος
2925 863 3251 937 συνηγορίαν
3296 862 3639 924 ἐπεδείκνυτο,
3666 859 3727 922 ὡς

2186 960 2282 1014 καὶ
2336 959 2548 1031 μεγάλα
2576 959 2644 1013 τὰ
2674 959 2932 1030 θαύματα
2974 957 3077 1028 τῆς
3123 955 3274 1022 θείας
3324 952 3588 1026 ἐνεργείας
3628 969 3729 1004 συν-

2185 1051 2398 1122 τρέχειν
2418 1048 2583 1104 αύτοῦ
2599 1053 2720 1115 ταῖς
2729 1048 3122 1113 διδασκαλίαις.
3144 1046 3447 1116 Στέφανος
3460 1045 3581 1115 γὰρ,
3599 1046 3727 1114 φησὶ.

2186 1144 2424 1213 πλήρης
2478 1145 2737 1209 πίστεως
2778 1142 2875 1196 καὶ
2932 1139 3265 1210 δυνάμεως,
3315 1138 3496 1193 ἐποίει
3544 1136 3729 1205 σημεῖα

2182 1235 2438 1310 μεγάλαι
2498 1236 2575 1289 υῦ
2611 1235 2719 1307 γὰρ
2744 1235 3061 1289 ἐδικαίωσεν
3081 1233 3338 1304 ἐμπόδιον
3359 1230 3504 1301 αὐτῷ
3526 1248 3575 1282 τι
3607 1228 3732 1298 γενέ-

2190 1326 2314 1380 σθαι
2345 1328 2412 1398 τῇ
2450 1326 2581 1397 περὶ
2610 1324 2710 1389 τὰς
2748 1326 2924 1397 χήρας
2946 1324 3173 1395 σπουδῇ,
3199 1321 3333 1376 ἀλλὰ
3355 1322 3449 1375 καὶ
3467 1319 3650 1390 ταύτης
3668 1319 3730 1371 εἴ·

2187 1438 2313 1490 χετο
2342 1418 2657 1493 προθύμως,
2682 1417 2944 1489 κάκείνης
2970 1417 3072 1470 οὐκ
3100 1414 3537 1487 ἀπελιμπὰνετο’
3567 1412 3648 1466 καὶ
3677 1406 3732 1480 ἦν

2189 1512 2275 1565 ἐπ’
2298 1511 2448 1583 αὑτῷ
2466 1511 2609 1582 μέγα
2622 1511 2683 1564 τὸ
2702 1509 2908 1581 θαῦμα,
2921 1509 3017 1565 καὶ
3032 1508 3320 1578 φιλοπόνου
3335 1506 3562 1569 διανοίας
3579 1503 3734 1557 πλεον-

497 1599 621 1656 illas
661 1600 882 1670 quidem
929 1616 1071 1671 pane
1113 1601 1386 1664 nutriens,
1420 1600 1519 1656 bas
1570 1614 1701 1655 vero
1738 1596 2084 1653 sermonibus

2191 1603 2430 1674 έκτημα.
2480 1604 2671 1675 Χήρας
2704 1600 3038 1662 ἐπιστεύετο.
3071 1599 3165 1654 καὶ
3192 1598 3371 1670 ψυχὰς
3401 1595 3731 1667 ἐνεπορεύετο.

498 1693 826 1759 instruens;
890 1694 997 1749 illis
1044 1693 1267 1764 quidem
1314 1691 1655 1762 corporalem
1692 1703 1939 1745 mensam
1988 1701 2084 1756 ap-

2190 1694 2290 1759 τὰς
2342 1695 2441 1765 μὲν
2483 1694 2635 1766 ἄρτῳ
2671 1693 2910 1763 τρέφων,
2938 1692 3035 1755 τὰς
3072 1691 3128 1745 δὲ
3166 1690 3310 1761 λόγῳ
3361 1688 3632 1748 παιδεύων.
3657 1688 3733 1740 καὶ

501 1800 730 1855 ponens,
778 1786 863 1842 his
895 1801 1024 1842 vero
1081 1785 1368 1856 spirituale
1415 1784 1635 1855 epulum
1676 1796 1900 1853 parans.
1953 1780 2084 1834 Erat

2191 1788 2309 1851 ταῖς
2334 1787 2431 1857 μὲν
2452 1786 2767 1858 σωματικὴν
2786 1784 3065 1858 τράπεζαν
3086 1783 3383 1857 προτιθεὶς,
3404 1781 3586 1847 ταῖςδέ
3601 1798 3735 1835 πνευ-

498 1876 641 1932 cnim
679 1877 763 1930 vir
797 1877 1039 1947 probus,
1075 1886 1128 1932 et
1163 1878 1359 1948 plenus
1405 1876 1615 1948 Spiritu
1652 1874 1876 1938 sancto,l
1911 1870 2082 1927 animi

2196 1881 2430 1952 ματικὴν
2452 1881 2635 1935 ἑστίαν
2662 1878 3116 1951 προϐαλλόμενος.
3134 1872 3243 1932 Ἦν
3261 1877 3375 1946 γὰρ
3395 1874 3528 1947 ἀνὴρ
3547 1871 3734 1941 ἀγαθὸς.

492 1967 719 2037 quidem
756 1969 1028 2039 probitate
1059 1986 1327 2041 pauperes
1355 1968 1533 2025 alendi
1563 1983 1762 2024 munus
1784 1966 2084 2028 sustinens,

2190 1939 2285 2026 καὶ
2322 1939 2538 2044 πλήρης
2588 1939 2907 2043 Πνεύματος
2938 1939 3144 2041 ’ἁγίουο
3195 1939 3511 2040 ἀγαθότητί
3658 1963 3736 2034 τῆς

500 2060 751 2130 loquendi
786 2077 917 2117 vero
955 2061 1228 2124 libertate,
1262 2070 1316 2118 et
1360 2060 1604 2133 Spiritus
1651 2060 1827 2116 sancti
1860 2058 2084 2119 virtute,

498 2149 746 2205 veritatis
767 2150 1021 2208 hostibus
1050 2166 1147 2206 ora
1174 2151 1536 2222 praecludens.
1574 2149 1845 2207 Omnibus
1902 2149 2088 2218 itaque

499 2240 815 2308 resistebat,
844 2254 897 2299 et
919 2243 1187 2299 adversus
1209 2258 1402 2302 omnes
1429 2242 1678 2299 veritatis
1701 2240 2088 2313 praedicatione

498 2333 837 2401 decertabat,
893 2334 1333 2392 adversariorum
1387 2336 1619 2391 consilia
1669 2335 1993 2397 destruens,
2033 2342 2125 2395 et,

499 2439 715 2480 omnem
743 2426 1089 2481 altitudinem
1118 2427 1472 2483 extollentem
1515 2443 1576 2483 se
1617 2425 1882 2483 adversus
1911 2427 2091 2482 scien-

499 2516 631 2570 tiam
671 2516 767 2571 Dei
788 2517 829 2572 ³.
868 2515 1044 2572 Tanta
1075 2525 1260 2573 autem
1305 2517 1524 2574 dicendi
1555 2517 1607 2571 vi
1657 2525 1824 2589 atque
1851 2515 2087 2573 efﬁéacia

500 2609 763 2677 praeditus
787 2618 925 2675 erat,
970 2617 1029 2664 ut
1078 2622 1237 2664 sacra
1271 2608 1468 2679 pagina
1501 2616 1761 2673 testante,
1798 2624 1961 2665 nemo
1993 2625 2089 2679 po-

499 2699 665 2754 tuerit
696 2698 956 2755 resistere
989 2700 1273 2770 sapientiae
1302 2710 1356 2756 et
1397 2699 1639 2771 spiritui,
1680 2715 1790 2770 quo
1828 2700 2088 2771 loqueba—

498 2797 590 2844 tur
614 2790 657 2847 ⁸.
680 2790 789 2848 Sed
818 2791 884 2847 ad
909 2792 1206 2848 concilium
1230 2792 1530 2863 impietatis
1559 2792 1758 2848 ductus
1781 2791 1882 2848 fuit
1911 2808 2088 2863 praeco

498 2882 796 2952 veritatis;
844 2892 1061 2955 oportet
1106 2884 1252 2940 enim
1305 2899 1409 2939 nos
1477 2885 1552 2939 ita
1604 2884 1660 2939 in
1716 2891 2040 2941 transcursu
2069 2924 2085 2949 ,

496 2973 711 3031 debitas
745 2974 1138 3047 Protomartyri
1177 2975 1367 3031 laudes
1397 2974 1649 3039 reddere,
1682 2992 1822 3046 quas
1854 2976 1969 3031 beri
2009 2976 2085 3046 (2)

498 3065 799 3134 adimplere
828 3076 1054 3137 propter
1077 3068 1330 3137 corporis
1358 3060 1732 3122 inlirmitatem
1770 3083 1879 3123 non
1910 3068 2084 3133 licuit,

496 3164 552 3211 et
581 3154 742 3210 hodie
775 3155 1014 3210 debitam
1057 3157 1267 3211 sanctis
1303 3158 1568 3225 apostolis
1606 3158 2087 3214 commemoratio-

498 3261 624 3301 nem
672 3261 980 3342 peragere..-
1011 3245 1257 3303 Primum
1307 3248 1577 3342 siquidem
1611 3264 1798 3342 neque
1849 3248 2047 3342 diebus
2069 3289 2083 3313 ,
2114 3284 2157 3342 ρ

498 3353 681 3408 neque
726 3338 1070 3408 temporibus
1122 3348 1442 3396 sanctorum
1497 3340 1689 3396 laudes
1731 3341 2085 3396 circumscri-

495 3429 688 3487 bendae
714 3440 845 3486 sunt
870 3447 885 3498 ;
912 3445 1038 3485 nam
1067 3429 1137 3485 In
1171 3432 1448 3497 memoria,
1478 3432 1573 3500 ait,
1621 3441 1822 3488 (eterna
1846 3432 1949 3486 erit
1988 3433 2086 3502 ju-

496 3534 613 3579 stus
634 3522 677 3578 '.
710 3522 917 3581 Deinde
945 3538 1077 3579 vero
1109 3524 1314 3594 quibus
1344 3540 1453 3579 una
1478 3524 1781 3596 eademque
1806 3523 1907 3579 fuit
1932 3540 2087 3580 mens

496 3622 663 3687 atque
713 3617 997 3672 sententia
1020 3616 1121 3688 (5),
1166 3615 1205 3670 ii
1241 3616 1431 3688 utique
1468 3616 1693 3672 laudum
1725 3632 1946 3688 quoque
1990 3617 2088 3673 de-

493 3706 628 3764 bent
656 3721 781 3763 esse
804 3715 1111 3765 consortes.
1141 3706 1262 3763 Non
1290 3707 1475 3778 itaque
1507 3707 1765 3764 laudandi
1798 3717 1926 3764 sunt
1966 3707 2087 3764 sine

495 3797 764 3868 apostolis
785 3805 1074 3869 martyres,
1108 3812 1209 3854 nec
1239 3797 1360 3854 sine
1391 3799 1512 3855 istis
1540 3799 1799 3870 apostoli.
1831 3798 2083 3870 Magistri

496 3889 645 3943 enim
683 3895 984 3960 martyrum
1022 3891 1280 3962 apostoli,
1318 3890 1587 3964 imagines
1630 3907 1762 3948 vero
1801 3892 2084 3963 apostolo-

496 3992 619 4034 rum
643 3988 773 4034 sunt
804 3986 1096 4050 martyres.
1129 3977 1351 4035 Illorum
1377 3982 1565 4051 itaque
1588 3981 1886 4053 imaginem
1921 3990 2086 4053 atque

496 4070 734 4142 insigne,
790 4086 1012 4128 crucem
1064 4071 1334 4139 videlicet,
1388 4073 1584 4130 beatus
1630 4089 1744 4144 prae
1784 4090 1845 4131 se
1901 4073 2085 4132 ferens

498 4162 832 4234 Stephanus,
889 4164 1101 4234 primus
1149 4177 1371 4234 quoque
1420 4178 1518 4235 per
1558 4174 1790 4220 mortem
1835 4166 2083 4237 martyrii

494 4270 702 4312 corona
724 4254 1016 4313 redimitus
1049 4254 1174 4313 iuit.
1223 4253 1371 4325 Quin
1406 4265 1461 4312 et
1492 4257 1746 4329 martyrii
1796 4257 2085 4314 tolerantia

494 4348 776 4420 magistris
805 4349 1036 4421 gloriam
1077 4348 1446 4422 decoremque
1478 4349 1861 4421 comparavit;
1898 4359 1952 4407 et
1998 4350 2083 4405 fa-

495 4447 621 4496 ctus
660 4449 747 4496 est
792 4455 921 4498 vere
966 4440 1302 4512 Stephanus,
1359 4444 1462 4497 hoc
1505 4453 1611 4509 est,
1661 4459 1904 4507 corona;
1954 4459 2081 4498 nam

495 4528 886 4599 magistrorum
917 4530 1267 4601 egregiorum
1314 4545 1542 4597 corona,
1594 4547 1703 4585 non
1732 4547 1800 4585 ex
1848 4531 2081 4587 celebri-

2188 2062 2433 2135 γνώμης,
2463 2064 2569 2116 τῶν
2619 2065 2867 2133 πενήτων
2890 2063 2990 2134 τὴν
3027 2059 3371 2131 λειτουργίαν
3392 2057 3735 2128 ὑφιστάμενος·

2190 2155 2473 2228 παρρησίᾳ
2492 2155 2549 2209 δέ
2569 2156 2663 2209 κα)⁸
2685 2156 2912 2226 δυνάμει
2929 2153 3024 2208 τοῦ
3048 2153 3189 2207 Πνεύ
3198 2170 3390 2225 ματος,
3412 2151 3533 2213 τοὺς
3547 2147 3736 2220 ἐχθροὺς

2186 2248 2287 2318 τῆς
2324 2247 2581 2319 ἀληθείας
2613 2246 3001 2319 ἐπιστομίζων.
3022 2247 3165 2301 nam
3187 2243 3318 2315 γοῦν
3344 2242 3640 2313 ἀντέκρουε,
3664 2239 3736 2291 καὶ

2189 2340 2395 2403 πάντας
2418 2338 2497 2410 τῷ
2520 2339 2804 2411 λόγῳ.τῆς
2845 2336 3105 2409 ἀληθείας
3172 2334 3591 2406 καηγωνὶζετο,
3620 2330 3736 2398 λογι-

2190 2431 2359 2501 σμοῦς
2391 2430 2693 2504 καθαιρῶν,
2747 2436 2841 2486 καὶ
2871 2430 3002 2506 πᾶν.
3022 2427 3225 2500 ὕψωμα
3255 2426 3604 2498 ἐπαιρόμενον
3624 2420 3736 2476 κατὰ

2186 2523 2285 2593 τῆς
2316 2523 2571 2592 γνώσεως
2630 2521 2725 2575 τοῦ
2759 2520 2917 2575 Θεοῦ.
2942 2518 3193 2590 Τοσαύτη
3242 2518 3300 2571 δὲ
3328 2516 3475 2587 αὐτῷ
3508 2514 3645 2584 ἰσχὺς
3662 2509 3736 2564 τοῦ

2186 2612 2345 2680 λόγου
2380 2613 2583 2683 παρῆν,
2610 2611 2686 2673 ὡς
2707 2609 2853 2665 κατὰ
2878 2609 2975 2682 τὴν
3003 2608 3315 2681 μαρτυρίαν
3337 2607 3437 2677 τῆς
3460 2603 3608 2673 ἁγίας
3623 2602 3735 2670 Γρα-

2189 2704 2314 2776 φῆς,
2354 2705 2559 2777 μηδένα
2596 2703 2858 2760 δύνασθαι
2892 2704 3207 2774 ἀντιστῆναι
3262 2704 3333 2772 τῇ
3370 2697 3528 2769 σοφίᾳ
3560 2696 3645 2750 καὶ
3678 2691 3736 2761 τῷ

2188 2796 2482 2865 πνεύματι,
2514 2790 2559 2865 ᾧ
2588 2796 2787 2851 ἐλάλει.
2825 2795 3079 2849 mrem
3105 2792 3163 2848 τὸ
3195 2794 3470 2864 συνέδριον
3495 2785 3732 2862 ῆγετοτῆς

2186 2887 2467 2954 ἀπιστίας,
2500 2889 2530 2940 ὁ
2559 2887 2734 2958 κῆρυξ
2761 2889 2861 2957 τῆς
2883 2885 3141 2957 ἀληθείας
3164 2902 3177 2916 ο
3203 2884 3285 2937 δεῖ
3319 2883 3429 2955 γὰρ
3464 2883 3601 2953 ἡμᾶς
3622 2878 3736 2933 οὕτω

2189 2976 2645 3049 παραδραμόντας
2696 2975 2773 3048 τῷ
2813 2976 3249 3048 Πρωτομάρτυρι
3283 2975 3385 3047 τὴν
3426 2970 3736 3043 ὀφειλομένην

2187 3068 2500 3133 ἀποδοῦναι,
2536 3068 2603 3141 ἢν
2628 3067 2753 3138 χθὲς
2785 3067 3183 3139 ἀποπληρῶσαι
3207 3065 3270 3119 τὸ
3297 3064 3518 3127 ἀσθενὲς
3544 3061 3625 3116 τοῦ
3656 3059 3736 3112 σὼ·

2190 3179 2358 3234 ματος
2388 3160 2487 3215 οὐκ
2510 3159 2801 3231 ἐπέτρεψε,
2827 3159 2922 3213 καὶ
2947 3160 3187 3230 σήμερον
3207 3161 3323 3222 τοῖς
3356 3157 3528 3226 ἁγίοις
3548 3149 3735 3209 ἀποστό-

2189 3254 2302 3318 λοις
2327 3254 2427 3325 τὴν
2455 3252 2666 3307 οἰκείαν
2703 3253 2928 3324 μνήμην
2969 3249 3394 3322 ἀποπληρῶσαι.
3429 3247 3634 3320 Πρῶτον
3660 3246 3736 3314 μὲν

2188 3346 2297 3419 γὰρ
2312 3346 2410 3417 οὐχ
2437 3344 2694 3416 ἡμέραις,
2721 3342 2843 3396 οὐδὲ
2873 3340 3181 3414 χρόνοις,τά
3204 3340 3315 3393 τῶν
3337 3338 3504 3409 ἁγίων
3527 3331 3736 3403 ἐγκώμια

2187 3436 2560 3509 περιορίζεται
2582 3451 2594 3465 ·
2620 3437 2726 3502 Εἰς
2743 3434 3147 3504 μνημόσυνον
3161 3430 3292 3501 γὰρ,
3323 3430 3504 3502 φησὶν,
3536 3425 3735 3480 αιὼνιον

2186 3528 2360 3584 ἔσται
2401 3527 2632 3594 δίκαιος
2652 3543 2666 3557 ·
2711 3526 2903 3580 ἔπειτα
2947 3524 3026 3586 δὲ,
3056 3516 3139 3587 οἷς
3171 3523 3233 3576 οὐ
3271 3516 3636 3592 διαιρεῖταιτά
3661 3513 3736 3579 τῆς

2188 3620 2433 3693 γνώμης.
2463 3618 2601 3674 Οὔτε
2627 3619 2806 3672 τοίνυν
2839 3616 3121 3689 μάρτυρες
3140 3614 3270 3670 ἄνευ
3292 3611 3613 3673 ἀποστόλων,
3640 3603 3735 3660 οὔτε

2187 3712 2350 3767 πάλιν
2379 3712 2669 3767 ἀπόστολοι
2697 3711 2872 3782 χωρὶς
2907 3709 3154 3763 ἐκείνων.
3188 3705 3510 3761 Διδάσκαλοι
3535 3703 3624 3772 μὲν
3650 3695 3735 3766 γᾶρ

2189 3805 2506 3878 μαρτύρων,
2537 3803 2845 3860 ἀπόστολοι·
2897 3803 3106 3867 εἰκόνες
3138 3801 3196 3855 δὲ
3231 3799 3345 3853 τῶν
3371 3794 3680 3854 ἀποστόλων,
3698 3788 3735 3840 οἱ

2188 3897 2485 3979 μάρτυρες.
2508 3896 2705 3951 Είκόνα
2724 3894 2856 3966 γοῦν
2870 3896 2969 3965 τὴν
2985 3894 3208 3949 ἐκείνων
3227 3893 3324 3947 καὶ
3345 3891 3437 3945 τὸν
3455 3882 3736 3979 χαρακῖῆρξ

2186 3976 2366 4061 φέρων
2390 3991 2417 4043 6
2441 3988 2708 4060 μακάριος
2741 3987 3030 4057 Στέφανος,
3060 3983 3294 4056 σταυρὸν
3321 3984 3420 4054 (5),
3453 3981 3543 4035 καὶ
3570 3976 3646 4031 διὰ
3663 3976 3734 4024 τοῦ

2185 4077 2418 4132 θανάτου
2455 4077 2671 4149 πρῶτος
2700 4075 2793 4130 τοῦ
2830 4074 3134 4147 μαρτυρίου
3167 4074 3259 4128 τὸν
3297 4072 3554 4142 στέφανον
3576 4064 3734 4133 ἀνεδή-

2185 4184 2337 4221 σατο.
2379 4165 2519 4220 Ἀλλ’
2563 4168 2713 4239 ὅμως
2754 4164 2845 4220 διὰ
2890 4165 2990 4235 τῆς
3030 4164 3310 4236 ὑπομονῆς
3351 4161 3445 4217 τοῦ
3477 4154 3733 4234 μαρτυρίου

2184 4259 2309 4323 τοὺς
2337 4257 2692 4323 διδασκάλους
2752 4258 3117 4328 ἀπεσέμνυνε,
3164 4256 3258 4310 καὶ
3305 4255 3525 4325 γέγονεν
3560 4244 3735 4320 ἀληθῶς

2186 4348 2479 4416 στέφανος·
2518 4347 2781 4417 στέφανος
2808 4346 2918 4417 γὰρ
2946 4345 3054 4398 τῶν
3086 4343 3264 4398 καλῶν
3309 4339 3626 4397 διδασκάλων
3656 4333 3733 4385 οἰκ

2182 4435 2251 4512 ἦν
2275 4438 2410 4509 τιμὴ
2437 4438 2532 4508 τῆς
2563 4436 2862 4508 εὐφημίας,
2894 4437 3006 4490 ἀλλ’
3042 4431 3109 4508 ἦν
3138 4433 3390 4507 προκοπὴ
3416 4432 3512 4502 τῆς
3547 4424 3732 4490 Ἐκκλη’

2188 4532 2327 4597 σίας,
2351 4530 2541 4602 ὥσπερ
2559 4531 2690 4601 γοῦν
2714 4528 3018 4601 Κορινθίοις
3038 4528 3268 4599 γράφων
3296 4529 3326 4580 6
3352 4527 3492 4587 θεῖος
3518 4518 3731 4575 ’Λπόστοο

498 4629 608 4675 tate
644 4620 885 4676 nominis
917 4630 1070 4676 ortus
1119 4621 1317 4689 honor,
1348 4622 1446 4678 sed
1476 4620 1735 4678 Ecclesiae
1770 4614 2083 4678 incremen-

2188 4623 2276 4687 λός
2308 4638 2494 4693 φησιν·
2540 4620 2806 4689 Ἀδελφοί
2829 4639 2951 4691 μου
2972 4618 3267 4690 ἀγαπητοὶ
3289 4618 3387 4674 καὶ
3407 4614 3728 4676 ἐπιπόθητα.

498 4722 612 4766 tum
638 4718 781 4773 erat,
817 4712 1288 4780 quemadmodum
1321 4715 1487 4768 etiam
1519 4714 1588 4768 ad
1653 4714 1972 4770 Corinthios
2002 4713 2081 4786 (4)

495 4803 748 4861 scribens
800 4802 1021 4860 divinus
1064 4805 1368 4876 Apostolus
1418 4806 1631 4877 inquit:
1703 4804 1930 4861 Fratres
1983 4808 2086 4861 mei

497 4897 835 4961 charissimi,
888 4896 1152 4967 gaudium
1201 4914 1416 4962 meum,
1468 4908 1515 4951 et
1555 4914 1753 4952 corona
1809 4915 1948 4965 mea,
2008 4899 2088 4953 sic

497 4998 635 5043 state
657 4988 697 5045 ⁸.
723 4989 830 5044 Sed
863 4987 930 5043 ad
968 4988 1313 5060 propositum
1336 4989 1648 5044 redeamus.

569 5102 857 5174 Ingressus
905 5113 992 5161 est
1040 5104 1097 5160 in
1157 5102 1365 5159 Christi
1415 5102 1727 5159 occisorum
1782 5101 2079 5156 concilium

496 5195 581 5249 vir
618 5195 900 5253 Christum
951 5195 1154 5262 ferens,
1200 5196 1320 5251 ovis
1361 5195 1417 5250 in
1453 5196 1707 5265 luporum
1750 5208 2084 5266 synagogam

575 5381 738 5440 ’Act.
761 5401 841 5453 vr,
876 5385 911 5441 8
965 5401 1087 5457 sqq.

569 5566 646 5636 (‘2)
684 5567 877 5649 llabita
906 5577 990 5626 est
1020 5570 1187 5642 igitur
1228 5573 1345 5628 haec
1403 5576 1582 5629 oratio
1635 5577 1905 5646 postridie
1958 5576 2084 5632 festi

501 5634 561 5689 S.
603 5634 889 5690 Stephani.

549 5678 561 5689 .
603 5652 697 5690 ale
742 5652 889 5692 nam.

568 5706 650 5776 (5)
687 5652 788 5761 l‘iic
819 5711 1081 5765 nonnulla
1106 5712 1301 5769 deesse
1322 5712 1575 5768 videntur
1608 5714 1661 5768 in
1689 5723 1840 5770 textu
1866 5714 2083 5780 Graeco,

500 5791 621 5843 quae
662 5779 729 5833 ad
760 5781 1196 5853 antecedentium
1231 5793 1284 5837 et
1312 5784 1763 5853 subsequentium
1791 5779 2080 5840 verborum

501 5859 731 5922 sensum
762 5848 814 5901 in
848 5849 1101 5922 versione
1136 5860 1324 5922 nostra
1354 5848 1752 5922 supplevimus.

576 5915 652 5985 (4)
686 5916 945 5974 Memoria
976 5921 1179 5976 labitur
1199 5915 1503 5992 Nysscnus,
1528 5925 1635 5981 nisi
1665 5929 1865 5982 veteris
1912 5925 2078 5981 libra-

2186 4714 2341 4783 χαρὰ
2369 4712 2466 4767 καὶ
2497 4711 2802 4782 στέφανός
2838 4729 2978 4781 μου,
3007 4711 3161 4765 οὕτω
3184 4709 3458 4777 στήκετε.
3505 4700 3630 4758 Ἀλλ’
3656 4693 3729 4747 ἐπὶ

2184 4805 2247 4858 τὸ
2287 4804 2652 4876 προκείμενον
2681 4803 3089 4874 ἐπανέλθωμεν.

2245 5097 2509 5167 Εἰσῆλθεν
2542 5097 2622 5158 εἰς
2658 5095 2718 5147 τὸ
2740 5094 3014 5166 συνέδριον
3044 5092 3154 5146 τῶν
3171 5088 3544 5162 Χριστοφόνων
3565 5084 3592 5137 6
3618 5080 3726 5150 Χριι·

2180 5191 2444 5263 στοφόρος
2460 5203 2474 5219 ⁸
2494 5186 2851 5259 εἰσεπήδησεν
2875 5187 2957 5250 είς
2986 5185 3086 5257 τὴν
3113 5182 3433 5253 συναγωγὴν
3457 5177 3558 5233 τῶν
3578 5173 3724 5229 λύκων

1203 5387 1226 5419 ³
1274 5386 1318 5440 ll
1339 5387 1468 5445 Cor.
1504 5388 1672 5451 x,15.
1752 5389 1775 5421 ⁸
1805 5387 1925 5444 Act.
1959 5403 2034 5451 vt,
2065 5386 2153 5444 lO.
2231 5389 2254 5420 ³
2280 5386 2427 5445 Psal.
2463 5402 2579 5451 cxi,
2622 5386 2673 5440 7.
2715 5386 2737 5417 ⁸
2764 5383 3001 5455 Philipp.
3036 5396 3110 5449 tv,
3149 5379 3199 5433 i.

2193 5575 2263 5630 rii
2285 5587 2441 5629 error
2470 5571 2585 5640 sit;
2624 5585 2751 5626 nam
2798 5570 2914 5626 ha‘c
2946 5569 3114 5626 verba
3149 5584 3256 5624 non
3274 5557 3628 5640 _in_Epistolis
3660 5546 3717 5640 id

2190 5622 2546 5707 aereaere;
2569 5622 2693 5698 ἐςιά
2722 5622 3111 5713 variasset.
3150 5622 3622 5707 aptans...”
3660 5622 3717 5674 ne.

2190 5724 2511 5855 sutnﬁtrrﬁde
2543 5805 2611 5844 an
2650 5786 2873 5841 verbum
2910 5780 3144 5852 σταυρόν
3172 5783 3608 5848 supervacaneum
3629 5761 3713 5825 sit;

2190 5870 2337 5915 certe
2367 5856 2487 5918 sine
2516 5861 2609 5917 illo
2640 5871 2839 5916 sensus
2869 5861 3122 5911 constare
3147 5857 3342 5922 potest.
