3938 6418
237 447 332 505 325

1223 446 1501 503 ALTERA
1547 436 1906 505 LAUDATIO
1962 446 2017 506 S.
2065 448 2432 508 STEPHANI.

3368 449 3471 507 7‘26

234 568 291 623 τὸ
311 564 595 637 πρόϐατον
640 564 758 621 ἀλλ’
798 563 866 639 ἦν
895 568 999 638 οὐχ
1025 567 1099 632 ὡς
1123 569 1312 634 ἀπλῶς
1340 569 1612 642 πρόϐατον
1640 568 1794 642 θηρι-

1906 571 2129 638 insiluit,
2165 587 2275 629 non
2306 580 2567 642 tauquam
2603 571 2831 626 omnino
2879 569 3007 628 ovis
3035 586 3064 625 a
3112 571 3249 642 lupo
3295 581 3475 640 rapta,

236 660 438 721 ἀλωτον,
463 657 595 713 ἀλλά
629 659 901 731 πρόϐατον
939 658 1042 714 ὑπὸ
1076 660 1313 733 Χριστοῦ
1345 661 1787 732 ποιμαινόμενον,

235 749 460 821 καὶπρὸς
480 750 605 813 τοὺς
629 749 827 815 λύκους
847 751 1267 824 ἀγωνιζόμενον.
1299 755 1365 807 Oi
1387 754 1486 825 μὲν
1502 754 1612 825 γὰρ
1639 753 1797 808 ἐλύσ-

235 857 331 893 σων
378 839 468 893 καὶ
491 840 816 913 διεπρίοντο,
843 844 963 906 ταῖς
984 843 1342 916 κατηγορίαις
1371 846 1467 898 καὶ
1495 845 1620 909 ταῖς
1639 845 1800 899 ἀπει-

233 932 338 995 λαῖς
370 932 427 984 τὸ
456 931 704 1004 ποίμνιον
743 934 1170 1000 καταδάκνοντες
1191 952 1206 966 ·
1238 937 1269 990 6
1295 934 1352 989 δὲ
1381 934 1581 1007 μᾶλλον
1599 936 1799 1000 αὐτοὺς

233 1025 330 1086 τοῖς
353 1022 585 1095 ἐλέγχοις
606 1023 1021 1096 διεσπάραττεν,
1053 1026 1088 1099 ἢ
1115 1029 1237 1091 ταῖς
1261 1027 1513 1092 ἀπειλαῖς
1563 1029 1658 1083 καὶ
1676 1031 1798 1093 ταῖς

233 1116 580 1187 κατηγορίαις,
599 1116 675 1181 ὡς
697 1119 915 1173 ἐκεῖνοι.
949 1119 1042 1191 Μὴ
1069 1119 1265 1190 ψιλῶς,
1302 1120 1425 1191 μηδ’
1462 1119 1800 1184 ἐπιπολαίως

231 1206 653 1279 παραδράμωμεν
677 1209 749 1263 τὰ
782 1210 1072 1283 λεγόμενα.
1110 1206 1280 1276 Οὗτος
1308 1212 1417 1284 γὰρ
1437 1212 1571 1283 πρὸς
1601 1212 1797 1266 τοσαύ-

229 1315 316 1368 την
354 1300 671 1373 συναγωγὴν
703 1304 1179 1375 πονηρευομένων,
1212 1305 1308 1359 καὶ
1348 1304 1486 1368 πρὸς
1531 1303 1799 1375 τοσαύτην

231 1390 389 1444 λύκων
413 1391 598 1463 ἔφοδον
622 1396 765 1448 κατά
802 1397 905 1466 τῆς
935 1396 1149 1462 ἀδικίας
1188 1396 1459 1469 ἐθάρσησε
1486 1396 1797 1470 παρρησιά-

232 1481 428 1548 σασθαι,
461 1484 554 1538 καί⁵
573 1479 751 1541 εἰπεῖν
779 1489 919 1560 μετά
947 1488 1048 1561 τὴν
1078 1489 1281 1561 πολλὴν
1301 1489 1517 1562 ἐκείνην
1543 1489 1800 1542 διδασκα-

231 1573 362 1628 λίαν·
380 1578 925 1649 Σκληροτράχηλοι,
949 1581 1049 1635 καὶ
1078 1582 1464 1653 ἀπερίτμητοι
1486 1581 1561 1651 τῇ
1588 1580 1802 1650 καρδίᾳ

231 1666 318 1719 καί
360 1667 482 1735 τοῖς
522 1669 696 1736 ὠσίν,
739 1671 910 1740 ὑμεῖς
970 1673 1065 1729 ἀεὶ
1099 1673 1183 1742 τῷ
1204 1675 1513 1745 Πνεύματι
1554 1672 1637 1740 τῷ
1655 1673 1803 1742 ἁγίῳ

229 1756 604 1824 ἀντιπίπτετε,
642 1761 838 1827 καθὼς
862 1765 917 1817 οί
945 1763 1200 1833 πατέρες
1220 1763 1409 1835 ὑμῶν,
1432 1764 1528 1818 καὶ
1554 1762 1623 1817 τὰ
1651 1763 1799 1833 ἑξῆς.

228 1848 397 1914 Οὐτως
426 1854 454 1905 6
480 1853 576 1907 ἐπὶ
617 1854 714 1925 μὲν
739 1856 845 1925 γῆς
882 1857 1229 1928 φαινόμενος,
1277 1857 1348 1911 τὰ
1403 1857 1461 1911 δὲ
1495 1859 1553 1911 ὲν
1587 1852 1802 1928 οὐρανῷ

226 1945 722 2016 ηκατοπτριζόμενοςο
776 1949 873 2002 καὶ
925 1948 1214 2021 ἀνθρώπου
1272 1948 1371 2021 μὲν
1396 1949 1561 2018 φύσιν
1592 1951 1801 2005 ἐνδεδυ·
1828 1994 1867 2021 μ

230 2034 386 2104 μένος,
421 2037 656 2105 ἀγγέλου
687 2038 743 2092 δὲ
766 2038 891 2109 δψιν
944 2040 1040 2094 καὶ
1081 2041 1266 2112 σχῆμα
1293 2042 1801 2113 μταμορφωσάμε-

226 2139 303 2188 νος
344 2127 452 2196 (καὶ
479 2127 692 2184 τούτων
731 2129 885 2184 οὐδὲν
919 2132 1150 2196 ἀπεικός
1175 2153 1187 2164 ·
1220 2133 1429 2205 ἔπρεπε
1453 2133 1564 2206 γὰρ
1585 2133 1803 2205 ἀληθῶς

224 2216 277 2269 ὲν
320 2216 394 2288 τῷ
439 2220 882 2294 Πρωτομάρτυρι
932 2222 1216 2295 δειχθῆναι
1258 2224 1370 2279 τῶν
1422 2226 1716 2297 μαρτύρων
1741 2226 1803 2280 τὸ

225 2306 440 2379 ἀξίωμα,
475 2312 574 2365 καὶ
603 2311 807 2391 γνῶναι
836 2312 1028 2368 λοιπὸν
1065 2315 1315 2381 ἅπαντας
1355 2316 1455 2386 τῆς
1486 2316 1679 2387 καινῆς
1705 2316 1803 2387 χά-

222 2417 356 2469 ριτος
409 2404 477 2469 τά
524 2402 733 2476 ἕργα)·
767 2405 797 2457 ὁ
843 2403 940 2458 τοῦ
997 2406 1300 2477 μαρτυρίου
1345 2406 1508 2470 πόθος
1546 2408 1609 2461 οὐ
1641 2407 1804 2478 μόνον

225 2491 498 2565 ἀγγελικὴν
524 2492 690 2559 ἀξίαν
718 2494 1025 2567 χαρίζεται,
1053 2494 1299 2549 ἀλλὰκαὶ
1323 2494 1570 2566 οὐρανῶν
1597 2496 1802 2565 ἀνοίγει

225 2583 409 2650 πύλας·
436 2588 626 2642 οὐκέτι
666 2587 883 2660 θανάτῳ
913 2588 1014 2653 τάς
1034 2589 1215 2661 ψυχὰς
1247 2589 1654 2661 παραπέμπων,
1686 2591 1801 2646 ἀλλ’

223 2676 293 2739 εἰς
328 2679 776 2752 χεῖρας⁶Χριστοῦ
798 2681 860 2735 τὸ
892 2680 1111 2752 πνεῦμα
1130 2681 1580 2752 παρατιθέμενος.
1627 2682 1684 2736 '0
1703 2682 1803 2753 μὲν

222 2766 318 2837 γὰρ
347 2769 626 2841 Κυριακὸς
655 2770 942 2843 ἄνθρωπος
966 2771 1062 2827 τοῦ
1080 2772 1334 2844 Σωτῆρος
1366 2772 1446 2843 τῷ
1472 2772 1651 2844 έαυτῷ
1687 2775 1803 2827 Πα-

222 2860 301 2930 τρὶ
327 2861 382 2916 ὲν
429 2863 508 2935 τῷ
554 2864 780 2937 σταυρῷ
816 2864 1179 2937 προσεφώνει,
1222 2865 1432 2935 λέγων’
1462 2865 1674 2934 Πάτερ,
1715 2869 1804 2933 είς

227 2953 403 3022 χεῖράς
433 2973 553 3013 σου
601 2960 962 3030 παρατίθημι
991 2958 1059 3013 τὸ
1101 2959 1339 3029 πνεῦμά
1364 2976 1484 3029 μου
1508 2977 1522 2990 ·
1573 2960 1602 3013 6
1631 2958 1688 3012 δὲ
1709 2959 1803 3013 τοῦ

224 3044 438 3113 Χριστοῦ
453 3047 649 3112 δοῦλος
665 3048 959 3119 Στέφανος,
981 3046 1274 3117 ἀνατείνας
1294 3049 1375 3111 εἰς
1394 3045 1486 3101 τὸν
1503 3044 1801 3114 Δεσπότην,

223 3136 399 3204 Κύριε,
426 3139 620 3210 φησιν,
655 3138 872 3207 Ἰησοῦ,
891 3138 1061 3205 δέξαι
1094 3138 1159 3193 τὸ
1186 3137 1424 3207 πνεῦμά
1445 3154 1564 3208 μου
1586 3153 1602 3170 ο
1632 3136 1806 3210 ταύτῃ

221 3227 277 3296 τῇ
301 3231 441 3299 φωνῇ
477 3229 586 3302 τὴν
612 3227 792 3301 ψυχὴν
817 3228 1179 3299 ἀποθέμενος.
1203 3227 1460 3299 ’Ἄγγελοι
1484 3227 1576 3280 τὸν
1596 3227 1806 3281 ἑαυτῶν

1897 664 1997 720 sed
2034 672 2292 735 tanquam
2324 665 2445 720 ovis
2481 679 2511 718 e
2540 662 2744 719 Christi
2777 678 2939 735 grege
2974 678 3098 717 cum
3140 662 3286 734 lupis
3314 662 3478 717 dimi-.-

1896 770 2052 813 cans.
2086 754 2220 810 Nam
2246 755 2323 811 illi
2359 754 2611 811 furebant
2673 765 2837 825 atque
2881 752 3329 818 dissecabantur,
3385 767 3475 804 ae-

1895 846 2247 902 cusationum
2280 854 2446 916 atque
2506 845 2783 899 minarum
2823 843 3099 899 morsibus
3129 856 3345 913 gregem
3391 839 3475 894 di-

1896 937 2239 1007 lacerantes;
2275 943 2332 991 at
2354 936 2443 991 hic
2475 935 2698 992 diverso
2743 948 2971 1007 prorsus
3006 948 3159 988 more
3186 946 3283 988 eos
3313 946 3479 1001 argu-
3510 966 3517 971 -

1897 1029 2333 1087 mentationibus
2384 1030 2572 1099 potius
2603 1029 2739 1093 suis,
2773 1042 2936 1097 quam
2971 1026 3135 1081 minis
3163 1033 3218 1081 et
3246 1039 3478 1080 accusa-

1898 1122 2144 1179 tionibus
2177 1122 2541 1192 discerpebat.
2582 1121 2653 1175 At
2677 1136 2789 1175 non
2822 1120 3016 1175 leviter
3041 1129 3205 1189 atque
3236 1131 3483 1172 summa-

1900 1217 2020 1281 tim,
2061 1231 2183 1287 quae
2230 1215 2298 1271 de
2350 1215 2472 1286 ipso
2509 1220 2810 1267 narrantur
2838 1253 2854 1279 ,
2908 1225 3324 1282 percurramus.
3382 1206 3482 1263 llic

1898 1305 2044 1361 enim
2080 1306 2137 1361 in
2173 1312 2328 1359 tanto
2364 1303 2780 1374 malignantium
2838 1301 3074 1357 concilio
3114 1307 3168 1354 et
3202 1308 3282 1353 tot
3321 1297 3482 1366 lupo-

1899 1412 2022 1452 rum
2055 1397 2285 1452 incursu
2315 1394 2577 1450 audacter
2606 1394 2870 1449 adversus
2917 1391 3254 1461 impietatem
3302 1388 3479 1458 loqui,

1899 1498 1956 1545 et
1981 1497 2105 1560 post
2133 1488 2409 1559 egregiam
2454 1487 2603 1542 illam
2643 1484 2767 1541 ﬁdei
2817 1484 3263 1555 praedicationem
3297 1481 3482 1536 dicere

1902 1598 2011 1639 non
2042 1581 2258 1636 timuit:
2293 1580 2447 1635 Dura
2479 1580 2696 1645 cervice,
2717 1586 2766 1632 et
2798 1574 3184 1630 iucircumcisis
3211 1571 3481 1632 cordibus,

1900 1687 1950 1732 et
1999 1674 2241 1739 auribus,
2291 1690 2380 1729 vos
2424 1686 2628 1740 semper
2693 1668 2918 1739 Spiritui
2971 1676 3156 1721 sancto
3211 1662 3481 1725 resistitis,

1901 1771 2037 1825 sicut
2065 1778 2242 1837 patres
2291 1765 2514 1829 vestri",
2549 1771 2604 1820 et
2638 1778 2761 1835 qua:
2813 1766 3140 1831 sequuntur.
3193 1755 3322 1811 Haec
3373 1755 3481 1816 ille,

1902 1864 1995 1934 qui
2039 1862 2094 1918 in
2128 1869 2275 1916 terra
2310 1857 2531 1930 quidem
2566 1870 2691 1912 esse
2728 1853 3042 1919 videbatur,
3084 1849 3331 1906 cmlestia
3357 1862 3487 1902 vero

1903 1954 2316 2026 specnlabatur,
2348 1967 2458 2007 non
2482 1958 2646 2005 exuta
2671 1947 2915 2003 hominis
2946 1951 3166 2004 natura,
3214 1942 3269 1995 in
3306 1938 3486 2008 angeli

1904 2047 2123 2113 faciem,
2158 2045 2510 2116 speciemque
2537 2039 3008 2104 transformatus;
3046 2035 3209 2105 idque
3237 2047 3344 2087 non
3381 2032 3486 2085 im-

1904 2143 2144 2198 merito:
2177 2137 2408 2194 decebat
2437 2134 2609 2197 enim,
2650 2140 2710 2188 ut
2760 2131 2814 2185 in
2849 2128 3285 2196 Protomartyre,
3339 2138 3487 2176 mar-

1905 2242 2085 2306 tyrum
2113 2231 2352 2301 dignitas
2384 2243 2510 2284 vere
2554 2231 2865 2298 appareret,
2894 2233 3195 2290 omnesque
3228 2217 3488 2284 deinceps

1905 2305 2059 2381 nova!
2110 2322 2300 2395 gratiae
2345 2334 2514 2392 opera
2566 2319 2623 2372 in
2669 2330 2735 2371 eo
2783 2314 3192 2385 dignoscerent.
3234 2305 3492 2377 Martyrii

1905 2417 2109 2490 quippe
2138 2414 2473 2471 desiderium
2509 2427 2618 2467 non
2649 2409 2951 2480 angelicam
2982 2403 3145 2461 modo
3168 2401 3493 2473 dignitatem

1911 2509 2176 2581 impertit,
2218 2506 2316 2563 sed
2356 2514 2410 2562 et
2440 2505 2704 2561 cwlorum
2739 2500 2914 2571 aperit
2956 2505 3183 2568 portas;
3220 2510 3327 2548 non
3374 2499 3493 2546 tra-

1905 2603 2045 2658 dens
2074 2602 2286 2655 animas
2324 2597 2509 2660 morti,
2541 2595 2636 2652 sed
2669 2593 2725 2648 in
2754 2592 2962 2648 Christi
3000 2604 3197 2644 manus
3236 2585 3489 2656 spiritum

1905 2691 2323 2748 commendans.
2367 2688 2504 2743 Nam
2552 2686 2870 2741 Dominieus
2903 2683 3122 2754 quidem
3158 2680 3324 2734 homo
3369 2676 3492 2730 Sal-

1907 2790 2065 2837 vator
2099 2789 2288 2837 noster
2320 2780 2387 2835 ad
2422 2779 2638 2834 Patrem
2686 2792 2845 2832 suum
2897 2775 2950 2828 in
2993 2787 3160 2828 cruce
3201 2768 3493 2829 clamabat,

1906 2876 2094 2931 dicens
2123 2892 2136 2928 :
2174 2872 2235 2929 In
2266 2888 2456 2926 manus
2490 2879 2609 2925 tuas
2638 2868 2943 2924 commendo
2974 2865 3223 2936 spiritum
3257 2878 3429 2916 meum
3447 2859 3490 2914 ⁸.

1908 2967 2221 3038 Stephanus
2247 2979 2379 3020 vero
2413 2962 2623 3019 Christi
2680 2976 2875 3017 servus
2906 2959 3153 3015 extensis
3185 2955 3249 3010 ad
3306 2952 3494 3007 Domi-

1906 3074 2037 3114 num
2070 3057 2331 3113 manibus
2362 3056 2460 3120 ait,
2510 3054 2736 3109 Domine
2777 3050 2932 3114 Jesu,
2986 3049 3193 3117 suscipe
3242 3046 3497 3114 spiritum

1907 3167 2082 3206 meum
2101 3152 2143 3204 '.
2175 3148 2241 3202 Et
2264 3148 2382 3203 haec
2400 3146 2567 3202 verba
2591 3143 2901 3217 proferens,
2932 3142 3169 3196 animam
3194 3137 3488 3194 exhalavit.

1907 3243 2100 3313 Angeli
2130 3249 2311 3296 autem
2343 3239 2584 3295 caelestis
2624 3235 2783 3291 chori
2835 3235 3048 3292 socium
3098 3237 3486 3301 susceperunt;

220 3320 463 3393 χορευτὴν
489 3320 906 3392 ἀπελάμϐανον,
937 3321 1138 3392 μᾶλλον
1160 3321 1324 3375 αὐτὸν
1355 3319 1563 3375 ἀνωθεν
1583 3319 1801 3390 βάλλον-

1911 3335 2165 3407 pluribus
2197 3349 2228 3389 e
2262 3332 2403 3388 emlo
2432 3330 2689 3385 laudibus
2720 3327 2903 3398 ipsum
2936 3324 3304 3382 cumulantes,
3329 3334 3493 3391 quam

221 3427 301 3475 τες
342 3415 457 3477 ταῖς
517 3412 906 3485 εὐφημίαις,ἢ
945 3414 1002 3467 ὲν
1036 3414 1151 3476 τοῖς
1187 3412 1357 3476 λίθοις
1385 3411 1630 3465 κάτωθεν
1675 3413 1805 3465 Ἰου-

218 3499 358 3557 δαῖοι.
398 3503 539 3557 Ἀλλ’
572 3503 601 3554 6
638 3501 740 3573 μὲν
786 3501 1056 3570 Στέφανος
1100 3500 1244 3555 οὕτω
1273 3503 1365 3554 τὸν
1403 3504 1569 3558 καλὸν
1602 3506 1801 3573 ἀγωνι-

222 3589 435 3661 σάμενος
461 3591 681 3661 ἀγῶνα,
710 3591 803 3645 τὸν
846 3593 907 3645 ὲν
937 3591 1188 3662 οὐρανοῖς
1223 3591 1424 3665 κλῆρον
1450 3593 1687 3660 ἐδέξατο.
1715 3593 1806 3666 Τῷ

220 3679 459 3754 Στεφάνῳ
509 3682 579 3738 δὲ
613 3681 790 3753 τούτῳ
842 3680 1046 3746 πάντες
1084 3682 1347 3754 ἐξαίφνης
1375 3684 1426 3738 οἱ
1469 3684 1639 3757 τίμιοι
1667 3685 1805 3740 λίθοι

220 3774 652 3847 συνεπλάκησαν,
676 3776 726 3828 oi
756 3773 1026 3829 θειότατοι
1039 3774 1149 3829 τῶν
1163 3776 1517 3847 Εὐαγγελίων
1543 3777 1802 3851 κήρυκες,

220 3864 326 3933 μεθ’
354 3866 447 3932 οὓς
473 3870 528 3922 οἱ
561 3868 860 3940 μάρτυρες,
913 3869 1010 3922 καὶ
1053 3871 1169 3940 μετ’
1199 3869 1397 3934 αὐτοὺς
1427 3869 1593 3925 πάλιν
1627 3872 1677 3925 οἱ
1701 3889 1808 3926 σω-

215 3961 375 4031 τηρέῳ
433 3962 614 4034 ἀρετῇ
665 3960 1072 4032 διαλάμψαντες
1111 3979 1125 3994 ·
1162 3964 1597 4037 προηγουμένως
1643 3964 1702 4018 δὲ
1753 3966 1806 4020 oi

214 4051 298 4106 ἐπὶ
322 4054 415 4107 τοῦ
433 4053 709 4127 παρόντος
739 4056 1228 4127 μνημονευόμενοι,
1266 4056 1402 4112 πολύ
1434 4058 1528 4111 καὶ
1552 4056 1806 4134 λαμπρὸν

214 4146 697 4219 ἀπαστράπτοντες
741 4149 804 4203 τὸ
831 4148 1030 4212 κάλλος
1078 4149 1179 4219 τῆς
1213 4149 1520 4214 εὐσεϐείας,
1565 4149 1710 4220 λέγω
1739 4151 1805 4224 δὴ

215 4241 428 4314 Πέτρος,
463 4244 566 4299 καὶ
603 4242 881 4310 Ἰάκωϐος,
910 4244 1006 4298 καὶ
1047 4243 1321 4315 Ἰωάννης,
1345 4244 1396 4298 oi
1428 4244 1648 4316 καὶτῆς
1675 4244 1808 4299 ἀποο

216 4335 456 4409 πολικῆς
495 4335 767 4408 ἁρμονίας
787 4335 1027 4408 ἕξαρχοι,
1060 4337 1156 4390 καὶ
1194 4337 1295 4408 τῆς
1342 4336 1807 4409 ὲκκλησιαστικῆς

211 4426 445 4495 εὐδοξίας
479 4428 760 4499 στέφανοι.
809 4430 927 4484 Οὐκ
962 4429 1268 4499 ἀφίσταμαι
1296 4429 1404 4502 γὰρ
1436 4429 1538 4501 τῆς
1558 4428 1654 4484 τοῦ
1677 4430 1807 4483 Στε-

213 4520 373 4585 φᾶνου
436 4522 851 4595 προσηγορίας·
909 4522 1046 4576 ἀλλά
1105 4522 1366 4586 πολλάκις
1418 4522 1513 4577 καὶ
1543 4520 1805 4593 μυριάκις

212 4610 397 4681 λέγων,
422 4615 505 4669 ἐτι
538 4615 708 4684 διψῶν
755 4613 1227 4685 ὲπαναλαμϐάνω·
1262 4614 1540 4684 Στεφάνου
1580 4614 1688 4685 γὰρ
1722 4611 1806 4667 κόο

1907 3427 2114 3498 quibus
2143 3425 2196 3479 in
2226 3431 2373 3479 terra
2394 3437 2519 3478 eum
2544 3419 2715 3476 Judazi
2748 3417 3024 3489 lapidibus
3052 3413 3359 3470 obrucrint.
3386 3412 3494 3467 Sed

1909 3518 2224 3590 Stephanus
2257 3516 2478 3587 quidem
2523 3514 2733 3569 bonum
2766 3511 2872 3565 hoc
2906 3516 3068 3578 pacto
3100 3513 3322 3561 certans
3368 3517 3507 3557 cere.

1906 3614 2092 3662 tamen
2118 3646 2134 3672 ,
2185 3604 2435 3661 ctelestis
2483 3602 2672 3673 gloria:
2715 3612 2951 3654 consors
3005 3603 3090 3651 est
3123 3595 3320 3649 factus.
3358 3590 3495 3646 lluie

1907 3707 2090 3752 autem
2125 3694 2427 3767 Stephano,
2481 3696 2586 3751 hoc
2625 3703 2733 3762 est,
2782 3710 3013 3759 coronis,
3070 3692 3218 3747 illico
3270 3689 3499 3761 pretiosi

1907 3788 2115 3861 lapides
2144 3787 2466 3860 agglutinati
2494 3794 2647 3853 sunt,
2691 3785 2863 3842 divini
2898 3784 3150 3840 videlicet
3174 3781 3495 3853 Evangelio-

1908 3898 2029 3937 rum
2064 3895 2369 3953 praecones,
2413 3896 2555 3952 quos
2598 3879 2881 3937 subsecuti
2928 3885 3061 3934 sunt
3119 3883 3406 3948 martyres,
3441 3884 3496 3931 et

1910 3991 2125 4045 rursus,
2158 3975 2254 4048 qui
2285 3974 2520 4032 salutati
2561 3974 2825 4043 deinceps
2860 3972 3066 4027 virtute
3087 3975 3495 4031 coruscarum;

1908 4082 2021 4138 pra:
2047 4067 2262 4124 caeteris
2298 4081 2429 4123 vero
2454 4064 2717 4120 omnibus
2748 4063 2818 4129 ii,
2869 4077 3104 4133 quorum
3144 4062 3198 4116 in
3239 4061 3505 4133 praesenti-

1908 4158 2228 4213 memoriam
2299 4157 2539 4228 agimus,
2606 4156 2703 4227 qui
2778 4156 2941 4226 longe
3008 4153 3228 4223 lateque
3275 4150 3498 4222 pietatis

1911 4246 2208 4316 Splendore
2260 4245 2585 4302 cﬂ‘ulserunt
2616 4284 2631 4310 ,
2679 4244 2905 4300 Petrum
2963 4243 3074 4310 aio,
3109 4241 3400 4304 Jacobum,
3444 4252 3496 4294 et

1905 4333 2174 4391 Joannem
2225 4336 2510 4406 apostolici
2557 4335 2769 4391 ordinis
2811 4335 3109 4405 principes,
3142 4333 3507 4389 tet-ecclesia-

1905 4428 2058 4485 sticaa
2084 4428 2270 4498 gloriae
2293 4442 2529 4483 coronas
2561 4427 2662 4498 (7).
2692 4428 2914 4498 Nequeo
2942 4428 3091 4482 enim
3123 4427 3256 4482 mihi
3286 4436 3492 4497 tempe-

1907 4533 2052 4585 rare,
2081 4520 2378 4590 quominus
2405 4518 2669 4590 Stephani
2691 4519 2769 4593 (8)
2806 4536 3013 4576 nomen
3058 4535 3320 4591 usurpem
3349 4561 3364 4585 ,
3398 4519 3495 4573 sed

1911 4613 2165 4683 quamvis
2196 4612 2545 4683 frequentius
2571 4627 2637 4669 ac
2658 4612 2861 4670 millies
2875 4611 3139 4682 Stephani
3163 4611 3495 4669 mcmiouem

214 4720 297 4772 ρος
345 4708 448 4760 οὐκ
490 4707 610 4760 ἔστι
641 4708 754 4769 τοῖς
789 4706 850 4760 τὸ
894 4705 1165 4778 μακάριον
1191 4706 1346 4770 τέλος
1389 4705 1498 4759 τῶν
1530 4704 1801 4773 στεφάνων

1915 4702 2161 4765 fecerim.
2195 4709 2438 4757 attamen
2474 4713 2698 4773 propter
2726 4702 3127 4761 inexhaustam.
3144 4700 3311 4771 hujus
3343 4698 3497 4754 vocis

211 4797 605 4869 ἐκδεχομένοις.
639 4797 872 4860 Οὐκοῦν,
903 4800 953 4853 εἰ
1005 4799 1085 4852 δεῖ
1129 4797 1439 4870 φιλαλήθως
1479 4799 1674 4861 εἰπεῖν,
1700 4798 1801 4851 ἀπὸ

1906 4794 2252 4865 proferenda:
2275 4794 2611 4861 aviditatem,
2639 4795 2907 4866 Stephani
2939 4810 3136 4849 nomen
3167 4808 3362 4847 rursus
3400 4791 3495 4845 ad-

213 4886 480 4959 Στεφάνου
518 4890 682 4945 πάλιν
715 4890 996 4960 στεφάνοις
1027 4889 1361 4961 εὐωχοῦμεν,
1390 4890 1486 4943 καὶ
1523 4887 1811 4943 κοινωνοῦ-

213 4995 308 5046 μεν
327 4981 514 5037 αὐτῶν
550 4984 672 5045 ταῖς
728 4983 993 5053 μνήμαις,
1044 4982 1345 5053 ἐπειδήπερ
1382 4980 1674 5052 ἐλπίζομεν
1698 4999 1810 5036 κοι-

210 5074 412 5136 νωνεῖν,
445 5075 543 5128 καὶ
582 5074 783 5144 μένειν,
810 5075 902 5129 καὶ
937 5072 1331 5145 συνδοξάσομεν
1348 5073 1425 5146 (6)
1446 5093 1460 5107 ο
1486 5074 1810 5147 βεϐαιούσης

284 5275 304 5307 ²
332 5277 455 5332 Aet.
492 5277 703 5344 vu,5l.
778 5276 800 5309 ⁸
826 5275 962 5332 Luc.
991 5291 1149 5343 mu,
1176 5274 1270 5331 46.
1344 5277 1365 5308 ’
1402 5276 1527 5333 Act.
1564 5293 1663 5341 vn,
1700 5276 1790 5332 59.

281 5473 361 5544 (6)
388 5473 447 5528 In
476 5472 855 5544 alia_editione
896 5472 1063 5543 hujus
1108 5473 1375 5544 orationis
1421 5489 1545 5544 quae
1590 5474 1644 5529 in
1687 5489 1800 5529 uno

228 5542 531 5613 eodemque
558 5542 827 5599 Vaticano
856 5542 1065 5610 codice,
1095 5560 1247 5599 num.
1276 5543 1384 5601 446
1413 5542 1664 5609 habetur,
1702 5545 1778 5600 lc-

220 5616 363 5686 gitur
392 5617 493 5686 καὶ
524 5615 703 5686 μένειν
721 5613 1166 5686 συνδοξάζεσθαι.

288 5685 368 5753 (7)
408 5683 670 5754 Nyssenm
718 5683 980 5739 Ecclesiae
1007 5694 1060 5740 et
1091 5685 1259 5741 totius
1307 5684 1537 5741 fortasse
1586 5684 1800 5754 Cappa-

220 5752 410 5826 docum
443 5752 640 5826 gentis
676 5754 965 5819 instituto,
1023 5771 1131 5809 una
1190 5756 1518 5826 eademque_
1537 5755 1625 5809 die
1668 5752 1799 5826 post

223 5823 568 5905 S._Stephani
615 5826 1043 5905 solemnitatem,
1079 5823 1454 5905 apostolorum
1496 5823 1797 5905 Petri,’.|-a-

222 5893 363 5965 cobi,
387 5901 443 5952 ct
471 5893 696 5955 Joannis
731 5896 930 5952 festum
967 5893 1361 5954 celebrabatur.
1394 5895 1799 5953 Mcmiuitcnim

1909 4887 2015 4942 huc
2045 4893 2234 4958 repeto
2265 4905 2278 4953 ;
2308 4888 2589 4957 Stephano
2617 4888 2765 4944 cnim
2793 4884 3281 4943 commemorando
3305 4883 3495 4938 satiari

1908 4996 2257 5051 nequaquam
2288 4992 2544 5051 possunt,
2589 4982 2686 5051 qui
2735 4982 2982 5035 virorum
3025 4977 3306 5047 Stephano
3338 4976 3494 5030 simi-

1910 5077 2042 5129 lium
2075 5075 2289 5132 felicem
2324 5075 2532 5131 exitum
2573 5082 2913 5145 exspectant.
2953 5071 3122 5143 Igitur
3165 5069 3213 5124 si
3251 5083 3379 5123 vera
3416 5068 3494 5123 lo,-

1906 5475 2075 5547 hujus
2109 5476 2283 5532 moris
2326 5472 2650 5547 nonmodo
2696 5470 2888 5547 hocin
2919 5466 3365 5547 loco_Ny_ssen_us_
3390 5483 3493 5547 no.-

1904 5538 2057 5612 ste'r;
2111 5548 2205 5604 sed
2242 5555 2299 5602 et
2349 5545 2508 5599 initio
2562 5543 2791 5599 alterius
2837 5538 3399 5598 orationis'funebris
3437 5541 3491 5594 in

1909 5619 1970 5672 υ.
2005 5616 2268 5673 Basilium
2302 5615 2548 5671 fratrem.

1984 5754 2062 5825 (8)
2093 5752 2375 5826 Nyssenus
2405 5753 2612 5826 pluries
2642 5766 2737 5822 per
2759 5752 2904 5826 ha_nc
2935 5758 3240 5826 orationem
3270 5751 3326 5804 in
3357 5764 3491 5803 voce

1909 5822 2120 5889 Gricen,
2142 5822 2424 5892 ’στέφανος
2476 5824 2637 5884 ludit,
2669 5840 2788 5893 qua:
2820 5822 3155 5891 Stephanum
3186 5831 3491 5893 proteritur

1911 5907 2100 5967 lyram,
2137 5903 2191 5953 et
2221 5890 2472 5951 coronam
2510 5910 2664 5967 aque
2689 5890 2988 5965 signiﬁcat,
3015 5909 3116 5951 nos
3148 5899 3330 5948 autem
3370 5890 3497 5946 Ste‘
