3938 6432
198 460 293 519 7‘29

1232 452 1516 509 ALTERA
1553 451 1914 513 LAUDATIO
1956 461 2015 518 S.
2055 462 2422 526 STEPHANI.

3357 483 3464 543 730

199 572 338 644 Ἐγώ
356 572 476 641 εἰμι
501 570 571 626 τὸ
590 569 715 641 φῶς
734 569 840 625 τοῦ
860 569 1095 640 κόσμου
1108 567 1324 634 τούτου,
1341 570 1441 624 οὐκ
1462 569 1775 641 ἀπηξίωσεν

1878 573 2065 648 Neque
2089 582 2235 637 enim
2269 585 2417 641 venit
2447 586 2660 643 solvere
2694 588 2866 660 lcgcm
2897 600 2991 647 aut
3018 596 3333 665 prophetas,
3363 601 3461 659 sed

187 666 217 734 η
241 662 388 734 πηγὴ
418 659 520 733 τῆς
542 660 880 733 ἀγαθότητος
902 660 962 727 ἐξ
991 659 1199 729 ἀγαθοῦ
1232 659 1446 729 Πατρὸς
1469 659 1772 732 προελθὼν,

187 757 292 819 τοῖς
338 753 492 824 αύτῷ
525 753 837 808 δουλεύουσι
872 752 1200 824 μεταδοῦναι
1234 754 1335 824 τῆς
1376 752 1575 807 ἑαυτοῦ
1605 772 1776 826 προσ-

187 847 432 919 ηγορίας*
495 845 638 902 ἀλλά
687 864 822 918 φησι
880 847 1019 919 πρὸς
1070 846 1197 911 τοὺς
1248 844 1447 900 ἑαυτοῦ
1482 847 1731 919 μαθητάς
1755 864 1771 881 ο

198 936 376 1006 Ὑμεῖς
405 937 554 991 ἐστε
583 937 647 993 τὸ
689 935 816 1008 φῶς
851 936 960 991 τοῦ
1005 937 1239 1007 κόσμου
1262 954 1274 967 ·
1308 939 1424 1004 καὶ,
1473 938 1805 1010 Λαμψάτω,

188 1031 254 1085 τὰ
295 1030 440 1099 ἔργα
478 1027 653 1101 ὑμῶν
703 1030 1049 1101 ἔμπροσθεν
1088 1030 1208 1086 τῶν
1240 1031 1586 1101 ἀνθρώπων.
1624 1036 1690 1089 "O
1719 1035 1776 1091 δὲ

193 1122 365 1193 μεῖζον
394 1124 748 1193 παραγαγεῖν
800 1122 1001 1195 ἔχομεν
1036 1124 1118 1188 εἰς
1145 1124 1455 1196 ὑπόμνησιν
1485 1125 1594 1180 τῶν
1626 1128 1778 1199 εἰρη-

193 1213 377 1283 μένων,
412 1214 599 1279 τοῦτο,
624 1215 808 1286 χάριτι
833 1215 991 1278 Θεοῦ,
1014 1215 1176 1271 πάλιν
1195 1216 1560 1289 ἐκθησόμεθα·
1602 1220 1778 1275 Ἰωάν-

191 1321 280 1373 νης
310 1305 648 1377 Βαπτιστὴς,
673 1307 867 1378 λύχνος
905 1308 1251 1379 ὀνομασθεὶς,
1284 1310 1378 1364 καὶ
1396 1310 1455 1363 ἐν
1480 1312 1594 1374 τοῖς
1624 1310 1778 1366 Ψαλ-

196 1400 305 1467 μοῖς
323 1401 961 1472 προαναπεφωνημένος,
998 1402 1093 1454 καὶ
1124 1400 1231 1454 ὑπὸ
1260 1402 1469 1474 Κυρίου
1495 1420 1778 1475 μεμαρτυο

196 1488 437 1558 ρημένος.
486 1492 550 1545 '0
604 1490 703 1562 μὲν
730 1491 841 1563 γὰρ
882 1493 1193 1564 Προφήτης,
1233 1495 1299 1547 ὲκ
1353 1493 1646 1566 προσώπου
1678 1495 1775 1550 ⁴τοῦ

195 1577 410 1648 Ila196;,
441 1579 582 1651 φησὶ
628 1582 756 1651 περὶ
789 1580 955 1635 αὑτοῦ
993 1581 1082 1636 διὰ
1116 1583 1219 1652 τῆς
1262 1582 1558 1656 ὑμνιι›δίας’
1597 1586 1777 1641 Ἠτοι-

190 1684 343 1736 μασα
365 1669 605 1737 λύχνον
629 1669 709 1736 τῷ
727 1672 959 1740 Χριστῷ
972 1690 1115 1744 μου,
1145 1675 1445 1743 τουτέστιν,
1462 1678 1604 1750 ’Υπη
1614 1683 1775 1753 ρέτην

196 1760 280 1813 καὶ
325 1761 639 1833 πρόδρομον
689 1765 964 1835 ἡτοίμασα
1002 1766 1098 1821 τοῦ
1148 1769 1366 1837 (ξω-τός’
1405 1771 1434 1824 6
1470 1769 1527 1824 δὲ
1570 1771 1777 1845 Κύριος

192 1853 280 1923 τὴν
314 1855 595 1927 Πατρικὴν
630 1856 865 1927 βεϐαιῶν
906 1859 1110 1933 φωνὴν,
1153 1862 1411 1930 Ἐκεῖνος
1449 1859 1550 1934 ἦν,
1584 1867 1770 1939 φησὶν,

194 1948 224 1999 ὁ
268 1948 493 2017 λύχνος
554 1951 591 2002 ό
648 1928 981 2021 καιόμενος.
1026 1928 1165 2007 ’.ἀλλ’
1205 1955 1355 2025 ὅμως
1445 1928 1770 2029 ὢν,
1801 1928 1847 1986 Β

193 2039 426 2094 τοσοῦτον
476 2041 689 2115 ἀπέσχε
747 2043 844 2097 τοῦ
897 2045 1291 2117 ἀμαυρωθῆναι
1320 2051 1386 2120 τῇ
1433 2049 1527 2104 τοῦ
1563 2051 1772 2123 Κυρίου

195 2132 470 2207 παρουσίᾳ,
499 2133 562 2198 ὃς
586 2129 656 2205 ἦν
684 2135 837 2206 ἥλιος
884 2136 1246 2211 δικαιοσύνης,
1277 2139 1418 2195 ὥστε
1452 2143 1545 2197 καὶ
1574 2145 1773 2215 μᾶλλον
1797 2154 1802 2158 ”

193 2222 456 2296 διέλαμψε,
480 2225 665 2300 κήρυξ
707 2228 841 2301 ὁμοῦ
875 2233 969 2285 καὶ
1004 2231 1252 2302 θεολόγος
1282 2236 1449 2291 αὐτοῦ
1475 2236 1566 2292 τοῦ
1591 2240 1773 2310 Σωτῆ-

196 2335 276 2389 ρος
294 2319 321 2372 6
354 2320 669 2394 Βαπτιστὴς
708 2322 1018 2393 γενόμενος.
1060 2325 1314 2400 Ἰωάννης
1342 2329 1444 2401 μὲν
1474 2326 1567 2386 οὖν
1588 2331 1676 2386 διά
1713 2332 1775 2387 τδ

194 2409 278 2464 ἕνα
302 2413 457 2483 μόνον
484 2415 748 2487 φωτίζειν
772 2410 922 2470 οἶκον
946 2415 1039 2471 τὸν
1059 2417 1154 2474 τοῦ
1180 2420 1418 2493 Ἰσραὴλ,
1445 2421 1639 2496 λύχνος
1660 2424 1774 2498 (15)

194 2501 484 2577 ὠνομάσθη.
524 2507 595 2561 Οἱ
626 2505 682 2560 δὲ
716 2505 811 2561 τοῦ
840 2508 1092 2582 Σωτῆρος
1117 2510 1425 2579 ἀπόστολοι,
1459 2514 1521 2568 οὑ
1556 2514 1771 2587 λύχνοι,

195 2593 299 2648 οὐδὲ
323 2596 572 2669 ἀστέρες,
601 2597 736 2653 ἀλλά
769 2599 1058 2673 φωστῆρες
1086 2602 1555 2676 ἀνηγορεύθησαν,
1584 2608 1685 2662 οὐκ
1715 2610 1774 2664 ὲν

196 2685 265 2739 ἑνὶ
294 2686 532 2759 κλίματι,
557 2689 686 2746 οὐδὲ
717 2693 816 2764 μιᾷ
839 2692 1012 2765 γωνίᾳ
1049 2694 1377 2766 λάμποντες,
1409 2697 1526 2753 ἀλλ’
1552 2697 1773 2756 ἃπασαν

196 2775 279 2845 τὴν
301 2778 397 2832 ὑπὸ
417 2779 652 2849 οὐρανὸν
691 2784 1150 2855 καταυγάζοντες.
1182 2787 1439 2862 Ἕξαρχοι
1467 2790 1524 2844 δὲ
1565 2793 1772 2848 τούτων

196 2869 281 2921 καις
296 2881 574 2943 κορυφαῖοι
614 2874 642 2927 6
672 2875 901 2949 Πέτρος,
932 2878 1027 2931 καὶ
1055 2879 1082 2931 6
1122 2879 1395 2947 Ίάκωὸος,
1420 2882 1516 2937 καὶ
1542 2886 1570 2937 ὁ
1597 2884 1773 2942 Ἰωάν-

196 2976 298 3031 νης,
321 2967 371 3017 οἱ
394 2969 640 3038 σήμερον
664 2970 786 3033 ταῖς
820 2969 962 3042 ὑπὲρ
994 2972 1238 3043 Χριστοῦ
1278 2976 1610 3048 μαρτυρίαις
1679 2996 1771 3032 σε-

202 3057 519 3130 μνυνόμενοι,
565 3060 880 3132 συμφώνως
916 3063 1014 3133 μὲν
1046 3065 1184 3136 πρὸς
1240 3067 1301 3121 τὸ
1329 3069 1486 3135 τέλος
1511 3070 1607 3125 τοῦ
1652 3071 1769 3143 βίου

197 3146 486 3220 δραμόντες,
511 3152 797 3224 διαφόροις
836 3153 895 3208 δὲ
932 3154 1026 3209 τοῦ
1058 3159 1362 3231 μαρτυρίου
1419 3162 1645 3233 τρόποις
1681 3166 1771 3220 ἐν·

1808 742 1817 750 ¹
1877 670 2178 742 adimplere
2210 676 2274 729 “.
2308 677 2379 731 At
2417 694 2551 735 vero
2581 695 2736 735 nova.-
2763 682 2898 753 legis
2940 692 3208 757 tempore,
3238 705 3363 745 cum
3393 693 3464 749 de

1876 778 1937 819 se
1966 764 2089 836 ipso
2112 765 2358 826 Salvator
2385 771 2568 827 dicat:
2595 772 2708 846 Ego
2736 792 2853 829 sum
2881 777 2974 831 tua:
3000 781 3188 835 mundi
3210 782 3373 853 hujus
3398 786 3465 851 η,

1874 872 1989 912 non
2023 858 2350 932 dedignatus
2373 870 2459 918 est
2488 863 2612 921 fons
2636 866 2725 921 ille
2760 867 3043 936 bonitatis,
3070 887 3100 927 e
3129 873 3272 928 bono
3302 873 3467 933 l’atre

1875 963 2164 1015 emanans,
2203 967 2394 1009 servos
2421 970 2553 1012 suos
2588 958 2830 1014 nominis
2852 961 3016 1030 hujus
3053 963 3141 1020 sui
3165 966 3467 1036 participes
3568 996 3571 997 ν

1876 1038 2080 1097 facere.
2109 1040 2215 1098 Sed
2249 1042 2316 1098 ad
2343 1045 2645 1119 discipulos
2668 1065 2800 1107 suos
2828 1053 3006 1124 inquit
3033 1072 3047 1111 :
3086 1054 3189 1110 Vos
3218 1058 3346 1112 estis
3372 1060 3467 1112 tua:

1876 1136 2104 1203 mundi;
2140 1146 2228 1205 et,
2279 1139 2517 1196 Luceant
2573 1159 2732 1214 opera
2792 1157 2968 1201 vestra
3007 1164 3189 1202 coram
3230 1151 3467 1205 homini-

1876 1227 1973 1283 bus
2006 1229 2071 1285 “.
2101 1229 2211 1287 Sed
2260 1233 2408 1304 quod
2436 1235 2503 1289 ad
2533 1251 2594 1292 ea
2617 1253 2740 1308 qua:
2793 1238 3053 1307 diximus,
3087 1243 3466 1300 confirmanda

1874 1318 2074 1375 adduci
2100 1328 2302 1391 potest,
2334 1322 2408 1385 id,
2430 1323 2657 1394 jnvante
2686 1325 2815 1393 Deo,
2851 1343 3044 1385 rursus
3076 1329 3462 1400 proferamus:

1873 1409 2072 1467 Joanni
2121 1412 2379 1493 Baptistae
2423 1416 2743 1489 impositum
2800 1420 2901 1475 fuit
2953 1422 3191 1478 lucernae
3238 1439 3462 1491 nomen,

1870 1504 2026 1575 juxta
2054 1506 2107 1562 id
2133 1508 2278 1578 quod
2310 1510 2364 1564 in
2388 1509 2623 1568 Psalmis
2646 1512 2713 1567 de
2735 1527 2802 1569 eo
2823 1522 2982 1569 antea
3010 1517 3462 1586 praenuntiatum,

1873 1607 1928 1653 et
1955 1598 2165 1657 Christi
2193 1602 2452 1673 deinceps
2495 1604 2814 1660 testimonio
2866 1608 3284 1678 comprobatum
3314 1586 3462 1663 .fuit.

1874 1690 2144 1764 Propheta
2173 1696 2344 1760 enim,
2369 1695 2551 1753 Patris
2579 1713 2870 1769 personam
2907 1700 3214 1764 sustinens,
3241 1699 3310 1756 de
3342 1701 3465 1772 ipso

1872 1785 2017 1840 inter
2035 1789 2341 1843 canendum
2365 1790 2461 1856 ait,
2490 1788 2691 1845 Paravi
2717 1791 2987 1846 lucernam
3014 1791 3227 1847 Christo
3247 1808 3360 1847 mea
3393 1791 3466 1856 “,
3586 1850 3589 1851 ν

1874 1878 1981 1937 hoc
2009 1888 2115 1948 est,
2142 1881 2282 1939 lucis
2314 1882 2633 1939 ministrum
2666 1893 2721 1939 et
2775 1899 3197 1954 praecursorem.
3238 1883 3310 1938 At
3353 1883 3465 1939 Do-

1875 1972 2058 2028 minus
2088 1987 2329 2041 paternae
2360 1975 2482 2029 voci
2511 1976 2681 2030 robur
2703 1977 2931 2041 addens,
2991 1974 3117 2038 Ille,
3148 1977 3348 2046 inquit,
3379 1977 3466 2030 Iu—

1873 2082 2031 2121 cerna
2050 2076 2166 2121 erat
2195 2067 2388 2123 ardens
2403 2068 2468 2122 "'.
2489 2066 2594 2123 Sed
2618 2068 2974 2138 quantumvis
2999 2069 3222 2124 lucerna
3255 2069 3465 2123 solum-

1873 2156 2038 2212 modo
2074 2166 2244 2222 esset,
2285 2164 2498 2213 tantnm
2538 2156 2739 2225 abfuit,
2772 2165 2833 2213 ut
2863 2159 2917 2213 in
2952 2157 3168 2214 Domini
3199 2159 3461 2224 adventu,

1874 2251 1968 2322 qui
2000 2250 2083 2307 sol
2128 2258 2247 2306 erat
2275 2250 2527 2321 justitire,
2561 2252 2987 2317 obscuraretur,
3029 2261 3091 2305 ut
3111 2251 3329 2306 clariori
3364 2260 3463 2322 p04-

1875 2343 1987 2400 tius
2011 2342 2220 2399 lumine
2255 2342 2553 2411 refulserit,
2605 2343 2782 2415 ipsius
2810 2342 3137 2409 Salvatoris,
3188 2343 3466 2414 ejusdem-

1875 2453 1985 2509 que
2039 2437 2350 2497 divinitatis
2404 2452 2586 2509 praeco
2641 2436 2826 2503 simul,
2881 2451 2947 2492 ac
3001 2436 3161 2493 testis
3211 2435 3463 2492 effectus.

1871 2527 2115 2585 Joannes
2144 2530 2315 2601 igitur
2338 2537 2628 2601 propterea
2662 2528 2807 2598 quod
2843 2542 3008 2583 unam
3040 2527 3214 2583 solam
3245 2526 3466 2584 lsraelis

1874 2619 2096 2676 domum
2158 2620 2805 2692 illuminavit.‘lucernae
2842 2634 3045 2675 nomen
3115 2620 3351 2690 accepit.
3393 2617 3467 2672 At

1871 2713 2048 2768 nostri
2067 2710 2368 2768 Salvatoris
2380 2712 2632 2781 apostoli,
2650 2726 2757 2765 non
2772 2711 3015 2778 lucerna,
3037 2724 3141 2764 non
3159 2709 3461 2780 lampades,

1874 2820 1977 2861 nec
2007 2805 2214 2870 sidera,
2254 2803 2350 2861 sed
2390 2803 2684 2859 luminaria
2730 2802 3031 2870 nuncupati
3064 2799 3239 2864 fuere,
3275 2810 3467 2870 utpote

1872 2897 1968 2968 qui
1995 2912 2102 2952 non
2130 2895 2185 2951 in
2210 2910 2317 2951 una
2337 2894 2581 2965 regione,
2616 2909 2720 2950 nec
2750 2895 2803 2948 in
2823 2907 2934 2947 uno
2957 2899 3228 2945 terrarum
3264 2887 3465 2958 angulo

1874 2989 2098 3052 fulsere,
2132 2988 2227 3044 sed
2256 2985 2525 3059 quidquid
2582 2984 2688 3041 sub
2714 2985 2857 3040 ccelo
2911 2990 2997 3039 est
3050 2980 3462 3037 illuminarunt.

1874 3082 2080 3139 Horum
2109 3097 2238 3138 vero
2275 3081 2445 3137 duces
2468 3095 2532 3134 ac
2565 3079 2844 3150 principes
2886 3084 3018 3132 sunt
3050 3075 3266 3139 Petrus,
3298 3071 3466 3127 Jaco-

1871 3176 1999 3244 bus,
2055 3184 2112 3231 et
2167 3173 2427 3235 Joannes,
2492 3173 2563 3228 ob
2597 3171 2887 3226 toleratum
2937 3184 3036 3240 pro
3090 3166 3299 3223 Christi
3360 3164 3468 3220 fide

198 3239 522 3338 αθλήσαντες.
564 3243 631 3301 '0
663 3246 761 3317 μὲν
790 3247 900 3319 γὰρ
942 3251 1334 3324 πρωτοστάτης
1363 3255 1453 3309 καὶ
1480 3260 1774 3328 κορυφαῖος

1877 3266 2199 3338 martyrium
2220 3265 2500 3321 hodierna:
2520 3262 2834 3320 festivitatis
2859 3263 3122 3317 honorem
3148 3257 3464 3319 consecuti,

198 3332 280 3422 τῆς
314 3334 679 3408 ἀποστολικῆς
732 3337 959 3412 χορείας
1017 3343 1355 3414 ἀναδειχθεὶς
1380 3388 1395 3415 ,
1435 3347 1643 3403 οἰκείαν
1690 3350 1770 3422 τῷ

200 3419 441 3496 ἀξιώματι
468 3428 572 3501 τὴν
634 3426 793 3494 δόξαν
847 3429 1217 3503 ἀπηνέγκατο,
1266 3435 1333 3504 τῇ
1381 3433 1478 3487 τοῦ
1516 3419 1771 3508 Σωτῆρος

199 3510 530 3591 ὁμοιοπαθεία
554 3519 926 3591 τετιμημένος
954 3537 967 3549 ·
1003 3522 1032 3575 ὁ
1059 3523 1280 3595 σταυρῷ
1308 3525 1420 3597 (14)
1453 3526 1563 3600 γὰρ
1603 3545 1771 3599 προσ-

199 3604 421 3677 ηλωθεὶς,
451 3612 553 3684 τὴν
590 3613 927 3686 Δεσποτικὴν
959 3612 1144 3670 εἰκόνα
1170 3617 1266 3672 τοῦ
1297 3617 1562 3688 βασιλέως
1583 3620 1770 3687 ἐξετύ-

202 3714 358 3755 πωσεν
379 3702 593 3774 (εἰκόνα
644 3703 701 3757 δὲ
745 3704 890 3781 λέγω
926 3704 1210 3777 βασιλικὴν
1237 3707 1330 3762 τὸν
1358 3712 1634 3784 σταυρόν)·
1668 3713 1770 3768 οὐκ

200 3790 563 3867 αἰσχυνόμενος
603 3797 698 3851 ἐπὶ
730 3797 809 3869 τῷ
846 3799 1031 3866 πάθει,
1079 3800 1216 3855 ἀλλά
1250 3804 1649 3879 σεμνυνόμενος
1677 3807 1771 3862 ἐπὶ

201 3883 266 3953 τῷ
314 3889 525 3962 μεγάλῳ
559 3889 828 3962 τροπαίῳ.
860 3893 1012 3964 Μήτι
1056 3894 1166 3967 γὰρ
1189 3895 1396 3963 αὐτοῖς,
1440 3898 1579 3969 μήτε
1614 3901 1770 3969 ἡμῖν,

204 3977 321 4048 μήτε
370 3986 479 4048 τοίς
515 3983 641 4055 μεθ’
670 3985 842 4055 ἡμᾶς,
891 3987 1170 4057 μήτε-τινὶ
1212 3988 1407 4062 ἑτέρῳ,
1440 3990 1536 4045 τοῦ
1560 3992 1769 4065 Κυρίου

202 4072 338 4140 ἡμῶν
353 4075 522 4147 Ἰησοῦ
535 4075 803 4149 Χριστοῦ,
820 4077 1004 4143 καθὼς
1022 4080 1118 4134 καὶ
1134 4082 1163 4134 6
1176 4081 1391 4146 Παῦλος
1406 4100 1570 4153 φησιν
1583 4086 1628 4156 (Ι
1643 4085 1742 4155 5).,
1753 4123 1768 4138 .

201 4164 325 4225 οὕτω
379 4172 486 4245 γὰρ
517 4172 621 4228 καὶ
646 4172 852 4245 Πέτρος
903 4173 1157 4243 φαίνεται
1195 4174 1285 4228 διὰ
1312 4177 1482 4247 τιμῆς
1510 4176 1651 4249 ἔχων
1673 4177 1773 4249 τὴν

212 4258 483 4335 σεϐάσμιον
518 4264 710 4333 (16)...
755 4264 939 4330 Ἠξίου
973 4264 1085 4338 γὰρ
1115 4266 1259 4321 κατὰ
1288 4267 1532 4339 κεφαλῆς
1567 4287 1778 4341 κρεμα-

207 4349 377 4422 σθῆναι
402 4357 504 4412 ὑπὸ
545 4358 658 4415 τῶν
706 4360 1085 4433 σταυρούντων
1110 4361 1199 4417 διὰ
1229 4362 1432 4435 πολλὴν
1465 4365 1775 4430 εὐλάϐειαν,

207 4439 282 4496 ἵνα
302 4446 370 4519 μὴ
408 4444 527 4516 ἶσος
585 4447 726 4507 εῖναι
756 4453 833 4525 τῷ
857 4454 1073 4527 Σωτῆρι
1115 4455 1265 4529 δόξῃ,
1297 4455 1377 4529 τῷ
1409 4457 1553 4531 ὑπὲρ
1595 4458 1778 4531 πάσης

205 4531 292 4603 τῆς
305 4538 715 4616 ἀνθρωπότητος
738 4562 872 4599 σταυ
880 4545 1130 4619 ρωθέντι,
1146 4546 1244 4602 καὶ
1259 4547 1567 4615 πλατείαις,
1587 4548 1737 4604 ὥσπε
1744 4568 1777 4622 ρ

1875 3360 1972 3429 qui
2000 3371 2112 3415 uno
2150 3356 2370 3427 quidem
2423 3355 2729 3424 eodemque
2778 3351 3065 3423 proposito
3118 3348 3184 3402 ad
3234 3354 3466 3402 mortem

1877 3457 2271 3525 properarunt,
2307 3449 2530 3504 diverso
2561 3454 2743 3501 autem
2774 3442 3023 3515 martyrii
3055 3456 3255 3512 genere
3277 3438 3467 3493 decer—

1875 3553 2088 3601 tarunt.
2115 3541 2253 3598 Nam
2300 3541 2414 3607 ille,
2454 3554 2617 3610 quem
2665 3536 2933 3592 Dominus
2972 3533 3260 3605 apostolici
3311 3530 3465 3585 chori

1878 3636 2181 3709 principem
2207 3641 2263 3690 et
2289 3631 2644 3702 coryphaeum
2691 3626 3024 3696 designavit,
3048 3622 3465 3679 convenientem

1876 3724 2128 3797 dignitati
2180 3738 2295 3779 sua:
2350 3719 2580 3793 gloriam
2626 3716 2904 3782 obtinuit,
2956 3712 3207 3784 martyrii
3242 3725 3464 3781 genere,

1878 3818 2179 3875 Dominicae
2202 3814 2450 3887 passioni
2477 3811 2622 3867 haud
2648 3810 2911 3873 absimili,
2930 3807 3247 3869 decoratus,
3266 3804 3468 3875 quippe

1877 3912 1971 3984 qui
2006 3911 2160 3966 cruci
2200 3884 2435 3965 suffixus
2468 3906 2675 3974 regiam
2703 3901 2922 3958 Domini
2955 3899 3132 3956 nostri
3170 3896 3466 3968 imaginem
3516 3884 3531 3897 ”

1876 4003 2174 4075 expressit.
2199 4000 2430 4072 Regiam
2466 4004 2653 4053 autem
2703 3993 3002 4065 imaginem
3051 4004 3274 4045 crucem
3308 4001 3466 4049 voco,

1878 4112 1990 4152 non
2017 4093 2163 4166 quod
2189 4093 2505 4165 passionem
2551 4087 2903 4152 erubescam,
2929 4083 3025 4141 sed
3075 4081 3206 4154 quia
3234 4080 3304 4136 de
3349 4093 3470 4133 ma-

1877 4203 2011 4260 gno,
2037 4186 2185 4257 quod
2217 4185 2287 4241 ab
2336 4184 2459 4255 ipsa
2492 4179 2784 4253 pependit,
2836 4175 3084 4247 trophaeo
3113 4172 3297 4244 potius
3351 4169 3470 4241 glo-

1875 4282 2009 4337 rier.
2026 4278 2162 4333 Nam
2184 4293 2286 4334 nec
2308 4277 2467 4346 ipsis,
2491 4287 2598 4328 nec
2621 4270 2805 4334 nobis,
2828 4283 2931 4324 nec
2960 4266 3200 4337 posteris
3231 4261 3466 4323 nostris.

1876 4386 1980 4427 nec
2010 4370 2104 4424 alii
2135 4368 2376 4440 cuipiam
2406 4362 2627 4421 Domini
2654 4361 2837 4418 nostri
2862 4358 2993 4415 Jesu
3020 4357 3252 4420 Christi,
3284 4371 3474 4425 quem-

1877 4463 2175 4519 admodum
2228 4459 2436 4516 Paulus
2487 4457 2667 4511 ait...
2716 4454 2792 4509 ita
2834 4452 2983 4508 enim
3032 4458 3089 4506 et
3138 4448 3366 4505 Petrum
3412 4446 3469 4501 in

1878 4554 2090 4609 honore
2136 4550 2399 4610 habuisse
2429 4552 2659 4618 apparet
2691 4540 3159 4599 venerandam....
3194 4535 3469 4608 siquidem

206 4628 309 4719 fat;
332 4631 417 4689 διά
450 4636 545 4691 τοῦ
590 4638 850 4710 σταυροῦ,
871 4639 1031 4711 χερσὶ
1058 4639 1157 4712 τὴν
1186 4641 1514 4713 οἰκουμένην
1536 4642 1771 4714 περισα-

1880 4654 2107 4719 propter
2141 4656 2415 4700 summam
2454 4636 2869 4695 venerationem
2911 4630 3152 4704 rogavit,
3183 4635 3243 4683 ut
3272 4643 3303 4681 a
3336 4641 3471 4681 cru-

207 4713 351 4775 λάντιο
374 4720 627 4795 Ἰάκωὸος
644 4730 703 4784 δὲ
722 4731 819 4803 τὴν
834 4732 1079 4806 κεφαλὴν
1100 4734 1459 4807 ἀπετέμνετο,
1483 4735 1583 4809 τὴν
1605 4713 1774 4803 δντως

208 4810 354 4902 αὐτοῦ
374 4822 636 4893 κεφαλὴν,
666 4824 759 4878 τὸν
786 4825 1044 4896 Χριστὸν,
1075 4827 1368 4882 ἀπολαϐεῖν
1390 4830 1770 4902 ἐπειγόμενος.

194 4899 415 4981 ⁸Κειραλὴ
439 4912 550 4985 γὰρ
576 4914 770 4987 ἀνδρὸς
795 4915 825 4969 6
854 4917 1112 4990 Χριστὸς,
1130 4918 1274 4974 κατὰ
1295 4918 1388 4974 τὸν
1426 4899 1773 4986 ’Δπὸστολον,

210 4994 293 5048 καὶ
316 5000 488 5075 πάσης
522 5005 661 5077 ὁμοῦ
699 5007 910 5080 κεφαλὴ
942 5010 1044 5081 τῆς
1086 5010 1436 5083 Ἐκκλησίας.
1487 5012 1546 5067 Ὀ
1582 5013 1641 5068 δὲ
1673 5031 1774 5084 μα·

210 5087 380 5178 κάριος
417 5097 666 5173 Ἰωάννης
708 5103 768 5156 ἐν
794 5102 1015 5168 πολλαῖς
1062 5103 1158 5158 καὶ
1195 5103 1473 5178 διαφόροις
1505 5105 1649 5161 κατά
1681 5106 1777 5161 τὸν

212 5176 310 5247 βίον
352 5186 586 5263 ἀθλήσας
630 5193 829 5264 ἀγῶσι,
884 5196 980 5250 καὶ
1009 5198 1095 5250 ⁸ἐν
1146 5198 1280 5252 πᾶσι
1326 5176 1633 5271 διαπρέψας
1662 5204 1775 5266 τοῖς

209 5276 570 5353 κατορθώμασι
590 5286 693 5358 τῆς
723 5286 1026 5354 εὐσεϐείας,
1042 5287 1202 5343 κενὸν
1223 5288 1324 5360 μὲν
1346 5291 1429 5354 είς
1452 5290 1600 5364 ὕδωρ
1616 5292 1776 5348 τοῦτο

273 5449 311 5485 ¹¹
339 5455 524 5520 Matth.
551 5481 606 5535 v,
632 5466 722 5525 18.
796 5469 841 5506 ’⁸
871 5466 1032 5524 Joan.
1057 5485 1181 5536 vm,
1213 5468 1303 5528 19..
1331 5469 1376 5503 ⁸³
1405 5469 1602 5528 Matth.
1630 5489 1683 5538 v,
1712 5473 1804 5531 15.

277 5635 377 5727 (15)
412 5644 523 5704 Vox
546 5652 741 5727 λύχνος
772 5655 825 5709 in
860 5653 1128 5711 Vaticano
1157 5656 1349 5713 codice
1391 5655 1622 5724 deerat;
1667 5659 1766 5716 sed

220 5715 464 5797 ποῇ’(ξξιιεξ.
492 5715 656 5781 sensu
691 5715 877 5797 palam,
900 5735 1181 5794 poscente,
1229 5715 1631 5797 supplevimus.

281 5778 383 5872 εει)
409 5778 659 5872 rasae
693 5778 1389 5872 mandraesaga-,3;

284 5850 512 5931 (l5)‘ll_ic
551 5850 859 5920 lacunauest
886 5868 939 5919 in
972 5850 1160 5924 codice
1200 5850 1485 5925 Vat'iéano.
1514 5869 1775 5931 Fortasse

226 5912 380 5986 deest.
395 5912 511 5993 δάεᾶ
535 5912 752 6000 ὦᾷἐὲἧζ
775 5912 958 5991 bibi-ib
976 5912 1224 6007 23mg”;
1241 5912 1485 6012 arata“
1502 5912 1702 5997 εζίὶἱὶίὶἓῖ

1881 4737 2232 4812 cingentibus
2265 4736 2491 4792 inverso
2523 4730 2705 4802 capite
2730 4723 3166 4799 suspenderetur
3194 4721 3252 4777 in
3282 4733 3469 4818 cruce,

1879 4847 1952 4889 ne
1984 4829 2261 4887 Salvatori
2297 4841 2399 4899 pro
2435 4825 2696 4881 universo
2728 4819 3013 4877 hominum
3056 4826 3257 4887 genere
3287 4822 3475 4865 cruci-

1881 4922 2014 4989 ﬁxo,
2043 4928 2099 4978 et
2127 4918 2411 4991 expansis,
2445 4925 2509 4973 ut
2533 4921 2655 4972 erat
2688 4914 2745 4968 in
2777 4925 2946 4968 cruce
2976 4907 3257 4970 manibus,
3292 4909 3468 4959 totum

1885 5021 2161 5069 terrarum
2199 5010 2391 5067 orbem
2419 5003 2806 5078 complectenti
2833 5001 3063 5072 aequalis
3090 5011 3213 5053 esse
3258 4992 3473 5049 videre-

1882 5116 2000 5163 tur.
2043 5104 2284 5177 _Jacobus
2317 5116 2452 5159 vero
2497 5100 2682 5171 capite
2729 5103 3022 5152 truncatus
3054 5089 3188 5152 fuit,
3223 5083 3469 5146 Christo,

1878 5198 1975 5270 qui
2054 5213 2186 5254 vere
2253 5200 2422 5267 caput
2506 5193 2627 5263 eius
2693 5196 2837 5255 erat,
2892 5182 3138 5258 potiendi
3207 5178 3468 5270 cupidus.

1879 5268 2055 5365 Caput
2087 5290 2240 5348 enim
2273 5287 2382 5344 viri
2410 5285 2670 5342 Christus
2701 5279 3006 5339 secundum
3050 5271 3374 5345 Apostolum
3401 5268 3468 5331 ¹⁶,

1888 5473 1932 5508 ’⁸
1959 5472 2107 5531 Psal.
2131 5487 2321 5539 cxxxl,
2343 5465 2433 5529 i7.
2515 5465 2558 5499 ¹⁸
2583 5461 2743 5522 Joan.
2774 5476 2828 5521 v.
2861 5456 2951 5515 54.
3004 5454 3075 5543 _“
3105 5456 3122 5511 l
3147 5452 3275 5510 Cor.
3308 5469 3385 5518 xl,
3414 5451 3470 5507 '5.

1953 5659 2067 5732 (l6)
2095 5657 2162 5732 Et
2185 5658 2279 5732 hic
2308 5657 2365 5732 in
2393 5653 2664 5732 Vaticano
2690 5652 2906 5732 _codice
2927 5650 3152 5732 _lacu_na
3201 5657 3309 5732 est,
3350 5660 3473 5718 quae

1877 5720 2120 5786 fortasse
2152 5728 2366 5797 impleri
2416 5735 2604 5798 posset
2650 5726 2735 5781 his
2777 5723 2995 5798 verbis,
3036 5720 3136 5798 τὴν
3175 5720 3474 5798 σεβάσμιον

1877 5800 2096 5872 ἐκείνην
2123 5789 2460 5871 σταύρωσιν,
2517 5795 2883 5852 Venerandum
2924 5792 3060 5850 illud
3093 5789 3472 5863 hirci/ixionis

1876 5888 2062 5945 genus.
