  <div class='ocr_page' id='page_1' title='image "/cluster/home/n/w/nwhite01/storage/ocr_20150623/46:no.3/coo.31924054869668/375.png"; bbox 0 0 3938 6430; ppageno 0'>
   <div class='ocr_carea' id='block_1_1' title="bbox 534 434 635 496">
    <p class='ocr_par' dir='ltr' id='par_1_1' title="bbox 534 434 635 496">
     <span class='ocr_line' id='line_1_1' title="bbox 534 434 635 496; baseline 0.03 -3"><span class='ocrx_word' id='word_1_1' title='bbox 534 434 635 496; x_wconf 71' lang='grc'><strong>751</strong></span> 
     </span>
    </p>
   </div>
   <div class='ocr_carea' id='block_1_2' title="bbox 1817 445 3736 519">
    <p class='ocr_par' dir='ltr' id='par_1_2' title="bbox 1817 445 3736 519">
     <span class='ocr_line' id='line_1_2' title="bbox 1817 445 3736 519; baseline -0.003 -14"><span class='ocrx_word' id='word_1_2' title='bbox 1817 449 1877 506; x_wconf 91' lang='lat' dir='ltr'><strong>s.</strong></span> <span class='ocrx_word' id='word_1_3' title='bbox 1921 445 2252 507; x_wconf 71' lang='lat' dir='ltr'><strong>caecout!</strong></span> <span class='ocrx_word' id='word_1_4' title='bbox 2291 449 2580 509; x_wconf 70' lang='lat' dir='ltr'><strong>NYSSENI</strong></span> <span class='ocrx_word' id='word_1_5' title='bbox 2814 468 2827 479; x_wconf 93' lang='lat'><strong>-</strong></span> <span class='ocrx_word' id='word_1_6' title='bbox 3648 463 3736 519; x_wconf 64' lang='grc' dir='ltr'><strong>ηε</strong></span> 
     </span>
    </p>
   </div>
   <div class='ocr_carea' id='block_1_3' title="bbox 533 555 2113 644">
    <p class='ocr_par' dir='ltr' id='par_1_3' title="bbox 533 555 2101 636">
     <span class='ocr_line' id='line_1_3' title="bbox 533 555 2101 636; baseline 0.008 -27"><span class='ocrx_word' id='word_1_7' title='bbox 533 564 694 627; x_wconf 72' lang='lat' dir='ltr'><strong>atque</strong></span> <span class='ocrx_word' id='word_1_8' title='bbox 710 555 919 622; x_wconf 88' lang='lat' dir='ltr'><strong>itidem,</strong></span> <span class='ocrx_word' id='word_1_9' title='bbox 934 558 1103 618; x_wconf 90' lang='lat' dir='ltr'><strong>totius</strong></span> <span class='ocrx_word' id='word_1_10' title='bbox 1122 559 1381 620; x_wconf 71' lang='lat' dir='ltr'><strong>Ecclesiae</strong></span> <span class='ocrx_word' id='word_1_11' title='bbox 1394 572 1556 635; x_wconf 88' lang='lat' dir='ltr'><strong>caput</strong></span> <span class='ocrx_word' id='word_1_12' title='bbox 1572 566 1635 619; x_wconf 87' lang='grc'><strong>¹⁷.</strong></span> <span class='ocrx_word' id='word_1_13' title='bbox 1652 565 1849 622; x_wconf 88' lang='lat' dir='ltr'><strong>Beatus</strong></span> <span class='ocrx_word' id='word_1_14' title='bbox 1867 565 2101 636; x_wconf 90' lang='lat' dir='ltr'><strong>denique</strong></span> 
     </span>
    </p>
   </div>
   <div class='ocr_carea' id='block_1_4' title="bbox 2215 555 3737 644">
    <p class='ocr_par' dir='ltr' id='par_1_4' title="bbox 2215 567 3737 644">
     <span class='ocr_line' id='line_1_4' title="bbox 2215 567 3737 644; baseline -0.004 -21"><span class='ocrx_word' id='word_1_15' title='bbox 2215 568 2439 639; x_wconf 72' lang='grc' dir='ltr'><strong>πέρας...</strong></span> <span class='ocrx_word' id='word_1_16' title='bbox 2464 567 2784 642; x_wconf 77' lang='grc' dir='ltr'><strong>κεκριμένος</strong></span> <span class='ocrx_word' id='word_1_17' title='bbox 2802 567 2935 637; x_wconf 84' lang='lat' dir='ltr'><strong>(l7),</strong></span> <span class='ocrx_word' id='word_1_18' title='bbox 2966 567 3043 639; x_wconf 85' lang='grc' dir='ltr'><strong>τῷ</strong></span> <span class='ocrx_word' id='word_1_19' title='bbox 3057 567 3202 641; x_wconf 83' lang='grc' dir='ltr'><strong>χορῷ</strong></span> <span class='ocrx_word' id='word_1_20' title='bbox 3224 568 3328 624; x_wconf 84' lang='grc' dir='ltr'><strong>τῶν</strong></span> <span class='ocrx_word' id='word_1_21' title='bbox 3350 571 3619 644; x_wconf 73' lang='grc' dir='ltr'><strong>μαρτύρων</strong></span> <span class='ocrx_word' id='word_1_22' title='bbox 3636 592 3737 630; x_wconf 78' lang='grc' dir='ltr'><strong>συν.</strong></span> 
     </span>
    </p>
   </div>
   <div class='ocr_carea' id='block_1_5' title="bbox 529 645 2107 727">
    <p class='ocr_par' dir='ltr' id='par_1_5' title="bbox 529 645 2107 727">
     <span class='ocr_line' id='line_1_5' title="bbox 529 645 2107 727; baseline 0.006 -26"><span class='ocrx_word' id='word_1_23' title='bbox 529 645 771 704; x_wconf 83' lang='lat' dir='ltr'><strong>Joannes</strong></span> <span class='ocrx_word' id='word_1_24' title='bbox 802 651 972 705; x_wconf 89' lang='lat' dir='ltr'><strong>nmlta</strong></span> <span class='ocrx_word' id='word_1_25' title='bbox 1013 661 1178 723; x_wconf 91' lang='lat' dir='ltr'><strong>atque</strong></span> <span class='ocrx_word' id='word_1_26' title='bbox 1211 655 1426 712; x_wconf 90' lang='lat' dir='ltr'><strong>diversa</strong></span> <span class='ocrx_word' id='word_1_27' title='bbox 1469 674 1561 727; x_wconf 86' lang='lat' dir='ltr'><strong>per</strong></span> <span class='ocrx_word' id='word_1_28' title='bbox 1589 666 1759 712; x_wconf 91' lang='lat' dir='ltr'><strong>totam</strong></span> <span class='ocrx_word' id='word_1_29' title='bbox 1790 658 1958 713; x_wconf 84' lang='lat' dir='ltr'><strong>vitam</strong></span> <span class='ocrx_word' id='word_1_30' title='bbox 1988 672 2107 711; x_wconf 86' lang='lat' dir='ltr'><strong>cer-</strong></span> 
     </span>
    </p>
   </div>
   <div class='ocr_carea' id='block_1_6' title="bbox 532 742 2110 819">
    <p class='ocr_par' dir='ltr' id='par_1_6' title="bbox 532 742 2110 819">
     <span class='ocr_line' id='line_1_6' title="bbox 532 742 2110 819; baseline 0.01 -29"><span class='ocrx_word' id='word_1_31' title='bbox 532 743 656 793; x_wconf 83' lang='lat' dir='ltr'><strong>tans</strong></span> <span class='ocrx_word' id='word_1_32' title='bbox 718 742 1062 809; x_wconf 83' lang='lat' dir='ltr'><strong>certamina,</strong></span> <span class='ocrx_word' id='word_1_33' title='bbox 1119 753 1174 802; x_wconf 87' lang='lat' dir='ltr'><strong>et</strong></span> <span class='ocrx_word' id='word_1_34' title='bbox 1235 747 1290 803; x_wconf 91' lang='lat' dir='ltr'><strong>in</strong></span> <span class='ocrx_word' id='word_1_35' title='bbox 1338 750 1592 808; x_wconf 88' lang='lat' dir='ltr'><strong>omnibus</strong></span> <span class='ocrx_word' id='word_1_36' title='bbox 1649 749 1863 819; x_wconf 85' lang='lat' dir='ltr'><strong>pictatis</strong></span> <span class='ocrx_word' id='word_1_37' title='bbox 1910 748 2110 805; x_wconf 85' lang='lat' dir='ltr'><strong>ofﬁciis</strong></span> 
     </span>
    </p>
   </div>
   <div class='ocr_carea' id='block_1_7' title="bbox 531 830 2099 910">
    <p class='ocr_par' dir='ltr' id='par_1_7' title="bbox 531 830 2099 910">
     <span class='ocr_line' id='line_1_7' title="bbox 531 830 2099 910; baseline 0.009 -28"><span class='ocrx_word' id='word_1_38' title='bbox 531 830 802 897; x_wconf 88' lang='lat' dir='ltr'><strong>emicans,</strong></span> <span class='ocrx_word' id='word_1_39' title='bbox 837 832 1067 892; x_wconf 76' lang='lat' dir='ltr'><strong>ferventi</strong></span> <span class='ocrx_word' id='word_1_40' title='bbox 1129 839 1348 910; x_wconf 86' lang='lat' dir='ltr'><strong>quidem</strong></span> <span class='ocrx_word' id='word_1_41' title='bbox 1400 842 1452 896; x_wconf 91' lang='lat' dir='ltr'><strong>in</strong></span> <span class='ocrx_word' id='word_1_42' title='bbox 1485 856 1623 909; x_wconf 85' lang='lat' dir='ltr'><strong>aqua</strong></span> <span class='ocrx_word' id='word_1_43' title='bbox 1658 841 1805 897; x_wconf 91' lang='lat' dir='ltr'><strong>hunc</strong></span> <span class='ocrx_word' id='word_1_44' title='bbox 1844 842 2099 896; x_wconf 79' lang='lat' dir='ltr'><strong>linem....</strong></span> 
     </span>
    </p>
   </div>
   <div class='ocr_carea' id='block_1_8' title="bbox 530 919 2105 1007">
    <p class='ocr_par' dir='ltr' id='par_1_8' title="bbox 530 919 2105 1007">
     <span class='ocr_line' id='line_1_8' title="bbox 530 919 2105 1007; baseline 0.013 -36"><span class='ocrx_word' id='word_1_45' title='bbox 530 919 833 989; x_wconf 84' lang='lat' dir='ltr'><strong>judicatus,</strong></span> <span class='ocrx_word' id='word_1_46' title='bbox 866 926 921 981; x_wconf 93' lang='lat' dir='ltr'><strong>in</strong></span> <span class='ocrx_word' id='word_1_47' title='bbox 958 937 1256 1002; x_wconf 83' lang='lat' dir='ltr'><strong>martyrum</strong></span> <span class='ocrx_word' id='word_1_48' title='bbox 1289 933 1472 989; x_wconf 85' lang='lat' dir='ltr'><strong>choris</strong></span> <span class='ocrx_word' id='word_1_49' title='bbox 1506 942 1898 990; x_wconf 77' lang='lat' dir='ltr'><strong>annumeratur</strong></span> <span class='ocrx_word' id='word_1_50' title='bbox 1925 936 2105 1007; x_wconf 90' lang='lat' dir='ltr'><strong>(apud</strong></span> 
     </span>
    </p>
   </div>
   <div class='ocr_carea' id='block_1_9' title="bbox 496 1018 2109 1099">
    <p class='ocr_par' dir='ltr' id='par_1_9' title="bbox 496 1018 2109 1099">
     <span class='ocr_line' id='line_1_9' title="bbox 496 1018 2109 1099; baseline 0.01 -36"><span class='ocrx_word' id='word_1_51' title='bbox 496 1019 502 1025; x_wconf 86' lang='lat'><strong>&#39;</strong></span> <span class='ocrx_word' id='word_1_52' title='bbox 534 1026 723 1081; x_wconf 76' lang='lat' dir='ltr'><strong>:rqnos</strong></span> <span class='ocrx_word' id='word_1_53' title='bbox 757 1018 900 1070; x_wconf 90' lang='lat' dir='ltr'><strong>enim</strong></span> <span class='ocrx_word' id='word_1_54' title='bbox 934 1034 1116 1074; x_wconf 89' lang='lat' dir='ltr'><strong>rerum</strong></span> <span class='ocrx_word' id='word_1_55' title='bbox 1161 1022 1523 1080; x_wconf 65' lang='lat' dir='ltr'><strong>aestimatores</strong></span> <span class='ocrx_word' id='word_1_56' title='bbox 1555 1040 1665 1080; x_wconf 89' lang='lat' dir='ltr'><strong>non</strong></span> <span class='ocrx_word' id='word_1_57' title='bbox 1713 1040 1781 1081; x_wconf 77' lang='lat' dir='ltr'><strong>ex</strong></span> <span class='ocrx_word' id='word_1_58' title='bbox 1835 1027 2109 1099; x_wconf 84' lang='lat' dir='ltr'><strong>passionis</strong></span> 
     </span>
    </p>
   </div>
   <div class='ocr_carea' id='block_1_10' title="bbox 534 1108 2111 1187">
    <p class='ocr_par' dir='ltr' id='par_1_10' title="bbox 534 1108 2111 1187">
     <span class='ocr_line' id='line_1_10' title="bbox 534 1108 2111 1187; baseline 0.01 -32"><span class='ocrx_word' id='word_1_59' title='bbox 534 1113 753 1170; x_wconf 85' lang='lat' dir='ltr'><strong>eventu,</strong></span> <span class='ocrx_word' id='word_1_60' title='bbox 784 1108 878 1162; x_wconf 86' lang='lat' dir='ltr'><strong>sed</strong></span> <span class='ocrx_word' id='word_1_61' title='bbox 913 1124 978 1164; x_wconf 80' lang='lat' dir='ltr'><strong>ex</strong></span> <span class='ocrx_word' id='word_1_62' title='bbox 1014 1111 1284 1168; x_wconf 87' lang='lat' dir='ltr'><strong>desiderio</strong></span> <span class='ocrx_word' id='word_1_63' title='bbox 1324 1114 1492 1170; x_wconf 87' lang='lat' dir='ltr'><strong>libere</strong></span> <span class='ocrx_word' id='word_1_64' title='bbox 1529 1116 1785 1187; x_wconf 80' lang='lat' dir='ltr'><strong>eligentis</strong></span> <span class='ocrx_word' id='word_1_65' title='bbox 1815 1117 2111 1172; x_wconf 79' lang='lat' dir='ltr'><strong>voluntatis</strong></span> 
     </span>
    </p>
   </div>
   <div class='ocr_carea' id='block_1_11' title="bbox 536 1192 2110 1279">
    <p class='ocr_par' dir='ltr' id='par_1_11' title="bbox 536 1192 2110 1279">
     <span class='ocr_line' id='line_1_11' title="bbox 536 1192 2110 1279; baseline 0.011 -33"><span class='ocrx_word' id='word_1_66' title='bbox 536 1192 603 1248; x_wconf 88' lang='lat' dir='ltr'><strong>de</strong></span> <span class='ocrx_word' id='word_1_67' title='bbox 642 1199 899 1269; x_wconf 78' lang='lat' dir='ltr'><strong>martyrio</strong></span> <span class='ocrx_word' id='word_1_68' title='bbox 954 1202 1388 1277; x_wconf 71' lang='lat' dir='ltr'><strong>existimatur);</strong></span> <span class='ocrx_word' id='word_1_69' title='bbox 1440 1209 1746 1279; x_wconf 80' lang='lat' dir='ltr'><strong>etquidem</strong></span> <span class='ocrx_word' id='word_1_70' title='bbox 1797 1209 2110 1278; x_wconf 87' lang='lat' dir='ltr'><strong>hujusmodi</strong></span> 
     </span>
    </p>
   </div>
   <div class='ocr_carea' id='block_1_12' title="bbox 536 1285 2111 1371">
    <p class='ocr_par' dir='ltr' id='par_1_12' title="bbox 536 1285 2111 1371">
     <span class='ocr_line' id='line_1_12' title="bbox 536 1285 2111 1371; baseline 0.011 -34"><span class='ocrx_word' id='word_1_71' title='bbox 536 1285 639 1340; x_wconf 88' lang='lat' dir='ltr'><strong>fuit</strong></span> <span class='ocrx_word' id='word_1_72' title='bbox 688 1288 903 1345; x_wconf 91' lang='lat' dir='ltr'><strong>illorum</strong></span> <span class='ocrx_word' id='word_1_73' title='bbox 950 1296 1144 1349; x_wconf 89' lang='lat' dir='ltr'><strong>mortis</strong></span> <span class='ocrx_word' id='word_1_74' title='bbox 1177 1313 1371 1368; x_wconf 81' lang='lat' dir='ltr'><strong>genus,</strong></span> <span class='ocrx_word' id='word_1_75' title='bbox 1417 1300 1510 1369; x_wconf 87' lang='lat' dir='ltr'><strong>qui</strong></span> <span class='ocrx_word' id='word_1_76' title='bbox 1548 1316 1643 1369; x_wconf 82' lang='lat' dir='ltr'><strong>per</strong></span> <span class='ocrx_word' id='word_1_77' title='bbox 1688 1308 1917 1355; x_wconf 90' lang='lat' dir='ltr'><strong>mortem</strong></span> <span class='ocrx_word' id='word_1_78' title='bbox 1968 1300 2111 1371; x_wconf 92' lang='lat' dir='ltr'><strong>apud</strong></span> 
     </span>
    </p>
   </div>
   <div class='ocr_carea' id='block_1_13' title="bbox 2211 658 3739 735">
    <p class='ocr_par' dir='ltr' id='par_1_13' title="bbox 2211 658 3739 735">
     <span class='ocr_line' id='line_1_13' title="bbox 2211 658 3739 735; baseline 0.003 -22"><span class='ocrx_word' id='word_1_79' title='bbox 2211 660 2512 732; x_wconf 80' lang='grc' dir='ltr'><strong>ηρίθμηται</strong></span> <span class='ocrx_word' id='word_1_80' title='bbox 2530 677 2546 691; x_wconf 75' lang='grc' dir='ltr'><strong>ο</strong></span> <span class='ocrx_word' id='word_1_81' title='bbox 2582 661 2600 726; x_wconf 86' lang='grc'>(</span> <span class='ocrx_word' id='word_1_82' title='bbox 2624 658 2738 732; x_wconf 82' lang='lat' dir='ltr'><strong>[l8]</strong></span> <span class='ocrx_word' id='word_1_83' title='bbox 2766 659 2918 730; x_wconf 76' lang='grc' dir='ltr'><strong>παρὰ</strong></span> <span class='ocrx_word' id='word_1_84' title='bbox 2936 659 3043 730; x_wconf 73' lang='grc' dir='ltr'><strong>γὰρ</strong></span> <span class='ocrx_word' id='word_1_85' title='bbox 3069 659 3393 727; x_wconf 78' lang='grc' dir='ltr'><strong>δικάζουσιν,</strong></span> <span class='ocrx_word' id='word_1_86' title='bbox 3428 663 3522 717; x_wconf 91' lang='grc' dir='ltr'><strong>οὐκ</strong></span> <span class='ocrx_word' id='word_1_87' title='bbox 3548 665 3642 717; x_wconf 81' lang='grc' dir='ltr'><strong>ἀπὺ</strong></span> <span class='ocrx_word' id='word_1_88' title='bbox 3658 666 3739 735; x_wconf 83' lang='grc' dir='ltr'><strong>τῆς</strong></span> 
     </span>
    </p>
   </div>
   <div class='ocr_carea' id='block_1_14' title="bbox 2213 748 3739 823">
    <p class='ocr_par' dir='ltr' id='par_1_14' title="bbox 2213 748 3739 823">
     <span class='ocr_line' id='line_1_14' title="bbox 2213 748 3739 823; baseline 0.003 -21"><span class='ocrx_word' id='word_1_89' title='bbox 2213 749 2490 813; x_wconf 75' lang='grc' dir='ltr'><strong>ἐκϐάσεως</strong></span> <span class='ocrx_word' id='word_1_90' title='bbox 2520 748 2631 821; x_wconf 82' lang='lat' dir='ltr'><strong>(l9)</strong></span> <span class='ocrx_word' id='word_1_91' title='bbox 2663 748 2757 802; x_wconf 80' lang='grc' dir='ltr'><strong>τοῦ</strong></span> <span class='ocrx_word' id='word_1_92' title='bbox 2798 748 3024 813; x_wconf 81' lang='grc' dir='ltr'><strong>πάθους,</strong></span> <span class='ocrx_word' id='word_1_93' title='bbox 3060 748 3195 803; x_wconf 73' lang='grc' dir='ltr'><strong>ἀλλὰ</strong></span> <span class='ocrx_word' id='word_1_94' title='bbox 3227 752 3354 822; x_wconf 83' lang='grc' dir='ltr'><strong>παρ’</strong></span> <span class='ocrx_word' id='word_1_95' title='bbox 3390 752 3631 823; x_wconf 73' lang='grc' dir='ltr'><strong>αἱρέσεως</strong></span> <span class='ocrx_word' id='word_1_96' title='bbox 3665 754 3739 807; x_wconf 80' lang='grc' dir='ltr'><strong>τοῦ</strong></span> 
     </span>
    </p>
   </div>
   <div class='ocr_carea' id='block_1_15' title="bbox 2212 840 3745 914">
    <p class='ocr_par' dir='ltr' id='par_1_15' title="bbox 2212 840 3745 914">
     <span class='ocr_line' id='line_1_15' title="bbox 2212 840 3745 914; baseline 0.003 -19"><span class='ocrx_word' id='word_1_97' title='bbox 2212 842 2381 896; x_wconf 73' lang='grc' dir='ltr'><strong>πόθου</strong></span> <span class='ocrx_word' id='word_1_98' title='bbox 2418 841 2661 913; x_wconf 78' lang='grc' dir='ltr'><strong>κρίνεται</strong></span> <span class='ocrx_word' id='word_1_99' title='bbox 2692 841 2753 895; x_wconf 80' lang='grc' dir='ltr'><strong>τὸ</strong></span> <span class='ocrx_word' id='word_1_100' title='bbox 2784 840 3123 913; x_wconf 86' lang='grc' dir='ltr'><strong>μαρτύριον)·</strong></span> <span class='ocrx_word' id='word_1_101' title='bbox 3168 842 3304 895; x_wconf 82' lang='grc' dir='ltr'><strong>Ἀλλ’</strong></span> <span class='ocrx_word' id='word_1_102' title='bbox 3336 844 3366 897; x_wconf 80' lang='grc' dir='ltr'><strong>ὁ</strong></span> <span class='ocrx_word' id='word_1_103' title='bbox 3400 844 3493 914; x_wconf 84' lang='grc' dir='ltr'><strong>μέν</strong></span> <span class='ocrx_word' id='word_1_104' title='bbox 3512 843 3597 898; x_wconf 78' lang='grc' dir='ltr'><strong>τοῦ</strong></span> <span class='ocrx_word' id='word_1_105' title='bbox 3616 844 3745 899; x_wconf 77' lang='grc' dir='ltr'><strong>θανά-</strong></span> 
     </span>
    </p>
   </div>
   <div class='ocr_carea' id='block_1_16' title="bbox 2212 928 3744 1005">
    <p class='ocr_par' dir='ltr' id='par_1_16' title="bbox 2212 928 3744 1005">
     <span class='ocr_line' id='line_1_16' title="bbox 2212 928 3744 1005; baseline 0.001 -18"><span class='ocrx_word' id='word_1_106' title='bbox 2212 950 2307 987; x_wconf 86' lang='grc' dir='ltr'><strong>του</strong></span> <span class='ocrx_word' id='word_1_107' title='bbox 2335 932 2533 1005; x_wconf 87' lang='grc' dir='ltr'><strong>τρόπος</strong></span> <span class='ocrx_word' id='word_1_108' title='bbox 2552 932 2789 995; x_wconf 79' lang='grc' dir='ltr'><strong>τοιοῦτος</strong></span> <span class='ocrx_word' id='word_1_109' title='bbox 2802 928 2893 1003; x_wconf 82' lang='grc' dir='ltr'><strong>ἦν,</strong></span> <span class='ocrx_word' id='word_1_110' title='bbox 2908 935 3021 995; x_wconf 80' lang='grc' dir='ltr'><strong>τοῖς</strong></span> <span class='ocrx_word' id='word_1_111' title='bbox 3044 932 3129 986; x_wconf 83' lang='grc' dir='ltr'><strong>διὰ</strong></span> <span class='ocrx_word' id='word_1_112' title='bbox 3152 933 3380 989; x_wconf 84' lang='grc' dir='ltr'><strong>θανάτου</strong></span> <span class='ocrx_word' id='word_1_113' title='bbox 3410 934 3504 1005; x_wconf 77' lang='grc' dir='ltr'><strong>τὴν</strong></span> <span class='ocrx_word' id='word_1_114' title='bbox 3518 934 3744 989; x_wconf 70' lang='grc' dir='ltr'><strong>ἀθάνατον</strong></span> 
     </span>
    </p>
   </div>
   <div class='ocr_carea' id='block_1_17' title="bbox 2217 1020 3743 1095">
    <p class='ocr_par' dir='ltr' id='par_1_17' title="bbox 2217 1020 3743 1095">
     <span class='ocr_line' id='line_1_17' title="bbox 2217 1020 3743 1095; baseline 0.004 -22"><span class='ocrx_word' id='word_1_115' title='bbox 2217 1023 2437 1093; x_wconf 82' lang='grc' dir='ltr'><strong>μνήμην</strong></span> <span class='ocrx_word' id='word_1_116' title='bbox 2464 1021 2559 1073; x_wconf 72' lang='grc' dir='ltr'><strong>καὶ</strong></span> <span class='ocrx_word' id='word_1_117' title='bbox 2581 1023 2701 1082; x_wconf 80' lang='grc' dir='ltr'><strong>ταῖς</strong></span> <span class='ocrx_word' id='word_1_118' title='bbox 2733 1020 3081 1090; x_wconf 85' lang='grc' dir='ltr'><strong>Ἐκκλησίαις</strong></span> <span class='ocrx_word' id='word_1_119' title='bbox 3104 1022 3505 1094; x_wconf 80' lang='grc' dir='ltr'><strong>χαρισαμένοις.</strong></span> <span class='ocrx_word' id='word_1_120' title='bbox 3534 1025 3743 1095; x_wconf 79' lang='grc' dir='ltr'><strong>Ἔπρεπε</strong></span> 
     </span>
    </p>
   </div>
   <div class='ocr_carea' id='block_1_18' title="bbox 2212 1109 3744 1187">
    <p class='ocr_par' dir='ltr' id='par_1_18' title="bbox 2212 1109 3744 1187">
     <span class='ocr_line' id='line_1_18' title="bbox 2212 1109 3744 1187; baseline 0.001 -22"><span class='ocrx_word' id='word_1_121' title='bbox 2212 1111 2270 1165; x_wconf 79' lang='grc' dir='ltr'><strong>δὲ</strong></span> <span class='ocrx_word' id='word_1_122' title='bbox 2295 1112 2372 1176; x_wconf 84' lang='grc' dir='ltr'><strong>ὡς</strong></span> <span class='ocrx_word' id='word_1_123' title='bbox 2398 1110 2613 1182; x_wconf 83' lang='grc' dir='ltr'><strong>άληθῶς</strong></span> <span class='ocrx_word' id='word_1_124' title='bbox 2643 1109 2735 1163; x_wconf 78' lang='grc' dir='ltr'><strong>ἐπὶ</strong></span> <span class='ocrx_word' id='word_1_125' title='bbox 2761 1109 2822 1163; x_wconf 79' lang='grc' dir='ltr'><strong>τὸ</strong></span> <span class='ocrx_word' id='word_1_126' title='bbox 2853 1111 2987 1164; x_wconf 69' lang='grc' dir='ltr'><strong>αὐτὸ</strong></span> <span class='ocrx_word' id='word_1_127' title='bbox 3012 1111 3122 1167; x_wconf 83' lang='grc' dir='ltr'><strong>τῶν</strong></span> <span class='ocrx_word' id='word_1_128' title='bbox 3143 1113 3546 1184; x_wconf 76' lang='grc' dir='ltr'><strong>προειρημένων</strong></span> <span class='ocrx_word' id='word_1_129' title='bbox 3569 1115 3744 1187; x_wconf 81' lang='grc' dir='ltr'><strong>ἀνδρῶν</strong></span> 
     </span>
    </p>
   </div>
   <div class='ocr_carea' id='block_1_19' title="bbox 2213 1200 3747 1275">
    <p class='ocr_par' dir='ltr' id='par_1_19' title="bbox 2213 1200 3747 1275">
     <span class='ocr_line' id='line_1_19' title="bbox 2213 1200 3747 1275; baseline 0.003 -21"><span class='ocrx_word' id='word_1_130' title='bbox 2213 1200 2313 1264; x_wconf 79' lang='grc' dir='ltr'><strong>τὰς</strong></span> <span class='ocrx_word' id='word_1_131' title='bbox 2344 1202 2563 1272; x_wconf 79' lang='grc' dir='ltr'><strong>μνήμας</strong></span> <span class='ocrx_word' id='word_1_132' title='bbox 2594 1200 2975 1263; x_wconf 83' lang='grc' dir='ltr'><strong>ἐπιτελεῖσθαι,</strong></span> <span class='ocrx_word' id='word_1_133' title='bbox 2998 1202 3058 1256; x_wconf 91' lang='grc' dir='ltr'><strong>οὐ</strong></span> <span class='ocrx_word' id='word_1_134' title='bbox 3090 1202 3248 1273; x_wconf 87' lang='grc' dir='ltr'><strong>μόνον</strong></span> <span class='ocrx_word' id='word_1_135' title='bbox 3276 1203 3367 1257; x_wconf 81' lang='grc' dir='ltr'><strong>διὰ</strong></span> <span class='ocrx_word' id='word_1_136' title='bbox 3399 1203 3461 1256; x_wconf 84' lang='grc' dir='ltr'><strong>τὸ</strong></span> <span class='ocrx_word' id='word_1_137' title='bbox 3500 1203 3747 1275; x_wconf 76' lang='grc' dir='ltr'><strong>σύμφωνον</strong></span> 
     </span>
    </p>
   </div>
   <div class='ocr_carea' id='block_1_20' title="bbox 2212 1289 3745 1362">
    <p class='ocr_par' dir='ltr' id='par_1_20' title="bbox 2212 1289 3745 1362">
     <span class='ocr_line' id='line_1_20' title="bbox 2212 1289 3745 1362; baseline 0.002 -19"><span class='ocrx_word' id='word_1_138' title='bbox 2212 1291 2313 1360; x_wconf 75' lang='grc' dir='ltr'><strong>τῆς</strong></span> <span class='ocrx_word' id='word_1_139' title='bbox 2365 1289 2664 1353; x_wconf 79' lang='grc' dir='ltr'><strong>εὐσεϐείας,</strong></span> <span class='ocrx_word' id='word_1_140' title='bbox 2695 1290 2832 1344; x_wconf 78' lang='grc' dir='ltr'><strong>ἀλλὰ</strong></span> <span class='ocrx_word' id='word_1_141' title='bbox 2858 1291 2953 1344; x_wconf 80' lang='grc' dir='ltr'><strong>καὶ</strong></span> <span class='ocrx_word' id='word_1_142' title='bbox 2988 1290 3076 1344; x_wconf 74' lang='grc' dir='ltr'><strong>διὰ</strong></span> <span class='ocrx_word' id='word_1_143' title='bbox 3100 1292 3164 1345; x_wconf 81' lang='grc' dir='ltr'><strong>τὸ</strong></span> <span class='ocrx_word' id='word_1_144' title='bbox 3198 1291 3453 1362; x_wconf 83' lang='grc' dir='ltr'><strong>ὁμότιμον</strong></span> <span class='ocrx_word' id='word_1_145' title='bbox 3476 1292 3568 1362; x_wconf 82' lang='grc' dir='ltr'><strong>τῆς</strong></span> <span class='ocrx_word' id='word_1_146' title='bbox 3603 1292 3745 1357; x_wconf 77' lang='grc' dir='ltr'><strong>ἀξίας.</strong></span> 
     </span>
    </p>
   </div>
   <div class='ocr_carea' id='block_1_21' title="bbox 539 1376 2113 1455">
    <p class='ocr_par' dir='ltr' id='par_1_21' title="bbox 539 1376 2113 1455">
     <span class='ocr_line' id='line_1_21' title="bbox 539 1376 2113 1455; baseline 0.01 -26"><span class='ocrx_word' id='word_1_147' title='bbox 539 1376 810 1435; x_wconf 80' lang='lat' dir='ltr'><strong>Ecclesias</strong></span> <span class='ocrx_word' id='word_1_148' title='bbox 840 1399 1054 1455; x_wconf 89' lang='lat' dir='ltr'><strong>quoque</strong></span> <span class='ocrx_word' id='word_1_149' title='bbox 1088 1387 1448 1445; x_wconf 85' lang='lat' dir='ltr'><strong>immortalem</strong></span> <span class='ocrx_word' id='word_1_150' title='bbox 1478 1391 1562 1446; x_wconf 89' lang='lat' dir='ltr'><strong>sui</strong></span> <span class='ocrx_word' id='word_1_151' title='bbox 1619 1391 1936 1446; x_wconf 89' lang='lat' dir='ltr'><strong>memoriam</strong></span> <span class='ocrx_word' id='word_1_152' title='bbox 1992 1390 2113 1445; x_wconf 88' lang='lat' dir='ltr'><strong>reli-</strong></span> 
     </span>
    </p>
   </div>
   <div class='ocr_carea' id='block_1_22' title="bbox 2215 1376 3746 1455">
    <p class='ocr_par' dir='ltr' id='par_1_22' title="bbox 2217 1378 3746 1454">
     <span class='ocr_line' id='line_1_22' title="bbox 2217 1378 3746 1454; baseline -0.001 -17"><span class='ocrx_word' id='word_1_153' title='bbox 2217 1378 2374 1438; x_wconf 74' lang='grc' dir='ltr'><strong>Οὗτοι</strong></span> <span class='ocrx_word' id='word_1_154' title='bbox 2401 1384 2510 1454; x_wconf 85' lang='grc' dir='ltr'><strong>γάρ</strong></span> <span class='ocrx_word' id='word_1_155' title='bbox 2552 1384 2702 1454; x_wconf 84' lang='grc' dir='ltr'><strong>μόνοι</strong></span> <span class='ocrx_word' id='word_1_156' title='bbox 2731 1383 2809 1453; x_wconf 83' lang='grc' dir='ltr'><strong>τῷ</strong></span> <span class='ocrx_word' id='word_1_157' title='bbox 2846 1384 3035 1453; x_wconf 81' lang='grc' dir='ltr'><strong>Κυρίῳ</strong></span> <span class='ocrx_word' id='word_1_158' title='bbox 3084 1384 3315 1438; x_wconf 82' lang='grc' dir='ltr'><strong>πάντοτε</strong></span> <span class='ocrx_word' id='word_1_159' title='bbox 3356 1380 3746 1453; x_wconf 77' lang='grc' dir='ltr'><strong>συσχολάζοντες,</strong></span> 
     </span>
    </p>
   </div>
   <div class='ocr_carea' id='block_1_23' title="bbox 535 1472 2113 1548">
    <p class='ocr_par' dir='ltr' id='par_1_23' title="bbox 535 1472 2113 1548">
     <span class='ocr_line' id='line_1_23' title="bbox 535 1472 2113 1548; baseline 0.01 -27"><span class='ocrx_word' id='word_1_160' title='bbox 535 1480 790 1536; x_wconf 87' lang='lat' dir='ltr'><strong>querunt.</strong></span> <span class='ocrx_word' id='word_1_161' title='bbox 823 1472 1112 1533; x_wconf 76' lang='lat' dir='ltr'><strong>Enimvero</strong></span> <span class='ocrx_word' id='word_1_162' title='bbox 1137 1481 1373 1537; x_wconf 68' lang='lat' dir='ltr'><strong>maxime</strong></span> <span class='ocrx_word' id='word_1_163' title='bbox 1407 1481 1633 1537; x_wconf 82' lang='lat' dir='ltr'><strong>decebat</strong></span> <span class='ocrx_word' id='word_1_164' title='bbox 1675 1497 1783 1536; x_wconf 89' lang='lat' dir='ltr'><strong>uno</strong></span> <span class='ocrx_word' id='word_1_165' title='bbox 1812 1483 2113 1548; x_wconf 79' lang='lat' dir='ltr'><strong>eodemque</strong></span> 
     </span>
    </p>
   </div>
   <div class='ocr_carea' id='block_1_24' title="bbox 2215 1472 3751 1548">
    <p class='ocr_par' dir='ltr' id='par_1_24' title="bbox 2216 1473 3751 1546">
     <span class='ocr_line' id='line_1_24' title="bbox 2216 1473 3751 1546; baseline -0.001 -17"><span class='ocrx_word' id='word_1_166' title='bbox 2216 1475 2310 1529; x_wconf 82' lang='grc' dir='ltr'><strong>καὶ</strong></span> <span class='ocrx_word' id='word_1_167' title='bbox 2339 1474 2611 1546; x_wconf 79' lang='grc' dir='ltr'><strong>ἐξαίρετον</strong></span> <span class='ocrx_word' id='word_1_168' title='bbox 2636 1473 2824 1545; x_wconf 82' lang='grc' dir='ltr'><strong>ὥσπερ</strong></span> <span class='ocrx_word' id='word_1_169' title='bbox 2848 1475 2998 1546; x_wconf 80' lang='grc' dir='ltr'><strong>παρὰ</strong></span> <span class='ocrx_word' id='word_1_170' title='bbox 3034 1476 3160 1540; x_wconf 81' lang='grc' dir='ltr'><strong>τοὺς</strong></span> <span class='ocrx_word' id='word_1_171' title='bbox 3186 1476 3405 1539; x_wconf 74' lang='grc' dir='ltr'><strong>λοιποὺς</strong></span> <span class='ocrx_word' id='word_1_172' title='bbox 3428 1474 3532 1528; x_wconf 81' lang='grc' dir='ltr'><strong>τῶν</strong></span> <span class='ocrx_word' id='word_1_173' title='bbox 3560 1475 3751 1527; x_wconf 74' lang='grc' dir='ltr'><strong>ἀποστό-</strong></span> 
     </span>
    </p>
   </div>
   <div class='ocr_carea' id='block_1_25' title="bbox 535 1565 2113 1640">
    <p class='ocr_par' dir='ltr' id='par_1_25' title="bbox 535 1567 2112 1635">
     <span class='ocr_line' id='line_1_25' title="bbox 535 1567 2112 1635; baseline 0.005 -17"><span class='ocrx_word' id='word_1_174' title='bbox 535 1570 785 1633; x_wconf 78' lang='lat' dir='ltr'><strong>tcmpore</strong></span> <span class='ocrx_word' id='word_1_175' title='bbox 834 1567 1064 1623; x_wconf 90' lang='lat' dir='ltr'><strong>istorum</strong></span> <span class='ocrx_word' id='word_1_176' title='bbox 1129 1572 1377 1627; x_wconf 88' lang='lat' dir='ltr'><strong>virorum</strong></span> <span class='ocrx_word' id='word_1_177' title='bbox 1441 1573 1760 1629; x_wconf 85' lang='lat' dir='ltr'><strong>memoriam</strong></span> <span class='ocrx_word' id='word_1_178' title='bbox 1812 1574 2112 1635; x_wconf 84' lang='lat' dir='ltr'><strong>celebrari,</strong></span> 
     </span>
    </p>
   </div>
   <div class='ocr_carea' id='block_1_26' title="bbox 2215 1565 3749 1640">
    <p class='ocr_par' dir='ltr' id='par_1_26' title="bbox 2215 1565 3749 1640">
     <span class='ocr_line' id='line_1_26' title="bbox 2215 1565 3749 1640; baseline -0.003 -18"><span class='ocrx_word' id='word_1_179' title='bbox 2215 1568 2322 1622; x_wconf 87' lang='grc' dir='ltr'><strong>λων</strong></span> <span class='ocrx_word' id='word_1_180' title='bbox 2351 1567 2534 1640; x_wconf 81' lang='grc' dir='ltr'><strong>χώραν</strong></span> <span class='ocrx_word' id='word_1_181' title='bbox 2567 1567 2801 1638; x_wconf 78' lang='grc' dir='ltr'><strong>ἔχοντες,</strong></span> <span class='ocrx_word' id='word_1_182' title='bbox 2842 1569 2935 1621; x_wconf 75' lang='grc' dir='ltr'><strong>καὶ</strong></span> <span class='ocrx_word' id='word_1_183' title='bbox 2962 1569 3294 1639; x_wconf 74' lang='grc' dir='ltr'><strong>παρρησίαν,</strong></span> <span class='ocrx_word' id='word_1_184' title='bbox 3320 1568 3381 1620; x_wconf 86' lang='grc' dir='ltr'><strong>οὐ</strong></span> <span class='ocrx_word' id='word_1_185' title='bbox 3413 1567 3548 1621; x_wconf 76' lang='grc' dir='ltr'><strong>κατὰ</strong></span> <span class='ocrx_word' id='word_1_186' title='bbox 3565 1565 3653 1636; x_wconf 79' lang='grc' dir='ltr'><strong>τὴν</strong></span> <span class='ocrx_word' id='word_1_187' title='bbox 3672 1568 3749 1633; x_wconf 71' lang='grc' dir='ltr'><strong>τῆς</strong></span> 
     </span>
    </p>
   </div>
   <div class='ocr_carea' id='block_1_27' title="bbox 539 1654 2113 1736">
    <p class='ocr_par' dir='ltr' id='par_1_27' title="bbox 539 1660 2113 1736">
     <span class='ocr_line' id='line_1_27' title="bbox 539 1660 2113 1736; baseline 0.01 -32"><span class='ocrx_word' id='word_1_188' title='bbox 539 1667 645 1708; x_wconf 84' lang='lat' dir='ltr'><strong>non</strong></span> <span class='ocrx_word' id='word_1_189' title='bbox 678 1670 743 1710; x_wconf 89' lang='lat' dir='ltr'><strong>ea</strong></span> <span class='ocrx_word' id='word_1_190' title='bbox 771 1664 981 1713; x_wconf 87' lang='lat' dir='ltr'><strong>tantmu</strong></span> <span class='ocrx_word' id='word_1_191' title='bbox 1011 1660 1079 1716; x_wconf 89' lang='lat' dir='ltr'><strong>de</strong></span> <span class='ocrx_word' id='word_1_192' title='bbox 1114 1676 1302 1725; x_wconf 83' lang='lat' dir='ltr'><strong>causa,</strong></span> <span class='ocrx_word' id='word_1_193' title='bbox 1324 1663 1468 1735; x_wconf 92' lang='lat' dir='ltr'><strong>quod</strong></span> <span class='ocrx_word' id='word_1_194' title='bbox 1503 1665 1556 1719; x_wconf 92' lang='lat' dir='ltr'><strong>in</strong></span> <span class='ocrx_word' id='word_1_195' title='bbox 1583 1664 1885 1736; x_wconf 83' lang='lat' dir='ltr'><strong>profitenda</strong></span> <span class='ocrx_word' id='word_1_196' title='bbox 1919 1665 2113 1734; x_wconf 84' lang='lat' dir='ltr'><strong>pietate</strong></span> 
     </span>
    </p>
   </div>
   <div class='ocr_carea' id='block_1_28' title="bbox 2215 1654 3752 1736">
    <p class='ocr_par' dir='ltr' id='par_1_28' title="bbox 2216 1654 3752 1733">
     <span class='ocr_line' id='line_1_28' title="bbox 2216 1654 3752 1733; baseline -0.014 -3"><span class='ocrx_word' id='word_1_197' title='bbox 2216 1659 2565 1733; x_wconf 76' lang='grc' dir='ltr'><strong>ἀνθρωπίνης</strong></span> <span class='ocrx_word' id='word_1_198' title='bbox 2593 1659 2774 1728; x_wconf 80' lang='grc' dir='ltr'><strong>φιλίας</strong></span> <span class='ocrx_word' id='word_1_199' title='bbox 2800 1658 3125 1731; x_wconf 76' lang='grc' dir='ltr'><strong>πρόσληψιν,</strong></span> <span class='ocrx_word' id='word_1_200' title='bbox 3151 1660 3287 1714; x_wconf 75' lang='grc' dir='ltr'><strong>ἀλλὰ</strong></span> <span class='ocrx_word' id='word_1_201' title='bbox 3306 1659 3449 1714; x_wconf 82' lang='grc' dir='ltr'><strong>κατὰ</strong></span> <span class='ocrx_word' id='word_1_202' title='bbox 3463 1657 3637 1728; x_wconf 78' lang='grc' dir='ltr'><strong>θεῖκὴν</strong></span> <span class='ocrx_word' id='word_1_203' title='bbox 3653 1654 3752 1725; x_wconf 83' lang='grc' dir='ltr'><strong>άλη-</strong></span> 
     </span>
    </p>
   </div>
   <div class='ocr_carea' id='block_1_29' title="bbox 537 1752 2113 1824">
    <p class='ocr_par' dir='ltr' id='par_1_29' title="bbox 537 1756 2113 1821">
     <span class='ocr_line' id='line_1_29' title="bbox 537 1756 2113 1821; baseline 0.004 -22"><span class='ocrx_word' id='word_1_204' title='bbox 537 1762 643 1800; x_wconf 91' lang='lat' dir='ltr'><strong>una</strong></span> <span class='ocrx_word' id='word_1_205' title='bbox 679 1758 732 1803; x_wconf 91' lang='lat' dir='ltr'><strong>et</strong></span> <span class='ocrx_word' id='word_1_206' title='bbox 763 1759 965 1816; x_wconf 87' lang='lat' dir='ltr'><strong>mente,</strong></span> <span class='ocrx_word' id='word_1_207' title='bbox 1013 1764 1066 1808; x_wconf 89' lang='lat' dir='ltr'><strong>et</strong></span> <span class='ocrx_word' id='word_1_208' title='bbox 1104 1770 1240 1811; x_wconf 87' lang='lat' dir='ltr'><strong>voce</strong></span> <span class='ocrx_word' id='word_1_209' title='bbox 1274 1756 1675 1821; x_wconf 86' lang='lat' dir='ltr'><strong>consenserint,</strong></span> <span class='ocrx_word' id='word_1_210' title='bbox 1720 1772 1908 1812; x_wconf 86' lang='lat' dir='ltr'><strong>verum</strong></span> <span class='ocrx_word' id='word_1_211' title='bbox 1950 1756 2113 1810; x_wconf 90' lang='lat' dir='ltr'><strong>etiam</strong></span> 
     </span>
    </p>
   </div>
   <div class='ocr_carea' id='block_1_30' title="bbox 2215 1752 2699 1824">
    <p class='ocr_par' dir='ltr' id='par_1_30' title="bbox 2218 1752 2699 1824">
     <span class='ocr_line' id='line_1_30' title="bbox 2218 1752 2699 1824; baseline 0 -17"><span class='ocrx_word' id='word_1_212' title='bbox 2218 1753 2369 1816; x_wconf 82' lang='grc' dir='ltr'><strong>θείας</strong></span> <span class='ocrx_word' id='word_1_213' title='bbox 2404 1752 2699 1824; x_wconf 85' lang='grc' dir='ltr'><strong>ἐπίκρισιν.</strong></span> 
     </span>
    </p>
   </div>
   <div class='ocr_carea' id='block_1_31' title="bbox 536 1844 3751 1917">
    <p class='ocr_par' dir='ltr' id='par_1_31' title="bbox 536 1844 3751 1917">
     <span class='ocr_line' id='line_1_31' title="bbox 536 1844 3751 1917; baseline -0.001 -21"><span class='ocrx_word' id='word_1_214' title='bbox 536 1844 681 1912; x_wconf 89' lang='lat' dir='ltr'><strong>quod</strong></span> <span class='ocrx_word' id='word_1_215' title='bbox 703 1850 903 1916; x_wconf 66' lang='lat' dir='ltr'><strong>aequali</strong></span> <span class='ocrx_word' id='word_1_216' title='bbox 930 1849 983 1903; x_wconf 93' lang='lat' dir='ltr'><strong>in</strong></span> <span class='ocrx_word' id='word_1_217' title='bbox 1020 1849 1225 1905; x_wconf 82' lang='lat' dir='ltr'><strong>honore</strong></span> <span class='ocrx_word' id='word_1_218' title='bbox 1257 1867 1287 1905; x_wconf 91' lang='lat' dir='ltr'><strong>a</strong></span> <span class='ocrx_word' id='word_1_219' title='bbox 1318 1852 1543 1908; x_wconf 85' lang='lat' dir='ltr'><strong>Christo</strong></span> <span class='ocrx_word' id='word_1_220' title='bbox 1574 1853 1745 1907; x_wconf 89' lang='lat' dir='ltr'><strong>habiti</strong></span> <span class='ocrx_word' id='word_1_221' title='bbox 1785 1852 2006 1907; x_wconf 82' lang='lat' dir='ltr'><strong>fuerint.</strong></span> <span class='ocrx_word' id='word_1_222' title='bbox 2089 1850 2152 1905; x_wconf 87' lang='lat' dir='ltr'><strong>lli</strong></span> <span class='ocrx_word' id='word_1_223' title='bbox 2193 1850 2394 1905; x_wconf 89' lang='lat' dir='ltr'><strong>etenim</strong></span> <span class='ocrx_word' id='word_1_224' title='bbox 2426 1848 2528 1904; x_wconf 92' lang='lat' dir='ltr'><strong>soli</strong></span> <span class='ocrx_word' id='word_1_225' title='bbox 2565 1864 2690 1905; x_wconf 89' lang='lat' dir='ltr'><strong>cum</strong></span> <span class='ocrx_word' id='word_1_226' title='bbox 2741 1848 2961 1904; x_wconf 83' lang='lat' dir='ltr'><strong>Christo</strong></span> <span class='ocrx_word' id='word_1_227' title='bbox 3023 1848 3229 1917; x_wconf 78' lang='lat' dir='ltr'><strong>ubique</strong></span> <span class='ocrx_word' id='word_1_228' title='bbox 3267 1847 3467 1902; x_wconf 78' lang='lat' dir='ltr'><strong>versati</strong></span> <span class='ocrx_word' id='word_1_229' title='bbox 3514 1853 3648 1910; x_wconf 82' lang='lat' dir='ltr'><strong>sunt,</strong></span> <span class='ocrx_word' id='word_1_230' title='bbox 3701 1854 3751 1894; x_wconf 82' lang='lat' dir='ltr'><strong>ac</strong></span> 
     </span>
    </p>
   </div>
   <div class='ocr_carea' id='block_1_32' title="bbox 537 1936 3753 2015">
    <p class='ocr_par' dir='ltr' id='par_1_32' title="bbox 537 1936 3753 2015">
     <span class='ocr_line' id='line_1_32' title="bbox 537 1936 3753 2015; baseline 0 -23"><span class='ocrx_word' id='word_1_231' title='bbox 537 1944 795 2007; x_wconf 65' lang='lat' dir='ltr'><strong>prmterea</strong></span> <span class='ocrx_word' id='word_1_232' title='bbox 830 1950 942 1995; x_wconf 90' lang='lat' dir='ltr'><strong>tum</strong></span> <span class='ocrx_word' id='word_1_233' title='bbox 999 1944 1194 2014; x_wconf 77' lang='lat' dir='ltr'><strong>agendi</strong></span> <span class='ocrx_word' id='word_1_234' title='bbox 1243 1945 1609 2015; x_wconf 84' lang='lat' dir='ltr'><strong>loquendique</strong></span> <span class='ocrx_word' id='word_1_235' title='bbox 1641 1945 1970 2007; x_wconf 79' lang='lat' dir='ltr'><strong>libertatem,</strong></span> <span class='ocrx_word' id='word_1_236' title='bbox 2002 1953 2115 1998; x_wconf 93' lang='lat' dir='ltr'><strong>tum</strong></span> <span class='ocrx_word' id='word_1_237' title='bbox 2153 1942 2567 1998; x_wconf 88' lang='lat' dir='ltr'><strong>eminentiorem</strong></span> <span class='ocrx_word' id='word_1_238' title='bbox 2612 1939 3019 2011; x_wconf 87' lang='lat' dir='ltr'><strong>quodammodo</strong></span> <span class='ocrx_word' id='word_1_239' title='bbox 3063 1954 3175 2009; x_wconf 67' lang='lat' dir='ltr'><strong>pra:</strong></span> <span class='ocrx_word' id='word_1_240' title='bbox 3251 1940 3466 1995; x_wconf 70' lang='lat' dir='ltr'><strong>caeteris</strong></span> <span class='ocrx_word' id='word_1_241' title='bbox 3527 1936 3753 2010; x_wconf 83' lang='lat' dir='ltr'><strong>apostolis</strong></span> 
     </span>
    </p>
   </div>
   <div class='ocr_carea' id='block_1_33' title="bbox 535 2033 3419 2108">
    <p class='ocr_par' dir='ltr' id='par_1_33' title="bbox 535 2033 3419 2108">
     <span class='ocr_line' id='line_1_33' title="bbox 535 2033 3419 2108; baseline 0.001 -22"><span class='ocrx_word' id='word_1_242' title='bbox 535 2033 716 2088; x_wconf 87' lang='lat' dir='ltr'><strong>locum</strong></span> <span class='ocrx_word' id='word_1_243' title='bbox 762 2035 1070 2099; x_wconf 88' lang='lat' dir='ltr'><strong>obtinuere,</strong></span> <span class='ocrx_word' id='word_1_244' title='bbox 1117 2056 1227 2094; x_wconf 90' lang='lat' dir='ltr'><strong>non</strong></span> <span class='ocrx_word' id='word_1_245' title='bbox 1262 2040 1512 2096; x_wconf 69' lang='lat' dir='ltr'><strong>humana:</strong></span> <span class='ocrx_word' id='word_1_246' title='bbox 1555 2040 1807 2095; x_wconf 80' lang='lat' dir='ltr'><strong>amicitia:</strong></span> <span class='ocrx_word' id='word_1_247' title='bbox 1857 2040 2091 2107; x_wconf 88' lang='lat' dir='ltr'><strong>ratione,</strong></span> <span class='ocrx_word' id='word_1_248' title='bbox 2131 2038 2226 2094; x_wconf 89' lang='lat' dir='ltr'><strong>sed</strong></span> <span class='ocrx_word' id='word_1_249' title='bbox 2271 2038 2458 2092; x_wconf 92' lang='lat' dir='ltr'><strong>divino</strong></span> <span class='ocrx_word' id='word_1_250' title='bbox 2486 2036 2695 2108; x_wconf 84' lang='lat' dir='ltr'><strong>judicio</strong></span> <span class='ocrx_word' id='word_1_251' title='bbox 2724 2037 2789 2090; x_wconf 84' lang='lat' dir='ltr'><strong>ad</strong></span> <span class='ocrx_word' id='word_1_252' title='bbox 2814 2036 2869 2091; x_wconf 91' lang='lat' dir='ltr'><strong>id</strong></span> <span class='ocrx_word' id='word_1_253' title='bbox 2903 2035 3187 2106; x_wconf 77' lang='lat' dir='ltr'><strong>dignitatis</strong></span> <span class='ocrx_word' id='word_1_254' title='bbox 3224 2035 3419 2091; x_wconf 78' lang='lat' dir='ltr'><strong>evecti.</strong></span> 
     </span>
    </p>
   </div>
   <div class='ocr_carea' id='block_1_34' title="bbox 604 2148 2183 2227">
    <p class='ocr_par' dir='ltr' id='par_1_34' title="bbox 604 2148 2183 2227">
     <span class='ocr_line' id='line_1_34' title="bbox 604 2148 2183 2227; baseline 0.005 -23"><span class='ocrx_word' id='word_1_255' title='bbox 604 2150 759 2220; x_wconf 85' lang='lat' dir='ltr'><strong>Ipsos</strong></span> <span class='ocrx_word' id='word_1_256' title='bbox 792 2151 976 2222; x_wconf 86' lang='lat' dir='ltr'><strong>itaque</strong></span> <span class='ocrx_word' id='word_1_257' title='bbox 1007 2154 1158 2208; x_wconf 82' lang='lat' dir='ltr'><strong>solos</strong></span> <span class='ocrx_word' id='word_1_258' title='bbox 1188 2168 1219 2207; x_wconf 91' lang='lat' dir='ltr'><strong>a</strong></span> <span class='ocrx_word' id='word_1_259' title='bbox 1261 2154 1512 2218; x_wconf 89' lang='lat' dir='ltr'><strong>Domino,</strong></span> <span class='ocrx_word' id='word_1_260' title='bbox 1544 2156 1674 2211; x_wconf 91' lang='lat' dir='ltr'><strong>dum</strong></span> <span class='ocrx_word' id='word_1_261' title='bbox 1709 2159 1985 2227; x_wconf 69' lang='lat' dir='ltr'><strong>prmcipua</strong></span> <span class='ocrx_word' id='word_1_262' title='bbox 2017 2158 2112 2212; x_wconf 90' lang='lat' dir='ltr'><strong>mi-</strong></span> <span class='ocrx_word' id='word_1_263' title='bbox 2144 2148 2183 2202; x_wconf 81' lang='grc' dir='ltr'><strong><em>Β</em></strong></span> 
     </span>
    </p>
   </div>
   <div class='ocr_carea' id='block_1_35' title="bbox 534 2245 2115 2317">
    <p class='ocr_par' dir='ltr' id='par_1_35' title="bbox 534 2245 2115 2317">
     <span class='ocr_line' id='line_1_35' title="bbox 534 2245 2115 2317; baseline 0.006 -20"><span class='ocrx_word' id='word_1_264' title='bbox 534 2245 719 2299; x_wconf 89' lang='lat' dir='ltr'><strong>racula</strong></span> <span class='ocrx_word' id='word_1_265' title='bbox 776 2246 1043 2315; x_wconf 82' lang='lat' dir='ltr'><strong>patravit,</strong></span> <span class='ocrx_word' id='word_1_266' title='bbox 1093 2253 1352 2317; x_wconf 87' lang='lat' dir='ltr'><strong>tanquam</strong></span> <span class='ocrx_word' id='word_1_267' title='bbox 1397 2247 1746 2305; x_wconf 82' lang='lat' dir='ltr'><strong>ﬁdelissimos</strong></span> <span class='ocrx_word' id='word_1_268' title='bbox 1785 2258 1839 2305; x_wconf 91' lang='lat' dir='ltr'><strong>et</strong></span> <span class='ocrx_word' id='word_1_269' title='bbox 1872 2251 2115 2306; x_wconf 86' lang='lat' dir='ltr'><strong>veracis-</strong></span> 
     </span>
    </p>
   </div>
   <div class='ocr_carea' id='block_1_36' title="bbox 534 2337 2116 2409">
    <p class='ocr_par' dir='ltr' id='par_1_36' title="bbox 534 2337 2116 2409">
     <span class='ocr_line' id='line_1_36' title="bbox 534 2337 2116 2409; baseline 0.004 -19"><span class='ocrx_word' id='word_1_270' title='bbox 534 2337 707 2391; x_wconf 85' lang='lat' dir='ltr'><strong>simos</strong></span> <span class='ocrx_word' id='word_1_271' title='bbox 763 2345 1043 2408; x_wconf 77' lang='lat' dir='ltr'><strong>gestorum</strong></span> <span class='ocrx_word' id='word_1_272' title='bbox 1099 2344 1269 2393; x_wconf 88' lang='lat' dir='ltr'><strong>testes</strong></span> <span class='ocrx_word' id='word_1_273' title='bbox 1329 2353 1518 2393; x_wconf 82' lang='lat' dir='ltr'><strong>secum</strong></span> <span class='ocrx_word' id='word_1_274' title='bbox 1585 2349 1900 2409; x_wconf 80' lang='lat' dir='ltr'><strong>assumptus</strong></span> <span class='ocrx_word' id='word_1_275' title='bbox 1943 2339 2116 2396; x_wconf 72' lang='lat' dir='ltr'><strong>fuisse</strong></span> 
     </span>
    </p>
   </div>
   <div class='ocr_carea' id='block_1_37' title="bbox 533 2422 2117 2490">
    <p class='ocr_par' dir='ltr' id='par_1_37' title="bbox 533 2422 2117 2490">
     <span class='ocr_line' id='line_1_37' title="bbox 533 2422 2117 2490; baseline 0.006 -15"><span class='ocrx_word' id='word_1_276' title='bbox 533 2422 921 2490; x_wconf 83' lang='lat' dir='ltr'><strong>comperimus.</strong></span> <span class='ocrx_word' id='word_1_277' title='bbox 960 2422 1072 2478; x_wconf 93' lang='lat' dir='ltr'><strong>lloc</strong></span> <span class='ocrx_word' id='word_1_278' title='bbox 1102 2440 1234 2480; x_wconf 86' lang='lat' dir='ltr'><strong>sane</strong></span> <span class='ocrx_word' id='word_1_279' title='bbox 1257 2425 1457 2479; x_wconf 86' lang='lat' dir='ltr'><strong>factum</strong></span> <span class='ocrx_word' id='word_1_280' title='bbox 1495 2426 1595 2480; x_wconf 83' lang='lat' dir='ltr'><strong>fuit</strong></span> <span class='ocrx_word' id='word_1_281' title='bbox 1628 2428 1681 2482; x_wconf 91' lang='lat' dir='ltr'><strong>in</strong></span> <span class='ocrx_word' id='word_1_282' title='bbox 1721 2428 1930 2484; x_wconf 87' lang='lat' dir='ltr'><strong>visione</strong></span> <span class='ocrx_word' id='word_1_283' title='bbox 1963 2444 2117 2484; x_wconf 89' lang='lat' dir='ltr'><strong>mon-</strong></span> 
     </span>
    </p>
   </div>
   <div class='ocr_carea' id='block_1_38' title="bbox 534 2506 2114 2577">
    <p class='ocr_par' dir='ltr' id='par_1_38' title="bbox 534 2506 2114 2577">
     <span class='ocr_line' id='line_1_38' title="bbox 534 2506 2114 2577; baseline 0.005 -16"><span class='ocrx_word' id='word_1_284' title='bbox 534 2507 692 2561; x_wconf 83' lang='lat' dir='ltr'><strong>tis&quot;.</strong></span> <span class='ocrx_word' id='word_1_285' title='bbox 737 2506 849 2561; x_wconf 91' lang='lat' dir='ltr'><strong>Soli</strong></span> <span class='ocrx_word' id='word_1_286' title='bbox 895 2509 1043 2562; x_wconf 87' lang='lat' dir='ltr'><strong>enim</strong></span> <span class='ocrx_word' id='word_1_287' title='bbox 1090 2509 1167 2563; x_wconf 87' lang='lat' dir='ltr'><strong>ibi</strong></span> <span class='ocrx_word' id='word_1_288' title='bbox 1218 2509 1435 2577; x_wconf 85' lang='lat' dir='ltr'><strong>Petrus,</strong></span> <span class='ocrx_word' id='word_1_289' title='bbox 1478 2510 1741 2577; x_wconf 67' lang='lat' dir='ltr'><strong>Iacobus,</strong></span> <span class='ocrx_word' id='word_1_290' title='bbox 1784 2522 1839 2569; x_wconf 90' lang='lat' dir='ltr'><strong>et</strong></span> <span class='ocrx_word' id='word_1_291' title='bbox 1873 2513 2114 2569; x_wconf 80' lang='lat' dir='ltr'><strong>Joannes</strong></span> 
     </span>
    </p>
   </div>
   <div class='ocr_carea' id='block_1_39' title="bbox 535 2596 2116 2669">
    <p class='ocr_par' dir='ltr' id='par_1_39' title="bbox 535 2596 2116 2669">
     <span class='ocr_line' id='line_1_39' title="bbox 535 2596 2116 2669; baseline 0.006 -20"><span class='ocrx_word' id='word_1_292' title='bbox 535 2596 787 2662; x_wconf 87' lang='lat' dir='ltr'><strong>aderant,</strong></span> <span class='ocrx_word' id='word_1_293' title='bbox 836 2614 962 2653; x_wconf 91' lang='lat' dir='ltr'><strong>cum</strong></span> <span class='ocrx_word' id='word_1_294' title='bbox 1016 2614 1219 2669; x_wconf 85' lang='lat' dir='ltr'><strong>corpus</strong></span> <span class='ocrx_word' id='word_1_295' title='bbox 1267 2616 1425 2655; x_wconf 89' lang='lat' dir='ltr'><strong>sumn</strong></span> <span class='ocrx_word' id='word_1_296' title='bbox 1487 2602 1895 2660; x_wconf 88' lang='lat' dir='ltr'><strong>transformans</strong></span> <span class='ocrx_word' id='word_1_297' title='bbox 1940 2603 2116 2660; x_wconf 90' lang='lat' dir='ltr'><strong>Domi-</strong></span> 
     </span>
    </p>
   </div>
   <div class='ocr_carea' id='block_1_40' title="bbox 534 2687 2115 2760">
    <p class='ocr_par' dir='ltr' id='par_1_40' title="bbox 534 2687 2115 2760">
     <span class='ocr_line' id='line_1_40' title="bbox 534 2687 2115 2760; baseline 0.007 -20"><span class='ocrx_word' id='word_1_298' title='bbox 534 2704 660 2754; x_wconf 85' lang='lat' dir='ltr'><strong>nus,</strong></span> <span class='ocrx_word' id='word_1_299' title='bbox 707 2687 761 2742; x_wconf 90' lang='lat' dir='ltr'><strong>in</strong></span> <span class='ocrx_word' id='word_1_300' title='bbox 811 2689 1107 2759; x_wconf 76' lang='lat' dir='ltr'><strong>gloriosam</strong></span> <span class='ocrx_word' id='word_1_301' title='bbox 1157 2706 1223 2745; x_wconf 89' lang='lat' dir='ltr'><strong>ac</strong></span> <span class='ocrx_word' id='word_1_302' title='bbox 1273 2691 1697 2760; x_wconf 83' lang='lat' dir='ltr'><strong>splendidiorem</strong></span> <span class='ocrx_word' id='word_1_303' title='bbox 1769 2694 2115 2751; x_wconf 85' lang='lat' dir='ltr'><strong>divinitatem</strong></span> 
     </span>
    </p>
   </div>
   <div class='ocr_carea' id='block_1_41' title="bbox 532 2782 2113 2854">
    <p class='ocr_par' dir='ltr' id='par_1_41' title="bbox 532 2782 2113 2854">
     <span class='ocr_line' id='line_1_41' title="bbox 532 2782 2113 2854; baseline 0.007 -21"><span class='ocrx_word' id='word_1_304' title='bbox 532 2782 943 2844; x_wconf 84' lang='lat' dir='ltr'><strong>transmutavit,</strong></span> <span class='ocrx_word' id='word_1_305' title='bbox 975 2790 1029 2837; x_wconf 85' lang='lat' dir='ltr'><strong>et</strong></span> <span class='ocrx_word' id='word_1_306' title='bbox 1061 2782 1263 2854; x_wconf 79' lang='lat' dir='ltr'><strong>Moyse,</strong></span> <span class='ocrx_word' id='word_1_307' title='bbox 1284 2792 1446 2854; x_wconf 87' lang='lat' dir='ltr'><strong>atque</strong></span> <span class='ocrx_word' id='word_1_308' title='bbox 1472 2784 1590 2839; x_wconf 84' lang='lat' dir='ltr'><strong>Elia</strong></span> <span class='ocrx_word' id='word_1_309' title='bbox 1611 2786 1717 2842; x_wconf 90' lang='lat' dir='ltr'><strong>sibi</strong></span> <span class='ocrx_word' id='word_1_310' title='bbox 1742 2786 2113 2851; x_wconf 86' lang='lat' dir='ltr'><strong>adstantibus,</strong></span> 
     </span>
    </p>
   </div>
   <div class='ocr_carea' id='block_1_42' title="bbox 533 2873 2114 2943">
    <p class='ocr_par' dir='ltr' id='par_1_42' title="bbox 533 2873 2114 2943">
     <span class='ocr_line' id='line_1_42' title="bbox 533 2873 2114 2943; baseline 0.006 -17"><span class='ocrx_word' id='word_1_311' title='bbox 533 2873 784 2943; x_wconf 88' lang='lat' dir='ltr'><strong>lucisque</strong></span> <span class='ocrx_word' id='word_1_312' title='bbox 816 2874 1012 2928; x_wconf 89' lang='lat' dir='ltr'><strong>nebula</strong></span> <span class='ocrx_word' id='word_1_313' title='bbox 1042 2874 1427 2939; x_wconf 89' lang='lat' dir='ltr'><strong>obumbrante,</strong></span> <span class='ocrx_word' id='word_1_314' title='bbox 1458 2876 1716 2932; x_wconf 81' lang='lat' dir='ltr'><strong>eximiam</strong></span> <span class='ocrx_word' id='word_1_315' title='bbox 1750 2873 1894 2933; x_wconf 74' lang='lat' dir='ltr'><strong>i.&#39;.am</strong></span> <span class='ocrx_word' id='word_1_316' title='bbox 1923 2881 2114 2935; x_wconf 67' lang='lat' dir='ltr'><strong>aeterni</strong></span> 
     </span>
    </p>
   </div>
   <div class='ocr_carea' id='block_1_43' title="bbox 534 2965 2114 3036">
    <p class='ocr_par' dir='ltr' id='par_1_43' title="bbox 534 2965 2114 3036">
     <span class='ocr_line' id='line_1_43' title="bbox 534 2965 2114 3036; baseline 0.004 -18"><span class='ocrx_word' id='word_1_317' title='bbox 534 2965 687 3034; x_wconf 79' lang='lat' dir='ltr'><strong>regni</strong></span> <span class='ocrx_word' id='word_1_318' title='bbox 743 2965 1035 3032; x_wconf 79' lang='lat' dir='ltr'><strong>imaginem</strong></span> <span class='ocrx_word' id='word_1_319' title='bbox 1082 2966 1345 3022; x_wconf 89' lang='lat' dir='ltr'><strong>ostendit.</strong></span> <span class='ocrx_word' id='word_1_320' title='bbox 1389 2965 1503 3022; x_wconf 86' lang='lat' dir='ltr'><strong>Hoc</strong></span> <span class='ocrx_word' id='word_1_321' title='bbox 1547 2968 1711 3023; x_wconf 92' lang='lat' dir='ltr'><strong>etiam</strong></span> <span class='ocrx_word' id='word_1_322' title='bbox 1759 2969 1962 3025; x_wconf 86' lang='lat' dir='ltr'><strong>factum</strong></span> <span class='ocrx_word' id='word_1_323' title='bbox 2007 2979 2114 3036; x_wconf 88' lang='lat' dir='ltr'><strong>est,</strong></span> 
     </span>
    </p>
   </div>
   <div class='ocr_carea' id='block_1_44' title="bbox 532 3060 2119 3133">
    <p class='ocr_par' dir='ltr' id='par_1_44' title="bbox 532 3060 2119 3133">
     <span class='ocr_line' id='line_1_44' title="bbox 532 3060 2119 3133; baseline 0.003 -16"><span class='ocrx_word' id='word_1_324' title='bbox 532 3062 666 3117; x_wconf 79' lang='lat' dir='ltr'><strong>dum</strong></span> <span class='ocrx_word' id='word_1_325' title='bbox 726 3060 861 3115; x_wconf 77' lang='lat' dir='ltr'><strong>Jairi</strong></span> <span class='ocrx_word' id='word_1_326' title='bbox 932 3062 1095 3117; x_wconf 76' lang='lat' dir='ltr'><strong>tiliam</strong></span> <span class='ocrx_word' id='word_1_327' title='bbox 1160 3081 1190 3117; x_wconf 73' lang='grc' dir='ltr'><strong>ει</strong></span> <span class='ocrx_word' id='word_1_328' title='bbox 1249 3066 1482 3119; x_wconf 89' lang='lat' dir='ltr'><strong>mortuis</strong></span> <span class='ocrx_word' id='word_1_329' title='bbox 1541 3066 1829 3121; x_wconf 85' lang='lat' dir='ltr'><strong>suscitavit</strong></span> <span class='ocrx_word' id='word_1_330' title='bbox 1854 3068 1931 3133; x_wconf 83' lang='grc'><strong>¹⁹;</strong></span> <span class='ocrx_word' id='word_1_331' title='bbox 1985 3076 2119 3123; x_wconf 89' lang='lat' dir='ltr'><strong>tunc</strong></span> 
     </span>
    </p>
   </div>
   <div class='ocr_carea' id='block_1_45' title="bbox 531 3153 2119 3226">
    <p class='ocr_par' dir='ltr' id='par_1_45' title="bbox 531 3153 2119 3226">
     <span class='ocr_line' id='line_1_45' title="bbox 531 3153 2119 3226; baseline 0.002 -17"><span class='ocrx_word' id='word_1_332' title='bbox 531 3155 682 3209; x_wconf 88' lang='lat' dir='ltr'><strong>cnim</strong></span> <span class='ocrx_word' id='word_1_333' title='bbox 724 3153 826 3209; x_wconf 88' lang='lat' dir='ltr'><strong>hos</strong></span> <span class='ocrx_word' id='word_1_334' title='bbox 876 3160 1093 3207; x_wconf 86' lang='lat' dir='ltr'><strong>tantum</strong></span> <span class='ocrx_word' id='word_1_335' title='bbox 1139 3155 1391 3209; x_wconf 88' lang='lat' dir='ltr'><strong>miraculi</strong></span> <span class='ocrx_word' id='word_1_336' title='bbox 1444 3155 1592 3211; x_wconf 89' lang='lat' dir='ltr'><strong>illius</strong></span> <span class='ocrx_word' id='word_1_337' title='bbox 1639 3164 1976 3226; x_wconf 86' lang='lat' dir='ltr'><strong>spectatores</strong></span> <span class='ocrx_word' id='word_1_338' title='bbox 2021 3159 2119 3212; x_wconf 85' lang='lat' dir='ltr'><strong>ha-</strong></span> 
     </span>
    </p>
   </div>
   <div class='ocr_carea' id='block_1_46' title="bbox 538 3244 2117 3319">
    <p class='ocr_par' dir='ltr' id='par_1_46' title="bbox 538 3244 2117 3319">
     <span class='ocr_line' id='line_1_46' title="bbox 538 3244 2117 3319; baseline 0.004 -19"><span class='ocrx_word' id='word_1_339' title='bbox 538 3246 676 3300; x_wconf 88' lang='lat' dir='ltr'><strong>buit.</strong></span> <span class='ocrx_word' id='word_1_340' title='bbox 714 3244 858 3311; x_wconf 85' lang='lat' dir='ltr'><strong>Quin</strong></span> <span class='ocrx_word' id='word_1_341' title='bbox 908 3253 964 3300; x_wconf 92' lang='lat' dir='ltr'><strong>et</strong></span> <span class='ocrx_word' id='word_1_342' title='bbox 1008 3245 1112 3300; x_wconf 89' lang='lat' dir='ltr'><strong>sub</strong></span> <span class='ocrx_word' id='word_1_343' title='bbox 1155 3246 1332 3315; x_wconf 90' lang='lat' dir='ltr'><strong>ipsum</strong></span> <span class='ocrx_word' id='word_1_344' title='bbox 1369 3246 1642 3317; x_wconf 86' lang='lat' dir='ltr'><strong>passionis</strong></span> <span class='ocrx_word' id='word_1_345' title='bbox 1673 3256 1912 3319; x_wconf 86' lang='lat' dir='ltr'><strong>tempus,</strong></span> <span class='ocrx_word' id='word_1_346' title='bbox 1958 3265 2027 3305; x_wconf 86' lang='lat' dir='ltr'><strong>ne</strong></span> <span class='ocrx_word' id='word_1_347' title='bbox 2061 3250 2117 3306; x_wconf 88' lang='lat' dir='ltr'><strong>in</strong></span> 
     </span>
    </p>
   </div>
   <div class='ocr_carea' id='block_1_47' title="bbox 534 3334 2113 3411">
    <p class='ocr_par' dir='ltr' id='par_1_47' title="bbox 534 3337 2113 3409">
     <span class='ocr_line' id='line_1_47' title="bbox 534 3337 2113 3409; baseline 0.003 -16"><span class='ocrx_word' id='word_1_348' title='bbox 534 3337 773 3408; x_wconf 79' lang='lat' dir='ltr'><strong>singulis</strong></span> <span class='ocrx_word' id='word_1_349' title='bbox 820 3337 1131 3409; x_wconf 90' lang='lat' dir='ltr'><strong>quibusque</strong></span> <span class='ocrx_word' id='word_1_350' title='bbox 1167 3342 1460 3396; x_wconf 80' lang='lat' dir='ltr'><strong>narrandis</strong></span> <span class='ocrx_word' id='word_1_351' title='bbox 1499 3340 1708 3396; x_wconf 88' lang='lat' dir='ltr'><strong>diutius</strong></span> <span class='ocrx_word' id='word_1_352' title='bbox 1753 3356 1956 3407; x_wconf 91' lang='lat' dir='ltr'><strong>morer,</strong></span> <span class='ocrx_word' id='word_1_353' title='bbox 1992 3357 2113 3398; x_wconf 89' lang='lat' dir='ltr'><strong>eos-</strong></span> 
     </span>
    </p>
   </div>
   <div class='ocr_carea' id='block_1_48' title="bbox 2215 3334 3757 3411">
    <p class='ocr_par' dir='ltr' id='par_1_48' title="bbox 2218 3334 3757 3411">
     <span class='ocr_line' id='line_1_48' title="bbox 2218 3334 3757 3411; baseline -0.008 -15"><span class='ocrx_word' id='word_1_354' title='bbox 2218 3341 2393 3411; x_wconf 84' lang='grc' dir='ltr'><strong>λέγων</strong></span> <span class='ocrx_word' id='word_1_355' title='bbox 2421 3339 2681 3411; x_wconf 73' lang='grc' dir='ltr'><strong>διατρίϐω</strong></span> <span class='ocrx_word' id='word_1_356' title='bbox 2704 3378 2719 3401; x_wconf 93' lang='grc'><strong>,</strong></span> <span class='ocrx_word' id='word_1_357' title='bbox 2750 3338 2845 3391; x_wconf 78' lang='grc' dir='ltr'><strong>καὶ</strong></span> <span class='ocrx_word' id='word_1_358' title='bbox 2885 3341 3009 3392; x_wconf 82' lang='grc' dir='ltr'><strong>κατ’</strong></span> <span class='ocrx_word' id='word_1_359' title='bbox 3038 3339 3202 3393; x_wconf 63' lang='grc' dir='ltr'><strong>αὐτὶν</strong></span> <span class='ocrx_word' id='word_1_360' title='bbox 3232 3339 3329 3394; x_wconf 82' lang='grc' dir='ltr'><strong>τὸν</strong></span> <span class='ocrx_word' id='word_1_361' title='bbox 3358 3338 3544 3410; x_wconf 77' lang='grc' dir='ltr'><strong>καιρὸν</strong></span> <span class='ocrx_word' id='word_1_362' title='bbox 3567 3334 3651 3390; x_wconf 78' lang='grc' dir='ltr'><strong>τοῦ</strong></span> <span class='ocrx_word' id='word_1_363' title='bbox 3676 3350 3757 3385; x_wconf 83' lang='grc' dir='ltr'><strong>σω·</strong></span> 
     </span>
    </p>
   </div>
   <div class='ocr_carea' id='block_1_49' title="bbox 536 3422 2113 3503">
    <p class='ocr_par' dir='ltr' id='par_1_49' title="bbox 536 3429 2113 3503">
     <span class='ocr_line' id='line_1_49' title="bbox 536 3429 2113 3503; baseline 0.003 -20"><span class='ocrx_word' id='word_1_364' title='bbox 536 3430 660 3485; x_wconf 90' lang='lat' dir='ltr'><strong>dem</strong></span> <span class='ocrx_word' id='word_1_365' title='bbox 695 3429 848 3485; x_wconf 86' lang='lat' dir='ltr'><strong>viros</strong></span> <span class='ocrx_word' id='word_1_366' title='bbox 875 3446 1063 3485; x_wconf 89' lang='lat' dir='ltr'><strong>secum</strong></span> <span class='ocrx_word' id='word_1_367' title='bbox 1105 3433 1429 3502; x_wconf 86' lang='lat' dir='ltr'><strong>assumpsit,</strong></span> <span class='ocrx_word' id='word_1_368' title='bbox 1476 3433 1668 3502; x_wconf 88' lang='lat' dir='ltr'><strong>eisque</strong></span> <span class='ocrx_word' id='word_1_369' title='bbox 1693 3439 1952 3503; x_wconf 88' lang='lat' dir='ltr'><strong>tanquam</strong></span> <span class='ocrx_word' id='word_1_370' title='bbox 1989 3433 2113 3489; x_wconf 82' lang='lat' dir='ltr'><strong>tide-</strong></span> 
     </span>
    </p>
   </div>
   <div class='ocr_carea' id='block_1_50' title="bbox 2215 3422 3757 3503">
    <p class='ocr_par' dir='ltr' id='par_1_50' title="bbox 2216 3422 3757 3502">
     <span class='ocr_line' id='line_1_50' title="bbox 2216 3422 3757 3502; baseline -0.005 -19"><span class='ocrx_word' id='word_1_371' title='bbox 2216 3429 2411 3502; x_wconf 83' lang='grc' dir='ltr'><strong>τηρίου</strong></span> <span class='ocrx_word' id='word_1_372' title='bbox 2441 3429 2645 3492; x_wconf 79' lang='grc' dir='ltr'><strong>πάθους</strong></span> <span class='ocrx_word' id='word_1_373' title='bbox 2664 3429 2791 3493; x_wconf 79' lang='grc' dir='ltr'><strong>τοὺς</strong></span> <span class='ocrx_word' id='word_1_374' title='bbox 2815 3429 3011 3493; x_wconf 70' lang='grc' dir='ltr'><strong>αὐτοὺς</strong></span> <span class='ocrx_word' id='word_1_375' title='bbox 3043 3429 3243 3501; x_wconf 76' lang='grc' dir='ltr'><strong>ἄνδρας</strong></span> <span class='ocrx_word' id='word_1_376' title='bbox 3263 3427 3609 3501; x_wconf 77' lang='grc' dir='ltr'><strong>παραλαϐὼν,</strong></span> <span class='ocrx_word' id='word_1_377' title='bbox 3635 3422 3757 3493; x_wconf 72' lang='grc' dir='ltr'><strong>ἐθάρ-</strong></span> 
     </span>
    </p>
   </div>
   <div class='ocr_carea' id='block_1_51' title="bbox 532 3499 2113 3597">
    <p class='ocr_par' dir='ltr' id='par_1_51' title="bbox 532 3499 2113 3597">
     <span class='ocr_line' id='line_1_51' title="bbox 532 3499 2113 3597; baseline 0.004 -22"><span class='ocrx_word' id='word_1_378' title='bbox 532 3523 677 3579; x_wconf 90' lang='lat' dir='ltr'><strong>tibus</strong></span> <span class='ocrx_word' id='word_1_379' title='bbox 707 3524 1282 3595; x_wconf 85' lang='lat' dir='ltr'><strong>constantissimisque</strong></span> <span class='ocrx_word' id='word_1_380' title='bbox 1302 3499 1597 3597; x_wconf 72' lang='lat' dir='ltr'><strong>discipulis</strong></span> <span class='ocrx_word' id='word_1_381' title='bbox 1626 3541 1734 3581; x_wconf 90' lang='lat' dir='ltr'><strong>non</strong></span> <span class='ocrx_word' id='word_1_382' title='bbox 1764 3499 1851 3582; x_wconf 83' lang='lat' dir='ltr'><strong>est</strong></span> <span class='ocrx_word' id='word_1_383' title='bbox 1905 3527 2113 3581; x_wconf 88' lang='lat' dir='ltr'><strong>veritus</strong></span> 
     </span>
    </p>
   </div>
   <div class='ocr_carea' id='block_1_52' title="bbox 2215 3499 3754 3597">
    <p class='ocr_par' dir='ltr' id='par_1_52' title="bbox 2222 3499 3754 3597">
     <span class='ocr_line' id='line_1_52' title="bbox 2222 3499 3754 3597; baseline -0.017 -3"><span class='ocrx_word' id='word_1_384' title='bbox 2222 3499 2388 3597; x_wconf 58' lang='lat' dir='ltr'><strong>am</strong></span> <span class='ocrx_word' id='word_1_385' title='bbox 2422 3522 2634 3585; x_wconf 68' lang='grc' dir='ltr'><strong>εἰπεῖν,</strong></span> <span class='ocrx_word' id='word_1_386' title='bbox 2676 3520 2753 3584; x_wconf 80' lang='grc' dir='ltr'><strong>ὡς</strong></span> <span class='ocrx_word' id='word_1_387' title='bbox 2782 3522 2993 3585; x_wconf 75' lang='grc' dir='ltr'><strong>πιστοῖς</strong></span> <span class='ocrx_word' id='word_1_388' title='bbox 3023 3499 3254 3592; x_wconf 77' lang='grc' dir='ltr'><strong>ἀνδράσι</strong></span> <span class='ocrx_word' id='word_1_389' title='bbox 3288 3499 3386 3575; x_wconf 64' lang='grc' dir='ltr'><strong>κάι</strong></span> <span class='ocrx_word' id='word_1_390' title='bbox 3416 3517 3754 3591; x_wconf 61' lang='lat' dir='ltr'><strong>sesumam-</strong></span> 
     </span>
    </p>
   </div>
   <div class='ocr_carea' id='block_1_53' title="bbox 533 3607 2113 3683">
    <p class='ocr_par' dir='ltr' id='par_1_53' title="bbox 533 3614 2113 3678">
     <span class='ocr_line' id='line_1_53' title="bbox 533 3614 2113 3678; baseline 0.003 -11"><span class='ocrx_word' id='word_1_391' title='bbox 533 3614 739 3678; x_wconf 90' lang='lat' dir='ltr'><strong>dicere,</strong></span> <span class='ocrx_word' id='word_1_392' title='bbox 779 3615 937 3669; x_wconf 80' lang='lat' dir='ltr'><strong>Nunc</strong></span> <span class='ocrx_word' id='word_1_393' title='bbox 971 3617 1154 3672; x_wconf 83' lang='lat' dir='ltr'><strong>anima</strong></span> <span class='ocrx_word' id='word_1_394' title='bbox 1180 3634 1295 3672; x_wconf 87' lang='lat' dir='ltr'><strong>mea</strong></span> <span class='ocrx_word' id='word_1_395' title='bbox 1324 3620 1537 3673; x_wconf 84' lang='lat' dir='ltr'><strong>turbata</strong></span> <span class='ocrx_word' id='word_1_396' title='bbox 1569 3620 1731 3674; x_wconf 75' lang='lat' dir='ltr'><strong>est&quot;.</strong></span> <span class='ocrx_word' id='word_1_397' title='bbox 1772 3617 1898 3673; x_wconf 72' lang='lat' dir='ltr'><strong>lizec</strong></span> <span class='ocrx_word' id='word_1_398' title='bbox 1933 3626 2113 3674; x_wconf 86' lang='lat' dir='ltr'><strong>autem</strong></span> 
     </span>
    </p>
   </div>
   <div class='ocr_carea' id='block_1_54' title="bbox 2215 3607 3757 3683">
    <p class='ocr_par' dir='ltr' id='par_1_54' title="bbox 2219 3607 3757 3683">
     <span class='ocr_line' id='line_1_54' title="bbox 2219 3607 3757 3683; baseline -0.009 -12"><span class='ocrx_word' id='word_1_399' title='bbox 2219 3615 2352 3671; x_wconf 73' lang='grc' dir='ltr'><strong>Νῦν</strong></span> <span class='ocrx_word' id='word_1_400' title='bbox 2379 3616 2420 3683; x_wconf 60' lang='lat' dir='ltr'><strong>vi</strong></span> <span class='ocrx_word' id='word_1_401' title='bbox 2457 3613 2628 3683; x_wconf 67' lang='grc' dir='ltr'><strong>ψυχή</strong></span> <span class='ocrx_word' id='word_1_402' title='bbox 2670 3631 2792 3682; x_wconf 81' lang='grc' dir='ltr'><strong>μου</strong></span> <span class='ocrx_word' id='word_1_403' title='bbox 2836 3612 3202 3681; x_wconf 76' lang='grc' dir='ltr'><strong>τετάρακται.</strong></span> <span class='ocrx_word' id='word_1_404' title='bbox 3241 3612 3431 3666; x_wconf 77' lang='grc' dir='ltr'><strong>Ταῦτα</strong></span> <span class='ocrx_word' id='word_1_405' title='bbox 3466 3612 3521 3665; x_wconf 81' lang='grc' dir='ltr'><strong>δέ</strong></span> <span class='ocrx_word' id='word_1_406' title='bbox 3556 3612 3674 3681; x_wconf 78' lang='grc' dir='ltr'><strong>ἡμῖν</strong></span> <span class='ocrx_word' id='word_1_407' title='bbox 3699 3607 3757 3658; x_wconf 76' lang='lat' dir='ltr'><strong>ri-</strong></span> 
     </span>
    </p>
   </div>
   <div class='ocr_carea' id='block_1_55' title="bbox 532 3698 2113 3798">
    <p class='ocr_par' dir='ltr' id='par_1_55' title="bbox 532 3707 2113 3783">
     <span class='ocr_line' id='line_1_55' title="bbox 532 3707 2113 3783; baseline 0.003 -22"><span class='ocrx_word' id='word_1_408' title='bbox 532 3722 564 3761; x_wconf 89' lang='lat' dir='ltr'><strong>a</strong></span> <span class='ocrx_word' id='word_1_409' title='bbox 596 3708 756 3763; x_wconf 88' lang='lat' dir='ltr'><strong>nobis</strong></span> <span class='ocrx_word' id='word_1_410' title='bbox 778 3707 927 3763; x_wconf 87' lang='lat' dir='ltr'><strong>dicta</strong></span> <span class='ocrx_word' id='word_1_411' title='bbox 957 3718 1107 3773; x_wconf 90' lang='lat' dir='ltr'><strong>sunt,</strong></span> <span class='ocrx_word' id='word_1_412' title='bbox 1141 3726 1251 3765; x_wconf 90' lang='lat' dir='ltr'><strong>non</strong></span> <span class='ocrx_word' id='word_1_413' title='bbox 1287 3720 1348 3766; x_wconf 89' lang='lat' dir='ltr'><strong>ut</strong></span> <span class='ocrx_word' id='word_1_414' title='bbox 1389 3713 1607 3768; x_wconf 68' lang='lat' dir='ltr'><strong>caeteris</strong></span> <span class='ocrx_word' id='word_1_415' title='bbox 1639 3715 1909 3783; x_wconf 86' lang='lat' dir='ltr'><strong>apostolis</strong></span> <span class='ocrx_word' id='word_1_416' title='bbox 1935 3713 2113 3766; x_wconf 88' lang='lat' dir='ltr'><strong>detra-</strong></span> 
     </span>
    </p>
   </div>
   <div class='ocr_carea' id='block_1_56' title="bbox 2215 3698 3756 3798">
    <p class='ocr_par' dir='ltr' id='par_1_56' title="bbox 2224 3698 3756 3779">
     <span class='ocr_line' id='line_1_56' title="bbox 2224 3698 3756 3779; baseline -0.007 -19"><span class='ocrx_word' id='word_1_417' title='bbox 2224 3723 2407 3779; x_wconf 82' lang='grc' dir='ltr'><strong>ρηται,</strong></span> <span class='ocrx_word' id='word_1_418' title='bbox 2442 3706 2541 3759; x_wconf 89' lang='grc' dir='ltr'><strong>οὐκ</strong></span> <span class='ocrx_word' id='word_1_419' title='bbox 2585 3706 2667 3768; x_wconf 88' lang='grc' dir='ltr'><strong>εἰς</strong></span> <span class='ocrx_word' id='word_1_420' title='bbox 2718 3703 3040 3774; x_wconf 87' lang='grc' dir='ltr'><strong>καθαίρεσιν</strong></span> <span class='ocrx_word' id='word_1_421' title='bbox 3086 3703 3195 3756; x_wconf 83' lang='grc' dir='ltr'><strong>τῶν</strong></span> <span class='ocrx_word' id='word_1_422' title='bbox 3234 3702 3443 3756; x_wconf 87' lang='grc' dir='ltr'><strong>λοιπῶν</strong></span> <span class='ocrx_word' id='word_1_423' title='bbox 3470 3698 3756 3759; x_wconf 58' lang='lat' dir='ltr'><strong>amnem»,</strong></span> 
     </span>
    </p>
   </div>
   <div class='ocr_carea' id='block_1_57' title="bbox 535 3790 2113 3872">
    <p class='ocr_par' dir='ltr' id='par_1_57' title="bbox 535 3796 2113 3872">
     <span class='ocr_line' id='line_1_57' title="bbox 535 3796 2113 3872; baseline 0.004 -21"><span class='ocrx_word' id='word_1_424' title='bbox 535 3796 752 3861; x_wconf 88' lang='lat' dir='ltr'><strong>hamus,</strong></span> <span class='ocrx_word' id='word_1_425' title='bbox 805 3798 903 3853; x_wconf 78' lang='lat' dir='ltr'><strong>sed</strong></span> <span class='ocrx_word' id='word_1_426' title='bbox 949 3799 1004 3852; x_wconf 90' lang='lat' dir='ltr'><strong>in</strong></span> <span class='ocrx_word' id='word_1_427' title='bbox 1045 3816 1235 3855; x_wconf 82' lang='lat' dir='ltr'><strong>eorum</strong></span> <span class='ocrx_word' id='word_1_428' title='bbox 1278 3802 1499 3857; x_wconf 85' lang='lat' dir='ltr'><strong>virtutis</strong></span> <span class='ocrx_word' id='word_1_429' title='bbox 1537 3804 1936 3865; x_wconf 88' lang='lat' dir='ltr'><strong>testimonium,</strong></span> <span class='ocrx_word' id='word_1_430' title='bbox 1979 3818 2113 3872; x_wconf 89' lang='lat' dir='ltr'><strong>quo-</strong></span> 
     </span>
    </p>
   </div>
   <div class='ocr_carea' id='block_1_58' title="bbox 2215 3790 3754 3872">
    <p class='ocr_par' dir='ltr' id='par_1_58' title="bbox 2220 3790 3754 3869">
     <span class='ocr_line' id='line_1_58' title="bbox 2220 3790 3754 3869; baseline -0.004 -17"><span class='ocrx_word' id='word_1_431' title='bbox 2220 3790 2336 3853; x_wconf 81' lang='grc' dir='ltr'><strong>ἁλλ’</strong></span> <span class='ocrx_word' id='word_1_432' title='bbox 2361 3798 2442 3861; x_wconf 84' lang='grc' dir='ltr'><strong>είς</strong></span> <span class='ocrx_word' id='word_1_433' title='bbox 2471 3795 2769 3869; x_wconf 86' lang='grc' dir='ltr'><strong>μαρτύριον</strong></span> <span class='ocrx_word' id='word_1_434' title='bbox 2795 3797 2895 3866; x_wconf 85' lang='grc' dir='ltr'><strong>τῆς</strong></span> <span class='ocrx_word' id='word_1_435' title='bbox 2917 3794 3027 3848; x_wconf 83' lang='grc' dir='ltr'><strong>τῶν</strong></span> <span class='ocrx_word' id='word_1_436' title='bbox 3060 3792 3545 3865; x_wconf 79' lang='grc' dir='ltr'><strong>μνημονευομένων</strong></span> <span class='ocrx_word' id='word_1_437' title='bbox 3574 3790 3754 3860; x_wconf 60' lang='grc' dir='ltr'><strong>ἀρετῆς</strong></span> 
     </span>
    </p>
   </div>
   <div class='ocr_carea' id='block_1_59' title="bbox 441 3873 2113 3962">
    <p class='ocr_par' dir='ltr' id='par_1_59' title="bbox 441 3873 2113 3962">
     <span class='ocr_line' id='line_1_59' title="bbox 441 3873 2113 3962; baseline 0.006 -21"><span class='ocrx_word' id='word_1_438' title='bbox 441 3873 461 3889; x_wconf 78' lang='grc'><em>’</em></span> <span class='ocrx_word' id='word_1_439' title='bbox 535 3905 656 3944; x_wconf 90' lang='lat' dir='ltr'><strong>rum</strong></span> <span class='ocrx_word' id='word_1_440' title='bbox 700 3890 862 3946; x_wconf 88' lang='lat' dir='ltr'><strong>hodie</strong></span> <span class='ocrx_word' id='word_1_441' title='bbox 916 3894 1237 3947; x_wconf 88' lang='lat' dir='ltr'><strong>memoriam</strong></span> <span class='ocrx_word' id='word_1_442' title='bbox 1283 3896 1673 3962; x_wconf 85' lang='lat' dir='ltr'><strong>celebramus;</strong></span> <span class='ocrx_word' id='word_1_443' title='bbox 1720 3903 1775 3950; x_wconf 89' lang='lat' dir='ltr'><strong>et</strong></span> <span class='ocrx_word' id='word_1_444' title='bbox 1830 3902 1890 3949; x_wconf 92' lang='lat' dir='ltr'><strong>ut</strong></span> <span class='ocrx_word' id='word_1_445' title='bbox 1932 3896 2113 3951; x_wconf 90' lang='lat' dir='ltr'><strong>verius</strong></span> 
     </span>
    </p>
   </div>
   <div class='ocr_carea' id='block_1_60' title="bbox 2215 3873 3758 3962">
    <p class='ocr_par' dir='ltr' id='par_1_60' title="bbox 2218 3882 3758 3960">
     <span class='ocr_line' id='line_1_60' title="bbox 2218 3882 3758 3960; baseline -0.007 -16"><span class='ocrx_word' id='word_1_446' title='bbox 2218 3890 2270 3943; x_wconf 83' lang='grc' dir='ltr'><strong>εί</strong></span> <span class='ocrx_word' id='word_1_447' title='bbox 2304 3889 2361 3944; x_wconf 77' lang='grc' dir='ltr'><strong>δέ</strong></span> <span class='ocrx_word' id='word_1_448' title='bbox 2395 3888 2476 3943; x_wconf 83' lang='grc' dir='ltr'><strong>δεῖ</strong></span> <span class='ocrx_word' id='word_1_449' title='bbox 2502 3888 2812 3960; x_wconf 82' lang='grc' dir='ltr'><strong>φιλαλήθως</strong></span> <span class='ocrx_word' id='word_1_450' title='bbox 2839 3888 3035 3951; x_wconf 69' lang='grc' dir='ltr'><strong>εἰπεῖν,</strong></span> <span class='ocrx_word' id='word_1_451' title='bbox 3070 3887 3165 3941; x_wconf 78' lang='grc' dir='ltr'><strong>καὶ</strong></span> <span class='ocrx_word' id='word_1_452' title='bbox 3197 3887 3281 3950; x_wconf 85' lang='grc' dir='ltr'><strong>είς</strong></span> <span class='ocrx_word' id='word_1_453' title='bbox 3330 3884 3508 3941; x_wconf 85' lang='grc' dir='ltr'><strong>κοινδν</strong></span> <span class='ocrx_word' id='word_1_454' title='bbox 3531 3883 3630 3938; x_wconf 80' lang='grc' dir='ltr'><strong>τῶν</strong></span> <span class='ocrx_word' id='word_1_455' title='bbox 3654 3882 3758 3935; x_wconf 76' lang='grc' dir='ltr'><strong>ἀπο·</strong></span> 
     </span>
    </p>
   </div>
   <div class='ocr_carea' id='block_1_61' title="bbox 534 3973 2113 4058">
    <p class='ocr_par' dir='ltr' id='par_1_61' title="bbox 534 3979 2113 4058">
     <span class='ocr_line' id='line_1_61' title="bbox 534 3979 2113 4058; baseline 0.004 -23"><span class='ocrx_word' id='word_1_456' title='bbox 534 3979 715 4036; x_wconf 87' lang='lat' dir='ltr'><strong>dicam</strong></span> <span class='ocrx_word' id='word_1_457' title='bbox 747 3982 802 4036; x_wconf 90' lang='lat' dir='ltr'><strong>in</strong></span> <span class='ocrx_word' id='word_1_458' title='bbox 832 3996 1177 4040; x_wconf 90' lang='lat' dir='ltr'><strong>communem</strong></span> <span class='ocrx_word' id='word_1_459' title='bbox 1208 4001 1431 4056; x_wconf 88' lang='lat' dir='ltr'><strong>quoque</strong></span> <span class='ocrx_word' id='word_1_460' title='bbox 1465 3988 1842 4058; x_wconf 88' lang='lat' dir='ltr'><strong>apostolorum</strong></span> <span class='ocrx_word' id='word_1_461' title='bbox 1868 3987 2113 4043; x_wconf 88' lang='lat' dir='ltr'><strong>onmium</strong></span> 
     </span>
    </p>
   </div>
   <div class='ocr_carea' id='block_1_62' title="bbox 2215 3973 3759 4058">
    <p class='ocr_par' dir='ltr' id='par_1_62' title="bbox 2220 3973 3759 4052">
     <span class='ocr_line' id='line_1_62' title="bbox 2220 3973 3759 4052; baseline -0.009 -15"><span class='ocrx_word' id='word_1_462' title='bbox 2220 3983 2425 4037; x_wconf 89' lang='grc' dir='ltr'><strong>στόλων</strong></span> <span class='ocrx_word' id='word_1_463' title='bbox 2457 3983 2733 4052; x_wconf 84' lang='grc' dir='ltr'><strong>ἐγκώμιον</strong></span> <span class='ocrx_word' id='word_1_464' title='bbox 2752 3998 2767 4013; x_wconf 85' lang='grc'><strong>·</strong></span> <span class='ocrx_word' id='word_1_465' title='bbox 2799 3981 2861 4035; x_wconf 79' lang='grc' dir='ltr'><strong>τὸ</strong></span> <span class='ocrx_word' id='word_1_466' title='bbox 2883 3980 2994 4052; x_wconf 76' lang='grc' dir='ltr'><strong>γὰρ</strong></span> <span class='ocrx_word' id='word_1_467' title='bbox 3019 3979 3297 4052; x_wconf 71' lang='grc' dir='ltr'><strong>ὑπεροχὰς</strong></span> <span class='ocrx_word' id='word_1_468' title='bbox 3324 3980 3421 4034; x_wconf 76' lang='grc' dir='ltr'><strong>καὶ</strong></span> <span class='ocrx_word' id='word_1_469' title='bbox 3439 3977 3692 4035; x_wconf 78' lang='grc' dir='ltr'><strong>ἐπιϐάσεις</strong></span> <span class='ocrx_word' id='word_1_470' title='bbox 3715 3973 3759 4022; x_wconf 76' lang='grc' dir='ltr'><strong>ἐν</strong></span> 
     </span>
    </p>
   </div>
   <div class='ocr_carea' id='block_1_63' title="bbox 534 4065 2113 4150">
    <p class='ocr_par' dir='ltr' id='par_1_63' title="bbox 534 4070 2113 4150">
     <span class='ocr_line' id='line_1_63' title="bbox 534 4070 2113 4150; baseline 0.004 -21"><span class='ocrx_word' id='word_1_471' title='bbox 534 4075 749 4130; x_wconf 85' lang='lat' dir='ltr'><strong>laudem</strong></span> <span class='ocrx_word' id='word_1_472' title='bbox 795 4089 968 4129; x_wconf 85' lang='lat' dir='ltr'><strong>:nam</strong></span> <span class='ocrx_word' id='word_1_473' title='bbox 1027 4075 1098 4132; x_wconf 89' lang='lat' dir='ltr'><strong>de</strong></span> <span class='ocrx_word' id='word_1_474' title='bbox 1150 4070 1470 4132; x_wconf 82' lang='lat' dir='ltr'><strong>sanctorum</strong></span> <span class='ocrx_word' id='word_1_475' title='bbox 1529 4079 1891 4144; x_wconf 76' lang='lat' dir='ltr'><strong>excellentia,</strong></span> <span class='ocrx_word' id='word_1_476' title='bbox 1939 4078 2113 4150; x_wconf 84' lang='lat' dir='ltr'><strong>deque</strong></span> 
     </span>
    </p>
   </div>
   <div class='ocr_carea' id='block_1_64' title="bbox 2215 4065 3758 4150">
    <p class='ocr_par' dir='ltr' id='par_1_64' title="bbox 2216 4065 3758 4145">
     <span class='ocr_line' id='line_1_64' title="bbox 2216 4065 3758 4145; baseline -0.01 -13"><span class='ocrx_word' id='word_1_477' title='bbox 2216 4078 2333 4142; x_wconf 85' lang='grc' dir='ltr'><strong>τοῖς</strong></span> <span class='ocrx_word' id='word_1_478' title='bbox 2360 4077 2538 4145; x_wconf 84' lang='grc' dir='ltr'><strong>ἁγίοις</strong></span> <span class='ocrx_word' id='word_1_479' title='bbox 2564 4072 2842 4145; x_wconf 83' lang='grc' dir='ltr'><strong>ὁρίζεσθαι</strong></span> <span class='ocrx_word' id='word_1_480' title='bbox 2865 4113 2880 4139; x_wconf 92' lang='grc'><strong>,</strong></span> <span class='ocrx_word' id='word_1_481' title='bbox 2908 4074 3009 4127; x_wconf 88' lang='grc' dir='ltr'><strong>οὐκ</strong></span> <span class='ocrx_word' id='word_1_482' title='bbox 3039 4073 3391 4144; x_wconf 79' lang='grc' dir='ltr'><strong>ἀνθρωπίνης</strong></span> <span class='ocrx_word' id='word_1_483' title='bbox 3431 4070 3497 4126; x_wconf 81' lang='grc' dir='ltr'><strong>ἂν</strong></span> <span class='ocrx_word' id='word_1_484' title='bbox 3577 4068 3758 4133; x_wconf 72' lang='grc' dir='ltr'><strong>δοκιμα-</strong></span> 
     </span>
    </p>
   </div>
   <div class='ocr_carea' id='block_1_65' title="bbox 534 4151 2113 4257">
    <p class='ocr_par' dir='ltr' id='par_1_65' title="bbox 534 4166 2113 4243">
     <span class='ocr_line' id='line_1_65' title="bbox 534 4166 2113 4243; baseline 0.002 -20"><span class='ocrx_word' id='word_1_485' title='bbox 534 4181 725 4223; x_wconf 86' lang='lat' dir='ltr'><strong>eorum</strong></span> <span class='ocrx_word' id='word_1_486' title='bbox 775 4166 1155 4224; x_wconf 70' lang='lat' dir='ltr'><strong>sanctimonia:</strong></span> <span class='ocrx_word' id='word_1_487' title='bbox 1196 4170 1462 4241; x_wconf 82' lang='lat' dir='ltr'><strong>gradibus</strong></span> <span class='ocrx_word' id='word_1_488' title='bbox 1510 4170 1794 4243; x_wconf 81' lang='lat' dir='ltr'><strong>quidpiam</strong></span> <span class='ocrx_word' id='word_1_489' title='bbox 1846 4179 2113 4240; x_wconf 82' lang='lat' dir='ltr'><strong>statuere,</strong></span> 
     </span>
    </p>
   </div>
   <div class='ocr_carea' id='block_1_66' title="bbox 2215 4151 3759 4257">
    <p class='ocr_par' dir='ltr' id='par_1_66' title="bbox 2220 4151 3759 4257">
     <span class='ocr_line' id='line_1_66' title="bbox 2220 4151 3759 4257; baseline -0.006 -32"><span class='ocrx_word' id='word_1_490' title='bbox 2220 4170 2344 4234; x_wconf 90' lang='grc' dir='ltr'><strong>σίας</strong></span> <span class='ocrx_word' id='word_1_491' title='bbox 2365 4209 2379 4230; x_wconf 87' lang='grc'><strong>,</strong></span> <span class='ocrx_word' id='word_1_492' title='bbox 2409 4168 2526 4223; x_wconf 79' lang='grc' dir='ltr'><strong>ἀλλ’</strong></span> <span class='ocrx_word' id='word_1_493' title='bbox 2551 4165 2881 4237; x_wconf 86' lang='grc' dir='ltr'><strong>ἐπικρίσεως</strong></span> <span class='ocrx_word' id='word_1_494' title='bbox 2908 4165 3003 4219; x_wconf 74' lang='grc' dir='ltr'><strong>καὶ</strong></span> <span class='ocrx_word' id='word_1_495' title='bbox 3053 4164 3318 4235; x_wconf 84' lang='grc' dir='ltr'><strong>ἀληθείας</strong></span> <span class='ocrx_word' id='word_1_496' title='bbox 3348 4161 3502 4216; x_wconf 77' lang='grc' dir='ltr'><strong>Θεοῦ.</strong></span> <span class='ocrx_word' id='word_1_497' title='bbox 3546 4151 3759 4257; x_wconf 61' lang='grc' dir='ltr'><strong>Ἦμᾶςξὲ</strong></span> 
     </span>
    </p>
   </div>
   <div class='ocr_carea' id='block_1_67' title="bbox 533 4254 2113 4334">
    <p class='ocr_par' dir='ltr' id='par_1_67' title="bbox 533 4259 2113 4333">
     <span class='ocr_line' id='line_1_67' title="bbox 533 4259 2113 4333; baseline 0.006 -21"><span class='ocrx_word' id='word_1_498' title='bbox 533 4259 788 4313; x_wconf 70' lang='lat' dir='ltr'><strong>humana:</strong></span> <span class='ocrx_word' id='word_1_499' title='bbox 813 4259 1146 4329; x_wconf 86' lang='lat' dir='ltr'><strong>cognitionis</strong></span> <span class='ocrx_word' id='word_1_500' title='bbox 1178 4276 1284 4316; x_wconf 91' lang='lat' dir='ltr'><strong>non</strong></span> <span class='ocrx_word' id='word_1_501' title='bbox 1308 4271 1413 4327; x_wconf 87' lang='lat' dir='ltr'><strong>est,</strong></span> <span class='ocrx_word' id='word_1_502' title='bbox 1440 4263 1537 4320; x_wconf 86' lang='lat' dir='ltr'><strong>sed</strong></span> <span class='ocrx_word' id='word_1_503' title='bbox 1560 4263 1755 4333; x_wconf 84' lang='lat' dir='ltr'><strong>judicii</strong></span> <span class='ocrx_word' id='word_1_504' title='bbox 1783 4264 1976 4320; x_wconf 88' lang='lat' dir='ltr'><strong>divini.</strong></span> <span class='ocrx_word' id='word_1_505' title='bbox 2006 4264 2113 4321; x_wconf 87' lang='lat' dir='ltr'><strong>Nos</strong></span> 
     </span>
    </p>
   </div>
   <div class='ocr_carea' id='block_1_68' title="bbox 2215 4254 3758 4334">
    <p class='ocr_par' dir='ltr' id='par_1_68' title="bbox 2224 4254 3758 4334">
     <span class='ocr_line' id='line_1_68' title="bbox 2224 4254 3758 4334; baseline -0.012 -19"><span class='ocrx_word' id='word_1_506' title='bbox 2224 4262 2467 4334; x_wconf 83' lang='grc' dir='ltr'><strong>μνήμαις</strong></span> <span class='ocrx_word' id='word_1_507' title='bbox 2497 4259 2758 4313; x_wconf 79' lang='grc' dir='ltr'><strong>τοιούτων</strong></span> <span class='ocrx_word' id='word_1_508' title='bbox 2794 4258 2891 4312; x_wconf 79' lang='grc' dir='ltr'><strong>καὶ</strong></span> <span class='ocrx_word' id='word_1_509' title='bbox 2921 4254 3256 4327; x_wconf 81' lang='grc' dir='ltr'><strong>τηλικούτων</strong></span> <span class='ocrx_word' id='word_1_510' title='bbox 3290 4254 3502 4325; x_wconf 81' lang='grc' dir='ltr'><strong>ἀνδρῶν</strong></span> <span class='ocrx_word' id='word_1_511' title='bbox 3528 4254 3758 4306; x_wconf 77' lang='grc' dir='ltr'><strong>κοινωνεῖν</strong></span> 
     </span>
    </p>
   </div>
   <div class='ocr_carea' id='block_1_69' title="bbox 532 4335 2113 4426">
    <p class='ocr_par' dir='ltr' id='par_1_69' title="bbox 532 4351 2113 4426">
     <span class='ocr_line' id='line_1_69' title="bbox 532 4351 2113 4426; baseline 0.004 -21"><span class='ocrx_word' id='word_1_512' title='bbox 532 4361 715 4406; x_wconf 84' lang='lat' dir='ltr'><strong>autem</strong></span> <span class='ocrx_word' id='word_1_513' title='bbox 749 4351 842 4421; x_wconf 90' lang='lat' dir='ltr'><strong>qui</strong></span> <span class='ocrx_word' id='word_1_514' title='bbox 881 4352 1031 4422; x_wconf 89' lang='lat' dir='ltr'><strong>digni</strong></span> <span class='ocrx_word' id='word_1_515' title='bbox 1069 4352 1199 4409; x_wconf 87' lang='lat' dir='ltr'><strong>facti</strong></span> <span class='ocrx_word' id='word_1_516' title='bbox 1247 4371 1464 4419; x_wconf 89' lang='lat' dir='ltr'><strong>sumus,</strong></span> <span class='ocrx_word' id='word_1_517' title='bbox 1497 4364 1558 4411; x_wconf 87' lang='lat' dir='ltr'><strong>ut</strong></span> <span class='ocrx_word' id='word_1_518' title='bbox 1602 4363 1684 4411; x_wconf 83' lang='lat' dir='ltr'><strong>tot</strong></span> <span class='ocrx_word' id='word_1_519' title='bbox 1723 4363 2113 4426; x_wconf 87' lang='lat' dir='ltr'><strong>tantorumque</strong></span> 
     </span>
    </p>
   </div>
   <div class='ocr_carea' id='block_1_70' title="bbox 2215 4335 3759 4426">
    <p class='ocr_par' dir='ltr' id='par_1_70' title="bbox 2225 4335 3759 4425">
     <span class='ocr_line' id='line_1_70' title="bbox 2225 4335 3759 4425; baseline -0.015 -14"><span class='ocrx_word' id='word_1_520' title='bbox 2225 4355 2561 4422; x_wconf 81' lang='grc' dir='ltr'><strong>ἀξιωθέντας</strong></span> <span class='ocrx_word' id='word_1_521' title='bbox 2579 4396 2595 4420; x_wconf 92' lang='grc'><strong>,</strong></span> <span class='ocrx_word' id='word_1_522' title='bbox 2637 4354 2979 4425; x_wconf 77' lang='grc' dir='ltr'><strong>εὐχαριστεῖν</strong></span> <span class='ocrx_word' id='word_1_523' title='bbox 3010 4351 3308 4418; x_wconf 84' lang='grc' dir='ltr'><strong>ἀναγκαῖον</strong></span> <span class='ocrx_word' id='word_1_524' title='bbox 3331 4389 3348 4415; x_wconf 83' lang='grc'><strong>,</strong></span> <span class='ocrx_word' id='word_1_525' title='bbox 3376 4349 3474 4417; x_wconf 84' lang='grc' dir='ltr'><strong>οὐχ</strong></span> <span class='ocrx_word' id='word_1_526' title='bbox 3510 4347 3623 4398; x_wconf 79' lang='grc' dir='ltr'><strong>ὅσον</strong></span> <span class='ocrx_word' id='word_1_527' title='bbox 3645 4335 3759 4405; x_wconf 66' lang='grc' dir='ltr'><strong>ὀφεί-</strong></span> 
     </span>
    </p>
   </div>
   <div class='ocr_carea' id='block_1_71' title="bbox 535 4432 2113 4520">
    <p class='ocr_par' dir='ltr' id='par_1_71' title="bbox 535 4443 2113 4520">
     <span class='ocr_line' id='line_1_71' title="bbox 535 4443 2113 4520; baseline 0.004 -24"><span class='ocrx_word' id='word_1_528' title='bbox 535 4443 778 4497; x_wconf 76' lang='lat' dir='ltr'><strong>virorum</strong></span> <span class='ocrx_word' id='word_1_529' title='bbox 829 4446 1105 4500; x_wconf 64' lang='lat' dir='ltr'><strong>memoriae</strong></span> <span class='ocrx_word' id='word_1_530' title='bbox 1158 4450 1664 4513; x_wconf 85' lang='lat' dir='ltr'><strong>communicemus,</strong></span> <span class='ocrx_word' id='word_1_531' title='bbox 1725 4448 1936 4520; x_wconf 86' lang='lat' dir='ltr'><strong>gratias</strong></span> <span class='ocrx_word' id='word_1_532' title='bbox 1984 4448 2113 4518; x_wconf 83' lang='lat' dir='ltr'><strong>ipsis</strong></span> 
     </span>
    </p>
   </div>
   <div class='ocr_carea' id='block_1_72' title="bbox 2215 4432 3757 4520">
    <p class='ocr_par' dir='ltr' id='par_1_72' title="bbox 2224 4432 3757 4520">
     <span class='ocr_line' id='line_1_72' title="bbox 2224 4432 3757 4520; baseline -0.011 -20"><span class='ocrx_word' id='word_1_533' title='bbox 2224 4448 2423 4517; x_wconf 86' lang='grc' dir='ltr'><strong>λομεν,</strong></span> <span class='ocrx_word' id='word_1_534' title='bbox 2474 4446 2633 4499; x_wconf 81' lang='grc' dir='ltr'><strong>τοῦτο</strong></span> <span class='ocrx_word' id='word_1_535' title='bbox 2681 4444 2790 4516; x_wconf 82' lang='grc' dir='ltr'><strong>γὰρ</strong></span> <span class='ocrx_word' id='word_1_536' title='bbox 2839 4442 3134 4504; x_wconf 83' lang='grc' dir='ltr'><strong>ἀδύνατον,</strong></span> <span class='ocrx_word' id='word_1_537' title='bbox 3184 4440 3302 4494; x_wconf 82' lang='grc' dir='ltr'><strong>ἀλλ’</strong></span> <span class='ocrx_word' id='word_1_538' title='bbox 3352 4441 3476 4494; x_wconf 81' lang='grc' dir='ltr'><strong>ὅσον</strong></span> <span class='ocrx_word' id='word_1_539' title='bbox 3527 4432 3757 4520; x_wconf 59' lang='lat' dir='ltr'><strong>[quova</strong></span> 
     </span>
    </p>
   </div>
   <div class='ocr_carea' id='block_1_73' title="bbox 535 4517 2113 4608">
    <p class='ocr_par' dir='ltr' id='par_1_73' title="bbox 535 4540 2113 4608">
     <span class='ocr_line' id='line_1_73' title="bbox 535 4540 2113 4608; baseline 0.006 -22"><span class='ocrx_word' id='word_1_540' title='bbox 535 4548 697 4601; x_wconf 71' lang='lat' dir='ltr'><strong>agerc</strong></span> <span class='ocrx_word' id='word_1_541' title='bbox 732 4548 961 4590; x_wconf 87' lang='lat' dir='ltr'><strong>necesse</strong></span> <span class='ocrx_word' id='word_1_542' title='bbox 986 4547 1094 4600; x_wconf 89' lang='lat' dir='ltr'><strong>est,</strong></span> <span class='ocrx_word' id='word_1_543' title='bbox 1126 4554 1236 4593; x_wconf 88' lang='lat' dir='ltr'><strong>non</strong></span> <span class='ocrx_word' id='word_1_544' title='bbox 1261 4548 1499 4608; x_wconf 86' lang='lat' dir='ltr'><strong>quantas</strong></span> <span class='ocrx_word' id='word_1_545' title='bbox 1525 4540 1813 4601; x_wconf 88' lang='lat' dir='ltr'><strong>debemus.</strong></span> <span class='ocrx_word' id='word_1_546' title='bbox 1841 4540 1946 4596; x_wconf 91' lang='lat' dir='ltr'><strong>hoc</strong></span> <span class='ocrx_word' id='word_1_547' title='bbox 1972 4541 2113 4596; x_wconf 90' lang='lat' dir='ltr'><strong>enim</strong></span> 
     </span>
    </p>
   </div>
   <div class='ocr_carea' id='block_1_74' title="bbox 2215 4517 3757 4608">
    <p class='ocr_par' dir='ltr' id='par_1_74' title="bbox 2222 4517 3757 4608">
     <span class='ocr_line' id='line_1_74' title="bbox 2222 4517 3757 4608; baseline -0.007 -16"><span class='ocrx_word' id='word_1_548' title='bbox 2222 4538 2385 4592; x_wconf 81' lang='grc' dir='ltr'><strong>τοῦτο</strong></span> <span class='ocrx_word' id='word_1_549' title='bbox 2430 4538 2540 4608; x_wconf 79' lang='grc' dir='ltr'><strong>γὰρ</strong></span> <span class='ocrx_word' id='word_1_550' title='bbox 2588 4535 2969 4592; x_wconf 85' lang='grc' dir='ltr'><strong>εὐαπόδεκτον.</strong></span> <span class='ocrx_word' id='word_1_551' title='bbox 3019 4531 3337 4587; x_wconf 82' lang='grc' dir='ltr'><strong>’Δπαιτοῦσι</strong></span> <span class='ocrx_word' id='word_1_552' title='bbox 3391 4531 3451 4585; x_wconf 76' lang='grc' dir='ltr'><strong>δέ</strong></span> <span class='ocrx_word' id='word_1_553' title='bbox 3500 4526 3680 4583; x_wconf 71' lang='grc' dir='ltr'><strong>ταύτας</strong></span> <span class='ocrx_word' id='word_1_554' title='bbox 3720 4517 3757 4568; x_wconf 77' lang='grc' dir='ltr'><strong>οί</strong></span> 
     </span>
    </p>
   </div>
   <div class='ocr_carea' id='block_1_75' title="bbox 532 4616 2113 4719">
    <p class='ocr_par' dir='ltr' id='par_1_75' title="bbox 532 4626 2113 4702">
     <span class='ocr_line' id='line_1_75' title="bbox 532 4626 2113 4702; baseline 0.005 -22"><span class='ocrx_word' id='word_1_555' title='bbox 532 4626 650 4682; x_wconf 86' lang='lat' dir='ltr'><strong>tieri</strong></span> <span class='ocrx_word' id='word_1_556' title='bbox 697 4627 908 4696; x_wconf 89' lang='lat' dir='ltr'><strong>nequit,</strong></span> <span class='ocrx_word' id='word_1_557' title='bbox 944 4629 1039 4683; x_wconf 87' lang='lat' dir='ltr'><strong>sed</strong></span> <span class='ocrx_word' id='word_1_558' title='bbox 1084 4639 1320 4699; x_wconf 85' lang='lat' dir='ltr'><strong>quantas</strong></span> <span class='ocrx_word' id='word_1_559' title='bbox 1366 4648 1696 4702; x_wconf 84' lang='lat' dir='ltr'><strong>possumus;</strong></span> <span class='ocrx_word' id='word_1_560' title='bbox 1748 4648 1873 4687; x_wconf 91' lang='lat' dir='ltr'><strong>nam</strong></span> <span class='ocrx_word' id='word_1_561' title='bbox 1921 4645 1974 4688; x_wconf 87' lang='lat' dir='ltr'><strong>et</strong></span> <span class='ocrx_word' id='word_1_562' title='bbox 2015 4633 2113 4687; x_wconf 85' lang='lat' dir='ltr'><strong>hoc</strong></span> 
     </span>
    </p>
   </div>
   <div class='ocr_carea' id='block_1_76' title="bbox 2215 4616 3758 4719">
    <p class='ocr_par' dir='ltr' id='par_1_76' title="bbox 2226 4616 3758 4719">
     <span class='ocr_line' id='line_1_76' title="bbox 2226 4616 3758 4719; baseline -0.009 -36"><span class='ocrx_word' id='word_1_563' title='bbox 2226 4631 2370 4698; x_wconf 84' lang='grc' dir='ltr'><strong>ἆγιοι</strong></span> <span class='ocrx_word' id='word_1_564' title='bbox 2402 4628 2533 4699; x_wconf 78' lang='grc' dir='ltr'><strong>παρ’</strong></span> <span class='ocrx_word' id='word_1_565' title='bbox 2572 4626 2729 4697; x_wconf 76' lang='grc' dir='ltr'><strong>ἡμῶν</strong></span> <span class='ocrx_word' id='word_1_566' title='bbox 2756 4626 2857 4689; x_wconf 78' lang='grc' dir='ltr'><strong>τὰς</strong></span> <span class='ocrx_word' id='word_1_567' title='bbox 2890 4624 3060 4695; x_wconf 75' lang='grc' dir='ltr'><strong>τιμάς</strong></span> <span class='ocrx_word' id='word_1_568' title='bbox 3083 4665 3099 4689; x_wconf 93' lang='grc'><strong>,</strong></span> <span class='ocrx_word' id='word_1_569' title='bbox 3131 4624 3230 4694; x_wconf 84' lang='grc' dir='ltr'><strong>οὐχ</strong></span> <span class='ocrx_word' id='word_1_570' title='bbox 3259 4623 3347 4676; x_wconf 85' lang='grc' dir='ltr'><strong>ῖνα</strong></span> <span class='ocrx_word' id='word_1_571' title='bbox 3379 4639 3434 4719; x_wconf 74' lang='grc' dir='ltr'><strong>τι</strong></span> 
     </span>
    </p>
   </div>
   <div class='ocr_carea' id='block_1_77' title="bbox 534 4712 2113 4813">
    <p class='ocr_par' dir='ltr' id='par_1_77' title="bbox 534 4719 2113 4789">
     <span class='ocr_line' id='line_1_77' title="bbox 534 4719 2113 4789; baseline 0.006 -17"><span class='ocrx_word' id='word_1_572' title='bbox 534 4727 823 4789; x_wconf 87' lang='lat' dir='ltr'><strong>acceptum</strong></span> <span class='ocrx_word' id='word_1_573' title='bbox 863 4730 967 4774; x_wconf 89' lang='lat' dir='ltr'><strong>est.</strong></span> <span class='ocrx_word' id='word_1_574' title='bbox 1004 4719 1285 4789; x_wconf 81' lang='lat' dir='ltr'><strong>Siquidem</strong></span> <span class='ocrx_word' id='word_1_575' title='bbox 1322 4725 1500 4780; x_wconf 82' lang='lat' dir='ltr'><strong>sancti</strong></span> <span class='ocrx_word' id='word_1_576' title='bbox 1552 4726 1652 4780; x_wconf 82' lang='lat' dir='ltr'><strong>hos</strong></span> <span class='ocrx_word' id='word_1_577' title='bbox 1684 4740 1715 4780; x_wconf 87' lang='lat' dir='ltr'><strong>a</strong></span> <span class='ocrx_word' id='word_1_578' title='bbox 1751 4726 1910 4782; x_wconf 84' lang='lat' dir='ltr'><strong>nobis</strong></span> <span class='ocrx_word' id='word_1_579' title='bbox 1947 4727 2113 4781; x_wconf 77' lang='lat' dir='ltr'><strong>huth-</strong></span> 
     </span>
    </p>
   </div>
   <div class='ocr_carea' id='block_1_78' title="bbox 2215 4712 3758 4813">
    <p class='ocr_par' dir='ltr' id='par_1_78' title="bbox 2223 4712 3758 4813">
     <span class='ocr_line' id='line_1_78' title="bbox 2223 4712 3758 4813; baseline -0.015 -36"><span class='ocrx_word' id='word_1_580' title='bbox 2223 4723 2658 4791; x_wconf 79' lang='grc' dir='ltr'><strong>εὐφημούμενοι,</strong></span> <span class='ocrx_word' id='word_1_581' title='bbox 2698 4716 2811 4771; x_wconf 76' lang='grc' dir='ltr'><strong>ἀλλ’</strong></span> <span class='ocrx_word' id='word_1_582' title='bbox 2859 4717 2945 4770; x_wconf 82' lang='grc' dir='ltr'><strong>ἵνα</strong></span> <span class='ocrx_word' id='word_1_583' title='bbox 2995 4716 3154 4787; x_wconf 81' lang='grc' dir='ltr'><strong>ἡμεῖς</strong></span> <span class='ocrx_word' id='word_1_584' title='bbox 3198 4712 3610 4811; x_wconf 68' lang='grc' dir='ltr'><strong>κοινωνήσωμεν</strong></span> <span class='ocrx_word' id='word_1_585' title='bbox 3645 4712 3758 4813; x_wconf 49' lang='lat' dir='ltr'><strong>stip-</strong></span> 
     </span>
    </p>
   </div>
   <div class='ocr_carea' id='block_1_79' title="bbox 533 4788 2113 4899">
    <p class='ocr_par' dir='ltr' id='par_1_79' title="bbox 533 4815 2113 4885">
     <span class='ocr_line' id='line_1_79' title="bbox 533 4815 2113 4885; baseline 0.006 -20"><span class='ocrx_word' id='word_1_586' title='bbox 533 4828 621 4868; x_wconf 88' lang='lat' dir='ltr'><strong>res</strong></span> <span class='ocrx_word' id='word_1_587' title='bbox 669 4821 1003 4880; x_wconf 81' lang='lat' dir='ltr'><strong>exposcunt,</strong></span> <span class='ocrx_word' id='word_1_588' title='bbox 1055 4827 1165 4867; x_wconf 85' lang='lat' dir='ltr'><strong>non</strong></span> <span class='ocrx_word' id='word_1_589' title='bbox 1216 4824 1273 4868; x_wconf 90' lang='lat' dir='ltr'><strong>ut</strong></span> <span class='ocrx_word' id='word_1_590' title='bbox 1325 4815 1457 4885; x_wconf 88' lang='lat' dir='ltr'><strong>quid</strong></span> <span class='ocrx_word' id='word_1_591' title='bbox 1513 4818 1789 4872; x_wconf 87' lang='lat' dir='ltr'><strong>commodi</strong></span> <span class='ocrx_word' id='word_1_592' title='bbox 1839 4819 2046 4873; x_wconf 86' lang='lat' dir='ltr'><strong>nostris</strong></span> <span class='ocrx_word' id='word_1_593' title='bbox 2084 4834 2113 4874; x_wconf 90' lang='lat' dir='ltr'><strong>c</strong></span> 
     </span>
    </p>
   </div>
   <div class='ocr_carea' id='block_1_80' title="bbox 2215 4788 3757 4899">
    <p class='ocr_par' dir='ltr' id='par_1_80' title="bbox 2220 4788 3757 4899">
     <span class='ocr_line' id='line_1_80' title="bbox 2220 4788 3757 4899; baseline -0.016 -31"><span class='ocrx_word' id='word_1_594' title='bbox 2220 4788 2555 4883; x_wconf 73' lang='grc' dir='ltr'><strong>γετούμενοι.</strong></span> <span class='ocrx_word' id='word_1_595' title='bbox 2603 4812 2810 4864; x_wconf 77' lang='grc' dir='ltr'><strong>Ἐκεῖνο</strong></span> <span class='ocrx_word' id='word_1_596' title='bbox 2863 4809 2919 4862; x_wconf 83' lang='grc' dir='ltr'><strong>δὲ</strong></span> <span class='ocrx_word' id='word_1_597' title='bbox 2963 4808 3126 4862; x_wconf 84' lang='grc' dir='ltr'><strong>πάλιν</strong></span> <span class='ocrx_word' id='word_1_598' title='bbox 3177 4805 3369 4859; x_wconf 85' lang='grc' dir='ltr'><strong>οὐδένα</strong></span> <span class='ocrx_word' id='word_1_599' title='bbox 3418 4800 3525 4855; x_wconf 86' lang='grc' dir='ltr'><strong>τῶν</strong></span> <span class='ocrx_word' id='word_1_600' title='bbox 3563 4788 3757 4899; x_wconf 33' lang='lat' dir='ltr'><strong>suae?”</strong></span> 
     </span>
    </p>
   </div>
   <div class='ocr_carea' id='block_1_81' title="bbox 532 4881 2113 4975">
    <p class='ocr_par' dir='ltr' id='par_1_81' title="bbox 532 4881 2113 4966">
     <span class='ocr_line' id='line_1_81' title="bbox 532 4881 2113 4966; baseline 0.005 -11"><span class='ocrx_word' id='word_1_601' title='bbox 532 4901 788 4958; x_wconf 76' lang='lat' dir='ltr'><strong>laudibus</strong></span> <span class='ocrx_word' id='word_1_602' title='bbox 829 4901 931 4957; x_wconf 88' lang='lat' dir='ltr'><strong>sibi</strong></span> <span class='ocrx_word' id='word_1_603' title='bbox 974 4902 1223 4966; x_wconf 83' lang='lat' dir='ltr'><strong>accedat,</strong></span> <span class='ocrx_word' id='word_1_604' title='bbox 1257 4881 1356 4958; x_wconf 84' lang='lat' dir='ltr'><strong>sed</strong></span> <span class='ocrx_word' id='word_1_605' title='bbox 1390 4913 1449 4959; x_wconf 92' lang='lat' dir='ltr'><strong>ut</strong></span> <span class='ocrx_word' id='word_1_606' title='bbox 1490 4920 1593 4962; x_wconf 91' lang='lat' dir='ltr'><strong>nos</strong></span> <span class='ocrx_word' id='word_1_607' title='bbox 1629 4922 1695 4961; x_wconf 78' lang='lat' dir='ltr'><strong>ex</strong></span> <span class='ocrx_word' id='word_1_608' title='bbox 1730 4907 1833 4962; x_wconf 90' lang='lat' dir='ltr'><strong>hac</strong></span> <span class='ocrx_word' id='word_1_609' title='bbox 1866 4923 2113 4963; x_wconf 85' lang='lat' dir='ltr'><strong>commu-</strong></span> 
     </span>
    </p>
   </div>
   <div class='ocr_carea' id='block_1_82' title="bbox 2215 4881 3756 4975">
    <p class='ocr_par' dir='ltr' id='par_1_82' title="bbox 2216 4881 3756 4975">
     <span class='ocr_line' id='line_1_82' title="bbox 2216 4881 3756 4975; baseline -0.014 -14"><span class='ocrx_word' id='word_1_610' title='bbox 2216 4881 2436 4975; x_wconf 77' lang='grc' dir='ltr'><strong>άγνοεῖν</strong></span> <span class='ocrx_word' id='word_1_611' title='bbox 2477 4906 2680 4973; x_wconf 76' lang='grc' dir='ltr'><strong>οῐομαι,</strong></span> <span class='ocrx_word' id='word_1_612' title='bbox 2714 4903 2789 4966; x_wconf 82' lang='grc' dir='ltr'><strong>ὡς</strong></span> <span class='ocrx_word' id='word_1_613' title='bbox 2815 4901 2875 4955; x_wconf 92' lang='grc' dir='ltr'><strong>οὐ</strong></span> <span class='ocrx_word' id='word_1_614' title='bbox 2915 4900 3074 4973; x_wconf 87' lang='grc' dir='ltr'><strong>μόνον</strong></span> <span class='ocrx_word' id='word_1_615' title='bbox 3106 4898 3316 4967; x_wconf 79' lang='grc' dir='ltr'><strong>Πέτρου</strong></span> <span class='ocrx_word' id='word_1_616' title='bbox 3339 4936 3355 4961; x_wconf 94' lang='grc'><strong>,</strong></span> <span class='ocrx_word' id='word_1_617' title='bbox 3388 4894 3483 4948; x_wconf 78' lang='grc' dir='ltr'><strong>καὶ</strong></span> <span class='ocrx_word' id='word_1_618' title='bbox 3523 4881 3756 4944; x_wconf 67' lang='grc' dir='ltr'><strong>Ἰακώϐου.</strong></span> 
     </span>
    </p>
   </div>
   <div class='ocr_carea' id='block_1_83' title="bbox 2286 2154 3750 2226">
    <p class='ocr_par' dir='ltr' id='par_1_83' title="bbox 2286 2154 3750 2226">
     <span class='ocr_line' id='line_1_83' title="bbox 2286 2154 3750 2226; baseline -0.001 -17"><span class='ocrx_word' id='word_1_619' title='bbox 2286 2157 2442 2210; x_wconf 84' lang='grc' dir='ltr'><strong>Ἐστι</strong></span> <span class='ocrx_word' id='word_1_620' title='bbox 2467 2156 2598 2224; x_wconf 76' lang='grc' dir='ltr'><strong>γοῦν</strong></span> <span class='ocrx_word' id='word_1_621' title='bbox 2632 2155 2811 2225; x_wconf 86' lang='grc' dir='ltr'><strong>εὐρεῖν</strong></span> <span class='ocrx_word' id='word_1_622' title='bbox 2836 2155 2894 2208; x_wconf 81' lang='grc' dir='ltr'><strong>ἐν</strong></span> <span class='ocrx_word' id='word_1_623' title='bbox 2919 2157 3032 2218; x_wconf 86' lang='grc' dir='ltr'><strong>τοῖς</strong></span> <span class='ocrx_word' id='word_1_624' title='bbox 3055 2154 3334 2226; x_wconf 82' lang='grc' dir='ltr'><strong>μεγίστοις</strong></span> <span class='ocrx_word' id='word_1_625' title='bbox 3359 2154 3466 2209; x_wconf 82' lang='grc' dir='ltr'><strong>τῶν</strong></span> <span class='ocrx_word' id='word_1_626' title='bbox 3496 2154 3750 2226; x_wconf 79' lang='grc' dir='ltr'><strong>θαυμάτων</strong></span> 
     </span>
    </p>
   </div>
   <div class='ocr_carea' id='block_1_84' title="bbox 2219 2245 3751 2319">
    <p class='ocr_par' dir='ltr' id='par_1_84' title="bbox 2219 2245 3751 2319">
     <span class='ocr_line' id='line_1_84' title="bbox 2219 2245 3751 2319; baseline -0.003 -18"><span class='ocrx_word' id='word_1_627' title='bbox 2219 2247 2414 2319; x_wconf 89' lang='grc' dir='ltr'><strong>μόνους</strong></span> <span class='ocrx_word' id='word_1_628' title='bbox 2441 2248 2637 2311; x_wconf 76' lang='grc' dir='ltr'><strong>αὐτοὺς</strong></span> <span class='ocrx_word' id='word_1_629' title='bbox 2666 2245 2814 2319; x_wconf 74' lang='grc' dir='ltr'><strong>παρὰ</strong></span> <span class='ocrx_word' id='word_1_630' title='bbox 2844 2245 2930 2299; x_wconf 77' lang='grc' dir='ltr'><strong>τοῦ</strong></span> <span class='ocrx_word' id='word_1_631' title='bbox 2959 2246 3167 2316; x_wconf 65' lang='grc' dir='ltr'><strong>Κυρίου</strong></span> <span class='ocrx_word' id='word_1_632' title='bbox 3203 2246 3639 2318; x_wconf 76' lang='grc' dir='ltr'><strong>παραληφθέντας</strong></span> <span class='ocrx_word' id='word_1_633' title='bbox 3658 2286 3670 2308; x_wconf 94' lang='grc'><strong>,</strong></span> <span class='ocrx_word' id='word_1_634' title='bbox 3694 2245 3751 2307; x_wconf 74' lang='grc' dir='ltr'><strong>ὡς</strong></span> 
     </span>
    </p>
   </div>
   <div class='ocr_carea' id='block_1_85' title="bbox 2217 2336 3755 2408">
    <p class='ocr_par' dir='ltr' id='par_1_85' title="bbox 2217 2336 3755 2408">
     <span class='ocr_line' id='line_1_85' title="bbox 2217 2336 3755 2408; baseline -0.003 -17"><span class='ocrx_word' id='word_1_635' title='bbox 2217 2338 2571 2403; x_wconf 85' lang='grc' dir='ltr'><strong>πιστοτάτους</strong></span> <span class='ocrx_word' id='word_1_636' title='bbox 2606 2337 2701 2392; x_wconf 69' lang='grc' dir='ltr'><strong>καὶ</strong></span> <span class='ocrx_word' id='word_1_637' title='bbox 2744 2336 3143 2407; x_wconf 86' lang='grc' dir='ltr'><strong>ἀληθεστάτους</strong></span> <span class='ocrx_word' id='word_1_638' title='bbox 3166 2337 3275 2389; x_wconf 82' lang='grc' dir='ltr'><strong>τῶν</strong></span> <span class='ocrx_word' id='word_1_639' title='bbox 3301 2338 3626 2408; x_wconf 78' lang='grc' dir='ltr'><strong>γιγνομὲνων</strong></span> <span class='ocrx_word' id='word_1_640' title='bbox 3649 2337 3755 2407; x_wconf 70' lang='grc' dir='ltr'><strong>μάρ-</strong></span> 
     </span>
    </p>
   </div>
   <div class='ocr_carea' id='block_1_86' title="bbox 2214 2426 3754 2501">
    <p class='ocr_par' dir='ltr' id='par_1_86' title="bbox 2214 2426 3754 2501">
     <span class='ocr_line' id='line_1_86' title="bbox 2214 2426 3754 2501; baseline -0.001 -19"><span class='ocrx_word' id='word_1_641' title='bbox 2214 2445 2404 2501; x_wconf 82' lang='grc' dir='ltr'><strong>τυρας·</strong></span> <span class='ocrx_word' id='word_1_642' title='bbox 2438 2428 2595 2482; x_wconf 79' lang='grc' dir='ltr'><strong>τοῦτο</strong></span> <span class='ocrx_word' id='word_1_643' title='bbox 2665 2428 2764 2499; x_wconf 80' lang='grc' dir='ltr'><strong>μὲν</strong></span> <span class='ocrx_word' id='word_1_644' title='bbox 2799 2426 2889 2479; x_wconf 72' lang='grc' dir='ltr'><strong>ἐπὶ</strong></span> <span class='ocrx_word' id='word_1_645' title='bbox 2919 2426 3019 2496; x_wconf 79' lang='grc' dir='ltr'><strong>τῆς</strong></span> <span class='ocrx_word' id='word_1_646' title='bbox 3050 2427 3107 2479; x_wconf 82' lang='grc' dir='ltr'><strong>ἐν</strong></span> <span class='ocrx_word' id='word_1_647' title='bbox 3134 2426 3211 2497; x_wconf 83' lang='grc' dir='ltr'><strong>τῷ</strong></span> <span class='ocrx_word' id='word_1_648' title='bbox 3257 2426 3375 2498; x_wconf 73' lang='grc' dir='ltr'><strong>ὄρει</strong></span> <span class='ocrx_word' id='word_1_649' title='bbox 3409 2427 3626 2500; x_wconf 83' lang='grc' dir='ltr'><strong>θεωρίας</strong></span> <span class='ocrx_word' id='word_1_650' title='bbox 3657 2426 3754 2496; x_wconf 77' lang='grc' dir='ltr'><strong>(μό-</strong></span> 
     </span>
    </p>
   </div>
   <div class='ocr_carea' id='block_1_87' title="bbox 2215 2514 3755 2590">
    <p class='ocr_par' dir='ltr' id='par_1_87' title="bbox 2215 2514 3755 2590">
     <span class='ocr_line' id='line_1_87' title="bbox 2215 2514 3755 2590; baseline -0.001 -19"><span class='ocrx_word' id='word_1_651' title='bbox 2215 2535 2306 2581; x_wconf 90' lang='grc' dir='ltr'><strong>νος</strong></span> <span class='ocrx_word' id='word_1_652' title='bbox 2345 2518 2453 2588; x_wconf 82' lang='grc' dir='ltr'><strong>γὰρ</strong></span> <span class='ocrx_word' id='word_1_653' title='bbox 2478 2515 2547 2590; x_wconf 79' lang='grc' dir='ltr'><strong>ἦν</strong></span> <span class='ocrx_word' id='word_1_654' title='bbox 2592 2517 2710 2570; x_wconf 89' lang='grc' dir='ltr'><strong>ἐκεῖ</strong></span> <span class='ocrx_word' id='word_1_655' title='bbox 2750 2516 2986 2586; x_wconf 86' lang='grc' dir='ltr'><strong>Πέτρος,</strong></span> <span class='ocrx_word' id='word_1_656' title='bbox 3023 2515 3117 2569; x_wconf 75' lang='grc' dir='ltr'><strong>καὶ</strong></span> <span class='ocrx_word' id='word_1_657' title='bbox 3163 2516 3421 2580; x_wconf 68' lang='grc' dir='ltr'><strong>Ἰάκωϐος</strong></span> <span class='ocrx_word' id='word_1_658' title='bbox 3443 2560 3458 2581; x_wconf 86' lang='grc'><strong>,</strong></span> <span class='ocrx_word' id='word_1_659' title='bbox 3489 2517 3576 2570; x_wconf 76' lang='grc' dir='ltr'><strong>καὶ</strong></span> <span class='ocrx_word' id='word_1_660' title='bbox 3612 2514 3755 2569; x_wconf 77' lang='grc' dir='ltr'><strong>Ἰωάν-</strong></span> 
     </span>
    </p>
   </div>
   <div class='ocr_carea' id='block_1_88' title="bbox 2215 2605 3753 2682">
    <p class='ocr_par' dir='ltr' id='par_1_88' title="bbox 2215 2605 3753 2682">
     <span class='ocr_line' id='line_1_88' title="bbox 2215 2605 3753 2682; baseline -0.019 -14"><span class='ocrx_word' id='word_1_661' title='bbox 2215 2628 2315 2682; x_wconf 83' lang='grc' dir='ltr'><strong>νης</strong></span> <span class='ocrx_word' id='word_1_662' title='bbox 2332 2652 2347 2674; x_wconf 92' lang='grc'><strong>,</strong></span> <span class='ocrx_word' id='word_1_663' title='bbox 2370 2612 2459 2664; x_wconf 84' lang='grc' dir='ltr'><strong>ὅτε</strong></span> <span class='ocrx_word' id='word_1_664' title='bbox 2480 2609 2542 2662; x_wconf 79' lang='grc' dir='ltr'><strong>τὸ</strong></span> <span class='ocrx_word' id='word_1_665' title='bbox 2566 2608 2722 2679; x_wconf 84' lang='grc' dir='ltr'><strong>σῶμα</strong></span> <span class='ocrx_word' id='word_1_666' title='bbox 2753 2608 2813 2661; x_wconf 87' lang='grc' dir='ltr'><strong>τδ</strong></span> <span class='ocrx_word' id='word_1_667' title='bbox 2846 2605 3038 2660; x_wconf 77' lang='grc' dir='ltr'><strong>ἐαυτοῦ</strong></span> <span class='ocrx_word' id='word_1_668' title='bbox 3066 2606 3505 2677; x_wconf 74' lang='grc' dir='ltr'><strong>μεταμορφὼσας</strong></span> <span class='ocrx_word' id='word_1_669' title='bbox 3526 2609 3551 2661; x_wconf 68' lang='grc' dir='ltr'>ὁ</span> <span class='ocrx_word' id='word_1_670' title='bbox 3567 2605 3753 2674; x_wconf 51' lang='grc' dir='ltr'><strong>Κύριος,</strong></span> 
     </span>
    </p>
   </div>
   <div class='ocr_carea' id='block_1_89' title="bbox 2218 2694 3753 2770">
    <p class='ocr_par' dir='ltr' id='par_1_89' title="bbox 2218 2694 3753 2770">
     <span class='ocr_line' id='line_1_89' title="bbox 2218 2694 3753 2770; baseline -0.007 -15"><span class='ocrx_word' id='word_1_671' title='bbox 2218 2704 2297 2766; x_wconf 81' lang='grc' dir='ltr'><strong>είς</strong></span> <span class='ocrx_word' id='word_1_672' title='bbox 2348 2700 2555 2766; x_wconf 78' lang='grc' dir='ltr'><strong>ἔνδοξον</strong></span> <span class='ocrx_word' id='word_1_673' title='bbox 2611 2701 2704 2754; x_wconf 76' lang='grc' dir='ltr'><strong>καὶ</strong></span> <span class='ocrx_word' id='word_1_674' title='bbox 2754 2697 3138 2769; x_wconf 79' lang='grc' dir='ltr'><strong>λαμπροτέραν</strong></span> <span class='ocrx_word' id='word_1_675' title='bbox 3211 2697 3445 2770; x_wconf 84' lang='grc' dir='ltr'><strong>θεότητα</strong></span> <span class='ocrx_word' id='word_1_676' title='bbox 3513 2694 3753 2768; x_wconf 77' lang='grc' dir='ltr'><strong>μετέϐαλε,</strong></span> 
     </span>
    </p>
   </div>
   <div class='ocr_carea' id='block_1_90' title="bbox 2217 2788 3753 2860">
    <p class='ocr_par' dir='ltr' id='par_1_90' title="bbox 2217 2788 3753 2860">
     <span class='ocr_line' id='line_1_90' title="bbox 2217 2788 3753 2860; baseline -0.007 -13"><span class='ocrx_word' id='word_1_677' title='bbox 2217 2793 2455 2849; x_wconf 83' lang='grc' dir='ltr'><strong>Μωῦσέα</strong></span> <span class='ocrx_word' id='word_1_678' title='bbox 2506 2791 2602 2845; x_wconf 77' lang='grc' dir='ltr'><strong>καὶ</strong></span> <span class='ocrx_word' id='word_1_679' title='bbox 2634 2791 2818 2844; x_wconf 82' lang='grc' dir='ltr'><strong>Ἠλίαν</strong></span> <span class='ocrx_word' id='word_1_680' title='bbox 2844 2792 2901 2843; x_wconf 85' lang='grc' dir='ltr'><strong>ἐν</strong></span> <span class='ocrx_word' id='word_1_681' title='bbox 2933 2788 3109 2859; x_wconf 83' lang='grc' dir='ltr'><strong>ἐαυτῷ</strong></span> <span class='ocrx_word' id='word_1_682' title='bbox 3138 2788 3251 2859; x_wconf 70' lang='grc'>(20)</span> <span class='ocrx_word' id='word_1_683' title='bbox 3288 2788 3753 2860; x_wconf 79' lang='grc' dir='ltr'><strong>παραστησάμενος,</strong></span> 
     </span>
    </p>
   </div>
   <div class='ocr_carea' id='block_1_91' title="bbox 2217 2877 3755 2955">
    <p class='ocr_par' dir='ltr' id='par_1_91' title="bbox 2217 2877 3755 2955">
     <span class='ocr_line' id='line_1_91' title="bbox 2217 2877 3755 2955; baseline -0.008 -16"><span class='ocrx_word' id='word_1_684' title='bbox 2217 2884 2313 2939; x_wconf 73' lang='grc' dir='ltr'><strong>καὶ</strong></span> <span class='ocrx_word' id='word_1_685' title='bbox 2338 2886 2404 2955; x_wconf 81' lang='grc' dir='ltr'><strong>τῇ</strong></span> <span class='ocrx_word' id='word_1_686' title='bbox 2442 2882 2638 2954; x_wconf 81' lang='grc' dir='ltr'><strong>νεφέλη</strong></span> <span class='ocrx_word' id='word_1_687' title='bbox 2671 2881 2765 2936; x_wconf 80' lang='grc' dir='ltr'><strong>τοῦ</strong></span> <span class='ocrx_word' id='word_1_688' title='bbox 2806 2881 2983 2951; x_wconf 80' lang='grc' dir='ltr'><strong>φωτὸς</strong></span> <span class='ocrx_word' id='word_1_689' title='bbox 3030 2880 3391 2944; x_wconf 79' lang='grc' dir='ltr'><strong>ἐπισκιάσας,</strong></span> <span class='ocrx_word' id='word_1_690' title='bbox 3428 2880 3525 2950; x_wconf 85' lang='grc' dir='ltr'><strong>τὴν</strong></span> <span class='ocrx_word' id='word_1_691' title='bbox 3558 2877 3755 2950; x_wconf 77' lang='grc' dir='ltr'><strong>μεγάλην</strong></span> 
     </span>
    </p>
   </div>
   <div class='ocr_carea' id='block_1_92' title="bbox 2217 2966 3757 3045">
    <p class='ocr_par' dir='ltr' id='par_1_92' title="bbox 2217 2966 3757 3045">
     <span class='ocr_line' id='line_1_92' title="bbox 2217 2966 3757 3045; baseline -0.006 -17"><span class='ocrx_word' id='word_1_692' title='bbox 2217 2975 2432 3045; x_wconf 89' lang='grc' dir='ltr'><strong>ἐκείνην</strong></span> <span class='ocrx_word' id='word_1_693' title='bbox 2459 2974 2644 3028; x_wconf 72' lang='grc' dir='ltr'><strong>εἰκόνα</strong></span> <span class='ocrx_word' id='word_1_694' title='bbox 2686 2975 2784 3045; x_wconf 82' lang='grc' dir='ltr'><strong>τῆς</strong></span> <span class='ocrx_word' id='word_1_695' title='bbox 2814 2973 3091 3043; x_wconf 84' lang='grc' dir='ltr'><strong>βασιλείας</strong></span> <span class='ocrx_word' id='word_1_696' title='bbox 3122 2973 3417 3044; x_wconf 83' lang='grc' dir='ltr'><strong>ὐπέδειξε)·</strong></span> <span class='ocrx_word' id='word_1_697' title='bbox 3441 2972 3589 3027; x_wconf 84' lang='grc' dir='ltr'><strong>τοῦτο</strong></span> <span class='ocrx_word' id='word_1_698' title='bbox 3614 2970 3662 3024; x_wconf 86' lang='grc' dir='ltr'><strong>δέ</strong></span> <span class='ocrx_word' id='word_1_699' title='bbox 3684 2966 3757 3021; x_wconf 67' lang='grc' dir='ltr'><strong>ἐπὶ</strong></span> 
     </span>
    </p>
   </div>
   <div class='ocr_carea' id='block_1_93' title="bbox 2216 3058 3756 3140">
    <p class='ocr_par' dir='ltr' id='par_1_93' title="bbox 2216 3058 3756 3140">
     <span class='ocr_line' id='line_1_93' title="bbox 2216 3058 3756 3140; baseline -0.008 -18"><span class='ocrx_word' id='word_1_700' title='bbox 2216 3068 2316 3140; x_wconf 82' lang='grc' dir='ltr'><strong>τῆς</strong></span> <span class='ocrx_word' id='word_1_701' title='bbox 2360 3067 2588 3138; x_wconf 85' lang='grc' dir='ltr'><strong>Ἰαείρου</strong></span> <span class='ocrx_word' id='word_1_702' title='bbox 2633 3065 2902 3137; x_wconf 77' lang='grc' dir='ltr'><strong>θυγατρὸς</strong></span> <span class='ocrx_word' id='word_1_703' title='bbox 2929 3104 2945 3129; x_wconf 92' lang='grc'><strong>,</strong></span> <span class='ocrx_word' id='word_1_704' title='bbox 2980 3065 3048 3134; x_wconf 72' lang='grc' dir='ltr'><strong>ἦν</strong></span> <span class='ocrx_word' id='word_1_705' title='bbox 3091 3063 3364 3118; x_wconf 83' lang='grc' dir='ltr'><strong>θανοῦσαν</strong></span> <span class='ocrx_word' id='word_1_706' title='bbox 3396 3064 3656 3134; x_wconf 77' lang='grc' dir='ltr'><strong>διήγειρε⁹</strong></span> <span class='ocrx_word' id='word_1_707' title='bbox 3682 3058 3756 3112; x_wconf 78' lang='grc' dir='ltr'><strong>καὶ</strong></span> 
     </span>
    </p>
   </div>
   <div class='ocr_carea' id='block_1_94' title="bbox 2216 3149 3758 3232">
    <p class='ocr_par' dir='ltr' id='par_1_94' title="bbox 2216 3149 3758 3232">
     <span class='ocr_line' id='line_1_94' title="bbox 2216 3149 3758 3232; baseline -0.008 -19"><span class='ocrx_word' id='word_1_708' title='bbox 2216 3160 2326 3232; x_wconf 85' lang='grc' dir='ltr'><strong>γὰρ</strong></span> <span class='ocrx_word' id='word_1_709' title='bbox 2355 3161 2472 3213; x_wconf 86' lang='grc' dir='ltr'><strong>ἐκεῖ</strong></span> <span class='ocrx_word' id='word_1_710' title='bbox 2517 3157 2739 3220; x_wconf 87' lang='grc' dir='ltr'><strong>τούτους</strong></span> <span class='ocrx_word' id='word_1_711' title='bbox 2768 3153 2913 3227; x_wconf 79' lang='grc' dir='ltr'><strong>εἶχεν</strong></span> <span class='ocrx_word' id='word_1_712' title='bbox 2946 3156 3187 3220; x_wconf 78' lang='grc' dir='ltr'><strong>ἐπόπτας</strong></span> <span class='ocrx_word' id='word_1_713' title='bbox 3214 3156 3317 3227; x_wconf 82' lang='grc' dir='ltr'><strong>τῆς</strong></span> <span class='ocrx_word' id='word_1_714' title='bbox 3348 3153 3632 3226; x_wconf 82' lang='grc' dir='ltr'><strong>γενομένης</strong></span> <span class='ocrx_word' id='word_1_715' title='bbox 3661 3149 3758 3203; x_wconf 80' lang='grc' dir='ltr'><strong>θαν-</strong></span> 
     </span>
    </p>
   </div>
   <div class='ocr_carea' id='block_1_95' title="bbox 2222 3245 3756 3323">
    <p class='ocr_par' dir='ltr' id='par_1_95' title="bbox 2222 3245 3756 3323">
     <span class='ocr_line' id='line_1_95' title="bbox 2222 3245 3756 3323; baseline -0.007 -17"><span class='ocrx_word' id='word_1_716' title='bbox 2222 3251 2577 3323; x_wconf 83' lang='grc' dir='ltr'><strong>ματουργίας.</strong></span> <span class='ocrx_word' id='word_1_717' title='bbox 2618 3250 2739 3303; x_wconf 83' lang='grc' dir='ltr'><strong>Ἔτι</strong></span> <span class='ocrx_word' id='word_1_718' title='bbox 2782 3265 2847 3317; x_wconf 87' lang='grc' dir='ltr'><strong>γε</strong></span> <span class='ocrx_word' id='word_1_719' title='bbox 2888 3248 3027 3319; x_wconf 76' lang='grc' dir='ltr'><strong>μὴν,</strong></span> <span class='ocrx_word' id='word_1_720' title='bbox 3063 3248 3151 3302; x_wconf 76' lang='grc' dir='ltr'><strong>ἵνα</strong></span> <span class='ocrx_word' id='word_1_721' title='bbox 3198 3248 3272 3319; x_wconf 82' lang='grc' dir='ltr'><strong>μὴ</strong></span> <span class='ocrx_word' id='word_1_722' title='bbox 3309 3247 3378 3303; x_wconf 76' lang='grc' dir='ltr'><strong>τὰ</strong></span> <span class='ocrx_word' id='word_1_723' title='bbox 3426 3246 3542 3301; x_wconf 83' lang='grc' dir='ltr'><strong>καθ’</strong></span> <span class='ocrx_word' id='word_1_724' title='bbox 3567 3245 3756 3298; x_wconf 66' lang='grc' dir='ltr'><strong>ἕκαστον</strong></span> 
     </span>
    </p>
   </div>
   <div class='ocr_carea' id='block_1_96' title="bbox 604 5078 2113 5154">
    <p class='ocr_par' dir='ltr' id='par_1_96' title="bbox 604 5078 2113 5154">
     <span class='ocr_line' id='line_1_96' title="bbox 604 5078 2113 5154; baseline 0.002 -20"><span class='ocrx_word' id='word_1_725' title='bbox 604 5081 645 5112; x_wconf 87' lang='grc'><strong>¹⁷</strong></span> <span class='ocrx_word' id='word_1_726' title='bbox 674 5078 878 5149; x_wconf 83' lang='lat' dir='ltr'><strong>Ephes.</strong></span> <span class='ocrx_word' id='word_1_727' title='bbox 911 5094 966 5147; x_wconf 73' lang='grc' dir='ltr'><strong>ν,</strong></span> <span class='ocrx_word' id='word_1_728' title='bbox 990 5079 1083 5135; x_wconf 66' lang='grc'><strong>25.</strong></span> <span class='ocrx_word' id='word_1_729' title='bbox 1159 5080 1203 5113; x_wconf 71' lang='grc'><strong>⁸⁸</strong></span> <span class='ocrx_word' id='word_1_730' title='bbox 1240 5079 1433 5137; x_wconf 76' lang='lat' dir='ltr'><strong>Matth.</strong></span> <span class='ocrx_word' id='word_1_731' title='bbox 1474 5098 1611 5145; x_wconf 77' lang='lat' dir='ltr'><strong>xvu,</strong></span> <span class='ocrx_word' id='word_1_732' title='bbox 1654 5083 1673 5135; x_wconf 89' lang='lat' dir='ltr'><strong>l</strong></span> <span class='ocrx_word' id='word_1_733' title='bbox 1720 5099 1840 5154; x_wconf 88' lang='lat' dir='ltr'><strong>sqq.</strong></span> <span class='ocrx_word' id='word_1_734' title='bbox 1924 5085 1963 5115; x_wconf 82' lang='grc'><strong>¹⁹</strong></span> <span class='ocrx_word' id='word_1_735' title='bbox 2001 5083 2113 5138; x_wconf 77' lang='lat' dir='ltr'><strong>Mar</strong></span> 
     </span>
    </p>
   </div>
   <div class='ocr_carea' id='block_1_97' title="bbox 2215 5078 2943 5154">
    <p class='ocr_par' dir='ltr' id='par_1_97' title="bbox 2215 5079 2943 5149">
     <span class='ocr_line' id='line_1_97' title="bbox 2215 5079 2943 5149; baseline 0 -15"><span class='ocrx_word' id='word_1_736' title='bbox 2215 5100 2257 5149; x_wconf 76' lang='grc' dir='ltr'><strong>ν,</strong></span> <span class='ocrx_word' id='word_1_737' title='bbox 2290 5082 2382 5137; x_wconf 82' lang='lat'><strong>37.</strong></span> <span class='ocrx_word' id='word_1_738' title='bbox 2459 5081 2504 5113; x_wconf 75' lang='grc'><strong>⁸⁸</strong></span> <span class='ocrx_word' id='word_1_739' title='bbox 2531 5079 2693 5136; x_wconf 83' lang='lat' dir='ltr'><strong>Joan.</strong></span> <span class='ocrx_word' id='word_1_740' title='bbox 2729 5094 2828 5143; x_wconf 65' lang='grc' dir='ltr'><strong>ιιι,</strong></span> <span class='ocrx_word' id='word_1_741' title='bbox 2851 5079 2943 5134; x_wconf 78' lang='grc'><strong>27.</strong></span> 
     </span>
    </p>
   </div>
   <div class='ocr_carea' id='block_1_98' title="bbox 2216 5243 3753 5329">
    <p class='ocr_par' dir='ltr' id='par_1_98' title="bbox 2216 5243 3753 5329">
     <span class='ocr_line' id='line_1_98' title="bbox 2216 5243 3753 5329; baseline -0.01 -12"><span class='ocrx_word' id='word_1_742' title='bbox 2216 5243 2631 5317; x_wconf 68' lang='lat' dir='ltr'><strong>annumeratur.</strong></span> <span class='ocrx_word' id='word_1_743' title='bbox 2662 5258 2769 5315; x_wconf 90' lang='lat' dir='ltr'><strong>Sed</strong></span> <span class='ocrx_word' id='word_1_744' title='bbox 2797 5258 2866 5316; x_wconf 88' lang='lat' dir='ltr'><strong>de</strong></span> <span class='ocrx_word' id='word_1_745' title='bbox 2907 5258 3012 5315; x_wconf 80' lang='lat' dir='ltr'><strong>hac</strong></span> <span class='ocrx_word' id='word_1_746' title='bbox 3044 5258 3362 5329; x_wconf 85' lang='lat' dir='ltr'><strong>conjectura</strong></span> <span class='ocrx_word' id='word_1_747' title='bbox 3396 5261 3576 5311; x_wconf 88' lang='lat' dir='ltr'><strong>nostra</strong></span> <span class='ocrx_word' id='word_1_748' title='bbox 3607 5243 3753 5304; x_wconf 62' lang='lat' dir='ltr'><strong>erudi&#39;</strong></span> 
     </span>
    </p>
   </div>
   <div class='ocr_carea' id='block_1_99' title="bbox 2215 5331 2885 5402">
    <p class='ocr_par' dir='ltr' id='par_1_99' title="bbox 2215 5331 2885 5402">
     <span class='ocr_line' id='line_1_99' title="bbox 2215 5331 2885 5402; baseline -0.009 -13"><span class='ocrx_word' id='word_1_749' title='bbox 2215 5342 2397 5389; x_wconf 90' lang='lat' dir='ltr'><strong>torum</strong></span> <span class='ocrx_word' id='word_1_750' title='bbox 2440 5331 2711 5402; x_wconf 87' lang='lat' dir='ltr'><strong>judicium</strong></span> <span class='ocrx_word' id='word_1_751' title='bbox 2727 5401 2730 5402; x_wconf 16' lang='grc' dir='ltr'><em>ν</em></span> <span class='ocrx_word' id='word_1_752' title='bbox 2746 5338 2885 5386; x_wconf 88' lang='lat' dir='ltr'><strong>esto.</strong></span> 
     </span>
    </p>
   </div>
   <div class='ocr_carea' id='block_1_100' title="bbox 2288 5387 3750 5474">
    <p class='ocr_par' dir='ltr' id='par_1_100' title="bbox 2288 5387 3750 5474">
     <span class='ocr_line' id='line_1_100' title="bbox 2288 5387 3750 5474; baseline -0.009 -20"><span class='ocrx_word' id='word_1_753' title='bbox 2288 5402 2402 5474; x_wconf 83' lang='lat' dir='ltr'><strong>(t8)</strong></span> <span class='ocrx_word' id='word_1_754' title='bbox 2440 5387 2575 5474; x_wconf 57' lang='lat' dir='ltr'><strong>Quae</strong></span> <span class='ocrx_word' id='word_1_755' title='bbox 2594 5399 2985 5474; x_wconf 77' lang='lat' dir='ltr'><strong>semicirculis</strong></span> <span class='ocrx_word' id='word_1_756' title='bbox 3003 5396 3557 5474; x_wconf 72' lang='lat' dir='ltr'><strong>comprehenduntur,</strong></span> <span class='ocrx_word' id='word_1_757' title='bbox 3589 5387 3750 5474; x_wconf 48' lang='lat' dir='ltr'><strong>desint}</strong></span> 
     </span>
    </p>
   </div>
   <div class='ocr_carea' id='block_1_101' title="bbox 2214 5463 3749 5544">
    <p class='ocr_par' dir='ltr' id='par_1_101' title="bbox 2214 5463 3749 5544">
     <span class='ocr_line' id='line_1_101' title="bbox 2214 5463 3749 5544; baseline -0.01 -16"><span class='ocrx_word' id='word_1_758' title='bbox 2214 5472 2271 5529; x_wconf 88' lang='lat' dir='ltr'><strong>itt</strong></span> <span class='ocrx_word' id='word_1_759' title='bbox 2294 5463 2623 5544; x_wconf 63' lang='lat' dir='ltr'><strong>posteriori</strong></span> <span class='ocrx_word' id='word_1_760' title='bbox 2645 5471 2812 5540; x_wconf 85' lang='lat' dir='ltr'><strong>hujus</strong></span> <span class='ocrx_word' id='word_1_761' title='bbox 2848 5463 3416 5544; x_wconf 56' lang='lat' dir='ltr'><strong>orationis&#39;editione,</strong></span> <span class='ocrx_word' id='word_1_762' title='bbox 3455 5477 3606 5535; x_wconf 88' lang='lat' dir='ltr'><strong>quam</strong></span> <span class='ocrx_word' id='word_1_763' title='bbox 3642 5463 3749 5509; x_wconf 73' lang='lat' dir='ltr'><strong>unt!s</strong></span> 
     </span>
    </p>
   </div>
   <div class='ocr_carea' id='block_1_102' title="bbox 2215 5540 3723 5612">
    <p class='ocr_par' dir='ltr' id='par_1_102' title="bbox 2215 5540 3723 5612">
     <span class='ocr_line' id='line_1_102' title="bbox 2215 5540 3723 5612; baseline -0.003 -11"><span class='ocrx_word' id='word_1_764' title='bbox 2215 5540 2474 5612; x_wconf 83' lang='lat' dir='ltr'><strong>idemque</strong></span> <span class='ocrx_word' id='word_1_765' title='bbox 2505 5541 2808 5597; x_wconf 73' lang='lat' dir='ltr'><strong>Vaticanus</strong></span> <span class='ocrx_word' id='word_1_766' title='bbox 2835 5540 3010 5612; x_wconf 75' lang='lat' dir='ltr'><strong>codex</strong></span> <span class='ocrx_word' id='word_1_767' title='bbox 3039 5540 3315 5612; x_wconf 78' lang='lat' dir='ltr'><strong>exhibet.__</strong></span> <span class='ocrx_word' id='word_1_768' title='bbox 3379 5607 3390 5612; x_wconf 93' lang='lat'><em>_</em></span> <span class='ocrx_word' id='word_1_769' title='bbox 3636 5590 3723 5612; x_wconf 27' lang='lat' dir='ltr'><strong>JH</strong></span> 
     </span>
    </p>
   </div>
   <div class='ocr_carea' id='block_1_103' title="bbox 2290 5591 3746 5685">
    <p class='ocr_par' dir='ltr' id='par_1_103' title="bbox 2290 5591 3746 5685">
     <span class='ocr_line' id='line_1_103' title="bbox 2290 5591 3746 5685; baseline -0.005 -19"><span class='ocrx_word' id='word_1_770' title='bbox 2290 5591 2536 5685; x_wconf 45' lang='lat'><strong>((93315</strong></span> <span class='ocrx_word' id='word_1_771' title='bbox 2556 5591 2969 5685; x_wconf 60' lang='lat' dir='ltr'><strong>corrigendum</strong></span> <span class='ocrx_word' id='word_1_772' title='bbox 2981 5591 3255 5685; x_wconf 55' lang='lat' dir='ltr'><strong>“c_§j‘.‘s’él._&#39;_‘</strong></span> <span class='ocrx_word' id='word_1_773' title='bbox 3271 5591 3581 5661; x_wconf 68' lang='lat' dir='ltr'><strong>Vaticanum</strong></span> <span class='ocrx_word' id='word_1_774' title='bbox 3624 5591 3746 5685; x_wconf 48' lang='grc' dir='ltr'><strong>(ςξιξῖξς</strong></span> 
     </span>
    </p>
   </div>
   <div class='ocr_carea' id='block_1_104' title="bbox 2217 5671 3746 5754">
    <p class='ocr_par' dir='ltr' id='par_1_104' title="bbox 2217 5671 3746 5754">
     <span class='ocr_line' id='line_1_104' title="bbox 2217 5671 3746 5754; baseline -0.005 -16"><span class='ocrx_word' id='word_1_775' title='bbox 2217 5671 2361 5746; x_wconf 78' lang='lat' dir='ltr'><strong>rem,</strong></span> <span class='ocrx_word' id='word_1_776' title='bbox 2384 5671 2471 5738; x_wconf 44' lang='lat' dir='ltr'><strong>[in</strong></span> <span class='ocrx_word' id='word_1_777' title='bbox 2506 5699 2643 5754; x_wconf 87' lang='lat' dir='ltr'><strong>quo,</strong></span> <span class='ocrx_word' id='word_1_778' title='bbox 2684 5671 2989 5754; x_wconf 60' lang='lat' dir='ltr'><strong>manifesto</strong></span> <span class='ocrx_word' id='word_1_779' title='bbox 3030 5680 3242 5754; x_wconf 73' lang='lat' dir='ltr'><strong>librarii</strong></span> <span class='ocrx_word' id='word_1_780' title='bbox 3274 5692 3476 5740; x_wconf 83' lang='lat' dir='ltr'><strong>errore,</strong></span> <span class='ocrx_word' id='word_1_781' title='bbox 3507 5671 3746 5743; x_wconf 69' lang='grc' dir='ltr'><strong>ροτρετηηι</strong></span> 
     </span>
    </p>
   </div>
   <div class='ocr_carea' id='block_1_105' title="bbox 2218 5750 3693 5827">
    <p class='ocr_par' dir='ltr' id='par_1_105' title="bbox 2218 5750 3693 5827">
     <span class='ocr_line' id='line_1_105' title="bbox 2218 5750 3693 5827; baseline 0.001 -20"><span class='ocrx_word' id='word_1_782' title='bbox 2218 5755 2503 5827; x_wconf 76' lang='lat' dir='ltr'><strong>scribitur,</strong></span> <span class='ocrx_word' id='word_1_783' title='bbox 2526 5750 2635 5827; x_wconf 71' lang='grc' dir='ltr'><strong>ὀὐκ</strong></span> <span class='ocrx_word' id='word_1_784' title='bbox 2670 5752 3007 5827; x_wconf 45' lang='grc' dir='ltr'><strong>ᾀποτίσει-ἐκ</strong></span> <span class='ocrx_word' id='word_1_785' title='bbox 3029 5750 3264 5827; x_wconf 73' lang='grc' dir='ltr'><strong>βάσεως.</strong></span> <span class='ocrx_word' id='word_1_786' title='bbox 3468 5812 3483 5827; x_wconf 50' lang='lat'><em>.</em></span> <span class='ocrx_word' id='word_1_787' title='bbox 3548 5809 3637 5827; x_wconf 32' lang='lat' dir='ltr'><strong>&quot;ﬂ</strong></span> <span class='ocrx_word' id='word_1_788' title='bbox 3658 5798 3693 5827; x_wconf 67' lang='grc' dir='ltr'><strong><em>υ</em></strong></span> 
     </span>
    </p>
   </div>
   <div class='ocr_carea' id='block_1_106' title="bbox 2291 5799 3742 5898">
    <p class='ocr_par' dir='ltr' id='par_1_106' title="bbox 2291 5799 3742 5898">
     <span class='ocr_line' id='line_1_106' title="bbox 2291 5799 3742 5898; baseline -0.013 -20"><span class='ocrx_word' id='word_1_789' title='bbox 2291 5799 2412 5898; x_wconf 58' lang='lat' dir='ltr'><strong>(alii</strong></span> <span class='ocrx_word' id='word_1_790' title='bbox 2423 5799 2773 5898; x_wconf 55' lang='grc' dir='ltr'><strong>’Ἁὶῇᾷίιὶιιῖιιέ</strong></span> <span class='ocrx_word' id='word_1_791' title='bbox 2793 5799 3289 5898; x_wconf 52' lang='grc' dir='ltr'><strong>ΒΕπξίὲᾗιῑὲᾘίἰὶᾔο,</strong></span> <span class='ocrx_word' id='word_1_792' title='bbox 3304 5832 3441 5898; x_wconf 72' lang='lat' dir='ltr'><strong>~qua:</strong></span> <span class='ocrx_word' id='word_1_793' title='bbox 3468 5812 3522 5869; x_wconf 90' lang='lat' dir='ltr'><strong>in</strong></span> <span class='ocrx_word' id='word_1_794' title='bbox 3548 5809 3638 5865; x_wconf 84' lang='lat' dir='ltr'><strong>tiae</strong></span> <span class='ocrx_word' id='word_1_795' title='bbox 3658 5799 3742 5854; x_wconf 73' lang='lat' dir='ltr'><strong>Va-</strong></span> 
     </span>
    </p>
   </div>
   <div class='ocr_carea' id='block_1_107' title="bbox 2216 5890 3355 5960">
    <p class='ocr_par' dir='ltr' id='par_1_107' title="bbox 2216 5890 3355 5960">
     <span class='ocr_line' id='line_1_107' title="bbox 2216 5890 3355 5960; baseline -0.007 -9"><span class='ocrx_word' id='word_1_796' title='bbox 2216 5890 2385 5953; x_wconf 85' lang='lat' dir='ltr'><strong>ticani</strong></span> <span class='ocrx_word' id='word_1_797' title='bbox 2420 5894 2632 5951; x_wconf 86' lang='lat' dir='ltr'><strong>codicis</strong></span> <span class='ocrx_word' id='word_1_798' title='bbox 2666 5890 2866 5960; x_wconf 81' lang='lat' dir='ltr'><strong>exstat,</strong></span> <span class='ocrx_word' id='word_1_799' title='bbox 2909 5892 3073 5947; x_wconf 86' lang='lat' dir='ltr'><strong>habet</strong></span> <span class='ocrx_word' id='word_1_800' title='bbox 3106 5894 3162 5945; x_wconf 70' lang='grc' dir='ltr'><strong>ὲν</strong></span> <span class='ocrx_word' id='word_1_801' title='bbox 3191 5890 3355 5955; x_wconf 82' lang='grc' dir='ltr'><strong>αὐτῷ.</strong></span> 
     </span>
    </p>
   </div>
   <div class='ocr_carea' id='block_1_108' title="bbox 603 5254 2109 5333">
    <p class='ocr_par' dir='ltr' id='par_1_108' title="bbox 603 5254 2109 5333">
     <span class='ocr_line' id='line_1_108' title="bbox 603 5254 2109 5333; baseline 0.003 -22"><span class='ocrx_word' id='word_1_802' title='bbox 603 5256 719 5329; x_wconf 82' lang='grc' dir='ltr'><strong>(Π)</strong></span> <span class='ocrx_word' id='word_1_803' title='bbox 750 5254 894 5333; x_wconf 89' lang='lat' dir='ltr'><strong>Etsi_</strong></span> <span class='ocrx_word' id='word_1_804' title='bbox 916 5259 1125 5333; x_wconf 82' lang='lat' dir='ltr'><strong>nullum</strong></span> <span class='ocrx_word' id='word_1_805' title='bbox 1148 5261 1482 5333; x_wconf 77' lang='lat' dir='ltr'><strong>scriptorem</strong></span> <span class='ocrx_word' id='word_1_806' title='bbox 1515 5261 1761 5333; x_wconf 85' lang='lat' dir='ltr'><strong>legerim,</strong></span> <span class='ocrx_word' id='word_1_807' title='bbox 1795 5262 1891 5333; x_wconf 89' lang='lat' dir='ltr'><strong>qui</strong></span> <span class='ocrx_word' id='word_1_808' title='bbox 1936 5261 2109 5317; x_wconf 82' lang='lat' dir='ltr'><strong>Joan-</strong></span> 
     </span>
    </p>
   </div>
   <div class='ocr_carea' id='block_1_109' title="bbox 534 5328 2108 5401">
    <p class='ocr_par' dir='ltr' id='par_1_109' title="bbox 534 5328 2108 5401">
     <span class='ocr_line' id='line_1_109' title="bbox 534 5328 2108 5401; baseline 0.006 -22"><span class='ocrx_word' id='word_1_809' title='bbox 534 5328 656 5380; x_wconf 86' lang='lat' dir='ltr'><strong>nem</strong></span> <span class='ocrx_word' id='word_1_810' title='bbox 687 5328 993 5401; x_wconf 80' lang='lat' dir='ltr'><strong>apostolum</strong></span> <span class='ocrx_word' id='word_1_811' title='bbox 1053 5330 1107 5383; x_wconf 92' lang='lat' dir='ltr'><strong>in</strong></span> <span class='ocrx_word' id='word_1_812' title='bbox 1141 5328 1404 5387; x_wconf 78' lang='lat' dir='ltr'><strong>ferventis</strong></span> <span class='ocrx_word' id='word_1_813' title='bbox 1438 5328 1594 5401; x_wconf 71' lang='lat' dir='ltr'><strong>aqmé</strong></span> <span class='ocrx_word' id='word_1_814' title='bbox 1627 5328 1834 5387; x_wconf 83' lang='lat' dir='ltr'><strong>dolium</strong></span> <span class='ocrx_word' id='word_1_815' title='bbox 1893 5333 2108 5388; x_wconf 89' lang='lat' dir='ltr'><strong>immis-</strong></span> 
     </span>
    </p>
   </div>
   <div class='ocr_carea' id='block_1_110' title="bbox 533 5396 2108 5473">
    <p class='ocr_par' dir='ltr' id='par_1_110' title="bbox 533 5396 2108 5473">
     <span class='ocr_line' id='line_1_110' title="bbox 533 5396 2108 5473; baseline 0.006 -25"><span class='ocrx_word' id='word_1_816' title='bbox 533 5411 651 5473; x_wconf 73' lang='lat' dir='ltr'><strong>sum</strong></span> <span class='ocrx_word' id='word_1_817' title='bbox 693 5396 871 5473; x_wconf 73' lang='lat' dir='ltr'><strong>fuisse</strong></span> <span class='ocrx_word' id='word_1_818' title='bbox 905 5403 1237 5473; x_wconf 87' lang='lat' dir='ltr'><strong>narraverit;</strong></span> <span class='ocrx_word' id='word_1_819' title='bbox 1286 5396 1649 5473; x_wconf 81' lang='lat' dir='ltr'><strong>nihilominus</strong></span> <span class='ocrx_word' id='word_1_820' title='bbox 1704 5404 1756 5458; x_wconf 91' lang='lat' dir='ltr'><strong>id</strong></span> <span class='ocrx_word' id='word_1_821' title='bbox 1808 5411 2017 5473; x_wconf 86' lang='lat' dir='ltr'><strong>aperte.</strong></span> <span class='ocrx_word' id='word_1_822' title='bbox 2052 5404 2108 5473; x_wconf 88' lang='lat' dir='ltr'><strong>ni</strong></span> 
     </span>
    </p>
   </div>
   <div class='ocr_carea' id='block_1_111' title="bbox 535 5467 2107 5543">
    <p class='ocr_par' dir='ltr' id='par_1_111' title="bbox 535 5467 2107 5543">
     <span class='ocr_line' id='line_1_111' title="bbox 535 5467 2107 5543; baseline 0.007 -25"><span class='ocrx_word' id='word_1_823' title='bbox 535 5467 716 5543; x_wconf 74' lang='lat' dir='ltr'><strong>fallor,</strong></span> <span class='ocrx_word' id='word_1_824' title='bbox 749 5469 1024 5543; x_wconf 83' lang='lat' dir='ltr'><strong>colligitur</strong></span> <span class='ocrx_word' id='word_1_825' title='bbox 1058 5487 1122 5543; x_wconf 79' lang='lat' dir='ltr'><strong>ex</strong></span> <span class='ocrx_word' id='word_1_826' title='bbox 1157 5467 1420 5543; x_wconf 85' lang='lat' dir='ltr'><strong>corrupto</strong></span> <span class='ocrx_word' id='word_1_827' title='bbox 1448 5472 1557 5543; x_wconf 87' lang='lat' dir='ltr'><strong>isto</strong></span> <span class='ocrx_word' id='word_1_828' title='bbox 1595 5467 1859 5528; x_wconf 75' lang='lat' dir='ltr'><strong>Vaticani</strong></span> <span class='ocrx_word' id='word_1_829' title='bbox 1898 5472 2107 5529; x_wconf 89' lang='lat' dir='ltr'><strong>codicis</strong></span> 
     </span>
    </p>
   </div>
   <div class='ocr_carea' id='block_1_112' title="bbox 537 5536 2107 5613">
    <p class='ocr_par' dir='ltr' id='par_1_112' title="bbox 537 5536 2107 5613">
     <span class='ocr_line' id='line_1_112' title="bbox 537 5536 2107 5613; baseline 0.006 -24"><span class='ocrx_word' id='word_1_830' title='bbox 537 5536 677 5597; x_wconf 89' lang='lat' dir='ltr'><strong>loco,</strong></span> <span class='ocrx_word' id='word_1_831' title='bbox 715 5539 821 5613; x_wconf 69' lang='lat' dir='ltr'><strong>qui</strong></span> <span class='ocrx_word' id='word_1_832' title='bbox 864 5536 1291 5613; x_wconf 69' lang='lat' dir='ltr'><strong>commodiorem</strong></span> <span class='ocrx_word' id='word_1_833' title='bbox 1328 5536 1553 5597; x_wconf 60' lang='lat' dir='ltr'><strong>&#39;nullum</strong></span> <span class='ocrx_word' id='word_1_834' title='bbox 1589 5559 1811 5600; x_wconf 86' lang='lat' dir='ltr'><strong>sensum</strong></span> <span class='ocrx_word' id='word_1_835' title='bbox 1862 5544 2107 5613; x_wconf 87' lang='lat' dir='ltr'><strong>recipere</strong></span> 
     </span>
    </p>
   </div>
   <div class='ocr_carea' id='block_1_113' title="bbox 537 5607 2108 5675">
    <p class='ocr_par' dir='ltr' id='par_1_113' title="bbox 537 5607 2108 5675">
     <span class='ocr_line' id='line_1_113' title="bbox 537 5607 2108 5675; baseline 0.004 -16"><span class='ocrx_word' id='word_1_836' title='bbox 537 5619 698 5673; x_wconf 87' lang='lat' dir='ltr'><strong>posse</strong></span> <span class='ocrx_word' id='word_1_837' title='bbox 735 5607 970 5670; x_wconf 87' lang='lat' dir='ltr'><strong>videtur,</strong></span> <span class='ocrx_word' id='word_1_838' title='bbox 1006 5619 1061 5664; x_wconf 90' lang='lat' dir='ltr'><strong>et</strong></span> <span class='ocrx_word' id='word_1_839' title='bbox 1098 5611 1332 5669; x_wconf 84' lang='lat' dir='ltr'><strong>fortasse</strong></span> <span class='ocrx_word' id='word_1_840' title='bbox 1372 5614 1447 5666; x_wconf 88' lang='lat' dir='ltr'><strong>ita</strong></span> <span class='ocrx_word' id='word_1_841' title='bbox 1496 5614 1870 5670; x_wconf 87' lang='lat' dir='ltr'><strong>restituendus</strong></span> <span class='ocrx_word' id='word_1_842' title='bbox 1904 5607 2012 5675; x_wconf 75' lang='lat' dir='ltr'><strong>est,</strong></span> <span class='ocrx_word' id='word_1_843' title='bbox 2047 5621 2108 5668; x_wconf 91' lang='grc' dir='ltr'><strong>ιιι</strong></span> 
     </span>
    </p>
   </div>
   <div class='ocr_carea' id='block_1_114' title="bbox 534 5675 2108 5754">
    <p class='ocr_par' dir='ltr' id='par_1_114' title="bbox 534 5675 2108 5754">
     <span class='ocr_line' id='line_1_114' title="bbox 534 5675 2108 5754; baseline 0.004 -26"><span class='ocrx_word' id='word_1_844' title='bbox 534 5675 800 5754; x_wconf 71' lang='lat' dir='ltr'><strong>legamus,</strong></span> <span class='ocrx_word' id='word_1_845' title='bbox 847 5676 1123 5754; x_wconf 71' lang='grc' dir='ltr'><strong>ζεόμενον,</strong></span> <span class='ocrx_word' id='word_1_846' title='bbox 1172 5685 1255 5754; x_wconf 81' lang='lat' dir='ltr'><strong>vel</strong></span> <span class='ocrx_word' id='word_1_847' title='bbox 1291 5683 1579 5753; x_wconf 81' lang='grc' dir='ltr'><strong>καιόμενον</strong></span> <span class='ocrx_word' id='word_1_848' title='bbox 1627 5685 1707 5747; x_wconf 84' lang='grc' dir='ltr'><strong>είς</strong></span> <span class='ocrx_word' id='word_1_849' title='bbox 1739 5684 1883 5754; x_wconf 76' lang='grc' dir='ltr'><strong>ὕδωρ</strong></span> <span class='ocrx_word' id='word_1_850' title='bbox 1915 5684 2108 5737; x_wconf 85' lang='grc' dir='ltr'><strong>τούτου</strong></span> 
     </span>
    </p>
   </div>
   <div class='ocr_carea' id='block_1_115' title="bbox 534 5744 2107 5825">
    <p class='ocr_par' dir='ltr' id='par_1_115' title="bbox 534 5744 2107 5825">
     <span class='ocr_line' id='line_1_115' title="bbox 534 5744 2107 5825; baseline 0.004 -25"><span class='ocrx_word' id='word_1_851' title='bbox 534 5746 708 5825; x_wconf 57' lang='grc' dir='ltr'><strong>πέρας</strong></span> <span class='ocrx_word' id='word_1_852' title='bbox 744 5744 860 5825; x_wconf 76' lang='grc' dir='ltr'><strong>βίου</strong></span> <span class='ocrx_word' id='word_1_853' title='bbox 895 5744 1067 5825; x_wconf 56' lang='grc' dir='ltr'><strong>ἐχειν·</strong></span> <span class='ocrx_word' id='word_1_854' title='bbox 1106 5744 1185 5805; x_wconf 68' lang='lat' dir='ltr'><strong>vel</strong></span> <span class='ocrx_word' id='word_1_855' title='bbox 1220 5744 1439 5825; x_wconf 42' lang='grc' dir='ltr'><strong>λαϐεῖν,</strong></span> <span class='ocrx_word' id='word_1_856' title='bbox 1473 5744 1820 5825; x_wconf 73' lang='grc' dir='ltr'><strong>κεκριμένος,</strong></span> <span class='ocrx_word' id='word_1_857' title='bbox 1852 5744 1963 5808; x_wconf 78' lang='lat' dir='ltr'><strong>hoc</strong></span> <span class='ocrx_word' id='word_1_858' title='bbox 2003 5762 2107 5817; x_wconf 87' lang='lat' dir='ltr'><strong>est,</strong></span> 
     </span>
    </p>
   </div>
   <div class='ocr_carea' id='block_1_116' title="bbox 538 5812 2107 5887">
    <p class='ocr_par' dir='ltr' id='par_1_116' title="bbox 538 5812 2107 5887">
     <span class='ocr_line' id='line_1_116' title="bbox 538 5812 2107 5887; baseline 0.006 -19"><span class='ocrx_word' id='word_1_859' title='bbox 538 5812 852 5885; x_wconf 29' lang='lat' dir='ltr'><strong>Etvfcrr‘enti</strong></span> <span class='ocrx_word' id='word_1_860' title='bbox 889 5812 1126 5887; x_wconf 40' lang='lat' dir='ltr'><strong>iri-aqua,</strong></span> <span class='ocrx_word' id='word_1_861' title='bbox 1157 5833 1210 5874; x_wconf 85' lang='lat' dir='ltr'><strong>ut</strong></span> <span class='ocrx_word' id='word_1_862' title='bbox 1244 5823 1521 5875; x_wconf 71' lang='lat' dir='ltr'><strong>mortalem</strong></span> <span class='ocrx_word' id='word_1_863' title='bbox 1556 5812 1689 5878; x_wconf 64' lang='lat' dir='ltr'><strong>lianc</strong></span> <span class='ocrx_word' id='word_1_864' title='bbox 1727 5812 1887 5879; x_wconf 71' lang='lat' dir='ltr'><strong>vitam</strong></span> <span class='ocrx_word' id='word_1_865' title='bbox 1924 5812 2107 5877; x_wconf 53' lang='lat' dir='ltr'><strong>(eruti;</strong></span> 
     </span>
    </p>
   </div>
   <div class='ocr_carea' id='block_1_117' title="bbox 533 5889 2107 5963">
    <p class='ocr_par' dir='ltr' id='par_1_117' title="bbox 533 5889 2107 5963">
     <span class='ocr_line' id='line_1_117' title="bbox 533 5889 2107 5963; baseline 0.008 -25"><span class='ocrx_word' id='word_1_866' title='bbox 533 5896 685 5942; x_wconf 80' lang='lat' dir='ltr'><strong>nam</strong></span> <span class='ocrx_word' id='word_1_867' title='bbox 710 5924 727 5954; x_wconf 92' lang='lat'><strong>,</strong></span> <span class='ocrx_word' id='word_1_868' title='bbox 770 5889 985 5955; x_wconf 81' lang='lat' dir='ltr'><strong>tyranni</strong></span> <span class='ocrx_word' id='word_1_869' title='bbox 1022 5891 1228 5945; x_wconf 80' lang='lat' dir='ltr'><strong>decreto</strong></span> <span class='ocrx_word' id='word_1_870' title='bbox 1270 5892 1481 5958; x_wconf 75' lang='lat' dir='ltr'><strong>jussus,</strong></span> <span class='ocrx_word' id='word_1_871' title='bbox 1512 5894 1567 5948; x_wconf 86' lang='lat' dir='ltr'><strong>in</strong></span> <span class='ocrx_word' id='word_1_872' title='bbox 1608 5906 1899 5963; x_wconf 80' lang='lat' dir='ltr'><strong>martyrum</strong></span> <span class='ocrx_word' id='word_1_873' title='bbox 1935 5896 2107 5951; x_wconf 76' lang='lat' dir='ltr'><strong>choris</strong></span> 
     </span>
    </p>
   </div>
  </div>
