3938 6416
218 669 478 741 ἁρμονίας
510 674 615 736 τάς
648 675 836 745 μνείας
875 680 1249 753 ἐπιτελοῦμεν.
1284 688 1348 741 Εί
1385 688 1496 762 γὰρ
1527 692 1671 747 κατὰ
1697 669 1796 766 την

217 760 317 815 τῶν
334 763 626 833 δογμάτων
648 766 929 838 ἀλήθειαν,
947 772 1123 842 μελῶν
1145 776 1298 843 τάξιν
1325 760 1616 853 ἐπέχοντες
1632 826 1647 851 ,
1679 760 1798 852 ἑνός

495 855 872 948 ἀποπληροῦσι
908 864 1090 933 σχῆμα
1114 904 1130 930 ,
1166 866 1409 939 δηλονότι
1432 850 1797 948 ηδοξαζομένου

221 959 315 1034 μου
341 943 456 1034 (21)
488 946 689 1018 μέρους
717 951 835 1016 ἐνὸς
853 991 868 1016 ,
903 953 979 1019 ὥς
1001 974 1165 1028 φησιν
1193 962 1221 1013 ό
1258 962 1577 1032 Ἀπόστολος
1598 1010 1611 1034 ,
1637 943 1800 1025 ’Συν-

216 1032 514 1098 δοξάζεται
553 1039 750 1095 πάντα
779 1043 853 1098 τὰ
879 1045 1036 1115 μέλη
1059 1088 1074 1112 ,
1121 1050 1217 1104 καὶ
1263 1053 1497 1122 μάλιστα
1531 1032 1619 1111 ἐπ’
1653 1061 1799 1113 ὲκεί-

216 1143 316 1179 νων
370 1128 482 1181 τῶν
541 1134 826 1205 μακαρίων
881 1138 975 1191 καὶ
1028 1141 1379 1200 τελειοτάτων
1420 1148 1663 1219 ἀνδρῶν,
1716 1148 1799 1218 οἷς

182 1254 188 1259 ι
217 1217 387 1272 πάντα
419 1228 707 1293 συμφωνεί
734 1227 871 1298 πρὸς
903 1230 1159 1302 ἀλήθειαν
1178 1275 1194 1299 ,
1225 1237 1320 1290 καὶ
1353 1240 1382 1292 ό
1422 1217 1622 1312 τρόπος
1668 1246 1797 1315 ὀμό-

217 1327 457 1382 γνωμος,
495 1317 594 1370 καὶ
647 1320 679 1388 ή
726 1320 908 1386 πίστις
954 1326 1242 1395 ὀμόδοξος,
1281 1331 1371 1384 καὶ
1409 1332 1485 1397 ὡς
1537 1336 1696 1390 κοινὰ
1726 1338 1794 1393 τὰ

217 1404 310 1476 τῆς
333 1406 619 1473 εὐσεϐείας
652 1411 1101 1488 πλεονεκτήματα
1133 1422 1337 1476 τούτων
1360 1465 1375 1487 ,
1405 1426 1561 1481 κοινὰ
1589 1431 1682 1482 καὶ
1729 1431 1796 1485 τὰ

217 1497 357 1569 παρᾶ
387 1499 489 1569 τῆς
528 1502 786 1572 ἀληθείας
836 1509 1307 1584 σεμνολογήματα.
1340 1517 1436 1582 Τίς
1481 1519 1537 1574 δὲ
1583 1522 1682 1576 οὐκ
1730 1525 1796 1579 ἂν

218 1590 441 1684 εὐλόγως
502 1595 730 1667 ἡσθείη,
766 1600 860 1653 καὶ
912 1603 1077 1657 αὐτοῦ
1131 1606 1226 1660 τοῦ
1271 1608 1426 1678 ἁγίου
1476 1613 1795 1684 Πνεύματος

218 1682 522 1777 πληρωθείη
552 1727 568 1752 ,
604 1688 944 1765 ἀποστολικῷ
972 1696 1118 1767 χορῷ
1162 1704 1439 1757 κοινωνεῖν
1469 1682 1792 1777 ἠξιωμένος,

1252 478 1531 538 ALTERA
1588 483 1946 548 LAUDATlO
1998 493 2059 552 S.
2098 493 2468 559 STEPHANI.

1728 602 1797 703 ᾖς
1825 612 1869 670 Α
1898 608 2363 703 nionebeneﬁciis
2381 631 2807 693 prosequantur.
2841 625 3016 684 Porro
3043 631 3315 686 neminem
3334 631 3487 703 pium

3382 515 3488 574 736

1898 702 2152 773 ignorare
2201 708 2459 777 arbitror,
2504 728 2608 770 nos
2656 715 2761 772 hac
2804 718 2894 773 die
2931 735 3041 774 non
3094 723 3273 777 solum
3314 702 3487 792 Petri,

1896 792 2084 852 Jacobi
2128 807 2180 854 et
2210 798 2463 871 Joannis,
2497 806 2594 861 sed
2627 815 2684 863 et
2732 811 2984 866 omnium
3017 812 3179 868 simul
3212 818 3489 885 apostolo-

1897 904 2021 942 rum
2071 893 2391 949 memoriam
2434 897 2740 956 celebrare.
2777 900 2835 956 Si
2886 902 3033 957 enim
3068 905 3216 975 quod
3271 908 3339 962 ad
3385 907 3487 962 do-

1897 989 2140 1049 gmatum
2183 985 2470 1042 veritatem
2503 990 2720 1057 attinet,
2766 995 3139 1049 membrorum
3173 996 3349 1052 instar
3377 999 3490 1053 disc

1899 1071 2085 1137 positi,
2132 1073 2297 1128 unius
2345 1079 2595 1146 corporis
2638 1078 2872 1135 formam
2922 1085 3262 1155 exprimunt,
3322 1095 3397 1153 et,
3442 1092 3490 1143 si

1898 1175 2060 1214 unum
2080 1166 2369 1220 membrum
2406 1168 2691 1239 gloriatur,
2724 1180 2780 1226 ut
2805 1175 2880 1228 ait
2904 1176 3198 1245 Apostolus
3216 1179 3282 1242 ²¹,
3309 1181 3489 1233 omnia

1895 1250 2061 1306 simul
2088 1258 2320 1310 membra
2357 1261 2682 1329 gloriantur,
2718 1263 2772 1318 id
2810 1266 2997 1336 utique
3035 1268 3089 1321 in
3137 1269 3315 1325 beatis
3350 1288 3490 1341 quo.

1897 1359 2005 1413 que
2047 1344 2155 1400 illis
2200 1355 2367 1418 atque
2416 1353 2785 1410 sanctissimis
2825 1356 2960 1410 viris
2994 1358 3271 1428 praecipue
3302 1361 3485 1414 locum

1897 1435 2080 1503 habet,
2113 1438 2169 1492 in
2214 1440 2412 1509 quibus
2441 1453 2640 1498 cuncta
2692 1459 2818 1499 cum
2858 1449 3090 1504 veritate
3122 1453 3485 1514 concordant,

1897 1543 2114 1582 morum
2156 1546 2349 1601 nempe
2378 1533 2706 1600 similitudo,
2739 1543 2794 1591 et
2823 1537 2877 1591 in
2905 1554 3015 1593 una
3047 1541 3351 1611 eademque
3379 1543 3486 1598 ﬁde

1899 1616 2039 1671 mira
2071 1620 2404 1689 consensio;
2436 1632 2489 1677 et
2519 1626 2984 1692 quemadmodum
3012 1631 3326 1685 communia
3356 1641 3487 1686 sunt

1895 1722 2087 1762 eorum
2119 1714 2337 1780 egregia
2374 1728 2473 1782 pro
2501 1714 2702 1783 pietate
2742 1724 2916 1787 gesta,
2954 1719 3028 1773 ita
3062 1726 3116 1775 et
3164 1736 3487 1778 communes

218 1772 287 1844 τῷ
311 1776 490 1831 πᾶσαν
539 1779 642 1850 τὴν
670 1782 993 1856 οἰκουμένην
1044 1788 1182 1859 πρὸς
1229 1792 1328 1863 τὴν
1356 1772 1652 1864 ἐπίγνωσιν
1696 1799 1795 1869 τῆς

1896 1805 2046 1862 sunt,
2074 1772 2180 1869 qui
2210 1772 2345 1871 ipsis
2374 1772 2445 1857 ob
2473 1772 2616 1859 verae
2647 1772 2771 1862 ﬁdei
2797 1808 3239 1877 praedicationem
3281 1812 3488 1884 imper-

218 1864 462 1937 ἀληθείας
500 1871 857 1943 όδηγήσαντι,
901 1877 978 1949 τῷ
1018 1881 1160 1935 κατὰ
1203 1883 1382 1955 πάσης
1410 1890 1510 1958 τῆς
1542 1864 1792 1961 οἰκουμέ-

1898 1889 2112 1945 tiuntur
2151 1891 2411 1948 honores.
2462 1894 2665 1968 Ecquis
2717 1899 2905 1954 laetitia
2955 1916 3065 1956 non
3114 1904 3310 1959 merito
3353 1922 3483 1976 per-

219 1972 308 2027 νης
332 1958 650 2016 ἁπλὼσαντι
683 1964 750 2018 τὰ
784 1965 885 2036 τῆς
916 1968 1195 2036 εὐσεϐείας
1228 1972 1440 2040 δίκτυα,
1469 1979 1564 2031 καὶ
1593 1958 1796 2033 παντα-

1902 1980 2165 2038 fundetur
2218 1991 2272 2039 et
2328 1958 2573 2056 Spiritus
2628 1992 2806 2045 sancti
2857 1992 3059 2063 gaudio
3116 1995 3315 2063 plenus
3353 1958 3485 2052 {non

218 2046 306 2118 χοῦ
333 2049 562 2120 πήξαντι
596 2054 666 2108 τὰ
703 2056 805 2127 τῆς
831 2058 1089 2130 ἀληθείας
1110 2062 1375 2137 θήρατρα,
1410 2068 1495 2121 ἵνα
1532 2070 1793 2125 συλλαϐό-

1902 2074 2222 2139 exsultabit,
2264 2046 2395 2130 dum
2439 2092 2499 2133 se
2536 2079 2820 2150 dignalum
2857 2046 3067 2153 cogitat
3109 2046 3483 2153 apostolorum

221 2157 360 2211 μενοι
407 2146 596 2198 πᾶσαν
636 2147 773 2217 ὁμοῦ
805 2149 902 2220 τὴν
949 2151 1379 2227 ἀνθρωπότητα,
1423 2158 1523 2230 τὴν
1565 2161 1668 2214 ὑπὸ
1695 2162 1796 2227 τῆς

1903 2165 2074 2219 choro
2103 2167 2535 2235 communicare,
2577 2172 2671 2241 qui
2705 2172 2892 2227 orbem
2922 2183 3095 2228 totum
3137 2177 3204 2230 ad
3236 2178 3485 2233 veritatis

220 2233 403 2299 κακίας
465 2237 824 2312 ὴγριωμένην
879 2246 1268 2315 προσαγάγωσι
1319 2249 1397 2320 τῷ
1448 2251 1799 2325 ἐξημεροῦντι

1904 2257 2274 2326 cognitionem
2324 2259 2651 2329 perduxere,
2698 2265 2790 2334 qui
2840 2280 2938 2335 per
2985 2273 3160 2322 totum
3213 2278 3485 2324 terrarum

220 2324 307 2377 καὶ
329 2325 553 2391 σώζοντι
578 2346 595 2395 ;
626 2333 732 2398 Είς
765 2331 974 2389 πᾶσαν
1006 2337 1156 2405 γοῦν
1192 2339 1308 2408 τὴν
1340 2342 1457 2411 γῆν
1485 2324 1745 2411 ἐξῆλθεν
1768 2348 1800 2400 ό

1897 2324 2086 2404 orbem
2117 2324 2341 2419 pietatis
2383 2353 2519 2406 retia
2559 2354 2924 2424 explicarunt,
2961 2366 3015 2412 et
3046 2360 3363 2431 ubicunque
3399 2364 3485 2415 Ιο-

219 2418 464 2489 φθόγγος
518 2424 746 2478 αὐτῶν.
788 2425 854 2481 Oi
907 2427 1148 2498 θεμέλιοι
1198 2434 1297 2502 τῆς
1339 2435 1703 2506 Ἐκκλησίας,
1750 2440 1800 2492 οἱ

1896 2452 2087 2492 eorum
2138 2443 2391 2496 veritatis
2443 2442 2610 2499 ﬁxere
2660 2448 2953 2516 venabula,
3001 2456 3060 2504 ut
3110 2466 3271 2507 omne
3322 2454 3487 2508 simul

222 2508 387 2564 στύλοι
415 2513 510 2567 καὶ
530 2515 607 2568 τὰ
636 2516 983 2590 έδραιώματα
1000 2522 1097 2592 τῆς
1113 2523 1388 2594 ἀληθείας,
1414 2519 1561 2580 οὗτοί
1579 2531 1715 2581 εἰσιν
1742 2532 1799 2584 αξ

1896 2527 2198 2584 humanum
2267 2548 2440 2603 genus
2495 2535 2707 2589 malitia
2754 2537 3065 2604 eﬁ‘eratum,
3105 2540 3172 2595 ad
3226 2557 3350 2596 eum
3392 2544 3484 2611 qui

219 2601 414 2659 ἀένναοι
445 2608 628 2679 πηγαὶ
648 2609 741 2664 τοῦ
773 2614 1041 2684 σωτηρίου
1062 2658 1075 2681 ,
1110 2616 1166 2670 αἳ
1198 2616 1331 2671 πολὺ
1352 2658 1367 2682 ,
1399 2621 1494 2672 καὶ
1524 2620 1796 2688 πλούσιον,

222 2694 305 2747 καὶ
335 2695 568 2764 θεοειδὲς
620 2703 766 2773 νᾶμα
803 2705 864 2757 τὸ
911 2707 1010 2777 τῆς
1064 2706 1407 2773 διδασκαλίας
1450 2712 1789 2782 προχέουσιν.

1901 2728 2105 2768 omnem
2136 2715 2320 2785 itaque
2353 2726 2549 2771 terram
2577 2721 2735 2774 exivit
2766 2738 2926 2776 sonus
2951 2739 3133 2776 eorum
3158 2727 3225 2778 ²¹.
3264 2724 3327 2777 lli
3356 2735 3488 2779 sunt

232 2784 342 2841 Ἐπὶ
385 2791 616 2857 τούτους
667 2796 813 2867 ἡμᾶς
851 2798 943 2851 καὶ
980 2801 1012 2870 ἡ
1070 2803 1381 2874 προφητικὴ
1432 2806 1795 2876 παραπέμπει

1899 2799 2163 2858 Ecclesia:
2206 2784 2597 2874 fundamenta,
2642 2817 2698 2865 et
2730 2811 2977 2866 veritatis
3010 2812 3281 2867 columna:
3319 2822 3487 2882 atque

223 2879 357 2952 φωνὴ
383 2921 397 2945 ,
424 2882 667 2952 λέγουσα
689 2902 704 2917 ⁸
759 2887 1116 2956 Ἀντλήσατε
1146 2892 1304 2963 ὕδωρ
1336 2896 1463 2964 μετ’
1497 2898 1793 2966 εὐφροσύο

1900 2895 2242 2954 l‘ulcimenta.
2306 2897 2374 2952 lli
2420 2910 2552 2955 sunt
2595 2918 2867 2973 perennes
2922 2904 3119 2959 salutis
3186 2904 3388 2967 fontes,
3455 2921 3488 2960 e

220 2984 319 3036 νης
352 2972 418 3027 ἐκ
445 2975 571 3030 τῶν
602 2976 809 3047 πηγῶν
836 2979 942 3034 τοῦ
973 2984 1293 3051 Σωτηρίου.

1898 2988 2103 3057 quibus
2133 2972 2825 3048 abundantissimidivinm
2852 2994 3119 3050 doctrinae
3150 2996 3339 3049 latices
3361 3011 3488 3064 pro-

222 3060 400 3119 ﬂuunt.
454 3067 537 3122 Ad
606 3069 773 3127 hosce
822 3087 923 3129 nos
973 3072 1052 3130 ire
1110 3075 1268 3146 jubet
1324 3078 1590 3149 propheta
1658 3095 1801 3134 cum-
1862 3081 2071 3152 inquit,
2123 3082 2402 3137 llaurietis
2455 3100 2650 3153 aquam
2737 3102 2856 3139 cum
2900 3087 3095 3157 gaudio
3142 3092 3207 3140 de
3252 3060 3486 3156 fontibus

223 3154 498 3217 Saluatoris
520 3163 600 3217 ³³.

279 3251 696 3325 Μνημονεύεται
728 3259 933 3332 Πέτρος
963 3262 997 3333 ἡ
1051 3264 1259 3336 κεφαλὴ
1297 3266 1405 3320 τῶν
1452 3267 1784 3335 ἀποστόλων,

1966 3268 2292 3326 Celebratur
2325 3269 2475 3325 Petri
2518 3271 2807 3335 memoria,
2844 3271 2937 3343 qui
2987 3271 3365 3341 apostolorum
3401 3279 3489 3327 est

223 3345 303 3398 καὶ
329 3348 709 3414 ωνδοξάζεται
745 3351 844 3422 μὲν
886 3354 1034 3423 αὑτῷ
1064 3357 1133 3411 τὰ
1164 3356 1326 3412 λοιπὰ
1359 3359 1493 3431 μέλη
1528 3363 1629 3432 της
1670 3362 1793 3415 Ἐκ·-

1895 3370 2081 3433 caput,
2124 3369 2179 3418 et
2230 3377 2339 3417 una
2382 3363 2607 3433 quidem
2650 3379 2775 3418 cum
2812 3364 2933 3433 ipso
2974 3372 3173 3419 eaatera
3225 3365 3489 3421 Ecclesiae

222 3435 427 3508 κλησίας
456 3458 471 3473 ·
510 3442 940 3514 γὲπιστηρίζεται
987 3446 1044 3499 δὲ
1087 3449 1120 3517 ἡ
1161 3448 1459 3520 Ἐκκλησία
1506 3451 1598 3505 τοῦ
1630 3451 1789 3508 Θεοῦ.

1895 3454 2137 3509 membra
2191 3454 2604 3524 gloriﬁcantur;
2643 3453 2739 3510 Dei
2792 3470 2923 3510 vero
2956 3454 3201 3510 Ecclesia
3254 3457 3308 3511 in
3366 3457 3489 3525 ipso

1897 2624 2270 2678 mansuefacit
2332 2626 2468 2681 illud
2520 2636 2684 2699 atque
2741 2630 2936 2696 salvat,
2995 2632 3381 2689 adducerent:
3419 2634 3488 2688 In
3576 2612 3586 2623 ’

223 3523 370 3595 Οὗτος
415 3534 523 3606 γάρ
571 3535 691 3588 ἐστι
720 3537 864 3590 κατὰ
890 3537 988 3609 τὴν
1017 3539 1263 3594 δοθεῖσαν
1301 3542 1452 3614 αὐτῷ
1497 3544 1651 3618 παρᾶ
1696 3542 1791 3599 τοῦ

222 3617 407 3691 Κυρίου
439 3623 720 3696 δωρεὰνὴ
772 3626 1024 3699 ἀρραγὴς
1078 3630 1173 3683 καὶ
1221 3631 1543 3704 ὀχυρωτάτη
1584 3617 1790 3707 πέτρα,

224 3709 296 3779 ἐφ’
325 3714 390 3786 ἢν
426 3716 524 3789 τὴν
565 3717 894 3790 Ἐκκλησίαν
930 3723 959 3775 ὁ
988 3722 1178 3794 Σωτὴρ
1201 3724 1542 3797 ᾠκοδόμησε.
1567 3728 1795 3799 Μνημο-

224 3802 417 3861 νεύεται
466 3811 635 3865 πάλιν
690 3812 946 3878 Ἰάκωϐος
991 3816 1084 3868 καλ¹
1121 3817 1406 3887 Ἰωάννης,
1437 3820 1531 3874 καὶ
1578 3820 1655 3884 ὡς
1687 3821 1795 3874 υἱοὶ

226 3892 432 3971 βροντῆς
461 3902 571 3957 ὑπὸ
605 3902 697 3956 τοῦ
729 3905 983 3977 Σωτῆρος
1021 3910 1570 3981 προσαγορευόμενοι,
1614 3912 1797 3977 πάσας

225 3983 416 4052 ἑαυτοῖς
460 3992 565 4055 τὰς
615 3992 983 4066 όμόροτόκους
1034 3999 1266 4068 νεφέλας
1306 3986 1793 4074 συνέπιφέρονταιυ

228 4076 554 4157 ῥηγνυμένης
595 4085 704 4159 γὰρ
754 4088 853 4159 τῆς
893 4088 1153 4159 βροντῆς,
1183 4091 1396 4164 ἀνάγκη
1434 4096 1529 4148 καὶ
1560 4096 1660 4161 τὰς
1707 4114 1797 4149 νε-

227 4168 380 4238 φέλας
427 4177 898 4250 συναθροίζεσθαι.
927 4182 1175 4250 Νεφέλας
1210 4184 1308 4254 μὲν
1357 4181 1451 4239 οὖν
1500 4188 1626 4250 τοὺς
1658 4189 1796 4243 ἀπο-

229 4264 483 4333 στολικοῦς
529 4270 630 4325 καὶ
687 4273 1061 4344 προφητικοὺς
1098 4272 1291 4343 λόγους
1325 4275 1686 4347 ὑποληπτέον,
1719 4272 1798 4333 ὧν

228 4355 271 4407 εί
300 4359 389 4414 καὶ
413 4361 663 4433 διάφοροι
691 4362 785 4417 τού
812 4364 1170 4436 κηρύγματος
1192 4367 1241 4419 οί
1269 4367 1472 4439 χρόνοι,
1506 4368 1642 4423 ἀλλὰ
1669 4370 1807 4442 σύμ-

229 4465 379 4515 φωνοι
430 4456 532 4525 τῆς
571 4456 850 4521 εὐσεϐείας
882 4458 932 4511 οἱ
962 4459 1151 4530 νόμοι·
1182 4459 1240 4526 ἐξ
1274 4460 1392 4525 ἑνὸς
1445 4461 1555 4533 γὰρ
1612 4463 1796 4527 αὐτοῖς

231 4541 428 4597 καὶτοῦ
469 4544 637 4600 αὑτοῦ
686 4547 996 4619 πνεύματος
1040 4550 1297 4623 ὥρμηται
1338 4551 1408 4605 τὰ
1460 4551 1794 4623 χαρίσματα.

1894 3548 2190 3602 solidatur.
2246 3545 2346 3603 Hic
2403 3548 2573 3613 enim,
2624 3547 2782 3617 juxta
2832 3548 3251 3618 praerogativam
3302 3548 3406 3602 sibi
3455 3564 3487 3602 a

1899 3638 2133 3694 Domino
2159 3654 2506 3708 concessam,
2546 3640 2701 3694 ﬁrma
2730 3648 2783 3695 et
2817 3638 3152 3694 solidissima
3184 3647 3340 3709 petra
3377 3648 3485 3702 est,

1896 3744 2069 3797 super
2098 3745 2263 3799 quam
2303 3729 2558 3784 Salvator
2589 3728 2894 3783 Ecclesiam
2924 3725 3236 3781 aediﬁcavit.
3278 3725 3485 3781 Memo-

1869 3820 1981 3888 ,ria
2016 3820 2259 3890 denique
2303 3819 2623 3875 celebratur
2662 3816 2879 3881 Jacobi,
2929 3825 2984 3872 et
3028 3815 3278 3881 Joannis,
3327 3823 3382 3871 et
3428 3824 3488 3870 ut

1897 3913 1995 3967 ﬁlii
2040 3912 2294 3976 tonitrui,
2342 3910 2807 3982 quemadmodum
2851 3924 2948 3966 eos
2993 3908 3259 3965 Dominus
3300 3910 3489 3979 appel-

1896 4005 2052 4070 lavit,
2111 4018 2306 4059 omnes
2369 4017 2558 4058 secum
2615 4000 2930 4057 imbriferas
2990 4001 3167 4056 nubes
3223 4001 3483 4069 trahunt;

1896 4099 2108 4154 tonitru
2148 4096 2295 4152 enim
2331 4106 2516 4151 aerem
2567 4102 2882 4165 rumpente,
2916 4109 3143 4149 necesse
3184 4100 3270 4148 est
3311 4094 3486 4151 nubes

1897 4187 2245 4258 congregari.
2298 4185 2484 4242 Nubes
2515 4186 2704 4257 itaque
2750 4187 3108 4255 apostolicos,
3161 4192 3217 4240 et
3254 4186 3488 4254 prophe-

1896 4281 2040 4336 ticos
2076 4294 2360 4336 sermones
2395 4278 2711 4348 signiﬁcare
2750 4278 3086 4334 censendum
3116 4285 3219 4343 est,
3253 4293 3485 4347 quorum

1898 4371 2003 4428 etsi
2039 4371 2299 4442 praeconii
2326 4370 2546 4424 diversa
2598 4376 2727 4425 sunt
2759 4377 3028 4439 tempora,
3063 4369 3371 4426 concordes
3407 4376 3488 4422 ta-

1899 4478 2048 4527 men,
2083 4478 2147 4517 ac
2180 4463 2342 4532 plane
2374 4461 2588 4518 similes
2621 4461 2840 4532 pietatis
2871 4467 3000 4516 sunt
3035 4462 3200 4533 leges,
3252 4477 3379 4517 cum
3419 4476 3484 4515 ex

1898 4569 2013 4609 uno
2037 4553 2344 4624 eodemque
2388 4554 2590 4625 spiritu
2636 4554 2775 4624 ipsis
2817 4553 3152 4609 charismata
3195 4569 3486 4624 promana-

242 4629 386 4689 Ἀλλὰ
425 4637 478 4691 τί
509 4641 626 4702 τοῖς
663 4638 943 4703 ἀδυνάτοις
987 4641 1257 4708 ἐπεξιέναι
1295 4643 1533 4714 τολμᾷν,
1571 4645 1666 4698 καὶ
1697 4645 1796 4714 τῆς

1905 4647 2033 4700 rint.
2093 4645 2198 4701 Sed
2232 4645 2364 4717 quid
2396 4661 2535 4716 opus
2589 4646 2751 4702 nobis
2784 4654 2868 4702 est
2918 4662 3003 4711 ea,
3054 4662 3177 4716 qua:
3225 4646 3484 4716 explicari

231 4719 576 4799 ἀποπολικῆς
603 4730 802 4802 ἀρετῆς
831 4732 1066 4798 ἐπαξίως
1091 4734 1382 4804 πειρᾶσθαι
1418 4735 1797 4806 μνημονεύειν;

235 4813 301 4865 Οὐ
326 4817 454 4889 πρὸς
482 4821 703 4892 Σίμωνα
743 4824 873 4893 ἡμῖν
894 4861 909 4887 ,
938 4823 1029 4876 τὸν
1053 4824 1161 4877 ἀπὸ
1186 4825 1286 4893 τῆς
1325 4825 1511 4889 ἁλείας
1538 4825 1800 4896 γνωριζὸ-

238 4916 401 4970 μενον,
427 4910 460 4979 ἡ
486 4910 594 4963 τῶν
622 4910 858 4965 ἐπαίνων
886 4911 1180 4983 φιλοτιμία,
1204 4913 1341 4967 ἀλλὰ
1368 4914 1504 4985 πρὸς
1524 4916 1622 4987 τὴν
1654 4916 1799 4970 ὲκεί-

237 5006 318 5045 νου
350 4998 525 5052 πίστιν
548 5000 647 5073 τὴν
677 5001 926 5072 στερεὰν,
956 5002 1049 5056 καὶ
1079 5004 1258 5073 πάσης
1285 5004 1421 5074 ὁμοῦ
1449 5005 1549 5076 τῆς
1580 5006 1802 5078 Ἐκκλη-

238 5083 345 5148 σίας
392 5089 450 5143 τδ
483 5094 782 5164 στήριγμα.
812 5093 946 5148 Οὐδὲ
977 5093 1139 5148 πάλιν
1171 5097 1308 5166 πρὸς
1356 5097 1481 5161 τοὺς
1520 5097 1671 5159 υἱοὺς
1709 5099 1803 5151 Ζε-

238 5172 435 5233 ϐεδαίου
484 5184 573 5238 τὸν
610 5184 767 5253 λόγον
812 5184 1009 5256 ἔχομεν
1033 5227 1048 5253 ,
1078 5186 1215 5239 ἀλλὰ
1253 5187 1390 5257 πρὸς
1417 5190 1542 5253 τοὺς
1570 5191 1800 5262 Βοανερ-

238 5271 363 5334 γεῖς,
392 5274 514 5339 τοὺς
546 5278 1031 5350 ἑρμηνευομένους,
1068 5279 1236 5345 υἱοὺς
1253 5280 1542 5349 βροντῆς.
1578 5283 1688 5337 Ποῦ
1704 5283 1801 5338 νῦν

174 5402 177 5407 .
242 5361 519 5431 φανήσεται
549 5369 581 5439 ἡ
631 5367 939 5441 βραχυτάτη
974 5370 1066 5424 τοῦ
1109 5371 1270 5440 λόγου
1299 5372 1452 5444 φωνὴ
1482 5413 1495 5436 ,
1531 5375 1803 5445 τοσαύτης

243 5449 327 5502 καὶ
356 5453 677 5530 τηλικαύτης
728 5461 957 5533 βροντῆς
1006 5463 1108 5527 τὰς
1171 5464 1392 5517 πάντων
1427 5464 1595 5529 ἀκοὰς
1638 5484 1800 5534 περι-

242 5543 509 5619 ηχούσης;
539 5551 750 5605 Οὐκοῦν
803 5553 935 5607 αὐτὸ
979 5554 1138 5608 τοῦτο
1175 5554 1334 5625 μόνον
1361 5554 1460 5627 τὴν
1492 5557 1630 5626 πρὸς
1678 5561 1806 5623 τοὺς
1838 5550 1862 5579 ³

247 5629 417 5702 ἇγίους
450 5641 863 5715 εὐγνωμοσύνην
883 5645 1282 5717 ἀποπληρῶσαι
1314 5647 1651 5713 σπεύσαντες
1668 5692 1683 5716 ,
1709 5651 1802 5704 ἐπὶ

312 5777 352 5808 ²¹
382 5776 400 5830 Ι
429 5783 549 5841 Cor.
578 5803 675 5852 xu,
703 5787 792 5842 26.
900 5788 947 5818 ²¹
976 5786 1120 5842 Psal.
1145 5805 1295 5856 xvm,
1326 5789 1377 5844 5.
1456 5790 1501 5821 ³³
1528 5789 1633 5846 lsa.
1667 5807 1764 5860 xu,
1795 5794 1847 5849 5.

320 5909 424 5979 (ὶί)
461 5914 754 5976 Delendum
781 5920 873 5975 hic
900 5920 1116 5977 videtur
1143 5938 1442 5993 pronomen
1474 5938 1596 5994 μου.

1856 4745 2212 4808 'nequeunt,
2261 4738 2527 4792 audacter
2570 4737 2869 4807 prosequi,
2923 4744 3088 4807 atque
3124 4736 3256 4791 eniti
3300 4744 3359 4789 ut
3397 4735 3487 4789 di-

1894 4842 2055 4897 gnam
2106 4829 2411 4898 apostolica
2440 4828 2644 4882 virtute
2687 4826 3270 4882 commemorationem
3316 4824 3487 4879 facia-

1895 4919 2058 4976 mus?
2103 4917 2223 4974 Non
2261 4921 2327 4974 ad
2364 4920 2647 4975 Simonem
2686 4918 2994 4989 piscatione
3030 4925 3231 4971 notum
3268 4922 3487 4971 nostra-

1894 5024 2019 5065 rum
2085 5011 2311 5066 laudum
2383 5011 2566 5067 studia
2616 5011 2929 5080 pertinent;
2982 5007 3076 5062 sed
3141 5007 3208 5061 ad
3275 5006 3485 5061 ﬁrmant

1902 5102 2154 5171 ejusdem
2191 5102 2376 5171 ﬁdem,
2408 5111 2463 5159 et
2490 5103 2660 5158 totius
2692 5101 2857 5157 simul
2891 5099 3150 5155 Ecclesia
3176 5097 3487 5153 ﬁrmamen-

1901 5202 2041 5248 tum.
2075 5193 2185 5250 Nec
2230 5211 2429 5251 rursus
2478 5192 2728 5250 Zebedaei
2772 5192 2917 5247 ﬁlios
2966 5191 3333 5261 alloquimur;
3389 5191 3484 5246 sed

1901 5282 2236 5355 Boanerges,
2272 5284 2418 5354 quod
2450 5284 2872 5353 interpretatum
2923 5289 3113 5346 sonat,
3150 5280 3372 5334 tonitrui
3420 5280 3486 5348 ﬁ-

1901 5375 2025 5430 (ias.
2048 5375 2277 5442 Qualem
2318 5393 2444 5432 nam
2481 5376 2639 5432 exilis
2673 5384 2861 5431 noster
2890 5388 3071 5430 sermo
3109 5387 3306 5427 sonum
3340 5371 3483 5436 edet,

1902 5465 2032 5520 dum
2084 5469 2191 5524 tale
2239 5476 2567 5539 tantumque
2613 5468 2823 5523 tonitru
2876 5466 3124 5521 omnium
3164 5480 3327 5520 aures
3371 5466 3483 5520 cir-

1899 5560 2230 5615 cumsonat?
2266 5561 2611 5633 Quapropter
2652 5558 3007 5630 quantumvis
3060 5566 3311 5613 nostrum
3353 5573 3481 5627 erga

1899 5662 2120 5709 sanctos
2149 5654 2393 5710 studium
2428 5669 2492 5709 ac
2526 5654 2725 5712 bonam
2762 5660 3007 5709 nostram
3052 5665 3185 5724 erga
3225 5651 3353 5707 illos
3384 5664 3481 5705 vo-
