  <div class='ocr_page' id='page_1' title='image "/cluster/home/n/w/nwhite01/storage/ocr_20150623/46:no.3/coo.31924054869668/377.png"; bbox 0 0 3938 6428; ppageno 0'>
   <div class='ocr_carea' id='block_1_1' title="bbox 399 457 584 526">
    <p class='ocr_par' dir='ltr' id='par_1_1' title="bbox 399 457 584 526">
     <span class='ocr_line' id='line_1_1' title="bbox 399 457 584 526; baseline 0 0"><span class='ocrx_word' id='word_1_1' title='bbox 399 457 402 462; x_wconf 86' lang='grc'><strong>’</strong></span> <span class='ocrx_word' id='word_1_2' title='bbox 479 474 584 526; x_wconf 72' lang='lat'><strong>7:5</strong></span> 
     </span>
    </p>
   </div>
   <div class='ocr_carea' id='block_1_2' title="bbox 517 464 2065 533">
    <p class='ocr_par' dir='ltr' id='par_1_2' title="bbox 517 466 2065 527">
     <span class='ocr_line' id='line_1_2' title="bbox 517 466 2065 527; baseline -0.005 0"><span class='ocrx_word' id='word_1_3' title='bbox 517 474 586 527; x_wconf 67' lang='lat'><strong>&#39;55</strong></span> <span class='ocrx_word' id='word_1_4' title='bbox 1721 469 1780 526; x_wconf 85' lang='lat' dir='ltr'><strong>S.</strong></span> <span class='ocrx_word' id='word_1_5' title='bbox 1815 466 2065 525; x_wconf 79' lang='lat' dir='ltr'><strong>GREGOI</strong></span> 
     </span>
    </p>
   </div>
   <div class='ocr_carea' id='block_1_3' title="bbox 2168 464 3706 533">
    <p class='ocr_par' dir='ltr' id='par_1_3' title="bbox 2179 464 3706 533">
     <span class='ocr_line' id='line_1_3' title="bbox 2179 464 3706 533; baseline 0.007 -12"><span class='ocrx_word' id='word_1_6' title='bbox 2179 464 2472 522; x_wconf 72' lang='lat' dir='ltr'><strong>NYSSEN‘I</strong></span> <span class='ocrx_word' id='word_1_7' title='bbox 3619 473 3706 533; x_wconf 70' lang='grc'><strong>’11⁵6</strong></span> 
     </span>
    </p>
   </div>
   <div class='ocr_carea' id='block_1_4' title="bbox 478 575 2065 651">
    <p class='ocr_par' dir='ltr' id='par_1_4' title="bbox 478 578 2055 651">
     <span class='ocr_line' id='line_1_4' title="bbox 478 578 2055 651; baseline 0.002 -19"><span class='ocrx_word' id='word_1_8' title='bbox 478 581 738 633; x_wconf 79' lang='lat' dir='ltr'><strong>luntaten:</strong></span> <span class='ocrx_word' id='word_1_9' title='bbox 793 578 1034 648; x_wconf 77' lang='lat' dir='ltr'><strong>explere,</strong></span> <span class='ocrx_word' id='word_1_10' title='bbox 1092 595 1156 636; x_wconf 89' lang='lat' dir='ltr'><strong>ea</strong></span> <span class='ocrx_word' id='word_1_11' title='bbox 1208 580 1403 636; x_wconf 79' lang='lat' dir='ltr'><strong>saltem</strong></span> <span class='ocrx_word' id='word_1_12' title='bbox 1457 580 1668 637; x_wconf 79' lang='lat' dir='ltr'><strong>ratione</strong></span> <span class='ocrx_word' id='word_1_13' title='bbox 1719 595 2055 651; x_wconf 72' lang='lat' dir='ltr'><strong>magnopere</strong></span> 
     </span>
    </p>
   </div>
   <div class='ocr_carea' id='block_1_5' title="bbox 2168 575 3706 651">
    <p class='ocr_par' dir='ltr' id='par_1_5' title="bbox 2168 575 3706 651">
     <span class='ocr_line' id='line_1_5' title="bbox 2168 575 3706 651; baseline 0.001 -18"><span class='ocrx_word' id='word_1_14' title='bbox 2168 578 2267 651; x_wconf 74' lang='grc' dir='ltr'>τὴν·</span> <span class='ocrx_word' id='word_1_15' title='bbox 2283 578 2561 633; x_wconf 81' lang='grc' dir='ltr'>ἀκίνδυνον</span> <span class='ocrx_word' id='word_1_16' title='bbox 2591 576 2803 649; x_wconf 69' lang='grc' dir='ltr'>σιωπὴν</span> <span class='ocrx_word' id='word_1_17' title='bbox 2839 575 3256 648; x_wconf 73' lang='grc' dir='ltr'>καταφεῦγομεν</span> <span class='ocrx_word' id='word_1_18' title='bbox 3278 615 3296 643; x_wconf 83' lang='grc'><em>,</em></span> <span class='ocrx_word' id='word_1_19' title='bbox 3343 579 3516 633; x_wconf 80' lang='grc' dir='ltr'>ἐκεῖνο</span> <span class='ocrx_word' id='word_1_20' title='bbox 3556 581 3706 646; x_wconf 73' lang='grc' dir='ltr'>καλῶς</span> 
     </span>
    </p>
   </div>
   <div class='ocr_carea' id='block_1_6' title="bbox 474 671 2058 743">
    <p class='ocr_par' dir='ltr' id='par_1_6' title="bbox 474 671 2058 743">
     <span class='ocr_line' id='line_1_6' title="bbox 474 671 2058 743; baseline 0.004 -21"><span class='ocrx_word' id='word_1_21' title='bbox 474 685 822 738; x_wconf 87' lang='lat' dir='ltr'><strong>cuperemus,</strong></span> <span class='ocrx_word' id='word_1_22' title='bbox 852 672 915 724; x_wconf 88' lang='lat' dir='ltr'><strong>ad</strong></span> <span class='ocrx_word' id='word_1_23' title='bbox 943 671 1222 726; x_wconf 92' lang='lat' dir='ltr'><strong>silentium</strong></span> <span class='ocrx_word' id='word_1_24' title='bbox 1249 683 1428 728; x_wconf 90' lang='lat' dir='ltr'><strong>tamen</strong></span> <span class='ocrx_word' id='word_1_25' title='bbox 1456 673 1681 743; x_wconf 80' lang='lat' dir='ltr'><strong>periculi</strong></span> <span class='ocrx_word' id='word_1_26' title='bbox 1709 689 1905 743; x_wconf 76' lang='lat' dir='ltr'><strong>expers</strong></span> <span class='ocrx_word' id='word_1_27' title='bbox 1930 690 2058 728; x_wconf 84' lang='lat' dir='ltr'><strong>con-</strong></span> 
     </span>
    </p>
   </div>
   <div class='ocr_carea' id='block_1_7' title="bbox 432 754 2060 835">
    <p class='ocr_par' dir='ltr' id='par_1_7' title="bbox 432 754 2060 835">
     <span class='ocr_line' id='line_1_7' title="bbox 432 754 2060 835; baseline 0.003 -21"><span class='ocrx_word' id='word_1_28' title='bbox 432 754 439 759; x_wconf 73' lang='grc'><em>’</em></span> <span class='ocrx_word' id='word_1_29' title='bbox 475 758 738 830; x_wconf 81' lang='lat' dir='ltr'><strong>fugimus,</strong></span> <span class='ocrx_word' id='word_1_30' title='bbox 773 762 975 831; x_wconf 92' lang='lat' dir='ltr'><strong>quippe</strong></span> <span class='ocrx_word' id='word_1_31' title='bbox 1005 763 1098 832; x_wconf 90' lang='lat' dir='ltr'><strong>qui</strong></span> <span class='ocrx_word' id='word_1_32' title='bbox 1133 764 1340 835; x_wconf 91' lang='lat' dir='ltr'><strong>optime</strong></span> <span class='ocrx_word' id='word_1_33' title='bbox 1375 767 1650 828; x_wconf 85' lang='lat' dir='ltr'><strong>novimus,</strong></span> <span class='ocrx_word' id='word_1_34' title='bbox 1696 779 1796 818; x_wconf 91' lang='lat' dir='ltr'><strong>nos</strong></span> <span class='ocrx_word' id='word_1_35' title='bbox 1827 772 1939 818; x_wconf 86' lang='lat' dir='ltr'><strong>tum</strong></span> <span class='ocrx_word' id='word_1_36' title='bbox 1967 764 2060 819; x_wconf 88' lang='lat' dir='ltr'><strong>de-</strong></span> 
     </span>
    </p>
   </div>
   <div class='ocr_carea' id='block_1_8' title="bbox 476 853 2060 925">
    <p class='ocr_par' dir='ltr' id='par_1_8' title="bbox 476 853 2060 925">
     <span class='ocr_line' id='line_1_8' title="bbox 476 853 2060 925; baseline 0.003 -21"><span class='ocrx_word' id='word_1_37' title='bbox 476 867 626 905; x_wconf 88' lang='lat' dir='ltr'><strong>mum</strong></span> <span class='ocrx_word' id='word_1_38' title='bbox 669 853 865 923; x_wconf 82' lang='lat' dir='ltr'><strong>dignos</strong></span> <span class='ocrx_word' id='word_1_39' title='bbox 899 853 1037 916; x_wconf 84' lang='lat' dir='ltr'><strong>fore,</strong></span> <span class='ocrx_word' id='word_1_40' title='bbox 1091 857 1184 925; x_wconf 91' lang='lat' dir='ltr'><strong>qui</strong></span> <span class='ocrx_word' id='word_1_41' title='bbox 1226 864 1540 911; x_wconf 87' lang='lat' dir='ltr'><strong>sanctormn</strong></span> <span class='ocrx_word' id='word_1_42' title='bbox 1591 857 1866 912; x_wconf 70' lang='lat' dir='ltr'><strong>memoria:</strong></span> <span class='ocrx_word' id='word_1_43' title='bbox 1911 872 2060 910; x_wconf 87' lang='lat' dir='ltr'><strong>com-</strong></span> 
     </span>
    </p>
   </div>
   <div class='ocr_carea' id='block_1_9' title="bbox 478 943 2062 1018">
    <p class='ocr_par' dir='ltr' id='par_1_9' title="bbox 478 943 2062 1018">
     <span class='ocr_line' id='line_1_9' title="bbox 478 943 2062 1018; baseline 0.004 -20"><span class='ocrx_word' id='word_1_44' title='bbox 478 943 860 1009; x_wconf 84' lang='lat' dir='ltr'><strong>municenms,</strong></span> <span class='ocrx_word' id='word_1_45' title='bbox 921 947 964 1001; x_wconf 91' lang='lat' dir='ltr'><strong>si</strong></span> <span class='ocrx_word' id='word_1_46' title='bbox 1018 963 1208 1003; x_wconf 90' lang='lat' dir='ltr'><strong>eorum</strong></span> <span class='ocrx_word' id='word_1_47' title='bbox 1266 949 1498 1004; x_wconf 76' lang='lat' dir='ltr'><strong>virtutes</strong></span> <span class='ocrx_word' id='word_1_48' title='bbox 1558 947 1840 1004; x_wconf 86' lang='lat' dir='ltr'><strong>imitemur</strong></span> <span class='ocrx_word' id='word_1_49' title='bbox 1897 956 2062 1018; x_wconf 88' lang='lat' dir='ltr'><strong>atque</strong></span> 
     </span>
    </p>
   </div>
   <div class='ocr_carea' id='block_1_10' title="bbox 478 1036 2060 1110">
    <p class='ocr_par' dir='ltr' id='par_1_10' title="bbox 478 1036 2060 1110">
     <span class='ocr_line' id='line_1_10' title="bbox 478 1036 2060 1110; baseline 0.004 -21"><span class='ocrx_word' id='word_1_50' title='bbox 478 1036 842 1105; x_wconf 70' lang='lat' dir='ltr'><strong>mmulemur;</strong></span> <span class='ocrx_word' id='word_1_51' title='bbox 888 1054 995 1092; x_wconf 88' lang='lat' dir='ltr'><strong>non</strong></span> <span class='ocrx_word' id='word_1_52' title='bbox 1035 1040 1276 1107; x_wconf 89' lang='lat' dir='ltr'><strong>ipsorum</strong></span> <span class='ocrx_word' id='word_1_53' title='bbox 1311 1050 1462 1110; x_wconf 78' lang='lat' dir='ltr'><strong>gesta</strong></span> <span class='ocrx_word' id='word_1_54' title='bbox 1516 1041 1870 1096; x_wconf 84' lang='lat' dir='ltr'><strong>sermonibus</strong></span> <span class='ocrx_word' id='word_1_55' title='bbox 1913 1040 2060 1095; x_wconf 86' lang='lat' dir='ltr'><strong>cele-</strong></span> 
     </span>
    </p>
   </div>
   <div class='ocr_carea' id='block_1_11' title="bbox 478 1125 2056 1203">
    <p class='ocr_par' dir='ltr' id='par_1_11' title="bbox 478 1125 2056 1203">
     <span class='ocr_line' id='line_1_11' title="bbox 478 1125 2056 1203; baseline 0.003 -23"><span class='ocrx_word' id='word_1_56' title='bbox 478 1125 732 1190; x_wconf 86' lang='lat' dir='ltr'><strong>brantes,</strong></span> <span class='ocrx_word' id='word_1_57' title='bbox 773 1129 866 1181; x_wconf 88' lang='lat' dir='ltr'><strong>sed</strong></span> <span class='ocrx_word' id='word_1_58' title='bbox 902 1144 1090 1183; x_wconf 91' lang='lat' dir='ltr'><strong>eorum</strong></span> <span class='ocrx_word' id='word_1_59' title='bbox 1129 1145 1308 1186; x_wconf 89' lang='lat' dir='ltr'><strong>mores</strong></span> <span class='ocrx_word' id='word_1_60' title='bbox 1341 1131 1416 1184; x_wconf 88' lang='lat' dir='ltr'><strong>ita</strong></span> <span class='ocrx_word' id='word_1_61' title='bbox 1468 1132 1654 1187; x_wconf 89' lang='lat' dir='ltr'><strong>animo</strong></span> <span class='ocrx_word' id='word_1_62' title='bbox 1685 1132 2056 1203; x_wconf 82' lang='lat' dir='ltr'><strong>complecten-</strong></span> 
     </span>
    </p>
   </div>
   <div class='ocr_carea' id='block_1_12' title="bbox 479 1221 2059 1296">
    <p class='ocr_par' dir='ltr' id='par_1_12' title="bbox 479 1221 2059 1296">
     <span class='ocr_line' id='line_1_12' title="bbox 479 1221 2059 1296; baseline 0.003 -24"><span class='ocrx_word' id='word_1_63' title='bbox 479 1225 584 1282; x_wconf 88' lang='lat' dir='ltr'><strong>tcs,</strong></span> <span class='ocrx_word' id='word_1_64' title='bbox 619 1227 675 1272; x_wconf 90' lang='lat' dir='ltr'><strong>ut</strong></span> <span class='ocrx_word' id='word_1_65' title='bbox 719 1235 814 1274; x_wconf 90' lang='lat' dir='ltr'><strong>eos</strong></span> <span class='ocrx_word' id='word_1_66' title='bbox 855 1221 995 1276; x_wconf 89' lang='lat' dir='ltr'><strong>elabi</strong></span> <span class='ocrx_word' id='word_1_67' title='bbox 1039 1238 1344 1293; x_wconf 84' lang='lat' dir='ltr'><strong>nunquam,</strong></span> <span class='ocrx_word' id='word_1_68' title='bbox 1379 1239 1442 1280; x_wconf 91' lang='lat' dir='ltr'><strong>ac</strong></span> <span class='ocrx_word' id='word_1_69' title='bbox 1479 1225 1733 1282; x_wconf 81' lang='lat' dir='ltr'><strong>excidere</strong></span> <span class='ocrx_word' id='word_1_70' title='bbox 1765 1226 2059 1296; x_wconf 89' lang='lat' dir='ltr'><strong>patiamur.</strong></span> 
     </span>
    </p>
   </div>
   <div class='ocr_carea' id='block_1_13' title="bbox 479 1309 2059 1387">
    <p class='ocr_par' dir='ltr' id='par_1_13' title="bbox 479 1309 2059 1387">
     <span class='ocr_line' id='line_1_13' title="bbox 479 1309 2059 1387; baseline 0.005 -23"><span class='ocrx_word' id='word_1_71' title='bbox 479 1309 590 1366; x_wconf 76' lang='lat' dir='ltr'><strong>Nos</strong></span> <span class='ocrx_word' id='word_1_72' title='bbox 624 1313 772 1365; x_wconf 87' lang='lat' dir='ltr'><strong>enim</strong></span> <span class='ocrx_word' id='word_1_73' title='bbox 815 1328 980 1369; x_wconf 90' lang='lat' dir='ltr'><strong>veros</strong></span> <span class='ocrx_word' id='word_1_74' title='bbox 1021 1329 1212 1369; x_wconf 89' lang='lat' dir='ltr'><strong>eorum</strong></span> <span class='ocrx_word' id='word_1_75' title='bbox 1256 1315 1566 1387; x_wconf 77' lang='lat' dir='ltr'><strong>discipulos</strong></span> <span class='ocrx_word' id='word_1_76' title='bbox 1612 1332 1736 1373; x_wconf 90' lang='lat' dir='ltr'><strong>esse</strong></span> <span class='ocrx_word' id='word_1_77' title='bbox 1779 1332 1888 1371; x_wconf 91' lang='lat' dir='ltr'><strong>non</strong></span> <span class='ocrx_word' id='word_1_78' title='bbox 1922 1315 2059 1372; x_wconf 80' lang='lat' dir='ltr'><strong>festa</strong></span> 
     </span>
    </p>
   </div>
   <div class='ocr_carea' id='block_1_14' title="bbox 480 1401 2059 1476">
    <p class='ocr_par' dir='ltr' id='par_1_14' title="bbox 480 1401 2059 1476">
     <span class='ocr_line' id='line_1_14' title="bbox 480 1401 2059 1476; baseline 0.004 -22"><span class='ocrx_word' id='word_1_79' title='bbox 480 1401 884 1458; x_wconf 87' lang='lat' dir='ltr'><strong>inconsiderate</strong></span> <span class='ocrx_word' id='word_1_80' title='bbox 929 1413 986 1459; x_wconf 87' lang='lat' dir='ltr'><strong>et</strong></span> <span class='ocrx_word' id='word_1_81' title='bbox 1037 1422 1134 1476; x_wconf 91' lang='lat' dir='ltr'><strong>pro</strong></span> <span class='ocrx_word' id='word_1_82' title='bbox 1169 1408 1571 1462; x_wconf 87' lang='lat' dir='ltr'><strong>consuetudine</strong></span> <span class='ocrx_word' id='word_1_83' title='bbox 1609 1408 1916 1474; x_wconf 84' lang='lat' dir='ltr'><strong>celebrata;</strong></span> <span class='ocrx_word' id='word_1_84' title='bbox 1965 1408 2059 1464; x_wconf 91' lang='lat' dir='ltr'><strong>sed</strong></span> 
     </span>
    </p>
   </div>
   <div class='ocr_carea' id='block_1_15' title="bbox 476 1483 2059 1568">
    <p class='ocr_par' dir='ltr' id='par_1_15' title="bbox 476 1483 2059 1568">
     <span class='ocr_line' id='line_1_15' title="bbox 476 1483 2059 1568; baseline 0.006 -24"><span class='ocrx_word' id='word_1_85' title='bbox 476 1483 730 1563; x_wconf 78' lang='lat' dir='ltr'><strong>religiosa</strong></span> <span class='ocrx_word' id='word_1_86' title='bbox 763 1495 960 1564; x_wconf 87' lang='lat' dir='ltr'><strong>pietas,</strong></span> <span class='ocrx_word' id='word_1_87' title='bbox 995 1483 1296 1568; x_wconf 81' lang='lat' dir='ltr'><strong>eademque</strong></span> <span class='ocrx_word' id='word_1_88' title='bbox 1321 1499 1537 1556; x_wconf 84' lang='lat' dir='ltr'><strong>vivendi</strong></span> <span class='ocrx_word' id='word_1_89' title='bbox 1573 1501 1734 1567; x_wconf 86' lang='lat' dir='ltr'><strong>ratio,</strong></span> <span class='ocrx_word' id='word_1_90' title='bbox 1768 1507 1821 1555; x_wconf 87' lang='lat' dir='ltr'><strong>et</strong></span> <span class='ocrx_word' id='word_1_91' title='bbox 1845 1515 2059 1554; x_wconf 88' lang='lat' dir='ltr'><strong>morum</strong></span> 
     </span>
    </p>
   </div>
   <div class='ocr_carea' id='block_1_16' title="bbox 483 1585 2059 1664">
    <p class='ocr_par' dir='ltr' id='par_1_16' title="bbox 483 1585 2059 1664">
     <span class='ocr_line' id='line_1_16' title="bbox 483 1585 2059 1664; baseline 0.003 -26"><span class='ocrx_word' id='word_1_92' title='bbox 483 1585 788 1638; x_wconf 81' lang='lat' dir='ltr'><strong>similitudo</strong></span> <span class='ocrx_word' id='word_1_93' title='bbox 823 1586 1245 1644; x_wconf 83' lang='lat' dir='ltr'><strong>demonstrabit.</strong></span> <span class='ocrx_word' id='word_1_94' title='bbox 1283 1589 1571 1646; x_wconf 83' lang='lat' dir='ltr'><strong>Veneraris</strong></span> <span class='ocrx_word' id='word_1_95' title='bbox 1611 1599 1912 1664; x_wconf 83' lang='lat' dir='ltr'><strong>martyrum</strong></span> <span class='ocrx_word' id='word_1_96' title='bbox 1947 1607 2059 1643; x_wconf 80' lang='lat' dir='ltr'><strong>me—</strong></span> 
     </span>
    </p>
   </div>
   <div class='ocr_carea' id='block_1_17' title="bbox 480 1677 2057 1752">
    <p class='ocr_par' dir='ltr' id='par_1_17' title="bbox 480 1677 2057 1752">
     <span class='ocr_line' id='line_1_17' title="bbox 480 1677 2057 1752; baseline 0.006 -26"><span class='ocrx_word' id='word_1_97' title='bbox 480 1677 702 1740; x_wconf 87' lang='lat' dir='ltr'><strong>morias,</strong></span> <span class='ocrx_word' id='word_1_98' title='bbox 739 1679 1056 1734; x_wconf 89' lang='lat' dir='ltr'><strong>eorumdem</strong></span> <span class='ocrx_word' id='word_1_99' title='bbox 1100 1697 1320 1752; x_wconf 84' lang='lat' dir='ltr'><strong>quoque</strong></span> <span class='ocrx_word' id='word_1_100' title='bbox 1369 1683 1708 1752; x_wconf 91' lang='lat' dir='ltr'><strong>propositum</strong></span> <span class='ocrx_word' id='word_1_101' title='bbox 1746 1699 2009 1738; x_wconf 88' lang='lat' dir='ltr'><strong>venerare</strong></span> <span class='ocrx_word' id='word_1_102' title='bbox 2045 1700 2057 1735; x_wconf 90' lang='lat'><strong>:</strong></span> 
     </span>
    </p>
   </div>
   <div class='ocr_carea' id='block_1_18' title="bbox 480 1773 2060 1837">
    <p class='ocr_par' dir='ltr' id='par_1_18' title="bbox 480 1773 2060 1837">
     <span class='ocr_line' id='line_1_18' title="bbox 480 1773 2060 1837; baseline 0.004 -20"><span class='ocrx_word' id='word_1_103' title='bbox 480 1773 611 1818; x_wconf 89' lang='lat' dir='ltr'><strong>tunc</strong></span> <span class='ocrx_word' id='word_1_104' title='bbox 667 1783 902 1837; x_wconf 75' lang='lat' dir='ltr'><strong>namque</strong></span> <span class='ocrx_word' id='word_1_105' title='bbox 942 1778 1262 1825; x_wconf 89' lang='lat' dir='ltr'><strong>sanctorum</strong></span> <span class='ocrx_word' id='word_1_106' title='bbox 1319 1773 1597 1828; x_wconf 87' lang='lat' dir='ltr'><strong>memoriis</strong></span> <span class='ocrx_word' id='word_1_107' title='bbox 1642 1787 1770 1827; x_wconf 90' lang='lat' dir='ltr'><strong>vere</strong></span> <span class='ocrx_word' id='word_1_108' title='bbox 1809 1788 2060 1826; x_wconf 87' lang='lat' dir='ltr'><strong>commu-</strong></span> 
     </span>
    </p>
   </div>
   <div class='ocr_carea' id='block_1_19' title="bbox 482 1857 2059 1923">
    <p class='ocr_par' dir='ltr' id='par_1_19' title="bbox 482 1857 2059 1923">
     <span class='ocr_line' id='line_1_19' title="bbox 482 1857 2059 1923; baseline 0.006 -15"><span class='ocrx_word' id='word_1_109' title='bbox 482 1857 751 1923; x_wconf 86' lang='lat' dir='ltr'><strong>nicamus,</strong></span> <span class='ocrx_word' id='word_1_110' title='bbox 783 1874 906 1912; x_wconf 90' lang='lat' dir='ltr'><strong>cum</strong></span> <span class='ocrx_word' id='word_1_111' title='bbox 951 1874 1142 1914; x_wconf 89' lang='lat' dir='ltr'><strong>eorum</strong></span> <span class='ocrx_word' id='word_1_112' title='bbox 1181 1862 1307 1915; x_wconf 67' lang='lat' dir='ltr'><strong>vitae</strong></span> <span class='ocrx_word' id='word_1_113' title='bbox 1338 1861 1586 1917; x_wconf 86' lang='lat' dir='ltr'><strong>instituta</strong></span> <span class='ocrx_word' id='word_1_114' title='bbox 1613 1873 1907 1918; x_wconf 86' lang='lat' dir='ltr'><strong>sectamur.</strong></span> <span class='ocrx_word' id='word_1_115' title='bbox 1945 1862 2059 1916; x_wconf 77' lang='lat' dir='ltr'><strong>Non</strong></span> 
     </span>
    </p>
   </div>
   <div class='ocr_carea' id='block_1_20' title="bbox 2161 668 3708 740">
    <p class='ocr_par' dir='ltr' id='par_1_20' title="bbox 2161 668 3708 740">
     <span class='ocr_line' id='line_1_20' title="bbox 2161 668 3708 740; baseline 0 -15"><span class='ocrx_word' id='word_1_116' title='bbox 2161 671 2366 734; x_wconf 77' lang='grc' dir='ltr'>εἰδότες</span> <span class='ocrx_word' id='word_1_117' title='bbox 2387 710 2402 735; x_wconf 86' lang='grc'><em>,</em></span> <span class='ocrx_word' id='word_1_118' title='bbox 2430 671 2506 734; x_wconf 83' lang='grc' dir='ltr'>ὡς</span> <span class='ocrx_word' id='word_1_119' title='bbox 2549 669 2632 723; x_wconf 77' lang='grc' dir='ltr'><strong>ἐνὶ</strong></span> <span class='ocrx_word' id='word_1_120' title='bbox 2677 668 2854 740; x_wconf 81' lang='grc' dir='ltr'>τούτῳ</span> <span class='ocrx_word' id='word_1_121' title='bbox 2887 668 3000 740; x_wconf 71' lang='grc'><strong>(22)</strong></span> <span class='ocrx_word' id='word_1_122' title='bbox 3036 671 3156 732; x_wconf 85' lang='grc' dir='ltr'>ταῖς</span> <span class='ocrx_word' id='word_1_123' title='bbox 3206 669 3413 739; x_wconf 86' lang='grc' dir='ltr'>μνείαις</span> <span class='ocrx_word' id='word_1_124' title='bbox 3438 671 3539 724; x_wconf 84' lang='grc' dir='ltr'><strong>τῶν</strong></span> <span class='ocrx_word' id='word_1_125' title='bbox 3565 674 3708 740; x_wconf 75' lang='grc' dir='ltr'>ἁγίων</span> 
     </span>
    </p>
   </div>
   <div class='ocr_carea' id='block_1_21' title="bbox 2164 755 3708 830">
    <p class='ocr_par' dir='ltr' id='par_1_21' title="bbox 2164 755 3708 830">
     <span class='ocr_line' id='line_1_21' title="bbox 2164 755 3708 830; baseline 0.001 -20"><span class='ocrx_word' id='word_1_126' title='bbox 2164 758 2440 810; x_wconf 81' lang='grc' dir='ltr'><strong>κοινωνεῖν</strong></span> <span class='ocrx_word' id='word_1_127' title='bbox 2473 755 2792 826; x_wconf 75' lang='grc' dir='ltr'>ἀξιούμεθα,</span> <span class='ocrx_word' id='word_1_128' title='bbox 2822 757 2882 810; x_wconf 87' lang='grc' dir='ltr'><strong>ἐν</strong></span> <span class='ocrx_word' id='word_1_129' title='bbox 2914 755 2993 828; x_wconf 78' lang='grc' dir='ltr'>τῷ</span> <span class='ocrx_word' id='word_1_130' title='bbox 3024 755 3122 820; x_wconf 79' lang='grc' dir='ltr'>τὰς</span> <span class='ocrx_word' id='word_1_131' title='bbox 3159 757 3382 811; x_wconf 75' lang='grc' dir='ltr'>ἐκείνων</span> <span class='ocrx_word' id='word_1_132' title='bbox 3406 758 3593 828; x_wconf 77' lang='grc' dir='ltr'>ἀρετὰς</span> <span class='ocrx_word' id='word_1_133' title='bbox 3637 778 3708 830; x_wconf 84' lang='grc' dir='ltr'><strong>μι-</strong></span> 
     </span>
    </p>
   </div>
   <div class='ocr_carea' id='block_1_22' title="bbox 2165 846 3712 920">
    <p class='ocr_par' dir='ltr' id='par_1_22' title="bbox 2165 846 3712 920">
     <span class='ocr_line' id='line_1_22' title="bbox 2165 846 3712 920; baseline -0.009 -18"><span class='ocrx_word' id='word_1_134' title='bbox 2165 846 2384 918; x_wconf 82' lang='grc' dir='ltr'>μεῖσθαι</span> <span class='ocrx_word' id='word_1_135' title='bbox 2416 847 2509 900; x_wconf 80' lang='grc' dir='ltr'>καὶ</span> <span class='ocrx_word' id='word_1_136' title='bbox 2539 846 2758 918; x_wconf 77' lang='grc' dir='ltr'><strong>ζηλοῦνο</strong></span> <span class='ocrx_word' id='word_1_137' title='bbox 2813 848 2915 901; x_wconf 86' lang='grc' dir='ltr'>οὐκ</span> <span class='ocrx_word' id='word_1_138' title='bbox 2969 849 3026 900; x_wconf 86' lang='grc' dir='ltr'><strong>ἐν</strong></span> <span class='ocrx_word' id='word_1_139' title='bbox 3057 846 3138 918; x_wconf 83' lang='grc' dir='ltr'>τῷ</span> <span class='ocrx_word' id='word_1_140' title='bbox 3175 847 3318 919; x_wconf 80' lang='grc' dir='ltr'><strong>λόγῳ</strong></span> <span class='ocrx_word' id='word_1_141' title='bbox 3362 849 3712 920; x_wconf 63' lang='grc' dir='ltr'><strong>περιφέροντες</strong></span> 
     </span>
    </p>
   </div>
   <div class='ocr_carea' id='block_1_23' title="bbox 2162 937 3714 1012">
    <p class='ocr_par' dir='ltr' id='par_1_23' title="bbox 2162 937 3714 1012">
     <span class='ocr_line' id='line_1_23' title="bbox 2162 937 3714 1012; baseline 0 -18"><span class='ocrx_word' id='word_1_142' title='bbox 2162 939 2341 994; x_wconf 83' lang='grc' dir='ltr'>αὐτῶν</span> <span class='ocrx_word' id='word_1_143' title='bbox 2365 940 2454 993; x_wconf 85' lang='grc' dir='ltr'><strong>τὸν</strong></span> <span class='ocrx_word' id='word_1_144' title='bbox 2484 937 2616 1010; x_wconf 82' lang='grc' dir='ltr'>βίον,</span> <span class='ocrx_word' id='word_1_145' title='bbox 2645 939 2758 993; x_wconf 82' lang='grc' dir='ltr'>ἀλλ’</span> <span class='ocrx_word' id='word_1_146' title='bbox 2789 941 2846 992; x_wconf 82' lang='grc' dir='ltr'><strong>ἐν</strong></span> <span class='ocrx_word' id='word_1_147' title='bbox 2877 942 2944 1012; x_wconf 80' lang='grc' dir='ltr'>τῇ</span> <span class='ocrx_word' id='word_1_148' title='bbox 2975 938 3166 1011; x_wconf 80' lang='grc' dir='ltr'>γνώμῃ</span> <span class='ocrx_word' id='word_1_149' title='bbox 3195 939 3539 1004; x_wconf 79' lang='grc' dir='ltr'><strong>διασώζοντες</strong></span> <span class='ocrx_word' id='word_1_150' title='bbox 3561 943 3714 995; x_wconf 77' lang='grc' dir='ltr'>αὐτῶν</span> 
     </span>
    </p>
   </div>
   <div class='ocr_carea' id='block_1_24' title="bbox 2162 1030 3714 1104">
    <p class='ocr_par' dir='ltr' id='par_1_24' title="bbox 2162 1030 3714 1104">
     <span class='ocr_line' id='line_1_24' title="bbox 2162 1030 3714 1104; baseline -0.001 -18"><span class='ocrx_word' id='word_1_151' title='bbox 2162 1032 2253 1086; x_wconf 80' lang='grc' dir='ltr'><strong>τὸν</strong></span> <span class='ocrx_word' id='word_1_152' title='bbox 2284 1031 2503 1104; x_wconf 85' lang='grc' dir='ltr'>τρόπον.</span> <span class='ocrx_word' id='word_1_153' title='bbox 2548 1030 2845 1098; x_wconf 77' lang='grc' dir='ltr'>Ἀποδείξει</span> <span class='ocrx_word' id='word_1_154' title='bbox 2897 1030 3008 1103; x_wconf 85' lang='grc' dir='ltr'><strong>γὰρ</strong></span> <span class='ocrx_word' id='word_1_155' title='bbox 3036 1033 3184 1102; x_wconf 77' lang='grc' dir='ltr'>ἡμᾶς</span> <span class='ocrx_word' id='word_1_156' title='bbox 3229 1031 3451 1084; x_wconf 76' lang='grc' dir='ltr'>ἐκείνων</span> <span class='ocrx_word' id='word_1_157' title='bbox 3492 1033 3714 1100; x_wconf 75' lang='grc' dir='ltr'>γνησίους</span> 
     </span>
    </p>
   </div>
   <div class='ocr_carea' id='block_1_25' title="bbox 2167 1121 3716 1196">
    <p class='ocr_par' dir='ltr' id='par_1_25' title="bbox 2167 1121 3716 1196">
     <span class='ocr_line' id='line_1_25' title="bbox 2167 1121 3716 1196; baseline -0.002 -19"><span class='ocrx_word' id='word_1_158' title='bbox 2167 1124 2449 1196; x_wconf 71' lang='grc' dir='ltr'>μαθητὰς,</span> <span class='ocrx_word' id='word_1_159' title='bbox 2485 1123 2546 1176; x_wconf 84' lang='grc' dir='ltr'><strong>οὐ</strong></span> <span class='ocrx_word' id='word_1_160' title='bbox 2589 1123 2845 1193; x_wconf 81' lang='grc' dir='ltr'>συνήθεια</span> <span class='ocrx_word' id='word_1_161' title='bbox 2892 1123 3029 1193; x_wconf 82' lang='grc' dir='ltr'>μετὰ</span> <span class='ocrx_word' id='word_1_162' title='bbox 3062 1121 3315 1192; x_wconf 82' lang='grc' dir='ltr'><strong>ἀλογίας,</strong></span> <span class='ocrx_word' id='word_1_163' title='bbox 3353 1121 3464 1175; x_wconf 78' lang='grc' dir='ltr'>ἀλλ’</span> <span class='ocrx_word' id='word_1_164' title='bbox 3497 1121 3716 1174; x_wconf 78' lang='grc' dir='ltr'>εὐσέϐεια</span> 
     </span>
    </p>
   </div>
   <div class='ocr_carea' id='block_1_26' title="bbox 2165 1214 3714 1288">
    <p class='ocr_par' dir='ltr' id='par_1_26' title="bbox 2165 1214 3714 1288">
     <span class='ocr_line' id='line_1_26' title="bbox 2165 1214 3714 1288; baseline -0.003 -18"><span class='ocrx_word' id='word_1_165' title='bbox 2165 1217 2305 1288; x_wconf 79' lang='grc' dir='ltr'>μετὰ</span> <span class='ocrx_word' id='word_1_166' title='bbox 2340 1215 2656 1280; x_wconf 74' lang='grc' dir='ltr'>εὐλαϐείας,</span> <span class='ocrx_word' id='word_1_167' title='bbox 2691 1216 2787 1268; x_wconf 72' lang='grc' dir='ltr'><strong>καὶ</strong></span> <span class='ocrx_word' id='word_1_168' title='bbox 2833 1218 2861 1269; x_wconf 90' lang='lat'><strong>6</strong></span> <span class='ocrx_word' id='word_1_169' title='bbox 2904 1215 3017 1286; x_wconf 85' lang='grc' dir='ltr'>βίος</span> <span class='ocrx_word' id='word_1_170' title='bbox 3056 1214 3338 1285; x_wconf 80' lang='grc' dir='ltr'>ὁμόδοξος,</span> <span class='ocrx_word' id='word_1_171' title='bbox 3375 1215 3466 1268; x_wconf 76' lang='grc' dir='ltr'>καὶ</span> <span class='ocrx_word' id='word_1_172' title='bbox 3494 1215 3520 1266; x_wconf 93' lang='lat'><strong>6</strong></span> <span class='ocrx_word' id='word_1_173' title='bbox 3545 1214 3714 1284; x_wconf 77' lang='grc' dir='ltr'>τρόπος</span> 
     </span>
    </p>
   </div>
   <div class='ocr_carea' id='block_1_27' title="bbox 2162 1305 3715 1379">
    <p class='ocr_par' dir='ltr' id='par_1_27' title="bbox 2162 1305 3715 1379">
     <span class='ocr_line' id='line_1_27' title="bbox 2162 1305 3715 1379; baseline -0.004 -15"><span class='ocrx_word' id='word_1_174' title='bbox 2162 1305 2443 1379; x_wconf 76' lang='grc' dir='ltr'><strong>ὁμόζηλος.</strong></span> <span class='ocrx_word' id='word_1_175' title='bbox 2485 1308 2663 1378; x_wconf 79' lang='grc' dir='ltr'>Τιμᾷς</span> <span class='ocrx_word' id='word_1_176' title='bbox 2713 1307 3006 1378; x_wconf 80' lang='grc' dir='ltr'>μαρτύρων</span> <span class='ocrx_word' id='word_1_177' title='bbox 3055 1307 3156 1376; x_wconf 84' lang='grc' dir='ltr'>τὴν</span> <span class='ocrx_word' id='word_1_178' title='bbox 3216 1306 3474 1377; x_wconf 85' lang='grc' dir='ltr'><strong>μνήμην;</strong></span> <span class='ocrx_word' id='word_1_179' title='bbox 3517 1306 3715 1375; x_wconf 84' lang='grc' dir='ltr'>τίμησαι</span> 
     </span>
    </p>
   </div>
   <div class='ocr_carea' id='block_1_28' title="bbox 2162 1395 3716 1469">
    <p class='ocr_par' dir='ltr' id='par_1_28' title="bbox 2162 1395 3716 1469">
     <span class='ocr_line' id='line_1_28' title="bbox 2162 1395 3716 1469; baseline -0.003 -17"><span class='ocrx_word' id='word_1_180' title='bbox 2162 1399 2258 1452; x_wconf 72' lang='grc' dir='ltr'><strong>καὶ</strong></span> <span class='ocrx_word' id='word_1_181' title='bbox 2300 1398 2396 1469; x_wconf 84' lang='grc' dir='ltr'><strong>τὴν</strong></span> <span class='ocrx_word' id='word_1_182' title='bbox 2425 1397 2650 1468; x_wconf 80' lang='grc' dir='ltr'>γνώμην</span> <span class='ocrx_word' id='word_1_183' title='bbox 2670 1414 2684 1427; x_wconf 76' lang='grc'><strong><em>⁸</em></strong></span> <span class='ocrx_word' id='word_1_184' title='bbox 2715 1397 2966 1450; x_wconf 81' lang='grc' dir='ltr'>κοινωνία</span> <span class='ocrx_word' id='word_1_185' title='bbox 3015 1395 3125 1468; x_wconf 79' lang='grc' dir='ltr'><strong>γὰρ</strong></span> <span class='ocrx_word' id='word_1_186' title='bbox 3165 1397 3263 1468; x_wconf 85' lang='grc' dir='ltr'><strong>τῆς</strong></span> <span class='ocrx_word' id='word_1_187' title='bbox 3292 1397 3515 1466; x_wconf 82' lang='grc' dir='ltr'><strong>μνήμης</strong></span> <span class='ocrx_word' id='word_1_188' title='bbox 3545 1397 3574 1465; x_wconf 78' lang='grc' dir='ltr'><strong>ἡ</strong></span> <span class='ocrx_word' id='word_1_189' title='bbox 3601 1413 3716 1464; x_wconf 79' lang='grc' dir='ltr'>συμ-</span> 
     </span>
    </p>
   </div>
   <div class='ocr_carea' id='block_1_29' title="bbox 2164 1487 3714 1563">
    <p class='ocr_par' dir='ltr' id='par_1_29' title="bbox 2164 1487 3714 1563">
     <span class='ocr_line' id='line_1_29' title="bbox 2164 1487 3714 1563; baseline -0.004 -18"><span class='ocrx_word' id='word_1_190' title='bbox 2164 1492 2339 1561; x_wconf 82' lang='grc' dir='ltr'>φωνία</span> <span class='ocrx_word' id='word_1_191' title='bbox 2371 1492 2470 1563; x_wconf 84' lang='grc' dir='ltr'>τῆς</span> <span class='ocrx_word' id='word_1_192' title='bbox 2501 1491 2744 1561; x_wconf 83' lang='grc' dir='ltr'>γνώμης.</span> <span class='ocrx_word' id='word_1_193' title='bbox 2779 1489 2872 1558; x_wconf 85' lang='grc' dir='ltr'><strong>Μὴ</strong></span> <span class='ocrx_word' id='word_1_194' title='bbox 2902 1488 3008 1560; x_wconf 87' lang='grc' dir='ltr'><strong>γὰρ</strong></span> <span class='ocrx_word' id='word_1_195' title='bbox 3046 1488 3275 1552; x_wconf 83' lang='grc' dir='ltr'>ἐκείνοις</span> <span class='ocrx_word' id='word_1_196' title='bbox 3304 1489 3482 1560; x_wconf 82' lang='grc' dir='ltr'>μόνοις</span> <span class='ocrx_word' id='word_1_197' title='bbox 3509 1487 3714 1556; x_wconf 73' lang='grc' dir='ltr'>ἐπέλαμι</span> 
     </span>
    </p>
   </div>
   <div class='ocr_carea' id='block_1_30' title="bbox 2162 1580 3716 1655">
    <p class='ocr_par' dir='ltr' id='par_1_30' title="bbox 2162 1580 3716 1655">
     <span class='ocr_line' id='line_1_30' title="bbox 2162 1580 3716 1655; baseline -0.012 -17"><span class='ocrx_word' id='word_1_198' title='bbox 2162 1586 2260 1655; x_wconf 72' lang='grc' dir='ltr'><strong>ψεν</strong></span> <span class='ocrx_word' id='word_1_199' title='bbox 2284 1586 2311 1638; x_wconf 98' lang='lat'><strong>6</strong></span> <span class='ocrx_word' id='word_1_200' title='bbox 2335 1583 2612 1654; x_wconf 79' lang='grc' dir='ltr'>φωτισμὸς</span> <span class='ocrx_word' id='word_1_201' title='bbox 2644 1585 2742 1654; x_wconf 80' lang='grc' dir='ltr'>τῆς</span> <span class='ocrx_word' id='word_1_202' title='bbox 2773 1581 3025 1651; x_wconf 83' lang='grc' dir='ltr'>γνώσεως</span> <span class='ocrx_word' id='word_1_203' title='bbox 3052 1582 3149 1652; x_wconf 81' lang='grc' dir='ltr'>τῆς</span> <span class='ocrx_word' id='word_1_204' title='bbox 3181 1581 3340 1651; x_wconf 78' lang='grc' dir='ltr'>δόξης</span> <span class='ocrx_word' id='word_1_205' title='bbox 3377 1580 3469 1634; x_wconf 83' lang='grc' dir='ltr'><strong>τοῦ</strong></span> <span class='ocrx_word' id='word_1_206' title='bbox 3505 1581 3716 1648; x_wconf 78' lang='grc' dir='ltr'>Εὑαγγε-</span> 
     </span>
    </p>
   </div>
   <div class='ocr_carea' id='block_1_31' title="bbox 2162 1669 3715 1746">
    <p class='ocr_par' dir='ltr' id='par_1_31' title="bbox 2162 1669 3715 1746">
     <span class='ocr_line' id='line_1_31' title="bbox 2162 1669 3715 1746; baseline 0.001 -18"><span class='ocrx_word' id='word_1_207' title='bbox 2162 1675 2276 1730; x_wconf 88' lang='grc' dir='ltr'>λίου</span> <span class='ocrx_word' id='word_1_208' title='bbox 2304 1673 2396 1728; x_wconf 78' lang='grc' dir='ltr'>τοῦ</span> <span class='ocrx_word' id='word_1_209' title='bbox 2427 1673 2702 1746; x_wconf 80' lang='grc' dir='ltr'>Χριστοῦ;</span> <span class='ocrx_word' id='word_1_210' title='bbox 2740 1673 2814 1744; x_wconf 83' lang='grc' dir='ltr'><strong>μὴ</strong></span> <span class='ocrx_word' id='word_1_211' title='bbox 2858 1671 2966 1744; x_wconf 80' lang='grc' dir='ltr'><strong>γὰρ</strong></span> <span class='ocrx_word' id='word_1_212' title='bbox 3015 1671 3242 1736; x_wconf 85' lang='grc' dir='ltr'>ἐκείνοις</span> <span class='ocrx_word' id='word_1_213' title='bbox 3295 1671 3475 1740; x_wconf 86' lang='grc' dir='ltr'>μόνοις</span> <span class='ocrx_word' id='word_1_214' title='bbox 3520 1672 3550 1739; x_wconf 80' lang='grc' dir='ltr'>ἡ</span> <span class='ocrx_word' id='word_1_215' title='bbox 3585 1669 3715 1739; x_wconf 77' lang='grc' dir='ltr'>χάρις</span> 
     </span>
    </p>
   </div>
   <div class='ocr_carea' id='block_1_32' title="bbox 2165 1757 3715 1840">
    <p class='ocr_par' dir='ltr' id='par_1_32' title="bbox 2165 1757 3715 1840">
     <span class='ocr_line' id='line_1_32' title="bbox 2165 1757 3715 1840; baseline -0.008 -14"><span class='ocrx_word' id='word_1_216' title='bbox 2165 1771 2540 1840; x_wconf 57' lang='lat' dir='ltr'><strong>titanas-16.11};</strong></span> <span class='ocrx_word' id='word_1_217' title='bbox 2570 1772 2634 1822; x_wconf 84' lang='grc' dir='ltr'><strong>Αἱ</strong></span> <span class='ocrx_word' id='word_1_218' title='bbox 2661 1767 2869 1824; x_wconf 73' lang='grc' dir='ltr'>ἐντολαὶ</span> <span class='ocrx_word' id='word_1_219' title='bbox 2901 1767 3113 1829; x_wconf 79' lang='grc' dir='ltr'>κοιναὶ,</span> <span class='ocrx_word' id='word_1_220' title='bbox 3144 1769 3172 1820; x_wconf 85' lang='grc' dir='ltr'>ὁ</span> <span class='ocrx_word' id='word_1_221' title='bbox 3197 1765 3394 1834; x_wconf 79' lang='grc' dir='ltr'><strong>τρόπος</strong></span> <span class='ocrx_word' id='word_1_222' title='bbox 3427 1763 3627 1826; x_wconf 79' lang='grc' dir='ltr'>κοινὸς,</span> <span class='ocrx_word' id='word_1_223' title='bbox 3651 1757 3715 1824; x_wconf 82' lang='grc' dir='ltr'>εἷς</span> 
     </span>
    </p>
   </div>
   <div class='ocr_carea' id='block_1_33' title="bbox 2163 1854 3718 1930">
    <p class='ocr_par' dir='ltr' id='par_1_33' title="bbox 2163 1854 3718 1930">
     <span class='ocr_line' id='line_1_33' title="bbox 2163 1854 3718 1930; baseline -0.01 -11"><span class='ocrx_word' id='word_1_224' title='bbox 2163 1866 2190 1919; x_wconf 87' lang='grc' dir='ltr'>ὁ</span> <span class='ocrx_word' id='word_1_225' title='bbox 2217 1863 2324 1917; x_wconf 83' lang='grc' dir='ltr'><strong>τῶν</strong></span> <span class='ocrx_word' id='word_1_226' title='bbox 2372 1863 2548 1916; x_wconf 69' lang='grc' dir='ltr'>πόνων</span> <span class='ocrx_word' id='word_1_227' title='bbox 2579 1859 2924 1930; x_wconf 78' lang='grc' dir='ltr'>ἀγωνοθέτης</span> <span class='ocrx_word' id='word_1_228' title='bbox 2945 1899 2960 1923; x_wconf 90' lang='grc'><strong>,</strong></span> <span class='ocrx_word' id='word_1_229' title='bbox 3011 1858 3070 1912; x_wconf 85' lang='grc' dir='ltr'>ἓν</span> <span class='ocrx_word' id='word_1_230' title='bbox 3098 1858 3158 1911; x_wconf 85' lang='grc' dir='ltr'><strong>τὸ</strong></span> <span class='ocrx_word' id='word_1_231' title='bbox 3187 1856 3438 1928; x_wconf 83' lang='grc' dir='ltr'>βραϐεῖον</span> <span class='ocrx_word' id='word_1_232' title='bbox 3474 1857 3566 1926; x_wconf 75' lang='grc' dir='ltr'>τῆς</span> <span class='ocrx_word' id='word_1_233' title='bbox 3607 1854 3718 1922; x_wconf 80' lang='grc' dir='ltr'><strong>ἁλη-</strong></span> 
     </span>
    </p>
   </div>
   <div class='ocr_carea' id='block_1_34' title="bbox 479 1925 2065 2022">
    <p class='ocr_par' dir='ltr' id='par_1_34' title="bbox 479 1947 2059 2012">
     <span class='ocr_line' id='line_1_34' title="bbox 479 1947 2059 2012; baseline 0.004 -10"><span class='ocrx_word' id='word_1_234' title='bbox 479 1947 624 2002; x_wconf 88' lang='lat' dir='ltr'><strong>cnim</strong></span> <span class='ocrx_word' id='word_1_235' title='bbox 652 1949 761 2004; x_wconf 91' lang='lat' dir='ltr'><strong>illis</strong></span> <span class='ocrx_word' id='word_1_236' title='bbox 791 1951 924 2005; x_wconf 91' lang='lat' dir='ltr'><strong>solis</strong></span> <span class='ocrx_word' id='word_1_237' title='bbox 958 1952 1285 2008; x_wconf 90' lang='lat' dir='ltr'><strong>illuminatio</strong></span> <span class='ocrx_word' id='word_1_238' title='bbox 1319 1955 1561 2010; x_wconf 63' lang='lat' dir='ltr'><strong>scientia:</strong></span> <span class='ocrx_word' id='word_1_239' title='bbox 1585 1955 1857 2012; x_wconf 91' lang='lat' dir='ltr'><strong>claritatis</strong></span> <span class='ocrx_word' id='word_1_240' title='bbox 1884 1955 2059 2010; x_wconf 84' lang='lat' dir='ltr'><strong>Evan-</strong></span> 
     </span>
    </p>
   </div>
   <div class='ocr_carea' id='block_1_35' title="bbox 2168 1925 3718 2022">
    <p class='ocr_par' dir='ltr' id='par_1_35' title="bbox 2168 1947 3718 2022">
     <span class='ocr_line' id='line_1_35' title="bbox 2168 1947 3718 2022; baseline -0.007 -14"><span class='ocrx_word' id='word_1_241' title='bbox 2168 1954 2313 2017; x_wconf 85' lang='grc' dir='ltr'>θείας</span> <span class='ocrx_word' id='word_1_242' title='bbox 2334 1994 2351 2020; x_wconf 86' lang='grc'><em>,</em></span> <span class='ocrx_word' id='word_1_243' title='bbox 2390 1947 2451 2007; x_wconf 73' lang='grc' dir='ltr'>οὗ</span> <span class='ocrx_word' id='word_1_244' title='bbox 2477 1954 2684 2022; x_wconf 80' lang='grc' dir='ltr'>γένοιτο</span> <span class='ocrx_word' id='word_1_245' title='bbox 2717 1951 2927 2015; x_wconf 79' lang='grc' dir='ltr'>πάντας</span> <span class='ocrx_word' id='word_1_246' title='bbox 2970 1951 3119 2022; x_wconf 77' lang='grc' dir='ltr'><strong>ἡμᾶς</strong></span> <span class='ocrx_word' id='word_1_247' title='bbox 3165 1948 3460 2018; x_wconf 77' lang='grc' dir='ltr'>ἀξιωθῆναι</span> <span class='ocrx_word' id='word_1_248' title='bbox 3487 1989 3501 2010; x_wconf 83' lang='grc'>,</span> <span class='ocrx_word' id='word_1_249' title='bbox 3561 1947 3718 2016; x_wconf 79' lang='grc' dir='ltr'>εὐχαῖς</span> 
     </span>
    </p>
   </div>
   <div class='ocr_carea' id='block_1_36' title="bbox 480 2037 2060 2108">
    <p class='ocr_par' dir='ltr' id='par_1_36' title="bbox 480 2037 2060 2108">
     <span class='ocr_line' id='line_1_36' title="bbox 480 2037 2060 2108; baseline 0.006 -17"><span class='ocrx_word' id='word_1_250' title='bbox 480 2039 602 2108; x_wconf 84' lang='lat' dir='ltr'><strong>gelii</strong></span> <span class='ocrx_word' id='word_1_251' title='bbox 631 2037 760 2094; x_wconf 80' lang='lat' dir='ltr'><strong>Jesu</strong></span> <span class='ocrx_word' id='word_1_252' title='bbox 801 2040 1005 2097; x_wconf 88' lang='lat' dir='ltr'><strong>Christi</strong></span> <span class='ocrx_word' id='word_1_253' title='bbox 1041 2043 1344 2099; x_wconf 74' lang='lat' dir='ltr'><strong>refulsit“.</strong></span> <span class='ocrx_word' id='word_1_254' title='bbox 1385 2044 1503 2100; x_wconf 85' lang='lat' dir='ltr'><strong>Non</strong></span> <span class='ocrx_word' id='word_1_255' title='bbox 1539 2047 1646 2102; x_wconf 90' lang='lat' dir='ltr'><strong>illis</strong></span> <span class='ocrx_word' id='word_1_256' title='bbox 1677 2049 2060 2101; x_wconf 82' lang='lat' dir='ltr'><strong>tantummodo</strong></span> 
     </span>
    </p>
   </div>
   <div class='ocr_carea' id='block_1_37' title="bbox 479 2131 2059 2209">
    <p class='ocr_par' dir='ltr' id='par_1_37' title="bbox 479 2131 2059 2209">
     <span class='ocr_line' id='line_1_37' title="bbox 479 2131 2059 2209; baseline 0.008 -28"><span class='ocrx_word' id='word_1_257' title='bbox 479 2131 707 2197; x_wconf 84' lang='lat' dir='ltr'><strong>gratiam</strong></span> <span class='ocrx_word' id='word_1_258' title='bbox 771 2132 999 2203; x_wconf 79' lang='lat' dir='ltr'><strong>largitus</strong></span> <span class='ocrx_word' id='word_1_259' title='bbox 1054 2145 1138 2190; x_wconf 90' lang='lat' dir='ltr'><strong>est</strong></span> <span class='ocrx_word' id='word_1_260' title='bbox 1187 2134 1328 2194; x_wconf 90' lang='lat' dir='ltr'><strong>Deus</strong></span> <span class='ocrx_word' id='word_1_261' title='bbox 1369 2155 1382 2192; x_wconf 90' lang='lat'>:</span> <span class='ocrx_word' id='word_1_262' title='bbox 1423 2147 1695 2209; x_wconf 75' lang='lat' dir='ltr'><strong>przecepta</strong></span> <span class='ocrx_word' id='word_1_263' title='bbox 1744 2138 2059 2193; x_wconf 86' lang='lat' dir='ltr'><strong>communia</strong></span> 
     </span>
    </p>
   </div>
   <div class='ocr_carea' id='block_1_38' title="bbox 480 2225 2056 2298">
    <p class='ocr_par' dir='ltr' id='par_1_38' title="bbox 480 2225 2056 2298">
     <span class='ocr_line' id='line_1_38' title="bbox 480 2225 2056 2298; baseline 0.006 -25"><span class='ocrx_word' id='word_1_264' title='bbox 480 2230 628 2284; x_wconf 83' lang='lat' dir='ltr'><strong>sunt,</strong></span> <span class='ocrx_word' id='word_1_265' title='bbox 686 2225 1001 2280; x_wconf 88' lang='lat' dir='ltr'><strong>communis</strong></span> <span class='ocrx_word' id='word_1_266' title='bbox 1049 2243 1270 2296; x_wconf 89' lang='lat' dir='ltr'><strong>quoque</strong></span> <span class='ocrx_word' id='word_1_267' title='bbox 1312 2229 1396 2284; x_wconf 84' lang='lat' dir='ltr'><strong>lex</strong></span> <span class='ocrx_word' id='word_1_268' title='bbox 1445 2246 1695 2298; x_wconf 90' lang='lat' dir='ltr'><strong>morum;</strong></span> <span class='ocrx_word' id='word_1_269' title='bbox 1757 2247 1900 2286; x_wconf 89' lang='lat' dir='ltr'><strong>unus</strong></span> <span class='ocrx_word' id='word_1_270' title='bbox 1953 2239 2056 2295; x_wconf 85' lang='lat' dir='ltr'><strong>est,</strong></span> 
     </span>
    </p>
   </div>
   <div class='ocr_carea' id='block_1_39' title="bbox 2167 2029 3717 2116">
    <p class='ocr_par' dir='ltr' id='par_1_39' title="bbox 2167 2029 3717 2116">
     <span class='ocr_line' id='line_1_39' title="bbox 2167 2029 3717 2116; baseline -0.008 -16"><span class='ocrx_word' id='word_1_271' title='bbox 2167 2046 2262 2100; x_wconf 75' lang='lat' dir='ltr'><strong>ml.</strong></span> <span class='ocrx_word' id='word_1_272' title='bbox 2293 2044 2610 2116; x_wconf 82' lang='grc' dir='ltr'>πρεσϐείαις</span> <span class='ocrx_word' id='word_1_273' title='bbox 2659 2044 2767 2098; x_wconf 85' lang='grc' dir='ltr'>τῶν</span> <span class='ocrx_word' id='word_1_274' title='bbox 2809 2029 3286 2115; x_wconf 83' lang='grc' dir='ltr'>μνημονευοέντων</span> <span class='ocrx_word' id='word_1_275' title='bbox 3316 2041 3485 2110; x_wconf 80' lang='grc' dir='ltr'>ἁγίων</span> <span class='ocrx_word' id='word_1_276' title='bbox 3509 2079 3524 2105; x_wconf 87' lang='grc'><em>,</em></span> <span class='ocrx_word' id='word_1_277' title='bbox 3560 2040 3717 2110; x_wconf 78' lang='grc' dir='ltr'>χάριτι</span> 
     </span>
    </p>
   </div>
   <div class='ocr_carea' id='block_1_40' title="bbox 2164 2117 3719 2208">
    <p class='ocr_par' dir='ltr' id='par_1_40' title="bbox 2164 2117 3719 2208">
     <span class='ocr_line' id='line_1_40' title="bbox 2164 2117 3719 2208; baseline -0.007 -16"><span class='ocrx_word' id='word_1_278' title='bbox 2164 2137 2258 2192; x_wconf 77' lang='grc' dir='ltr'>τοῦ</span> <span class='ocrx_word' id='word_1_279' title='bbox 2290 2137 2494 2208; x_wconf 79' lang='grc' dir='ltr'>Κυρίου</span> <span class='ocrx_word' id='word_1_280' title='bbox 2528 2137 2683 2207; x_wconf 78' lang='grc' dir='ltr'><strong>ἡμῶν</strong></span> <span class='ocrx_word' id='word_1_281' title='bbox 2725 2134 2899 2206; x_wconf 83' lang='grc' dir='ltr'><strong>ἰησοῦ</strong></span> <span class='ocrx_word' id='word_1_282' title='bbox 2933 2117 3169 2206; x_wconf 63' lang='grc' dir='ltr'>Χριστοῦ</span> <span class='ocrx_word' id='word_1_283' title='bbox 3193 2173 3208 2198; x_wconf 88' lang='grc'>,</span> <span class='ocrx_word' id='word_1_284' title='bbox 3233 2126 3279 2202; x_wconf 83' lang='grc' dir='ltr'>ᾧ</span> <span class='ocrx_word' id='word_1_285' title='bbox 3308 2135 3341 2203; x_wconf 84' lang='grc' dir='ltr'>ὴ</span> <span class='ocrx_word' id='word_1_286' title='bbox 3371 2131 3496 2199; x_wconf 79' lang='grc' dir='ltr'>δόξα</span> <span class='ocrx_word' id='word_1_287' title='bbox 3540 2129 3626 2184; x_wconf 78' lang='grc' dir='ltr'><strong>καὶ</strong></span> <span class='ocrx_word' id='word_1_288' title='bbox 3667 2127 3719 2181; x_wconf 68' lang='grc' dir='ltr'>τὸ</span> 
     </span>
    </p>
   </div>
   <div class='ocr_carea' id='block_1_41' title="bbox 2167 2224 3497 2309">
    <p class='ocr_par' dir='ltr' id='par_1_41' title="bbox 2167 2224 3497 2309">
     <span class='ocr_line' id='line_1_41' title="bbox 2167 2224 3497 2309; baseline -0.005 -25"><span class='ocrx_word' id='word_1_289' title='bbox 2167 2229 2366 2300; x_wconf 74' lang='grc' dir='ltr'>κράτος</span> <span class='ocrx_word' id='word_1_290' title='bbox 2399 2229 2477 2293; x_wconf 79' lang='grc' dir='ltr'>εἰς</span> <span class='ocrx_word' id='word_1_291' title='bbox 2504 2230 2628 2290; x_wconf 81' lang='grc' dir='ltr'>τοὺς</span> <span class='ocrx_word' id='word_1_292' title='bbox 2655 2227 2857 2289; x_wconf 83' lang='grc' dir='ltr'>αἰῶνας</span> <span class='ocrx_word' id='word_1_293' title='bbox 2882 2224 2990 2280; x_wconf 83' lang='grc' dir='ltr'><strong>τῶν</strong></span> <span class='ocrx_word' id='word_1_294' title='bbox 3024 2226 3258 2282; x_wconf 77' lang='grc' dir='ltr'>αἰώνων.</span> <span class='ocrx_word' id='word_1_295' title='bbox 3305 2225 3497 2309; x_wconf 65' lang='grc' dir='ltr'><strong>Ἀμήν.</strong></span> 
     </span>
    </p>
   </div>
   <div class='ocr_carea' id='block_1_42' title="bbox 481 2312 3717 2390">
    <p class='ocr_par' dir='ltr' id='par_1_42' title="bbox 481 2312 3717 2390">
     <span class='ocr_line' id='line_1_42' title="bbox 481 2312 3717 2390; baseline 0.001 -26"><span class='ocrx_word' id='word_1_296' title='bbox 481 2312 575 2379; x_wconf 88' lang='lat' dir='ltr'><strong>qui</strong></span> <span class='ocrx_word' id='word_1_297' title='bbox 642 2314 980 2370; x_wconf 83' lang='lat' dir='ltr'><strong>certantibus</strong></span> <span class='ocrx_word' id='word_1_298' title='bbox 1046 2317 1294 2372; x_wconf 90' lang='lat' dir='ltr'><strong>laborum</strong></span> <span class='ocrx_word' id='word_1_299' title='bbox 1343 2320 1565 2390; x_wconf 71' lang='lat' dir='ltr'><strong>praemia</strong></span> <span class='ocrx_word' id='word_1_300' title='bbox 1609 2321 1914 2386; x_wconf 90' lang='lat' dir='ltr'><strong>distribuit,</strong></span> <span class='ocrx_word' id='word_1_301' title='bbox 1955 2335 2123 2374; x_wconf 86' lang='lat' dir='ltr'><strong>unum</strong></span> <span class='ocrx_word' id='word_1_302' title='bbox 2163 2319 2412 2374; x_wconf 89' lang='lat' dir='ltr'><strong>veritatis</strong></span> <span class='ocrx_word' id='word_1_303' title='bbox 2457 2317 2765 2388; x_wconf 72' lang='lat' dir='ltr'><strong>praemium,</strong></span> <span class='ocrx_word' id='word_1_304' title='bbox 2810 2315 2972 2386; x_wconf 86' lang='lat' dir='ltr'><strong>cujus</strong></span> <span class='ocrx_word' id='word_1_305' title='bbox 3007 2317 3142 2371; x_wconf 79' lang='lat' dir='ltr'><strong>faxit</strong></span> <span class='ocrx_word' id='word_1_306' title='bbox 3181 2315 3349 2380; x_wconf 87' lang='lat' dir='ltr'><strong>Deus.</strong></span> <span class='ocrx_word' id='word_1_307' title='bbox 3395 2325 3452 2370; x_wconf 90' lang='lat' dir='ltr'><strong>ut</strong></span> <span class='ocrx_word' id='word_1_308' title='bbox 3491 2331 3585 2370; x_wconf 89' lang='lat' dir='ltr'><strong>nos</strong></span> <span class='ocrx_word' id='word_1_309' title='bbox 3616 2328 3717 2367; x_wconf 87' lang='lat' dir='ltr'><strong>om-</strong></span> 
     </span>
    </p>
   </div>
   <div class='ocr_carea' id='block_1_43' title="bbox 482 2402 3719 2480">
    <p class='ocr_par' dir='ltr' id='par_1_43' title="bbox 482 2402 3719 2480">
     <span class='ocr_line' id='line_1_43' title="bbox 482 2402 3719 2480; baseline 0.002 -25"><span class='ocrx_word' id='word_1_310' title='bbox 482 2417 582 2456; x_wconf 88' lang='lat' dir='ltr'><strong>nes</strong></span> <span class='ocrx_word' id='word_1_311' title='bbox 621 2402 768 2470; x_wconf 81' lang='lat' dir='ltr'><strong>digni</strong></span> <span class='ocrx_word' id='word_1_312' title='bbox 819 2404 1140 2471; x_wconf 89' lang='lat' dir='ltr'><strong>elliciamur,</strong></span> <span class='ocrx_word' id='word_1_313' title='bbox 1175 2409 1434 2478; x_wconf 89' lang='lat' dir='ltr'><strong>precibus</strong></span> <span class='ocrx_word' id='word_1_314' title='bbox 1499 2422 1550 2466; x_wconf 89' lang='lat' dir='ltr'><strong>et</strong></span> <span class='ocrx_word' id='word_1_315' title='bbox 1599 2412 2096 2468; x_wconf 83' lang='lat' dir='ltr'><strong>intercessionibus</strong></span> <span class='ocrx_word' id='word_1_316' title='bbox 2171 2419 2516 2474; x_wconf 89' lang='lat' dir='ltr'><strong>sanctorum,</strong></span> <span class='ocrx_word' id='word_1_317' title='bbox 2585 2423 2822 2480; x_wconf 89' lang='lat' dir='ltr'><strong>quorum</strong></span> <span class='ocrx_word' id='word_1_318' title='bbox 2885 2409 3203 2464; x_wconf 86' lang='lat' dir='ltr'><strong>memoriam</strong></span> <span class='ocrx_word' id='word_1_319' title='bbox 3265 2408 3624 2474; x_wconf 85' lang='lat' dir='ltr'><strong>celebramus,</strong></span> <span class='ocrx_word' id='word_1_320' title='bbox 3673 2413 3719 2459; x_wconf 82' lang='lat' dir='ltr'><strong>et</strong></span> 
     </span>
    </p>
   </div>
   <div class='ocr_carea' id='block_1_44' title="bbox 480 2495 3306 2574">
    <p class='ocr_par' dir='ltr' id='par_1_44' title="bbox 480 2495 3306 2574">
     <span class='ocr_line' id='line_1_44' title="bbox 480 2495 3306 2574; baseline 0.002 -26"><span class='ocrx_word' id='word_1_321' title='bbox 480 2495 654 2565; x_wconf 78' lang='lat' dir='ltr'><strong>gratia</strong></span> <span class='ocrx_word' id='word_1_322' title='bbox 705 2495 920 2551; x_wconf 91' lang='lat' dir='ltr'><strong>Domini</strong></span> <span class='ocrx_word' id='word_1_323' title='bbox 972 2500 1147 2554; x_wconf 89' lang='lat' dir='ltr'><strong>nostri</strong></span> <span class='ocrx_word' id='word_1_324' title='bbox 1181 2499 1314 2557; x_wconf 79' lang='lat' dir='ltr'><strong>Jesu</strong></span> <span class='ocrx_word' id='word_1_325' title='bbox 1366 2500 1596 2568; x_wconf 86' lang='lat' dir='ltr'><strong>Christi,</strong></span> <span class='ocrx_word' id='word_1_326' title='bbox 1649 2503 1739 2559; x_wconf 92' lang='lat' dir='ltr'><strong>cui</strong></span> <span class='ocrx_word' id='word_1_327' title='bbox 1785 2504 1958 2574; x_wconf 79' lang='lat' dir='ltr'><strong>gloria</strong></span> <span class='ocrx_word' id='word_1_328' title='bbox 2005 2511 2058 2559; x_wconf 83' lang='lat' dir='ltr'><strong>et</strong></span> <span class='ocrx_word' id='word_1_329' title='bbox 2095 2502 2339 2574; x_wconf 84' lang='lat' dir='ltr'><strong>potentia</strong></span> <span class='ocrx_word' id='word_1_330' title='bbox 2379 2503 2436 2557; x_wconf 91' lang='lat' dir='ltr'><strong>in</strong></span> <span class='ocrx_word' id='word_1_331' title='bbox 2476 2501 2681 2558; x_wconf 65' lang='lat' dir='ltr'><strong>saecula</strong></span> <span class='ocrx_word' id='word_1_332' title='bbox 2713 2501 3064 2558; x_wconf 60' lang='lat' dir='ltr'><strong>saculorum.</strong></span> <span class='ocrx_word' id='word_1_333' title='bbox 3107 2501 3306 2556; x_wconf 85' lang='lat' dir='ltr'><strong>Amen.</strong></span> 
     </span>
    </p>
   </div>
   <div class='ocr_carea' id='block_1_45' title="bbox 551 2672 1093 2739">
    <p class='ocr_par' dir='ltr' id='par_1_45' title="bbox 551 2672 1093 2739">
     <span class='ocr_line' id='line_1_45' title="bbox 551 2672 1093 2739; baseline 0.013 -16"><span class='ocrx_word' id='word_1_334' title='bbox 551 2673 598 2704; x_wconf 74' lang='lat'>&quot;</span> <span class='ocrx_word' id='word_1_335' title='bbox 627 2672 667 2726; x_wconf 93' lang='lat' dir='ltr'><strong>ll</strong></span> <span class='ocrx_word' id='word_1_336' title='bbox 698 2673 824 2729; x_wconf 88' lang='lat' dir='ltr'><strong>Cor.</strong></span> <span class='ocrx_word' id='word_1_337' title='bbox 852 2690 924 2739; x_wconf 81' lang='lat' dir='ltr'><strong>tv,</strong></span> <span class='ocrx_word' id='word_1_338' title='bbox 951 2675 1006 2737; x_wconf 68' lang='lat'><strong>4,</strong></span> <span class='ocrx_word' id='word_1_339' title='bbox 1039 2674 1093 2730; x_wconf 87' lang='lat'><strong>6.</strong></span> 
     </span>
    </p>
   </div>
   <div class='ocr_carea' id='block_1_46' title="bbox 553 2826 2065 2903">
    <p class='ocr_par' dir='ltr' id='par_1_46' title="bbox 553 2829 2065 2903">
     <span class='ocr_line' id='line_1_46' title="bbox 553 2829 2065 2903; baseline 0.003 -21"><span class='ocrx_word' id='word_1_340' title='bbox 553 2830 665 2901; x_wconf 64' lang='grc' dir='ltr'><strong>(Ἡ)</strong></span> <span class='ocrx_word' id='word_1_341' title='bbox 705 2829 762 2884; x_wconf 85' lang='grc' dir='ltr'><strong>1η</strong></span> <span class='ocrx_word' id='word_1_342' title='bbox 810 2831 916 2884; x_wconf 90' lang='lat' dir='ltr'><strong>alia</strong></span> <span class='ocrx_word' id='word_1_343' title='bbox 958 2832 1119 2901; x_wconf 82' lang='lat' dir='ltr'><strong>hujus</strong></span> <span class='ocrx_word' id='word_1_344' title='bbox 1167 2831 1434 2888; x_wconf 86' lang='lat' dir='ltr'><strong>orationis</strong></span> <span class='ocrx_word' id='word_1_345' title='bbox 1467 2832 1724 2897; x_wconf 89' lang='lat' dir='ltr'><strong>editione,</strong></span> <span class='ocrx_word' id='word_1_346' title='bbox 1757 2848 1880 2903; x_wconf 76' lang='lat' dir='ltr'><strong>qua:</strong></span> <span class='ocrx_word' id='word_1_347' title='bbox 1935 2834 2065 2888; x_wconf 81' lang='lat' dir='ltr'><strong>habe</strong></span> 
     </span>
    </p>
   </div>
   <div class='ocr_carea' id='block_1_47' title="bbox 2168 2826 3712 2903">
    <p class='ocr_par' dir='ltr' id='par_1_47' title="bbox 2197 2826 3712 2902">
     <span class='ocr_line' id='line_1_47' title="bbox 2197 2826 3712 2902; baseline -0.006 -17"><span class='ocrx_word' id='word_1_348' title='bbox 2197 2833 2251 2884; x_wconf 83' lang='lat' dir='ltr'><strong>in</strong></span> <span class='ocrx_word' id='word_1_349' title='bbox 2292 2831 2399 2888; x_wconf 83' lang='lat' dir='ltr'><strong>ﬁne</strong></span> <span class='ocrx_word' id='word_1_350' title='bbox 2432 2832 2682 2888; x_wconf 86' lang='lat' dir='ltr'><strong>Vaticani</strong></span> <span class='ocrx_word' id='word_1_351' title='bbox 2730 2833 2940 2888; x_wconf 84' lang='lat' dir='ltr'><strong>codicis</strong></span> <span class='ocrx_word' id='word_1_352' title='bbox 2975 2831 3193 2902; x_wconf 83' lang='lat' dir='ltr'><strong>legitur,</strong></span> <span class='ocrx_word' id='word_1_353' title='bbox 3258 2831 3336 2897; x_wconf 85' lang='grc' dir='ltr'>ὡς</span> <span class='ocrx_word' id='word_1_354' title='bbox 3383 2829 3462 2884; x_wconf 71' lang='grc' dir='ltr'>ἑνὶ</span> <span class='ocrx_word' id='word_1_355' title='bbox 3518 2826 3712 2882; x_wconf 77' lang='grc' dir='ltr'>τούτων.</span> 
     </span>
    </p>
   </div>
   <div class='ocr_carea' id='block_1_48' title="bbox 1322 3029 1610 3040">
    <p class='ocr_par' dir='ltr' id='par_1_48' title="bbox 1322 3029 1610 3040">
     <span class='ocr_line' id='line_1_48' title="bbox 1322 3029 1610 3040; baseline -0.003 -2"><span class='ocrx_word' id='word_1_356' title='bbox 1322 3029 1610 3040; x_wconf 68' lang='lat'><strong>-——————</strong></span> 
     </span>
    </p>
   </div>
   <div class='ocr_carea' id='block_1_49' title="bbox 496 3023 1318 3052">
    <p class='ocr_par' dir='ltr' id='par_1_49' title="bbox 496 3023 1318 3052">
     <span class='ocr_line' id='line_1_49' title="bbox 496 3023 1318 3052; baseline 0.002 -2"><span class='ocrx_word' id='word_1_357' title='bbox 496 3023 872 3052; x_wconf 46' lang='lat' dir='ltr'><strong>ww</strong></span> <span class='ocrx_word' id='word_1_358' title='bbox 843 3026 1318 3052; x_wconf 70' lang='lat'><strong>__:=___——=</strong></span> 
     </span>
    </p>
   </div>
   <div class='ocr_carea' id='block_1_50' title="bbox 1765 3183 1992 3270">
    <p class='ocr_par' dir='ltr' id='par_1_50' title="bbox 1765 3183 1992 3270">
     <span class='ocr_line' id='line_1_50' title="bbox 1765 3183 1992 3270; baseline 0.009 -2"><span class='ocrx_word' id='word_1_359' title='bbox 1765 3183 1992 3270; x_wconf 91' lang='grc' dir='ltr'><strong>ΤΟΥ</strong></span> 
     </span>
    </p>
   </div>
   <div class='ocr_carea' id='block_1_51' title="bbox 2059 3023 3699 3050">
    <p class='ocr_par' dir='ltr' id='par_1_51' title="bbox 2059 3023 3699 3050">
     <span class='ocr_line' id='line_1_51' title="bbox 2059 3023 3699 3050; baseline 0 0"><span class='ocrx_word' id='word_1_360' title='bbox 2059 3023 3699 3050; x_wconf 47' lang='lat' dir='ltr'><strong>31mm</strong></span> 
     </span>
    </p>
   </div>
   <div class='ocr_carea' id='block_1_52' title="bbox 1924 3043 3395 3057">
    <p class='ocr_par' dir='ltr' id='par_1_52' title="bbox 1924 3043 3395 3057">
     <span class='ocr_line' id='line_1_52' title="bbox 1924 3043 3395 3057; baseline 0.002 -6"><span class='ocrx_word' id='word_1_361' title='bbox 1924 3043 2319 3052; x_wconf 59' lang='grc' dir='ltr'><strong>...πηνα-...-</strong></span> <span class='ocrx_word' id='word_1_362' title='bbox 2339 3045 3395 3057; x_wconf 59' lang='lat' dir='ltr'><strong>—.—.——————~————..——_——_—o</strong></span> 
     </span>
    </p>
   </div>
   <div class='ocr_carea' id='block_1_53' title="bbox 2091 3183 2468 3272">
    <p class='ocr_par' dir='ltr' id='par_1_53' title="bbox 2091 3183 2468 3272">
     <span class='ocr_line' id='line_1_53' title="bbox 2091 3183 2468 3272; baseline 0.008 -3"><span class='ocrx_word' id='word_1_363' title='bbox 2091 3183 2468 3272; x_wconf 81' lang='grc' dir='ltr'>ΑΥΤΟΥ</span> 
     </span>
    </p>
   </div>
   <div class='ocr_carea' id='block_1_54' title="bbox 1927 3364 2293 3419">
    <p class='ocr_par' dir='ltr' id='par_1_54' title="bbox 1927 3364 2293 3419">
     <span class='ocr_line' id='line_1_54' title="bbox 1927 3364 2293 3419; baseline 0 0"><span class='ocrx_word' id='word_1_364' title='bbox 1927 3364 2293 3419; x_wconf 81' lang='grc' dir='ltr'><strong>ΕΓΚΩΜΙΟΝ</strong></span> 
     </span>
    </p>
   </div>
   <div class='ocr_carea' id='block_1_55' title="bbox 660 3513 2065 3654">
    <p class='ocr_par' dir='ltr' id='par_1_55' title="bbox 660 3529 2065 3654">
     <span class='ocr_line' id='line_1_55' title="bbox 660 3529 2065 3654; baseline 0.002 -10"><span class='ocrx_word' id='word_1_365' title='bbox 660 3531 901 3644; x_wconf 89' lang='grc' dir='ltr'><strong>ΕΙΣ</strong></span> <span class='ocrx_word' id='word_1_366' title='bbox 967 3529 1268 3646; x_wconf 89' lang='lat' dir='ltr'><strong>TON</strong></span> <span class='ocrx_word' id='word_1_367' title='bbox 1345 3533 1875 3650; x_wconf 87' lang='grc' dir='ltr'><strong>ΜΕΓΑΝ</strong></span> <span class='ocrx_word' id='word_1_368' title='bbox 1933 3537 2065 3654; x_wconf 87' lang='grc' dir='ltr'>Μ</span> 
     </span>
    </p>
   </div>
   <div class='ocr_carea' id='block_1_56' title="bbox 2168 3513 3568 3654">
    <p class='ocr_par' dir='ltr' id='par_1_56' title="bbox 2169 3513 3568 3653">
     <span class='ocr_line' id='line_1_56' title="bbox 2169 3513 3568 3653; baseline 0.001 -5"><span class='ocrx_word' id='word_1_369' title='bbox 2169 3537 2634 3649; x_wconf 79' lang='grc' dir='ltr'>ΡΤΥΡΑ</span> <span class='ocrx_word' id='word_1_370' title='bbox 2711 3513 3568 3653; x_wconf 76' lang='grc' dir='ltr'><strong>ΘΕΟΔΩΡΟΝ.</strong></span> 
     </span>
    </p>
   </div>
   <div class='ocr_carea' id='block_1_57' title="bbox 2062 3781 2134 3794">
    <p class='ocr_par' dir='ltr' id='par_1_57' title="bbox 2062 3781 2134 3794">
     <span class='ocr_line' id='line_1_57' title="bbox 2062 3781 2134 3794; baseline 0.014 -2"><span class='ocrx_word' id='word_1_371' title='bbox 2062 3781 2134 3794; x_wconf 48' lang='grc' dir='ltr'><em>κ</em></span> 
     </span>
    </p>
   </div>
   <div class='ocr_carea' id='block_1_58' title="bbox 1815 3923 2450 4016">
    <p class='ocr_par' dir='ltr' id='par_1_58' title="bbox 1815 3923 2450 4016">
     <span class='ocr_line' id='line_1_58' title="bbox 1815 3923 2450 4016; baseline 0.003 -3"><span class='ocrx_word' id='word_1_372' title='bbox 1815 3923 2450 4016; x_wconf 90' lang='lat' dir='ltr'><strong>EJUSDEM</strong></span> 
     </span>
    </p>
   </div>
   <div class='ocr_carea' id='block_1_59' title="bbox 1739 4113 2488 4175">
    <p class='ocr_par' dir='ltr' id='par_1_59' title="bbox 1739 4113 2488 4175">
     <span class='ocr_line' id='line_1_59' title="bbox 1739 4113 2488 4175; baseline 0.003 -5"><span class='ocrx_word' id='word_1_373' title='bbox 1739 4113 2000 4172; x_wconf 79' lang='lat' dir='ltr'><strong>OllATlO</strong></span> <span class='ocrx_word' id='word_1_374' title='bbox 2048 4117 2488 4175; x_wconf 79' lang='lat' dir='ltr'><strong>LAUDATOBIA</strong></span> 
     </span>
    </p>
   </div>
   <div class='ocr_carea' id='block_1_60' title="bbox 567 4295 3630 4419">
    <p class='ocr_par' dir='ltr' id='par_1_60' title="bbox 567 4295 3630 4419">
     <span class='ocr_line' id='line_1_60' title="bbox 567 4295 3630 4419; baseline 0.002 -13"><span class='ocrx_word' id='word_1_375' title='bbox 567 4295 1095 4414; x_wconf 81' lang='lat' dir='ltr'><strong>SANCTI</strong></span> <span class='ocrx_word' id='word_1_376' title='bbox 1170 4295 1344 4412; x_wconf 86' lang='lat' dir='ltr'><strong>AC</strong></span> <span class='ocrx_word' id='word_1_377' title='bbox 1450 4296 1908 4415; x_wconf 87' lang='lat' dir='ltr'><strong>MAGNI</strong></span> <span class='ocrx_word' id='word_1_378' title='bbox 2017 4299 2781 4414; x_wconf 80' lang='lat' dir='ltr'><strong>MARTYRIS</strong></span> <span class='ocrx_word' id='word_1_379' title='bbox 2883 4296 3630 4419; x_wconf 78' lang='lat' dir='ltr'><strong>THEODORI-</strong></span> 
     </span>
    </p>
   </div>
   <div class='ocr_carea' id='block_1_61' title="bbox 1772 4520 2477 4588">
    <p class='ocr_par' dir='ltr' id='par_1_61' title="bbox 1772 4520 2477 4588">
     <span class='ocr_line' id='line_1_61' title="bbox 1772 4520 2477 4588; baseline 0.007 -16"><span class='ocrx_word' id='word_1_380' title='bbox 1772 4521 1960 4573; x_wconf 85' lang='lat' dir='ltr'><strong>Eodem</strong></span> <span class='ocrx_word' id='word_1_381' title='bbox 1985 4523 2150 4576; x_wconf 77' lang='lat' dir='ltr'><strong>Silano</strong></span> <span class='ocrx_word' id='word_1_382' title='bbox 2176 4520 2477 4588; x_wconf 83' lang='lat' dir='ltr'><strong>interprete.</strong></span> 
     </span>
    </p>
   </div>
   <div class='ocr_carea' id='block_1_62' title="bbox 561 4807 2141 4886">
    <p class='ocr_par' dir='ltr' id='par_1_62' title="bbox 561 4807 2141 4886">
     <span class='ocr_line' id='line_1_62' title="bbox 561 4807 2141 4886; baseline 0.008 -22"><span class='ocrx_word' id='word_1_383' title='bbox 561 4809 688 4876; x_wconf 81' lang='lat' dir='ltr'><strong>Vos,</strong></span> <span class='ocrx_word' id='word_1_384' title='bbox 750 4809 845 4881; x_wconf 87' lang='lat' dir='ltr'><strong>qui</strong></span> <span class='ocrx_word' id='word_1_385' title='bbox 876 4809 1112 4881; x_wconf 79' lang='lat' dir='ltr'><strong>populus</strong></span> <span class='ocrx_word' id='word_1_386' title='bbox 1143 4807 1376 4879; x_wconf 85' lang='lat' dir='ltr'><strong>Christi,</strong></span> <span class='ocrx_word' id='word_1_387' title='bbox 1429 4812 1525 4883; x_wconf 90' lang='lat' dir='ltr'><strong>qui</strong></span> <span class='ocrx_word' id='word_1_388' title='bbox 1564 4829 1695 4886; x_wconf 76' lang='lat' dir='ltr'><strong>grex</strong></span> <span class='ocrx_word' id='word_1_389' title='bbox 1729 4825 1956 4875; x_wconf 89' lang='lat' dir='ltr'><strong>sanctus</strong></span> <span class='ocrx_word' id='word_1_390' title='bbox 2006 4833 2073 4875; x_wconf 89' lang='lat' dir='ltr'><strong>ac</strong></span> <span class='ocrx_word' id='word_1_391' title='bbox 2099 4826 2141 4884; x_wconf 85' lang='lat' dir='ltr'><strong><em>C</em></strong></span> 
     </span>
    </p>
   </div>
   <div class='ocr_carea' id='block_1_63' title="bbox 483 4901 2071 4976">
    <p class='ocr_par' dir='ltr' id='par_1_63' title="bbox 483 4901 2071 4976">
     <span class='ocr_line' id='line_1_63' title="bbox 483 4901 2071 4976; baseline 0.005 -18"><span class='ocrx_word' id='word_1_392' title='bbox 483 4911 666 4975; x_wconf 74' lang='lat' dir='ltr'><strong>regale</strong></span> <span class='ocrx_word' id='word_1_393' title='bbox 692 4902 828 4958; x_wconf 89' lang='lat' dir='ltr'><strong>estis</strong></span> <span class='ocrx_word' id='word_1_394' title='bbox 850 4901 1242 4969; x_wconf 86' lang='lat' dir='ltr'><strong>sacerdotium,</strong></span> <span class='ocrx_word' id='word_1_395' title='bbox 1271 4905 1366 4973; x_wconf 91' lang='lat' dir='ltr'><strong>qui</strong></span> <span class='ocrx_word' id='word_1_396' title='bbox 1398 4907 1640 4976; x_wconf 84' lang='lat' dir='ltr'><strong>undique</strong></span> <span class='ocrx_word' id='word_1_397' title='bbox 1662 4917 1717 4964; x_wconf 89' lang='lat' dir='ltr'><strong>et</strong></span> <span class='ocrx_word' id='word_1_398' title='bbox 1748 4924 1815 4964; x_wconf 74' lang='lat' dir='ltr'><strong>ex</strong></span> <span class='ocrx_word' id='word_1_399' title='bbox 1837 4910 2071 4966; x_wconf 83' lang='lat' dir='ltr'><strong>urbibus</strong></span> 
     </span>
    </p>
   </div>
   <div class='ocr_carea' id='block_1_64' title="bbox 483 4993 2070 5072">
    <p class='ocr_par' dir='ltr' id='par_1_64' title="bbox 483 4993 2070 5072">
     <span class='ocr_line' id='line_1_64' title="bbox 483 4993 2070 5072; baseline 0.005 -23"><span class='ocrx_word' id='word_1_400' title='bbox 483 5004 538 5049; x_wconf 88' lang='lat' dir='ltr'><strong>et</strong></span> <span class='ocrx_word' id='word_1_401' title='bbox 565 5013 631 5049; x_wconf 82' lang='lat' dir='ltr'><strong>ex</strong></span> <span class='ocrx_word' id='word_1_402' title='bbox 664 4995 812 5064; x_wconf 80' lang='lat' dir='ltr'><strong>agris</strong></span> <span class='ocrx_word' id='word_1_403' title='bbox 835 4993 1157 5050; x_wconf 80' lang='lat' dir='ltr'><strong>catervatim</strong></span> <span class='ocrx_word' id='word_1_404' title='bbox 1192 4995 1559 5062; x_wconf 84' lang='lat' dir='ltr'><strong>conﬂuxistis,</strong></span> <span class='ocrx_word' id='word_1_405' title='bbox 1597 4999 1744 5055; x_wconf 89' lang='lat' dir='ltr'><strong>unde</strong></span> <span class='ocrx_word' id='word_1_406' title='bbox 1779 5000 1937 5072; x_wconf 82' lang='lat' dir='ltr'><strong>signo</strong></span> <span class='ocrx_word' id='word_1_407' title='bbox 1976 5002 2070 5056; x_wconf 87' lang='lat' dir='ltr'><strong>iti-</strong></span> 
     </span>
    </p>
   </div>
   <div class='ocr_carea' id='block_1_65' title="bbox 486 5087 2071 5158">
    <p class='ocr_par' dir='ltr' id='par_1_65' title="bbox 486 5087 2071 5158">
     <span class='ocr_line' id='line_1_65' title="bbox 486 5087 2071 5158; baseline 0.007 -20"><span class='ocrx_word' id='word_1_408' title='bbox 486 5087 634 5142; x_wconf 89' lang='lat' dir='ltr'><strong>neris</strong></span> <span class='ocrx_word' id='word_1_409' title='bbox 665 5094 890 5158; x_wconf 87' lang='lat' dir='ltr'><strong>accepto</strong></span> <span class='ocrx_word' id='word_1_410' title='bbox 916 5087 982 5140; x_wconf 85' lang='lat' dir='ltr'><strong>ad</strong></span> <span class='ocrx_word' id='word_1_411' title='bbox 1019 5087 1165 5142; x_wconf 88' lang='lat' dir='ltr'><strong>hunc</strong></span> <span class='ocrx_word' id='word_1_412' title='bbox 1199 5101 1418 5142; x_wconf 89' lang='lat' dir='ltr'><strong>sacrum</strong></span> <span class='ocrx_word' id='word_1_413' title='bbox 1437 5089 1618 5144; x_wconf 90' lang='lat' dir='ltr'><strong>locum</strong></span> <span class='ocrx_word' id='word_1_414' title='bbox 1648 5091 1913 5148; x_wconf 86' lang='lat' dir='ltr'><strong>venistis?</strong></span> <span class='ocrx_word' id='word_1_415' title='bbox 1934 5092 2071 5158; x_wconf 82' lang='lat' dir='ltr'><strong>Quis</strong></span> 
     </span>
    </p>
   </div>
   <div class='ocr_carea' id='block_1_66' title="bbox 485 5180 2071 5255">
    <p class='ocr_par' dir='ltr' id='par_1_66' title="bbox 485 5180 2071 5255">
     <span class='ocr_line' id='line_1_66' title="bbox 485 5180 2071 5255; baseline 0.009 -26"><span class='ocrx_word' id='word_1_416' title='bbox 485 5181 640 5236; x_wconf 83' lang='lat' dir='ltr'><strong>vobis</strong></span> <span class='ocrx_word' id='word_1_417' title='bbox 666 5181 772 5236; x_wconf 88' lang='lat' dir='ltr'><strong>huc</strong></span> <span class='ocrx_word' id='word_1_418' title='bbox 800 5180 1053 5237; x_wconf 91' lang='lat' dir='ltr'><strong>veniendi</strong></span> <span class='ocrx_word' id='word_1_419' title='bbox 1088 5180 1224 5237; x_wconf 88' lang='lat' dir='ltr'><strong>adeo</strong></span> <span class='ocrx_word' id='word_1_420' title='bbox 1250 5182 1451 5238; x_wconf 87' lang='lat' dir='ltr'><strong>seriam</strong></span> <span class='ocrx_word' id='word_1_421' title='bbox 1486 5199 1552 5238; x_wconf 88' lang='lat' dir='ltr'><strong>ac</strong></span> <span class='ocrx_word' id='word_1_422' title='bbox 1580 5185 1741 5254; x_wconf 86' lang='lat' dir='ltr'><strong>quasi</strong></span> <span class='ocrx_word' id='word_1_423' title='bbox 1795 5189 2071 5255; x_wconf 59' lang='lat' dir='ltr'><strong>praestitu-</strong></span> 
     </span>
    </p>
   </div>
   <div class='ocr_carea' id='block_1_67' title="bbox 487 5272 2070 5348">
    <p class='ocr_par' dir='ltr' id='par_1_67' title="bbox 487 5272 2070 5348">
     <span class='ocr_line' id='line_1_67' title="bbox 487 5272 2070 5348; baseline 0.007 -24"><span class='ocrx_word' id='word_1_424' title='bbox 487 5281 596 5325; x_wconf 90' lang='lat' dir='ltr'><strong>tam</strong></span> <span class='ocrx_word' id='word_1_425' title='bbox 634 5273 1017 5328; x_wconf 88' lang='lat' dir='ltr'><strong>necessitatem</strong></span> <span class='ocrx_word' id='word_1_426' title='bbox 1050 5272 1352 5342; x_wconf 86' lang='lat' dir='ltr'><strong>imposuit?</strong></span> <span class='ocrx_word' id='word_1_427' title='bbox 1402 5275 1625 5346; x_wconf 90' lang='lat' dir='ltr'><strong>Hocque</strong></span> <span class='ocrx_word' id='word_1_428' title='bbox 1654 5285 1897 5348; x_wconf 89' lang='lat' dir='ltr'><strong>tempore</strong></span> <span class='ocrx_word' id='word_1_429' title='bbox 1951 5279 2070 5335; x_wconf 89' lang='lat' dir='ltr'><strong>hic-</strong></span> 
     </span>
    </p>
   </div>
   <div class='ocr_carea' id='block_1_68' title="bbox 490 5363 2066 5434">
    <p class='ocr_par' dir='ltr' id='par_1_68' title="bbox 490 5363 2066 5434">
     <span class='ocr_line' id='line_1_68' title="bbox 490 5363 2066 5434; baseline 0.006 -20"><span class='ocrx_word' id='word_1_430' title='bbox 490 5363 615 5426; x_wconf 89' lang='lat' dir='ltr'><strong>mis,</strong></span> <span class='ocrx_word' id='word_1_431' title='bbox 649 5380 759 5432; x_wconf 89' lang='lat' dir='ltr'><strong>quo</strong></span> <span class='ocrx_word' id='word_1_432' title='bbox 793 5371 846 5418; x_wconf 91' lang='lat' dir='ltr'><strong>et</strong></span> <span class='ocrx_word' id='word_1_433' title='bbox 874 5379 905 5417; x_wconf 86' lang='lat' dir='ltr'><strong>a</strong></span> <span class='ocrx_word' id='word_1_434' title='bbox 935 5364 1078 5420; x_wconf 90' lang='lat' dir='ltr'><strong>bello</strong></span> <span class='ocrx_word' id='word_1_435' title='bbox 1111 5365 1267 5434; x_wconf 90' lang='lat' dir='ltr'><strong>quies</strong></span> <span class='ocrx_word' id='word_1_436' title='bbox 1294 5373 1400 5432; x_wconf 87' lang='lat' dir='ltr'><strong>est,</strong></span> <span class='ocrx_word' id='word_1_437' title='bbox 1431 5376 1484 5422; x_wconf 90' lang='lat' dir='ltr'><strong>et</strong></span> <span class='ocrx_word' id='word_1_438' title='bbox 1539 5368 1698 5424; x_wconf 90' lang='lat' dir='ltr'><strong>miles</strong></span> <span class='ocrx_word' id='word_1_439' title='bbox 1728 5380 2066 5424; x_wconf 86' lang='lat' dir='ltr'><strong>armaturam</strong></span> 
     </span>
    </p>
   </div>
   <div class='ocr_carea' id='block_1_69' title="bbox 489 5457 2066 5530">
    <p class='ocr_par' dir='ltr' id='par_1_69' title="bbox 489 5457 2066 5530">
     <span class='ocr_line' id='line_1_69' title="bbox 489 5457 2066 5530; baseline 0.006 -26"><span class='ocrx_word' id='word_1_440' title='bbox 489 5461 724 5518; x_wconf 87' lang='lat' dir='ltr'><strong>amovet,</strong></span> <span class='ocrx_word' id='word_1_441' title='bbox 752 5461 808 5510; x_wconf 86' lang='lat' dir='ltr'><strong>et</strong></span> <span class='ocrx_word' id='word_1_442' title='bbox 824 5463 986 5510; x_wconf 89' lang='lat' dir='ltr'><strong>nauta</strong></span> <span class='ocrx_word' id='word_1_443' title='bbox 1013 5457 1446 5527; x_wconf 78' lang='lat' dir='ltr'><strong>gubernaculum</strong></span> <span class='ocrx_word' id='word_1_444' title='bbox 1467 5475 1632 5530; x_wconf 88' lang='lat' dir='ltr'><strong>supra</strong></span> <span class='ocrx_word' id='word_1_445' title='bbox 1657 5460 1867 5516; x_wconf 80' lang='lat' dir='ltr'><strong>fumum</strong></span> <span class='ocrx_word' id='word_1_446' title='bbox 1895 5462 2066 5530; x_wconf 88' lang='lat' dir='ltr'><strong>ponit,</strong></span> 
     </span>
    </p>
   </div>
   <div class='ocr_carea' id='block_1_70' title="bbox 487 5546 2067 5624">
    <p class='ocr_par' dir='ltr' id='par_1_70' title="bbox 487 5546 2067 5624">
     <span class='ocr_line' id='line_1_70' title="bbox 487 5546 2067 5624; baseline 0.007 -26"><span class='ocrx_word' id='word_1_447' title='bbox 487 5555 543 5599; x_wconf 88' lang='lat' dir='ltr'><strong>et</strong></span> <span class='ocrx_word' id='word_1_448' title='bbox 570 5546 807 5615; x_wconf 82' lang='lat' dir='ltr'><strong>agricola</strong></span> <span class='ocrx_word' id='word_1_449' title='bbox 836 5558 1080 5607; x_wconf 81' lang='lat' dir='ltr'><strong>aratores</strong></span> <span class='ocrx_word' id='word_1_450' title='bbox 1105 5550 1274 5607; x_wconf 89' lang='lat' dir='ltr'><strong>boves</strong></span> <span class='ocrx_word' id='word_1_451' title='bbox 1297 5551 1351 5606; x_wconf 90' lang='lat' dir='ltr'><strong>in</strong></span> <span class='ocrx_word' id='word_1_452' title='bbox 1381 5554 1649 5624; x_wconf 71' lang='lat' dir='ltr'><strong>praesepio</strong></span> <span class='ocrx_word' id='word_1_453' title='bbox 1675 5569 1883 5610; x_wconf 86' lang='lat' dir='ltr'><strong>curans</strong></span> <span class='ocrx_word' id='word_1_454' title='bbox 1911 5555 2067 5624; x_wconf 82' lang='lat' dir='ltr'><strong>quie-</strong></span> 
     </span>
    </p>
   </div>
   <div class='ocr_carea' id='block_1_71' title="bbox 488 5636 2066 5714">
    <p class='ocr_par' dir='ltr' id='par_1_71' title="bbox 488 5636 2066 5714">
     <span class='ocr_line' id='line_1_71' title="bbox 488 5636 2066 5714; baseline 0.003 -22"><span class='ocrx_word' id='word_1_455' title='bbox 488 5636 633 5692; x_wconf 82' lang='lat' dir='ltr'><strong>scit?</strong></span> <span class='ocrx_word' id='word_1_456' title='bbox 662 5637 746 5692; x_wconf 88' lang='lat' dir='ltr'><strong>An</strong></span> <span class='ocrx_word' id='word_1_457' title='bbox 783 5639 959 5707; x_wconf 88' lang='lat' dir='ltr'><strong>palam</strong></span> <span class='ocrx_word' id='word_1_458' title='bbox 985 5648 1088 5706; x_wconf 87' lang='lat' dir='ltr'><strong>est,</strong></span> <span class='ocrx_word' id='word_1_459' title='bbox 1119 5641 1266 5711; x_wconf 90' lang='lat' dir='ltr'><strong>quod</strong></span> <span class='ocrx_word' id='word_1_460' title='bbox 1298 5651 1524 5701; x_wconf 89' lang='lat' dir='ltr'><strong>sanctus</strong></span> <span class='ocrx_word' id='word_1_461' title='bbox 1553 5652 1761 5714; x_wconf 84' lang='lat' dir='ltr'><strong>martyr</strong></span> <span class='ocrx_word' id='word_1_462' title='bbox 1803 5660 1872 5700; x_wconf 80' lang='lat' dir='ltr'><strong>ex</strong></span> <span class='ocrx_word' id='word_1_463' title='bbox 1921 5644 2066 5698; x_wconf 80' lang='lat' dir='ltr'><strong>mili-</strong></span> 
     </span>
    </p>
   </div>
   <div class='ocr_carea' id='block_1_72' title="bbox 491 5729 2068 5796">
    <p class='ocr_par' dir='ltr' id='par_1_72' title="bbox 491 5729 2068 5796">
     <span class='ocr_line' id='line_1_72' title="bbox 491 5729 2068 5796; baseline 0.007 -15"><span class='ocrx_word' id='word_1_464' title='bbox 491 5729 704 5784; x_wconf 90' lang='lat' dir='ltr'><strong>taribus</strong></span> <span class='ocrx_word' id='word_1_465' title='bbox 728 5729 1012 5787; x_wconf 89' lang='lat' dir='ltr'><strong>ordinibus</strong></span> <span class='ocrx_word' id='word_1_466' title='bbox 1035 5732 1162 5786; x_wconf 87' lang='lat' dir='ltr'><strong>tuba</strong></span> <span class='ocrx_word' id='word_1_467' title='bbox 1187 5732 1406 5796; x_wconf 86' lang='lat' dir='ltr'><strong>cecinit,</strong></span> <span class='ocrx_word' id='word_1_468' title='bbox 1429 5742 1483 5790; x_wconf 89' lang='lat' dir='ltr'><strong>et</strong></span> <span class='ocrx_word' id='word_1_469' title='bbox 1521 5737 1720 5791; x_wconf 90' lang='lat' dir='ltr'><strong>multos</strong></span> <span class='ocrx_word' id='word_1_470' title='bbox 1742 5750 1808 5791; x_wconf 81' lang='lat' dir='ltr'><strong>ex</strong></span> <span class='ocrx_word' id='word_1_471' title='bbox 1837 5735 2068 5792; x_wconf 85' lang='lat' dir='ltr'><strong>diversis</strong></span> 
     </span>
    </p>
   </div>
   <div class='ocr_carea' id='block_1_73' title="bbox 488 5823 2066 5896">
    <p class='ocr_par' dir='ltr' id='par_1_73' title="bbox 488 5823 2066 5896">
     <span class='ocr_line' id='line_1_73' title="bbox 488 5823 2066 5896; baseline 0.006 -22"><span class='ocrx_word' id='word_1_472' title='bbox 488 5823 804 5890; x_wconf 65' lang='lat' dir='ltr'><strong>regionibus</strong></span> <span class='ocrx_word' id='word_1_473' title='bbox 828 5823 1093 5878; x_wconf 78' lang='lat' dir='ltr'><strong>excitatos</strong></span> <span class='ocrx_word' id='word_1_474' title='bbox 1115 5826 1180 5878; x_wconf 87' lang='lat' dir='ltr'><strong>ad</strong></span> <span class='ocrx_word' id='word_1_475' title='bbox 1209 5841 1322 5880; x_wconf 75' lang='lat' dir='ltr'><strong>sua:</strong></span> <span class='ocrx_word' id='word_1_476' title='bbox 1360 5827 1617 5896; x_wconf 89' lang='lat' dir='ltr'><strong>requietis</strong></span> <span class='ocrx_word' id='word_1_477' title='bbox 1662 5828 1842 5882; x_wconf 89' lang='lat' dir='ltr'><strong>locum</strong></span> <span class='ocrx_word' id='word_1_478' title='bbox 1875 5842 1937 5882; x_wconf 88' lang='lat' dir='ltr'><strong>ac</strong></span> <span class='ocrx_word' id='word_1_479' title='bbox 1976 5843 2066 5883; x_wconf 59' lang='grc' dir='ltr'>εοε-</span> 
     </span>
    </p>
   </div>
   <div class='ocr_carea' id='block_1_74' title="bbox 494 5911 2063 5991">
    <p class='ocr_par' dir='ltr' id='par_1_74' title="bbox 494 5911 2063 5991">
     <span class='ocr_line' id='line_1_74' title="bbox 494 5911 2063 5991; baseline 0.003 -22"><span class='ocrx_word' id='word_1_480' title='bbox 494 5911 618 5969; x_wconf 79' lang='lat' dir='ltr'><strong>dem</strong></span> <span class='ocrx_word' id='word_1_481' title='bbox 649 5914 884 5980; x_wconf 79' lang='lat' dir='ltr'><strong>vocavit,</strong></span> <span class='ocrx_word' id='word_1_482' title='bbox 907 5930 1015 5970; x_wconf 89' lang='lat' dir='ltr'><strong>non</strong></span> <span class='ocrx_word' id='word_1_483' title='bbox 1038 5917 1101 5971; x_wconf 84' lang='lat' dir='ltr'><strong>ad</strong></span> <span class='ocrx_word' id='word_1_484' title='bbox 1131 5917 1384 5972; x_wconf 75' lang='lat' dir='ltr'><strong>bellicum</strong></span> <span class='ocrx_word' id='word_1_485' title='bbox 1420 5919 1696 5977; x_wconf 84' lang='lat' dir='ltr'><strong>instruens</strong></span> <span class='ocrx_word' id='word_1_486' title='bbox 1719 5928 2063 5991; x_wconf 78' lang='lat' dir='ltr'><strong>apparatum,</strong></span> 
     </span>
    </p>
   </div>
   <div class='ocr_carea' id='block_1_75' title="bbox 2256 4809 3713 4893">
    <p class='ocr_par' dir='ltr' id='par_1_75' title="bbox 2256 4809 3713 4893">
     <span class='ocr_line' id='line_1_75' title="bbox 2256 4809 3713 4893; baseline -0.001 -20"><span class='ocrx_word' id='word_1_487' title='bbox 2256 4820 2445 4891; x_wconf 81' lang='grc' dir='ltr'>Ὑμεῖς</span> <span class='ocrx_word' id='word_1_488' title='bbox 2489 4822 2518 4875; x_wconf 87' lang='grc' dir='ltr'>ὁ</span> <span class='ocrx_word' id='word_1_489' title='bbox 2553 4817 2648 4874; x_wconf 79' lang='grc' dir='ltr'>τοῦ</span> <span class='ocrx_word' id='word_1_490' title='bbox 2693 4819 2931 4893; x_wconf 82' lang='grc' dir='ltr'>Χριστοῦ</span> <span class='ocrx_word' id='word_1_491' title='bbox 2971 4820 3117 4884; x_wconf 82' lang='grc' dir='ltr'>λαὸς,</span> <span class='ocrx_word' id='word_1_492' title='bbox 3158 4816 3201 4893; x_wconf 77' lang='grc' dir='ltr'><strong>’ἡ</strong></span> <span class='ocrx_word' id='word_1_493' title='bbox 3253 4821 3384 4890; x_wconf 82' lang='grc' dir='ltr'>ἁγία</span> <span class='ocrx_word' id='word_1_494' title='bbox 3424 4818 3640 4890; x_wconf 81' lang='grc' dir='ltr'>ποίμνη.</span> <span class='ocrx_word' id='word_1_495' title='bbox 3665 4809 3713 4863; x_wconf 74' lang='grc' dir='ltr'>τδ</span> 
     </span>
    </p>
   </div>
   <div class='ocr_carea' id='block_1_76' title="bbox 2177 4897 3712 4982">
    <p class='ocr_par' dir='ltr' id='par_1_76' title="bbox 2177 4897 3712 4982">
     <span class='ocr_line' id='line_1_76' title="bbox 2177 4897 3712 4982; baseline -0.008 -15"><span class='ocrx_word' id='word_1_496' title='bbox 2177 4911 2446 4982; x_wconf 82' lang='grc' dir='ltr'>βασίλειον</span> <span class='ocrx_word' id='word_1_497' title='bbox 2479 4911 2779 4982; x_wconf 78' lang='grc' dir='ltr'>ἱεράτευμα</span> <span class='ocrx_word' id='word_1_498' title='bbox 2801 4949 2817 4975; x_wconf 84' lang='grc'><em>,</em></span> <span class='ocrx_word' id='word_1_499' title='bbox 2843 4911 2896 4963; x_wconf 87' lang='grc' dir='ltr'>οἱ</span> <span class='ocrx_word' id='word_1_500' title='bbox 2927 4910 3260 4980; x_wconf 80' lang='grc' dir='ltr'>πανταχόθεν</span> <span class='ocrx_word' id='word_1_501' title='bbox 3300 4908 3507 4964; x_wconf 83' lang='grc' dir='ltr'>ἁστικοί</span> <span class='ocrx_word' id='word_1_502' title='bbox 3549 4921 3602 4957; x_wconf 84' lang='grc' dir='ltr'><strong>τε</strong></span> <span class='ocrx_word' id='word_1_503' title='bbox 3638 4897 3712 4952; x_wconf 71' lang='grc' dir='ltr'><strong>καὶ</strong></span> 
     </span>
    </p>
   </div>
   <div class='ocr_carea' id='block_1_77' title="bbox 2173 4985 3711 5074">
    <p class='ocr_par' dir='ltr' id='par_1_77' title="bbox 2173 4985 3711 5074">
     <span class='ocr_line' id='line_1_77' title="bbox 2173 4985 3711 5074; baseline -0.007 -18"><span class='ocrx_word' id='word_1_504' title='bbox 2173 5004 2455 5074; x_wconf 77' lang='grc' dir='ltr'>χωριτικοὶ</span> <span class='ocrx_word' id='word_1_505' title='bbox 2507 5002 2905 5073; x_wconf 78' lang='grc' dir='ltr'>συρρεύσαντες</span> <span class='ocrx_word' id='word_1_506' title='bbox 2961 5001 3156 5071; x_wconf 84' lang='grc' dir='ltr'>δῆμοι,</span> <span class='ocrx_word' id='word_1_507' title='bbox 3192 5000 3355 5054; x_wconf 83' lang='grc' dir='ltr'>πόθεν</span> <span class='ocrx_word' id='word_1_508' title='bbox 3398 4997 3631 5054; x_wconf 70' lang='grc' dir='ltr'>λαϐόντες</span> <span class='ocrx_word' id='word_1_509' title='bbox 3663 4985 3711 5040; x_wconf 64' lang='grc' dir='ltr'>τὺ</span> 
     </span>
    </p>
   </div>
   <div class='ocr_carea' id='block_1_78' title="bbox 2177 5081 3711 5165">
    <p class='ocr_par' dir='ltr' id='par_1_78' title="bbox 2177 5081 3711 5165">
     <span class='ocr_line' id='line_1_78' title="bbox 2177 5081 3711 5165; baseline -0.003 -18"><span class='ocrx_word' id='word_1_510' title='bbox 2177 5094 2424 5165; x_wconf 82' lang='grc' dir='ltr'>σύνθημα</span> <span class='ocrx_word' id='word_1_511' title='bbox 2452 5096 2550 5165; x_wconf 86' lang='grc' dir='ltr'>τῆς</span> <span class='ocrx_word' id='word_1_512' title='bbox 2575 5094 2716 5157; x_wconf 82' lang='grc' dir='ltr'>ὁδοῦ,</span> <span class='ocrx_word' id='word_1_513' title='bbox 2733 5094 2867 5165; x_wconf 76' lang='grc' dir='ltr'>πρὸς</span> <span class='ocrx_word' id='word_1_514' title='bbox 2893 5094 2984 5147; x_wconf 81' lang='grc' dir='ltr'><strong>τὸν</strong></span> <span class='ocrx_word' id='word_1_515' title='bbox 3015 5094 3157 5164; x_wconf 82' lang='grc' dir='ltr'>ἱερὸν</span> <span class='ocrx_word' id='word_1_516' title='bbox 3179 5093 3364 5146; x_wconf 82' lang='grc' dir='ltr'>τοῦτον</span> <span class='ocrx_word' id='word_1_517' title='bbox 3391 5081 3711 5159; x_wconf 67' lang='grc' dir='ltr'>ἐδημαγωγή“</span> 
     </span>
    </p>
   </div>
   <div class='ocr_carea' id='block_1_79' title="bbox 2174 5169 3710 5257">
    <p class='ocr_par' dir='ltr' id='par_1_79' title="bbox 2174 5169 3710 5257">
     <span class='ocr_line' id='line_1_79' title="bbox 2174 5169 3710 5257; baseline -0.01 -18"><span class='ocrx_word' id='word_1_518' title='bbox 2174 5186 2302 5257; x_wconf 78' lang='grc' dir='ltr'>οητε</span> <span class='ocrx_word' id='word_1_519' title='bbox 2329 5186 2524 5254; x_wconf 84' lang='grc' dir='ltr'>τόπον;</span> <span class='ocrx_word' id='word_1_520' title='bbox 2551 5187 2647 5250; x_wconf 89' lang='grc' dir='ltr'><strong>Τίς</strong></span> <span class='ocrx_word' id='word_1_521' title='bbox 2681 5187 2810 5256; x_wconf 82' lang='grc' dir='ltr'>ὑμῖν</span> <span class='ocrx_word' id='word_1_522' title='bbox 2837 5186 2935 5255; x_wconf 74' lang='grc' dir='ltr'>τῆς</span> <span class='ocrx_word' id='word_1_523' title='bbox 2963 5185 3151 5240; x_wconf 82' lang='grc' dir='ltr'>ἐνθάδε</span> <span class='ocrx_word' id='word_1_524' title='bbox 3180 5183 3465 5237; x_wconf 84' lang='grc' dir='ltr'>σπουδαίαν</span> <span class='ocrx_word' id='word_1_525' title='bbox 3491 5176 3619 5232; x_wconf 75' lang='grc' dir='ltr'>οὕτω</span> <span class='ocrx_word' id='word_1_526' title='bbox 3638 5169 3710 5224; x_wconf 79' lang='grc' dir='ltr'><strong>καὶ</strong></span> 
     </span>
    </p>
   </div>
   <div class='ocr_carea' id='block_1_80' title="bbox 2173 5262 3709 5349">
    <p class='ocr_par' dir='ltr' id='par_1_80' title="bbox 2173 5262 3709 5349">
     <span class='ocr_line' id='line_1_80' title="bbox 2173 5262 3709 5349; baseline -0.002 -18"><span class='ocrx_word' id='word_1_527' title='bbox 2173 5277 2556 5349; x_wconf 84' lang='grc' dir='ltr'>ἐμπρόθεσμον</span> <span class='ocrx_word' id='word_1_528' title='bbox 2619 5277 2864 5347; x_wconf 83' lang='grc' dir='ltr'>ἀνάγκην</span> <span class='ocrx_word' id='word_1_529' title='bbox 2919 5276 3223 5348; x_wconf 77' lang='grc' dir='ltr'>ἐπέθηκενς</span> <span class='ocrx_word' id='word_1_530' title='bbox 3267 5275 3362 5329; x_wconf 78' lang='grc' dir='ltr'>καὶ</span> <span class='ocrx_word' id='word_1_531' title='bbox 3409 5271 3570 5326; x_wconf 84' lang='grc' dir='ltr'>ταῦτα</span> <span class='ocrx_word' id='word_1_532' title='bbox 3613 5262 3709 5332; x_wconf 69' lang='grc' dir='ltr'><strong>ὦρὲ</strong></span> 
     </span>
    </p>
   </div>
   <div class='ocr_carea' id='block_1_81' title="bbox 2172 5350 3709 5443">
    <p class='ocr_par' dir='ltr' id='par_1_81' title="bbox 2172 5350 3709 5443">
     <span class='ocr_line' id='line_1_81' title="bbox 2172 5350 3709 5443; baseline -0.018 -13"><span class='ocrx_word' id='word_1_533' title='bbox 2172 5371 2468 5443; x_wconf 82' lang='grc' dir='ltr'>χειμῶνος,</span> <span class='ocrx_word' id='word_1_534' title='bbox 2500 5371 2665 5441; x_wconf 79' lang='grc' dir='ltr'>ἡνίκα</span> <span class='ocrx_word' id='word_1_535' title='bbox 2694 5370 2786 5423; x_wconf 77' lang='grc' dir='ltr'>καὶ</span> <span class='ocrx_word' id='word_1_536' title='bbox 2819 5369 3053 5439; x_wconf 83' lang='grc' dir='ltr'>πόλεμος</span> <span class='ocrx_word' id='word_1_537' title='bbox 3098 5369 3296 5440; x_wconf 77' lang='grc' dir='ltr'>ἠρεμεῖ</span> <span class='ocrx_word' id='word_1_538' title='bbox 3316 5409 3331 5432; x_wconf 87' lang='grc'><em>,</em></span> <span class='ocrx_word' id='word_1_539' title='bbox 3362 5366 3453 5420; x_wconf 71' lang='grc' dir='ltr'>καὶ</span> <span class='ocrx_word' id='word_1_540' title='bbox 3483 5350 3709 5429; x_wconf 85' lang='grc' dir='ltr'>στρατιὼ-</span> 
     </span>
    </p>
   </div>
   <div class='ocr_carea' id='block_1_82' title="bbox 2172 5443 3708 5534">
    <p class='ocr_par' dir='ltr' id='par_1_82' title="bbox 2172 5443 3708 5534">
     <span class='ocr_line' id='line_1_82' title="bbox 2172 5443 3708 5534; baseline -0.005 -16"><span class='ocrx_word' id='word_1_541' title='bbox 2172 5481 2271 5533; x_wconf 82' lang='grc' dir='ltr'>της</span> <span class='ocrx_word' id='word_1_542' title='bbox 2304 5465 2404 5534; x_wconf 85' lang='grc' dir='ltr'><strong>τὴν</strong></span> <span class='ocrx_word' id='word_1_543' title='bbox 2432 5461 2732 5516; x_wconf 84' lang='grc' dir='ltr'>πανοπλίαν</span> <span class='ocrx_word' id='word_1_544' title='bbox 2758 5460 3212 5525; x_wconf 80' lang='grc' dir='ltr'>ἁποσκευάζεται,</span> <span class='ocrx_word' id='word_1_545' title='bbox 3245 5458 3338 5512; x_wconf 73' lang='grc' dir='ltr'>καὶ</span> <span class='ocrx_word' id='word_1_546' title='bbox 3365 5452 3572 5521; x_wconf 74' lang='grc' dir='ltr'>πλωτὴρ</span> <span class='ocrx_word' id='word_1_547' title='bbox 3593 5443 3708 5510; x_wconf 68' lang='grc' dir='ltr'><strong>ὑπὲρ</strong></span> 
     </span>
    </p>
   </div>
   <div class='ocr_carea' id='block_1_83' title="bbox 2173 5534 3706 5638">
    <p class='ocr_par' dir='ltr' id='par_1_83' title="bbox 2173 5534 3706 5638">
     <span class='ocr_line' id='line_1_83' title="bbox 2173 5534 3706 5638; baseline -0.012 -28"><span class='ocrx_word' id='word_1_548' title='bbox 2173 5555 2381 5610; x_wconf 82' lang='grc' dir='ltr'>καπνοῦ</span> <span class='ocrx_word' id='word_1_549' title='bbox 2426 5555 2606 5624; x_wconf 86' lang='grc' dir='ltr'>τίθησι</span> <span class='ocrx_word' id='word_1_550' title='bbox 2635 5553 2697 5606; x_wconf 76' lang='grc' dir='ltr'>τὺ</span> <span class='ocrx_word' id='word_1_551' title='bbox 2733 5552 2991 5622; x_wconf 79' lang='grc' dir='ltr'>πηδάλιον</span> <span class='ocrx_word' id='word_1_552' title='bbox 3012 5593 3028 5617; x_wconf 85' lang='grc'>,</span> <span class='ocrx_word' id='word_1_553' title='bbox 3072 5551 3169 5604; x_wconf 72' lang='grc' dir='ltr'>καὶ</span> <span class='ocrx_word' id='word_1_554' title='bbox 3217 5547 3458 5638; x_wconf 73' lang='grc' dir='ltr'>γεωγρὸς</span> <span class='ocrx_word' id='word_1_555' title='bbox 3483 5534 3706 5638; x_wconf 60' lang='grc' dir='ltr'><strong>ήσυχάξςξ</strong></span> 
     </span>
    </p>
   </div>
   <div class='ocr_carea' id='block_1_84' title="bbox 2173 5618 3704 5720">
    <p class='ocr_par' dir='ltr' id='par_1_84' title="bbox 2173 5618 3704 5720">
     <span class='ocr_line' id='line_1_84' title="bbox 2173 5618 3704 5720; baseline -0.007 -20"><span class='ocrx_word' id='word_1_556' title='bbox 2173 5647 2296 5708; x_wconf 81' lang='grc' dir='ltr'>τοὺς</span> <span class='ocrx_word' id='word_1_557' title='bbox 2323 5618 2599 5716; x_wconf 75' lang='grc' dir='ltr'>ἀροτῆρας</span> <span class='ocrx_word' id='word_1_558' title='bbox 2633 5643 2760 5714; x_wconf 77' lang='grc' dir='ltr'>βοῦς</span> <span class='ocrx_word' id='word_1_559' title='bbox 2787 5618 3102 5712; x_wconf 60' lang='grc' dir='ltr'>θεραπεύων</span> <span class='ocrx_word' id='word_1_560' title='bbox 3142 5618 3238 5692; x_wconf 60' lang='grc' dir='ltr'><strong>ἐπι</strong></span> <span class='ocrx_word' id='word_1_561' title='bbox 3265 5641 3358 5706; x_wconf 83' lang='grc' dir='ltr'>τῆς</span> <span class='ocrx_word' id='word_1_562' title='bbox 3395 5633 3584 5704; x_wconf 76' lang='grc' dir='ltr'>φάτνης</span> <span class='ocrx_word' id='word_1_563' title='bbox 3603 5643 3617 5691; x_wconf 69' lang='grc' dir='ltr'>ὅ</span> <span class='ocrx_word' id='word_1_564' title='bbox 3651 5618 3704 5720; x_wconf 46' lang='grc' dir='ltr'><strong>ΣΗ</strong></span> 
     </span>
    </p>
   </div>
   <div class='ocr_carea' id='block_1_85' title="bbox 2181 5725 3704 5807">
    <p class='ocr_par' dir='ltr' id='par_1_85' title="bbox 2181 5725 3704 5807">
     <span class='ocr_line' id='line_1_85' title="bbox 2181 5725 3704 5807; baseline -0.012 -18"><span class='ocrx_word' id='word_1_565' title='bbox 2181 5736 2475 5807; x_wconf 75' lang='grc' dir='ltr'>πρόδηλον,</span> <span class='ocrx_word' id='word_1_566' title='bbox 2513 5735 2588 5797; x_wconf 82' lang='grc' dir='ltr'>ὡς</span> <span class='ocrx_word' id='word_1_567' title='bbox 2619 5733 2879 5788; x_wconf 75' lang='grc' dir='ltr'>ἐσάλπισε</span> <span class='ocrx_word' id='word_1_568' title='bbox 2928 5732 3024 5802; x_wconf 87' lang='grc' dir='ltr'>μὲν</span> <span class='ocrx_word' id='word_1_569' title='bbox 3074 5733 3138 5784; x_wconf 85' lang='grc' dir='ltr'><strong>ὲκ</strong></span> <span class='ocrx_word' id='word_1_570' title='bbox 3180 5729 3289 5784; x_wconf 85' lang='grc' dir='ltr'><strong>τῶν</strong></span> <span class='ocrx_word' id='word_1_571' title='bbox 3344 5725 3704 5807; x_wconf 56' lang='grc' dir='ltr'>στρατιωτικφν</span> 
     </span>
    </p>
   </div>
   <div class='ocr_carea' id='block_1_86' title="bbox 2178 5801 3702 5894">
    <p class='ocr_par' dir='ltr' id='par_1_86' title="bbox 2178 5801 3702 5894">
     <span class='ocr_line' id='line_1_86' title="bbox 2178 5801 3702 5894; baseline -0.008 -14"><span class='ocrx_word' id='word_1_572' title='bbox 2178 5801 2488 5893; x_wconf 49' lang='grc' dir='ltr'>καταλίὸγων</span> <span class='ocrx_word' id='word_1_573' title='bbox 2534 5828 2563 5879; x_wconf 88' lang='lat'><strong>6</strong></span> <span class='ocrx_word' id='word_1_574' title='bbox 2603 5825 2755 5893; x_wconf 78' lang='grc' dir='ltr'>ἅγιος</span> <span class='ocrx_word' id='word_1_575' title='bbox 2791 5801 3031 5894; x_wconf 67' lang='grc' dir='ltr'>μάρτυς⁹</span> <span class='ocrx_word' id='word_1_576' title='bbox 3069 5822 3292 5892; x_wconf 85' lang='grc' dir='ltr'>κινήσας</span> <span class='ocrx_word' id='word_1_577' title='bbox 3321 5818 3374 5872; x_wconf 78' lang='grc' dir='ltr'>δὲ</span> <span class='ocrx_word' id='word_1_578' title='bbox 3423 5808 3623 5868; x_wconf 70' lang='grc' dir='ltr'>πολλοὺς</span> <span class='ocrx_word' id='word_1_579' title='bbox 3653 5801 3702 5894; x_wconf 45' lang='grc' dir='ltr'>ἐξ</span> 
     </span>
    </p>
   </div>
   <div class='ocr_carea' id='block_1_87' title="bbox 2177 5889 3706 5992">
    <p class='ocr_par' dir='ltr' id='par_1_87' title="bbox 2177 5889 3706 5992">
     <span class='ocr_line' id='line_1_87' title="bbox 2177 5889 3706 5992; baseline -0.016 -21"><span class='ocrx_word' id='word_1_580' title='bbox 2177 5919 2446 5988; x_wconf 72' lang='grc' dir='ltr'>διαφόρων</span> <span class='ocrx_word' id='word_1_581' title='bbox 2471 5917 2744 5988; x_wconf 73' lang='grc' dir='ltr'>πατρίδων</span> <span class='ocrx_word' id='word_1_582' title='bbox 2783 5916 2916 5992; x_wconf 75' lang='grc' dir='ltr'>πρὸς</span> <span class='ocrx_word' id='word_1_583' title='bbox 2946 5915 3039 5984; x_wconf 77' lang='grc' dir='ltr'>τὴν</span> <span class='ocrx_word' id='word_1_584' title='bbox 3071 5913 3274 5967; x_wconf 78' lang='grc' dir='ltr'>οἰκείαν</span> <span class='ocrx_word' id='word_1_585' title='bbox 3302 5910 3581 5965; x_wconf 66' lang='grc' dir='ltr'>ἀνάπαυσιν</span> <span class='ocrx_word' id='word_1_586' title='bbox 3629 5889 3706 5946; x_wconf 71' lang='grc' dir='ltr'><strong>καὶ</strong></span> 
     </span>
    </p>
   </div>
  </div>
