3938 6424
195 342 280 398 737
1265 328 1355 386 DE
1383 325 1443 384 S.
1471 321 1848 382 THEODORO
1883 321 2250 380 MARTYRE.

3301 329 3409 390 758

186 460 343 514 ἑστίαν
367 451 611 508 ἐκάλεσεν
629 493 644 518 ,
673 451 774 506 οὐκ
816 453 898 514 είς
932 449 1232 521 πολεμικὴν
1253 445 1587 518 εύτρεπίζων
1615 461 1718 498 πα·

1830 443 1914 498 sed
1938 443 2006 498 ad
2031 442 2249 498 dulcem
2297 455 2360 495 ac
2396 441 2632 497 maxime
2684 441 3028 499 Christianos
3081 443 3268 514 utique
3315 444 3416 500 de-

175 547 429 621 ρασκευὴν,
471 542 614 599 ἀλ.λά
663 542 799 613 πρὸς
830 545 927 611 τὴν
971 541 1227 609 γλυκεῖαν
1259 540 1354 592 καὶ
1396 537 1630 607 μάλιστα
1657 533 1722 605 δὴ

176 639 469 709 Χριστιαναίίς
495 634 820 705 πρέπουσαν
847 633 1092 701 συνάγων
1125 631 1346 702 εἰρήνην
1365 646 1379 696 ;
1399 621 1568 690 Οὗτος
1590 625 1721 695 γὰρ,

185 730 247 790 ὼς
267 724 607 795 πιστεύομεν,
641 725 736 776 καὶ⁸
784 721 880 775 τοῦ
937 720 1296 792 παρελθόντος
1337 715 1584 770 ἐνιαυτοῦ
1624 715 1724 786 τὴν

191 815 488 888 βαρϐαρικὴν
520 815 685 885 ζάλην
715 814 960 885 ἐκοίμισε
986 852 1000 876 ,
1045 813 1140 866 καὶ
1179 813 1271 866 τὸν
1321 811 1568 882 φρικώδη
1612 808 1722 863 τῶν

190 911 363 982 ἀγρίων
390 906 600 960 Σκυθῶν
625 906 818 975 ἔστησε
845 906 1099 972 πόλεμον,
1115 904 1284 957 δεινὸν
1311 904 1491 964 αὐτοῖς
1520 901 1725 954 ἐπισεί-

190 1020 270 1066 σας
301 1001 384 1054 καὶ¹
424 998 643 1070 φοϐερὸν
691 998 793 1068 ἥδη
829 997 1180 1068 βλεπομένοις
1209 995 1304 1049 καὶ
1339 993 1721 1064 πλησιάσασιν,

186 1094 236 1146 ού
260 1092 436 1162 κράνος
457 1089 730 1160 τρίλοφον,
763 1088 884 1140 οὐδὲ
928 1087 1080 1156 ξίφος
1127 1081 1186 1138 εὖ
1221 1084 1582 1154 τεθηγμένον,
1631 1082 1724 1135 καὶ

188 1184 298 1253 πρὸς
320 1183 401 1234 τὸν
433 1180 574 1250 ἥλιον
603 1179 926 1232 ἀποστίλϐον
947 1217 962 1239 ,
993 1177 1130 1230 ἀλλᾶ
1164 1176 1254 1229 τὸν
1279 1176 1602 1242 ἀλεξίκακον
1631 1173 1724 1227 καὶ

188 1271 548 1340 παντοδύναμον
583 1269 814 1340 σταυρὸν
844 1268 936 1321 τοῦ
968 1265 1394 1338 Χριστοῦ,’ύπὲρ
1420 1260 1480 1319 οὗ
1511 1265 1604 1318 καὶ
1633 1264 1724 1316 αύ-

183 1364 257 1426 τὸς
276 1362 463 1427 παθὼν,
493 1361 589 1433 τὴν
619 1360 776 1425 δόξαν
804 1359 1008 1430 ταύτην
1035 1360 1323 1430 ἐκτήσατο.
1367 1357 1475 1411 Καί
1509 1375 1598 1430 μοι
1621 1357 1726 1411 λοι-

186 1455 267 1508 πὸν
292 1454 374 1506 τὸν
400 1452 519 1506 νοῦν
559 1453 950 1522 ἐπιστήσαντες
974 1451 1336 1520 διασκέψασθε
1361 1491 1377 1516 ,
1409 1453 1457 1506 oi
1493 1452 1593 1522 τῆς
1620 1470 1724 1507 κα-

183 1544 326 1614 θαρᾶς
341 1542 534 1613 ταύτης
562 1541 858 1614 θρησκείας
884 1543 1154 1612 ὑπηρέται
1179 1543 1272 1595 καὶ
1299 1543 1720 1614 φιλομάρτυρές,

182 1635 336 1704 ἡλίκον
360 1636 541 1706 χρῆμα
568 1635 806 1699 δίκαιος,
841 1634 935 1688 καὶ
973 1635 1113 1689 ὅσων
1144 1635 1390 1702 ἀξιοῦται
1424 1635 1532 1690 τῶν
1565 1638 1721 1707 ἀμοι·

184 1724 279 1775 ϐῶν
303 1725 437 1792 (τῶν
474 1725 783 1796 ὲγκοσμίων
819 1741 899 1790 τε,
927 1723 1091 1793 λέγω,
1121 1727 1214 1780 καὶ
1241 1725 1349 1779 τῶν
1381 1727 1510 1797 παρ’
1550 1729 1684 1797 ἡμῖν
1705 1743 1720 1758 ⁶

1831 544 2043 592 centeni
2087 548 2278 604 pacem
2321 535 2568 604 cogens?
2600 534 2707 589 llic
2761 537 2929 600 enim,
2985 543 3046 590 ut
3107 536 3412 600 credimus,

1829 627 1994 682 etiam
2026 640 2172 680 anno
2216 625 2492 695 praeterito
2517 627 2860 681 barbaricam
2901 636 3276 698 tempestatem
3325 643 3414 684 sc-

1829 717 2072 781 davit,et
2095 717 2430 772 horrendum
2447 717 2690 773 ferorum
2719 727 2772 772 et
2812 720 3126 773 immanium
3176 719 3410 791 Scytha-
3489 763 3494 770 .

1830 826 1952 864 rum
2009 810 2212 865 bellum
2275 809 2512 864 inhibuit
2551 820 2718 880 atque
2768 812 3052 880 repressit,
3112 813 3411 868 terribilem

1831 911 1996 974 atque
2032 901 2432 957 formidabilem
2500 903 2609 958 illis
2664 903 2776 971 jam
2815 903 2950 958 visis
3005 911 3059 957 et
3116 904 3412 974 appropin-

1831 992 2128 1064 quantibus
2159 990 2458 1045 obvibrans
2493 1007 2600 1045 non
2651 993 2861 1062 galeam
2903 992 3067 1047 trinis
3106 993 3294 1048 cristis
3361 1001 3416 1047 ct

1830 1085 1986 1140 conis
2017 1083 2308 1150 insignem,
2349 1098 2525 1154 neque
2557 1083 2796 1152 gladium
2827 1083 2964 1137 bene
2991 1091 3212 1138 acutum
3244 1092 3300 1138 et
3347 1084 3415 1137 ad

1830 1178 2002 1231 solem
2032 1175 2496 1244 resplendentem,
2529 1175 2622 1230 sed
2662 1174 2930 1227 malorum
2957 1175 3414 1246 propulsatricem

1829 1277 1884 1324 et
1911 1269 2344 1336 omnipotentem
2375 1281 2594 1320 crucem
2627 1266 2854 1330 Christi,
2885 1282 2984 1337 pro
3031 1282 3138 1336 qua
3185 1279 3238 1320 et
3301 1272 3419 1336 ipse

1831 1367 2063 1412 mortem
2129 1372 2428 1428 perpessus
2482 1357 2624 1410 hanc
2676 1357 2907 1426 gloriam
2957 1357 3269 1426 acquisivit.
3337 1359 3417 1411 Ac

1830 1448 1964 1504 mihi
1986 1448 2249 1521 deinceps
2280 1449 2526 1503 animum
2557 1449 2903 1504 attendentes
2934 1449 3300 1513 considerate,
3318 1449 3416 1519 qui

1831 1541 1999 1610 hujus
2028 1541 2155 1611 puri
2216 1539 2400 1596 cultus
2429 1540 2666 1595 ministri
2704 1554 2770 1595 ac
2813 1548 3122 1612 martyrum
3182 1541 3416 1596 studiosi

1831 1633 1990 1696 estis,
2023 1641 2226 1703 quanta
2263 1647 2352 1687 res
2380 1632 2454 1686 sit
2476 1632 2681 1700 justus,
2713 1647 2991 1702 quamque
3041 1632 3242 1686 multas
3283 1648 3414 1686 con-

1833 1731 2094 1795 sequatur
2129 1724 2601 1778 remunerationes
2647 1722 2736 1792 (de
2778 1724 2848 1779 iis
2879 1724 3072 1794 loquor
3097 1738 3416 1778 remunera-

179 1814 269 1866 τῶν
293 1814 390 1885 γάρ
421 1815 666 1884 ἀοράτων
704 1817 879 1880 ούδεὶς
937 1817 1118 1881 ἱκανὸς
1151 1817 1467 1887 λογίσασθαι
1505 1819 1604 1888 τὴν
1637 1837 1726 1889 με-

1834 1817 2096 1879 tionibus,
2127 1831 2249 1885 quae
2282 1816 2337 1868 in
2363 1814 2591 1879 mundo,
2620 1821 2673 1868 et
2704 1815 2845 1883 apml
2899 1830 3000 1869 nos
3045 1822 3412 1884 praestantur:

180 1904 580 1976 γαλοπρέπειαν)
609 1921 622 1935 °
659 1907 754 1960 καὶ
796 1906 1127 1978 διορίσαντες
1166 1907 1257 1960 τὸν
1298 1908 1399 1978 τῆς
1447 1907 1726 1972 εὐσεϐείας

179 1997 377 2066 καρπὸν,
403 1996 678 2067 ζηλώσατε
704 1997 812 2050 τῶν
842 1996 986 2051 οὕτω
1015 1997 1444 2069 προτιμωμένων
1467 1999 1565 2069 τὴν
1589 2000 1730 2068 γνὼ-

180 2106 287 2158 μην.
324 2089 724 2161 Ἐπιθυμήσατε
771 2089 828 2143 δὲ
864 2089 972 2142 τῶν
1018 2089 1195 2159 γερῶν
1229 2089 1266 2143 ἀ
1310 2091 1540 2161 Χριστὸς
1592 2090 1728 2161 πρὸς

178 2179 307 2242 ἀξίαν
324 2181 560 2250 διανέμει
581 2183 692 2244 τοῖς
721 2181 1002 2250 ἀθληταῖς.
1038 2181 1144 2234 Καὶ
1165 2181 1323 2245 τέως,
1358 2182 1405 2234 εί
1429 2181 1595 2247 δοκεῖ,
1627 2182 1728 2251 τῆς

177 2269 488 2335 ἀπολαύσεως
510 2272 626 2325 τῶν
647 2271 947 2342 μελλόντων
975 2271 1195 2339 ἀγαθῶν
1231 2272 1630 2343 σχολαζούσης,
1663 2273 1729 2344 ἢν

177 2362 306 2426 ἐλπὶς
339 2365 508 2436 ἀγαθὴ
565 2364 887 2435 ταμιεύεται
935 2367 1048 2429 τοῖς
1099 2365 1367 2434 δικαίοις,
1408 2366 1567 2438 ἡνίκα
1600 2367 1667 2418 ἂν
1702 2366 1731 2418 ὁ

177 2451 266 2502 τῶν
296 2453 574 2524 ἡμετέρων
618 2453 746 2524 βίων
774 2453 1032 2524 δικαστὴς
1063 2456 1390 2527 ὲπιφοιτὴσῃ
1415 2496 1429 2520 ,
1460 2457 1558 2527 τὴν
1588 2472 1730 2517 παρ-

175 2542 314 2598 οὖσαν
349 2545 538 2617 ἴδωμεν
569 2546 678 2600 τῶν
706 2545 876 2614 ἀγίων
901 2547 1254 2611 κατάστασιν,
1289 2547 1437 2610 ὅπως
1469 2547 1730 2618 καλλίστη

177 2632 272 2684 ἐστὶ
301 2634 386 2686 καὶ
439 2634 890 2705 μεγαλοπρεπής.
915 2633 1078 2704 Ψυχὴ
1132 2635 1231 2704 μὲν
1286 2635 1390 2705 γὰρ
1435 2634 1731 2688 ἀνελθοῦσα

176 2722 284 2793 περὶ
314 2724 398 2778 τὸν
451 2725 590 2779 ἴδιον
630 2724 830 2796 κλῆρον
864 2725 1231 2797 ἐμφιλοχωρεῖ
1255 2767 1269 2792 ,
1307 2727 1400 2780 καὶ
1425 2726 1732 2796 ἀσωμάτως

173 2816 266 2876 toi;
289 2817 482 2886 ὁμοίοις
547 2817 949 2870 συνδιαιτᾶται·
983 2818 1143 2888 σῶμα
1177 2817 1233 2870 δὲ
1286 2818 1348 2871 τὸ
1391 2818 1587 2889 σεμνὸν
1637 2818 1731 2871 καὶ

172 2905 466 2976 ἀκηλίδωτον
490 2908 713 2980 ἐκείνης
740 2909 970 2980 ὄργανον
989 2949 1004 2973 ,
1038 2909 1274 2981 οὐδαμοῦ
1299 2912 1408 2973 τοῖς
1444 2911 1594 2973 ἰδίοις
1627 2910 1731 2962 πά-

174 2993 272 3046 θεσι
309 2996 506 3069 βλάψαν
543 2999 648 3068 τῆς
683 2999 1042 3071 ὲνοικησάσης
1075 2999 1174 3071 τὴν
1211 2999 1549 3072 ἀφθαρσίαν,
1591 3001 1731 3071 μετά

174 3087 345 3158 πολλῆς
381 3091 553 3162 τιμῆς
602 3091 697 3145 καὶ
737 3091 1031 3163 θεραπείας
1059 3094 1401 3163 περισταλὲν,
1429 3095 1640 3164 σεμνῶς
1670 3095 1729 3148 ὲν

1829 1923 1956 1962 nam
1991 1922 2204 1972 earum,
2247 1922 2369 1976 qua:
2420 1907 2599 1960 visum
2651 1904 2944 1976 effugiunt,
2998 1907 3418 1976 magnificentia:

1831 2015 1990 2055 nemo
2021 2000 2156 2055 satis
2189 1999 2420 2054 idoneus
2453 1996 2760 2052 aestimator
2781 2006 2909 2066 est),
2947 2006 3002 2051 et
3023 1998 3245 2066 cognito
3298 1997 3418 2066 pie-

1831 2095 1960 2150 tatis
1996 2093 2200 2156 fructu,
2232 2090 2529 2146 imitamini
2577 2090 2898 2153 consilium,
2955 2100 3011 2143 et
3055 2091 3292 2159 aspirate
3345 2088 3414 2143 ad

1830 2187 2075 2240 animqu
2109 2192 2164 2240 et
2195 2184 2536 2238 voluntatem
2573 2197 2789 2246 eorum,
2827 2182 2920 2251 qui
2948 2183 3021 2236 ita
3050 2197 3159 2252 pne
3201 2181 3418 2238 caeteris

1831 2277 2199 2336 honorantur.
2231 2283 2396 2345 atque
2423 2273 2804 2343 concupiscite
2832 2281 2886 2328 et
2913 2273 3166 2329 affectate
3197 2288 3261 2328 ea
3279 2288 3419 2344 prae-

1831 2373 1961 2435 mia,
1996 2388 2119 2442 quae
2158 2370 2416 2426 Christus
2479 2369 2704 2423 athletis
2736 2382 2837 2437 pro
2889 2367 3092 2421 merito
3149 2367 3421 2437 cujusque

1830 2464 2136 2521 distribuit.
2168 2465 2345 2533 Atque
2379 2463 2433 2516 in
2469 2460 2760 2530 praesentia
2810 2460 2856 2514 si
2908 2459 3104 2529 placet,
3168 2467 3424 2514 cessante

1834 2555 2150 2609 futurorqu
2179 2555 2449 2608 bonorum
2484 2550 2686 2617 fructu,
2721 2565 2882 2628 quem
2921 2552 3064 2603 bona
3096 2566 3222 2620 spes
3252 2550 3422 2619 justis

1831 2647 1887 2700 in
1918 2645 2052 2699 illud
2086 2644 2264 2715 rejieit
2295 2651 2543 2712 tempus,
2573 2658 2682 2712 quo
2737 2657 2920 2696 rerum
2959 2643 3015 2695 in
3051 2643 3160 2696 vita
3227 2651 3420 2696 nostra

1831 2745 2076 2791 actarum
2115 2735 2284 2804 judex
2345 2733 2662 2788 advenerit:
2727 2742 3049 2802 praesentem
3100 2743 3419 2787 sanctorum

1831 2831 2034 2880 statum
2093 2823 2473 2893 inspiciamus,
2525 2837 2688 2891 Quam
2733 2821 3028 2890 praeclarus
3069 2821 3421 2892 magnificus-

1829 2931 1937 2986 que
1971 2915 2062 2970 sit.
2094 2913 2229 2967 Nam
2263 2913 2443 2966 anima
2474 2912 2695 2981 quidem
2734 2927 2798 2965 ex
2827 2927 2938 2981 quo
2964 2911 3220 2967 sublimis
3261 2913 3420 2977 abiit,

1831 3008 1885 3060 in
1925 3020 2028 3061 suo
2054 3007 2176 3060 loco
2204 3005 2532 3075 acquiescit,
2567 3011 2623 3058 et
2649 3018 2882 3072 corpore
2937 3007 3118 3057 soluta
3175 3019 3299 3058 cum
3334 3007 3422 3059 sui

1831 3095 2106 3151 similibus
2149 3111 2256 3149 una
2285 3095 2453 3160 vivit;
2515 3109 2718 3162 corpus
2764 3109 2896 3147 vero
2943 3095 3313 3148 veneramlum
3366 3103 3423 3149 et

176 3181 283 3252 ἱερῷ
322 3185 465 3257 τόπῳ
497 3186 848 3253 κατάκειται,
880 3186 1069 3258 ὥσπερ
1111 3204 1161 3240 τι
1195 3187 1475 3257 κειμήλιον
1509 3187 1726 3242 πολυτί-

1834 3188 2244 3242 immaculatum
2277 3187 2426 3241 illius
2454 3185 2906 3248 instrumentum,
2940 3185 3084 3255 quod
3125 3186 3241 3241 suis
3275 3187 3426 3242 vitiis

175 3290 318 3344 μητον
345 3276 419 3348 τῷ
446 3277 633 3350 καιρῷ
654 3279 751 3349 τῆς
773 3279 1190 3348 παλιγγενεσίας
1215 3279 1570 3350 τηρούμενον,
1597 3281 1726 3334 πολὺ

1834 3289 1888 3334 ct
1916 3279 2204 3334 affectibus
2234 3279 2384 3342 illius
2428 3278 2792 3333 inbabitantis
2849 3277 3425 3346 incorruptibilitatem

175 3366 222 3416 τὸ
255 3369 581 3443 ἀσύγκριτον
609 3371 730 3441 ἕχον
763 3371 899 3441 πρὸς
937 3371 1005 3425 τὰ
1041 3371 1177 3426 ἄλλα
1214 3371 1322 3426 τῶν
1353 3373 1622 3442 σωμάτων
1653 3411 1670 3436 ,
1697 3372 1726 3427 ἃ

1836 3387 1943 3427 ιιοη
1976 3371 2137 3434 laesit,
2176 3387 2304 3425 cum
2337 3371 2514 3426 multo
2540 3370 2752 3426 honore
2779 3375 2835 3425 et
2871 3371 3025 3424 cultu
3058 3371 3424 3440 compositum

175 3459 311 3530 κοινῷ
352 3464 441 3516 καὶ
469 3462 557 3534 τῷ
591 3464 805 3533 τυχόντι
829 3463 1045 3534 διελύθη
1085 3461 1329 3534 θανάτῳ,
1361 3464 1456 3517 καὶ¹
1483 3462 1654 3518 ταῦτα
1677 3465 1726 3518 ὲν

1837 3471 2002 3532 atque
2036 3469 2291 3516 ornatum
2323 3463 2377 3516 in
2411 3469 2647 3534 augusto
2676 3477 2945 3531 sacroque
2974 3462 3095 3516 loco
3121 3464 3284 3517 situm
3308 3472 3423 3519 est:

172 3551 310 3622 ὁμοία
343 3552 440 3626 ὕλῃ
471 3556 584 3624 τῆς
618 3553 849 3623 φύσεως.
881 3553 963 3608 Τὰ
996 3554 1092 3625 μὲν
1121 3553 1230 3625 γὰρ
1257 3554 1390 3608 ἄλλα
1417 3554 1525 3609 τῶν
1550 3555 1726 3626 λειψά·

1837 3553 1984 3623 quod
2022 3552 2188 3607 veluti
2241 3568 2332 3607 res
2383 3553 2550 3607 chara
2599 3553 2892 3623 magnique
2929 3552 3200 3606 aestimata
3261 3559 3427 3620 atque

175 3656 279 3706 νων,
301 3644 389 3696 καὶ
410 3644 683 3716 βδελυκτά
701 3647 813 3708 τοῖς
847 3644 1060 3708 πολλοῖς
1086 3645 1221 3709 ἐστι,
1245 3645 1338 3698 καὶ
1367 3645 1541 3708 οὐδεὶς
1565 3645 1726 3718 ἡδέως

1837 3645 2123 3702 recondita
2148 3646 2202 3700 in
2225 3653 2441 3716 tempus
2469 3647 2904 3717 regenerationis
2921 3652 3259 3709 reservatur,
3282 3646 3427 3702 mul-

175 3733 478 3806 παρέρχεται
512 3735 709 3803 τάφον,
743 3736 776 3806 ἢ
803 3737 898 3790 καὶ
929 3735 1193 3807 ἀνεῳγότι
1221 3735 1399 3806 τυχὼν
1425 3736 1487 3789 ὲκ
1509 3736 1602 3790 τοῦ
1628 3755 1726 3791 na.-

1839 3739 1913 3794 tis
1945 3737 2320 3808 singularibus
2351 3746 2405 3791 et
2441 3737 2661 3791 eximiis
2688 3738 2851 3793 rebus
2877 3739 3180 3807 praeditum,
3204 3745 3429 3809 propter

176 3825 370 3893 ραδόξου
394 3867 409 3893 ,
439 3827 722 3882 ἐπιϐαλὼν
753 3827 810 3880 δὲ
843 3828 942 3900 τὴν
966 3826 1089 3897 ὄψιν
1119 3829 1185 3899 τῇ
1221 3826 1470 3899 ἀμορφία
1511 3827 1619 3880 τῶν
1647 3829 1726 3897 ἐγ·

1840 3844 1981 3900 quas
2013 3830 2078 3883 ad
2123 3828 2230 3882 alia
2282 3843 2537 3899 corpora,
2581 3843 2704 3898 quae
2761 3828 3038 3882 communi
3095 3844 3158 3883 ac
3217 3829 3427 3900 vulgari

172 3920 436 3988 κειμένων,
463 3923 652 3992 πάσης
681 3921 871 3992 ἀηδίας
900 3921 1228 3993 πληρωθεὶς,
1255 3921 1354 3976 καὶ
1379 3920 1551 3994 βαρέα
1569 3939 1726 3975 κατα-

1841 3929 2019 3976 morte
2057 3920 2330 3977 dissoluta
2358 3929 2508 3984 sunt,
2538 3936 2606 3975 ne
2631 3919 3062 3989 comparandum
3086 3919 3304 3988 quidem
3321 3928 3430 3983 est,

175 4010 406 4076 στενάξας
434 4016 537 4084 τῆς
589 4011 1005 4083 ἀνθρωπότητος
1060 4013 1414 4084 παρατρέχει.
1460 4013 1658 4066 Ἐλθὼν
1684 4013 1726 4066 δὲ

1843 4013 2008 4083 idque
2028 4012 2083 4066 in
2119 4012 2288 4068 simili
2309 4011 2540 4067 materia
2567 4019 2800 4066 naturae.
2825 4009 2961 4066 Nam
2980 4019 3191 4065 czeterze
3209 4009 3432 4078 quidem

171 4097 237 4159 εἷς
262 4117 311 4152 τι
338 4104 537 4173 χωρίον
571 4103 754 4172 ὅμοιον
785 4101 980 4173 τούτῳ,
1009 4101 1136 4156 ἔνθα
1164 4103 1404 4174 σήμερον
1425 4103 1452 4155 ό
1478 4103 1726 4173 ἡμέτερος

1843 4104 2092 4174 reliquiae
2151 4104 2317 4160 etiam
2372 4104 2779 4159 abominabiles
2809 4105 3089 4174 plerisque
3135 4113 3300 4166 sunt;
3365 4116 3436 4162 ae

173 4185 433 4256 σύλλογος,
469 4193 609 4244 ὃπου
667 4189 854 4261 μνήμη
902 4188 1110 4242 δικαίου
1147 4189 1241 4241 καὶ
1274 4187 1430 4257 ἀγιον
1471 4188 1726 4257 λείψανον

1843 4211 2006 4251 nemo
2039 4195 2293 4250 lubenter
2338 4197 2652 4263 sepulcrum
2706 4195 2975 4265 praeterit,
3008 4201 3104 4247 aut
3153 4193 3198 4248 si
3239 4208 3303 4246 ex
3347 4192 3432 4246 in-r

171 4277 366 4346 πρῶτον
391 4282 492 4352 μὲν
534 4283 602 4352 τῇ
637 4278 1086 4350 μεγαλοπρεπείᾳ.
1124 4277 1232 4333 τῶν
1282 4277 1575 4348 ὁρωμένων
1607 4276 1726 4347 eux.

1845 4287 2068 4356 opinato
2129 4293 2380 4356 apertum
2440 4285 2702 4350 ostendit,
2767 4285 3116 4340 deformitate
3169 4283 3436 4341 nimirum

172 4375 445 4438 αγωγεῖται
465 4415 481 4440 ,
507 4369 659 4427 οἶκον
694 4372 906 4443 βλέπων
929 4370 1003 4435 ὡς
1033 4369 1168 4423 Θεοῦ
1195 4369 1342 4436 ναὸν,
1377 4369 1726 4440 ἐξησκημένοι

1845 4391 2033 4431 earum
2069 4391 2254 4428 rerum
2315 4390 2438 4443 quae
2487 4375 2623 4428 inibi
2675 4374 2885 4444 jacent,
2941 4374 3133 4428 faciem
3178 4375 3436 4443 Oper-iens

169 4458 418 4536 λαμπρῶς
465 4466 549 4538 τῷ
600 4465 818 4536 μεγέθει
861 4468 966 4537 τῆς·
1008 4465 1332 4536 οἰκοδομῆς,
1374 4465 1470 4517 καὶ
1521 4464 1598 4534 τῷ
1646 4465 1726 4534 τῆς

1847 4465 1999 4519 omni
2056 4463 2459 4532 injucunditate
2497 4465 2764 4535 repletus,
2811 4472 2866 4518 et
2914 4463 3170 4518 humanm
3224 4472 3436 4517 naturae

171 4529 854 4628 ἐπικοσμήσεωςαάλλει,
908 4529 1036 4610 ένθα
1090 4529 1203 4610 καὶ-
1221 4529 1430 4610 τέκτων
1477 4529 1726 4620 autem

1846 4557 2146 4612 conditioni
2177 4557 2417 4626 graviter
2450 4556 2820 4625 ingemiscens
2853 4556 3249 4626 praetereurrit.
3277 4555 3437 4622 Quod

169 4648 452 4709 φαντασίαν
499 4649 564 4703 τὸ
596 4647 750 4714 ξύλον
779 4647 1100 4720 ἐμόρφωσε,
1140 4649 1235 4701 καὶ
1273 4647 1507 4713 λιθοξόος
1538 4649 1617 4712 εἰς
1645 4648 1726 4718 ἀρε

1847 4652 1894 4707 si
1932 4649 2141 4706 venerit
2166 4648 2232 4703 ad
2262 4647 2504 4718 aliquem
2537 4649 2718 4702 locum
2750 4649 2983 4706 similem
3013 4648 3161 4714 huic,
3191 4648 3283 4704 ubi
3335 4648 3432 4702 ho-

170 4735 322 4808 γύρου
343 4739 601 4813 λειότητα
634 4739 734 4804 τὰς
764 4739 980 4803 πλάκας
1026 4738 1308 4806 ἀπέξεσεν.
1343 4738 1652 4808 Ἐπέχρωσε
1691 4736 1726 4788 δὲ

1848 4742 1935 4797 die
1969 4747 2158 4796 noster
2185 4747 2490 4794 conventus
2526 4738 2780 4796 habetur.
2810 4739 2904 4794 ubi
2951 4738 3217 4793 memoria
3268 4736 3433 4805 justi.

168 4828 250 4882 καὶ
276 4829 567 4903 ζωγράφος
595 4831 666 4887 τά
692 4832 829 4904 ἄνθη
860 4832 962 4903 τῆς
996 4832 1192 4902 τέχνης
1224 4833 1285 4885 ἐν
1319 4831 1488 4884 είκόνι
1522 4830 1720 4899 διαγρα

1847 4844 2160 4902 sanctaeque
2191 4833 2436 4902 reliquiae
2467 4841 2596 4888 sunt
2641 4849 2655 4886 :
2695 4817 2935 4901 primum
2974 4830 3197 4900 quidem
3242 4840 3434 4883 earum

168 4917 393 4990 ψάμενος
418 4963 432 4987 ,
459 4923 562 4986 τὰς
597 4922 878 4995 ἀριστείας
923 4922 1016 4976 τοῦ
1053 4921 1361 4994 μάρτυρος,
1406 4921 1503 4983 τὰς
1554 4919 1726 4973 ὲνστά·

1848 4941 2030 4981 rerum
2065 4924 2492 4996 magnificentia,
2542 4940 2683 4994 quas
2714 4924 2884 4989 videt,
2921 4925 3248 4985 oblectatur,
3303 4922 3430 4973 dum

167 5027 298 5078 σεις,
352 5015 453 5080 τὰς
490 5015 791 5087 ἀλγηδόνας
814 5054 830 5080 ,
863 5015 962 5077 τὰς
995 5013 1280 5086 θηριώδεις
1319 5013 1427 5068 τῶν
1472 5013 1726 5084 τυράννωε

1845 5016 2014 5071 aedem
2055 5022 2115 5068 ut
2158 5015 2421 5085 templum
2460 5015 2555 5070 Dei
2601 5024 2656 5070 et
2688 5015 3068 5085 magnitudine
3119 5019 3433 5072 structure,

169 5106 371 5173 μορφὰς
396 5146 412 5170 ,
442 5106 544 5170 τὰς
570 5107 832 5179 ἐπηρείας
852 5146 868 5173 ,
905 5106 1006 5179 τὴν
1028 5105 1391 5175 φλογοτρόφον
1417 5106 1630 5176 ἐκείνην
1656 5105 1726 5159 κά

1845 5115 1900 5162 et
1951 5106 2152 5177 adjecti
2214 5117 2443 5162 ornatus
2495 5107 2694 5162 decore
2754 5104 3037 5176 splendide
3095 5104 3434 5158 elaboratum

167 5211 310 5262 μινον
336 5239 352 5263 ,
406 5199 514 5270 τὴν
566 5199 994 5272 μακαριωτάτην
1044 5196 1320 5250 τελείωσιν
1359 5197 1451 5249 τοῦ
1487 5197 1720 5269 ἀθλητοῦ

1847 5199 2112 5264 intuetur,
2145 5197 2236 5252 ubi
2273 5205 2328 5252 et
2362 5197 2516 5252 faber
2544 5197 2599 5250 in
2628 5196 2948 5250 animalium
2975 5196 3202 5264 figuram
3229 5190 3431 5260 lignum

165 5287 250 5339 τοῦ
277 5291 617 5358 ἀγωνοθέτου
640 5292 876 5363 Χριστου
903 5292 1006 5360 τῆς
1039 5289 1386 5359 ἀνθρωπίνης
1429 5290 1645 5361 μορφῆς
1683 5290 1726 5343 τὲ

1853 5291 2130 5354 formavit,
2153 5297 2208 5343 et
2237 5289 2475 5344 latomus
2509 5287 2576 5343 ad
2621 5289 2832 5359 argenti
2883 5286 3159 5341 levitatem
3217 5289 3434 5335 crustas

163 5378 463 5452 ἐκτύπωμα
490 5423 506 5447 ,
542 5385 716 5438 πάντα
748 5385 780 5453 ἡ
791 5383 905 5453 μῶν
937 5383 1010 5446 ὠς
1043 5381 1101 5435 ἐν
1149 5379 1337 5451 βιϐλίῳ
1377 5381 1480 5432 τινὶ
1507 5380 1726 5449 γλωττο·

1849 5379 2090 5449 lapideas
2148 5378 2436 5448 expolivit.
2491 5377 2711 5432 lnduxit
2785 5384 2964 5430 autem
3022 5374 3186 5428 etiam
3261 5369 3429 5440 pictor

165 5470 306 5542 φόρῳ
336 5473 427 5526 διὰ
458 5476 764 5546 χρωμάτων
797 5473 1341 5546 τεχνουργησάμενος
1369 5510 1384 5534 ,
1419 5471 1605 5541 σαφῶς
1659 5473 1726 5526 δι-

1849 5473 2013 5527 llores
2047 5471 2185 5526 artis
2231 5472 2286 5525 in
2337 5471 2573 5542 imagine
2603 5472 2872 5541 depictos,
2909 5467 3069 5522 fortia
3119 5466 3256 5520 facta
3292 5477 3429 5516 mar-

162 5561 426 5634 ηγόρευσε
450 5566 576 5630 τοὺς
601 5566 815 5636 ἀγῶνας
835 5564 930 5618 τοῦ
960 5565 1254 5635 μάρτυρος,
1281 5563 1373 5617 καὶ
1402 5562 1476 5626 ti);
1499 5563 1726 5635 λειμῶνα

1851 5566 2009 5636 tyris,
2047 5565 2468 5636 repugnantias,
2521 5565 2824 5626 cruciatus,
2861 5561 3114 5619 efferatas
3139 5565 3193 5611 ct
3240 5556 3431 5609 imma-

164 5650 409 5726 λαμπρὸν
434 5656 529 5708 τὸν
557 5657 690 5710 νεὼν
724 5656 1085 5728 κατηγλάῖσεν
1107 5671 1122 5686 ·
1164 5650 1270 5708 οἶδε
1299 5655 1408 5725 γὰρ
1444 5655 1536 5708 καὶ¹
1557 5657 1726 5727 γραφὶ

1852 5673 1950 5712 nes
1996 5664 2357 5729 tyrannorum
2397 5656 2626 5722 formas,
2665 5656 2903 5726 impetus
2954 5652 3247 5715 violentos.
3281 5646 3425 5700 flatu-

169 5745 422 5800 σιωπῶσα
456 5747 519 5800 ὲν
543 5750 706 5821 τοίχῳ
732 5749 911 5804 λαλεῖν
935 5789 952 5819 ,
985 5748 1079 5806 καὶ
1115 5748 1184 5802 τὰ
1215 5747 1449 5820 μέγιστα
1479 5747 1708 5820 ὠφελεῖν

1854 5759 2034 5800 meum
2078 5743 2234 5798 illum
2296 5742 2597 5811 fornacem,
2655 5745 3030 5802 beatissimam
3087 5752 3432 5797 consumma'
