3938 6422
490 311 596 368 759

1764 301 1820 358 S.
1859 298 2187 357 GREGORII
2228 299 2527 358 NYSSEXI
3623 315 3706 370 7&0

495 427 961 492 tionemathletm,
994 427 1356 484 certaminum
1409 424 1662 496 prmsidis
1706 424 1911 481 Christi
1973 425 2081 479 htt-

2210 426 2281 477 ιαὶ
2301 425 2328 477 6
2365 425 2476 479 τῶν
2501 426 2751 498 ψηφίδων
2787 430 3051 502 συνθέτης
3073 473 3090 499 ,
3120 432 3353 504 ἱστορίας
3375 433 3509 499 ἄξιον
3525 435 3710 506 ἐποίησε

496 537 673 577 mante
705 522 895 576 formae
921 520 1177 592 effigiem,
1209 520 1395 575 omnia
1425 519 1587 574 nobis
1619 527 1879 588 tanquam
1904 518 1959 572 in
2016 516 2082 570 li-

2189 515 2248 569 τὸ
2284 517 2625 588 πατούμενον
2659 521 2872 590 ἔδαφος.

495 618 597 672 bro
619 616 877 686 quodam,
936 615 1030 686 qui
1091 615 1403 686 linguarum
1466 613 1954 700 interpretationes
2002 609 2307 674 contineat,
2391 610 2672 668 coloribus
2723 615 3026 672 artiﬁciose
3075 616 3392 689 depingens,
3458 619 3716 674 Certamina

495 716 659 776 atque
711 705 929 761 labores
955 706 1214 776 martyris
1261 704 1422 761 nobis
1446 704 1743 775 expressit,
1772 694 2124 772 ae'tanquam
2166 711 2383 771 pratum
2432 694 2714 759 amtenum
2770 713 2825 761 et
2856 706 3112 763 ﬂoridum
3154 709 3407 779 templum
3443 709 3714 775 exornavit;

496 803 636 858 solet
659 802 805 856 enim
840 801 1009 856 etiam
1051 801 1263 869 pictura
1296 808 1483 855 tacens
1533 799 1587 854 in
1634 797 1846 868 pariete
1897 797 2072 866 loqui,
2114 795 2463 867 maximeque
2483 799 2787 869 prodesse;
2850 802 3166 874 lapillorum
3212 804 3340 859 item
3404 804 3720 861 concinnam

497 892 745 949 historiae
774 909 872 963 par
898 907 1037 963 opus
1065 893 1119 947 in
1151 892 1480 962 pavimento,
1515 891 1662 960 quod
1688 889 1919 960 pedibus
1960 888 2228 952 calcatur,
2256 887 2456 945 eﬂ'ecit.

570 985 669 1041 llis
702 986 867 1056 igitur
907 994 1024 1039 arte
1056 984 1352 1039 elaboratis
1410 983 1671 1052 operibus
1725 996 1849 1052 qua:
1897 979 2089 1034 sensui

500 1077 745 1146 exposita
778 1084 926 1139 sunt,
959 1074 1050 1128 ubi
1079 1073 1270 1128 oculos
1299 1071 1617 1134 oblectavit,
1646 1071 1800 1140 cupit
1828 1069 2089 1136 deinceps

502 1170 668 1225 etiam
698 1166 799 1236 ipsi
837 1164 1145 1221 conditorio
1178 1162 1638 1232 appropinquare,
1691 1158 2088 1215 sanctiﬁcatio-

504 1278 628 1317 nem
709 1276 774 1314 ac
860 1257 1330 1318 benedictionem,
1409 1252 1902 1309 contrectationem
1967 1248 2089 1319 ejus

501 1368 626 1409 esse
694 1349 947 1405 credens.
1009 1347 1168 1414 Quod
1229 1346 1277 1402 si
1340 1346 1467 1416 quis
1542 1344 1704 1398 etiam
1785 1342 2087 1413 pulverem,

502 1461 612 1517 quo
688 1442 1083 1505 conditorium,
1116 1483 1125 1492 .
1158 1439 1249 1494 ubi
1329 1437 1591 1508 martyris
1659 1448 1858 1505 corpus
1928 1432 2087 1503 quie-

503 1540 631 1603 scit,
665 1538 904 1591 obsitum
938 1541 1045 1600 est,
1086 1531 1307 1587 auferre
1362 1530 1658 1598 permittat,
1707 1540 1805 1596 pro
1864 1538 2092 1580 munere

504 1629 685 1701 pulvis
715 1627 1006 1697 accipitur,
1030 1640 1096 1679 ac
1129 1632 1386 1692 tanquam
1421 1637 1507 1675 res
1538 1619 1720 1690 magni
1751 1618 1910 1688 pretii
1959 1607 2092 1672 con-

505 1721 683 1775 denda
714 1729 860 1774 terra
907 1716 1201 1785 colligitur.
1259 1710 1394 1765 Nam
1457 1710 1606 1779 ipsas
1644 1708 1913 1777 attingere
1965 1705 2094 1760 reli-

2267 982 2377 1035 Καὶ
2407 984 2522 1048 τοῖς
2560 985 2838 1055 αἰσθητοῖς
2866 984 3010 1040 οὕτω
3055 987 3498 1059 φιλοτεχνήμασιν
3531 988 3725 1043 ὲνευπα-

2196 1073 2366 1145 θήσας
2395 1076 2494 1146 τὴν
2521 1075 2664 1146 ὕψιν,
2696 1078 2953 1149 ἐπιθυμεῖ
2979 1079 3163 1134 λοιπὸν
3189 1081 3283 1133 καὶ
3314 1080 3446 1151 αὐτῇ
3473 1080 3725 1151 πλησιάσαι

2193 1168 2259 1237 τῇ
2311 1166 2453 1240 θήκῃ
2474 1184 2486 1198 ο
2528 1168 2796 1239 ἀγιασμὸν
2830 1171 2923 1222 καὶ
2968 1170 3218 1238 εὐλογίαν
3252 1170 3349 1243 τὴν
3387 1170 3585 1242 ἐπαφὴν
3612 1166 3728 1225 εἶναι

2196 1257 2489 1313 πιστεύων,
2517 1259 2581 1311 ΕΞ
2621 1250 2808 1313 δὲ’καὶ
2855 1262 3003 1315 κόνιν
3038 1280 3123 1326 τις
3153 1262 3266 1333 δοίη
3311 1262 3489 1335 φέρειν
3519 1263 3605 1333 τὴν
3628 1264 3726 1315 ἐπι-

2194 1348 2454 1420 κειμένην
2494 1352 2562 1421 τῇ
2613 1352 2905 1423 ἐπιφανείᾳ
2936 1350 3037 1424 τῆς
3087 1353 3474 1419 ἀναπαύσεως,
3519 1354 3667 1425 δῶρον
3705 1355 3728 1406 6

2196 1439 2322 1511 χοῦς
2352 1440 2688 1511 λαμϐάνεται
2715 1481 2730 1508 ,
2770 1443 2866 1495 καὶ
2909 1443 2984 1508 ὡς
3022 1443 3305 1514 κειμήλιον
3351 1446 3383 1515 ή
3412 1445 3478 1513 γῆ
3508 1443 3730 1515 θησαυρί-

2197 1531 2367 1596 ζεται.
2406 1533 2480 1587 Τὸ
2522 1530 2633 1603 γάρ
2660 1533 2823 1586 αὐτοῦ
2849 1534 2942 1588 τοῦ
2978 1535 3234 1605 λειψάνου
3281 1535 3670 1607 προσάψασθαι,
3692 1532 3735 1587 εί

2200 1624 2332 1677 ποτέ
2372 1641 2456 1687 τις
2493 1625 2751 1693 ὲπιτυχία
2788 1625 3013 1696 τοιαύτη
3047 1604 3337 1696 παράσχοι
3366 1604 3475 1696 τὴν
3503 1625 3730 1689 ἐξουσίαν,
3773 1604 3778 1609 ’

2199 1715 2344 1777 ὅπως
2375 1715 2493 1767 ἐστὶ
2525 1714 2928 1785 πολυπόθητον,
2968 1717 3061 1770 καὶ
3102 1716 3268 1787 εὐχῆς
3296 1717 3393 1787 τῆς
3419 1717 3654 1769 ἀνωτάτω
3687 1713 3734 1766 τὸ

507 1813 689 1880 quias,
717 1809 762 1864 si
801 1810 1021 1877 quando
1041 1781 1231 1873 aliqua
1265 1800 1541 1871 ejusmodi
1580 1811 1841 1869 prospera
1868 1795 2090 1850 fortuna

2210 1805 2364 1874 ἰῶρον
2391 1845 2405 1869 ,
2441 1806 2620 1860 ἴσασιν
2653 1808 2702 1860 οἱ
2750 1807 3187 1878 πεπειραμένοι,
3239 1806 3335 1860 καὶ
3383 1806 3480 1875 τῆς
3520 1804 3735 1874 τοιαύτης

506 1904 810 1972 contingat,
841 1908 900 1954 ut
929 1899 980 1953 id
1009 1896 1195 1951 facere
1234 1894 1417 1957 liceat,
1448 1906 1610 1962 quam
1652 1890 1702 1944 id
1742 1889 1813 1944 sit
1863 1887 2094 1942 multum

2196 1898 2491 1969 ἐπιθυμίας
2539 1897 2961 1969 ἐμφορηθέντες.
3008 1899 3097 1963 Ὧς
3140 1898 3300 1968 σῶμα
3337 1897 3444 1968 γάρ
3491 1897 3612 1952 αὐτὸ
3649 1896 3735 1959 ζῶν

507 1992 930 2051 desiderandum
963 1997 1017 2045 et
1043 1986 1362 2059 aptandum,
1394 1998 1459 2038 ac
1501 1994 1835 2037 summarum
1870 1991 2094 2048 precum

2210 1991 2293 2045 καὶ
2324 1991 2518 2046 ἀνθοῦν
2564 1992 2615 2045 oi
2663 1990 2949 2061 βλέποντες
2999 1987 3438 2054 κατασπάξονται
3461 2029 3475 2054 ,
3518 1991 3621 2051 τοῖς
3658 1986 3740 2056 ὃς·

506 2088 731 2151 donum,
751 2085 935 2141 sciunt
952 2081 1187 2152 experti,
1212 2086 1267 2134 et
1283 2077 1404 2148 ejus
1420 2073 1681 2132 desiderii
1708 2079 1989 2140 compotes
2016 2067 2097 2123 fa-

2210 2083 2454 2153 θαλμοῖς,
2494 2083 2573 2154 τῷ
2611 2083 2868 2155 στόματι,
2906 2084 3028 2146 ταῖς
3088 2083 3317 2146 ἀκοαῖς,
3369 2080 3562 2143 πάσαις
3602 2095 3738 2148 προσ-

507 2182 604 2237 cti.
635 2178 804 2245 Quasi
821 2190 1024 2246 corpus
1045 2172 1191 2228 enim
1224 2185 1322 2241 per
1349 2183 1410 2225 se
1438 2167 1628 2222 vivens
1663 2173 1721 2221 ct
1761 2161 2097 2232 ﬂorens,qui

2210 2176 2425 2244 άγοντες
2451 2178 2571 2240 ταῖς
2603 2175 2947 2247 αἰσθήσεσιν,
2983 2170 3102 2227 εἶτα
3130 2172 3191 2227 τὸ
3221 2172 3324 2244 τῆς
3369 2172 3635 2234 εὐλαϐείας
3666 2169 3743 2222 καὶ

510 2275 816 2331 intuentur,
836 2267 1267 2336 amplectuntur,
1287 2260 1490 2323 oculis,
1517 2259 1624 2322 ori,
1645 2257 1895 2318 auribus,
1920 2254 2101 2309 omniv

510 2366 617 2420 bus
634 2375 895 2419 sensuum
917 2357 1300 2412 instrumentis
1337 2352 1683 2409 adhibentes,
1721 2346 1922 2404 deinde
1937 2344 2099 2400 ollicii

512 2467 569 2511 et
603 2451 913 2507 affectionis
938 2449 1209 2518 laerymas
1236 2443 1483 2514 martyri,
1511 2440 1668 2511 quasi
1709 2440 1918 2507 integer
1954 2443 2102 2492 esset

514 2555 568 2602 et
595 2550 902 2615 appareret,
951 2536 1434 2609 superfundentes,
1491 2542 1551 2588 ut
1589 2547 1688 2601 pro
1741 2530 1875 2599 ipsis
1907 2528 2103 2597 depre~

514 2643 669 2692 cator
699 2633 1022 2694 intercedat,
1064 2615 1340 2698 supplices
1368 2639 1561 2695 preces
1583 2621 1819 2677 ollernnt
1841 2628 2101 2689 tanquam

517 2727 807 2785 satellitem
840 2722 937 2779 Dei
965 2731 1208 2787 orantes,
1241 2718 1403 2790 quasi
1428 2717 1789 2786 accipientem
1819 2711 2102 2767 donacum

519 2820 672 2883 velit,
726 2819 1075 2873 invocantes.
1139 2812 1219 2868 Ex
1274 2811 1360 2867 his
1387 2810 1668 2871 omnibus,
1696 2822 1730 2862 ο
1765 2804 1961 2876 popule
1995 2804 2102 2873 pie,

519 2913 750 2976 discite,
793 2909 939 2979 quod
977 2909 1212 2978 pretiosa
1255 2919 1320 2959 ac
1354 2903 1618 2958 honorata
1652 2915 1834 2955 coram
1878 2897 2106 2952 Domino

520 3006 589 3059 σὶι
622 3019 763 3058 mors
795 3011 1099 3057 sanctorum
1129 2998 1263 3069 ejus.
1285 2994 1420 3050 Nam
1440 3010 1611 3050 unum
1638 2992 1858 3062 quidem
1884 2998 1937 3045 et
1962 2988 2106 3045 idem

523 3110 728 3164 corpus
756 3093 1001 3147 onmium
1048 3090 1331 3145 hominum
1363 3095 1468 3151 est,
1496 3101 1561 3140 ex
1596 3098 1704 3138 una
1747 3097 1929 3137 massa
1968 3095 2106 3135 con-

526 3186 715 3241 ﬂatum
752 3204 767 3239 :
796 3199 986 3238 verum
1023 3182 1099 3246 id,
1129 3180 1278 3251 quod
1308 3176 1545 3247 simplici
1577 3184 1755 3230 morte
1775 3174 2105 3228 dissolutum

526 3284 633 3339 est,
665 3282 726 3329 ut
755 3290 845 3329 res
874 3272 1129 3343 quaelibet
1155 3270 1281 3326 vilis
1315 3266 1628 3339 projicitur.
1668 3264 1737 3333 At
1765 3263 1912 3334 quod
1959 3276 2112 3317 mar-

528 3368 655 3439 tyrii
690 3364 979 3421 affectione
1000 3365 1303 3434 gratiosum
1333 3358 1586 3415 ell‘cctnm
1623 3365 1728 3417 est,
1761 3357 1833 3410 ita
1861 3364 1943 3410 est
1967 3370 2113 3409 ama-

530 3460 657 3525 bile,
688 3456 1018 3528 jueundum,
1066 3463 1122 3509 et
1160 3470 1190 3507 a
1240 3452 1427 3506 multis
1456 3450 1823 3504 desideratum
1853 3456 1908 3503 et
1949 3461 2113 3518 expe-

529 3552 711 3612 titum,
750 3559 809 3604 ut
862 3548 1116 3620 superior
1174 3547 1352 3602 oratio
1381 3543 1801 3598 demonstravit.
1844 3540 2113 3607 Quocirca

527 3652 755 3715 prOpter
778 3658 863 3706 ea,
888 3657 1012 3710 quae
1039 3647 1327 3709 apparent,
1362 3637 1450 3697 iis.
1485 3652 1607 3705 qme
1623 3636 1800 3690 visum
1827 3633 2113 3703 eil‘ugiunt,

532 3743 752 3805 propter
780 3715 1214 3801 experimentum
1233 3742 1424 3785 earum
1457 3741 1665 3791 rerum,
1689 3739 1811 3795 quae
1830 3723 1885 3777 in
1908 3723 2115 3778 mundo

531 3829 810 3889 visuntur,
846 3823 1157 3878 futurarum
1192 3835 1372 3876 rerum
1407 3817 1756 3889 promissioni
1800 3817 2112 3872 credamus.

528 3918 665 3974 Nam
698 3916 856 3971 multi
887 3915 981 3984 qui
1010 3923 1252 3969 ventrem
1285 3920 1339 3967 et
1373 3923 1570 3964 vanam
1603 3908 1860 3979 gloriam,
1903 3915 1960 3962 et
2016 3907 2116 3961 has

540 4009 853 4066 mundanas
893 4008 1080 4077 paleas
1111 4003 1368 4059 omnibus
1398 4000 1563 4055 rebus
1590 3997 1928 4062 anteferunt,
1980 3998 2116 4052 nihil

531 4108 725 4173 putant
751 4112 875 4154 esse
905 4095 1151 4151 futurum
1180 4113 1194 4147 :
1225 4091 1322 4148 sed
1371 4104 1497 4145 cum
1538 4090 1664 4145 vitae
1698 4090 1804 4143 tine
1834 4087 2116 4143 terminari

529 4194 716 4248 omnia
747 4190 1107 4245 arbitrantur.
1137 4183 1337 4240 Verum
1373 4183 1467 4253 qui
1517 4182 1594 4236 ita
1636 4180 1830 4246 sentis,
1864 4196 1931 4236 ex
1991 4196 2118 4250 paro

530 4288 615 4343 vis
659 4298 855 4355 magna
888 4282 1042 4337 disce
1076 4299 1090 4334 :
1123 4295 1189 4335 ex
1225 4277 1438 4332 umbris
1490 4274 1823 4346 principales
1888 4273 2116 4339 formas,

529 4378 830 4449 qualeseae
862 4376 977 4430 sint
1034 4372 1300 4442 intelligo.
1353 4369 1455 4425 Cui
1509 4383 1697 4439 regum
1757 4367 1885 4423 talis
1941 4367 2119 4421 honor

534 4467 805 4522 habetur?
832 4465 968 4531 Quis
995 4479 1061 4519 ex
1091 4464 1179 4526 iis,
1210 4458 1306 4532 qui
1333 4477 1499 4530 supra
1547 4459 1773 4514 modum
1829 4459 1974 4513 inter
2019 4459 2118 4515 ho-

534 4559 710 4612 mines
733 4556 1002 4611 excellere
1036 4554 1139 4610 visi
1174 4556 1324 4617 sutit,
1353 4553 1448 4606 tali
1473 4553 1736 4606 memoria
1763 4550 2117 4607 celebraturi

534 4645 672 4713 Quis
724 4643 1120 4713 imperatorum
1172 4641 1267 4710 qui
1302 4642 1470 4695 urbes
1534 4641 1776 4695 munitas
1826 4651 2116 4709 ceperunt,

534 4738 788 4793 nationes
814 4739 1138 4790 innumeras
1165 4732 1521 4802 subegerunt,
1550 4733 1687 4787 adeo
1705 4731 2031 4788 decantatus
2066 4741 2120 4787 et

536 4831 683 4886 fama
714 4829 1028 4885 celebratus
1062 4812 1270 4891 est,'ut
1303 4825 1394 4880 hic
1446 4824 1606 4879 miles
1663 4839 1896 4895 pauper,
1958 4824 2122 4880 nmdo

536 4925 882 4996 conscriptus
910 4931 964 4977 et
996 4933 1144 4993 tyro:
1179 4934 1340 4990 quem
1393 4917 1598 4973 Paulus
1648 4918 1904 4984 armavit,
1958 4935 2122 4989 quem

2197 2270 2260 2324 τὸ
2287 2269 2382 2323 τοῦ
2413 2269 2620 2335 πάθους
2658 2268 2971 2341 ἐπιχέοντες
2996 2268 3231 2339 δάκρυον
3251 2308 3266 2331 ,
3291 2268 3367 2331 ὡς
3388 2266 3642 2337 ὁλοκλήρῳ
3666 2262 3741 2317 καὶ

2201 2364 2513 2435 φαινομένῳ
2560 2361 2637 2433 τῷ
2668 2362 2907 2434 μάρτυρι
2953 2360 3053 2431 τὴν
3094 2359 3188 2414 τοῦ
3217 2358 3536 2432 πρεσϐεύειν
3570 2355 3742 2410 ἱκεσίαν

2202 2455 2590 2528 προσάγουσιν,
2619 2453 2697 2518 ὡς
2721 2454 3020 2526 δορυφόρον
3044 2451 3141 2505 τοῦ
3163 2451 3302 2505 Θεοῦ
3325 2447 3739 2522 παρακαλοῦντες,

2201 2547 2275 2610 ὡς
2313 2545 2662 2617 λαμϐάνοντα
2690 2543 2787 2608 τὰς
2836 2542 3042 2615 δωρεὰς
3074 2542 3201 2596 ὅταν
3232 2541 3396 2616 ἐθέλῃ
3427 2539 3742 2609 ἐπικαλούμε-

2201 2655 2303 2692 νοι.
2342 2638 2440 2690 Ἐκ
2466 2636 2669 2690 τούτων
2694 2636 2928 2701 πάντων,
2951 2636 2980 2688 6
3005 2633 3234 2704 εὐσεϐὴς
3261 2628 3741 2701 λαὸς,κατσμάθετε,

2201 2730 2284 2784 δτι
2312 2730 2508 2799 Τίμιος
2546 2727 2827 2781 ἐναντίον
2858 2727 3079 2794 Kvplov
3110 2727 3144 2779 ό
3179 2723 3437 2791 θάνατος
3469 2721 3575 2776 τῶν
3597 2719 3746 2774 ὁσίων

2202 2821 2408 2876 αὐτοῦ.
2445 2821 2540 2874 Ἐν
2570 2819 2666 2891 μὲν
2684 2819 2792 2890 γὰρ
2815 2819 2910 2871 καὶ
2924 2818 2986 2871 τὸ
3005 2816 3136 2870 αὐτὸ
3161 2816 3321 2887 σῶμα
3348 2816 3555 2870 πάντων
3579 2807 3746 2881 ἀνθρώ·

2207 2931 2325 2968 πων
2350 2955 2364 2977 ,
2401 2912 2460 2977 ἐξ
2490 2910 2606 2973 ἐνὸς
2636 2911 2960 2981 φυράματος
2997 2907 3119 2979 ἔχον
3153 2907 3256 2979 τὴν
3311 2907 3562 2961 σύστασιν
3588 2923 3599 2935 ·
3640 2898 3748 2956 ἀλλά

2204 3008 2266 3061 τὸ
2302 3006 2400 3078 μὲν
2433 3002 2619 3067 ἁπλῶς
2669 3001 2942 3056 ἀποθανδν
2966 3041 2981 3065 ,
3012 3002 3265 3072 ρίπτεται
3306 3001 3383 3064 ὡς
3421 2999 3481 3053 τδ
3508 2996 3676 3067 τυχόν
3702 2991 3748 3045 τὸ

2206 3100 2263 3154 δὲ
2288 3097 2367 3170 τῷ
2412 3096 2576 3151 πάθει
2604 3093 2698 3149 τοῦ
2749 3093 3050 3167 μαρτυρίου
3082 3093 3385 3164 χαριτωθὲν
3411 3133 3429 3161 ,
3456 3089 3612 3151 οὕτως
3636 3084 3749 3139 ἐστὶν

2213 3192 2472 3264 ἐράσμιον
2494 3189 2588 3241 καὶ
2619 3185 3136 3258 ἀμφισϐητήσιμον,
3163 3184 3239 3247 ὡς
3267 3186 3300 3238 ὁ
3324 3179 3596 3255 προλαϐὼν
3628 3177 3749 3243 λόγος

2214 3281 2472 3346 ἐδίδαξεν.
2502 3277 2602 3331 Διά
2625 3275 2785 3330 τοῦτο
2814 3276 3194 3347 πιστεύσωμεν
3223 3276 3292 3328 ἐκ
3320 3274 3427 3327 τῶν
3460 3267 3749 3343 φαινομένου

2212 3376 2325 3436 τοῖς
2354 3372 2606 3443 ἀοράτοις
2629 3412 2642 3436 ,
2673 3369 2782 3423 ἀπὸ
2822 3369 2921 3440 τῆς
2954 3369 3011 3421 ἐν
3053 3366 3130 3438 τῷ
3154 3366 3348 3438 κόσμῳ
3375 3364 3563 3437 πείρας
3586 3363 3643 3432 τῇ
3668 3358 3751 3410 τῶν

2217 3464 2517 3536 μελλόντων
2570 3459 2895 3531 ἐπαγγελίᾳ.
2926 3458 3118 3513 Πολλοὶ
3165 3458 3278 3529 γάρ
3333 3459 3384 3511 οἱ
3414 3456 3510 3527 τὴν
3531 3451 3749 3523 γαστέρα,

2215 3555 2311 3610 καὶ
2330 3555 2430 3626 τὴν
2462 3551 2768 3617 κενοδοξίαν
2792 3592 2807 3617 ,
2838 3551 2930 3606 καὶ
2959 3551 3049 3604 τὸν
3075 3549 3261 3604 ἐνθάδε
3292 3548 3551 3619 συρφετδν
3581 3546 3753 3599 πάντων

2216 3646 2546 3719 ἐπίπροσθεν
2578 3645 2802 3713 ἄγοντες
2824 3683 2840 3708 ,
2878 3643 3030 3697 οὐδὲν
3087 3642 3350 3713 ἡγοῦνται
3384 3640 3443 3694 τὸ
3476 3637 3646 3711 μέλλον
3665 3649 3677 3663 ’
3697 3629 3755 3701 τῷ

2215 3740 2356 3795 τέλει
2384 3740 2441 3792 δὲ
2466 3737 2558 3794 τοῦ
2588 3738 2703 3809 βίου
2745 3732 3214 3807 ωμπεραιοῦσθαι
3245 3733 3319 3788 τά
3354 3733 3527 3787 πάντα
3561 3725 3756 3799 νομίζου-

2218 3849 2321 3886 σιν.
2371 3830 2511 3885 ’Λλλ’
2551 3832 2580 3884 6
2614 3828 2827 3901 φρονῶν
2854 3825 3060 3889 οὕτως,
3092 3828 3156 3879 ὲκ
3203 3825 3315 3878 τῶν
3368 3822 3572 3896 μικρῶν
3604 3818 3661 3872 τὰ
3685 3830 3755 3887 με·

2218 3925 2363 3994 γάλα
2389 3923 2678 3993 κατάμαθε
2696 3962 2713 3988 ,
2743 3922 2807 3974 ὲκ
2840 3918 2949 3973 τῶν
2977 3917 3144 3972 σκιῶν
3176 3915 3247 3970 τά
3274 3917 3556 3989 ἀρχέτυπα
3586 3911 3754 3978 νόησον.

2217 4015 2314 4079 Τίς
2343 4015 2453 4067 τῶν
2485 4013 2752 4086 βασιλέων
2790 4010 3048 4081 τοιαύτην
3074 4009 3307 4079 τιμᾶται
3339 4014 3537 4078 etiam;
3574 4003 3646 4064 τίς
3674 3997 3757 4050 τῶν

2219 4106 2342 4161 καθ’
2416 4104 2725 4177 ὑπερϐολὴν
2777 4106 2834 4155 ὲν
2883 4099 3190 4172 ἀνθρώποις
3246 4099 3520 4169 φανέντων
3578 4088 3757 4157 τοιαύτῃ

2223 4198 2411 4271 μνήμῃ
2444 4194 2758 4263 δοξάζεται;
2804 4193 2890 4257 τίς
2935 4192 3045 4247 τῶν
3094 4191 3420 4263 στρατηγῶν
3467 4187 3570 4241 τῶν
3613 4182 3756 4240 πόλεις

2218 4290 2491 4360 τειχήρεις
2521 4288 2750 4341 ἑλόντων
2773 4326 2788 4350 ,
2821 4284 2918 4339 καὶ
2962 4284 3090 4354 ἔθνη
3138 4282 3561 4352 δουλωσαμένων
3606 4271 3754 4348 μυρίαι

2219 4379 2393 4444 οὕτως
2420 4378 2569 4433 ἐστὶν
2604 4378 2879 4447 ἀοίδιμος,
2921 4374 2997 4440 ὡς
3025 4375 3052 4427 6
3077 4373 3418 4445 στρατιώτης
3455 4363 3620 4431 οὗτος,
3645 4366 3668 4418 6
3691 4360 3758 4413 πέ-

2152 4504 2193 4559 D
2221 4488 2354 4542 νης,
2394 4472 2423 4524 6
2465 4470 2766 4532 νεόλεκτος,
2808 4466 2867 4520 ὃν
2904 4448 3116 4529 Παῗῖλος
3173 4463 3450 4529 ὥπλισεν,
3491 4462 3547 4514 δν
3582 4453 3757 4559 άγγξλρι

2222 4564 2360 4634 πρὸς
2397 4562 2488 4617 τὸν
2540 4561 2726 4631 ἀγῶνα
2774 4558 3002 4630 ἦλειψαν
3028 4598 3043 4624 ,
3095 4556 3190 4610 καὶ
3235 4560 3531 4628 νικήσαντα
3569 4542 3758 4634 Χριστὸς

2224 4629 2601 4723 ἐστεφάνωσεν
2626 4670 2640 4718 ;
2668 4629 2878 4705 Μᾶλλον
2921 4650 2977 4703 δὲ
3012 4647 3198 4718 ἐπειδὴ
3248 4647 3419 4716 ἐγγὺς
3443 4642 3681 4712 ἐγενόμην
3701 4629 3759 4700 τῷ

2222 4746 2367 4816 λόγῳ
2391 4745 2500 4798 τῶν
2530 4743 2757 4814 ἀγώνων
2791 4741 2886 4796 τοῦ
2920 4742 3195 4812 μάρτυρος
3219 4779 3234 4803 ,
3269 4740 3426 4811 φέρε,
3456 4737 3518 4789 τὰ
3544 4728 3675 4787 κοινὰ
3692 4741 3760 4777 κα·

2229 4835 2663 4899 ταλιπόντες,τὸν
2686 4832 2964 4903 ἐξαίρετον
2991 4829 3085 4883 τοῦ
3116 4828 3271 4897 ἁγίου
3297 4827 3454 4896 λόγον
3474 4822 3756 4892 ποιήσωμεν·

2233 4927 2384 4996 φίλον
2414 4926 2523 4997 γάρ
2553 4926 2770 4996 ἑκάστῳ
2797 4923 2859 4976 τὸ
2906 4922 3055 4975 ίδιον.

538 5022 714 5091 angeli
788 5021 856 5076 ad
933 5028 1214 5076 certamen
1282 5025 1579 5081 unxerunt,
1652 5033 1814 5086 quem
1888 5018 2159 5074 victorem
2198 5022 2455 5078 Christus
2511 5020 2836 5077 coronavit?
2891 5019 3184 5073 Enimvero
3256 5015 3513 5088 quoniam
3556 5005 3761 5065 oratione

540 5132 706 5188 prope
736 5117 802 5172 ad
831 5118 1132 5173 certamina
1149 5128 1313 5186 atque
1354 5116 1571 5170 labores
1600 5114 1858 5183 martyris
1882 5115 2113 5180 accessi,
2157 5132 2255 5189 age
2284 5120 2675 5175 communibus
2706 5115 2915 5172 relictis
2955 5114 3286 5186 peculiarem
3357 5109 3529 5167 sancti
3589 5111 3760 5159 sermo-

542 5227 664 5267 nem
696 5213 1084 5280 instituamus;
1115 5221 1201 5268 est
1251 5213 1398 5268 enim
1448 5225 1610 5264 suum
1663 5210 1862 5281 cuique
1917 5219 2133 5282 gratum
2172 5223 2226 5269 et
2262 5224 2570 5287 acceptum.

611 5303 793 5359 Patria
823 5306 991 5376 igitur
1032 5306 1297 5376 prmclaro
1341 5319 1407 5358 ac
1442 5312 1674 5358 strenuo
1718 5301 1846 5356 huic
1876 5303 2000 5358 viro
2038 5312 2124 5359 est

543 5408 606 5447 ea
639 5397 820 5465 regio,
870 5414 992 5466 qua:
1043 5397 1109 5451 ad
1150 5397 1319 5451 solem
1358 5403 1573 5465 spectat
1618 5395 1887 5449 orientem
1937 5413 1952 5450 :
1994 5410 2118 5449 nam

546 5482 708 5535 etiam
740 5484 847 5549 hic,
881 5486 1044 5541 sicuti
1078 5484 1211 5551 Job,
1243 5500 1310 5540 ex
1343 5485 1596 5557 partibus
1630 5483 1997 5541 orientalibus
2022 5501 2124 5541 no-

549 5570 674 5625 bilis
703 5580 806 5640 est,
838 5590 1074 5648 cumque
1103 5578 1334 5649 patriam
1368 5582 1493 5631 cum
1528 5577 1625 5631 illo
1656 5577 2126 5632 commttnem'ha-

550 5661 701 5718 bet-et
723 5696 741 5730 ,
773 5665 1020 5734 ejusdem
1057 5668 1293 5723 imitatio
1343 5682 1557 5722 morum
1592 5666 1907 5738 ingeniique
1934 5666 1985 5723 ei
2012 5682 2122 5723 non
2182 5668 2185 5671 ⁷

555 5749 741 5812 defuit.
775 5754 932 5812 Nunc
965 5773 1098 5815 vero
1136 5759 1371 5830 quilibet
1408 5768 1620 5831 martyr
1647 5757 1818 5816 tutius
1852 5758 1955 5817 soli
1988 5758 2124 5815 sub-

2304 5309 2508 5379 Πατρὶς
2527 5307 2707 5360 τοίνυν
2733 5303 2812 5375 τῷ
2838 5302 3095 5373 γενναίῳ,
3126 5304 3158 5373 ἡ
3195 5300 3331 5370 πρὸς
3350 5299 3496 5370 ἥλιον
3519 5292 3761 5379 ἀνίσχουσα

2232 5400 2385 5471 χώρα
2402 5372 2673 5468 ’.εὐγενὴς
2699 5372 2806 5466 γάρ
2841 5372 2935 5449 καὶ
2966 5387 3119 5456 οὗτος
3152 5391 3289 5446 κατά
3307 5390 3398 5443 τὸν
3425 5386 3541 5441 Ἰὼϐ
3565 5382 3661 5437 τῶν
3687 5372 3758 5471 (ἔφ’

2232 5467 2386 5560 ἧλίου
2422 5467 2715 5551 ἀνατολῶν,
2752 5487 2847 5539 καὶ
2883 5486 2984 5555 τῆς
3014 5482 3268 5554 πατρίδος
3295 5478 3484 5547 ἐκείνῳ
3516 5467 3756 5560 κοινωνῶν)

2234 5554 2335 5633 όύκ
2377 5579 2680 5648 ἀπελείφθη
2734 5577 2832 5648 τῆς
2886 5554 2979 5629 τοῦ
3014 5573 3180 5644 ἤθους
3232 5572 3525 5643 μιμήσεως.
3581 5562 3676 5616 Νῦν

2234 5670 2383 5740 πάσῃ
2409 5672 2477 5741 τῇ
2518 5645 2810 5738 οἰκουμένη
2843 5667 2961 5719 ἐστὶ
2988 5666 3199 5735 μάρτυς
3222 5661 3401 5724 κοινὸς
3427 5659 3521 5728 τῆς
3547 5652 3626 5722 ὑφ’
3653 5645 3760 5718 ἡλίῳ

2234 5759 2457 5832 πολίτης
2481 5777 2495 5791 ⁸
2546 5759 2771 5831 ληφθεὶς
2802 5757 2855 5812 δὲ
2887 5757 3097 5813 ἐκεῖθεν
3132 5753 3264 5827 πρὸς
3303 5748 3596 5811 ὀπλιτιγοὺς
3619 5751 3757 5796 κατει-
