3938 6432
521 332 628 393 74⁸5

1770 327 1830 384 S.
1867 322 2196 384 GREGORII
2227 325 2526 384 NYSSENI

3621 336 3703 395 iii

515 454 876 518 concedatur,
911 451 1149 508 fortasse
1180 466 1278 523 per
1315 451 1488 506 otium
1513 465 1574 506 re
1604 465 1792 507 secum
1825 465 2094 522 perpensa

2217 450 2396 522 πχολὴν
2423 450 2548 515 δοὺς
2571 450 2751 521 ἐαυτῷ
2779 449 3004 522 γνώμην
3023 491 3038 518 ,
3081 450 3372 522 μετάθηται
3399 450 3519 521 πρὶς
3540 454 3592 507 to

516 557 681 615 atque
739 545 1037 600 deliberata
1083 544 1391 598 mutabitur
1437 543 1493 597 in
1539 543 1762 598 melius.
1818 541 2096 598 Insaniam

2217 559 2332 596 τιον.
2363 560 2382 593 ι
2421 541 2636 596 Μανίαν
2659 542 2768 614 γάρ
2789 544 2838 596 oi
2863 542 3125 613 ἔκφρονες
3156 543 3252 612 τὴν
3286 543 3602 615 σωφροσύνην
3622 548 3722 600 ἐκά-

513 637 661 693 enim
712 635 996 692 dementes
1041 636 1333 691 sanitatem
1378 633 1584 690 mentis
1619 635 1892 690 vocabant
1921 651 1934 687 :
1964 633 2100 689 alie-

513 729 795 785 nationem
848 743 981 786 vero
1035 728 1235 784 mentis
1286 734 1341 783 et
1394 726 1735 792 vecordiam,
1779 727 2041 796 pietatem
2082 741 2096 779 :

513 820 981 892 quemadmodum
1029 820 1108 884 ﬁt,
1156 834 1280 875 cum
1337 819 1482 874 ebrii
1538 834 1696 874 suam
1756 817 2100 873 affectionem

2199 628 2326 683 λουν
2349 643 2364 660 ⁸
2418 628 2681 683 ἔκστασιν
2712 629 2771 684 δὲ
2812 631 2907 684 καὶ
2933 630 3274 702 παραφορὰν,
3313 630 3407 701 τὴν
3448 632 3716 688 εὐλάϐειαν·

2200 721 2389 795 ῶσπερ
2419 723 2546 777 ὅταν
2569 724 2618 776 οί
2654 722 2967 795 μεθύοντες,
3008 723 3068 776 τὸ
3098 723 3226 776 ῐδιον
3254 721 3414 786 πάθος
3432 725 3533 787 τοῖς
3553 725 3719 795 νήφου-

2203 831 2288 868 σιν
2324 812 2676 878 ὀνειδίζωσιν.
2726 814 2864 868 Ἀλλ’
2900 816 2928 868 6
2964 812 3196 884 εὐσεϐὴς
3238 811 3507 882 ἄνθρωπος
3534 814 3616 867 καὶ
3649 815 3723 869 τοῦ

515 913 721 967 sobriis
765 913 1054 982 objiciunt.
1090 914 1159 966 At
1204 911 1367 964 homo
1419 909 1545 980 pius
1585 909 1908 979 Christique
1940 909 2102 964 miles

2217 907 2440 979 Κριστοῦ
2476 907 2926 980 στρατιώτης,είς
2957 905 3214 978 ἀνδρικὴν
3243 905 3432 977 πρᾶξιν
3458 909 3520 977 τῇ
3549 905 3726 981 δοθείσῃ

513 1003 644 1056 dato
675 1003 780 1058 sibi
825 1003 1006 1073 spatio
1035 1001 1102 1054 ad
1146 999 1289 1054 forte
1313 1014 1378 1054 ac
1401 1000 1562 1054 virile
1587 999 1804 1054 facinus
1826 999 2098 1054 abutitur.

2206 1002 2369 1074 σχολῇ
2399 1001 2800 1072 κατεχρήσατο.
2857 999 2994 1070 Ποία
3017 997 3219 1069 ταύτης
3266 997 3464 1068 Καιρὸς
3491 998 3605 1068 ύμῖν
3635 1001 3726 1069 μετ’

514 1093 805 1160 Quodnam
843 1104 1026 1149 autem
1072 1095 1124 1147 id
1161 1092 1365 1157 fuerit,
1408 1098 1629 1162 tempus
1665 1099 1751 1148 est
1783 1091 1938 1146 vobis
1977 1105 2103 1145 cum

2217 1091 2544 1163 εὐφροσύνης
2576 1089 2938 1155 ὐποδέξασθαι
2960 1089 3018 1142 τὸ
3045 1089 3308 1160 διήγημαὲ
3338 1087 3414 1158 Τῇ
3439 1088 3730 1162 μυθευομένη

515 1187 704 1241 laetitia
739 1187 1110 1241 narrationem
1140 1183 1449 1255 accipiendi
1479 1200 1493 1237 :
1533 1182 1595 1237 Ei
1633 1197 1756 1254 qua:
1791 1181 1995 1238 fabulis
2014 1197 2107 1236 ce-

517 1280 779 1343 lebratur,
814 1279 975 1332 matri
1007 1278 1234 1334 deorum
1277 1277 1542 1348 templum
1574 1284 1694 1331 erat
1727 1275 1782 1329 in
1814 1273 2106 1343 metropoli

515 1371 766 1436 Amasea,
798 1369 947 1440 quod
974 1370 1093 1434 illi,
1137 1370 1231 1440 qui
1266 1378 1399 1423 tunc
1429 1368 1710 1432 errabant,
1738 1367 1872 1422 inibi
1904 1365 2108 1421 alicubi

515 1461 662 1514 circa
693 1461 846 1530 ripas
878 1461 1060 1515 amnis
1104 1459 1349 1513 vanitate
1396 1457 1621 1510 adducti
1667 1460 2104 1510 exstruxerant:

514 1553 619 1606 hoc
654 1553 758 1608 iste
791 1553 874 1607 vir
902 1561 1163 1606 strenuus
1197 1552 1253 1605 in
1293 1559 1541 1620 tempore
1573 1548 1714 1602 datm
1758 1547 1863 1603 sibi
1892 1545 2108 1602 securi-

517 1647 645 1701 tatis
687 1654 848 1715 eapta
881 1645 1180 1699 Occasione
1201 1683 1214 1708 ,
1257 1651 1313 1698 et
1368 1658 1508 1697 aura
1537 1641 1784 1697 secunda
1817 1640 2106 1694 incensum

517 1739 914 1802 concremavit,
972 1738 1154 1804 reipsa
1216 1748 1549 1804 responsum
1583 1771 1599 1797 ,
1635 1731 1780 1803 quod
1837 1737 1960 1799 post
2014 1729 2109 1784 de-

2210 1183 2379 1255 μητρὶ
2405 1181 2513 1236 τῶν
2536 1181 2697 1245 θεῶν,
2721 1181 2847 1244 ναὸς
2875 1177 2945 1252 ἦν
2971 1181 3064 1234 ἐπὶ
3090 1183 3190 1252 τῆς
3217 1181 3572 1251 μετροπόλεως
3594 1181 3731 1252 Ἀμαο

2208 1275 2378 1339 σείας,
2407 1273 2468 1327 όν
2491 1276 2540 1328 oi
2587 1274 2708 1328 τότε
2745 1273 3104 1345 πλανώμενοι,
3157 1271 3323 1326 αὐτοῦ
3372 1289 3471 1324 που
3502 1271 3615 1343 περὶ
3655 1272 3733 1336 τὰς

2207 1369 2371 1440 ὀχθας
2412 1367 2508 1423 τοῦ
2553 1366 2798 1438 ποταμοῦ
2850 1369 2916 1438 τῇ
2971 1365 3290 1438 ματαιότητι
3349 1364 3732 1419 κατεσκεύασαν.

2209 1461 2410 1516 Τοῦτον
2437 1463 2466 1515 6
2488 1461 2757 1531 γενναῖος,
2789 1461 2848 1512 ἐν
2875 1459 2955 1530 τῷ
2988 1460 3084 1530 τῆς
3109 1458 3357 1528 δοθείσης
3389 1457 3559 1520 ἀδείας
3589 1456 3734 1527 καιρῷ

2209 1555 2547 1629 ἐπιτηρήσας
2611 1552 2867 1624 εὐκαιρον
2917 1551 3099 1624 ώραν,
3142 1552 3236 1605 καὶ
3284 1545 3452 1620 αῦραν
3499 1550 3736 1619 ἐπίφορον,

2209 1647 2502 1717 ἐμπρήσας
2545 1643 2870 1712 κατέφλεξεν
2887 1682 2900 1706 ,
2930 1642 3074 1715 ἔργῳ
3096 1645 3208 1706 τοῖς
3229 1641 3518 1714 άλιτηρίοις
3543 1641 3647 1704 δοὺς
3660 1641 3738 1708 τὴν

2211 1738 2522 1809 ἀπόκρισιν,
2554 1740 2621 1808 ἥν
2651 1737 2870 1800 πάντως
2899 1737 3159 1807 ἀνέμενον
3194 1736 3332 1806 μετά
3366 1735 3459 1806 τὴν
3480 1733 3737 1802 διάσκεψιν.

520 1826 900 1881 liberationem
941 1841 1172 1896 prorsus
1227 1824 1662 1895 exspectabant,
1720 1819 1906 1890 impiis
1946 1827 2110 1888 atque

2225 1829 2510 1896 Ἑπιδήλου
2543 1829 2599 1882 δέ
2627 1829 2722 1883 τοῦ
2763 1829 3088 1900 πράγματος
3113 1828 3322 1896 ταχέως
3357 1826 3520 1879 ἆπασι
3551 1824 3740 1895 γενομέ-

517 1918 770 1973 scelestis
822 1917 982 1972 dans.
1048 1917 1186 1971 Cum
1247 1931 1313 1970 ea
1371 1930 1459 1970 res
1523 1913 1783 1968 celeriter
1849 1912 2107 1965 omnibus

516 2010 800 2081 patefieret
876 2008 1133 2079 (quippe
1194 2008 1248 2062 in
1313 2007 1452 2061 urbe
1523 2005 1706 2060 media
1759 2002 2108 2058 clarissimus

517 2098 659 2169 ignis
692 2111 959 2152 accensus
1008 2095 1182 2162 erat),
1239 2110 1352 2149 non
1407 2094 1726 2149 occultabat
1769 2092 1948 2146 audax
2012 2090 2112 2144 in—

515 2199 756 2260 emptum
791 2229 806 2254 ,
862 2203 1039 2258 neque
1091 2189 1415 2251 laborabat,
1463 2196 1523 2240 ut
1559 2186 1662 2240 hoc
1701 2199 1730 2238 a
1781 2199 1841 2240 se
1907 2183 2111 2237 factum

518 2283 731 2348 lateret,
775 2282 870 2337 sed
905 2281 1083 2351 palam
1117 2295 1184 2334 ac
1215 2280 1568 2334 vehementer
1587 2277 1807 2348 quidem
1838 2275 2114 2347 signiﬁca-

520 2375 612 2428 bat
657 2390 780 2430 sese
813 2383 1037 2443 propter
1096 2373 1419 2441 praeclarum
1496 2370 1713 2425 facinus
1743 2377 1799 2423 et
1827 2384 1942 2423 rem
1975 2368 2116 2422 bene

519 2476 728 2536 gestam
779 2466 1061 2520 exsultare
1097 2472 1154 2519 et
1191 2463 1396 2527 eﬂ‘erri,
1428 2472 1592 2532 atque
1619 2461 1858 2515 tumultu
1920 2458 2116 2528 impio-

517 2573 662 2620 rum,
707 2572 817 2627 quo
855 2554 1042 2624 templi
1094 2561 1259 2624 atque
1318 2561 1514 2609 statua:
1583 2556 1804 2606 nomine
1867 2550 2116 2607 dolentes

521 2650 1007 2720 perturbabantur,
1043 2661 1210 2717 supra
1247 2646 1467 2720 modum
1491 2642 1762 2715 gaudere;
1790 2642 1922 2714 quin
1953 2643 2116 2696 etiam

520 2741 935 2811 magistratibus
955 2739 1262 2794 indicatum
1281 2747 1385 2802 est,
1411 2735 1558 2806 quod
1577 2736 1693 2806 ipse
1721 2735 1838 2792 suis
1863 2735 2118 2790 manibus

521 2833 832 2887 incendium
883 2831 1102 2887 fecisset
1136 2850 1150 2886 :
1195 2845 1261 2886 ac
1293 2843 1490 2885 rursus
1520 2828 1791 2899 judicium
1817 2827 1987 2898 priori
2009 2835 2120 2882 ter-

519 2925 754 2992 ribilius,
799 2932 860 2979 ut
911 2925 1170 2979 nimirum
1241 2924 1402 2978 etiam
1458 2938 1558 2993 par
1612 2929 1752 2988 erat,
1803 2938 1928 2977 eum
1967 2927 2116 2975 tanta

521 3035 632 3079 res,
664 3032 786 3087 quae
838 3017 1196 3072 exacerbaret
1248 3021 1303 3069 et
1353 3015 1602 3068 irritaret
1631 3029 1746 3079 eos,
1807 3015 2115 3070 incidisset.

2211 1940 2304 1975 νου
2333 1922 2582 1993 (καὶγὰρ
2627 1923 2686 1974 ἐν
2731 1921 2808 1992 τῷ
2840 1922 2990 1993 μέσῳ
3033 1920 3130 1990 τῆς
3158 1920 3366 1984 πόλεώς
3409 1917 3740 1989 φανερώτατον

2213 2015 2418 2086 ἐξήφθη
2463 2016 2524 2069 τὸ
2563 2015 2729 2086 πῦρ),
2777 2015 2876 2068 οὐκ
2924 2013 3273 2085 ἐπεκρύψατο
3320 2013 3416 2083 τὴν
3457 2011 3740 2082 ἐγχείρησιν,

2213 2107 2333 2161 οὐδέ
2363 2107 2662 2160 ἐσπούδασε
2694 2107 2754 2160 τὸ
2780 2106 2962 2159 λαθεῖν
2984 2122 2996 2136 ⁸
3038 2103 3155 2158 ἀλλ’
3187 2103 3403 2176 ἔνδηλος
3425 2098 3509 2174 ὴν,
3531 2101 3614 2156 καὶ
3640 2100 3742 2170 σφό·

2213 2198 2316 2269 δρα
2355 2214 2420 2267 γε
2461 2196 2539 2268 τῷ
2596 2197 2981 2269 κατορθώματι
3013 2195 3279 2267 γαυριῶν,
3331 2195 3423 2248 καὶ
3444 2191 3745 2264 ὑπερχαίρων

2215 2291 2280 2361 τῇ
2307 2292 2514 2361 ταραχῇ
2532 2289 2640 2344 τῶν
2661 2289 2925 2360 άθέων,ἣν
2951 2287 3423 2360 ἐταράττοντο.τῷ
3441 2285 3545 2356 ναῷ
3565 2283 3745 2355 περιαλο

2215 2380 2441 2450 γοῦντες
2516 2381 2611 2434 καὶ
2658 2380 2736 2452 τῷ
2789 2381 2978 2453 ξοάνῳ.
3037 2381 3148 2434 Καὶ
3207 2380 3389 2450 μέντοι
3445 2377 3746 2448 κατεμηνύθη

2216 2475 2329 2538 τοῖς
2359 2473 2648 2544 ἄρχουσιν,
2673 2473 2748 2536 ὡς
2779 2473 3159 2545 αὐτουργῆσας
3195 2473 3288 2524 τὸν
3320 2466 3652 2542 ἐμπρησμὸν
3677 2467 3748 2520 καὶ

2219 2564 2380 2618 πάλιν
2404 2565 2682 2636 κριτήριον
2734 2563 3108 2636 φοϐερώτερον
3146 2563 3239 2616 τοῦ
3272 2563 3532 2634 προτέρου
3555 2577 3568 2592 ·
3597 2560 3749 2626 ὥσπερ

2219 2653 2312 2712 οὖν
2341 2659 2436 2712 καὶ
2465 2659 2633 2724 εξκδςν
2654 2658 3056 2728 ὲπισιψιῦάηινεος
3083 2656 3406 2728 τηλικούτου
3434 2656 3524 2709 τοῦ
3555 2649 3750 2723 παροξύ·

2219 2769 2429 2815 ναντος.
2462 2749 2568 2808 Καὶ
2594 2752 2643 2805 oi
2677 2751 2775 2823 μὲν
2803 2753 2894 2804 ἐπὶ
2913 2750 3003 2804 τὸν
3031 2749 3341 2804 δικαστικὸν
3377 2748 3630 2819 ἀνέϐησαν
3658 2743 3752 2817 096-

2220 2858 2330 2898 νον.
2366 2839 2639 2912 Θεόδωρος
2665 2841 2722 2893 δὲ
2750 2839 3221 2913 εὐπαῤῥησίαστος
3253 2841 3311 2892 ἐν
3346 2841 3455 2902 τοῖς
3487 2837 3650 2907 μέσοις
3678 2832 3753 2902 ἆρ-

2221 2951 2406 3003 Χοντος
2429 2932 2628 3005 θάρσος
2651 2933 2788 3003 ἔχων
2819 2935 2876 2986 ἐν
2901 2936 2967 3004 τῇ
2994 2935 3179 2988 στάσει
3208 2933 3304 2986 τοῦ
3329 2930 3629 3003 κρινομένου
3650 2928 3755 2998 ἐρω-

2221 3025 2486 3096 τώμενος,
2521 3027 2615 3080 καὶ
2647 3025 2724 3096 τῷ
2756 3026 2909 3096 τάχει
2942 3026 3044 3096 τῆς
3075 3023 3368 3096 ὁμολογίας
3410 3023 3507 3092 τὴν
3535 3018 3757 3091 ἐρώτησιν

519 3114 699 3178 Atque
754 3107 831 3159 illi
863 3108 1081 3176 quidem
1141 3105 1196 3158 in
1234 3104 1498 3174 judiciale
1555 3103 1797 3158 tribunal
1857 3102 2113 3158 ascende‘

631 3207 646 3216 ι
715 3196 859 3216 πει.--
883 3196 1034 3216 1-..---
1063 3209 1188 3216 μ---
1224 3194 1274 3216 Ξ..
1299 3195 1475 3216 ---ΑᾸΕΑ
1511 3208 1693 3216 ,ιι-η---
1728 3193 1885 3216 ΙΑΜΑΑΧ
1920 3210 2110 3216 _-___

2223 3119 2556 3172 ἐπικόπτων.
2616 3119 2834 3189 Ἐπειδὴ
2865 3119 2922 3172 δὲ
2959 3117 3386 3188 ἀκατάπληκτος
3417 3111 3503 3187 ἦν,
3533 3115 3620 3167 καὶ
3651 3111 3758 3180 πρὸς

522 3207 686 3258 runt:
715 3196 1036 3250 Theodorus
1063 3209 1193 3249 vero
1224 3194 1278 3249 in
1299 3195 1480 3249 medio
1506 3208 1696 3249 eorum
1725 3193 1887 3266 (erat)
1919 3210 2116 3265 magna

523 3289 780 3360 loquendi
827 3287 1077 3346 libertate
1100 3294 1280 3353 utens,
1314 3285 1370 3340 in
1395 3294 1544 3339 statu
1600 3299 1824 3341 causam
1881 3285 2118 3342 dicentis

521 3381 879 3450 magistratus
908 3378 1240 3436 confidentia
1289 3379 1555 3449 praeditus
1578 3395 1702 3432 cum
1749 3379 2118 3449 interrogare-

519 3486 631 3535 tur.
694 3472 976 3529 celeritate
1009 3471 1380 3526 confessionis
1423 3471 1911 3541 interrogationem
1962 3479 2120 3529 ante-

518 3575 758 3624 vertens.
815 3565 1179 3636 Posteaquam
1214 3571 1394 3622 autem
1423 3573 1479 3620 et
1514 3564 1925 3635 imperterritus
1974 3572 2118 3633 erat,

518 3669 573 3720 et
602 3658 670 3713 ad
712 3659 850 3714 nihil
906 3673 1096 3714 eorum
1149 3671 1272 3727 quae
1325 3657 1514 3728 gravia
1545 3665 1711 3727 atque
1759 3671 1955 3728 aspera
1989 3671 2116 3712 eum

521 3751 687 3810 minis
733 3751 784 3806 ei
831 3749 1258 3806 ostentabantur
1298 3749 1594 3820 supplicia,
1653 3764 1713 3805 se
1744 3750 2117 3817 submitteret.

521 3858 621 3905 nec
675 3842 1046 3898 confidentius
1101 3842 1252 3914 loqui
1301 3841 1604 3904 desineret,
1662 3841 1718 3896 in
1774 3842 2116 3896 contrariam

522 3934 793 3992 rationem
825 3935 1020 3988 mutati
1052 3943 1202 4000 sunt,
1234 3949 1298 3988 ac
1330 3933 1570 4004 benigne
1603 3947 1730 3988 cum
1783 3949 1850 3990 eo
1905 3947 2120 3991 sermo.

519 4027 770 4090 cinantes
834 4026 1125 4096 promissis
1175 4026 1386 4096 justum
1429 4025 1753 4081 subtrahere
1810 4027 2117 4090 tentabant.

526 4137 544 4177 ι
581 4119 644 4172 Et
676 4119 838 4183 scito,
863 4137 881 4170 ›
919 4119 1194 4189 inquiunt,
1231 4137 1250 4172 ι
1284 4117 1427 4186 quod
1463 4118 1510 4173 si
1540 4117 1830 4172 consilium
1865 4129 2117 4176 nostrum

520 4211 840 4267 obedienter
859 4212 1150 4266 admittere
1175 4211 1437 4275 volueris,
1458 4209 1710 4281 protinus
1730 4217 1782 4264 te
1798 4225 1859 4265 ex
1881 4211 2118 4268 obscuro

523 4305 783 4368 nubilem,
826 4321 890 4361 ex
941 4305 1133 4360 humili
1175 4305 1544 4374 despectoque
1587 4310 1644 4357 et
1675 4303 1908 4374 inglorio
1944 4304 2116 4360 hono-

523 4404 703 4456 ratum
750 4397 1049 4452 efﬁciemus
1082 4415 1096 4452 ι
1130 4411 1195 4452 ac
1233 4397 1330 4450 tibi
1380 4395 1734 4466 pontificatus
1785 4397 2108 4468 dignitatem

2221 3209 2375 3262 οὐδὲν
2405 3209 2649 3278 ἐφείδετο
2675 3209 2782 3264 τῶν
2803 3209 3208 3280 ἀπειλουμένων
3234 3208 3447 3272 δεινῶν,
3475 3207 3550 3269 εἰς
3575 3204 3757 3258 τούναν-

2221 3301 2335 3354 τίον
2372 3301 2779 3373 μετεὸλήθησαν
2810 3300 3010 3372 τρόπον
3031 3317 3046 3337 ·
3081 3300 3172 3354 καὶ
3207 3297 3596 3371 φιλανθρώπως
3622 3293 3758 3348 διαλε·

2221 3391 2825 3464 γόμενοι,ἐπαγγελίαις
2847 3391 3019 3445 ὑποσύ
3029 3408 3138 3463 ρειν
3160 3391 3256 3442 ἐπε
3267 3409 3281 3442 ι
3288 3390 3462 3462 pﬂiwo
3475 3387 3560 3441 τὸν
3575 3386 3756 3438 δίκαιον.

2229 3503 2248 3537 ι
2283 3484 2392 3538 Καὶ
2419 3485 2672 3554 γίνωσκε,
2695 3504 2712 3536 ι
2752 3483 2935 3552 φασὶν,
2975 3502 2992 3535 ι
3015 3482 3091 3546 ὡς
3117 3483 3164 3535 εἰ
3189 3481 3510 3552 βουληθείης
3539 3473 3760 3535 εὐπειθῶς

2222 3576 2321 3648 τὴν
2361 3575 2668 3648 συμϐουλὴν
2714 3574 2810 3646 τὴν
2855 3574 3131 3645 ἡμετέραν
3179 3572 3595 3644 προσδέξασθαι,
3633 3566 3761 3627 εὐθύς

2225 3685 2284 3720 σε
2315 3667 2729 3736 καταστήσομεν
2783 3664 2843 3731 ἐξ
2893 3664 3116 3734 ἀφανῶν
3158 3663 3472 3737 γνώριμον,
3517 3662 3574 3728 ἐξ
3598 3659 3762 3724 ἀδόξων

2223 3760 2438 3830 ἔντιμον
2461 3775 2477 3790 ο
2517 3757 2611 3811 καί
2642 3775 2724 3811 σοι
2757 3757 2857 3828 τῆς
2904 3757 3318 3831 ἀρχιερωσύνης
3360 3751 3762 3826 ἐπαγγελλόμεθα

2221 3852 2322 3924 τὴν
2361 3849 2538 3916 ἀξίαν.
2570 3869 2589 3902 ›
2629 3850 2716 3912 Ὠς
2737 3848 2793 3902 δὲ
2817 3847 2911 3903 τοῦ
2937 3849 3035 3919 τῆς
3057 3849 3472 3920 ἀρχιερωσύνης
3500 3845 3762 3917 ἀξιώματος

2222 3941 2474 4012 ὴκουσεν,
2525 3938 2827 4008 ὲγγελάσας
2864 3937 3073 4010 μακρὸν
3122 3941 3150 3992 ὀ
3177 3940 3579 4011 τρισμακάριος
3611 3931 3761 3989 εἶπεν·

2229 4049 2247 4082 ι
2272 4031 2413 4099 Ἐγὼ
2444 4030 2538 4083 καὶ
2573 4030 2700 4093 τοὺς
2730 4029 2910 4101 ἱερέας
2932 4030 3042 4088 τῶν
3067 4029 3302 4089 εἰδώλων
3333 4031 3550 4094 ἀθλίους
3573 4028 3764 4102 κρίνων,

2222 4123 2318 4183 καὶ
2349 4122 2424 4186 ὡς
2469 4121 2706 4193 ματαίας
2755 4121 3006 4192 πράξεως
3036 4122 3338 4192 ὑπηρέτας,
3367 4122 3641 4194 οἰκτείρω·
3666 4117 3763 4177 τοὺς

2221 4215 2277 4268 δέ
2303 4214 2593 4286 ἀρχιερέας
2621 4213 2713 4266 ἐπί
2751 4213 2934 4266 πλεῖον
2980 4213 3113 4266 ἐλεῶ
3150 4215 3243 4268 καὶ¹
3284 4215 3667 4285 βδελύσσομαιο
3694 4207 3765 4260 ἐπὶ

2221 4305 2330 4375 γὰρ
2349 4305 2457 4358 τῶν
2480 4303 2804 4377 χειρόνων,ὀ
2831 4304 3032 4374 μείζων
3054 4305 3147 4362 καὶ
3176 4306 3576 4376 πρωτοτακτῶν
3602 4299 3766 4357 done.

2222 4412 2408 4467 τερος*
2450 4396 2526 4459 ὡς
2555 4397 2614 4449 ἐν
2643 4398 2755 4460 τοῖς
2793 4396 3024 4486 ἀδίκοις,
3045 4398 3073 4450 6
3099 4397 3431 4469 ἀδικώτερος
3457 4415 3471 4428 ·
3513 4397 3584 4460 ὡς
3611 4397 3660 4448 ἐν
3679 4393 3766 4452 τοῖς

525 4489 948 4557 promittimus.»
970 4489 1040 4545 Ut
1057 4497 1238 4545 autem
1258 4489 1593 4561 pontificiam
1609 4489 1932 4560 dignitatem
1949 4491 2113 4545 nomi-

2225 4487 2498 4558 φονεῦσιν,
2530 4491 2558 4542 6
2586 4488 2786 4560 μᾶλλον
2815 4489 2965 4560 ὠμός
2988 4481 3005 4516 ⁵
3041 4489 3117 4553 ῶς
3151 4490 3208 4543 ἐν
3262 4493 3376 4553 τοῖς
3410 4481 3767 4548 άκολάστοις,ὁ

523 4579 643 4633 nari
663 4580 890 4644 audivit,
911 4591 991 4636 ter
1013 4591 1316 4652 quaterque
1342 4582 1538 4637 beatus
1572 4582 1682 4646 ille,
1702 4597 1824 4635 cum
1845 4581 1939 4636 ditt
1974 4583 2115 4636 mul-

523 4682 748 4740 tumque
775 4671 1041 4728 irrisisset
1064 4673 1328 4745 (tandem)
1347 4675 1486 4728 dixit
1510 4693 1523 4728 :
1549 4693 1567 4726 ι
1595 4673 1708 4744 Ego
1732 4675 1896 4733 etiam
1929 4690 2115 4730 sacer.

521 4767 680 4828 dotes
709 4765 1130 4820 simulacrorum
1150 4782 1492 4822 aerumnosos
1507 4781 1628 4822 esse
1645 4767 1857 4836 judico,
1875 4773 1929 4822 et
1953 4775 2011 4820 ut
2031 4783 2117 4820 va-

521 4872 606 4918 nae
621 4856 858 4911 actionis
876 4858 1156 4912 ministros
1174 4858 1407 4914 miseror
1427 4876 1442 4926 ;
1461 4859 1780 4929 pontiflcum
1799 4874 1930 4912 vero
1943 4859 2115 4913 multo

522 4949 694 5019 magis
706 4955 858 5003 meet
874 4949 1116 5018 miseret,
1131 4957 1184 5006 et
1202 4950 1490 5006 abominor
1505 4949 1725 5006 eosdem
1745 4969 1758 5006 :
1780 4951 1925 5009 inter
1941 4951 2117 5008 malos

521 5042 667 5096 enim
687 5042 782 5112 qui
805 5041 982 5110 major
1011 5051 1116 5106 est,
1141 5057 1204 5096 ac
1220 5044 1455 5113 primum
1473 5045 1652 5100 locum
1675 5051 1847 5108 tenet,
1864 5044 2116 5098 miserior

519 5140 633 5199 est;
662 5144 722 5188 ut
757 5133 903 5189 inter
933 5134 1495 5205 injustos,injustior;
1530 5144 1590 5191 ut
1613 5136 1755 5190 inter
1786 5135 2112 5199 homicidas,

518 5225 611 5294 qui
653 5225 984 5283 crudelitate
1035 5236 1262 5281 cancros
1293 5227 1580 5296 praecedit;
1608 5234 1666 5281 ut
1704 5227 1850 5280 inter
1877 5225 2115 5283 lascivos

519 5325 572 5370 et
599 5317 946 5382 libidinosus,
971 5317 1066 5387 qui
1095 5319 1430 5386 petulantior
1456 5329 1620 5388 atque
1649 5319 1958 5386 protervior
1983 5327 2071 5373 est
2097 5331 2112 5369 ι

523 5418 810 5477 prepterea
871 5409 1179 5479 perniciosa
1223 5410 1576 5479 promittendi
1608 5409 1809 5464 dehinc
1839 5409 2000 5464 finem
2036 5408 2116 5464 fa-

520 5499 669 5561 cite;
711 5515 816 5554 non
869 5502 1038 5566 enim,
1077 5502 1212 5556 heus
1263 5517 1359 5557 vos
1419 5500 1881 5563 animadvertitis,
1939 5518 2116 5571 neque

523 5592 738 5646 sentitis
768 5602 933 5662 caput
965 5603 1020 5649 et
1071 5610 1343 5649 summum
1384 5595 1651 5648 malorum
1705 5593 1834 5646 mihi
1896 5595 2118 5663 promit-

521 5691 698 5737 tentes
724 5701 736 5736 :
771 5691 818 5736 at
850 5684 922 5745 ei.
946 5685 1037 5754 qui
1063 5687 1149 5755 pie
1183 5701 1247 5740 ac
1277 5695 1428 5741 recte
1446 5687 1628 5741 vivere
1652 5685 1861 5748 statuit,
1893 5693 2116 5754 praestat

522 5773 574 5835 in
605 5774 770 5829 domo
822 5766 1036 5835 Domini
1083 5777 1358 5853 abjeetum
1399 5794 1544 5847 esse,
1582 5791 1747 5857 quam
1781 5776 2029 5833 habitare
2063 5778 2115 5838 ill

2220 4581 2636 4654 ἁσελγέστερος’
2691 4582 2786 4636 καὶ
2817 4582 2908 4636 διὰ
2939 4582 3095 4636 τοῦτο
3132 4582 3385 4638 ἐντεῦθεν
3439 4583 3541 4656 ἤδη
3582 4580 3661 4634 διὰ
3683 4576 3768 4630 τῶν

2218 4673 2475 4748 ὀλεθρίων
2495 4673 2838 4744 ἐπαγγελιῶν
2868 4675 3200 4730 καταϐάλετε
3227 4691 3240 4704 ·
3266 4675 3530 4747 λελήθατε
3557 4675 3656 4744 γάρ
3681 4686 3769 4742 μοι.

2218 4756 2262 4816 ὦ
2284 4757 2453 4831 οῦτοι,
2483 4764 2581 4839 τὴν
2608 4766 2853 4837 κορυφὴν
2875 4765 2984 4819 τῶν
3007 4766 3193 4829 κακῶν
3215 4767 3576 4838 ὑποσχόμενοι
3601 4779 3614 4794 ·
3637 4760 3704 4830 τῷ
3727 4756 3770 4817 δὲ

2219 4855 2459 4920 εὐσεϐῶς
2511 4857 2606 4911 καὶ
2644 4857 2819 4930 ὀρθῶς
2865 4858 2964 4929 ζῇν
3017 4859 3472 4930 προαιρουμένῳ,
3530 4852 3771 4925 παραρῥι·

2219 4947 2468 5000 πτείσθαι
2501 4948 2665 5002 καλὸν
2690 4949 2748 5002 ἐν
2768 4947 2846 5019 τῷ
2874 4948 3008 5020 οἴκῳ
3037 4949 3130 5003 τοῦ
3157 4949 3291 5010 Θεοῦ
3325 4950 3550 5019 μᾶλλον,
3573 4946 3605 5017 ἦ
3630 4940 3768 5002 οἰκεῖν

2218 5040 2276 5093 ἐν
2305 5038 2658 5110 σκηνώμασιν
2691 5040 3051 5112 ἁμαρτωλῶν.
3094 5041 3234 5110 Ἐγὼ
3265 5041 3360 5102 καὶ
3390 5043 3519 5104 τούς
3552 5034 3771 5109 βασιλέας

2217 5129 2458 5194 τούτους,
2503 5127 2580 5184 ὧν
2634 5131 2726 5185 τὸν
2772 5132 2970 5203 ἄνομον
3023 5133 3261 5204 συνεχῶς
3322 5128 3768 5199 ύπαναγινώσκετε

2218 5224 2404 5292 νόμον,
2435 5220 2590 5286 ἐλεῶ,
2625 5224 2708 5277 ὅτι
2741 5221 3015 5296 αὔταρκες
3053 5226 3110 5278 ἐν
3147 5223 3457 5297 ἀνθρώποις
3498 5223 3696 5290 ἀξίωμα
3724 5214 3769 5267 τὸ

2219 5316 2418 5386 κράτος
2445 5316 2547 5386 τῆς
2601 5313 2877 5385 βασιλείοις
2922 5315 3171 5386 ἔχοντες,
3219 5316 3314 5387 τὴν
3356 5315 3452 5369 τοῦ
3502 5308 3767 5384 ἀρχιερέως

2220 5409 2433 5472 ἐαυτοῖς
2462 5407 2836 5480 προσηγορίαν
2858 5407 3141 5473 ἀνέθεσαν,
3175 5408 3268 5467 καὶ
3298 5409 3398 5476 τὴν
3421 5405 3656 5477 πενθήρη
3693 5396 3768 5451 καί

2222 5501 2499 5572 σκοτεινὴν
2518 5500 2802 5573 πορφύραν
2827 5501 3036 5553 ἐκεῖθεν
3062 5500 3448 5572 ἀμπίσχονται,
3471 5497 3605 5552 κατά
3625 5494 3768 5565 μίμησ

2222 5610 2305 5645 σιν
2333 5594 2439 5645 τῶν
2466 5591 2872 5662 κακοδαιμόνων
2902 5593 3206 5664 ἀρχιερέων
3226 5635 3239 5658 ,
3280 5592 3547 5662 ἀξιώματι
3588 5578 3768 5657 φαιδρῴ

2224 5683 2546 5754 σκυθρωπὸν
2585 5683 2974 5755 περιφέροντες
3020 5685 3226 5753 ἔνδυμα
3254 5701 3267 5714 ·
3324 5683 3441 5736 ἐστι
3482 5683 3536 5735 δὲ
3572 5681 3652 5732 ὅτε
3691 5671 3766 5726 καὶ

2225 5775 2405 5854 μιαρῷ
2445 5776 2613 5848 βωμῷ
2649 5778 3061 5850 πλησιάζοντες,
3112 5779 3230 5832 ἀντὶ
3258 5776 3520 5850 βασιλέων
3557 5770 3764 5842 γίνονται
