3938 6418
271 323 371 379 ⁸7ὶό
1412 327 1500 381 DE
1542 326 1597 382 S.
1643 324 2020 381 'I'HEODORO
2055 325 2414 380 MARTYRE.
3447 334 3548 388 736

272 441 521 510 μάγειροι
570 440 749 512 δρνεις
802 440 1049 508 θύοντες,
1109 444 1202 497 καὶ
1243 442 1603 514 βοσκημάτων
1651 440 1808 495 ἀθλίιι

1915 441 2330 509 ,ιεδει-ιιοουιὶε
2395 448 2763 512 peccatorum.
2813 428 2897 501 ut
2941 446 3103 502 etiam
3158 446 3549 517 imperatorum

265 532 549 602 σπλάγχνα
578 534 1017 607 διερευνώμενοι,
1043 537 1137 591 καὶ
1164 536 1241 607 τῷ
1267 535 1448 607 λύθρῳ
1474 534 1569 588 τοῦ
1596 533 1808 605 αῖματοέ

1961 534 2181 600 borum,
2221 549 2456 604 quorum
2497 536 2667 607 legem
2700 536 2941 607 iniquam
2972 540 3321 594 continenter
3350 538 3550 593 recita-

262 624 335 687 ὡς
368 625 705 703 κρεωπῶλαί
741 644 886 693 τινες
910 628 1011 697 τὴν
1041 627 1245 698 ἐσθῆτα
1277 627 1618 698 μολύνοντες.
1647 644 1667 677 ι

1962 625 2058 691 tis,
2104 625 2345 690 miseret,
2384 626 2531 696 quod
2565 641 2689 682 cum
2740 644 2835 699 per
2900 645 2959 685 se
2993 631 3129 687 satis
3160 645 3354 701 magna
3402 630 3549 683 inter

262 720 514 777 homines
583 722 853 793 dignitate
909 726 980 782 ob
1025 726 1235 797 regium
1269 725 1558 797 imperium
1636 721 1849 793 praediti
1889 722 2023 791 sint,
2074 722 2350 794 pontificis
2406 725 2827 799 appellationem
2870 728 2975 784 sibi
3047 737 3424 800 sumpserunt,
3489 735 3544 781 et

260 814 477 888 lugubri
508 819 854 892 obscuraque
878 836 1118 892 purpura
1149 821 1313 889 hujus
1338 819 1685 892 indignitatis
1740 818 1967 873 nomine
2028 817 2359 884 induuntur,
2414 818 2481 874 ad
2542 819 2905 877 imitationem
2975 821 3275 878 infelicium
3319 821 3541 891 pontifi-

240 908 409 974 ‘cum,
434 910 490 964 in
513 912 779 982 dignitate
804 914 1090 985 splendida
1129 922 1297 985 atque
1365 913 1593 978 illustri,
1630 912 1789 967 triste
1837 919 1893 967 et
1964 911 2298 967 inamoenum
2364 920 2639 982 gestantes
2684 916 3088 981 indumentum,
3149 930 3539 985 nonnunquam

258 1010 445 1057 autem
478 1005 697 1076 impuro
726 1008 886 1062 altari
942 1009 1444 1079 appropinquantes
1478 1021 1577 1079 pro
1603 1004 2033 1076 imperatoribus
2088 1007 2252 1076 coqui
2294 1005 2452 1071 ﬁunt,
2496 1021 2624 1063 aves
2684 1008 3020 1075 occidentes,
3089 1018 3144 1064 et
3209 1010 3538 1065 miserorum

258 1113 522 1167 pecorum
586 1102 800 1158 viscera
874 1103 1139 1159 rimantes
1214 1118 1278 1159 ac
1331 1111 1769 1174 perscrutantes,
1832 1106 1889 1154 et
1962 1101 2224 1170 spurcitie
2281 1101 2567 1173 sanguinis
2620 1109 2883 1173 tanquam
2952 1104 3255 1159 macellarii
3316 1104 3536 1177 quidam

257 1193 389 1247 lanii
425 1195 679 1248 carnium
710 1194 1031 1252 venditores
1059 1203 1266 1252 vestem
1316 1195 1608 1251 fmdantes.
1644 1213 1666 1245 ›

324 1285 485 1338 Μετὰ
518 1285 723 1350 ταύτας
743 1287 843 1350 τὰς
883 1288 1067 1357 φωνὰς
1110 1289 1203 1341 τοῦ
1233 1287 1465 1351 δικαίου,
1502 1287 1685 1342 οὐκέτι
1720 1283 1808 1338 ούδ

2012 1274 2145 1331 Post
2171 1274 2272 1332 has
2296 1277 2431 1347 justi
2480 1277 2639 1333 istius
2670 1294 2854 1344 voces,
2885 1293 2953 1332 nc
2998 1278 3183 1334 fictam
3226 1281 3444 1351 quidem
3486 1290 3536 1338 et

252 1372 356 1446 τὴν
405 1374 652 1446 πλαστὴν
696 1375 1106 1447 φιλανθρωπίαν
1147 1378 1242 1431 καὶ
1278 1377 1755 1448 ἐσχηματισμένην
1793 1394 1808 1429 t

1944 1367 2324 1422 assimulatam
2357 1368 2470 1438 jam
2516 1370 2752 1440 amplius
2792 1371 3186 1441 benignitatem
3241 1375 3534 1444 magistra-

255 1466 519 1536 ἄρχοντες
553 1466 958 1521 ἐπεδείκνυντοσ
1013 1469 1149 1522 ἀλλὰ
1192 1471 1288 1524 καὶ
1315 1470 1675 1523 ἀσεϐέστατον
1706 1468 1808 1539 πρὸ

1942 1468 2032 1515 tus
2068 1475 2179 1530 [me
2216 1476 2276 1516 se
2322 1460 2593 1529 ferebant,
2626 1462 2721 1517 sed
2748 1470 2802 1517 et
2836 1463 3228 1533 impiissimum
3264 1465 3534 1520 adversus

176 1587 183 1595 -
252 1559 382 1621 τοὺς
396 1558 570 1623 Θεοῦς
592 1558 904 1624 καλοῦντες,
930 1562 1023 1614 καὶ
1043 1560 1123 1615 ἔτι
1151 1562 1263 1615 τῶν
1286 1562 1548 1633 βασιλέων
1579 1561 1808 1633 ὑδριστὴ

1940 1548 2073 1604 deos
2121 1556 2405 1615 vocantes,
2464 1561 2728 1621 praeterea
2782 1555 2838 1608 in
2890 1554 3249 1622 imperatores
3318 1572 3535 1628 quoque

254 1652 350 1703 καὶ
395 1649 738 1722 βλάσφημον,
770 1652 986 1723 πρῶτον
1038 1653 1137 1723 μὲν
1165 1655 1258 1707 ἐπὶ⁵
1293 1654 1388 1707 τοῦ
1417 1652 1804 1724 βασανιστηρίο

1942 1639 2395 1694 contumeliosum
2426 1652 2480 1695 et
2528 1642 2877 1706 maledicum,
2929 1643 3165 1712 primum
3203 1646 3426 1715 quidem
3476 1649 3529 1701 in

253 1740 412 1804 ξύλου
448 1744 846 1811 κρεμάσαντες,
895 1743 957 1797 τὸ
986 1743 1144 1815 σῶμα
1184 1743 1496 1809 κατέξαινον
1521 1759 1536 1774 ⁸
1576 1744 1604 1795 ὁ
1627 1742 1708 1808 δέ,
1734 1742 1808 1795 τῶ

1943 1727 2094 1800 ligno
2142 1728 2208 1784 ad
2259 1731 2596 1801 torquendos
2644 1732 2894 1787 homines
2943 1742 3137 1803 parato
3200 1750 3530 1805 suspensum

248 1832 464 1902 δημίων
495 1834 738 1905 σφοδρῶς
760 1837 1146 1907 ἐνεργούντων,
1179 1836 1442 1906 καρτερὸς
1465 1831 1533 1906 ἦν
1561 1835 1656 1888 καὶ
1684 1834 1808 1889 ἀνέν

1943 1838 2146 1895 corpus
2181 1824 2533 1880 lacerabant:
2589 1823 2681 1879 ille
2703 1839 2833 1879 vero
2867 1823 3154 1880 lictoribus
3182 1825 3532 1881 vehementer

248 1924 437 1988 δοτος,
479 1926 573 1980 καὶ
603 1928 784 1997 στῖχον
823 1928 886 1981 ἐκ
917 1927 1017 1997 τῆς
1056 1927 1387 1998 Ψαλμωδίας
1434 1930 1554 1991 ταῖς
1587 1926 1808 1997 βασάνοι

1943 1914 1997 1968 in
2048 1930 2213 1985 opere
2236 1916 2541 1987 occupatis,
2573 1924 2835 1972 constans
2864 1923 3004 1984 erat,
3039 1916 3285 1987 nihilque
3314 1919 3380 1972 de
3422 1920 3529 1988 pri-

249 2014 482 2082 ἐπῇδεν·
537 2015 870 2084 Εὺλυγήσω
910 2015 1017 2069 τὸν
1050 2017 1273 2085 Κύριον
1304 2016 1375 2070 ἐν
1415 2015 1595 2070 παντί
1634 2015 1808 2084 καιρῷ

1940 2008 2085 2062 stina
2115 2010 2285 2063 animi
2318 2008 2697 2078 magnitudine
2730 2008 3063 2074 remittebat,
3100 2024 3165 2063 ac
3212 2025 3428 2065 versum
3461 2027 3526 2065 ex

247 2105 351 2158 διὰ
383 2108 610 2172 παντὸς
648 2108 687 2174 ἡ
723 2106 958 2173 alr-sou;
992 2108 1179 2162 αὐτοῦ
1211 2108 1281 2161 ἐν
1301 2107 1383 2174 τῷ
1407 2107 1659 2178 στόματί
1692 2126 1808 2178 μου

1940 2100 2079 2155 libro
2109 2100 2452 2157 Psalmorum
2494 2101 2783 2156 tormentis
2817 2102 3103 2157 accinebat
3136 2119 3149 2156 :
3207 2101 3525 2158 Benedicam

246 2199 363 2252 Καὶ
406 2200 454 2251 οἰ
490 2198 587 2269 μὲν
631 2200 740 2254 τῶν
774 2200 993 2272 σαρκῶν
1036 2201 1291 2266 ἀπέξεον·
1342 2202 1370 2253 ὁ
1398 2201 1455 2254 δὲ
1484 2200 1730 2271 ἔψαλλεν,
1760 2202 1805 2254 ὠ

1938 2190 2221 2248 Dominum
2268 2195 2320 2248 in
2361 2194 2505 2248 omni
2541 2202 2788 2259 tempore,
2820 2185 3021 2262 semper
3063 2195 3182 2250 laus
3215 2195 3329 2265 ejus
3352 2196 3408 2249 in
3437 2213 3527 2250 ore

244 2288 410 2342 ἄλλου
463 2289 608 2353 τινος
649 2291 1015 2362 ὑφισταμένου
1062 2292 1160 2364 τὴν
1209 2293 1504 2364 τιμωρίαν.
1550 2293 1808 2361 Διεδέξατι

1936 2287 2094 2341 meo'.
2114 2286 2291 2358 Atque
2308 2288 2385 2342 illi
2400 2287 2617 2357 quidem
2638 2301 2832 2342 carnes
2846 2287 3103 2342 caedendo
3120 2287 3521 2351 diminucbant;

243 2381 346 2451 τὴν
376 2382 598 2436 κόλασιν
626 2382 830 2453 ταύτην
860 2383 920 2437 τὸ
958 2384 1351 2456 δεσμωτήριον,
1400 2385 1496 2439 καὶ
1526 2384 1690 2441 πάλιν
1718 2387 1808 2439 ἐκε

1936 2381 2025 2435 hic
2048 2395 2199 2444 vero,
2226 2382 2380 2451 quasi
2398 2382 2536 2437 alius
2558 2382 2684 2452 quis
2712 2396 2928 2452 ptenam
2960 2381 3188 2445 subiret,
3216 2383 3483 2452 psallebat
3507 2404 3519 2437 :

244 2469 435 2541 θαῦμα
483 2471 717 2525 ἐτελεῖτο
758 2474 890 2545 περὶ
931 2473 1023 2527 τὸν
1069 2474 1244 2542 ἅγιον,
1297 2476 1391 2528 καὶ
1419 2474 1634 2547 νύκτωρ
1679 2475 1808 2545 φωνὶ

1933 2471 2038 2526 hoc
2080 2473 2243 2528 modo
2299 2475 2551 2542 punitum
2582 2489 2775 2529 carcer
2798 2474 3035 2544 excepit,
3083 2488 3147 2529 ac
3177 2489 3369 2529 rursus
3408 2475 3520 2529 illic

244 2564 488 2635 πλήθους
507 2562 818 2633 ψαλλόντων
855 2556 1105 2633 ἠκούετο,
1155 2566 1247 2619 καὶ
1274 2564 1573 2635 λαμπάδων
1605 2565 1798 2634 ἐπιφαι

1931 2566 2197 2621 miracula
2252 2566 2399 2621 circa
2430 2574 2680 2622 sanctum
2739 2566 3062 2631 edebantur,
3106 2579 3170 2620 ac
3216 2575 3382 2620 noctu
3414 2583 3518 2620 vox

240 2656 473 2721 νουσῶν,
499 2657 575 2721 ὡς
628 2659 687 2711 ἐν
722 2657 1004 2729 παννυχίδι
1038 2659 1179 2729 αὐγὴ
1212 2660 1422 2730 ἑωρᾶτο
1459 2662 1572 2723 τοῖς
1604 2658 1805 2725 ἔξωθεν

1930 2657 2299 2713 multitudinis
2338 2658 2688 2729 psallentium
2722 2658 3047 2712 audiebatur
3074 2667 3125 2713 et
3153 2656 3333 2711 lacum
3377 2659 3515 2712 allu-

238 2747 317 2811 ώς
359 2747 572 2802 καὶτὸν
616 2749 1000 2820 δεσμοφύλακα
1031 2749 1167 2822 πρὸς
1211 2748 1310 2820 τὴν
1359 2749 1660 2821 παράδοξον
1704 2751 1808 2821 δψιη

1927 2751 2189 2814 centium,
2222 2757 2281 2803 ut
2302 2751 2356 2804 iu
2388 2758 2658 2804 nocturna
2693 2747 3128 2819 pervigilatione,
3158 2748 3419 2819 splendor
3450 2751 3519 2802 ab

237 2840 338 2893 atat
364 2839 531 2911 ἀκοήν
564 2841 927 2911 ταραχθέντα,
968 2841 1296 2911 εἰσπηδῆσαι
1324 2844 1403 2905 εἰς
1434 2842 1524 2896 τὸν
1557 2841 1821 2909 οἰκίσκον,

237 2931 336 2984 καὶ
367 2929 567 3001 μηδένα
608 2933 789 3002 εὑρεῖν
819 2933 960 3003 πλὴν
993 2932 1087 2986 τοῦ
1120 2933 1398 3005 μάρτυρος
1432 2934 1819 3005 ἡσυχάζοντος,

1942 2844 2011 2898 iis
2064 2844 2156 2912 qui
2194 2842 2327 2898 foris
2377 2850 2534 2898 erant
2587 2841 3049 2911 conspiciebatur,
3087 2841 3223 2896 adeo
3266 2842 3514 2895 utetiam

1923 2936 2165 2991 carceris
2187 2943 2375 2990 custos
2420 2934 2638 2989 insolita
2680 2943 2843 3004 atque
2870 2933 3179 2989 admirabili
3212 2934 3424 2987 visione
3463 2943 3516 2985 t'l.

236 3022 335 3076 καὶ
363 3022 471 3075 τῶν
503 3022 678 3078 ἄλλων
709 3024 1003 3096 δεσμωτῶν
1047 3025 1433 3083 καθευδόντων.
1506 3026 1723 3098 Ἐπειδὴ
1768 3026 1808 3079 δί

1928 3028 2207 3083 auditione
2255 3027 2510 3082 turbatus
2561 3027 2795 3081 insiliret
2870 3025 2924 3080 in
2985 3024 3399 3088 domunculam,
3462 3035 3514 3078 (ιι

233 3115 452 3169 πολλῶν
481 3116 778 3188 γινομένων
818 3118 1032 3189 ἤκμαζε
1076 3118 1215 3190 πρὸς
1258 3118 1357 3190 τήν
1396 3118 1689 3190 ὁμολογίαν
1723 3119 1817 3173 καὶ

230 3206 336 3278 τὴν
369 3207 683 3271 εὐσέϐειαν,
724 3203 888 3279 ἦλθεν
916 3209 1002 3261 ἐπ’
1033 3210 1196 3264 αὑτὸν
1222 3210 1255 3280 ἡ
1289 3210 1695 3281 κατακρίνουσα
1717 3208 1819 3279 ψῆο

232 3317 370 3369 φος,
418 3299 513 3354 καί⁵
558 3299 693 3371 πυρί
738 3300 1090 3370 τελειωθῆναι
1140 3301 1472 3366 κελευσθεὶς,
1522 3301 1684 3364 αὐτὸς
1718 3301 1817 3372 μὲν

230 3391 447 3461 ἀπῆλθε
472 3392 570 3464 τὴν
597 3392 768 3464 καλὴν
798 3394 893 3448 καλ⁸
927 3394 1203 3464 μακαρίαν
1229 3394 1366 3464 πρὸς
1389 3393 1521 3461 Θεὸν
1548 3394 1773 3465 πορείαν
1799 3411 1813 3424 ·

229 3485 370 3556 ἡμῖν
401 3484 459 3537 δὲ
487 3483 587 3557 τὴν
621 3486 842 3558 μνήμην
866 3484 962 3539 τοῦ
990 3486 1199 3556 ἀγῶνος
1226 3485 1569 3541 διδασκάλων
1597 3486 1814 3541 κατέλι-

227 3593 335 3642 πε,
363 3576 528 3641 λαοὺς
551 3577 849 3649 ἀθροίζων,
880 3578 1179 3649 ἐκκλησίαν
1211 3577 1515 3645 παιδεύων,
1554 3578 1817 3648 δαίμονας

228 3667 587 3731 ἀπελαύνων,
640 3669 908 3738 ἀγγέλους
954 3669 1263 3740 εἰρηνικοὺς
1304 3668 1583 3737 κατάγων,
1635 3669 1815 3739 ζητῶν

227 3759 373 3832 ὑπὲρ
405 3758 563 3832 ἡμῶν
596 3761 748 3833 παρά
775 3760 909 3816 Θεοῦ
941 3762 1008 3816 τά
1052 3760 1421 3834 συμφέροντα,
1465 3762 1698 3832 ἰατρεῖον
1729 3762 1815 3814 νό-

226 3869 341 3905 σων
372 3851 632 3906 ποικίλων
665 3853 756 3907 τὸν
792 3853 956 3907 τόπον
990 3852 1177 3908 τοῦτον
1223 3852 1698 3925 ἀπεργασάμενος,
1734 3853 1813 3906 λι-

228 3940 371 4010 μένα
401 3941 511 3995 τῶν
547 3941 956 4014 χειμαζομένων
1001 3946 1122 4008 ταῖς
1162 3943 1395 4013 θλίψεσι,
1440 3946 1688 4016 πενήτων
1721 3945 1814 3998 εύ-

225 4032 394 4103 θηνου
402 4033 576 4104 μένων
600 4038 861 4105 ταμιεῖον,
881 4036 1175 4107 ὁδοιπόρων
1197 4036 1421 4090 ἀνεκτὸν
1448 4035 1810 4107 καταγώγιον.

227 4125 537 4196 πανήγυριν
584 4126 693 4178 τῶν
741 4125 1111 4198 ἑορταζόντων
1159 4127 1412 4199 ἄληκτον.
1453 4129 1517 4181 Εἰ
1568 4128 1679 4198 γὰρ
1718 4129 1813 4182 καὶ

225 4215 586 4281 ἐνιαυσιαίοις
630 4216 848 4287 ἑορταῖς
879 4217 977 4288 τὴν
1027 4216 1242 4288 ἡμέραν
1287 4218 1493 4289 ταύτην
1527 4218 1808 4291 τελοῦμεν,

223 4305 343 4360 ἀλλ’
368 4306 624 4360 οὐδέποτε
670 4308 826 4378 λήγει
868 4308 976 4362 τῶν
1018 4308 1162 4363 κατά
1209 4311 1444 4382 σπουδὴν
1476 4312 1810 4383 ἀφικνουμέ-

222 4414 334 4449 νων
351 4395 412 4449 τδ
430 4395 652 4467 πλῆθος,
668 4395 777 4451 τῶν
800 4398 1106 4469 μυρμήκων
1132 4398 1190 4452 δὲ
1211 4398 1374 4464 σώζει
1396 4398 1497 4471 τὴν
1514 4400 1808 4471 ὁμοιότητα

222 4488 257 4558 ὴ
311 4488 405 4540 ἐπὶ
432 4488 559 4543 τάδε
614 4490 854 4560 φέρουσα
903 4489 1199 4561 λεωφόρος,
1247 4491 1358 4545 τῶν
1398 4492 1496 4563 μὲν
1523 4490 1802 4559 ἀνιόντων,

217 4579 333 4632 τῶν
365 4579 422 4633 δέ
445 4580 873 4653 ὑποχωρούντων
901 4585 1014 4644 τοῖς
1041 4582 1377 4654 ἐρχομένοις.

1921 3122 2195 3175 neminem
2255 3119 2529 3174 inveniret
2578 3124 2775 3189 praeter
2801 3127 3099 3189 martyrem
3140 3117 3513 3189 quiescentem

1918 3223 1972 3267 ct
2003 3222 2231 3268 caeteros
2268 3212 2483 3267 vinctos
2511 3209 2869 3267 dormientes.
2908 3208 3272 3283 Posteaquam
3306 3218 3513 3272 autem,

1918 3318 2043 3358 cum
2074 3304 2241 3358 multa
2282 3303 2473 3359 tierent
2508 3319 2573 3359 ac
2604 3310 2953 3359 tentareutur
2991 3304 3045 3359 in
3082 3318 3168 3368 eo,
3199 3302 3264 3358 ad
3297 3301 3516 3357 confes-

1918 3395 2126 3448 sionem
2156 3399 2212 3447 et
2244 3393 2502 3462 pietatem
2544 3392 2867 3448 obﬁrmatus
2899 3400 3038 3458 erat,
3088 3393 3296 3462 prolata
3344 3401 3427 3446 est
3458 3390 3513 3445 iu

1916 3500 2041 3539 eum
2080 3488 2350 3541 sententia
2417 3485 2890 3552 condemuatoria,
2945 3493 3001 3541 et
3054 3487 3164 3558 igni
3194 3487 3389 3541 conﬁci
3458 3500 3513 3542 et

1916 3576 2296 3631 consummari
2366 3575 2582 3646 jussus,
2659 3575 2776 3644 ipse
2834 3574 3057 3646 quidem
3135 3576 3399 3646 praeclaro
3450 3594 3515 3630 ac

1917 3667 2080 3723 beato
2114 3666 2311 3723 itinere
2359 3666 2494 3720 abiit
2517 3666 2585 3721 ad
2610 3666 2814 3721 Deum:
2844 3666 3006 3721 nobis
3037 3681 3166 3721 vero
3193 3669 3510 3721 memoriam

1916 3756 2238 3812 certaminis
2284 3770 2384 3826 pro
2406 3754 2661 3808 doctrina
2725 3753 2972 3824 reliquit,
3023 3753 3257 3823 populos
3280 3768 3513 3824 congre-

1916 3863 2076 3920 gans,
2094 3846 2397 3903 Ecclesiam
2411 3845 2691 3910 erudiens,
2708 3844 2989 3901 damonas
3009 3859 3204 3900 arcens
3218 3854 3269 3900 et
3287 3842 3509 3914 fugaus,

1916 3940 2140 4012 angelos
2163 3940 2425 4011 paciﬁcos
2450 3936 2744 4005 reducens,
2776 3952 2977 4008 rogans
3005 3952 3036 3993 a
3067 3936 3178 3993 Deo
3226 3952 3326 4008 pro
3354 3938 3513 3992 nobis

1916 4032 2097 4099 utilia,
2164 4030 2443 4085 variorum
2505 4030 2824 4086 morborum
2888 4029 3179 4085 medicinae
3237 4029 3510 4084 olliciuam

1914 4125 2062 4180 hunc
2090 4124 2269 4179 locum
2310 4121 2571 4187 etliciens,
2614 4130 2832 4192 portum
2874 4135 3067 4177 eorum
3120 4121 3213 4191 qui
3258 4119 3510 4175 afﬂictio-

1914 4232 2047 4272 num
2085 4214 2501 4285 tempestatibus
2542 4215 2847 4284 jactantur,
2888 4226 3188 4283 pauperum
3223 4211 3508 4270 abundans

1914 4316 1971 4364 et
1998 4308 2285 4377 copiosum
2341 4306 2621 4369 :erarium,
2679 4306 2947 4360 viatorum
2984 4305 3229 4375 quietum
3262 4303 3508 4357 diverso-

1915 4400 2081 4465 rium,
2150 4398 2330 4452 locum
2384 4395 2652 4450 celebrem
2703 4401 3008 4450 conventus
3063 4409 3129 4449 ac
3191 4394 3310 4451 dies
3337 4394 3507 4451 festos

1912 4491 2259 4547 continenter
2305 4490 2602 4558 agentium.
2650 4485 2765 4543 Etsi
2794 4488 2942 4543 enim
2992 4486 3388 4543 anniversariis
3440 4490 3505 4541 l'e-

1910 4584 2010 4639 riis
2056 4583 2203 4637 hunc
2259 4579 2405 4635 diem
2464 4578 2842 4645 celebramus;
2881 4586 2936 4633 at
2993 4595 3273 4651 nunquam
3325 4588 3504 4634 cessat

219 4674 471 4731 studiose
521 4674 927 4732 advenientium
973 4678 1287 4743 multitudo,
1344 4693 1411 4734 ac
1459 4676 1813 4734 formicarum
1854 4677 2274 4736 similitudinem
2320 4684 2503 4731 servat
2539 4690 2602 4729 ea
2652 4689 2775 4745 quae
2803 4673 2911 4729 huc
2959 4675 3192 4746 pertinet
3259 4674 3345 4729 via
3408 4691 3493 4744 ptt-

217 4763 387 4825 blica.
414 4782 538 4821 cum
576 4768 665 4823 alii
714 4768 934 4838 quidem
984 4770 1304 4835 ascendant,
1335 4770 1429 4824 alii
1480 4783 1610 4825 vero
1636 4770 1983 4826 venientibus
2007 4769 2224 4826 cedant.

304 4859 496 4930 Ἡμεῖς
534 4860 633 4931 μὲν
659 4856 775 4926 οὖν,
801 4854 846 4914 ὧ
875 4862 1135 4933 μακάριε,
1166 4861 1259 4916 τὸν
1300 4862 1394 4917 τοῦ
1422 4862 1669 4918 ἐνιαυτοῦ
1699 4863 1802 4917 κύ-

216 4950 350 5005 κλον
417 4951 816 5014 καταλαϐόντες
873 4951 1255 5026 φιλανθρωπίᾳ
1318 4953 1413 5007 τοῦ
1484 4953 1800 5020 κτίσαντος,

211 5040 554 5112 ἠθροίσαμέν
580 5057 660 5094 σοι
710 5042 811 5115 τὴν
840 5045 1177 5115 πανήγυριν,
1219 5043 1309 5096 τὸν
1340 5043 1484 5116 ίερδν
1510 5045 1619 5099 τῶν
1649 5048 1800 5113 φιλο-

214 5131 516 5203 μαρτύρων
573 5132 831 5200 σύλλογον
854 5176 868 5195 ,
921 5137 1014 5190 τόν
1059 5153 1118 5189 τε
1145 5136 1322 5192 κοινὸν
1367 5140 1801 5209 προσκυνοῦντες

209 5221 514 5290 Δεσπότην,
570 5224 666 5276 καὶ
713 5224 812 5295 τήν
847 5225 1110 5280 ἐπινίκιον
1138 5226 1525 5298 πληρώσαντες
1551 5228 1659 5282 τῶν
1690 5229 1799 5283 σῶν

207 5309 444 5379 ἀγώνων
478 5312 816 5382 ὑπόμνησινο
850 5315 914 5368 σὺ
945 5315 1019 5379 δὲ,
1049 5314 1207 5387 δεῦρο
1230 5315 1293 5385 δὴ
1324 5316 1642 5387 πρδςήμᾶς,
1664 5319 1797 5373 ὅπου

205 5405 336 5457 ποτ’
369 5403 434 5457 ἂν
465 5400 565 5477 ᾗς,
616 5405 718 5475 τῆς
769 5408 963 5477 ἑορτῆς
994 5407 1187 5479 ἔφορος
1233 5409 1560 5479 (καλέσαντα
1599 5412 1708 5483 γάρ
1738 5430 1797 5466 σε

202 5496 660 5568 ὰντικαλοῦμεν)’
710 5499 804 5552 καὶ
832 5500 940 5552 εῖτε
970 5499 1047 5570 τῷ
1077 5500 1267 5572 ὑψηλῷ
1305 5500 1543 5571 αἰθέριον
1592 5502 1793 5573 διαιτᾷ,

197 5591 321 5649 εἴτε
370 5591 493 5645 τινὰ
534 5591 860 5662 ἐπουράνιον
908 5590 1071 5661 ἁψίδα
1119 5594 1464 5664 περιπολεῖς,
1521 5594 1555 5666 ἢ
1615 5598 1797 5667 χοροῖς

286 5743 305 5777 ¹
335 5743 483 5800 Psal.
528 5758 728 5806 χχχιιι,
773 5744 824 5796 1.

545 5882 819 5942 ΡΑτιιοι.
861 5881 978 5941 (in.
1029 5882 1244 5945 XLVI.

1980 4863 2058 4919 Ac
2077 4877 2175 4919 uos
2200 4860 2448 4932 quidem,
2477 4876 2511 4915 ο
2538 4861 2718 4924 beate,
2750 4858 3085 4930 benignitate
3099 4856 3378 4915 Creatoris
3408 4873 3500 4913 an-

1906 4954 2275 5011 niversariam
2341 4953 2539 5008 circuli
2596 4952 3035 5008 vicissitudinem
3107 4950 3346 5005 assecuti
3406 4966 3499 5003 co-

1904 5052 2120 5122 egimus
2151 5047 2251 5102 tibi
2286 5046 2566 5118 publicum
2602 5051 2957 5104 conventum,
2989 5055 3229 5101 sacrum,
3252 5039 3499 5109 inquam,

1908 5137 2243 5210 martyribus
2267 5134 2569 5195 addictum,
2594 5140 2648 5186 et
2676 5143 3025 5184 communem
3064 5125 3359 5181 Dominum
3399 5127 3499 5180 a.r-

1904 5239 2152 5294 orantes,
2169 5236 2225 5285 et
2256 5234 2477 5282 tuorum
2502 5221 2866 5278 certaminum
2898 5219 3141 5274 victoriae
3166 5232 3498 5274 commemo-

1898 5322 2168 5377 rationem
2192 5323 2518 5389 peragentes
2546 5330 2560 5367 :
2588 5319 2648 5367 tu
2680 5326 2832 5376 vero,
2863 5310 2973 5366 huc
2993 5311 3108 5381 jam
3128 5310 3260 5368 ades
3279 5311 3345 5366 ad
3373 5327 3496 5375 nos,

1901 5415 2216 5483 ubicunque
2241 5408 2462 5464 tandem
2504 5403 2697 5467 fueris,
2751 5413 2812 5458 ut
2837 5403 2947 5459 diei
2980 5402 3120 5460 festo
3150 5404 3377 5474 praesis;
3408 5420 3497 5458 vo.

1899 5512 2115 5562 cantem
2146 5502 2294 5559 enim
2326 5510 2379 5555 te
2413 5506 2605 5554 contra
2640 5510 2903 5552 vocamus
2945 5513 2959 5550 :
2990 5509 3055 5550 ac
3095 5495 3212 5551 sive
3236 5496 3291 5550 in
3324 5496 3484 5552 subli-

1899 5598 1974 5653 mi
1995 5598 2197 5654 aethere
2234 5592 2476 5656 habitas,
2508 5588 2623 5645 sive
2658 5603 2756 5661 per
2782 5587 3063 5644 caelestem
3102 5588 3337 5659 aliquem
3388 5588 3496 5644 cir-

3155 5878 3234 5937 2'4

3158 5916 3194 5940 Δ..
