3938 6426
508 357 614 413 747

1729 359 1790 415 s.
1828 354 2158 414 anconu
2198 341 2494 410 NYSSEM
3635 365 3722 420 πε

508 472 686 528 culum
717 471 977 539 versaris,
1011 478 1105 526 aut
1136 473 1192 526 in
1229 472 1429 530 choros
1457 475 1777 547 angelorum
1807 486 2087 550 cooptatus

2200 475 2448 545 ἀγγέλων
2491 469 2917 541 συντεταγμένος
2945 468 3022 541 τῷ
3050 469 3295 544 Δεσπότη
3332 471 3669 547 παρέστηκας,
3695 481 3722 550 ἢ

507 564 736 619 Domino
771 565 1010 632 assistis,
1052 575 1146 619 aut
1179 580 1306 621 cum
1331 568 1629 623 virtutibus
1650 579 1704 624 et
1731 572 2095 638 potestatibus

400 691 429 700 —
504 665 563 711 ut
637 673 832 712 servus
900 657 1078 715 ﬁdelis
1141 658 1484 714 adorationis
1538 660 1724 714 officio
1779 660 2026 731 fungeris
2078 681 2092 718 :

503 764 802 820 parumper
874 751 943 805 ab
1014 751 1083 805 iis
1151 751 1354 806 officiis
1410 751 1749 806 vacationem
1835 752 2096 822 depreca-

503 853 615 907 tus,
670 843 797 898 veni
825 842 893 896 ad
956 841 1058 898 hos
1089 843 1182 912 qui
1215 851 1265 898 te
1294 842 1587 907 honorant,
1641 843 1936 901 invisibilis
1965 849 2097 902 ami-

505 947 602 988 cus
639 953 652 989 :
683 949 954 1005 cognosce
981 949 1046 988 ac
1084 935 1200 989 vise
1253 932 1420 990 ferias
1450 950 1572 1005 qua:
1608 935 1994 1002 celebrantur,
2035 946 2093 993 ut

503 1024 801 1096 gratiarum
834 1025 1102 1081 adversus
1156 1024 1326 1080 Deum
1375 1026 1730 1098 conduplices
1792 1029 2090 1098 actionem,

504 1117 596 1186 qui
619 1131 719 1186 pro
746 1131 852 1170 una
883 1116 1160 1186 passione,
1178 1125 1233 1171 et
1259 1132 1366 1172 una
1395 1118 1482 1188 pia
1514 1120 1860 1176 confessione
1887 1130 1966 1175 tot
1995 1123 2092 1177 tibi

504 1210 974 1265 remunerationcs
1006 1210 1233 1281 largitus
1264 1217 1350 1266 est
1383 1230 1397 1264 :
1433 1227 1499 1266 ac
1534 1212 1734 1268 laeteris
1765 1214 1835 1269 ob
1867 1215 2093 1285 sangui-

505 1311 624 1352 nem
653 1297 906 1366 effusum,
946 1306 1002 1354 et
1063 1299 1208 1371 ignis
1259 1300 1543 1358 cruciatus
1605 1303 1887 1359 toleratos.
1945 1305 2092 1371 Quot

503 1391 645 1446 enim
685 1398 816 1446 tunc
844 1392 1099 1462 supplicii
1150 1400 1492 1463 spectatores
1558 1397 1790 1465 populos
1822 1396 2088 1465 habebas,

503 1491 583 1539 tot
615 1500 760 1538 nunc
795 1483 963 1539 habes
1001 1484 1228 1538 honoris
1259 1484 1567 1540 ministros.
1589 1483 1886 1540 Multorum
1924 1487 2092 1541 bene-

503 1577 751 1630 ficiorum
815 1574 1172 1645 indigemus;
1230 1575 1508 1630 intercede
1543 1592 1608 1630 ac
1655 1576 1951 1646 deprecare
1994 1591 2092 1647 pro

503 1664 678 1734 patria
710 1663 852 1734 apud
885 1679 1230 1718 communem
1259 1679 1440 1735 regem
1479 1673 1534 1719 et
1587 1663 1874 1720 Dominum
1911 1686 1924 1721 :
1965 1683 2090 1722 nam

504 1757 677 1824 patria
708 1755 961 1826 martyris
981 1762 1065 1809 est
1091 1753 1260 1810 etiam
1291 1755 1447 1810 locus
1465 1757 1759 1826 passionis,
1785 1758 1934 1814 cives
1958 1759 2088 1814 item

2203 566 2338 638 μετά
2363 564 2645 636 δυνάμεων
2661 564 2755 617 καὶ
2779 561 3059 629 ἐξουσιῶν,
3085 561 3160 626 ὡς
3187 561 3370 626 δοῦλος
3397 565 3574 628 πιστὸς
3587 584 3727 638 προσ-

2197 657 2417 718 κυνεῖς·
2489 652 2686 724 μικρδν
2737 650 2807 704 τὰ
2860 649 3047 702 αὐτόθι
3101 652 3596 723 παραιτησάμενος,
3640 651 3725 726 ἧκε

2198 747 2336 817 πρὸς
2366 745 2490 808 τοὺς
2519 743 2794 814 τιμῶντάς
2815 758 2875 795 σε
2911 741 3142 812 ἀόρατος
3173 741 3354 811 φίλοςο
3386 744 3647 816 ίστόρησον
3674 751 3728 804 τὰ

2194 837 2512 908 τελούμενα,
2532 835 2620 890 ἵνα
2639 835 2738 905 τὴν
2759 834 2836 897 είς
2863 832 2995 887 Θεὸν
3019 834 3368 905 εὐχαριστίαν
3386 836 3728 910 διπλασιάσῃς,

2194 930 2286 986 τὸν
2311 930 2430 985 ἀντὶ
2463 929 2668 992 πάθους
2696 927 2834 994 ἑνὸς,
2883 926 2977 980 καὶ
3019 928 3148 997 μιᾶς
3182 926 3433 992 εὐσεϐοῦς
3456 931 3730 1000 ὁμολογίας,

2193 1024 2465 1087 τοσαύτας
2517 1039 2597 1074 σοι
2646 1021 2747 1084 τὰς
2786 1020 3023 1090 ἀμοιϐὰς
3080 1021 3481 1092 χαρισάμενον
3531 1024 3734 1094 εὐφραν-

2195 1115 2344 1184 θείης
2375 1115 2431 1168 δὲ
2463 1113 2540 1184 τῷ
2563 1114 2755 1184 αἵματι
2779 1113 2873 1166 καὶ
2896 1114 2962 1183 τῇ
2984 1113 3076 1166 τού
3095 1113 3265 1183 πυρὸς
3284 1113 3547 1185 ἀλγηδόνι.
3563 1116 3734 1180 Ὀσους

2193 1207 2300 1278 γὰρ
2321 1201 2464 1277 εἶχες
2486 1205 2608 1258 τότε
2636 1204 2799 1268 λαοὺς
2825 1204 2924 1274 τῆς
2943 1204 3216 1274 τιμωρίας
3243 1204 3458 1270 θεατὰς,
3483 1206 3735 1272 τοσούτους

2193 1297 2288 1353 νῦν
2313 1298 2411 1368 τῆς
2442 1297 2607 1367 τιμῆς
2633 1295 2776 1366 ἔχεις
2802 1295 3100 1366 ὑπηρέτας.
3129 1295 3422 1366 Χρῄζομεν
3444 1297 3636 1350 πολλῶν
3662 1299 3734 1350 εύ-

2193 1388 2456 1460 εργεσιῶν
2478 1405 2492 1420 ·
2524 1386 2856 1459 πρέσϐευσον
2889 1386 3028 1457 ὑπὲρ
3079 1387 3180 1456 τῆς
3211 1387 3464 1458 πατρίδος
3506 1388 3630 1458 πρὸς
3657 1389 3735 1440 τὸν

2193 1481 2368 1534 κοινὸν
2395 1478 2615 1550 βασιλέα
2641 1495 2655 1510 ο
2687 1477 2884 1548 πατρὶς
2915 1477 3025 1548 γὰρ
3056 1477 3355 1548 μάρτυρος,
3383 1478 3474 1531 τοῦ
3504 1479 3732 1550 πάθουςή

2193 1569 2346 1642 χώρα
2370 1586 2383 1601 ο
2434 1569 2646 1624 πολῖται
2673 1568 2730 1622 δὲ
2764 1568 2857 1622 καὶ
2890 1571 3192 1636 συγγενεῖς,
3245 1570 3294 1621 οἱ
3325 1569 3732 1641 περιστείλαντες

2195 1663 2290 1717 κα)⁵
2313 1663 2528 1733 ἔχοντες
2550 1661 2642 1714 καὶ¹
2665 1661 2953 1732 τιμῶντες.
2974 1657 3338 1732 ’Υφορῶμεθα
3362 1660 3579 1731 θλίψεις,
3601 1679 3736 1731 προσ-

2193 1755 2437 1826 δοκῶμεν
2473 1754 2772 1818 κινδύνους,
2804 1753 2865 1806 οὑ
2902 1753 3120 1824 μακρὰν
3169 1755 3220 1807 οἱ
3256 1753 3520 1825 ἀλιτήριοι
3563 1754 3736 1808 Σκύθαι

501 1856 553 1902 et
587 1847 786 1902 fratres
819 1855 871 1902 et
895 1847 1133 1918 cognati,
1160 1847 1252 1916 qui
1277 1853 1332 1902 et
1349 1847 1552 1902 habent
1574 1863 1697 1903 eum
1717 1857 1771 1904 et
1798 1857 2022 1905 tuentur
2037 1858 2087 1906 et

2191 1849 2284 1902 τὸν
2325 1847 2446 1901 καθ’
2496 1847 2656 1918 ἡμῶν
2705 1846 2983 1910 ὠδίνοντες
3013 1846 3283 1917 πόλεμονο
3331 1847 3408 1911 ὡς
3437 1845 3736 1919 στρατιώτης

500 1946 700 1992 ornant
725 1947 886 2007 atque
915 1938 1212 2006 honorant;
1245 1937 1507 1995 timemus
1526 1939 1872 2009 amictiones,
1892 1957 2089 2014 exspe-

498 2039 713 2086 cmmus
742 2030 1004 2100 pericula;
1037 2045 1146 2085 non
1176 2031 1336 2102 longe
1370 2031 1568 2088 absunt
1603 2033 1822 2089 scelesti
1873 2033 2089 2106 Scytha:

500 2121 700 2175 bellum
733 2120 1025 2177 adversum
1068 2137 1168 2179 nos
1209 2124 1614 2193 parturientes;
1665 2132 1725 2179 ut
1775 2125 1933 2182 miles
1968 2142 2089 2196 pro-

500 2229 680 2284 pugna
704 2215 828 2287 (pro
861 2215 1068 2288 nobis),
1091 2224 1149 2271 ut
1169 2224 1378 2290 martyr
1408 2232 1506 2288 pro
1538 2219 1826 2273 conservis
1857 2219 2088 2273 utereli-

503 2304 713 2362 bertate
755 2306 1037 2378 loquendi.
1079 2306 1306 2364 Etiamsi
1363 2310 1639 2379 superasti
1689 2310 1985 2374 smculunt,
2033 2317 2088 2363 at

502 2398 645 2451 nosti
671 2395 902 2452 affectus
933 2405 987 2453 et
1016 2414 1150 2454 usus
1185 2400 1654 2470 necessitatesque
1680 2402 1933 2455 humana:
1963 2417 2088 2456 con-

499 2488 726 2544 ditionis
761 2497 924 2560 :pete
955 2504 1170 2560 pacem,
1201 2497 1260 2544 ut
1295 2489 1348 2543 hi
1377 2491 1580 2560 publici
1628 2501 1935 2548 conventus
1979 2509 2086 2548 non

500 2578 789 2635 desinant:
833 2594 902 2634 ne
923 2579 1294 2635 debacchctur
1324 2589 1489 2650 atque
1516 2591 1798 2652 grassetur
1823 2582 2087 2640 adversus

499 2670 704 2738 templa
737 2669 1002 2723 altariave
1037 2668 1293 2724 rabiosus
1341 2675 1396 2723 et
1447 2668 1747 2726 sceleratus
1770 2669 2035 2724 barbarus
2065 2689 2081 2726 :

499 2776 568 2815 ne
600 2760 890 2816 conculcet
917 2767 1111 2815 sancta
1140 2758 1409 2830 profanus
1440 2766 1494 2815 et
1541 2760 1764 2829 impius.
1794 2759 1906 2816 Nos
1939 2760 2085 2816 enim

501 2853 692 2919 etiam,
722 2851 870 2922 quod
902 2851 1208 2907 incolumes
1225 2862 1280 2907 et
1313 2851 1512 2922 integri
1534 2853 1842 2908 conservati
1868 2868 2083 2921 sumus,

498 2945 598 2998 tibi
646 2943 972 3000 beneficium
1017 2951 1302 3015 acceptum
1350 2944 1662 2999 referimus.
1699 2943 1946 3000 Petimus
1985 2959 2084 2998 au-

501 3047 612 3090 tem
640 3035 805 3090 etiam
844 3033 1014 3091 futuri
1039 3036 1302 3106 temporis
1335 3036 1649 3106 praesidium
1682 3042 1847 3105 atque
1873 3037 2085 3091 securi-

499 3135 691 3183 tatem.
730 3126 888 3192 Quod
924 3127 972 3182 si
1031 3127 1228 3197 majori
1269 3128 1434 3182 etiam
1474 3142 1614 3197 opus
1656 3127 1819 3182 fuerit
1850 3127 2084 3183 advoca~

499 3219 652 3275 tione
677 3233 742 3274 ac
795 3219 1207 3290 deprecatione,
1245 3218 1481 3274 fratrum
1523 3229 1745 3274 tuorum
1778 3229 2081 3292 martyrum

495 3326 630 3382 coge
656 3310 910 3378 chorum,
937 3319 991 3368 et
1020 3327 1144 3366 cum
1172 3311 1436 3367 omnibus
1458 3326 1562 3366 una
1589 3312 1916 3382 deprecare:
1947 3313 2088 3365 mul-

496 3411 675 3458 torum
706 3403 980 3474 justorum
1029 3419 1220 3474 preces
1257 3403 1629 3459 multitudinis
1663 3419 1726 3458 ac
1759 3403 2084 3474 populorum

495 3503 716 3567 peccata
767 3494 948 3564 luant;
1011 3495 1245 3551 admone
1302 3495 1545 3560 Petrum,
1592 3495 1772 3549 excita
1832 3493 2083 3558 Paulum,

495 3587 762 3645 Joannem
797 3589 925 3644 item
963 3587 1302 3660 Theologum
1337 3604 1401 3643 ac
1440 3589 1768 3659 discipulum
1800 3587 2083 3652 dilectum,

495 3691 553 3738 ut
594 3697 694 3753 pro
727 3681 991 3738 Ecclesiis
1038 3697 1176 3751 quas
1211 3683 1622 3737 constituerunt
1675 3679 1896 3736 solliciti
1939 3680 2084 3747 sint,

493 3788 596 3846 pro
637 3772 840 3844 quibus
877 3779 1102 3828 catenas
1139 3783 1515 3844 gestaverunt,
1563 3788 1663 3842 pro
1691 3770 1892 3842 quibus
1940 3770 2086 3841 peri-

493 3865 619 3920 cula
673 3878 738 3919 ac
771 3872 976 3921 mortes
1025 3865 1288 3932 tulerunt,
1345 3881 1413 3921 nc
1445 3865 1869 3920 simulacrorum
1901 3864 2084 3919 cultus

493 3957 784 4014 adversum
816 3973 917 4012 nos
955 3969 1116 4029 caput
1142 3959 1297 4014 tollat
1323 3978 1340 4027 ;
1371 3975 1440 4016 ne
1477 3959 1714 4014 haereses
1753 3959 2085 4028 sicutspinze

492 4050 666 4107 vinea:
716 4059 1090 4118 sucerescant,
1150 4068 1218 4107 ne
1272 4051 1542 4106 zizanium
1595 4050 1798 4107 editum
1857 4049 2086 4106 sulfocet

491 4143 755 4200 triticum.
793 4139 870 4200 Nc
898 4159 1005 4214 qua
1019 4150 1172 4215 petra
1203 4145 1316 4201 veri
1349 4144 1492 4200 roris
1521 4142 1847 4214 pinguedine
1887 4157 2084 4198 carens

491 4238 782 4294 adversum
814 4253 916 4294 nos
937 4238 1188 4304 exsistat,
1218 4247 1272 4294 et
1305 4239 1580 4296 sermonis
1611 4253 1675 4293 ac
1709 4237 1863 4294 verbi
1898 4236 2086 4293 fertili-

488 4331 619 4386 tatis
646 4330 756 4386 vlm
807 4331 1009 4388 radicis
1047 4339 1322 4404 expertem
1369 4329 1591 4397 efficiat,
1614 4329 1708 4386 sed
1738 4329 1940 4386 virtute
1978 4337 2086 4385 tua:

492 4423 878 4493 sociorumque
893 4432 1116 4479 tuorum
1147 4423 1572 4496 deprecationis,
1602 4439 1636 4479 ο
1660 4423 1743 4479 vir
1762 4421 2084 4478 admirande

2193 1937 2584 2009 ὕπερμάχησον
2607 1954 2622 1969 ο
2649 1937 2725 2000 ὡς
2764 1937 2976 2009 μάρτυς
3004 1937 3145 2008 ὑπὲρ
3172 1937 3280 1992 τῶν
3304 1938 3597 2008 ὁμοδούλων
3621 1940 3736 2011 χρῆ-

2191 2046 2280 2082 σαι
2324 2032 2390 2101 τῇ
2437 2029 2738 2101 παρρησίᾳ.
2795 2029 2858 2082 Et
2888 2029 2983 2083 καὶ
3017 2029 3292 2100 ὑπερέϐης
3333 2031 3426 2084 τὸν
3449 2029 3592 2100 βίον,
3641 2032 3736 2084 ἀλλ’

2188 2117 2335 2186 οἶδας
2376 2123 2447 2177 τὰ
2486 2122 2632 2194 πάθη
2681 2122 2775 2175 καὶ
2811 2121 2912 2185 τὰς
2948 2122 3138 2194 χρείας
3167 2122 3268 2193 τῆς
3309 2122 3734 2194 ἀνθρωπότητοςο

2190 2213 2411 2284 αἴτησον
2445 2215 2691 2285 εἰρήνην,
2735 2215 2819 2267 ἴνα
2847 2217 2902 2269 αἱ
2942 2213 3278 2285 πανηγύρεις
3302 2209 3466 2269 αὗται
3497 2215 3567 2286 μὴ
3589 2214 3735 2285 λήξωο

2191 2321 2309 2370 σιν,
2365 2305 2452 2358 ἵνα
2507 2303 2582 2376 μὴ
2631 2305 2864 2376 κωμάσῃ
2911 2305 3051 2359 κατά
3094 2305 3239 2361 ναῶν
3287 2305 3323 2376 ἢ
3375 2304 3736 2375 θυσιαστηρίων

2187 2395 2398 2450 λυσσῶν
2427 2397 2523 2450 καὶ⁸
2559 2396 2798 2466 ἀθεσμος
2847 2396 3123 2469 βάρϐαρος
3148 2437 3164 2463 ,
3214 2396 3304 2450 ἵνα
3343 2396 3418 2468 μὴ
3457 2398 3658 2469 πατήσῃ
3682 2397 3736 2449 τὰ

2188 2490 2318 2561 ᾶγια
2366 2489 2608 2562 βέϐηλος.
2667 2491 2860 2562 Ἡμεῖς
2902 2491 3012 2563 γὰρ
3071 2492 3166 2546 καὶ
3227 2492 3372 2562 ὑπὲρ
3416 2484 3489 2545 ὧν
3538 2491 3734 2554 ἀπαθεῖς

2188 2583 2590 2655 ὲφυλάχθημεν,
2615 2585 2698 2638 σοὶ
2727 2584 3054 2657 λογιζόμεθα
3081 2584 3181 2656 τὴν
3204 2585 3551 2655 εὐεργεσίαν·
3585 2582 3737 2638 αἰτοῦ-

2189 2692 2292 2747 μεν
2314 2676 2370 2730 δὲ
2400 2687 2494 2730 και
2529 2677 2622 2730 τοῦ
2666 2677 2949 2749 μέλλοντος
2995 2677 3095 2750 τὴν
3127 2678 3452 2748 ἀσφάλειαν.
3485 2680 3578 2732 Ἂν
3604 2677 3735 2749 χρεία

2184 2769 2410 2840 γένηται
2443 2769 2538 2823 καί
2567 2768 2812 2832 πλείονος
2853 2769 3151 2835 δυσωπίας,
3208 2770 3465 2842 ἄθροισον
3489 2770 3576 2824 τὸν
3603 2769 3736 2840 χορὸν

2189 2861 2298 2918 τῶν
2327 2858 2435 2914 σῶν
2464 2861 2709 2930 ἀδελφῶν
2735 2860 2845 2914 τῶν
2894 2860 3208 2932 μαρτύρων,
3243 2863 3342 2915 καὶ
3380 2861 3516 2932 μετὰ
3547 2859 3734 2912 πάντων

2185 2953 2426 3026 δεήθητι·
2485 2954 2696 3008 πολλῶν
2748 2953 2973 3007 δικαίων
3029 2954 3206 3024 εὐχαὶ,
3255 2954 3404 3008 λαῶν
3447 2954 3536 3008 καὶ
3577 2953 3735 3022 δήμων

2187 3045 2463 3114 ἁμαρτίας
2493 3044 2812 3099 λυσάτωσαν
2832 3061 2845 3072 ·
2892 3043 3206 3115 ὑπόμνησον
3236 3045 3467 3118 Πέτρον,
3508 3044 3736 3113 διέγειρον

2187 3137 2417 3202 Παῦλον,
2454 3137 2708 3208 Ἰωάννην
2738 3137 2939 3208 ὁμοίως
2969 3137 3063 3190 τὸν
3115 3136 3368 3205 θεολόγον
3402 3139 3494 3191 καὶ
3517 3135 3736 3208 ᾳιλούμε-

2188 3245 2274 3282 νον
2305 3227 2587 3298 μαθητήν·
2622 3227 2690 3282 ἵν’
2719 3229 2859 3299 ὑπὲρ
2897 3227 3012 3281 τῶν
3049 3227 3391 3298 Ἐκκλησιῶν
3424 3228 3490 3293 ἃς
3517 3227 3736 3294 συνεστή-

2189 3337 2350 3374 σαντο
2377 3320 2807 3392 μεριμνήσωσιν,
2839 3320 2980 3392 ὑπὲρ
3002 3312 3077 3374 ὧν
3105 3319 3205 3384 τάς
3237 3319 3459 3384 ἁλύσεις
3483 3320 3732 3391 ὲφόρεσαν,

2188 3413 2328 3484 ὑπὲρ
2355 3405 2431 3466 ὧν
2464 3413 2591 3475 τοὺς
2619 3413 2896 3477 κινδύνους
2928 3416 3023 3467 καὶ
3061 3414 3188 3479 τοὺς
3220 3413 3484 3477 θανάτους
3510 3414 3732 3484 ἤνεγκαν·

2190 3506 2264 3577 μὴ
2299 3505 2714 3576 είδωλολατρεία
2753 3507 2863 3580 ἄρῃ
2891 3505 3012 3560 καθ’
3044 3505 3204 3578 ήμῶν
3235 3507 3518 3578 κεφαλὴν,
3566 3505 3634 3576 μή
3669 3503 3736 3556 ai-

2191 3597 2367 3668 ρέσεις
2405 3598 2481 3662 ὡς
2527 3597 2764 3653 ἄκανθαι
2805 3598 2884 3669 τῷ
2936 3598 3218 3670 ἀμπελῶνι
3278 3599 3734 3667 ὑποϐλαστήσωσιν

2191 3691 2265 3762 μή
2293 3690 2531 3756 ζιζάνιον
2560 3691 2780 3763 ἐγερθὲν
2820 3691 2984 3766 πνίξῃ
3025 3692 3115 3745 τὸν
3145 3694 3311 3745 σῖτον·
3365 3693 3441 3764 μή
3483 3708 3565 3754 τις
3589 3688 3735 3757 πέτρα

2186 3783 2410 3855 γένηται
2434 3783 2554 3837 καθ’
2581 3783 2740 3855 ήμῶν
2765 3783 3062 3855 λειπομένη
3099 3783 3199 3854 τῆς
3226 3783 3485 3854 πιότητος
3510 3786 3601 3853 τῆς
3629 3779 3734 3848 ἀλη-

2187 3873 2338 3945 θινῆς
2387 3873 2612 3945 δρόσου,
2666 3875 2761 3928 καὶ
2799 3873 2988 3946 άριζον
3029 3873 3286 3945 ἀποδείξῃ
3319 3875 3422 3944 τῆς
3467 3869 3733 3942 εὐκαρπίας

2186 3966 2278 4019 τοῦ
2330 3966 2489 4035 λόγου
2518 3966 2616 4036 τὴν
2663 3966 2924 4037 δύναμιν·
2984 3965 3118 4021 ἀλλά
3156 3968 3222 4038 τῇ
3257 3965 3486 4037 δυνάμει
3527 3964 3621 4033 τῆς
3655 3960 3734 4028 σῆς

2185 4061 2482 4131 πρεσϐείας
2511 4061 2606 4115 καὶ
2637 4061 2746 4115 τῶν
2775 4061 2873 4114 σὺν
2906 4061 3008 4126 σοι,
3027 4059 3330 4131 θαυμαστὲ,
3365 4059 3460 4114 καὶ
3490 4055 3735 4128 ὑπερλάμ-

2185 4167 2286 4204 πον
2333 4153 2390 4205 ἐν
2415 4153 2527 4216 τοῖς
2563 4153 2799 4223 μάρτυσι
2838 4150 2989 4221 λήϊον
3024 4151 3377 4222 ἀποδειχθείη
3407 4151 3468 4203 τὸ
3493 4148 3595 4202 τῶν
3622 4146 3728 4212 Χρι-

2186 4243 2417 4298 στιανῶν
2444 4243 2741 4316 πολίτευμα
2770 4244 2933 4316 μέχρι
2957 4244 3143 4307 τέλους
3171 4244 3349 4315 μένον,
3386 4244 3445 4296 έν
3472 4244 3534 4313 τῇ
3558 4233 3734 4306 λιπαρᾷ

2185 4335 2280 4389 καὶ
2304 4335 2568 4408 εὐκάρπῳ
2590 4337 2690 4409 τῆς
2706 4339 2764 4389 ὲν
2784 4333 3006 4406 Χριστῷ
3029 4335 3264 4398 πίστεως
3291 4334 3504 4405 ἀρούρᾳ
3531 4332 3608 4385 ἀεὶ
3631 4343 3732 4395 καρ-

2185 4427 2458 4499 ποφοροῦν
2475 4429 2576 4498 τὴν
2598 4428 2818 4483 αίώνιον
2843 4427 3012 4500 ζωὴν,
3031 4427 3132 4498 τὴν
3157 4428 3215 4481 έν
3244 4424 3468 4498 Χριστῷ
3497 4417 3657 4492 Ἰησθῦ
3669 4415 3731 4486 τῷ

490 4526 656 4584 atque
695 4515 837 4572 inter
875 4527 1143 4590 martyres
1192 4520 1441 4575 eminens
1477 4525 1531 4575 et
1573 4517 1866 4582 excellens,
1918 4515 2081 4572 Chri-

2190 4518 2374 4590 Κυρίῳ
2396 4519 2572 4590 ἡμῶν.
2600 4518 2735 4574 Μεθ’
2769 4513 2830 4576 οὗ
2863 4519 2942 4592 τῷ
2969 4519 3146 4590 Πατρὶ
3177 4517 3296 4588 ἅμα
3323 4516 3404 4588 τῷ
3432 4515 3567 4584 ἁγίῳ
3588 4508 3730 4565 lived-

491 4606 796 4663 stiauorum
817 4609 1126 4678 respublica
1150 4625 1375 4680 campus
1395 4619 1640 4682 segetum
1662 4608 1946 4672 reddatur,
1985 4607 2079 4678 qui

489 4717 720 4772 campus
744 4701 811 4757 ad
851 4703 1014 4758 finem
1039 4719 1215 4774 usque
1243 4711 1459 4759 maneat
1493 4705 1548 4758 in
1578 4701 1766 4773 pingui
1800 4701 2078 4772 fertilique

2189 4628 2338 4682 ματι,
2366 4611 2514 4676 δόξα,
2554 4613 2773 4684 κράτος,
2804 4613 2962 4684 τιμὴ.
3015 4610 3110 4664 νῦν
3143 4609 3240 4664 καὶ
3277 4609 3364 4664 ἀεὶ
3403 4609 3496 4662 καὶ
3530 4607 3604 4669 είς
3627 4600 3730 4662 τοὺς

2185 4702 2386 4766 αἰῶνας
2420 4701 2528 4756 τῶν
2555 4701 2788 4758 αἰώνων.
2842 4705 3034 4776 Ἀμήν.

499 4813 634 4852 arvo
667 4797 790 4854 fidei
816 4798 872 4851 in
895 4797 1436 4869 Christum,semper
1456 4799 1693 4852 fructum
1715 4798 1884 4853 edens
1899 4804 2121 4853 aeterna:
2156 4797 2303 4864 vitae,
2339 4814 2461 4870 quae
2492 4800 2721 4870 contigit
2750 4815 2848 4870 per
2900 4800 3180 4855 Christum
3220 4796 3410 4853 Iesum
3470 4790 3726 4847 Dominum

489 4899 762 4947 nostrum.
825 4891 964 4946 Cum
1012 4907 1122 4960 quo
1159 4889 1308 4946 Patri
1339 4890 1502 4948 simul
1533 4897 1587 4946 et
1634 4888 1864 4959 Spiritui
1906 4897 2100 4947 saneto
2122 4889 2317 4960 gloria,
2351 4889 2639 4960 imperium
2665 4899 2718 4945 et
2751 4893 2926 4945 honor
2972 4905 3119 4944 nunc
3147 4901 3200 4944 et
3229 4902 3468 4956 semper,
3498 4892 3551 4938 et
3580 4885 3725 4935 insae-

489 4983 613 5036 cula
652 4983 1002 5039 saeculorum.
1032 4991 1223 5040 Amen.
