3938 6426
322 439 431 501 749

1434 442 1503 499 ΙΝ
1544 439 2048 510 QUADRAGINTA
2083 439 2493 502 MABTYRES.

3491 444 3593 527 73o

1679 619 2081 630 Ἥ

1492 740 1793 857 ΤΟΥ

1918 740 2411 857 ΑΥΤΟΥ

1780 958 2140 1013 ΕΓΚΩΜΙΟΝ

627 1102 800 1189 ΕΙΣ
871 1102 1164 1190 ΤΟΥΣ
1228 1102 1632 1189 ΑΓΙΟΥΣ
1704 1094 2573 1191 ΤΕΣΣΑΡΑΚΟΝΤΑ
2662 1096 3279 1193 ΜΑΡΤΥΡΑΣ..

1668 1394 2259 1500 EJUSDEM

1752 1601 1820 1656 IN
1886 1601 2171 1658 LAUDEM

971 1758 1127 1848 SS.
1219 1757 2084 1917 QUADRAGlNTA
2192 1757 2920 1849 MARTYRUM.

1700 1947 1888 1998 Eodem
1910 1943 2206 2010 interprete,

939 2161 1164 2217 ΛΟΓΟΣ
1207 2165 1284 2218 Α’.

382 2272 480 2344 Οἷς
526 2278 787 2334 ἀνιᾶσθαι
838 2278 966 2343 τοὺς
1013 2277 1243 2344 πολλοὺς
1283 2279 1640 2351 στοχάζομαι,
1692 2279 1907 2345 τούτοις

309 2371 473 2436 αὖτὸς
501 2372 812 2444 ἀγάλλομαι
834 2372 932 2444 τὴν
949 2371 1210 2427 διάνοιαν.
1252 2372 1438 2443 Ἀηδὲς
1463 2372 1597 2445 γὰρ,
1631 2373 1707 2437 ὡς
1733 2374 1903 2443 εἰκὸς,

309 2466 426 2529 τοῖς
464 2464 681 2528 πολλοῖς
732 2464 796 2519 τὸ
838 2464 897 2517 ὲν
937 2463 1191 2535 ἀλλήλοις
1239 2463 1639 2531 συνθλίϐεσθαι,
1693 2466 1818 2538 ἐμοὶ
1848 2467 1906 2522 δὲ

308 2556 473 2611 τοῦτο
502 2557 799 2628 κεφάλαιον
841 2556 1182 2630 εὐφροσύνης
1214 2556 1380 2611 ἐστίν.
1405 2557 1774 2630 Εὑφραίνεται
1795 2558 1906 2631 γὰρ

308 2649 590 2720 ὀφθαλμὸς
616 2649 712 2703 τοῦ
744 2649 1024 2721 ποιμένος,
1050 2649 1110 2703 τὸ
1133 2648 1385 2721 ποίμνιον
1400 2648 1614 2720 βλέπων
1637 2650 1743 2705 ὑπὸ
1770 2651 1907 2724 πλή-

310 2740 442 2804 θους
509 2740 1049 2813 στενοχωρούμενον,
1115 2740 1207 2794 καὶ
1264 2738 1366 2810 τῆς
1425 2738 1668 2812 μάνδραις
1736 2740 1906 2813 ὑπερι-

308 2832 593 2904 χεόμενον·
662 2832 841 2887 καίτοι
904 2849 970 2902 γε
1026 2832 1087 2886 οὐ
1149 2831 1319 2902 μικρὰ
1355 2830 1463 2885 τῶν
1523 2830 1811 2903 προϐάτων
1869 2832 1904 2903 ἡ

309 2923 573 2989 ἔπαυλις,
621 2922 760 2979 ἀλλά
798 2923 991 2995 στενὴν
1024 2925 1167 2978 ποιεῖ
1215 2922 1312 2993 τὴν
1354 2922 1698 2997 εὐρυχωρίαν
1739 2922 1905 2995 εὐθη-

306 3014 572 3087 νούμενον
599 3015 680 3087 τῷ
701 3015 895 3088 πλήθει
917 3015 979 3069 τὸ
1007 3014 1278 3087 ποίμνιον.
1296 3014 1548 3069 Τοιοῦτόν
1575 3032 1629 3069 τι
1649 3015 1744 3069 καὶ
1776 3016 1907 3086 περὶ

307 3106 406 3162 τὸν
451 3107 659 3179 Κύριον
692 3108 722 3161 6
753 3106 962 3177 Πέτρος
1003 3104 1128 3161 ἰδὼν
1171 3104 1508 3177 ἀπεκρίνατο
1554 3104 1750 3176 λέγων,
1796 3105 1902 3173 ὅτι,

321 3196 674 3262 Ἐπιστάτα,
709 3199 758 3253 οἱ
804 3197 977 3268 ὄχλοι
1025 3196 1370 3266 συνέχουσι
1403 3211 1478 3251 σε
1512 3196 1612 3251 καί
1655 3196 1905 3251 ἀποθλί-

307 3290 548 3345 ϐουσιν.
574 3291 803 3357 Ὄντως,
830 3288 1015 3354 καθώς
1037 3289 1171 3361 φησί
1200 3305 1304 3342 που
1334 3290 1363 3343 ὁ
1386 3287 1529 3352 θεῖος
1559 3288 1903 3354 ’Δπόστολος,

305 3382 372 3435 τὸ
395 3381 671 3437 θλίϐεσθαι
691 3383 785 3437 καὶ
805 3381 882 3454 μὴ
913 3379 1362 3453 στενοχωρεῖσθαι
1379 3379 1536 3435 τοῦτό
1577 3380 1716 3434 ἐστι.
1733 3380 1906 3435 Παντὶ

2579 2159 2842 2218 ORATIO
2878 2160 2898 2215 ι
2931 2161 3030 2233 (ι).

2078 2275 2228 2341 Quas
2270 2288 2358 2329 res
2413 2272 2675 2330 existimo
2726 2274 3009 2345 plerisque
3052 2288 3253 2345 graves
3294 2289 3359 2329 ac
3421 2276 3597 2332 mole-

2008 2373 2124 2421 stas
2164 2380 2310 2430 esse,
2357 2364 2443 2420 bis
2493 2364 2613 2436 ipse
2661 2365 2848 2419 animo
2880 2365 3056 2420 lmtor.
3096 2363 3385 2420 Molestum
3448 2367 3595 2422 enim

2008 2456 2269 2513 nimirum
2302 2456 2584 2529 plerisque
2610 2465 2696 2512 est
2726 2456 3016 2529 comprimi
3044 2457 3188 2513 inter
3223 2473 3345 2515 sese
3368 2468 3422 2514 et
3459 2476 3597 2516 con-

2007 2551 2201 2622 stipari
2229 2568 2243 2604 :
2275 2551 2377 2606 hoc
2407 2563 2537 2605 vero
2565 2549 2698 2604 mihi
2732 2564 2961 2606 summae
3015 2547 3219 2605 laetitias
3270 2559 3379 2608 est.
3424 2549 3600 2606 Laeta-

2007 2652 2097 2697 tur
2121 2645 2267 2698 enim
2307 2643 2501 2698 oculus
2535 2642 2796 2713 pastoris,
2829 2658 2954 2698 cum
3000 2659 3219 2715 gregem
3250 2659 3364 2715 prae
3405 2645 3597 2700 multi-

2006 2734 2198 2790 tudine
2220 2736 2518 2804 coarclari,
2550 2743 2605 2789 et
2638 2735 2781 2789 ovile
2812 2735 3138 2806 superluudi
3175 2737 3320 2792 videt
3350 2756 3367 2806 ,'
3414 2752 3597 2807 quan-

2006 2844 2166 2900 quam
2188 2844 2294 2886 uon
2311 2828 2568 2899 exiguum
2586 2828 2769 2884 ovium
2786 2828 3062 2885 stabulum
3080 2834 3183 2895 est,
3200 2829 3295 2885 sed
3318 2828 3599 2884 laxitatem

2006 2929 2297 2993 angustam
2351 2920 2531 2978 eﬂ‘ecit
2575 2921 2929 2978 multitudine
2979 2938 3111 2992 grex
3140 2921 3454 2978 abundans.
3486 2921 3601 2977 llu-

2003 3011 2246 3083 jusmodi
2296 3011 2430 3083 quid
2472 3012 2635 3069 etiam
2675 3014 2825 3069 circa
2864 3011 3157 3069 Dominum
3201 3013 3400 3071 Petrus
3464 3030 3600 3070 cono

2007 3102 2253 3173 Spicatus
2284 3104 2569 3175 respondit
2598 3104 2686 3161 bis
2712 3105 2931 3161 verbis:
2964 3104 3289 3177 Prwceptor,
3331 3108 3498 3163 turba:
3554 3117 3601 3163 te

2009 3198 2372 3268 comprimunt
2399 3206 2449 3252 et
2476 3200 2810 3253 coarctant‘.
2834 3198 2951 3255 Hoc
2982 3199 3144 3271 plane
3171 3209 3278 3268 est,
3307 3210 3365 3256 ut
3396 3201 3599 3256 alicubi

2006 3291 2186 3363 inquit
2222 3292 2447 3348 divinus
2487 3291 2806 3363 Apostolus,
2842 3293 3041 3364 premi,
3072 3300 3127 3349 et
3160 3308 3274 3350 non
3305 3293 3362 3349 in
3427 3310 3603 3367 angu-

2006 3383 2142 3441 stias
2167 3382 2358 3455 redigi.
2417 3383 2554 3439 Dum
2589 3385 2645 3439 in
2673 3384 2822 3440 omni
2851 3400 2930 3450 re,
2971 3384 3187 3456 inquit,
3222 3386 3516 3458 urgemini,
3547 3396 3610 3443 et

305 3474 440 3546 γάρ,
458 3474 614 3545 φησι,
639 3474 965 3544 θλιϐόμενοι,
984 3473 1099 3529 ἀλλ’
1129 3473 1192 3527 ού
1216 3474 1730 3546 στενοχωρούμενοι.
1762 3473 1903 3543 Ἐγὼ

2009 3474 2197 3529 nonin
2228 3475 2516 3549 angustias
2562 3475 2895 3546 redigimini.
2927 3474 3039 3547 Ego
3072 3489 3205 3531 vero
3259 3491 3424 3547 quam
3472 3493 3605 3548 pro-

305 3527 367 3618 δὲ
388 3527 533 3617 ⁵τ’ίναΙ
562 3527 1168 3637 ⁸ιέροχειρίσομαινλόγον
1199 3562 1294 3616 ἐπὶ
1329 3527 1424 3616 τέὖ
1452 3527 1903 3618 ἐδιοῖδτρυ

2013 3527 2016 3528 ν
2235 3527 2511 3549 μένητε-
2931 3527 3031 3547 νου-
3264 3527 3424 3547 γη---
3472 3527 3568 3548 ,π

2010 3581 2157 3620 mam
2196 3569 2501 3623 orationem
2529 3567 2586 3622 in
2607 3566 2880 3638 ejusmodi
2912 3575 3186 3623 conventu
3216 3568 3240 3622 ?
3272 3570 3397 3639 quis
3448 3568 3602 3626 dabit

305 3672 441 3725 7ou;
489 3654 585 3721 Τίς
613 3656 775 3711 δώσει
829 3673 921 3727 μοι
970 3654 1154 3726 φωνὴν
1206 3654 1506 3724 σάλπιγγος
1545 3654 1905 3727 ὑψηλοτέραν,

307 3750 452 3805 ὥστε
499 3750 848 3822 ὑπερηχῆσαι
896 3749 959 3804 τὸ
1003 3747 1231 3820 πλῆθος,
1275 3748 1370 3803 καὶ
1409 3750 1530 3813 ταῖς
1568 3748 1761 3812 ἀκοαῖς
1799 3747 1907 3802 τῶν

308 3841 743 3914 συνειλεγμένων
771 3841 1133 3898 ὲναποθέσθαι
1156 3844 1226 3895 τὰ
1257 3841 1510 3913 ῥήματα;
1545 3840 1688 3912 Πρὸς
1712 3839 1765 3894 τί
1796 3838 1907 3894 τῶν

305 3934 742 4005 ἀνεγνωσμένων
774 3933 980 4007 τρέψας
1000 3933 1240 4006 ἐμαυτοῦ
1262 3934 1361 4004 τὴν
1383 3933 1643 3999 διάνοιαν,
1671 3932 1906 4003 πρόσφο-

309 4047 404 4102 ρον
435 4028 647 4103 ὲξεύρω
676 4031 790 4094 τοῖς
832 4027 1071 4100 παροῦσι
1109 4028 1203 4083 τὸν
1246 4027 1442 4097 λόγον;
1494 4028 1667 4091 Πολὺς
1708 4027 1740 4079 6
1782 4024 1906 4081 Ἰὼϐ

306 4121 582 4176 παιδεύων
616 4122 697 4185 είς
720 4120 974 4193 ἀνδρείαν
1011 4120 1102 4177 τὸν
1126 4118 1240 4190 βίον
1268 4121 1384 4183 τοῖς
1411 4117 1535 4173 καθ’
1564 4117 1758 4173 ἑαυτὸν
1780 4117 1907 4171 ὑπο-

304 4213 590 4284 δείγμασι,
631 4210 799 4275 πολὺς
833 4213 863 4266 6
899 4209 1314 4283 Παροιμιαστὴς
1351 4211 1463 4274 τοῖς
1492 4207 1803 4280 αἰνίγμασι.
1838 4208 1904 4261 Τί

306 4305 354 4359 δ’
389 4303 457 4358 ἄν
483 4320 568 4367 τις
588 4303 734 4356 είποι
760 4302 892 4374 περὶ
916 4301 1011 4356 τοῦ
1038 4299 1182 4373 ίεροῦ
1231 4299 1574 4365 ’Λποστόλου,
1613 4298 1670 4365 ὃς
1700 4299 1766 4353 ὲκ
1802 4298 1904 4352 τῶν

307 4397 567 4469 ἀρῤήτων
601 4394 864 4466 ῥημάτων
906 4393 1131 4449 ἐκείνων
1162 4390 1200 4447 ἃ
1239 4392 1380 4463 ὑπὲρ
1423 4393 1522 4463 τὴν
1555 4388 1904 4461 ἀνθρωπίνην

306 4487 453 4542 εἷναί
478 4504 613 4559 φησι
640 4486 992 4557 κατανόησιν,
1018 4486 1160 4557 τάχα
1197 4484 1287 4540 διά
1319 4485 1420 4557 τῆς
1440 4482 1576 4555 πρὸς
1623 4482 1904 4552 Ἐφεσίους

303 4579 657 4643 διδασκαλίας
696 4579 792 4633 καὶ
838 4579 970 4649 ἡμῖν
1018 4577 1325 4649 ὑπελάλησε
1363 4577 1454 4631 τὸν
1504 4576 1820 4649 ἀπόρρητον
1846 4576 1903 4627 ὲν

304 4670 389 4740 τῷ
456 4669 679 4742 σταυρῷ
733 4670 927 4740 λόγον,
968 4670 1035 4724 δι’
1079 4671 1420 4741 αἰνιγμάτων
1478 4668 1899 4724 ἀνακαλύπτων.

304 4761 551 4818 Τοιαῦτα
570 4762 627 4818 δὲ
649 4762 815 4835 ἕτερα
835 4762 1018 4818 καὶτὰ
1036 4764 1102 4817 ὲκ
1126 4763 1226 4834 τῆς
1250 4760 1573 4833 ψαλμῳδίας
1600 4764 1900 4833 μυστήρια,

304 4854 637 4927 ἀνάμνησις,
672 4856 768 4909 καὶ
818 4855 1214 4927 στηλογραφία,
1249 4853 1345 4907 καὶ
1378 4853 1674 4925 ἑπιλήνιος.
1716 4853 1902 4909 Ταῦτα
1928 4889 1972 4947 C

302 4947 417 5018 γὰρ
457 4949 516 5002 ὲν
541 4950 663 5012 ταῖς
702 4949 1041 5020 ὲπιγραφαῐς
1075 4947 1184 5001 τῶν
1211 4945 1746 5017 ὑπαναγνωσθέντων
1773 4948 1903 5018 ἡμῖν

301 5040 542 5112 ψαλμῶν
572 5041 1028 5111 κατανοήσαντες,
1060 5040 1123 5093 οὐ
1161 5038 1367 5111 μικράν
1396 5038 1614 5111 ὁρῶμεν
1646 5040 1902 5112 ἀφορμὴν

298 5130 388 5201 τῷ
422 5129 566 5202 λόγῳ
600 5128 690 5183 διὰ
720 5129 827 5184 τῶν
866 5129 1207 5202 αἰνιγμάτων
1233 5130 1542 5203 διδομένην.
1586 5130 1725 5185 Ἀλλ’
1778 5131 1903 5202 ἐμοὶ

298 5220 370 5275 τὸ
406 5220 506 5292 μὲν
529 5222 644 5285 τοίς
672 5220 987 5291 εἰρημένοις
1010 5220 1338 5288 ἐπεξελθεῖν,
1361 5222 1619 5293 εῡκαιρον
1654 5218 1794 5277 εἶναι
1816 5222 1901 5276 δο-

300 5315 398 5369 κεῖ
424 5313 664 5387 δευτέρῳ
706 5313 1111 5384 ταμιεύσασθαι
1158 5313 1365 5386 χρόνῳ·
1401 5312 1681 5384 ἐπιθυμῶ·
1703 5314 1762 5367 δὲ
1798 5313 1899 5384 τῆς

296 5405 596 5479 παρούσης
633 5407 855 5480 χάριτος
897 5406 1209 5481 προσφοράν
1247 5424 1369 5461 τινα
1420 5407 1517 5461 καὶ
1563 5406 1899 5479 κατάλληλον

294 5499 550 5571 ἐξευρεῖν
572 5499 673 5572 τὴν
697 5502 905 5573 φωνήν.
937 5500 1035 5565 Τίς
1072 5497 1167 5555 οὖν
1211 5503 1362 5556 ἐστιν
1392 5499 1565 5571 αὗτη;
1598 5494 1730 5554 Οἶδά
1779 5515 1903 5554 τινα

387 5637 403 5669 ¹
428 5635 565 5692 Luc.
590 5650 710 5702 vm,
741 5634 834 5691 45.

363 5771 458 5842 (⁸)
496 5770 599 5829 Est
634 5777 819 5828 autem
849 5770 1178 5843 principium
1216 5738 1401 5843 potius
1425 5769 1693 5843 orationis
1724 5785 1752 5843 εΔ
1770 5782 1897 5822 nam

294 5840 435 5898 cum
472 5846 711 5899 tumultu
769 5840 1118 5911 ac—strepitu
1160 5841 1413 5896 certatim
1458 5840 1902 5911 cnnlluentisict

300 5929 436 5987 sese
475 5914 848 5985 constipantis
873 5914 929 5968 in
960 5910 1595 5993 temploumultitudinis
1647 5910 1899 5992 exaudiri

2010 3658 2144 3713 mibi
2176 3672 2364 3714 vocem
2395 3658 2523 3714 tuba
2558 3658 2849 3714 clariorem
2881 3666 2935 3715 et
2961 3660 3138 3730 magis
3192 3676 3453 3717 sonoram
3491 3698 3505 3726 ,
3538 3673 3599 3717 ut

2009 3750 2326 3808 resonantia
2388 3752 2688 3823 strepitum
2742 3752 3111 3810 multitudinis
3146 3763 3390 3825 superet,
3443 3763 3498 3812 et
3543 3758 3599 3811 iu

2009 3842 2239 3898 auribus
2277 3849 2736 3914 congregatorum
2769 3842 2935 3899 verba
2966 3844 3274 3899 recondat?
3316 3844 3383 3900 ad
3440 3844 3602 3915 quid—

2009 3951 2139 3993 nam
2172 3950 2365 3993 eorum
2396 3951 2517 4008 qua:
2558 3934 2841 4008 (publice)
2891 3938 3032 3993 lecta
3068 3947 3218 4003 sunt,
3244 3945 3427 3994 mente
3480 3954 3601 3993 mea

2006 4044 2276 4087 conversa
2305 4030 2472 4086 rebus
2513 4030 2883 4101 praesentibus
2926 4030 3345 4087 convenientem
3390 4039 3446 4087 et
3502 4046 3598 4087 ac-

2007 4121 2414 4180 commodatum
2453 4122 2780 4192 excogitabo
2806 4137 3116 4179 sermonem
3145 4123 3168 4177 ?
3197 4122 3428 4178 Multum
3458 4124 3605 4180 valet

2005 4213 2109 4270 Job
2135 4216 2192 4270 in
2230 4214 2570 4271 instituenda
2598 4215 2710 4269 vita
2742 4214 2811 4270 ad
2839 4214 3222 4271 fortitudinem
3251 4214 3369 4271 suis
3416 4230 3602 4271 exem—

2005 4305 2113 4377 plis
2136 4347 2152 4369 ,
2185 4307 2397 4361 multus
2445 4306 2500 4361 in
2547 4306 2857 4378 aenigmatis
2889 4313 2943 4363 et
2971 4306 3261 4362 verborum
3297 4306 3600 4363 involucris

2004 4395 2245 4466 scriptor
2290 4394 2733 4450 Prorerbiorum.
2769 4393 2912 4461 Quid
2943 4395 3071 4452 item
3103 4394 3171 4451 de
3227 4410 3388 4453 sacro
3454 4397 3599 4467 Apo-

2006 4488 2150 4545 stolo
2185 4487 2390 4543 dixerit
2434 4486 2681 4556 aliquis?
2718 4486 2820 4553 Qui
2873 4501 2942 4542 ex
2971 4486 3192 4543 arcanis
3255 4487 3366 4546 illis
3416 4488 3601 4544 verbis

2004 4595 2126 4652 quae
2154 4594 2323 4651 supra
2354 4588 2574 4649 captum
2623 4587 2678 4635 et
2721 4579 3062 4636 intellectum
3117 4580 3418 4635 bumanum
3473 4596 3598 4637 esse

2004 4673 2115 4741 ait,
2155 4672 2395 4730 fortasse
2423 4686 2522 4743 per
2569 4673 2906 4740 doctrinam,
2970 4687 3080 4745 qua
3139 4673 3379 4729 instituit
3422 4670 3600 4743 Ephe-

2005 4765 2144 4831 sios,
2183 4766 2351 4821 etiam
2415 4764 2577 4821 nobis
2617 4766 2867 4839 suggerit
2907 4781 3174 4821 arcanum
3209 4766 3267 4821 in
3302 4779 3468 4821 cruce
3505 4780 3603 4836 per

2004 4859 2297 4931 aenigmata
2338 4867 2503 4929 atque
2532 4858 2822 4915 involucra
2867 4859 3162 4916 verborum
3193 4858 3455 4930 detegens
3485 4872 3602 4913 ser-

2011 4966 2255 5007 monem.
2308 4949 2640 5021 llujusmodi
2690 4951 2820 5008 item
2861 4951 2969 5007 alia
3024 4951 3341 5022 psalmodize
3381 4964 3603 5021 quoque

2012 5046 2301 5119 mysteria,
2362 5044 2672 5102 recordatio
2703 5084 2720 5111 ,
2775 5053 2833 5101 et
2883 5045 3026 5100 tituli
3066 5042 3383 5114 inscriptio,
3421 5052 3475 5099 et
3531 5044 3602 5098 ad

2010 5138 2315 5194 toreularia
2385 5137 2661 5194 celebrata
2721 5137 2927 5193 cantio.
2972 5133 3071 5192 His
3114 5136 3261 5191 enim
3297 5135 3353 5190 in
3397 5134 3599 5191 inscri-

2008 5231 2289 5302 ptionibus
2338 5232 2683 5301 psalmorum
2709 5268 2726 5296 ,
2766 5229 2861 5301 qui
2917 5228 3080 5285 nobis
3134 5227 3377 5297 praelecti
3427 5237 3554 5283 sunt
3580 5270 3595 5292 ,

2006 5322 2444 5391 animadversis,
2498 5322 2645 5378 haud
2707 5335 2935 5392 parvam
2998 5321 3250 5377 videmus
3328 5336 3426 5391 per
3480 5321 3601 5391 ipsa

2006 5416 2298 5488 aenigmata
2368 5424 2534 5487 atque
2597 5414 2885 5471 involucra
2959 5414 3256 5470 verborum
3316 5414 3601 5470 materiem

2009 5507 2130 5564 dari
2187 5506 2448 5564 orationi.
2509 5505 2619 5564 Sed
2657 5505 2792 5563 mibi
2873 5506 3096 5578 quidem
3135 5508 3489 5566 commodum
3520 5510 3603 5565 vi.

2009 5777 2442 5844 praeterquama
2479 5772 2735 5844 proxime,
2753 5772 3102 5829 adstantibus
3146 5787 3254 5828 non
3295 5785 3504 5844 posset,
3543 5775 3598 5828 in

2009 5851 2293 5967 pgsterutm
2356 5841 2502 5897 diem
2535 5858 2649 5898 rem
2686 5843 2939 5910 distulit,
2974 5852 3031 5899 et
3058 5841 3309 5918 proxima
3347 5847 3599 5900 oratione

2010 5926 2040 5965 a
2084 5927 2144 5969 so
2170 5928 2219 5966 vr
2251 5951 2264 5965 .
