3938 6428
421 452 517 509 ’ῙΞΙ

1659 440 1716 496 S.
1759 432 2088 495 GBEGORII
2129 434 2424 489 NYSSENI

3574 439 3667 495 751

418 572 601 635 detur,
662 579 724 626 ut
770 566 1194 638 explicationem
1249 577 1442 623 eorum
1489 577 1612 633 qua:
1664 561 1811 617 dicta
1887 566 2013 614 sunt

2119 558 2282 628 νόμον
2313 558 2410 629 τῆς
2452 557 2664 627 φύσεως
2704 559 2853 624 ἴδιον,
2899 560 3088 624 αὑταῖς
3136 562 3254 623 ταῖς
3302 559 3465 624 θείαις
3500 561 3668 629 πλαξὶν

419 663 471 716 iu
512 661 745 717 alterum
780 669 995 728 tempus
1054 658 1373 729 rejiciamus
1402 675 1415 711 :
1444 657 1604 726 cupio
1650 663 1832 710 autem
1880 667 2018 721 pra:-

418 752 562 808 seuti
589 750 875 808 festivitati
907 750 1322 805 convenientem
1350 755 1408 803 et
1439 742 1907 801 accommodatam
1926 741 2018 794 ali-

418 858 584 911 quam
614 856 805 898 vocem
837 842 1171 911 excogitare.
1227 838 1361 906 Quae
1394 838 1559 907 igitur
1587 832 1849 892 estbaae?
1878 831 2016 888 Novi

417 933 714 1000 quamdam
744 934 916 1005 legem
947 944 1152 988 naturae
1188 930 1488 1003 propriam,
1525 929 1659 1000 ipsis
1685 928 1891 984 divinis
1939 936 2020 981 ta-

419 1023 566 1082 bulis
592 1025 923 1095 insculptam
959 1041 988 1077 a
1013 1024 1295 1079 conditore
1326 1022 1461 1093 legis
1491 1030 1705 1075 naturae
1724 1058 1739 1081 ,
1764 1032 1887 1089 qua;
1937 1016 2021 1087 ju-

420 1117 512 1173 bet
539 1124 599 1172 ut
628 1117 886 1172 omnibus
933 1115 1093 1169 bonis
1128 1124 1184 1169 et
1218 1112 1409 1168 ol'liciis
1431 1152 1446 1177 ,
1495 1125 1840 1182 quaecunque
1889 1124 2022 1179 pra:-

356 1208 369 1228 ⁴
420 1210 559 1264 stari
588 1208 822 1280 possint.
849 1205 1115 1262 beneﬁcia
1168 1212 1458 1276 parentum
1503 1218 1730 1260 suorum
1785 1201 2022 1279 quisque

421 1309 758 1374 compensct.
779 1299 1022 1363 Honora,
1046 1298 1245 1369 inquit,
1273 1306 1481 1367 patrem
1508 1305 1656 1348 tuum
1693 1307 1745 1348 et
1796 1302 2020 1346 matrem

423 1407 568 1450 tuam
588 1411 607 1449 :
629 1392 769 1465 quod
795 1403 873 1448 est
898 1392 1214 1447 mandatum
1235 1392 1465 1457 primum
1485 1391 1537 1442 in
1555 1384 2018 1457 promissionibus,

420 1498 479 1541 ut
494 1488 589 1541 tibi
606 1488 729 1540 bene
755 1485 824 1539 sit
842 1488 883 1541 '.
912 1484 1068 1552 Quod
1096 1485 1141 1538 si
1161 1485 1398 1553 primum
1423 1482 1623 1546 locum,
1654 1479 1798 1550 quod
1828 1476 2023 1532 attinet

420 1578 487 1632 ad
506 1577 949 1649 promissionem,
976 1576 1185 1635 obtinet
1206 1575 1451 1642 hrclex,
1472 1581 1526 1628 et
1548 1570 1827 1628 exsecutio
1855 1569 2022 1638 lmjus

420 1669 706 1739 proprium
760 1670 976 1724 lucrum
1041 1666 1319 1723 servantis
1364 1680 1482 1721 eam
1534 1664 1753 1719 exsistit
1806 1664 2023 1731 (honor

421 1757 569 1811 enim
619 1758 944 1827 parentibus
1005 1757 1228 1812 habitus
1284 1754 1580 1809 revertitur
1626 1752 1697 1807 ad
1741 1767 1866 1807 eum
1921 1752 2017 1821 qui

424 1852 595 1920 legem
628 1849 1006 1919 impleverit),
1050 1848 1197 1901 haud
1231 1846 1469 1901 alienum
1523 1844 1708 1909 fuerit,
1749 1858 2021 1913 quemque

424 1939 709 1995 cordatum
740 1940 960 2011 quidem
990 1948 1144 1996 certe
1178 1939 1245 1995 ad
1292 1939 1435 1993 hanc
1459 1939 1629 2010 legem
1661 1979 1673 2004 ,
1707 1938 1867 2007 cujus
1894 1937 2020 1992 ﬂuis

424 2027 750 2089 beneﬁcium
773 2038 828 2083 et
859 2030 1034 2099 gratia
1055 2029 1177 2099 ejus
1204 2026 1299 2098 qui
1341 2042 1462 2083 eam
1495 2033 1790 2081 exsecutus
1821 2024 2017 2091 fuerit,

420 2122 660 2189 exsistit,
709 2122 1007 2190 respicere,
1060 2134 1295 2190 eamque
1337 2117 1654 2174 observare.
1694 2116 1772 2170 Ac
1834 2116 2020 2172 carnis

420 2213 641 2284 quidem
678 2221 882 2269 nostrae
923 2219 1179 2282 parentes
1227 2211 1373 2266 aetati
1416 2210 1710 2279 sutejuxta
1775 2207 2020 2264 destina-

424 2314 538 2359 tum
571 2305 675 2361 sibi
703 2305 773 2360 ab
800 2304 958 2359 initio
994 2311 1212 2373 tempus
1237 2301 1553 2358 ministerio
1589 2301 1833 2371 praestita
1864 2341 1881 2369 ,
1914 2299 2018 2355 ho-

424 2396 579 2453 noris
610 2397 784 2452 nostri
803 2396 985 2452 debito
1014 2394 1192 2451 olIicio
1222 2410 1330 2449 non
1357 2394 1592 2465 amplius
1618 2409 1757 2464 opus
1779 2394 2017 2459 habent,

423 2504 551 2563 cum
601 2489 932 2559 jampridem
964 2486 1369 2542 excesserinte
1411 2486 1546 2552 vita,
1592 2486 1730 2540 adeo
1787 2491 1849 2540 ut
1909 2501 2019 2538 non

424 2578 773 2636 exstantibus
803 2579 871 2636 iis
901 2580 992 2651 qui
1035 2577 1361 2633 beneﬁcium
1407 2576 1719 2646 accipiant,
1746 2576 2019 2647 ejusmodi

424 2672 508 2726 lex
543 2671 761 2741 impleri
790 2686 899 2726 non
934 2670 1130 2741 possit.
1156 2668 1269 2725 Lex
1299 2684 1429 2725 vero
1445 2669 1602 2740 jubet
1644 2683 1747 2725 nos
1777 2669 1831 2722 in
1854 2682 2019 2738 opere

422 2770 713 2820 versantes
740 2762 1007 2834 consequi
1037 2761 1482 2834 promissionem.
1516 2759 1704 2833 Neque
1737 2762 1885 2817 enim
1923 2764 2020 2818 [ie-

431 2856 477 2909 ri
533 2860 717 2925 potest
747 2861 808 2910 ut
839 2862 1125 2909 cessantes
1175 2851 1229 2906 in
1271 2865 1437 2923 opere
1483 2850 1822 2907 versantium
1855 2866 2019 2921 ιρι-ιε-

426 2946 533 2999 mia
557 2945 861 3000 obtineant.
882 2943 1025 3011 Quid
1060 2944 1227 3015 igitur
1253 2957 1414 3015 agere
1438 2949 1674 3014 oportet,
1698 2943 2016 3013 parentibus

426 3050 535 3089 non
566 3034 934 3098 exstantibus,
965 3048 1089 3089 eum
1116 3035 1210 3104 qui
1244 3041 1298 3089 et
1325 3033 1753 3104 promissionem
1795 3033 2016 3103 assequi

424 3127 633 3198 cupiat,
668 3134 723 3182 et
760 3125 1029 3181 rationem
1051 3127 1364 3196 excogitare
1405 3140 1513 3179 non
1549 3126 1747 3194 possit,
1780 3141 1889 3196 qua
1923 3141 2015 3181 ra-

426 3219 575 3275 tione
610 3217 665 3274 id
694 3218 839 3290 quod
871 3218 1080 3289 expetit
1105 3259 1121 3283 ,
1161 3217 1409 3274 obtineat
1434 3216 1458 3272 ?
1484 3215 1745 3272 Profecto
1794 3219 2015 3273 solvunt
2042 3246 2084 3303 ο

427 3308 589 3364 nobis
628 3324 855 3381 prorsus
902 3309 1045 3365 hanc
1100 3309 1515 3380 perplexitatem
1554 3322 1618 3363 ea
1659 3322 1781 3379 quae
1835 3310 2015 3366 oculis

425 3399 676 3468 exposita
716 3405 867 3453 sunt.
903 3395 1016 3453 Vos
1057 3399 1203 3453 enim
1232 3413 1359 3453 cum
1390 3396 1549 3452 video
1581 3436 1597 3463 ,
1646 3398 1828 3455 nullos
1873 3397 2015 3454 alios

425 3505 566 3561 opus
597 3491 771 3547 habeo
800 3489 1081 3560 inquirere
1115 3497 1394 3560 parentes.
1425 3487 1538 3545 Vos
1567 3491 1713 3545 enim
1751 3492 1888 3547 estis
1916 3506 2012 3561 pa-

422 3590 539 3638 tres
571 3581 699 3648 mei,
733 3583 826 3653 qui
866 3583 1033 3639 etiam
1093 3581 1340 3653 ipsorum
1380 3581 1514 3637 mihi
1552 3591 1770 3653 patrum
1804 3591 2009 3653 patres.

427 3673 618 3729 Patria
680 3676 828 3730 enim
874 3682 1206 3746 parentum,
1249 3674 1305 3729 in
1335 3689 1395 3731 se
1427 3676 1677 3730 continet
1710 3677 1876 3731 etiam
1912 3690 2012 3746 pa-

425 3773 643 3822 rentum
671 3766 1017 3836 dignitatem.
1044 3766 1163 3833 Quo
1198 3767 1370 3839 igitur
1403 3765 1551 3822 facto
1583 3767 1756 3838 legem
1789 3767 2017 3823 honoris

424 3859 584 3913 vobis
633 3858 983 3927 implebimus
1019 3859 1043 3913 ἲ
1081 3858 1285 3914 Gratus
1338 3859 1483 3914 enim
1525 3860 1761 3929 quilibet
1799 3868 1854 3915 et
1892 3859 2018 3930 pius

429 3949 574 4004 Illius
629 3949 856 4005 senilem
894 3949 1070 4021 patris
1105 3957 1322 4005 aztatem
1354 3948 1473 4005 suis
1502 3948 1696 4005 olliciis
1762 3965 2018 4006 recreans

425 4046 481 4095 et
517 4039 876 4105 refocillans,
924 4047 1200 4096 sustentat
1248 4050 1415 4109 atque
1467 4039 1760 4094 continuat
1819 4040 2013 4095 vitium

425 4129 848 4196 imbecillitatis,
882 4131 1024 4202 ipse.
1058 4129 1201 4201 patri
1235 4130 1482 4185 omnium
1526 4133 1700 4184 vicem
1728 4139 2013 4199 praestans.

429 4222 584 4280 Unde
619 4224 1130 4294 rejuvenescentem
1168 4224 1224 4278 in
1250 4221 1363 4277 ﬁlio
1403 4230 1614 4293 patrem
1640 4222 1816 4278 videri
1869 4223 2012 4278 licet.

426 4316 506 4370 Ac
531 4330 932 4386 nonnunquam
989 4315 1154 4376 etiam
1200 4329 1395 4370 manus
1432 4313 1623 4371 senilis
1658 4329 1724 4370 ac
1780 4317 2016 4371 tremula

422 4405 732 4475 juventutis
761 4408 953 4478 vigore
988 4421 1051 4462 ac
1101 4405 1303 4462 robore
1336 4422 1397 4462 se
1429 4405 1683 4463 reﬁciens
1714 4415 1769 4463 et
1797 4406 2016 4463 refocil-

2118 647 2558 717 ἐντετυπωμένον
2592 648 2741 719 παρὰ
2766 647 2862 703 τοῦ
2898 649 3188 719 νομοθέτου
3222 649 3323 718 τῆς
3358 647 3590 717 φύσεως·
3620 650 3671 713 ὃς

2121 738 2302 790 πᾶσαν
2344 736 2556 809 ἀγαθὴν
2587 739 2821 810 ἀμοιϐὴν
2846 742 2957 803 τοῖς
3006 738 3159 803 ἰδίοις
3192 739 3432 808 γονεῦσιν
3463 741 3675 794 ἐκτιννύ-

2119 844 2208 882 ναι
2260 828 2490 894 κελεύει,
2541 829 2673 901 ὅσην
2714 830 2780 884 ἂν
2821 833 2854 901 ἡ
2897 830 3126 901 δύναμις
3160 831 3335 902 φέρει.
3388 832 3522 900 Τίμα
3558 832 3676 904 γὰρ,

2122 921 2276 990 φησὶ,
2309 920 2416 974 τὸν
2448 920 2675 989 πατέρα
2708 936 2826 976 σου
2863 923 2961 977 καὶ
2996 922 3111 990 τὴν
3145 922 3371 992 μητέρα
3406 938 3538 988 σου,
3563 923 3674 992 ἣτις

2119 1008 2291 1062 ἐστὶν
2326 1009 2547 1076 ἐντολὴ
2588 1010 2786 1077 πρώτη
2813 1011 2884 1064 ἐν
2921 1011 3325 1081 ἐπαγγελίαις,
3357 1012 3456 1065 ira
3494 1007 3559 1067 εὖ
3593 1030 3678 1065 tm

2121 1101 2382 1172 γένηται.
2416 1102 2477 1154 Ei
2506 1101 2563 1154 δὲ
2589 1103 2859 1172 πρωτεύει
2885 1104 3007 1156 κατ’
3034 1101 3366 1170 ἐπαγγελίαν
3388 1096 3535 1166 οὗτος
3558 1104 3584 1154 ό
3605 1103 3679 1155 νό-

2126 1212 2249 1266 μος,
2283 1197 2375 1249 καὶ
2404 1196 2465 1249 τὸ
2500 1196 2832 1268 κατόρθωμα
2871 1198 3062 1251 τούτου
3104 1198 3235 1251 ἴδιον
3263 1197 3450 1269 κέρδος
3470 1196 3554 1251 τοῦ
3589 1216 3679 1268 φυ-

2122 1285 2415 1350 λάσσοντος
2464 1286 2671 1355 γίνεται
2726 1288 3152 1359 (ἐπαναστρέφει
3204 1288 3313 1360 γάρ
3359 1289 3392 1358 ἡ
3449 1290 3524 1351 είς
3570 1287 3680 1351 τοὺς

2122 1378 2318 1445 γονέας
2346 1377 2485 1449 τιμὴ
2514 1379 2594 1443 είς
2613 1378 2704 1431 τὸν
2734 1378 3134 1450 πεπληρωκότα
3160 1379 3251 1432 τὸν
3280 1378 3481 1449 νόμον)’
3521 1377 3681 1441 καλῶς

2124 1467 2190 1522 ἂν
2223 1468 2335 1539 ἔχοι
2383 1469 2558 1523 πάντα
2590 1470 2681 1523 τόν
2710 1487 2774 1540 γε
2806 1469 2928 1523 νοῦν
2960 1469 3153 1538 ἔχοντα
3181 1469 3317 1541 πρὸς
3353 1469 3547 1540 ταύτην
3576 1468 3675 1538 βλέ·

2123 1578 2247 1615 πειν
2287 1562 2387 1631 τὴν
2412 1560 2652 1634 ἐντολὴν,
2679 1557 2745 1633 ἦς
2789 1562 2852 1615 τὸ
2890 1562 3062 1634 πέρας
3103 1562 3396 1633 εὐεργεσία
3425 1561 3515 1615 καὶ
3543 1562 3682 1632 χάρις

2122 1653 2216 1707 τοῦ
2249 1656 2573 1726 ποιήσαντος
2596 1655 2827 1722 γίνεται.
2851 1657 2914 1707 Oi.
2939 1655 3041 1723 μὲν
3068 1649 3162 1707 οὖν
3194 1654 3294 1725 τῆς
3327 1655 3523 1726 σαρκὸς
3542 1657 3573 1723 ἡ
3584 1653 3682 1723 μῶν
3720 1680 3725 1687 ·

2124 1747 2380 1817 πατέρες,
2408 1750 2473 1819 τῇ
2502 1746 2624 1801 καθ’
2662 1748 2888 1810 ἑαυτοὺς
2932 1750 3095 1819 γενεᾷ
3134 1748 3277 1802 κατά
3312 1747 3405 1801 τὸν
3443 1747 3501 1812 ἐξ
3530 1747 3683 1819 ἀρχῆς

2124 1837 2306 1900 αὐτοῖς
2356 1837 2716 1908 ἀφορισθέντα
2742 1838 2931 1909 χρόνον
2983 1838 3446 1910 ὑπηρετήσαντες,
3498 1839 3683 1909 ἀπροσ-

2051 1905 2094 1961 B
2123 1925 2261 1988 δεεῖς
2302 1905 2412 1980 eiet
2589 1905 2865 2000 ἡμετέρας
2899 1905 3228 1999 τιμῆςίέξων
3259 1929 3354 1983 τοῦ
3386 1928 3497 2000 βίου
3538 1905 3684 1982 παλαι

2123 2018 2426 2088 γενόμενοι,
2467 2019 2543 2083 ὡς
2573 2020 2648 2090 μὴ
2675 2020 2899 2074 δυνατὸν
2930 2016 3065 2075 εἶναι
3104 2020 3196 2074 τὸν
3220 2021 3463 2075 τοιοῦτον
3490 2022 3684 2092 πληρῶ-

2123 2126 2212 2164 σαι
2250 2108 2438 2180 νόμον,
2489 2111 2598 2164 τῶν
2641 2112 3053 2184 ὑποδεχομένων
3081 2113 3180 2183 τὴν
3218 2114 3466 2169 εὐποιίαν
3494 2115 3586 2167 οὐκ
3607 2115 3681 2166 δν-

2120 2218 2249 2257 των.
2293 2201 2351 2254 Ὀ
2371 2202 2429 2255 δὲ
2456 2202 2619 2274 νόμος
2648 2203 3003 2274 ἐνεργοῦντας
3032 2207 3180 2277 ἡμᾶς
3210 2207 3580 2277 ἐπιτυγχάνειν
3599 2207 3683 2274 τῆς

2120 2295 2452 2364 ἐπαγγελίας
2484 2296 2716 2350 κελεύει.
2755 2297 2891 2350 υὺδέ
2928 2297 3037 2369 γάρ
3067 2297 3291 2351 δυνατὸν
3318 2298 3444 2363 τοὺς
3481 2295 3686 2369 ἀργοῦν-

2119 2404 2218 2452 τας
2259 2387 2403 2458 ἐχειν
2434 2387 2545 2441 τῶν
2590 2386 2956 2459 ἐνεργούντων
2988 2389 3059 2441 τὰ
3105 2388 3341 2444 ἔπαθλα.
3374 2389 3439 2443 Τί
3477 2385 3563 2444 οὖν
3592 2388 3683 2459 χρὴ

2119 2480 2405 2550 πράττειν,
2443 2479 2554 2533 τῶν
2584 2480 2787 2548 γονέων
2818 2479 2919 2533 οὐκ
2950 2479 3141 2543 ὄντων,
3172 2480 3266 2535 τὸν
3295 2482 3390 2535 καὶ
3413 2484 3509 2553 τῆς
3536 2482 3686 2548 ἐπαγ-

2120 2569 2308 2638 γελίας
2334 2569 2568 2640 ἐρῶντα,
2592 2569 2685 2622 καὶ
2709 2569 2857 2632 ὅπως
2878 2568 2944 2622 ἂν
2964 2570 3102 2641 τύχῃ
3124 2573 3223 2641 τῆς
3249 2572 3484 2642 σπουδῆς
3506 2570 3685 2640 ταύτης

2120 2661 2515 2726 ἀδυνατοῦντα;
2549 2660 2659 2714 Ναὶ
2694 2659 2810 2713 λύει
2846 2660 3063 2725 πάντως
3100 2662 3200 2733 τὴν
3240 2663 3546 2735 ἀμηχανίαν
3570 2661 3685 2716 ταύ-

2118 2768 2216 2822 την
2241 2755 2370 2824 ἡμῖν
2389 2752 2458 2806 τὰ
2473 2751 2745 2823 ὁρώμενα.
2776 2752 2952 2821 ’Υμᾶς
2973 2754 3081 2825 γὰρ
3100 2753 3334 2824 βλέπων,
3352 2755 3501 2809 οὐδὲν
3520 2754 3686 2824 δέομαι

2118 2848 2362 2918 πατέρας
2391 2846 2584 2911 ἄλλους
2607 2846 3087 2919 περιεργάζεσθαι.
3106 2847 3301 2919 Ὑμεῖς
3330 2849 3437 2922 γὰρ
3456 2850 3572 2902 ἐστέ
3600 2865 3684 2919 μου

2119 2938 2377 3009 πατέρες,
2408 2940 2458 2991 οἱ
2492 2938 2587 2991 καὶ
2615 2938 2794 2991 αὐτῶν
2822 2955 2912 3009 μοι
2938 2939 3045 2992 τῶν
3069 2941 3327 3012 πατέρων
3357 2940 3597 3013 πατέρες.
3631 2938 3683 2991 Ἦ

2118 3030 2228 3102 γὰρ
2254 3030 2455 3102 πατρὶς
2486 3029 2595 3083 τῶν
2621 3029 3041 3101 γεννησαμένων
3070 3030 3127 3083 ἐν
3154 3034 3324 3103 ἑαυτῇ
3357 3033 3586 3104 περιέχει
3608 3031 3687 3084 καὶ

2116 3121 2178 3175 τὸ
2207 3119 2317 3174 τῶν
2346 3120 2756 3192 γεγεννηκότων
2782 3121 3019 3191 ἀξίωμα.
3057 3121 3122 3175 Τί
3145 3117 3239 3175 οὖν
3274 3126 3589 3196 ποιήσαντες
3610 3124 3686 3177 τὸν

2116 3213 2216 3283 τῆς
2243 3213 2408 3285 τιμῆς
2449 3213 2579 3284 ὑμῖν
2623 3214 2788 3285 νόμον
2834 3213 3356 3287 ἀποπληρώσομεν;
3407 3218 3687 3289 Εὑγνώμων

2121 3305 2220 3377 μὲν
2250 3305 2358 3376 γάρ
2386 3321 2470 3369 τις
2516 3308 2648 3369 παῖς
2699 3305 2793 3360 καὶ
2839 3305 3213 3377 φιλόστοργος,
3258 3308 3321 3362 τὸ
3345 3308 3566 3382 γηραιόν
3606 3307 3686 3377 τῆς

2115 3394 2211 3447 τοῦ
2243 3393 2449 3465 πατρὸς
2484 3392 2698 3464 ἡλικίας
2737 3393 2826 3448 διὰ
2855 3394 2955 3463 τῆς
3002 3396 3133 3466 παρ’
3176 3394 3375 3449 ἐαυτοῦ
3423 3395 3686 3467 θεραπείας

2117 3486 2534 3557 ἀνανεούμενος,
2589 3486 2865 3556 ὑπερείδειι
2912 3485 2974 3539 τὸ
3018 3485 3219 3557 σαθρὸν
3263 3488 3365 3559 τῆς
3411 3485 3684 3547 ἀσθενείας,

2119 3575 2283 3640 αὐτὸς
2335 3575 2414 3646 τῷ
2469 3575 2639 3647 πατρὶ
2672 3576 2741 3629 τὰ
2785 3575 2967 3631 πάντα.
3008 3576 3325 3646 γενόμενος.
3358 3577 3516 3631 Ὅθεν
3558 3575 3683 3627 ἔστιν

2122 3669 2251 3722 ίδεῖν
2274 3666 2654 3738 ἀντιϐάσκοντα
2699 3667 2757 3721 ἐν
2788 3666 2865 3738 τῷ
2895 3668 3046 3721 παιδὶ
3075 3667 3167 3721 τὸν
3199 3669 3432 3740 πατέρα.
3465 3666 3566 3722 Καί
3595 3682 3682 3718 που

2119 3759 2215 3812 καὶ
2238 3758 2361 3829 χείρ
2392 3757 2733 3829 πρεσϐυτικὴ
2758 3760 2852 3812 καὶ
2882 3758 3213 3831 ὑπότρομος,
3245 3760 3326 3831 τῷ
3351 3758 3582 3829 σθεναρῷ
3602 3758 3683 3826 τῆς

2119 3850 2374 3922 νεότητος
2405 3849 2606 3922 ἑαυτὴν
2639 3851 3015 3915 ἀναπαύουσα,
3054 3852 3429 3924 ἐκκαρποῦται
3467 3851 3556 3906 τοῦ
3580 3850 3680 3905 νέου

2118 3941 2218 4013 τὴν
2243 3940 2493 4012 δύναμιν,
2527 3942 2623 3995 καὶ⁹
2648 3943 2680 4013 ή
2707 3941 2815 3997 τῶν
2842 3943 3019 3998 ποδῶν
3058 3945 3276 4016 κίνησις
3305 3946 3403 4016 ἤδη
3430 3948 3491 4016 τῇ
3526 3941 3683 4015 pinv/a-

2118 4052 2242 4106 τητι
2273 4035 2379 4088 τῶν
2428 4033 2606 4105 μελῶν
2648 4034 3046 4103 ἐποκλάζουσα,
3091 4038 3317 4110 ἐνεργὸς
3348 4038 3435 4092 διὰ
3470 4038 3564 4107 τῆς
3602 4032 3681 4088 τοῦ

2117 4129 2311 4181 τέκνου
2336 4127 2572 4198 σπουδῆς
2595 4128 2826 4196 γίνεται,
2851 4129 3232 4200 ὐπορθουμένη
3253 4130 3335 4203 τῷ
3357 4128 3683 4200 ὑπερείδοντιο

2080 4238 2093 4245 ί
2118 4222 2239 4276 Κᾶν
2272 4220 2576 4292 ἀμαυρωθῇ
2607 4220 2694 4274 διά
2726 4219 2817 4273 τὸν
2856 4221 3046 4291 χρόνον
3077 4223 3110 4292 ἡ
3139 4222 3283 4292 δ’ζιις,
3316 4224 3475 4277 πάλιν
3500 4219 3581 4275 διὰ
3601 4214 3680 4270 τοῦ

2119 4313 2311 4378 παιδὸς
2338 4315 2366 4368 ό
2403 4312 2719 4385 πρεσϐύτης
2755 4313 3051 4386 ὀξυδερκὴς
3086 4316 3321 4385 γίνεται,
3354 4316 3487 4387 πρὸς
3512 4313 3574 4367 τὰ
3597 4309 3680 4378 τῆς

2119 4407 2266 4479 ζωῆς
2286 4408 2558 4478 ἀναγκαῖα
2580 4406 3110 4479 χειραγωγούμενος.
3141 4409 3335 4480 Ὑμεῖς
3352 4410 3409 4463 δὲ
3432 4411 3463 4480 ἡ
3485 4403 3676 4475 πατρὶς.

429 4497 585 4563 lans,
614 4498 829 4553 fructus
854 4514 922 4553 ex
967 4499 1180 4555 viribus
1218 4498 1439 4569 juvenis
1484 4499 1893 4568 quodammodo
1923 4515 2016 4556 ca-

2119 4502 2219 4572 ούχ
2243 4499 2417 4562 οὕτως
2444 4498 2595 4570 ἔχετε
2625 4497 2702 4562 ὡς
2725 4497 2932 4553 τούτων
2962 4499 3264 4554 ἐπιδεῖσθαι
3293 4517 3459 4565 τινος.

430 4591 620 4662 pit,-et
648 4600 832 4646 motus
863 4593 1100 4662 pedum,
1134 4593 1440 4648 incurvatis
1498 4593 1613 4664 jam
1671 4595 1941 4652 membris
2001 4599 2314 4659 labasccns,
2367 4593 2463 4649 lilii
2519 4593 2704 4650 studio
2750 4594 3114 4653 sullulcientis
3174 4597 3493 4653 sublevatus
3542 4606 3675 4649 suam

429 4684 626 4756 recipit
672 4683 969 4741 elﬁcaciam
1012 4694 1069 4742 et
1108 4686 1376 4757 vigorem.
1405 4686 1564 4754 Quod
1595 4689 1643 4745 si
1687 4697 1935 4764 tempore
1987 4696 2143 4750 visus
2179 4693 2511 4749 obscuratus
2564 4690 2659 4755 sit,
2714 4706 2813 4761 per
2853 4691 3023 4746 lilium
3069 4707 3237 4747 senex
3269 4732 3284 4756 ,
3337 4691 3464 4748 dum
3531 4704 3671 4745 mam:

437 4776 661 4831 ducitur
690 4774 756 4829 ad
791 4789 880 4830 res
915 4775 1040 4829 vitae
1074 4775 1449 4841 necessarias,
1488 4775 1640 4832 visus
1673 4791 1906 4836 acumen
1979 4782 2214 4852 recipit,
2281 4787 2335 4836 et
2388 4779 2679 4850 perspicax
2728 4779 2933 4837 evadit.
2986 4779 3097 4837 Vos
3136 4790 3322 4838 autem
3349 4822 3365 4849 ,
3414 4780 3503 4854 qui
3557 4773 3671 4831 mihi

429 4884 531 4941 pro
585 4871 763 4941 patria
800 4870 972 4934 estis,
1022 4884 1135 4923 non
1188 4868 1225 4923 ii
1274 4869 1408 4924 estis
1440 4871 1534 4940 qui
1587 4872 1770 4943 aliqua
1814 4874 2013 4932 harum
2044 4891 2237 4945 rerum
2268 4873 2601 4945 indigeatis..

497 4960 639 5030 Quid
670 4962 839 5032 igitur
876 4960 1130 5017 faciendo
1157 4961 1559 5020 benedictionis
1602 4966 1845 5021 mandati
1889 4967 2012 5023 fru-

427 5063 573 5109 ctum
608 5052 1020 5124 percipiemus?
1048 5049 1206 5118 Quod
1238 5051 1446 5107 donum
1473 5053 1632 5109 vobis
1671 5063 1888 5125 gratum
1929 5056 2014 5111 of-

427 5143 667 5201 feremus
683 5183 700 5209 ,
723 5160 851 5199 eum
882 5144 1092 5199 nullum
1114 5143 1319 5199 bonum
1350 5146 1505 5201 vobis
1530 5147 1674 5203 desit
1691 5148 1715 5202 2
1735 5146 1821 5204 An
1844 5150 2011 5205 etiam

428 5237 547 5309 ipsa
587 5238 839 5296 narratio
872 5237 1146 5293 bonorum
1203 5252 1329 5309 qua:
1368 5238 1529 5294 vobis
1579 5239 1817 5307 adsunt,
1850 5243 2015 5312 perti-

428 5338 556 5384 neat
593 5331 660 5383 ad
693 5330 937 5385 debitum
964 5330 1127 5387 vobis
1168 5331 1480 5387 honorem?
1524 5331 1762 5388 Proinde
1794 5340 2011 5404 tempus

432 5418 594 5475 fuerit
637 5423 1103 5478 cummemorandi
1147 5430 1281 5493 quot
1311 5433 1365 5479 et
1398 5424 1657 5493 qualibus
1702 5424 1866 5481 bonis
1896 5424 2007 5478 vita

428 5522 614 5567 vestra
636 5522 954 5569 exornetur.
981 5515 1098 5570 imo
1133 5528 1267 5571 vero
1291 5519 1400 5571 nan
1422 5529 1857 5572 commemorare
1877 5515 2009 5586 (mo-

428 5604 551 5675 do),
569 5618 756 5658 vcrmu
776 5606 941 5660 etiam
961 5604 1253 5661 ostendere
1270 5607 1417 5662 licet.
1435 5605 1688 5676 Nunquid
1712 5614 1894 5662 autem
1914 5622 2009 5677 pu-

427 5697 559 5756 tatis
580 5696 697 5751 haec
719 5699 1032 5754 communia
1055 5737 1071 5765 ,
1094 5713 1326 5769 quaeque
1358 5700 1413 5755 in
1442 5707 1704 5770 promptu
1733 5708 1865 5756 sunt
1886 5737 1902 5765 ,
1927 5699 2011 5756 di-
2048 5773 2056 5779 _

504 5860 525 5891 ³
549 5856 749 5928 Εριιοε.
784 5870 862 5923 vi,
886 5854 946 5913 2.

2193 4967 2260 5021 Τί
2292 4961 2386 5021 οὖν
2414 4966 2745 5037 πράττοντες
2771 4966 2870 5039 τὴν
2904 4966 3154 5035 εὐλογίαν
3183 4969 3283 5040 τῆς
3320 4970 3534 5041 ἐντολῆς
3561 4983 3672 5038 καρ·

2121 5056 2452 5129 πωσόμεθα;
2491 5056 2557 5109 Τί
2581 5054 2690 5108 τῶν
2723 5058 3136 5129 κεχαρισμένων
3169 5059 3301 5130 ὑμῖν
3327 5060 3674 5131 δωροφορήσοο

2124 5167 2245 5221 μεν,
2298 5146 2525 5219 μηδενὸς
2567 5145 2677 5200 τῶν
2716 5146 2940 5215 ἀγαθῶν
2990 5149 3117 5218 ὑμῖν
3160 5148 3463 5216 λείποντος;
3493 5149 3558 5201 'll
3593 5145 3671 5200 καὶ

2122 5239 2254 5295 αὐτὸ
2284 5238 2345 5292 τὸ
2389 5236 2751 5310 διηγήσασθαι
2799 5235 2872 5291 τὰ
2919 5239 3190 5309 προσόντα
3232 5240 3395 5305 καλά,
3437 5241 3588 5311 τιμῆς
3617 5238 3670 5288 ἂν

2118 5332 2205 5403 εἴη
2231 5330 2333 5401 τῆς
2364 5328 2817 5401 χρεωστουμένης
2857 5329 3014 5400 ύμῐνς
3049 5329 3259 5385 Οὐκοῦν
3299 5331 3487 5402 καιρὸς
3513 5330 3573 5383 ἂν
3596 5326 3666 5394 εἴη

2115 5424 2292 5478 ταῦτα
2316 5423 2517 5491 λέγειν,
2549 5422 2683 5485 οἵοις
2709 5422 2803 5474 καὶ
2832 5422 2979 5486 ὅσοις
3004 5424 3033 5476 ὁ
3062 5422 3324 5494 ὑμέτερος
3356 5423 3466 5493 βίος
3499 5417 3669 5490 ἐγκαλ-

2110 5515 2431 5581 λωπίζεται.
2460 5514 2676 5569 Μᾶλλον
2704 5514 2763 5567 δὲ
2787 5514 2910 5585 οὐχὶ
2936 5515 3133 5585 λέγειν,
3162 5515 3301 5570 ἀλλά
3323 5517 3415 5570 καὶ
3433 5510 3667 5569 δεικνύειν

2116 5607 2399 5679 πάρεστιν.
2426 5602 2505 5661 Ἦ
2533 5623 2635 5659 που
2660 5605 2717 5659 δὲ
2744 5606 2921 5660 οἴεσθε
2954 5608 3022 5661 τὰ
3054 5607 3206 5662 κοινά
3233 5608 3405 5662 ταῦτα
3433 5608 3519 5661 καὶ
3552 5601 3663 5673 πρό-

2118 5716 2277 5771 χειρα
2308 5698 2522 5768 λέγειν;
2549 5699 2657 5770 Γῆς
2695 5699 2974 5771 εὐφορίαν,
3010 5701 3102 5755 καὶ
3154 5700 3383 5770 καρπῶν
3417 5692 3663 5768 ἀφθονίανν
