3938 6432
276 389 386 447 753

1386 398 1457 452 ΙΝ
1495 398 2001 466 QUADRAGINTA
2060 399 2471 458 MARTYRBS.

3467 404 3566 460 735

276 506 373 557 καὶ
403 501 651 574 ποταμὸν
702 503 1013 575 διαιροῦντα
1039 506 1138 576 τὴν
1178 506 1423 578 οῐκησινς
1458 509 1682 563 Τουτονὶ
1731 510 1877 578 λέγω

2002 511 2151 568 renda
2173 528 2299 569 esse
2317 514 2340 566 ’ἰ
2361 512 2547 569 Terra
2577 512 2914 592 fertilitatem
2933 557 2947 582 ,
2971 526 3025 572 et
3049 514 3326 573 fiuctuum
3351 519 3566 588 c0piam

273 596 369 648 τὸν
401 594 481 667 τῷ
514 594 701 666 κύκλῳ
730 596 824 650 τοῦ
868 597 1051 652 πεδίου
1092 597 1155 652 τὸ
1197 598 1410 671 ῥεῖθρον
1455 601 1651 665 ἑαυτοῦ
1698 618 1870 655 κατα-

276 686 548 751 κλείοντα,
575 686 669 739 καὶ
690 687 883 758 λίμνην
902 689 1206 760 γινόμενον,
1230 689 1290 754 ὃς
1316 690 1412 745 καὶ
1434 691 1542 761 πρὸ
1562 691 1656 746 τοῦ
1678 692 1870 764 λιμνά-

280 778 397 841 ζειν
438 778 535 832 καὶ
582 777 724 848 μετὰ
758 778 917 833 τοῦτο
964 780 1103 851 πρὸς
1131 779 1230 851 τὴν
1267 781 1499 835 ἑκάστου
1544 782 1736 855 χ-ρείαν
1762 784 1870 839 τῶν

281 867 639 924 ἐνοικούντων
665 871 1018 942 τεμνόμενος,
1048 871 1186 943 ἄλση
1216 889 1276 925 τε
1306 872 1404 926 καλ⁸
1424 872 1695 945 λειμῶνας
1723 873 1873 947 φιλο-

288 959 489 1030 τεχνῶν
511 958 866 1033 διεξέρχεται,
914 961 1008 1015 καὶ
1037 962 1237 1033 μυρίας
1267 964 1496 1035 παρέχει
1523 967 1636 1028 τοῖς
1664 964 1877 1019 οἰκοῦσι

281 1050 385 1111 τὰς
414 1048 662 1119 χάριτας,
693 1052 831 1122 πρὸς
877 1053 1058 1105 πᾶσαν
1105 1051 1401 1123 ἐπιθυμίαν
1433 1053 1542 1107 τῶν
1575 1055 1875 1127 οἰκητόρων

283 1138 388 1209 τῆς
417 1140 624 1204 πόλεως
652 1141 843 1195 ἑαυτὸν
868 1141 1180 1214 διασχίζων.
1215 1144 1399 1198 ’Λλλοι
1427 1143 1605 1200 ταῦτα
1643 1145 1875 1214 λεγέτω-

287 1249 414 1299 σαν,
444 1228 527 1298 οἷς
552 1234 646 1288 καὶ
691 1235 721 1287 6
754 1234 909 1304 λόγος
956 1236 1222 1309 ὑπηρετεῖ
1264 1237 1403 1309 πρὸς
1443 1237 1537 1291 τὸν
1568 1237 1750 1306 δγκον,
1781 1237 1876 1292 καί

283 1340 412 1378 τινα
450 1324 605 1396 φέρει
635 1326 949 1398 φιλοτιμίαν
989 1330 1104 1391 τοῖς
1148 1331 1641 1401 γεγυμνασμένοις,
1672 1332 1737 1383 ἐκ
1767 1329 1877 1383 τῶν

285 1416 550 1473 τοιούτων
595 1417 776 1486 αὔξων
816 1425 882 1491 τῇ
921 1423 1142 1495 πατρίδι
1181 1423 1272 1478 τὸν
1310 1422 1554 1478 ἔπαινον.
1600 1424 1879 1494 Κοσμικδς

288 1510 348 1566 δέ
375 1529 456 1576 τις
483 1512 641 1583 ἀνὴρ,
667 1514 761 1566 καὶ
779 1516 845 1585 τῇ
879 1512 991 1585 ζωῇ
1011 1513 1189 1588 ταύτῃ
1209 1515 1276 1568 τὰ
1303 1514 1445 1569 καλὰ
1472 1514 1679 1588 κρίνειν
1700 1514 1878 1579 εἰδὼς,

292 1602 634 1673 προστιθέτω
675 1606 789 1667 τοῖς
828 1603 1092 1669 ἐπαίνοις,
1127 1606 1175 1658 εί
1223 1605 1391 1670 δοκεῖ,
1433 1605 1528 1658 καὶ
1567 1605 1659 1658 τὸν
1694 1603 1882 1677 ἕτερον

290 1693 404 1747 τῶν
453 1692 736 1765 ποταμῶν.
787 1694 987 1749 Τοῦτον
1030 1696 1173 1766 λέγω
1212 1697 1303 1750 τὸν
1334 1696 1575 1766 γείτονα,
1617 1697 1677 1761 ὃς
1706 1696 1797 1751 διὰ
1823 1697 1883 1749 τὸ

1971 612 2028 659 et
2060 602 2507 658 abundantiam?
2540 601 2690 659 ltem-
2712 618 2931 659 amnem
2954 644 2971 671 ,
3021 606 3118 676 qui
3158 606 3360 662 dividit
3410 606 3573 666 sedes

1974 704 2187 752 vestras
2203 695 2231 749 ?
2249 695 2408 752 Hunc
2428 695 2574 762 dico,
2597 695 2701 766 qui
2717 695 2928 751 circulo
2954 707 3119 768 atque
3144 698 3350 753 ambitu
3385 713 3568 768 camp:

1973 785 2235 842 ﬂuentum
2259 800 2421 842 suum
2450 786 2722 854 includit,
2745 795 2802 843 et
2823 788 2979 843 lacus
3003 789 3187 865 evadit
3212 808 3225 843 :
3250 790 3341 861 qui
3367 796 3420 845 et
3442 796 3571 843 ante

1973 885 2030 934 et
2056 886 2352 950 postquam
2400 886 2687 951 restagnet
2714 921 2733 946 ,
2761 879 2848 949 {ad
2893 879 3166 951 cujusque
3212 882 3569 943 incolentium

1974 985 2138 1026 usum
2165 970 2379 1026 divisus
2404 977 2461 1025 et
2488 985 2717 1026 nemora
2742 981 2797 1026 et
2831 980 2988 1043 prata
3012 973 3171 1044 quasi
3206 973 3273 1030 de
3299 974 3573 1031 industria

1974 1061 2219 1116 efficiens
2240 1100 2257 1124 ,
2285 1076 2510 1117 cursum
2547 1076 2708 1117 suum
2739 1064 2955 1134 peragit
2984 1071 3152 1136 atque
3180 1067 3423 1135 erumpit
3443 1104 3459 1128 .
3492 1065 3574 1120 in'

1978 1168 2318 1225 numeraque
2345 1153 2726 1210 habitantibus
2761 1167 3000 1211 munera
3024 1157 3306 1226 prwlier‘ct
3344 1160 3575 1214 amoeni-

1979 1252 2156 1309 tates,
2185 1244 2256 1300 ad
2295 1259 2517 1301 omnem
2564 1245 2924 1316 cupiditatem
2953 1255 3011 1302 et
3038 1247 3377 1303 desiderium
3412 1250 3572 1305 urbis

1980 1337 2286 1392 incolarum
2318 1352 2441 1393 sese
2467 1337 2722 1392 dividens
2753 1345 2813 1395 et
2840 1338 3121 1394 scindens.
3155 1340 3257 1393 Alii
3289 1340 3405 1395 haec
3430 1356 3577 1395 com-

1979 1438 2321 1494 memorent,
2352 1443 2589 1498 quorum
2623 1429 2791 1483 etiam
2827 1429 3007 1485 oratio
3039 1430 3104 1485 ad
3149 1432 3472 1502 gravitatem
3520 1442 3577 1487 et
3642 1462 3651 1471 I

1983 1519 2402 1590 amplitudinem
2424 1519 2851 1575 accommodata
2875 1528 2998 1585 est,
3042 1530 3208 1592 atque
3252 1523 3576 1580 exercitatis

1982 1611 2280 1682 quamdam
2334 1610 2490 1666 aﬂert
2545 1612 2861 1682 opinionem
2926 1614 3342 1684 magniﬁCentize
3411 1618 3577 1682 atque

1985 1700 2296 1771 splendoris
2316 1741 2331 1764 ,
2359 1702 2428 1756 ab
2453 1700 2730 1771 ejusmodi
2758 1703 2923 1759 rebus
2953 1706 3146 1775 patria:
3174 1706 3389 1761 laudem
3422 1723 3581 1780 exag-

295 1784 528 1855 μέγεθος
557 1788 671 1850 τοῖς
716 1787 1037 1858 ὀνομαστοῖς
1076 1786 1186 1841 τῶν
1228 1789 1371 1842 κατὰ
1410 1787 1510 1858 τὴν
1559 1787 1884 1857 οἰκουμένην

2002 1802 2183 1858 gerans
2206 1795 2263 1843 et
2289 1804 2516 1860 augens.
2542 1790 2850 1845 Mundanus
2877 1802 3062 1847 autem
3090 1796 3294 1865 aliquis
3318 1796 3423 1862 vir,
3451 1799 3579 1868 qui-

294 1877 560 1948 ποταμῶν
590 1878 903 1950 ἐναρίθμιος
937 1878 1033 1943 ὢν,
1061 1878 1172 1933 ἀπὸ
1213 1879 1315 1948 τῆς
1342 1879 1617 1951 ἡμετέρας
1643 1878 1882 1949 ἀρχόμε-

293 1985 387 2032 νος
428 1970 486 2022 ὲν
515 1969 691 2040 χρόνῳ
731 1970 1065 2041 παραμείόει
1105 1970 1202 2043 τὴν
1237 1971 1411 2035 πόλιν,
1441 1972 1503 2024 οὐ
1540 1970 1746 2041 μικρὰν
1782 1971 1882 2041 τὴν

297 2067 432 2134 παρ’
467 2064 662 2118 ἑαυτοῦ
687 2065 847 2137 χάριν
873 2067 952 2130 είς
977 2066 1293 2138 προσθήκην
1322 2065 1549 2129 κάλλους
1575 2082 1636 2118 τε
1667 2066 1762 2119 καὶ
1785 2065 1884 2135 τῆς

297 2157 592 2228 συνεργίας
616 2157 709 2211 τοῦ
741 2158 858 2229 βίου
895 2158 962 2213 δι’
995 2159 1189 2213 ἑαυτοῦ
1227 2159 1615 2232 συνεισφέρων.
1648 2158 1768 2213 Κᾶν
1808 2160 1885 2212 oi-

297 2247 493 2311 κιστὰς
519 2248 840 2317 καταλέγειν
877 2250 994 2323 δέῃ,
1033 2249 1133 2304 κᾶν
1162 2250 1221 2317 ἐξ
1249 2250 1506 2314 ἀποικίας
1527 2250 1596 2304 τὰ
1621 2249 1753 2321 γένη
1779 2249 1887 2303 τῶν

295 2339 599 2411 οἰκητόρων
626 2340 1043 2412 άποσεμνύνειν,
1074 2340 1176 2395 κᾶν
1208 2360 1329 2396 τινα
1364 2341 1544 2413 χειρὸς
1581 2342 1889 2413 πολεμικῆς

298 2431 708 2503 κατορθώματα
745 2435 859 2496 τοῖς
896 2433 1016 2488 καθ’
1051 2436 1198 2505 ἡμᾶς
1249 2433 1692 2507 προσδιηγὴμασι
1719 2449 1732 2467 ·
1762 2434 1889 2505 τρό-

299 2539 460 2588 παια,
498 2523 590 2576 καὶ
619 2524 808 2595 μάχαι,
839 2525 937 2579 καὶ
974 2524 1045 2578 τὰ
1073 2525 1131 2592 ἐξ
1175 2523 1452 2597 ἀριστείας
1484 2524 1762 2596 θαύματα,
1791 2525 1891 2579 ὅσα

304 2613 671 2684 συγγραφέων
730 2616 917 2680 παῖδες
968 2615 1174 2687 βίϐλοις
1227 2615 1653 2688 ἐναπεθήκαντο,
1701 2617 1893 2689 πόρρω

304 2704 480 2759 ταῦτα
504 2705 601 2757 τοῦ
626 2708 895 2777 ἡμετέρου
925 2707 1110 2780 χοροῦ.
1140 2708 1467 2779 Αίσχύνεται
1493 2707 1604 2778 γὰρ
1648 2724 1893 2779 χριστια-

306 2796 398 2860 νδς
422 2796 579 2864 λόγος
600 2798 709 2851 ἀπὸ
736 2799 842 2852 τῶν
874 2799 979 2864 ἔξω
1005 2800 1103 2871 τῆς
1129 2799 1361 2864 πίστεως
1388 2802 1499 2865 τοῖς
1529 2799 1894 2870 φιλοχρίστοις

303 2886 409 2952 τὰς
440 2887 715 2960 εὐφημίας
761 2890 1104 2960 χαρίζεσθαι,
1138 2890 1328 2964 ὥσπερ
1375 2893 1425 2945 οἱ
1465 2893 1569 2963 τὴν
1600 2892 1758 2946 σκιὰν
1799 2892 1894 2945 τοῦ

305 2980 578 3052 ἀριστέως
601 2982 707 3053 πρὸ
728 2982 836 3035 τῶν
867 2983 1142 3054 τροπαίων
1165 2984 1538 3055 σεμνύνοντες.
1565 2984 1778 3038 Οὐκοῦν
1806 3003 1896 3039 τε·

1984 1896 2092 1951 que
2115 1882 2182 1936 ad
2217 1881 2361 1936 banc
2388 1884 2558 1938 vitam
2587 1883 2998 1941 accommodate
3020 1887 3164 1941 bona
3190 1888 3445 1958 judicare
3477 1905 3579 1943 no-
3633 1938 3641 1945 .

1987 1975 2096 2040 vit,
2124 1973 2377 2029 laudibus
2396 2013 2412 2039 ,
2441 1973 2487 2029 si
2514 1974 2750 2040 videtur,
2773 1974 2999 2044 adjiciat
3021 1977 3187 2032 etiam
3210 1978 3441 2032 alterum
3462 1993 3548 2033 am
3564 2011 3581 2019 -

1987 2079 2132 2128 nem,
2156 2064 2300 2119 hunc
2323 2065 2449 2119 dico
2470 2066 2735 2133 vicinum,
2779 2066 2873 2136 qui
2899 2078 3122 2138 propter
3142 2070 3577 2140 magnitudinem

1988 2166 2386 2213 annumeratus
2452 2157 2521 2213 iis
2569 2158 2665 2228 qui
2723 2173 2821 2229 per
2884 2159 3074 2214 orbem
3125 2166 3398 2216 terrarum
3441 2162 3578 2219 clari

1993 2263 2184 2303 amnes
2211 2248 2503 2313 habentur,
2533 2263 2564 2302 a
2595 2256 2784 2303 nostra
2814 2250 3083 2322 (regione)
3108 2253 3363 2308 exoriens
3389 2254 3579 2308 urbem

1990 2340 2236 2408 proxime
2266 2339 2697 2409 praeterlabitur,
2731 2338 2877 2393 haud
2908 2353 3101 2410 parum
3132 2341 3323 2410 gratiae
3353 2357 3468 2396 suae
3497 2349 3581 2396 at-

1992 2446 2100 2503 que
2124 2431 2539 2487 commoditatis
2569 2431 2637 2486 ad
2664 2430 2972 2513 augendam
3014 2432 3484 2502 pulchritudinem
3529 2442 3583 2489 et

1992 2521 2115 2575 vita
2138 2519 2457 2589 adjumenta
2484 2534 2580 2588 per
2610 2533 2735 2574 sese
2766 2512 3084 2575 coriTereus.
3117 2518 3244 2576 Sive
3266 2521 3584 2577 conditores

1993 2613 2148 2667 urbis
2182 2626 2511 2666 enumerare
2549 2619 2803 2682 oportet,
2847 2611 2963 2666 sive
2993 2626 3193 2681 genera
3227 2613 3459 2668 coloniae
3497 2615 3585 2666 in-

1995 2702 2242 2757 colarum
2289 2702 2608 2765 celebrare,
2650 2703 2766 2758 sive
2811 2701 3023 2757 bellicae
3064 2717 3261 2759 manus
3304 2718 3393 2758 res
3441 2704 3579 2759 bene

1996 2801 2187 2864 gestas
2233 2792 2440 2847 nostris
2510 2793 2921 2849 narrationibus
2978 2794 3222 2863 adjicere
3270 2812 3283 2847 :
3329 2802 3568 2864 trepaea.

1996 2886 2180 2956 prmlia
2201 2924 2216 2950 ,
2244 2883 2908 2955 fortiumquefacinorum
2935 2886 3198 2939 miracula
3220 2926 3234 2946 ,
3275 2902 3399 2957 qua:
3441 2888 3583 2941 seri-

1998 2983 2185 3048 ptores
2210 2976 2368 3032 libris
2401 2977 2655 3032 inserere
2681 2977 2897 3040 solent,
2931 2977 3121 3046 procul
3169 2977 3284 3032 lucc
3330 2978 3512 3033 absint
3547 2993 3577 3031 a

306 3069 538 3142 τράφθω
574 3072 711 3143 πρὸς
736 3073 803 3126 τὰ
835 3074 1078 3145 παρόντα
1107 3077 1135 3129 ὁ
1166 3075 1343 3144 λόγος,
1375 3077 1470 3131 καὶ
1495 3078 1587 3131 ὐπ’
1613 3077 1734 3148 ὄψιν
1764 3080 1897 3149 ἡμῖν

2002 3079 2199 3125 nostro
2215 3075 2387 3123 coetu.
2416 3066 2703 3122 Erubescit
2733 3068 2881 3122 enim
2914 3067 3268 3123 Christianus
3296 3082 3481 3122 sermo
3512 3069 3584 3121 ab

309 3165 567 3235 ἀγαγέτω
605 3165 695 3219 τὸν
733 3165 943 3236 καρπὸν
987 3166 1080 3220 τὸν
1125 3167 1421 3239 ὑμέτερον.
1450 3168 1702 3238 Σιγάσθω
1744 3169 1802 3222 δὲ
1832 3168 1897 3222 τὰ

2003 3162 2075 3218 iis
2101 3161 2266 3216 rebus
2287 3201 2302 3226 ,
2328 3175 2453 3230 qua:
2475 3173 2505 3213 a
2537 3159 2644 3215 lide
2674 3159 2867 3214 alienae
2894 3166 3064 3224 sunt,
3097 3159 3304 3215 Christi
3336 3160 3591 3217 ﬁdelibus

308 3254 413 3311 τοῦ
458 3257 664 3328 κόσμου
695 3258 856 3323 καλὰ,
907 3258 1011 3312 κᾶν
1049 3259 1114 3312 ἐκ
1161 3262 1479 3332 περιουσίας
1522 3260 1794 3334 πλεονάζῃ
1822 3260 1897 3330 τῷ

2008 3251 2200 3305 amicis
2254 3248 2411 3305 fama:
2458 3250 2702 3304 tribuere
2765 3249 3337 3316 commendationem,
3386 3266 3588 3320 quem—

312 3348 463 3421 λόγῳ
506 3349 600 3404 καὶ
632 3351 665 3422 ἡ
705 3349 933 3423 τοιαύτη
962 3350 1070 3405 τῶν
1110 3351 1401 3423 ἐγκωμίων
1453 3352 1732 3416 ὑπόθεσις.
1767 3351 1897 3405 Οὐδὲ

2010 3343 2302 3398 admodum
2347 3342 2442 3412 qui
2490 3341 2738 3397 umbram
2788 3342 2890 3396 viri
2942 3341 3105 3397 fortis
3154 3344 3433 3398 celebrant
3464 3352 3595 3398 ante

314 3440 429 3512 γὰρ
456 3441 485 3494 6
523 3441 747 3513 οὐρανὸς
786 3442 926 3508 ὅλος,
965 3443 993 3497 ὃ
1021 3442 1086 3513 δὴ
1115 3443 1398 3499 κάλλιστόν
1432 3460 1491 3496 τε
1519 3444 1613 3497 καὶ
1646 3443 1897 3515 μέγιστον

2008 3442 2233 3505 tropaea.
2273 3433 2506 3491 Proinde
2537 3434 2604 3489 ad
2639 3434 2932 3505 praesentia
2971 3449 3157 3489 sermo
3207 3443 3592 3502 convertatur,

316 3530 429 3584 τῶν
460 3532 519 3585 ἐν
546 3535 611 3603 τῇ
648 3533 823 3588 κτίσει
853 3533 1070 3589 πάντων
1099 3534 1267 3598 ἐστὶν,
1294 3533 1421 3587 οὐτε
1450 3535 1507 3587 αἱ
1537 3534 1646 3588 τῶν
1687 3535 1897 3604 φωστήυ

2012 3538 2067 3584 et
2094 3527 2336 3582 fructum
2365 3534 2612 3583 vestrum
2644 3528 2805 3581 nobis
2835 3538 2961 3582 ante
2990 3528 3185 3583 oculos
3215 3535 3406 3598 ponat.
3438 3527 3599 3582 Mun-

308 3618 435 3696 ρων
471 3624 658 3693 αὐγαὶ,
713 3625 836 3678 οὐτε
878 3626 978 3697 τῆς
1021 3630 1121 3698 γῆς
1158 3627 1220 3681 τὸ
1252 3625 1475 3689 πλάτος,
1526 3623 1650 3679 οὐτε
1682 3625 1811 3680 ἄλλο
1854 3642 1897 3677 τι

2013 3618 2157 3673 dana
2187 3631 2316 3672 vero
2344 3617 2521 3682 bona,
2556 3623 2613 3671 et
2648 3616 2925 3685 ejusmodi
2957 3624 3341 3687 argumentum
3376 3617 3598 3673 laudan~

321 3714 435 3771 τῶν
468 3719 820 3788 στοιχειωδῶς
852 3719 930 3790 τῷ
959 3720 1123 3773 παντὶ
1157 3718 1532 3791 ὑποκειμένων
1564 3718 1707 3790 μέγα
1737 3734 1790 3781 τι
1817 3719 1897 3771 κατ

2007 3711 2095 3773 di,
2125 3710 2341 3765 etiamsi
2371 3724 2569 3780 magna
2594 3709 2804 3764 dicenti
2833 3710 2993 3777 copia
3034 3710 3379 3779 suppeditari
3414 3725 3480 3763 ex
3513 3711 3598 3765 l:is

326 3806 606 3879 θαύματος
631 3808 779 3875 ἄξιον
800 3806 938 3864 οἶδεν
966 3812 996 3866 6
1022 3811 1378 3875 θεόπνευστος
1406 3811 1582 3881 λόγος.
1609 3810 1913 3865 Πεπαίδευ-

329 3916 432 3969 μαι
459 3898 539 3971 τῷ
576 3899 704 3972 θείῳ
741 3902 1122 3973 προστάγματι
1147 3904 1283 3975 πρὸς
1313 3903 1477 3975 μηδὲν
1503 3902 1612 3956 τῶν
1644 3919 1914 3975 παρερχο-

329 3988 511 4061 μένων
543 3990 930 4062 θαυμαστικῶς
959 3993 1308 4048 διατίθεσθαι.

2008 3803 2220 3873 possit,
2252 3802 2473 3857 silentio
2521 3809 2939 3872 praetereantur.
2983 3802 3173 3872 Neque
3219 3803 3366 3856 cnim
3419 3808 3598 3855 totum

2010 3897 2212 3951 coalum
2229 3933 2251 3960 ,
2274 3909 2396 3966 quae
2421 3895 2613 3965 utique
2643 3909 2768 3948 cum
2797 3895 3192 3965 pulcherrima,
3219 3903 3331 3950 tum
3359 3895 3594 3949 maxima

2010 4004 2142 4059 pars
2192 3995 2278 4044 est
2325 3988 2381 4041 in
2434 3994 2692 4043 creatura
2731 4002 2917 4042 rerum
2956 3988 3381 4054 universarum,
3426 4002 3609 4057 neque

327 4079 685 4136 luminarium
740 4081 983 4155 fulgores
1008 4124 1024 4151 ,
1077 4102 1258 4156 neque
1308 4091 1470 4140 terrae
1518 4083 1866 4139 latitudinem
1891 4123 1906 4149 ,
1945 4096 2127 4153 neque
2170 4079 2469 4151 quidquam
2496 4094 2692 4135 eorum
2728 4092 2851 4148 quae
2906 4093 3005 4149 per
3037 4079 3306 4134 elementa
3368 4080 3592 4131 univers-

330 4171 484 4229 sitati
518 4174 768 4245 subjecta
808 4184 972 4239 sunt,
1015 4192 1276 4248 magnum
1317 4177 1579 4248 quiddam
1619 4184 1674 4231 et
1735 4175 2099 4231 admiratione
2150 4174 2375 4244 dignum
2424 4173 2577 4227 novit
2646 4171 2868 4227 divinus
2940 4182 3151 4233 sermo.
3201 4167 3396 4223 Divino
3442 4170 3588 4223 enim

326 4277 604 4340 praecepto
639 4269 890 4326 eruditus
931 4285 1084 4335 sum,
1131 4270 1269 4325 nihil
1311 4286 1500 4327 carum
1547 4286 1733 4326 rerum
1773 4285 1895 4340 quae
1930 4275 2297 4339 praetereunt,
2336 4266 2642 4321 admirans.

403 4360 467 4415 Εί
501 4357 595 4416 οὖν
635 4363 742 4427 πᾶς
785 4362 1011 4435 οὐρανὸς
1038 4362 1133 4416 καὶ
1173 4364 1206 4434 ἡ
1238 4362 1309 4434 γῆ
1357 4361 1778 4435 παρελεύσεται,
1821 4361 1897 4415 κα¹

2094 4358 2152 4414 Si
2186 4359 2354 4428 igitur
2385 4365 2562 4413 totum
2597 4357 2798 4411 cmlum
2833 4363 2888 4412 et
2933 4363 3080 4411 terra
3116 4355 3512 4425 praeteribunt,
3545 4366 3599 4411 ct

330 4452 481 4508 ἅπαν
504 4452 599 4507 τοῦ
637 4453 841 4523 κόσμου
883 4454 1121 4525 παράγει
1150 4454 1212 4508 τὺ
1248 4455 1455 4526 σχῆμα,
1488 4454 1672 4517 καθώς
1700 4470 1865 4524 φησιν
1890 4454 1920 4507 6

344 4544 698 4609 Ἇπόστολος·
729 4546 847 4610 πῶς
890 4546 962 4600 ἄν
999 4564 1084 4611 τις
1122 4547 1395 4619 εὐπρεπὲς
1446 4541 1592 4600 εἶναι
1637 4545 1877 4615 νομίσειε
1900 4585 1916 4612 ,

331 4635 438 4706 γῆς
463 4633 596 4706 ἡμῖν
631 4634 726 4688 καὶ
764 4634 957 4698 ὕδατος
995 4637 1257 4710 εὐφορίαν
1281 4637 1361 4700 εἰς
1398 4635 1653 4708 ἀφορμὴν
1682 4634 1919 4689 ἐπαίνων

333 4725 771 4797 προϐάλλεσθαι;
816 4728 879 4780 Ei
926 4728 1035 4797 γὰρ
1084 4730 1178 4782 καὶ
1212 4728 1475 4799 πρόσεστι
1509 4727 1587 4799 τῷ
1628 4726 1749 4781 καθ’
1775 4728 1921 4798 ὑμᾶς

329 4818 488 4889 τόπῳ
511 4817 692 4883 πλέον,
719 4818 752 4889 ἣ
781 4819 874 4871 καὶ
897 4821 954 4872 ἐν
981 4818 1181 4884 ἄλλοις,
1207 4819 1277 4873 τὰ
1295 4819 1520 4873 τοιαῦτα
1545 4821 1645 4889 τῆς
1668 4821 1769 4891 γῆς
1791 4837 1924 4892 προ-

331 4926 391 4963 τε
402 4910 467 4982 ρή
477 4926 644 4980 ματα,
693 4909 828 4963 ἀλλὰ
854 4910 1136 4983 συγκρίσει
1161 4909 1269 4964 τῶν
1297 4912 1574 4983 ὑμετέρων
1608 4910 1786 4965 καλῶν
1806 4911 1920 4964 ἀντ’

334 4999 551 5063 οὐδενὸς
594 4995 736 5054 οἶδεν
785 5001 969 5054 ἐκεῖνα
1020 5002 1389 5074 παρατρέχειν
1423 5001 1454 5055 6
1498 5001 1677 5071 λόγος.
1713 5000 1924 5056 Οὐκοῦν

335 5089 478 5160 πρὸς
507 5089 575 5142 τὰ
623 5090 994 5163 προτιμότερα
1029 5094 1095 5164 τῇ
1129 5091 1287 5160 φύσει
1315 5095 1436 5157 ταῖς
1477 5091 1776 5164 εὐφημίαις
1802 5108 1924 5163 τρε-

336 5179 593 5253 πώμεθα.
629 5180 814 5236 Ταῦτα
850 5182 908 5236 δὲ
953 5182 1136 5237 οὐκέτι
1175 5182 1264 5237 διὰ
1288 5184 1463 5249 λόγων
1491 5186 1622 5257 ἡμῖν
1646 5183 1923 5256 δειχθήσε-

335 5290 452 5338 ται,
492 5273 606 5326 ἀλλ’
650 5274 730 5337 είς
761 5273 894 5328 αὐτὸ
929 5274 1164 5346 πάρεστι
1211 5274 1429 5347 βλέπειν
1482 5276 1591 5329 τῶν
1645 5276 1927 5347 ὑμετέρων

339 5361 566 5431 ἀγαθῶν
595 5363 655 5416 τὸ
682 5365 996 5433 κεφάλαιον.
1042 5367 1139 5432 Τίς
1162 5365 1273 5439 γὰρ
1305 5368 1406 5421 οὐκ
1444 5363 1551 5422 οἶδε
1594 5367 1687 5420 τὸν
1717 5367 1929 5439 καρπὸν

337 5456 436 5509 τὸν
464 5454 752 5528 ὑμέτερον,
779 5456 860 5511 ὅτι
891 5459 1049 5529 ὑμεῖς
1080 5459 1170 5514 τὸν
1198 5459 1305 5513 τῶν
1342 5459 1632 5531 μαρτύρων
1662 5457 1928 5530 ἐϐλαστή-

341 5562 477 5599 σατε
512 5547 734 5617 στάχυν,
781 5548 872 5602 τὸν
914 5548 1180 5622 πολύχουν
1217 5551 1427 5619 τοῦτον,
1484 5550 1581 5605 καὶ
1613 5550 1755 5622 ὑπὲρ
1801 5551 1928 5614 τοὺς

341 5635 643 5708 τριάκοντα
686 5637 767 5711 τῷ
812 5640 1007 5712 πλήθει
1057 5643 1167 5699 τῶν
1214 5643 1441 5717 καρπῶν
1492 5642 1929 5713 πλατυνόμενον;

374 5795 399 5827 ³
426 5794 442 5848 l
470 5794 595 5851 Cor.
630 5808 727 5859 vn,
752 5792 840 5848 51.

2024 4452 2205 4508 omnis
2253 4449 2444 4504 mundi
2477 4448 2692 4518 species
2723 4456 2778 4503 et
2805 4447 3028 4503 habitus
3056 4447 3293 4512 transit,
3341 4454 3401 4500 ut
3431 4449 3608 4518 inquit

2024 4541 2322 4614 Apostolus
2349 4541 2370 4572 ³
2401 4558 2413 4594 :
2448 4542 2542 4609 qui
2575 4539 2753 4610 possit
2785 4539 2987 4610 aliquis
3025 4538 3288 4594 decorum
3329 4539 3605 4594 existinm-

2030 4649 2119 4698 re,
2168 4632 2215 4688 si
2250 4642 2409 4687 terra:
2448 4632 2607 4687 vobis
2644 4638 2702 4686 et
2748 4645 2907 4701 aquae
2961 4628 3305 4686 fertilitatem
3352 4630 3609 4685 laudandi

2029 4740 2197 4782 causa
2243 4723 2468 4779 alteram
2500 4724 2555 4777 in
2582 4723 2823 4777 medium
2850 4720 3031 4777 iNam
3057 4723 3222 4779 etiam
3251 4722 3406 4778 locus
3435 4731 3611 4779 vester

2028 4817 2187 4886 plura
2239 4816 2402 4870 habet
2436 4814 2710 4883 ejusmodi
2743 4813 3034 4869 commoda
3074 4822 3235 4869 terra:
3279 4814 3612 4883 quamalibi

2029 4907 2381 4979 reperiantur
2408 4924 2427 4960 ι
2451 4908 2704 4961 'attamen
2734 4905 3154 4977 comparatione
3176 4910 3487 4960 vestrorum
3518 4906 3613 4960 bo-

2029 5014 2259 5065 norum,
2315 5008 2579 5067 tanquam
2622 5012 2718 5052 res
2759 4998 2968 5053 nullius
3006 4996 3167 5067 pretii
3208 4996 3488 5063 praeterire
3523 4996 3612 5050 illa

2033 5092 2185 5147 novit
2207 5091 2407 5147 oratio.
2431 5089 2699 5157 Quaread
2728 5105 2819 5145 res
2842 5097 3038 5144 natura
3067 5088 3480 5157 pracstzintiores
3499 5089 3616 5142 iau-

2033 5181 2308 5237 dationem
2350 5187 2763 5238 convertamus.
2808 5178 2904 5232 Ha:
2950 5186 3131 5232 autem
3157 5177 3313 5233 vobis
3348 5193 3455 5232 non
3505 5193 3614 5232 am-

2034 5273 2179 5343 plius
2199 5286 2295 5341 per
2317 5270 2480 5325 verba
2516 5267 2899 5332 ostendentur,
2920 5266 3015 5322 sed
3034 5267 3171 5321 licet
3187 5266 3242 5320 in
3259 5267 3437 5337 ipsum
3456 5276 3617 5336 caput

2038 5365 2238 5420 intueri
2270 5369 2577 5418 vestrorum
2610 5362 2899 5416 bonorum.
2940 5360 3077 5426 Quis
3106 5359 3253 5413 enim
3283 5360 3500 5431 ignorat
3529 5376 3618 5415 ve-

2036 5465 2210 5512 strum
2245 5454 2483 5508 fructum
2508 5493 2523 5518 ,
2555 5451 2701 5523 quod
2750 5466 2848 5507 vos
2896 5460 3198 5522 martyrum
3253 5451 3619 5521 produxeritis

2040 5547 2284 5618 spicam,
2330 5544 2619 5601 fecundam
2666 5543 2809 5598 hanc
2852 5551 2915 5598 et.
2952 5544 3269 5614 copiosam,
3311 5557 3435 5613 quae
3476 5544 3619 5597 ultra

2045 5638 2408 5712 trigenarium
2437 5651 2728 5694 numerum
2758 5636 3110 5693 multitudine
3134 5642 3193 5693 et
3218 5636 3376 5708 copia
3408 5634 3629 5704 frugum
