3938 6432
443 335 548 394 735

441 455 746 511 ddalatur?
773 458 963 519 Videte
993 460 1210 523 sacrum
1250 471 1356 529 hoc
1390 488 1583 532 arvum
1607 521 1621 545 ,
1656 479 1787 538 hinc
1813 495 2018 559 marty—

441 561 560 599 rum
593 551 855 621 manipuli
893 557 1112 614 collecti
1149 574 1298 619 sunt.
1349 567 1507 634 Quod
1548 572 1594 627 si
1625 573 1771 630 scire
1805 575 2022 635 deside-

438 651 529 692 ras
569 637 639 694 de
692 657 803 712 quo
835 659 969 704 arvo
1013 649 1232 722 dicam,
1271 673 1340 713 ne
1383 663 1576 729 procul
1621 664 1689 719 ab
1724 681 1825 732 eo,
1872 672 2020 740 quod

438 728 626 795 adest,
659 735 1099 811 circumspicias.
1131 745 1266 812 Quis
1308 728 1398 806 est
1435 752 1536 810 iste
1575 754 1732 813 locus
1777 760 1868 829 qui
1909 776 2022 816 am-

436 819 694 889 plectitur
714 839 1047 888 conve’ntum
1068 835 1093 888 ?
1118 836 1258 903 Quid
1286 842 1384 896 tibi
1423 843 1561 900 dicit
1602 819 2020 910 anniversarius

435 912 634 969 circuli
659 919 899 978 ambitus
920 925 944 977 ?
963 925 1164 991 Quales
1187 931 1351 1002 hujus
1380 935 1488 990 diei
1516 942 1829 1000 recordatio
1855 951 2021 1015 atque

435 1015 890 1069 commemoratio
946 1019 1116 1074 refert
1158 1023 1252 1079 tibi
1283 1029 1673 1088 narrationes?
1712 1034 1909 1092 Annon
1946 1037 2021 1092 lo-

436 1099 614 1167 quelaa
639 1106 886 1171 quaedam
912 1122 1060 1178 sunt,
1093 1124 1151 1168 ut
1177 1117 1354 1186 inquit
1373 1119 1646 1193 Propheta
1665 1127 1707 1191 δ,
1732 1137 1787 1184 et
1817 1145 2021 1186 sermo-

437 1205 571 1257 nes,
608 1209 840 1263 quorum
874 1208 1084 1260 tantum
1116 1221 1227 1262 non
1273 1211 1578 1270 audiuntur
1617 1232 1781 1274 voces
1827 1236 2018 1277 eorum

434 1282 630 1348 quovis
658 1299 910 1348 sermone
934 1292 1138 1352 clarius
1167 1298 1433 1356 miracula
1459 1311 1826 1366 enarrantes?
1857 1310 1912 1367 Si
1947 1314 2021 1368 lo-

434 1384 560 1424 cum
595 1372 886 1446 intuearis,
919 1380 1037 1451 ipse
1065 1395 1371 1460 martyrum
1399 1394 1636 1451 stadium
1665 1414 1787 1455 esse
1819 1405 1930 1458 ait:
1971 1405 2018 1461 si

433 1463 576 1518 diem
606 1468 1084 1542 consideraveris,
1125 1486 1387 1550 tanquam
1423 1501 1603 1556 praeco
1643 1493 1866 1559 quidam
1911 1511 2021 1552 ma-

433 1571 554 1622 gnae
595 1560 751 1615 vocis
781 1568 836 1616 et
861 1579 1100 1625 sonorus
1127 1579 1430 1644 martyrum
1468 1593 1728 1638 coronam
1764 1601 2010 1654 pronun-

433 1646 556 1701 tiat.
592 1645 721 1704 Haec
753 1653 886 1708 mihi
909 1655 1100 1713 videor
1117 1675 1183 1715 ex
1213 1662 1302 1719 die
1322 1666 1482 1737 (ipsa)
1499 1645 2014 1747 clamante-audire;

433 1737 577 1793 allus
607 1741 827 1810 quidem
859 1747 978 1804 dies
1011 1749 1369 1810 luminarium
1407 1764 1686 1820 creatione
1713 1768 2010 1840 gloriatur;

433 1830 575 1886 alius
607 1849 773 1900 vero,
814 1839 995 1907 cmlo;
1026 1843 1154 1899 item
1184 1848 1328 1903 alius
1356 1850 1573 1908 laetatur
1605 1865 1660 1911 et
1698 1859 1802 1914 sibi
1836 1863 2015 1930 placet

433 1931 657 1990 propter
674 1924 1096 1988 fabricationem
1118 1942 1299 1991 teme.
1320 1938 1455 1995 Mihi
1477 1952 1658 2000 autem
1675 1948 1741 2002 ad
1757 1924 2011 2007 ornatum

431 2013 697 2068 miracula
727 2027 1032 2091 martyrum
1076 2024 1386 2098 sufﬁciunt;
1424 2033 1629 2090 sufficit
1677 2053 2010 2097 coronarum

429 2102 629 2160 decore
666 2116 831 2178 atque
871 2114 1279 2182 pulchritudine
1317 2131 1570 2182 exornari
1602 2147 1616 2194 ;
1663 2131 1865 2187 suﬂicit
1896 2145 2009 2191 tro-

429 2197 558 2262 pmis
605 2198 872 2259 adversus
917 2206 1195 2264 diabolum
1249 2217 1452 2274 erectis
1506 2220 1791 2280 houestari
1846 2236 2012 2298 atque

425 2288 694 2348 decorari.
725 2296 928 2361 Quales
957 2300 1012 2354 in
1041 2319 1128 2359 me
1154 2304 1378 2363 fuerunt
1406 2316 1790 2374 narrationes?
1819 2320 2010 2388 Qualis

425 2382 635 2450 angelis
687 2400 784 2454 per
833 2404 920 2444 me
967 2392 1107 2447 facta
1143 2405 1228 2452 est
1267 2404 1554 2459 accessio?
1589 2382 2011 2473 Qualem-vdedit

425 2477 571 2526 terra
617 2474 855 2534 fructum
895 2481 1053 2539 Deo?
1094 2489 1310 2557 qualem
1348 2492 1614 2554 Dominus
1654 2501 1707 2555 in
1747 2520 1832 2560 me
1875 2522 2012 2563 con-

424 2564 678 2623 sitionem
706 2575 993 2630 consevit?
1025 2576 1180 2635 Unde
1207 2585 1392 2641 omnis
1418 2590 1584 2644 etiam
1613 2599 2008 2665 propemodum

421 2656 571 2714 orbis
609 2666 881 2719 terrarum
922 2667 1050 2724 hinc
1081 2681 1367 2730 enatorum
1411 2681 1696 2749 palmitum
1729 2696 1782 2742 et
1811 2705 2008 2746 surcu-

422 2750 598 2804 lorum
651 2759 1051 2830 propaginibus
1101 2767 1354 2822 consitus
1395 2779 1522 2826 est:
1569 2783 1831 2850 tanquam
1879 2784 2007 2842 vitis

419 2842 668 2910 quaedam
700 2849 959 2918 copiosa,
993 2861 1160 2923 atque
1192 2856 1486 2917 abundans
1508 2905 1522 2927 ,
1558 2879 1682 2919 cum
1732 2870 1869 2926 alias
1911 2888 2009 2943 per

417 2949 542 2990 sese
569 2937 709 2994 vites
735 2941 926 3008 eflicit,
950 2951 1064 3000 tum
1098 2948 1213 3017 ipsa
1239 2965 1350 3006 non
1379 2952 1641 3013 deficiens
1671 2960 1725 3014 in
1756 2978 1858 3018 suo
1888 2981 2008 3036 per-

418 3036 604 3083 manet
637 3031 845 3102 vigore.
881 3035 1007 3092 }lazc
1037 3048 1091 3094 et
1119 3041 1394 3110 ejusmodi
1434 3049 1697 3104 nimirum
1736 3068 1860 3108 cum
1894 3057 2004 3110 dici

419 3116 727 3186 festivitas,
761 3133 875 3179 tum
921 3128 1076 3185 locus
1107 3131 1162 3186 in
1204 3149 1366 3202 quem
1407 3142 1787 3210 convenistis,
1828 3146 1998 3201 altera

419 3211 541 3233 1-”-
593 3213 706 3233 Iun-
769 3232 776 3233 ,
961 3220 991 3233 Α
1171 3226 1183 3233 .
1206 3227 1219 3233 -
1431 3231 1451 3233 -
1512 3231 1523 3233 -

2119 3116 2158 3121 η
2198 3116 2346 3124 .-.ππ
2384 3116 2510 3143 .-πη
2547 3116 2667 3130 ηπ..

2105 3163 2198 3215 καὶ
2234 3163 2667 3233 βραδύγλωσσος,

417 3211 546 3264 talia
591 3213 715 3269 laeta
759 3220 1092 3278 annuntiare
1132 3226 1371 3284 videtur.
1421 3231 1526 3286 Sed
1563 3235 1693 3303 quid
1738 3252 1896 3308 agam
1931 3243 2000 3296 ad

417 3311 630 3359 tantum
668 3311 964 3378 populum,
1008 3330 1132 3370 eum
1166 3320 1297 3375 exili
1341 3321 1448 3378 sim
1492 3341 1660 3391 voce,
1707 3329 2003 3404 linguaque

419 3395 573 3450 tarda
595 3439 610 3465 ,
643 3401 735 3469 qui
767 3419 1067 3473 superante
1098 3412 1285 3467 sonitu
1329 3429 1394 3470 ac
1422 3415 1642 3474 fremitu
1689 3437 1999 3480 sermonem

414 3491 502 3543 vix
530 3495 838 3550 astantibus
863 3497 916 3550 in
945 3499 1067 3555 loco
1095 3502 1169 3558 ita
1195 3509 1487 3566 commodo
1509 3511 1723 3582 loquar,
1749 3525 1810 3570 ut
1833 3531 2002 3598 exau-

413 3581 518 3636 diri
560 3587 776 3654 possit?
813 3589 950 3645 Nam
995 3595 1239 3666 alioquin
1273 3599 1597 3661 immoratus
1625 3621 1804 3664 essem
1836 3595 2000 3683 atque

409 3866 725 3928 certamen,
761 3872 873 3919 tum
911 3883 1258 3929 communem
1301 3879 1506 3950 ubique
1534 3885 1809 3957 coloniam
1841 3889 1998 3944 inha-

409 3948 846 4025 bitationcmque
884 3957 1164 4029 fecerunt,
1209 3978 1265 4021 et
1303 3948 1528 4042 quoquo
1557 3955 1753 4032 versus
1782 3980 1996 4051 disper-

407 4042 643 4111 tiuntur,
674 4057 728 4103 et
767 4049 824 4103 in
859 4053 1029 4109 variis
1066 4057 1203 4113 locis
1242 4062 1526 4132 conjuncti
1566 4067 1808 4138 hospitio
1854 4075 1997 4129 reci-

404 4136 653 4205 piuntnr.
687 4140 960 4208 Quocirca
992 4163 1155 4204 nemo
1183 4154 1276 4222 qui
1313 4156 1700 4224 particularem
1729 4165 1994 4236 reliquia-

402 4242 525 4283 rum
554 4235 783 4301 gratiam
814 4241 1096 4309 suscepit,
1122 4257 1231 4298 non
1258 4261 1322 4300 ex
1353 4253 1468 4303 toto
1494 4262 1796 4322 martyrum
1824 4235 1992 4327 appa-

401 4322 660 4380 ritionem
681 4331 908 4400 recepit.
938 4331 1093 4390 Unus
1118 4340 1262 4391 enim
1289 4337 1343 4393 in
1373 4339 1600 4396 Christo
1627 4359 1753 4398 cum
1787 4322 1991 4404 fuerint

401 4415 684 4483 universi,
716 4436 814 4490 per
841 4439 1010 4479 unum
1052 4441 1178 4484 cum
1209 4437 1327 4486 toto
1367 4447 1472 4488 suo
1508 4451 1674 4507 grege
1701 4439 1986 4509 recipiun-

400 4512 512 4559 tur.
538 4508 645 4562 Sed
669 4513 764 4579 qui
789 4512 906 4568 ﬁeri
935 4525 1116 4586 potest
1149 4530 1210 4576 ut
1236 4527 1416 4580 oratio
1451 4543 1560 4580 non
1604 4508 1864 4598 injuriam
1895 4533 1981 4589 fa-

398 4596 536 4661 ciat,
563 4613 686 4667 qua:
715 4600 932 4657 initium
961 4611 1218 4666 narrandi
1248 4627 1338 4667 res
1367 4614 1436 4669 ab
1463 4616 1530 4669 iis
1551 4596 1735 4687 gestas
1758 4621 1982 4676 silentio

1651 359 1710 418 S.
1749 359 2079 428 GREGORII
2134 371 2425 434 NYSSENI

3570 410 3654 467 7:6

2045 495 2093 552 Α
2131 492 2323 564 Ὁρᾶτε
2352 499 2450 572 τὴν
2481 503 2632 601 ἱερξν
2651 509 2854 582 ταύτην
2877 513 3133 586 ἄρουραν·
3162 519 3401 576 ἐντεῦθεν
3422 526 3518 580 τῶν
3543 545 3657 601 μαρ-

2121 586 2300 657 τύρων
2329 568 2738 667 τάνδράγῇατα.
2775 568 2838 656 Ei
2865 568 3401 679 ζητεῖςμαθείν

2119 674 2376 746 ἄρουραν,
2409 681 2482 753 μὴ
2518 685 2708 758 πόρρω
2735 690 2828 744 τοῦ
2857 674 3124 764 παρόντος
3147 674 3555 778 περισκοπήσης.

2119 764 2340 833 ὀτόπος
2390 773 2421 824 ὁ
2473 777 2743 847 περιέχων
2773 781 2864 835 τὸν
2914 764 3304 854 σύλλογονίΤί
3354 764 3438 847 σοι.
3473 764 3656 874 iis-yet)",

2121 857 2390 927 ἐνιαύσιος
2423 865 2518 918 τοῦ
2550 869 2750 924 κύκλου
2792 875 3072 944 περίοδος;
3101 882 3236 934 Ποῖά
3270 901 3348 938 σοι
3377 857 3662 960 διηγήματα

2119 951 2153 1019 ή
2197 951 2296 1022 τῆς
2341 956 2553 1025 ἡμέρας
2589 961 2796 1034 ταύτης
2841 967 3148 1042 ὑπόμνησις
3191 975 3316 1044 ἥκει
3357 951 3659 1051 κομίζουσας

2119 1041 2246 1120 'Ap’
2277 1051 2337 1103 οὐ
2363 1050 2539 1106 λαλιαὶ
2575 1059 2721 1123 τινές
2753 1061 2878 1124 εἰσι,
2915 1041 3098 1129 καθώς
3130 1041 3291 1139 φησιν
3319 1073 3346 1125 ό
3381 1041 3661 1147 Προξρήτης,

2120 1138 2214 1192 καὶ
2243 1139 2409 1210 λόγοι,
2443 1137 2518 1201 ὧν
2546 1145 2665 1218 ούχὶ
2691 1149 2851 1219 μόνον
2878 1153 3162 1212 ἀκούονται
3193 1137 3256 1213 ἀι
3287 1137 3475 1230 φωναὶ,

2120 1231 2321 1295 παντὸς
2361 1233 2518 1303 λόγου
2548 1237 2905 1313 εὐτονώτερον
2940 1245 3290 1319 διηγούμεναι
3315 1253 3383 1307 τὰ
3411 1254 3662 1327 θαύματα;

2126 1321 2221 1374 Ἂν
2248 1325 2327 1387 εἰς
2351 1325 2444 1378 τὸν
2471 1327 2637 1383 τόπον
2667 1331 2884 1405 ἀπίδῃς,
2926 1337 3087 1402 αὐτὸς
3113 1336 3252 1396 εἶναί
3279 1361 3409 1414 φησι
3430 1321 3530 1400 τῶν
3554 1321 3667 1422 pap-

2118 1413 2298 1485 τύρων
2336 1417 2396 1471 τὸ
2439 1420 2649 1475 στάδιον
2673 1440 2686 1452 ·
2716 1423 2782 1478 ἂν
2827 1427 2925 1500 τὴν
2966 1431 3178 1504 ἡμέραν
3220 1435 3429 1509 λογίσῃ,
3466 1435 3568 1492 οἷόν
3595 1460 3666 1508 τις

2119 1507 2296 1579 κῆρυξ
2327 1512 2710 1582 μεγαλόφωνος
2740 1519 3101 1591 ἀνακηρύττει
3141 1526 3248 1578 τῶν
3282 1507 3560 1602 μαρτύρων
3590 1507 3667 1588 the.

2121 1598 2402 1668 στέφανον.
2450 1603 2636 1659 Ταῦτά
2685 1625 2777 1678 μοι
2827 1609 2967 1664 δοκῶ
3017 1614 3116 1686 τῆς
3156 1598 3371 1690 ἡμέρας
3411 1598 3668 1694 ἐμϐοώσης

2118 1691 2336 1745 ἀκούειν
2358 1709 2371 1722 ·
2409 1695 2489 1748 ὅτι
2516 1696 2647 1770 ἄλλη
2680 1700 2777 1769 μὲν
2799 1704 2862 1773 τῇ
2897 1703 3226 1780 δημιουργίᾳ
3264 1712 3372 1765 τῶν
3398 1691 3669 1788 φωστήρων

2045 1817 2088 1873 Β
2121 1774 2459 1849 σεμνύνεται,
2499 1784 2633 1857 ἄλλη
2663 1787 2718 1840 δὲ
2743 1789 2821 1859 τῷ
2848 1774 3081 1865 οὐρανῷ,
3098 1774 3212 1852 *καί
3232 1774 3489 1875 ἑτέρα-τῇ
3520 1774 3668 1858 κατα-

2118 1873 2282 1942 σκευῇ
2325 1873 2427 1945 τῆς
2479 1878 2583 1946 γῆς
2628 1878 3012 1948 ἐπαγάλλεται.
3061 1888 3215 1960 Ἐμοὶ
3247 1891 3305 1944 δὲ
3353 1873 3509 1965 ἀρκεῖ
3552 1897 3670 1968 πρὸς

2115 1963 2319 2035 κόσμον
2349 1966 2418 2020 τὰ
2441 1968 2550 2023 τῶν
2581 1973 2874 2045 μαρτύρων
2907 1977 3162 2050 θαύματα
3181 2000 3193 2013 ·
3222 1963 3486 2059 ἀρκεῖῖτῷ
3507 1963 3669 2043 κάλλει

2113 2054 2221 2109 τῶν
2269 2059 2550 2128 στεφάνων
2597 2065 3138 2134 ἐγκαλλωπίζεσθαι·
3192 2075 3355 2147 ἀρκεῖ
3397 2054 3505 2142 toi;
3547 2083 3670 2134 κατᾶ

2113 2147 2208 2200 τοῦ
2245 2148 2493 2204 διαϐόλου
2521 2156 2803 2224 τροπαίοις
2828 2161 3304 2233 ἐπισεμνύνεσθαι.
3337 2164 3439 2222 υἷα
3472 2171 3670 2240 γέγονεν

2113 2239 2172 2290 ἐν
2195 2239 2317 2308 ἐμοὶ
2338 2241 2678 2314 διηγήματαῐ
2708 2245 2808 2302 Οἷα
2834 2252 3024 2320 γέγονε
3053 2255 3119 2308 δι’
3143 2258 3277 2328 ἐμοῦ
3307 2264 3418 2325 τοῖς
3439 2239 3670 2332 ἀγγέλοις

2113 2331 2433 2405 προσθήκηι
2465 2335 2590 2391 Οἷον
2635 2338 2890 2416 ἕδωκενή
2926 2345 2999 2417 γῆ
3043 2348 3119 2419 τῷ
3149 2349 3268 2422 Θεῷ
3301 2353 3396 2408 τὸν
3443 2357 3667 2426 καρπόνι

2113 2424 2244 2478 Οἴαν
2269 2425 2532 2496 ἐφύτευσε
2576 2434 2800 2500 φυτείαν
2842 2437 2899 2490 ἐν
2931 2439 3052 2509 ἐμοὶ
3076 2444 3104 2495 ὁ
3134 2443 3376 2514 Κύριοςί
3415 2424 3567 2502 Ὅθεν
3590 2451 3671 2501 καὶ

2113 2518 2264 2572 πᾶσα
2292 2521 2478 2590 σχεδὸν
2508 2524 2540 2594 ή
2566 2526 2854 2600 οἰκουμένη
2882 2535 3002 2596 ταῖς
3031 2538 3353 2606 παραφυάσι
3382 2541 3486 2594 τῶν
3510 2542 3671 2594 ἐντεῦ-

2112 2607 2204 2662 θεν
2246 2610 2540 2683 κλημάτων
2570 2621 3065 2689 καταπεφύτευται,
3094 2627 3349 2702 καθάπερ
3388 2650 3466 2695 τις
3509 2634 3670 2703 ἄμπε-

2109 2698 2200 2763 λος
2229 2701 2548 2772 εὐθηνοῦσα,
2580 2709 2671 2761 καὶ
2711 2709 2874 2776 ἄλλας
2901 2713 2970 2767 δι’
2997 2717 3192 2789 ἑαυτῆς
3221 2698 3500 2790 ἀμπέλους
3523 2698 3670 2794 ἑ-ργά·

2110 2790 2285 2857 ζεται,
2322 2797 2414 2850 καὶ
2442 2798 2579 2870 αὕτη
2608 2801 2850 2873 διαμένει
2881 2807 3249 2875 ἀνέκλειπτος.
3278 2813 3466 2870 Ταῦτά
3487 2833 3564 2868 τοι
3592 2816 3671 2871 καὶ

2107 2881 2178 2935 τὰ
2209 2884 2429 2940 τοιαῦτα
2459 2887 2607 2943 δοκεῖ
2649 2893 2748 2962 τῆς
2792 2895 3006 2965 ἡμέρας
3059 2899 3092 2969 ή
3141 2901 3304 2972 χάρις
3345 2905 3672 2975 εὐαγγελίζε-

2111 2973 2256 3039 σθαι,
2286 2977 2378 3029 καὶ
2407 2979 2434 3029 ὁ
2465 2979 2556 3033 τοῦ
2588 2981 2846 3052 συλλόγου
2872 2988 3038 3052 τόπος
3057 2992 3278 3046 τοιαῦτα
3305 2973 3502 3069 ἕτερα,
3530 2999 3671 3052 Ἀλλὰ

2106 3069 2159 3121 τί
2191 3069 2348 3124 πάοω
2379 3073 2513 3143 πρὸς
2547 3074 2675 3130 λαὸν
2703 3079 2978 3147 τοσοῦτον,
3012 3085 3345 3155 ἰσχνόφωνός
3371 3107 3454 3154 τις
3482 3091 3553 3145 ὢν
3575 3092 3671 3161 ἐγὼ

2706 3171 2800 3223 καὶ
2855 3172 3014 3243 μόγις
3064 3180 3176 3242 τοῖς
3222 3185 3570 3254 παρεστῶσιν
3620 3188 3669 3238 ἐν

2102 3254 2324 3326 ἐπηκόῳ
2349 3255 2737 3330 φθεγγόμενος,
2773 3263 3172 3338 ύπερηχοῦντος
3195 3272 3292 3325 τοῦ
3328 3276 3460 3346 ἤχου
3483 3277 3567 3330 τὸν
3591 3276 3667 3330 16-

2099 3362 2196 3413 γον
2221 3363 2236 3412 ;
2270 3343 2347 3400 Ἦ
2378 3349 2484 3419 γὰρ
2516 3350 2581 3404 ἂν
2614 3353 2924 3427 ἐνδιέτριψα
2954 3361 3066 3423 τοῖς
3090 3362 3314 3430 ἀγαθοῖς
3333 3343 3664 3439 διηγήμασιν,

2097 3439 2248 3503 ὅπως
2276 3441 2308 3512 ἡ
2335 3443 2474 3514 καλὴ
2497 3448 2760 3517 συσκηνία
2788 3449 2896 3502 τῶν
2920 3455 3350 3525 τεσσαράκοντα,
3380 3463 3559 3533 κοινὴν
3583 3463 3666 3532 μὲν

2097 3531 2196 3603 τὴν
2217 3531 2463 3603 ἄθλησιν,
2497 3539 2684 3610 κοινὴν
2725 3540 2780 3594 δὲ
2829 3545 3102 3616 πανταχοῦ
3149 3548 3250 3620 τὴν
3284 3531 3540 3606 ἀποικίαν
3585 3531 3668 3604 πε-

2099 3623 2372 3693 ποίηνται,
2421 3630 2513 3683 καὶ
2560 3631 2834 3704 πανταχοῦ
2884 3639 3369 3711 καταμερίζονται,
3423 3645 3516 3697 καὶ
3563 3645 3666 3715 μετ’

2097 3713 2343 3788 ἀλλήλων
2364 3721 2732 3788 ἐπιξενοῦνται
2768 3731 2878 3793 τοῖς
2899 3731 3106 3797 τόποις.
3133 3735 3347 3791 Οὐκοῦν
3381 3739 3552 3802 οὐδεὶς
3581 3755 3668 3808 με-

2101 3806 2260 3872 ρικὴν
2291 3808 2400 3862 τῶν
2432 3810 2701 3882 λειψάνων
2730 3816 2888 3889 χάριν
2921 3820 3340 3894 ὑποδεξάμενος,
3375 3829 3474 3882 οὐκ
3494 3831 3554 3882 ὲκ
3584 3825 3664 3881 τοῦ

2099 3898 2297 3962 παντὸς
2319 3901 2420 3971 τὴν
2452 3904 2772 3973 ἐπιφάνειαν
2821 3911 2930 3964 τῶν
2980 3915 3273 3986 μαρτύρων
3320 3919 3554 3988 ἐδέξατο.
3582 3914 3665 3984 Εἷς

2095 3989 2205 4062 γὰρ
2241 3993 2301 4046 ἐν
2349 3975 2541 4068 Κυρίῳ
2587 4002 2872 4068 γεγονότες
2899 4006 2947 4057 οἱ
2980 3975 3214 4074 ’πάντεξ
3261 4011 3330 4064 δι’
3380 3975 3497 4078 sile;
3540 4012 3665 4084 μετά

2097 4083 2300 4147 παντὸς
2323 4086 2416 4138 τοῦ
2441 4087 2808 4160 πληρώματος
2839 4096 3047 4152 ἑαυτῶν
3076 4100 3481 4169 είσοικίζονται.
3521 4083 3664 4158 Ἃ).λά

2094 4171 2214 4236 πῶς
2244 4173 2361 4227 ἔστι
2395 4175 2472 4248 μὴ
2501 4178 2756 4250 ἀδικῆσαι
2782 4183 2875 4239 τὸν
2906 4185 3083 4255 λόγον,
3113 4191 3213 4262 τὴν
3230 4193 3408 4265 ἀρχὴν
3425 4195 3529 4248 τῶν
3555 4195 3664 4249 κατ’

2094 4264 2293 4330 αὐτοὺς
2314 4267 2670 4339 διηγημάτων
2691 4275 2814 4346 σιγή
2824 4293 2991 4331 σαντα
3011 4297 3024 4346 ;
3049 4281 3146 4345 Τίς
3164 4278 3258 4337 οῦν
3287 4264 3438 4340 ἐστιν
3461 4287 3662 4359 ἡάρχή;

2092 4353 2297 4426 Νεότης
2329 4359 2507 4432 ἀγαθὴ
2557 4363 2650 4416 καὶ
2699 4367 3080 4437 περίϐλεπτος,
3127 4374 3308 4440 πίστις
3353 4353 3662 4450 ἀρίστηζδῗ

2090 4445 2158 4516 ἢν
2187 4448 2235 4499 οἱ
2263 4448 2463 4513 πάντες
2489 4452 2874 4526 ἐξειλεγμένοι,
2905 4461 3092 4516 κάλλει
3118 4445 3467 4538 διαπρεπεῗς,
3499 4445 3660 4542 ἔρνεσι

2087 4537 2150 4590 τὸ
2181 4537 2412 4609 μέγεθος
2449 4547 2817 4618 παραπλήσιοι
2851 4554 2910 4606 ἐν
2951 4554 3100 4609 ἄνθει
3139 4559 3236 4628 τῆς
3258 4537 3440 4632 Ϋῶρας.
3483 4537 3660 4633 ’ὁρᾶτε

2087 4631 2186 4699 τὴν
2213 4633 2396 4704 φωνὴν
2423 4635 2501 4706 τῷ
2536 4637 2750 4713 θορύϐῳ
2783 4648 3219 4722 ταρασσομένην,
3261 4631 3359 4706 καὶ
3387 4655 3478 4708 τὸν
3517 4631 3660 4722 λόγον

2086 4723 2166 4794 τῷ
2194 4724 2311 4795 ἤχῳ
2347 4729 2790 4802 διακοπτόμενον,
2821 4735 2962 4791 ὥστε
3007 4741 3155 4810 ἡμᾶς
3187 4737 3298 4797 οἷόν
3345 4764 3455 4799 τινι
3502 4746 3658 4798 πελά-

2086 4832 2172 4883 γει
2199 4821 2583 4894 κυμαινομένῳ
2603 4827 2724 4889 ταῖς
2748 4831 2954 4897 φωναῖς
2978 4831 3072 4884 τοῦ
3097 4832 3225 4886 λαοῦ
3247 4838 3654 4906 χειμασθέντας,

2086 4908 2401 4976 ἀναγκαίως
2449 4914 2543 4968 ἐπὶ
2593 4916 2686 4970 τὸν
2743 4918 3061 4991 ἀκύμαντον
3091 4924 3188 4995 τῆς
3243 4930 3459 4999 σιωπῆς
3503 4944 3656 4981 κατα-

2085 4999 2307 5070 φεύγειν
2335 5003 2563 5075 λιμένα;
2593 5009 2655 5062 Εἰ
2677 5011 2732 5064 δὲ
2759 5013 2972 5079 γένοιτο
2994 5017 3127 5087 ἡμῖν
3162 5020 3300 5072 κατὰ
3330 5021 3465 5074 Θεοῦ
3489 5022 3654 5092 χάριν,

2083 5093 2177 5143 καί
2205 5091 2273 5145 τὰ
2299 5094 2528 5166 δεύτερα
2550 5098 2643 5152 τοῦ
2675 5099 2836 5170 λόγου
2851 5105 3016 5178 σχολὴ
3035 5108 3091 5160 ἐν
3112 5109 3312 5181 ἡσυχίᾳ
3335 5115 3436 5182 τῆς
3466 5111 3656 5183 ἀκροά-

2083 5197 2241 5248 σεως,
2271 5184 2341 5237 τὰ
2372 5185 2465 5240 νῦν
2494 5188 2843 5260 ὲλλειφθέντα
2872 5199 3128 5270 συνεργίᾳ
3152 5199 3244 5252 τοῦ
3271 5201 3410 5254 Θεοῦ
3445 5200 3652 5272 πληρωο

2080 5275 2323 5345 θήσεται.
2355 5280 2517 5353 Δύτῷ
2612 5283 2736 5350 δόξα
2765 5287 2846 5350 εἰς
2886 5289 3012 5354 τοὺς
3051 5291 3251 5357 αἰῶνας
3286 5293 3400 5348 τῶν
3431 5293 3648 5348 αἰώνων.

2093 5365 2146 5418 Ἀ
2156 5370 2282 5439 μήν.

395 5421 708 5492 τίιείοιιιιυηι
735 5432 841 5486 sit?
863 5433 1020 5501 Quod
1048 5441 1096 5494 si
1124 5458 1217 5511 per
1246 5447 1480 5512 gratiam
1510 5447 1607 5504 Dei
1635 5452 1794 5508 nobis
1816 5454 1980 5509 etiam
2021 5461 2089 5512 ad
2117 5463 2343 5518 alteram
2374 5476 2582 5536 partem
2609 5474 2875 5532 orationis
2913 5477 3083 5531 otium
3142 5479 3435 5550 contigerit
3455 5522 3470 5546 ,
3530 5494 3669 5534 cum-

395 5513 612 5550 cilnntin
650 5525 1083 5550 o.......l...-..:n___-
1127 5549 1133 5550 ,
1185 5534 1216 5550 ν
2035 5549 2038 5550 ,

393 5513 612 5570 silentio
649 5525 1086 5585 auscultantibus
1123 5534 1332 5592 reliqua
1359 5577 1373 5601 ,
1439 5557 1562 5610 quae
1597 5557 1747 5598 nunc
1771 5549 2140 5615 praetermissa
2172 5565 2300 5610 sunt

392 5608 812 5676 Supplebunlul‘.
831 5615 893 5671 Ei
915 5619 1086 5688 gloria
1113 5625 1167 5680 in
1191 5635 1389 5683 saecula
1407 5608 1762 5689 saeculorum.
1803 5637 1997 5693 Amen.

395 4692 857 4758 praetermiserit?
879 4695 1036 4762 Quod
1061 4712 1146 4756 est
1176 4701 1347 4772 igitur
1372 4705 1618 4761 initium?
1641 4709 1978 4769 Adolescen-

395 4781 473 4835 tia
490 4785 730 4855 egregia,
753 4793 918 4858 atque
941 4800 1208 4860 spectata,
1233 4795 1366 4852 fides
1381 4799 1609 4868 optima,
1626 4802 1787 4872 cujus
1805 4807 1979 4874 gratia

392 4871 552 4928 clecﬁ
583 4890 796 4945 omnes,
816 4880 1018 4937 decore
1045 4899 1109 4938 ac
1142 4887 1556 4956 pulchritudine
1575 4894 1824 4965 insignes
1847 4938 1862 4964 ,
1909 4899 1979 4954 ad

391 4979 576 5022 ramos
591 4972 964 5041 magnitudine
979 4979 1227 5046 proxime
1254 4982 1597 5050 accedentes,
1617 4987 1670 5041 in
1689 4988 1824 5044 flore
1840 5001 1975 5046 aeta-

393 5057 464 5114 tis
487 5061 793 5119 constituti.
833 5064 1116 5125 Videtisne
1150 5086 1341 5128 vocem
1377 5077 1614 5132 tumultu
1662 5081 1898 5148 turbari,
1920 5093 1976 5138 et

391 5152 624 5220 Strepitu
643 5168 958 5213 sermonem
974 5159 1390 5236 interrumpi,ut
1405 5168 1567 5224 nobis
1592 5171 1758 5227 veluti
1778 5175 1974 5245 pelago

387 5241 628 5307 quodam
655 5255 954 5316 aestuante,
982 5255 1213 5311 vocibus
1253 5259 1438 5328 pepuli
1461 5299 1476 5324 ,
1507 5260 1733 5332 inquam
1755 5241 1973 5334 ,vjacta-

391 5327 464 5384 tis
495 5342 811 5412 necessario
837 5342 904 5394 ad
933 5349 1294 5417 tranquillum
1336 5353 1540 5408 silentii
1585 5366 1803 5426 portum
1837 5374 1972 5414 con-

2350 5560 2416 5614 ad
2463 5566 2830 5621 narrationem
2884 5569 3250 5638 pertinentia,
3301 5572 3510 5628 attxilio
3558 5561 3645 5625 Dei

461 5793 476 5818 ³⁵
516 5789 650 5843 i’snl.
689 5807 840 5858 mn,
884 5796 936 5849 5.
