3938 6422
204 456 295 510 757

806 566 1024 621 ΛΟΓΟΣ
1054 565 1131 621 B’.

261 662 392 726 Χθές
415 662 464 714 Ol
498 660 770 731 μάρτυρες
787 659 924 729 πρὸς
951 657 1179 722 ἑαυτοὺς
1201 658 1293 712 τὸν
1320 659 1448 712 λαὸν
1483 658 1714 712 ἐκάλσυν
1733 675 1749 691 ο

200 756 284 810 νῦν
310 754 383 825 τῷ
419 751 743 822 καταγωγίῳ
776 755 876 823 τῆς
911 751 1234 822 Ἐκκλησίας
1260 751 1628 817 ὲπιξενοῦνται
1655 751 1752 804 αύ-

197 846 445 916 τὸκλητοι.
478 844 656 914 Νόμος
696 843 753 896 δέ
787 843 870 907 τίς
912 845 1029 897 ἐστι
1056 844 1407 913 συμποτικὸς,
1439 843 1537 907 τὰς
1584 845 1752 911 ἐγκυ-

198 936 362 999 κλίους
389 933 591 997 ταύτας
615 933 885 995 ἑστιάσεις
914 932 1062 1004 παρὰ
1084 933 1196 986 τῶν
1226 931 1560 1004 δαιτυμόνων
1589 933 1754 1002 ἀλλή-

196 1025 296 1086 λοις
325 1025 387 1075 ἐκ
419 1021 757 1091 περιτροπῆς
795 1020 1142 1073 ἐπιδίδοσθαι.
1176 1019 1384 1073 Οὐκοῦν
1415 1021 1626 1091 ἀνάγκη
1660 1021 1754 1073 καὶ

196 1115 328 1186 ἡμᾶς
353 1113 443 1166 τὸν
463 1113 624 1166 αὐτὸν
661 1109 1068 1182 ἀντιπληρῶσαι
1091 1109 1184 1163 τοῦ
1223 1110 1441 1164 δείπνου
1474 1112 1588 1173 τοῖς
1618 1109 1759 1181 μάρ-

195 1224 334 1260 τυσιν
358 1206 567 1276 ἔρανον.
618 1203 757 1257 Ἀλλ’
802 1202 988 1273 ἐπειδὴ
1020 1202 1241 1255 πένεται
1289 1203 1420 1272 ἡμῖν
1456 1201 1490 1272 ἡ
1521 1201 1758 1272 χορηγία

195 1298 276 1351 τοῦ
303 1297 477 1366 λόγου,
517 1295 699 1359 καλῶς
727 1295 839 1365 ἔχει
866 1297 980 1357 τοῖς
1009 1295 1140 1363 παρ’
1171 1293 1350 1346 αὐτῶν
1383 1294 1606 1346 ἐκείνων
1643 1293 1757 1345 λει-

192 1387 364 1456 ψάνοις
391 1387 538 1457 ἡμᾶς
582 1385 907 1450 δεξιοῦσθαι,
939 1386 1066 1447 τοὺς
1108 1383 1236 1454 χθὲς
1278 1385 1374 1454 μὲν
1418 1385 1758 1454 ἑστιάτορας,

196 1478 415 1547 σήμερον
457 1476 516 1529 δὲ
566 1475 913 1546 δαιτυμόνας.
955 1476 1142 1546 ’Μκεῖ
1185 1474 1296 1545 γὰρ
1341 1475 1435 1528 καὶ
1487 1474 1659 1546 βραχύ
1707 1492 1760 1528 τι

198 1568 343 1639 μέρος
379 1568 443 1620 ἐκ
492 1566 754 1629 πλουσίας
781 1565 1084 1637 τραπέζης,
1122 1566 1364 1637 μεγάλης
1403 1567 1639 1637 εὐωχίας
1670 1583 1761 1635 γε-

193 1659 358 1713 νέσθαι
379 1659 757 1731 παρασκευὴν,
789 1659 918 1715 ὅταν
948 1659 1188 1712 τοιοῦτον
1216 1659 1466 1729 λείψανον
1579 1660 1644 1712 Τί
1669 1655 1761 1714 οὖν

193 1749 333 1802 τοῦτο
376 1750 437 1803 τὸ
465 1749 750 1819 λείψανονς
797 1749 1094 1821 Μέμνησθε
1127 1750 1343 1815 πάντως
1386 1753 1445 1804 ἐν
1478 1751 1582 1804 τίνι
1621 1747 1762 1821 ἦμεν

191 1841 272 1894 τοῦ
293 1841 468 1910 λόγου,
509 1842 604 1894 ὅτε
634 1843 662 1894 ὁ
688 1841 936 1904 εὐκταῖος
969 1843 1174 1905 ἐκεῖνος
1213 1843 1306 1896 καὶ
1354 1841 1486 1913 ἡδὺς
1530 1845 1661 1913 ἡμῖν
1697 1845 1761 1897 ἐκ

192 1930 272 1984 τοῦ
295 1931 526 2003 πλήθους
559 1931 666 1984 τῶν
695 1931 1129 2002 συνειλεγμένων
1159 1932 1383 2003 θόρυϐος
1412 1933 1633 2004 συνέχεε
1663 1935 1762 2006 τὴν

193 2022 286 2074 τῶν
311 2023 623 2094 λεγομένων
653 2024 934 2093 ἀκρόασιν,
969 2023 1057 2077 ὅτε
1095 2027 1127 2094 ἡ
1166 2025 1408 2096 1ἔμψυχος
1447 2026 1630 2098 ἐκείνη
1663 2027 1762 2097 τῆς

193 2113 462 2183 ἐκκλησίας
521 2112 773 2166 Θάλασσα
835 2112 914 2183 τῷ
969 2112 1161 2184 πλήθει
1213 2113 1320 2166 τῶν
1371 2115 1762 2185 ἐπεισρεόντων

195 2204 610 2276 πλημμυροῦσα,
671 2203 808 2274 πρὸς
833 2205 933 2274 τὴν
958 2205 1131 2275 ῥοπὴν
1173 2204 1282 2257 τῶν
1309 2205 1396 2259 ἀεὶ
1428 2205 1760 2276 βιαζομένων

194 2293 449 2365 ἐκύμαινε,
488 2293 805 2365 μιμουμένη
837 2295 930 2346 καὶ
974 2294 1053 2364 τῷ
1082 2295 1198 2366 ἤχῳ
1240 2295 1339 2367 τὴν
1367 2295 1536 2360 ὄντως
1563 2296 1762 2350 θάλασ-

196 2402 300 2450 σαν,
330 2381 437 2439 οἷον
466 2386 668 2448 αὐταῖς
695 2387 811 2448 ταῖς
841 2386 1030 2448 ἀκοαῖς
1063 2384 1218 2456 ἡμῶν
1240 2387 1632 2458 προσρηγνῦσα
1652 2387 1764 2441 τῶν

193 2479 430 2550 κυμάτων
454 2479 553 2532 τὸν
578 2479 769 2549 ψόφον.
815 2479 902 2531 Ἐν
921 2478 1030 2532 τίσι
1055 2478 1238 2532 τοίνυν
1255 2479 1620 2550 κατελίπομεν
1647 2497 1762 2551 χει-

197 2572 449 2641 μασθέντα
480 2571 570 2643 τῷ
611 2572 824 2643 θορύϐῳ
869 2572 960 2625 τὸν
1000 2572 1178 2642 λόγον,
1216 2573 1495 2646 μέμνησθε
1546 2576 1764 2638 πάντως

192 2659 262 2727 οἷς
295 2665 662 2736 μεμελέτηται
710 2664 798 2718 διὰ
847 2665 1064 2735 μνήμης
1110 2663 1251 2734 ἔχειν
1283 2667 1408 2729 τοὺς
1461 2667 1762 2738 μάρτυρας.

192 2750 284 2807 Ἦν
312 2757 386 2820 δὲ,
416 2756 492 2820 ὡς
547 2749 778 2826 οἷμαι,ή
826 2756 1115 2809 ἀκολουθία
1151 2757 1246 2810 τοῦ
1277 2757 1435 2825 λόγου
1481 2759 1639 2829 αὕτη,
1682 2761 1764 2813 ὅτι

191 2845 243 2896 οὐ
273 2846 372 2899 τῶν
402 2850 686 2919 τυχόντων
713 2843 854 2918 ἦσάν
881 2864 1026 2911 τινες
1055 2849 1105 2901 οί
1135 2849 1214 2910 εἰς
1249 2847 1340 2900 τὸν
1367 2849 1554 2916 ἀγῶνα
1577 2849 1764 2903 τοῦτον

192 2934 565 3008 ἐξειλεγμένοι,
595 2938 714 2990 οὐδέ
737 2955 818 3000 τις
841 2937 1146 3008 σύμμικτος
1167 2939 1260 2992 καὶ
1285 2938 1565 3009 ἀνώνυμος
1587 2939 1761 3010 ὄχλος,

193 3026 248 3078 ἐκ
291 3029 568 3082 ταπεινῶν
617 3029 1060 3099 ἐπιτηδευμάτων
1110 3032 1464 3102 ὁρμηθέντες,
1523 3033 1660 3104 πρὸς
1705 3032 1765 3086 τὸ

191 3119 386 3191 ἀξίωμα
407 3121 579 3175 τοῦτο
628 3120 975 3192 ἐπήρθησαν
1007 3123 1143 3176 ἀλλά
1187 3124 1404 3195 πρῶτον
1451 3125 1549 3194 μὲν
1578 3125 1644 3178 δι’
1671 3125 1753 3177 εύο

193 3212 335 3278 φυῖαν
367 3213 650 3283 σώματος,
701 3212 887 3266 κάλλει
935 3214 1027 3266 καὶ
1056 3214 1282 3284 δυνάμει
1317 3215 1410 3268 καί¹
1450 3215 1640 3286 ῥώμης
1667 3233 1766 3268 πε-
1791 3247 1834 3304 C

197 3305 388 3376 ριουσίᾳ
409 3306 518 3359 τῶν
561 3304 766 3359 λοιπῶν
798 3305 1189 3374 διενεγκόντες,
1217 3309 1330 3370 τοῖς
1355 3309 1765 3377 στρατιωτικοῖς

194 3395 489 3462 καταλόγοις
530 3393 984 3466 ἐνηριθμήθησαν
1008 3410 1022 3425 ·
1063 3395 1201 3464 μετά
1240 3396 1414 3449 ταῦτα
1450 3396 1506 3448 δὲ
1532 3395 1611 3466 τῷ
1649 3397 1768 3449 κατ’

193 3486 370 3558 ἀρετὴν
420 3487 520 3559 βίῳ
596 3485 688 3539 καὶ
736 3485 981 3557 πολιτείᾳ
1052 3485 1287 3557 σώφρονι
1349 3486 1767 3557 διαπρέψαντες,

196 3577 358 3651 ὥσπερ
391 3597 442 3633 τι
466 3579 652 3650 γέρας
689 3578 784 3631 καὶ
814 3578 1086 3649 ἀριστεῖον
1112 3577 1210 3648 τὴν
1243 3577 1403 3649 χάριν
1428 3578 1529 3649 τῆς
1564 3595 1770 3650 μαρτυ-

197 3673 302 3741 ρίας
323 3672 707 3736 τελειωθέντες
729 3672 992 3738 ἐδέξαντο.
1025 3674 1134 3726 Καὶ
1160 3676 1207 3726 εί
1228 3673 1378 3726 δοκεῖ
1401 3675 1476 3737 ὡς
1499 3674 1565 3728 ἂν
1586 3675 1769 3744 ἡδίους

192 3768 484 3836 γενοίμεθα,
516 3766 710 3821 πάντα
749 3767 819 3819 τὰ
863 3765 971 3818 τῶν
1009 3763 1301 3836 μαρτύρων
1342 3765 1539 3838 ἐφεξῆς
1567 3765 1770 3820 ἀναλά-

192 3853 375 3926 ϐωμεν,
401 3855 513 3913 οἷον
559 3859 650 3912 ὑπ’
678 3858 800 3927 ὄψιν
827 3858 1050 3928 ἄγοντες
1079 3857 1158 3928 τῷ
1181 3858 1408 3929 παρόντι
1435 3857 1647 3929 θεάτρῳ
1670 3857 1770 3930 τὴν

192 3947 417 4022 ἄθλησιν.

1267 424 1334 501 1N
1373 445 1874 514 QUADIUGINTA:
1917 445 2311 502 mn'rrnes.

1779 576 1826 631 Α

3327 441 3434 499 758

2465 561 2726 620 ORATIO
2762 561 2827 629 ιι,

1925 657 2052 714 ﬂeri
2085 665 2350 726 martyres
2379 656 2446 710 ad
2479 671 2601 711 sese
2642 655 2903 726 pepulum
2938 655 3250 720 vocabant;
3286 667 3435 712 nunc

1854 749 2091 818 hospitio
2120 747 2382 802 Ecclesiae
2434 747 2540 818 ipsi
2591 762 2710 802 sese
2741 744 3031 802 oﬂ‘e‘rentes
3062 747 3430 816 excipiuntur.

1853 843 1961 898 Lex
1996 853 2174 897 autem
2204 842 2453 912 quaedam
2483 840 2809 895 convivialis
2836 849 2938 904 est,
2973 847 3033 893 ut
3055 839 3353 894 circulares
3382 847 3434 894 et

1854 938 2109 1005 vulgares
2157 935 2292 990 istas
2333 934 2522 1004 epulas
2573 933 2662 987 alii
2707 933 2830 986 aliis
2862 932 3108 987 convivis
3150 942 3297 988 certa
3352 934 3435 986 vi-

1856 1028 2188 1085 cissitudine
2225 1027 2506 1097 praebeant
2536 1024 2590 1080 in
2619 1025 2832 1079 orbem.
2869 1023 3038 1094 Igitur
3068 1038 3297 1077 necesse
3324 1031 3432 1088 est,

1857 1129 1917 1174 ut
1944 1118 2110 1174 etiam
2142 1132 2242 1172 nos
2267 1126 2460 1171 contra
2497 1113 2840 1184 martyribus
2873 1128 3062 1184 parem
3107 1127 3278 1167 comae
3311 1126 3437 1183 gra-

1855 1207 1987 1262 tiam
2022 1206 2342 1270 referamus,
2395 1214 2450 1260 et
2490 1203 2633 1259 idem
2665 1202 2903 1258 Olﬁcium
2937 1211 3283 1273 praestemus.
3329 1201 3437 1257 Sed

1858 1299 2116 1370 quoniam
2148 1303 2340 1351 nostra
2381 1294 2616 1350 facultas
2657 1293 2926 1348 orationis
2957 1293 3116 1363 inops
3153 1300 3209 1348 et
3244 1293 3451 1363 exigua

1857 1398 1963 1456 est,
1992 1389 2138 1444 haud
2165 1387 2577 1443 incommodum
2615 1385 2801 1451 fuerit,
2832 1385 2878 1441 si
2905 1385 2974 1439 ab
2999 1384 3108 1438 illis
3141 1383 3276 1454 ipsis
3293 1399 3440 1437 sum-

1859 1484 1968 1556 ptis
2039 1482 2288 1553 reliquiis
2337 1479 2680 1549 excipiamus
2729 1493 2826 1532 eos
2890 1473 2982 1546 qui
3034 1477 3157 1531 heri
3212 1476 3433 1545 quidem

1860 1573 2242 1632 convivatores
2268 1579 2323 1626 et
2349 1571 2494 1642 epuli
2525 1569 2843 1641 praabitores
2872 1575 3031 1623 erant
3053 1609 3068 1633 ,
3103 1567 3268 1622 hodie
3307 1581 3437 1620 vero

1861 1664 2104 1718 convivae
2134 1669 2283 1717 sunt.
2319 1659 2530 1715 Sufﬁcit
2572 1658 2714 1714 enim
2745 1657 2830 1713 vel
2856 1657 3051 1728 exigua
3091 1656 3338 1725 quaedam
3374 1655 3441 1709 de

1860 1756 2028 1811 divite
2057 1769 2243 1809 mensa
2274 1768 2424 1825 pars,
2464 1760 2589 1807 eum
2629 1751 2768 1806 tales
2816 1749 3063 1821 reliquiae
3115 1748 3337 1811 fuerint,
3369 1747 3438 1800 ad

1863 1849 2044 1919 magni
2075 1847 2221 1917 epuli
2254 1853 2601 1917 apparatum.
2644 1843 2775 1910 Quae
2815 1849 2944 1898 sunt
2992 1842 3156 1913 igitur
3199 1841 3282 1894 hae
3314 1841 3442 1895 reli-

1864 1939 2041 2010 quiae?
2088 1935 2419 1993 Meministis
2465 1949 2695 2006 prorsus
2742 1936 2796 1986 ln
2841 1945 2948 2001 qua
2982 1939 3138 2000 parte
3175 1928 3444 1983 orationis

1865 2031 2228 2093 haerebamus,
2269 2042 2394 2082 cum
2428 2031 2649 2095 Optatus
2679 2022 2770 2076 ille
2799 2027 2854 2074 et
2881 2016 3160 2088 iucundus
3189 2016 3347 2070 nobis
3373 2031 3448 2069 ex

1863 2121 2214 2176 multitudine
2253 2127 2710 2189 congregalorum
2756 2116 3030 2171 tumultus
3070 2111 3454 2168 confundebat:

1863 2228 2054 2270 eorum
2093 2227 2215 2282 quae
2256 2211 2582 2265 dicebantur
2629 2209 3091 2263 auscultationem
3124 2225 3138 2260 :
3172 2221 3294 2261 cum
3328 2205 3446 2258 ani-

1865 2312 2072 2358 matum
2122 2301 2253 2356 illud
2299 2299 2561 2355 Ecclesia:
2615 2313 2766 2353 mare
2817 2296 3169 2351 multitudine
3211 2293 3460 2347 aliorum

1865 2411 2030 2465 super
2063 2394 2201 2448 alios
2231 2390 2619 2447 conﬂuentium
2655 2397 2709 2444 et
2733 2388 3104 2458 ingruenti-um
3148 2385 3451 2450 inundans,

1867 2487 1935 2540 ad
1982 2486 2248 2555 impetum
2305 2490 2360 2538 ct
2405 2481 2790 2552 impulsioncm
2842 2494 3033 2534 eorum
3077 2477 3168 2548 qui
3225 2491 3441 2544 semper

1864 2579 1920 2633 vi
1949 2578 2344 2645 irrumperent,
2381 2573 2675 2627 fluctuaret
2698 2579 2752 2626 et
2776 2576 3061 2635 aestuaret,
3097 2570 3278 2624 sonitu
3309 2583 3445 2636 quo-

1865 2685 1971 2740 que
2014 2669 2134 2736 ipso
2172 2681 2362 2721 verum
2406 2665 2631 2718 imitans
2661 2677 2834 2727 mare,
2883 2661 3048 2715 veluti
3090 2661 3318 2729 rupibus
3367 2659 3452 2712 lit-

1868 2757 2136 2812 toralibus
2169 2755 2400 2808 auribus
2449 2752 2656 2807 nostris
2707 2751 2981 2804 undarum
3033 2749 3318 2818 strepitum
3366 2749 3446 2801 in-

1866 2849 2110 2920 fringens
2140 2855 2194 2901 et
2222 2845 2460 2900 illidens.
2499 2842 2556 2897 In
2586 2842 2788 2912 quibus
2817 2841 2980 2911 igitur
3014 2839 3250 2894 tumultu
3285 2838 3449 2908 quasi

1865 2949 2190 3010 tempestate
2229 2939 2492 3008 jactatam
2547 2935 2934 3003 reliquerimus
2969 2933 3294 2994 orationem,
3338 2947 3452 2984 me-

1867 3032 2104 3087 ministis
2125 3045 2374 3101 prorsus,
2408 3026 2611 3098 quibus
2641 3025 2954 3080 recordatio
2981 3033 3280 3093 martyrum
3307 3037 3453 3076 cura!

1866 3133 1968 3180 est.
2007 3123 2136 3177 Erat
2185 3132 2365 3177 autem
2407 3119 2775 3183 continuatio,
2813 3118 3028 3187 Opinor,
3061 3124 3116 3171 et
3161 3124 3452 3170 contextus

1867 3215 2136 3272 orationis
2191 3214 2303 3278 hic,
2352 3211 2497 3280 quod
2549 3227 2660 3266 non
2713 3226 2781 3266 ex
2833 3209 3100 3279 gregariis
3155 3219 3208 3262 et
3252 3205 3452 3262 vilibus

1868 3307 2089 3379 quidam
2129 3312 2339 3371 essent,
2370 3304 2464 3373 qui
2514 3304 2579 3358 ad
2614 3303 2720 3357 hoc
2768 3309 3050 3356 certamen
3093 3297 3252 3354 electi
3298 3305 3450 3362 sunt,

1867 3414 2046 3469 neque
2089 3399 2458 3467 promiscuum
2498 3394 2776 3466 quoddam
2825 3399 2879 3446 et
2931 3392 3226 3446 Obscurum
3261 3391 3454 3460 vulgus

1869 3507 1936 3546 ex
1969 3490 2269 3544 humilibus
2298 3488 2582 3544 exercitiis
2615 3497 2670 3540 et
2700 3483 2901 3539 studiis
2929 3481 3160 3552 profecti
3192 3479 3260 3534 ad
3309 3481 3454 3534 hanc

1869 3581 2190 3652 dignitatem
2227 3578 2400 3634 evecti
2429 3583 2644 3642 essent;
2677 3575 2773 3629 sed
2802 3573 3039 3642 primum
3075 3571 3296 3640 quidem
3325 3584 3453 3638 pro-

1869 3682 1992 3746 pter
2033 3673 2175 3727 bona
2211 3679 2376 3740 atque
2416 3653 2702 3723 commoda
2735 3663 2988 3736 corporis
3016 3662 3213 3718 decore
3239 3671 3291 3715 et
3326 3660 3454 3714 viri-

1873 3767 1975 3821 bus
2001 3772 2054 3820 et
2086 3764 2283 3819 robore
2330 3765 2628 3830 superante
2659 3758 2906 3827 reliquos
2939 3752 3312 3825 praecedentes
3361 3750 3456 3804 mi-

1872 3855 2124 3911 litaribus
2156 3853 2403 3908 numeris
2444 3849 2672 3920 ascripti
2705 3855 2894 3903 essent
2921 3865 2934 3901 :
2963 3845 3162 3900 deinde
3187 3856 3318 3900 vero
3367 3855 3458 3897 so-

1872 3949 1997 4004 brio
2040 3956 2202 4016 atque
2253 3959 2376 3999 cum
2431 3943 2635 3997 virtute
2677 3939 2973 4010 coniuncto
3034 3937 3155 3990 vita:
3207 3933 3459 3990 instituto

189 4055 300 4097 eum
381 4045 809 4114 excelluissent,
882 4052 1146 4116 tanquam
1195 4046 1479 4115 praemium
1532 4044 1810 4117 quoddam
1878 4039 2204 4098 decorandae
2252 4047 2307 4094 et
2362 4036 2716 4092 honestanda:
2777 4033 2995 4087 virtutis
3045 4045 3178 4100 ergo
3225 4028 3456 4100 gratiam
3525 4103 3528 4106 γ

191 4140 422 4210 martyrii
467 4139 850 4196 consummati
900 4139 1262 4209 accepissent.
1309 4139 1387 4193 Ac
1441 4138 1487 4193 si
1531 4139 1766 4200 videtur,
1807 4150 1916 4207 quo
1937 4134 2113 4189 oratio
2136 4141 2328 4187 nostra
2381 4130 2556 4200 magis
2581 4127 2826 4197 jucunda
2883 4123 3175 4185 efficiatur,
3239 4133 3456 4176 onmem

192 4237 294 4280 rem
347 4238 570 4298 gestam
643 4243 673 4281 a
721 4229 1056 4298 martyribus
1113 4228 1375 4298 deinceps
1419 4225 1611 4283 ordine
1654 4234 1991 4297 repetamus,
2064 4231 2326 4294 tanquam
2379 4222 2434 4275 in
2487 4228 2786 4290 conspectu
2842 4216 2970 4271 huic
3014 4215 3228 4268 theatro
3278 4213 3456 4282 ipsam

192 4320 538 4376 certationem
573 4319 930 4376 adducentes.

255 4407 358 4466 Ἦν
389 4431 439 4466 τι
469 4415 661 4484 τάγμα
691 4411 1082 4484 στρατιωτικὸν
1109 4411 1334 4466 παλαιὸν
1369 4411 1510 4466 κατά
1535 4410 1634 4483 τὴν
1659 4409 1770 4479 γεί-

192 4519 310 4556 τονα
338 4505 495 4558 πόλιν
531 4506 732 4568 παντὸς
766 4505 856 4558 τοῦ
889 4505 1075 4566 ἔθνους
1119 4504 1256 4577 πρὸς
1296 4504 1394 4569 τὰς
1428 4505 1536 4557 τῶν
1568 4501 1772 4574 βαρϐά-

1953 4402 2081 4457 Erat
2108 4409 2264 4456 vetus
2283 4399 2537 4470 quaedam
2555 4399 2703 4451 circa
2729 4396 2962 4451 vicinam
2989 4393 3180 4448 urbem
3222 4393 3458 4448 militum

1881 4512 2098 4559 manus,
2140 4494 2455 4566 praesidium
2501 4491 2672 4545 totius
2701 4492 2881 4560 gentis
2916 4489 3183 4543 adversus
3223 4488 3460 4558 impetus

195 4609 296 4664 ρων
323 4596 498 4667 ὁρμάς
527 4595 964 4665 προκαθήμενον·
988 4595 1214 4673 ἐκείνοις
1235 4593 1299 4648 ἐκ
1322 4611 1464 4657 τινος
1489 4596 1766 4664 προῦπαρ·

1879 4589 2258 4644 barbarorum.
2285 4584 2396 4640 illis
2442 4600 2509 4640 ex
2548 4583 2784 4653 quadam
2831 4590 2957 4636 ante
2994 4580 3174 4635 oblata
3198 4580 3462 4638 divinitus

196 4684 386 4755 χούσης
433 4683 625 4737 θεόθεν
670 4683 1021 4750 ἐπιφανείας,
1070 4684 1253 4736 πλεῖον
1279 4685 1311 4755 ἡ
1343 4682 1523 4744 πίστις
1552 4680 1658 4733 τῶν
1685 4697 1782 4732 τα-

195 4774 386 4828 κτικῶν
420 4773 922 4836 ἐσπουδάζετο.Κα“ι
953 4773 1083 4837 ἴσως
1107 4773 1208 4826 οὐκ
1241 4771 1466 4842 ἄκαιρον
1492 4771 1551 4824 ἐν
1579 4787 1629 4822 τι
1653 4786 1780 4823 κατ-

193 4864 411 4936 όρθωμα
444 4868 550 4936 τῆς
595 4867 834 4929 πίστεως
865 4865 975 4918 τῶν
1023 4863 1234 4936 ἀνδρῶν
1254 4864 1477 4916 ἐκείνων
1500 4863 1558 4915 ἐν
1597 4878 1780 4930 παρα-

193 4952 356 5027 δρομῇ
391 4957 783 5027 διηγήσασθαι.
818 4955 1120 5018 Συστάντος
1153 4953 1264 5025 γὰρ
1293 4953 1474 5016 αὐτοῖς
1519 4969 1651 5004 ποτε
1684 4952 1778 5004 τοῦ

191 5045 320 5114 πρὸς
355 5048 486 5110 τοὺς
539 5047 846 5119 βαρϐάρους
878 5047 1150 5117 πολέμου,
1197 5046 1291 5099 καὶ
1323 5044 1432 5099 τῶν
1476 5045 1778 5115 ἐπικαίρων

193 5137 404 5193 πάντων
458 5138 1030 5209 προκαταληφθέντων
1078 5137 1184 5191 ὑπὸ
1214 5138 1314 5208 τῆς
1361 5137 1471 5191 τῶν
1519 5136 1779 5190 ἐναντίων

193 5232 472 5297 στρατιᾶς,
508 5231 604 5283 καὶ
632 5230 741 5284 τῶν
765 5231 973 5284 ὑδάτων
1002 5231 1059 5283 ἐν
1086 5231 1153 5300 τῇ
1177 5228 1284 5282 τῶν
1314 5227 1528 5298 ἐχθρῶν
1557 5227 1778 5298 ἐξουσίᾳ

191 5323 599 5391 γεγενημένων,
634 5323 714 5386 είς
739 5321 967 5392 ἔσχατον
998 5321 1244 5384 ἐλθόντες
1278 5321 1540 5384 κίνδυνον,
1571 5321 1680 5374 stre
1709 5319 1782 5373 δι’

191 5412 445 5482 ἀπειρίαν
486 5411 598 5465 τῶν
623 5412 694 5467 τὰ
734 5413 978 5485 ἡμέτερα
1024 5411 1495 5486 στρατηγούντων,
1549 5413 1658 5465 εἴτε
1691 5411 1780 5465 διά

191 5516 308 5556 τινα
334 5503 630 5574 κρείττονα
657 5506 752 5558 καὶ
784 5505 1064 5576 θειοτέραν
1093 5505 1426 5575 οἰκονομίαν,
1458 5505 1536 5568 ὡς
1563 5503 1628 5558 ἂν
1672 5504 1780 5574 μά·

192 5591 346 5648 λιστα
368 5595 470 5648 καὶ
495 5594 586 5648 διά
613 5595 802 5651 τούτου
833 5597 1027 5668 φανείη
1053 5597 1162 5650 τῶν
1184 5596 1528 5669 Χριστιανῶν
1558 5595 1618 5648 τὸ
1643 5594 1782 5666 πρὸς

193 5684 313 5748 τοὺς
340 5684 679 5754 ἀλλοφύλους
695 5688 968 5759 διάφορον·
993 5688 1182 5759 ἐπειδὴ
1209 5689 1308 5742 οὐκ
1331 5683 1477 5759 εἶχον
1496 5687 1524 5740 ὃ
1549 5704 1600 5739 τι
1647 5687 1782 5756 χρή-

197 5789 374 5830 σονται
404 5780 527 5840 τοῖς
560 5779 820 5849 παροῦσι,
855 5780 949 5834 καὶ
979 5779 1146 5851 πολλή
1182 5797 1266 5843 τις
1304 5776 1372 5850 ἦν
1397 5782 1430 5849 ἡ
1464 5779 1777 5849 ἀμηχανία,

197 5865 450 5938 οὐδεμιᾶς
481 5869 669 5934 αὐτοῖς
695 5871 918 5936 πίδακος
955 5872 989 5942 ἢ
1024 5872 1324 5943 ἀπορροίας
1346 5872 1552 5925 ὑδάτων
1576 5872 1777 5942 ἐμφαι-

199 5956 426 6028 νῡμένης
471 5956 554 6026 τῷ
597 5961 768 6030 τόπῳ,
813 5961 904 6014 καὶ
947 5960 1183 6023 κίνδυνος
1229 5955 1295 6029 ἦν
1352 5958 1624 6030 ὑπυκύψαι
1670 5960 1779 6019 τοῖς

1879 4678 2239 4748 apparitione,
2287 4675 2477 4743 majori
2517 4673 2700 4729 studio
2748 4672 2882 4728 fides
2910 4678 3052 4736 erat,
3085 4688 3248 4742 quam
3288 4689 3373 4728 res
3399 4687 3462 4727 ac

1879 4769 2173 4839 disciplina
2213 4767 2490 4820 militaris.
2547 4765 2626 4819 Ac
2678 4763 2910 4819 forsitan
2960 4779 3071 4818 non
3119 4763 3459 4831 intempesti-

1874 4877 2004 4915 vum
2060 4860 2228 4914 fuerit
2272 4873 2444 4913 unum
2476 4856 2750 4926 quoddam
2786 4855 2914 4910 fidei
2958 4855 3200 4910 virorum
3243 4855 3458 4908 illorum

1877 4953 2094 5007 facinus
2117 4950 2397 5021 egregium
2431 4949 2608 5003 obiter
2639 4960 3096 5002 commemorare.
3126 4944 3280 4998 Bello
3313 4945 3463 4998 enim

1883 5043 1964 5099 eis
2024 5041 2288 5096 adversus
2321 5040 2604 5094 “barbaros
2657 5037 2952 5106 aliquando
3002 5033 3270 5097 conflato,
3335 5049 3460 5086 cum

1885 5133 2144 5189 omnibus
2157 5132 2295 5187 locis
2311 5129 2638 5202 opportunis
2653 5130 2720 5184 ab
2736 5128 2983 5183 exercitu
3002 5127 3242 5181 hostium
3260 5140 3463 5195 prmoc—

1885 5225 2119 5295 cupatis,
2165 5238 2322 5293 aquae
2354 5235 2574 5292 quoque
2621 5221 2675 5273 in
2725 5233 2914 5273 eorum
2943 5225 3220 5287 potestate
3253 5227 3459 5278 essent,

1887 5316 1953 5370 ad
2007 5325 2309 5370 extremum
2362 5312 2668 5384 periculum
2730 5310 2958 5376 redacti,
3017 5311 3132 5364 sive
3191 5309 3461 5380 imperitia

1886 5416 2204 5463 nostrorum
2244 5405 2467 5468 ducum,
2517 5402 2632 5457 sive
2686 5399 2912 5455 meliore
2959 5407 3014 5454 et
3064 5399 3252 5454 divino
3289 5401 3464 5469 magis

1887 5498 2122 5554 consilio
2159 5503 2323 5567 atque
2349 5493 2734 5565 dispositione,
2761 5500 2823 5546 ut
2855 5493 2938 5547 vel
2971 5507 3066 5562 per
3093 5491 3198 5546 hoc
3226 5493 3462 5546 maxime

1889 5597 2176 5660 appareret
2227 5585 2357 5657 quid
2393 5585 2685 5640 interesset
2731 5583 2875 5637 inter
2901 5581 3255 5638 Christianos
3297 5590 3472 5652 atque

1889 5692 2144 5736 externos
2167 5687 2222 5734 et
2247 5695 2276 5731 a
2309 5677 2413 5733 ﬁde
2449 5677 2658 5731 alienos
2688 5695 2700 5730 :
2725 5690 2851 5729 cum
2878 5675 3028 5728 nulla
3059 5677 3274 5729 ratione
3297 5675 3464 5728 rebus

1892 5772 2253 5842 praesentibus
2288 5768 2492 5822 mederi
2525 5775 2772 5837 possent,
2825 5779 3131 5836 magnaque
3172 5765 3466 5834 trepidatio

1889 5875 2052 5934 atque
2079 5864 2392 5932 desperatio
2421 5870 2589 5923 esset,
2621 5875 2744 5914 cum
2778 5858 2962 5913 utullus
2993 5858 3116 5913 fons
3138 5860 3190 5912 in
3223 5875 3288 5911 eo
3323 5857 3463 5919 loco,

1890 5970 1979 6014 aut
2018 5957 2236 6013 aliunde
2278 5952 2651 6026 provenicntis
2699 5967 2853 6024 aquae
2897 5949 3129 6006 facultas
3171 5950 3252 6004 eis
3299 5961 3464 6017 appa~
