3938 6422
507 407 612 464 759

1763 410 1819 464 S.
1846 409 2172 466 GREGOIHI
2207 407 2500 465 NYSSENI

3627 412 3708 468 ’ῖθθ

508 527 691 582 reret,
744 520 1159 593 periculumque
1213 531 1362 580 esset
1413 539 1482 580 ne
1531 524 1624 580 siti
1673 527 1968 596 expugnati
2015 525 2083 580 ab

2194 525 2448 588 ἐναντίοις
2494 521 3024 594 ἐκπολιορκηθέντας’
3064 520 3142 592 τῷ
3177 521 3316 592 δίψει
3337 536 3350 552 °
3383 521 3495 575 τότε
3528 528 3712 580 καταλι.

507 613 837 669 adversariis
867 615 1258 687 subigerentur
1293 635 1307 672 :
1344 626 1476 673 tunc
1507 619 1755 688 praeclari
1798 619 1873 673 illi
1919 626 2086 686 atque

504 705 732 776 egregii,
760 707 971 763 omisso
999 721 1278 762 armorum
1312 708 1590 778 praesidio,
1641 711 1902 762 invictum
1931 709 2088 763 cuive

504 794 693 848 resisti
727 809 836 850 non
863 803 1050 865 posset
1075 797 1340 852 auxilium
1367 799 1423 853 in
1461 795 1902 852 formidabilibus
1933 798 2090 867 ejus;

505 885 654 939 modi
685 886 1090 956 implorandum
1114 889 1219 945 sibi
1243 895 1576 944 statuerunt.
1605 887 1831 944 Relictis
1862 889 2006 944 enim
2031 891 2086 942 in

415 1003 422 1010 σ
505 976 708 1031 castris
750 978 819 1033 iis
853 974 947 1047 qui
974 978 1215 1033 nondum
1238 978 1400 1034 ﬁdem
1434 987 1780 1048 receperant,
1809 993 1873 1033 ac
1898 993 1996 1048 per
2027 993 2087 1034 se

505 1067 770 1138 separati,
808 1069 1100 1123 imitantur
1121 1069 1172 1124 id
1199 1069 1345 1139 quod
1371 1079 1615 1140 tempore
1651 1068 1782 1125 Elite
1806 1069 2087 1140 propheta:

508 1163 711 1216 factum
749 1169 833 1218 est
876 1163 1225 1225 miraculum.
1273 1164 1554 1219 communi
1586 1172 1754 1235 atque
1790 1164 2088 1234 conjuncta

507 1267 638 1306 voce
654 1253 908 1322 precibus
930 1261 1194 1323 petentes,
1213 1261 1274 1309 ut
1296 1270 1361 1309 ex
1383 1255 1548 1310 rebus
1560 1255 1938 1325 desperatisin
1952 1269 2088 1334 quas

505 1344 851 1407 incidissent,
869 1346 1236 1416 eriperentur.
1256 1347 1434 1418 Atque
1451 1348 1527 1403 illi
1553 1349 1772 1420 quidem
1792 1348 2089 1418 precaban-

503 1446 621 1502 tur;
651 1452 844 1507 preces
873 1453 1005 1492 vero
1045 1439 1322 1508 extemplo
1354 1440 1408 1493 in
1430 1455 1573 1509 opus
1601 1440 2083 1494 convertebantur.

503 1529 642 1584 Cum
667 1530 814 1585 enim
841 1531 1022 1586 adhuc
1037 1532 1140 1602 ipsi
1161 1532 1215 1586 in
1230 1532 1478 1587 oratione
1494 1533 1724 1603 genibus
1742 1532 1895 1588 ﬂexis
1911 1547 2091 1602 persc-

501 1622 780 1686 Verarent,
806 1621 938 1677 ﬂatu
956 1623 1200 1678 violento
1222 1625 1396 1678 nubes
1419 1624 1675 1679 alicunde
1697 1633 1885 1678 coacta
1911 1623 2088 1680 subli—

505 1710 610 1764 mis
635 1712 688 1766 in
707 1727 834 1768 aere
847 1714 1045 1769 castris
1062 1715 1302 1770 hostium
1326 1716 1677 1772 imminebat:
1697 1715 1897 1771 deinde
1916 1714 2089 1784 frago-

505 1803 662 1858 ribus
687 1804 998 1876 ingentibus
1021 1807 1476 1876 supcrintonans,
1503 1817 1554 1864 el
1578 1807 1854 1880 fulgurum
1872 1809 1927 1862 in
1951 1808 2085 1862 sub-

2188 617 2381 678 πάντες
2403 616 2453 667 oi
2479 617 2715 684 γενναῖοι
2741 614 2839 684 τὴν
2870 616 2934 667 ἐκ
2960 615 3068 668 τῶν
3092 614 3268 669 ὅπλων
3289 614 3546 685 βοήθειαν,
3576 617 3712 685 ἐγνω-

2190 727 2288 764 σαν
2316 709 2412 779 τὴν
2438 708 2648 778 ἄμαχον
2679 707 2775 760 καὶ
2803 707 3244 775 ἀκαταγώνιστον
3277 709 3333 760 ἐν
3362 710 3472 770 τοῖς
3505 709 3714 780 φοϐεροῖς

2187 798 2613 854 ἐπικαλέσασθαι
2668 798 3006 869 συμμαχίαν.
3068 799 3319 866 Ἀφέντες
3367 799 3470 869 γὰρ
3513 801 3596 853 ἐπὶ
3639 802 3715 854 τοῦ

2190 891 2552 963 στρατοπέδου
2575 890 2699 954 τοὺς
2729 891 2896 961 μήπω
2921 907 2995 943 πα
3003 889 3420 961 ραδεδεγμένους
3441 890 3533 962 τὴν
3547 891 3716 955 πίστιν,

2189 983 2284 1036 καὶ
2314 981 2397 1052 ἐφ’
2429 981 2638 1036 ἑαυτῶν
2669 981 2990 1045 ίδιάσαντες,
3025 981 3312 1052 μιμοῦνται
3333 981 3427 1052 τὴν
3449 983 3535 1034 ἐπὶ
3569 983 3717 1036 Ἠλίου

2186 1073 2281 1126 τοῦ
2322 1074 2599 1145 προφήτου
2623 1130 2629 1136 ,
2652 1073 2951 1143 γενομένην
2989 1071 3448 1144 θαυματουργίαν,
3493 1075 3628 1143 κοινῇ
3666 1077 3719 1144 τῇ

2189 1169 2340 1237 φωνῇ
2371 1166 2464 1220 καὶ
2502 1165 2910 1238 συντεταγμένῃ
2955 1164 3107 1218 λύσιν
3155 1165 3335 1228 αὐτοῖς
3367 1163 3424 1228 ἐξ
3467 1165 3721 1234 ἀμηχάνων

2189 1257 2443 1326 γενέσθαι
2491 1257 2592 1326 τῆς
2642 1257 2929 1327 συμφορᾶς
2976 1255 3352 1325 αἰτησάμενοι.
3405 1255 3510 1307 Καὶ
3556 1254 3600 1306 οἱ
3644 1253 3723 1324 μὲν

2189 1351 2436 1425 ηὔχοντο·
2473 1352 2506 1420 ἡ
2545 1350 2603 1404 δέ
2631 1349 2764 1420 εὐχὴ
2809 1349 3151 1419 παραχρῆμα
3182 1347 3340 1419 ἔργον
3375 1346 3588 1415 ἐγίνετο.
3625 1345 3723 1398 Ἔτι

2189 1444 2296 1515 γάρ
2330 1443 2510 1497 αὐτῶν
2545 1445 2610 1513 τῇ
2647 1440 2962 1511 γονυκλισία
2990 1439 3552 1510 προσκαρτερούντων,
3588 1437 3723 1489 πνεύο

2193 1552 2321 1605 ματι
2365 1530 2526 1604 βιαίῳ
2566 1531 2764 1601 νεφέλη
2812 1529 2974 1582 ποθὲν
3022 1527 3436 1598 ἀποληφθεῖσα,
3496 1525 3724 1596 μετέωρος

2190 1628 2329 1700 ὑπὲρ
2351 1626 2410 1680 τὸ
2431 1625 2538 1680 τῶν
2569 1623 2840 1694 πολεμίων
2866 1621 3226 1692 στρατόπεδον
3253 1622 3454 1674 ἵστατο*
3481 1615 3588 1672 εἶτα
3610 1618 3726 1689 βρον-

2189 1721 2287 1783 τὰς
2333 1719 2602 1784 ἐξαισίους
2635 1716 3088 1785 ἐπικτυπήσασα,
3119 1714 3213 1767 καὶ
3245 1711 3524 1784 ἀστραπὰς
3553 1709 3726 1780 φλογώ-

2187 1811 2299 1874 δεις
2323 1810 2466 1864 κατά
2495 1809 2602 1862 τῶν
2644 1807 3018 1878 ὑποκειμένων
3050 1805 3327 1874 ἐξάψασα,
3365 1805 3726 1874 κατερρήγνυεν

503 1893 680 1964 jectos
711 1897 963 1951 incendia
990 1898 1309 1965 immittens,
1340 1914 1538 1968 aquam
1564 1899 1886 1954 ﬂuminibus
1907 1900 2083 1954 abun-

2194 1901 2335 1973 ὕδωρ
2367 1900 2630 1970 ποταμῶν
2663 1898 3056 1969 ἀφθονώτερον·
3089 1896 3229 1950 ὥστε
3265 1897 3378 1956 τοῖς
3417 1895 3510 1966 μὲν
3536 1895 3732 1946 ὑπεναν-

505 1985 812 2041 danu'orem
844 1988 1242 2058 praecipitabat,
1273 1989 1408 2049 adeo
1427 1997 1485 2044 ut
1511 1991 1842 2045 adversariis
1865 1991 2082 2059 quidem

505 2085 621 2132 tum
659 2079 1004 2135 continentia
1045 2079 1300 2144 fulmina,
1348 2089 1463 2136 tum
1512 2083 1950 2138 continuationis
1979 2084 2085 2136 im-

504 2169 688 2223 brium
725 2171 808 2226 vis
830 2171 1059 2225 extremi
1087 2171 1242 2226 exitii
1268 2187 1437 2228 causa
1467 2173 1793 2238 exsisteret;
1815 2172 1902 2227 his
1933 2187 2084 2237 vero,

505 2259 599 2329 qui
626 2276 846 2331 precum
863 2263 1032 2316 aciem
1050 2271 1442 2333 opposuerant,
1459 2264 1526 2319 ad
1547 2271 1778 2334 utraque
1794 2263 2086 2330 suﬂiceret,

506 2362 618 2406 tam
659 2353 725 2408 ad
759 2355 1060 2410 vincendos
1107 2356 1295 2412 hostes
1325 2372 1491 2426 quam
1532 2356 1598 2410 ad
1641 2356 1764 2411 sitis
1801 2357 2084 2421 levamen,

505 2442 709 2510 quippe
737 2441 1104 2498 deﬂuentibus
1129 2444 1470 2499 torrentibus
1494 2444 1709 2498 abunde
1741 2452 1928 2514 potum
1952 2445 2086 2515 ipsis

507 2533 1012 2601 suppeditantibus.
1078 2533 1173 2589 llis
1224 2534 1390 2604 igitur
1437 2534 1734 2604 adjunctus
1782 2545 1866 2589 est
1922 2536 2089 2589 etiam

507 2633 694 2678 noster
732 2636 910 2680 emtus
928 2641 1143 2690 eorum,
1178 2627 1272 2696 qui
1304 2626 1371 2682 de
1400 2627 1643 2682 exercitu
1681 2629 2088 2685 narrationibus

507 2716 618 2772 illis
647 2716 812 2771 etiam
849 2718 952 2789 ipsi
977 2718 1126 2773 circa
1165 2719 1323 2773 ﬁdem
1352 2718 1684 2784 confirmati,
1717 2728 1773 2774 et
1804 2720 1856 2774 in
1893 2721 2088 2776 iisdem

505 2807 708 2864 studiis
743 2816 799 2862 et
835 2810 1114 2880 exercitiis
1155 2809 1408 2865 innutriti
1452 2810 1504 2864 in
1547 2819 1755 2866 tantam
1801 2813 1970 2866 animi
2014 2813 2092 2866 in-

505 2898 683 2953 dolem
717 2914 780 2955 ac
811 2901 1240 2970 magnitudinem
1285 2902 1459 2958 evecti
1491 2912 1646 2965 sunt,
1677 2911 1736 2957 ut
1767 2904 2088 2959 excellentia

506 2990 734 3046 virtutis
755 2991 1017 3047 adversus
1045 3007 1166 3046 sese
1197 2993 1458 3047 invidiam
1480 2994 1864 3052 excitaverint.
1884 2994 2088 3060 Quem-

509 3081 805 3138 admodum
847 3084 992 3138 euim
1031 3085 1327 3140 didicimus
1361 3100 1428 3140 ex
1463 3085 1532 3141 iis
1575 3101 1696 3155 quae
1735 3102 1882 3140 nunc
1930 3089 2089 3143 nobis

507 3191 576 3230 ex
610 3175 840 3231 historia
883 3174 1002 3230 Jobi
1049 3175 1300 3246 praelecta
1349 3185 1502 3240 sunt,
1544 3178 1693 3247 quod
1738 3179 2087 3234 adversarius

508 3263 766 3318 humanae
795 3267 919 3318 vitae
961 3243 1215 3333 injuriam
1247 3266 1350 3321 sibi
1381 3267 1499 3322 ﬁeri
1539 3243 1759 3337 putaret
1805 3267 1951 3337 quod
1989 3267 2093 3324 Job
2121 3243 2161 3298 ϐ

508 3356 730 3412 virtutis
766 3357 988 3412 nomine
1037 3358 1270 3414 clarerct
1325 3375 1389 3414 ac
1439 3360 1579 3415 bene
1628 3359 1868 3425 audiret,
1915 3372 1970 3416 et
2009 3362 2091 3415 id-

508 3449 656 3504 circo
691 3463 816 3503 eum
861 3450 1181 3520 deposceret
1229 3450 1296 3505 ad
1329 3461 1687 3520 tormentum,
1725 3453 1871 3524 quod
1918 3453 2093 3509 oﬂ‘cn-

507 3542 667 3596 deret
697 3555 761 3596 ac
790 3542 1039 3598 molestia
1073 3543 1311 3600 alliceret
1339 3561 1461 3600 eum
1494 3544 1620 3611 Job,
1653 3546 1747 3617 qui
1785 3563 1974 3612 verax,
2003 3547 2092 3617 ju-

509 3642 634 3690 stus
669 3643 724 3689 et
777 3627 1092 3706 inculpatus
1144 3646 1294 3694 esset
1341 3639 1576 3694 :eodem
1621 3640 1783 3694 modo
1828 3639 2004 3695 hostis
2038 3647 2094 3693 et

508 3729 734 3782 invasor
765 3727 1062 3789 bonorum,
1088 3729 1338 3798 improbo
1364 3731 1528 3786 oculo
1565 3731 1698 3785 vidit
1731 3746 1958 3802 magnos
1990 3731 2092 3787 hos

507 3819 744 3890 pugiles,
798 3829 851 3874 et
896 3836 1004 3876 non
1065 3822 1194 3876 tulit
1245 3824 1499 3878 canitiem
1546 3838 1784 3886 morum,
1827 3839 1991 3892 quam
2039 3825 2091 3877 in

505 3907 740 3977 juvenili
767 3916 932 3964 aetate
964 3910 1450 3966 animadvertebat.
1482 3911 1632 3965 Vidit
1661 3928 1953 3982 corporum
1995 3913 2092 3967 ﬂo-

509 4015 626 4054 rem
681 3999 1022 4056 continentia
1079 4010 1244 4072 atque
1296 4003 1598 4058 sobrietate
1652 4005 1839 4058 ornari
1894 4024 1907 4058 :
1956 4005 2093 4060 vidit

510 4099 786 4147 armatum
847 4091 1140 4162 quemdam
1194 4094 1461 4161 chorum,
1511 4111 1610 4165 per
1649 4095 1948 4151 exercitum
1999 4111 2094 4151 eos

508 4185 626 4240 Deo
670 4184 905 4239 choreas
954 4185 1243 4249 ducentes,
1301 4185 1564 4256 pulchros
1614 4194 1863 4256 aspectu,
1915 4187 2093 4243 oculis

509 4291 700 4336 torvos
729 4285 784 4333 et
815 4276 1114 4342 terribiles,
1152 4277 1430 4332 excelsum
1464 4277 1731 4344 animum,
1765 4287 1818 4333 et
1865 4281 2093 4350 spiritus

510 4376 891 4435 contumaces,
923 4367 1122 4439 pedum
1154 4367 1531 4434 velocitatem,
1567 4369 1714 4424 vires
1741 4371 2090 4435 excellentes,

513 4460 953 4522 convenientem,
988 4468 1168 4528 aptam
1220 4467 1274 4514 et
1323 4459 1670 4514 commodam
1723 4461 2091 4517 membrorum

513 4547 975 4615 compactionem,
1026 4548 1082 4600 in
1142 4550 1420 4613 omnibus,
1470 4565 1592 4620 quae
1633 4550 1767 4618 ipsis
1817 4550 2090 4614 adessent,

513 4637 822 4692 commodis
862 4637 1031 4690 animi
1077 4640 1335 4693 virtutem
1377 4655 1478 4693 suo
1518 4641 1810 4710 splendore
1845 4643 2095 4713 corporis

514 4729 659 4784 bona
710 4737 1083 4798 superantem.
1143 4729 1449 4785 lnambulat
1487 4733 1653 4789 etiam
1707 4749 1804 4803 per
1862 4735 1989 4790 illos
2039 4737 2096 4790 in

514 4822 742 4888 invidia,
770 4821 864 4892 qui
905 4837 1001 4891 per
1031 4822 1221 4877 orbem
1267 4830 1536 4878 terrarum
1572 4827 1915 4882 obambulat.
1946 4825 2096 4882 Vidit

514 4928 622 4968 non
668 4928 836 4968 unum
880 4912 1156 4967 hominem
1197 4928 1468 4981 veracem,
1503 4913 1600 4969 sed
1643 4925 1921 4972 catervam
1949 4918 2095 4973 divi-

512 5022 641 5061 nam
679 5015 759 5061 tot
809 5005 1080 5070 virorum,
1137 5005 1230 5076 qui
1277 5021 1473 5062 omnes
1523 5022 1767 5072 veraces,
1801 5008 1958 5077 justi,
2003 5009 2095 5064 Dei

513 5101 757 5156 cultores
786 5107 966 5165 erant,
1016 5101 1265 5171 deposcit
1297 5101 1459 5155 etiam
1506 5101 1628 5156 illos
1658 5102 1723 5155 ad
1762 5117 1922 5156 suum
1955 5103 2096 5157 arbi-

515 5195 704 5249 trium.
747 5193 827 5248 Ac
857 5194 1095 5263 primum
1127 5191 1347 5261 quidem
1393 5192 1521 5248 duci
1565 5195 1851 5264 copiarum
1901 5195 2097 5250 insano

509 5285 941 5340 simulacrorum
986 5283 1159 5338 cultui
1226 5282 1414 5340 dedito
1473 5285 1808 5355 persuadere
1857 5297 2126 5350 conatur,

2190 1992 2346 2058 τίοις,
2379 1992 2472 2044 καὶ
2500 1991 2608 2044 τῶν
2641 1989 2897 2060 σκηπτῶν
2920 1992 3019 2059 τὴν
3052 1989 3349 2058 συνέχειαν,
3368 1989 3460 2041 καὶ
3477 1987 3534 2040 τὸ
3562 1984 3729 2054 πλῆθος

2189 2086 2287 2154 τῆς
2319 2081 2622 2154 ἐπομϐρίας
2654 2081 2823 2135 αῖτιον
2867 2080 3118 2149 γενέσθαι
3166 2078 3460 2142 παντελοῦς
3498 2075 3728 2146 καταφθοο

2193 2177 2312 2245 ρᾶς·
2341 2175 2548 2238 τούτοις
2569 2174 2625 2227 δέ
2649 2175 2758 2236 τοῖς
2796 2172 2884 2225 διὰ
2912 2171 3019 2225 τῶν
3057 2171 3232 2242 εὐχῶν
3266 2169 3729 2243 παραταξαμένοις.

2192 2266 2372 2320 ἰκανὸν
2411 2266 2546 2337 πρὸς
2575 2265 2858 2336 ἀμφότερα
2892 2263 3176 2332 γενέσθαι,
3214 2262 3355 2334 πρός
3401 2278 3458 2314 τε
3489 2260 3580 2330 τὴν
3605 2258 3731 2327 νίκην

2191 2358 2300 2414 τῶν
2334 2356 2822 2428 ἀντιτεταγμένων,
2863 2357 2956 2409 καὶ
2993 2355 3130 2426 πρὸς
3158 2354 3259 2424 τὴν
3293 2353 3629 2423 παραμυθίαν
3654 2351 3731 2418 τῆς

2192 2448 2476 2520 δίψης,τῆς
2487 2449 2594 2501 τῶν
2607 2447 2919 2519 χειμάρρων
2935 2446 3212 2519 ἀπορροῆς
3229 2445 3477 2514 ἀφθόνως
3493 2445 3654 2505 αὐτοῖς
3663 2441 3732 2493 τὸν

2193 2542 2355 2596 πότον
2374 2540 2733 2612 χορηγούσης.
2757 2539 2978 2602 Τούτοις
3002 2539 3180 2592 τοίνυν
3213 2536 3514 2607 συνετάχθη
3538 2538 3565 2590 ὁ
3581 2534 3732 2606 ἡμέτε·

2194 2651 2286 2705 ρος
2312 2634 2407 2703 τῆς
2432 2635 2688 2703 στρατιᾶς
2709 2631 2886 2702 χορὸς,
2910 2631 3003 2684 ἀπ’
3033 2629 3257 2683 ἐκείνων
3286 2629 3400 2682 τῶν
3427 2626 3734 2697 διηγημάτων

2195 2725 2289 2778 καὶ
2303 2725 2455 2777 αὐτοὶ
2477 2741 2541 2776 πε
2551 2723 2604 2794 ρ“ι
2626 2723 2724 2792 τὴν
2747 2721 2924 2774 πίστιν
2946 2719 3311 2791 κυρωθέντες,
3330 2719 3546 2780 καὶτοῖς
3566 2713 3735 2785 ὁμοίοις

2195 2815 2551 2885 ἐντραφέντες
2599 2813 3044 2885 ἐπιτηδεύμασιν,
3093 2814 3172 2875 είς
3224 2811 3479 2864 τοσοῦτον
3543 2806 3734 2879 μεγαλο-

2195 2908 2358 2978 φυῖας
2386 2906 2724 2976 ἐπήρθησαν,
2749 2903 2890 2957 ῶστε
2912 2903 2989 2973 τῷ
3015 2903 3255 2974 περιόντι
3281 2903 3386 2973 τῆς
3424 2902 3611 2972 ἀρετῆς
3643 2896 3725 2951 καθ

2195 2997 2403 3050 ἑαυτῶν
2434 2997 2734 3066 ἀναστῆσαι
2757 2995 2847 3048 τὸν
2873 2995 3087 3062 φθόνον.
3115 2993 3392 3064 Καθάπερ
3418 2994 3522 3063 γὰρ
3550 2992 3630 3044 ἐπὶ
3653 2990 3736 3042 τῶν

2192 3087 2288 3143 νῦν
2316 3085 2847 3155 ὑπαναγνωσθέντων
2873 3087 3004 3156 ἡμῖν
3035 3086 3100 3138 ἐκ
3129 3085 3226 3155 τῆς
3253 3085 3352 3138 τοῦ
3395 3083 3510 3138 Ἰὼϐ
3540 3080 3738 3150 ἱστορίας

2193 3180 2488 3251 ἐμάθομεν,
2515 3180 2596 3232 ὅτι
2626 3178 2867 3249 ἀδίκημα
2896 3176 3089 3231 ἐαυτοῦ
3115 3165 3286 3230 ἐποίει
3317 3179 3346 3230 ὁ
3369 3176 3642 3238 ἀντίπαλος
3661 3176 3738 3240 τῆς

2197 3271 2546 3342 ἀνθρωπίνης
2592 3267 2739 3339 ζωῆς
2785 3269 2884 3340 τὴν
2920 3269 3014 3322 τοῦ
3071 3268 3193 3322 Ἰὼϐ
3253 3268 3620 3338 εὐδοκίμησιν,
3667 3268 3740 3318 καὶ

2197 3362 2285 3416 διὰ
2339 3362 2495 3414 τοῦτο
2540 3360 2780 3433 ἐξῃτεῖτο
2821 3360 2956 3430 πρὸς
2999 3359 3276 3430 αίκισμὸν,
3321 3360 3406 3412 ὅτι
3451 3357 3622 3411 ἐλύπει
3664 3355 3738 3408 αὐ·

2199 3455 2288 3508 τὸν
2315 3456 2343 3507 ὁ
2390 3452 2528 3517 Ἰὼϐ,
2566 3452 2817 3522 ἀληθινὸς
2850 3453 2943 3505 καί¹
2969 3450 3174 3513 δίκαιος
3220 3451 3319 3504 καὶ
3368 3451 3638 3520 ἄμεμπτος
3662 3444 3737 3498 ὤν’

2198 3547 2288 3600 τὸν
2317 3546 2478 3598 αὐτὸν
2517 3544 2716 3616 τρόπον
2761 3537 2868 3596 εἶδε
2912 3543 3134 3614 πονηρῷ
3173 3542 3254 3613 τῷ
3292 3540 3552 3612 ὀφθαλμῷ
3590 3541 3617 3592 ὁ
3653 3538 3738 3595 τοῖς

2201 3638 2432 3707 ἀγαθοῖς
2462 3635 2824 3706 ἐπιφυόμενος
2857 3636 2980 3698 τοὺς
3041 3634 3311 3704 μεγάλους
3340 3634 3553 3696 τούτους
3578 3633 3736 3699 ἀγωνι-

2202 3728 2356 3792 στὰς,
2379 3727 2475 3781 καὶ
2494 3729 2594 3780 οὐκ
2623 3728 2818 3797 ἤνεγκε
2853 3724 3044 3778 πολιὰν
3061 3724 3207 3794 ὴθῶν
3237 3727 3295 3778 ἐν
3323 3724 3538 3795 ἡλικίας
3566 3721 3739 3787 νεότητι

2203 3820 2432 3890 βλέπων.
2463 3813 2585 3871 Εἷδε
2615 3817 2882 3886 σωμάτων
2907 3815 3088 3879 ἄνθος,
3119 3817 3177 3867 ἐν
3198 3816 3521 3887 σωφροσύνῃ
3549 3807 3738 3881 κοσμούι

2205 3928 2382 3981 μενον·
2412 3905 2551 3963 εἶδεν
2576 3907 2821 3961 ἐνόπλιόν
2841 3925 2962 3960 τινα
2983 3909 3367 3979 χοροστασίαν,
3387 3907 3478 3960 διὰ
3501 3907 3592 3975 τῆς
3616 3917 3737 3970 319:1-

2199 4003 2320 4063 τιᾶς
2363 4001 2559 4062 αὐτοὺς
2589 3999 2666 4068 τῷ
2696 3996 2815 4068 Θεῷ
2843 3996 3188 4068 χορεύοντας,
3223 3997 3429 4059 καλοὺς
3480 3990 3740 4065 προσιδεῖν.

2203 4091 2494 4163 βλοσυροὺς
2529 4090 2588 4143 τὸ
2616 4089 2792 4160 ὄμμα,
2819 4087 3058 4159 ταύρους
3085 4087 3146 4140 τὸ
3175 4089 3455 4158 φρόνημα,
3490 4085 3639 4153 τάχος
3666 4097 3745 4132 πο-

2199 4185 2325 4249 δῶν,
2360 4184 2675 4253 περιουσίαν
2719 4182 2999 4251 δυνάμεως
3024 4221 3038 4242 ,
3091 4179 3434 4250 συμμετρίαν
3475 4175 3656 4248 μελῶν,
3699 4172 3746 4224 ἐν

2201 4279 2335 4331 πᾶσι
2384 4278 2498 4339 τοῖς
2545 4273 2837 4346 προσοῧσιν
2886 4273 3070 4336 αὐτοῖς
3119 4272 3502 4342 προτερήμασι
3548 4268 3635 4337 τὴν
3671 4264 3745 4329 τῆς

2199 4369 2375 4440 ψυχῆς
2400 4366 2600 4437 ἀρετὴν
2633 4367 2730 4436 τῆς
2755 4363 3074 4435 σωματικῆς
3108 4363 3406 4433 εὐκληρίας
3436 4355 3745 4432 ὑπεραστρά-

2202 4476 2459 4515 πτουσαν.
2505 4459 2904 4528 Ἐμπεριπατεῖ
2932 4456 3026 4510 καὶ
3051 4455 3117 4508 δι’
3148 4454 3375 4507 ἐκείνων
3409 4453 3487 4523 τῷ
3516 4451 3700 4520 φθόνῳ.
3727 4445 3747 4496 ὁ

2201 4549 2593 4622 ἐμπεριπατῶν
2624 4548 2722 4618 τὴν
2754 4547 3103 4618 οἰκουμένην.
3141 4541 3295 4598 Εἷδεν
3330 4547 3430 4615 οὐχ
3461 4544 3554 4596 ἕνα
3580 4539 3745 4608 ἀνθρω-

2202 4659 2302 4694 πον
2331 4637 2605 4709 ἀληθινὸν,
2636 4637 2774 4690 ἀλλὰ
2804 4636 3061 4708 σύστημα
3095 4636 3234 4690 θεῖον
3260 4635 3531 4688 τοσούτων
3568 4625 3748 4698 ἀνθρὼ-

2193 4750 2332 4795 πων,
2364 4731 2582 4784 πάντων
2614 4728 2906 4800 ἀληθινῶν,
2934 4727 3180 4790 δικαίων,
3213 4725 3508 4778 θεοσεὸῶν·
3552 4717 3746 4785 ἐξαιτεῖ-

2194 4842 2282 4878 ται
2317 4823 2606 4885 κάκείνους
2635 4823 2716 4885 είς
2746 4820 2806 4873 τὸ
2836 4821 2966 4873 ῐδιον
2995 4819 3261 4890 βούλημα.
3294 4817 3408 4870 Καὶ
3441 4815 3643 4886 πρῶτον
3670 4807 3748 4878 μὲν

2195 4916 2644 4988 εἰδωλομανοῦντι
2688 4913 2765 4984 τῷ
2802 4915 2904 4984 τῆς
2938 4911 3198 4982 στρατιᾶς
3230 4909 3454 4978 ἄρχοντι
3485 4899 3748 4973 σύμϐουλος

2193 5009 2432 5078 γίνεται,
2466 5007 2542 5078 μὴ
2574 5007 2638 5060 ἂν
2672 5006 2848 5068 ἄλλως
2881 5005 3174 5074 ὑπερσχεῖν
3201 5002 3299 5071 τῆς
3339 4996 3484 5052 κατά
3519 4996 3619 5048 τῶν
3649 4991 3750 5060 βαρ·

2203 5101 2386 5170 ϐάρων
2409 5100 2584 5170 νίκης,
2617 5101 2665 5151 εί
2695 5098 2770 5170 μὴ
2791 5097 2916 5160 τοὺς
2941 5096 3002 5148 τὸ
3032 5095 3204 5164 ὄνομα
3227 5090 3319 5145 τοῦ
3351 5087 3585 5161 Χριστοῦ
3614 5096 3749 5152 προσ·

2205 5192 2498 5254 κυνοῦντας
2538 5191 2890 5262 προθύσαιτο.

2183 5298 2294 5338 non
2352 5283 2514 5337 aliter
2554 5296 2680 5336 eum
2741 5279 2811 5335 de
2873 5276 3127 5334 barbaris
3189 5273 3421 5329 victoria
3481 5268 3748 5340 potiturum

2131 4601 2170 4654 D

514 5393 658 5445 esse,
698 5380 806 5435 nisi
842 5381 998 5450 prius
1028 5385 1294 5436 mactaret
1338 5392 1436 5436 eos
1477 5381 1573 5452 qui
1614 5381 1821 5437 Christi
1868 5396 2066 5437 nomen
2109 5379 2428 5434 adorarent.

587 5467 687 5522 His
716 5478 898 5524 autem
929 5478 1152 5541 preptcr
1176 5471 1450 5542 egregiam
1475 5472 1882 5528 confessionem
1907 5489 2104 5543 quam-

517 5559 758 5626 primum
797 5560 1122 5631 designatis,
1188 5571 1242 5617 et
1277 5563 1423 5619 ultro
1463 5564 1529 5618 ad
1570 5565 2100 5622 consummationem

520 5648 798 5716 passionis
846 5650 1310 5722 confugientibus,
1362 5656 1546 5711 statim
1589 5672 1685 5712 eos
1715 5656 1898 5728 gladio
1933 5657 2104 5712 inter-

517 5739 904 5810 ticere(quasi
962 5742 1091 5798 mite
1139 5743 1416 5813 quoddam
1475 5761 1539 5800 ac
1578 5747 1873 5818 benignum
1930 5764 2104 5819 genus

523 5830 716 5884 mortis
757 5830 808 5884 id
857 5831 1034 5896 esset)
1072 5833 1328 5891 irimirus
1380 5839 1677 5901 recusavit,
1728 5841 1821 5895 sed
1872 5841 2105 5895 vinculis

2287 5467 2737 5539 Ἀναδειχθέντων
2756 5465 2813 5520 δέ
2840 5465 3047 5518 τούτων
3067 5463 3142 5526 ὡς
3160 5461 3389 5532 τάχιστα
3419 5457 3507 5511 διὰ
3534 5453 3747 5547 7714;in

2203 5559 2302 5632 θῆς
2333 5561 2642 5632 ὁμολογίας,
2678 5560 2771 5612 καὶ
2803 5556 3245 5628 αὐτομολούντων
3277 5552 3413 5622 πρὸς
3445 5549 3542 5620 τὴν
3566 5545 3645 5598 διὰ
3672 5545 3750 5632 τοῆ

2203 5631 2410 5717 πάθους
2441 5654 2741 5718 τελείωσιν,
2789 5651 2849 5704 τὸ
2887 5650 2987 5720 μὲν
3031 5647 3192 5711 εὐθὺς
3227 5643 3523 5710 ἐπαγαγεῖν
3563 5637 3645 5689 τὸν
3679 5631 3750 5683 διὰ

2203 5743 2296 5797 τοῦ
2341 5743 2526 5813 ξίφους
2573 5743 2803 5798 θάνατον
2834 5740 2932 5811 (ῶς
2973 5757 3027 5792 τι
3065 5734 3462 5808 φιλάνθρωπον)
3494 5733 3522 5784 ὁ
3557 5721 3750 5796 Ἐχθρδί

2205 5842 2583 5906 παρῃτήσατο,
2618 5839 2836 5906 δεσμοῖς
2865 5837 2920 5889 δέ
2957 5837 3064 5898 τοῖς
3095 5833 3158 5887 ἐκ
3187 5830 3399 5900 σιδήρου
3428 5820 3748 5880 καταπιέσαςι
