3938 6420
280 406 374 464 τοι

1362 417 1429 472 IN
1468 418 1971 487 QUADRAGINTA
2011 422 2418 483 M.\RTYI\ES.

3420 438 3528 494 762

277 526 465 600 ταύτην
492 528 729 584 ἐποιεῖτο
750 530 850 603 τὴν
880 532 981 604 τῆς
1003 535 1270 607 τιμωρίας
1312 538 1509 610 ἀρχήν.
1539 541 1663 604 Τοῖς
1687 540 1743 595 δὲ
1770 537 1829 616 ἦν

1941 541 2135 599 ferreis
2163 543 2431 614 amigens,
2466 543 2595 601 hinc
2634 547 2890 618 supplicii
2930 548 3151 607 initium
3183 552 3332 610 fecit.
3361 556 3431 610 Δι
3461 559 3530 611 il-

277 621 378 693 ἀρα
407 621 499 675 καὶ
522 622 556 675 6
581 621 780 693 δεσμὸς
809 625 1261 699 ὲγκαλλώπισμα,
1301 632 1397 684 καὶ
1421 631 1600 703 θέαμα
1629 634 1839 704 γλαφυο

284 711 366 782 ρδν
405 711 497 764 καὶ
539 711 637 783 ἡδὺ
669 713 1014 783 Χριστιανῶν
1044 717 1377 789 ὀφθαλμοῖς,
1416 722 1605 794 νεότης
1637 722 1842 788 ἐξειλεο

279 802 443 873 γμένη
484 801 702 874 ἀριθμῷ
732 805 1005 877 τοσούτῳ,
1047 809 1236 864 κάλλει
1272 810 1609 885 διαπρεπὴς,
1655 816 1842 889 ἡλικίᾳ

280 894 408 966 ὑπὲρ
434 894 557 959 τοὺς
580 896 792 962 ἄλλους,
824 899 1025 966 πάντες
1052 903 1195 957 κατά
1222 904 1419 960 ταύτὸν
1446 908 1565 977 μετ’
1594 907 1839 981 ἀλλήλων

275 985 346 1057 τῷ
363 986 543 1057 δεσμῷ
562 988 985 1060 συνηρμόζοντο,
1005 991 1194 1066 ὥσπερ
1212 1012 1297 1060 τις
1316 997 1581 1068 στέφανος
1606 999 1639 1071 ἢ
1670 1002 1840 1072 ὅρμος

277 1077 638 1149 περιαυχένιος
669 1081 1007 1153 ἰσομεγέθεις
1032 1087 1376 1158 μαργαρίτας
1408 1090 1467 1143 ὲν
1500 1091 1685 1163 κύκλῳ
1711 1093 1840 1147 διει-

274 1171 570 1243 λημμένους
602 1173 762 1245 ἐχωνυ
814 1176 1046 1232 τοιοῦτοι
1098 1174 1239 1252 ἦσαν
1284 1183 1334 1236 οἱ
1382 1183 1562 1252 ἀγιοι,
1616 1187 1711 1241 καὶ
1750 1188 1837 1242 διὰ

274 1264 498 1329 πίστεως
542 1266 845 1339 ἡνωμέναι,
891 1271 986 1325 καὶ⁸
1031 1271 1120 1327 διὰ
1156 1290 1266 1328 των
1297 1274 1537 1349 δεσμῶν⁹
1561 1280 1700 1352 πρὸς
1742 1282 1838 1337 ἀλ-

273 1356 453 1428 λήλους
507 1360 880 1432 σφιγγόμενοι.
931 1362 1124 1430 Ὄντες
1171 1367 1280 1438 γὰρ
1316 1371 1411 1423 καὶ
1468 1370 1591 1426 καθ’
1644 1374 1837 1429 ἑαυτὸν

272 1451 486 1515 ἕκαστος
510 1452 697 1519 καλοὶ,
735 1457 1023 1531 προσθήκη
1062 1459 1157 1515 τοῦ
1191 1462 1422 1528 κάλλους
1455 1466 1704 1537 ἀλλήλοις
1730 1470 1838 1538 ἐγί-

271 1560 426 1599 νοντο.
459 1541 582 1600 Οἷον
608 1548 701 1603 ἐπὶ
730 1548 840 1603 τῶν
876 1551 1144 1626 οὐρανίων
1183 1555 1469 1627 συμϐαίνει
1517 1559 1832 1631 θαυμάτων,

268 1636 385 1689 ὅταν
437 1636 504 1691 δι’
573 1638 825 1710 αίθρίαςν
865 1642 959 1695 καὶ
1020 1643 1273 1717 καθαρᾶς
1333 1647 1367 1718 ἡ
1423 1647 1534 1702 τῶν
1589 1650 1835 1722 ἀστέρων

268 1727 414 1799 χάρις
440 1730 507 1783 δι’
547 1730 793 1801 ἀλλήλων
833 1734 1209 1807 ποικίλληται,
1245 1738 1473 1793 ἑκάστου
1497 1739 1597 1812 τὴν
1625 1741 1832 1796 οἰκείαν
1894 1794 1909 1809 ,

266 1821 443 1893 αἴγλην
487 1825 570 1889 είς
623 1824 717 1878 τὸν
760 1826 937 1880 κοινὸν
967 1827 1172 1899 κόσμον
1212 1829 1308 1883 τοῦ
1353 1832 1583 1903 οὑρανοῢ
1628 1851 1833 1889 συνεισ-

264 1913 524 1984 φέροντος.
556 1915 810 1973 Τοιοῦτον
835 1912 904 1989 ἦν
933 1918 1041 1972 τῶν
1073 1921 1244 1989 ἁγίων
1296 1922 1357 1977 τὸ
1388 1922 1568 1995 θέαμα
1589 1966 1604 1993 ,
1636 1925 1825 1994 ὅντως,

264 2003 431 2069 καθώς
504 2008 645 2079 φησί
708 2025 812 2062 που
878 2010 1136 2083 Ἰεζεκιὴλ
1179 2015 1208 2068 ό
1253 2016 1574 2087 προφήτης,
1640 2018 1832 2090 ὅρασις

259 2094 551 2168 λαμπάδων
604 2101 1075 2173 συστρεφομένων.
1158 2106 1559 2181 Ἐμφιλοχωρεῖ
1603 2111 1633 2164 6
1674 2108 1832 2181 λόγος

260 2186 329 2257 τῷ
364 2188 553 2243 κάλλει
601 2190 701 2261 τῆς
746 2189 915 2264 ὥρας.
959 2188 1116 2248 Οἶδεν
1152 2195 1293 2267 γὰρ,
1342 2196 1528 2263 καθὼς
1585 2200 1618 2271 ἡ
1657 2201 1830 2270 Σοφία

259 2277 428 2346 φησὶν,
455 2278 520 2331 ὲκ
574 2278 837 2349 μεγέθους
872 2283 964 2337 καὶ
1017 2283 1282 2357 καλλονῆς
1303 2288 1621 2359 κτισμάτων
1645 2291 1829 2345 καὶ’τὸ

260 2369 310 2421 ὲν
358 2370 588 2442 κρυπτῷ
642 2370 838 2435 κάλλος
885 2373 1331 2445 ἀναλογίζεσθαι,
1386 2380 1570 2453 ἐπειδὴ
1629 2383 1725 2437 καὶ
1793 2385 1828 2455 ἡ

257 2464 344 2534 τῆς
385 2464 572 2537 ψυχῆς
614 2464 925 2537 καθαρότης
973 2466 1061 2521 διὰ
1098 2467 1194 2521 τοῦ
1242 2471 1569 2543 φαινομένου
1606 2473 1830 2546 διέλαμ-

257 2571 339 2622 πε,
387 2560 478 2611 καὶ⁵
518 2558 559 2611 ὀ
598 2558 919 2630 φαινόμενος
954 2557 1237 2631 ἄνθρωπος
1269 2562 1418 2628 ἀξιον
1452 2559 1522 2635 ἦν
1555 2566 1652 2620 τοῦ
1693 2568 1829 2638 ἀφα-

256 2648 367 2714 νοῦς
417 2650 757 2723 οίκητήριον.
827 2649 921 2715 Ὦς
971 2651 1134 2705 καλὸν
1188 2653 1367 2706 τοίνυν
1430 2650 1499 2726 ἦν
1544 2656 1665 2709 τότε
1714 2659 1828 2723 τοῖς

254 2742 405 2813 ὁρῶσι
449 2743 510 2797 τὺ
570 2741 777 2815 θέαμαῐ
829 2742 994 2797 καλὸν
1032 2743 1177 2813 λέγω
1240 2748 1357 2809 τοῖς
1404 2745 1474 2800 τά
1522 2747 1664 2802 καλά
1712 2749 1829 2820 βλέ-

255 2852 365 2889 πειν
386 2835 658 2903 ἐθέλουσι,
697 2834 861 2890 καλὸν
910 2835 1179 2905 ἀγγέλοις,
1238 2837 1401 2891 καλὸν
1438 2841 1559 2904 ταῖς
1597 2841 1828 2913 ὑπερκο-

256 2926 424 2996 σμίαις
450 2926 742 2998 δυνάμεσι·
770 2928 965 3000 πικρὸν
994 2928 1052 2982 δὲ
1080 2931 1194 2993 τοῖς
1221 2928 1470 3002 δαίμοσι,
1501 2933 1595 2986 καὶ
1620 2934 1734 2988 ὅσοι
1757 2935 1825 2989 τά

252 3017 347 3072 τῶν
379 3019 660 3090 δαιμόνων
700 3019 1039 3090 ἠσπάζοντο,
1069 3020 1350 3093 ἄνθρωποι
1396 3024 1586 3097 (εἴπερ
1613 3026 1825 3099 ἀνθρω·

252 3123 351 3173 ποι,
368 3111 412 3163 ot
430 3107 600 3163 τοσοῦ
607 3125 695 3163 τον
713 3110 1072 3182 ἀνεστηκότες
1083 3112 1159 3183 τῷ
1181 3114 1383 3184 μεγαλε
1390 3112 1452 3187 ίῳ
1467 3116 1563 3188 τῆς
1578 3116 1821 3189 φύσεως)

253 3200 576 3270 στρατιῶται
594 3198 689 3252 τοῦ
716 3200 980 3271 Χριστοῦ,
1010 3201 1105 3255 τοῦ
1141 3203 1300 3272 ἀγίου
1327 3204 1646 3275 Πνεύματος
1673 3207 1822 3261 ὁπλῖ-

250 3309 347 3360 ται,
368 3294 463 3363 τῆς
481 3291 731 3357 πίστεως
758 3292 1055 3365 πρόμαχοι,
1078 3293 1277 3367 πύργοι
1296 3296 1398 3367 τῆς
1420 3298 1571 3362 θείας
1596 3299 1822 3363 πόλεως·

249 3382 293 3435 οἳ
322 3386 492 3439 πᾶσαν
551 3384 827 3455 αἰκισμῶν
854 3386 1147 3459 τιμωρίαν,
1190 3389 1373 3442 πᾶσαν
1400 3389 1580 3459 φόϐων
1625 3392 1825 3445 ἐπανά-

250 3493 441 3539 στασιν,
471 3477 663 3532 πᾶσαν
706 3477 938 3549 ἀπειλῆς
967 3478 1297 3553 προσϐολὴν,
1328 3478 1404 3545 ὥς
1438 3498 1565 3536 τινα
1597 3483 1827 3537 παιδίων

248 3566 414 3623 ἄνοιαν
438 3567 874 3638 κατεχλεὺαζον·
923 3568 1176 3641 καθάπερ
1198 3570 1321 3641 οὐχὶ
1342 3571 1413 3625 τὰ
1439 3570 1671 3643 σώματα
1707 3576 1828 3637 ταῖς

247 3659 437 3724 αἰκίαις
448 3660 725 3724 ἐκδόντες,
739 3660 874 3716 ἀλλά
887 3660 987 3725 τὰς
998 3661 1109 3716 τῶν
1125 3663 1393 3734 σωμάτων
1412 3664 1646 3728 σκιάς-οἴ
1663 3665 1828 3736 σαρκὶ

246 3750 335 3822 τὴν
355 3753 545 3825 σάρκα
567 3752 1096 3821 καταπαλαίσαντες,
1125 3755 1219 3809 καὶ
1237 3757 1303 3827 τῇ
1322 3755 1458 3827 πρὸς
1472 3755 1564 3809 τὸν
1598 3754 1826 3811 θάνατον

247 3840 503 3915 ὑπεροψίᾳ
556 3844 774 3898 πάντων
814 3843 925 3899 τῶν
951 3845 1293 3917 τυραννικῶν
1324 3846 1506 3917 φόϐων
1546 3847 1826 3919 ὑπερφρο-

246 3935 512 4004 νήσαντες.
556 3935 874 4007 ὑψηλότεροι
902 3938 1015 3992 τῶν
1042 3939 1400 4010 ἀνθρωπίνων
1442 3941 1659 4013 μέτρων
1689 3940 1826 3995 ἐδεί-

245 4024 461 4097 χθησαν.
490 4028 565 4080 ’Ὠ
613 4027 793 4092 καλῶς
825 4030 937 4092 τοῖς
984 4032 1317 4099 σωματικοῖς
1353 4031 1634 4101 τροπαίοις
1661 4032 1828 4102 ἐμμε-

244 4114 604 4187 λετήσαντεςι
646 4118 713 4171 Ὦ
758 4117 940 4183 καλῶς
975 4119 1394 4190 μετενεγκόντες
1420 4121 1522 4192 τὴν
1550 4120 1645 4175 τοῦ
1674 4123 1825 4176 πολε-

248 4210 359 4277 μεῖν
383 4208 684 4281 ἐμπειρίαν
708 4210 788 4274 είς
812 4210 913 4281 τὴν
934 4209 1076 4263 κατά
1096 4210 1190 4263 τοῦ
1215 4210 1466 4265 διαϐόλου
1490 4211 1818 4283 παράταξιν⁸

246 4299 300 4351 οὑ
327 4300 466 4370 ξίφει
513 4301 619 4365 τὰς
665 4305 853 4373 χεῖρας
897 4302 1254 4365 ὁπλίσαντες,
1306 4301 1428 4355 οὐδὲ
1484 4302 1578 4356 τὸν
1617 4304 1683 4356 ἐκ
1726 4300 1823 4356 τοῦ

249 4389 397 4456 ξύλου
423 4393 618 4467 θυρεὸν
660 4395 1087 4465 προϐαλλόμενοι
1108 4433 1123 4458 ,
1156 4393 1277 4447 οὑδὲ
1314 4394 1488 4465 χαλκῇ
1518 4409 1826 4465 περικεφα-

247 4482 397 4556 λαία,
445 4487 540 4539 καὶ
571 4487 817 4557 ,κνήμεσι
860 4486 1363 4559 περιφραξάμενοι,
1409 4486 1546 4540 ἀλλά
1587 4487 1687 4557 τὴν
1725 4484 1822 4540 τοῦ

1943 626 2012 683 lis
2036 643 2171 684 sane
2200 631 2365 684 etiam
2400 631 2619 689 vincula
2642 645 2967 694 ornamento
2991 649 3175 707 erant,
3208 650 3263 698 et
3301 645 3528 716 elegans

1941 724 2106 789 atque
2126 719 2435 789 jucundum
2462 722 2907 783 Christianorum
2934 732 3111 787 oculis
3140 737 3522 803 spectaculum

1936 809 2196 879 juventus
2226 813 2401 869 electa
2427 814 2485 870 in
2520 822 2676 872 tanto
2704 834 2959 887 numero,
2988 816 3407 893 pulchritudine.
3434 829 3525 883 in-

1941 900 2135 972 signis,
2164 910 2324 961 aetate
2349 907 2563 967 caeteris
2590 917 2885 979 praestans,
2907 929 3103 970 omnes
3130 916 3296 972 simul
3334 920 3524 976 eodem

1941 992 2087 1049 inter
2120 1009 2180 1051 se
2200 1011 2346 1052 nexu
2378 999 2804 1071 copulabantur,
2832 1004 2997 1060 veluti
3033 1021 3243 1063 corona
3272 1011 3524 1080 quaedam

1940 1092 2040 1140 aut
2075 1094 2303 1158 torques
2326 1098 2382 1145 et
2418 1093 2621 1150 monile
2657 1095 2867 1150 circum
2900 1098 3102 1154 collum
3146 1102 3527 1173 magnitudine

1939 1180 2168 1252 paribus
2198 1183 2439 1255 undique
2485 1188 2801 1258 margaritis
2843 1189 3076 1262 digestis
3128 1203 3293 1266 atque
3324 1196 3525 1252 distin-

1938 1271 2043 1326 ctis
2093 1271 2346 1344 insigne:
2382 1276 2519 1333 tales
2566 1287 2728 1333 erant
2766 1284 2966 1349 sancti,
3013 1284 3107 1353 qui
3140 1294 3196 1340 et
3223 1301 3322 1356 per
3358 1286 3523 1343 iidem

1940 1362 2102 1431 uniti,
2135 1371 2190 1419 et
2218 1379 2316 1434 per
2344 1366 2560 1422 vincula
2587 1370 2732 1426 inter
2757 1386 2819 1428 se
2846 1375 3138 1430 constricti
3164 1384 3344 1433 erant.
3382 1377 3520 1433 Cum

1936 1455 2083 1509 enim
2124 1458 2506 1528 unusquisque
2534 1475 2633 1529 per
2663 1477 2725 1517 se
2766 1464 2980 1533 pulchri
3027 1474 3237 1534 essent,
3273 1470 3523 1526 accessio

1938 1553 2103 1617 atque
2169 1547 2572 1606 incrementum
2656 1554 3086 1622 pulchritudinis
3168 1559 3305 1615 alter
3362 1561 3520 1616 alteri

1934 1643 2113 1691 erant.
2145 1635 2317 1703 Quale
2347 1639 2404 1693 in
2435 1639 2760 1697 cmlestibus
2811 1643 3017 1699 accidit
3053 1647 3355 1712 miraculis,
3391 1665 3519 1705 cum

1935 1742 2133 1785 serena
2183 1744 2249 1786 ac
2306 1746 2445 1801 pura
2494 1740 2656 1788 nocte
2701 1735 2983 1791 stellarum
3032 1739 3201 1794 decor
3254 1741 3396 1795 alius
3427 1757 3523 1813 per

1934 1820 2101 1875 alium
2140 1820 2503 1895 distinguitur
2547 1832 2603 1881 et
2649 1837 2905 1891 ornatur,
2967 1845 3298 1902 unaquaque
3329 1848 3520 1888 earum

1934 1931 2096 1972 suum
2145 1916 2496 1987 splendorem
2555 1917 2625 1972 ad
2668 1933 3020 1983 communem
3078 1932 3332 1978 ornatum
3394 1926 3520 1980 caeli

1933 2007 2098 2064 simul
2128 2009 2513 2066 contribuente
2544 2028 2558 2065 :
2595 2011 2706 2067 tale
2731 2019 2851 2067 erat
2878 2020 3197 2067 sanctorum
3231 2027 3519 2085 spectacu-

1931 2096 2067 2165 lum,
2112 2112 2263 2161 vere,
2312 2106 2374 2153 ut
2426 2100 2631 2156 alicubi
2678 2101 2858 2170 inquit
2891 2100 3142 2158 Ezechiel
3189 2105 3450 2174 prepheta
3473 2106 3518 2168 ⁸,

1929 2187 2072 2243 visio
2112 2188 2430 2258 lampadum
2466 2189 2924 2248 discurrentium.
2954 2190 3236 2248 Lubenter
3280 2195 3521 2264 pulchri-

1931 2280 2112 2336 tudini
2160 2280 2352 2338 l‘ormte
2404 2290 2460 2338 et
2510 2283 2690 2340 aetatis
2741 2285 2922 2341 oratio
2979 2284 3326 2341 immoratur.
3370 2286 3522 2342 Solet

1928 2372 2101 2436 enim.
2156 2380 2216 2428 ut
2265 2374 2446 2446 inquit
2493 2374 2776 2447 Sapientia
2798 2377 2839 2441 ⁸,
2881 2392 2948 2433 ex
2990 2378 3366 2448 magnitudine
3394 2380 3520 2449 pul-

1930 2464 2268 2522 chritudinis
2320 2473 2702 2522 creaturarum
2752 2467 2920 2524 etiam
2949 2483 3014 2524 ea
3052 2484 3173 2539 quae
3202 2477 3290 2525 est
3341 2470 3395 2525 in
3428 2485 3523 2524 oc-

1933 2557 2104 2623 culto,
2156 2557 2512 2627 pulchritudo
2562 2559 2848 2625 aestimari,
2908 2561 3169 2629 quoniam
3221 2568 3276 2616 et
3350 2561 3520 2615 animi

1927 2649 2145 2719 puritas
2176 2663 2273 2718 per
2318 2649 2373 2704 id
2405 2651 2552 2720 quod
2589 2650 2911 2720 apparebat,
2944 2651 3331 2706 elucescebat:
3378 2660 3434 2707 et
3472 2652 3520 2708 is

1928 2740 2023 2810 qui
2049 2741 2346 2810 apparebat
2377 2741 2563 2806 homo,
2600 2743 2827 2812 dignum
2863 2742 3204 2804 domicilium
3252 2752 3368 2799 erat
3399 2744 3520 2814 ejus

1926 2832 2021 2903 qui
2065 2833 2290 2898 latebat,
2340 2841 2392 2887 et
2440 2832 2633 2888 visum
2670 2833 2986 2904 effugiebat.
3021 2832 3194 2900 Quam
3231 2836 3519 2904 pulchrum

1926 2925 2091 2994 igitur
2106 2933 2238 2980 tunc
2257 2926 2606 2981 intuentibus
2622 2936 2742 2981 erat
2757 2927 3135 2995 spectaculum
3156 2927 3179 2981 ?
3199 2928 3514 2997 pulchrum,

1926 3017 2168 3088 inquam,
2199 3018 2269 3073 iis
2316 3019 2409 3089 qui
2443 3019 2671 3088 pulchra
2728 3029 2895 3087 atque
2945 3019 3211 3088 praeclara
3266 3022 3519 3074 contueri

1926 3113 2142 3176 volunt,
2175 3111 2471 3180 pulchrum
2502 3111 2733 3181 angelis,
2787 3109 3077 3179 pulchrum
3116 3111 3521 3179 supramunda-

1930 3203 2018 3260 nis
2048 3204 2380 3270 virtutibus;
2416 3203 2677 3258 acerbum
2711 3219 2842 3258 vero
2879 3203 3240 3269 daemonibus,
3279 3209 3332 3257 et
3355 3210 3519 3272 quot-

1930 3302 2065 3364 quot
2110 3294 2425 3350 dazmonum
2472 3296 2682 3350 cultum
2713 3296 3211 3364 amplectebantur,
3268 3295 3518 3350 homines

1930 3386 2008 3458 (si
2048 3387 2212 3442 modo
2258 3387 2513 3442 homines
2545 3386 2787 3447 dicendi,
2817 3387 2910 3455 qui
2939 3395 3093 3440 tanta
3139 3387 3519 3455 magnitudine

1929 3478 2134 3534 indolis
2182 3476 2614 3542 excelluerunt),
2661 3478 2862 3532 milites
2899 3476 3128 3539 Christi,
3171 3478 3349 3532 sancti
3394 3477 3519 3547 Spi-

1927 3570 2069 3624 ritus
2123 3568 2402 3638 armigeri,
2468 3566 2592 3623 ﬁdei
2643 3566 3012 3636 antesignani,
3084 3575 3264 3622 turres
3316 3568 3520 3623 divinae

1927 3660 2192 3724 civitatis,
2237 3660 2331 3730 qui
2371 3673 2591 3714 omnem
2639 3665 3047 3714 tormentorum
3092 3671 3312 3728 poenam
3353 3665 3519 3728 atque

1927 3751 2342 3817 contumeliam,
2390 3766 2586 3807 omnes
2629 3759 2870 3807 terrores
2920 3751 3261 3822 ingruenles,
3297 3765 3517 3805 omnem

1927 3847 2198 3902 minarum
2235 3845 2366 3914 vim,
2396 3853 2654 3915 tanquam
2694 3843 2958 3913 puerilem
3002 3842 3292 3912 quamdam
3331 3856 3519 3896 amen-

1925 3940 2058 3994 tiam
2086 3938 2432 3994 deridebant.
2486 3936 2720 3992 Perinde
2751 3950 2817 3989 ac
2863 3935 2909 3990 si
2945 3950 3050 3990 non
3079 3948 3311 4002 corpora
3334 3933 3521 3988 verbe-

1927 4033 2089 4089 ribus
2120 4031 2448 4102 prasbcrent,
2481 4028 2577 4085 sed
2611 4041 2906 4097 corporum
2952 4026 3214 4081 umbras:
3266 4025 3360 4094 qui
3392 4040 3516 4080 eum

1927 4139 2096 4180 carne
2125 4136 2347 4178 carnem
2393 4119 2753 4181 devicissent,
2801 4125 2855 4171 et
2884 4122 3260 4185 contemptum
3300 4115 3514 4179 mortis,

1926 4231 2121 4271 omnes
2178 4224 2542 4285 tyrannorum
2610 4219 2851 4264 terrores
2911 4206 3291 4278 magnitudine
3348 4206 3515 4259 animi

1927 4315 2305 4379 superassent,
2362 4306 2602 4359 humana
2670 4301 2989 4357 conditione
3043 4302 3359 4369 superiores
3412 4297 3515 4352 visi

1927 4406 2075 4455 sunt.
2106 4396 2154 4453 Ο
2180 4396 2275 4468 qui
2306 4395 2576 4467 praeclare
2609 4392 2894 4448 exercitati
2936 4398 3086 4458 sunt,
3135 4390 3229 4461 qui
3261 4389 3517 4459 peritiam

1925 4489 2167 4547 bellandi
2227 4490 2283 4543 in
2324 4488 2497 4543 aciem
2551 4486 2819 4540 adversus
2860 4484 3139 4539 diabolum
3191 4484 3516 4538 instructam

248 4571 372 4627 Θεοῦ
399 4574 706 4629 πανοπλίαν
744 4575 1103 4639 ἀναλαϐόντες
1124 4617 1138 4640 ,
1176 4576 1244 4646 ἢν
1271 4575 1560 4647 διαγράφει
1594 4576 1624 4628 ό
1654 4591 1821 4646 στρα-

1932 4577 2364 4633 transtulerunt!
2412 4590 2521 4631 non
2553 4572 2734 4644 gladio
2765 4588 2961 4627 manus
3001 4580 3302 4635 armantes,
3340 4586 3519 4640 neque

244 4663 404 4732 τηγδς
431 4665 535 4735 τῆς
587 4664 931 4736 Ἑκκλησίας,
978 4666 1008 4718 6
1045 4665 1187 4729 θεῖος
1235 4667 1576 4731 Ἀπόστολος,
1605 4665 1821 4737 θυρεὸν,

1931 4668 2185 4739 clypeum
2243 4666 2482 4735 ligneum
2513 4663 2862 4734 objicientes,
2915 4677 3097 4731 neque
3146 4676 3287 4716 terea
3340 4661 3514 4730 galea,

247 4753 337 4806 καὶ
356 4753 603 4827 θώρακα,
628 4756 721 4810 καὶ
743 4756 1295 4829 περικεφαλαίαν,καὶ
1323 4755 1619 4828 μάχαιραν·
1642 4756 1819 4821 οὕτως

1932 4758 2219 4827 ocreisque
2250 4756 2470 4819 muniti,
2508 4755 2606 4812 sed
2663 4761 3004 4809 armaturam
3055 4752 3148 4807 Dei
3200 4760 3513 4808 sumentes:

246 4843 481 4916 ἐχώρουν
521 4846 663 4900 κατὰ
701 4847 800 4917 τῆς
831 4847 1078 4910 ἐναντίας
1110 4846 1413 4917 δυνάμεως.
1465 4847 1820 4920 Ἑστρατήγει

1932 4863 2094 4919 quam
2124 4855 2328 4918 pra-tor
2357 4855 2413 4903 et
2442 4848 2552 4903 dux
2583 4846 2868 4914 Ecclesia,
2901 4846 3123 4902 divinus
3155 4846 3245 4900 ille
3280 4844 3516 4912 Aposto‘

246 4933 300 4988 δὲ
327 4936 533 4990 τούτων
565 4939 660 5008 μὲν
689 4940 723 5010 ἡ
750 4939 975 5009 οὐρανία
1004 4940 1185 5010 χάρις’
1223 4940 1321 5010 τῆς
1354 4939 1430 4992 δὲ’
1445 4940 1540 4993 τοῦ
1572 4939 1819 4994 διαϐόλου

1932 4940 2016 4997 lus
2041 4940 2365 5004 describit",
2389 4948 2605 4996 scutum
2623 4945 2680 4995 et
2705 4938 2956 5002 loricam,
2993 4946 3047 4991 et
3073 4935 3306 5005 galeam,
3329 4941 3381 4987 et
3401 4933 3516 5002 gla-

247 5027 625 5098 παρατάξεως,
657 5028 685 5079 ὁ
705 5027 843 5098 ἔχων
865 5026 958 5081 τοῦ
985 5028 1214 5081 θανάτου
1235 5028 1295 5081 τὸ
1315 5029 1534 5100 κράτος.
1564 5029 1741 5094 Τόπος
1765 5030 1821 5084 δὲ

1932 5031 2104 5097 dium,
2149 5030 2224 5084 ita
2271 5027 2573 5084 tendebant
2620 5027 2887 5081 adVersus
2935 5023 3123 5093 cepias
3169 5021 3514 5076 adversario-

244 5118 341 5187 τῆς
370 5120 726 5190 παρατάξεως
754 5121 957 5185 αὐτοῖς,
986 5119 1048 5172 τὸ
1074 5119 1183 5172 τῶν
1228 5121 1527 5190 μιαιφόνων
1561 5121 1821 5191 δικαστή-

1932 5136 2069 5178 rum.
2131 5121 2251 5177 Dux
2306 5130 2487 5177 autem
2560 5128 2680 5174 erat
2732 5118 2927 5171 horum
3005 5113 3225 5183 quidem
3274 5110 3515 5165 caelestis

246 5224 357 5277 ριον
383 5204 476 5280 ἦν’
515 5210 571 5262 ἐν
605 5209 800 5281 ἐκείνῳ
844 5208 1140 5272 συστάντες
1174 5208 1558 5280 διηγωνίζοντο
1582 5250 1597 5275 ,
1628 5213 1679 5265 oi
1722 5211 1823 5282 μὲν

1932 5213 2127 5285 gratia,
2156 5212 2359 5267 diaboli
2392 5223 2574 5267 autem
2604 5207 2766 5271 aciei,
2804 5206 2852 5262 is
2873 5206 2964 5275 qui
2998 5202 3193 5259 mortis
3225 5200 3513 5269 imperium

245 5299 495 5364 ἀπειλαῖς
533 5300 1039 5373 ἀκροϐολιζόμενοι,
1082 5301 1133 5354 oi
1165 5300 1224 5354 δὲ
1262 5301 1354 5355 διὰ
1397 5305 1497 5373 τῆς
1544 5302 1824 5374 ὑπομονῆς

1932 5312 2101 5362 tenet.
2132 5303 2314 5359 Locus
2340 5304 2423 5359 eis
2470 5301 2630 5365 aciei,
2676 5299 3014 5356 nefariorum
3046 5304 3101 5350 et
3128 5291 3514 5363 sanguinariu-

244 5390 596 5463 ἀμυνόμενοι.
1931 5415 2051 5454 rum
2086 5398 2330 5454 tribunal
2358 5403 2519 5452 erat:
2571 5394 2686 5449 illic
2711 5390 2994 5462 congressi
3022 5387 3402 5448 decertabant,
3436 5385 3515 5438 illi

244 5481 461 5550 quidem
514 5485 674 5541 minis
720 5499 953 5555 pugnam
1002 5485 1385 5540 lacessentes:
1428 5484 1485 5539 hi
1534 5500 1665 5542 vero
1711 5502 1812 5557 per
1859 5490 2179 5560 patientiam
2236 5488 2625 5559 propulsantes
2678 5492 2734 5540 et
2783 5482 3122 5537 resistentes.

312 5577 587 5648 Πρότασις
627 5574 696 5649 ἦν
748 5576 901 5649 παρά
941 5576 1051 5630 τῶν
1096 5578 1450 5643 ὑπεναντίων,
1490 5576 1821 5648 ἐξόμνυσθαι

244 5665 339 5737 τὴν
369 5668 450 5731 εἰς
498 5668 589 5721 τὸν
630 5667 834 5740 Κύριον
881 5668 1084 5734 πίστιν,
1127 5667 1161 5739 ἢ
1203 5667 1532 5739 ζημιοῦσθαι
1582 5667 1818 5742 θανάτῳ.

1997 5581 2415 5652 Proponebatur
2463 5579 2533 5634 ab
2586 5575 2941 5638 adversariis,
2995 5583 3056 5629 ut
3108 5574 3194 5627 vel
3253 5571 3412 5627 tidem
3455 5567 3509 5624 in

1928 5671 2224 5730 Dominum
2282 5672 2626 5743 abjurarent,
2677 5669 2763 5727 vel
2811 5675 2991 5726 morte
3017 5666 3422 5730 multarentur;
3452 5668 3509 5716 et
3584 5668 3589 5673 '

318 5845 338 5875 '
382 5843 581 5901 Ezech.
619 5862 660 5913 ι,
708 5846 790 5902 13.
868 5848 888 5881 ⁸
926 5844 1053 5917 Sap.
1096 5863 1215 5916 xm,
1249 5845 1300 5909 5.
1377 5848 1398 5881 ⁷
1430 5847 1628 5919 Ephes.
1660 5864 1733 5917 Vl,
1762 5849 1823 5905 ll
1865 5865 1987 5924 sqq.
