3938 6426
202 398 313 456 763

1297 399 1365 454 IN
1421 401 1927 470 QUADRAGINTA
1969 407 2372 469 MARTYRES.

3375 419 3478 472 ’ῖυῦ

196 508 539 581 παθημάτων
566 512 664 566 τοῦ
700 514 927 587 κέντρου
961 516 1059 589 τὴν
1088 518 1273 590 ἀκμὴν
1301 520 1768 592 ἁπαμὸλύναντες·

1877 528 2205 597 commodis,
2268 529 2477 587 stimuli
2540 531 2714 598 adem
2768 532 3162 596 obtundentes,
3215 530 3472 588 frustrati

193 600 336 655 ὥστε
362 603 538 657 εἰπεῖν
566 603 770 670 καλῶς,
797 606 921 661 Ποῦ
948 621 1088 673 σου,
1120 609 1356 679 θάνατε,
1390 613 1458 667 τὸ
1486 615 1784 683 κέντρονς

192 691 325 746 Ποῦ
348 706 487 759 σου,
513 692 651 763 ᾷδη,
678 694 747 749 τὸ
768 695 974 762 rixae;
1002 699 1234 771 Καρποῦ
1257 700 1416 768 ξύλου
1441 702 1496 756 τί
1527 704 1784 760 ἀθλιώτε-

194 794 331 852 ρονς
374 782 439 836 Τί
485 784 864 856 εὐτελέστερον
900 786 1098 855 ξύλους
1138 792 1367 863 Καρπὸς
1415 794 1640 867 εὐχροίᾳ
1675 795 1784 849 τινὶ

192 873 290 925 καὶ
351 873 512 946 ἡδονῇ
562 876 805 944 γεύσεως
851 880 1365 952 ὲπικεχρωσμένος,
1411 884 1784 958 ἀτιμασθῆναι

186 961 286 1015 τοῦ
320 965 649 1036 παραδείσου
686 967 786 1039 τὴν
814 970 975 1042 χάριν
1021 971 1300 1044 ἐποίησεν.

1880 624 2013 672 sunt
2061 628 2227 690 atque
2269 620 2594 693 fregerunt:
2645 623 2782 680 adeo
2814 632 2873 680 ut
2915 633 3064 681 recte
3104 623 3213 680 dici
3259 624 3472 695 possit,

1881 704 1987 762 Ubi
2013 718 2111 775 est,
2154 728 2319 777 mors,
2358 715 2584 770 victoria
2618 719 2756 774 tua?
2790 715 2890 771 Ubi
2918 717 3168 772 stimulus
3208 727 3352 783 tuus,
3383 718 3471 771 in-

1878 797 2108 866 ferue’?
2142 800 2349 859 Fructu
2392 806 2525 877 ligni
2580 807 2713 878 quid
2763 809 3068 866 miserius?
3110 808 3284 879 Ligno
3336 808 3467 878 quid

1878 889 2088 946 vilius?
2118 891 2357 952 Fructus
2397 899 2602 955 coloris
2638 900 2876 970 quadam
2921 901 3169 957 bonitate
3199 908 3255 957 et
3282 900 3470 956 suavi~

1878 985 1994 1037 tate
2044 986 2263 1055 saporis
2314 991 2769 1061 commendatus,
2825 992 3009 1049 effecit
3054 1002 3117 1049 ut
3175 991 3469 1049 amoenitas

188 1063 356 1125 atque
407 1059 776 1117 commoditas
818 1062 1064 1131 paradisi
1125 1064 1441 1136 parviﬁeret
1486 1073 1542 1122 et
1587 1067 1979 1141 negligeretur.

255 1234 384 1300 Τοῖς
412 1237 472 1293 δὲ
504 1241 764 1311 μεγάλοις
805 1244 1015 1312 τούτοις
1065 1248 1396 1318 ἀγωνισταῖς
1441 1249 1564 1305 οὐδὲ
1619 1249 1783 1314 αὐτὸς

184 1327 214 1380 6
239 1327 395 1398 ἡλιος
431 1330 605 1404 ἐφάνη
661 1333 898 1405 γλυκύς·
951 1337 1088 1393 ἁλλὰ
1138 1339 1234 1395 καὶ
1278 1338 1471 1395 τούτου
1512 1342 1778 1407 ἑκουσίως

186 1419 582 1493 ἡλλοτριοῦντο,
618 1425 706 1481 ίνα
748 1428 823 1499 μὴ
858 1427 954 1483 τοῦ
979 1426 1252 1500 ’ἀληθινοῦ
1284 1432 1461 1502 φωτὸς
1490 1433 1780 1488 ἀποπέσω-

183 1527 267 1567 σι.
324 1513 393 1567 Τί
434 1513 580 1585 λέγει
625 1519 754 1590 περὶ
794 1521 895 1592 τῆς
956 1521 1100 1588 Εὔας
1144 1526 1174 1579 6
1219 1524 1377 1596 λόγος
1437 1526 1775 1599 (προάγομαι

180 1604 293 1675 γάρ
320 1606 419 1659 καὶ
455 1607 601 1678 πέρα
635 1609 729 1664 τοῦ
772 1610 985 1678 δέοντος
1030 1617 1401 1689 καταδραμεῖν
1431 1618 1539 1674 τῶν
1566 1637 1777 1690 πρωτο-

180 1698 402 1766 γονων);
434 1696 634 1767 Elaeae,
665 1704 850 1773 φησὶν,
880 1704 972 1761 ὅτι
997 1706 1259 1776 ἀρεστὸν
1286 1709 1414 1777 τοῖς
1446 1711 1776 1782 ὀφθαλμοῖς

180 1785 283 1839 καὶ
307 1787 528 1855 ὡραῖον
546 1792 637 1859 είς
668 1793 901 1863 γεῦσιν.
942 1792 1079 1852 Εἶτα
1118 1797 1217 1871 τὴν
1262 1802 1320 1853 ὲν
1364 1801 1576 1867 τούτοις
1613 1804 1775 1875 χάριν

1958 1257 2029 1313 Αι
2054 1262 2270 1332 magnis
2312 1263 2436 1321 istis
2460 1263 2830 1320 certatoribus
2867 1277 2934 1319 ne
2979 1263 3061 1318 sol
3095 1260 3315 1331 quidem
3350 1262 3469 1330 ipse

1883 1348 2062 1408 dulcis
2086 1353 2243 1411 visus
2269 1367 2388 1422 est,
2420 1357 2515 1414 sed
2550 1357 2620 1413 ab
2669 1357 2774 1411 hoc
2802 1356 2970 1413 etiam
3001 1361 3198 1426 sponte
3242 1366 3341 1407 sua
3369 1352 3466 1407 alio

1883 1441 2106 1499 alienati
2126 1455 2277 1512 sunt,
2308 1464 2378 1504 ne
2414 1464 2546 1505 vero
2569 1449 2777 1502 lumine
2804 1447 3124 1503 exciderent
3156 1452 3325 1515 atque
3350 1443 3467 1514 pri-

1877 1541 2162 1609 varentur.
2213 1536 2355 1603 Quid
2397 1537 2533 1593 dicit
2584 1537 2870 1608 Scriptura
2904 1537 2972 1592 de
3009 1535 3123 1590 Eva
3158 1535 3466 1605 (provehor

1876 1623 2022 1679 enim
2068 1626 2286 1697 longius
2314 1628 2478 1683 etiam
2511 1643 2676 1698 quam
2722 1643 2813 1684 res
2841 1627 3086 1697 postulat
3137 1640 3465 1696 percurrere

1877 1711 2020 1768 facta
2070 1714 2373 1784 primorum
2428 1717 2791 1787 parentum)?
2848 1715 3014 1779 Vidit,
3070 1715 3271 1785 inquit,
3321 1715 3462 1785 quod

1875 1815 2010 1860 esset
2043 1817 2254 1874 gratum
2284 1809 2476 1874 oculis,
2505 1817 2556 1864 et
2578 1820 2848 1863 maturum
2877 1809 2947 1863 ad
2985 1818 3199 1879 gustum
3225 1808 3305 1875 '°;
3366 1807 3464 1862 de-

182 1878 308 1985 ἁντὶ
332 1881 429 1934 τοῦ
457 1883 787 1991 ιἔιιιαραδείσου
807 1888 1124 1958 ἠλλάξαντο.
1152 1893 1374 1957 Τούτοις
1396 1894 1453 1949 δὲ
1482 1894 1591 1968 ἀρα
1615 1914 1768 1952 κατα-

1876 1895 2001 1951 inde
2029 1896 2259 1952 istorum
2292 1900 2525 1971 gratiam
2571 1906 2626 1954 ct
2658 1878 2999 1955 illecebrami
3023 1914 3150 1954 cum
3203 1899 3461 1967 paradiso

180 1969 423 2062 γεύσεως
455 1972 649 2045 ἡδονὴν
669 1974 739 2030 τὰ
778 1978 1031 2050 ὁρώμενα
1064 1978 1165 2056 ἡνο
1199 1984 1446 2056 οὐρανὸς,
1479 1986 1650 2058 ἥλιος,
1677 1990 1771 2062 γῆ,

178 2056 491 2129 ἄνθρωπον
523 2066 744 2137 πατρὶς,
786 2070 1045 2142 μητέρες,
1089 2073 1327 2145 ἀδελφοὶ,
1376 2056 1540 2147 φίλοι,
1578 2056 1775 2149 συγγε-

177 2152 311 2243 νεῖς,
343 2152 646 2224 ἡλικιῶται·
689 2152 765 2214 ὧν
808 2162 863 2215 τί
906 2162 1005 2235 μὲν
1056 2166 1290 2239 ὀφθῆναι
1319 2169 1687 2243 γλυκύτερον;
1718 2174 1775 2228 τί

176 2241 234 2295 δὲ
268 2244 353 2308 είς
392 2245 582 2314 γεῦσιν
623 2248 799 2306 ἐλθεῖν
842 2254 1203 2327 τιμιώτερον;
1232 2259 1446 2328 Οἴδατε,
1481 2265 1528 2316 οἱ
1561 2241 1770 2330 παῖδες,

180 2334 283 2428 τὴν
308 2337 404 2428 εἰς
417 2339 544 2403 τοὺς
562 2342 755 2409 γονέας
782 2348 1037 2417 στοργήν.
1057 2348 1270 2415 Οἴδατε,
1300 2353 1351 2405 οἱ
1378 2355 1636 2425 πατέρες,
1672 2356 1773 2428 τὴν

177 2426 314 2518 πρὸς
335 2427 419 2518 ,τά
453 2430 619 2485 τέκνα
651 2433 913 2491 διάθεσιν.
949 2434 1131 2508 Οἶδας,
1160 2443 1189 2494 6
1220 2441 1434 2513 βλέπων
1461 2446 1523 2499 τὸ
1551 2448 1608 2500 ὲν
1638 2426 1772 2518 ἡλίιρ

175 2516 382 2585 γλυκύο
415 2520 516 2574 οὐκ
534 2521 768 2592 ἀγνοεῖς,
802 2526 831 2580 6
869 2526 1212 2598 φιλάδελφος,
1248 2530 1346 2602 τὴν
1375 2532 1609 2605 φυσικὴν
1636 2516 1772 2605 πρὸς

172 2609 274 2681 τὴν
320 2611 656 2686 ἀδελφότητα
708 2618 920 2689 σχέσινο
965 2621 1276 2690 ἐπίστασαι,
1303 2626 1332 2679 6
1365 2624 1505 2690 νέος,
1569 2626 1669 2698 τὴν
1705 2628 1772 2681 ἐκ

173 2701 284 2756 τῶν
320 2704 628 2775 ἡλικιωτῶν
670 2710 853 2783 χάριν,
881 2711 1006 2766 ὅσον
1050 2731 1131 2769 σοι
1170 2716 1261 2771 τὸν
1308 2716 1423 2788 βίον
1464 2718 1768 2790 ἡδύνουσιν.

184 2792 326 2847 Ἀλλ’
354 2796 587 2863 ἐκείνοις
615 2800 794 2855 πάντα
837 2802 1030 2876 ἐχθρὰ,
1058 2807 1239 2862 πάντα
1268 2807 1524 2880 ἀλλότρια
1549 2806 1637 2882 ἦν.
1673 2811 1770 2875 Ἐν

175 2882 339 2951 μόνον
367 2885 592 2957 ἀγαθὸν,
623 2890 653 2942 6
681 2891 935 2962 Χριστός.
960 2895 1145 2950 Πάντα
1176 2899 1500 2969 ἠρνήσαντο,
1527 2901 1614 2954 ἵνα
1641 2901 1767 2955 τοῦ-

170 2989 263 3030 τον
294 2976 652 3050 κερδήσωσιν.
691 2982 899 3055 Χρόνος
925 2981 994 3059 ἦν
1024 2987 1133 3044 τῶν
1160 2988 1373 3062 δεσμῶν
1421 2992 1522 3046 οὐκ
1566 2994 1764 3063 ὀλίγος,

169 3066 266 3120 καὶ
295 3070 406 3133 τοῖς
439 3071 613 3140 ἁγίοις
645 3077 712 3147 τῇ
753 3078 1059 3151 παρατάσει
1104 3082 1203 3153 τῆς
1248 3084 1580 3158 τιμωρίαςὴ
1628 3088 1765 3158 πρὸς

169 3160 268 3230 τὴν
306 3162 583 3219 τελείωσιν
629 3167 895 3240 ἐπιθυμία
945 3174 1312 3246 συνήκμαζεν.
1347 3178 1464 3231 ΚαὶΔ
1497 3177 1685 3252 ὥσπερ
1714 3181 1764 3234 οἱ

1876 1988 2254 2044 commutavit.
2321 1990 2391 2044 At
2441 1989 2529 2046 his
2588 2006 2691 2062 pro
2733 1990 3132 2062 degustationis
3179 1990 3460 2059 voluptate

1874 2084 2033 2131 erant
2055 2093 2118 2133 ca
2142 2095 2264 2148 quae
2293 2081 2397 2137 sub
2422 2082 2599 2136 visum
2628 2083 2853 2146 cadunt,
2887 2082 3112 2142 coelum,
3148 2080 3258 2145 sol,
3288 2088 3456 2144 terra,

1874 2166 2147 2237 homines,
2200 2173 2400 2240 patria,
2455 2180 2652 2239 mater,
2705 2172 2928 2237 fratres,
2969 2173 3154 2237 amici,
3213 2172 3455 2242 cognati,

1872 2262 2135 2330 aequales,
2171 2264 2370 2331 quibus
2406 2266 2570 2321 rebus
2616 2266 2747 2337 quid
2782 2266 2901 2322 visu
2935 2265 3157 2336 quidem
3194 2261 3459 2320 dulcius?

1873 2350 2015 2418 Quid
2042 2370 2170 2409 vero
2205 2356 2382 2427 magis
2413 2356 2805 2425 expetendum,
2842 2372 3006 2427 quam
3044 2356 3111 2409 ad
3145 2367 3368 2427 gustum
3400 2364 3458 2412 et

1873 2444 2112 2502 fructum
2144 2447 2377 2504 istarum
2428 2465 2612 2505 rerum
2655 2450 2944 2521 pervenire
2963 2450 2998 2517 ἲ,
3033 2448 3240 2516 Nostis,
3272 2449 3455 2513 liberi,

1873 2549 2114 2589 amorem
2172 2538 2441 2594 adversus
2496 2548 2794 2609 parentes;
2846 2539 3048 2603 nostis,
3081 2547 3288 2608 patres,
3324 2553 3454 2608 erga

1874 2627 2016 2682 filios
2055 2628 2395 2685 affectionem
2427 2648 2441 2698 ;
2468 2632 2636 2693 nosti,
2676 2631 2767 2701 qui
2801 2631 3038 2686 intueris
3076 2630 3238 2685 dulce
3266 2631 3453 2684 lumen

1872 2720 2040 2784 solis;
2067 2735 2174 2774 non
2208 2721 2456 2792 ignoras,
2482 2722 2575 2792 qui
2613 2721 2844 2775 fratrum
2876 2721 3161 2802 studiosus
3188 2736 3271 2784 es,
3301 2729 3457 2774 natu-

1869 2812 2043 2865 ralem
2071 2827 2199 2883 erga
2221 2812 2520 2867 fraternam
2551 2813 3035 2878 necessitudinem,
3069 2810 3450 2876 alfectioncm;

1871 2903 2003 2966 scis,
2021 2903 2266 2972 juvenis,
2285 2920 2447 2974 quam
2469 2912 2626 2974 grata
2655 2913 2820 2975 atque
2843 2904 3088 2974 jucunda
3111 2904 3454 2960 consuetudo

1869 2996 2161 3066 aequalium
2216 2998 2309 3060 sit,
2356 3002 2697 3067 quantopere
2751 2997 2918 3052 vitam
2969 3007 3116 3052 tuam
3157 2996 3452 3052 delectent.

1868 3089 1941 3141 At
1976 3088 2087 3144 illis
2117 3090 2301 3144 omnia
2334 3089 2581 3153 inimica,
2613 3091 2798 3144 omnia
2840 3089 3019 3145 aliena
3054 3099 3233 3145 erant.
3269 3088 3451 3145 Unum

1869 3179 1977 3234 illis
2002 3179 2204 3234 bonum
2224 3181 2528 3249 videbatur,
2551 3182 2837 3250 Christus;
2869 3181 3051 3237 omnia
3068 3182 3454 3253 repudiarunt,

167 3254 269 3346 τὴν
309 3259 625 3331 σωματικὴν
669 3261 885 3327 εὐεξίαν
932 3264 1285 3334 μελετῶντες,
1319 3270 1537 3325 ἐπειδὰν
1575 3273 1765 3345 ἱκανὴν

1871 3283 1931 3328 ιιι
1990 3275 2141 3329 hunc
2187 3276 2596 3332 lueril‘acerent.
2636 3274 2879 3345 Tempus
2930 3282 3049 3331 erat
3102 3274 3453 3330 vinculorum

168 3344 621 3436 ὲνϋπαιδοτρίὸου
665 3350 766 3423 τὴν
816 3352 1044 3428 δύναμιν
1083 3358 1413 3429 κτήσωνται,
1448 3360 1588 3415 οὕτω
1628 3344 1763 3436 0αρ-

168 3434 396 3509 ροὗντες
419 3438 515 3526 ἐπὶ
556 3442 683 3506 τοὺς
724 3443 942 3510 ἀγῶνας
983 3447 1248 3519 χωροῦσιν
1268 3467 1282 3481 ο
1322 3449 1414 3505 τὸν
1444 3452 1606 3507 αὐτὸν
1636 3434 1763 3526 τρό-

167 3544 268 3582 πον
299 3530 397 3583 καὶ
427 3524 573 3586 οὗτοι
600 3532 687 3588 διὰ
725 3536 835 3591 τῶν
864 3537 1082 3609 δεσμῶν
1117 3539 1330 3614 καὶτῆς
1361 3543 1609 3614 φυλακῆς
1642 3524 1762 3599 ἱκα-

164 3618 271 3684 νῶς
299 3622 810 3698 παιδοτρισηθέντες
841 3629 977 3701 πρὸς
1000 3631 1098 3704 τὴν
1136 3633 1435 3703 εὐσέϐειαν,
1467 3637 1639 3702 οὕτως
1670 3639 1764 3693 ἐπὶ

165 3709 257 3804 τὸν
308 3711 570 3781 στέφανον
625 3717 736 3773 τῶν
790 3721 1017 3789 ἀγώνων
1064 3726 1437 3797 προήχθησαν.
1473 3725 1674 3784 Ἦλθεν
1729 3733 1762 3804 ἡ

164 3803 459 3861 ἀκολουθία
502 3806 598 3863 τοὺ⁹
653 3810 812 3881 λόγου
853 3815 947 3868 ἐπὶ
993 3814 1092 3889 τὴν
1144 3819 1421 3893 τελευτὴν,
1460 3824 1660 3893 μᾶλλον

162 3895 258 3949 ὲπὶ
282 3896 385 3968 τὴν
418 3901 661 3988 κορυφὴν
688 3903 812 3958 ὅλου
839 3905 934 3960 τοῦ
973 3908 1414 3981 κατορθώματος.
1443 3907 1611 3978 Οὗτος
1639 3912 1707 3988 ἦν
1734 3919 1764 3971 6

161 3988 383 4061 καιρός·
436 3986 596 4047 αὗται
642 3995 737 4049 τοῦ
778 3998 988 4067 ἀγῶνος
1024 4003 1080 4055 αί
1117 4003 1356 4075 ἡμέραι⁸
1396 4006 1561 4071 τοῦτο¹
1585 3986 1761 4064 τδ-τοῦ

161 4081 361 4152 Πάσχα
388 4084 693 4156 προοίμιον,
723 4088 786 4143 τὸ
810 4090 914 4161 τῆς
943 4093 1103 4162 ἁγίας
1136 4100 1631 4169 τεσσαρακονταδος
1656 4120 1762 4173 μυ-

160 4175 405 4245 στήριον.
459 4176 878 4250 Τεσσαράκοντα
910 4184 1203 4257 ὲξιλασμοῦ
1249 4190 1380 4258 ἡμῖν
1429 4192 1486 4244 αἱ
1531 4193 1762 4265 ἡμέραι,

162 4265 445 4337 ίσάριθμοι
470 4270 566 4324 καὶ
584 4272 693 4326 τῶν
715 4275 884 4343 ἁγίων
909 4277 959 4330 oi
986 4277 1260 4348 στέφανοι.
1281 4275 1363 4335 Ἤ
1385 4299 1487 4337 που
1509 4287 1764 4356 περιττὸς

161 4358 298 4428 ὑμῖν
321 4356 463 4415 εἶναι
486 4362 630 4417 δοκῶ
667 4366 762 4419 καὶ
789 4368 1097 4440 ἀδόλεσχος,
1128 4369 1197 4424 τὰ
1230 4373 1470 4446 ὑμέτερα
1511 4375 1762 4448 θαύματα

158 4449 219 4503 ὲν
249 4449 383 4521 ὑμῖν
409 4452 785 4525 διηγούμενος,
830 4461 925 4514 καὶ
959 4463 1073 4528 τοῖς
1130 4462 1416 4536 ὑμετέροις
1454 4467 1554 4538 τὴν
1591 4468 1761 4540 ἀκοὴν

156 4540 536 4635 δεξιογύξιενοςς
562 4547 710 4619 Πλὴν
739 4549 815 4614 ὡς
844 4553 912 4606 ἂν
941 4555 1015 4628 μὴ
1059 4557 1274 4623 ἀτελεῖς
1302 4560 1448 4631 ὑμᾶς
1482 4563 1773 4635 παραδράι

1871 3366 2014 3420 haud
2047 3367 2329 3438 exiguum,
2369 3378 2423 3424 et
2450 3384 2563 3439 quo
2592 3368 2797 3423 diutius
2828 3368 3158 3438 supplicium
3192 3382 3457 3438 proroga-

1869 3458 2052 3521 batur,
2084 3473 2150 3513 co
2176 3459 2353 3514 sancti
2390 3459 2769 3515 vehementius
2800 3465 2857 3512 et
2881 3458 3165 3513 ardentius
3190 3472 3456 3512 consum-

1869 3548 2166 3603 mationem
2214 3549 2623 3604 desiderabant.
2653 3550 2735 3603 Ac
2761 3545 3222 3618 quemadmodum
3250 3546 3327 3601 illi
3357 3547 3455 3615 qui

1869 3641 2120 3713 corporis
2167 3641 2366 3695 bonam
2417 3640 2793 3695 habitudinem
2834 3645 3050 3704 curant,
3089 3644 3453 3707 posteaquam

1870 3734 2013 3805 apud
2062 3733 2417 3804 paedotribam
2450 3734 2585 3789 satis
2627 3732 2826 3787 virium
2864 3729 3299 3800 acquisiveruut,
3336 3735 3451 3783 tum

1869 3827 2087 3882 demum
2130 3826 2393 3882 audacter
2421 3826 2486 3881 ad
2531 3825 2833 3881 certamina
2872 3823 3219 3894 procedunt:
3257 3822 3449 3878 eodem

1869 3922 2037 3976 modo
2062 3920 2229 3973 etiam
2263 3918 2316 3972 lii
2350 3917 2586 3973 vinculis
2611 3925 2667 3971 et
2683 3932 2909 3972 carcere
2935 3918 3070 3971 satis
3092 3915 3158 3969 ad
3194 3915 3454 3985 pietatem

1868 4013 2175 4076 exercitati,
2210 4011 2283 4066 ita
2310 4010 2530 4065 tandem
2557 4009 2623 4063 ad
2649 4022 2909 4064 coronam
2937 4006 3303 4063 certaminum
3327 4021 3447 4075 pro-

1868 4102 2020 4157 ducti
2051 4110 2202 4159 sunt.
2239 4100 2496 4158 Pervenit
2522 4101 2588 4155 ad
2614 4101 2844 4164 exitum,
2878 4099 2989 4153 imo
3024 4112 3153 4153 vero
3183 4097 3250 4151 ad
3286 4097 3453 4151 verti-

1869 4206 1987 4248 cem
2045 4193 2215 4248 totius
2262 4192 2344 4248 rei
2394 4192 2533 4247 bene
2565 4200 2733 4261 gestae
2778 4189 3122 4246 continuatio
3159 4188 3451 4241 orationis.

1870 4280 1985 4337 Hoc
2017 4289 2136 4338 erat
2169 4289 2424 4352 tempus:
2458 4281 2513 4335 lii
2542 4280 2863 4336 certaminis
2888 4279 3045 4335 dies:
3081 4278 3185 4333 hoc
3225 4278 3457 4333 Paschm

1868 4373 2222 4443 precantium,
2303 4380 2511 4427 sanctae
2588 4370 3025 4442 quadragesimae
3103 4368 3450 4440 mysterium.

1869 4463 2244 4534 Quadraginta
2289 4461 2620 4532 placationis
2670 4460 2834 4516 nobis
2863 4466 2993 4515 sunt
3038 4458 3177 4523 dies,
3223 4457 3449 4512 totidem

1868 4557 2034 4611 etiam
2093 4559 2411 4609 sanctorum
2465 4564 2713 4605 coronae.
2746 4547 3023 4617 Nunquid
3074 4561 3450 4615 supervacuus

162 4648 256 4701 μοι
289 4634 320 4687 6
345 4633 523 4704 λόγος,
556 4636 694 4709 πρὸς
719 4638 781 4693 τὸ
821 4641 995 4711 πέρας
1025 4644 1135 4699 τῶν
1173 4646 1401 4715 ἀγώνων
1440 4650 1555 4713 τοῖς
1588 4633 1764 4719 ἁγίοις

1871 4647 2022 4703 vobis
2049 4653 2104 4701 et
2142 4650 2378 4714 nugator
2419 4658 2543 4700 esse
2568 4641 2782 4706 videor,
2816 4640 2912 4710 qui
2932 4646 3128 4719 “vestra
3180 4639 3326 4695 inter
3353 4654 3449 4694 vos

159 4725 258 4780 καὶ
287 4727 453 4798 ἡμεῖς
483 4730 959 4804 συνδραμούμεθα.
986 4737 1215 4809 Κρυμὸς
1241 4734 1310 4810 ἦν
1337 4741 1477 4794 κατά
1502 4741 1600 4814 τὴν
1630 4743 1767 4814 ἡμέ-

162 4831 267 4887 ραν
303 4818 538 4891 ὲκείνην.
580 4822 807 4889 Πάντως
846 4825 903 4879 δὲ
934 4826 1090 4881 οὐδὲν
1136 4828 1218 4883 δεῖ
1262 4831 1452 4901 μαθεῖν
1477 4833 1622 4903 ὑμᾶς
1654 4830 1766 4899 οἷος

160 4908 189 4959 6
222 4909 458 4981 κρυμὸς,
490 4913 557 4966 ἐκ
597 4913 697 4985 τῆς
726 4917 1010 4990 παρούσης
1057 4919 1271 4991 ἡμέρας
1316 4923 1759 4996 στοχαζομένους,

161 4999 378 5091 κρυμὸς
403 5002 495 5056 καί⁵
519 5003 700 5058 αὐτῶν
724 5006 833 5062 τῶν
863 5009 1069 5081 τριχῶν
1095 5010 1461 5085 διαδυόμενος.
1492 5019 1637 5072 Ἵστε
1662 5019 1763 5091 τὴν

161 5090 494 5164 ὑπερϐολὴν,
520 5094 661 5149 οἵτε
695 5097 954 5171 ἐπήλυδες
985 5100 1095 5155 τῶν
1138 5103 1318 5159 τόπων
1363 5108 1456 5162 καὶ
1505 5110 1555 5163 oi
1602 5090 1762 5164 αὐτό·

159 5180 373 5273 χθονες,
395 5184 490 5238 καὶ
509 5186 665 5241 οὐδὲν
682 5188 859 5243 δεῖσθε
888 5190 1031 5264 λόγῳ
1051 5192 1267 5265 μαθεῖν·
1286 5197 1423 5253 ἀλλὰ
1450 5199 1552 5255 κᾶν
1577 5201 1664 5255 ἓτε
1672 5219 1764 5273 ρος

160 5270 308 5362 εἴποι
353 5275 455 5344 τὴν
502 5275 934 5348 θαυματοποιίαν
977 5281 1086 5336 τῶν
1119 5285 1401 5356 ὑμετέρων
1441 5270 1759 5362 χειμώνωνο

161 5360 313 5425 ὅπως
349 5366 587 5436 ποταμοὶ
630 5368 728 5439 μὲν
770 5371 974 5426 ἀένναα
1035 5373 1251 5445 ῥέοντες
1302 5360 1566 5446 ἵστανται,
1613 5384 1763 5438 ἀντι-

163 5455 459 5530 δαινούσης
488 5458 569 5530 τῷ
603 5460 803 5535 ῥείθρῳ
830 5462 934 5534 τῆς
963 5465 1197 5534 πήξεως,
1233 5468 1328 5523 καὶ
1355 5469 1764 5529 ἀπολιθοποιού-

164 5565 265 5645 σης
317 5550 749 5645 τάῗκύματαᾴέὴ
781 5552 839 5645 δε
871 5554 1075 5645 γείτων
1107 5556 1275 5645 λίμνη
1321 5562 1562 5633 σημείων
1597 5566 1759 5621 τινῶν

164 5641 300 5714 πρὸς
317 5642 379 5697 τὸ
401 5642 806 5715 ἐπιγνωσθῆναι
830 5644 992 5719 λίμνη
1016 5641 1156 5703 οὖσα
1174 5652 1515 5722 προσδέεται,
1545 5674 1753 5729 χερσω⁴

231 5825 254 5858 ⁸
292 5823 462 5882 lCor.
494 5840 584 5889 xv,
615 5822 701 5879 55.
784 5824 826 5856 ¹⁰
889 5823 1027 5882 Gen.
1068 5842 1149 5894 Ill,
1186 5829 1238 5884 6.

1862 4738 2127 4794 miracula
2155 4750 2450 4805 exponam,
2485 4733 2800 4803 vestrisque
2844 4716 3007 4786 bonis
3039 4744 3203 4785 aures
3237 4736 3450 4784 vestras

1861 4826 2242 4886 demulceam?
2289 4824 2681 4881 Verumtamen
2713 4837 2783 4879 ne
2814 4819 3132 4892 imperfecta
3165 4833 3264 4872 vos
3312 4833 3453 4888 praci-

1862 4919 2179 4977 tervehatut'
2214 4917 2414 4980 oratio,
2458 4916 2525 4970 ad
2557 4915 2718 4970 (iaetu
2750 4910 3121 4967 certaminum
3148 4922 3273 4964 cum
3318 4922 3448 4962 san-

1860 5013 1965 5067 ctis
1991 5012 2158 5067 etiam
2184 5024 2287 5065 nos
2307 5023 2416 5065 una
2441 5020 2751 5063 curremus.
2773 5002 2970 5074 Frigus
2991 5009 3111 5057 erat
3136 5000 3190 5054 in
3217 4998 3312 5053 illo
3337 4997 3448 5052 die.

1862 5105 2098 5162 Prorsus
2146 5112 2331 5160 autem
2380 5102 2517 5157 nihil
2563 5115 2705 5170 opus
2755 5105 2842 5153 est
2877 5111 2979 5152 vos
3026 5091 3237 5157 doceri,
3289 5091 3448 5161 quale

1861 5195 2036 5268 frigus
2067 5201 2237 5258 esset,
2266 5208 2391 5250 cum
2421 5207 2485 5246 ex
2530 5188 2792 5260 praesenti
2822 5184 2912 5242 die
2946 5183 3323 5253 conjecturam
3370 5181 3447 5235 fa-

1860 5307 1987 5348 cere
2016 5290 2264 5362 possitis,
2296 5288 2470 5357 frigus
2503 5284 2654 5356 quod
2688 5281 2775 5337 vel
2804 5282 2960 5351 ipsos
3000 5277 3143 5348 pilos
3177 5274 3447 5346 pervadit.

1858 5382 2045 5441 Nostis
2072 5383 2297 5438 nimiam
2333 5378 2701 5435 intensionem
2737 5382 2795 5428 et
2828 5370 3182 5442 asperitatem
3209 5374 3322 5422 tam
3356 5366 3446 5420 ad-

1859 5491 2012 5532 venae
2041 5476 2313 5539 locorum,
2348 5485 2515 5541 quam
2561 5467 2869 5538 indigenas:
2899 5477 2965 5517 ac
3007 5460 3150 5515 nihil
3175 5475 3318 5530 opus
3353 5458 3446 5512 ha-

1858 5568 2000 5625 betis
2039 5567 2288 5624 oratione
2311 5562 2520 5626 doceri,
2554 5560 2650 5616 sed
2678 5559 2764 5614 vel
2789 5555 2973 5628 quivis
3000 5553 3144 5609 alius
3170 5564 3447 5622 exponere
3503 5635 3509 5643 ‘

1856 5664 2051 5732 possit,
2087 5674 2248 5731 quam
2304 5654 2550 5712 mirifica:
2578 5650 2722 5724 apud
2766 5665 2866 5705 vos
2919 5648 3131 5702 hiemes
3185 5659 3310 5700 esse
3351 5656 3446 5710 _so-
