3938 6422
509 415 618 473 767
1737 410 1794 467 S.
1835 409 2165 467 GREGORII
2219 408 2507 465 NYSSFﬁI
3650 407 3733 463 τοι

507 540 674 598 lcant,
717 531 1177 604 quemadmodum
1225 533 1608 604 congelatione
1635 533 1845 590 ﬂumini
1891 535 2062 591 adver-

2185 532 2339 587 θεῖσα
2365 529 2455 585 διά
2488 528 2588 599 τῆς
2618 525 2855 597 πήξεως,
2889 524 2973 593 ἐφ’
3011 517 3079 595 ἧς
3116 520 3340 594 σύνηθές
3369 520 3479 575 ἐστι
3510 523 3609 584 τοῖς
3634 522 3733 590 βου-

505 632 680 685 sante,
713 632 767 679 et
796 624 954 694 quasi
984 625 1041 678 in
1068 623 1300 694 lapidem
1327 624 1508 679 undas
1539 624 1792 689 durante,
1824 641 2060 698 perennc

2197 622 2445 695 λομὲνοις
2488 619 2600 674 ἀνω
2636 617 2746 671 τῶν
2795 616 3057 688 κυμάτων
3106 614 3275 684 αὐτῆς
3327 611 3735 676 καθιππάζεσθαι.

503 717 724 786 quidem
766 730 959 771 amnes
1010 715 1182 770 ﬂuere
1240 716 1635 786 supersedeant
1695 724 1861 789 atque
1910 723 2058 777 consi

2196 708 2330 767 Οἶδα
2350 710 2619 773 πολλάκις
2646 706 2743 761 καὶ
2764 708 2830 759 ἐκ
2859 703 3031 776 πυρὸς
3058 702 3200 774 ὕδωρ
3223 704 3334 765 τοῖς
3354 701 3620 771 ἐγχωρίοις
3644 703 3739 753 ἐπι-

503 816 672 863 stant.
715 806 894 861 Lacus
927 821 1058 861 vero
1095 806 1311 861 vicinus
1358 805 1532 876 signis
1572 806 1900 876 quibusdam
1930 810 2058 865 etiat

2195 803 2507 874 νοούμενον,
2539 801 2669 855 ὅταν
2703 816 2756 851 τι
2784 796 2990 869 τρύφος
3021 793 3117 849 τοῦ
3157 792 3344 857 ὓδατος
3379 792 3740 855 ἀποκλάσαντες

502 913 645 968 opus
687 898 873 961 habet.
926 898 1129 969 quibus
1170 898 1326 952 lacus
1371 912 1494 953 esse
1541 906 1901 968 agnoscatur,
1936 916 2057 970 qua:

2194 893 2383 965 ῶσπερ
2409 889 2533 945 τινὰ
2583 886 2781 960 χαλκὸν
2816 886 2850 957 ἢ
2887 883 3103 955 σίδηρον
3143 882 3221 955 τῷ
3253 879 3740 970 πυρίδιατήξαντες,

507 996 652 1042 terra
702 988 911 1042 inculta
953 1002 1051 1056 per
1093 986 1528 1056 congelationem
1566 985 1833 1043 effectus:
1882 969 2062 1059 iniqu

2197 987 2342 1057 ὕδωρ
2389 984 2480 1037 τὸν
2526 981 2674 1035 λίθον
2727 979 3046 1050 ποιήσωσιν.
3092 975 3344 1038 Τοιοῦτος
3385 969 3454 1045 ἦν
3504 975 3532 1027 ὁ
3586 972 3743 1042 καιρὸς

478 1078 600 1146 ‘qul
655 1078 851 1132 volunt
913 1092 1078 1146 super
1106 1077 1286 1131 undas
1332 1076 1454 1146 ejus
1493 1092 1668 1147 equos
1724 1077 1815 1132 alii
1860 1079 1916 1133 in
1954 1079 2033 1133 ali«

2194 1074 2337 1130 κατά
2367 1073 2457 1128 τὸν
2487 1072 2589 1144 τῆς
2625 1069 2905 1142 ἀθλήσεως
2936 1069 3151 1140 χρόνον,
3186 1066 3433 1120 ἐπίτασιν
3469 1063 3559 1118 τοῦ
3602 1062 3743 1116 κακοῦ

506 1169 840 1224 concitando
877 1170 1183 1225 certamina
1215 1169 1426 1224 ludicra
1459 1171 1622 1226 edere
1657 1181 2061 1227 consueverunt

2195 1167 2347 1240 παρά
2405 1166 2565 1236 φύσιν
2636 1164 2702 1216 ἐκ
2765 1160 2992 1233 βορείων
3046 1157 3428 1231 πνευματικῶν
3486 1156 3712 1217 λαϐόντος
3731 1193 3743 1215 ,

505 1259 641 1314 Novi
670 1264 837 1315 etlam
881 1274 1027 1331 sape
1069 1261 1316 1315 locorum
1360 1260 1572 1317 incolas
1614 1278 1681 1317 ex
1730 1262 1841 1334 igni
1889 1278 2060 1332 aquan

2198 1259 2382 1324 καθὼς
2412 1259 2559 1312 ἐστιν
2590 1254 2809 1310 ἀκούειν
2859 1252 2967 1308 τῶν
3012 1252 3379 1322 διηγουμένων
3407 1250 3476 1303 τά
3507 1248 3742 1319 θαύματα.

506 1351 730 1406 solertia
787 1351 1027 1421 quadam
1075 1351 1369 1416 conficere,
1429 1366 1557 1407 cum
1611 1353 1790 1410 frusto
1848 1354 2084 1423 quodam
2124 1352 2279 1424 aqua:
2307 1351 2431 1423 gelu
2468 1354 2746 1403 concretae
2769 1354 3030 1415 tanquam
3057 1358 3167 1397 aere
3205 1340 3440 1413 quodam
3496 1339 3573 1392 vel
3628 1337 3746 1390 ferro

505 1446 751 1502 defracto
777 1454 833 1502 et
878 1446 990 1517 igni
1033 1445 1424 1517 colliquefaeto
1490 1462 1690 1517 aquam
1742 1450 1998 1519 redigunt
2046 1464 2116 1504 ex
2154 1464 2222 1505 eo
2279 1445 2430 1518 quod
2475 1444 2529 1499 in
2576 1441 2814 1513 lapidem
2856 1439 3014 1509 quasi
3043 1436 3300 1492 duratum
3355 1442 3461 1490 est.
3491 1434 3538 1488 Is
3599 1439 3744 1487 status

506 1544 769 1613 temporis
802 1552 939 1609 erat,
971 1558 1082 1612 quo
1111 1551 1357 1612 tempore
1387 1549 1664 1599 certamen
1703 1545 2085 1616 peragebatur,
2125 1543 2272 1599 malo
2302 1549 2500 1613 praeter
2523 1545 2778 1593 naturam
2844 1533 3065 1588 ﬂatibus
3114 1529 3424 1586 borealibus
3483 1527 3747 1582 incremen-

508 1642 620 1687 tum
654 1641 855 1687 nacto:
895 1633 1355 1704 quemadmodum
1389 1636 1580 1692 audire
1613 1637 1740 1693 licet
1768 1638 1927 1693 exiis
1962 1639 2054 1707 qui
2092 1635 2363 1691 miracula
2394 1638 2697 1703 exponunt.

576 1723 945 1795 Posteaquam
992 1725 1162 1796 igitur
1214 1728 1363 1783 clare
1400 1742 1602 1783 nomen
1632 1729 1836 1785 Christi
1869 1729 2086 1801 publice

2206 1724 2426 1797 Ἐπειδὴ
2471 1723 2653 1778 τοίνυν
2702 1716 2973 1792 λαμπρῶς
3009 1715 3070 1770 τὸ
3116 1714 3285 1784 δνομα
3321 1710 3416 1764 τοῦ
3459 1709 3647 1801 Κυρίου
3670 1709 3747 1801 (ir..-

508 1816 910 1885 przedicassent
942 1857 958 1883 ,
1008 1826 1064 1872 et
1110 1832 1208 1888 per
1247 1819 1518 1889 ejusmodi
1582 1821 1914 1891 praeconium
1970 1836 2060 1876 ses

2204 1816 2368 1890 μοσίᾳ
2389 1795 2745 1885 κηρύξαντες,
2787 1808 2882 1863 καὶ
2919 1807 3018 1880 ήδη
3071 1801 3395 1872 στεφανίτας
3441 1798 3650 1891 ἑαυτοὺς
3680 1795 3750 1891 διὰ

506 1922 623 1976 jam
680 1907 967 1978 (victoria:
1018 1909 1284 1981 nomine)
1314 1920 1609 1967 coronatos
1642 1927 1764 1968 esse
1818 1911 2061 1969 declaras

2198 1888 2299 1979 τῆς
2323 1908 2578 1976 τοιαύτης
2601 1903 2953 1975 ἀναρρήσεως
2981 1897 3274 1964 δείξαντες,
3305 1891 3542 1964 ἐχώρουν
3569 1889 3651 1942 ἐειιί⁵
3670 1888 3748 1981 τήν

510 2005 673 2058 sent,
707 2006 760 2051 et
810 1998 1101 2054 tenderent
1156 2000 1224 2055 ad
1262 2004 1460 2059 mortis
1510 2005 2044 2059 consummationem

2199 1977 2286 2054 διά
2324 1996 2418 2051 τοῦ
2465 1996 2694 2051 θανάτου
2735 1992 3035 2052 τελείωσιν,
3079 1983 3235 2050 οὗτος
3289 1985 3474 2046 αὐτοῖς
3520 1977 3746 2048 ἐπενοήθη

509 2088 600 2142 hic
639 2089 835 2145 modus
867 2092 1191 2148 certaminis
1233 2093 1315 2150 eis
1343 2095 1691 2165 excogitatus
1721 2102 1827 2150 est.
1861 2095 2064 2167 Impera

2198 2089 2299 2161 τῆς
2328 2087 2608 2158 ἀθλήσεως
2640 2087 2670 2138 ὁ
2698 2084 2926 2156 τρόπος*
2965 2079 3298 2151 Πρόσταγμα
3327 2074 3530 2167 γίνεται
3563 2069 3647 2167 τού
3674 2085 3748 2167 τυ-

510 2188 781 2252 tyrannus
804 2192 861 2237 ut
884 2184 1006 2253 gelu
1029 2183 1243 2239 athletae
1266 2163 1568 2241 excruciati
1588 2163 2065 2260 exstingtterentur

2204 2182 2415 2255 ράννου,
2443 2176 2641 2249 κρυμῷ
2677 2176 2804 2238 τοὺς
2843 2171 3081 2243 ἀθλητὰς
3125 2164 3556 2239 τιμωρήσασθαι.
3586 2163 3748 2260 fili;

510 2270 557 2325 0
612 2271 986 2327 infirmitatem
1032 2275 1319 2329 verborum
1345 2284 1395 2332 et
1440 2278 1880 2332 sententiarum!
1916 2294 2060 2349 quan

2200 2271 2481 2335 ἀσθενείας
2509 2271 2603 2325 καὶ
2621 2268 2731 2323 τῶν
2757 2267 3016 2341 ῥημάτων
3039 2264 3133 2317 καί
3158 2260 3268 2315 τῶν
3288 2256 3599 2330 νοημάτωγί
3619 2255 3748 2308 Ὀσον

511 2373 628 2416 tum
657 2362 810 2417 abest
840 2378 869 2415 a
902 2364 1168 2434 dignitate
1190 2368 1403 2421 oratio!
1436 2367 1719 2423 Sententia
1751 2371 1944 2425 mortis
1976 2385 2063 2441 po)

2201 2364 2551 2420 ἀπολείπεται
2581 2361 2679 2431 τῆς
2707 2360 2863 2427 ἀξίας
2885 2359 2913 2410 ὁ
2940 2357 3133 2425 λόγοςί
3168 2354 3412 2408 Θανάτου
3444 2351 3745 2441 πρόσταγμα,

510 2466 640 2505 nam
673 2452 923 2523 irrogans
959 2462 1013 2508 et
1038 2456 1158 2525 gelu
1185 2496 1199 2520 ,
1232 2464 1286 2512 ct
1325 2459 1676 2528 supplicium,
1709 2469 1762 2514 et
1813 2472 2065 2530 exspecta

2203 2460 2297 2511 καὶ
2334 2454 2562 2527 κρυμὸς,
2592 2452 2687 2507 καὶ
2726 2450 2986 2523 τιμωρία,
3025 2448 3120 2502 καὶ
3148 2445 3445 2519 προσδοκία
3484 2442 3575 2511 τῆς
3601 2438 3749 2494 τοιαύ-

514 2546 594 2599 ιίο
627 2545 755 2599 talis
810 2560 1028 2615 paenae:
1072 2557 1126 2601 et
1164 2548 1323 2603 beata
1373 2550 1637 2619 juventus
1677 2567 1774 2622 per
1825 2553 1996 2607 risum
2041 2568 2069 2605 ο

2201 2567 2298 2620 της
2332 2548 2605 2611 κολάσεως
2626 2562 2639 2577 ·
2682 2545 2829 2614 καίή
2864 2540 3110 2613 μακαρία
3140 2539 3329 2609 νεότης
3374 2539 3432 2591 ἐν
3464 2535 3641 2605 γέλωτι
3678 2530 3750 2584 καὶ

508 2633 698 2703 jocum
746 2642 801 2689 et
835 2636 1163 2692 hilaritatem
1211 2639 1277 2692 ad
1325 2640 1504 2694 locum
1566 2642 1821 2711 supplicii
1862 2651 2059 2697 conten

2203 2642 2391 2711 παιδιᾷ
2424 2640 2519 2693 καὶ
2553 2638 2872 2709 φαιδρότητι
2918 2636 3009 2689 τδν
3051 2634 3148 2704 τῆς
3196 2631 3468 2703 τιμωρίας
3521 2624 3748 2693 κατελάμ-

511 2725 717 2793 debat;
750 2741 949 2781 cursus
980 2736 1099 2782 erat
1132 2730 1463 2784 athletarum
1487 2732 1553 2785 ad
1587 2735 1898 2800 passionem
1925 2751 1939 2800 ;
1973 2748 2066 2788 cur

2205 2734 2332 2786 ϐανε
2359 2731 2548 2785 τόπον·
2575 2731 2775 2800 δρόμος
2821 2722 2889 2799 ἦν
2934 2722 3181 2795 ἀθλητῶν
3214 2722 3308 2774 ἐπὶ
3343 2721 3403 2775 τὸ
3436 2718 3621 2781 πάθος,
3651 2713 3743 2785 δρό-

510 2833 610 2872 sus
638 2825 692 2874 et
719 2832 878 2874 sacer
924 2828 979 2875 et
1019 2820 1305 2887 incitatus,
1336 2830 1392 2876 et
1435 2826 1716 2878 contentio
1747 2824 2065 2895 pimripiend

2214 2843 2311 2897 μος
2340 2824 2484 2895 ἱερός
2527 2839 2587 2875 τε
2635 2821 2731 2875 καί
2765 2819 3017 2881 σύντονος
3035 2834 3050 2850 ο
3079 2816 3173 2869 καὶ
3211 2812 3507 2884 φιλονεικία
3533 2808 3616 2862 τοῦ
3642 2823 3751 2897 προ-

510 2924 774 2965 coronam
812 2909 1226 2967 confessionis:
1284 2929 1382 2987 par
1410 2915 1492 2969 eis
1518 2894 1761 2970 studium
1808 2916 1874 2970 ad
1912 2894 2065 2970 ivicto

2204 2894 2449 2987 αρπάσαι
2477 2913 2576 2984 τῆς
2607 2911 2894 2983 ὁμολογίας
2940 2909 3030 2962 τὸν
3076 2906 3338 2975 στέφανον
3357 2921 3373 2936 ·
3406 2903 3493 2973 ἴση
3534 2900 3651 2969 πρὸς
3676 2894 3751 2966 τὴν

512 3000 652 3054 riam
683 3009 824 3068 erat,
873 3016 1037 3055 nemo
1092 3002 1262 3080 animi
1334 2984 1767 3074 promptitudine
1824 3006 2067 3076 posterio

2205 2984 2361 3079 νίκην
2393 3003 2460 3077 ἦν
2494 3006 2676 3068 αὐτοῖς
2713 3006 2747 3075 ή
2798 3000 3029 3072 σπουδή·
3071 2998 3247 3061 οὐδεὶς
3278 2995 3506 3067 ὕστερος
3534 2990 3668 3061 ῶφθη
3698 2987 3749 3056 τῇ

512 3090 671 3147 visus
707 3098 822 3155 est;
874 3092 969 3147 sed
1006 3092 1344 3147 unanimiter
1398 3096 1641 3150 universi
1686 3096 1789 3151 hoc
1826 3109 2067 3168 occupati

2206 3099 2503 3172 προθυμίᾳ·
2554 3097 2668 3150 ἀλλ’
2705 3091 3046 3166 ὁμοθυμαδὸν
3092 3089 3336 3151 ἀπαντες
3381 3086 3581 3140 τουτονί
3610 3095 3746 3134 κατα-

514 3183 671 3249 loco,
728 3184 964 3254 publicis
1021 3185 1251 3254 perinde
1280 3185 1438 3255 quasi
1496 3186 1708 3242 balneis
1757 3158 2069 3255 vacaret,c

2203 3158 2470 3254 λαϐόντες.
2501 3190 2593 3242 τὸν
2643 3158 2829 3249 τόπον,
2881 3158 3018 3237 ῶσεί
3076 3181 3361 3253 δημοσίοις
3398 3180 3515 3232 τότε
3552 3172 3751 3242 λουτροῖς

513 3275 675 3346 quasi
715 3283 828 3330 tum
862 3275 973 3345 ipsi
1009 3278 1232 3331 lavacro
1282 3292 1513 3346 corpora
1565 3281 1811 3334 curaturi
1842 3289 1896 3335 et
1939 3282 2067 3338 ablu

2203 3284 2551 3356 σχολάζοντα,
2573 3280 2648 3344 ὡς
2675 3280 2767 3332 καὶ
2796 3277 2950 3330 αὐτοὶ
2982 3273 3262 3346 μέλλοντες
3288 3272 3372 3342 τῷ
3398 3267 3596 3340 λουτρῷ
3615 3280 3751 3318 κατα-

516 3366 627 3421 turi
658 3374 882 3429 essent,
927 3367 1072 3422 haud
1105 3375 1434 3422 cunctanter
1469 3368 1780 3423 tunicarum
1838 3371 2071 3425 amictun

2205 3376 2511 3449 φαιδρύνειν
2555 3373 2623 3427 τά
2672 3370 2931 3442 σώματα,
2977 3367 3209 3438 ἐτοίμως
3255 3365 3359 3436 τὴν
3404 3363 3510 3417 τῶν
3556 3357 3754 3449 χιτώνων

513 3456 889 3526 depouebant,
931 3458 1141 3513 dictum
1185 3458 1319 3512 illud
1353 3458 1475 3514 Jobi
1510 3475 1703 3517 omnes
1735 3461 2056 3531 adjicientes

2204 3442 2494 3541 περιδολὴν
2523 3462 2860 3524 ἀπετίθεντο,
2881 3457 2941 3513 τδ
2968 3458 3062 3512 τοῦ
3100 3455 3219 3511 Ἰὼϐ
3243 3455 3448 3517 πάντες
3474 3442 3751 3541 ἐπιφθεγγός

516 3548 662 3603 ΝαιΙί
699 3550 1047 3606 introivimus
1083 3550 1140 3605 in
1174 3551 1476 3616 mundum,
1524 3551 1654 3606 nudi
1694 3551 1762 3606 ad
1801 3568 1924 3607 eum
1952 3594 1966 3617 ,
2006 3568 2071 3624 qu

2208 3536 2386 3632 μενοι,
2411 3557 2494 3610 ὃτι
2522 3554 2722 3626 Γυμνοί
2753 3550 3072 3623 εἰσήλθομεν
3104 3551 3183 3612 εἰς
3207 3547 3304 3600 τὸν
3352 3545 3567 3614 κόσμον,
3593 3536 3752 3632 γυμνοί

517 3647 538 3713 t
571 3643 679 3696 huc
718 3640 860 3711 nos)
890 3642 1203 3697 introduxit
1227 3683 1242 3707 ,
1276 3642 1553 3699 abibimus
1577 3644 1617 3675 ¹¹
1643 3661 1668 3721 ;¹
1696 3644 1832 3699 nihil
1893 3645 2072 3716 impor

2207 3629 2341 3721 πρὸς
2401 3650 2492 3703 τὸν
2559 3645 2921 3715 εἰσαγαγόντα
2988 3639 3444 3709 ἀπελευσόμεθα·
3490 3629 3753 3721 obaerat-

517 3740 759 3793 tavimus
824 3737 881 3791 in
913 3737 1201 3801 mundum,
1239 3752 1305 3791 ne
1338 3745 1632 3807 exportare
1662 3716 1894 3807 quidem
1937 3739 2069 3810 quid

2205 3714 2514 3814 ηνέγκαμεν
2548 3738 2628 3800 εἰς
2656 3714 2748 3788 τδν
2786 3732 3011 3804 κόσμον,
3045 3729 3197 3783 οὐδὲν
3227 3726 3534 3795 ἐξενεγκεῖν
3563 3739 3616 3814 τι
3635 3714 3754 3787 ὀφεί-

518 3843 682 3900 quam
709 3828 972 3882 debemus
999 3829 1042 3858 "
1065 3846 1079 3881 :
1105 3827 1217 3880 imo
1248 3843 1377 3884 vero
1417 3827 1549 3882 nudi
1586 3828 1844 3899 ingressi,
1879 3829 2073 3885 thesau

2204 3810 2372 3903 λομεν
2389 3845 2404 3859 ⁸
2432 3828 2630 3900 μᾶλλον
2656 3826 2713 3880 δὲ
2741 3824 2938 3895 γυμνοί
2968 3818 3323 3882 εἰσελθόντες,
3352 3816 3573 3887 πλήρεις
3597 3810 3756 3903 θησαν

521 3898 710 3976 rorum
740 3935 808 3974 ex
837 3919 979 3973 bona
1014 3918 1364 3974 confessione
1399 3920 1758 3975 collectorum
1816 3922 1960 3991 pleni
2001 3924 2076 3976 ab

2211 3898 2318 3996 ρῶν
2363 3898 2470 3975 τῶν
2517 3922 2581 3973 ἐκ
2626 3918 2728 3988 τῆς
2774 3914 2985 3984 ἀγαθῆς
3027 3909 3317 3982 ὁμολογίας
3369 3898 3750 3971 ἀπελευσόμεθα.

521 4012 745 4068 ibimus.
784 4008 912 4063 Haec
932 4008 1200 4076 dicentes,
1232 4019 1286 4065 et
1319 4009 1590 4080 ejusmodi
1624 4012 1811 4067 verbis
1837 4027 1956 4068 sese
1986 4014 2076 4067 ani

2206 4014 2392 4070 Ταῦτα
2418 4013 2684 4082 λέγοντες,
2716 4009 2810 4062 καὶ
2843 4004 3103 4068 τοιούτοις
3147 4001 3378 4063 ἑαυτοὺς
3415 3999 3588 4066 λόγοις
3613 4005 3752 4059 πεῖραι

520 4112 736 4160 mantes
765 4112 816 4159 et
846 4102 1238 4157 confirmantes
1264 4140 1278 4168 ,
1330 4116 1533 4172 corpus
1597 4101 1787 4174 frigori
1824 4105 2072 4160 constrin

2208 4106 2584 4180 θαρσύνοντες,
2618 4102 2857 4156 ἐδίδοσαν
2887 4101 2954 4169 τῇ
2982 4094 3139 4167 πήξει
3180 4094 3241 4147 τὸ
3293 4092 3476 4164 σῶμα·
3512 4088 3651 4156 καίή

521 4194 757 4267 gendum
802 4194 1049 4254 dabant,
1083 4206 1148 4246 ac
1180 4193 1575 4249 elementorum
1618 4173 1837 4265 quidem
1907 4207 2076 4251 natur,

2206 4201 2316 4254 τῶν
2367 4197 2644 4270 στοιχείων
2692 4194 2854 4265 φύσις
2899 4189 3289 4261 κατεκρατείτο
3335 4189 3404 4257 τῇ
3450 4173 3754 4270 πήξει·

530 4265 899 4358 congelationi
931 4284 1326 4342 succumbebat
1356 4301 1370 4338 :
1397 4295 1700 4359 martyrum
1726 4302 1856 4342 vero
1884 4296 2080 4343 natura

2206 4288 2317 4343 τῶν
2344 4265 2637 4360 μαρτύρων
2675 4284 2856 4355 φύσις,
2882 4282 2959 4345 ὡς
3002 4278 3299 4341 ἀδούλωτος
3338 4272 3426 4349 ἦν·
3456 4273 3639 4346 μᾶλλον
3661 4265 3752 4331 KH)

526 4380 685 4448 quasi
709 4380 975 4434 indomita
997 4387 1162 4449 atque
1193 4378 1396 4433 invicta
1429 4386 1569 4445 erat;
1603 4379 1716 4434 imo
1741 4394 1877 4436 vero
1898 4388 2081 4435 natura

2213 4381 2313 4453 μὲν
2351 4380 2514 4450 φύσις
2559 4378 2623 4431 τὸ
2664 4378 2864 4430 οἰκεῖον
2903 4373 3132 4443 ἔπασχε,
3179 4369 3276 4423 καὶ
3306 4368 3379 4421 τά
3405 4362 3611 4434 ἀλγεινά

525 4472 743 4542 quidem
785 4472 861 4535 id,
915 4470 1061 4541 quod
1103 4486 1202 4541 par
1233 4478 1289 4526 et
1317 4479 1747 4528 consentaneum
1775 4481 1892 4529 erat
1916 4515 1931 4539 ,
1956 4476 2073 4531 acci

2208 4451 2426 4546 ἐδέχετο
2445 4492 2458 4506 ·
2504 4476 2539 4545 ἡ
2589 4473 2647 4527 δὲ
2688 4468 3029 4542 μεγαλοφυτα
3065 4467 3170 4521 τῶν
3210 4465 3481 4537 ἀθλητῶν,
3526 4451 3751 4554 xei-1tpr

526 4560 736 4613 debat:
791 4559 994 4630 quippe
1054 4559 1334 4615 cruciatus
1423 4560 1673 4629 capiebat
1714 4579 1728 4615 :
1773 4562 2081 4617 athletarun

2211 4566 2379 4637 αὐτὴν
2415 4566 2515 4636 τήν
2555 4563 2717 4632 φύσιν
2761 4561 3128 4633 διηγωνίζετο.
3176 4558 3242 4610 Ἦ
3291 4556 3391 4628 μὲν
3429 4555 3533 4624 γὰρ
3566 4549 3751 4637 δύναμις

525 4666 659 4706 vero
688 4648 1005 4720 magnitudo
1051 4648 1219 4702 animi
1257 4649 1420 4705 etiam
1480 4650 1742 4708 adversus
1786 4652 1959 4723 ipsam
2006 4669 2076 4707 na

2213 4635 2355 4712 κατά
2388 4635 2582 4727 μικρὸν
2608 4653 2867 4717 διελύετο,
2902 4647 3270 4723 μαραινομένη
3312 4648 3408 4701 καὶ
3438 4635 3749 4727 δαπανωμένςη

526 4752 708 4798 turam
765 4737 1103 4795 decertabat.
1162 4737 1298 4792 Nam
1354 4740 1503 4797 vires
1572 4742 1793 4811 quidem
1857 4747 2081 4815 corporis

2211 4749 2299 4804 διά
2330 4724 2429 4820 τῆς
2456 4724 2706 4819 πήξεως·
2753 4747 2782 4799 ὁ
2816 4743 2873 4797 δὲ
2907 4744 3008 4815 τῆς
3041 4741 3220 4813 ψυχῆς
3239 4740 3412 4802 τόνος,
3453 4734 3637 4807 μείζων
3664 4724 3749 4793 Et"

527 4832 945 4903 constringente
985 4831 1109 4901 gelu
1143 4830 1598 4893 c0ntabescentes
1639 4833 1898 4902 paulatim
1926 4838 2079 4891 solve

2214 4858 2334 4895 νετο
2353 4856 2366 4870 °
2399 4839 2715 4911 ἐμελαίνετο
2747 4838 2846 4909 μὲν
2874 4838 2906 4907 ἡ
2940 4835 3061 4907 ὥρα
3089 4834 3182 4895 τοῦ
3210 4832 3479 4903 σώματος,
3501 4827 3587 4882 καὶ
3610 4820 3750 4911 ἀπήι-

526 4927 728 4981 bantur
747 4932 802 4980 et
834 4923 1338 4986 consumebantur;
1372 4922 1543 4976 animi
1584 4939 1718 4979 vero
1755 4925 1910 4996 vigor
1934 4926 2079 4998 majo

2211 4934 2294 4988 θει
2323 4933 2385 4987 τὸ
2408 4907 2625 4996 κάλλος,
2648 4907 2757 4984 καὶὴ
2775 4928 2836 4983 τὸ
2857 4927 2959 4999 τῆς
2985 4925 3189 4998 σαρκὸς
3213 4923 3443 4995 εὕχρουν
3463 4907 3754 4985 κατεμαραῐν·

526 5019 830 5084 evadebat;
874 5014 1225 5087 nigrescebat
1263 5014 1485 5085 quidem
1526 5016 1697 5071 decor
1735 5020 2007 5088 corporis,
2044 5035 2081 5073 at

2209 5040 2362 5079 νετο·
2410 5023 2682 5096 ἀπέρρεον
2739 5019 3013 5084 δάκτυλοι,
3070 5017 3150 5089 τῷ
3201 5014 3399 5089 κρυμῷ
3451 5010 3565 5068 κατ’
3609 5004 3751 5096 ὀλίγῠῖι

528 5107 884 5181 pulchritudo
931 5105 1346 5167 deﬂoreseebat,
1381 5114 1436 5161 et
1481 5107 1669 5161 carnis
1723 5106 1904 5163 bonus
1956 5109 2079 5163 colo

2210 5090 2685 5186 περικοπτόμενοι,
2716 5111 2851 5183 μέλη
2892 5127 2953 5164 τε
3003 5109 3181 5164 πάντα
3222 5108 3319 5161 καὶ
3364 5100 3669 5173 αἰσθητήρια

528 5200 927 5265 evanescebat;
957 5198 1273 5255 deﬂuebant
1296 5197 1451 5270 digiti
1483 5199 1605 5268 gelu
1638 5199 1904 5269 paulatim
1930 5200 2108 5270 carpti
2210 5180 2407 5278 πικρίᾳ
2434 5180 2530 5259 τού
2572 5180 2773 5277 κρύους
2805 5180 3219 5275 περιεθρύφετο.
3255 5190 3635 5263 Πελιδνουμένη
3660 5180 3749 5278 la."

531 5300 692 5361 atque
733 5290 902 5345 aceisi
934 5329 949 5353 ,
998 5290 1354 5359 membraque
1387 5291 1572 5344 omnia
1612 5306 1677 5345 ac
1724 5306 1991 5347 sensuum
2019 5293 2086 5347 in

2217 5274 2339 5350 κατ’
2367 5274 2546 5364 ὁλίγον
2572 5274 2623 5367 ήὴ
2652 5292 2809 5367 σάρξ,
2841 5292 2935 5348 καί
2979 5290 3246 5345 διοιδοῦσα
3285 5289 3381 5343 καὶ
3416 5274 3747 5367 περιλακιζοιισ

532 5389 836 5438 stramenta
869 5382 1077 5438 saevitia
1109 5382 1332 5453 frigoris
1363 5384 1570 5452 passim
1592 5383 2012 5454 frangebantur,
2045 5401 2087 5439 at

2220 5386 2357 5458 μένη
2386 5389 2500 5451 τοῖς
2571 5363 2777 5457 μέλεσι,
2815 5384 2925 5438 τῶν
2972 5383 3172 5438 ὀστέων
3197 5381 3454 5453 ἀπέρῤεε,
3483 5374 3573 5429 καί
3594 5368 3654 5423 τὰ
3676 5363 3748 5458 τῇς

532 5471 937 5528 dilabebantur.
986 5472 1285 5530 Livescens
1349 5473 1496 5528 enim
1561 5488 1694 5529 caro
1731 5453 2008 5544 paulatim
2055 5492 2086 5533 e

2216 5453 2540 5550 νεκρότητος
2565 5453 2712 5549 πάθη
2743 5479 2800 5531 ἐν
2824 5479 3074 5552 αἰσθήσει
3106 5477 3337 5546 ἐδέχετο.
3363 5468 3469 5523 Καὶ
3492 5463 3648 5523 οὕτως
3670 5453 3745 5552 αἶρ’

535 5562 907 5619 intumescens
945 5579 1069 5619 cum
1116 5566 1265 5620 circa
1323 5565 1568 5621 membra
1628 5564 1996 5633 scinderetur,
2042 5568 2090 5622 al

2215 5544 2331 5635 τοῖς
2354 5544 2497 5627 κατὰ
2529 5544 2723 5644 μικρὸν
2743 5573 2772 5626 ὁ
2800 5544 3028 5637 θάνατος
3053 5544 3253 5642 προῖέυν
3287 5560 3578 5637 ιμηκῦνετο
3603 5544 3749 5644 “ut.”

533 5653 757 5709 ossibus
778 5653 1073 5720 deﬂuebat,
1109 5670 1175 5711 ac
1225 5653 1497 5711 mortiferi
1561 5655 1844 5713 cruciatus
1903 5659 2088 5715 sentiet

2214 5663 2449 5735 ἡμέραις
2498 5638 2978 5738 τέαράτεινόμενος.
3025 5638 3203 5735 Μέχρι
3244 5659 3351 5731 γὰρ
3404 5663 3637 5710 τοσούτου
3668 5638 3748 5707 τῆς

613 5832 654 5863 ⁸⁸
683 5830 784 5884 Job
825 5846 866 5892 ι,
897 5829 984 5884 '21.
1065 5832 1147 5885 "l
1181 5833 1423 5888 Timoth.
1456 5850 1529 5901 vt,
1561 5836 1616 5889 7.
