3938 6426
239 391 343 450 ἩΞῦ

1344 387 1413 444 ΙΝ
1466 383 1975 455 QUADRAGINTA
2013 383 2422 442 MARTYRES.

3411 388 3512 446 770

238 504 542 576 αἰτθήσεως
592 504 774 570 αὐτοῖς
830 503 1194 578 διαρκούσης,
1247 500 1468 576 ἔμειναν
1523 505 1607 573 ἐφ’
1660 496 1727 574 ἦς
1772 500 1832 566 ἐξ

1938 504 2153 557 bantur.
2207 503 2384 574 Atque
2427 501 2501 557 ita
2536 515 2685 557 mors
2733 501 2814 558 eis
2874 502 3135 572 paulatim
3174 514 3241 556 ac
3305 504 3515 557 sensim

241 596 409 666 ἀρχῆς
448 594 755 667 ἐτάχθησαν
793 595 1015 661 τάξεως,
1057 594 1144 648 διὰ
1193 594 1408 649 πάντων
1438 592 1656 662 νικητα“ι
1690 591 1832 644 κατά

238 686 329 738 του
367 683 614 738 ἐναντίου
643 684 938 754 γινόμενοι.
982 683 1140 737 Ἀλλά
1166 684 1249 747 τίς
1282 683 1348 738 ἀν
1383 700 1473 753 μοι
1497 682 1563 736 τὰ
1588 682 1681 734 ἐπὶ
1708 682 1833 734 τού-

240 792 348 839 τοις
377 776 514 847 πρὸς
546 775 705 841 ἀξίαν
733 775 1148 847 έκδιηγήσαιτο;
1183 774 1280 838 Τίς
1329 774 1637 845 ὑπογράψει
1676 773 1832 840 λόγος

239 869 332 940 τὴν
367 870 517 923 θείαν
566 867 780 939 ἐκείνην
820 866 1065 939 πομπὴν,
1098 867 1187 921 ὅτε
1235 865 1304 920 τά
1339 864 1468 934 am
1512 864 1736 935 σώματα
1763 863 1830 917 δι’

244 961 466 1031 ἁμαξῶν
501 961 594 1014 ἐπὶ
627 961 688 1014 τὸ
722 961 834 1033 πῦρ
859 958 1233 1032 ὲπομπεύετο;
1272 957 1395 1021 Πῶς
1427 956 1551 1032 ἀντὶ
1578 954 1672 1008 τοῦ
1702 955 1832 1008 κλα-

240 1053 431 1116 πέντος
479 1052 584 1105 ὑπὸ
636 1051 731 1104 τοῦ
771 1049 1016 1104 διαϐόλου
1063 1046 1390 1118 ἀντεισήχθη
1427 1045 1507 1117 τῷ
1544 1044 1763 1117 ἀριθμῷ
1803 1048 1832 1099 ὁ

237 1143 577 1216 δεσμοφύλαξ
604 1142 708 1196 ὑπὸ
734 1145 833 1214 τῆς
860 1142 1114 1214 χάριτος-ς
1146 1140 1241 1204 Τίς
1274 1156 1363 1211 μοι
1389 1138 1702 1210 διηγήσεται
1731 1137 1830 1208 τὴν

241 1235 454 1306 μητέρα
480 1234 695 1305 ἐκείνην
745 1233 845 1303 τὴν
889 1233 1045 1299 ἀξίαν
1103 1230 1199 1284 τοῦ
1255 1229 1530 1300 μάρτυρος
1579 1228 1761 1300 ῥίζαν,
1795 1229 1829 1298 ἢ

239 1325 669 1394 καταλειφθέντα
708 1324 812 1378 ὑπὸ
857 1322 953 1377 τοῦ
990 1322 1187 1394 δημίου
1232 1321 1324 1374 τὸν
1364 1321 1424 1385 ἐξ
1461 1321 1650 1391 αὐτῆς,
1697 1318 1831 1372 διότι

238 1419 477 1491 ἔμπνους
501 1414 587 1489 ἦν,
616 1418 707 1470 καὶ
738 1416 825 1470 διὰ
854 1414 1010 1469 τοῦτο
1041 1415 1116 1486 μὴ
1147 1412 1523 1484 ἀναληφθέντα
1556 1411 1695 1483 μετά
1722 1412 1836 1465 τῶν

242 1511 419 1567 ἄλλων
450 1510 544 1565 ὲπί
571 1510 670 1582 τὴν
725 1509 965 1581 ἄμαξαν,
1015 1505 1203 1578 ἐπειδὴ
1244 1501 1350 1559 εἶδε
1387 1505 1485 1577 τὴν
1528 1505 1831 1576 φιλανθρω-

240 1602 368 1655 πίαν
417 1598 509 1653 τοῦ
567 1598 761 1669 δημίου
808 1598 902 1651 ἐπὶ
955 1595 1047 1650 τὸν
1103 1596 1352 1668 ἀριστέα,
1384 1594 1485 1664 τὴν
1538 1592 1692 1663 ὓϐριν
1730 1594 1831 1645 οὑκ

235 1695 498 1765 ἤνεγκεν·
539 1691 653 1746 ἀλλ’
688 1694 893 1746 ἐκεῖνον
938 1690 1039 1760 μὲν
1088 1687 1365 1760 ἐλοιδόρει,
1413 1686 1495 1740 ὅτι
1538 1686 1647 1739 τῶν
1701 1702 1829 1741 συν-

238 1784 551 1853 αγωνιστῶν
583 1782 673 1837 τὸν
711 1783 950 1854 ἀθλητὴν
973 1781 1377 1851 ἀπεσχοίνισεν·
1407 1777 1544 1849 αὕτη
1567 1777 1625 1831 δὲ
1653 1793 1831 1847 παραο

1943 595 2305 666 progrediens
2359 594 2805 666 protrahebatur,
2842 595 3021 649 tribus
3057 594 3253 649 diebus
3284 594 3514 650 durans.

1936 684 2072 739 Nam
2108 686 2176 740 ad
2208 686 2260 741 id
2288 701 2466 755 usque
2509 686 2750 756 spatium
2810 699 2976 740 sensu
3011 700 3201 741 eorum
3241 684 3473 739 durante
3499 726 3513 750 ,

1938 788 2265 834 manserunt
2315 778 2371 832 in
2409 793 2476 834 eo
2523 778 2645 832 loco
2689 778 2745 832 in
2783 791 2893 847 quo
2945 778 3016 832 ab
3069 776 3225 832 initio
3261 776 3515 831 collocati

1938 878 2118 937 erant,
2176 885 2277 941 per
2309 871 2492 926 omnia
2561 869 2860 925 adversarii
2911 868 3154 923 victores
3186 869 3507 925 evalentes.

1941 961 2047 1018 Sed
2093 963 2218 1032 quis
2252 961 2500 1025 mihiea,
2543 974 2663 1030 qua:
2713 967 3014 1013 consecuta
3075 968 3203 1014 sunt
3243 998 3257 1022 ,
3306 973 3406 1027 pro
3435 958 3518 1014 di.-

1938 1050 2144 1121 gnitate
2185 1064 2457 1121 exponere
2500 1049 2720 1120 possit?
2755 1048 3013 1114 Quaenam
3060 1049 3238 1103 oratio
3275 1048 3516 1102 divinam

1938 1143 2087 1197 illam
2143 1156 2394 1212 pompam
2427 1141 2701 1197 describet
2734 1155 2860 1194 cum
2910 1147 3101 1193 sancta
3150 1138 3244 1193 illa
3284 1154 3518 1209 corpora

1938 1232 2203 1303 plaustris
2244 1231 2312 1286 ad
2344 1232 2526 1303 ignem
2552 1228 2939 1287 veherentur?
2990 1228 3110 1296 Qua
3161 1229 3379 1284 ratione
3418 1246 3520 1299 pro

1937 1336 2005 1376 eo
2033 1321 2126 1391 qui
2157 1321 2226 1375 ab
2270 1321 2489 1376 diabolo
2518 1320 2825 1377 subductus
2855 1327 2996 1385 erat,
3051 1318 3116 1372 ad
3147 1319 3517 1387 supplendum

1939 1428 2233 1468 numerum
2300 1424 2490 1469 custos
2562 1415 2803 1468 carceris
2860 1427 2890 1465 a
2937 1411 3112 1481 gratia
3167 1411 3519 1466 introductus

1936 1515 1991 1562 et
2016 1506 2240 1575 reliquis
2296 1506 2587 1575 adjunctus
2638 1506 2755 1561 sit?
2794 1504 2928 1571 Quis
2986 1505 3119 1558 mihi
3179 1512 3413 1572 exponet
3451 1505 3520 1557 de

1937 1604 2116 1652 matre
2164 1596 2262 1650 illa
2291 1636 2304 1661 ,
2344 1597 2507 1667 digna
2560 1612 2683 1667 quae
2715 1608 3011 1668 martyrem
3065 1593 3390 1666 produxerit
3432 1610 3523 1646 ra-

1938 1688 2083 1757 dice,
2133 1702 2258 1759 quae
2283 1703 2351 1744 ex
2379 1703 2501 1743 sese
2535 1695 2665 1742 nato
2712 1703 2743 1742 a
2798 1688 3059 1745 carnifice
3104 1687 3294 1743 relicto
3329 1727 3345 1752 ,
3379 1701 3503 1757 pro-

1938 1789 2127 1852 pterea
2152 1779 2298 1851 quod
2318 1780 2484 1835 etiam
2512 1795 2661 1835 nunc
2684 1779 2939 1851 spiraret,
2962 1789 3018 1836 et
3043 1780 3252 1835 idcirco
3275 1794 3397 1834 cum
3414 1793 3520 1833 ca:-

240 1875 413 1928 στᾶσα
448 1872 525 1944 τῷ
567 1873 831 1945 μάρτυρι,
868 1873 968 1944 ήδη
1016 1870 1375 1943 νεναρκηκότι
1421 1870 1517 1924 καὶ
1562 1868 1834 1939 ἀκινήτως

1938 1873 2069 1929 teris
2099 1873 2155 1927 in
2192 1872 2503 1942 plaustrum
2528 1870 2779 1926 sublatus
2818 1887 2929 1925 non
2958 1879 3125 1934 esset,
3170 1879 3228 1924 ut
3248 1870 3385 1925 vidit
3418 1870 3521 1923 hu-

240 1966 345 2021 ὑπὸ
369 1965 470 2035 τῆς
500 1964 713 2036 πήξεως
744 1964 937 2035 ἔχοντι,
968 1965 1060 2017 καὶ
1095 1962 1277 2018 ἰδοῦσα
1318 1961 1511 2034 ψυχρῷ
1550 1962 1644 2015 καὶ
1669 1960 1831 2014 ἀσθε-

238 2060 320 2110 νεῖ
344 2056 424 2125 τῷ
455 2056 693 2129 ἄσθματι
732 2056 1106 2127 συνεχόμενον,
1145 2054 1396 2109 τοσοῦτον
1435 2053 1612 2119 ζῶντα
1650 2052 1830 2124 μόνον,

239 2149 359 2202 ὅσον
383 2149 491 2202 τῶν
519 2146 781 2216 ἀλγεινῶν
808 2146 1250 2214 ὲπαισθάνεσθαι,
1277 2145 1504 2218 ἀμυδρῷ
1532 2144 1626 2199 καὶ
1657 2160 1835 2214 μεμα-

243 2240 496 2312 ρασμένῳ
540 2239 617 2310 τῷ
645 2239 917 2311 βλέμματι
969 2238 1065 2310 τὴν
1119 2239 1331 2311 μητέρα
1373 2236 1566 2292 ἑαυτοῦ
1601 2236 1834 2290 ὑποϐλέ-

242 2347 430 2393 ποντα,
464 2331 634 2401 νεκρᾷ
668 2329 763 2382 καὶ
805 2326 1070 2401 ἀτονούσῃ
1118 2330 1185 2399 τῇ
1240 2327 1385 2399 χειρὶ
1428 2322 1739 2379 διανεύοντά
1773 2340 1836 2376 τε

241 2425 335 2479 καὶ
386 2421 901 2494 παραμυθούμενον,
960 2419 1254 2490 ὑποφέρειν
1314 2418 1574 2488 γενναίως
1627 2433 1837 2489 παρεγι

242 2515 491 2584 γυῶντα;
534 2511 753 2583 Ἐπειδὴ
821 2508 996 2565 ταῦτα
1050 2502 1188 2563 εἶδεν
1255 2509 1288 2579 ή
1354 2509 1569 2580 μήτηρ,
1624 2502 1736 2579 ἆρά
1780 2524 1835 2559 τι

241 2602 410 2657 ἔπαθε
465 2601 763 2673 μητρικόν;
795 2597 944 2673 τΑρα
978 2599 1301 2671 συνεκινήθη
1346 2599 1417 2653 τὰ
1465 2598 1767 2670 σπλάγχνα,
1797 2600 1833 2672 ἢ

240 2695 331 2751 τὸν
380 2693 581 2765 χιτῶνα
630 2692 1051 2766 περιερρήξατο,
1099 2692 1133 2764 ἢ
1182 2690 1479 2762 περιεχύθη
1527 2690 1604 2762 τῷ
1637 2692 1834 2763 τέκνῳ,

241 2785 472 2856 θερμαῖς
514 2786 632 2848 ταῖς
679 2784 907 2847 ὠλέναις
947 2783 1040 2839 τὸν
1086 2784 1373 2855 μαρασμὺν
1428 2783 1835 2851 ὲπιθάλπουσα;

244 2877 484 2945 Ἄπαγε.
507 2876 619 2930 Καὶ
645 2875 708 2929 τὸ
728 2876 900 2928 εἰπεῖν
922 2892 977 2928 τι
1000 2873 1259 2941 τοιοῦτον,
1283 2872 1390 2929 τῶν
1417 2874 1636 2928 ἀτόπων
1667 2874 1836 2930 ἐστίν.

216 2967 459 3032 -Ὄντως
498 2970 563 3022 ἐκ
596 2967 689 3022 τοῦ
741 2967 954 3039 καρποῦ
1004 2967 1065 3020 τὸ
1116 2965 1333 3039 δένδρον
1366 2965 1838 3039 ὲπιγινώσκομεν·

241 3060 303 3112 οὗ
365 3057 592 3112 δύναται
633 3058 847 3130 δένδρον
893 3057 1102 3130 σαπρὸν
1146 3059 1394 3129 καρποὺς
1437 3058 1636 3123 καλοὺς
1684 3059 1843 3131 ποιῆ-

244 3166 356 3202 σαι.

1935 1965 2255 2021 manilatcm
2304 1962 2584 2017 carniﬁcis
2613 1977 2742 2032 erga
2775 1963 2948 2017 virum
2980 1961 3196 2026 fortem,
3231 1969 3521 2016 contume-

1935 2058 2064 2112 liam
2091 2071 2200 2112 non
2236 2055 2397 2110 tulit:
2435 2055 2531 2111 sed
2563 2054 2715 2109 illmn
2749 2054 2969 2125 quidem
3002 2055 3340 2124 increpabat,
3374 2054 3518 2123 quod

1934 2164 1967 2204 a
1997 2147 2469 2204 commilitonibus
2498 2154 2551 2201 et
2587 2147 2814 2216 collegis
2840 2147 3099 2202 athletam
3130 2153 3473 2217 segregasset
3498 2162 3516 2209 ;

1936 2240 2057 2311 ipsa
2089 2254 2216 2295 vero
2262 2238 2489 2309 martyri
2544 2238 2814 2294 assistens
2853 2237 3092 2307 torpenti
3128 2237 3240 2307 jam
3299 2246 3353 2292 et
3406 2252 3520 2307 pra:

1936 2330 2319 2402 congelatione
2347 2329 2640 2393 immobili,
2681 2344 2746 2386 ac
2774 2331 3093 2400 censpicata
3143 2344 3270 2385 eum
3320 2328 3520 2400 frigido

1936 2427 2101 2491 atque
2139 2419 2359 2474 inﬁrmo
2391 2419 2633 2473 anhelitu
2654 2419 2952 2483 coarctari,
3013 2427 3225 2473 tantum
3255 2418 3522 2473 duntaxat

1935 2510 2231 2576 viventem,
2259 2517 2320 2565 ut
2348 2511 2630 2565 cruciatus
2650 2510 2895 2575 sentiret,
2917 2510 3155 2566 obscuro
3202 2524 3269 2565 ac
3309 2511 3519 2581 langui-

1937 2602 2009 2659 do
2044 2603 2241 2658 obtutu
2276 2610 2507 2657 matrem
2556 2617 2709 2659 suam
2747 2604 3104 2673 aspicientem
3128 2644 3146 2669 ,
3179 2610 3431 2659 emortua
3457 2617 3523 2658 ae

1937 2692 2202 2763 languida
2249 2708 2417 2748 manu
2476 2693 2792 2750 innuentem
2821 2703 2877 2750 et
2932 2695 3328 2759 consolantem,
3357 2702 3415 2749 et
3462 2704 3524 2748 ut

1941 2784 2158 2840 fortiter
2184 2784 2353 2841 ferret
2379 2786 2732 2842 hortantem?
2766 2786 2832 2842 Ut
2856 2786 2973 2841 inec
3004 2792 3180 2840 mater
3195 2785 3352 2853 vidit,
3380 2802 3524 2842 nun-

1941 2876 2074 2948 quid
2117 2875 2391 2947 ejusmodi
2430 2877 2676 2947 aliquid,
2731 2878 2893 2948 quale
2939 2877 3213 2934 matribus
3264 2878 3514 2934 accidere

1942 2969 2126 3043 solet,
2179 2967 2442 3023 admisit?
2474 2967 2735 3039 Nunquid
2797 2971 3008 3027 viscera
3057 2974 3179 3043 ejus
3246 2983 3523 3033 commota

1945 3067 2074 3116 sunt
2104 3098 2119 3123 ,
2154 3066 2251 3114 aut
2282 3059 2524 3114 tunicam
2567 3059 2969 3130 circumseidit,
3001 3074 3096 3120 aut
3123 3066 3238 3122 ﬁlio
3285 3069 3525 3124 circum-

1946 3151 2071 3207 fusa
2092 3158 2206 3213 est,
2235 3152 2431 3209 calidis
2460 3153 2610 3209 ulnis
2643 3163 2917 3225 torporem
2945 3173 3013 3213 ac
3040 3158 3404 3217 defectionem
3436 3178 3525 3219 re-

242 3250 442 3303 fovens
473 3252 526 3299 et
555 3242 872 3299 refocillans
896 3243 920 3299 ?
947 3242 1191 3301 Remove
1224 3244 1442 3300 istltmc.
1470 3242 1647 3299 Etiam
1677 3244 1862 3300 dicere
1903 3246 2110 3317 aliquid
2157 3244 2434 3316 ejusmodi
2483 3246 2787 3304 absurdum
2864 3259 2970 3308 est.
3040 3251 3119 3307 Ex
3189 3254 3374 3311 fructu
3445 3272 3526 3313 re-

248 3348 380 3391 vera
411 3334 665 3390 arborem
702 3334 1097 3405 cognoscimus
1130 3348 1143 3386 :
1185 3349 1298 3389 non
1334 3341 1523 3404 potest
1557 3335 1725 3390 arbor
1747 3335 1933 3405 putris
1961 3344 2017 3391 et
2053 3337 2255 3392 vitiosa
2292 3336 2470 3393 bonos
2505 3336 2726 3395 fructus
2755 3340 3084 3410 producere.

327 3426 485 3480 Ἐπεὶ
511 3421 605 3480 οὖν
632 3425 662 3478 ὁ
694 3425 908 3497 καρπὸς
932 3427 1031 3497 τῆς
1061 3426 1364 3497 μαρτυρίας
1396 3425 1581 3491 καλὸς,
1613 3427 1834 3482 ἐπαίνε-

2010 3427 2283 3494 Quoniam
2313 3428 2479 3498 igitur
2509 3428 2725 3485 fructus
2758 3434 3007 3504 martyrii
3027 3436 3206 3493 bonus
3228 3446 3333 3506 est,
3361 3440 3524 3497 lauda

243 3538 337 3575 σον
363 3520 466 3591 τὴν
482 3519 835 3591 ἀριστοτόκον
868 3519 1100 3590 μητέρα,
1132 3519 1232 3589 τὴν
1260 3518 1348 3573 διὰ
1363 3519 1461 3590 τῆς
1484 3520 1833 3588 τεκνογονίας

240 3612 581 3684 σωζομένην,
622 3608 804 3674 καθώς
831 3627 996 3680 φησιν
1023 3612 1052 3664 ό
1092 3610 1429 3673 Ἀπόστολος.
1479 3609 1696 3683 Ἐπειδὴ
1722 3611 1833 3685 γὰρ
1869 3608 1877 3621 “

237 3703 484 3759 τοιοῦτον
528 3703 841 3775 παρέστησε
880 3701 959 3772 τῷ
1000 3701 1120 3773 Θεῷ
1161 3700 1253 3756 τὸν
1284 3703 1515 3776 καρπὸν,
1559 3703 1700 3775 ὑπὲρ
1732 3704 1832 3774 τῇς

237 3798 430 3869 κοινῆς
451 3795 559 3851 τῶν
584 3794 858 3865 γυναικῶν
881 3793 1260 3868 ἀπελογήσατο
1281 3796 1516 3865 φύσεως.
1541 3796 1656 3851 Οὐκ
1678 3795 1830 3867 ἐμὸν,

239 3889 402 3962 φησι,
430 3888 619 3943 τέκνον
651 3886 715 3941 σύ
738 3905 752 3918 ·
777 3887 839 3940 οὐ
865 3887 964 3958 τῆς
991 3887 1133 3958 ἐμῆς
1161 3887 1348 3952 ὠδῖνος
1375 3887 1667 3959 βλάστημα
1697 3905 1711 3919 ’
1740 3888 1832 3942 τὸν

236 3982 379 4037 Θεὸν
403 3978 720 4051 δεξάμενος,
747 3979 888 4033 κατά
907 3978 1041 4033 Θεὸν
1069 3979 1384 4051 ἐγεννήθης.
1422 3980 1654 4045 Ἕλαδες
1677 3978 1832 4045 ἐξου-

239 4073 371 4127 σίαν
406 4070 600 4126 τέκνον
644 4068 781 4124 Θεοῦ
842 4069 1120 4138 γενέσθαι.
1171 4070 1359 4141 Δράμε
1422 4070 1559 4142 πρὸς
1600 4070 1693 4126 τὸν
1742 4071 1834 4125 σὺν

237 4163 472 4236 Πατέρα
496 4202 512 4227 ,
561 4160 637 4233 μὴ
671 4160 1041 4232 καταλειφθῇς
1074 4161 1226 4232 παρὰ
1268 4161 1378 4214 τῶν
1407 4162 1705 4233 ὁμηλίκων,
1759 4162 1833 4234 μὴ

234 4255 500 4327 δεύτερος
533 4254 627 4308 ἐπὶ
654 4252 747 4308 τὸν
777 4251 1041 4321 στέφανον
1074 4251 1263 4326 ἔλθῃς,
1294 4252 1371 4326 μή
1398 4253 1562 4325 ἀτελῆ
1598 4256 1834 4326 ποιήσῃς

238 4344 517 4419 μητρῴαν
562 4344 729 4415 εὐχήν
756 4359 769 4374 ο
801 4343 862 4395 οὐ
901 4342 1164 4413 λυπήσεις
1214 4343 1460 4415 μητέρα,
1510 4344 1835 4414 στεφανίτης

236 4434 344 4487 καὶ
367 4429 596 4503 νικητὴς
634 4431 730 4484 καὶ
764 4431 1167 4502 τροπαιοφόρος
1191 4431 1505 4503 γενόμενος.
1536 4432 1724 4486 Ταῦτα
1752 4433 1835 4487 λέ-

194 4514 205 4522 ’
234 4541 423 4596 γουσα
440 4564 456 4590 ,
489 4524 586 4579 καὶ
604 4523 745 4596 ὑπὲρ
768 4522 867 4594 τὴν
894 4524 1057 4593 φύσιν
1082 4524 1281 4597 ἑαυτὴν
1300 4525 1606 4591 τονὼσασα,
1636 4526 1835 4598 μᾶλλον

234 4619 299 4673 δὲ
333 4616 636 4673 τονωθεῖσα
658 4615 766 4670 ὑπὸ
792 4614 889 4669 τοῦ
920 4615 1259 4688 Πνεύματος,
1294 4617 1434 4690 αὐτὴ
1461 4618 1553 4672 τὸν
1582 4617 1643 4684 ἐξ
1664 4619 1836 4690 αὐτῆς

239 4708 395 4782 μετά
421 4707 530 4763 τῶν
567 4706 772 4763 λοιπῶν
804 4708 899 4763 ἐπὶ
936 4709 1035 4780 τὴν
1075 4708 1292 4781 ἀπήνην
1329 4709 1584 4775 ἀπέθετο,
1626 4711 1837 4782 φαιδρῴ

1934 3520 2160 3589 optimae
2183 3519 2356 3590 prolis
2393 3527 2648 3586 matrem,
2675 3538 2798 3592 qua:
2825 3538 2922 3593 per
2952 3524 3048 3579 ﬁlii
3087 3534 3522 3597 procreationem

1934 3617 2218 3675 servatur,
2271 3619 2332 3665 ut
2395 3611 2578 3682 inquit
2631 3613 3016 3683 Apostolus".
3053 3617 3324 3682 Quoniam
3376 3624 3523 3677 enim

1933 3700 2096 3756 talem
2137 3700 2247 3757 Deo
2286 3701 2526 3757 fructum
2562 3704 2862 3775 produxit,
2914 3722 3259 3765 communem
3308 3710 3524 3769 feminei

1935 3801 2102 3843 sexus
2134 3803 2360 3845 causam
2392 3790 2658 3849 defendit.
2704 3792 2824 3847 Non
2883 3810 3075 3864 meus,
3127 3798 3341 3870 inqttit,
3382 3801 3526 3857 ﬁlius

1933 3892 1994 3934 es
2044 3886 2103 3934 tu
2149 3896 2303 3937 :non
2361 3883 2466 3937 mei
2506 3891 2699 3953 partus
2730 3900 2993 3955 germen:
3041 3891 3299 3961 quoniam
3352 3892 3523 3949 Deum

1934 3972 2225 4042 recepisti,
2258 3973 2562 4031 secundum
2600 3975 2769 4033 Detun
2801 3988 2965 4036 natus
2999 3996 3080 4037 es.
3116 3982 3392 4054 Accepisti
3425 4002 3526 4058 pc-

1934 4070 2189 4120 testatem
2222 4073 2283 4120 ut
2311 4066 2458 4123 ﬁlius
2483 4066 2578 4123 Dei
2612 4070 2731 4124 ﬁas.
2772 4070 2945 4127 Curre
2972 4074 3039 4129 ad
3080 4073 3297 4131 Patrem
3344 4086 3523 4146 tuum,

1936 4169 2007 4209 ne
2052 4156 2384 4226 relinquaris
2413 4158 2481 4212 ab
2509 4158 2620 4213 tuis
2653 4161 2883 4226 coaevls,
2913 4179 2981 4218 ne
3021 4166 3296 4223 secundus
3335 4168 3403 4223 ad
3433 4184 3525 4223 co-

1934 4258 2124 4297 ronam
2158 4246 2365 4311 venias,
2398 4262 2467 4301 ne
2501 4247 2717 4301 irritum
2759 4249 2928 4305 facias
2963 4260 3147 4307 votum
3179 4264 3524 4324 maternum;

1935 4350 2045 4390 non
2081 4334 2342 4402 offendes,
2383 4354 2494 4393 non
2520 4339 2771 4394 molestia
2813 4340 3013 4398 aﬁicies
3050 4354 3307 4411 matrem,
3362 4349 3409 4403 si
3442 4353 3525 4405 vi-

1936 4435 2057 4482 ctor
2092 4439 2412 4491 coronatus,
2450 4431 2497 4486 si
2549 4432 2728 4487 victor
2763 4441 2817 4489 et
2859 4434 3225 4506 triumphator
3260 4441 3524 4497 evaseris.

1937 4518 2063 4575 llaec
2101 4519 2293 4577 dicens
2340 4532 2395 4578 et
2438 4524 2583 4579 ultra
2615 4524 2854 4598 (sexus)
2891 4535 3144 4582 naturam
3190 4544 3313 4587 sese
3355 4533 3527 4588 obﬁr-

1937 4627 2117 4680 muns,
2165 4612 2277 4669 imo
2313 4630 2447 4671 vero
2501 4616 2761 4672 roborata
2803 4634 2833 4673 a
2881 4617 3134 4690 Spiritu,
3180 4621 3299 4694 ipsa
3344 4640 3411 4681 ex
3466 4640 3527 4682 se

1937 4714 2129 4761 natum
2167 4706 2237 4762 ad
2271 4708 2516 4780 reliquos
2561 4709 2618 4765 in
2678 4711 2984 4767 vehiculum
3024 4712 3299 4784 imponit,
3356 4716 3524 4771 alacri

234 4778 327 4873 τῷ
358 4798 638 4873 προσώπῳ
659 4799 755 4854 τοῦ
778 4778 1013 4871 ἀθλητοῦ
1031 4778 1522 4873 προπομπεύουσα.
1551 4778 1714 4857 Τάήδὲ

1943 4798 2099 4853 vultu
2132 4778 2476 4871 prosequens
2496 4816 2562 4857 ac
2594 4801 2876 4860 deducens
2922 4778 3207 4860 athletam.
3232 4778 3365 4872 Qua:
3393 4820 3527 4861 con-

236 4893 468 4957 τούτοις
497 4888 625 4960 aiat;
668 4892 1006 4965 Ἐνήθλησαν
1030 4893 1108 4965 τῷ
1140 4893 1264 4966 ἀέρι
1302 4894 1353 4948 oi
1388 4894 1536 4964 ἅγιοι
1558 4936 1575 4960 ,
1603 4896 1834 4966 ήγίασαν

1938 4899 2124 4948 secuta
2158 4902 2290 4949 sunt
2328 4895 2553 4966 qualia?
2604 4895 2971 4954 Certavernnt
3020 4898 3074 4953 in
3134 4913 3260 4954 aere
3315 4899 3522 4960 sancti.

239 4987 353 5042 καὶ
377 4986 438 5041 τὸ
466 4984 576 5059 πῦρ
599 4988 665 5058 τῇ
701 4984 909 5039 ἑαυτῶν
931 4985 1241 5058 προσθήκῃ,
1276 4984 1375 5058 ὕλη
1402 4989 1470 5058 τῇ
1502 4986 1662 5057 φλοῇ⁸
1689 4988 1834 5056 γενό-

1938 4984 2433 5043 sanetiﬁcaverunt
2472 4989 2640 5044 etiam
2682 4988 2862 5060 ignem
2905 4989 2991 5046 sui
3040 4989 3369 5060 adjecﬁone,
3408 5005 3526 5044 ma-

241 5094 436 5151 μενοι.
476 5079 755 5147 Ἢνεγκαν
786 5076 882 5130 καὶ
913 5077 1006 5131 ἐπὶ
1037 5077 1099 5131 τὸ
1131 5076 1277 5149 ὕδωρ
1311 5077 1412 5149 τὴν
1445 5078 1715 5148 εὐλογίαν.
1744 5079 1834 5133 Διά

1938 5074 2081 5129 teria
2120 5073 2352 5131 flammat
2398 5074 2550 5132 facti.
2588 5075 2859 5132 Tulerunt
2884 5078 3050 5132 etiam
3105 5077 3172 5131 ad
3202 5093 3400 5148 aquam
3427 5079 3525 5133 ιω-

237 5169 481 5223 πάντων
512 5167 817 5239 ἐπληροῦτο
868 5168 937 5222 τά
981 5167 1101 5222 θεῖα
1148 5167 1323 5238 λόγια.
1362 5170 1425 5223 Ol
1460 5172 1611 5238 τρεῖς
1653 5170 1834 5234 παῖδες

1938 5164 2351 5234 nedictionem;
2388 5181 2484 5236 per
2518 5166 2704 5220 omnia
2747 5165 3123 5235 implebantur
3162 5165 3349 5220 divina
3401 5180 3528 5221 ora.-

240 5256 901 5331 συμπαραλαμϐἀνουσιν
932 5259 1015 5323 είς
1038 5258 1138 5331 τὴν
1164 5258 1352 5330 κοινὴν
1389 5258 1715 5330 ὑμνολογίαν
1736 5259 1842 5330 ψύ-

237 5367 355 5425 χος
381 5350 476 5403 καὶ
496 5347 687 5419 καῦμα
706 5362 721 5376 ⁸
744 5346 805 5401 τὸ
825 5347 1015 5418 ψύχος,
1042 5347 1133 5404 διά
1156 5348 1255 5419 τῆς
1276 5345 1494 5419 πήξεως
1509 5364 1523 5379 ·
1549 5348 1611 5402 τὸ
1631 5348 1843 5418 καῦμα,

237 5440 351 5501 διὰ
377 5439 476 5512 τῆς
501 5437 751 5501 καύσεως
770 5453 786 5468 ο
824 5433 948 5492 εἶτα
973 5437 1186 5510 διῆλθον
1210 5438 1302 5497 διὰ
1318 5429 1488 5509 πυρὸς
1508 5438 1605 5491 καὶ
1631 5437 1843 5503 ὓδατος.

254 5527 414 5584 Ἀλλ’
456 5527 718 5596 ἐπιθυμεῖ
747 5524 920 5580 ταῦτα
947 5524 1024 5590 ὡς
1083 5529 1373 5598 γνωσμένα
1404 5522 1846 5600 παραδραμεῖνὸ

237 5620 438 5691 λόγος,
460 5619 556 5672 καὶ
575 5616 706 5686 περί
724 5633 869 5680 τινος
883 5615 991 5670 τῶν
1011 5616 1201 5689 πρώην
1218 5616 1564 5690 ζητουμένων
1590 5618 1647 5675 ὲν
1668 5617 1850 5690 καιρῷ

330 5801 379 5836 ³³
405 5803 422 5859 l
451 5801 597 5858 Tim.
618 5813 680 5864 ιι,
706 5797 794 5853 15.

1945 5257 2090 5310 cula.
2134 5255 2272 5312 Tres
2313 5257 2389 5311 illi
2425 5258 2578 5326 pueri
2623 5255 2690 5310 ad
2747 5270 3095 5311 communem
3149 5255 3371 5310 laudum
3432 5255 3527 5311 de-

1945 5347 2315 5403 cantationem
2345 5363 2452 5403 una
2482 5359 2774 5405 assumunt
2800 5347 2973 5418 frigus
3002 5357 3059 5403 et
3089 5357 3283 5404 wstnm
3313 5366 3327 5402 :
3355 5346 3528 5419 frigus

1946 5452 2046 5507 per
2078 5438 2542 5506 congelationem,
2572 5446 2769 5494 aestum
2811 5454 2909 5509 per
2929 5439 3369 5495 combustionem
3394 5459 3406 5495 :
3431 5442 3529 5496 de-

1947 5528 2077 5583 inde
2105 5529 2445 5585 transierunt
2478 5545 2576 5599 per
2599 5529 2778 5600 ignem
2820 5540 2874 5584 et
2908 5545 3125 5600 aquam.
3162 5530 3361 5587 Verum
3414 5531 3530 5587 hac

1949 5626 2212 5691 tanquam
2236 5629 2365 5677 nota
2389 5620 2713 5692 praetervehi
2743 5622 2895 5695 cupit
2928 5625 3127 5691 oratio,
3155 5640 3219 5680 ac
3248 5624 3315 5681 de
3345 5625 3531 5697 aliqua
