3938 6422
516 413 611 464 77]

1837 406 1898 465 S.
1929 401 2257 461 GREGORII
2295 400 2591 458 NYSSENI

3619 411 3704 468 τῗὲ

511 541 699 583 earnm
736 525 1100 596 qnzcstionum
1125 541 1245 596 quae
1288 540 1460 594 nuper
1495 535 1650 580 mone
1679 532 1827 592 stmt,
1853 540 1997 578 nunc
2027 524 2082 578 in

2189 521 2281 575 νῦν
2311 520 2584 588 ἐξετάσαι·
2625 494 2752 576 ’δτε
2791 521 3059 593 ἐξωρίσθη
3098 520 3193 575 τοῦ
3231 520 3539 593 παραδείσου
3577 527 3602 579 6
3630 526 3706 581 ἀν-

513 628 756 686 tmnpm'e
795 618 1074 673 disserere
1111 627 1278 688 atque
1305 625 1559 672 tractare.
1600 616 1960 685 Posteaquam
1992 617 2088 669 ho-

511 724 602 764 mo
631 709 842 777 ejectus
878 719 1025 764 esset
1061 725 1090 763 a
1121 709 1398 780 paradiso,
1424 708 1636 778 gladius
1665 707 1967 771 flammeus,
1991 709 2086 778 qui

507 808 820 856 verteretur
849 841 864 864 ,
889 801 1202 856 destinatus
1235 807 1291 856 et
1329 799 1629 854 collocatus
1671 806 1756 853 est
1791 798 1858 851 ad
1899 806 2088 854 custo-

508 892 772 948 diendum
812 890 1039 946 aditum.
1082 892 1150 946 Et
1191 905 1358 946 causa
1403 890 1528 945 talis
1594 889 1952 959 providentia:
1995 888 2087 944 Dei

506 988 618 1046 est,
665 996 734 1035 ne
760 981 924 1035 homo
970 981 1295 1051 irrumperet
1336 979 1404 1035 ad
1450 980 1654 1051 lignum
1700 980 1950 1046 vitm,ac
1988 981 2085 1034 de-

512 1079 799 1140 gustaret,
845 1076 901 1124 et
960 1076 1300 1138 permaneret
1353 1069 1701 1125 immortalis.
1761 1067 2088 1125 Meminisns

511 1172 745 1227 prorsus
787 1173 976 1212 eorum
1001 1173 1124 1228 qua:
1159 1157 1389 1228 quaesita
1424 1157 1688 1215 fuerunt:
1717 1160 2087 1216 recordamini

513 1251 667 1314 item,
718 1256 778 1304 ut
823 1264 921 1318 par
959 1257 1083 1316 est,
1130 1251 1294 1304 etiam
1338 1264 1529 1306 eorum
1573 1265 1695 1322 qua:
1732 1265 1764 1306 a
1805 1251 1963 1308 nobis
2018 1251 2085 1306 ad

512 1340 568 1394 id
613 1341 758 1410 quod
804 1341 1154 1410 quaerebatur
1191 1342 1411 1396 inventa
1447 1348 1579 1398 sunt
1628 1357 1644 1398 :
1685 1341 1779 1399 sed
1811 1344 1857 1398 si
1903 1343 2086 1398 omnia

511 1429 583 1484 ab
621 1428 782 1483 initio
822 1427 1005 1484 denuo
1065 1428 1361 1499 persequi,
1404 1435 1684 1500 totamque
1744 1429 1813 1484 de
1872 1428 2087 1498 integro

510 1521 868 1589 quazstionem
921 1527 1160 1576 tractare
1191 1530 1246 1576 et
1307 1521 1583 1592 explicare
1622 1521 1852 1576 velimus
1886 1560 1902 1585 ,
1945 1522 2084 1576 ultra

511 1627 676 1680 quam
719 1625 958 1682 praesens
1000 1611 1142 1665 ratio
1185 1611 1447 1682 temporis
1498 1611 1741 1681 patiatur
1766 1649 1784 1676 ,
1827 1627 1916 1668 res
1955 1626 2084 1681 pro-

513 1700 784 1755 traltetur.
831 1699 911 1754 Ae
949 1699 1182 1770 quaestio
1217 1699 1440 1770 quidem
1485 1699 1602 1756 haec
1650 1707 1896 1755 erat:an
1919 1700 2084 1756 etiam

513 1791 722 1846 sanctis
770 1797 993 1860 propter
1035 1789 1307 1862 gladium,
1350 1791 1444 1860 qui
1483 1790 1754 1858 vertitur,
1793 1791 2085 1862 paradisus

514 1882 838 1937 inacccssus
883 1879 1090 1935 sit?Et
1116 1895 1184 1935 an
1226 1881 1444 1935 athleta:
1485 1880 1740 1951 paradiso
1786 1883 2088 1938 excludan-

511 1973 646 2028 tur?
673 1973 934 2039 anenam
961 1973 1258 2042 promissio
1282 1972 1540 2043 deinceps
1567 1973 1659 2040 sit,
1692 1973 1853 2045 cujus
1909 1989 2090 2045 respe-

507 2073 601 2118 ctu
625 2080 724 2133 pro
753 2065 950 2136 pietate
971 2065 1273 2120 certamina
1295 2066 1640 2136 suscipiunt?
1661 2065 1815 2132 item,
1837 2083 1907 2122 an
1938 2068 2090 2124 dete-

509 2158 656 2212 riore
681 2157 992 2214 conditione
1015 2157 1182 2213 futuri
1205 2158 1507 2228 sint,quam
1533 2157 1694 2219 latro.
1719 2158 1784 2212 ad
1807 2173 1968 2228 quem
1992 2158 2091 2214 llo-

510 2248 696 2304 minus
716 2249 872 2314 dixit,
906 2247 1075 2304 Hodie
1095 2264 1294 2302 mecum
1315 2250 1418 2302 eris
1439 2248 1493 2302 in
1523 2248 1777 2318 paradiso
1802 2249 1881 2302 “1’
1904 2249 2091 2316 Quan-

509 2355 676 2411 quam
712 2355 822 2394 non
879 2348 1074 2410 sponte
1110 2353 1211 2394 sua
1260 2341 1401 2396 latro
1439 2339 1507 2395 ad
1553 2357 1774 2398 crucem
1813 2347 2086 2416 accessit;

512 2432 608 2486 sed
642 2442 992 2504 posteaquam
1045 2449 1214 2504 prope
1269 2434 1500 2490 salutem
1537 2433 1661 2502 fuit,
1702 2437 2090 2496 animadvertit

510 2531 706 2578 acutus
753 2531 808 2579 et
841 2523 1158 2594 ingeniosus
1190 2525 1276 2579 fur
1303 2525 1646 2591 thesaurum,
1677 2536 1733 2583 et
1761 2537 1957 2585 nactus
1995 2545 2089 2586 oc-

509 2615 788 2670 casionem
811 2616 977 2669 vitam
1018 2615 1199 2685 rapuit
1225 2622 1344 2670 arte
1385 2614 1606 2672 furandi
1665 2617 1892 2688 pulchre
1926 2627 2090 2690 atque

508 2707 743 2760 solerter
777 2706 1008 2762 abusus.
1044 2705 1284 2772 Domine,
1317 2717 1575 2764 memento
1607 2711 1728 2774 mei,
1778 2711 1978 2782 inquit,
2033 2714 2088 2768 in

509 2814 666 2866 regno
709 2806 798 2852 tuo
819 2799 884 2851 ¹⁸.
909 2797 1063 2853 Tunc
1093 2799 1181 2854 ille
1213 2800 1435 2870 quidem
1460 2801 1771 2870 paradisum
1803 2806 2092 2873 consequi-

509 2895 637 2940 tur:
673 2886 820 2956 quod
844 2896 1025 2942 autem
1063 2887 1130 2941 ad
1160 2896 1381 2943 sanctos
1412 2891 1626 2954 attinet,
1681 2891 1967 2948 flammeus
1993 2910 2090 2948 en-

509 2976 589 3030 sis
614 2976 818 3030 aditum
861 2977 1179 3047 impeditum
1210 2978 1431 3032 reddit?
1470 2977 1614 3034 Sane
1659 2995 1688 3034 a
1728 2981 1908 3051 seipsa
1944 2999 2091 3052 qna:-

509 3065 618 3120 stio
638 3065 964 3122 solutionem
991 3065 1306 3122 liabet.Nam
1327 3077 1608 3138 propterea
1640 3085 1748 3126 non
1774 3088 1987 3143 semper
2007 3076 2086 3130 in-

511 3152 885 3222 gredientibus
907 3169 972 3209 ex
1002 3155 1233 3212 adverso
1259 3168 1492 3213 Stantem
1520 3159 1758 3229 gladium
1803 3162 2086 3236 Scriptura

510 3244 875 3312 demonstrat,
903 3261 1092 3302 verum
1125 3249 1291 3303 etiam
1323 3249 1460 3305 verti
1513 3251 1666 3323 tingit
1697 3270 1711 3320 ;
1746 3263 1807 3309 ut
1849 3257 2088 3328 indignis

511 3335 736 3404 quidem
802 3335 1070 3394 adversus
1128 3349 1426 3410 appareat:
1459 3343 1640 3414 dignis
1670 3361 1798 3400 vero
1829 3363 2022 3406 versus
2056 3365 2088 3405 a

511 3434 667 3496 tergo
689 3429 941 3494 exsistat,
967 3431 1279 3502 expeditum
1312 3432 1394 3488 eis
1424 3434 1632 3489 aditum
1666 3437 1998 3506 patefaciens
2019 3443 2088 3498 ad

510 3513 716 3579 vitam,
750 3516 895 3572 intra
925 3533 1088 3588 quam
1141 3520 1217 3574 illi
1277 3521 1474 3576 fiducia
1512 3527 1873 3582 certaminum
1931 3530 2087 3587 illaesi

2115 3203 2157 3261 C

511 3602 784 3660 flammam
814 3610 1145 3680 transgressi
1181 3621 1572 3682 penetrarunt:
1633 3632 1740 3687 qua
1794 3620 1958 3675 etiam
1984 3637 2087 3678 nos
2159 3611 2164 3620 ’

511 3695 781 3764 intrepide
812 3709 1067 3770 superata
1087 3740 1102 3765 ,
1146 3702 1288 3756 intra
1319 3704 1636 3773 paradisum
1677 3711 2083 3780 perveniamus,

2191 611 2428 684 θρωπος,
2462 611 2664 683 ἐτάχθη
2711 615 2969 684 φρουρεῖν
3003 612 3102 683 τὴν
3135 612 3334 666 εῐσοδον
3357 613 3565 684 φλογίνη
3601 619 3710 688 ρομ-

2190 703 2324 772 φαία
2362 704 2397 774 ἠ
2432 703 2797 774 στρεφομένη.
2833 703 2945 757 Καὶ
2989 704 3022 774 ὴ
3057 702 3207 756 αίτία
3237 703 3333 772 τῆς
3363 703 3596 774 τοιαύτης
3633 707 3709 761 τοῦ

2188 793 2324 848 Θεοῦ
2357 794 2716 866 προμηθείας,
2749 795 2813 848 τὸ
2841 795 2916 866 μὴ
2947 793 3238 864 παρελθεῖν
3273 794 3364 847 ἐπὶ
3393 794 3451 847 τὸ
3483 795 3573 864 τῆς
3593 795 3712 866 ζωῆς

2189 884 2346 952 ξύλον
2381 885 2474 940 τὸν
2520 885 2828 957 ἄνθρωπον,
2868 885 2964 939 καὶ
3016 884 3287 955 ἅψασθαι,
3339 885 3431 939 καὶ
3479 885 3713 958 διαμεῖναι

2189 977 2480 1032 ἀθάνατον.
2497 977 2810 1047 Μέμνησθε
2843 977 3059 1042 πάντως
3080 977 3188 1031 τῶν
3209 975 3572 1048 έζητημένων·
3601 979 3715 1050 μέμ-

2187 1067 2351 1138 νησθε
2377 1068 2452 1135 δὲ,
2483 1069 2559 1133 ὡς
2587 1069 2735 1133 είκὸς
2767 1069 2862 1123 καὶ
2883 1068 2992 1124 τῶν
3019 1068 3157 1142 πρὸς
3188 1069 3252 1122 τὸ
3273 1067 3584 1141 ζητούμενον
3609 1072 3716 1142 ἡμῖν

2189 1159 2509 1231 εὑρημένων
2529 1176 2545 1192 ·
2577 1159 2693 1214 ἀλλ’
2726 1161 2774 1214 εί
2813 1161 3101 1232 μέλλοιμεν
3149 1161 3311 1216 πάλιν
3342 1161 3434 1215 ἀπ’
3462 1161 3620 1232 ἀρχῆς
3641 1164 3719 1216 61t-

2188 1251 2410 1318 εξιέναι,
2455 1251 2551 1306 καὶ
2577 1251 2696 1306 ὅλον
2721 1251 3108 1323 διαλαμόάνειν
3153 1253 3246 1307 τὸν
3291 1253 3460 1322 λόγον,
3487 1255 3612 1321 ὑπὲρ
3646 1255 3719 1308 τὸν

2188 1343 2430 1414 παρόντα
2469 1343 2622 1398 ἔσται
2688 1345 2880 1414 καιρὸν
2941 1345 2975 1416 ἠ
3019 1344 3347 1414 παράτασις.
3395 1345 3466 1397 Τὸ
3521 1345 3609 1414 μὲν
3643 1342 3718 1397 οὗν

2188 1435 2516 1506 ζητούμενον
2541 1435 2698 1490 τοῦτο
2714 1431 2802 1508 ἦν·
2839 1437 2902 1490 Et
2927 1436 3021 1490 καὶ
3043 1439 3160 1500 τοῖς
3189 1435 3363 1506 ἁγίοις
3393 1435 3578 1499 eam;
3601 1438 3720 1489 ἐστιν

2187 1528 2216 1578 6
2247 1527 2576 1598 παράδεισος
2597 1527 2688 1580 διὰ
2712 1527 2814 1598 τῆς
2836 1528 3214 1600 στρεφομένης
3258 1529 3526 1600 ῥομφαίας
3543 1543 3556 1558 ⁸
3583 1529 3662 1581 καλ⁵
3682 1529 3720 1579 εί

2186 1615 2280 1670 τοῦ
2307 1618 2636 1688 παραδείσου
2660 1619 2711 1672 οί
2740 1618 2973 1689 ἀθληταὶ
2991 1618 3370 1673 ἀποκλείονται
3393 1637 3406 1649 ·
3427 1619 3506 1682 τίς
3525 1620 3556 1688 ἡ
3576 1619 3720 1685 ἐπαγ-

2187 1705 2340 1776 γελία
2365 1707 2549 1762 λοιπὸν
2573 1708 2712 1779 ὑπὲρ
2739 1704 2808 1781 ἧς
2850 1709 3192 1780 ἀναδέχονται
3211 1710 3337 1772 τοὺς
3357 1710 3455 1780 τῆς
3481 1707 3722 1770 εὐσεϐείας

2189 1797 2427 1868 ἀγῶνας,
2457 1800 2553 1854 καὶ
2587 1803 2637 1854 εί
2665 1800 2759 1854 τοῦ
2794 1800 2991 1874 λῃστοῦ
3024 1799 3246 1856 ἔλαττον
3292 1800 3492 1867 ἕξουσι,
3533 1799 3655 1868 πρὸς
3676 1799 3722 1851 δν

2190 1882 2342 1940 εἶπεν
2369 1887 2399 1939 6
2418 1886 2621 1956 Κύριος
2649 1925 2664 1950 ,
2700 1887 2782 1941 ὅτι
2810 1886 3081 1957 Σήμερον
3109 1889 3236 1956 μετ’
3260 1887 3408 1957 ἐμοῦ
3439 1888 3552 1955 ἔσῃ
3575 1887 3636 1940 ὲν
3660 1882 3724 1949 τῷ

2189 1975 2573 2044 παραδείσῳ;
2606 1975 2802 2030 Καίτοι
2857 1993 2921 2046 γε
2963 1977 3060 2048 οὐχ
3101 1977 3365 2040 ἑκουσίως
3397 1978 3426 2031 6
3453 1976 3638 2047 λῄστὴς
3663 1973 3726 2044 τῷ

2191 2065 2406 2136 σταυρῷ
2439 2064 2745 2135 προσῆλθεν
2764 2083 2779 2097 ·
2810 2065 2925 2119 ἀλλ’
2949 2065 3136 2138 ἐπειδὴ
3167 2067 3334 2136 ἐγγὺς
3363 2067 3460 2136 τῆς
3489 2063 3724 2134 σωτηρίας

2189 2155 2424 2225 ἐγένετο,
2453 2151 2592 2210 εἶδεν
2619 2158 2649 2210 6
2671 2156 2798 2225 ὀξὺς
2825 2158 2920 2212 καὶ
2943 2158 3150 2230 εὐφυὴς
3179 2157 3420 2226 κλέπτης
3443 2156 3529 2212 τὸν
3559 2155 3727 2226 θησαν-

2193 2247 2304 2318 ρδν,
2335 2247 2430 2302 καὶ
2454 2247 2726 2320 ἐπιτυχὼν
2761 2247 2955 2321 καιροῦ
2988 2249 3086 2320 τὴν
3122 2249 3266 2318 ζωὴν
3290 2248 3558 2318 ὲλητσατο,
3577 2245 3728 2308 καλῶς

2187 2342 2254 2410 τῇ
2296 2338 2562 2411 κλεπτικῇ
2599 2341 2695 2394 καὶ
2741 2340 3016 2410 εὐστόχως
3057 2340 3536 2412 ἀποχρησάμενος,
3581 2339 3729 2406 Κύριε

2184 2430 2494 2500 μνήσθητί
2504 2449 2643 2501 μου,
2659 2430 2921 2496 είπὼν,ἐν
2932 2429 3004 2498 τῇ
3019 2432 3307 2498 ,ϐασιλείᾳ
3324 2445 3462 2485 σου.
3476 2427 3597 2483 Εῐτα
3612 2430 3730 2480 ἐκεῖ·

2189 2539 2277 2583 νος
2303 2522 2400 2592 μὲν
2415 2521 2658 2586 ἀξιοῦται
2682 2521 2776 2576 τοῦ
2811 2522 3139 2592 παραδείσου
3164 2537 3177 2552 ·
3210 2522 3305 2575 ἐπὶ
3325 2523 3383 2576 δὲ
3402 2521 3507 2575 τῶν
3526 2520 3675 2587 ἁγίων
3701 2521 3728 2590 ἡ

2191 2611 2414 2682 φλογίνη
2451 2611 2693 2683 ῥομφαία
2720 2611 3009 2666 διακωλύει
3045 2613 3144 2683 τὴν
3172 2612 3414 2680 είσοδον;
3439 2608 3514 2665 Ἦ
3532 2609 3724 2664 αὐτόθεν

2190 2701 2306 2772 ἔχει
2349 2701 2449 2773 τὴν
2489 2700 2644 2754 λύσιν
2695 2701 2756 2754 τὸ
2807 2698 3046 2772 ζήτημα.
3082 2701 3181 2755 Διὰ
3211 2700 3373 2754 τοῦτο
3410 2699 3515 2770 γὰρ
3541 2699 3632 2752 ούκ
3659 2696 3730 2749 ἀεὶ

2190 2791 2435 2846 ἑστῶσαν
2467 2791 2882 2864 ἀντιπρόσωπον
2910 2796 3022 2856 τοῖς
3053 2791 3277 2845 είσιοῦσι
3307 2791 3408 2862 τὴν
3441 2786 3728 2862 ῥομφαίανὸ

2189 2883 2346 2954 λόγος
2392 2885 2612 2950 ἔδειξεν,
2650 2885 2786 2938 ἀλλὰ
2821 2886 2916 2938 καὶ
2950 2884 3328 2956 στρεφομένην
3361 2883 3622 2952 ἐποίησεν,
3660 2879 3730 2931 ἵνα

2190 2980 2300 3041 τοῖς
2337 2978 2434 3048 μὲν
2472 2976 2709 3043 ἀναξίοις
2741 2976 2882 3031 κατά
2926 2977 3099 3048 στόμα
3131 2977 3496 3048 προφαίνηται
3522 3019 3534 3036 ,
3566 2975 3666 3035 τοῖς
3686 2969 3730 3022 δὲ

2191 3069 2362 3137 ἀξίοις
2413 3070 2754 3142 στρεφομένη
2805 3069 2947 3124 κατὰ
2981 3069 3150 3124 νώτου
3192 3069 3445 3139 γίνηται,
3494 3065 3730 3119 ἀκώλυτον

2191 3163 2374 3226 αὐτοῖς
2417 3161 2514 3232 τὴν
2557 3161 2761 3215 εἴσοδον
2807 3161 2900 3214 ἐπὶ
2930 3160 3028 3232 τὴν
3070 3160 3214 3230 ζωὴν
3263 3159 3653 3228 ὑπανοίγουσα·
3680 3149 3732 3225 ἧς

2191 3252 2343 3317 ἐντὸς
2383 3255 2581 3306 ἐκεῖνοι
2614 3252 2899 3321 γεγόνασι,
2933 3254 3001 3324 τῇ
3049 3249 3343 3324 παρρησίᾳ
3396 3250 3504 3304 τῶν
3541 3245 3732 3316 ἀγώνων

2190 3343 2419 3407 ἀπαθῶς
2443 3343 2542 3415 τὴν
2573 3343 2746 3412 φλόγα
2773 3344 3110 3414 περάσαντες
3129 3361 3144 3374 ·
3175 3345 3242 3414 ἢν
3271 3343 3372 3398 καὶ
3408 3343 3564 3413 ἡμεῖς
3592 3336 3732 3398 ἀδεῶς

2191 3437 2533 3510 περάσαντες
2557 3479 2574 3506 ,
2613 3436 2706 3491 τοῦ
2751 3436 3082 3508 παραδείσου
3119 3435 3272 3500 ὲντὺς
3333 3433 3633 3505 γενοίμεθα,
3665 3428 3731 3482 διὸ

2192 3533 2292 3603 τῆς
2309 3532 2604 3604 πρεσϐείας
2631 3531 2812 3586 αὐτῶν
2838 3530 3244 3602 δυναμωθέντες
3271 3529 3415 3601 πρὸς
3437 3528 3532 3600 τὴν
3557 3523 3732 3594 ἀγαθὴν

2191 3624 2482 3696 ὁμολογίαν
2505 3624 2601 3678 τοῦ
2630 3624 2834 3696 Κυρίου
2862 3623 3021 3695 ήμῶν
3047 3623 3222 3695 Ἰησοῦ
3242 3624 3285 3675 Χ
3295 3613 3565 3695 ριστοῦ,ᾧ
3590 3615 3732 3690 ἠδόξει

2191 3718 2272 3781 είς
2299 3717 2424 3781 τοὺς
2449 3716 2652 3781 αίῶνας
2676 3719 2784 3771 τῶν
2805 3716 3038 3772 αἰώνων.
3081 3717 3272 3789 Ἀμήν.

513 3801 612 3857 per
636 3788 854 3841 illorum
911 3790 1360 3850 intercessionem
1399 3797 1708 3855 confirmali
1762 3801 1830 3856 ad
1883 3802 2085 3860 bonam
2125 3808 2527 3866 confessionem
2562 3808 2776 3866 Domini
2803 3811 2978 3866 nostri
3026 3809 3154 3868 Jesu
3189 3788 3435 3870 Christi.
3465 3806 3551 3863 cui
3589 3799 3732 3874 gloria

517 3880 571 3932 in
598 3878 796 3932 s:ecnla
828 3881 1170 3939 saeculorum.
1205 3885 1396 3942 Amen.

589 4053 636 4087 “
662 4053 798 4114 an.
837 4074 994 4123 nm,
1028 4061 1117 4115 45.
1196 4061 1239 4093 ¹⁵
1270 4061 1398 4118 ibid.
1432 4064 1521 4119 Η.
