3938 6438
281 355 394 415 773

1401 352 1471 408 ΙΝ
1510 349 2015 420 QUADRAGINTA
2064 349 2467 406 MARTYRES.

3462 352 3563 408 7'."

1569 660 1797 746 ΤΟΥ
1915 657 2294 745 ΑΥΤΟΥ

483 859 728 970 ΕΙΣ
782 856 1173 972 ΤΟΥΣ
1243 859 2460 976 ΤΕΣΣΑΡΑΚΟΝΤΑ
2567 859 3355 979 ΜΑΡΤΥΡΛΣ

1529 1069 1749 1122 ΛΟΓΟΣ
1772 1068 2332 1123 ΕΓΚΩΜΙΑΣΤΙΚΟΣ

1396 1221 1872 1281 ΡΠΘΕἽΣἙΝ
1907 1229 2000 1297 TI)
2035 1226 2502 1296 ΜΑΡΤΥΡΙῼ.

1870 1413 1940 1424 -ι

1666 1563 2212 1654 EJUSDEM

847 1775 995 1888 ΙΝ
1090 1773 2117 1908 QUADRAGINTA
2221 1771 3006 1886 MARTYRES

1552 1991 1817 2049 ORATIO
1861 1991 2317 2049 LAUDATORIA

1378 2147 1604 2206 DICTA
1638 2149 1728 2206 IN
1765 2148 2026 2207 EORUM
2057 2147 2460 2204 MARTYRIO.

1292 2307 1473 2359 Jacobo
1494 2307 1729 2359 Gretsero
1754 2309 1864 2360 Soc.
1908 2309 2030 2360 Jcsu
2054 2308 2228 2358 Theol.
2253 2312 2556 2373 interprete.

1868 2491 1938 2506 -ῃ

352 2615 414 2670 Οἱ
444 2614 546 2687 μὲν
564 2613 785 2669 ὁπλῖται
825 2614 1113 2686 Ῥωμαίων
1132 2615 1274 2671 κατὰ
1300 2616 1466 2688 νόμον
1487 2617 1734 2690 πάτριον,
1767 2617 1859 2673 καὶ

2036 2615 2413 2673 Romanorum
2441 2617 2645 2671 milites
2681 2630 2834 2669 more
2867 2614 3066 2684 patrio,
3089 2623 3144 2669 et
3173 2617 3402 2687 antiqua
3439 2633 3574 2672 con-

283 2707 575 2778 συνήθειαν
601 2705 862 2771 παλαιὰν,
897 2707 964 2778 ἢν
991 2707 1178 2770 παῖδες
1200 2707 1350 2778 παρὰ
1379 2709 1661 2778 προγόνων
1687 2709 1862 2763 διαδεο

281 2796 508 2870 ξάμενοι
525 2838 540 2861 ,
578 2798 672 2851 καὶ
702 2797 862 2869 μέχρι
889 2796 985 2850 τοῦ
1013 2798 1280 2868 παρόντος
1303 2797 1681 2866 φυλάττουσιν,
1708 2800 1767 2851 ἐν
1793 2801 1860 2871 τῇ

281 2891 428 2961 ἀρχῇ
458 2888 552 2944 τοῦ
575 2889 869 2954 ἐνεστῶτος
898 2888 1066 2960 μηνὸς
1089 2888 1188 2958 τὴν
1217 2888 1520 2943 πανοπλίαν
1540 2887 1864 2953 ἐνσκευαζό-

283 2999 441 3053 μενοι
464 3021 480 3047 ,
517 2982 611 3036 καὶ
636 2979 943 3052 χωροῦντες
967 2980 1059 3034 ἐπί
1089 2997 1143 3033 τι
1179 2980 1364 3036 πεδίον
1393 2980 1714 3053 ήπλωμένον
1743 2983 1864 3035 ἱκα-

279 3072 392 3136 νῶς
430 3073 525 3126 καὶ
593 3072 804 3140 ὕπτιον,
843 3073 1080 3145 ἔνθαπερ
1109 3075 1286 3141 ἔξεστι
1317 3076 1413 3130 καὶ⁸
1455 3075 1652 3148 δρόμον
1682 3076 1865 3132 ἵππων

278 3165 542 3228 ἐκτεῖναι,
589 3164 684 3218 καὶ
715 3163 1007 3235 μελετῆσαι
1031 3166 1102 3219 τὰ
1129 3167 1386 3236 τακτικὰ,
1414 3169 1510 3222 καὶ
1557 3169 1740 3223 πᾶσαν
1773 3185 1866 3238 γυο

281 3256 596 3328 μνασθῆναι
635 3257 736 3328 τὴν
767 3257 1013 3312 ἐνόπλιον
1041 3259 1272 3330 ἄσκησιν
1291 3298 1308 3324 ,
1348 3260 1654 3332 ἀνάμνησίν
1678 3278 1739 3314 τε
1767 3258 1864 3314 τοῦ

276 3348 436 3414 ἔτους
463 3349 770 3416 ποιοῦνται,
806 3351 902 3405 καὶ
932 3350 1030 3421 τὴν
1058 3353 1273 3424 ἡμέραν
1306 3353 1576 3424 ἐπίσημον
1616 3353 1861 3423 ἄγουσιν.

291 3440 436 3511 Ἐγὼ
466 3441 524 3496 δὲ
563 3431 784 3514 μνήμην
826 3443 1120 3515 μαρτύρων
1157 3444 1330 3498 τελῶν
1353 3485 1367 3512 ,
1402 3445 1499 3497 καὶ
1545 3444 1752 3516 ταύτην
1795 3448 1861 3518 τῇ

276 3531 584 3604 προτεραίᾳ
617 3533 857 3604 κηρύξας
883 3535 1034 3604 ὑμῖν,
1062 3535 1190 3599 τοὺς
1216 3535 1310 3589 τοῦ
1338 3535 1576 3607 Χριστοῦ
1603 3537 1867 3608 στρατιῶ-

275 3641 379 3688 τας
407 3624 537 3688 τοὺς
559 3630 634 3696 μ’,
654 3625 782 3688 τοὺς
815 3618 996 3682 πᾶσαν
1020 3626 1332 3698 προθυμίαν
1363 3626 1863 3698 ὑπερϐαλομένους,

276 3720 340 3771 ἐν
369 3719 485 3781 τοῖς
524 3715 732 3786 ἀγῶσιν
770 3717 999 3782 ὁπλίσας
1058 3718 1149 3772 διὰ
1189 3718 1289 3789 τῆς
1337 3719 1558 3789 μνήμης
1623 3718 1865 3789 σήμερον

277 3809 634 3880 θαυμαστοὺς
665 3812 778 3873 τοῖς
809 3811 1127 3882 δυναμένοις
1157 3809 1374 3881 βλέπειν
1405 3810 1706 3882 προῖστημι
1726 3827 1739 3840 ·
1773 3809 1865 3864 x6-

276 3919 418 3974 σμον
443 3901 544 3974 τῆς
578 3901 924 3974 Ἑκκλησίας,
949 3904 1044 3957 καὶ
1071 3903 1216 3957 λαῶν
1241 3902 1699 3974 εὐφροσύνην,καὶ
1729 3901 1862 3956 Θεοῦ

1965 2707 2282 2773 suetudine,
2326 2721 2490 2776 quam
2545 2720 2577 2759 a
2612 2705 2918 2774 majoribus
2943 2716 3295 2774 acceperunt,
3315 2715 3368 2761 et
3398 2725 3574 2778 usque

1964 2799 2030 2854 ad
2057 2799 2160 2854 hoc
2188 2806 2402 2868 tempus
2430 2807 2788 2864 conservant,
2829 2798 2986 2852 initio
3039 2799 3300 2854 instantis
3336 2801 3565 2863 mensis,

1965 2893 2137 2947 armis
2166 2892 2340 2946 induti
2371 2893 2439 2947 ad
2469 2906 2724 2961 campum
2757 2891 2895 2946 satis
2923 2892 3145 2961 planum
3167 2898 3224 2946 et
3245 2893 3566 2962 aéqttabiletn

1965 3000 2026 3040 se
2045 2982 2359 3050 conferunt,
2402 2982 2496 3039 ubi
2523 2991 2578 3038 et
2607 2997 2877 3052 equorum
2906 2997 3132 3038 cursum
3163 2985 3481 3051 extendere,
3516 2993 3565 3040 et

1964 3092 2056 3133 res
2114 3077 2381 3132 militares
2445 3075 2746 3140 instruere,
2775 3082 2831 3130 et
2883 3075 3068 3130 omnia
3124 3091 3320 3147 pugnae
3366 3093 3564 3148 genera

1965 3168 2122 3224 obire
2173 3169 2282 3223 illis
2321 3168 2450 3223 licet
2483 3185 2496 3221 :
2530 3167 2692 3222 simul
2723 3167 2887 3222 etiam
2923 3169 3052 3222 anni
3094 3170 3560 3225 commemoratio-

1965 3272 2090 3311 nem
2135 3255 2363 3321 faciunt,
2397 3261 2684 3325 totumque
2715 3255 2868 3310 illutn
2899 3255 3042 3310 diem
3069 3255 3357 3325 splendide
3378 3265 3576 3328 agunt.

1967 3346 2080 3419 Ego
2101 3363 2233 3402 vero
2255 3346 2574 3402 memoriam
2602 3355 2905 3418 martyrum
2937 3347 3247 3414 celebrans,
3271 3365 3434 3418 quant
3467 3366 3580 3420 prt-

1967 3437 2055 3492 die
2080 3437 2244 3492 etiam
2275 3437 2433 3492 vobis
2468 3437 2664 3503 indixi,
2710 3437 3076 3508 quadraginta
3107 3437 3311 3495 Christi
3340 3441 3565 3506 milites,

1967 3527 2116 3582 omni
2170 3528 2339 3582 animi
2405 3528 2695 3583 alacritate
2744 3529 3098 3598 superiores,
3154 3530 3222 3585 ad
3284 3539 3566 3588 certamen

1968 3633 2211 3686 armare,
2255 3625 2312 3674 et
2372 3633 2537 3689 quam
2597 3618 2954 3677 admirabiles
3009 3621 3144 3687 sint,
3205 3638 3301 3692 per
3352 3639 3562 3678 memo-

1969 3709 2106 3764 riam
2143 3709 2212 3765 iis
2243 3714 2336 3780 qui
2383 3725 2614 3768 cernere
2659 3721 2871 3782 queunt
2905 3724 3308 3785 representare
3354 3718 3561 3772 consu-

1969 3802 2071 3867 tui,
2116 3803 2210 3872 qui
2246 3819 2374 3859 vere
2411 3811 2542 3859 sunt
2597 3814 2985 3862 ornamentum
3038 3806 3324 3874 Ecclesiae,
3375 3809 3566 3865 laetitia

1968 3895 2322 3964 populorum,
2350 3905 2403 3951 et
2432 3897 2603 3968 gloria
2653 3896 2768 3966 Dei,
2801 3899 2896 3969 qui
2942 3899 3054 3956 illis
3091 3900 3266 3955 robur
3301 3903 3561 3973 suppedi-

272 3993 436 4061 δόξαν
479 3993 573 4047 τοῦ
610 3993 1014 4065 ἐνισχύσαντος.
1067 3997 1325 4068 Ἀριστον
1368 3995 1426 4048 δὲ
1471 3994 1688 4059 πάντως
1713 4033 1728 4059 ,
1773 3993 1859 4048 καὶ

1969 3986 2124 4041 tavit.
2183 3985 2462 4057 Optimum
2532 3996 2716 4045 autem
2789 3997 2876 4046 est
2940 3999 2994 4046 et
3051 3990 3563 4048 fructuosissimum

271 4086 415 4156 ἄγαν
447 4085 724 4150 λυσιτελὲς
756 4089 871 4152 τοῖς
900 4087 1000 4159 τῆς
1038 4088 1242 4158 ἀρετῆς
1280 4088 1615 4160 διηγήμασι,
1651 4087 1776 4151 τούς
1799 4102 1862 4140 τε

269 4180 431 4244 νέους
478 4178 870 4250 ἐντρέφεσθαι,
922 4180 1018 4233 καὶ
1061 4178 1430 4250 συνακμάζειν
1472 4180 1601 4244 τοὺς
1636 4180 1856 4251 ἄνδρας.

279 4272 352 4324 Ἠ
389 4270 567 4342 ἀκοὴ,
607 4272 772 4343 μέρος
815 4271 1181 4343 καιριώτατόν
1223 4273 1340 4325 ἐστι
1370 4271 1480 4328 τῶν
1528 4271 1860 4343 αἰσθήσεων,

269 4362 498 4434 καὶτῆς
532 4363 707 4433 ὄψεως
749 4365 847 4436 οὐχ
875 4359 1038 4436 ἦττον
1082 4363 1412 4420 διδακτικόν.
1447 4363 1548 4417 Διὰ
1594 4363 1704 4436 γὰρ
1750 4363 1861 4417 τῶν

269 4453 430 4506 ὄντων
457 4454 706 4524 ἐναργῶς
740 4455 1025 4524 ἐπεισάγει
1065 4455 1166 4526 τὴν
1201 4454 1438 4526 μάθησιν
1470 4456 1592 4518 ταῖς
1618 4453 1819 4524 ψυχαῖς
1840 4467 1858 4486 '

273 4542 370 4595 καὶ
396 4543 640 4607 κίνδυνος
667 4545 728 4598 οὐ
773 4545 968 4617 μικρὸς
1005 4546 1146 4600 καλὰ
1171 4547 1479 4618 τυγχάνειν,
1512 4546 1544 4618 ἦ
1581 4546 1763 4616 φαῦλα
1789 4547 1860 4600 τά

269 4634 612 4706 διηγήματα.
638 4633 738 4690 Οἷα
752 4635 861 4707 γὰρ
881 4639 1064 4691 ἐκεῖνα
1080 4639 1316 4708 λέγεται,
1341 4638 1596 4710 τοιαύτην
1619 4639 1860 4708 ἐπάναγ-

269 4743 370 4790 κες
404 4729 518 4791 τοῖς
549 4727 832 4798 λογισμοῖς
863 4730 1164 4799 φαντασίαν
1191 4731 1507 4799 ἐγγίνεσθαι
1533 4747 1544 4759 ·
1571 4730 1752 4786 ἔννοια
1776 4731 1856 4794 δὲ,

268 4819 370 4872 καὶ
400 4817 605 4890 θεωρία
644 4820 738 4872 τοῦ
768 4819 863 4874 νοῦ
890 4821 1150 4893 συνεχὴς,
1194 4825 1274 4886 εἰς
1299 4822 1594 4894 ἐπιθυμίαν
1619 4823 1742 4892 ἄγει
1765 4823 1858 4878 τὸν

267 4908 562 4980 ἄνθρωπον
593 4909 690 4962 τοῦ
726 4913 904 4966 ποιεῖν
931 4911 968 4966 ἃ.
995 4914 1288 4981 λογίζεται.
1312 4914 1403 4967 Διό
1429 4931 1519 4985 μοι
1539 4915 1638 4986 τὴν
1654 4915 1857 4984 ἀκρόα-

269 5017 360 5055 σιν
391 5001 716 5073 γαληνῶσαν
765 5005 859 5058 καὶ
891 5005 1296 5078 άμετεώριστον
1326 5007 1684 5077 εὐτρεπίσατε
1706 5027 1718 5038 ·
1770 5007 1855 5062 ἵνα

265 5093 366 5146 καὶ
396 5095 445 5147 οἱ
480 5095 744 5166 μακάριοι
802 5096 1081 5168 μάρτυρες
1109 5097 1382 5169 τιμηθῶσι
1430 5101 1500 5152 τὰ
1541 5101 1852 5171 πρέποντα,

262 5183 368 5236 καὶ
393 5183 554 5253 ὑμεῖς
578 5183 666 5238 διὰ
690 5185 790 5255 τῆς
824 5185 1044 5257 μνήμης
1068 5185 1391 5257 παιδευθῆτε
1416 5189 1476 5242 τὸ
1501 5188 1722 5250 εὐσεϐὲς
1759 5188 1855 5242 καὶ

262 5274 542 5344 φιλόθεον.

350 5551 506 5621 Ἐμοὶ⁹
529 5551 587 5605 δὲ
612 5551 897 5623 πρόκειται
924 5552 1145 5618 διπλοῦς
1177 5555 1350 5624 ἀγὼν,
1367 5557 1462 5610 καὶ
1480 5556 1597 5621 δέος
1621 5558 1695 5630 μὴ
1721 5559 1854 5613 καθ-

258 5642 478 5714 υϐρίσω
524 5643 626 5715 μὲν
653 5643 755 5716 τὴν
801 5644 1060 5700 ὑπόθεσιν
1105 5649 1174 5719 τῇ
1201 5647 1458 5721 ἀσθενείᾳ
1505 5650 1608 5720 τῆς
1648 5652 1853 5723 ἐξηγήο

255 5753 425 5799 σεως.
479 5737 603 5790 Εἴτε
649 5737 760 5807 γὰρ
805 5737 1074 5807 ἐννοήσειέ
1129 5757 1214 5803 τις
1251 5739 1416 5794 αὑτοῦ
1463 5741 1558 5796 τοῦ
1608 5745 1665 5796 ἐν
1698 5747 1852 5814 χερσὶ

256 5830 592 5902 πράγματος
627 5828 724 5901 τὴν
755 5830 1250 5903 μεγαλοπρέπειαν,
1277 5835 1422 5892 κατὰ
1461 5836 1658 5902 παντὸς
1690 5837 1849 5907 λόγου

1971 4077 2385 4134 narrationibus
2417 4079 2635 4136 virtutis
2664 4088 2721 4135 et
2766 4097 2951 4138 rerum
2983 4083 3561 4155 praeclare—gestarum

1965 4168 2196 4238 juvenes
2245 4169 2530 4236 innutriri,
2578 4179 2633 4226 et
2678 4172 2746 4227 ad
2797 4174 3012 4229 virilem
3065 4182 3282 4229 aetatem
3310 4176 3560 4232 educari.

1968 4257 2103 4314 Nam
2138 4263 2361 4317 auditus
2400 4265 2869 4332 opportunissima
2895 4281 3026 4336 pars
3050 4274 3136 4321 est
3169 4267 3315 4321 inter
3337 4281 3559 4334 sensus,

1968 4365 2073 4406 nec
2121 4352 2304 4408 minus
2354 4353 2418 4406 ad
2461 4353 2793 4409 discendum
2852 4371 3014 4425 quam
3071 4356 3230 4411 visus
3293 4356 3558 4414 confert:

1968 4438 2192 4495 auditus
2226 4443 2370 4496 enim
2404 4441 2710 4497 doctrinam
2755 4444 2813 4499 in
2850 4445 3066 4502 animos
3103 4461 3199 4516 per
3229 4463 3395 4504 aures
3437 4465 3558 4518 per-

1968 4533 2162 4602 spicue
2227 4534 2574 4601 introduxit,
2642 4551 2747 4592 nec
2808 4553 3006 4610 parum
3077 4541 3309 4597 interest
3369 4545 3561 4614 quales

1968 4625 2082 4680 sint
2135 4627 2510 4694 narrationes,
2543 4629 2702 4684 bona:
2747 4644 2818 4684 an
2871 4631 3050 4698 malae,
3096 4633 3283 4702 probae
3333 4650 3400 4688 an
3457 4636 3560 4688 int-

1966 4716 2156 4787 probae
2193 4735 2206 4772 :
2240 4732 2369 4773 nam
2415 4721 2609 4790 quales
2649 4720 2758 4777 illae
2803 4732 2958 4786 sunt,
2981 4724 3143 4781 'tales
3178 4725 3232 4780 in
3267 4726 3559 4795 phantasia

1964 4824 2187 4881 quoque
2233 4811 2502 4883 imagines
2550 4815 2782 4885 produci
2813 4819 3190 4874 necessarium
3243 4827 3328 4874 est
3365 4839 3376 4874 :
3407 4822 3557 4891 cogi-

1966 4903 2101 4958 tatio
2131 4913 2314 4961 autem
2343 4913 2398 4961 et
2445 4910 2711 4963 continua
2747 4911 2949 4966 mentis
2997 4912 3418 4982 contemplatio,
3459 4914 3555 4967 ho-

1965 4996 2170 5053 minem
2215 4997 2493 5054 desiderio
2539 5000 2844 5057 incendunt
2882 5003 2950 5058 ad
3003 5004 3276 5074 agendum
3334 5020 3396 5060 ea
3433 5019 3560 5076 qua?

1963 5089 2300 5161 cogitatione
2344 5091 2734 5162 apprehendit.
2765 5093 3038 5160 Quocirca
3073 5096 3238 5166 cupio
3275 5104 3335 5151 ut
3369 5098 3556 5168 quiete

1963 5191 2018 5235 et.
2069 5181 2280 5253 absque
2333 5182 2567 5253 strepitu
2631 5198 2718 5240 me
2769 5185 3042 5242 dicentem
3093 5188 3350 5257 audiatis,
3398 5199 3457 5244 ut
3501 5198 3555 5246 et

1965 5271 2110 5325 beati
2158 5279 2452 5344 martyres,
2503 5282 2667 5342 prout
2710 5274 2889 5341 decet,
2931 5277 3296 5344 honorentur,
3347 5296 3558 5351 vosque

1882 5377 1922 5435 ο
1957 5377 2056 5433 per
2086 5375 2391 5436 martyrum
2436 5366 2883 5423 recordationem
2934 5368 3002 5425 ad
3049 5371 3308 5440 pietatem
3349 5372 3559 5447 Deique

1960 5455 2172 5510 cultum
2210 5456 2609 5514 informemini.

2032 5564 2114 5621 Me
2146 5580 2279 5622 vero
2325 5566 2531 5638 duplex
2570 5570 2719 5627 lucta
2765 5581 2821 5628 et
2866 5583 3048 5631 metus
3098 5589 3320 5644 manet,
3370 5597 3439 5636 ne
3467 5581 3556 5637 di-

1958 5657 2118 5712 cendi
2163 5659 2433 5717 tenuitate
2469 5674 2854 5735 argumentum
2909 5669 3154 5726 deteram
3194 5674 3354 5731 :sive
3404 5677 3550 5730 cnim
3653 5739 3685 5744 ,η

1956 5750 2082 5820 quis
2125 5753 2227 5816 rei,
2263 5769 2385 5822 qua:
2424 5771 2536 5826 pra)
2578 5760 2839 5818 manibus
2886 5773 3166 5832 versatur,
3217 5769 3546 5840 magnitudi-

1953 5859 2077 5900 nem
2119 5855 2173 5901 et
2220 5847 2564 5918 maiestatem
2607 5856 2945 5927 perpendat,
2997 5874 3064 5914 ea
3114 5867 3264 5917 tanta
3313 5871 3439 5930 est,
3491 5870 3548 5915 ut
